  <div class='ocr_page' id='page_1' title='image "/cluster/home/n/w/nwhite01/storage/ocr_20150623/98/nnc1.0046979697/670.png"; bbox 0 0 4144 6448; ppageno 0'>
   <div class='ocr_carea' id='block_1_1' title="bbox 184 434 313 501">
    <p class='ocr_par' dir='ltr' id='par_1_1' title="bbox 184 434 313 501">
     <span class='ocr_line' id='line_1_1' title="bbox 184 434 313 501; baseline 0.008 -1"><span class='ocrx_word' id='word_1_1' title='bbox 184 434 313 501; x_wconf 76' lang='grc'><strong>1329</strong></span> 
     </span>
    </p>
   </div>
   <div class='ocr_carea' id='block_1_2' title="bbox 1390 437 2239 501">
    <p class='ocr_par' dir='ltr' id='par_1_2' title="bbox 1390 437 2239 501">
     <span class='ocr_line' id='line_1_2' title="bbox 1390 437 2239 501; baseline 0.005 -6"><span class='ocrx_word' id='word_1_2' title='bbox 1390 437 1643 498; x_wconf 77' lang='lat' dir='ltr'><strong>SERMO</strong></span> <span class='ocrx_word' id='word_1_3' title='bbox 1677 439 2239 501; x_wconf 78' lang='lat' dir='ltr'><strong>LAUDATORIUS.</strong></span> 
     </span>
    </p>
   </div>
   <div class='ocr_carea' id='block_1_3' title="bbox 3313 444 3453 515">
    <p class='ocr_par' dir='ltr' id='par_1_3' title="bbox 3313 444 3453 515">
     <span class='ocr_line' id='line_1_3' title="bbox 3313 444 3453 515; baseline 0.057 -8"><span class='ocrx_word' id='word_1_4' title='bbox 3313 444 3453 515; x_wconf 74' lang='lat'><strong>1330</strong></span> 
     </span>
    </p>
   </div>
   <div class='ocr_carea' id='block_1_4' title="bbox 182 545 1784 628">
    <p class='ocr_par' dir='ltr' id='par_1_4' title="bbox 182 545 1768 619">
     <span class='ocr_line' id='line_1_4' title="bbox 182 545 1768 619; baseline 0.002 -20"><span class='ocrx_word' id='word_1_5' title='bbox 182 564 384 603; x_wconf 81' lang='grc' dir='ltr'>πυστον</span> <span class='ocrx_word' id='word_1_6' title='bbox 412 546 606 618; x_wconf 68' lang='grc' dir='ltr'>ὄνομα,</span> <span class='ocrx_word' id='word_1_7' title='bbox 635 548 735 619; x_wconf 80' lang='grc' dir='ltr'>τῆς</span> <span class='ocrx_word' id='word_1_8' title='bbox 764 546 1007 601; x_wconf 80' lang='grc' dir='ltr'><strong>Βιθυνῶν</strong></span> <span class='ocrx_word' id='word_1_9' title='bbox 1037 545 1309 618; x_wconf 72' lang='grc' dir='ltr'>ἐπαρχίας</span> <span class='ocrx_word' id='word_1_10' title='bbox 1354 547 1415 600; x_wconf 84' lang='grc' dir='ltr'>τὸ</span> <span class='ocrx_word' id='word_1_11' title='bbox 1448 548 1768 603; x_wconf 88' lang='grc' dir='ltr'>εὐκλεέστα-</span> 
     </span>
    </p>
   </div>
   <div class='ocr_carea' id='block_1_5' title="bbox 1884 545 3454 628">
    <p class='ocr_par' dir='ltr' id='par_1_5' title="bbox 1884 548 3454 628">
     <span class='ocr_line' id='line_1_5' title="bbox 1884 548 3454 628; baseline 0.006 -25"><span class='ocrx_word' id='word_1_12' title='bbox 1884 551 2028 619; x_wconf 87' lang='lat' dir='ltr'><strong>poles</strong></span> <span class='ocrx_word' id='word_1_13' title='bbox 2076 548 2527 621; x_wconf 82' lang='lat' dir='ltr'><strong>Opinatissimum</strong></span> <span class='ocrx_word' id='word_1_14' title='bbox 2581 569 2799 621; x_wconf 90' lang='lat' dir='ltr'><strong>nomen,</strong></span> <span class='ocrx_word' id='word_1_15' title='bbox 2851 555 3290 627; x_wconf 83' lang='lat' dir='ltr'><strong>Bithyniensium</strong></span> <span class='ocrx_word' id='word_1_16' title='bbox 3326 573 3454 628; x_wconf 84' lang='lat' dir='ltr'><strong>pro-</strong></span> 
     </span>
    </p>
   </div>
   <div class='ocr_carea' id='block_1_6' title="bbox 181 634 1765 707">
    <p class='ocr_par' dir='ltr' id='par_1_6' title="bbox 181 634 1765 707">
     <span class='ocr_line' id='line_1_6' title="bbox 181 634 1765 707; baseline 0.003 -21"><span class='ocrx_word' id='word_1_17' title='bbox 181 652 271 687; x_wconf 81' lang='grc' dir='ltr'><strong>τον</strong></span> <span class='ocrx_word' id='word_1_18' title='bbox 331 634 683 705; x_wconf 74' lang='grc' dir='ltr'>ἀκροθίνιονο</span> <span class='ocrx_word' id='word_1_19' title='bbox 720 638 753 706; x_wconf 88' lang='grc' dir='ltr'>ή</span> <span class='ocrx_word' id='word_1_20' title='bbox 782 637 1049 707; x_wconf 83' lang='grc' dir='ltr'>πρότερον</span> <span class='ocrx_word' id='word_1_21' title='bbox 1110 636 1210 707; x_wconf 84' lang='grc' dir='ltr'>μὲν</span> <span class='ocrx_word' id='word_1_22' title='bbox 1256 638 1380 700; x_wconf 83' lang='grc' dir='ltr'>ταῖς</span> <span class='ocrx_word' id='word_1_23' title='bbox 1432 637 1543 689; x_wconf 85' lang='grc' dir='ltr'><strong>τῶν</strong></span> <span class='ocrx_word' id='word_1_24' title='bbox 1592 638 1765 706; x_wconf 82' lang='grc' dir='ltr'><strong>ἁγίων</strong></span> 
     </span>
    </p>
   </div>
   <div class='ocr_carea' id='block_1_7' title="bbox 180 726 1769 799">
    <p class='ocr_par' dir='ltr' id='par_1_7' title="bbox 180 726 1769 799">
     <span class='ocr_line' id='line_1_7' title="bbox 180 726 1769 799; baseline 0.001 -18"><span class='ocrx_word' id='word_1_25' title='bbox 180 726 558 781; x_wconf 80' lang='grc' dir='ltr'>ὀκτωκαίδεκα</span> <span class='ocrx_word' id='word_1_26' title='bbox 626 727 723 780; x_wconf 71' lang='grc' dir='ltr'>καὶ</span> <span class='ocrx_word' id='word_1_27' title='bbox 772 727 1107 799; x_wconf 73' lang='grc' dir='ltr'><strong>τριακοσίων</strong></span> <span class='ocrx_word' id='word_1_28' title='bbox 1176 726 1452 798; x_wconf 79' lang='grc' dir='ltr'>θεοφόρων</span> <span class='ocrx_word' id='word_1_29' title='bbox 1506 728 1769 798; x_wconf 83' lang='grc' dir='ltr'>Πατέρων</span> 
     </span>
    </p>
   </div>
   <div class='ocr_carea' id='block_1_8' title="bbox 182 820 1769 891">
    <p class='ocr_par' dir='ltr' id='par_1_8' title="bbox 182 820 1769 891">
     <span class='ocr_line' id='line_1_8' title="bbox 182 820 1769 891; baseline 0.001 -19"><span class='ocrx_word' id='word_1_30' title='bbox 182 821 390 889; x_wconf 70' lang='grc' dir='ltr'>ἴχνεσιν</span> <span class='ocrx_word' id='word_1_31' title='bbox 432 820 781 887; x_wconf 82' lang='grc' dir='ltr'>ἀγιασθεῖσα,</span> <span class='ocrx_word' id='word_1_32' title='bbox 832 820 929 874; x_wconf 89' lang='grc' dir='ltr'><strong>νῦν</strong></span> <span class='ocrx_word' id='word_1_33' title='bbox 982 820 1039 873; x_wconf 86' lang='grc' dir='ltr'>δὲ</span> <span class='ocrx_word' id='word_1_34' title='bbox 1080 821 1193 884; x_wconf 87' lang='grc' dir='ltr'>τοῖς</span> <span class='ocrx_word' id='word_1_35' title='bbox 1254 820 1769 891; x_wconf 82' lang='grc' dir='ltr'>τούτωνδιαδὸχοις</span> 
     </span>
    </p>
   </div>
   <div class='ocr_carea' id='block_1_9' title="bbox 181 912 1771 983">
    <p class='ocr_par' dir='ltr' id='par_1_9' title="bbox 181 912 1771 983">
     <span class='ocr_line' id='line_1_9' title="bbox 181 912 1771 983; baseline 0 -18"><span class='ocrx_word' id='word_1_36' title='bbox 181 913 351 983; x_wconf 83' lang='grc' dir='ltr'>τριῶν</span> <span class='ocrx_word' id='word_1_37' title='bbox 396 913 773 967; x_wconf 79' lang='grc' dir='ltr'>ἑκατοντάδων</span> <span class='ocrx_word' id='word_1_38' title='bbox 814 914 912 967; x_wconf 74' lang='grc' dir='ltr'>σὺν</span> <span class='ocrx_word' id='word_1_39' title='bbox 957 915 1121 966; x_wconf 80' lang='grc' dir='ltr'>πέντε</span> <span class='ocrx_word' id='word_1_40' title='bbox 1147 912 1378 966; x_wconf 83' lang='grc' dir='ltr'><strong>δεκάσιν</strong></span> <span class='ocrx_word' id='word_1_41' title='bbox 1403 913 1642 983; x_wconf 78' lang='grc' dir='ltr'>ἀριθμὸν</span> <span class='ocrx_word' id='word_1_42' title='bbox 1677 915 1771 966; x_wconf 78' lang='grc' dir='ltr'><strong>ὲκ-</strong></span> 
     </span>
    </p>
   </div>
   <div class='ocr_carea' id='block_1_10' title="bbox 185 999 1771 1073">
    <p class='ocr_par' dir='ltr' id='par_1_10' title="bbox 185 999 1771 1073">
     <span class='ocr_line' id='line_1_10' title="bbox 185 999 1771 1073; baseline -0.001 -19"><span class='ocrx_word' id='word_1_43' title='bbox 185 1001 521 1073; x_wconf 75' lang='grc' dir='ltr'><strong>πληροῦσιν⁹</strong></span> <span class='ocrx_word' id='word_1_44' title='bbox 554 1000 802 1055; x_wconf 76' lang='grc' dir='ltr'>εὐλασῶν</span> <span class='ocrx_word' id='word_1_45' title='bbox 842 1018 904 1054; x_wconf 90' lang='grc' dir='ltr'><strong>τε</strong></span> <span class='ocrx_word' id='word_1_46' title='bbox 938 999 1189 1072; x_wconf 88' lang='grc' dir='ltr'>μοναχῶν</span> <span class='ocrx_word' id='word_1_47' title='bbox 1239 1000 1343 1053; x_wconf 89' lang='grc' dir='ltr'><strong>οὐκ</strong></span> <span class='ocrx_word' id='word_1_48' title='bbox 1382 999 1771 1070; x_wconf 79' lang='grc' dir='ltr'>εὐαριθμήτων</span> 
     </span>
    </p>
   </div>
   <div class='ocr_carea' id='block_1_11' title="bbox 185 1090 1772 1163">
    <p class='ocr_par' dir='ltr' id='par_1_11' title="bbox 185 1090 1772 1163">
     <span class='ocr_line' id='line_1_11' title="bbox 185 1090 1772 1163; baseline -0.002 -18"><span class='ocrx_word' id='word_1_49' title='bbox 185 1092 407 1163; x_wconf 83' lang='grc' dir='ltr'>πλήθει,</span> <span class='ocrx_word' id='word_1_50' title='bbox 436 1096 560 1157; x_wconf 78' lang='grc' dir='ltr'>ταῖς</span> <span class='ocrx_word' id='word_1_51' title='bbox 603 1093 799 1156; x_wconf 80' lang='grc' dir='ltr'>αὐταῖς</span> <span class='ocrx_word' id='word_1_52' title='bbox 842 1093 953 1146; x_wconf 89' lang='grc' dir='ltr'><strong>τῶν</strong></span> <span class='ocrx_word' id='word_1_53' title='bbox 985 1092 1252 1160; x_wconf 84' lang='grc' dir='ltr'>εὐλογιῶν</span> <span class='ocrx_word' id='word_1_54' title='bbox 1294 1090 1772 1162; x_wconf 80' lang='grc' dir='ltr'>περικυκλουμένη</span> 
     </span>
    </p>
   </div>
   <div class='ocr_carea' id='block_1_12' title="bbox 182 1182 1766 1255">
    <p class='ocr_par' dir='ltr' id='par_1_12' title="bbox 182 1182 1766 1255">
     <span class='ocr_line' id='line_1_12' title="bbox 182 1182 1766 1255; baseline -0.002 -16"><span class='ocrx_word' id='word_1_55' title='bbox 182 1186 428 1255; x_wconf 80' lang='grc' dir='ltr'>χάρισιν.</span> <span class='ocrx_word' id='word_1_56' title='bbox 473 1186 561 1238; x_wconf 86' lang='grc' dir='ltr'><strong>Ἐν</strong></span> <span class='ocrx_word' id='word_1_57' title='bbox 604 1186 691 1238; x_wconf 72' lang='grc' dir='ltr'>σοὶ</span> <span class='ocrx_word' id='word_1_58' title='bbox 723 1184 832 1255; x_wconf 90' lang='grc' dir='ltr'>γάρ</span> <span class='ocrx_word' id='word_1_59' title='bbox 856 1182 1251 1254; x_wconf 76' lang='grc' dir='ltr'>τῆςόρθοδόξου</span> <span class='ocrx_word' id='word_1_60' title='bbox 1283 1183 1522 1246; x_wconf 82' lang='grc' dir='ltr'>πίστεως</span> <span class='ocrx_word' id='word_1_61' title='bbox 1553 1183 1580 1234; x_wconf 89' lang='grc' dir='ltr'><strong>ό</strong></span> <span class='ocrx_word' id='word_1_62' title='bbox 1612 1182 1766 1253; x_wconf 83' lang='grc' dir='ltr'>θεμέ-</span> 
     </span>
    </p>
   </div>
   <div class='ocr_carea' id='block_1_13' title="bbox 185 1271 1775 1345">
    <p class='ocr_par' dir='ltr' id='par_1_13' title="bbox 185 1271 1775 1345">
     <span class='ocr_line' id='line_1_13' title="bbox 185 1271 1775 1345; baseline 0 -21"><span class='ocrx_word' id='word_1_63' title='bbox 185 1274 300 1336; x_wconf 82' lang='grc' dir='ltr'>λιος</span> <span class='ocrx_word' id='word_1_64' title='bbox 325 1274 429 1325; x_wconf 87' lang='grc' dir='ltr'><strong>ὐπό</strong></span> <span class='ocrx_word' id='word_1_65' title='bbox 458 1290 607 1336; x_wconf 89' lang='grc' dir='ltr'>τινος</span> <span class='ocrx_word' id='word_1_66' title='bbox 637 1273 946 1341; x_wconf 82' lang='grc' dir='ltr'>Σατανικῆς</span> <span class='ocrx_word' id='word_1_67' title='bbox 978 1273 1311 1345; x_wconf 88' lang='grc' dir='ltr'>δυστροπίας</span> <span class='ocrx_word' id='word_1_68' title='bbox 1350 1271 1631 1342; x_wconf 78' lang='grc' dir='ltr'><strong>σεισθῆναι</strong></span> <span class='ocrx_word' id='word_1_69' title='bbox 1659 1290 1775 1325; x_wconf 86' lang='grc' dir='ltr'>κιν-</span> 
     </span>
    </p>
   </div>
   <div class='ocr_carea' id='block_1_14' title="bbox 181 1364 1775 1437">
    <p class='ocr_par' dir='ltr' id='par_1_14' title="bbox 181 1364 1775 1437">
     <span class='ocr_line' id='line_1_14' title="bbox 181 1364 1775 1437; baseline -0.001 -19"><span class='ocrx_word' id='word_1_70' title='bbox 181 1365 428 1421; x_wconf 79' lang='grc' dir='ltr'>δυνεύων</span> <span class='ocrx_word' id='word_1_71' title='bbox 457 1367 750 1436; x_wconf 79' lang='grc' dir='ltr'>ἑδραίωσιν</span> <span class='ocrx_word' id='word_1_72' title='bbox 800 1366 1103 1437; x_wconf 81' lang='grc' dir='ltr'>ἀκλόνητον</span> <span class='ocrx_word' id='word_1_73' title='bbox 1158 1366 1403 1437; x_wconf 76' lang='grc' dir='ltr'>εἴληφεν.</span> <span class='ocrx_word' id='word_1_74' title='bbox 1447 1366 1535 1418; x_wconf 86' lang='grc' dir='ltr'>Ἐν</span> <span class='ocrx_word' id='word_1_75' title='bbox 1574 1366 1657 1418; x_wconf 70' lang='grc' dir='ltr'><strong>σοι</strong></span> <span class='ocrx_word' id='word_1_76' title='bbox 1682 1364 1775 1417; x_wconf 83' lang='grc' dir='ltr'>τὸν</span> 
     </span>
    </p>
   </div>
   <div class='ocr_carea' id='block_1_15' title="bbox 186 1459 1777 1532">
    <p class='ocr_par' dir='ltr' id='par_1_15' title="bbox 186 1459 1777 1532">
     <span class='ocr_line' id='line_1_15' title="bbox 186 1459 1777 1532; baseline 0 -20"><span class='ocrx_word' id='word_1_77' title='bbox 186 1459 383 1530; x_wconf 78' lang='grc' dir='ltr'>ἄγριον</span> <span class='ocrx_word' id='word_1_78' title='bbox 417 1463 627 1515; x_wconf 75' lang='grc' dir='ltr'>ἐκεῖνον</span> <span class='ocrx_word' id='word_1_79' title='bbox 667 1462 763 1515; x_wconf 71' lang='grc' dir='ltr'>καὶ</span> <span class='ocrx_word' id='word_1_80' title='bbox 791 1462 1085 1515; x_wconf 83' lang='grc' dir='ltr'>ἀτίθασσον</span> <span class='ocrx_word' id='word_1_81' title='bbox 1134 1460 1278 1532; x_wconf 73' lang='grc' dir='ltr'>θῆρα</span> <span class='ocrx_word' id='word_1_82' title='bbox 1326 1462 1544 1531; x_wconf 84' lang='grc' dir='ltr'>Ἀρειον</span> <span class='ocrx_word' id='word_1_83' title='bbox 1571 1462 1597 1512; x_wconf 83' lang='grc' dir='ltr'>ὁ</span> <span class='ocrx_word' id='word_1_84' title='bbox 1632 1459 1777 1523; x_wconf 89' lang='grc' dir='ltr'>θεῖος</span> 
     </span>
    </p>
   </div>
   <div class='ocr_carea' id='block_1_16' title="bbox 186 1551 1782 1625">
    <p class='ocr_par' dir='ltr' id='par_1_16' title="bbox 186 1551 1782 1625">
     <span class='ocr_line' id='line_1_16' title="bbox 186 1551 1782 1625; baseline -0.001 -19"><span class='ocrx_word' id='word_1_85' title='bbox 186 1557 398 1617; x_wconf 77' lang='grc' dir='ltr'>ἐκεῖνος</span> <span class='ocrx_word' id='word_1_86' title='bbox 455 1554 566 1608; x_wconf 89' lang='grc' dir='ltr'><strong>τῶν</strong></span> <span class='ocrx_word' id='word_1_87' title='bbox 588 1556 853 1623; x_wconf 86' lang='grc' dir='ltr'>Πατέρων</span> <span class='ocrx_word' id='word_1_88' title='bbox 904 1554 1064 1624; x_wconf 76' lang='grc' dir='ltr'>χορὸς</span> <span class='ocrx_word' id='word_1_89' title='bbox 1109 1554 1178 1608; x_wconf 76' lang='grc' dir='ltr'>τὰ</span> <span class='ocrx_word' id='word_1_90' title='bbox 1234 1556 1358 1625; x_wconf 80' lang='grc' dir='ltr'>ἰερὰ</span> <span class='ocrx_word' id='word_1_91' title='bbox 1407 1554 1515 1607; x_wconf 82' lang='grc' dir='ltr'><strong>τῶν</strong></span> <span class='ocrx_word' id='word_1_92' title='bbox 1543 1551 1782 1623; x_wconf 63' lang='grc' dir='ltr'>Γραφῶεί</span> 
     </span>
    </p>
   </div>
   <div class='ocr_carea' id='block_1_17' title="bbox 187 1643 1779 1716">
    <p class='ocr_par' dir='ltr' id='par_1_17' title="bbox 187 1643 1779 1716">
     <span class='ocr_line' id='line_1_17' title="bbox 187 1643 1779 1716; baseline 0.001 -20"><span class='ocrx_word' id='word_1_93' title='bbox 187 1643 617 1712; x_wconf 75' lang='grc' dir='ltr'>ὲφαπλώσαντες</span> <span class='ocrx_word' id='word_1_94' title='bbox 670 1645 795 1700; x_wconf 81' lang='grc' dir='ltr'>λῖνα</span> <span class='ocrx_word' id='word_1_95' title='bbox 850 1644 1212 1716; x_wconf 73' lang='grc' dir='ltr'><strong>ἐζώγρησαν,</strong></span> <span class='ocrx_word' id='word_1_96' title='bbox 1239 1645 1336 1697; x_wconf 77' lang='grc' dir='ltr'>καὶ</span> <span class='ocrx_word' id='word_1_97' title='bbox 1383 1647 1497 1709; x_wconf 79' lang='grc' dir='ltr'>τοῖς</span> <span class='ocrx_word' id='word_1_98' title='bbox 1523 1645 1779 1715; x_wconf 77' lang='grc' dir='ltr'>φοϐεροῖς</span> 
     </span>
    </p>
   </div>
   <div class='ocr_carea' id='block_1_18' title="bbox 188 1737 1776 1810">
    <p class='ocr_par' dir='ltr' id='par_1_18' title="bbox 188 1737 1776 1810">
     <span class='ocr_line' id='line_1_18' title="bbox 188 1737 1776 1810; baseline -0.001 -17"><span class='ocrx_word' id='word_1_99' title='bbox 188 1739 599 1808; x_wconf 72' lang='grc' dir='ltr'><strong>κατηκόντισαν</strong></span> <span class='ocrx_word' id='word_1_100' title='bbox 656 1740 966 1810; x_wconf 88' lang='grc' dir='ltr'>ἀναθέμασι</span> <span class='ocrx_word' id='word_1_101' title='bbox 992 1758 1003 1770; x_wconf 92' lang='grc'><strong>·</strong></span> <span class='ocrx_word' id='word_1_102' title='bbox 1040 1738 1338 1793; x_wconf 88' lang='grc' dir='ltr'>κάντεῦθεν</span> <span class='ocrx_word' id='word_1_103' title='bbox 1389 1738 1481 1791; x_wconf 81' lang='grc' dir='ltr'>τὸν</span> <span class='ocrx_word' id='word_1_104' title='bbox 1515 1738 1645 1791; x_wconf 83' lang='grc' dir='ltr'>Υἰὸν</span> <span class='ocrx_word' id='word_1_105' title='bbox 1682 1737 1776 1791; x_wconf 84' lang='grc' dir='ltr'><strong>τοῦ</strong></span> 
     </span>
    </p>
   </div>
   <div class='ocr_carea' id='block_1_19' title="bbox 189 1829 1778 1903">
    <p class='ocr_par' dir='ltr' id='par_1_19' title="bbox 189 1829 1778 1903">
     <span class='ocr_line' id='line_1_19' title="bbox 189 1829 1778 1903; baseline 0.002 -22"><span class='ocrx_word' id='word_1_106' title='bbox 189 1829 332 1883; x_wconf 71' lang='grc' dir='ltr'>θεοῦ</span> <span class='ocrx_word' id='word_1_107' title='bbox 385 1831 482 1883; x_wconf 74' lang='grc' dir='ltr'>καὶ</span> <span class='ocrx_word' id='word_1_108' title='bbox 529 1831 745 1903; x_wconf 82' lang='grc' dir='ltr'>Πατρὸς</span> <span class='ocrx_word' id='word_1_109' title='bbox 779 1830 1067 1901; x_wconf 84' lang='grc' dir='ltr'>ὀμοούσιον</span> <span class='ocrx_word' id='word_1_110' title='bbox 1116 1830 1197 1901; x_wconf 83' lang='grc' dir='ltr'><strong>τῷ</strong></span> <span class='ocrx_word' id='word_1_111' title='bbox 1238 1832 1592 1903; x_wconf 84' lang='grc' dir='ltr'>γεγεννηκότι</span> <span class='ocrx_word' id='word_1_112' title='bbox 1628 1832 1778 1884; x_wconf 80' lang='grc' dir='ltr'>πᾶσα</span> 
     </span>
    </p>
   </div>
   <div class='ocr_carea' id='block_1_20' title="bbox 192 1923 1776 1997">
    <p class='ocr_par' dir='ltr' id='par_1_20' title="bbox 192 1923 1776 1997">
     <span class='ocr_line' id='line_1_20' title="bbox 192 1923 1776 1997; baseline 0 -20"><span class='ocrx_word' id='word_1_113' title='bbox 192 1924 359 1993; x_wconf 83' lang='grc' dir='ltr'>φύσις</span> <span class='ocrx_word' id='word_1_114' title='bbox 386 1923 692 1995; x_wconf 88' lang='grc' dir='ltr'>ἀνθρώπων</span> <span class='ocrx_word' id='word_1_115' title='bbox 732 1925 1006 1994; x_wconf 83' lang='grc' dir='ltr'>θεολογεῖν</span> <span class='ocrx_word' id='word_1_116' title='bbox 1036 1926 1533 1997; x_wconf 82' lang='grc' dir='ltr'>ὲκμεμαθήκαμεν.</span> <span class='ocrx_word' id='word_1_117' title='bbox 1568 1926 1668 1979; x_wconf 83' lang='grc' dir='ltr'>Διά</span> <span class='ocrx_word' id='word_1_118' title='bbox 1694 1942 1776 1978; x_wconf 88' lang='grc' dir='ltr'><strong>τοι</strong></span> 
     </span>
    </p>
   </div>
   <div class='ocr_carea' id='block_1_21' title="bbox 191 2014 1775 2088">
    <p class='ocr_par' dir='ltr' id='par_1_21' title="bbox 191 2014 1775 2088">
     <span class='ocr_line' id='line_1_21' title="bbox 191 2014 1775 2088; baseline 0.002 -22"><span class='ocrx_word' id='word_1_119' title='bbox 191 2014 471 2069; x_wconf 75' lang='grc' dir='ltr'>τοῦτοκαὶ</span> <span class='ocrx_word' id='word_1_120' title='bbox 505 2016 566 2069; x_wconf 85' lang='grc' dir='ltr'>τὸ</span> <span class='ocrx_word' id='word_1_121' title='bbox 594 2016 768 2087; x_wconf 83' lang='grc' dir='ltr'>παρὸν</span> <span class='ocrx_word' id='word_1_122' title='bbox 797 2015 1102 2088; x_wconf 76' lang='grc' dir='ltr'>ἱερώτατον</span> <span class='ocrx_word' id='word_1_123' title='bbox 1133 2016 1420 2088; x_wconf 85' lang='grc' dir='ltr'>σύνταγμα</span> <span class='ocrx_word' id='word_1_124' title='bbox 1470 2018 1569 2087; x_wconf 79' lang='grc' dir='ltr'>τῆς</span> <span class='ocrx_word' id='word_1_125' title='bbox 1594 2019 1775 2087; x_wconf 86' lang='grc' dir='ltr'>ἰσαρί-</span> 
     </span>
    </p>
   </div>
   <div class='ocr_carea' id='block_1_22' title="bbox 191 2105 1777 2180">
    <p class='ocr_par' dir='ltr' id='par_1_22' title="bbox 191 2105 1777 2180">
     <span class='ocr_line' id='line_1_22' title="bbox 191 2105 1777 2180; baseline 0.002 -22"><span class='ocrx_word' id='word_1_126' title='bbox 191 2105 339 2174; x_wconf 85' lang='grc' dir='ltr'>θμου</span> <span class='ocrx_word' id='word_1_127' title='bbox 370 2107 576 2177; x_wconf 82' lang='grc' dir='ltr'>ταύτης</span> <span class='ocrx_word' id='word_1_128' title='bbox 617 2109 838 2179; x_wconf 88' lang='grc' dir='ltr'>χορείας</span> <span class='ocrx_word' id='word_1_129' title='bbox 874 2110 1008 2172; x_wconf 85' lang='grc' dir='ltr'>δυὰς</span> <span class='ocrx_word' id='word_1_130' title='bbox 1041 2109 1286 2162; x_wconf 76' lang='grc' dir='ltr'>εὐσεϐῶν</span> <span class='ocrx_word' id='word_1_131' title='bbox 1317 2106 1586 2180; x_wconf 86' lang='grc' dir='ltr'>βασιλέων</span> <span class='ocrx_word' id='word_1_132' title='bbox 1613 2110 1670 2161; x_wconf 78' lang='grc' dir='ltr'>ὲν</span> <span class='ocrx_word' id='word_1_133' title='bbox 1696 2110 1777 2161; x_wconf 74' lang='grc' dir='ltr'>σοὶ</span> 
     </span>
    </p>
   </div>
   <div class='ocr_carea' id='block_1_23' title="bbox 195 2190 1779 2274">
    <p class='ocr_par' dir='ltr' id='par_1_23' title="bbox 195 2190 1779 2274">
     <span class='ocr_line' id='line_1_23' title="bbox 195 2190 1779 2274; baseline 0.003 -23"><span class='ocrx_word' id='word_1_134' title='bbox 195 2200 645 2272; x_wconf 84' lang='grc' dir='ltr'>συγκροτηθῆναι</span> <span class='ocrx_word' id='word_1_135' title='bbox 685 2201 1028 2266; x_wconf 86' lang='grc' dir='ltr'>τεθέσπικεν,</span> <span class='ocrx_word' id='word_1_136' title='bbox 1055 2190 1263 2274; x_wconf 87' lang='grc' dir='ltr'>Εἰρήνη</span> <span class='ocrx_word' id='word_1_137' title='bbox 1318 2202 1413 2255; x_wconf 89' lang='grc' dir='ltr'><strong>νέα</strong></span> <span class='ocrx_word' id='word_1_138' title='bbox 1465 2202 1648 2274; x_wconf 85' lang='grc' dir='ltr'>Ἑλένη</span> <span class='ocrx_word' id='word_1_139' title='bbox 1683 2204 1779 2255; x_wconf 86' lang='grc' dir='ltr'><strong>σύν</strong></span> 
     </span>
    </p>
   </div>
   <div class='ocr_carea' id='block_1_24' title="bbox 196 2291 1776 2365">
    <p class='ocr_par' dir='ltr' id='par_1_24' title="bbox 196 2291 1776 2365">
     <span class='ocr_line' id='line_1_24' title="bbox 196 2291 1776 2365; baseline 0.001 -21"><span class='ocrx_word' id='word_1_140' title='bbox 196 2291 304 2363; x_wconf 84' lang='grc' dir='ltr'>υἰῷ</span> <span class='ocrx_word' id='word_1_141' title='bbox 362 2294 576 2363; x_wconf 81' lang='grc' dir='ltr'>γνησίῳ</span> <span class='ocrx_word' id='word_1_142' title='bbox 633 2294 739 2365; x_wconf 89' lang='grc' dir='ltr'><strong>νέῳ</strong></span> <span class='ocrx_word' id='word_1_143' title='bbox 793 2292 1215 2363; x_wconf 84' lang='grc' dir='ltr'>Κωνσταντίνῳ,</span> <span class='ocrx_word' id='word_1_144' title='bbox 1252 2291 1348 2356; x_wconf 84' lang='grc' dir='ltr'><strong>οὒς</strong></span> <span class='ocrx_word' id='word_1_145' title='bbox 1386 2293 1420 2364; x_wconf 82' lang='grc' dir='ltr'>ή</span> <span class='ocrx_word' id='word_1_146' title='bbox 1470 2293 1529 2346; x_wconf 83' lang='grc' dir='ltr'>ὲν</span> <span class='ocrx_word' id='word_1_147' title='bbox 1574 2293 1655 2345; x_wconf 68' lang='lat' dir='ltr'><strong>oo&quot;.</strong></span> <span class='ocrx_word' id='word_1_148' title='bbox 1681 2292 1776 2346; x_wconf 89' lang='grc' dir='ltr'><strong>τοῦ</strong></span> 
     </span>
    </p>
   </div>
   <div class='ocr_carea' id='block_1_25' title="bbox 196 2381 1782 2454">
    <p class='ocr_par' dir='ltr' id='par_1_25' title="bbox 196 2381 1782 2454">
     <span class='ocr_line' id='line_1_25' title="bbox 196 2381 1782 2454; baseline 0.003 -21"><span class='ocrx_word' id='word_1_149' title='bbox 196 2381 529 2453; x_wconf 89' lang='grc' dir='ltr'>Πνεύματος</span> <span class='ocrx_word' id='word_1_150' title='bbox 561 2383 724 2454; x_wconf 86' lang='grc' dir='ltr'>χάρις</span> <span class='ocrx_word' id='word_1_151' title='bbox 770 2385 887 2446; x_wconf 84' lang='grc' dir='ltr'>τοῖς</span> <span class='ocrx_word' id='word_1_152' title='bbox 933 2383 1059 2435; x_wconf 87' lang='grc' dir='ltr'>τότε</span> <span class='ocrx_word' id='word_1_153' title='bbox 1089 2383 1184 2435; x_wconf 80' lang='grc' dir='ltr'>καὶ</span> <span class='ocrx_word' id='word_1_154' title='bbox 1218 2381 1314 2435; x_wconf 89' lang='grc' dir='ltr'><strong>νῦν</strong></span> <span class='ocrx_word' id='word_1_155' title='bbox 1345 2382 1524 2450; x_wconf 80' lang='grc' dir='ltr'>ἁγίοις</span> <span class='ocrx_word' id='word_1_156' title='bbox 1555 2383 1782 2452; x_wconf 73' lang='grc' dir='ltr'>ἐπιλάμο</span> 
     </span>
    </p>
   </div>
   <div class='ocr_carea' id='block_1_26' title="bbox 194 2474 1783 2547">
    <p class='ocr_par' dir='ltr' id='par_1_26' title="bbox 194 2474 1783 2547">
     <span class='ocr_line' id='line_1_26' title="bbox 194 2474 1783 2547; baseline 0 -21"><span class='ocrx_word' id='word_1_157' title='bbox 194 2474 350 2542; x_wconf 65' lang='grc' dir='ltr'>ψασα</span> <span class='ocrx_word' id='word_1_158' title='bbox 388 2475 657 2547; x_wconf 83' lang='grc' dir='ltr'>Πατράσι,</span> <span class='ocrx_word' id='word_1_159' title='bbox 688 2474 917 2545; x_wconf 81' lang='grc' dir='ltr'>φυλάξοι</span> <span class='ocrx_word' id='word_1_160' title='bbox 966 2474 1219 2544; x_wconf 82' lang='grc' dir='ltr'>δαψιλέσι</span> <span class='ocrx_word' id='word_1_161' title='bbox 1257 2475 1475 2546; x_wconf 82' lang='grc' dir='ltr'>χρόνοις</span> <span class='ocrx_word' id='word_1_162' title='bbox 1508 2474 1783 2546; x_wconf 82' lang='grc' dir='ltr'>ἀτάραχον</span> 
     </span>
    </p>
   </div>
   <div class='ocr_carea' id='block_1_27' title="bbox 196 2565 1785 2638">
    <p class='ocr_par' dir='ltr' id='par_1_27' title="bbox 196 2565 1785 2638">
     <span class='ocr_line' id='line_1_27' title="bbox 196 2565 1785 2638; baseline 0 -19"><span class='ocrx_word' id='word_1_163' title='bbox 196 2566 386 2630; x_wconf 84' lang='grc' dir='ltr'>αὐτοῖς</span> <span class='ocrx_word' id='word_1_164' title='bbox 423 2567 485 2619; x_wconf 86' lang='grc' dir='ltr'><strong>τὸ</strong></span> <span class='ocrx_word' id='word_1_165' title='bbox 515 2568 719 2635; x_wconf 86' lang='grc' dir='ltr'>κράτος</span> <span class='ocrx_word' id='word_1_166' title='bbox 756 2567 1079 2638; x_wconf 78' lang='grc' dir='ltr'>δωρουμένη</span> <span class='ocrx_word' id='word_1_167' title='bbox 1102 2610 1117 2631; x_wconf 91' lang='grc'><strong>,</strong></span> <span class='ocrx_word' id='word_1_168' title='bbox 1151 2571 1246 2620; x_wconf 75' lang='grc' dir='ltr'>καὶ</span> <span class='ocrx_word' id='word_1_169' title='bbox 1302 2566 1413 2619; x_wconf 89' lang='grc' dir='ltr'><strong>τῶν</strong></span> <span class='ocrx_word' id='word_1_170' title='bbox 1460 2565 1673 2637; x_wconf 75' lang='grc' dir='ltr'>ἐχθρῶν</span> <span class='ocrx_word' id='word_1_171' title='bbox 1716 2565 1785 2619; x_wconf 86' lang='grc' dir='ltr'><strong>τά</strong></span> 
     </span>
    </p>
   </div>
   <div class='ocr_carea' id='block_1_28' title="bbox 198 2656 1786 2730">
    <p class='ocr_par' dir='ltr' id='par_1_28' title="bbox 198 2656 1786 2730">
     <span class='ocr_line' id='line_1_28' title="bbox 198 2656 1786 2730; baseline 0.003 -22"><span class='ocrx_word' id='word_1_172' title='bbox 198 2656 342 2724; x_wconf 84' lang='grc' dir='ltr'>φῦλα</span> <span class='ocrx_word' id='word_1_173' title='bbox 375 2657 483 2727; x_wconf 83' lang='grc' dir='ltr'>πρὸ</span> <span class='ocrx_word' id='word_1_174' title='bbox 514 2657 693 2712; x_wconf 83' lang='grc' dir='ltr'>ποδῶν</span> <span class='ocrx_word' id='word_1_175' title='bbox 716 2657 1069 2729; x_wconf 86' lang='grc' dir='ltr'>καταστρῶσι</span> <span class='ocrx_word' id='word_1_176' title='bbox 1095 2674 1107 2687; x_wconf 81' lang='grc'><em>’</em></span> <span class='ocrx_word' id='word_1_177' title='bbox 1127 2658 1203 2721; x_wconf 89' lang='grc' dir='ltr'>ὠς</span> <span class='ocrx_word' id='word_1_178' title='bbox 1219 2658 1285 2711; x_wconf 87' lang='grc' dir='ltr'>ἂν</span> <span class='ocrx_word' id='word_1_179' title='bbox 1312 2660 1445 2729; x_wconf 79' lang='grc' dir='ltr'>ἡμῖν</span> <span class='ocrx_word' id='word_1_180' title='bbox 1469 2660 1502 2730; x_wconf 78' lang='grc' dir='ltr'><strong>ἡ</strong></span> <span class='ocrx_word' id='word_1_181' title='bbox 1522 2657 1629 2713; x_wconf 83' lang='grc' dir='ltr'><strong>τῶν</strong></span> <span class='ocrx_word' id='word_1_182' title='bbox 1650 2659 1786 2727; x_wconf 88' lang='grc' dir='ltr'>ἁγα-</span> 
     </span>
    </p>
   </div>
   <div class='ocr_carea' id='block_1_29' title="bbox 198 2747 982 2821">
    <p class='ocr_par' dir='ltr' id='par_1_29' title="bbox 198 2747 982 2821">
     <span class='ocr_line' id='line_1_29' title="bbox 198 2747 982 2821; baseline 0.006 -23"><span class='ocrx_word' id='word_1_183' title='bbox 198 2747 310 2801; x_wconf 82' lang='grc' dir='ltr'><strong>θῶν</strong></span> <span class='ocrx_word' id='word_1_184' title='bbox 345 2748 421 2820; x_wconf 83' lang='grc' dir='ltr'>μὴ</span> <span class='ocrx_word' id='word_1_185' title='bbox 457 2749 695 2805; x_wconf 81' lang='grc' dir='ltr'>διαλίποι</span> <span class='ocrx_word' id='word_1_186' title='bbox 721 2751 982 2821; x_wconf 77' lang='grc' dir='ltr'>χορηγία.</span> 
     </span>
    </p>
   </div>
   <div class='ocr_carea' id='block_1_30' title="bbox 1868 643 3451 721">
    <p class='ocr_par' dir='ltr' id='par_1_30' title="bbox 1868 643 3451 721">
     <span class='ocr_line' id='line_1_30' title="bbox 1868 643 3451 721; baseline 0.008 -27"><span class='ocrx_word' id='word_1_187' title='bbox 1868 643 2064 698; x_wconf 69' lang='lat' dir='ltr'><strong>vincia:</strong></span> <span class='ocrx_word' id='word_1_188' title='bbox 2091 643 2509 714; x_wconf 65' lang='lat' dir='ltr'><strong>gloriosissimas</strong></span> <span class='ocrx_word' id='word_1_189' title='bbox 2547 647 2845 715; x_wconf 77' lang='lat' dir='ltr'><strong>primitiae:</strong></span> <span class='ocrx_word' id='word_1_190' title='bbox 2882 664 3004 715; x_wconf 71' lang='lat' dir='ltr'><strong>qua:</strong></span> <span class='ocrx_word' id='word_1_191' title='bbox 3035 656 3190 718; x_wconf 85' lang='lat' dir='ltr'><strong>prius</strong></span> <span class='ocrx_word' id='word_1_192' title='bbox 3231 651 3451 721; x_wconf 79' lang='lat' dir='ltr'><strong>quidem</strong></span> 
     </span>
    </p>
   </div>
   <div class='ocr_carea' id='block_1_31' title="bbox 1870 737 3455 811">
    <p class='ocr_par' dir='ltr' id='par_1_31' title="bbox 1870 737 3455 811">
     <span class='ocr_line' id='line_1_31' title="bbox 1870 737 3455 811; baseline 0.004 -21"><span class='ocrx_word' id='word_1_193' title='bbox 1870 744 2185 790; x_wconf 81' lang='lat' dir='ltr'><strong>sanctorum</strong></span> <span class='ocrx_word' id='word_1_194' title='bbox 2220 737 2410 793; x_wconf 89' lang='lat' dir='ltr'><strong>decem</strong></span> <span class='ocrx_word' id='word_1_195' title='bbox 2442 746 2498 793; x_wconf 87' lang='lat' dir='ltr'><strong>et</strong></span> <span class='ocrx_word' id='word_1_196' title='bbox 2539 747 2666 793; x_wconf 89' lang='lat' dir='ltr'><strong>octo</strong></span> <span class='ocrx_word' id='word_1_197' title='bbox 2700 749 3185 811; x_wconf 82' lang='lat' dir='ltr'><strong>trecentorumque</strong></span> <span class='ocrx_word' id='word_1_198' title='bbox 3219 741 3455 797; x_wconf 81' lang='lat' dir='ltr'><strong>deifero-</strong></span> 
     </span>
    </p>
   </div>
   <div class='ocr_carea' id='block_1_32' title="bbox 1872 827 3453 901">
    <p class='ocr_par' dir='ltr' id='par_1_32' title="bbox 1872 827 3453 901">
     <span class='ocr_line' id='line_1_32' title="bbox 1872 827 3453 901; baseline 0.004 -21"><span class='ocrx_word' id='word_1_199' title='bbox 1872 843 1992 881; x_wconf 89' lang='lat' dir='ltr'><strong>rum</strong></span> <span class='ocrx_word' id='word_1_200' title='bbox 2028 827 2254 883; x_wconf 89' lang='lat' dir='ltr'><strong>Patrum</strong></span> <span class='ocrx_word' id='word_1_201' title='bbox 2286 830 2545 901; x_wconf 77' lang='lat' dir='ltr'><strong>vestigiis</strong></span> <span class='ocrx_word' id='word_1_202' title='bbox 2589 832 2929 886; x_wconf 83' lang='lat' dir='ltr'><strong>sanctiﬁcata</strong></span> <span class='ocrx_word' id='word_1_203' title='bbox 2968 848 3049 899; x_wconf 89' lang='lat' dir='ltr'><strong>es,</strong></span> <span class='ocrx_word' id='word_1_204' title='bbox 3083 847 3228 886; x_wconf 90' lang='lat' dir='ltr'><strong>nunc</strong></span> <span class='ocrx_word' id='word_1_205' title='bbox 3270 841 3453 887; x_wconf 90' lang='lat' dir='ltr'><strong>autem</strong></span> 
     </span>
    </p>
   </div>
   <div class='ocr_carea' id='block_1_33' title="bbox 1875 919 3457 993">
    <p class='ocr_par' dir='ltr' id='par_1_33' title="bbox 1875 919 3457 993">
     <span class='ocr_line' id='line_1_33' title="bbox 1875 919 3457 993; baseline 0.001 -20"><span class='ocrx_word' id='word_1_206' title='bbox 1875 919 2067 973; x_wconf 91' lang='lat' dir='ltr'><strong>horum</strong></span> <span class='ocrx_word' id='word_1_207' title='bbox 2101 934 2486 977; x_wconf 81' lang='lat' dir='ltr'><strong>successorum</strong></span> <span class='ocrx_word' id='word_1_208' title='bbox 2524 938 2682 993; x_wconf 70' lang='lat' dir='ltr'><strong>asque</strong></span> <span class='ocrx_word' id='word_1_209' title='bbox 2722 931 3091 977; x_wconf 89' lang='lat' dir='ltr'><strong>trecentorum</strong></span> <span class='ocrx_word' id='word_1_210' title='bbox 3134 937 3259 977; x_wconf 83' lang='lat' dir='ltr'><strong>cum</strong></span> <span class='ocrx_word' id='word_1_211' title='bbox 3296 922 3457 992; x_wconf 79' lang='lat' dir='ltr'><strong>qu‘in-</strong></span> 
     </span>
    </p>
   </div>
   <div class='ocr_carea' id='block_1_34' title="bbox 1873 1011 3456 1083">
    <p class='ocr_par' dir='ltr' id='par_1_34' title="bbox 1873 1011 3456 1083">
     <span class='ocr_line' id='line_1_34' title="bbox 1873 1011 3456 1083; baseline 0.003 -20"><span class='ocrx_word' id='word_1_212' title='bbox 1873 1024 1984 1080; x_wconf 91' lang='lat' dir='ltr'><strong>que</strong></span> <span class='ocrx_word' id='word_1_213' title='bbox 2030 1011 2332 1067; x_wconf 86' lang='lat' dir='ltr'><strong>decadibus</strong></span> <span class='ocrx_word' id='word_1_214' title='bbox 2374 1028 2667 1068; x_wconf 75' lang='lat' dir='ltr'><strong>numerum</strong></span> <span class='ocrx_word' id='word_1_215' title='bbox 2718 1013 3136 1083; x_wconf 86' lang='lat' dir='ltr'><strong>complcntium,</strong></span> <span class='ocrx_word' id='word_1_216' title='bbox 3190 1029 3256 1068; x_wconf 90' lang='lat' dir='ltr'><strong>ac</strong></span> <span class='ocrx_word' id='word_1_217' title='bbox 3301 1028 3456 1068; x_wconf 80' lang='lat' dir='ltr'><strong>reve-</strong></span> 
     </span>
    </p>
   </div>
   <div class='ocr_carea' id='block_1_35' title="bbox 1876 1101 3459 1173">
    <p class='ocr_par' dir='ltr' id='par_1_35' title="bbox 1876 1101 3459 1173">
     <span class='ocr_line' id='line_1_35' title="bbox 1876 1101 3459 1173; baseline 0.001 -19"><span class='ocrx_word' id='word_1_218' title='bbox 1876 1101 2171 1155; x_wconf 90' lang='lat' dir='ltr'><strong>rendorum</strong></span> <span class='ocrx_word' id='word_1_219' title='bbox 2237 1103 2647 1157; x_wconf 81' lang='lat' dir='ltr'><strong>monachorum</strong></span> <span class='ocrx_word' id='word_1_220' title='bbox 2699 1104 2793 1173; x_wconf 90' lang='lat' dir='ltr'><strong>qui</strong></span> <span class='ocrx_word' id='word_1_221' title='bbox 2857 1118 2995 1173; x_wconf 87' lang='lat' dir='ltr'><strong>pene</strong></span> <span class='ocrx_word' id='word_1_222' title='bbox 3043 1101 3459 1157; x_wconf 70' lang='lat' dir='ltr'><strong>innumerabilis</strong></span> 
     </span>
    </p>
   </div>
   <div class='ocr_carea' id='block_1_36' title="bbox 1878 1192 3460 1265">
    <p class='ocr_par' dir='ltr' id='par_1_36' title="bbox 1878 1192 3460 1265">
     <span class='ocr_line' id='line_1_36' title="bbox 1878 1192 3460 1265; baseline 0.001 -19"><span class='ocrx_word' id='word_1_223' title='bbox 1878 1201 2012 1246; x_wconf 91' lang='lat' dir='ltr'><strong>sunt</strong></span> <span class='ocrx_word' id='word_1_224' title='bbox 2056 1193 2452 1259; x_wconf 89' lang='lat' dir='ltr'><strong>multitudinis,</strong></span> <span class='ocrx_word' id='word_1_225' title='bbox 2506 1194 2714 1250; x_wconf 82' lang='lat' dir='ltr'><strong>eisdem</strong></span> <span class='ocrx_word' id='word_1_226' title='bbox 2758 1194 3237 1249; x_wconf 77' lang='lat' dir='ltr'><strong>benedictionibus</strong></span> <span class='ocrx_word' id='word_1_227' title='bbox 3271 1192 3460 1265; x_wconf 85' lang='lat' dir='ltr'><strong>[bene-</strong></span> 
     </span>
    </p>
   </div>
   <div class='ocr_carea' id='block_1_37' title="bbox 1880 1283 3460 1357">
    <p class='ocr_par' dir='ltr' id='par_1_37' title="bbox 1880 1283 3460 1357">
     <span class='ocr_line' id='line_1_37' title="bbox 1880 1283 3460 1357; baseline -0.001 -18"><span class='ocrx_word' id='word_1_228' title='bbox 1880 1284 2217 1357; x_wconf 78' lang='lat' dir='ltr'><strong>dictionum}</strong></span> <span class='ocrx_word' id='word_1_229' title='bbox 2246 1287 2591 1341; x_wconf 86' lang='lat' dir='ltr'><strong>circumdata</strong></span> <span class='ocrx_word' id='word_1_230' title='bbox 2618 1303 2677 1342; x_wconf 92' lang='lat' dir='ltr'><strong>es</strong></span> <span class='ocrx_word' id='word_1_231' title='bbox 2714 1287 2926 1356; x_wconf 88' lang='lat' dir='ltr'><strong>gratiis.</strong></span> <span class='ocrx_word' id='word_1_232' title='bbox 2958 1285 3018 1339; x_wconf 88' lang='lat' dir='ltr'><strong>ln</strong></span> <span class='ocrx_word' id='word_1_233' title='bbox 3056 1294 3107 1339; x_wconf 91' lang='lat' dir='ltr'><strong>te</strong></span> <span class='ocrx_word' id='word_1_234' title='bbox 3138 1283 3338 1354; x_wconf 79' lang='lat' dir='ltr'><strong>quippe</strong></span> <span class='ocrx_word' id='word_1_235' title='bbox 3370 1298 3460 1338; x_wconf 85' lang='lat' dir='ltr'><strong>or-</strong></span> 
     </span>
    </p>
   </div>
   <div class='ocr_carea' id='block_1_38' title="bbox 1882 1376 3461 1450">
    <p class='ocr_par' dir='ltr' id='par_1_38' title="bbox 1882 1376 3461 1450">
     <span class='ocr_line' id='line_1_38' title="bbox 1882 1376 3461 1450; baseline -0.001 -19"><span class='ocrx_word' id='word_1_236' title='bbox 1882 1377 2156 1433; x_wconf 75' lang='lat' dir='ltr'><strong>thodoxia:</strong></span> <span class='ocrx_word' id='word_1_237' title='bbox 2203 1376 2549 1449; x_wconf 65' lang='lat' dir='ltr'><strong>{orthodoxa}</strong></span> <span class='ocrx_word' id='word_1_238' title='bbox 2604 1378 2754 1450; x_wconf 85' lang='lat' dir='ltr'><strong>ﬁdei]</strong></span> <span class='ocrx_word' id='word_1_239' title='bbox 2800 1378 3217 1432; x_wconf 80' lang='lat' dir='ltr'><strong>fundamentum</strong></span> <span class='ocrx_word' id='word_1_240' title='bbox 3255 1391 3284 1428; x_wconf 89' lang='lat' dir='ltr'><strong>a</strong></span> <span class='ocrx_word' id='word_1_241' title='bbox 3325 1390 3461 1445; x_wconf 84' lang='lat' dir='ltr'><strong>qua-</strong></span> 
     </span>
    </p>
   </div>
   <div class='ocr_carea' id='block_1_39' title="bbox 1878 1468 3460 1539">
    <p class='ocr_par' dir='ltr' id='par_1_39' title="bbox 1878 1468 3460 1539">
     <span class='ocr_line' id='line_1_39' title="bbox 1878 1468 3460 1539; baseline -0.003 -14"><span class='ocrx_word' id='word_1_242' title='bbox 1878 1470 2003 1525; x_wconf 86' lang='lat' dir='ltr'><strong>dam</strong></span> <span class='ocrx_word' id='word_1_243' title='bbox 2036 1470 2292 1526; x_wconf 89' lang='lat' dir='ltr'><strong>Satanica</strong></span> <span class='ocrx_word' id='word_1_244' title='bbox 2321 1470 2680 1526; x_wconf 83' lang='lat' dir='ltr'><strong>subversione</strong></span> <span class='ocrx_word' id='word_1_245' title='bbox 2710 1484 3041 1526; x_wconf 90' lang='lat' dir='ltr'><strong>concussum</strong></span> <span class='ocrx_word' id='word_1_246' title='bbox 3072 1468 3460 1539; x_wconf 86' lang='lat' dir='ltr'><strong>perecliturum</strong></span> 
     </span>
    </p>
   </div>
   <div class='ocr_carea' id='block_1_40' title="bbox 1881 1559 3464 1633">
    <p class='ocr_par' dir='ltr' id='par_1_40' title="bbox 1881 1559 3464 1633">
     <span class='ocr_line' id='line_1_40' title="bbox 1881 1559 3464 1633; baseline -0.002 -18"><span class='ocrx_word' id='word_1_247' title='bbox 1881 1560 2363 1633; x_wconf 81' lang='lat' dir='ltr'><strong>[periclitaturum,</strong></span> <span class='ocrx_word' id='word_1_248' title='bbox 2428 1563 2563 1630; x_wconf 80' lang='lat' dir='ltr'><strong>forte</strong></span> <span class='ocrx_word' id='word_1_249' title='bbox 2594 1564 2739 1616; x_wconf 80' lang='lat' dir='ltr'><strong>deest</strong></span> <span class='ocrx_word' id='word_1_250' title='bbox 2790 1564 2883 1616; x_wconf 88' lang='lat' dir='ltr'><strong>sed</strong></span> <span class='ocrx_word' id='word_1_251' title='bbox 2921 1559 3078 1632; x_wconf 71' lang='lat' dir='ltr'><strong>non}.</strong></span> <span class='ocrx_word' id='word_1_252' title='bbox 3122 1559 3464 1614; x_wconf 82' lang='lat' dir='ltr'><strong>Stabilimen-</strong></span> 
     </span>
    </p>
   </div>
   <div class='ocr_carea' id='block_1_41' title="bbox 1881 1650 3461 1723">
    <p class='ocr_par' dir='ltr' id='par_1_41' title="bbox 1881 1650 3461 1723">
     <span class='ocr_line' id='line_1_41' title="bbox 1881 1650 3461 1723; baseline -0.005 -13"><span class='ocrx_word' id='word_1_253' title='bbox 1881 1664 1996 1710; x_wconf 92' lang='lat' dir='ltr'><strong>tum</strong></span> <span class='ocrx_word' id='word_1_254' title='bbox 2028 1654 2148 1709; x_wconf 87' lang='lat' dir='ltr'><strong>sine</strong></span> <span class='ocrx_word' id='word_1_255' title='bbox 2191 1653 2607 1723; x_wconf 83' lang='lat' dir='ltr'><strong>perturbatione</strong></span> <span class='ocrx_word' id='word_1_256' title='bbox 2634 1653 2900 1723; x_wconf 87' lang='lat' dir='ltr'><strong>percepit.</strong></span> <span class='ocrx_word' id='word_1_257' title='bbox 2932 1652 2992 1705; x_wconf 88' lang='lat' dir='ltr'><strong>In</strong></span> <span class='ocrx_word' id='word_1_258' title='bbox 3026 1662 3078 1705; x_wconf 89' lang='lat' dir='ltr'><strong>te</strong></span> <span class='ocrx_word' id='word_1_259' title='bbox 3111 1650 3280 1705; x_wconf 81' lang='lat' dir='ltr'><strong>feram</strong></span> <span class='ocrx_word' id='word_1_260' title='bbox 3317 1650 3461 1704; x_wconf 84' lang='lat' dir='ltr'><strong>illam</strong></span> 
     </span>
    </p>
   </div>
   <div class='ocr_carea' id='block_1_42' title="bbox 1881 1741 3467 1808">
    <p class='ocr_par' dir='ltr' id='par_1_42' title="bbox 1881 1741 3467 1808">
     <span class='ocr_line' id='line_1_42' title="bbox 1881 1741 3467 1808; baseline -0.004 -7"><span class='ocrx_word' id='word_1_261' title='bbox 1881 1757 1934 1801; x_wconf 90' lang='lat' dir='ltr'><strong>et</strong></span> <span class='ocrx_word' id='word_1_262' title='bbox 1976 1744 2243 1798; x_wconf 90' lang='lat' dir='ltr'><strong>immitem</strong></span> <span class='ocrx_word' id='word_1_263' title='bbox 2277 1744 2537 1808; x_wconf 84' lang='lat' dir='ltr'><strong>bestiam,</strong></span> <span class='ocrx_word' id='word_1_264' title='bbox 2587 1744 2779 1798; x_wconf 84' lang='lat' dir='ltr'><strong>Arium</strong></span> <span class='ocrx_word' id='word_1_265' title='bbox 2826 1743 3058 1808; x_wconf 86' lang='lat' dir='ltr'><strong>scilicet,</strong></span> <span class='ocrx_word' id='word_1_266' title='bbox 3104 1741 3329 1796; x_wconf 87' lang='lat' dir='ltr'><strong>divinus</strong></span> <span class='ocrx_word' id='word_1_267' title='bbox 3375 1741 3467 1795; x_wconf 89' lang='lat' dir='ltr'><strong>ille</strong></span> 
     </span>
    </p>
   </div>
   <div class='ocr_carea' id='block_1_43' title="bbox 1882 1833 3466 1906">
    <p class='ocr_par' dir='ltr' id='par_1_43' title="bbox 1882 1833 3466 1906">
     <span class='ocr_line' id='line_1_43' title="bbox 1882 1833 3466 1906; baseline -0.003 -16"><span class='ocrx_word' id='word_1_268' title='bbox 1882 1835 2107 1890; x_wconf 88' lang='lat' dir='ltr'><strong>Patrum</strong></span> <span class='ocrx_word' id='word_1_269' title='bbox 2152 1837 2360 1892; x_wconf 92' lang='lat' dir='ltr'><strong>chorus</strong></span> <span class='ocrx_word' id='word_1_270' title='bbox 2394 1836 2568 1891; x_wconf 89' lang='lat' dir='ltr'><strong>sacris</strong></span> <span class='ocrx_word' id='word_1_271' title='bbox 2611 1834 3027 1906; x_wconf 89' lang='lat' dir='ltr'><strong>Scripturarum</strong></span> <span class='ocrx_word' id='word_1_272' title='bbox 3074 1833 3338 1903; x_wconf 80' lang='lat' dir='ltr'><strong>expansis</strong></span> <span class='ocrx_word' id='word_1_273' title='bbox 3374 1847 3466 1886; x_wconf 92' lang='lat' dir='ltr'><strong>ca-</strong></span> 
     </span>
    </p>
   </div>
   <div class='ocr_carea' id='block_1_44' title="bbox 1811 1912 3467 1996">
    <p class='ocr_par' dir='ltr' id='par_1_44' title="bbox 1811 1912 3467 1996">
     <span class='ocr_line' id='line_1_44' title="bbox 1811 1912 3467 1996; baseline -0.002 -16"><span class='ocrx_word' id='word_1_274' title='bbox 1811 1912 1852 1968; x_wconf 80' lang='grc' dir='ltr'>Β</span> <span class='ocrx_word' id='word_1_275' title='bbox 1882 1928 2056 1996; x_wconf 86' lang='lat' dir='ltr'><strong>ptavit</strong></span> <span class='ocrx_word' id='word_1_276' title='bbox 2107 1927 2344 1992; x_wconf 88' lang='lat' dir='ltr'><strong>retibus,</strong></span> <span class='ocrx_word' id='word_1_277' title='bbox 2385 1936 2439 1981; x_wconf 84' lang='lat' dir='ltr'><strong>et</strong></span> <span class='ocrx_word' id='word_1_278' title='bbox 2473 1924 2815 1981; x_wconf 87' lang='lat' dir='ltr'><strong>terribilibus</strong></span> <span class='ocrx_word' id='word_1_279' title='bbox 2860 1922 3309 1978; x_wconf 89' lang='lat' dir='ltr'><strong>anathematibus</strong></span> <span class='ocrx_word' id='word_1_280' title='bbox 3344 1937 3467 1993; x_wconf 88' lang='lat' dir='ltr'><strong>per-</strong></span> 
     </span>
    </p>
   </div>
   <div class='ocr_carea' id='block_1_45' title="bbox 1883 2012 3468 2080">
    <p class='ocr_par' dir='ltr' id='par_1_45' title="bbox 1883 2012 3468 2080">
     <span class='ocr_line' id='line_1_45' title="bbox 1883 2012 3468 2080; baseline -0.003 -8"><span class='ocrx_word' id='word_1_281' title='bbox 1883 2016 2041 2079; x_wconf 89' lang='lat' dir='ltr'><strong>culit,</strong></span> <span class='ocrx_word' id='word_1_282' title='bbox 2093 2025 2147 2071; x_wconf 88' lang='lat' dir='ltr'><strong>ct</strong></span> <span class='ocrx_word' id='word_1_283' title='bbox 2190 2017 2319 2071; x_wconf 91' lang='lat' dir='ltr'><strong>hinc</strong></span> <span class='ocrx_word' id='word_1_284' title='bbox 2354 2015 2554 2071; x_wconf 88' lang='lat' dir='ltr'><strong>Filium</strong></span> <span class='ocrx_word' id='word_1_285' title='bbox 2603 2016 2697 2071; x_wconf 86' lang='lat' dir='ltr'><strong>Dei</strong></span> <span class='ocrx_word' id='word_1_286' title='bbox 2732 2026 2788 2071; x_wconf 92' lang='lat' dir='ltr'><strong>et</strong></span> <span class='ocrx_word' id='word_1_287' title='bbox 2835 2014 3039 2080; x_wconf 86' lang='lat' dir='ltr'><strong>Patris,</strong></span> <span class='ocrx_word' id='word_1_288' title='bbox 3080 2012 3380 2069; x_wconf 87' lang='lat' dir='ltr'><strong>Dominum</strong></span> <span class='ocrx_word' id='word_1_289' title='bbox 3412 2021 3468 2069; x_wconf 90' lang='lat' dir='ltr'><strong>et</strong></span> 
     </span>
    </p>
   </div>
   <div class='ocr_carea' id='block_1_46' title="bbox 1883 2107 3469 2181">
    <p class='ocr_par' dir='ltr' id='par_1_46' title="bbox 1883 2107 3469 2181">
     <span class='ocr_line' id='line_1_46' title="bbox 1883 2107 3469 2181; baseline -0.003 -15"><span class='ocrx_word' id='word_1_290' title='bbox 1883 2110 2425 2166; x_wconf 86' lang='lat' dir='ltr'><strong>consubstantialem</strong></span> <span class='ocrx_word' id='word_1_291' title='bbox 2480 2110 2749 2181; x_wconf 84' lang='lat' dir='ltr'><strong>gignenti,</strong></span> <span class='ocrx_word' id='word_1_292' title='bbox 2804 2109 2989 2163; x_wconf 91' lang='lat' dir='ltr'><strong>omnis</strong></span> <span class='ocrx_word' id='word_1_293' title='bbox 3042 2115 3240 2162; x_wconf 90' lang='lat' dir='ltr'><strong>natura</strong></span> <span class='ocrx_word' id='word_1_294' title='bbox 3289 2107 3469 2162; x_wconf 84' lang='lat' dir='ltr'><strong>homi-</strong></span> 
     </span>
    </p>
   </div>
   <div class='ocr_carea' id='block_1_47' title="bbox 1885 2201 3470 2273">
    <p class='ocr_par' dir='ltr' id='par_1_47' title="bbox 1885 2201 3470 2273">
     <span class='ocr_line' id='line_1_47' title="bbox 1885 2201 3470 2273; baseline -0.002 -15"><span class='ocrx_word' id='word_1_295' title='bbox 1885 2218 2016 2258; x_wconf 89' lang='lat' dir='ltr'><strong>num</strong></span> <span class='ocrx_word' id='word_1_296' title='bbox 2056 2202 2353 2271; x_wconf 79' lang='lat' dir='ltr'><strong>przedieare</strong></span> <span class='ocrx_word' id='word_1_297' title='bbox 2404 2201 2718 2257; x_wconf 89' lang='lat' dir='ltr'><strong>didicimus</strong></span> <span class='ocrx_word' id='word_1_298' title='bbox 2767 2212 2821 2257; x_wconf 91' lang='lat' dir='ltr'><strong>et</strong></span> <span class='ocrx_word' id='word_1_299' title='bbox 2858 2202 3068 2257; x_wconf 91' lang='lat' dir='ltr'><strong>ideirco</strong></span> <span class='ocrx_word' id='word_1_300' title='bbox 3102 2216 3345 2273; x_wconf 70' lang='lat' dir='ltr'><strong>praesens</strong></span> <span class='ocrx_word' id='word_1_301' title='bbox 3382 2215 3470 2256; x_wconf 88' lang='lat' dir='ltr'><strong>sa-</strong></span> 
     </span>
    </p>
   </div>
   <div class='ocr_carea' id='block_1_48' title="bbox 1885 2293 3467 2365">
    <p class='ocr_par' dir='ltr' id='par_1_48' title="bbox 1885 2293 3467 2365">
     <span class='ocr_line' id='line_1_48' title="bbox 1885 2293 3467 2365; baseline -0.002 -15"><span class='ocrx_word' id='word_1_302' title='bbox 1885 2294 2254 2351; x_wconf 89' lang='lat' dir='ltr'><strong>cratissimum</strong></span> <span class='ocrx_word' id='word_1_303' title='bbox 2283 2303 2635 2365; x_wconf 86' lang='lat' dir='ltr'><strong>compactum</strong></span> <span class='ocrx_word' id='word_1_304' title='bbox 2666 2293 2832 2365; x_wconf 79' lang='lat' dir='ltr'><strong>huius</strong></span> <span class='ocrx_word' id='word_1_305' title='bbox 2858 2294 3138 2350; x_wconf 91' lang='lat' dir='ltr'><strong>numerosi</strong></span> <span class='ocrx_word' id='word_1_306' title='bbox 3163 2300 3467 2349; x_wconf 78' lang='lat' dir='ltr'><strong>conventus</strong></span> 
     </span>
    </p>
   </div>
   <div class='ocr_carea' id='block_1_49' title="bbox 1878 2383 3467 2455">
    <p class='ocr_par' dir='ltr' id='par_1_49' title="bbox 1878 2383 3467 2455">
     <span class='ocr_line' id='line_1_49' title="bbox 1878 2383 3467 2455; baseline -0.003 -15"><span class='ocrx_word' id='word_1_307' title='bbox 1878 2385 2117 2440; x_wconf 86' lang='lat' dir='ltr'><strong>dualitas</strong></span> <span class='ocrx_word' id='word_1_308' title='bbox 2166 2386 2387 2454; x_wconf 91' lang='lat' dir='ltr'><strong>piorum</strong></span> <span class='ocrx_word' id='word_1_309' title='bbox 2450 2385 2848 2455; x_wconf 87' lang='lat' dir='ltr'><strong>imperatorum</strong></span> <span class='ocrx_word' id='word_1_310' title='bbox 2892 2385 3249 2441; x_wconf 86' lang='lat' dir='ltr'><strong>consolidans</strong></span> <span class='ocrx_word' id='word_1_311' title='bbox 3281 2383 3467 2454; x_wconf 76' lang='lat' dir='ltr'><strong>colligi</strong></span> 
     </span>
    </p>
   </div>
   <div class='ocr_carea' id='block_1_50' title="bbox 1881 2476 3469 2546">
    <p class='ocr_par' dir='ltr' id='par_1_50' title="bbox 1881 2476 3469 2546">
     <span class='ocr_line' id='line_1_50' title="bbox 1881 2476 3469 2546; baseline -0.001 -16"><span class='ocrx_word' id='word_1_312' title='bbox 1881 2476 2084 2539; x_wconf 85' lang='lat' dir='ltr'><strong>sanxit.</strong></span> <span class='ocrx_word' id='word_1_313' title='bbox 2128 2476 2288 2530; x_wconf 91' lang='lat' dir='ltr'><strong>lrene</strong></span> <span class='ocrx_word' id='word_1_314' title='bbox 2316 2476 2573 2532; x_wconf 84' lang='lat' dir='ltr'><strong>videlicet</strong></span> <span class='ocrx_word' id='word_1_315' title='bbox 2622 2493 2761 2533; x_wconf 81' lang='lat' dir='ltr'><strong>nova</strong></span> <span class='ocrx_word' id='word_1_316' title='bbox 2794 2476 2999 2532; x_wconf 85' lang='lat' dir='ltr'><strong>Helena</strong></span> <span class='ocrx_word' id='word_1_317' title='bbox 3033 2491 3159 2531; x_wconf 92' lang='lat' dir='ltr'><strong>cum</strong></span> <span class='ocrx_word' id='word_1_318' title='bbox 3194 2476 3305 2531; x_wconf 80' lang='lat' dir='ltr'><strong>lilio</strong></span> <span class='ocrx_word' id='word_1_319' title='bbox 3341 2490 3469 2546; x_wconf 85' lang='lat' dir='ltr'><strong>pro-</strong></span> 
     </span>
    </p>
   </div>
   <div class='ocr_carea' id='block_1_51' title="bbox 1882 2567 3464 2640">
    <p class='ocr_par' dir='ltr' id='par_1_51' title="bbox 1882 2567 3464 2640">
     <span class='ocr_line' id='line_1_51' title="bbox 1882 2567 3464 2640; baseline -0.001 -17"><span class='ocrx_word' id='word_1_320' title='bbox 1882 2569 2004 2639; x_wconf 87' lang='lat' dir='ltr'><strong>prio</strong></span> <span class='ocrx_word' id='word_1_321' title='bbox 2037 2568 2404 2624; x_wconf 82' lang='lat' dir='ltr'><strong>Constantino</strong></span> <span class='ocrx_word' id='word_1_322' title='bbox 2437 2585 2603 2637; x_wconf 84' lang='lat' dir='ltr'><strong>novo,</strong></span> <span class='ocrx_word' id='word_1_323' title='bbox 2637 2585 2780 2640; x_wconf 94' lang='lat' dir='ltr'><strong>quos</strong></span> <span class='ocrx_word' id='word_1_324' title='bbox 2811 2570 2864 2624; x_wconf 91' lang='lat' dir='ltr'><strong>in</strong></span> <span class='ocrx_word' id='word_1_325' title='bbox 2901 2578 2955 2625; x_wconf 89' lang='lat' dir='ltr'><strong>te</strong></span> <span class='ocrx_word' id='word_1_326' title='bbox 2993 2567 3236 2640; x_wconf 84' lang='lat' dir='ltr'><strong>Spiritus</strong></span> <span class='ocrx_word' id='word_1_327' title='bbox 3269 2568 3464 2639; x_wconf 85' lang='lat' dir='ltr'><strong>gratia.</strong></span> 
     </span>
    </p>
   </div>
   <div class='ocr_carea' id='block_1_52' title="bbox 1882 2662 3468 2731">
    <p class='ocr_par' dir='ltr' id='par_1_52' title="bbox 1882 2662 3468 2731">
     <span class='ocr_line' id='line_1_52' title="bbox 1882 2662 3468 2731; baseline -0.001 -16"><span class='ocrx_word' id='word_1_328' title='bbox 1882 2676 2007 2731; x_wconf 62' lang='lat' dir='ltr'><strong>qua</strong></span> <span class='ocrx_word' id='word_1_329' title='bbox 2039 2671 2174 2717; x_wconf 91' lang='lat' dir='ltr'><strong>tunc</strong></span> <span class='ocrx_word' id='word_1_330' title='bbox 2204 2672 2257 2718; x_wconf 92' lang='lat' dir='ltr'><strong>et</strong></span> <span class='ocrx_word' id='word_1_331' title='bbox 2294 2678 2442 2718; x_wconf 88' lang='lat' dir='ltr'><strong>nunc</strong></span> <span class='ocrx_word' id='word_1_332' title='bbox 2473 2666 2684 2720; x_wconf 84' lang='lat' dir='ltr'><strong>sanctis</strong></span> <span class='ocrx_word' id='word_1_333' title='bbox 2714 2663 2896 2718; x_wconf 80' lang='lat' dir='ltr'><strong>illuxit</strong></span> <span class='ocrx_word' id='word_1_334' title='bbox 2930 2662 3212 2727; x_wconf 81' lang='lat' dir='ltr'><strong>Patribus;</strong></span> <span class='ocrx_word' id='word_1_335' title='bbox 3245 2676 3468 2717; x_wconf 84' lang='lat' dir='ltr'><strong>conser-</strong></span> 
     </span>
    </p>
   </div>
   <div class='ocr_carea' id='block_1_53' title="bbox 1884 2754 3470 2827">
    <p class='ocr_par' dir='ltr' id='par_1_53' title="bbox 1884 2754 3470 2827">
     <span class='ocr_line' id='line_1_53' title="bbox 1884 2754 3470 2827; baseline 0.001 -21"><span class='ocrx_word' id='word_1_336' title='bbox 1884 2760 1977 2807; x_wconf 86' lang='lat' dir='ltr'><strong>vet</strong></span> <span class='ocrx_word' id='word_1_337' title='bbox 2008 2770 2104 2825; x_wconf 91' lang='lat' dir='ltr'><strong>per</strong></span> <span class='ocrx_word' id='word_1_338' title='bbox 2127 2755 2436 2827; x_wconf 87' lang='lat' dir='ltr'><strong>largissima</strong></span> <span class='ocrx_word' id='word_1_339' title='bbox 2468 2767 2737 2827; x_wconf 86' lang='lat' dir='ltr'><strong>tempora,</strong></span> <span class='ocrx_word' id='word_1_340' title='bbox 2768 2754 3228 2826; x_wconf 86' lang='lat' dir='ltr'><strong>imperturbabile</strong></span> <span class='ocrx_word' id='word_1_341' title='bbox 3255 2754 3470 2809; x_wconf 88' lang='lat' dir='ltr'><strong>donans</strong></span> 
     </span>
    </p>
   </div>
   <div class='ocr_carea' id='block_1_54' title="bbox 198 2842 3469 2917">
    <p class='ocr_par' dir='ltr' id='par_1_54' title="bbox 198 2842 3469 2917">
     <span class='ocr_line' id='line_1_54' title="bbox 198 2842 3469 2917; baseline 0.001 -21"><span class='ocrx_word' id='word_1_342' title='bbox 198 2843 283 2897; x_wconf 91' lang='lat' dir='ltr'><strong>eis</strong></span> <span class='ocrx_word' id='word_1_343' title='bbox 336 2843 669 2913; x_wconf 89' lang='lat' dir='ltr'><strong>imperium,</strong></span> <span class='ocrx_word' id='word_1_344' title='bbox 724 2843 1082 2913; x_wconf 83' lang='lat' dir='ltr'><strong>hostiumque</strong></span> <span class='ocrx_word' id='word_1_345' title='bbox 1145 2847 1398 2898; x_wconf 82' lang='lat' dir='ltr'><strong>nationes</strong></span> <span class='ocrx_word' id='word_1_346' title='bbox 1442 2851 1569 2899; x_wconf 89' lang='lat' dir='ltr'><strong>ante</strong></span> <span class='ocrx_word' id='word_1_347' title='bbox 1620 2842 1787 2913; x_wconf 83' lang='lat' dir='ltr'><strong>pedes</strong></span> <span class='ocrx_word' id='word_1_348' title='bbox 1827 2852 2177 2913; x_wconf 87' lang='lat' dir='ltr'><strong>prosternat,</strong></span> <span class='ocrx_word' id='word_1_349' title='bbox 2236 2857 2512 2917; x_wconf 90' lang='lat' dir='ltr'><strong>quatenus</strong></span> <span class='ocrx_word' id='word_1_350' title='bbox 2582 2846 2743 2904; x_wconf 91' lang='lat' dir='ltr'><strong>nobis</strong></span> <span class='ocrx_word' id='word_1_351' title='bbox 2800 2848 3071 2904; x_wconf 85' lang='lat' dir='ltr'><strong>honorum</strong></span> <span class='ocrx_word' id='word_1_352' title='bbox 3149 2847 3307 2916; x_wconf 79' lang='lat' dir='ltr'><strong>capia</strong></span> <span class='ocrx_word' id='word_1_353' title='bbox 3362 2861 3469 2900; x_wconf 91' lang='lat' dir='ltr'><strong>nou</strong></span> 
     </span>
    </p>
   </div>
   <div class='ocr_carea' id='block_1_55' title="bbox 196 2938 438 2994">
    <p class='ocr_par' dir='ltr' id='par_1_55' title="bbox 196 2938 438 2994">
     <span class='ocr_line' id='line_1_55' title="bbox 196 2938 438 2994; baseline -0.004 0"><span class='ocrx_word' id='word_1_354' title='bbox 196 2938 438 2994; x_wconf 73' lang='lat' dir='ltr'><strong>deﬁciat.</strong></span> 
     </span>
    </p>
   </div>
   <div class='ocr_carea' id='block_1_56' title="bbox 273 3028 1780 3105">
    <p class='ocr_par' dir='ltr' id='par_1_56' title="bbox 273 3028 1780 3105">
     <span class='ocr_line' id='line_1_56' title="bbox 273 3028 1780 3105; baseline 0 -20"><span class='ocrx_word' id='word_1_355' title='bbox 273 3033 503 3105; x_wconf 83' lang='grc' dir='ltr'>Χαίροις</span> <span class='ocrx_word' id='word_1_356' title='bbox 525 3032 730 3097; x_wconf 84' lang='grc' dir='ltr'>τοίνυν,</span> <span class='ocrx_word' id='word_1_357' title='bbox 749 3028 793 3086; x_wconf 82' lang='grc' dir='ltr'>ὧ</span> <span class='ocrx_word' id='word_1_358' title='bbox 823 3032 1213 3104; x_wconf 79' lang='grc' dir='ltr'>μητροπόλεων</span> <span class='ocrx_word' id='word_1_359' title='bbox 1247 3051 1313 3087; x_wconf 86' lang='grc' dir='ltr'><strong>πε</strong></span> <span class='ocrx_word' id='word_1_360' title='bbox 1325 3032 1530 3104; x_wconf 81' lang='grc' dir='ltr'>ρίδοξον</span> <span class='ocrx_word' id='word_1_361' title='bbox 1560 3033 1780 3097; x_wconf 83' lang='grc' dir='ltr'>κάλλος,</span> 
     </span>
    </p>
   </div>
   <div class='ocr_carea' id='block_1_57' title="bbox 200 3124 1783 3197">
    <p class='ocr_par' dir='ltr' id='par_1_57' title="bbox 200 3124 1783 3197">
     <span class='ocr_line' id='line_1_57' title="bbox 200 3124 1783 3197; baseline -0.001 -19"><span class='ocrx_word' id='word_1_362' title='bbox 200 3126 261 3178; x_wconf 72' lang='grc' dir='ltr'>ὲν</span> <span class='ocrx_word' id='word_1_363' title='bbox 299 3124 507 3189; x_wconf 81' lang='grc' dir='ltr'>τούτοις</span> <span class='ocrx_word' id='word_1_364' title='bbox 529 3167 543 3191; x_wconf 85' lang='grc'><strong>,</strong></span> <span class='ocrx_word' id='word_1_365' title='bbox 579 3126 659 3179; x_wconf 79' lang='grc' dir='ltr'>ὅτι</span> <span class='ocrx_word' id='word_1_366' title='bbox 689 3127 746 3179; x_wconf 78' lang='grc' dir='ltr'>ἐν</span> <span class='ocrx_word' id='word_1_367' title='bbox 781 3126 866 3179; x_wconf 77' lang='grc' dir='ltr'>σοὶ</span> <span class='ocrx_word' id='word_1_368' title='bbox 905 3126 964 3179; x_wconf 81' lang='grc' dir='ltr'>τὸ</span> <span class='ocrx_word' id='word_1_369' title='bbox 1004 3125 1222 3197; x_wconf 85' lang='grc' dir='ltr'>πρῶτον</span> <span class='ocrx_word' id='word_1_370' title='bbox 1250 3128 1390 3196; x_wconf 84' lang='grc' dir='ltr'>ἡμῖν</span> <span class='ocrx_word' id='word_1_371' title='bbox 1419 3125 1527 3179; x_wconf 89' lang='grc' dir='ltr'><strong>τῶν</strong></span> <span class='ocrx_word' id='word_1_372' title='bbox 1561 3125 1783 3193; x_wconf 80' lang='grc' dir='ltr'>ἀγαθῶν</span> 
     </span>
    </p>
   </div>
   <div class='ocr_carea' id='block_1_58' title="bbox 199 3217 1784 3288">
    <p class='ocr_par' dir='ltr' id='par_1_58' title="bbox 199 3217 1784 3288">
     <span class='ocr_line' id='line_1_58' title="bbox 199 3217 1784 3288; baseline -0.001 -18"><span class='ocrx_word' id='word_1_373' title='bbox 199 3218 395 3286; x_wconf 73' lang='grc' dir='ltr'>ἀνέφυ,</span> <span class='ocrx_word' id='word_1_374' title='bbox 430 3220 489 3271; x_wconf 83' lang='grc' dir='ltr'>ὲν</span> <span class='ocrx_word' id='word_1_375' title='bbox 527 3217 614 3270; x_wconf 75' lang='grc' dir='ltr'>σοὶ</span> <span class='ocrx_word' id='word_1_376' title='bbox 658 3217 723 3288; x_wconf 87' lang='grc' dir='ltr'>δὴ</span> <span class='ocrx_word' id='word_1_377' title='bbox 755 3217 848 3269; x_wconf 58' lang='grc' dir='ltr'>καὶ</span> <span class='ocrx_word' id='word_1_378' title='bbox 893 3217 952 3270; x_wconf 74' lang='grc' dir='ltr'><strong>τὸ</strong></span> <span class='ocrx_word' id='word_1_379' title='bbox 998 3217 1176 3282; x_wconf 83' lang='grc' dir='ltr'>τέλος,</span> <span class='ocrx_word' id='word_1_380' title='bbox 1208 3218 1306 3288; x_wconf 89' lang='grc' dir='ltr'><strong>οὐχ</strong></span> <span class='ocrx_word' id='word_1_381' title='bbox 1338 3218 1415 3282; x_wconf 85' lang='grc' dir='ltr'>ὠς</span> <span class='ocrx_word' id='word_1_382' title='bbox 1452 3218 1589 3287; x_wconf 68' lang='grc' dir='ltr'>πρὸς</span> <span class='ocrx_word' id='word_1_383' title='bbox 1627 3217 1784 3283; x_wconf 80' lang='grc' dir='ltr'>ἀξίαν</span> 
     </span>
    </p>
   </div>
   <div class='ocr_carea' id='block_1_59' title="bbox 201 3308 1784 3383">
    <p class='ocr_par' dir='ltr' id='par_1_59' title="bbox 201 3308 1784 3383">
     <span class='ocr_line' id='line_1_59' title="bbox 201 3308 1784 3383; baseline -0.001 -21"><span class='ocrx_word' id='word_1_384' title='bbox 201 3310 343 3383; x_wconf 81' lang='grc' dir='ltr'>πρὸς</span> <span class='ocrx_word' id='word_1_385' title='bbox 372 3308 610 3379; x_wconf 82' lang='grc' dir='ltr'>ἀριθμὸν</span> <span class='ocrx_word' id='word_1_386' title='bbox 641 3308 698 3362; x_wconf 83' lang='grc' dir='ltr'>δὲ</span> <span class='ocrx_word' id='word_1_387' title='bbox 728 3308 849 3379; x_wconf 74' lang='grc' dir='ltr'>ἥτις</span> <span class='ocrx_word' id='word_1_388' title='bbox 885 3308 1003 3361; x_wconf 78' lang='grc' dir='ltr'>ἐστὶ</span> <span class='ocrx_word' id='word_1_389' title='bbox 1048 3308 1156 3363; x_wconf 85' lang='grc' dir='ltr'><strong>τῶν</strong></span> <span class='ocrx_word' id='word_1_390' title='bbox 1182 3308 1529 3362; x_wconf 81' lang='grc' dir='ltr'>σεπτοτάτων</span> <span class='ocrx_word' id='word_1_391' title='bbox 1559 3309 1784 3361; x_wconf 80' lang='grc' dir='ltr'>εἰκόνων</span> 
     </span>
    </p>
   </div>
   <div class='ocr_carea' id='block_1_60' title="bbox 206 3401 1784 3477">
    <p class='ocr_par' dir='ltr' id='par_1_60' title="bbox 206 3401 1784 3477">
     <span class='ocr_line' id='line_1_60' title="bbox 206 3401 1784 3477; baseline -0.001 -20"><span class='ocrx_word' id='word_1_392' title='bbox 206 3409 304 3477; x_wconf 71' lang='grc' dir='ltr'><strong>τῆς</strong></span> <span class='ocrx_word' id='word_1_393' title='bbox 322 3403 618 3473; x_wconf 79' lang='grc' dir='ltr'>καθολικῆς</span> <span class='ocrx_word' id='word_1_394' title='bbox 635 3403 791 3474; x_wconf 81' lang='grc' dir='ltr'>ἡμῶν</span> <span class='ocrx_word' id='word_1_395' title='bbox 828 3403 1208 3473; x_wconf 83' lang='grc' dir='ltr'>Ἑκκλησίαςή</span> <span class='ocrx_word' id='word_1_396' title='bbox 1233 3401 1436 3473; x_wconf 74' lang='grc' dir='ltr'>ἀρχαὶει</span> <span class='ocrx_word' id='word_1_397' title='bbox 1461 3402 1784 3473; x_wconf 83' lang='grc' dir='ltr'>παράδοσις,</span> 
     </span>
    </p>
   </div>
   <div class='ocr_carea' id='block_1_61' title="bbox 202 3494 1789 3566">
    <p class='ocr_par' dir='ltr' id='par_1_61' title="bbox 202 3494 1789 3566">
     <span class='ocr_line' id='line_1_61' title="bbox 202 3494 1789 3566; baseline 0 -20"><span class='ocrx_word' id='word_1_398' title='bbox 202 3496 265 3546; x_wconf 79' lang='grc' dir='ltr'>ἐν</span> <span class='ocrx_word' id='word_1_399' title='bbox 294 3498 407 3558; x_wconf 77' lang='grc' dir='ltr'>τοῖς</span> <span class='ocrx_word' id='word_1_400' title='bbox 438 3495 588 3557; x_wconf 76' lang='grc' dir='ltr'>ἰδίοις</span> <span class='ocrx_word' id='word_1_401' title='bbox 613 3495 1313 3566; x_wconf 82' lang='grc' dir='ltr'>ἀποκατασταθεῖσαὸροις.</span> <span class='ocrx_word' id='word_1_402' title='bbox 1362 3494 1476 3547; x_wconf 84' lang='grc' dir='ltr'>Νῦν</span> <span class='ocrx_word' id='word_1_403' title='bbox 1505 3494 1674 3557; x_wconf 74' lang='grc' dir='ltr'>ὅντως</span> <span class='ocrx_word' id='word_1_404' title='bbox 1705 3494 1789 3547; x_wconf 84' lang='grc' dir='ltr'><strong>εὐ-</strong></span> 
     </span>
    </p>
   </div>
   <div class='ocr_carea' id='block_1_62' title="bbox 203 3586 1790 3661">
    <p class='ocr_par' dir='ltr' id='par_1_62' title="bbox 203 3586 1790 3661">
     <span class='ocr_line' id='line_1_62' title="bbox 203 3586 1790 3661; baseline -0.003 -20"><span class='ocrx_word' id='word_1_405' title='bbox 203 3587 459 3655; x_wconf 69' lang='grc' dir='ltr'>φαίνεται</span> <span class='ocrx_word' id='word_1_406' title='bbox 505 3588 816 3661; x_wconf 80' lang='grc' dir='ltr'>ὁούρανὸς,</span> <span class='ocrx_word' id='word_1_407' title='bbox 885 3592 979 3641; x_wconf 77' lang='grc' dir='ltr'><strong>καὶ</strong></span> <span class='ocrx_word' id='word_1_408' title='bbox 1040 3587 1096 3639; x_wconf 90' lang='grc' dir='ltr'><strong>αἰ</strong></span> <span class='ocrx_word' id='word_1_409' title='bbox 1152 3586 1375 3654; x_wconf 61' lang='grc' dir='ltr'>νεφέλαι</span> <span class='ocrx_word' id='word_1_410' title='bbox 1430 3586 1790 3659; x_wconf 77' lang='grc' dir='ltr'><strong>¹δικαιοσύνην</strong></span> 
     </span>
    </p>
   </div>
   <div class='ocr_carea' id='block_1_63' title="bbox 205 3677 1790 3750">
    <p class='ocr_par' dir='ltr' id='par_1_63' title="bbox 205 3677 1790 3750">
     <span class='ocr_line' id='line_1_63' title="bbox 205 3677 1790 3750; baseline -0.001 -19"><span class='ocrx_word' id='word_1_411' title='bbox 205 3679 581 3742; x_wconf 74' lang='grc' dir='ltr'>άποστάζουσι</span> <span class='ocrx_word' id='word_1_412' title='bbox 605 3697 616 3709; x_wconf 92' lang='grc'><strong>·</strong></span> <span class='ocrx_word' id='word_1_413' title='bbox 652 3681 743 3733; x_wconf 79' lang='grc' dir='ltr'><strong>καί</strong></span> <span class='ocrx_word' id='word_1_414' title='bbox 768 3680 829 3733; x_wconf 83' lang='grc' dir='ltr'>τὸ</span> <span class='ocrx_word' id='word_1_415' title='bbox 877 3680 1197 3750; x_wconf 83' lang='grc' dir='ltr'>μεσότοιχον</span> <span class='ocrx_word' id='word_1_416' title='bbox 1224 3677 1319 3731; x_wconf 90' lang='grc' dir='ltr'><strong>τοῦ</strong></span> <span class='ocrx_word' id='word_1_417' title='bbox 1351 3678 1610 3749; x_wconf 74' lang='grc' dir='ltr'>φραγμοῦ</span> <span class='ocrx_word' id='word_1_418' title='bbox 1635 3678 1790 3731; x_wconf 81' lang='grc' dir='ltr'>λέλυ-</span> 
     </span>
    </p>
   </div>
   <div class='ocr_carea' id='block_1_64' title="bbox 204 3770 1790 3842">
    <p class='ocr_par' dir='ltr' id='par_1_64' title="bbox 204 3770 1790 3842">
     <span class='ocr_line' id='line_1_64' title="bbox 204 3770 1790 3842; baseline -0.003 -17"><span class='ocrx_word' id='word_1_419' title='bbox 204 3790 297 3825; x_wconf 72' lang='grc' dir='ltr'><strong>ται</strong></span> <span class='ocrx_word' id='word_1_420' title='bbox 327 3775 389 3842; x_wconf 81' lang='grc' dir='ltr'>τῇ</span> <span class='ocrx_word' id='word_1_421' title='bbox 416 3771 608 3825; x_wconf 83' lang='grc' dir='ltr'>ἑνώσει</span> <span class='ocrx_word' id='word_1_422' title='bbox 648 3773 746 3841; x_wconf 81' lang='grc' dir='ltr'>τῆς</span> <span class='ocrx_word' id='word_1_423' title='bbox 794 3772 1130 3833; x_wconf 79' lang='grc' dir='ltr'>διαστάσεως</span> <span class='ocrx_word' id='word_1_424' title='bbox 1156 3771 1666 3840; x_wconf 74' lang='grc' dir='ltr'>παραχωρησάσης,</span> <span class='ocrx_word' id='word_1_425' title='bbox 1696 3770 1790 3822; x_wconf 75' lang='grc' dir='ltr'>καὶ</span> 
     </span>
    </p>
   </div>
   <div class='ocr_carea' id='block_1_65' title="bbox 205 3862 1787 3935">
    <p class='ocr_par' dir='ltr' id='par_1_65' title="bbox 205 3862 1787 3935">
     <span class='ocr_line' id='line_1_65' title="bbox 205 3862 1787 3935; baseline -0.002 -19"><span class='ocrx_word' id='word_1_426' title='bbox 205 3872 285 3927; x_wconf 78' lang='grc' dir='ltr'><strong>εἰς</strong></span> <span class='ocrx_word' id='word_1_427' title='bbox 321 3864 449 3935; x_wconf 80' lang='grc' dir='ltr'>μίας</span> <span class='ocrx_word' id='word_1_428' title='bbox 483 3864 866 3934; x_wconf 79' lang='grc' dir='ltr'>ὁμοφροσύνης</span> <span class='ocrx_word' id='word_1_429' title='bbox 913 3864 1226 3933; x_wconf 79' lang='grc' dir='ltr'>σύμπνοιαν</span> <span class='ocrx_word' id='word_1_430' title='bbox 1263 3865 1295 3932; x_wconf 83' lang='grc' dir='ltr'>ἡ</span> <span class='ocrx_word' id='word_1_431' title='bbox 1336 3862 1535 3931; x_wconf 72' lang='grc' dir='ltr'>τετρὰς</span> <span class='ocrx_word' id='word_1_432' title='bbox 1578 3863 1676 3932; x_wconf 81' lang='grc' dir='ltr'>τῆς</span> <span class='ocrx_word' id='word_1_433' title='bbox 1708 3865 1787 3914; x_wconf 86' lang='grc' dir='ltr'>οἰ-</span> 
     </span>
    </p>
   </div>
   <div class='ocr_carea' id='block_1_66' title="bbox 206 3954 1789 4027">
    <p class='ocr_par' dir='ltr' id='par_1_66' title="bbox 206 3954 1789 4027">
     <span class='ocr_line' id='line_1_66' title="bbox 206 3954 1789 4027; baseline -0.001 -19"><span class='ocrx_word' id='word_1_434' title='bbox 206 3960 486 4027; x_wconf 77' lang='grc' dir='ltr'>κουμένης</span> <span class='ocrx_word' id='word_1_435' title='bbox 526 3957 877 4026; x_wconf 84' lang='grc' dir='ltr'>συνήνεκται.</span> <span class='ocrx_word' id='word_1_436' title='bbox 922 3957 1036 4008; x_wconf 85' lang='grc' dir='ltr'>Νῦν</span> <span class='ocrx_word' id='word_1_437' title='bbox 1066 3957 1117 4009; x_wconf 81' lang='grc' dir='ltr'><strong>αἰ</strong></span> <span class='ocrx_word' id='word_1_438' title='bbox 1146 3955 1335 4009; x_wconf 84' lang='grc' dir='ltr'>πολλαί</span> <span class='ocrx_word' id='word_1_439' title='bbox 1375 3956 1483 4007; x_wconf 87' lang='grc' dir='ltr'><strong>τῶν</strong></span> <span class='ocrx_word' id='word_1_440' title='bbox 1514 3954 1789 4025; x_wconf 77' lang='grc' dir='ltr'>διαφόρως</span> 
     </span>
    </p>
   </div>
   <div class='ocr_carea' id='block_1_67' title="bbox 208 4045 1789 4120">
    <p class='ocr_par' dir='ltr' id='par_1_67' title="bbox 208 4045 1789 4120">
     <span class='ocr_line' id='line_1_67' title="bbox 208 4045 1789 4120; baseline -0.002 -18"><span class='ocrx_word' id='word_1_441' title='bbox 208 4049 598 4120; x_wconf 79' lang='grc' dir='ltr'>ὐποσυρέντων</span> <span class='ocrx_word' id='word_1_442' title='bbox 631 4054 710 4113; x_wconf 85' lang='grc' dir='ltr'><strong>εἰς</strong></span> <span class='ocrx_word' id='word_1_443' title='bbox 745 4049 804 4101; x_wconf 76' lang='grc' dir='ltr'>ἓν</span> <span class='ocrx_word' id='word_1_444' title='bbox 847 4048 1245 4119; x_wconf 76' lang='grc' dir='ltr'>συνεληλύθασι</span> <span class='ocrx_word' id='word_1_445' title='bbox 1287 4047 1475 4112; x_wconf 78' lang='grc' dir='ltr'>δόξαι·</span> <span class='ocrx_word' id='word_1_446' title='bbox 1507 4048 1602 4100; x_wconf 79' lang='grc' dir='ltr'>καὶ</span> <span class='ocrx_word' id='word_1_447' title='bbox 1648 4045 1789 4118; x_wconf 83' lang='grc' dir='ltr'>σύμ-</span> 
     </span>
    </p>
   </div>
   <div class='ocr_carea' id='block_1_68' title="bbox 206 4137 1790 4210">
    <p class='ocr_par' dir='ltr' id='par_1_68' title="bbox 206 4137 1790 4210">
     <span class='ocr_line' id='line_1_68' title="bbox 206 4137 1790 4210; baseline -0.001 -18"><span class='ocrx_word' id='word_1_448' title='bbox 206 4157 385 4209; x_wconf 69' lang='grc' dir='ltr'>φωνος</span> <span class='ocrx_word' id='word_1_449' title='bbox 445 4140 615 4210; x_wconf 79' lang='grc' dir='ltr'>ὕμνος</span> <span class='ocrx_word' id='word_1_450' title='bbox 671 4141 779 4200; x_wconf 84' lang='grc' dir='ltr'>ἀπὸ</span> <span class='ocrx_word' id='word_1_451' title='bbox 837 4140 1091 4210; x_wconf 84' lang='grc' dir='ltr'>περάτων</span> <span class='ocrx_word' id='word_1_452' title='bbox 1142 4140 1242 4209; x_wconf 85' lang='grc' dir='ltr'>γῆς</span> <span class='ocrx_word' id='word_1_453' title='bbox 1297 4140 1403 4201; x_wconf 79' lang='grc' dir='ltr'>ἕως</span> <span class='ocrx_word' id='word_1_454' title='bbox 1436 4138 1691 4210; x_wconf 84' lang='grc' dir='ltr'>περάτων</span> <span class='ocrx_word' id='word_1_455' title='bbox 1712 4137 1790 4208; x_wconf 81' lang='grc' dir='ltr'><strong>τῷ</strong></span> 
     </span>
    </p>
   </div>
   <div class='ocr_carea' id='block_1_69' title="bbox 203 4231 1790 4303">
    <p class='ocr_par' dir='ltr' id='par_1_69' title="bbox 203 4231 1790 4303">
     <span class='ocr_line' id='line_1_69' title="bbox 203 4231 1790 4303; baseline 0.001 -20"><span class='ocrx_word' id='word_1_456' title='bbox 203 4232 328 4301; x_wconf 76' lang='grc' dir='ltr'><strong>Θεῷ</strong></span> <span class='ocrx_word' id='word_1_457' title='bbox 386 4232 795 4302; x_wconf 74' lang='grc' dir='ltr'>ἀναπέμπεται.</span> <span class='ocrx_word' id='word_1_458' title='bbox 848 4233 1074 4303; x_wconf 87' lang='grc' dir='ltr'>Χαίροις</span> <span class='ocrx_word' id='word_1_459' title='bbox 1105 4231 1421 4302; x_wconf 85' lang='grc' dir='ltr'>τοιγαροῦν,</span> <span class='ocrx_word' id='word_1_460' title='bbox 1459 4232 1553 4285; x_wconf 80' lang='grc' dir='ltr'>καὶ</span> <span class='ocrx_word' id='word_1_461' title='bbox 1590 4232 1790 4303; x_wconf 85' lang='grc' dir='ltr'>σκίρτα</span> 
     </span>
    </p>
   </div>
   <div class='ocr_carea' id='block_1_70' title="bbox 208 4322 1790 4393">
    <p class='ocr_par' dir='ltr' id='par_1_70' title="bbox 208 4322 1790 4393">
     <span class='ocr_line' id='line_1_70' title="bbox 208 4322 1790 4393; baseline 0.001 -18"><span class='ocrx_word' id='word_1_462' title='bbox 208 4324 304 4375; x_wconf 75' lang='grc' dir='ltr'><strong>ἐπὶ</strong></span> <span class='ocrx_word' id='word_1_463' title='bbox 329 4322 539 4385; x_wconf 74' lang='grc' dir='ltr'>τούτοις</span> <span class='ocrx_word' id='word_1_464' title='bbox 568 4324 663 4375; x_wconf 76' lang='grc' dir='ltr'>καὶ</span> <span class='ocrx_word' id='word_1_465' title='bbox 695 4325 782 4388; x_wconf 80' lang='grc' dir='ltr'>σὺ,</span> <span class='ocrx_word' id='word_1_466' title='bbox 831 4323 1132 4392; x_wconf 84' lang='grc' dir='ltr'>Ἐκκλησία</span> <span class='ocrx_word' id='word_1_467' title='bbox 1161 4322 1448 4391; x_wconf 82' lang='grc' dir='ltr'>καθολικὴ,</span> <span class='ocrx_word' id='word_1_468' title='bbox 1485 4323 1516 4392; x_wconf 85' lang='grc' dir='ltr'><strong>ή</strong></span> <span class='ocrx_word' id='word_1_469' title='bbox 1548 4323 1607 4374; x_wconf 83' lang='grc' dir='ltr'>ὲν</span> <span class='ocrx_word' id='word_1_470' title='bbox 1635 4323 1790 4393; x_wconf 82' lang='grc' dir='ltr'>πάσῃ</span> 
     </span>
    </p>
   </div>
   <div class='ocr_carea' id='block_1_71' title="bbox 207 4412 1790 4488">
    <p class='ocr_par' dir='ltr' id='par_1_71' title="bbox 207 4412 1790 4488">
     <span class='ocr_line' id='line_1_71' title="bbox 207 4412 1790 4488; baseline -0.001 -22"><span class='ocrx_word' id='word_1_471' title='bbox 207 4417 278 4485; x_wconf 77' lang='grc' dir='ltr'>τῇ</span> <span class='ocrx_word' id='word_1_472' title='bbox 303 4414 602 4488; x_wconf 82' lang='grc' dir='ltr'>οἰκουμένῃ</span> <span class='ocrx_word' id='word_1_473' title='bbox 630 4433 644 4448; x_wconf 81' lang='grc' dir='ltr'><strong>ο</strong></span> <span class='ocrx_word' id='word_1_474' title='bbox 676 4415 871 4486; x_wconf 82' lang='grc' dir='ltr'>χόρευε</span> <span class='ocrx_word' id='word_1_475' title='bbox 907 4415 1294 4485; x_wconf 85' lang='grc' dir='ltr'>ἀγαλλιωμένη</span> <span class='ocrx_word' id='word_1_476' title='bbox 1313 4414 1407 4466; x_wconf 72' lang='grc' dir='ltr'><strong>ἐπὶ</strong></span> <span class='ocrx_word' id='word_1_477' title='bbox 1437 4416 1503 4485; x_wconf 79' lang='grc' dir='ltr'>τῇ</span> <span class='ocrx_word' id='word_1_478' title='bbox 1523 4413 1631 4467; x_wconf 83' lang='grc' dir='ltr'><strong>τῶν</strong></span> <span class='ocrx_word' id='word_1_479' title='bbox 1658 4412 1790 4466; x_wconf 92' lang='grc' dir='ltr'>υίῶν</span> 
     </span>
    </p>
   </div>
   <div class='ocr_carea' id='block_1_72' title="bbox 211 4505 1789 4577">
    <p class='ocr_par' dir='ltr' id='par_1_72' title="bbox 211 4505 1789 4577">
     <span class='ocr_line' id='line_1_72' title="bbox 211 4505 1789 4577; baseline 0 -19"><span class='ocrx_word' id='word_1_480' title='bbox 211 4523 310 4558; x_wconf 90' lang='grc' dir='ltr'><strong>σου</strong></span> <span class='ocrx_word' id='word_1_481' title='bbox 344 4506 731 4559; x_wconf 74' lang='grc' dir='ltr'>ὲπανελεύσειο</span> <span class='ocrx_word' id='word_1_482' title='bbox 765 4505 973 4560; x_wconf 84' lang='grc' dir='ltr'>ἀπόθου</span> <span class='ocrx_word' id='word_1_483' title='bbox 1022 4505 1084 4559; x_wconf 81' lang='grc' dir='ltr'>τὸ</span> <span class='ocrx_word' id='word_1_484' title='bbox 1122 4507 1222 4576; x_wconf 81' lang='grc' dir='ltr'>τῆς</span> <span class='ocrx_word' id='word_1_485' title='bbox 1265 4505 1565 4567; x_wconf 82' lang='grc' dir='ltr'>διαλύσεως</span> <span class='ocrx_word' id='word_1_486' title='bbox 1598 4505 1789 4577; x_wconf 76' lang='grc' dir='ltr'>ῥάκος,</span> 
     </span>
    </p>
   </div>
   <div class='ocr_carea' id='block_1_73' title="bbox 1964 3028 3472 3100">
    <p class='ocr_par' dir='ltr' id='par_1_73' title="bbox 1964 3028 3472 3100">
     <span class='ocr_line' id='line_1_73' title="bbox 1964 3028 3472 3100; baseline 0 -15"><span class='ocrx_word' id='word_1_487' title='bbox 1964 3029 2156 3085; x_wconf 87' lang='lat' dir='ltr'><strong>Gaude</strong></span> <span class='ocrx_word' id='word_1_488' title='bbox 2189 3029 2376 3100; x_wconf 87' lang='lat' dir='ltr'><strong>itaque</strong></span> <span class='ocrx_word' id='word_1_489' title='bbox 2407 3028 2461 3083; x_wconf 94' lang='lat' dir='ltr'><strong>in</strong></span> <span class='ocrx_word' id='word_1_490' title='bbox 2492 3028 2599 3096; x_wconf 90' lang='lat' dir='ltr'><strong>his,</strong></span> <span class='ocrx_word' id='word_1_491' title='bbox 2634 3044 2668 3085; x_wconf 90' lang='grc' dir='ltr'><strong>ο</strong></span> <span class='ocrx_word' id='word_1_492' title='bbox 2700 3030 3082 3100; x_wconf 85' lang='lat' dir='ltr'><strong>metropoleon</strong></span> <span class='ocrx_word' id='word_1_493' title='bbox 3110 3028 3311 3099; x_wconf 85' lang='lat' dir='ltr'><strong>inclyta</strong></span> <span class='ocrx_word' id='word_1_494' title='bbox 3344 3044 3472 3098; x_wconf 87' lang='lat' dir='ltr'><strong>spe-</strong></span> 
     </span>
    </p>
   </div>
   <div class='ocr_carea' id='block_1_74' title="bbox 1890 3121 3470 3192">
    <p class='ocr_par' dir='ltr' id='par_1_74' title="bbox 1890 3121 3470 3192">
     <span class='ocr_line' id='line_1_74' title="bbox 1890 3121 3470 3192; baseline -0.001 -15"><span class='ocrx_word' id='word_1_495' title='bbox 1890 3123 2038 3188; x_wconf 90' lang='lat' dir='ltr'><strong>cies;</strong></span> <span class='ocrx_word' id='word_1_496' title='bbox 2097 3123 2357 3191; x_wconf 89' lang='lat' dir='ltr'><strong>quoniam</strong></span> <span class='ocrx_word' id='word_1_497' title='bbox 2419 3122 2473 3176; x_wconf 92' lang='lat' dir='ltr'><strong>iu</strong></span> <span class='ocrx_word' id='word_1_498' title='bbox 2528 3131 2579 3176; x_wconf 90' lang='lat' dir='ltr'><strong>te</strong></span> <span class='ocrx_word' id='word_1_499' title='bbox 2631 3122 2793 3178; x_wconf 85' lang='lat' dir='ltr'><strong>nobis</strong></span> <span class='ocrx_word' id='word_1_500' title='bbox 2850 3131 2905 3177; x_wconf 87' lang='lat' dir='ltr'><strong>et</strong></span> <span class='ocrx_word' id='word_1_501' title='bbox 2957 3122 3136 3192; x_wconf 92' lang='lat' dir='ltr'><strong>primo</strong></span> <span class='ocrx_word' id='word_1_502' title='bbox 3195 3121 3470 3177; x_wconf 91' lang='lat' dir='ltr'><strong>bonorum</strong></span> 
     </span>
    </p>
   </div>
   <div class='ocr_carea' id='block_1_75' title="bbox 1813 3210 3471 3308">
    <p class='ocr_par' dir='ltr' id='par_1_75' title="bbox 1813 3210 3471 3308">
     <span class='ocr_line' id='line_1_75' title="bbox 1813 3210 3471 3308; baseline -0.003 -36"><span class='ocrx_word' id='word_1_503' title='bbox 1813 3248 1857 3308; x_wconf 62' lang='grc' dir='ltr'><em>ς</em></span> <span class='ocrx_word' id='word_1_504' title='bbox 1892 3217 2206 3281; x_wconf 80' lang='lat' dir='ltr'><strong>exordium,</strong></span> <span class='ocrx_word' id='word_1_505' title='bbox 2243 3227 2297 3271; x_wconf 92' lang='lat' dir='ltr'><strong>et</strong></span> <span class='ocrx_word' id='word_1_506' title='bbox 2326 3231 2474 3270; x_wconf 89' lang='lat' dir='ltr'><strong>nunc</strong></span> <span class='ocrx_word' id='word_1_507' title='bbox 2506 3214 2631 3270; x_wconf 84' lang='lat' dir='ltr'><strong>ﬁnis</strong></span> <span class='ocrx_word' id='word_1_508' title='bbox 2661 3224 2888 3269; x_wconf 80' lang='lat' dir='ltr'><strong>exortus</strong></span> <span class='ocrx_word' id='word_1_509' title='bbox 2918 3226 3023 3281; x_wconf 91' lang='lat' dir='ltr'><strong>est,</strong></span> <span class='ocrx_word' id='word_1_510' title='bbox 3073 3210 3471 3269; x_wconf 53' lang='lat' dir='ltr'><strong>uenerabilium</strong></span> 
     </span>
    </p>
   </div>
   <div class='ocr_carea' id='block_1_76' title="bbox 1892 3304 3474 3379">
    <p class='ocr_par' dir='ltr' id='par_1_76' title="bbox 1892 3304 3474 3379">
     <span class='ocr_line' id='line_1_76' title="bbox 1892 3304 3474 3379; baseline -0.001 -18"><span class='ocrx_word' id='word_1_511' title='bbox 1892 3309 2148 3362; x_wconf 85' lang='lat' dir='ltr'><strong>nimirum</strong></span> <span class='ocrx_word' id='word_1_512' title='bbox 2181 3306 2483 3379; x_wconf 79' lang='lat' dir='ltr'><strong>imaginum</strong></span> <span class='ocrx_word' id='word_1_513' title='bbox 2514 3306 2801 3361; x_wconf 73' lang='lat' dir='ltr'><strong>catholica:</strong></span> <span class='ocrx_word' id='word_1_514' title='bbox 2841 3304 3105 3361; x_wconf 76' lang='lat' dir='ltr'><strong>Ecclesiae</strong></span> <span class='ocrx_word' id='word_1_515' title='bbox 3134 3306 3319 3376; x_wconf 91' lang='lat' dir='ltr'><strong>prisca</strong></span> <span class='ocrx_word' id='word_1_516' title='bbox 3360 3315 3474 3361; x_wconf 83' lang='lat' dir='ltr'><strong>tra-</strong></span> 
     </span>
    </p>
   </div>
   <div class='ocr_carea' id='block_1_77' title="bbox 1891 3398 3476 3456">
    <p class='ocr_par' dir='ltr' id='par_1_77' title="bbox 1891 3398 3476 3456">
     <span class='ocr_line' id='line_1_77' title="bbox 1891 3398 3476 3456; baseline -0.001 -2"><span class='ocrx_word' id='word_1_517' title='bbox 1891 3402 2025 3456; x_wconf 89' lang='lat' dir='ltr'><strong>ditio</strong></span> <span class='ocrx_word' id='word_1_518' title='bbox 2056 3401 2109 3455; x_wconf 91' lang='lat' dir='ltr'><strong>in</strong></span> <span class='ocrx_word' id='word_1_519' title='bbox 2143 3403 2262 3455; x_wconf 91' lang='lat' dir='ltr'><strong>suis</strong></span> <span class='ocrx_word' id='word_1_520' title='bbox 2299 3401 2553 3456; x_wconf 87' lang='lat' dir='ltr'><strong>terminis</strong></span> <span class='ocrx_word' id='word_1_521' title='bbox 2584 3399 2861 3456; x_wconf 87' lang='lat' dir='ltr'><strong>restituta.</strong></span> <span class='ocrx_word' id='word_1_522' title='bbox 2900 3398 3060 3454; x_wconf 86' lang='lat' dir='ltr'><strong>Nunc</strong></span> <span class='ocrx_word' id='word_1_523' title='bbox 3092 3414 3224 3454; x_wconf 83' lang='lat' dir='ltr'><strong>vero</strong></span> <span class='ocrx_word' id='word_1_524' title='bbox 3258 3399 3476 3455; x_wconf 64' lang='lat' dir='ltr'><strong>laetatur</strong></span> 
     </span>
    </p>
   </div>
   <div class='ocr_carea' id='block_1_78' title="bbox 1890 3492 3477 3562">
    <p class='ocr_par' dir='ltr' id='par_1_78' title="bbox 1890 3492 3477 3562">
     <span class='ocr_line' id='line_1_78' title="bbox 1890 3492 3477 3562; baseline -0.001 -14"><span class='ocrx_word' id='word_1_525' title='bbox 1890 3493 2114 3560; x_wconf 61' lang='lat' dir='ltr'><strong>celum,</strong></span> <span class='ocrx_word' id='word_1_526' title='bbox 2153 3502 2207 3547; x_wconf 91' lang='lat' dir='ltr'><strong>et</strong></span> <span class='ocrx_word' id='word_1_527' title='bbox 2244 3493 2419 3547; x_wconf 90' lang='lat' dir='ltr'><strong>nubes</strong></span> <span class='ocrx_word' id='word_1_528' title='bbox 2454 3493 2665 3547; x_wconf 89' lang='lat' dir='ltr'><strong>stillant</strong></span> <span class='ocrx_word' id='word_1_529' title='bbox 2708 3492 3003 3562; x_wconf 89' lang='lat' dir='ltr'><strong>justitiam.</strong></span> <span class='ocrx_word' id='word_1_530' title='bbox 3052 3492 3215 3548; x_wconf 83' lang='lat' dir='ltr'><strong>Nunc</strong></span> <span class='ocrx_word' id='word_1_531' title='bbox 3260 3492 3477 3547; x_wconf 89' lang='lat' dir='ltr'><strong>medius</strong></span> 
     </span>
    </p>
   </div>
   <div class='ocr_carea' id='block_1_79' title="bbox 1891 3583 3476 3655">
    <p class='ocr_par' dir='ltr' id='par_1_79' title="bbox 1891 3583 3476 3655">
     <span class='ocr_line' id='line_1_79' title="bbox 1891 3583 3476 3655; baseline -0.001 -16"><span class='ocrx_word' id='word_1_532' title='bbox 1891 3586 2075 3655; x_wconf 86' lang='lat' dir='ltr'><strong>paries</strong></span> <span class='ocrx_word' id='word_1_533' title='bbox 2108 3584 2362 3639; x_wconf 73' lang='lat' dir='ltr'><strong>maceria:</strong></span> <span class='ocrx_word' id='word_1_534' title='bbox 2390 3584 2703 3640; x_wconf 86' lang='lat' dir='ltr'><strong>dissolutus</strong></span> <span class='ocrx_word' id='word_1_535' title='bbox 2753 3594 2841 3640; x_wconf 89' lang='lat' dir='ltr'><strong>est</strong></span> <span class='ocrx_word' id='word_1_536' title='bbox 2875 3584 3124 3639; x_wconf 82' lang='lat' dir='ltr'><strong>unitione</strong></span> <span class='ocrx_word' id='word_1_537' title='bbox 3168 3583 3476 3639; x_wconf 81' lang='lat' dir='ltr'><strong>dissensio—</strong></span> 
     </span>
    </p>
   </div>
   <div class='ocr_carea' id='block_1_80' title="bbox 1893 3677 3475 3747">
    <p class='ocr_par' dir='ltr' id='par_1_80' title="bbox 1893 3677 3475 3747">
     <span class='ocr_line' id='line_1_80' title="bbox 1893 3677 3475 3747; baseline -0.001 -14"><span class='ocrx_word' id='word_1_538' title='bbox 1893 3680 1979 3734; x_wconf 91' lang='lat' dir='ltr'><strong>nis</strong></span> <span class='ocrx_word' id='word_1_539' title='bbox 2009 3693 2296 3744; x_wconf 86' lang='lat' dir='ltr'><strong>concessa,</strong></span> <span class='ocrx_word' id='word_1_540' title='bbox 2339 3685 2393 3732; x_wconf 92' lang='lat' dir='ltr'><strong>et</strong></span> <span class='ocrx_word' id='word_1_541' title='bbox 2436 3678 2493 3732; x_wconf 89' lang='lat' dir='ltr'><strong>in</strong></span> <span class='ocrx_word' id='word_1_542' title='bbox 2537 3677 2701 3733; x_wconf 89' lang='lat' dir='ltr'><strong>unius</strong></span> <span class='ocrx_word' id='word_1_543' title='bbox 2731 3677 3080 3733; x_wconf 88' lang='lat' dir='ltr'><strong>assensionis</strong></span> <span class='ocrx_word' id='word_1_544' title='bbox 3110 3677 3475 3747; x_wconf 90' lang='lat' dir='ltr'><strong>conspiratio-</strong></span> 
     </span>
    </p>
   </div>
   <div class='ocr_carea' id='block_1_81' title="bbox 1896 3768 3476 3841">
    <p class='ocr_par' dir='ltr' id='par_1_81' title="bbox 1896 3768 3476 3841">
     <span class='ocr_line' id='line_1_81' title="bbox 1896 3768 3476 3841; baseline 0.001 -18"><span class='ocrx_word' id='word_1_545' title='bbox 1896 3788 2018 3824; x_wconf 82' lang='lat' dir='ltr'><strong>neut</strong></span> <span class='ocrx_word' id='word_1_546' title='bbox 2078 3770 2424 3841; x_wconf 86' lang='lat' dir='ltr'><strong>quaternitas</strong></span> <span class='ocrx_word' id='word_1_547' title='bbox 2473 3770 2627 3825; x_wconf 90' lang='lat' dir='ltr'><strong>orbis</strong></span> <span class='ocrx_word' id='word_1_548' title='bbox 2682 3778 2845 3825; x_wconf 66' lang='lat' dir='ltr'><strong>terra:</strong></span> <span class='ocrx_word' id='word_1_549' title='bbox 2892 3769 3122 3824; x_wconf 89' lang='lat' dir='ltr'><strong>collecta</strong></span> <span class='ocrx_word' id='word_1_550' title='bbox 3162 3780 3267 3824; x_wconf 88' lang='lat' dir='ltr'><strong>est.</strong></span> <span class='ocrx_word' id='word_1_551' title='bbox 3318 3768 3476 3824; x_wconf 77' lang='lat' dir='ltr'><strong>Nunc</strong></span> 
     </span>
    </p>
   </div>
   <div class='ocr_carea' id='block_1_82' title="bbox 1893 3862 3472 3931">
    <p class='ocr_par' dir='ltr' id='par_1_82' title="bbox 1893 3862 3472 3931">
     <span class='ocr_line' id='line_1_82' title="bbox 1893 3862 3472 3931; baseline 0 -14"><span class='ocrx_word' id='word_1_552' title='bbox 1893 3863 2079 3917; x_wconf 75' lang='lat' dir='ltr'><strong>multa:</strong></span> <span class='ocrx_word' id='word_1_553' title='bbox 2141 3877 2263 3931; x_wconf 68' lang='lat' dir='ltr'><strong>qua:</strong></span> <span class='ocrx_word' id='word_1_554' title='bbox 2318 3863 2373 3917; x_wconf 83' lang='lat' dir='ltr'><strong>in</strong></span> <span class='ocrx_word' id='word_1_555' title='bbox 2434 3863 2653 3917; x_wconf 81' lang='lat' dir='ltr'><strong>diversa</strong></span> <span class='ocrx_word' id='word_1_556' title='bbox 2715 3862 3027 3928; x_wconf 85' lang='lat' dir='ltr'><strong>trahebant,</strong></span> <span class='ocrx_word' id='word_1_557' title='bbox 3100 3874 3472 3917; x_wconf 85' lang='lat' dir='ltr'><strong>convenerunt</strong></span> 
     </span>
    </p>
   </div>
   <div class='ocr_carea' id='block_1_83' title="bbox 1891 3954 3475 4027">
    <p class='ocr_par' dir='ltr' id='par_1_83' title="bbox 1891 3954 3475 4027">
     <span class='ocr_line' id='line_1_83' title="bbox 1891 3954 3475 4027; baseline -0.001 -16"><span class='ocrx_word' id='word_1_558' title='bbox 1891 3956 2206 4027; x_wconf 76' lang='lat' dir='ltr'><strong>opiniones,</strong></span> <span class='ocrx_word' id='word_1_559' title='bbox 2266 3964 2320 4010; x_wconf 85' lang='lat' dir='ltr'><strong>et</strong></span> <span class='ocrx_word' id='word_1_560' title='bbox 2361 3970 2643 4011; x_wconf 89' lang='lat' dir='ltr'><strong>consonus</strong></span> <span class='ocrx_word' id='word_1_561' title='bbox 2685 3957 2923 4027; x_wconf 82' lang='lat' dir='ltr'><strong>hymnus</strong></span> <span class='ocrx_word' id='word_1_562' title='bbox 2975 3970 3005 4008; x_wconf 83' lang='lat' dir='ltr'><strong>a</strong></span> <span class='ocrx_word' id='word_1_563' title='bbox 3058 3954 3261 4009; x_wconf 82' lang='lat' dir='ltr'><strong>ﬁnibus</strong></span> <span class='ocrx_word' id='word_1_564' title='bbox 3315 3963 3475 4010; x_wconf 73' lang='lat' dir='ltr'><strong>terra:</strong></span> 
     </span>
    </p>
   </div>
   <div class='ocr_carea' id='block_1_84' title="bbox 1894 4047 3476 4120">
    <p class='ocr_par' dir='ltr' id='par_1_84' title="bbox 1894 4047 3476 4120">
     <span class='ocr_line' id='line_1_84' title="bbox 1894 4047 3476 4120; baseline -0.003 -15"><span class='ocrx_word' id='word_1_565' title='bbox 1894 4066 2068 4120; x_wconf 86' lang='lat' dir='ltr'><strong>usque</strong></span> <span class='ocrx_word' id='word_1_566' title='bbox 2096 4051 2162 4105; x_wconf 84' lang='lat' dir='ltr'><strong>ad</strong></span> <span class='ocrx_word' id='word_1_567' title='bbox 2206 4051 2340 4104; x_wconf 84' lang='lat' dir='ltr'><strong>lines</strong></span> <span class='ocrx_word' id='word_1_568' title='bbox 2389 4059 2551 4104; x_wconf 72' lang='lat' dir='ltr'><strong>terra:</strong></span> <span class='ocrx_word' id='word_1_569' title='bbox 2598 4047 2708 4103; x_wconf 86' lang='lat' dir='ltr'><strong>Deo</strong></span> <span class='ocrx_word' id='word_1_570' title='bbox 2756 4048 3038 4118; x_wconf 78' lang='lat' dir='ltr'><strong>dirigitur.</strong></span> <span class='ocrx_word' id='word_1_571' title='bbox 3080 4047 3276 4102; x_wconf 84' lang='lat' dir='ltr'><strong>Gaude</strong></span> <span class='ocrx_word' id='word_1_572' title='bbox 3310 4047 3476 4117; x_wconf 76' lang='lat' dir='ltr'><strong>igitur</strong></span> 
     </span>
    </p>
   </div>
   <div class='ocr_carea' id='block_1_85' title="bbox 1893 4138 3473 4214">
    <p class='ocr_par' dir='ltr' id='par_1_85' title="bbox 1893 4138 3473 4214">
     <span class='ocr_line' id='line_1_85' title="bbox 1893 4138 3473 4214; baseline -0.004 -16"><span class='ocrx_word' id='word_1_573' title='bbox 1893 4144 2201 4214; x_wconf 81' lang='lat' dir='ltr'><strong>tripudians</strong></span> <span class='ocrx_word' id='word_1_574' title='bbox 2249 4158 2412 4213; x_wconf 91' lang='lat' dir='ltr'><strong>super</strong></span> <span class='ocrx_word' id='word_1_575' title='bbox 2460 4142 2547 4196; x_wconf 91' lang='lat' dir='ltr'><strong>his</strong></span> <span class='ocrx_word' id='word_1_576' title='bbox 2576 4152 2632 4196; x_wconf 93' lang='lat' dir='ltr'><strong>et</strong></span> <span class='ocrx_word' id='word_1_577' title='bbox 2666 4148 2745 4204; x_wconf 90' lang='lat' dir='ltr'><strong>tu,</strong></span> <span class='ocrx_word' id='word_1_578' title='bbox 2776 4140 3048 4195; x_wconf 88' lang='lat' dir='ltr'><strong>catholica</strong></span> <span class='ocrx_word' id='word_1_579' title='bbox 3096 4138 3365 4201; x_wconf 86' lang='lat' dir='ltr'><strong>Ecclesia,</strong></span> <span class='ocrx_word' id='word_1_580' title='bbox 3420 4140 3473 4193; x_wconf 93' lang='lat' dir='ltr'><strong>iu</strong></span> 
     </span>
    </p>
   </div>
   <div class='ocr_carea' id='block_1_86' title="bbox 1895 4233 3477 4294">
    <p class='ocr_par' dir='ltr' id='par_1_86' title="bbox 1895 4233 3477 4294">
     <span class='ocr_line' id='line_1_86' title="bbox 1895 4233 3477 4294; baseline -0.003 -1"><span class='ocrx_word' id='word_1_581' title='bbox 1895 4248 2008 4294; x_wconf 93' lang='lat' dir='ltr'><strong>toto</strong></span> <span class='ocrx_word' id='word_1_582' title='bbox 2045 4247 2317 4292; x_wconf 86' lang='lat' dir='ltr'><strong>terrarum</strong></span> <span class='ocrx_word' id='word_1_583' title='bbox 2350 4237 2485 4292; x_wconf 88' lang='lat' dir='ltr'><strong>orbe</strong></span> <span class='ocrx_word' id='word_1_584' title='bbox 2514 4236 2733 4292; x_wconf 79' lang='lat' dir='ltr'><strong>ditl‘usa.</strong></span> <span class='ocrx_word' id='word_1_585' title='bbox 2790 4235 2906 4290; x_wconf 94' lang='lat' dir='ltr'><strong>Due</strong></span> <span class='ocrx_word' id='word_1_586' title='bbox 2946 4234 3150 4290; x_wconf 86' lang='lat' dir='ltr'><strong>choros</strong></span> <span class='ocrx_word' id='word_1_587' title='bbox 3193 4233 3477 4289; x_wconf 77' lang='lat' dir='ltr'><strong>exsultans</strong></span> 
     </span>
    </p>
   </div>
   <div class='ocr_carea' id='block_1_87' title="bbox 1896 4324 3477 4401">
    <p class='ocr_par' dir='ltr' id='par_1_87' title="bbox 1896 4324 3477 4401">
     <span class='ocr_line' id='line_1_87' title="bbox 1896 4324 3477 4401; baseline -0.005 -15"><span class='ocrx_word' id='word_1_588' title='bbox 1896 4346 2064 4401; x_wconf 87' lang='lat' dir='ltr'><strong>super</strong></span> <span class='ocrx_word' id='word_1_589' title='bbox 2097 4330 2336 4384; x_wconf 80' lang='lat' dir='ltr'><strong>ﬁliorum</strong></span> <span class='ocrx_word' id='word_1_590' title='bbox 2384 4338 2604 4383; x_wconf 88' lang='lat' dir='ltr'><strong>tuorum</strong></span> <span class='ocrx_word' id='word_1_591' title='bbox 2637 4337 2911 4383; x_wconf 86' lang='lat' dir='ltr'><strong>conventu</strong></span> <span class='ocrx_word' id='word_1_592' title='bbox 2947 4344 2960 4380; x_wconf 93' lang='lat'><strong>:</strong></span> <span class='ocrx_word' id='word_1_593' title='bbox 2998 4327 3215 4396; x_wconf 89' lang='lat' dir='ltr'><strong>depone</strong></span> <span class='ocrx_word' id='word_1_594' title='bbox 3247 4324 3477 4379; x_wconf 77' lang='lat' dir='ltr'><strong>divisio-</strong></span> 
     </span>
    </p>
   </div>
   <div class='ocr_carea' id='block_1_88' title="bbox 1896 4418 3477 4493">
    <p class='ocr_par' dir='ltr' id='par_1_88' title="bbox 1896 4418 3477 4493">
     <span class='ocr_line' id='line_1_88' title="bbox 1896 4418 3477 4493; baseline -0.004 -15"><span class='ocrx_word' id='word_1_595' title='bbox 1896 4424 1981 4479; x_wconf 89' lang='lat' dir='ltr'><strong>nis</strong></span> <span class='ocrx_word' id='word_1_596' title='bbox 2016 4438 2252 4493; x_wconf 88' lang='lat' dir='ltr'><strong>pannos,</strong></span> <span class='ocrx_word' id='word_1_597' title='bbox 2294 4432 2350 4477; x_wconf 84' lang='lat' dir='ltr'><strong>et</strong></span> <span class='ocrx_word' id='word_1_598' title='bbox 2394 4420 2626 4476; x_wconf 85' lang='lat' dir='ltr'><strong>induere</strong></span> <span class='ocrx_word' id='word_1_599' title='bbox 2665 4420 2877 4491; x_wconf 84' lang='lat' dir='ltr'><strong>integra</strong></span> <span class='ocrx_word' id='word_1_600' title='bbox 2918 4418 3239 4474; x_wconf 65' lang='lat' dir='ltr'><strong>orthodoxa:</strong></span> <span class='ocrx_word' id='word_1_601' title='bbox 3289 4418 3477 4471; x_wconf 91' lang='lat' dir='ltr'><strong>tunica</strong></span> 
     </span>
    </p>
   </div>
   <div class='ocr_carea' id='block_1_89' title="bbox 1897 4508 3479 4581">
    <p class='ocr_par' dir='ltr' id='par_1_89' title="bbox 1897 4508 3479 4581">
     <span class='ocr_line' id='line_1_89' title="bbox 1897 4508 3479 4581; baseline -0.005 -11"><span class='ocrx_word' id='word_1_602' title='bbox 1897 4515 2145 4571; x_wconf 89' lang='lat' dir='ltr'><strong>unitatis.</strong></span> <span class='ocrx_word' id='word_1_603' title='bbox 2201 4512 2322 4567; x_wconf 83' lang='lat' dir='ltr'><strong>Jam</strong></span> <span class='ocrx_word' id='word_1_604' title='bbox 2376 4528 2485 4568; x_wconf 89' lang='lat' dir='ltr'><strong>non</strong></span> <span class='ocrx_word' id='word_1_605' title='bbox 2532 4513 2765 4581; x_wconf 86' lang='lat' dir='ltr'><strong>.poueris</strong></span> <span class='ocrx_word' id='word_1_606' title='bbox 2819 4510 3179 4581; x_wconf 86' lang='lat' dir='ltr'><strong>opprobrium</strong></span> <span class='ocrx_word' id='word_1_607' title='bbox 3236 4508 3479 4562; x_wconf 82' lang='lat' dir='ltr'><strong>inimicis</strong></span> 
     </span>
    </p>
   </div>
   <div class='ocr_carea' id='block_1_90' title="bbox 211 4596 1784 4674">
    <p class='ocr_par' dir='ltr' id='par_1_90' title="bbox 211 4596 1784 4669">
     <span class='ocr_line' id='line_1_90' title="bbox 211 4596 1784 4669; baseline 0 -18"><span class='ocrx_word' id='word_1_608' title='bbox 211 4598 308 4651; x_wconf 74' lang='grc' dir='ltr'>καὶ</span> <span class='ocrx_word' id='word_1_609' title='bbox 342 4598 559 4651; x_wconf 77' lang='grc' dir='ltr'>ἔνδυσαι</span> <span class='ocrx_word' id='word_1_610' title='bbox 609 4598 700 4650; x_wconf 76' lang='grc' dir='ltr'>τὸν</span> <span class='ocrx_word' id='word_1_611' title='bbox 739 4599 1036 4669; x_wconf 84' lang='grc' dir='ltr'>ὁλόκληρον</span> <span class='ocrx_word' id='word_1_612' title='bbox 1085 4598 1184 4668; x_wconf 79' lang='grc' dir='ltr'>τῆς</span> <span class='ocrx_word' id='word_1_613' title='bbox 1208 4597 1490 4668; x_wconf 79' lang='grc' dir='ltr'>όρθοδόξου</span> <span class='ocrx_word' id='word_1_614' title='bbox 1542 4596 1784 4662; x_wconf 84' lang='grc' dir='ltr'>ὲνώσεως</span> 
     </span>
    </p>
   </div>
   <div class='ocr_carea' id='block_1_91' title="bbox 1884 4596 3478 4674">
    <p class='ocr_par' dir='ltr' id='par_1_91' title="bbox 1898 4601 3478 4674">
     <span class='ocr_line' id='line_1_91' title="bbox 1898 4601 3478 4674; baseline -0.005 -11"><span class='ocrx_word' id='word_1_615' title='bbox 1898 4608 2030 4674; x_wconf 89' lang='lat' dir='ltr'><strong>tuis,</strong></span> <span class='ocrx_word' id='word_1_616' title='bbox 2077 4606 2445 4663; x_wconf 88' lang='lat' dir='ltr'><strong>subsannatio</strong></span> <span class='ocrx_word' id='word_1_617' title='bbox 2475 4614 2531 4661; x_wconf 87' lang='lat' dir='ltr'><strong>et</strong></span> <span class='ocrx_word' id='word_1_618' title='bbox 2558 4605 2767 4660; x_wconf 87' lang='lat' dir='ltr'><strong>derisio</strong></span> <span class='ocrx_word' id='word_1_619' title='bbox 2790 4604 3008 4674; x_wconf 82' lang='lat' dir='ltr'><strong>pupulis</strong></span> <span class='ocrx_word' id='word_1_620' title='bbox 3032 4602 3127 4673; x_wconf 91' lang='lat' dir='ltr'><strong>qui</strong></span> <span class='ocrx_word' id='word_1_621' title='bbox 3159 4603 3213 4655; x_wconf 89' lang='lat' dir='ltr'><strong>in</strong></span> <span class='ocrx_word' id='word_1_622' title='bbox 3240 4601 3478 4657; x_wconf 89' lang='lat' dir='ltr'><strong>circuitu</strong></span> 
     </span>
    </p>
   </div>
   <div class='ocr_carea' id='block_1_92' title="bbox 211 4687 1795 4761">
    <p class='ocr_par' dir='ltr' id='par_1_92' title="bbox 211 4687 1795 4761">
     <span class='ocr_line' id='line_1_92' title="bbox 211 4687 1795 4761; baseline 0 -20"><span class='ocrx_word' id='word_1_623' title='bbox 211 4690 438 4761; x_wconf 85' lang='grc' dir='ltr'>χιτῶνα.</span> <span class='ocrx_word' id='word_1_624' title='bbox 474 4689 673 4742; x_wconf 82' lang='grc' dir='ltr'>Οὐκέτι</span> <span class='ocrx_word' id='word_1_625' title='bbox 703 4688 907 4760; x_wconf 77' lang='grc' dir='ltr'>τεθήσῃ</span> <span class='ocrx_word' id='word_1_626' title='bbox 932 4688 1134 4750; x_wconf 76' lang='grc' dir='ltr'>ὄνειδος</span> <span class='ocrx_word' id='word_1_627' title='bbox 1160 4690 1271 4750; x_wconf 85' lang='grc' dir='ltr'>τοῖς</span> <span class='ocrx_word' id='word_1_628' title='bbox 1303 4687 1511 4755; x_wconf 84' lang='grc' dir='ltr'>γείτοσί</span> <span class='ocrx_word' id='word_1_629' title='bbox 1548 4704 1665 4751; x_wconf 90' lang='grc' dir='ltr'>σου,</span> <span class='ocrx_word' id='word_1_630' title='bbox 1698 4705 1795 4758; x_wconf 85' lang='grc' dir='ltr'>μυ-</span> 
     </span>
    </p>
   </div>
   <div class='ocr_carea' id='block_1_93' title="bbox 209 4778 1789 4853">
    <p class='ocr_par' dir='ltr' id='par_1_93' title="bbox 209 4778 1789 4853">
     <span class='ocr_line' id='line_1_93' title="bbox 209 4778 1789 4853; baseline -0.003 -15"><span class='ocrx_word' id='word_1_631' title='bbox 209 4782 519 4853; x_wconf 84' lang='grc' dir='ltr'>κτηρισμὸς</span> <span class='ocrx_word' id='word_1_632' title='bbox 578 4783 668 4835; x_wconf 75' lang='grc' dir='ltr'>καὶ</span> <span class='ocrx_word' id='word_1_633' title='bbox 724 4779 1036 4853; x_wconf 82' lang='grc' dir='ltr'>χλευασμὸς</span> <span class='ocrx_word' id='word_1_634' title='bbox 1092 4781 1207 4843; x_wconf 87' lang='grc' dir='ltr'>τοῖς</span> <span class='ocrx_word' id='word_1_635' title='bbox 1253 4778 1438 4848; x_wconf 87' lang='grc' dir='ltr'>κύκλῳ</span> <span class='ocrx_word' id='word_1_636' title='bbox 1486 4796 1581 4831; x_wconf 90' lang='grc' dir='ltr'><strong>σου</strong></span> <span class='ocrx_word' id='word_1_637' title='bbox 1618 4778 1789 4843; x_wconf 82' lang='grc' dir='ltr'>λαοῖς.</span> 
     </span>
    </p>
   </div>
   <div class='ocr_carea' id='block_1_94' title="bbox 209 4866 1794 4941">
    <p class='ocr_par' dir='ltr' id='par_1_94' title="bbox 209 4866 1794 4941">
     <span class='ocr_line' id='line_1_94' title="bbox 209 4866 1794 4941; baseline -0.002 -17"><span class='ocrx_word' id='word_1_638' title='bbox 209 4872 415 4924; x_wconf 82' lang='grc' dir='ltr'>Οὐκέτι</span> <span class='ocrx_word' id='word_1_639' title='bbox 458 4870 750 4941; x_wconf 71' lang='grc' dir='ltr'>φοϐηθήσῃ</span> <span class='ocrx_word' id='word_1_640' title='bbox 794 4866 1177 4935; x_wconf 72' lang='grc' dir='ltr'>ἑξουδενώσεις</span> <span class='ocrx_word' id='word_1_641' title='bbox 1204 4866 1379 4920; x_wconf 81' lang='grc' dir='ltr'>ἀθέων</span> <span class='ocrx_word' id='word_1_642' title='bbox 1411 4867 1501 4919; x_wconf 81' lang='grc' dir='ltr'>καὶ</span> <span class='ocrx_word' id='word_1_643' title='bbox 1532 4868 1794 4938; x_wconf 86' lang='grc' dir='ltr'>ἀμυήτων</span> 
     </span>
    </p>
   </div>
   <div class='ocr_carea' id='block_1_95' title="bbox 210 4955 1793 5033">
    <p class='ocr_par' dir='ltr' id='par_1_95' title="bbox 210 4955 1793 5033">
     <span class='ocr_line' id='line_1_95' title="bbox 210 4955 1793 5033; baseline -0.001 -21"><span class='ocrx_word' id='word_1_644' title='bbox 210 4961 313 5017; x_wconf 86' lang='grc' dir='ltr'><strong>ἁνο</strong></span> <span class='ocrx_word' id='word_1_645' title='bbox 324 4962 544 5033; x_wconf 87' lang='grc' dir='ltr'>ρώπων,</span> <span class='ocrx_word' id='word_1_646' title='bbox 578 4958 849 5031; x_wconf 82' lang='grc' dir='ltr'>Ἐὁραίων</span> <span class='ocrx_word' id='word_1_647' title='bbox 892 4957 957 5029; x_wconf 81' lang='grc' dir='ltr'>δὴ</span> <span class='ocrx_word' id='word_1_648' title='bbox 986 4957 1131 5023; x_wconf 86' lang='grc' dir='ltr'>λέγω</span> <span class='ocrx_word' id='word_1_649' title='bbox 1148 4955 1575 5028; x_wconf 71' lang='grc' dir='ltr'>καὶἈγαρηνῶν</span> <span class='ocrx_word' id='word_1_650' title='bbox 1596 4974 1610 4989; x_wconf 80' lang='grc' dir='ltr'><strong>ο</strong></span> <span class='ocrx_word' id='word_1_651' title='bbox 1629 4958 1705 5021; x_wconf 87' lang='grc' dir='ltr'><strong>ώς</strong></span> <span class='ocrx_word' id='word_1_652' title='bbox 1730 4957 1793 5028; x_wconf 85' lang='grc' dir='ltr'>δή</span> 
     </span>
    </p>
   </div>
   <div class='ocr_carea' id='block_1_96' title="bbox 213 5040 1794 5125">
    <p class='ocr_par' dir='ltr' id='par_1_96' title="bbox 213 5040 1794 5125">
     <span class='ocr_line' id='line_1_96' title="bbox 213 5040 1794 5125; baseline -0.003 -18"><span class='ocrx_word' id='word_1_653' title='bbox 213 5070 301 5107; x_wconf 92' lang='grc' dir='ltr'><strong>σοι</strong></span> <span class='ocrx_word' id='word_1_654' title='bbox 339 5054 413 5125; x_wconf 82' lang='grc' dir='ltr'>μὴ</span> <span class='ocrx_word' id='word_1_655' title='bbox 462 5040 558 5106; x_wconf 80' lang='grc' dir='ltr'><strong>τοῦ</strong></span> <span class='ocrx_word' id='word_1_656' title='bbox 601 5050 809 5104; x_wconf 86' lang='grc' dir='ltr'>τελείου</span> <span class='ocrx_word' id='word_1_657' title='bbox 861 5050 961 5121; x_wconf 84' lang='grc' dir='ltr'><strong>τῆς</strong></span> <span class='ocrx_word' id='word_1_658' title='bbox 993 5050 1231 5113; x_wconf 86' lang='grc' dir='ltr'>πίστεως</span> <span class='ocrx_word' id='word_1_659' title='bbox 1259 5052 1378 5113; x_wconf 83' lang='grc' dir='ltr'>ταῖς</span> <span class='ocrx_word' id='word_1_660' title='bbox 1406 5050 1794 5117; x_wconf 86' lang='grc' dir='ltr'>ἀποστολικαῖς</span> 
     </span>
    </p>
   </div>
   <div class='ocr_carea' id='block_1_97' title="bbox 211 5140 1796 5216">
    <p class='ocr_par' dir='ltr' id='par_1_97' title="bbox 211 5140 1796 5216">
     <span class='ocr_line' id='line_1_97' title="bbox 211 5140 1796 5216; baseline -0.003 -17"><span class='ocrx_word' id='word_1_661' title='bbox 211 5144 620 5216; x_wconf 77' lang='grc' dir='ltr'>παραδοθέντος</span> <span class='ocrx_word' id='word_1_662' title='bbox 656 5143 1050 5205; x_wconf 86' lang='grc' dir='ltr'>διδασκαλίαις.</span> <span class='ocrx_word' id='word_1_663' title='bbox 1090 5142 1289 5195; x_wconf 82' lang='grc' dir='ltr'>Οὐκέτι</span> <span class='ocrx_word' id='word_1_664' title='bbox 1319 5140 1417 5211; x_wconf 79' lang='grc' dir='ltr'>τὴν</span> <span class='ocrx_word' id='word_1_665' title='bbox 1453 5145 1517 5195; x_wconf 86' lang='grc' dir='ltr'><strong>έκ</strong></span> <span class='ocrx_word' id='word_1_666' title='bbox 1553 5143 1648 5195; x_wconf 84' lang='grc' dir='ltr'><strong>τοῦ</strong></span> <span class='ocrx_word' id='word_1_667' title='bbox 1676 5143 1796 5207; x_wconf 77' lang='grc' dir='ltr'>ἑνὸς</span> 
     </span>
    </p>
   </div>
   <div class='ocr_carea' id='block_1_98' title="bbox 208 5232 1795 5306">
    <p class='ocr_par' dir='ltr' id='par_1_98' title="bbox 208 5232 1795 5306">
     <span class='ocr_line' id='line_1_98' title="bbox 208 5232 1795 5306; baseline -0.004 -15"><span class='ocrx_word' id='word_1_668' title='bbox 208 5236 351 5291; x_wconf 80' lang='grc' dir='ltr'>Θεοῦ</span> <span class='ocrx_word' id='word_1_669' title='bbox 403 5236 761 5306; x_wconf 71' lang='grc' dir='ltr'>ἀναφοίτησιν</span> <span class='ocrx_word' id='word_1_670' title='bbox 806 5234 895 5288; x_wconf 82' lang='grc' dir='ltr'><strong>διά</strong></span> <span class='ocrx_word' id='word_1_671' title='bbox 949 5234 1052 5304; x_wconf 84' lang='grc' dir='ltr'>τὴν</span> <span class='ocrx_word' id='word_1_672' title='bbox 1080 5232 1218 5303; x_wconf 82' lang='grc' dir='ltr'>πρὸς</span> <span class='ocrx_word' id='word_1_673' title='bbox 1247 5235 1373 5297; x_wconf 81' lang='grc' dir='ltr'>τοὺς</span> <span class='ocrx_word' id='word_1_674' title='bbox 1416 5233 1583 5286; x_wconf 89' lang='grc' dir='ltr'>αὐτοῦ</span> <span class='ocrx_word' id='word_1_675' title='bbox 1609 5234 1795 5302; x_wconf 78' lang='grc' dir='ltr'>φίλους</span> 
     </span>
    </p>
   </div>
   <div class='ocr_carea' id='block_1_99' title="bbox 212 5325 1797 5400">
    <p class='ocr_par' dir='ltr' id='par_1_99' title="bbox 212 5325 1797 5400">
     <span class='ocr_line' id='line_1_99' title="bbox 212 5325 1797 5400; baseline -0.002 -18"><span class='ocrx_word' id='word_1_676' title='bbox 212 5329 682 5400; x_wconf 87' lang='grc' dir='ltr'>πρεπωδεστάτην</span> <span class='ocrx_word' id='word_1_677' title='bbox 708 5327 876 5398; x_wconf 82' lang='grc' dir='ltr'>τιμὴν</span> <span class='ocrx_word' id='word_1_678' title='bbox 892 5328 1003 5389; x_wconf 77' lang='grc' dir='ltr'>τοῖς</span> <span class='ocrx_word' id='word_1_679' title='bbox 1024 5325 1134 5379; x_wconf 86' lang='grc' dir='ltr'><strong>τῶν</strong></span> <span class='ocrx_word' id='word_1_680' title='bbox 1163 5325 1458 5397; x_wconf 88' lang='grc' dir='ltr'>αἰρετικῶν</span> <span class='ocrx_word' id='word_1_681' title='bbox 1480 5325 1797 5398; x_wconf 77' lang='grc' dir='ltr'>ἐγκληθήσῃ</span> 
     </span>
    </p>
   </div>
   <div class='ocr_carea' id='block_1_100' title="bbox 215 5416 1797 5489">
    <p class='ocr_par' dir='ltr' id='par_1_100' title="bbox 215 5416 1797 5489">
     <span class='ocr_line' id='line_1_100' title="bbox 215 5416 1797 5489; baseline -0.003 -16"><span class='ocrx_word' id='word_1_682' title='bbox 215 5420 504 5489; x_wconf 87' lang='grc' dir='ltr'>στόμασιν.</span> <span class='ocrx_word' id='word_1_683' title='bbox 530 5420 729 5473; x_wconf 79' lang='grc' dir='ltr'>Οὐκέτι</span> <span class='ocrx_word' id='word_1_684' title='bbox 762 5421 875 5482; x_wconf 84' lang='grc' dir='ltr'>τοῖς</span> <span class='ocrx_word' id='word_1_685' title='bbox 902 5418 1012 5470; x_wconf 92' lang='grc' dir='ltr'><strong>τῶν</strong></span> <span class='ocrx_word' id='word_1_686' title='bbox 1042 5416 1278 5470; x_wconf 76' lang='grc' dir='ltr'>εἰδώλων</span> <span class='ocrx_word' id='word_1_687' title='bbox 1319 5418 1575 5485; x_wconf 90' lang='grc' dir='ltr'>τεμένεσι</span> <span class='ocrx_word' id='word_1_688' title='bbox 1606 5419 1664 5470; x_wconf 85' lang='grc' dir='ltr'>ὲν</span> <span class='ocrx_word' id='word_1_689' title='bbox 1697 5417 1797 5488; x_wconf 79' lang='grc' dir='ltr'><strong>ἰσῳ</strong></span> 
     </span>
    </p>
   </div>
   <div class='ocr_carea' id='block_1_101' title="bbox 215 5508 1796 5583">
    <p class='ocr_par' dir='ltr' id='par_1_101' title="bbox 215 5508 1796 5583">
     <span class='ocr_line' id='line_1_101' title="bbox 215 5508 1796 5583; baseline -0.002 -17"><span class='ocrx_word' id='word_1_690' title='bbox 215 5512 663 5583; x_wconf 76' lang='grc' dir='ltr'>καταλογισθήσῃ</span> <span class='ocrx_word' id='word_1_691' title='bbox 691 5551 705 5575; x_wconf 92' lang='grc'><strong>,</strong></span> <span class='ocrx_word' id='word_1_692' title='bbox 742 5511 829 5565; x_wconf 83' lang='grc' dir='ltr'>διὰ</span> <span class='ocrx_word' id='word_1_693' title='bbox 880 5509 979 5581; x_wconf 82' lang='grc' dir='ltr'>τὴν</span> <span class='ocrx_word' id='word_1_694' title='bbox 1007 5512 1063 5563; x_wconf 78' lang='grc' dir='ltr'>ἐν</span> <span class='ocrx_word' id='word_1_695' title='bbox 1105 5511 1190 5563; x_wconf 73' lang='grc' dir='ltr'>σοὶ</span> <span class='ocrx_word' id='word_1_696' title='bbox 1229 5508 1338 5563; x_wconf 85' lang='grc' dir='ltr'><strong>τῶν</strong></span> <span class='ocrx_word' id='word_1_697' title='bbox 1366 5511 1675 5581; x_wconf 79' lang='grc' dir='ltr'>ἰερωτάτων</span> <span class='ocrx_word' id='word_1_698' title='bbox 1704 5512 1796 5563; x_wconf 70' lang='grc' dir='ltr'>καὶ</span> 
     </span>
    </p>
   </div>
   <div class='ocr_carea' id='block_1_102' title="bbox 216 5587 1309 5673">
    <p class='ocr_par' dir='ltr' id='par_1_102' title="bbox 216 5587 1309 5673">
     <span class='ocr_line' id='line_1_102' title="bbox 216 5587 1309 5673; baseline -0.003 -15"><span class='ocrx_word' id='word_1_699' title='bbox 216 5587 435 5658; x_wconf 76' lang='grc' dir='ltr'>σεπτῶν</span> <span class='ocrx_word' id='word_1_700' title='bbox 464 5604 636 5672; x_wconf 78' lang='grc' dir='ltr'>ἁγίων</span> <span class='ocrx_word' id='word_1_701' title='bbox 664 5605 889 5657; x_wconf 83' lang='grc' dir='ltr'>εἰκόνων</span> <span class='ocrx_word' id='word_1_702' title='bbox 912 5602 1309 5673; x_wconf 82' lang='grc' dir='ltr'>ἀναστήλωσιν.</span> 
     </span>
    </p>
   </div>
   <div class='ocr_carea' id='block_1_103' title="bbox 290 5691 1797 5765">
    <p class='ocr_par' dir='ltr' id='par_1_103' title="bbox 290 5691 1797 5765">
     <span class='ocr_line' id='line_1_103' title="bbox 290 5691 1797 5765; baseline -0.001 -18"><span class='ocrx_word' id='word_1_703' title='bbox 290 5695 510 5765; x_wconf 80' lang='grc' dir='ltr'>Πρέπον</span> <span class='ocrx_word' id='word_1_704' title='bbox 560 5695 669 5765; x_wconf 88' lang='grc' dir='ltr'><strong>γάρ</strong></span> <span class='ocrx_word' id='word_1_705' title='bbox 729 5711 811 5747; x_wconf 91' lang='grc' dir='ltr'><strong>σοι</strong></span> <span class='ocrx_word' id='word_1_706' title='bbox 841 5694 916 5759; x_wconf 82' lang='grc' dir='ltr'>ὡς</span> <span class='ocrx_word' id='word_1_707' title='bbox 964 5694 1041 5765; x_wconf 83' lang='grc' dir='ltr'>τῷ</span> <span class='ocrx_word' id='word_1_708' title='bbox 1074 5694 1284 5764; x_wconf 87' lang='grc' dir='ltr'>βασιλεί</span> <span class='ocrx_word' id='word_1_709' title='bbox 1317 5692 1422 5746; x_wconf 83' lang='grc' dir='ltr'><strong>τῶν</strong></span> <span class='ocrx_word' id='word_1_710' title='bbox 1445 5691 1660 5746; x_wconf 87' lang='grc' dir='ltr'>αἰώνων</span> <span class='ocrx_word' id='word_1_711' title='bbox 1685 5694 1797 5763; x_wconf 82' lang='grc' dir='ltr'>Υἰῷ</span> 
     </span>
    </p>
   </div>
   <div class='ocr_carea' id='block_1_104' title="bbox 218 5785 1796 5858">
    <p class='ocr_par' dir='ltr' id='par_1_104' title="bbox 218 5785 1796 5858">
     <span class='ocr_line' id='line_1_104' title="bbox 218 5785 1796 5858; baseline -0.002 -17"><span class='ocrx_word' id='word_1_712' title='bbox 218 5791 315 5841; x_wconf 70' lang='grc' dir='ltr'>καὶ</span> <span class='ocrx_word' id='word_1_713' title='bbox 346 5787 504 5857; x_wconf 78' lang='grc' dir='ltr'>Λόγῳ</span> <span class='ocrx_word' id='word_1_714' title='bbox 533 5788 626 5840; x_wconf 79' lang='grc' dir='ltr'><strong>τοῦ</strong></span> <span class='ocrx_word' id='word_1_715' title='bbox 658 5787 795 5841; x_wconf 88' lang='grc' dir='ltr'>Θεοῦ</span> <span class='ocrx_word' id='word_1_716' title='bbox 826 5786 1221 5858; x_wconf 69' lang='grc' dir='ltr'>νυμφευθείσῃ,</span> <span class='ocrx_word' id='word_1_717' title='bbox 1252 5785 1351 5856; x_wconf 81' lang='grc' dir='ltr'>τὴν</span> <span class='ocrx_word' id='word_1_718' title='bbox 1394 5786 1497 5854; x_wconf 77' lang='grc' dir='ltr'>τῆς</span> <span class='ocrx_word' id='word_1_719' title='bbox 1528 5786 1796 5856; x_wconf 79' lang='grc' dir='ltr'>ὲνσάρκου</span> 
     </span>
    </p>
   </div>
   <div class='ocr_carea' id='block_1_105' title="bbox 218 5879 1796 5952">
    <p class='ocr_par' dir='ltr' id='par_1_105' title="bbox 218 5879 1796 5952">
     <span class='ocr_line' id='line_1_105' title="bbox 218 5879 1796 5952; baseline -0.001 -15"><span class='ocrx_word' id='word_1_720' title='bbox 218 5880 390 5937; x_wconf 82' lang='grc' dir='ltr'>αὐτοῦ</span> <span class='ocrx_word' id='word_1_721' title='bbox 419 5882 736 5952; x_wconf 73' lang='grc' dir='ltr'>οἰκονομίας</span> <span class='ocrx_word' id='word_1_722' title='bbox 756 5882 1228 5952; x_wconf 83' lang='grc' dir='ltr'>ἀνθρωπόμορφον</span> <span class='ocrx_word' id='word_1_723' title='bbox 1252 5880 1435 5934; x_wconf 84' lang='grc' dir='ltr'>εἰκόνα</span> <span class='ocrx_word' id='word_1_724' title='bbox 1465 5879 1553 5932; x_wconf 88' lang='grc' dir='ltr'>διὰ</span> <span class='ocrx_word' id='word_1_725' title='bbox 1575 5883 1796 5952; x_wconf 77' lang='grc' dir='ltr'>γραφῆς</span> 
     </span>
    </p>
   </div>
   <div class='ocr_carea' id='block_1_106' title="bbox 1897 4696 3477 4768">
    <p class='ocr_par' dir='ltr' id='par_1_106' title="bbox 1897 4696 3477 4768">
     <span class='ocr_line' id='line_1_106' title="bbox 1897 4696 3477 4768; baseline -0.005 -13"><span class='ocrx_word' id='word_1_726' title='bbox 1897 4710 1990 4755; x_wconf 89' lang='lat' dir='ltr'><strong>tuo</strong></span> <span class='ocrx_word' id='word_1_727' title='bbox 2026 4708 2174 4756; x_wconf 90' lang='lat' dir='ltr'><strong>sunt.</strong></span> <span class='ocrx_word' id='word_1_728' title='bbox 2209 4697 2329 4754; x_wconf 85' lang='lat' dir='ltr'><strong>Non</strong></span> <span class='ocrx_word' id='word_1_729' title='bbox 2364 4699 2478 4767; x_wconf 86' lang='lat' dir='ltr'><strong>jam</strong></span> <span class='ocrx_word' id='word_1_730' title='bbox 2521 4698 2740 4753; x_wconf 90' lang='lat' dir='ltr'><strong>timebis</strong></span> <span class='ocrx_word' id='word_1_731' title='bbox 2779 4705 3127 4768; x_wconf 90' lang='lat' dir='ltr'><strong>contemptus</strong></span> <span class='ocrx_word' id='word_1_732' title='bbox 3172 4696 3477 4759; x_wconf 91' lang='lat' dir='ltr'><strong>hominum,</strong></span> 
     </span>
    </p>
   </div>
   <div class='ocr_carea' id='block_1_107' title="bbox 1895 4786 3480 4859">
    <p class='ocr_par' dir='ltr' id='par_1_107' title="bbox 1895 4786 3480 4859">
     <span class='ocr_line' id='line_1_107' title="bbox 1895 4786 3480 4859; baseline -0.003 -14"><span class='ocrx_word' id='word_1_733' title='bbox 1895 4792 2252 4847; x_wconf 62' lang='lat' dir='ltr'><strong>Hebraeorum</strong></span> <span class='ocrx_word' id='word_1_734' title='bbox 2301 4790 2507 4845; x_wconf 84' lang='lat' dir='ltr'><strong>scilicet</strong></span> <span class='ocrx_word' id='word_1_735' title='bbox 2552 4798 2607 4844; x_wconf 87' lang='lat' dir='ltr'><strong>et</strong></span> <span class='ocrx_word' id='word_1_736' title='bbox 2639 4790 3040 4859; x_wconf 81' lang='lat' dir='ltr'><strong>Agareuorum,</strong></span> <span class='ocrx_word' id='word_1_737' title='bbox 3074 4788 3172 4859; x_wconf 91' lang='lat' dir='ltr'><strong>qui</strong></span> <span class='ocrx_word' id='word_1_738' title='bbox 3220 4787 3337 4842; x_wconf 90' lang='lat' dir='ltr'><strong>sine</strong></span> <span class='ocrx_word' id='word_1_739' title='bbox 3368 4786 3480 4841; x_wconf 85' lang='lat' dir='ltr'><strong>Deo</strong></span> 
     </span>
    </p>
   </div>
   <div class='ocr_carea' id='block_1_108' title="bbox 1894 4879 3481 4952">
    <p class='ocr_par' dir='ltr' id='par_1_108' title="bbox 1894 4879 3481 4952">
     <span class='ocr_line' id='line_1_108' title="bbox 1894 4879 3481 4952; baseline -0.004 -13"><span class='ocrx_word' id='word_1_740' title='bbox 1894 4892 1950 4939; x_wconf 90' lang='lat' dir='ltr'><strong>et</strong></span> <span class='ocrx_word' id='word_1_741' title='bbox 1986 4898 2144 4939; x_wconf 86' lang='lat' dir='ltr'><strong>sacra</strong></span> <span class='ocrx_word' id='word_1_742' title='bbox 2176 4882 2490 4938; x_wconf 86' lang='lat' dir='ltr'><strong>initiatione</strong></span> <span class='ocrx_word' id='word_1_743' title='bbox 2518 4884 2859 4947; x_wconf 87' lang='lat' dir='ltr'><strong>consistunt,</strong></span> <span class='ocrx_word' id='word_1_744' title='bbox 2896 4880 3057 4952; x_wconf 88' lang='lat' dir='ltr'><strong>quasi</strong></span> <span class='ocrx_word' id='word_1_745' title='bbox 3090 4881 3188 4936; x_wconf 92' lang='lat' dir='ltr'><strong>tibi</strong></span> <span class='ocrx_word' id='word_1_746' title='bbox 3227 4896 3334 4935; x_wconf 91' lang='lat' dir='ltr'><strong>non</strong></span> <span class='ocrx_word' id='word_1_747' title='bbox 3364 4879 3481 4934; x_wconf 78' lang='lat' dir='ltr'><strong>fue-</strong></span> 
     </span>
    </p>
   </div>
   <div class='ocr_carea' id='block_1_109' title="bbox 1897 4969 3477 5045">
    <p class='ocr_par' dir='ltr' id='par_1_109' title="bbox 1897 4969 3477 5045">
     <span class='ocr_line' id='line_1_109' title="bbox 1897 4969 3477 5045; baseline -0.003 -15"><span class='ocrx_word' id='word_1_748' title='bbox 1897 4976 1968 5030; x_wconf 91' lang='lat' dir='ltr'><strong>rit</strong></span> <span class='ocrx_word' id='word_1_749' title='bbox 1996 4975 2268 5045; x_wconf 78' lang='lat' dir='ltr'><strong>perfectio</strong></span> <span class='ocrx_word' id='word_1_750' title='bbox 2299 4974 2427 5029; x_wconf 78' lang='lat' dir='ltr'><strong>lidei</strong></span> <span class='ocrx_word' id='word_1_751' title='bbox 2461 4975 2728 5029; x_wconf 88' lang='lat' dir='ltr'><strong>doctrinis</strong></span> <span class='ocrx_word' id='word_1_752' title='bbox 2754 4973 3073 5044; x_wconf 86' lang='lat' dir='ltr'><strong>apostolicis</strong></span> <span class='ocrx_word' id='word_1_753' title='bbox 3102 4972 3323 5027; x_wconf 90' lang='lat' dir='ltr'><strong>tradita.</strong></span> <span class='ocrx_word' id='word_1_754' title='bbox 3357 4969 3477 5027; x_wconf 83' lang='lat' dir='ltr'><strong>Jam</strong></span> 
     </span>
    </p>
   </div>
   <div class='ocr_carea' id='block_1_110' title="bbox 1896 5065 3477 5133">
    <p class='ocr_par' dir='ltr' id='par_1_110' title="bbox 1896 5065 3477 5133">
     <span class='ocr_line' id='line_1_110' title="bbox 1896 5065 3477 5133; baseline -0.003 -12"><span class='ocrx_word' id='word_1_755' title='bbox 1896 5083 2002 5123; x_wconf 91' lang='lat' dir='ltr'><strong>non</strong></span> <span class='ocrx_word' id='word_1_756' title='bbox 2050 5069 2121 5123; x_wconf 91' lang='lat' dir='ltr'><strong>ab</strong></span> <span class='ocrx_word' id='word_1_757' title='bbox 2168 5068 2553 5123; x_wconf 64' lang='lat' dir='ltr'><strong>haereticorum</strong></span> <span class='ocrx_word' id='word_1_758' title='bbox 2590 5081 2685 5121; x_wconf 90' lang='lat' dir='ltr'><strong>ore</strong></span> <span class='ocrx_word' id='word_1_759' title='bbox 2733 5065 3141 5129; x_wconf 84' lang='lat' dir='ltr'><strong>criminaberis,</strong></span> <span class='ocrx_word' id='word_1_760' title='bbox 3183 5065 3340 5133; x_wconf 86' lang='lat' dir='ltr'><strong>quasi</strong></span> <span class='ocrx_word' id='word_1_761' title='bbox 3392 5080 3477 5118; x_wconf 90' lang='lat' dir='ltr'><strong>re-</strong></span> 
     </span>
    </p>
   </div>
   <div class='ocr_carea' id='block_1_111' title="bbox 1897 5157 3481 5230">
    <p class='ocr_par' dir='ltr' id='par_1_111' title="bbox 1897 5157 3481 5230">
     <span class='ocr_line' id='line_1_111' title="bbox 1897 5157 3481 5230; baseline -0.005 -13"><span class='ocrx_word' id='word_1_762' title='bbox 1897 5163 2134 5217; x_wconf 84' lang='lat' dir='ltr'><strong>cesseris</strong></span> <span class='ocrx_word' id='word_1_763' title='bbox 2166 5161 2238 5216; x_wconf 91' lang='lat' dir='ltr'><strong>ab</strong></span> <span class='ocrx_word' id='word_1_764' title='bbox 2273 5176 2385 5216; x_wconf 93' lang='lat' dir='ltr'><strong>uno</strong></span> <span class='ocrx_word' id='word_1_765' title='bbox 2423 5161 2535 5215; x_wconf 86' lang='lat' dir='ltr'><strong>Deo</strong></span> <span class='ocrx_word' id='word_1_766' title='bbox 2567 5168 2789 5230; x_wconf 88' lang='lat' dir='ltr'><strong>propter</strong></span> <span class='ocrx_word' id='word_1_767' title='bbox 2820 5157 3271 5213; x_wconf 88' lang='lat' dir='ltr'><strong>decentissimum</strong></span> <span class='ocrx_word' id='word_1_768' title='bbox 3306 5157 3481 5210; x_wconf 88' lang='lat' dir='ltr'><strong>hono-</strong></span> 
     </span>
    </p>
   </div>
   <div class='ocr_carea' id='block_1_112' title="bbox 1898 5248 3480 5324">
    <p class='ocr_par' dir='ltr' id='par_1_112' title="bbox 1898 5248 3480 5324">
     <span class='ocr_line' id='line_1_112' title="bbox 1898 5248 3480 5324; baseline -0.004 -15"><span class='ocrx_word' id='word_1_769' title='bbox 1898 5270 2012 5310; x_wconf 90' lang='lat' dir='ltr'><strong>rem</strong></span> <span class='ocrx_word' id='word_1_770' title='bbox 2054 5269 2187 5324; x_wconf 89' lang='lat' dir='ltr'><strong>erga</strong></span> <span class='ocrx_word' id='word_1_771' title='bbox 2221 5253 2397 5323; x_wconf 90' lang='lat' dir='ltr'><strong>ipsius</strong></span> <span class='ocrx_word' id='word_1_772' title='bbox 2426 5255 2635 5308; x_wconf 86' lang='lat' dir='ltr'><strong>amicos</strong></span> <span class='ocrx_word' id='word_1_773' title='bbox 2663 5253 2981 5307; x_wconf 81' lang='lat' dir='ltr'><strong>exhibitum.</strong></span> <span class='ocrx_word' id='word_1_774' title='bbox 3024 5248 3144 5305; x_wconf 87' lang='lat' dir='ltr'><strong>Jam</strong></span> <span class='ocrx_word' id='word_1_775' title='bbox 3173 5265 3284 5304; x_wconf 91' lang='lat' dir='ltr'><strong>non</strong></span> <span class='ocrx_word' id='word_1_776' title='bbox 3319 5266 3480 5319; x_wconf 80' lang='lat' dir='ltr'><strong>repu-</strong></span> 
     </span>
    </p>
   </div>
   <div class='ocr_carea' id='block_1_113' title="bbox 1901 5344 3480 5415">
    <p class='ocr_par' dir='ltr' id='par_1_113' title="bbox 1901 5344 3480 5415">
     <span class='ocr_line' id='line_1_113' title="bbox 1901 5344 3480 5415; baseline -0.001 -15"><span class='ocrx_word' id='word_1_777' title='bbox 1901 5348 2107 5402; x_wconf 90' lang='lat' dir='ltr'><strong>taheris</strong></span> <span class='ocrx_word' id='word_1_778' title='bbox 2146 5347 2421 5402; x_wconf 89' lang='lat' dir='ltr'><strong>idolorum</strong></span> <span class='ocrx_word' id='word_1_779' title='bbox 2466 5347 2667 5401; x_wconf 87' lang='lat' dir='ltr'><strong>similis</strong></span> <span class='ocrx_word' id='word_1_780' title='bbox 2704 5347 2921 5415; x_wconf 90' lang='lat' dir='ltr'><strong>templis</strong></span> <span class='ocrx_word' id='word_1_781' title='bbox 2956 5354 3181 5414; x_wconf 84' lang='lat' dir='ltr'><strong>propter</strong></span> <span class='ocrx_word' id='word_1_782' title='bbox 3216 5344 3480 5400; x_wconf 87' lang='lat' dir='ltr'><strong>sacratis—</strong></span> 
     </span>
    </p>
   </div>
   <div class='ocr_carea' id='block_1_114' title="bbox 1898 5435 3347 5509">
    <p class='ocr_par' dir='ltr' id='par_1_114' title="bbox 1898 5435 3347 5509">
     <span class='ocr_line' id='line_1_114' title="bbox 1898 5435 3347 5509; baseline -0.003 -16"><span class='ocrx_word' id='word_1_783' title='bbox 1898 5438 2163 5495; x_wconf 88' lang='lat' dir='ltr'><strong>simarum</strong></span> <span class='ocrx_word' id='word_1_784' title='bbox 2198 5438 2253 5492; x_wconf 90' lang='lat' dir='ltr'><strong>iu</strong></span> <span class='ocrx_word' id='word_1_785' title='bbox 2293 5446 2343 5492; x_wconf 90' lang='lat' dir='ltr'><strong>te</strong></span> <span class='ocrx_word' id='word_1_786' title='bbox 2376 5438 2677 5509; x_wconf 91' lang='lat' dir='ltr'><strong>imaginum</strong></span> <span class='ocrx_word' id='word_1_787' title='bbox 2710 5438 3049 5493; x_wconf 89' lang='lat' dir='ltr'><strong>erectionem</strong></span> <span class='ocrx_word' id='word_1_788' title='bbox 3074 5435 3347 5490; x_wconf 80' lang='lat' dir='ltr'><strong>eﬂ‘ectam.</strong></span> 
     </span>
    </p>
   </div>
   <div class='ocr_carea' id='block_1_115' title="bbox 1974 5687 3480 5763">
    <p class='ocr_par' dir='ltr' id='par_1_115' title="bbox 1974 5687 3480 5763">
     <span class='ocr_line' id='line_1_115' title="bbox 1974 5687 3480 5763; baseline -0.005 -16"><span class='ocrx_word' id='word_1_789' title='bbox 1974 5695 2137 5748; x_wconf 84' lang='lat' dir='ltr'><strong>Decet</strong></span> <span class='ocrx_word' id='word_1_790' title='bbox 2168 5696 2312 5749; x_wconf 85' lang='lat' dir='ltr'><strong>enim</strong></span> <span class='ocrx_word' id='word_1_791' title='bbox 2350 5704 2399 5749; x_wconf 92' lang='lat' dir='ltr'><strong>te</strong></span> <span class='ocrx_word' id='word_1_792' title='bbox 2430 5704 2688 5763; x_wconf 85' lang='lat' dir='ltr'><strong>tauquam</strong></span> <span class='ocrx_word' id='word_1_793' title='bbox 2740 5693 2849 5762; x_wconf 83' lang='lat' dir='ltr'><strong>regi</strong></span> <span class='ocrx_word' id='word_1_794' title='bbox 2887 5691 3215 5747; x_wconf 66' lang='lat' dir='ltr'><strong>smeulorum</strong></span> <span class='ocrx_word' id='word_1_795' title='bbox 3245 5687 3387 5741; x_wconf 80' lang='lat' dir='ltr'><strong>Filio</strong></span> <span class='ocrx_word' id='word_1_796' title='bbox 3426 5694 3480 5741; x_wconf 82' lang='lat' dir='ltr'><strong>et</strong></span> 
     </span>
    </p>
   </div>
   <div class='ocr_carea' id='block_1_116' title="bbox 1905 5780 3480 5855">
    <p class='ocr_par' dir='ltr' id='par_1_116' title="bbox 1905 5780 3480 5855">
     <span class='ocr_line' id='line_1_116' title="bbox 1905 5780 3480 5855; baseline -0.006 -14"><span class='ocrx_word' id='word_1_797' title='bbox 1905 5788 2079 5841; x_wconf 77' lang='lat' dir='ltr'><strong>Verbo</strong></span> <span class='ocrx_word' id='word_1_798' title='bbox 2118 5786 2211 5839; x_wconf 81' lang='lat' dir='ltr'><strong>Dei</strong></span> <span class='ocrx_word' id='word_1_799' title='bbox 2256 5798 2502 5855; x_wconf 88' lang='lat' dir='ltr'><strong>nuptam,</strong></span> <span class='ocrx_word' id='word_1_800' title='bbox 2542 5788 2594 5840; x_wconf 92' lang='lat' dir='ltr'><strong>in</strong></span> <span class='ocrx_word' id='word_1_801' title='bbox 2638 5802 2801 5839; x_wconf 83' lang='lat' dir='ltr'><strong>carne</strong></span> <span class='ocrx_word' id='word_1_802' title='bbox 2835 5784 3010 5855; x_wconf 83' lang='lat' dir='ltr'><strong>ipsius</strong></span> <span class='ocrx_word' id='word_1_803' title='bbox 3050 5780 3480 5853; x_wconf 82' lang='lat' dir='ltr'><strong>dispensationis</strong></span> 
     </span>
    </p>
   </div>
   <div class='ocr_carea' id='block_1_117' title="bbox 1903 5871 3476 5944">
    <p class='ocr_par' dir='ltr' id='par_1_117' title="bbox 1903 5871 3476 5944">
     <span class='ocr_line' id='line_1_117' title="bbox 1903 5871 3476 5944; baseline -0.006 -10"><span class='ocrx_word' id='word_1_804' title='bbox 1903 5881 2197 5935; x_wconf 87' lang='lat' dir='ltr'><strong>humanam</strong></span> <span class='ocrx_word' id='word_1_805' title='bbox 2260 5880 2491 5933; x_wconf 79' lang='lat' dir='ltr'><strong>formam</strong></span> <span class='ocrx_word' id='word_1_806' title='bbox 2552 5876 2842 5933; x_wconf 81' lang='lat' dir='ltr'><strong>habentem</strong></span> <span class='ocrx_word' id='word_1_807' title='bbox 2932 5871 3476 5944; x_wconf 82' lang='lat' dir='ltr'><strong>anthropomorphon</strong></span> 
     </span>
    </p>
   </div>
  </div>
