4144 6448
212 395 341 458 1331

1248 406 1343 463 DE
1377 405 1613 467 DlVlN.
1650 406 1936 468 SL‘Rll’T.
1970 402 2400 469 UTUJTATE.

3306 402 3436 474 1338

207 506 544 576 φθονοῦμενο
600 510 928 581 παρορῶμεν
991 507 1054 564 ἐν
1109 512 1286 583 θλίψει
1343 517 1437 569 καὶ
1486 515 1768 586 ἀσθενείᾳ·

1875 515 2059 571 [irmos
2088 518 2475 587 despicientes,
2507 518 2560 573 in
2589 518 2847 588 operibus
2881 519 3228 575 altercantes.
3259 518 3440 585 Quare

207 597 587 669 φιλονικοῦμεν
618 603 675 653 ὲν
704 604 813 664 τοῖς
836 601 1041 672 ἔργοις.
1068 603 1191 668 Πῶς
1217 600 1310 659 οὖν
1333 607 1504 659 ταῦτα
1530 624 1773 660 κοινωνι-

206 686 305 740 κοῦ
338 682 489 756 βίου;
538 690 659 743 οὐδὲ
693 693 800 761 γὰρ
850 692 1010 763 σῶμα
1057 696 1333 761 στασιάζει
1369 698 1491 750 καθ’
1516 698 1675 751 αὑτό·
1713 698 1773 751 οὐ

204 781 354 847 λέγει
394 780 423 833 6
466 780 708 851 ἀντίχειρ
737 783 999 847 δάκτυλος
1038 785 1115 855 τῷ
1144 787 1390 842 ἐλάσσονι
1410 804 1424 819 ·
1458 790 1646 842 Πλείὀν
1679 807 1774 844 σου

207 871 384 923 κοπιῶ
407 888 421 903 ο
448 874 569 926 οὐδὲ
600 874 658 926 τὸ
686 874 835 942 ὑγιὲς
863 877 1023 944 μέλος
1058 880 1209 943 μισεῖ
1249 878 1343 932 καὶ
1375 881 1775 952 ἀποστρέφεται

205 960 267 1011 τὸ
297 960 537 1024 ἀσθενὲς,
563 962 696 1015 ἀ).λά
728 963 927 1033 μᾶλλον
959 964 1251 1034 θεραπεύει
1290 970 1385 1021 καὶ
1417 970 1773 1042 συναντιλαμ-

206 1050 461 1103 ϐάνεται-
508 1053 641 1120 φησὶ
687 1054 793 1123 γὰρ
841 1055 976 1124 πρὸς
1013 1057 1315 1127 Ῥωμαίους
1352 1060 1381 1111 6
1419 1061 1775 1127 Ἀπόστολος·

204 1135 587 1212 ι(Ι)Καθὰπερ
600 1144 750 1196 ὲνὲνὶ
769 1142 976 1214 σώματι
1005 1146 1141 1219 μέλη
1172 1149 1343 1203 πολλά
1373 1149 1566 1220 ἔχομεν
1585 1168 1597 1181 ·
1623 1153 1688 1206 τὰ
1719 1153 1775 1207 δὲ

213 1228 348 1297 μέλη
386 1232 563 1284 πάντα
613 1234 671 1285 οὐ
717 1237 815 1304 τὴν
860 1237 1029 1307 αὐτὴν
1073 1238 1183 1308 ἔχει
1230 1233 1456 1311 πρᾶξίν,
1509 1242 1680 1305 οὕτως
1725 1246 1775 1296 οι

209 1319 398 1371 πολλοὶ
427 1320 484 1372 ἓν
511 1321 669 1391 σῶμά
691 1324 859 1394 ἐσμεν
888 1329 944 1378 ἐν
973 1327 1195 1396 Χριστῷ
1215 1342 1227 1356 ⁸
1261 1330 1288 1382 6
1316 1330 1374 1383 δὲ
1399 1330 1583 1394 καθεὶς
1608 1333 1776 1402 ἀλλήαο

206 1410 314 1461 λων
347 1412 506 1479 μέλη.
535 1432 552 1462 ι
587 1415 695 1466 Καὶ
726 1415 887 1467 πάλιν
907 1434 920 1445 ·
968 1436 986 1467 ι
1030 1419 1342 1490 Ὀφείλομεν
1368 1423 1524 1491 ἡμεῖς
1548 1425 1597 1475 οἱ
1617 1424 1772 1475 δυνα-

206 1504 289 1551 τοὶ
321 1503 383 1554 τὰ
409 1504 762 1574 ἀσθενήματα
785 1506 890 1558 τῶν
916 1507 1192 1561 ἀδυνάτων
1222 1510 1512 1578 βαστάζειν
1536 1526 1549 1540 °
1582 1514 1675 1566 καὶ
1699 1513 1774 1584 μὴ
1829 1523 1833 1527 ’

208 1592 420 1654 ἑαυτοῖς
449 1592 741 1661 ἀρέσκειν·
779 1595 1003 1660 ἕκαστος
1047 1599 1154 1668 γὰρ
1211 1602 1365 1668 ἡμῶν
1410 1604 1486 1672 τῷ
1547 1604 1772 1672 πλησίον

205 1682 487 1744 ἀρεσκέτω
539 1687 616 1746 εἰς
663 1687 724 1736 τὸ
761 1687 963 1753 ἀγαθὸν
1003 1691 1141 1756 πρὸς
1187 1692 1471 1762 οἰκοδομήν
1496 1710 1508 1722 °
1543 1696 1634 1747 καὶ
1666 1696 1772 1765 γάρ

207 1770 301 1822 καὶ
335 1772 361 1822 6
384 1770 617 1842 Χριστὸς
645 1776 743 1842 οὐχ
768 1775 947 1845 ἐαυτῷ
971 1777 1184 1845 ἤρεσεν.
1219 1799 1236 1829 ι
1281 1782 1438 1833 Ἀλλά
1471 1784 1650 1847 καθὼς
1677 1786 1766 1852 γέ-

1878 608 1979 661 ista
2015 608 2068 660 in
2104 607 2216 662 vita
2246 610 2556 664 communi?
2586 607 2704 663 Non
2733 610 2878 663 enim
2913 624 3118 680 corpus
3154 618 3342 664 contra
3381 626 3442 663 se

1874 697 2159 764 dissentit;
2184 714 2288 753 non
2311 700 2483 769 pollex
2515 700 2713 754 minori
2744 700 2913 769 digito
2940 701 3110 753 dicit:
3142 698 3437 768 Plusquam

1878 800 1933 844 tu
1965 791 2265 859 defatiger;
2293 807 2470 862 neque
2494 793 2803 847 membrum
2835 807 3033 847 sanum
3062 806 3267 859 aegrum
3298 791 3436 852 odit,

1876 881 2002 935 huic
2038 883 2240 951 potius,
2272 882 2471 937 nedum
2504 881 2695 953 fugiat,
2725 897 3054 938 succurrens
3081 897 3145 936 ac
3170 882 3430 937 serviens.

1876 969 2016 1025 Dicit
2038 971 2103 1025 :td
2130 972 2403 1027 Romanos
2431 973 2722 1041 (scrlhens)
2757 973 3051 1042 Apostolus
3082 987 3096 1023 :
3140 989 3159 1022 ι
3203 971 3353 1024 Sicut
3384 972 3435 1023 in

1877 1076 1985 1115 uno
2010 1077 2237 1131 corpore
2270 1065 2437 1118 multa
2471 1062 2710 1116 membra
2738 1063 3020 1126 habemus,
3048 1062 3233 1117 omnia
3257 1071 3434 1115 autem

1876 1153 2116 1207 membra
2166 1170 2271 1207 non
2319 1156 2569 1209 eumdem
2629 1164 2809 1208 actum
2869 1154 3099 1216 habent,
3158 1152 3230 1207 ita
3281 1151 3434 1206 multi

1878 1259 2045 1298 unum
2102 1259 2305 1313 corpus
2355 1260 2549 1298 sumus
2602 1246 2655 1299 in
2710 1244 2952 1305 Christo,
3002 1243 3199 1312 singuli
3256 1252 3436 1296 autem

1873 1336 2011 1389 alter
2058 1336 2282 1389 alterius
2332 1336 2639 1389 mcmbra'.
2698 1334 2970 1389 Debemus
3015 1348 3117 1387 nos
3173 1332 3437 1386 ﬁrmiores

1875 1426 2274 1482 imbecillitates
2308 1427 2651 1481 inlirmorum
2685 1426 2958 1480 sustinere
2987 1465 3003 1488 ,
3036 1432 3090 1477 et
3138 1438 3245 1486 non
3280 1424 3437 1477 nobis

1877 1519 2107 1587 placere.
2135 1517 2523 1587 Unusquisque
2553 1527 2796 1570 nostrum
2824 1516 3073 1586 proximo
3103 1531 3202 1569 suo
3230 1515 3437 1583 placeat

1876 1608 1932 1660 in
1982 1608 2179 1659 bonum
2212 1606 2277 1658 ad
2316 1606 2756 1659 mdilit-atlonem.
2791 1604 3004 1658 Etenim
3044 1604 3297 1659 ChriStus
3326 1618 3433 1655 non

1879 1698 1981 1751 sibi
2017 1698 2247 1767 placuit;
2288 1700 2400 1761 sed,
2437 1698 2577 1750 sicut
2637 1696 2896 1764 scriptum
2929 1702 3013 1749 est
3049 1709 3063 1747 :
3107 1694 3434 1763 lmpropcria

1879 1789 2364 1857 improperantium
2392 1789 2710 1844 ceciderunt
2734 1802 2898 1856 super
2924 1802 3027 1841 me.
3054 1786 3277 1855 Propter
3293 1787 3436 1854 quod

205 1878 447 1931 γραπται
468 1880 481 1891 θ
513 1881 531 1913 ι
563 1866 623 1915 Οἱ
651 1864 943 1934 ὀνειδισμοὶ
969 1869 1077 1919 τῶν
1109 1872 1473 1934 ὀνειδιζόντων
1505 1876 1772 1928 ἐπέπεσον

1876 1881 2134 1949 suscipite
2164 1880 2418 1945 invicem,
2450 1881 2592 1934 sicut
2620 1890 2673 1933 et
2697 1879 2950 1932 Christus
2982 1878 3223 1945 suscepit
3248 1879 3431 1931 vos’.»

203 1951 293 1999 ἐπ’
321 1951 441 2019 ἐμέ.
471 1955 558 2004 Διὸ
586 1955 1067 2025 προσλαμϐάνεσθε
1090 1960 1349 2029 ἀλλήλους
1367 1979 1380 1991 ·
1417 1964 1597 2026 καθὼς
1634 1966 1727 2018 καὶ
1747 1968 1775 2018 ὁ

206 2041 439 2109 Χριστὸς
474 2046 841 2111 προσελάϐετο
870 2051 1035 2120 ἡμᾶς.
1069 2072 1087 2099 ι
1127 2054 1234 2103 Καὶ
1276 2052 1410 2122 πρὸς
1437 2056 1770 2124 Κορινθίους·

211 2151 229 2183 ι
277 2132 642 2200 ’Λπρόσκοποι
692 2138 904 2203 γίνεσθε
956 2141 1049 2192 καὶ
1089 2141 1359 2204 Ἰουδαίοις
1413 2144 1504 2195 καὶ
1548 2144 1773 2215 Ἕλλησι

206 2220 301 2272 καὶ
333 2223 396 2292 τῇ
426 2223 719 2295 Ἐκκλησία
749 2226 840 2280 τοῦ
867 2227 1001 2280 Θεοῦ
1027 2244 1038 2256 ·
1071 2230 1248 2294 καθὼς
1282 2232 1437 2299 κάγὼ
1469 2236 1645 2288 πάντα
1673 2238 1773 2289 πᾶ-

205 2328 291 2364 σιν
324 2313 563 2383 ἀρέσκω,
615 2317 688 2385 μὴ
715 2317 891 2385 ζητῶν
931 2321 991 2372 τὸ
1018 2322 1253 2389 ἐμαυτοῦ
1286 2325 1586 2395 συμφέρον,
1638 2326 1773 2380 ἀλλά

200 2403 264 2455 τὸ
307 2404 415 2456 τῶν
464 2406 695 2473 πολλῶν,
724 2409 811 2462 ἵνα
857 2410 1089 2465 σωθῶσι.
1123 2431 1141 2463 ι
1174 2414 1281 2466 Καὶ
1326 2416 1461 2486 πρὸς
1492 2416 1731 2480 Γαλάτας
1754 2436 1769 2451 ο

209 2511 228 2544 ι
271 2493 535 2563 ’Δδελφοὶ,
592 2496 687 2549 tam;
740 2499 832 2551 καὶ
882 2500 1207 2572 προσληφθῇ
1253 2502 1537 2573 ἄνθρωπος
1583 2506 1640 2559 ἔν
1665 2524 1771 2561 τινι

205 2584 635 2656 παραπτώματι,
691 2588 847 2658 ὑμεῖς
896 2592 945 2642 oi
996 2594 1366 2661 _1tveuy.attxol
1420 2597 1770 2667 καταρτίζετε

202 2674 295 2727 τὸν
316 2675 555 2729 τοιοῦτον
578 2679 636 2731 ὲν
664 2679 934 2750 πνεύματι
967 2685 1267 2755 πραότητος
1293 2702 1307 2716 ⁸
1335 2687 1552 2741 σκοπῶν
1584 2689 1658 2758 μὴ
1681 2692 1774 2743 καὶ

206 2773 603 2845 σὺοπειρεσθῇς
623 2793 634 2805 ·
667 2775 909 2847 ἀλλήλων
940 2779 1006 2831 τά
1041 2779 1182 2851 βάρη
1214 2780 1510 2850 βαστάζετε
1535 2800 1548 2813 ο
1577 2787 1668 2837 καὶ
1690 2783 1774 2837 οῦ-

203 2881 311 2925 τως
342 2865 776 2935 ἀναπληρώσατε
814 2868 905 2921 τὸν
937 2869 1097 2939 νόμον
1127 2871 1221 2924 τοῦ
1250 2873 1508 2942 Χριστοῦ.
1549 2893 1566 2923 ι
1608 2876 1715 2928 Καὶ
1746 2878 1773 2929 6

218 2955 470 3019 Ἰάκωϐος
492 2973 505 2985 ο
539 2976 556 3007 ι
589 2958 763 3010 Ὅπου
810 2958 970 3027 ζῆλος
1009 2963 1102 3013 καὶ
1148 2963 1376 3033 ὲρίθεια,
1407 2949 1523 3017 ἐκεῖ
1564 2968 1770 3019 ἀκατα-

207 3047 402 3098 στασία
449 3049 541 3101 καὶ
585 3051 691 3102 πᾶν
724 3049 929 3117 φαῦλον
969 3055 1228 3122 πρᾶγμα.
1266 3073 1283 3105 ι
1333 3055 1655 3126 Λελήθαμεν
1681 3055 1771 3116 οὖν

1873 1971 1935 2024 Et
1954 1974 2025 2026 ad
2056 1969 2375 2024 Corfntbios
2407 1989 2419 2023 :
2457 1989 2474 2019 ι
2513 1968 2640 2022 Sine
2678 1967 2984 2022 offensione
3012 1975 3187 2021 estote
3209 1964 3435 2026 Judaeis,

1870 2074 1925 2118 et
1951 2064 2226 2133 gentibus,
2257 2075 2309 2117 et
2344 2063 2600 2117 Ecclesiae
2626 2062 2738 2126 llei,
2774 2063 2915 2115 sicut
2943 2070 2997 2114 et
3019 2074 3118 2129 ego
3143 2073 3236 2128 per
3254 2059 3437 2112 omnia:

1873 2155 1927 2209 in
1955 2153 2213 2208 omnibus
2236 2154 2448 2222 placere
2476 2153 2691 2216 studeo,
2714 2167 2823 2205 non
2853 2165 3109 2219 qua-rens
3133 2150 3278 2219 quod
3305 2150 3437 2202 mihi

1872 2246 2000 2300 utile
2027 2254 2131 2311 est,
2171 2245 2262 2301 Sed
2300 2245 2444 2314 quod
2483 2244 2689 2307 multis,
2722 2252 2780 2296 ul.
2804 2243 2937 2297 salvi
2971 2242 3104 2295 [iant
3122 2240 3166 2296 ³.
3227 2259 3246 2291 ι
3282 2239 3347 2293 Et
3370 2240 3435 2291 nd

1870 2335 2093 2393 Galatas
2128 2356 2141 2391 :
2186 2357 2204 2387 ‹
2238 2334 2295 2390 Si
2336 2346 2749 2403 praeoccupatus
2781 2333 2946 2386 fuerit
2974 2333 3141 2386 homo
3168 2332 3222 2385 in
3255 2331 3438 2399 aliqno

1869 2428 2086 2493 delicto,
2122 2443 2220 2483 vos
2265 2428 2358 2497 qui
2393 2427 2528 2481 estis
2566 2426 2898 2495 spirituales,
2929 2422 3246 2492 lmjusmodi
3278 2423 3440 2476 insti-

1871 2519 2005 2574 tuite
2040 2519 2093 2572 in
2120 2518 2315 2587 spiritu
2346 2515 2609 2579 lenitatis,
2636 2514 2992 2569 considerans
3018 2514 3274 2581 teipsum,
3298 2527 3365 2566 ne
3385 2526 3438 2566 et

1871 2620 1928 2666 tu
1962 2610 2205 2666 tenteris.
2243 2610 2389 2681 Alter
2424 2608 2652 2662 alterius
2682 2621 2846 2662 onera
2884 2613 3119 2675 portate,
3150 2613 3205 2658 et
3235 2605 3317 2660 sic
3345 2606 3440 2658 ad-

1872 2701 2164 2771 implehitis
2220 2700 2390 2769 legem
2443 2698 2649 2753 Christi
2667 2696 2709 2749 ⁸.
2747 2717 2767 2750 ι
2825 2697 2893 2751 Ει
2945 2694 3236 2751 Iacobus:
3284 2714 3301 2746 ι
3338 2692 3437 2749 Ubi

1872 2792 2133 2862 zelotypia
2164 2800 2218 2844 et
2259 2789 2610 2857 disceptatio.
2646 2788 2718 2841 ibi
2750 2785 3053 2841 destruetio
3078 2795 3130 2840 et
3155 2785 3440 2854 quodcun-

1871 2898 1977 2950 que
2007 2883 2208 2935 malum
2226 2881 2270 2934 ⁵.
2303 2899 2321 2932 ι
2365 2878 2475 2933 Nos
2517 2877 2656 2948 fugit
2687 2879 2739 2931 in
2771 2893 2879 2947 qua
2916 2870 3270 2946 (conditione)
3301 2889 3439 2927 eon-

1870 2973 2143 3037 venimus,
2192 2986 2299 3024 non
2359 2971 2646 3025 cmnobita:
2678 2969 2831 3031 facti,
2866 2969 2960 3022 sed
2988 2969 3220 3036 quisque
3250 2980 3346 3035 pro
3382 2981 3438 3020 se

1874 3067 2248 3133 satagitantes.
2271 3063 2501 3129 Quando
2530 3062 2675 3117 enim
2702 3063 2964 3117 robustus
2990 3070 3044 3115 et
3066 3060 3279 3114 validus
3306 3060 3439 3111 nihil

204 3139 264 3188 ἐν
309 3137 414 3189 τίνι
458 3138 898 3209 συνεληλύθαμεν
924 3157 937 3170 ⁸
984 3142 1048 3193 οὐ
1090 3144 1423 3198 κοινοϐιάται
1456 3147 1768 3214 γενόμενοι·

212 3224 477 3246 χοὶ-οιδι-
523 3228 548 3246 Λ
609 3245 615 3246 ,
673 3229 754 3246 ,,\
1194 3230 1310 3246 ’.Α
1480 3237 1489 3246 ι
1578 3236 1636 3246 ι.

1874 3172 1993 3211 sese
2011 3172 2154 3223 aegro
2180 3168 2233 3210 et
2266 3156 2501 3210 invalido
2521 3155 2917 3218 communicat,
2940 3154 2993 3207 in
3027 3152 3441 3208 necessitatibus

204 3224 318 3277 ἀλλ’
351 3227 644 3297 ίδιόρυθμοι
670 3229 760 3280 καὶ
789 3231 1229 3300 πραγματευταί.
1247 3230 1413 3284 Ὅταν
1433 3237 1539 3304 γὰρ
1568 3236 1596 3286 6
1624 3239 1771 3304 ίσχυ-

207 3318 297 3385 ρδς
326 3320 418 3369 καὶ
450 3317 721 3389 εὔρωστος
745 3321 806 3372 οὐ
832 3324 1077 3378 κοινωνεῖ
1095 3321 1174 3391 τῷ
1205 3324 1462 3394 πάσχοντι
1498 3327 1591 3379 καὶ
1614 3328 1773 3380 ἀσθε-

203 3406 379 3459 νοῦντι
402 3446 416 3469 ,
441 3407 701 3461 διακονῶν
729 3410 785 3460 ὲν
810 3412 920 3472 τοῖς
946 3412 1295 3479 ἀναγκαίοις,
1321 3415 1455 3468 ἀλλὰ
1478 3417 1615 3487 μετά
1636 3421 1773 3491 παρα

206 3498 397 3566 ρησίας
431 3499 576 3565 λέγει
606 3516 617 3527 ·
654 3500 912 3554 Κοπιάτω
940 3502 1016 3571 ῶς
1054 3506 1165 3571 ὲγῶ
1186 3520 1200 3535 ο
1246 3504 1471 3559 ἐσθιέτω
1512 3508 1580 3560 τὰ
1608 3510 1768 3573 αὐτὰ,

204 3588 321 3649 πῶς
342 3590 438 3641 οὐκ
461 3591 825 3660 ἀσπλαγχνῐα,
854 3594 943 3645 καὶ
990 3594 1316 3665 ἀναλγησία,
1377 3598 1470 3653 καὶ
1513 3600 1772 3672 διαίρεσις

204 3676 294 3726 τοῦ
321 3679 689 3746 πνευματικοῦ
716 3680 810 3732 καὶ
833 3683 1011 3734 κοινοῦ
1041 3682 1192 3751 βίου;

278 3768 624 3839 Πνευματικὴ
665 3769 772 3840 γὰρ
800 3773 985 3842 ἀγάπη
1015 3777 1150 3838 ἐστὶ,
1185 3777 1246 3828 τὸ
1275 3777 1479 3831 τιθέναι
1522 3781 1621 3849 τὴν
1664 3781 1770 3851 ψυ-

205 3858 306 3926 χὴν
365 3859 506 3927 ὑπὲρ
557 3860 651 3912 τοῦ
696 3862 927 3930 ἀδελφοῦ
970 3866 1020 3916 εί
1049 3858 1178 3918 δέει.
1213 3867 1378 3921 Ὅταν
1417 3865 1509 3921 οῦν
1538 3871 1657 3924 οὐδὲ
1695 3872 1772 3942 τῷ

205 3949 416 4019 σώματι
450 3952 894 4023 ὑπερκοπιῶμεν,
926 3956 1193 4010 κοινόϐιον
1226 3958 1442 4028 ἔχομεν,
1481 3962 1567 4013 ἵνα
1595 3964 1651 4015 αί
1676 3963 1770 4017 τοῦ

203 4040 442 4108 Χριστοῦ
477 4041 686 4095 ἐντολαὶ
713 4044 769 4095 ὲν
799 4045 930 4114 ἡμῖν
965 4045 1299 4124 πληρῶνται,
1327 4050 1359 4119 ἦ
1392 4050 1480 4104 ἶνα
1508 4069 1771 4123 περιφρο-

204 4131 435 4195 νῶνται;
466 4133 593 4203 μένε
623 4133 805 4188 λοιπον
832 4137 975 4198 ἰδίως
998 4154 1011 4167 ·
1056 4139 1130 4208 μὴ
1160 4140 1409 4207 κιϐδήλου
1437 4142 1528 4194 τὸν
1549 4144 1770 4211 ἀγγελιο

204 4221 299 4273 κον
331 4220 445 4291 βίον
464 4238 476 4251 '
505 4225 579 4294 μὴ
604 4227 896 4297 κατηγόρει
930 4229 1165 4298 Χριστοῦ
1188 4249 1200 4261 ’
1228 4231 1398 4299 λέγων
1421 4252 1433 4264 ·
1468 4235 1580 4289 Οὐκ
1603 4237 1771 4305 ἐσμὲν

203 4311 277 4374 ὡς
309 4314 336 4365 6
360 4314 611 4382 Χριστὸς,
652 4315 735 4368 ἵνα
765 4319 1119 4388 κατορθῶμεν
1145 4322 1241 4383 τὰς
1264 4323 1462 4392 ἀρετὰς
1507 4324 1580 4389 ὼς
1612 4327 1772 4389 αὐτὸς

202 4403 441 4474 ἐπλήρου
468 4421 480 4433 ·
539 4408 731 4459 ἑαυτὸν
783 4410 1142 4480 ἀπ’,χωρίζων
1193 4414 1379 4469 αὑτοῦ.
1418 4418 1555 4485 Φησὶ
1597 4419 1705 4488 γὰρ
1746 4421 1772 4473 6

1874 3250 2137 3311 serviens,
2160 3249 2372 3319 (nimia)
2401 3264 2528 3303 vero
2556 3264 2678 3303 cum
2708 3249 2960 3303 libertate
2987 3247 3120 3301 dicit
3149 3263 3163 3300 :
3204 3244 3444 3299 Fatiscat

1872 3351 1932 3395 ut
1968 3357 2089 3411 ego,
2121 3350 2371 3395 vescatur
2409 3350 2468 3394 ut
2506 3356 2606 3409 ego
2638 3359 2652 3395 :
2684 3340 2960 3409 quomodo
2992 3355 3097 3393 non
3130 3346 3312 3392 essent
3340 3337 3451 3391 du-~

1873 3433 1995 3487 ritia
2020 3444 2074 3488 et
2098 3434 2550 3488 immisericordia
2576 3474 2590 3498 ,
2625 3434 3046 3503 communisque
3077 3431 3202 3485 vitae
3233 3445 3296 3485 ac
3328 3430 3442 3498 spi-

1873 3523 2086 3579 ritualis
2131 3523 2462 3579 dissolutio?

1946 3780 2260 3852 Spiritualis
2297 3781 2441 3834 enim
2472 3779 2711 3835 cbaritas
2738 3789 2820 3834 est
2850 3781 3016 3833 vitam
3046 3794 3143 3848 pro
3178 3777 3370 3841 fratre,
3396 3778 3440 3831 si

1873 3873 2177 3929 necessitas
2223 3872 2387 3931 adsit.
2436 3886 2655 3941 ponere.
2707 3871 2937 3936 Quando
3002 3871 3163 3939 igitur
3216 3885 3447 3939 corpore

1873 3985 1979 4023 non
2006 3968 2390 4038 defatigamur,
2432 3977 2685 4021 utrumne
2723 3966 3037 4021 coenobium
3072 3975 3344 4029 tenemus,
3389 3974 3447 4019 ut

1871 4060 2073 4116 Christi
2106 4060 2356 4115 mandata
2388 4058 2441 4112 in
2479 4059 2635 4114 nobis
2658 4058 3076 4127 adimpleantur,
3119 4073 3188 4111 an
3228 4067 3285 4111 ut
3311 4073 3445 4112 con—

1871 4151 2505 4209 temnantur?Ca2terum
2535 4153 2783 4221 privatus
2808 4165 3124 4220 permaneas
3147 4167 3159 4200 :
3188 4166 3254 4203 ne
3278 4152 3443 4204 vitam

1874 4245 2174 4314 angelicam
2207 4258 2552 4311 corrumpas,
2584 4258 2651 4296 ne
2689 4241 2967 4297 Christum
3013 4242 3333 4311 redargnas,
3362 4242 3448 4295 di-

1874 4350 2001 4390 cens
2030 4350 2040 4385 :
2070 4332 2185 4386 Non
2218 4347 2408 4389 smnus
2434 4329 2652 4386 Christo
2681 4331 2909 4393 similes,
2944 4329 3038 4399 qui
3095 4329 3324 4384 virtutes
3365 4345 3446 4383 re-

1875 4430 2187 4484 stituamus,
2221 4432 2280 4477 ut
2311 4432 2365 4477 et
2406 4422 2522 4492 ipse
2568 4420 2817 4490 perfecit,
2855 4429 2905 4474 te
2936 4420 3005 4473 ab
3037 4420 3129 4472 illo
3161 4433 3445 4486 separatis.

201 4495 496 4560 ἀπόστολος
537 4500 830 4572 Ἰωάννης·
871 4523 889 4555 ι
928 4506 983 4558 Ὀ
1025 4506 1197 4573 λέγων
1250 4510 1307 4561 ἐν
1360 4510 1510 4579 αὐτῷ
1562 4512 1765 4581 μένειν,

1878 4517 2015 4571 Dicit
2038 4516 2182 4569 enim
2209 4513 2448 4569 Joannes
2479 4513 2762 4583 apostolus
2792 4530 2805 4566 ;
2853 4532 2871 4564 ι
2905 4512 3012 4578 Qui
3044 4527 3102 4567 se
3139 4512 3193 4565 in
3226 4510 3447 4565 Christo

201 4587 406 4654 ὀφείλει
434 4591 612 4654 καθὼς
634 4594 839 4659 ἐκεῖνος
872 4593 1263 4668 περιεπάτησε,
1294 4604 1386 4654 καὶ
1411 4604 1573 4667 αὐτὸς
1599 4605 1770 4668 οὕτως

202 4685 545 4749 περιπατεῖν.
575 4703 593 4734 ι
640 4685 748 4737 Καὶ
779 4688 970 4741 πάλιν
1015 4707 1032 4739 ι
1063 4690 1176 4753 Πᾶς
1214 4693 1242 4744 6
1278 4694 1453 4761 μισῶν
1485 4695 1575 4746 τὸν
1617 4695 1773 4748 ἀδελ-

202 4770 301 4837 φὺν
329 4771 513 4837 αὑτοῦ,
548 4774 995 4845 ἀνθρωποκτόνος
1028 4781 1144 4832 ἐστί
1169 4797 1181 4810 ·
1212 4783 1305 4834 καὶ
1333 4783 1508 4836 οἴδατε
1553 4784 1634 4837 ὅτι
1665 4787 1772 4849 πᾶς

201 4865 646 4934 ἀνθρωποκτόνος
678 4871 777 4923 οὐκ
824 4864 937 4940 ἔχει
973 4871 1117 4943 ζωὴν
1145 4874 1363 4929 αἰώνιον
1407 4878 1464 4929 ἐν
1495 4878 1643 4948 αὑτῷ
1671 4880 1769 4948 μὲ-

201 4974 398 5009 νουσαν
423 4974 435 4985 '
464 4960 522 5011 ὲν
554 4960 732 5031 τούτῳ
755 4962 1077 5033 ἐγνώκαμεν
1106 4966 1205 5034 τὴν
1236 4967 1459 5039 ἀγάπην
1479 4985 1494 5000 °
1528 4971 1607 5024 ὄτι
1631 4972 1772 5025 ἐκεί-

202 5062 290 5106 νος
323 5047 463 5118 ὑπὲρ
490 5050 647 5119 ἡμῶν
675 5052 774 5121 τὴν
801 5053 977 5123 ψυχὴν
1025 5055 1189 5108 αὐτοῦ
1236 5056 1435 5127 ἔθηκε·
1474 5062 1568 5114 καὶ
1610 5064 1774 5132 ἡμεῖς

202 5137 489 5205 ὀφείλομεν
538 5141 678 5212 ὑπὲρ
706 5143 815 5195 τῶν
848 5145 1091 5219 ἀδελφῶν
1134 5155 1231 5210 τάς
1260 5149 1437 5219 ψυχάς
1484 5152 1709 5206 τιθέναι.
1750 5174 1767 5206 ι

203 5229 313 5320 καὶ
338 5230 500 5293 αὐτὸς
529 5234 557 5284 6
576 5234 806 5303 Χριστός
833 5252 844 5264 ·
886 5254 904 5285 ι
934 5217 995 5288 iii
1018 5234 1110 5290 οὖν
1139 5239 1247 5307 ἐγὼ
1277 5217 1432 5309 ἐνιιικα
1465 5243 1771 5320 ὑμῶνροὺς

204 5319 396 5383 πόδας,
418 5322 445 5372 6
472 5322 676 5392 Κύριος
707 5328 800 5377 καὶ
823 5328 850 5377 6
879 5325 1328 5392 διδάσκαλος,καὶ
1347 5333 1503 5401 ὑμεῖς
1525 5319 1769 5404 ὀφείλετε

201 5409 446 5479 ἀλλήλων
480 5414 691 5467 νίπτειν
727 5417 855 5479 τοὺς
880 5418 1066 5482 πόδας.
1108 5420 1445 5492 ’Υπόδειγμα
1467 5426 1573 5494 γάρ
1596 5425 1772 5481 ἔδωκα

203 5503 333 5568 ὑμῖν
354 5544 369 5567 ,
402 5504 488 5557 ἵνα
517 5506 696 5570 καθὼς
730 5508 842 5576 ἐγὼ
869 5510 1099 5581 ἐποίησα
1130 5514 1277 5582 ὑμῖν,
1305 5517 1400 5568 καὶ
1425 5516 1584 5585 ὑμεῖς
1610 5519 1768 5588 ποιῆ-

274 5618 287 5647 ¹
335 5618 489 5670 llom.
526 5635 621 5682 xu,
654 5620 707 5684 4,
737 5621 789 5674 ὅ.

872 5625 892 5655 ⁸
935 5624 1089 5677 Rom.
1122 5643 1211 5690 vv,
1250 5623 1302 5680 7.

206 5687 223 5717 ε
259 5687 275 5739 Ι
316 5685 472 5741 Joan.
528 5707 585 5753 ιι,
634 5690 687 5743 6.

765 5693 782 5721 ⁷
825 5692 1026 5747 lJoan.
1064 5713 1118 5751 Ill
1178 5698 1266 5752 l5.

1529 5629 1599 5682 ³1
1660 5629 1783 5683 Cor.
1820 5648 1872 5691 χ,
1923 5631 2011 5693 52,
2065 5631 2153 5685 55.
2271 5631 2291 5659 ⁸
2334 5630 2509 5684 Calat.
2576 5646 2649 5694 vr,
2708 5631 2759 5694 l,
2818 5631 2869 5684 2.

1343 5697 1363 5727 ⁸
1398 5696 1555 5752 Joun.
1586 5715 1701 5762 xm,
1736 5701 1822 5763 Η,
1895 5701 1975 5754 15.

1875 4621 2193 4677 permanere
2237 4603 2468 4659 afﬁrmat
2493 4642 2509 4668 ,
2541 4604 2691 4657 illum
2740 4611 2961 4673 oportet
2989 4602 3269 4655 ambulare
3305 4601 3449 4656 sicut

1873 4710 1927 4752 et
1956 4697 2204 4752 Christus
2230 4696 2585 4750 amhnlavit‘.
2630 4714 2649 4748 ι
2685 4694 2751 4749 Et
2774 4695 2974 4749 iterum
3015 4709 3029 4746 ι
3066 4713 3084 4743 ι
3120 4693 3449 4758 Quicunque

1874 4789 2096 4843 fratrem
2128 4803 2289 4843 suum
2322 4787 2456 4852 odit,
2486 4787 2764 4841 homicida
2792 4796 2910 4853 est;
2961 4794 3014 4839 et
3046 4784 3245 4838 scitote
3302 4781 3447 4851 quod

1875 4882 2058 4936 nullus
2088 4880 2358 4934 homicida
2384 4880 2552 4933 vitam
2581 4888 2839 4935 aeternam
2878 4879 2931 4931 in
2963 4892 3023 4932 se
3055 4876 3239 4930 habet.
3261 4875 3318 4928 ln
3343 4874 3448 4927 hoc

1875 4974 2196 5029 cbaritatem
2229 4974 2584 5043 cognovimus
2608 5014 2622 5036 ,
2686 4970 2832 5041 quod
2874 4968 3126 5024 Christus
3165 4983 3260 5037 pro
3289 4966 3448 5020 nobis

1875 5068 2114 5121 animam
2151 5080 2304 5120 suam
2334 5066 2537 5132 posuit.
2567 5062 2633 5117 Et
2675 5078 2774 5118 nos
2808 5078 2905 5132 pro
2934 5061 3200 5115 fratribus
3229 5058 3445 5113 animas

1877 5165 2095 5210 nostras
2147 5169 2346 5223 ponere
2389 5154 2715 5209 debemus".
2755 5172 2771 5204 I
2828 5153 2948 5221 Ipse
2989 5151 3245 5206 Christus
3280 5169 3293 5203 ε
3331 5168 3350 5201 ι
3392 5149 3447 5201 Si

1875 5247 2041 5316 igitur
2079 5246 2232 5299 vobis
2262 5245 2427 5314 pedes
2473 5246 2575 5299 lavi
2625 5261 2726 5314 ego
2771 5244 3033 5297 Dominus
3066 5252 3120 5296 et
3166 5240 3444 5309 Magister,

1876 5338 2086 5392 debetis
2135 5347 2190 5389 et
2244 5350 2340 5390 vos
2374 5335 2529 5389 vobis
2552 5337 2781 5389 invicem
2815 5335 2978 5402 pedes
3005 5334 3210 5397 lavare,
3245 5332 3452 5400 quippe

1878 5427 2187 5496 exemplum
2221 5426 2343 5480 dedi
2377 5428 2554 5489 vobis,
2590 5436 2667 5489 ut,
2702 5428 2846 5481 sicut
2870 5440 2971 5493 ego
3019 5424 3121 5489 feci
3159 5422 3331 5487 vobis,
3377 5424 3448 5475 ita

1878 5529 1931 5573 ct
1958 5533 2053 5572 vos
2084 5517 2350 5572 faciatis“.
2396 5538 2413 5569 ι
2447 5519 2511 5571 Ει
2542 5519 2737 5572 iterum
2767 5535 2779 5569 :
2827 5536 2844 5569 ι
2892 5515 3203 5571 Mandatum
3245 5528 3448 5567 novum

2986 5631 3003 5660 ³
3043 5627 3155 5683 Jac.
3224 5642 3305 5690 ιιι,
3361 5623 3449 5685 ιο.

275 5802 349 5868 (l)
378 5800 432 5855 ln
466 5805 708 5872 margine
747 5822 759 5859 ;
800 5808 1024 5876 σκόλιον.
1054 5812 1130 5865 Οὐ
1171 5814 1279 5878 γὰρ
1314 5808 1465 5867 ιξπ;ν
1494 5813 1550 5867 ἓν
1586 5815 1761 5880 σῶμα,
1802 5815 1914 5872 ἀλλ’
1943 5819 1977 5887 ἡ
2004 5816 2197 5883 καρδία
2226 5817 2315 5870 καὶ
2348 5818 2381 5885 ἡ
2405 5817 2551 5885 ψυχὴ
2587 5817 2704 5887 μία.
