4144 6448
162 379 297 443 1341

1216 395 1313 453 DE
1354 396 1589 455 DIVIV.
1625 396 1908 456 SCRIPT.
1974 352 2405 465 UTilJTATE.

3296 411 3429 475 1342

160 495 316 593 δέους
352 498 444 552 καὶ
472 497 712 569 θάμϐους
744 503 850 573 (ὅ),
888 503 962 574 μὴ
991 504 1141 559 ἔνθεν
1173 506 1424 560 κάκεῖθεν
1450 508 1683 579 ὁρῶντες
1715 509 1746 579 ἦ
1787 513 2204 581 μεταϐαίνοντες
2236 518 2333 586 (4),
2363 517 2438 581 ὡς
2507 519 2668 587 ἡμεῖς
2731 520 3072 592 ἀτακτοῦμεν
3105 524 3163 575 ἐν
3197 523 3273 593 τῷ
3304 526 3433 593 θείῳ

162 588 406 657 τεμένει.
426 622 440 639 .

255 682 394 735 Ἀλλ’
426 683 597 739 nimo:
631 687 975 755 ἀποδιδόντες
1010 693 1166 762 ἡμῶν
1202 695 1300 759 τὰς
1330 695 1494 766 εὐχάς
1520 696 1598 766 τῷ
1636 698 1748 749 Κυ-

1926 698 2063 753 Dum
2095 717 2219 756 vero
2253 705 2333 758 sic
2374 705 2602 759 Domino
2642 716 2767 761 vota
2794 708 3094 772 reddimus,
3128 726 3235 765 non
3267 709 3433 763 debe-

172 774 292 845 ρίῳ,
348 776 483 846 μηδὲ
528 778 624 832 τοῦ
662 781 973 852 ὲργοχείρου
997 784 1078 838 δεῖ
1095 786 1317 855 ἀμελεῖν
1340 803 1353 818 ·
1394 788 1462 841 δι’
1489 780 1550 840 οῦ
1589 789 1756 841 εὐπο-

172 867 446 937 ρήσαιμεν
478 870 578 938 τὴν
600 871 906 939 ἀναγκαίαν
928 878 1133 946 τροφήν
1163 896 1223 930 τε
1252 879 1346 931 καὶ
1365 879 1594 947 σκέπην,
1623 880 1755 949 πρὸς

169 955 231 1006 τὸ
262 956 336 1025 μὴ
366 957 704 1029 ἐπιϐαρῆσαί
726 978 847 1015 τινα
876 966 1148 1034 προφάσει
1172 966 1270 1035 τῆς
1297 968 1512 1038 εὐχῆςῆ
1540 968 1635 1036 τῆς
1660 971 1758 1039 ἀρ-

169 1047 318 1110 γίας.
353 1050 445 1120 Μὴ
471 1050 529 1103 δὲ
555 1052 647 1104 τὸν
670 1053 896 1123 ἀδελφὺν
927 1059 1173 1128 παριδεῖν
1193 1060 1501 1129 κάμνοντα,
1533 1059 1629 1111 καὶ
1658 1060 1757 1129 τῆς

173 1140 235 1204 ἐξ
266 1140 424 1210 ἡμῶν
450 1142 706 1213 δεόμενον
749 1146 1033 1217 βοηθείαςο
1072 1154 1328 1220 κρεῖσσον
1376 1152 1485 1221 γάρ
1522 1152 1753 1205 καταλι-

175 1234 299 1283 πεῖν
337 1235 541 1306 μικράν
570 1238 794 1309 ἀρετὴν,
840 1240 872 1311 ἦ
907 1241 1208 1295 καταλῦσαι
1258 1228 1501 1313 μεγάλην
1538 1244 1757 1311 ἐντολὴν

174 1323 533 1393 Δεσποτικήν.
582 1326 670 1378 Ἐν
714 1327 822 1397 γάρ
875 1327 952 1397 τῷ
1007 1329 1345 1408 πληροῦσθαι
1381 1331 1479 1400 τὴν
1515 1330 1755 1397 ἐντολὴν,

177 1413 274 1465 καὶ
302 1414 335 1483 ἡ
362 1414 459 1482 τῆς
485 1416 859 1487 προαιρέσεως
886 1418 1276 1489 εὐγνωμοσύνη
1307 1420 1756 1492 συμπληροῦσθαι

177 1504 422 1572 πέφυκεν
447 1521 459 1533 ·
483 1507 543 1560 οὐ
572 1508 634 1561 τὸ
657 1509 957 1562 ἀνάπαλινο
982 1510 1061 1563 διὸ
1091 1512 1183 1564 καὶ
1212 1512 1564 1566 ἀποκλείεται
1601 1513 1634 1581 ἡ
1664 1511 1755 1564 τοῦ

179 1596 469 1664 νυμφῶνος
493 1598 698 1662 εἴσοδος
720 1602 834 1664 τοῖς
857 1600 1181 1672 ἀδιακρίτως
1216 1604 1633 1672 μετερχομένοις
1660 1601 1756 1664 τάς

179 1686 399 1755 ἀρετάς.
424 1687 741 1760 Γέγραπται
769 1693 878 1761 γὰρ
907 1693 966 1743 ὲν
987 1695 1053 1761 τῇ
1086 1692 1193 1743 τῶν
1221 1692 1515 1744 Βασιλειῶν
1542 1690 1753 1761 πρώτῃ·

185 1795 202 1827 ι
232 1778 306 1830 υύ
359 1777 503 1831 θέλει
550 1779 754 1849 Κύριος
799 1781 1193 1845 ὁλοκαυτώσεις
1225 1782 1318 1836 καὶ
1342 1782 1555 1845 θυσίας,
1586 1783 1660 1846 ὡς
1697 1784 1757 1835 τὸ

180 1869 412 1922 ἀκοῦσαι
451 1870 549 1940 τῆς
576 1873 756 1942 φωνῆς
788 1873 953 1926 αὐτοῦ
980 1891 993 1905 ο
1039 1893 1057 1924 ι
1094 1874 1201 1927 ἰδοὺ
1233 1876 1342 1943 γὰρ
1398 1875 1535 1945 ἀκοὴ
1577 1875 1756 1946 ἀγαθὴ

182 1959 324 2030 ὑπὲρ
350 1960 541 2014 θυσίαν
561 1978 575 1990 ·
600 1963 694 2015 καὶ
729 1963 992 2033 ἀκρόασις
1016 1964 1156 2034 ὑπὲρ
1185 1965 1349 2035 στέαρ
1379 1964 1577 2035 ἀρνῶν.
1599 1964 1758 2017 Καθά

1865 804 1989 843 mus
2020 790 2259 847 laborem
2302 811 2565 850 manuum
2616 797 2928 865 negligere,
2971 814 3082 869 quo
3110 815 3292 853 escam
3333 817 3431 854 ne-

1860 880 2153 935 cessariam
2186 893 2239 938 et
2268 886 2650 940 vestimentum
2692 901 3096 956 comparemus,
3127 889 3428 942 neminem-

1859 982 1967 1037 qtte
1994 969 2101 1023 sub
2130 982 2388 1041 praetextu
2414 976 2682 1028 orationis
2712 982 2805 1029 aut
2835 975 3085 1044 st-gnitiei
3113 990 3426 1044 gravemus.

1859 1056 2210 1129 Nequaquam
2259 1061 2483 1116 fratrem
2515 1065 2961 1133 dcrelinquamus
3003 1075 3191 1119 nostro
3220 1067 3430 1120 auxilio

1859 1149 2191 1224 indigentem
2220 1172 2235 1208 :
2267 1156 2462 1209 melius
2490 1158 2631 1209 enim
2664 1157 2924 1210 minorem
2976 1158 3235 1212 virtutem
3264 1158 3430 1212 omit-

1861 1258 2002 1308 tere,
2037 1261 2200 1315 quam
2238 1262 2406 1300 unum
2439 1262 2501 1298 ex
2535 1249 2745 1314 magnis
2780 1246 2993 1300 Domini
3025 1248 3297 1301 mandatis
3321 1249 3432 1301 vio-

1860 1341 1994 1405 lare,
2059 1340 2112 1393 in
2163 1354 2273 1407 quo
2299 1338 2650 1407 adimplenan
2684 1338 2942 1391 meritum
2989 1337 3199 1405 perﬁcit
3224 1339 3431 1395 delibe-

1860 1442 1974 1485 rata
2007 1431 2277 1495 voluntas,
2312 1430 2441 1485 dnm
2492 1440 2684 1485 contra
2718 1430 2987 1484 clauditur
3019 1431 3139 1484 lccti
3172 1430 3431 1500 nuptialis

1860 1523 2120 1577 introitus
2172 1524 2278 1579 illis
2328 1524 2420 1592 qui
2472 1527 2591 1578 s'ne
2625 1525 2958 1579 discretione
3003 1525 3230 1579 virtutes
3271 1539 3428 1577 excr-

1858 1621 2002 1667 cent.
2024 1611 2301 1682 Scriptum
2332 1623 2415 1666 est
2444 1614 2497 1666 in
2530 1615 2703 1683 primo
2723 1614 2929 1683 Regum
2957 1615 3123 1670 libro;
3144 1613 3292 1668 «Non
3319 1624 3426 1669 tam

1858 1707 2007 1754 amat
2056 1698 2197 1753 Deus
2244 1700 2562 1755 holocausta
2619 1710 2673 1755 et
2723 1702 3026 1764 sacriﬁcia,
3076 1719 3238 1771 quam
3278 1704 3430 1758 vocis

1858 1791 1979 1859 ejus
1997 1791 2329 1846 auditionem
2354 1793 2396 1822 '°
2418 1809 2465 1845 τι
2499 1807 2625 1847 ecce
2646 1793 2855 1847 auditio
2874 1793 3013 1847 bona
3037 1808 3200 1862 super
3218 1794 3429 1848 sacrifi-

1858 1885 2084 1947 cium,ct
2099 1882 2309 1936 aurium
2327 1884 2555 1937 attentio
2566 1899 2731 1953 super
2741 1899 3003 1954 agnorunt
3020 1886 3426 1953 pinguedinem.

1858 1972 2044 2044 Itaque
2076 1976 2376 2043 Apostolus
2429 1973 2480 2025 in
2536 1972 2778 2043 Epistula
2812 1976 2876 2028 ad
2907 1974 3162 2029 Hebrzeos
3190 1975 3382 2030 scribit
3413 1994 3426 2028 :

179 2050 245 2118 δὴ
290 2050 382 2108 καὶ
416 2053 443 2104 ὀ
489 2052 809 2118 Ἀπόστολος
860 2056 918 2108 ὲν
954 2058 1020 2126 τῇ
1070 2056 1205 2125 πρὸς
1259 2056 1543 2125 Ἐϐραίους
1593 2056 1755 2127 φησί·

1869 2084 1885 2117 ι
1923 2064 2001 2119 Ne
2035 2064 2439 2119 obliviscamini
2487 2065 2625 2118 bene
2660 2080 2841 2133 agere,
2885 2074 2940 2118 et
2991 2064 3256 2120 fratiibus
3296 2081 3433 2122 con-

188 2158 205 2188 ι
235 2139 346 2209 Ἰῆς
379 2139 435 2192 δὲ
465 2135 715 2205 εὐποιίας
746 2144 842 2197 καὶ
868 2143 1154 2206 κοινωνίας
1192 2142 1267 2214 μὴ
1300 2143 1719 2199 ἐπιλανθάνεσθε
1738 2163 1751 2176 ·

182 2230 463 2294 τοιαύταις
492 2232 601 2303 γὰρ
632 2231 843 2297 θυσίαις
871 2234 1248 2303 εὐαρεστεῖται
1275 2237 1303 2289 ό
1324 2234 1473 2299 Θεός.
1508 2255 1525 2288 ι
1561 2236 1669 2290 Καὶ
1701 2238 1757 2290 ὲν

182 2324 250 2391 τῇ
282 2322 417 2392 πρὸς
460 2324 738 2391 Ἐφεσίους
762 2321 917 2388 αὖθις
940 2340 953 2354 ’
992 2343 1011 2376 ι
1054 2326 1111 2378 ’0
1143 2326 1388 2379 κλέπτων
1416 2328 1613 2396 μηκέτι
1639 2329 1760 2381 κλε-

185 2412 388 2476 πτέτω,
423 2414 624 2484 μᾶλλον
654 2413 710 2468 δὲ
742 2416 1009 2481 κοπιάτω,
1059 2414 1425 2487 ἐργαζόμενος
1460 2416 1520 2469 τὸ
1556 2416 1760 2485 ἀγαθὸν

182 2506 305 2569 ταῖς
333 2507 552 2576 χερσίνσ
590 2508 675 2561 ἵνα
700 2507 798 2579 ἔχῃ
836 2508 1172 2579 μεταδιδόναι
1200 2508 1276 2577 τῷ
1301 2508 1488 2579 χρείαν
1512 2509 1707 2579 ἔχοντι.
1735 2527 1753 2560 ι

187 2596 414 2667 κλοπὴν
448 2597 492 2651 δ’
531 2598 597 2652 ἂν
626 2599 803 2668 ἔγωγε
834 2600 1125 2671 καλέσαιμι
1166 2602 1260 2655 καὶ
1286 2600 1384 2672 τὴν
1412 2600 1759 2673 ὁπωσδήποτε

192 2688 333 2757 μετά
377 2688 530 2742 δόλου
568 2690 677 2743 τῶν
712 2692 1009 2761 χρημάτων
1050 2692 1343 2763 συλλογήν·
1379 2691 1454 2756 ῶς
1489 2693 1616 2746 ὅταν
1660 2711 1760 2746 πο-

190 2780 475 2849 ρευόμενοι
525 2780 662 2851 πρὸς
710 2781 993 2846 πλουσίους
1044 2784 1138 2836 καὶ
1167 2783 1424 2852 πένητας,
1458 2783 1763 2853 ὀδυρόμεθα

188 2871 360 2942 ψευδῆ
392 2872 583 2926 πενίαν
609 2891 667 2927 τε
698 2876 792 2928 καὶ
815 2875 1087 2945 πτωχείαν
1109 2890 1122 2904 ⁸
1146 2875 1238 2928 καὶ
1267 2874 1409 2929 ναῶν
1432 2874 1763 2953 ἀναλώματα

191 2965 289 3017 καὶ
344 2965 743 3036 ἀναθημάτων·
804 2967 1104 3037 κειμηλίων
1155 2984 1213 3020 τε
1272 2967 1369 3020 καὶ
1429 2966 1763 3037 ἀγαλμάτων

192 3055 537 3118 κατασκευάς
558 3070 571 3083 ·
598 3054 765 3124 ἱερῶν
793 3055 1101 3126 ἐνδυμάτων
1128 3055 1356 3121 ἔνδειαν,
1384 3055 1478 3111 καὶ
1515 3055 1764 3127 ἱστοριῶν

191 3143 497 3213 ἀφανισμόν
524 3160 538 3174 ·
576 3144 665 3199 ἴνα
697 3145 872 3198 πάντα
904 3143 1115 3215 ἔχωμεν
1151 3144 1269 3214 μετ’
1296 3144 1576 3214 εὐπορίας,
1621 3142 1763 3215 ἀπερ

191 3233 314 3286 οὐδὲ
351 3234 608 3303 κοσμικοὶ⁴
640 3233 793 3298 ὄντες
830 3234 1049 3304 εἴχομεν
1071 3250 1084 3263 ·
1118 3234 1368 3303 ἐντεῦθεν
1400 3232 1556 3303 ήμῶν
1590 3233 1766 3287 πάντα

192 3323 786 3393 εὐποροῦντων,,άλλοι
835 3323 1101 3395 ἀποροῦσι
1142 3322 1236 3376 καὶ
1264 3321 1570 3391 ὀδύρονται·
1606 3322 1699 3374 καὶ
1732 3323 1764 3392 η

194 3416 367 3487 ἀρετὴ
396 3417 552 3487 ημῶν
577 3416 780 3487 ματαία
808 3416 1162 3481 καθίσταται,
1190 3415 1277 3467 ἵνα
1303 3414 1377 3485 μὴ
1402 3413 1544 3481 λέγω
1568 3411 1771 3483 βλάϐης
1796 3408 1842 3471 C

198 3507 474 3574 πρόξενος.

271 3600 412 3669 Πρὸς
444 3599 652 3663 τούτοις
675 3600 771 3653 καὶ
794 3600 921 3668 περὶ
945 3598 1174 3669 ἐκλογῆς
1189 3597 1491 3666 ἡγουμένου
1515 3595 1767 3663 ληπτέον·

200 3693 295 3744 καὶ
323 3694 504 3745 ὁποῖον
532 3686 671 3744 εἶναι
690 3689 796 3762 χρὴ
826 3689 916 3743 τὸν
941 3689 1146 3759 ἑτέροις
1173 3687 1603 3759 καθηγούμενον·
1639 3687 1771 3757 μήτι

200 3784 522 3854 τοπαράπαν
579 3784 643 3835 ὲκ
696 3781 905 3844 κοιλίας
951 3780 1159 3834 ἑαυτῶν
1203 3779 1621 3847 ἀποφαίνοντεςο
1656 3777 1771 3830 ἀλλ’

201 3875 324 3925 ὅσον
355 3875 418 3925 ὲκ
447 3872 745 3944 τῶνὶθείων
772 3870 1023 3939 Γραφῶν,
1081 3869 1113 3938 ἢ
1153 3868 1261 3921 τῶν
1288 3867 1546 3935 Πατέρων
1577 3865 1774 3935 ἐμάθο-

206 3980 338 4034 μεν⁶
374 3965 454 4018 δεῖ
480 3965 535 4018 δὲ
564 3963 660 4018 καὶ
690 3961 878 4015 τοῦτον
907 3978 973 4032 με
986 3960 1048 4013 τὰ
1076 3959 1496 4030 παρακλήσεως,
1543 3959 1618 4028 μὴ
1652 3959 1775 4027 μέν·

202 4074 283 4107 τοι
321 4054 458 4124 μετά
493 4054 616 4123 βίας
650 4052 898 4119 ὲφέλκειν
938 4051 1030 4103 ἐπὶ
1082 4051 1180 4119 τὴν
1236 4049 1564 4118 ἡγουμενίαν
1592 4064 1605 4077 ·
1660 4048 1774 4101 ἀλλ’

205 4147 326 4198 οὐδὲ
359 4144 597 4208 εὐκόλως
631 4144 758 4197 ἄνευ
798 4140 1118 4210 δοκιμασίας
1152 4139 1434 4208 δέχεσθαν
1463 4138 1596 4192 ἀλλά
1641 4139 1775 4206 μετά

204 4239 303 4306 τῆς
348 4237 484 4306 πρὸς
512 4236 646 4290 Θεὸν
680 4235 887 4298 ἱκεσίας
937 4234 1183 4301 ἐκλέγειν
1233 4232 1328 4286 ἓνα
1372 4232 1471 4301 τῆς
1504 4231 1773 4293 συνοδίας·

206 4331 394 4399 ὥσπερ
426 4330 474 4382 σί
512 4327 606 4381 τοῦ
638 4325 874 4397 Χριστοῦ
902 4326 1189 4380 ἀπόστολοι
1211 4326 1302 4378 τὸν
1338 4325 1587 4378 Ματθίαν
1607 4342 1620 4355 ·
1666 4323 1776 4376 ῶσ-

208 4438 314 4490 περ
352 4421 445 4472 τδν
506 4418 791 4489 Βαρνάϐαν
840 4417 933 4471 καὶ
960 4416 1206 4470 Παῦλον·
1256 4414 1444 4485 ῶσπερ
1489 4414 1613 4477 τοὺς
1643 4414 1781 4466 ἐπτά

207 4511 486 4573 διακόνους
508 4526 521 4541 °
549 4510 640 4562 τὸν
668 4509 775 4579 γάρ
806 4507 897 4576 ἀρ’
931 4506 1127 4560 ἑαυτοῦ
1161 4505 1427 4575 ζητοῦντά
1450 4522 1571 4557 τινα
1602 4502 1781 4567 ἀξίαν,
1843 4551 1845 4553 .

209 4599 649 4671 ἀποστρέφεσθαι
671 4598 750 4652 δεῖ
770 4614 783 4626 ·
813 4598 889 4661 ὡς
921 4601 949 4651 ὁ
977 4598 1181 4668 Πέτρος
1207 4596 1296 4649 τὸν
1323 4596 1568 4665 Σιμῶνα⁸
1608 4594 1641 4663 ἢ
1667 4611 1785 4646 νου-

211 4694 384 4746 θετεῖν
420 4693 579 4761 εῐπερ
605 4692 832 4753 οἰκεῖος*
860 4691 935 4753 ῶς
969 4692 997 4743 ό
1045 4689 1247 4758 Κύριος
1292 4688 1447 4758 ἡμῶν
1480 4692 1605 4749 τοὺς
1636 4686 1783 4746 υἱοὺς

1859 2156 2063 2211 sentire
2101 2174 2114 2209 :
2149 2155 2353 2209 talibus
2388 2156 2531 2209 enim
2561 2156 2613 2209 in
2640 2155 2925 2211 sacrifici-is
2969 2157 3071 2209 sibi
3110 2155 3250 2210 Dens
3283 2173 3433 2212 com-

1861 2250 2037 2320 placet
2058 2248 2132 2314 “;
2172 2266 2193 2300 ι
2223 2256 2276 2303 et
2312 2248 2364 2301 in
2400 2247 2649 2317 Epistola
2677 2248 2744 2303 ad
2775 2246 3039 2317 Ephesios
3072 2265 3086 2301 :
3126 2267 3145 2300 ι
3184 2248 3292 2304 Fur
3323 2265 3431 2304 non

1857 2341 1970 2410 jatn
2007 2338 2240 2405 foretur,
2294 2339 2479 2409 potius
2538 2355 2667 2393 vero
2724 2338 2955 2405 laboret,
2993 2340 3195 2395 bonum
3251 2341 3433 2395 mani-

1864 2433 1964 2486 bus
1999 2446 2266 2501 opet'ans,
2302 2440 2359 2485 ut
2390 2430 2583 2486 habeat
2619 2431 2763 2485 unde
2806 2431 2953 2501 inopi
3001 2433 3370 2487 subveniat".
3410 2451 3430 2484 ι

1864 2525 2089 2581 Furtum
2126 2540 2226 2594 ego
2257 2540 2507 2579 vocat-em
2567 2526 2727 2580 istam
2763 2526 3009 2595 qualibet
3039 2526 3253 2581 ratione
3283 2526 3437 2581 dolo-

1864 2617 1979 2673 sam
2013 2619 2281 2673 bonorum
2310 2618 2800 2687 comparationem,
2840 2619 3050 2673 scilicet
3090 2627 3170 2683 ut,
3205 2635 3330 2673 cum
3359 2619 3435 2673 di-

1866 2710 2003 2762 vites
2031 2722 2367 2777 panpercsve
2395 2708 2657 2777 aggressi,
2686 2708 2921 2776 inopiam
2946 2717 3188 2762 nostram
3219 2716 3274 2761 et
3302 2722 3437 2776 pau-

1865 2808 2127 2869 pertatem
2161 2800 2509 2866 deploramns
2533 2838 2549 2862 ,
2584 2798 2911 2867 templorum
2967 2802 3303 2867 (arguentes)
3336 2800 3437 2851 im-

1867 2906 2065 2961 pensas
2098 2900 2152 2946 et
2192 2891 2531 2945 oblationum
2558 2928 2572 2951 ,
2619 2889 2977 2958 supellectilis
3026 2899 3081 2944 et
3126 2897 3437 2945 statuarum

1867 2981 2309 3051 acquisitionem,
2341 2993 2628 3035 sacrorum
2658 2979 3109 3033 indumentorum
3149 2980 3435 3048 penuriam

1868 3070 2330 3139 historiarumque
2374 3068 2725 3135 deletionem,
2776 3077 2837 3122 ut
2894 3069 3077 3122 omnia
3110 3066 3269 3122 facile
3299 3067 3441 3121 obti-

1869 3179 2099 3218 neamus
2129 3178 2270 3231 quae,
2320 3162 2450 3218 dum
2486 3163 2538 3216 in
2577 3163 2781 3216 mundo
2813 3176 3175 3226 versaremur,
3204 3177 3310 3214 non
3346 3161 3443 3213 ba-

1870 3257 2153 3320 bebamns,
2179 3266 2232 3311 et
2264 3271 2388 3311 eum
2436 3256 2802 3316 obtineamus.
2839 3255 2930 3308 alii
2960 3270 3067 3308 non
3104 3254 3358 3307 obtinent
3387 3261 3443 3306 et

1872 3356 2115 3419 gemunt,
2149 3348 2351 3401 virtute
2381 3357 2566 3402 nostra
2600 3348 2666 3401 ad
2700 3361 2902 3401 vanum
2938 3346 3192 3407 redacta,
3251 3354 3310 3400 ut
3374 3360 3445 3401 ne

1872 3442 2078 3505 dicam,
2116 3440 2345 3494 exitiosa
2380 3438 2545 3494 facta.

1948 3576 2106 3632 Nunc
2132 3577 2198 3631 de
2225 3576 2516 3644 hegumeni
2550 3574 2812 3643 (abbatis)
2834 3572 3102 3630 electione
3130 3572 3441 3633 dicendum,

1872 3677 1924 3722 et
1972 3667 2187 3737 qualem
2231 3680 2352 3721 esse
2393 3664 2608 3731 debeat,
2660 3662 2750 3730 qui
2793 3662 3007 3715 caneris
3061 3660 3435 3730 pra-ponitur:

1873 3758 1967 3827 qui
2000 3757 2152 3810 nullo
2183 3755 2346 3809 modo
2378 3756 2444 3809 dc
2475 3754 2697 3823 proprio
2741 3760 2929 3805 nostro
2956 3751 3162 3818 judicio
3196 3750 3437 3802 indican-

1873 3847 2009 3908 dus,
2069 3846 2161 3901 sed
2199 3843 2498 3898 secundum
2527 3840 2672 3910 quod
2708 3855 2776 3894 ex
2807 3840 2981 3895 sacris
3018 3838 3315 3907 Seriptnris
3353 3848 3448 3890 aut

1874 3951 1941 3990 ex
1994 3934 2252 3990 Patrilius
2295 3933 2611 3987 didicimus.
2646 3930 2740 3985 Ille
2794 3945 2925 3984 vero
2976 3945 3071 3999 per
3109 3928 3444 3992 suasionem,

1878 4043 1988 4083 non
2021 4042 2116 4096 per
2139 4026 2271 4088 vim,
2306 4022 2679 4087 adducendus,
2720 4020 3000 4091 ntpraesit,
3028 4035 3128 4074 nec
3149 4019 3307 4074 facile
3333 4019 3451 4074 sine

1880 4120 2200 4193 probatione
2229 4115 2614 4185 accipiendos,
2646 4114 2762 4177 sed,
2800 4120 3089 4184 postquam
3128 4113 3293 4166 Deum
3326 4127 3449 4181 pre-

1879 4213 1983 4270 cati
2017 4212 2284 4267 fuerimus
2310 4250 2324 4273 ,
2358 4224 2424 4263 ex
2463 4217 2650 4262 nostra
2694 4204 3119 4275 congregatione
3146 4202 3451 4273 eligendus,

1881 4305 2025 4361 sicut
2052 4318 2081 4356 a
2104 4302 2305 4376 Christi
2341 4299 2604 4369 apostolis
2630 4295 3229 4361 Matthias,Barnabas,
3251 4294 3456 4348 l’aulus

1881 4408 1935 4452 et
1963 4406 2173 4465 septem
2216 4392 2459 4447 diaconi.
2487 4390 2576 4445 Ille
2610 4390 2705 4460 qui
2735 4405 2801 4444 ex
2832 4403 2890 4444 se
2915 4388 3087 4442 ambit
3134 4387 3454 4458 dignitatem

1878 4486 2223 4543 recusandus
2248 4494 2350 4550 est,
2373 4497 2432 4539 ut
2450 4482 2637 4537 Simon
2656 4500 2684 4536 ιι
2708 4480 2902 4545 Petro;
2933 4492 3046 4543 aut,
3070 4480 3115 4534 si
3147 4477 3308 4531 fuerit
3328 4496 3358 4531 e
3379 4475 3459 4530 fa-

1883 4580 2212 4643 miliaribus,
2238 4576 2611 4631 admonendus
2630 4584 2739 4627 uta
2765 4572 2995 4628 Domino
3018 4580 3208 4625 nostro
3241 4569 3332 4622 filii
3360 4567 3459 4622 Ze-

1886 4673 2076 4728 bed'ei.
2100 4670 2158 4726 Si
2175 4671 2320 4725 enim
2347 4684 2507 4738 rcges
2527 4667 2713 4721 mundi
2736 4680 2831 4720 eos
2847 4664 2935 4734 qui
2958 4679 3021 4716 ex
3053 4678 3113 4718 se
3137 4662 3457 4732 dignitatem

211 4784 519 4839 Ζεϐεδαίου.
549 4750 631 4837 Ἐἰ
664 4750 1057 4853 γὰρ-κωμικοὶ
1096 4750 1345 4851 βασιλεῖς
1372 4782 1499 4843 τοὺς
1528 4781 1618 4847 ἀφ’
1652 4780 1768 4830 ἑαυ-

1888 4765 2135 4820 ambiunt
2168 4760 2325 4831 quasi
2351 4760 2676 4814 rebellantes
2704 4757 3041 4820 existimant,
3060 4761 3269 4824 quanto
3287 4750 3460 4819 magis

212 4876 318 4928 τῶν
340 4893 390 4929 τι
412 4874 710 4944 ζητοῦντας
742 4864 961 4943 ἀξίωμα
983 4873 1253 4942 ἀντάρτας
1282 4871 1607 4939 λογίζονται,
1633 4870 1768 4938 πόση

1893 4856 2070 4911 Deus?
2097 4853 2235 4908 Dicit
2255 4852 2459 4907 Paulus
2482 4851 2534 4904 in
2561 4849 2803 4920 Epistola
2827 4848 2893 4902 ad
2916 4846 3206 4900 Hebraeos:
3227 4862 3245 4895 ι
3266 4842 3461 4895 Omnis

218 4934 480 5036 piumve.
503 4965 635 5028 Θεός
666 4934 850 5034 ξψηῖτι
886 4934 995 5035 γὰρ
1039 4965 1096 5015 ὲν
1125 4934 1202 5032 ’τῇ
1240 4934 1376 5031 πρὸς
1416 4959 1702 5027 Ἐϐραίους

1895 4947 2138 5020 pontifex
2179 4962 2247 5001 ex
2281 4944 2598 4999 hominibus
2648 4948 2965 5010 assumptus
3012 4953 3112 5008 pro
3144 4934 3463 4990 hominibus

216 5025 429 5117 ίιαῦλος
450 5071 463 5084 ·
504 5073 521 5106 ι
557 5025 680 5116 "oi;
701 5025 989 5124 ἀργιερεὺς
1023 5052 1082 5117 ἐξ
1108 5025 1409 5121 ἀνθρώπων
1440 5025 1756 5119 λαμϐανόμε

1892 5039 2246 5097 constituitur
2278 5039 2332 5090 in
2365 5037 2432 5090 iis
2459 5050 2579 5105 quae
2615 5044 2744 5088 sunt
2773 5033 2839 5085 ad
2879 5030 3145 5097 Deum";
3167 5047 3185 5080 ι
3218 5035 3272 5082 ct
3300 5025 3464 5095 paulo

217 5162 326 5209 νος,
350 5146 490 5216 ὑπὲρ
526 5143 827 5215 ἀνθρώπων
860 5144 1183 5198 καθίσταται
1211 5144 1277 5196 τά
1309 5144 1442 5213 πρδς
1467 5143 1556 5194 τὸν
1580 5141 1732 5195 Θεόν.
1764 5158 1768 5187 ι

1895 5141 2058 5199 post:
2099 5147 2117 5179 ι
2152 5126 2267 5180 Non
2318 5130 2612 5195 quisquam
2655 5122 2824 5177 sumit
2870 5119 2976 5174 sibi
3015 5119 3313 5177 ltonmem.
3365 5115 3460 5168 sed

217 5207 330 5292 κᾴι
379 5207 492 5305 μετ’
523 5207 679 5303 ὀλίγα
700 5254 711 5265 ·
750 5254 766 5285 ι
807 5236 919 5304 Οὐχ
960 5235 1139 5305 ἑαυτῷ
1170 5252 1248 5299 τις
1285 5207 1549 5304 λαμϐάνει
1582 5233 1676 5301 τὴν
1706 5248 1768 5284 τι-

1894 5228 1988 5297 qui
2028 5234 2263 5279 vocatur
2297 5233 2327 5273 a
2368 5216 2497 5280 Deo,
2530 5226 2792 5283 tanquam
2821 5211 3022 5265 Aaron.
3058 5208 3152 5263 Sic
3201 5216 3255 5262 et
3303 5207 3465 5261 Cln'i-

309 5391 351 5421 ‘°
393 5391 408 5442 l
446 5388 575 5459 Reg.
616 5405 702 5454 xv,
737 5388 826 5442 2‘2.
910 5392 947 5419 "
995 5387 1156 5443 llebt'.
1204 5404 1321 5449 xm,
1354 5388 1434 5440 16.
1528 5386 1571 5422 ¹⁶
1610 5384 1768 5452 Ιοζνίιοι

1869 5397 1917 5447 ν,
1948 5379 2034 5433 εδ.
2114 5377 2155 5408 η
2194 5377 2355 5433 llebr.
2396 5395 2447 5440 ν,
2484 5377 2532 5430 γι.

1901 5520 2105 5574 αὐτῶ-ι’
2135 5523 2193 5571 οὐ
2228 5519 2335 5587 μὴν
2368 5519 2494 5587 περὶ
2524 5517 2613 5570 τοῦ
2645 5515 2980 5587 κανονάρχου
2999 5528 3011 5539 ·
3040 5501 3206 5587 οῧῖος.
3228 5506 3356 5587 γὰρ,
3387 5499 3466 5567 ετς

1899 5591 1994 5655 ὢν,
2043 5590 2099 5641 ὲν
2144 5576 2375 5658 μεγίστῃ
2418 5576 3159 5660 Ἐκκλησίᾳλούᾳδῦναταιέν
3188 5576 3468 5660 έκατέροις

1900 5649 2251 5728 κανοναργεῖν
2301 5649 2415 5719 τοῖς
2466 5649 2766 5739 χοροίςηεὶσ
2791 5655 2865 5723 μὴ
2910 5650 3151 5739 μεταϐῇ·
3185 5649 3468 5739 sistam-5

1897 5726 2139 5789 δυνατὸν,
2173 5729 2230 5779 οὐ
2276 5728 2431 5795 μόνον
2475 5726 2702 5795 περιττὴ
2746 5726 2778 5790 ἡ

1898 5797 2123 5869 ὀχληρὸν
2153 5799 2240 5854 xu".
2275 5798 2541 5863 ἀπρεπές.

292 5535 369 5603 (5)
398 5531 677 5603 Srhclium
698 5534 755 5603 in
788 5530 1053 5603 Inarg._'l‘o
1080 5527 1185 5596 γὰρ
1215 5530 1333 5588 ταῖς
1369 5524 1591 5594 πτέρυξι
1627 5541 1792 5576 κεκα-

222 5599 433 5671 λύςζρθαιγ
451 5601 561 5671 τὴν,
585 5599 874 5671 εὐλάϐἓαν
903 5599 1070 5671 δηλοῖ.

297 5662 375 5741 (4)
412 5662 686 5741 Scliolintn
721 5684 731 5720 :
758 5667 928 5741 Τοῦτο
955 5662 1189 5741 εἴρηται,
1217 5665 1468 5741 περὶτῶν
1486 5664 1544 5728 ἐξ
1566 5662 1792 5741 ἀκηδίας

229 5736 687 5813 προφάσειλδῆθεν
712 5740 952 5806 κάρφους
986 5736 1080 5790 τοῦ
1125 5740 1182 5788 ἐν
1226 5737 1305 5813 ¹τῷ
1343 5736 1615 5813 ἐδάφειηή
1648 5750 1790 5813 τινος

233 5803 417 5884 ἑτέρου
464 5810 535 5881 μὴ
571 5803 983 5877 κατεπείγοντος
1026 5803 1354 5874 κινουμένων
1398 5806 1459 5856 ἐκ
1500 5803 1587 5857 τοῦ
1632 5804 1791 5857 τόπον

2826 5714 3145 5792 μετάϐασις,
3199 5715 3331 5769 ἀ).λά
3377 5714 3470 5764 καὶ
