4092 6438
191 401 329 466 1349

1233 402 1327 462 DE
1373 403 1605 463 DlVlN.
1645 402 1932 462 SCRIPT.
1976 403 2403 463 UTl'Ll'l'ATE.

3298 400 3434 468 1350

185 517 403 579 λαϐἑνζι
449 515 718 583 λέγουσιν.
774 513 1006 584 Ὁμοίως
1038 515 1132 566 καὶ
1166 518 1221 567 ἐν
1264 518 1495 582 ἑτέροις.
1535 515 1688 568 Ἔστι
1716 516 1757 566 δ’

1869 517 2135 574 nautam),
2167 516 2364 584 κρόκον
2399 515 2673 584 (crocum).
2697 511 3037 582 βούγλωσσον
3068 512 3432 583 (bnglossam),

185 601 276 660 οὖν
317 606 466 675 ὁμῶς
513 606 546 659 ἃ
595 603 705 656 τῶν
732 606 1011 674 ὀνομάτων
1045 606 1137 656 καὶ
1185 606 1640 676 Ἑλληνικώτερον
1664 608 1756 657 ὲκ.

187 699 444 768 φέρουσιν
472 697 611 767 ὑπὲρ
633 699 758 758 τοὺς
782 701 838 749 ἐν
862 700 984 760 ταῖς
1010 697 1199 759 ἄλλαις
1225 698 1459 768 χώραις·
1485 692 1614 759 οἷον,
1647 699 1760 766 ἔρι-

186 807 305 858 φον,
356 787 521 858 αἶγα,
568 789 811 853 κολοιὸν,
873 788 1204 860 κορυδαλὸν,
1239 788 1534 858 στρύχνον,
1586 789 1760 859 βρυω-

187 886 326 936 νίαν.
370 882 601 952 Ὁμοίως
626 881 718 933 καί
746 898 868 933 τινα
899 882 1120 950 ῥήματα
1161 879 1305 949 ἆπερ
1339 880 1438 932 οὐκ
1471 880 1674 932 οῐδασιν
1703 881 1759 933 ὲν

187 975 400 1044 ἑτέραις
427 973 652 1042 χώραις,
691 973 830 1025 Ἀλλ’
861 972 998 1026 ἄλλα
1038 972 1163 1025 τινὰ
1203 975 1280 1034 είς
1311 971 1468 1024 ἄλλον
1511 971 1636 1024 νοῦν
1671 971 1760 1024 πίο

190 1082 389 1117 πτοντα
408 1080 422 1096 ο
451 1058 564 1117 οἷον
585 1064 895 1134 ἀδημονεῖν,
927 1064 1309 1133 εἰρωνεύεσθαι
1329 1081 1343 1094 ο
1376 1063 1466 1116 καὶ
1492 1065 1539 1114 el
1565 1067 1621 1116 ἐν
1642 1068 1760 1128 ταῖς

187 1153 484 1223 ἡμετέραις
517 1153 745 1223 χώραις,
782 1154 880 1206 οὐκ
917 1153 1093 1206 οἴδασι
1131 1152 1396 1224 διαφορὰν
1443 1154 1624 1222 πηγῆς
1666 1154 1760 1206 καὶ

187 1246 414 1316 κρουνοῦ
439 1263 450 1274 '
472 1246 588 1298 ἀλλ’
615 1246 829 1300 ἅπαντα
863 1246 1055 1316 βρύσιν
1093 1245 1389 1299 καλοῦσιν’
1419 1246 1468 1297 oi
1497 1245 1549 1298 δὲ
1583 1247 1641 1298 ὲν
1663 1246 1761 1297 Κε-

187 1340 446 1409 φαληνίᾳ,
479 1339 590 1392 ἔσθ’
614 1340 750 1392 ὅπου
793 1341 888 1392 καὶ
919 1341 1123 1409 πηγήν.
1155 1339 1264 1392 Καὶ
1292 1340 1342 1391 οἱ
1372 1340 1427 1391 ὲν
1457 1339 1759 1402 Σωζοπόλει

185 1431 251 1498 τῇ
285 1430 420 1481 κατὰ
456 1429 677 1489 Πόντον,
709 1429 943 1499 κρουνόν
977 1445 1078 1480 που
1103 1445 1117 1458 °
1150 1429 1243 1480 καὶ
1275 1430 1324 1480 οὶ
1356 1430 1413 1480 ὲν
1452 1428 1758 1496 ’Δδριανου-

188 1520 340 1572 πόλει
375 1521 525 1590 ἰκρία
545 1521 762 1588 λέγουσι
793 1537 913 1572 τινα
948 1520 1196 1591 ἐπιμήκη
1234 1519 1387 1586 ξύλα.
1415 1519 1672 1587 Στὰϐαρα
1702 1519 1790 1570 δὲ,

187 1609 306 1664 ἀντὶ
354 1609 448 1661 τοῦ
483 1609 750 1679 σταυροὺς
789 1611 846 1662 ὲν
868 1609 1202 1679 Μακεδονία,
1247 1610 1315 1662 τὰ
1350 1611 1408 1662 ὲν
1435 1611 1547 1671 τοῖς
1581 1624 1758 1677 φραγ-

189 1687 330 1769 μοῖς.
362 1699 612 1754 Διατόνια
644 1699 699 1750 δὲ
735 1700 784 1751 οἱ
850 1699 1135 1754 Ζακύνθιοι
1166 1703 1232 1752 τὰ
1277 1700 1522 1765 πλαγίως
1555 1698 1760 1751 τούτων

187 1793 445 1862 τιθέμενα
498 1795 766 1863 ἐπιμήκη.
805 1793 914 1846 Καὶ
970 1793 1020 1843 oi
1063 1794 1161 1861 μὲν
1206 1793 1462 1862 ἡμέτεροι
1509 1793 1627 1845 ἀντὶ
1666 1792 1757 1844 τοῦ

1872 602 2374 674 μακεδονήσιονίῖ]
2409 615 2464 657 et
2493 605 2734 672 σάψυκον
2755 603 2809 674 [2
2840 605 2852 676 Ι
2883 605 3120 674 Λέϐητα,
3152 606 3434 674 paululum

1868 694 2292 756 barbarizantes.
2311 693 2532 758 λαϐἐνζι
2554 694 2775 760 dicunt;
2799 699 3038 748 attamen
3063 697 3278 750 nomina
3294 712 3434 765 quaa-

1867 783 1988 836 dam
2029 787 2202 853 magis
2235 783 2509 837 l-lelleniee
2545 799 2707 852 quam
2743 785 2834 837 alii
2876 786 3215 854 exprimunt,
3248 787 3433 855 qualia

1867 874 2052 945 ἔριφος
2088 876 2336 946 (haedus),
2371 875 2458 939 αἲξ
2486 875 2716 946 (capra),
2756 875 2960 939 κολοιὸς
2993 878 3305 946 (graculus),
3336 894 3429 930 κο-

1871 969 2093 1035 ρυδαλδς
2147 968 2418 1039 (gelu-ita)
2444 1009 2458 1033 ,
2495 968 2756 1039 στρύχνος
2800 970 3142 1039 (stryclmus).
3195 970 3434 1047 βρυωνία

1868 1059 2005 1126 (fera
2055 1060 2379 1128 cucurbita),
2423 1061 2636 1129 aliaque
2667 1061 2802 1113 al:as
2837 1060 3122 1129 ignorata;
3161 1063 3252 1114 sed
3285 1077 3434 1130 quae-

1867 1150 1990 1202 dam
2024 1152 2126 1202 alia
2158 1152 2209 1202 in
2243 1153 2410 1204 alium
2446 1167 2667 1210 sensnm
2703 1161 2978 1216 avertunt,
3009 1152 3188 1216 qualia
3230 1152 3435 1222 ἀδημο-

1867 1245 1976 1294 νεῖν
2009 1245 2328 1310 (desperare)
2378 1252 2431 1295 et
2476 1243 2861 1312 εἰρωνεύεσθαι
2892 1244 3202 1313 (cavillari).
3238 1243 3432 1297 Nostra

1867 1332 1922 1385 in
1967 1334 2186 1400 regione
2228 1332 2477 1385 nesciunt
2507 1333 2782 1400 quomodo
2813 1336 2962 1401 πηγὴ
3009 1348 3037 1386 a
3086 1331 3298 1402 κρουνῷ
3329 1333 3434 1402 (sa-

1865 1425 2024 1478 liente
2068 1424 2236 1488 unda)
2300 1425 2534 1487 ditIcrat,
2574 1423 2864 1492 fontesque
2895 1439 3088 1478 omnes
3121 1423 3310 1493 βρύσιν
3339 1440 3434 1477 vo-

1867 1524 2012 1568 cant.
2046 1512 2281 1579 Quidam
2333 1528 2363 1566 e
2407 1512 2794 1581 Cephalonicis
2844 1511 3028 1582 πηγὴν
3077 1512 3348 1577 retinent,
3380 1523 3436 1567 et

1866 1603 2092 1673 κρουνὸν
2124 1603 2217 1670 qui
2262 1601 2630 1669 Sozopolitani
2670 1601 2827 1671 juxta
2881 1602 3111 1656 Pontum
3164 1602 3430 1657 habitant.

1864 1693 2332 1762 Adrianopolitani
2371 1694 2516 1761 ίκρέα
2549 1694 2736 1746 dicunt
2767 1694 2955 1762 longas
3002 1694 3215 1758 trabes;
3261 1693 3436 1748 Maeo-

1865 1785 2036 1838 dones
2070 1792 2250 1836 autent
2278 1784 2526 1854 στάϐαρα
2565 1799 2663 1850 pro
2684 1787 2908 1856 σταυροὶ
2925 1785 3231 1856 (vallornm)
3253 1789 3346 1856 qui
3379 1787 3433 1840 in

188 1886 414 1948 ἀνάστα,
457 1885 738 1956 σηκώθητι
781 1885 1061 1952 λέγουσιν·
1100 1885 1279 1950 οίονεὶ,
1312 1885 1669 1956 κουφίσθητι·
1710 1886 1759 1936 οἱ

1869 1877 2087 1946 sepibns
2118 1877 2466 1940 adhibentur,
2491 1888 2542 1929 ct
2567 1875 2851 1947 Zacyntltii
2884 1878 3125 1930 διατόνια
3143 1879 3310 1932 vallos
3341 1878 3434 1947 qui

186 1978 242 2030 δὲ
294 1977 553 2047 Κύπριοι,
619 1974 996 2039 ὲλλειπτικῶς,
1027 1975 1159 2030 ἄνα·
1193 1975 1286 2027 καὶ
1331 1976 1379 2028 oi
1431 1977 1762 2045 Κερκυραῖοι

186 2069 386 2138 ὁμοίως
426 2067 488 2120 τὸ
518 2067 665 2136 ἑξῆς,
698 2066 859 2121 ἄστα.
895 2065 1167 2132 Ὡσαύτως
1213 2068 1450 2136 Κύπριοι
1483 2068 1576 2118 καὶ
1611 2067 1763 2134 Κρῆ-

187 2177 278 2221 τες
312 2159 597 2228 γραφικῶς
629 2159 843 2227 λέγουσι
875 2159 934 2211 τὸ
965 2159 1138 2228 χαμαὶ
1185 2159 1277 2210 καὶ
1317 2159 1613 2228 ἀριστερά·
1648 2157 1762 2209 ἓτε-

191 2268 274 2320 ροι
300 2250 355 2303 δὲ
383 2249 861 2322 βαρϐαρικώτερον
893 2249 1064 2303 ταῦτα
1102 2249 1321 2318 λέγουσι
1347 2268 1358 2278 ·
1391 2249 1483 2302 καὶ
1517 2249 1636 2304 ἀντὶ
1669 2249 1762 2302 τοῦ

188 2346 364 2413 χαμαὶ
405 2346 554 2398 κάτω
581 2343 831 2411 λέγουσι·
864 2343 925 2395 τὸ
950 2343 1011 2396 δὲ
1052 2343 1222 2406 κάτω,
1260 2345 1444 2414 σχέσιν
1475 2344 1587 2414 ἔχει
1627 2344 1763 2414 πρὸς

188 2442 248 2490 τὸ
295 2437 428 2492 ἄνω.
473 2437 583 2490 Καὶ
627 2439 674 2490 οί
716 2436 854 2489 κατά
902 2439 1001 2506 τὴν
1037 2436 1327 2490 Ἀπουλίαν
1371 2437 1464 2489 καὶ
1511 2436 1763 2489 Σικελίαν

188 2530 310 2581 τινὰ
345 2529 484 2582 κατά
527 2528 617 2581 τὸν
647 2528 807 2599 νόμον
832 2529 930 2599 τῆς
961 2529 1182 2598 Γραφῆς
1209 2529 1576 2599 προφέρουσιν
1604 2544 1616 2557 ·
1651 2521 1762 2580 οἷον

188 2619 386 2670 ἐκλασε
416 2618 504 2670 τὸν
534 2618 697 2688 ἄρτον
717 2658 732 2683 ,
765 2619 859 2670 καὶ
885 2619 1008 2686 ᾶρτι
1030 2617 1406 2687 παραγέγονα.

267 2709 372 2762 Καὶ
400 2709 710 2780 Καρπάοιοι
734 2709 885 2778 ήμην
915 2707 1187 2774 λέγουσιν,
1223 2708 1344 2761 ἀντὶ
1370 2708 1462 2762 τοῦ
1491 2707 1756 2780 ὑπῆρχον·

191 2803 267 2863 ὡς
323 2801 380 2853 δὲ
412 2801 762 2869 Ἀρτακήσιοι
800 2801 893 2853 καὶ
926 2799 1229 2871 Κυζικηνοὶ
1278 2800 1547 2871 ὲδάρθηνα
1573 2801 1762 2871 λέγου-

193 2911 279 2944 σιν
354 2893 491 2962 ὅπερ
520 2894 569 2944 οἱ
605 2893 746 2944 κατά
789 2893 887 2962 τὴν
916 2892 1194 2963 ἡμετέραν
1227 2893 1504 2948 διάλεκτον
1532 2895 1764 2966 ὲδάρθηο

195 3000 265 3034 κα
312 2982 563 3050 λέγουσιν
586 2999 600 3013 ·
636 2983 685 3034 οί
728 2982 784 3035 δὲ
818 2981 1049 3046 "ovum,
1084 2981 1334 3052 ὲδάρθην.
1389 2982 1622 3053 Ὁμοίως
1671 2985 1764 3036 καὶ

192 3072 429 3135 λεπάδας
496 3071 694 3141 δστρεά
735 3088 854 3125 τινα
918 3072 1015 3124 καὶ
1058 3070 1291 3140 βραγχία
1318 3072 1386 3124 τὰ
1416 3071 1508 3124 τοῦ
1547 3071 1758 3141 ίχθύοςο

192 3164 382 3232 ὣσπερ
408 3163 542 3232 δῆτα
573 3165 664 3216 καὶ
681 3162 1108 3232 Ἑλλησπόντιοι.
1127 3161 1371 3233 Εὕρηται
1396 3163 1452 3215 δὲ
1474 3163 1643 3216 ταῦτα
1668 3146 1763 3216 οὖ-

192 3272 272 3305 τω
320 3254 413 3306 καὶ
465 3253 614 3321 παρά
659 3255 912 3321 ποιηταῖς
963 3270 1021 3306 τε
1077 3254 1171 3306 καὶ
1210 3254 1539 3322 φιλοσόφοις.
1593 3255 1656 3308 Oi
1705 3253 1762 3307 δὲ

195 3343 412 3406 πλείους
445 3345 504 3396 ὲν
544 3347 610 3413 τῇ
644 3344 764 3397 καθ’
791 3346 937 3414 ἡμᾶς
967 3345 1119 3418 χώρᾳ
1161 3346 1289 3417 σύρε
1334 3346 1606 3414 λέγουσιν,
1643 3348 1764 3400 ἀντὶ

192 3430 289 3483 τοῦ
323 3431 497 3500 ὕπαγε
519 3447 532 3462 ⁸
566 3433 679 3486 ἔστι
709 3434 765 3486 δὲ
792 3434 1156 3497 ὲλλειπτικὸν,
1212 3435 1336 3489 ἀντὶ
1358 3436 1453 3490 τοῦ
1484 3437 1615 3507 σύρε
1638 3439 1764 3501 τοὺς

197 3525 396 3587 πόδαςο
431 3524 462 3594 ἢ
505 3525 628 3578 Ξλκε
674 3527 771 3594 τὴν
811 3527 930 3579 ὁδόν
956 3526 1056 3596 (5).
1100 3527 1255 3592 Τινὲς
1292 3528 1352 3581 τὸ
1383 3527 1496 3582 ἄνω
1523 3531 1619 3581 καὶ
1656 3528 1764 3581 ἔσω

195 3616 336 3668 κατὰ
382 3616 479 3685 τὴν
511 3617 742 3688 ἀρχαίαν
777 3619 1062 3688 συνήθειαν
1104 3620 1196 3672 ἐπὶ
1238 3619 1348 3672 τῶν
1390 3620 1764 3691 ἀροτριώντων

198 3706 336 3775 βοῶν
367 3707 619 3775 λέγουσι’
655 3709 729 3779 μὴ
759 3709 1114 3779 ἐπιστάμενοι
1142 3710 1300 3763 τοῦτο
1347 3711 1404 3776 ἐξ
1435 3713 1674 3780 ἀμαθίας
1706 3715 1763 3765 ἐν

197 3799 402 3867 ἑτέροις
454 3798 718 3868 χρᾶσθαιο
767 3799 1097 3870 νομίζοντες,
1136 3802 1216 3855 ὅτι
1255 3805 1364 3864 τοῖς
1410 3802 1564 3872 βουσὶ
1606 3803 1765 3856 τοῦτο

198 3888 349 3952 ἴδιον,
384 3889 432 3940 οί
476 3889 612 3958 βοῶν
639 3889 987 3960 ἀλογώτεροι.
1029 3890 1189 3944 Ἀλλά
1215 3895 1309 3945 καὶ
1337 3893 1488 3962 παρά
1518 3895 1762 3962 γυναιξὶν

197 3980 313 4031 ἐστι
341 3980 464 4031 τινὰ
487 3980 826 4051 ἐκφερόμενα
852 3982 1232 4051 σχετλιαστικά
1254 3985 1603 4056 ἐπιρρήματα
1624 3985 1762 4039 κατὰ

195 4072 321 4134 τοὺς
369 4071 628 4135 παλαιούς
651 4089 664 4102 ·
697 4067 809 4125 οἷον
843 4074 901 4127 τὸ
943 4073 1022 4126 ίού
1045 4091 1058 4105 ·
1103 4074 1163 4126 τὸ
1203 4074 1366 4128 αίϐοί.
1407 4075 1638 4146 Ὁμοίως
1669 4078 1763 4131 καὶ

198 4161 350 4230 παρά
393 4163 644 4225 Λεσϐίοις
700 4163 761 4216 τὸ
812 4160 847 4217 ἆ
894 4165 1261 4235 ἐκπληκτικὸν
1291 4164 1371 4230 ὃν,
1398 4162 1433 4238 ἦ
1465 4169 1764 4237 ποιητικῶς

199 4253 552 4324 προφέρεται,
602 4255 696 4308 καὶ
726 4254 787 4307 τὸ
813 4255 955 4318 τέως
991 4257 1263 4325 χρονικόν.
1304 4258 1680 4329 Ἐπαρώμενοι
1704 4260 1760 4314 δέ

199 4360 329 4396 ποτε
359 4343 640 4413 ἀλλήλους,
667 4348 922 4415 καρκῖνος
954 4345 1192 4415 λέγουσι,
1239 4348 1379 4401 κατὰ
1404 4351 1763 4421 ἐπικράτησιν

199 4435 434 4488 παλαιάν
455 4452 468 4466 ο
498 4437 597 4489 οὐκ
622 4435 795 4489 οῐδασι
816 4436 893 4500 δὲ,
916 4436 1102 4507 διόπερ
1129 4437 1288 4491 τοῦτο
1312 4438 1575 4508 λέγουσιν.
1605 4442 1761 4495 Ἐστι

1869 1970 1922 2022 in
1955 1978 2357 2022 transversum.
2401 1967 2583 2022 Nostri
2619 1983 2717 2036 pro
2749 1969 3310 2038 avdacatstamicunt
3340 1986 3436 2039 ση-

1867 2059 2070 2129 κώΟτ,τι
2091 2068 2182 2114 aut
2207 2059 2547 2129 κουφίσθητι,
2569 2059 2751 2128 Cyprii
2778 2060 3016 2130 elliptice
3047 2061 3433 2133 dva,Corcyrii

1867 2161 2044 2204 autem
2075 2151 2234 2203 ἄσια.
2268 2149 2452 2219 Cyprii
2489 2159 2542 2202 et
2568 2148 2757 2203 Cretes
2793 2152 2969 2219 χαμαὶ
3005 2151 3197 2219 (humi)
3229 2159 3283 2204 et
3306 2151 3433 2221 ἀρι-

1867 2243 2032 2313 στερᾶ
2059 2242 2325 2319 (sinistra)
2356 2240 2626 2304 scribunt,
2650 2256 2771 2309 qua:
2800 2241 2894 2294 alii
2924 2241 3099 2311 magis
3129 2242 3432 2305 barbarico,

1862 2344 1916 2388 ct
1943 2347 2039 2402 pro
2072 2333 2247 2402 χαμαὶ
2271 2370 2286 2391 ,
2325 2331 2477 2382 κάτω
2509 2330 2842 2401 (deorsum),
2873 2330 3142 2386 referente
3176 2330 3327 2384 κάτω
3364 2333 3431 2385 ad

1864 2425 1975 2479 ἄνω
2012 2415 2302 2495 (sursum);
2321 2421 2480 2490 Apuli
2510 2423 2788 2493 Siculique
2807 2425 3052 2492 quaedam
3088 2424 3154 2479 ad
3188 2425 3430 2495 regulam

1866 2517 2149 2587 scripturae
2188 2515 2504 2585 proferunt,
2540 2516 2725 2585 qualia
2758 2514 2952 2567 ἔκλασε
2987 2514 3081 2567 τὸν
3110 2515 3272 2585 ἄρτον
3299 2513 3432 2585 (fre-

1865 2609 1940 2676 git
1969 2608 2200 2677 partem),
2225 2607 2351 2677 ἄρτι
2384 2606 2736 2676 παραγέγονα
2769 2606 2928 2672 (nunc
2963 2607 3201 2676 adsum).

1933 2699 2213 2770 Carpathii
2269 2700 2417 2768 ἢμην
2472 2715 2569 2767 pro
2621 2699 2868 2768 ὑπῆρχον
2915 2699 3126 2769 (eram).
3168 2701 3436 2759 Artacesii

1863 2792 2229 2863 Cysiceniqne
2272 2790 2544 2860 ὲδάρθηνα
2597 2791 2786 2844 dicunt
2833 2806 2930 2860 pro
2969 2792 3188 2846 dialecti
3238 2807 3438 2850 nostra:

1866 2887 2031 2939 verbo
2065 2883 2340 2954 ὲδάρθηκα
2389 2882 2688 2951 (dormivi);
2738 2881 2893 2934 l‘outi
2938 2882 3132 2936 incola:
3179 2885 3432 2956 ἑδάρθην,

1865 2975 1956 3044 qui
1989 2983 2044 3028 et
2069 2974 2310 3035 λεπάδας
2339 2982 2538 3028 vocant
2565 2983 2779 3026 ostreas
2808 2973 3073 3042 quasdam
3104 2983 3158 3028 ct
3200 2975 3438 3045 piscium

1864 3067 2174 3130 branchias,
2207 3068 2346 3120 sicut
2378 3073 2432 3119 et
2460 3065 2549 3134 qui
2581 3066 2728 3118 circa
2760 3063 3172 3133 Hellespontum
3214 3082 3439 3123 versan-

1867 3171 1975 3212 tur.
1997 3159 2100 3212 lsta
2134 3159 2296 3211 verba
2327 3159 2378 3209 in
2407 3157 2577 3226 poetis
2607 3171 2812 3210 necnon
2836 3158 2889 3209 in
2922 3156 3262 3227 philosophis
3278 3175 3434 3228 repe-

1871 3251 2000 3306 rias.
2027 3248 2240 3320 Saepius
2272 3250 2324 3303 in
2357 3258 2544 3304 nostra
2593 3251 2814 3316 regione
2843 3263 2941 3318 pro
2978 3247 3157 3317 ὕπαγε
3183 3251 3436 3319 (discede)

1870 3342 2081 3406 audias,
2114 3341 2245 3412 σύρε
2304 3340 2523 3410 (trahe),
2560 3341 2798 3409 elliptice
2825 3355 2924 3409 pro
2953 3341 3083 3410 σύρε
3118 3341 3245 3404 τοὺς
3271 3343 3439 3406 πόδας

1872 3436 2042 3503 (trahe
2078 3435 2277 3503 pedes),
2303 3443 2397 3486 aut
2427 3432 2551 3484 ἕλκε
2589 3431 2688 3503 τὴν
2713 3431 2834 3484 ὁδόν
2861 3432 3089 3501 (corripe
3117 3436 3261 3501 iter).
3299 3437 3437 3500 Qui-

1872 3526 1995 3580 dam
2027 3541 2090 3578 ex
2124 3526 2352 3593 antiquo
2387 3539 2486 3578 usu
2517 3523 2629 3576 ἀνω
2659 3533 2712 3577 et
2743 3525 2850 3576 ἔσω
2877 3525 3136 3589 clamant,
3175 3527 3338 3580 lgoves
3365 3526 3440 3580 in-

1870 3616 2144 3686 crepando
2184 3623 2436 3679 arantes,
2474 3615 2782 3670 nescientes
2826 3616 2937 3669 haec
2969 3617 3131 3670 verba
3175 3619 3226 3670 in
3268 3620 3436 3672 alium

1871 3725 2095 3764 sensum
2141 3708 2337 3778 accipi,
2385 3707 2672 3776 solumque
2716 3707 2889 3762 bobus
2919 3709 3296 3762 convenientia
3339 3712 3438 3762 du-

1869 3810 2070 3866 centes,
2125 3799 2226 3869 ipsi
2279 3800 2451 3854 bobus
2505 3799 2769 3853 rudiores.
2831 3798 3087 3854 Mulieres
3134 3810 3316 3854 autem
3370 3818 3433 3854 es

1871 3892 2205 3961 antiquitate
2274 3888 2654 3944 lamentabiles
2710 3889 2908 3943 habent
2962 3891 3387 3946 exclamationes
3421 3933 3436 3956 ,

1869 3985 2068 4054 quales
2103 3983 2206 4048 ίοὺ,
2244 3981 2392 4036 αἰϐοί
2423 3981 2617 4052 (eheu).
2645 3980 2856 4035 Pariter
2890 3989 2941 4034 et
2967 3979 3167 4036 Lesbii.
3201 3981 3436 4036 Verbum

1869 4067 1905 4125 ἆ
1926 4112 1940 4136 ,
1988 4071 2133 4141 quod
2163 4072 2232 4126 ad
2279 4079 2541 4125 terrorem
2575 4070 2928 4139 injiciendum
2962 4070 3015 4123 in
3043 4085 3146 4124 usu
3177 4080 3262 4125 est
3310 4085 3440 4140 poe-

1873 4159 2034 4234 tice?)
2060 4163 2356 4233 profertur.
2389 4161 2567 4216 Verbo
2597 4163 2734 4226 τέως
2768 4162 3082 4231 temporalis
3103 4173 3185 4217 est
3221 4179 3437 4224 sensus,

1869 4256 1961 4324 qui
2009 4255 2238 4308 invicem
2276 4255 2663 4322 imprecantur,
2695 4254 3022 4323 praevalente
3049 4254 3270 4322 antiqua
3301 4269 3436 4308 con-

1869 4343 2176 4405 suetudine,
2207 4343 2513 4396 hescientes
2557 4352 2736 4394 autem
2773 4358 2965 4409 quare,
3015 4343 3253 4396 clamant
3303 4361 3433 4414 καρ-

1869 4438 2016 4488 κῖνον
2046 4435 2378 4502 (cancerem),
2413 4436 2556 4503 quod
2589 4434 2732 4502 apud
2765 4433 3003 4488 medicos
3035 4435 3256 4504 quidam
3291 4450 3438 4488 mor-

196 4528 251 4580 δὲ
281 4525 438 4578 τοῦτο
470 4529 600 4596 παρ’
629 4529 853 4596 ἰατροῖς,
903 4527 1072 4590 πάθος
1099 4545 1151 4579 τι
1188 4529 1484 4599 συμϐαῖνον
1508 4531 1763 4596 πολλάκις

1873 4527 1974 4582 bus
2000 4541 2268 4580 mammas
2305 4526 2594 4579 mulierum
2632 4525 2914 4590 invadens,
2953 4536 3005 4578 et
3039 4527 3180 4593 apud
3211 4540 3312 4579 nos
3340 4527 3440 4578 κὰ-

198 4624 255 4670 ἑν
289 4623 395 4682 τοῖς
430 4619 537 4671 τῶν
567 4621 836 4687 γυναικῶν
872 4617 1061 4688 μαζοῖς
1086 4636 1098 4648 °
1134 4623 1226 4672 καὶ
1276 4623 1303 4673 ὁ
1341 4622 1468 4692 παρ’
1500 4625 1633 4693 ἡμῖν
1665 4624 1763 4678 κά·

201 4713 384 4779 ϐειρος
407 4725 418 4738 ’
452 4711 545 4762 καὶ
582 4710 640 4761 τὸ
671 4711 770 4777 μὲν
804 4710 983 4762 κοινὸν
1016 4711 1115 4762 ούκ
1151 4711 1344 4762 οῐδαςιί⁹
1371 4712 1434 4763 τὸ
1463 4712 1519 4764 δὲ
1543 4714 1768 4781 πάγκοι-

202 4821 289 4854 νον
321 4804 455 4864 τέως
486 4801 843 4871 γινώσκουσιν
893 4801 1141 4869 ἀλόγωςο
1190 4801 1334 4855 καθὰ
1377 4802 1441 4873 δὴ
1489 4803 1582 4856 καὶ
1627 4805 1769 4856 οἷ’ὲν

204 4895 385 4963 Πόντῳ
451 4892 674 4964 ὴλάριον
727 4892 824 4963 μὲν
863 4893 1009 4945 ίσασι
1047 4893 1406 4963 τδκαρφίον·
1445 4891 1575 4967 ἧλον
1608 4896 1652 4948 δ’
1676 4895 1767 4948 οὔ·

205 4986 298 5037 καὶ
344 4984 392 5035 οἱ
431 4985 489 5035 ὲν
517 4983 745 5052 Κύπρῳ,
776 4982 1006 5051 ίππάριν
1037 4982 1157 5049 μὲν,
1199 4981 1321 5051 οὐχὶ
1350 4981 1405 5034 δὲ
1439 4986 1532 5035 καὶ
1567 4983 1765 5037 ἵππονο

201 5081 276 5140 ὡς
305 5078 475 5146 δήπου
504 5075 595 5126 καὶ
630 5076 674 5126 oi
704 5076 759 5126 ὲν
809 5076 874 5142 τῇ
909 5073 1160 5143 ἡμεδαπῇ
1203 5074 1451 5144 ὼκάριον
1483 5075 1581 5144 μὲν
1611 5075 1769 5144 γινώ⁴

207 5186 416 5228 σκουσι,
460 5168 615 5219 δοκὸν
645 5166 688 5218 δ’
719 5167 917 5235 ἥκιστα
943 5183 955 5194 ·
993 5167 1166 5218 καίτοι
1194 5167 1378 5235 ὅμοιον
1409 5167 1564 5219 τοῦτο
1595 5167 1668 5231 ὡς
1697 5167 1773 5220 εί-

207 5277 296 5310 ποι
318 5275 399 5318 τις
429 5258 580 5321 ξύλον
605 5259 696 5309 καὶ
724 5257 1004 5325 ξυλὰριον”
1040 5260 1128 5308 καὶ
1159 5259 1453 5326 νησσάριον
1480 5258 1650 5312 οἴδασι
1674 5261 1770 5328 τὴν

208 5350 459 5419 λιμναίαν
491 5350 660 5419 ὄρνιν,
701 5349 904 5417 νῆσσαν
943 5347 986 5399 δ’
1008 5347 1236 5409 οὐδόλως
1261 5362 1275 5375 ⁶
1325 5350 1416 5399 καὶ
1468 5350 1771 5419 παρίππιον

209 5441 476 5501 συνθέτως
508 5443 598 5493 καὶ
629 5438 1005 5507 παραγώγως·
1035 5439 1211 5491 εἵτουν
1237 5434 1660 5509 παρασυνθέτως
1690 5458 1772 5508 γι-

209 5535 508 5590 νώσκουσιν
536 5551 545 5560 ·
580 5533 638 5584 ού
676 5534 780 5601 μὴν
808 5531 862 5584 δὲ
894 5533 983 5584 καὶ
1017 5531 1180 5583 ῖπτιον
1210 5549 1222 5561 ’
1261 5531 1373 5582 ἀλλ’
1402 5531 1622 5599 ἄλογονο
1653 5533 1774 5584 ἄλο-

210 5643 304 5690 γον
334 5625 410 5685 δὲ,
445 5627 506 5676 ού
542 5623 699 5692 μόνον
725 5623 888 5684 ἵππος
906 5639 918 5652 ·
956 5623 1090 5675 ἀλλὰ
1115 5624 1206 5674 καὶ
1233 5622 1358 5691 βοῦς
1385 5624 1480 5676 κα)⁸
1502 5624 1621 5687 ὄνος
1642 5643 1653 5655 ·
1686 5627 1774 5676 καὶ

210 5717 309 5768 ὃσα
340 5716 494 5781 λόγον
517 5715 614 5766 οὐκ
648 5714 848 5783 ἔχουσι.

1871 4618 2053 4688 ϐειρος
2084 4627 2330 4672 vocatur.
2359 4615 2598 4671 Verbum
2621 4616 2800 4668 κοινὸν
2820 4615 3133 4687 (commune)
3164 4619 3435 4685 ignorant,

1874 4710 2166 4776 πάγκοινον
2200 4718 2380 4762 autem
2413 4707 2736 4777 jamdudum
2769 4709 2888 4761 sine
2916 4723 3084 4762 causa
3118 4708 3169 4761 in
3205 4725 3304 4762 usu
3342 4709 3440 4761 ha-

1873 4799 2085 4854 bentes.
2116 4797 2329 4852 Pariter
2376 4800 2468 4868 qui
2501 4797 2728 4852 Pontum
2778 4799 3021 4852 incolunt
3051 4798 3274 4868 ήλάριον
3305 4816 3438 4869 καρ-

1874 4892 1995 4960 φίον
2029 4899 2299 4954 noscunt,
2335 4891 2427 4942 sed
2460 4906 2568 4944 non
2595 4885 2724 4961 ἧλον
2755 4891 3026 4959 (clavum).
3062 4889 3244 4960 Cyprii
3279 4891 3442 4942 ἱππα-

1877 4999 1982 5053 ριν,
2036 4995 2143 5034 non
2185 4980 2351 5033 ἵππον
2388 4981 2622 5051 (equum)
2651 5021 2664 5044 ,
2701 4982 2848 5035 sicut
2896 4989 2950 5035 et
2996 4996 3131 5045 nos;
3167 4982 3440 5052 δοκάριον.

1877 5087 1982 5128 non
2007 5073 2163 5125 δοκόν
2197 5072 2445 5140 (trabem)
2473 5091 2489 5138 ;
2520 5073 2772 5126 similiter
2804 5084 2984 5127 autem
3017 5073 3170 5137 ξύλον
3196 5074 3442 5143 (lignum)

1873 5176 1926 5220 et
1965 5165 2220 5235 ξυλάριον
2256 5165 2520 5220 dicerent.
2555 5164 2868 5236 Νησσάριον
2897 5164 3175 5232 (auatem),
3213 5182 3317 5219 non
3348 5182 3446 5220 au—

1878 5265 1983 5310 tem
2012 5257 2235 5326 νῆσσαν,
2273 5264 2469 5308 vocant
2500 5256 2789 5324 palustrem
2824 5272 3002 5309 avent.
3036 5258 3347 5327 Παρίππιον
3377 5275 3440 5312 ex

1875 5346 2270 5416 compositione
2299 5347 2742 5415 derivationrque
2771 5348 2987 5410 habent,
3011 5364 3115 5400 non
3149 5358 3328 5402 tamen
3359 5351 3445 5400 ἴπ-

1877 5456 1997 5502 πον,
2023 5439 2115 5492 scii
2148 5439 2339 5504 ἄλογον
2369 5437 2650 5505 (animal);
2690 5437 2882 5503 ἀλογον
2917 5447 3097 5492 autem
3129 5454 3234 5491 non
3268 5443 3444 5492 solum

1877 5545 2101 5598 equum,
2151 5529 2242 5583 sed
2272 5529 2433 5582 etiam
2488 5530 2699 5593 bovem,
2731 5532 2968 5593 asinum,
3015 5541 3066 5584 ct
3115 5533 3297 5586 omnia
3327 5549 3451 5603 quae

1882 5622 2089 5675 ratione
2119 5630 2306 5675 carent
2342 5621 2598 5674 animalia
2629 5622 2915 5690 significat.

285 5871 359 5939 (5)
391 5871 662 5928 Scholiutn
687 5870 738 5923 in
776 5871 1015 5937 margine
1042 5887 1055 5922 :
1089 5868 1177 5938 Τῷ
1207 5868 1389 5937 σύρειν
1407 5869 1524 5921 ἀντὶ
1553 5868 1641 5922 τοῦ
1671 5869 1763 5921 ἀπό

1869 5865 2029 5929 ισθαι,
2061 5862 2150 5917 καὶ
2181 5861 2471 5930 Θεόκριτος
2503 5857 2786 5927 κέχρηται.
