4092 6438
617 364 749 436 1351

1852 366 2218 433 PACHOMII
2263 374 2605 434 MONACHI

3748 375 3877 440 i352

687 476 894 537 Ψιλοῦν
928 476 1154 547 (radere:
1181 486 1233 531 et
1258 475 1477 543 ὲξυλοῦν
1505 477 1674 549 (tigno
1711 481 1959 552 purgare)
1981 481 2185 546 dicunt1

2367 484 2478 535 Καὶ
2524 482 2715 552 ψιλοῦν
2745 481 2963 550 λέγουσι
3003 483 3095 536 τὸν
3128 485 3296 552 ἀγρὸν
3330 486 3421 537 καὶ
3450 485 3681 550 ἐξυλοῦν
3703 503 3716 515 ’
3744 489 3881 557 ὅπερ

619 576 762 644 quod
782 574 871 628 alii
890 574 1169 625 ἑλοκοπεῖν
1182 573 1481 641 (extricare)
1504 590 1518 638 ;
1545 573 1638 628 sed
1656 589 1832 643 neque
1854 573 1908 627 hi
1925 589 2100 644 neque
2115 574 2188 628 illi

619 667 798 720 sciunt
827 664 954 733 quid
986 663 1059 717 sit
1077 662 1255 732 ψιλὸν,
1274 663 1402 732 quid
1425 664 1496 719 sit
1527 664 1724 735 mmet
1743 664 1885 730 ἕλος,
1902 678 1964 719 ex
1986 663 2189 733 quibus

626 758 891 826 originem
924 756 1124 810 habent
1151 755 1316 810 verba
1348 756 1488 824 apud
1518 757 1666 825 ipsos
1696 756 2193 827 usurpataJncolaa

618 845 847 899 Athonis
875 885 889 909 ,
924 861 1048 899 cum
1084 844 1235 910 ἅπαξ
1272 844 1473 917 (semel)
1507 848 1827 902 adverbium
1869 847 2189 919 quantitatis

618 938 873 1000 habeant,
906 946 960 991 et
984 937 1038 991 lti
1071 937 1337 1006 multique
1363 937 1455 991 alii
1481 937 1565 1002 δὶς
1592 938 1735 1007 (bis),
1765 949 1825 993 nt
1847 954 1969 994 cum
2002 938 2191 995 dicunt

616 1028 700 1081 bis
738 1029 791 1081 in
833 1031 1002 1091 hora,
1038 1028 1085 1082 si
1122 1037 1302 1081 tamen
1336 1028 1525 1083 eadem
1575 1030 1629 1082 in
1678 1028 1851 1084 Biblia
1892 1030 2186 1099 reperiant,

614 1134 725 1171 non
770 1118 1099 1186 intelligunt.
1134 1117 1318 1188 Cyprii
1351 1134 1417 1172 ex
1452 1119 1817 1181 similitudine
1852 1120 1983 1183 ῐσως
2006 1119 2188 1174 caeteri

614 1210 755 1278 τάχα
787 1210 1084 1278 (fortasse)
1119 1210 1329 1263 dicunt.
1378 1209 1608 1276 Quidam
1656 1210 1709 1264 in
1746 1209 1941 1265 insulis
1992 1228 2189 1281 στοχα-

616 1301 751 1370 σμὸν
804 1300 1211 1370 (conjecturam)
1249 1309 1501 1365 noscunt,
1554 1301 1738 1354 czeteri
1772 1301 2045 1371 ignorant.
2081 1301 2187 1356 Alii

615 1396 924 1449 vocativum
980 1393 1298 1448 adverbium
1358 1388 1404 1448 ὧ
1461 1396 1842 1458 habent,'alii
1892 1405 2070 1449 autem
2138 1395 2185 1449 ἔ.

616 1486 718 1538 Alii
751 1500 848 1553 pro
876 1485 1095 1555 βλέπειν
1132 1486 1408 1554 (aspicere)
1442 1488 1652 1555 τηρεῖν,
1680 1486 1771 1539 alii
1795 1485 2045 1555 θεωρεῖν,
2066 1502 2189 1556 qua!

614 1580 667 1633 in
705 1580 1118 1634 alium‘scnsum
1148 1579 1375 1631 veniunt
1420 1578 1519 1631 etsi
1582 1577 1817 1647 quadam
1862 1579 2187 1648 cognatione

609 1666 817 1736 juncta.
854 1668 957 1719 Alii
991 1666 1244 1729 κυτάζειν
1284 1682 1313 1719 a
1348 1663 1647 1730 κυπτάζειν
1690 1668 1959 1739 (morari).
1999 1668 2185 1740 Cyprii

612 1758 829 1826 quidem
861 1756 1146 1826 participia
1201 1756 1256 1810 in
1301 1772 1403 1810 usu
1437 1755 1658 1820 habent,
1693 1756 1784 1811 alii
1818 1767 2001 1812 autem
2035 1772 2183 1818 raro,

2293 574 2527 644 ἀλλαχοῦ
2558 575 2836 628 ἑλοκοπεῖν
2857 592 2870 605 ο
2898 576 3012 627 ἀλλ’
3031 574 3156 628 οὔτε
3189 568 3333 628 οὗτοι
3354 615 3368 638 ,
3393 575 3517 627 οὔτε
3550 578 3758 629 ἐκεῖνοι
3796 593 3879 642 γι-

2292 669 2559 723 νώσκουσι
2603 672 2655 723 τί
2713 672 2830 723 ἐστι
2860 670 3035 740 ψιλὸν,
3059 670 3152 723 καὶ
3185 670 3237 722 τί
3272 668 3393 740 ὕλη,
3425 672 3516 723 καὶ
3548 674 3603 723 τί
3630 672 3791 734 ἕλος·
3820 675 3882 725 ὲκ

2289 759 2495 814 τούτων
2544 761 2652 831 γὰρ
2696 762 2766 815 τά
2813 762 2943 831 παρ’
2973 761 3157 824 αὐτοῖς
3205 761 3447 832 ῥήματα.
3490 763 3735 831 Ὁμοίως
3786 766 3880 815 καὶ

2303 852 2587 908 Ἀθωνῖται
2614 869 2626 882 ο
2672 853 2734 906 τὺ
2766 852 2914 917 ἅπαξ
2954 852 3241 923 ἐπίρρημα
3284 853 3617 921 ποσότητος·
3653 858 3755 907 καὶ
3799 855 3879 916 δἰς

2290 945 2506 1013 λέγουσι
2534 948 2629 1001 καὶ
2657 940 2801 1001 οὗτοι
2829 946 2922 999 καὶ
2946 946 2997 998 οἰ
3022 946 3264 999 πλεῖστοι
3288 961 3303 977 ο
3337 945 3412 1009 ὡς
3440 946 3571 999 ὅταν
3599 946 3837 1015 λέγουσι
3861 962 3874 977 ·

2288 1036 2371 1099 δὶς
2417 1036 2515 1107 τὴν
2552 1038 2728 1109 ῶραν·
2761 1038 2828 1091 ἂν
2856 1038 2902 1091 δ’
2934 1038 3208 1092 ἀκούσωσι
3247 1037 3405 1091 τοῦτο
3438 1041 3496 1092 έν
3536 1038 3734 1109 βιϐλίῳ
3759 1078 3775 1103 ,
3816 1040 3877 1091 οὗ

2292 1127 2536 1181 συνιοῦσι
2559 1147 2571 1160 ’
2603 1130 2698 1183 καὶ
2726 1130 2775 1182 οἰ
2805 1131 2902 1200 μὲν
2924 1129 3163 1200 Κύπριοι
3190 1131 3282 1183 ἐπὶ
3308 1130 3603 1201 είκασμοῦ,
3638 1133 3774 1192 ἴσως
3800 1132 3877 1183 λέ-

2288 1235 2475 1288 γουσιν
2505 1237 2518 1249 ·
2547 1221 2595 1272 oi.
2622 1219 2679 1273 δὲ
2710 1220 2905 1281 λοιποὶ,
2937 1221 3107 1290 τάχασ
3136 1222 3228 1274 καί
3256 1239 3402 1285 τινες
3437 1223 3493 1273 ὲν
3528 1226 3651 1285 ταῖς
3690 1224 3875 1291 νήσοις

2288 1314 2380 1366 τὸν
2409 1316 2715 1383 στοχασμὸν
2743 1311 3102 1382 γινώσκουσιν
3120 1328 3133 1343 ·
3166 1315 3343 1379 ἕτεροι
3368 1314 3426 1367 δὲ
3457 1313 3740 1381 οὐδαμῶς.
3764 1314 3870 1364 Kai

2287 1405 2435 1459 ἄλλοι
2469 1404 2570 1475 μὲν
2601 1405 2664 1458 τὸ
2707 1400 2753 1459 ὦ
2800 1405 3056 1473 κλητικὸν
3096 1404 3400 1475 ἐπίρρημα,
3447 1403 3599 1456 ἄλλοι
3643 1404 3705 1454 δὲ
3752 1404 3873 1455 ἀντὶ

2286 1494 2500 1561 τούτου,
2536 1495 2596 1547 τὸ
2626 1495 2669 1548 ε.
2701 1496 2811 1547 Καὶ
2840 1495 2988 1549 ἄλλοι
3018 1496 3138 1547 ἀντὶ
3167 1493 3262 1546 τοῦ
3294 1493 3533 1562 βλέπειν,
3569 1493 3765 1560 τηρεῖν
3789 1491 3871 1541 λέ-

2286 1601 2495 1652 γουσιν,
2536 1583 2683 1638 ἄλλοι
2729 1582 2956 1653 θεωρεῖν
2979 1600 2993 1614 ·
3042 1582 3187 1652 ἆπερ
3214 1584 3293 1645 είς
3320 1582 3480 1635 ἀλλον
3516 1580 3643 1633 νοῦν
3677 1581 3869 1649 ἔρχον-

2285 1695 2400 1743 ται,
2423 1681 2471 1730 εἰ
2499 1679 2593 1731 καί
2621 1694 2743 1730 τινα.
2766 1677 3074 1745 οἰκειότητα
3100 1674 3312 1743 ἔχουσιν
3335 1690 3350 1705 ·
3380 1674 3551 1736 ἄλλοι,
3582 1670 3868 1733 κυτὲζειν,

2288 1770 2416 1833 ἴσως
2449 1770 2556 1823 ἀπὸ
2596 1770 2692 1823 τοῦ
2717 1769 3019 1834 κυπτάζειν
3040 1785 3053 1798 °
3085 1768 3180 1821 καὶ
3226 1768 3275 1819 οἰ
3323 1766 3423 1834 μὲν
3458 1765 3738 1836 Κυθήριοι
3775 1766 3871 1826 τάς

612 1857 667 1903 et
696 1863 807 1902 non
833 1857 999 1901 recte.
1027 1847 1131 1899 Alii
1164 1848 1329 1901 verba
1366 1848 1563 1919 ἰδίωμα
1592 1848 1898 1917 (dialectus)
1932 1858 1985 1904 et
2007 1848 2185 1910 ποσῶς

2291 1828 2525 1932 μετοχὰς
2550 1861 2769 1931 ἔχουσιν
2799 1863 2856 1914 ὲν
2884 1828 3164 1929 σῦνηθείᾳ,
3192 1828 3345 1912 ἄλλοι
3373 1857 3431 1910 δὲ
3475 1828 3750 1917 σπανίως,
3779 1857 3870 1907 καὶ

613 1941 866 2013 (quadam
887 1940 1205 2009 quantitate)
1232 1932 1649 2007 proferunt,alii
1679 1939 1811 1993 ἴδιον
1841 1940 2181 2010 (proprium),

610 2029 704 2083 alii
738 2025 925 2089 ποσὸν,
965 2026 1283 2096 ignorantes
1335 2034 1516 2081 tamen
1546 2030 1695 2083 ποιὸν
1725 2028 1977 2099 (quadam
2005 2030 2184 2100 qualia-

613 2119 741 2188 ιιιιὲ)
764 2158 779 2181 ,
812 2126 865 2172 et
892 2121 1166 2187 quomodo
1196 2118 1346 2169 ποῖον
1370 2116 1494 2186 (qua
1528 2118 1806 2189 qualitate)
1839 2120 1992 2172 ποιὸν
2023 2119 2181 2174 inde-

612 2212 764 2264 linito
811 2224 975 2264 sensu
1020 2209 1150 2271 ﬁat,
1199 2208 1345 2263 sicut
1380 2217 1435 2264 et
1479 2210 1645 2263 πόσον
1694 2209 1818 2280 (qua
1863 2212 2184 2281 quantitate)

611 2303 796 2358 madv.
830 2301 1114 2372 Zacynthii
1175 2301 1520 2371 peculiariter
1553 2302 1757 2355 σκοπὸν
1798 2302 2055 2373 (scopum)
2085 2319 2178 2358 vo-

610 2408 736 2448 care
773 2400 961 2445 amant
995 2388 1288 2460 quamdam
1339 2389 1492 2458 apud
1542 2389 1666 2446 illos
1712 2392 1943 2443 σκοπιὰν
1975 2389 2182 2461 (specu-

609 2485 775 2555 lam);
806 2482 1120 2553 Methytnnii
1147 2481 1387 2552 λειμῶνα
1408 2484 1642 2551 (pratum
1673 2476 2008 2551 inhquosum)
2023 2498 2185 2537 omne

609 2575 847 2628 λιϐάδιον
866 2575 1097 2643 (pratum
1132 2573 1241 2625 rivo
1272 2571 1597 2641 irrigatum).
1628 2573 1927 2626 Ventorum
1960 2573 2184 2627 nomina

609 2667 806 2721 melius
849 2673 1083 2719 noscunt
1126 2665 1370 2725 Pontici.
1405 2665 1499 2718 sed
1539 2666 1641 2718 οὐκ
1686 2665 1794 2735 ἔχω
1838 2666 1963 2735 (ηοη
1998 2665 2182 2733 habeo)

608 2759 818 2822 dicunt,
854 2756 943 2808 alii
974 2762 1156 2808 autent
1208 2753 1456 2823 δὲν,εχω.
1489 2753 1678 2809 Cretes
1718 2758 1837 2808 ῖντα
1868 2756 1960 2815 θὲς
2000 2772 2096 2826 pro
2134 2757 2184 2809 τί

610 2847 820 2908 θέλεις;
854 2844 1018 2915 (quid
1050 2845 1123 2897 vis
1146 2846 1209 2901 ?l
1252 2843 1343 2896 alii
1381 2844 1431 2897 τί
1461 2846 1548 2907 λὲς
1592 2860 1690 2913 pro
1718 2845 1988 2913 τίλέγεις
2037 2846 2183 2914 (quid

608 2936 843 3004 dicis?).
890 2934 1022 2998 Quae
1060 2932 1222 2986 verba
1272 2948 1366 3001 per
1410 2933 1869 2997 abstractionem,
1917 2948 2011 2986 seu
2033 2927 2186 3000 "apo~

610 3043 780 3097 copen
809 3035 859 3081 ct
890 3038 1165 3096 syncopen
1192 3022 1523 3093 syllabarum
1573 3022 1701 3076 talia
1732 3022 1885 3076 liunt.
1915 3021 2072 3076 Certe
2096 3020 2183 3074 δὲν

610 3117 680 3171 ab
712 3117 893 3171 Attico
923 3114 1078 3166 οὐδὲν
1114 3112 1369 3166 trahitur.
1400 3109 1507 3163 Pro
1535 3110 1652 3173 τοῦ,
1678 3109 1738 3163 οῦ
1767 3111 1978 3175 dicunt,
2006 3124 2106 3179 pro
2130 3107 2181 3162 τί

611 3166 978 3274 attrit-(quid
1026 3208 1122 3255 hoc
1158 3200 1259 3271 est)
1294 3211 1349 3255 et
1387 3200 1437 3253 τι
1479 3199 1559 3253 ενι
1596 3166 1666 3253 τὰ
1700 3201 1846 3271 (quid
1878 3166 1987 3254 haec
2006 3166 2178 3269 ὶιιηι),
2207 3166 2248 3223 C

611 3300 759 3349 τῖντο
780 3306 836 3349 et
862 3294 1040 3359 τίντα,
1069 3293 1215 3348 sicut
1241 3292 1381 3361 apud
1414 3290 1676 3359 Lesbios;
1711 3292 1853 3345 unde
1881 3291 2021 3361 apud
2046 3290 2179 3344 Cre-

614 3398 695 3443 tes
725 3388 973 3455 aliosque
1002 3399 1196 3453 segnes
1227 3382 1365 3436 ῑντα.

681 3477 903 3532 Nullum
939 3476 1049 3531 fere
1079 3492 1249 3532 sacra:
1279 3475 1576 3544 Scriptum
1605 3477 1852 3538 verbum,
1890 3476 2036 3546 quod
2072 3490 2180 3530 non

614 3584 707 3638 per
739 3575 912 3621 totum
941 3564 1126 3617 orbem
1166 3563 1217 3616 in
1244 3578 1345 3617 usu
1374 3563 1658 3616 habeatur.
1693 3562 1788 3615 Sin
1820 3572 1999 3615 autem
2028 3576 2180 3629 qure-

612 3664 736 3715 tlam
788 3673 895 3713 non
949 3657 1283 3719 habeantur,
1345 3671 1453 3709 non
1501 3664 1587 3710 est
1631 3654 1962 3709 mirandum.
2015 3653 2180 3707 Multa

610 3751 763 3806 enim
806 3749 860 3803 in
895 3745 1226 3802 oblivionem
1262 3755 1357 3809 aut
1412 3745 1867 3799 adulterationem
1919 3753 2182 3798 venerunt

611 3851 833 3913 prepter
879 3837 1283 3910 negligentiam.
1342 3845 1435 3890 aut
1475 3837 1831 3890 barbarorum
1889 3836 2182 3890 immistio-

614 3949 761 3998 nem,
820 3942 880 3986 ut
941 3934 995 3985 in
1052 3931 1310 3985 brevibus
1354 3931 1515 3985 dictis
1564 3930 1748 3984 verbis
1793 3939 2179 3984 monstratum.

612 4027 760 4094 Quot
780 4036 962 4079 autem
988 4024 1317 4084 volat.lium,
1349 4023 1709 4092 serpentium,
1740 4022 2180 4092 quadrupedum,

617 4119 950 4187 plantarum,
988 4114 1223 4185 piscium
1259 4114 1656 4184 zoophytarum
1688 4151 1703 4175 ,
1743 4122 2013 4178 cetorum,
2043 4112 2182 4167 alio-

611 4226 849 4279 rumque
903 4209 1246 4273 animalium,
1299 4222 1421 4276 quin
1472 4209 1527 4260 in
1584 4210 1719 4261 orbe
1760 4216 1912 4268 sunt,
1958 4206 2183 4260 nomina

613 4302 965 4373 ignoramus!
1003 4299 1289 4365 Quomodo
1323 4298 1436 4360 illa,
1456 4298 1500 4351 si
1528 4296 1585 4349 in
1614 4294 1903 4364 Scriptura
1934 4298 2184 4351 invenia-

613 4411 759 4454 mus,
797 4390 1263 4461 intelligeremus?
1297 4390 1403 4444 Sua
1432 4390 1726 4458 unicuique
1754 4404 1934 4443 rerum
1968 4399 2181 4444 creata-

2285 1954 2384 2024 οὑχ
2415 1953 2491 2015 ὡς
2519 1951 2599 2005 δεῖ
2620 1969 2635 1983 ’
2661 1952 2756 2005 καὶ
2781 1952 2930 2006 ἄλλοι
2952 1952 3014 2005 τὸ
3036 1952 3232 2021 ἰδίωμα
3262 1949 3440 2011 ποσῶς
3477 1948 3868 2016 ἀναφέρουσαν

2285 2045 2435 2099 ἄλλοι
2466 2046 2527 2098 τὸ
2562 2044 2716 2109 ἴδιον,
2753 2046 2849 2097 καὶ
2878 2044 3027 2098 ἄλλοι
3070 2044 3132 2096 τὸ
3160 2043 3358 2094 ποσόν·
3399 2040 3476 2111 μὴ
3505 2040 3873 2108 γινώσκοντες

2285 2137 2342 2189 δὲ
2369 2137 2643 2194 τὸποιόν·
2696 2136 2873 2189 καίτοι
2917 2134 3107 2206 ὥσπερ
3151 2134 3210 2187 τὸ
3246 2136 3396 2186 ποῖον
3440 2130 3874 2201 ἀοριστοῦμενον

2284 2227 2495 2294 γίνεται
2524 2226 2701 2287 ποιὸν,
2730 2224 2874 2278 οὕτω
2902 2225 2996 2279 καὶ
3027 2225 3085 2276 τὸ
3125 2225 3313 2287 πόσον,
3346 2221 3532 2275 ποσόν.
3575 2222 3873 2274 Ζακύνθιοι

2283 2318 2340 2370 δὲ
2379 2315 2623 2386 φιλοῦσιν
2688 2316 2830 2379 ἰδίως
2863 2316 3051 2369 καλεῖν
3096 2315 3317 2375 σκοπὸν,
3350 2314 3474 2367 τινὰ
3512 2315 3647 2383 παρ’
3690 2313 3874 2374 αὐτοῖς

2286 2409 2539 2462 σκοπήν.
2573 2408 2686 2462 Καὶ
2728 2407 3123 2478 Μηθυμναῖοι,
3182 2405 3447 2474 λειμῶνα,
3498 2404 3751 2457 λιὸἁόιόν
3794 2422 3869 2459 τι.

2286 2500 2532 2571 Ἀνέμων
2559 2501 2601 2554 δ’
2630 2501 2867 2570 ὀνόματα
2891 2498 3216 2570 κρειττόνως
3245 2498 3417 2551 οἴδασι
3442 2499 3684 2551 Πόντιοι.
3708 2490 3870 2549 Οὗτοι

2285 2598 2385 2647 οὐκ
2412 2595 2521 2662 ἔχω
2550 2593 2797 2661 λέγουσιν
2822 2610 2835 2621 ·
2870 2592 3007 2660 ὅπερ
3040 2591 3217 2660 ἕτεροι
3258 2590 3347 2643 δὲν
3390 2589 3519 2659 εχω.
3560 2590 3675 2643 Καὶ
3707 2590 3867 2660 Κρῆο

2283 2705 2404 2751 τεςο
2435 2688 2554 2740 εντα
2585 2685 2676 2746 θές
2700 2702 2713 2714 ·
2747 2686 2867 2743 ἀντὶ
2898 2683 2991 2737 τοῦ
3014 2683 3067 2735 τί
3095 2683 3269 2744 θέλεις
3287 2699 3301 2712 ·
3338 2682 3432 2735 καὶ
3457 2682 3511 2735 τί
3535 2682 3629 2744 λὲς
3656 2681 3868 2751 ἕτεροι·

2285 2780 2404 2834 ἀντὶ
2438 2778 2532 2832 τοῦ
2566 2779 2617 2831 τί
2652 2778 2851 2845 λέγεις.
2883 2779 3065 2846 Ἀπερ
3088 2775 3234 2828 κατὰ
3262 2775 3575 2845 ἀφαίρεσιν,
3603 2776 3637 2844 ἧ
3674 2776 3877 2827 ἀποκο-

2286 2872 2394 2942 πήν
2424 2887 2485 2923 τε
2529 2870 2625 2923 καὶ
2670 2868 2949 2938 συγκοπὴν
2985 2868 3095 2921 τῶν
3128 2865 3410 2919 συλλαϐῶν
3440 2866 3589 2918 οὕτω
3615 2866 3870 2934 φέρεται·

2284 2962 2405 3032 ἤτοι
2434 2959 2545 3013 ἀπὸ
2570 2956 2665 3012 τοῦ
2693 2959 2846 3011 οὐδὲν
2880 2956 3132 3013 Ἀττικοῦ
3175 2958 3284 3018 δὲν,
3335 2957 3457 3008 ἀντί
3486 2955 3603 3019 τοῦ,
3635 2954 3700 3007 οὗ
3727 2971 3743 2984 ·
3778 2955 3874 3007 καὶ

2283 3053 2393 3107 ἀπὺ
2421 3051 2515 3106 τοῦ
2557 3052 2610 3107 τί
2636 3051 2716 3104 ενι
2746 3052 2808 3104 τδ
2831 3089 2847 3116 ,
2891 3052 2985 3103 καὶ
3018 3050 3073 3102 τί
3117 3049 3197 3101 ενι
3229 3049 3319 3112 τὰ,
3348 3049 3493 3101 τίντο
3515 3088 3530 3111 ,
3561 3048 3663 3101 καὶ
3690 3048 3873 3109 τίντα,

2283 3144 2358 3207 ὡς
2390 3144 2545 3215 παρὰ
2576 3143 2846 3206 Λεσϐίοις.
2891 3141 2988 3205 Ἐξ
3019 3134 3083 3195 οῦ
3128 3140 3282 3211 παρά
3318 3140 3501 3210 Κρησὶ
3538 3141 3638 3192 καὶ
3684 3139 3875 3201 ἀλλοις

2286 3236 2573 3309 ῥᾳθύμοις,
2604 3234 2667 3287 τὸ
2694 3236 2833 3287 ἰντα.

2355 3482 2466 3534 Καὶ
2496 3477 2703 3550 σχεδὸν,
2745 3478 2900 3531 οὐδὲν
2932 3477 3029 3547 τῆς
3066 3476 3286 3545 Γραφῆς
3310 3474 3483 3544 ῥῆμα,
3517 3471 3659 3541 ὅπερ
3698 3471 3780 3542 μὴ
3812 3471 3873 3524 ἑν

2283 3575 2349 3643 τῇ
2381 3571 2679 3643 οἰκουμένῃ
2723 3568 2968 3638 φέρεται.
3023 3569 3085 3621 Εἰ
3124 3568 3181 3620 δὲ
3216 3566 3309 3619 καί
3350 3583 3471 3617 τινα
3513 3567 3574 3617 οὑ
3608 3566 3871 3635 φέρεται,

2282 3664 2434 3716 οὐδὲν
2474 3662 2818 3732 θαυμαστόν
2853 3658 3025 3713 πολλά
3051 3659 3160 3727 γάρ
3194 3659 3253 3709 ἐν
3277 3656 3413 3726 λήθῃ
3448 3657 3541 3708 καὶ
3572 3655 3872 3709 ἀλλοιώσει

2283 3755 2598 3823 γεγόνασιν,
2627 3753 2687 3818 ea
2710 3752 2973 3821 ἀμελείας
3005 3751 3101 3802 καὶ
3129 3750 3228 3817 τῆς
3266 3748 3549 3817 ἐπιμιξίας
3578 3748 3691 3799 τῶν
3722 3748 3869 3818 βαρ-

2284 3846 2500 3916 ϐάρων·
2551 3844 2625 3907 ὡς
2675 3847 2733 3897 ὲν
2779 3844 2891 3905 τοῖς
2932 3843 3031 3911 ήδη
3069 3840 3279 3910 ῥηθεῖσι
3336 3839 3564 3908 βραχέσι
3614 3841 3870 3908 ῥήμασιν

2284 3936 2679 3991 ἀποδέδεικται·
2706 3935 2847 3986 πόσα
2872 3933 2983 4003 γὰρ
3012 3932 3253 4001 ὀνόματα
3278 3931 3568 3993 πετεινῶν,
3586 3931 3868 4010 ἑρπετῶν,

2283 4028 2650 4099 τετραπόδων,
2672 4025 2875 4095 φυτῶν,
2891 4023 3113 4094 ἰχθύων,
3149 4022 3402 4089 ζωῦςρίων
3426 4040 3485 4074 τε
3517 4023 3613 4073 καὶ
3647 4022 3871 4077 κνωδά-

2283 4120 2411 4184 λων,
2438 4119 2535 4172 καὶ
2564 4117 2670 4172 τῶν
2700 4116 2902 4170 λοιπῶν
2930 4116 3038 4167 τῶν
3065 4116 3123 4167 ὲν
3154 4113 3230 4183 τῷ
3254 4114 3443 4181 κόσμῳ
3468 4112 3568 4165 οὐκ
3601 4112 3867 4181 οἴδαμενι

2284 4208 2408 4271 Πῶς
2432 4204 2525 4261 οὖν
2550 4207 2885 4267 ἀκούσαντες
2931 4206 2990 4257 ὲν
3018 4207 3083 4274 τῇ
3118 4203 3307 4274 Γραφῇ
3332 4201 3503 4255 ταῦτα
3533 4204 3827 4271 νοήσωμεν
3855 4222 3870 4267 ;

2284 4300 2379 4353 καὶ
2401 4301 2510 4370 γάρ
2530 4296 2808 4367 καταρχὰς
2829 4295 2899 4349 τὰ
2922 4295 3162 4364 ὀνόματα
3188 4293 3449 4364 ὲτέθησάν
3472 4309 3533 4343 τε
3562 4294 3657 4344 καὶ
3679 4292 3875 4361 διωρί-

2286 4390 2492 4461 σθησαν
2519 4390 2733 4459 ἑκάστῳ
2762 4389 2890 4441 εῖδει
2918 4388 3025 4440 τῶν
3055 4386 3369 4456 κτισμάτων
3388 4403 3400 4416 ·
3432 4384 3519 4437 διὰ
3539 4385 3640 4454 τὴν
3669 4385 3875 4454 χρῆσιν

615 4501 736 4540 rum
777 4484 976 4553 speciei
1004 4499 1034 4536 a
1071 4482 1339 4552 principio
1365 4481 1586 4534 nomina
1612 4480 1866 4549 imposita
1897 4494 1963 4535 ac
1995 4481 2179 4535 deter-

2287 4485 2381 4536 καὶ
2409 4483 2675 4551 ὠφέλειαν
2708 4480 2804 4552 τὴν
2825 4481 2886 4545 ἐξ
2914 4480 3115 4544 αὐτῶν,
3146 4479 3358 4540 καὶτὰς
3393 4478 3688 4547 διαφόρους
3711 4480 3873 4547 ἐνερ-

617 4579 822 4632 minata
860 4576 1032 4639 ntere,
1089 4575 1386 4629 secundum
1422 4589 1606 4635 usum,
1638 4574 2042 4642 adiumentum,
2089 4583 2185 4628 aut

614 4668 796 4721 varias
845 4668 1099 4719 virtutes.
1151 4664 1361 4717 Dicitur
1406 4663 1651 4718 Adamus
1698 4677 1892 4717 omnes
1925 4664 2181 4732 pecudes,

614 4773 809 4815 omnes
837 4758 960 4811 οωιί
989 4757 1260 4817 volucres,
1306 4769 1610 4824 omnesque
1661 4764 1818 4809 terra:
1846 4756 2049 4810 bestias
2085 4770 2186 4810 no-

615 4851 860 4905 minibus
887 4863 1131 4911 vocasse,
1168 4847 1311 4901 sicut
1344 4854 1399 4901 et
1434 4848 1699 4902 Solomon
1732 4857 2009 4901 astrorum
2040 4847 2187 4916 posi-

617 4954 729 5006 tus,
782 4942 1088 5011 plantarum
1140 4940 1561 5008 graminumque
1610 4950 1859 4995 naturas.
1909 4938 2183 4993 Interdum

620 5047 804 5089 autem
844 5034 943 5099 qui
973 5034 1133 5101 longe
1164 5034 1217 5085 in
1248 5032 1395 5101 agris
1423 5033 1673 5086 habitant
1707 5033 1881 5101 magis
1911 5032 2187 5088 Hellenice

620 5127 973 5194 trchniceqnc
1002 5140 1165 5192 quam
1194 5124 1285 5191 qui
1318 5123 1501 5188 urbes,
1533 5133 1754 5191 propter
1782 5123 2184 5189 simplicitatem

619 5220 917 5286 loquuntur
949 5235 962 5269 :
992 5214 1247 5282 oppidani
1293 5214 1439 5267 enim
1484 5228 1550 5267 ex
1584 5229 1725 5267 vana
1779 5214 1952 5282 gloria
1984 5215 2185 5284 stylnm

622 5322 894 5364 tentantes
953 5308 1005 5360 in
1067 5306 1455 5375 speciosiorem
1522 5316 1755 5369 mutare,
1808 5314 2185 5375 corrumpunt,

622 5414 973 5471 paganosqne
1004 5409 1060 5450 et
1089 5407 1337 5459 agrestes
1382 5397 1709 5449 cavillantur
1737 5405 1792 5449 et
1826 5397 2187 5459 subsannant,

619 5499 811 5565 sicque
847 5494 1183 5561 alienigenas
1239 5491 1488 5553 inrident,
1530 5499 1589 5542 ιιι
1618 5504 1753 5558 gens
1788 5498 2026 5557 gentem,
2061 5487 2189 5541 urbs

620 5589 811 5643 urbem
834 5626 850 5648 ,
901 5600 966 5640 ex
1007 5599 1074 5638 eo
1106 5583 1251 5652 quod
1287 5597 1394 5635 non
1444 5582 1607 5635 verba
1634 5584 1824 5635 eadem
1873 5582 2187 5648 loquantur,

620 5676 767 5747 quod
800 5674 1069 5728 aliirmaut
1102 5674 1430 5727 nescientes.
1463 5671 1536 5724 lla
1566 5687 1655 5724 res
1682 5680 1809 5724 sunt
1831 5686 1893 5723 ex
1934 5671 2190 5738 ignoran-

624 5766 723 5826 tia,
769 5775 823 5817 ut
870 5764 1075 5818 dictum
1105 5772 1209 5819 est.
1252 5760 1392 5813 Dens
1441 5760 1494 5813 in
1547 5759 1841 5828 principio,
1874 5769 1930 5810 ut
1964 5758 2185 5810 tlemon'

2286 4574 2462 4642 γείας.
2506 4573 2763 4627 Ἐκάλεσε
2811 4574 2939 4641 γὰρ,
2981 4573 3167 4642 φησὶν,
3208 4570 3379 4639 ’Δδάμ
3437 4570 3683 4638 ὀνόματα
3732 4573 3875 4622 πᾶσι

2284 4668 2398 4729 τοῖς
2438 4667 2699 4733 κτήνεσι,
2732 4666 2826 4717 καὶ
2856 4666 2991 4717 πᾶσι
3030 4665 3144 4725 τοῖς
3176 4664 3439 4723 πετεινοῖς
3480 4661 3572 4712 τοῦ
3608 4660 3873 4728 οὐρανοῦ,

2287 4760 2380 4813 καὶ
2422 4761 2554 4812 πᾶσι
2584 4762 2695 4822 τοῖς
2735 4758 2942 4829 Θηρίοις
2973 4758 3071 4827 τῆς
3101 4758 3223 4826 γῆς.
3266 4757 3424 4809 ’Δλλά
3462 4756 3556 4808 καὶ
3609 4756 3875 4822 Σολομιὶν

2285 4847 2428 4904 οἶδεν
2442 4850 2687 4918 ἀστέρων
2709 4848 2907 4912 θέσεις,
2936 4849 3029 4900 καὶ
3053 4848 3236 4915 ςυτῶν
3262 4848 3452 4914 sitast;
3480 4846 3570 4896 καὶ
3596 4844 3872 4913 βοτανῶν.

2292 4944 2447 4995 Ἐστι
2475 4942 2519 4993 δ’
2548 4942 2637 4993 ὅτε
2667 4944 2762 4993 καὶ
2788 4943 2836 4993 οἱ
2862 4943 3026 5010 τηλοῦ
3054 4940 3162 4992 τῶν
3210 4938 3394 5008 ἀγρῶν
3421 4937 3699 4999 οἰκοῦντες
3749 4938 3875 4989 Ἐλ-

2288 5030 2653 5100 ληνικώτερόν
2712 5047 2771 5082 τε
2824 5032 2920 5082 καί
2968 5029 3356 5099 τεχνικώτερον
3421 5014 3720 5090 λαλοῦντες
3763 5028 3878 5078 τῶν

2289 5118 2539 5176 ἀστυκῶν
2565 5122 2623 5187 ἐξ
2662 5122 2958 5190 ἁπλότητος
2982 5138 2995 5151 ·
3029 5122 3077 5172 οἱ
3112 5120 3221 5188 γὰρ
3254 5118 3394 5170 κατά
3422 5118 3521 5179 τὰς
3557 5118 3772 5180 πόλεις,
3808 5120 3877 5169 ἐκ

2289 5213 2617 5276 κενοδοξίας,
2655 5216 2734 5275 εἰς
2769 5212 2829 5265 τὺ
2856 5211 3351 5280 εὐσχημονέστερον
3379 5209 3698 5277 βουλόμενοι
3743 5227 3879 5276 μετ-

2290 5303 2517 5366 αγαγεῖν
2545 5301 2643 5362 τὰς
2673 5299 2869 5363 λέξεις,
2902 5300 3101 5367 μᾶλλον
3133 5298 3414 5366 φθείρουσι
3435 5313 3446 5324 ’
3482 5297 3574 5348 καὶ
3602 5298 3732 5361 τοὺς
3765 5316 3881 5349 κων

2294 5393 2471 5462 μήτας
2497 5393 2593 5444 καὶ
2624 5391 2912 5461 ἀγροίκους
2938 5390 3146 5456 ἀλόγως
3180 5389 3491 5439 σκώπτουσι
3519 5391 3614 5439 καὶ
3656 5405 3881 5459 μυκτη-

2295 5485 2527 5554 ρίζουσι,
2562 5484 2765 5552 ὁμοίιος
2797 5485 2889 5536 καὶ
2926 5486 3037 5545 τοῖς
3066 5480 3382 5541 ἀλλοδαποῖς
3421 5480 3745 5545 ὲπιγελῶσι,
3781 5485 3881 5533 κπὶ

2292 5577 2464 5639 ἔθνος,
2502 5575 2644 5627 ἔθνει
2676 5577 2868 5645 ἑτέρῳ,
2925 5576 3015 5627 καὶ
3050 5575 3229 5637 πόλις,
3264 5572 3439 5630 πόλει,
3474 5573 3555 5624 ὃτι
3596 5574 3659 5623 οὗ
3692 5575 3879 5625 ταύτὰ

2292 5667 2511 5719 λαλοῦσι
2533 5684 2545 5696 '
2582 5668 2656 5736 μὴ
2680 5668 2880 5728 εἰδότες
2914 5667 2949 5719 ἃ.
2976 5664 3413 5719 διαϐεϐαιοῦνται
3467 5664 3657 5717 Ταῦτα
3678 5665 3739 5717 δὲ
3773 5670 3882 5719 mi-

2292 5774 2513 5825 σχουσιν
2554 5758 2618 5824 ἐξ
2649 5759 2887 5826 ἀμαθίας
2928 5759 3002 5820 ὡς
3038 5759 3272 5826 εἴρηται.
3337 5755 3395 5808 Ὀ
3436 5756 3547 5823 γὰρ
3589 5756 3727 5819 θεὸς
3786 5756 3878 5821 ἐξ-
