4092 6438
128 430 257 496 1361

124 645 219 693 καὶ
275 644 756 712 μεταφυτευόμενα
813 641 985 706 αὔξει,
1018 642 1139 693 ἐπεὶ
1181 641 1275 694 καὶ
1313 640 1549 710 ἔμψυχα.
1589 640 1711 692 Ἔτι

1446 435 1544 496 DE
1608 434 2079 495 ρΑιιΤΑΝιΤιδ.

122 552 337 621 δένδρα,
371 551 589 623 πέτραι,
626 552 856 623 λάχανα,
888 548 1054 621 ὓδωρ,
1092 549 1223 619 πῦρ,
1257 550 1349 621 γῆ,
1392 550 1700 619 μιγνύμενα

1827 561 1996 602 tersus
2050 545 2367 617 Egyptum,

3269 427 3287 489 1
3300 430 3403 495 362

2450 543 2503 598 in
2564 543 2906 599 Damasceuo
2963 559 3177 615 campo,
3212 555 3401 616 postea

1816 637 2135 692 translatum
2170 638 2224 691 in
2256 636 2483 700 Indiam,
2524 636 2617 690 ubi
2647 636 2961 705 paradisus.

122 741 261 809 φησι
326 741 468 793 κατά
518 758 671 802 τινας
731 741 788 794 ὲν
838 738 916 808 τῷ
975 738 1190 809 οὐρανῷ
1254 737 1559 807 πλασθῆναι
1619 736 1709 789 τὸν
1760 736 1964 804 Ἀδὰμ,
2018 734 2141 787 καθ’
2209 734 2429 803 ἑτέρους
2482 732 2537 785 δέ
2585 749 2772 804 φησιν,
2816 734 2896 795 είς
2963 731 3030 784 τὰ
3064 733 3205 804 μέρη
3239 735 3403 801 Αἰγύ-

124 851 285 896 πτου,
323 836 381 886 ἐν
416 834 493 903 τῷ
523 834 690 904 πεδίῳ
715 835 812 904 τῆς
833 833 1148 903 Δαμασκοῦ,
1182 832 1437 885 κάκεῖθεν
1476 832 1834 902 μετατεθῆναι
1869 832 1948 892 είς
1974 829 2071 898 τὴν
2110 830 2322 893 Ἰνδίαν,
2353 829 2485 880 ὅπου
2516 828 2611 880 καὶ
2635 830 2663 881 6
2690 827 3040 899 παράδεισος.

201 926 322 975 Ἔτι
377 924 561 991 φησὶν,
604 924 685 975 ὅτι
742 925 769 975 6
822 922 1066 985 διάϐολος
1114 924 1337 990 γέγονεν
1394 922 1519 990 ὄφις
1570 921 1710 991 ἔχων

124 1013 415 1083 ἀνθρώπου
467 1013 776 1083 πρόσωπον,
808 1015 898 1065 καὶ
933 1012 1106 1073 οὕτως
1134 1013 1381 1083 ἡπάτησε
1411 1014 1537 1076 τοὺς
1571 1031 1733 1082 προ-ο

126 1107 390 1173 πάτορας,
437 1102 532 1156 καὶ
570 1104 651 1156 ὅτι
709 1100 899 1171 ὥσπερ
956 1101 984 1153 6
1037 1101 1282 1163 διάϐολος
1334 1100 1557 1168 γέγονεν
1614 1101 1712 1154 άν-

122 1198 367 1267 θρωπος,
406 1198 499 1250 καὶ
538 1195 789 1267 ἡπάτησε
834 1198 933 1265 τὴν
978 1194 1141 1261 Εὔαν,
1193 1193 1335 1248 οὕτω
1384 1196 1477 1247 καὶ
1514 1195 1543 1245 6
1581 1193 1713 1257 Θεὸς

125 1287 351 1355 γέγονεν
390 1286 675 1357 ἄνθρωπος
720 1285 785 1338 ὲκ
820 1284 1138 1353 γυναικείας
1170 1285 1402 1354 μήτρας,
1453 1283 1545 1338 καὶ
1575 1282 1711 1336 ἔσω-

129 1396 224 1431 σεν
286 1380 435 1447 ἡμᾶς
499 1378 766 1440 ἅπαντας.
840 1377 965 1430 Ἔτι
1027 1376 1213 1445 φησὶν,
1259 1375 1342 1428 ὅτι
1412 1376 1550 1446 μετὰ
1614 1376 1713 1443 τὴν

126 1472 194 1522 ὲκ
242 1469 336 1522 τοῦ
379 1468 708 1539 παραδείσου
757 1468 974 1538 ἑξορίαν
1035 1466 1386 1538 βουληθέντες
1445 1467 1494 1520 oi
1557 1484 1710 1537 πρω-

127 1560 421 1612 τόπλαστοι
487 1559 629 1628 ὑπὲρ
696 1558 796 1626 τῆς
866 1559 999 1620 ἰδίας
1065 1556 1340 1627 ἁμαρτίας
1397 1555 1709 1625 νηστεῦσαι,

128 1651 541 1721 ἐπειράσθησαν
562 1650 668 1703 ὑπὸ
694 1649 787 1703 τοῦ
811 1648 1058 1703 διαϐόλου
1080 1666 1092 1679 ·
1129 1648 1426 1720 ἐρωτηθεὶς
1458 1648 1512 1701 δὲ
1540 1651 1567 1700 6
1591 1647 1709 1701 διά-

129 1741 287 1805 ϐολος
324 1743 428 1796 ὑπὸ
471 1741 565 1795 τοῦ
611 1742 784 1811 Ἀδὰμ
818 1741 961 1802 τίνος
995 1741 1156 1810 χάριν
1188 1740 1441 1808 πειράζει
1488 1740 1708 1804 αὐτοὺς,

128 1833 513 1903 ἀπελογήσατο
535 1851 548 1863 ·
582 1834 706 1887 ’Ὁτι
736 1832 828 1885 σοῦ
858 1832 1185 1894 ’κλασθέντος
1221 1832 1324 1883 ὑπὸ
1353 1830 1512 1892 Θεοῦ,
1540 1849 1711 1902 προσ-

130 1926 442 1996 ετάχθησαν
482 1925 611 1995 παρ’
649 1924 812 1978 αὐτοῦ
850 1923 1087 1986 ἅπαντες
1116 1925 1163 1975 οί
1200 1924 1417 1991 ἄγγελοι
1451 1924 1588 1992 μετὰ
1618 1924 1711 1977 τοῦ

130 2019 372 2089 Μιχαὴλ,
410 2016 717 2087 ἔμπροσθέν
757 2032 851 2067 σου
899 2016 1088 2084 στῆναι
1131 2016 1210 2079 είς
1263 2016 1570 2085 προσευχὴν
1621 2018 1710 2069 καὶ

132 2109 515 2177 προσκυνῆσαί
552 2126 607 2160 σε
651 2108 725 2171 ὼς
758 2108 941 2161 εἰκόνα
976 2105 1163 2168 αὐτοῦ,
1213 2106 1241 2157 ὃ
1279 2107 1370 2158 καὶ
1425 2109 1708 2176 ἐποίησαν·

1891 918 2174 973 Diabolum
2221 918 2494 988 serpentis
2526 916 2759 972 formam
2795 934 2919 973 cum
2969 921 3210 973 humano
3254 920 3401 973 vultu

1820 1010 2081 1073 induisse,
2140 1021 2468 1080 nostrosque
2531 1025 2765 1081 proavos
2842 1011 3162 1081 decepisse;
3243 1020 3295 1066 et
3341 1023 3401 1064 ut

1817 1102 2106 1164 diabolus.
2171 1102 2296 1158 Eva:
2357 1104 2687 1173 deeipieudae
2749 1119 2958 1171 causa,
3009 1106 3176 1159 homo
3223 1105 3400 1159 factus

1817 1191 2003 1257 fuerit,
2052 1194 2134 1247 sic
2171 1193 2339 1248 Deum
2372 1209 2437 1248 ex
2475 1196 2702 1250 muliere
2745 1196 3023 1249 hominem
3080 1194 3308 1261 factum,
3342 1207 3401 1249 ut

1816 1298 1919 1338 nos
1971 1284 2221 1338 salvaret.
2272 1283 2485 1339 Primos
2546 1287 2818 1349 homines,
2877 1286 3138 1356 paradiso
3164 1287 3402 1356 perdito,

1814 1372 2063 1443 jejunare
2116 1384 2339 1445 propter
2372 1377 2619 1446 ipsorum
2667 1379 2884 1448 culpam
2916 1379 3187 1445 volentes,
3226 1394 3253 1433 a
3282 1378 3371 1433 dia
3392 1410 3404 1418 -

1818 1465 1943 1520 bolo
2008 1477 2247 1524 tentatos
2274 1487 2288 1536 ;
2324 1470 2831 1543 interrogatumque
2866 1472 3141 1527 diabolum
3170 1473 3237 1527 ab
3264 1473 3406 1526 Ada~

1818 1574 1908 1613 mo
1954 1576 2124 1629 quare
2171 1576 2266 1616 eos
2309 1571 2565 1627 tentaret,
2620 1564 3014 1632 respondisse:
3055 1563 3196 1629 Quia
3229 1563 3398 1624 Deus,

1818 1660 2105 1719 postquam
2156 1658 2206 1705 te
2253 1662 2517 1713 creasset,
2586 1668 2778 1708 omnes
2840 1654 3064 1723 angelos
3122 1655 3397 1721 simulque

1818 1739 2134 1796 Michaelem
2189 1743 2355 1812 jussit
2410 1759 2596 1798 coram
2649 1754 2719 1809 te,
2758 1745 2848 1812 qui
2884 1745 3053 1814 ipsius
3098 1744 3276 1813 imago
3324 1759 3404 1803 es,

1820 1844 2103 1903 precantes
2162 1846 2218 1889 et
2246 1836 2537 1889 adorantes
2594 1846 2758 1899 stare,
2796 1838 2940 1905 quod
2990 1835 3253 1891 fecerunt.
3291 1833 3406 1906 Ego

1820 1940 1948 1977 vero
1979 1941 2103 1979 eum
2143 1928 2278 1980 mt-is
2311 1927 2449 1981 idem
2479 1930 2673 1997 jussus
2704 1930 2920 1998 negari,
2970 1930 3079 1984 imo
3130 1944 3259 1983 vero
3296 1945 3401 1993 me,

1820 2028 1942 2071 ante
1973 2026 2021 2072 te
2069 2026 2277 2083 natum,
2334 2020 2675 2088 similemque
2708 2018 2818 2072 Deo
2878 2036 3097 2089 quoque
3137 2035 3259 2075 esse
3282 2019 3400 2087 glo-

1820 2106 2073 2171 riantem,
2111 2122 2139 2161 a
2168 2117 2219 2161 te
2248 2108 2585 2163 adoramlum
2619 2110 2956 2178 expostulavi
2984 2128 2998 2176 ;
3025 2109 3141 2172 sed,
3174 2110 3402 2179 juhenta

134 2201 570 2273 προσταχθέντος
599 2203 654 2255 δὲ
686 2198 864 2269 κάμοῦ
888 2198 1045 2252 τοῦτο
1073 2199 1293 2268 ποιῆσαι
1322 2200 1458 2265 μετὰ
1482 2200 1587 2252 τῶν
1619 2202 1715 2255 σὺν

1827 2198 1953 2263 Deo,
2006 2200 2161 2271 longe
2199 2217 2227 2255 a
2262 2200 2395 2255 facie
2427 2212 2581 2256 terrm
2624 2204 2796 2273 angeli
2842 2204 2893 2256 in
2927 2202 3200 2257 infernum
3256 2204 3377 2272 deje

134 2298 282 2367 ἐμοὶ,
320 2298 412 2349 καὶ
449 2296 522 2366 μὴ
556 2296 901 2362 ποιήσαντος,
932 2290 1068 2343 ἀλλὰ
1102 2291 1413 2343 τούναντίον
1444 2290 1717 2360 ζητήσαν-

134 2406 231 2453 to;
264 2391 360 2460 τὴν
404 2389 553 2457 παρὰ
595 2387 687 2440 σοῦ
730 2383 1100 2455 προσκύνησιν
1124 2400 1137 2415 ο
1164 2383 1286 2435 ἐπεὶ
1323 2382 1420 2435 καὶ
1459 2384 1721 2455 πῴτερός

135 2496 238 2533 σου
268 2480 562 2548 ἐγεννήθην
584 2493 597 2506 °
630 2478 721 2528 καὶ
748 2476 931 2544 ὅμοιος
960 2473 1211 2542 γενέσθαι
1233 2472 1351 2541 Θεῷ
1364 2473 1719 2542 καυχησάμε-

136 2588 252 2634 νοςν
286 2570 543 2638 ἐδιώχθην
578 2568 727 2637 παρὰ
762 2566 895 2619 Θεοῦ
936 2565 1024 2617 διὰ
1056 2564 1161 2617 τῶν
1188 2564 1434 2632 ἀγγέλων
1461 2564 1624 2617 αὑτοῦ
1656 2566 1718 2617 ἐκ

136 2660 435 2732 προσώπου
481 2660 578 2729 τῆς
621 2660 741 2729 γῆς,
772 2661 849 2721 είς
898 2658 987 2711 τὸν
1034 2655 1188 2727 ᾅδην.
1223 2656 1345 2708 Ἔτι
1389 2655 1586 2726 φησίν
1628 2658 1707 2711 ὄτι

138 2757 190 2806 οἱ
225 2754 403 2822 τρνχοί
440 2752 675 2823 πύρινοι,
708 2752 864 2805 ἔλαϐε
892 2751 982 2804 τὸν
1018 2751 1187 2821 ’Δδάμ
1218 2752 1304 2803 ἐπ’
1329 2749 1493 2803 αὑτοῦ
1523 2753 1601 2815 εἰς
1629 2753 1717 2805 τὸν

140 2851 437 2917 ἁνήπτετο.

221 2946 340 2997 Ἔτι
381 2944 565 3014 φησιν,
612 2944 693 2995 δτι
732 2941 810 3012 τῷ
853 2940 1073 3011 Χριστῷ
1107 2941 1420 3011 γεννηθέντι
1454 2942 1722 3011 κατῆλθεν

140 3038 434 3108 οὐρανόθεν
465 3036 675 3105 ἱμάτιον
699 3049 713 3063 ·
746 3037 841 3087 καὶ
865 3033 1042 3097 τοῦτο,
1076 3036 1261 3104 φησὶν,
1296 3034 1443 3086 ἐστὶν
1466 3034 1492 3087 ὃ
1515 3034 1663 3103 λέγει
1697 3038 1724 3089 ὁ

142 3126 537 3196 εὐηγέλιστὴς
590 3124 791 3195 χιτῶνα
826 3123 1094 3194 άρῤαφον.
1149 3125 1264 3192 Ἐφ’
1308 3116 1371 3176 οὗ
1409 3126 1503 3178 καὶ
1550 3128 1581 3197 ή
1630 3126 1723 3179 τοῦ

140 3221 282 3273 Θεοῦ
312 3219 537 3286 δύναμις
566 3216 781 3267 ἔπεσεν.
812 3217 931 3268 Ἔτι
956 3216 1141 3284 ιρησὶν,
1166 3216 1247 3267 ὅτι
1276 3215 1384 3268 ἒσω
1418 3216 1507 3269 τοῦ
1537 3235 1724 3286 φαινο-

147 3315 312 3383 μέλοι)
346 3307 577 3379 οὐρανοῦ
624 3310 759 3359 εἰσιν
797 3308 850 3359 αἱ
885 3306 1144 3375 δυνάμεις
1181 3307 1290 3359 τῶν
1333 3307 1596 3378 οὖρανῶν,
1633 3311 1726 3361 καὶ

1829 2300 2022 2345 cerunt
2067 2309 2171 2348 me.
2210 2292 2525 2347 Mirhaelem
2586 2310 2709 2348 cum
2751 2312 2916 2350 curru
2968 2310 3035 2348 ex
3070 2295 3248 2350 ventis
3275 2310 3407 2349 eon-

1828 2382 1975 2450 ﬂato,
2035 2384 2209 2457 igneis
2264 2387 2417 2447 rotis,
2450 2388 2706 2452 missum,
2771 2388 2822 2441 in
2883 2389 3081 2443 malum
3134 2388 3403 2443 Adamum

1829 2477 2073 2546 rapuisse
2118 2470 2302 2533 ceram
2363 2479 2493 2545 Deo,
2535 2480 2694 2550 cujus
2740 2480 2909 2537 facies
2963 2482 3403 2553 splendidissima

1826 2566 2043 2624 ﬂamma
2076 2570 2332 2641 fulgebat.

1770 2661 2100 2726 ἀποσταλεὶς
2162 2666 2190 2718 6
2246 2664 2465 2735 Μιχαὴλ
2510 2665 2646 2734 μετὰ
2691 2666 2935 2736 ἅρματος
2978 2667 3038 2731 ἐξ
3084 2669 3307 2737 ἀνέμου,
3347 2664 3407 2721 οὗ

1757 2755 2102 2826 παράδεισον,
2172 2758 2403 2812 ἐνώπιον
2430 2758 2524 2812 τοῦ
2591 2760 2749 2826 Θεοῦ,
2777 2756 2837 2813 οὗ
2869 2762 2928 2812 τὸ
2969 2763 3261 2834 πρόσωπον
3288 2764 3409 2817 λίαν

1900 2944 2124 3001 Christo
2155 2947 2400 3002 nascenti
2432 2946 2659 3002 missum
2692 2945 2861 3001 fuisse
2888 2962 2918 3001 e
2946 2946 3085 3002 cmlo
3113 2946 3407 3003 vestimen-

1830 3048 1968 3103 tum,
1994 3040 2139 3109 quod
2183 3040 2359 3109 ipsum
2391 3040 2725 3111 evangelista
2757 3041 2995 3094 tunicam
3023 3040 3419 3096 inconsutilenr

1835 3138 2123 3192 memorat,
2186 3138 2240 3184 et
2292 3129 2347 3183 in
2406 3130 2538 3184 illttd
2596 3131 2896 3199 potentiam
2955 3128 3049 3184 Dei
3104 3131 3400 3187 decidisse.

1836 3221 1978 3276 Intra
2028 3222 2297 3276 visibilem
2345 3223 2471 3277 cmli
2503 3233 2711 3293 partem
2746 3225 3000 3279 cmlestes
3029 3222 3277 3279 habitare
3312 3239 3412 3295 po-

1837 3322 2056 3369 testates
2103 3314 2423 3384 animasque
2449 3326 2787 3378 sanctorum,
2836 3314 2888 3368 in
2918 3314 3251 3371 invisibilem
3285 3332 3414 3371 vero

142 3407 205 3458 αἱ
237 3405 403 3473 ψυχαὶ
434 3405 540 3456 τῶν
566 3403 789 3455 δικαίων
812 3418 825 3430 ’
864 3403 942 3465 εἰς
977 3402 1067 3454 τὸν
1104 3401 1285 3471 ἀφανῆ
1315 3402 1393 3464 δὲ,
1425 3402 1586 3470 μόνον
1613 3403 1724 3455 sio-

1832 3405 2009 3459 solum
2036 3404 2316 3458 Clu-istum
2342 3405 2730 3474 penetravisse.
2762 3404 3031 3461 Praeterea
3057 3406 3215 3461 docet
3248 3421 3415 3461 evan-

141 3498 321 3551 ελθεῖν
347 3497 436 3548 τὸν
464 3497 715 3565 Χριστόν.
752 3494 871 3546 Ἔτι
904 3495 1087 3562 φησὶν,
1111 3494 1191 3545 ὅτι
1220 3492 1282 3546 ἐκ
1312 3510 1473 3546 τινων
1504 3493 1725 3563 βιϐλίων

142 3591 254 3643 τῶι
283 3592 337 3641 ἐν
361 3588 435 3658 τῷ
462 3588 772 3654 δεσποτάτῳ
794 3585 891 3654 τῆς
926 3584 1234 3651 Ῥωμανίας
1262 3584 1412 3653 παρά
1440 3601 1601 3636 τινων
1637 3602 1729 3637 πε·-

146 3681 534 3749 φυλαγμέκιων,
591 3678 823 3745 ἑχόντων
894 3674 991 3736 τὰς
1047 3674 1395 3741 γενεαλογίας
1447 3676 1726 3737 ἁπάντων,

145 3774 341 3826 ἔλαϐον
376 3773 423 3823 οἱ
449 3769 831 3837 εὐαγγελισταὶ
862 3767 958 3835 τὴν
983 3768 1336 3833 γενεαλογίαν
1360 3767 1452 3819 τοῦ
1487 3767 1611 3819 1⁸ίοῦ
1638 3768 1728 3820 τοῦ

144 3866 305 3918 Θεοῦ.
341 3866 460 3915 Ἔτι
490 3865 674 3929 φησὶν,
710 3861 792 3912 δτι
821 3862 849 3911 ὀ
881 3859 1108 3926 ἄγγελος
1135 3854 1255 3910 εἷπε
1294 3860 1432 3929 πρὸς
1463 3859 1560 3930 τὴν
1583 3862 1731 3928 Παρ-

147 3957 323 4009 θένον·
365 3956 604 4007 Γίνωσκε
652 3952 733 4004 ὅτι
768 3950 828 4003 τὸ
858 3951 1012 4018 ἆγιον
1041 3950 1261 4018 Πνεῦμα
1312 3950 1393 4001 ἔνι
1439 3950 1578 4019 μετὰ
1612 3949 1729 4013 σοῦ,

147 4048 246 4103 καὶ
269 4048 399 4099 αὐτὸ
426 4044 844 4115 σαρχωθήσεται
874 4045 931 4095 ἐν
962 4041 1064 4106 σοὶ,
1096 4044 1188 4094 καὶ
1211 4044 1499 4109 γενήσεται
1529 4041 1733 4113 ἄνθρωο

148 4155 274 4205 mc,
309 4140 401 4190 καὶ
433 4137 687 4198 καλέσεις
735 4135 895 4187 αὑτὸν
925 4134 1274 4203 Ἐμμανουήλ
1295 4150 1307 4162 ·
1347 4134 1440 4187 καὶ
1476 4133 1639 4185 σώσει
1672 4134 1732 4186 τὸ

149 4233 309 4302 γένος
338 4230 447 4283 τῶν
476 4225 816 4298 Χριστιανῶν
850 4226 915 4277 ἐκ
956 4224 1064 4278 τῶν
1096 4224 1297 4295 χειρῶν
1330 4224 1423 4276 τοῦ
1454 4224 1727 4277 διαϐόλου·

150 4326 248 4378 καὶ
275 4324 354 4375 ὅτι
384 4321 478 4387 ὅλη
519 4322 549 4387 ὴ
586 4317 715 4385 ἁγία
746 4317 916 4386 Τριὶς
943 4314 1231 4384 ὲσαρκὼθη
1258 4358 1273 4379 ,
1323 4315 1409 4367 διὰ
1450 4314 1511 4367 τὸ
1547 4316 1733 4384 ὅμοιον

150 4414 262 4465 τῶν
292 4411 455 4482 τριῶν
479 4411 571 4461 καὶ
608 4408 932 4477 ἀχώριστον.
969 4408 1087 4457 Ἔτι
1120 4407 1307 4475 φησὶν,
1341 4408 1422 4458 ὅτι
1454 4408 1502 4458 οί
1528 4407 1586 4472 ἐξ
1610 4408 1734 4459 ἀνα-

151 4504 315 4572 τολῆς
347 4502 591 4562 ἐλθόντες
619 4501 800 4566 Μάγοι
823 4499 901 4560 εἰς
932 4498 1303 4569 προσκύνησιν
1333 4496 1426 4549 τοῦ
1457 4497 1692 4568 Χριστοῦ
1711 4539 1725 4561 ,

74 4610 82 4617 ’
150 4598 184 4649 6
219 4597 313 4663 μὲν
347 4595 607 4646 θεάσαντο
641 4593 761 4659 (sic)
787 4590 947 4641 αὐτὸν
975 4590 1048 4653 ὼς
1086 4590 1279 4659 νήπιον
1313 4589 1581 4650 ἐνιαυτοῦ,
1620 4592 1647 4643 6
1678 4590 1734 4642 δὲ

151 4689 228 4749 ὡς
250 4688 416 4756 ἄνδρα
440 4683 855 4754 τριακονταετῆ,
887 4684 913 4734 6
946 4682 1001 4734 δὲ
1037 4683 1111 4744 ὡς
1150 4681 1382 4751 γέροντα
1414 4682 1732 4734 πεπαλαιωο

158 4780 338 4847 μένον.
386 4777 493 4827 Καὶ
545 4776 627 4827 ὅτι
684 4773 764 4825 ἔτι
824 4772 1034 4824 παιδίον
1083 4771 1157 4823 ὣν
1203 4773 1230 4823 6
1285 4771 1488 4840 Κύριος
1534 4774 1734 4840 σημεῖα

153 4870 398 4938 ἐποίησεο
430 4866 623 4936 νεκρὸν
652 4864 758 4933 γὰρ
788 4865 1075 4932 ἀνέστησε,
1115 4863 1208 4915 καὶ
1238 4864 1424 4916 ἐπάνω
1455 4862 1563 4913 τῶν
1585 4862 1737 4915 ἀκτί-

153 4973 264 5011 νων
302 4958 567 5023 ἐπωχεῖτο
603 4952 696 5006 τοῦ
731 4952 903 5022 ήλὶου,
941 4952 1034 5005 καὶ
1078 4954 1169 5004 ἐπὶ
1202 4951 1294 5004 τοῦ
1335 4952 1551 5019 ἱματίου
1589 4951 1735 5019 ὕδωρ

155 5046 464 5114 προσέφερε
511 5046 577 5112 τῇ
642 5044 830 5111 μητρὶ,
882 5041 977 5094 καὶ
1029 5041 1185 5106 ξύλον
1242 5042 1501 5103 τανύσας,
1550 5041 1735 5109 μεῖξον

156 5137 381 5205 ἐποίησε
418 5135 605 5203 χρείας
635 5132 821 5200 οὔσης,
854 5132 949 5183 καὶ
981 5131 1234 5200 στρουθία
1281 5132 1499 5200 ἔμψυχα
1539 5133 1602 5183 ὲκ
1624 5148 1733 5200 πη-

1832 3492 2052 3563 gelistas
2114 3507 2179 3546 ex
2238 3492 2567 3562 quibusdam
2638 3492 2792 3547 libris
2849 3491 3039 3547 Roma:
3095 3494 3412 3557 asservatis,

1832 3583 2186 3651 omniumque
2242 3582 2615 3650 genealogiam
2669 3582 3137 3649 describentibus,
3205 3584 3411 3640 Christi

1834 3672 1951 3727 Filii
2020 3673 2111 3726 Dei
2166 3673 2537 3742 genealogiam
2591 3675 2895 3743 excepisse.
2970 3673 3185 3731 Dixisse
3230 3673 3414 3730 Maria:

1833 3766 2083 3834 angelum
2114 3783 2128 3820 ι
2163 3766 2313 3819 Scito
2365 3764 2628 3834 Spiritum
2679 3776 2928 3821 sanctum
2981 3783 3049 3822 ex
3117 3777 3167 3823 te
3230 3768 3413 3823 incar-

1832 3858 2095 3918 nandum,
2131 3866 2185 3911 et
2228 3857 2380 3911 illum
2411 3857 2687 3913 hominem
2742 3870 2997 3915 naturum
3030 3861 3254 3916 vocabis
3281 3859 3411 3914 Em-

1832 3948 2072 4012 manuel,
2114 3948 2207 4017 qui
2240 3948 2614 4003 Christianum
2664 3964 2834 4021 genus
2860 3966 2890 4005 e
2921 3951 3176 4006 manibus
3204 3951 3409 4006 diaboli

1834 4037 2087 4091 salvahit.
2149 4036 2229 4089 Ad
2276 4038 2391 4091 haec
2459 4036 2783 4092 Trinitatem
2842 4047 3008 4093 totam
3068 4039 3412 4094 incarnatam

1834 4128 2022 4192 fuisse,
2051 4128 2177 4198 quia
2218 4138 2327 4183 tres
2370 4129 2577 4183 similes
2610 4139 2739 4184 sunt
2772 4139 2826 4184 et
2854 4130 3267 4199 inseparabiles.
3301 4130 3415 4185 Ma-

1834 4234 2049 4291 gorum,
2106 4218 2199 4288 qui
2253 4220 2320 4273 ad
2372 4218 2709 4274 adorandum
2759 4220 2827 4275 ah
2877 4218 3096 4276 Oriente
3129 4232 3411 4285 venerant,

1833 4310 1903 4362 ab
1926 4324 2033 4363 uno
2083 4308 2267 4367 Jesum
2301 4309 2559 4365 infantem
2617 4310 2777 4379 primi
2823 4311 2952 4364 anni
2984 4312 3181 4379 visum,
3216 4314 3284 4367 ab
3304 4313 3413 4369 alio

1838 4400 2055 4469 triginta
2090 4416 2356 4455 annorum
2389 4402 2589 4467 visum,
2620 4399 2688 4453 ab
2715 4401 2820 4455 alio
2854 4402 3228 4457 senissimum.
3251 4404 3413 4461 Chri-

1837 4500 2002 4553 Stutn,
2052 4491 2179 4544 dum
2216 4507 2351 4561 puer
2386 4503 2554 4557 esset,
2593 4493 2855 4547 miracula
2899 4494 3158 4558 edidisse,
3204 4497 3415 4553 scilicet

1838 4587 2110 4633 mortuum
2138 4583 2427 4650 quemdam
2452 4582 2826 4647 suseitavisse,
2877 4598 3040 4652 super
3071 4585 3251 4641 radios
3282 4587 3415 4641 solis

1842 4672 2072 4740 spatium
2107 4674 2460 4741 percurrisse,
2484 4674 2643 4727 matri
2671 4691 2783 4728 sum
2800 4690 2996 4745 aquam
3020 4676 3072 4729 in
3092 4678 3415 4733 vestimento

1844 4764 2137 4831 repositam
2198 4764 2467 4826 attulisse,
2530 4765 2737 4818 trahent
2790 4767 3136 4833 extendisse,
3198 4767 3413 4837 longio-

1834 4867 2061 4922 remque
2108 4854 2175 4907 ad
2229 4856 2612 4909 necessitatem
2676 4854 2942 4921 eﬂecisse,
2997 4872 3128 4911 aves
3169 4858 3415 4916 viventes

1832 4957 1897 4997 ex
1942 4944 2055 4997 luto
2088 4943 2329 4999 ﬁnxisse.
2377 4944 2481 5000 Sed
2520 4946 2643 5014 quis
2674 4945 2886 5015 singula
2920 4946 3141 5000 Cartani
3167 4948 3417 5019 blasphe-

1835 5037 1944 5088 mia
1997 5038 2387 5106 expromeret?
2444 5037 2589 5092 Nihil
2637 5037 2749 5092 l'ere
2800 5052 2993 5092 sanum
3047 5038 3100 5093 in
3129 5039 3269 5095 libro
3296 5041 3419 5113 ejus

1834 5128 2054 5196 vulgato
2090 5130 2351 5198 reperias.

155 5232 251 5285 λοῦ
290 5230 713 5283 κατεσκεύασεν.
754 5228 911 5279 Ἀλλὰ
944 5227 1028 5289 τίς
1058 5227 1123 5279 ἂν
1155 5226 1363 5279 ἕκαστα
1391 5228 1458 5279 τὰ
1486 5226 1577 5279 τοῦ
1630 5224 1919 5295 Καρτάνου
1998 5225 2292 5294 καταλέγοι
2358 5225 2692 5296 βλάσφημα;
2729 5225 2915 5295 σχεδὸν
2948 5222 3053 5295 γάρ
3076 5226 3228 5279 οὐδὲν
3257 5226 3417 5297 ὀρθὸν

159 5325 219 5375 ιν
252 5324 314 5390 τῇ
349 5321 645 5374 λαοπλανεῖ
669 5318 837 5370 αὐτοῦ
879 5317 1045 5385 βίϐλῳ
1078 5317 1324 5385 φέρεται.

258 5411 416 5465 ΠΕΡΙ
458 5412 593 5463 ΤΗΣ
634 5409 770 5461 ΤΩΝ
812 5408 1257 5461 ΚΛΡΤΛΝΙἸῺΝ
1298 5407 1650 5460 ΑΙΡΕΣΕΩΣ.

248 5503 337 5556 Ἑν
387 5505 499 5564 τοῖς
549 5501 672 5553 καθ’
707 5501 852 5569 ἡμᾶς
901 5500 1114 5569 χρόνοις
1160 5500 1400 5566 ἀνεφάνη
1448 5500 1543 5552 καὶ
1578 5497 1748 5567 ἡτῶν

165 5592 530 5664 Καρτανιτῶν
560 5590 936 5660 πολυκέφαλος
967 5590 1198 5659 αἵρεσις.
1225 5592 1511 5663 Καρτᾷνος
1535 5590 1643 5659 γάρ
1666 5606 1749 5652 τις

164 5689 536 5758 Κερκυραῖος,
590 5685 650 5738 τὸ
700 5686 883 5755 σχῆμα
944 5682 1193 5753 μοναχδς,
1243 5682 1341 5753 τὴν
1388 5683 1546 5748 ἀξίαν
1588 5680 1751 5751 δῆθεν

168 5779 368 5846 ἱερεὺς,
402 5778 753 5845 δι’ἐμπορίαν
792 5778 868 5839 εἰς
900 5774 1192 5843 Ἀκυληΐαν
1226 5774 1596 5844 στελλόμενος,
1624 5776 1751 5825 κὰν-

171 5870 363 5924 τεῦθεν
399 5872 475 5934 εἰς
513 5872 905 5942 αἰσχρουργίας
936 5866 1215 5935 ἐμπεσὼν,
1252 5864 1513 5937 ἐνεϐλήθη
1547 5867 1621 5928 εἱς
1656 5884 1755 5934 φυ-

2115 5403 2201 5457 DE
2240 5402 2792 5459 CARTANITARUM
2842 5403 3147 5460 ΙΙΑΞΒΕΞΙ.

1911 5496 2126 5551 Nostris
2184 5497 2237 5550 in
2289 5498 2625 5567 temporibus
2687 5497 2974 5567 multieeps
3017 5497 3421 5551 Cartanitarum

1843 5588 2071 5643 hmresis
2128 5588 2395 5657 apparuit.
2461 5587 2731 5642 Cartanus
2762 5603 2793 5641 e
2839 5586 3079 5658 Corcyra
3132 5586 3422 5650 oriundus,

1844 5681 2163 5736 conditione
2220 5680 2541 5743 monachus,
2586 5681 2848 5749 dignitate
2884 5680 3105 5749 quidem
3144 5681 3422 5743 sacerdos,

1842 5787 1967 5828 cum
2023 5770 2337 5824 commercii
2404 5785 2565 5823 causa
2617 5770 2919 5838 Aquileiam
2951 5771 3282 5839 navigasset,
3318 5771 3424 5824 ibi-

1845 5879 1951 5933 que
2008 5862 2060 5916 iu
2125 5861 2390 5916 dedecora
2457 5860 2642 5929 lapsus
2687 5870 2851 5929 esset,
2890 5860 2940 5913 in
2978 5874 3249 5915 carcerem
3289 5872 3415 5915 coa-
