4092 6438
174 348 315 416 1369

180 526 1853 553 Μ

1184 352 1313 409 ΡΗΙ
1327 352 1601 410 LOTHEI
1642 351 1987 411 MONACIII
2028 350 2405 409 ASCE'l‘ICA.
3280 343 3378 409 137

590 726 1805 882 PHILOTHEUS
1888 721 2979 968 MONACHUS.
3072 890 3135 959 .

242 1176 373 1231 Cori.
408 1193 527 1237 xcv,
569 1178 661 1234 fol.
697 1180 766 1234 95
792 1196 843 1234 a.
877 1179 986 1233 Tit.
1010 1210 1081 1221 —
1110 1180 1425 1248 Ἀσκητικὰ
1480 1182 1586 1235 τοῦ
1626 1181 1756 1234 ὀσίο

1858 1178 2059 1245 Ιατρός
2086 1178 2255 1245 ἡμῶν
2282 1176 2569 1248 Φιλοθέου
2604 1174 2870 1248 μοναχοῦ
2896 1162 3220 1248 μονῆς-’τῆς
3240 1175 3422 1248 ὑπειρ-

165 1248 346 1314 αγίας
378 1249 667 1318 Θεοτόκου
696 1249 807 1315 τῆς
830 1250 1027 1313 βάτου
1059 1250 1166 1318 (η’
1188 1244 1347 1305 --’ἱ‹1
1380 1260 1482 1316 est,
1515 1252 1756 1305 Ascetica

1858 1244 1959 1303 ncti
1984 1244 2163 1304 Patris
2196 1249 2363 1302 nostri
2391 1246 2679 1309 Philol/tsi,
2705 1246 2944 1297 monachi
2970 1244 3275 1296 monasterii
3299 1258 3423 1293 san-

167 1318 424 1371 ctissime
457 1317 706 1387 Deiparc
729 1318 876 1383 Bati,
919 1335 1014 1373 seu
1044 1320 1192 1375 rubi.

242 1478 435 1548 Incipit
461 1493 476 1529 :
502 1477 655 1531 Ὅσοι
675 1478 753 1540 είς
772 1477 1005 1547 Χριστὸν
1034 1477 1463 1548 ἐϐαπτίσθημεν,
1493 1478 1634 1532 κατὰ
1658 1477 1748 1530 τὸν

1921 1474 2245 1543 Quicunque
2275 1473 2328 1526 in
2368 1472 2646 1526 Christum
2682 1470 2941 1539 baptizati
2978 1485 3191 1529 sumus,
3225 1485 3424 1524 secun-

163 1570 313 1623 θεϊον
355 1566 699 1629 ’Λπόστολον,
732 1566 969 1635 Χριστὸν
1005 1567 1352 1639 ὲνδεδύμεθα,
1394 1569 1639 1638 δηλονότι
1688 1566 1748 1631 ἐξ

162 1660 386 1730 ἡμέρας
406 1660 497 1711 καὶ
519 1656 666 1727 ὥρας
693 1657 787 1710 τοῦ
806 1658 949 1711 θείου
969 1658 1369 1728 βαπτίσματος.
1396 1658 1599 1723 Ἐξαπέ
1608 1675 1749 1710 στει-

161 1751 260 1805 λεν
288 1751 316 1804 ό
344 1750 499 1813 Θεὸς,
530 1752 680 1820 φησὶ,
706 1750 767 1802 τὸ
793 1750 1018 1820 Πνεῦμα
1046 1752 1139 1803 τοῦ
1173 1751 1305 1804 Υίοῦ
1337 1750 1503 1805 αὑτοῦ
1536 1752 1595 1803 ὲν
1625 1752 1748 1814 ταῖς

163 1844 417 1915 καρδίαις
438 1841 597 1912 ήμῶν
624 1841 845 1912 κράζον-
887 1841 1330 1913 ἈϐϐᾶοΠατὴρ,
1348 1846 1443 1897 καὶ
1468 1842 1621 1907 αὐτὸ,
1640 1859 1747 1911 φη-

164 1934 246 1998 σὶ,
274 1934 335 1987 τὸ
369 1936 594 2002 Πνεῦμα
625 1937 1013 2003 συμμαρτυρεῖ
1040 1934 1115 2005 τῷ
1150 1934 1418 2005 πνεύματι
1450 1934 1629 2005 ἡμῶν,
1665 1933 1748 1986 ὅτι

163 2025 339 2096 ἐσμὲν
365 2026 529 2079 τέκνα
554 2024 710 2088 Θεοῦ,
731 2026 780 2077 εἰ
802 2025 855 2078 δὲ
879 2026 1042 2078 τέκνα
1063 2026 1156 2078 καὶ
1176 2026 1524 2098 κληρονόμοι,
1549 2027 1749 2097 κληρου

161 2114 321 2181 νόμοι
339 2112 438 2182 μὲν
454 2112 610 2175 Θεοῦ,
638 2112 1073 2183 συγκληρονόμοι
1094 2113 1151 2166 δὲ
1170 2113 1427 2184 Χριστοῦ.
1458 2114 1520 2166 El
1545 2115 1746 2177 τοίνυν,

160 2205 460 2271 ὲπιφὰσκει
483 2205 511 2256 ὁ
540 2203 876 2273 θεοφάντωρ·
909 2203 1145 2273 Χριστὸν
1166 2203 1536 2274 ὲνεδυσάμεθα
1561 2204 1625 2257 ἐκ
1657 2202 1750 2273 βα-

161 2292 491 2363 πτίσματος,
526 2295 619 2347 καὶ
652 2293 886 2362 Χριστὸς
932 2293 1138 2363 Ἰησοῦς
1177 2296 1316 2347 οἰκεῖ
1362 2295 1419 2347 ὲν
1465 2296 1617 2364 ἡμῖν,
1655 2294 1749 2347 xui.

159 2383 464 2455 ἀρραϐῶνα
500 2382 816 2452 Πνεῦματος
859 2382 1015 2450 ἁγίου
1060 2384 1159 2453 τῆς
1192 2383 1496 2455 μελλούσης
1528 2385 1748 2437 αἰωνίου

163 2472 315 2542 ζωῆς
344 2473 632 2543 ὶλὰὁομεν,
661 2474 755 2525 καὶ
783 2469 953 2540 οἶκος,
986 2474 1059 2536 ὡς
1082 2474 1209 2544 ἔφη,
1237 2476 1337 2545 τῆς
1365 2477 1751 2545 προσκυνητῆς

162 2569 263 2619 καὶ
293 2566 454 2634 ἁγίας
482 2567 710 2637 Τριάδος
745 2566 1069 2637 γεγόναμεν·
1106 2567 1160 2620 τί
1192 2567 1275 2621 δεῖ
1306 2569 1457 2639 ἡμᾶς
1485 2567 1745 2638 ποιῆσαι;

163 2660 265 2712 καὶ
294 2658 409 2721 πῶς
434 2659 492 2712 ἐν
523 2658 674 2729 φόϐῳ
710 2660 804 2711 καὶ
837 2659 1028 2729 τρόμῳ
1057 2660 1157 2731 τὴν
1178 2660 1335 2730 ἡμῶν
1362 2659 1543 2713 αὐτῶν
1571 2677 1748 2731 σωτη-

167 2750 297 2820 ρίαν
346 2748 809 2818 κατεργὰζεσθαι,
844 2750 933 2803 ῐνα
968 2749 1042 2820 μὴ
1077 2750 1199 2803 ἀντὶ
1225 2751 1375 2803 οίκου
1410 2749 1569 2815 Θεοῦ,
1602 2747 1751 2814 οἶκος

1847 1567 1977 1620 dum
2032 1566 2282 1621 divinum
2338 1564 2703 1632 Apostolum,
2763 1561 3040 1615 Christum
3103 1560 3424 1623 induimus,

1849 1660 2059 1715 scilicet
2118 1675 2148 1713 a
2194 1660 2283 1713 die
2337 1666 2393 1712 et
2451 1658 2583 1710 hora
2636 1655 2805 1709 divini
2860 1655 3229 1724 baptismatis.
3284 1654 3429 1709 Eliisit

1850 1751 2014 1814 Deus,
2068 1751 2263 1821 inquit,
2324 1749 2582 1817 Spiritum
2630 1746 2750 1800 Filii
2805 1748 2891 1801 sui
2938 1747 2993 1799 in
3037 1745 3199 1799 corda
3243 1754 3426 1798 nostra

1849 1843 2172 1897 clamantem
2205 1860 2219 1896 :
2252 1841 2424 1905 Abba,
2457 1839 2640 1894 Pater.
2672 1839 2737 1892 Et
2787 1837 2901 1907 ipse
2936 1835 3192 1906 Spiritus,
3227 1836 3426 1904 inquit,

1853 1934 2223 1989 testimonium
2274 1931 2453 1985 reddit
2502 1928 2721 2000 spiritui
2775 1938 2985 1988 nostro,
3044 1926 3189 1996 quod
3238 1941 3431 1980 sumus

1851 2026 1945 2081 ﬁlii
1993 2024 2107 2081 Dei.
2172 2025 2229 2080 Si
2265 2033 2448 2079 autem
2484 2022 2576 2076 ﬁlii
2617 2030 2671 2075 et
2704 2019 2981 2083 haeredes;
3031 2010 3272 2081 hicn-des
3312 2018 3434 2086 qui-

1830 2108 1971 2174 dem
2024 2117 2138 2181 Dei,
2191 2115 2505 2171 cohzeredes
2555 2122 2737 2167 autem
2788 2110 3013 2166 Christi.
3055 2110 3110 2163 Si
3152 2110 3337 2179 igitur,
3372 2118 3434 2162 ut

1851 2212 1989 2265 dixit
2037 2209 2132 2264 Dei
2183 2222 2364 2279 praeco
2393 2247 2407 2272 ,
2455 2207 2733 2262 Christum
2786 2204 3065 2258 induimus
3112 2200 3206 2271 per
3253 2203 3422 2270 bapti-

1852 2317 2033 2358 smum
2056 2342 2070 2365 ,
2104 2309 2158 2354 et
2187 2299 2446 2354 Christus
2476 2296 2637 2352 Jesus
2688 2297 2741 2350 in
2775 2295 2932 2349 nobis
2976 2293 3272 2356 inhabitat,
3309 2303 3364 2347 et
3404 2310 3434 2348 a

1853 2390 2057 2463 Spiritu
2097 2402 2288 2447 sancto
2320 2390 2518 2445 futurae
2550 2405 2611 2444 ac
2645 2397 2865 2443 aeternae
2909 2387 3035 2441 vitae
3081 2386 3307 2455 pignora
3346 2400 3439 2440 ac-

1854 2485 2132 2554 cepimus,
2172 2492 2228 2539 et
2263 2481 2634 2536 habitaculum
2673 2481 2851 2534 effecti
2902 2494 3095 2533 sumus
3145 2477 3438 2531 adoranda:

1850 2583 1905 2631 et
1923 2586 2124 2631 sancta:
2154 2574 2442 2630 Trinitatis
2461 2615 2476 2638 ,
2510 2573 2641 2642 quid
2668 2572 2852 2627 facere
2878 2570 3182 2626 debemus?
3207 2578 3260 2625 et
3294 2585 3437 2639 quo-

1854 2666 2019 2721 modo
2053 2665 2107 2719 in
2141 2674 2288 2721 metu
2319 2674 2373 2719 et
2410 2660 2646 2719 tremore
2677 2662 2910 2717 salutem
2950 2668 3193 2714 nostram
3241 2674 3437 2726 opera-

1852 2758 1921 2823 ri,
1979 2771 2045 2812 ne
2097 2771 2198 2826 pro
2231 2756 2395 2810 domo
2443 2755 2558 2816 Dei,
2619 2754 2818 2808 domus
2867 2750 3069 2804 diaboli
3104 2749 3438 2803 elliciamur?

162 2840 413 2894 διαὸόλου
456 2842 615 2896 πάλιν
645 2841 970 2913 γενώμεθας
1001 2842 1066 2894 Τί
1096 2842 1151 2895 δὲ
1175 2842 1323 2907 ἄλλο,
1360 2842 1392 2912 ἢ
1439 2844 1750 2913 μιμητικῶς

1858 2846 1995 2912 Quid
2047 2858 2228 2902 autem
2277 2846 2457 2907 aliud,
2506 2844 2610 2900 nisi
2660 2845 2716 2898 in
2768 2843 2878 2897 vita
2923 2851 3111 2896 nostra
3159 2841 3439 2894 Christum

163 2934 226 2985 ὲν
256 2932 354 3003 βίῳ
405 2932 625 3003 Χριστῷ
647 2934 996 3000 ἀκολουθεῖν;
1030 2934 1095 2987 Τί
1127 2930 1219 2988 οῦν
1244 2934 1525 3004 εἰπωμεν;
1554 2936 1635 2989 ὅτι
1660 2935 1751 2988 τὸν

162 3027 391 3082 ὄπισθεν
426 3028 665 3100 Χριστοῦ
701 3029 1027 3100 πορεύεσθαι
1079 3030 1362 3101 μέλλοντα,
1394 3030 1750 3101 ἀναχωρῆσαι

164 3121 263 3172 καὶ
298 3118 675 3183 ἀποτάξασθαι
719 3120 800 3173 δεί
842 3120 918 3192 τῷ
968 3120 1160 3190 κόσμῳ
1202 3119 1396 3189 τούτῳ.
1443 3120 1574 3173 Ἰδοὺ
1620 3137 1752 3191 ’προ⁴

164 3212 428 3281 αλήερατε
473 3211 634 3264 τοῦτο
685 3213 930 3281 ποιῆσαι.
978 3211 1140 3264 Ἀλλὰ
1185 3212 1448 3280 εἴπωμεν,
1484 3212 1565 3264 ὅτι
1600 3210 1752 3275 ξένος

163 3300 270 3370 τῆς
304 3302 497 3355 ἑαυτοῦ
538 3302 795 3373 πατρίδος
846 3303 940 3355 καὶ
971 3302 1142 3371 φίλων
1182 3303 1278 3355 καὶ
1307 3302 1507 3370 γονέων
1547 3302 1750 3371 ὀφείλει

165 3393 421 3461 γενέσθαι
451 3411 534 3457 τις
572 3394 966 3464 διὰ“Χριστόν;
1012 3394 1142 3447 Ἰδοὺ
1184 3395 1281 3448 καὶ
1325 3393 1484 3447 τοῦτο
1524 3394 1753 3457 ἕκαστος

164 3482 202 3551 ἡ
214 3480 326 3550 μῶν
354 3483 654 3551 πεποίηκεν
674 3498 688 3511 ο
724 3483 861 3536 ἀλλὰ
882 3486 1000 3546 ταῖς
1034 3487 1367 3553 προσευχαῖς
1406 3501 1753 3555 προσκαρτε-

170 3574 285 3642 ρεῖν
314 3572 454 3640 ὑμᾶς
484 3574 911 3645 ὑπομνήσωμεν,
944 3575 1039 3627 καὶ
1071 3577 1128 3626 ὲν
1161 3575 1409 3645 Γραφαῖς
1443 3575 1625 3644 ἁγίαις
1658 3576 1753 3643 ὲγ-

166 3664 547 3733 γυμνάζεσθαι
569 3682 582 3730 ;
614 3654 762 3718 ’Ἰδοὺ
793 3666 974 3734 χάριτι
1002 3665 1239 3735 Χριστοῦ
1262 3666 1328 3718 δι’
1352 3666 1638 3735 ἀσκήσεως
1660 3666 1755 3718 αὑ-

164 3755 291 3816 ταῖς
324 3754 725 3823 ὲνδιατρίὸετεο
775 3756 872 3808 καὶ
916 3759 981 3827 τῇ
1030 3756 1351 3828 φιλαδελφίᾳ
1394 3758 1488 3810 καὶ
1536 3758 1753 3827 ὑπακοῇ

164 3841 247 3913 τῷ
276 3841 516 3913 Χριστῷ,
549 3843 777 3915 διαδόχῳ
807 3844 882 3907 ὡς
917 3844 1067 3915 αὐτῷ
1093 3844 1273 3908 καλῶς
1304 3861 1368 3914 γε
1409 3847 1468 3899 ὲν
1490 3845 1758 3898 ταπεινώ-

118 3952 127 3963 ·
155 3948 254 3985 Δσει
280 3933 645 3999 ὑπακούοντες
672 3934 767 3987 καὶ
798 3934 1254 4004 ὑποταττόμενοι.

258 4046 416 4099 Ἀλλὰ
446 4048 582 4118 πρὸς
616 4051 726 4111 τοῖς
757 4047 939 4112 ἄλλοις
968 4047 1124 4118 ἡμῶν
1148 4049 1207 4101 ἐν
1228 4046 1449 4119 Χριστῷ
1476 4050 1756 4121 ἀνδραγα·

1851 2937 2006 3007 sequi
2061 2952 2125 2992 ac
2168 2936 2411 2991 imitari?
2439 2935 2579 3001 Quid
2636 2935 2802 3006 igitur
2848 2932 3133 2988 dicemus?
3165 2930 3304 2998 Quia
3346 2934 3436 3003 qui

1851 3027 2133 3083 Christum
2164 3027 2321 3096 sequi
2349 3026 2489 3089 vult,
2524 3025 2671 3080 hunc
2700 3023 2967 3078 mundum
3006 3023 3317 3092 relinquere
3348 3022 3444 3078 de-

1851 3119 1945 3175 bet
1992 3130 2046 3176 et
2095 3120 2146 3174 ei
2193 3119 2528 3174 renuntiare.
2561 3106 2702 3173 Ecce
2754 3116 3070 3186 hujusmodi
3102 3124 3185 3170 est
3216 3130 3446 3170 conver-

1854 3213 1997 3267 satio
2050 3221 2261 3267 vestra.
2314 3211 2507 3266 Nonne
2566 3211 2815 3266 dicemus
2855 3210 2982 3279 quia
3028 3220 3250 3278 propter
3288 3205 3447 3262 Chri-

1852 3314 1996 3361 stum
2053 3305 2363 3375 relinquere
2421 3311 2636 3373 oportet
2689 3303 2947 3373 patriam,
2998 3302 3341 3371 propinquos
3392 3309 3447 3355 et

1857 3396 2106 3451 amicos?
2133 3395 2275 3451 Ecce
2312 3397 2416 3450 hoc
2461 3396 2629 3450 etiam
2662 3394 3045 3464 unusquisque
3087 3401 3334 3447 nostrum
3366 3392 3446 3447 fe-

1855 3488 1944 3543 cit.
1972 3486 2467 3542 Memorabimusne
2533 3487 2598 3541 de
2648 3485 3057 3555 perseverantia
3087 3484 3139 3538 in
3176 3485 3444 3549 oratione,

1855 3580 1922 3634 de
1937 3581 2332 3635 exercitatione
2358 3580 2413 3634 in
2440 3579 2741 3648 Scripturis
2770 3578 2986 3634 sacris?
3019 3576 3157 3632 Ecce
3188 3594 3281 3647 per
3311 3592 3443 3646 gra-

1855 3674 1984 3731 tiam
2025 3674 2230 3729 Christi
2263 3675 2346 3729 his
2391 3674 2711 3729 incumbitis
2756 3683 2810 3727 et
2842 3672 3266 3727 conversamini.
3301 3672 3447 3725 Cha-

1856 3767 2073 3822 ritatem
2110 3765 2415 3821 fraternam
2460 3776 2514 3821 et
2544 3765 2763 3820 Christo
2803 3764 3197 3830 subjectionem
3230 3779 3449 3819 exerce-

1857 3859 1949 3923 tis,
1983 3859 2037 3912 in
2071 3859 2385 3913 humilitate
2415 3874 2538 3927 qua:
2583 3857 2873 3927 praedictas
2902 3857 3133 3911 virtutes
3173 3856 3448 3926 sequitur,

1858 3949 2186 4006 obedientes
2214 3957 2270 4005 et
2298 3950 2554 4019 subjecti.

1934 4068 2042 4124 Sed
2079 4084 2204 4123 cum
2237 4069 2361 4123 aliis
2397 4068 2603 4123 nostris
2635 4068 2689 4121 in
2717 4067 2940 4123 Christo
2974 4068 3236 4138 prarclare
3261 4066 3449 4137 gestis,

167 4137 398 4209 ϐήμασι,
430 4137 510 4190 δεῖ
534 4139 628 4191 καὶ
654 4141 721 4209 τῇ
761 4138 929 4208 κακίᾳ.
968 4141 1025 4193 ὲν
1056 4141 1338 4208 λογισμοῖς
1366 4139 1633 4208 πονηρίας
1662 4140 1754 4192 καί

1861 4157 2165 4213 cavendum
2218 4167 2302 4212 est
2354 4172 2422 4212 ne
2475 4165 2685 4212 secreto
2740 4137 3007 4211 malitiam
3057 4156 3451 4226 cogitationum

168 4230 555 4307 αίσχρότητος,
597 4229 670 4300 μὴ
702 4230 1023 4295 συνδυάςειν
1070 4231 1128 4282 ὲν
1159 4230 1238 4301 τῷ
1276 4230 1522 4302 κρυπτῷ.
1566 4232 1755 4284 Ἔστιν

168 4318 263 4376 οὖν
292 4323 479 4392 νοητὸς
504 4323 633 4375 πόλε
644 4340 739 4393 μσς
766 4325 823 4375 ὲν
856 4324 988 4393 ἡμῖν
1012 4324 1196 4386 αὑτοῖς
1230 4323 1322 4376 τοῦ
1365 4308 1626 4395 αἰσθητοῦ
1656 4341 1757 4394 χα-

169 4413 501 4485 λεπώτερος,
526 4415 585 4468 ὃν
612 4417 661 4467 εἰ
690 4418 804 4477 τοῖς
835 4418 933 4486 τῆς
966 4414 1250 4484 ὑποταγῆς
1273 4415 1427 4484 ὑμῶν
1455 4415 1639 4480 ἄθλοις
1664 4418 1754 4471 καί¹

170 4509 545 4579 προαιρέσεως
611 4508 808 4577 αἵμασι
857 4509 959 4582 καὶ
1018 4509 1182 4563 αὑτὸν
1230 4508 1630 4581 κατορθώσετε,
1681 4512 1757 4575 ὼς

171 4598 458 4669 φωστῆρες
489 4597 796 4668 φανήσεσθε
843 4598 1002 4666 λόγον
1044 4598 1191 4669 ζωῆς
1234 4599 1469 4669 ἔχοντες,
1502 4600 1756 4667 ἀνύοντες

168 4687 233 4741 τὸ
256 4687 356 4757 τῆς
390 4689 749 4759 συνειδήσεως
779 4690 1103 4761 μαρτύριον.
1139 4691 1350 4763 Ὠσπερ
1382 4691 1495 4763 γὰρ
1523 4695 1616 4746 ἐπὶ
1642 4694 1755 4747 τῶν

176 4781 434 4853 ἰατρικῶν
486 4783 815 4851 φαρμάκων,
872 4785 977 4836 εἰσί
1017 4784 1117 4853 μέν
1159 4801 1281 4838 τινα
1321 4785 1653 4856 προσφάτως
1699 4787 1761 4839 τὸ

176 4874 336 4942 σῶμα
359 4874 746 4945 ὑπερείδοντα,
785 4875 949 4945 ἕτερα
988 4876 1043 4928 δὲ
1080 4875 1343 4939 πολλάκις
1375 4877 1539 4947 μέχρι
1568 4878 1757 4941 τέλους

175 4964 426 5027 ὑπόθεσις
446 4966 748 5036 εὐημερίας
772 4966 921 5034 αὑτῴ
942 4966 1228 5037 γινόμενα,
1249 4966 1392 5021 οὑτω
1410 4960 1473 5037 γε
1498 4970 1603 5039 χρὴ
1622 4971 1761 5021 νοεῖν

1863 4260 2157 4321 pravarum
2203 4257 2297 4302 aut
2342 4249 2582 4318 turpium
2636 4248 2991 4303 misceamus.
3047 4248 3140 4302 Est
3187 4247 3354 4316 igitur
3399 4246 3451 4300 in

1864 4345 2021 4400 nobis
2070 4344 2202 4413 ipsis
2248 4342 2449 4397 bellum
2498 4342 2781 4411 spirituale
2829 4352 2883 4396 et
2926 4343 3181 4397 sensuale
3235 4342 3454 4411 quidem

1866 4435 2106 4505 gravius,
2145 4432 2290 4503 quod
2328 4432 2419 4487 ubi
2454 4447 2549 4487 vos
2590 4433 2917 4487 obedientize
2966 4434 3362 4488 certaminibus
3404 4442 3458 4488 et

1867 4526 2053 4581 animo
2085 4524 2169 4579 vel
2193 4526 2259 4578 ad
2291 4524 2460 4577 vitam
2491 4522 2907 4579 sacrilicandam
2934 4533 3124 4593 parato
3146 4523 3211 4577 ad
3252 4524 3455 4577 bonum

1866 4616 2031 4672 ﬁnem
2060 4616 2453 4688 perduxeritis,
2485 4614 2738 4671 lucebitis
2764 4625 2822 4670 ut
2850 4614 3164 4678 luminaria,
3194 4616 3458 4670 habentes

1864 4710 2094 4766 verbum
2148 4710 2315 4775 vitm,
2376 4709 2738 4779 impetrantes
2801 4707 3153 4762 conscientia:
3209 4708 3459 4761 testimo-

1862 4803 2038 4858 nium.
2090 4800 2568 4869 Quemadmodum
2618 4801 2765 4855 enim
2829 4801 3171 4855 medicorum
3219 4800 3460 4854 remedia

1868 4892 1977 4946 alia
2015 4890 2237 4961 quidem
2267 4902 2470 4961 ecrpus
2505 4897 2836 4955 sustentant,
2864 4890 2972 4944 alia
3002 4897 3183 4944 autem
3214 4904 3358 4959 smpe
3392 4889 3457 4943 ad

1873 4983 2035 5038 ﬁnem
2067 5000 2241 5052 usque
2278 4984 2477 5038 bonam
2512 4984 2562 5037 ei
2603 4984 2970 5039 valetudinem
3006 4990 3354 5043 conservant,
3387 4981 3460 5035 ita

174 5056 269 5108 καὶ
311 5058 404 5107 ἐπὶ
443 5057 550 5109 τῶν
590 5055 713 5109 κατ’
741 5057 1025 5112 εὐσέϐειαν
1059 5057 1373 5130 ἁσκητικὼν
1407 5060 1756 5131 σπουδασμά-

1876 5075 2040 5128 etiam
2065 5074 2415 5129 statuendum
2446 5083 2530 5128 est
2560 5074 2627 5129 de
2653 5074 2910 5129 asceticis
2938 5073 3158 5143 pictatis
3189 5072 3462 5125 exercita-

175 5163 300 5211 των,
338 5146 446 5199 τῶν
478 5164 539 5200 τε
571 5148 711 5201 κατὰ
740 5148 864 5202 νοῦν
892 5150 1151 5220 κρυπτῶς
1175 5151 1629 5221 ἐπιτελουμένων,
1662 5153 1758 5205 καὶ

176 5238 232 5291 ὲν
268 5238 514 5307 σώματι’
554 5240 647 5292 καί
680 5257 793 5310 μοι,
838 5242 993 5311 φησὶ,
1045 5242 1130 5304 τὶς
1169 5242 1408 5312 ἐργάτης
1450 5244 1542 5296 τὸν
1576 5244 1642 5296 δι’
1674 5242 1709 5297 ἃ
1741 5244 1769 5297 ό

176 5330 332 5398 λόγος
364 5332 451 5384 ἐπ’
481 5331 655 5385 ἑλπίδι
684 5329 827 5397 εἷπε,
862 5334 943 5386 δεί
971 5334 1062 5386 τδν
1087 5335 1184 5404 τῆς
1218 5336 1271 5387 εἰ
1285 5334 1499 5398 σεὸείας
1527 5338 1768 5407 ἐργάτην

177 5424 389 5495 τρέχειν
411 5442 424 5456 ·
458 5426 552 5477 καὶ
580 5428 722 5479 κατὰ
753 5426 952 5480 σκοπὸν
986 5426 1209 5481 διώκειν
1245 5430 1394 5498 ἐννῷ
1421 5428 1511 5481 τοῦ
1549 5430 1770 5495 τελείως

179 5518 277 5584 τὴν
304 5516 396 5571 τοῦ
428 5517 563 5570 Θεοῦ
603 5519 827 5589 μνήμην
858 5521 915 5573 ὲν
943 5519 1144 5591 καρδίᾳ
1186 5520 1379 5593 ὥσπερ
1413 5527 1767 5595 μαργαρίτην

179 5603 378 5676 ηλίθον
407 5605 586 5681 τίμιον
617 5605 946 5678 θησαυρίσαι
970 5625 983 5640 ο
1020 5612 1111 5663 καὶ
1146 5612 1251 5687 χρὴ
1295 5614 1469 5668 πάντα
1496 5615 1757 5685 προέσται

250 5766 325 5836 (Ι)
367 5763 501 5824 Cod.
540 5764 677 5823 Nan.
716 5782 764 5836 p.
813 5764 928 5825 I85.

1874 5166 2140 5228 tionibus.
2176 5167 2291 5221 sive
2320 5166 2388 5220 ad
2435 5165 2656 5219 intimos
2712 5165 2883 5219 animi
2921 5180 3195 5229 recessus,
3238 5164 3353 5219 sive
3397 5162 3463 5217 ad

1872 5273 2074 5328 corpus
2134 5264 2404 5327 spectent.
2472 5256 2542 5311 Et
2601 5254 2851 5326 proiecto
2912 5255 3187 5310 asceticus
3242 5256 3464 5323 quidam

1874 5347 2009 5402 mihi
2040 5347 2197 5412 dixit,
2224 5346 2688 5417 quemadmodum
2718 5346 3004 5417 Scriptura
3030 5360 3186 5401 sacra
3218 5360 3317 5401 nos
3346 5361 3469 5414 spe-

1876 5448 1999 5488 rare
2056 5434 2231 5503 jubet,
2280 5433 2353 5488 ita
2415 5435 2577 5488 etiam
2645 5434 2865 5503 pietatis
2923 5434 3189 5488 cultorem
3246 5448 3468 5487 currere

1872 5524 2091 5587 debere,
2123 5524 2195 5579 ita
2240 5526 2463 5596 quidem
2499 5534 2557 5579 ut
2585 5524 2706 5593 ejus
2749 5526 2936 5579 animo
2968 5534 3237 5595 perpetuo
3266 5537 3470 5592 scapus

1872 5619 2213 5684 obversetur,
2248 5618 2339 5673 hei
2381 5618 2701 5673 uicinoriam
2754 5618 2830 5672 uti
2875 5619 3229 5689 margaritam
3274 5617 3357 5671 vel
3390 5617 3471 5670 la-
