4092 6438
158 412 287 478 13⁸17

1134 405 1329 468 ΥΙΤΑ.
1365 434 1432 442 -
1463 405 2063 468 COMMENTARIUS
2105 408 2474 470 ΡΒίΕνιυει.

3279 413 3415 487 i373

159 522 289 575 Nam
331 528 385 574 et
430 517 816 589 Theophanes,
866 516 918 572 ln
958 516 1158 575 tabulis
1214 520 1522 589 prapositis
1572 534 1746 573 annos
1775 525 1822 579 Α
1851 518 2013 584 lar-io,
2042 520 2291 585 cedebat,
2321 518 2701 575 consulendus
2724 528 2806 575 est
2832 518 3099 591 Georgius
3123 520 3322 595 Cur-op.
3352 528 3422 580 de

158 612 301 667 sedis
337 611 402 665 21
459 615 733 674 numerat,
771 613 825 662 et
857 607 925 662 ad
956 622 1086 661 ann.
1128 607 1161 660 4
1191 606 1404 676 imperii
1449 606 1737 675 Nicephori

157 703 257 757 ista
281 702 445 755 tradit
475 719 488 755 :
522 718 541 752 ι
578 700 693 756 Hoc
721 714 887 765 anno,
919 713 1106 753 mense
1132 698 1291 752 Febr.
1317 699 1405 753 die
1428 699 1521 762 25,
1548 697 1736 753 indict.

164 794 253 858 14,
289 792 552 847 Tarasius
584 792 969 849 sanctissimus
997 790 1318 846 Patriarclra
1349 789 1740 846 Constantino-

157 889 433 956 politanus
463 886 698 957 gloriose
742 884 889 939 diem
922 885 1127 939 clausit
1172 892 1497 947 extremum,
1531 892 1584 936 et
1629 882 1769 961 ela-_

160 988 271 1033 tum
303 988 388 1034 est
430 993 630 1048 corpus
659 978 780 1048 ejus
814 978 879 1031 ad
916 976 1123 1030 Fauces
1155 974 1337 1041 Ponti,
1369 984 1423 1029 et
1455 976 1507 1028 in
1555 990 1740 1028 mona-

161 1070 346 1133 sterio,
382 1070 530 1139 quod
566 1068 683 1136 ipse
714 1074 1125 1130 construxerat,
1157 1073 1349 1135 quarta
1386 1063 1519 1117 feria
1552 1064 1740 1134 prima

160 1157 486 1227 jejuniorum
514 1155 869 1210 hebdomadis
898 1155 1198 1224 sepultrrm.
1233 1154 1295 1208 Et
1320 1167 1510 1206 mense
1542 1153 1735 1223 Aprili.

160 1249 244 1303 die
290 1248 646 1312 duodecima,
702 1263 900 1316 magna
949 1246 1127 1301 sancti
1183 1235 1408 1302 Pascha
1456 1247 1738 1302 Domirriea

175 1350 511 1395 .onsecratus
570 1348 653 1394 est
688 1339 1075 1394 sanctissimus
1108 1340 1419 1408 patriarcha
1473 1340 1743 1407 Nicepho-

159 1446 270 1486 rus.
304 1451 323 1483 ι
355 1432 481 1485 Haec
507 1431 603 1493 ibi,
635 1446 761 1499 qua
808 1431 991 1485 omnia
1022 1431 1285 1501 praelare
1321 1431 1653 1485 conveniunt
1685 1430 1739 1482 in

160 1538 303 1576 anno
336 1521 540 1576 Christi
574 1521 678 1575 806
731 1536 841 1590 quo
885 1522 1014 1575 anui
1064 1522 1470 1591 patriarchatus
1520 1523 1640 1591 ejus
1669 1522 1741 1574 2‘2

159 1614 292 1667 alter
321 1613 495 1666 solum
539 1612 747 1666 mensis
787 1612 991 1665 fluebat
1036 1629 1049 1665 :
1086 1613 1340 1682 idemque
1382 1624 1499 1667 erat
1532 1614 1738 1681 imperii

159 1703 448 1772 Niceplrori
479 1719 654 1758 annus
684 1712 932 1773 qrrartus,
964 1705 1057 1773 qui
1083 1706 1345 1759 nimirum
1387 1705 1578 1759 eodem
1611 1715 1743 1760 teste

161 1792 510 1860 Theophane,
550 1812 567 1844 ι
608 1795 947 1864 tyrannidem
986 1795 1261 1849 adversus
1296 1794 1506 1850 lrenem
1556 1796 1743 1865 piissi-

160 1901 304 1940 mam
332 1886 632 1941 concitavit
671 1886 759 1942 die
790 1888 849 1941 5|
887 1888 1141 1951 Octobr.,
1165 1887 1353 1942 indict.
1387 1890 1739 1953 undecima,»

162 1986 274 2031 tum
315 1978 528 2032 scilicet
567 1987 778 2047 coepta,
825 1992 970 2030 anno
1020 1977 1225 2033 Christi
1275 1979 1400 2034 802.
1447 1980 1563 2034 Jam
1618 1996 1747 2033 vero

160 2069 303 2121 dicto
338 2082 481 2120 anno
513 2067 617 2121 806
657 2067 811 2137 cyclo
845 2067 977 2120 solis
1008 2068 1063 2131 5,
1095 2068 1235 2120 luna:
1259 2068 1313 2131 9,
1349 2068 1529 2121 littera
1566 2068 1748 2122 Durni-

164 2160 326 2213 nicali
353 2158 413 2222 Ι),
443 2142 653 2214 Pascha
684 2160 1015 2213 celebratum
1050 2157 1149 2211 fuit
1176 2159 1241 2211 12
1270 2159 1493 2228 Aprilis,
1523 2176 1631 2228 quo
1661 2161 1748 2215 die

161 2259 384 2304 sanctus
408 2249 772 2320 Nicephorus,
804 2250 872 2303 de
898 2264 1008 2318 quo
1034 2250 1101 2303 l3
1133 2248 1308 2303 Martii
1346 2266 1591 2320 agemus,
1617 2268 1748 2307 con-

161 2351 407 2397 secratus
442 2340 545 2396 fuit
580 2341 906 2411 patriarcha
966 2339 1176 2394 Tarasii
1213 2355 1523 2408 successor,
1550 2351 1605 2396 et
1634 2343 1749 2396 dies

161 2432 447 2497 Cincrum,
505 2448 624 2500 seu,
688 2443 960 2502 ut‘supra
1021 2432 1243 2499 dicitur,
1307 2450 1326 2484 ς
1366 2444 1561 2502 quarta
1617 2433 1749 2488 feria

163 2526 352 2595 prinra
380 2525 715 2595 jejuniorum
744 2524 1120 2587 hebdoruada,
1156 2542 1175 2575 ι
1207 2523 1400 2579 incidit
1420 2525 1472 2577 in
1492 2524 1561 2579 9.5
1590 2524 1747 2581 Febr.

163 2630 311 2679 cum,
348 2624 408 2668 ut
436 2617 567 2668 Acta
599 2613 738 2668 infra
772 2631 825 2668 n.
851 2614 921 2667 52
953 2614 1173 2676 habent,
1212 2631 1230 2663 ι
1267 2612 1470 2666 mensis
1508 2612 1748 2667 Februa-

164 2707 280 2761 rius
313 2706 564 2775 quintum
599 2714 805 2759 teneret
859 2704 1001 2758 diem
1034 2720 1157 2758 cum
1189 2704 1475 2774 quintuplo
1531 2714 1750 2773 quater-

165 2795 328 2851 nione
369 2813 387 2844 ι
450 2809 542 2848 seu
584 2794 773 2862 viginti
821 2792 1060 2847 diebus:
1117 2792 1208 2861 qui
1267 2792 1381 2845 dies
1432 2807 1586 2846 sacro
1633 2792 1752 2860 ejus

164 2888 315 2939 cultu
350 2884 651 2953 permansit
682 2883 934 2937 illustris.
960 2882 1282 2938 Auastasirrs
1303 2884 1355 2936 itr
1386 2883 1577 2959 histor.
1613 2882 1752 2936 scri-

167 2975 270 3037 bit,
310 2992 326 3023 ι
368 2990 441 3026 xit
466 2972 735 3026 Kalendas
773 2970 997 3026 Martias
1021 2972 1245 3037 obiisse,
1286 2990 1305 3022 ι
1340 2988 1449 3040 quo
1476 2971 1565 3024 die
1590 2970 1754 3025 nullis

166 3080 395 3136 prorsus
430 3064 586 3118 fastis
643 3063 948 3131 reperimus
996 3076 1193 3115 nomen
1228 3061 1349 3131 ejus
1405 3062 1749 3129 inscriptum.

169 3157 248 3211 Ex
290 3158 455 3211 aliato
487 3154 735 3223 Theoph.
783 3154 905 3208 loco
952 3152 1170 3207 facilius
1202 3153 1521 3222 intelligitur
1553 3152 1748 3207 Ccdre-
1780 3191 1821 3247 ο

171 3265 299 3311 nus,
335 3248 775 3317 iuterpunctione
825 3247 1031 3314 aliqua,
1062 3261 1183 3315 qua
1237 3246 1290 3299 in
1331 3254 1481 3315 typos
1533 3260 1743 3309 omnes,

169 3341 337 3398 etiarn
401 3339 603 3407 regios,
668 3338 982 3405 irrepserat,
1042 3338 1142 3391 hac
1182 3338 1390 3391 ratione
1420 3338 1748 3390 emendata:

177 3450 198 3482 ι
249 3433 407 3483 Anno
437 3430 469 3483 4
498 3427 757 3483 Tarasius
816 3428 1204 3482 sanctissimus
1244 3427 1752 3498 ;Constantinopo|is

170 3521 503 3591 patriarcha,
554 3520 779 3572 honeste
808 3518 971 3571 vitam
1006 3519 1199 3571 clausit
1236 3532 1251 3569 ε
1288 3519 1640 3587 sepultusque
1671 3527 1754 3571 est

172 3612 230 3665 in
264 3611 613 3673 monasterio,
651 3610 794 3679 quod
842 3611 955 3679 ipse
1001 3618 1344 3662 exstruxerat
1374 3608 1428 3661 in
1462 3610 1747 3678 angustiis,

172 3712 369 3772 quarta
408 3703 493 3756 die
527 3702 716 3770 prima
746 3702 1067 3769 septimana
1085 3699 1442 3768 jejurriorum.
1472 3701 1533 3753 Et
1558 3716 1751 3768 magna

172 3792 460 3846 Dominiea
494 3791 830 3859 Nicephorus
867 3789 1194 3844 sccrctarius
1229 3798 1443 3843 creatur
1471 3790 1753 3844 sanctissi-

174 3899 300 3941 mus
356 3883 685 3953 patriarcha,
719 3890 823 3935 etc.
879 3900 897 3933 ι
940 3880 1034 3934 Est
1092 3889 1269 3933 autem
1318 3897 1335 3929 ι
1384 3888 1578 3948 quarta
1638 3882 1753 3935 dies

173 3976 363 4046 prima
403 3976 716 4043 septimana
755 3971 1111 4040 jejuniorurrr,
1164 3993 1181 4021 ι
1242 3972 1397 4024 nobis
1430 3971 1547 4025 dies
1590 3970 1754 4025 Cine-

174 4082 299 4120 ruur
354 4076 453 4120 :et
498 4085 514 4117 ι
555 4078 749 4131 magna
803 4062 1087 4116 Dominica
1123 4081 1141 4113 ι
1191 4062 1245 4115 in
1292 4078 1398 4130 qua
1440 4064 1753 4118 solenrnitas

178 4157 464 4212 Paschalis
525 4156 822 4225 peragitur.
865 4152 991 4207 Hac
1025 4153 1088 4206 ad
1138 4151 1428 4221 Nicephor.
1461 4153 1495 4205 4
1541 4155 1654 4207 dies
1687 4154 1753 4208 ad

177 4250 467 4303 Tarasium
527 4255 730 4314 spectat
783 4254 1059 4311 :utraque
1111 4244 1433 4298 inconcinne
1492 4244 1754 4300 hactenus

177 4338 391 4392 eratad
447 4334 737 4403 Nicephor.
783 4334 971 4386 relata.
1012 4332 1210 4385 Zonar.
1265 4333 1407 4386 diem
1456 4333 1639 4386 obitus
1680 4334 1752 4387 ita

177 4429 510 4496 cozrsigrrat:
558 4444 575 4476 ι
616 4424 952 4489 Patriarclra,
997 4423 1191 4490 inquit,
1215 4421 1441 4476 Tarasio
1481 4426 1649 4490 prima
1672 4424 1755 4492 je-

1842 607 2036 664 oﬂieiis
2096 609 2302 679 Magna
2357 611 2635 676 ecclesia,
2679 609 3062 668 Notationibus
3096 612 3333 669 Gretseri
3367 626 3422 672 et

1841 700 2004 754 Goari
2054 701 2377 755 illustratus.
2426 699 2674 754 Interfuit
2703 699 2735 752 7
2771 704 3121 758 acnmeuica
3186 707 3417 775 synodo,

1840 791 2033 847 Nicaa
2060 793 2268 858 habita,
2310 793 2574 864 llypatius
2604 791 2799 848 Nieaa
2831 794 3270 866 Bithyniensium
3301 801 3421 867 epi-

1842 899 2071 953 scopus,
2104 886 2191 939 cui
2226 901 2354 938 nuru
2380 885 2620 953 Ignatius
2653 886 2900 955 proxime
2926 892 3274 954 successerit,
3308 906 3416 944 non

1843 974 2028 1042 liquet.
2064 974 2316 1030 Testatur
2368 976 2481 1044 ipse
2514 975 2653 1030 infra
2690 992 2745 1029 η.
2776 976 2849 1030 56
2901 992 2960 1030 se
2986 978 3039 1030 iu
3070 978 3203 1033 flore
3224 982 3424 1049 juven-

1844 1065 1980 1119 tutis
2013 1067 2079 1120 ab
2116 1075 2309 1121 sancto
2347 1066 2574 1121 Tarasio
2621 1069 2978 1122 exercitatum
3014 1068 3183 1124 fuisse
3222 1072 3275 1124 in
3325 1074 3423 1126 tri-

1844 1151 2057 1216 metris,
2126 1154 2457 1208 tetrametris
2480 1192 2496 1219 ,
2543 1156 2838 1211 trochaicis
2873 1172 2938 1212 ac
2976 1159 3326 1227 anapasticis
3360 1178 3423 1216 ac
3467 1202 3480 1217 .

1846 1241 2081 1296 heroicis
2118 1260 2132 1294 :
2169 1252 2225 1297 et
2254 1257 2443 1298 sacras
2470 1244 2591 1312 ejus
2621 1248 2915 1303 conciones
2938 1250 3099 1303 celeri
3120 1252 3422 1308 se‘calamo

1847 1334 2154 1402 excepisse,
2185 1349 2388 1405 easque
2420 1337 2643 1406 optimis
2677 1338 2902 1394 traditas
2957 1343 3319 1411 scriptoribus
3366 1348 3421 1399 in

1842 1426 2086 1480 codicem
2146 1428 2399 1482 retulisse
2431 1444 2445 1493 ;
2473 1438 2525 1482 ct
2560 1445 2614 1482 n.
2656 1429 2745 1495 48,
2795 1444 2854 1485 se
2892 1433 3145 1487 morienti
3181 1436 3425 1491 adfuisse

1844 1516 2070 1571 Tarasio
2138 1520 2343 1573 indicat
2372 1537 2385 1584 ;
2424 1529 2478 1575 et
2512 1538 2566 1573 n.
2602 1521 2654 1585 1,
2688 1522 2941 1590 prafatnr
2968 1538 3025 1578 se
3050 1540 3172 1579 cum
3204 1542 3340 1596 pura
3368 1540 3424 1582 et

1843 1608 2055 1662 sincera
2084 1610 2313 1665 veritate
2345 1611 2397 1663 in
2430 1612 2606 1666 lucem
2644 1615 2827 1676 edere,
2850 1631 2971 1685 qua
3004 1618 3199 1672 viderit
3221 1621 3420 1682 oculis,

1846 1698 2071 1752 auribus
2115 1699 2382 1763 hauserit,
2407 1712 2458 1755 et
2488 1702 2602 1770 ipsa
2634 1706 2844 1758 noverit
2872 1707 3231 1773 experientia.
3271 1709 3424 1763 llam:

1846 1792 2021 1843 sancti
2063 1790 2277 1844 Tarasii
2340 1788 2517 1845 Vitam
2558 1794 2625 1847 ab
2674 1794 2879 1860 lgrratio
2931 1798 3189 1867 scriptam
3241 1801 3307 1853 ad
3354 1801 3425 1855 95

1853 1880 2012 1934 Febr.
2051 1884 2164 1937 suis
2185 1883 2442 1953 operibus
2486 1884 2719 1939 inseruit
2743 1884 3007 1956 Metaphr.
3044 1905 3205 1957 quam
3233 1890 3427 1945 Latine

1852 1972 2047 2027 factanr
2083 1990 2111 2028 a
2149 1974 2418 2029 Gentiano
2449 1974 2684 2031 Herveto
2713 1978 3001 2032 ediderunt
3045 1982 3301 2048 Aloysius
3334 1983 3427 2035 Li-

1849 2079 1995 2133 pom.
2031 2075 2084 2119 et
2119 2064 2377 2120 Laurent.
2423 2066 2551 2122 Sur.
2595 2070 2660 2123 ad
2693 2071 2943 2124 eumdem
2987 2072 3059 2125 25
3102 2071 3264 2128 Febr.
3300 2091 3423 2130 cum

1851 2155 1952 2210 hac
1989 2156 2394 2225 inscriptione:
2436 2177 2453 2210 σ
2492 2157 2685 2228 lgnatii
2726 2162 3003 2226 nrorrachi,
3055 2179 3176 2233 qua
3215 2166 3273 2219 fit
3307 2166 3423 2220 sin-

1850 2246 2077 2316 grrlatim
2101 2248 2375 2318 expositio
2398 2248 2522 2303 vita
2546 2261 2594 2305 et
2622 2253 3014 2307 rrriraeulorum
3050 2254 3105 2309 S.
3130 2258 3189 2311 P.
3222 2254 3288 2310 N.
3322 2256 3425 2311 Ta-

1857 2337 1990 2391 rasii
2038 2336 2429 2410 archiepiscopi
2459 2339 3065 2413 Constantinopolitani.
3100 2363 3119 2396 ο
3157 2343 3352 2401 Verurrr
3380 2351 3424 2402 si

1853 2426 2033 2483 Suida
2064 2428 2196 2484 fides
2239 2432 2565 2497 adhibenda,
2596 2449 2624 2487 a
2664 2434 2769 2487 vita
2806 2438 3102 2491 nronastica
3142 2452 3424 2502 evocatus,

1851 2528 1967 2574 tum
2007 2528 2127 2575 erat
2174 2522 2440 2576 diaconus
2472 2533 2526 2577 et
2559 2521 2810 2579 vasorum
2846 2538 3067 2592 custos,
3111 2541 3203 2585 aut
3245 2533 3427 2601 potius

1856 2613 2307 2682 metropolitanus
2353 2612 2625 2671 Nicarrus.
2690 2616 2864 2672 Vitam
2925 2623 3170 2677 eamdem
3232 2626 3428 2680 damus

1857 2718 2009 2757 more
2055 2714 2245 2757 nostro
2275 2705 2328 2758 in
2362 2708 2540 2776 capita
2582 2718 2634 2764 et
2669 2725 2927 2766 nurrreros
2959 2714 3292 2782 distinctam,
3327 2734 3428 2773 no-

1858 2793 2033 2862 tisque
2064 2794 2407 2849 illustratam.

1924 2883 1978 2935 4.
2014 2882 2223 2936 Colitur
2254 2885 2397 2938 dicto
2433 2886 2502 2941 25
2551 2887 2710 2943 Febr.
2761 2892 2812 2945 in
2863 2893 3097 2950 θηρίον.
3153 2900 3349 2959 Menol.
3395 2919 3427 2959 a

1856 2971 2211 3063 chebrardo
2248 2978 2418 3040 edito,
2453 2979 2665 3050 alioque
2696 2982 2951 3055 llorolog.
2998 3008 3014 3039 ι
3048 2988 3306 3048 Τειι·θ›ίιιδ
3337 3010 3428 3047 ar-

1856 3064 2242 3133 chiepiscopus
2279 3068 2938 3140 (.‘0ustantinopolitanus.
2980 3096 2996 3128 ι
3038 3077 3093 3131 In
3120 3083 3292 3137 altero
3321 3084 3429 3139 Me-

1858 3155 1968 3208 nol.
1986 3171 2014 3207 a
2038 3155 2259 3211 Carrisio
2283 3159 2498 3229 vulgato
2528 3161 2902 3232 hacleguntnr
2928 3185 2941 3221 :
2966 3187 2983 3219 ι
3011 3169 3192 3224 Sancti
3218 3175 3431 3231 Tarasii

1857 3246 2255 3317 archiepiscopi
2309 3248 2930 3320 Constarrtinopolitarra
2970 3260 3137 3323 urbis,
3194 3266 3285 3331 qui
3330 3282 3432 3318 au-

1857 3347 2008 3392 ctore
2041 3340 2288 3393 Adriano
2317 3341 2558 3396 Romano
2589 3350 2839 3413 pontifice
2865 3348 2916 3400 in
2941 3354 3181 3406 secunda
3212 3355 3428 3412 Nicarra

1856 3428 2065 3497 synodo
2096 3433 2367 3499 egregiam
2405 3435 2622 3486 navavit
2652 3450 2870 3503 operam
2898 3476 2913 3500 ,
2958 3441 3023 3493 ad
3055 3446 3428 3501 condemnan-

1856 3520 1979 3573 dam
2035 3520 2249 3574 illortun
2294 3523 2541 3577 haresim
2572 3565 2586 3589 ,
2620 3528 2709 3595 qui
2762 3540 3074 3584 sanctarum
3131 3536 3427 3604 imaginum

1859 3612 2062 3665 cultum
2120 3613 2535 3684 impugnabant.
2576 3636 2594 3668 ι
2660 3616 3020 3687 Syrraxarium
3078 3641 3182 3679 ms.
3238 3626 3428 3685 Menai

1860 3703 2055 3758 Tiliarri
2088 3708 2233 3775 apud
2266 3707 2620 3763 Frarrciscum
2647 3712 2916 3768 Cornbetis
2950 3731 3046 3782 pro
3077 3718 3229 3777 Actis
3258 3731 3429 3778 sexta

1858 3795 2063 3865 Synodi
2098 3812 2147 3850 c.
2179 3813 2216 3859 r,
2256 3796 2282 3867 §
2317 3797 2369 3863 6,
2406 3798 2508 3852 hoc
2529 3814 2652 3852 eum
2680 3805 2929 3856 encomio
2956 3806 3189 3859 celebrat
3217 3827 3231 3862 :
3270 3829 3289 3860 ς
3317 3810 3431 3867 Mc.

1859 3888 2030 3939 moria
2073 3889 2405 3941 sanctissimi
2441 3887 2617 3943 Patris
2680 3892 3105 3951 nostriTarasii
3155 3901 3427 3970 archiepi-

1862 3981 2014 4050 scopi
2040 3982 2650 4052 Constarrtinopolitaui.
2688 3987 2884 4043 Docuit
2913 3992 2954 4043 is
2972 3993 3280 4049 adorandas
3308 4012 3429 4052 esse

1861 4070 2197 4123 \‘errer'abrles
2241 4071 2521 4140 imagines,
2562 4074 2790 4144 ejusque
2830 4094 2992 4146 opera
3034 4084 3214 4151 regale
3254 4085 3428 4154 impe-

1858 4160 1996 4212 rium
2027 4176 2089 4212 ac
2112 4158 2479 4215 Romanorum
2509 4175 2752 4232 potestas
2775 4169 2840 4220 ad
2868 4173 3238 4238 apostolorum
3263 4188 3428 4246 atque

1850 4249 2313 4301 mcunrenicorum
2342 4252 2699 4307 conciliorum
2734 4260 3068 4311 venerandas
3108 4264 3425 4320 traditiones

1865 4336 2203 4403 postliminio
2262 4337 2417 4392 rediit
2477 4357 2490 4391 :
2551 4353 2849 4410 sanctaque
2900 4344 3143 4401 Ecclesia
3197 4356 3424 4420 patriar.

1856 4429 1994 4483 chiis
2046 4429 2302 4484 omnibus
2356 4432 2503 4485 unita
2563 4444 2663 4489 est.
2702 4453 2720 4485 ι
2776 4434 2975 4491 Eadem
3022 4439 3333 4497 referuntur
3370 4446 3425 4500 in

173 4523 459 4592 juniorum
520 4518 855 4573 hebdorrrade
913 4514 1195 4570 defuncto.
1252 4516 1438 4570 Graec
1496 4517 1587 4567 τὸν
1641 4516 1752 4585 βίον
1789 4520 1829 4573 D
1868 4520 2084 4573 excusis
2115 4519 2368 4587 Menaeis;
2404 4523 2761 4593 additurque:
2803 4543 2821 4575 ι
2858 4526 2991 4580 Cum
3025 4546 3154 4599 ergo
3199 4545 3251 4586 ct
3297 4536 3426 4589 reli-

182 4610 580 4683 μετηλ>.αχὸτο;
605 4648 619 4671 ,
655 4618 709 4662 et
731 4608 963 4676 inclytus
985 4605 1318 4673 Nicephorus
1344 4622 1371 4657 a
1396 4608 1617 4660 secretis
1646 4608 1752 4659 Do-

181 4704 383 4771 mipica
448 4700 729 4754 Paschalis
795 4697 1070 4752 communi
1134 4696 1387 4764 suffragio
1447 4700 1751 4766 patriarcha

183 4804 270 4849 est
297 4794 521 4846 electus.
572 4809 591 4841 ι

257 4885 310 4937 3.
364 4881 626 4951 lguatium
688 4874 1050 4947 discipulum,
1129 4880 1372 4945 adeoque
1422 4879 1754 4945 temporibus

183 4976 300 5029 suis
356 4973 641 5040 aqualem,
697 4978 892 5024 nactus
934 4977 1019 5021 est
1056 4984 1085 5020 a
1127 4977 1299 5021 morte
1341 4966 1599 5022 Tarasius
1634 4970 1755 5022 vita

188 5080 307 5120 sua
365 5063 709 5131 scriptorem.
763 5060 1014 5125 Quantus
1058 5059 1137 5109 vir
1180 5058 1268 5110 ille
1305 5057 1484 5129 fuerit,
1518 5060 1755 5127 suggerit

188 5156 389 5210 Suidas
423 5153 508 5206 his
536 5151 715 5205 verbis
750 5168 761 5202 :
794 5168 813 5201 ί
854 5148 1091 5216 lgnatius
1134 5147 1393 5201 diaconus
1422 5157 1475 5200 et
1502 5164 1753 5201 vasorum

187 5255 375 5302 custos
415 5243 621 5311 Magna
660 5240 903 5295 ecclesia
952 5237 1562 5306 Constantinopolitana
1586 5279 1600 5305 ,
1632 5240 1752 5292 dein

191 5341 374 5394 factus
397 5336 627 5390 Nicana
658 5330 1139 5399 metropolitanus;,
1172 5332 1558 5398 grammaticus
1581 5372 1595 5396 ,
1622 5333 1758 5384 scri-

192 5432 303 5501 psit
326 5428 479 5481 Vitas
504 5425 715 5478 Tarasii
749 5433 802 5476 et
832 5421 1120 5489 Necphori
1152 5430 1463 5474 sarrctorunr
1496 5431 1548 5474 et
1574 5422 1754 5474 beato-

188 5537 313 5577 rum
348 5518 807 5589 patriarcharum,
836 5513 1189 5582 Epityurbios,
1228 5510 1436 5579 Elegos,
1464 5511 1752 5578 Epistolas,

189 5613 418 5667 lanrbos
456 5610 507 5661 in
541 5607 807 5659 Thomam
845 5606 1141 5665 Anter-ten,
1191 5612 1243 5656 et
1274 5604 1376 5657 alia
1407 5604 1595 5655 multa.
1632 5623 1649 5652 ι
1687 5604 1757 5657 De

190 5704 457 5773 dignitate
488 5695 908 5766 Scevophylacis
956 5711 1048 5748 seu
1091 5694 1331 5757 custodis
1372 5707 1624 5747 vasorum
1664 5697 1752 5762 qui

196 5806 404 5853 tantum
435 5801 812 5856 aeonomo,et
844 5801 1034 5858 magno
1078 5787 1374 5851 saecli-ario,
1409 5801 1501 5840 seu
1589 5789 1755 5841 sacel—

1855 4612 2003 4680 giose
2028 4611 2273 4674 vixisset,
2295 4623 2345 4665 et
2367 4614 2503 4681 apud
2535 4615 2912 4682 imperatorem
2957 4620 3008 4671 in
3049 4638 3238 4690 magna
3268 4642 3429 4679 vene-

1862 4702 2068 4754 ratione
2099 4714 2276 4765 essct,
2310 4713 2361 4756 et
2401 4704 2708 4758 carrobiirm
2745 4716 2893 4762 trans
2928 4708 3126 4765 fretum
3160 4717 3427 4770 aedificas-

1868 4801 1970 4855 set,
2020 4793 2531 4863 ruultitudirremque
2579 4798 2970 4852 monachorum
3022 4802 3074 4854 in
3120 4819 3184 4855 eo
3224 4810 3428 4861 Consti-

1859 4881 2049 4934 luisset
2069 4922 2084 4945 ,
2121 4885 2445 4951 pauperibus
2470 4900 2686 4954 quoque
2712 4888 3072 4953 subvenisset,
3103 4894 3432 4951 Ecclesium-

1855 4985 1960 5039 qrre
1990 4973 2125 5026 duos
2159 4984 2210 5026 et
2241 4976 2427 5044 viginti
2463 4993 2638 5031 annos
2668 4989 2721 5032 et
2757 4996 2973 5037 menses
3000 4985 3135 5039 durs
3174 4991 3429 5053 praeclare

1860 5061 2319 5124 administrasset,
2367 5066 2417 5117 itr
2452 5081 2582 5133 pace
2614 5068 2780 5121 vitam
2813 5071 3005 5136 finivit,
3039 5075 3089 5126 in
3119 5091 3239 5140 suo,
3279 5080 3424 5145 quod

1858 5148 2133 5212 fundarat,
2192 5155 2523 5207 monasterio
2571 5158 2841 5226 sepultus.
2889 5160 3043 5226 Quod
3083 5164 3146 5215 ad
3179 5170 3425 5233 corporis

1860 5241 2101 5293 habitum
2131 5243 2346 5309 attinet,
2378 5245 2691 5301 simillimus
2709 5262 2821 5303 erat
2844 5249 3108 5320 Gregorio
3125 5252 3424 5326 Theologo,

1859 5342 2053 5399 prater
2110 5334 2363 5413 canitiem
2418 5340 2632 5407 (neque
2683 5342 2827 5394 enim
2882 5345 3016 5395 adeo
3072 5356 3213 5400 totus
3280 5349 3429 5402 inca-

1861 5427 2086 5493 nur-rat)
2144 5437 2195 5480 et
2249 5432 2464 5482 oculum
2513 5432 2690 5487 minus
2740 5451 3013 5499 serenum,
3061 5454 3220 5506 quem
3252 5444 3427 5511 magis

1861 5516 2112 5568 latentem
2156 5518 2406 5573 habebat.
2472 5521 2596 5577 Dies
2638 5526 2781 5579 illitis
2838 5526 3006 5582 festus
3047 5532 3321 5598 peragitur
3369 5535 3425 5589 in

1862 5621 2055 5672 magna
2091 5617 2143 5659 et
2175 5611 2520 5666 sanctissima
2559 5616 2822 5682 Ecclesia,
2859 5634 2876 5667 ι
2917 5635 3037 5686 qua
3076 5621 3281 5673 scilicet
3327 5621 3429 5675 So-

1864 5696 1999 5765 phia:
2039 5702 2475 5766 cognominatur.
2530 5706 2735 5760 Eadem
2787 5709 3041 5778 leguntur
3079 5711 3219 5779 apud
3259 5711 3431 5767 Maxi-

1865 5803 2009 5842 nrum
2063 5788 2401 5859 Cyiheraum
2456 5796 2507 5850 in
2556 5796 2683 5852 Vilis
2726 5799 3043 5855 Sanctorum
3079 5813 3129 5855 ct
3179 5803 3230 5856 in
3281 5816 3427 5861 novo
