4092 6438
176 441 295 510 1381

1095 438 1293 505 ΥΙΤΑ.
1331 458 1401 471 -
1446 430 2049 493 COMMENTARIUS
2080 432 2449 495 PR/EVIUS.

3270 437 3407 507 1382

170 560 367 632 probus
412 555 615 611 ediclar
643 555 689 625 (ι
736 553 864 609 Cor.
896 567 995 617 vn,
1019 552 1150 620 27);
1190 548 1465 621 quomodo
1492 563 1611 618 ego,
1639 548 1732 617 qui
1765 554 1805 609 Α
1836 547 2155 603 beatissimo
2186 549 2493 617 patriarcha
2541 550 3110 623 Corisuntlimpolcos.
3159 554 3321 611 Multa
3352 572 3408 616 et

168 650 220 704 ln
245 646 446 702 mundo
470 654 851 706 conversatus,
879 652 934 698 et
950 657 1074 698 cum
1105 644 1257 696 Iaicis
1284 651 1727 702 connumeralus.

168 740 219 795 in
257 736 619 806 imperatoriis
648 732 1217 788 administrationibus
1236 731 1483 796 militavi,
1511 730 1590 784 sic
1604 730 1728 783 abs-

165 844 265 899 que
317 825 654 896 judicatione
702 833 867 893 atque
943 822 1436 892 circumspectione
1505 834 1726 890 possum

167 919 368 974 insilire
402 917 489 971 'ad
523 915 815 971 sacerdotii
863 912 1333 983 magnitudinem?
1383 911 1726 966 Horrendqu

163 1024 421 1067 conamen
458 1009 524 1062 ad
564 1006 914 1077 exiguitatem
949 1020 1122 1059 meam
1153 1013 1210 1058 et
1238 1004 1583 1059 temerarium
1612 1011 1727 1056 stu-

162 1100 332 1156 dium.
366 1100 548 1153 Causa
594 1111 723 1151 vero
753 1097 966 1150 timoris
993 1106 1046 1149 et
1078 1095 1421 1151 refutationis
1450 1109 1582 1147 mea:
1615 1094 1727 1146 bwc

162 1202 258 1247 est.
292 1189 515 1259 Aspicio
539 1196 594 1243 et
616 1188 773 1241 video
797 1185 1114 1251 Ecclesiam,
1151 1202 1274 1257 qnze
1303 1201 1464 1253 supra
1494 1193 1722 1253 petram,

161 1283 432 1337 Christum
473 1282 758 1335 Dominum
790 1290 1059 1345 nostrum,
1103 1280 1321 1333 fundata
1344 1270 1463 1337 'cst,
1499 1279 1722 1331 scissam

161 1387 301 1427 nunc
332 1383 386 1424 et
418 1372 670 1433 divisam,
703 1381 757 1425 et
784 1387 883 1425 nos
912 1372 1013 1424 alia
1050 1380 1210 1439 atque
1237 1372 1392 1422 aliter
1419 1369 1721 1437 loqui-tiles,

160 1472 211 1516 et
242 1464 396 1515 alter
438 1478 530 1515 eos
558 1462 921 1524 Christianos,
953 1461 1045 1528 qtti
1091 1459 1145 1513 in
1178 1461 1397 1511 Oriente
1436 1461 1596 1511 tutius
1625 1474 1724 1511 no-

160 1554 365 1607 lnscnm
406 1554 525 1605 lldei
555 1562 702 1618 Slllll,
736 1554 829 1606 sed
852 1564 905 1604 et
930 1554 1014 1605 his
1042 1554 1434 1605 concordantes
1463 1550 1724 1602 Occiden-

162 1648 331 1697 tales:
368 1658 468 1697 nos
496 1643 566 1696 ab
589 1644 843 1697 omnibus
892 1644 996 1695 illis
1049 1644 1339 1703 alienatos,
1393 1652 1445 1694 et
1475 1657 1503 1693 a
1541 1655 1598 1693 se
1632 1656 1726 1709 per

159 1735 397 1804 singulos
420 1736 537 1788 dies
566 1735 1074 1788 anatliematizatos.
1116 1733 1239 1785 Dira
1280 1748 1436 1800 pmna
1476 1742 1558 1785 est
1591 1748 1722 1785 ana-

158 1828 357 1891 thema,
394 1828 584 1895 procul
619 1842 651 1880 a
698 1826 807 1879 Deo
837 1826 1056 1887 emittit,
1088 1834 1141 1877 et
1180 1840 1210 1879 a
1250 1841 1415 1895 regno
1458 1827 1719 1879 ctelornm

1832 653 2026 708 magna
2061 639 2401 707 providentia
2448 640 2716 698 Dominus
2754 643 2896 706 Deus
2947 645 3227 699 hominum
3267 650 3407 705 vitas

1831 744 2046 794 regens,
2070 739 2123 783 et
2150 731 2500 798 protrahens.
2527 743 2691 800 atque
2723 746 3046 803 proventum
3073 738 3195 791 vitze
3219 741 3408 794 unius-

1828 820 2094 889 cujusque
2124 822 2371 875 consulte
2399 822 2679 879 deducens
2729 826 2870 893 (sine
2904 829 3022 895 ipso
3050 846 3287 897 namque
3321 829 3406 883 fa-

1828 920 1977 965 ctum
2019 922 2101 965 est
2137 912 2293 975 nihil,
2323 913 2451 982 quia
2496 925 2549 968 et
2578 917 2756 983 capilli
2789 918 2980 985 capitis
3012 922 3178 973 nostri
3213 938 3406 976 nume-

1828 1000 1929 1053 rati
1967 1013 2094 1054 sunt
2118 1002 2217 1069 ei),
2245 1010 2302 1055 et
2334 1016 2420 1056 me
2455 1002 2506 1055 in
2532 1004 2798 1059 laicorutn
2831 1008 3022 1060 ordine
3050 1024 3222 1077 usque
3258 1027 3404 1065 nunc

1825 1104 2305 1155 conuulneratum,
2337 1102 2391 1146 ct
2425 1095 2799 1163 imperialibus
2830 1098 3150 1151 ministeriis
3176 1099 3402 1167 deputa-

1828 1192 1962 1248 tum,
2011 1186 2219 1246 nescio,
2264 1186 2463 1252 quibus
2491 1186 2713 1255 judiciis
2747 1190 2861 1256 ipse
2902 1191 3052 1253 fecit,
3103 1196 3155 1244 in
3216 1193 3402 1246 cathe-

1825 1273 1976 1325 dram
2007 1276 2372 1341 pontiﬁcalem
2401 1277 2600 1340 evmit,
2640 1280 2853 1331 hortatu
2887 1281 3062 1332 valido
3096 1296 3124 1333 a
3161 1283 3401 1337 veritatis

1826 1366 2350 1431 propugnatoribus.
2383 1368 2589 1431 piissim
2620 1384 2644 1421 s
2690 1370 2937 1425 videlicet
2978 1387 3040 1422 ac
3081 1368 3401 1426 orthodoxis

1827 1455 2257 1522 inipcralmibns
2291 1460 2493 1511 nostris
2528 1470 2690 1528 atque
2736 1463 3099 1515 sanctissumis
3133 1464 3401 1530 episcOpis

1825 1555 1918 1591 seu
1950 1543 2164 1596 clericis
2194 1546 2242 1595 in
2273 1562 2356 1595 tne
2390 1548 2652 1602 violenter
2674 1551 2884 1609 vlli-clo,
2921 1553 3005 1603 cui
3039 1555 3401 1606 succumbens

1826 1634 2032 1691 annui,
2089 1644 2144 1687 et
2216 1638 2535 1692 obetlicntiae
2610 1641 2844 1693 frncunn
2924 1648 3007 1694 his
3068 1647 3399 1711 cirpettduni

1825 1724 2096 1777 commisi.
2156 1724 2216 1777 Et
2257 1742 2388 1795 rogo
2442 1744 2537 1782 vos
2587 1734 2993 1797 sanctissimos,
3035 1745 3090 1787 nt
3143 1748 3398 1799 tanquam

1829 1821 2006 1881 patres
2050 1832 2135 1870 me
2200 1820 2605 1886 pusillanimem
2666 1826 2857 1875 baculo
2891 1830 3161 1892 potentiae,
3210 1826 3258 1878 id
3293 1837 3399 1890 est,

156 1920 390 1985 expellit,
432 1919 638 1971 ducens
670 1920 723 1972 in
753 1919 1006 1972 tenebras
1044 1918 1361 1972 exteriores.
1406 1918 1528 1971 Νι-ςι
1550 1919 1589 1969 it
1625 1915 1723 1969 Ec-
1755 1892 1799 1948 Β
1836 1908 2071 1973 patentis
2098 1911 2295 1962 vestris
2327 1914 2655 1977 magistr-riis
2688 1913 2924 1969 fulcimis
2963 1937 2977 1971 ;
3010 1928 3064 1969 ct
3097 1919 3257 1970 veluti
3286 1917 3400 1971 fia-

156 2007 330 2064 οιεδίιε
362 2010 445 2063 lex
486 2010 569 2064 vel
611 2011 876 2064 terminus
905 2020 1108 2064 sectam
1143 2011 1256 2063 sive
1296 2012 1724 2073 contentionem,

154 2098 244 2153 sed
275 2101 417 2154 sicut
462 2101 609 2154 novit
643 2102 887 2155 conliteri
920 2118 1083 2155 unum
1130 2101 1318 2163 Deum,
1350 2100 1724 2170 unnncbapti-

154 2204 291 2253 sma,
326 2201 493 2242 unam‘
524 2192 703 2255 iidem,
737 2190 811 2242 ita
847 2199 901 2242 et
928 2191 1273 2244 concordiam
1306 2205 1465 2242 unatn
1499 2190 1549 2241 itt
1575 2204 1608 2241 0
1670 2189 1723 2240 ni

150 2282 519 2335 cci-lesiastico
568 2282 802 2351 negotio.
851 2278 996 2333 Nihil
1026 2282 1169 2334 enim
1207 2290 1292 2335 est
1341 2281 1393 2334 in
1428 2290 1720 2349 conspectu

151 2370 242 2426 Dei
274 2381 380 2426 tam
414 2381 695 2441 acceptum
737 2383 900 2441 atque
943 2372 1227 2442 placabile,
1260 2387 1422 2440 quam
1466 2383 1524 2425 ut
1556 2388 1719 2424 unum

150 2462 341 2525 simus,
369 2471 422 2517 et
444 2479 546 2516 una
576 2462 841 2516 elliciatnr
869 2464 1135 2517 catholica
1171 2464 1432 2522 Ecclesia,
1460 2464 1723 2530 qnetnad-

150 2556 369 2606 n:odum
396 2554 448 2607 in
480 2555 705 2607 sincerae
735 2564 937 2608 nosti-te
960 2555 1078 2608 tidei
1103 2554 1352 2624 symbolo
1376 2554 1717 2607 conlitenmr.

152 2642 216 2697 Et
251 2646 484 2713 petimus
528 2659 647 2708 nos,
685 2644 903 2708 fratres,
939 2654 996 2698 ut
1035 2660 1180 2709 reor,
1214 2654 1267 2697 et
1314 2660 1427 2709 vos,
1459 2646 1717 2713 quoniam

150 2735 267 2787 scio
296 2735 543 2787 timorem
578 2750 673 2789 vos
702 2734 791 2787 Dei
830 2736 1050 2797 habere,
1079 2750 1108 2787 a
1143 2735 1406 2803 piissimis
1440 2750 1490 2788 et
1530 2739 1719 2787 ortho-

148 2825 306 2879 doxis
352 2826 774 2894 imperatoribus
807 2826 1010 2879 nostris
1060 2842 1324 2895 syltuwuttt
1358 2829 1718 2883 ulmei-salem

148 2917 350 2986 colligi,
378 2928 435 2970 ut
458 2917 755 2970 clliciamur
791 2925 845 2971 et
890 2933 1014 2981 nos,
1049 2918 1140 2984 qui
1179 2919 1339 2970 muns
1371 2916 1460 2969 Dei
1507 2932 1720 2977 simius,

149 3021 318 3058 unum
355 3024 367 3058 :
399 3015 453 3059 et
491 3008 583 3075 qui
616 3006 898 3060 Trinitatis
947 3009 1183 3061 cultores
1214 2987 1530 3061 exsistinius
1562 3007 1715 3069 uniti,

146 3104 202 3149 et
230 3096 514 3149 unanimes
537 3106 591 3150 et
612 3097 832 3165 collegae
858 3114 871 3149 :
901 3108 951 3149 et
981 3098 1073 3165 qtti
1099 3099 1292 3165 capitis
1318 3099 1486 3151 nostri
1514 3097 1718 3154 Christi

148 3200 364 3250 sumus,
404 3186 701 3240 elliciamur
734 3202 936 3255 corpus
965 3201 1135 3240 unum
1185 3198 1526 3255 compactum
1558 3197 1720 3252 atque

148 3290 455 3329 connexum
495 3294 509 3332 :
550 3286 604 3330 et
632 3278 726 3345 qui
773 3278 947 3330 sancti
986 3276 1223 3345 Spiritus
1271 3292 1483 3339 sumus,
1520 3276 1719 3330 cilicia-

147 3384 274 3420 tnur
314 3383 421 3421 non
454 3376 644 3421 contra
692 3369 945 3434 invicem,
986 3370 1076 3421 sed
1110 3384 1207 3437 pro
1242 3370 1470 3422 invicem
1499 3386 1513 3421 :
1539 3379 1592 3421 ct
1627 3370 1719 3437 qui

148 3459 400 3512 veritatis
450 3459 790 3522 exsistimus,
845 3459 1146 3514 elliciamur
1174 3461 1406 3530 idipsnm
1453 3465 1721 3529 sapientes

147 3558 314 3617 atque
362 3548 629 3611 dicentes,
669 3558 724 3603 et
758 3564 865 3602 non
896 3550 969 3604 sit
1015 3549 1069 3602 in
1111 3553 1266 3603 nobis
1301 3562 1573 3604 certamen
1609 3552 1722 3606 sive

147 3641 441 3703 dissensio,
485 3651 544 3693 ιιι
585 3656 687 3707 pax
724 3639 838 3709 Dei,
869 3656 990 3708 quae
1022 3651 1310 3710 exsuperat
1348 3657 1563 3694 omnem
1599 3657 1722 3695 sen-

148 3746 295 3790 sum,
334 3731 543 3784 muniat
582 3746 704 3784 nos.
741 3731 806 3782 Et
860 3733 905 3785 si
953 3734 1167 3801 quidem
1212 3733 1479 3801 jnsserint
1529 3734 1721 3787 ortho-

146 3820 328 3873 doxi-aa
366 3819 819 3891 propugnatores,
859 3823 1211 3891 imperatores
1248 3822 1495 3875 videlicet
1524 3823 1717 3886 nostri,

148 3913 509 3981 postulationi
563 3927 695 3966 ini-aa
750 3929 1011 3975 annuere,
1049 3914 1334 3967 consentio
1366 3922 1419 3967 et
1448 3928 1569 3981 ego.
1624 3910 1719 3964 Sin

151 4017 359 4067 autem,
403 4005 737 4072 impossibile
767 4013 851 4057 est
902 4004 1034 4056 mibi
1072 4006 1174 4058 hoc
1220 4004 1418 4067 facere,
1455 4020 1522 4057 ne
1552 4005 1720 4073 subji-

147 4099 270 4152 ciar
312 4098 666 4157 anathemati,
712 4107 765 4147 et
801 4096 1045 4149 inveniar
1086 4098 1480 4149 condemnatus
1531 4097 1583 4149 in
1637 4098 1722 4151 die

149 4183 369 4238 Domini
404 4185 575 4236 nostri
607 4194 660 4236 et
687 4182 977 4250 justissimi
1009 4182 1234 4244 Jndicis.
1275 4186 1364 4237 ubi
1400 4200 1574 4253 neque
1615 4186 1719 4238 im-

146 4291 397 4346 perator,
435 4293 611 4345 neque
664 4278 942 4337 sacmlos,
994 4289 1168 4341 neque
1218 4274 1510 4341 principes.
1548 4289 1722 4342 neque

149 4369 437 4422 hominum
475 4368 766 4422 multitudo
818 4366 1016 4435 poterit
1054 4367 1262 4432 eripere
1317 4381 1421 4418 me.
1469 4365 1533 4417 Ιίι
1561 4365 1721 4433 quid-

147 4458 283 4525 quid
322 4458 582 4525 placuerit
621 4457 813 4517 vobis,
861 4456 1073 4516 fratres,
1114 4455 1237 4507 date
1285 4457 1545 4523 apologiae
1591 4472 1722 4509 mea;

151 4561 268 4600 uno
295 4548 460 4600 verbo
484 4547 804 4600 assr-rtionis
842 4555 1031 4596 vestrae
1065 4544 1281 4597 redditae
1317 4545 1559 4611 petitioni
1590 4561 1722 4598 more
1757 4571 1798 4624 ι)

152 4654 532 4703 responsum.»
557 4637 620 4689 Et
638 4638 868 4690 libenter
892 4636 1408 4699 audieruntomin-s,
1435 4651 1555 4703 quae
1580 4638 1719 4690 dicta

150 4738 305 4789 sunt,
352 4742 676 4781 consensum
734 4727 1054 4793 praebentes,
1108 4734 1167 4777 ut
1218 4726 1370 4780 tierct
1414 4728 1719 4795 synodus...

154 4818 343 4886 Itaque
375 4832 470 4871 vnt
517 4816 743 4870 Kalend.
789 4813 1013 4868 Januar.
1045 4826 1248 4868 octavae
1288 4815 1476 4869 indit-t.
1528 4832 1722 4871 conse-

152 4921 343 4963 oratus
364 4918 447 4962 est
486 4910 665 4961 almus
695 4906 853 4960 Pater
882 4914 1069 4959 noster
1114 4904 1372 4961 Tarasius
1416 4909 1723 4975 patriarcha

151 5000 794 5066 Canstantinopolitanus
832 5001 924 5066 qui
971 4996 1153 5050 missis
1186 4994 1415 5049 Romam
1450 4998 1726 5067 synodicis

150 5091 273 5145 suis
303 5102 353 5143 et
404 5090 588 5143 libello
636 5089 759 5143 fidei
811 5104 924 5143 suae
956 5096 1204 5156 receptus
1253 5097 1336 5141 est
1391 5089 1459 5140 ab
1486 5089 1725 5142 Adriano

150 5200 317 5252 papa.
360 5181 484 5235 llaec
512 5182 650 5250 apud
693 5182 1042 5235 Anastasinm
1095 5180 1472 5250 Theophanes.
1528 5180 1726 5235 Verum

149 5289 234 5327 eae
263 5274 328 5325 ad
358 5273 667 5340 pontiﬁcem
694 5269 1003 5325 Romanun)
1032 5272 1224 5325 littera:
1254 5273 1553 5340 perierunt,
1588 5289 1726 5341 quas

147 5378 218 5417 ex
264 5363 502 5429 ejusdem
536 5359 807 5428 pontiﬁcis
848 5375 1112 5428 responso
1145 5362 1497 5425 arbitramur,
1539 5363 1727 5429 paucis

150 5454 262 5509 sub
301 5452 461 5504 linem
500 5452 745 5511 mutatis,
787 5451 994 5504 similes
1031 5452 1160 5505 aliis
1200 5453 1419 5514 litteris,
1468 5469 1589 5521 quae
1631 5469 1726 5507 ex-

150 5548 305 5597 stant
330 5540 556 5592 Actione
588 5538 621 5591 3
648 5538 840 5609 synodi
869 5539 898 5590 7
923 5552 1047 5591 cum
1076 5542 1176 5592 hac
1208 5539 1563 5606 inscriptione
1606 5557 1619 5593 :

228 5635 285 5689 7.
340 5655 358 5687 ι
405 5635 693 5705 Exemplar
723 5635 1047 5699 litterarum,
1089 5650 1210 5703 qua:
1250 5634 1429 5689 missa’
1486 5643 1613 5689 sunt
1659 5635 1725 5688 ad

153 5742 407 5781 summos
421 5727 730 5781 sacerdotes
745 5735 797 5780 et
818 5726 1125 5781 sacerdotes
1144 5725 1466 5789 Antiochiae,
1491 5725 1727 5779 Alexan-

155 5820 315 5887 driae,
348 5829 403 5875 et
432 5828 634 5875 sanctae
667 5819 903 5874 civitatis
948 5832 979 5873 a
1012 5813 1237 5873 Tarasio
1278 5816 1629 5873 sanctissimo
1675 5829 1728 5873 ct

1829 2003 1936 2048 tres
1977 1996 2129 2063 puris
2170 2000 2517 2054 «nationibus
2558 2004 2754 2055 \estris
2802 2020 2902 2057 nos
2943 2021 3067 2057 cum
3119 2018 3397 2060 armatura

1830 2085 1917 2138 Dei
1942 2099 2135 2141 contra
2166 2094 2437 2144 versutias
2469 2095 2678 2161 antiqui
2711 2095 2881 2150 lioStis
2914 2098 3078 2165 adjnv
3118 2110 3205 2163 ιις,
3236 2110 3398 2169 atque

1823 2175 2083 2231 ﬂuctibus
2139 2181 2369 2233 invicnn
2423 2187 2776 2252 surgentibus
2824 2191 3166 2242 vacillanti-in
3200 2195 3398 2258 guber-

1825 2267 2002 2329 netis,
2049 2281 2317 2336 quatenus
2357 2278 2659 2343 pertingant
2715 2280 2780 2329 ad
2838 2293 3051 2347 parium
3104 2285 3394 2338 voluntatis

1823 2357 2026 2413 Christi
2063 2359 2153 2413 Dei
2189 2367 2458 2419 nostri....
2501 2365 2656 2420 Nunc
2688 2379 2866 2420 autin:
2916 2373 2980 2422 ad
3014 2372 3174 2424 aliam
3215 2374 3392 2427 intert-

1825 2453 2023 2507 tionetn
2051 2456 2266 2509 dicendi
2303 2462 2640 2526 pt'Ogt'edior.
2676 2462 2813 2526 Quia
2846 2468 2993 2515 enim
3033 2470 3208 2531 prisca
3244 2484 3393 2535 quie-

1822 2547 1969 2608 tlnm,
2004 2558 2079 2610 ct,
2115 2563 2170 2600 nt
2203 2553 2385 2603 verius
2432 2553 2720 2616 fateantur,
2756 2558 3052 2621 apostolica
3086 2562 3307 2611 traditio
3338 2563 3393 2614 itt

1823 2640 2081 2691 omnibus
2131 2638 2388 2694 licelesiis
2433 2644 2677 2707 ittolevil,
2722 2659 2777 2696 ιιι
2810 2644 2884 2706 hi,
2934 2648 3022 2710 qui
3059 2648 3123 2699 ad
3171 2651 3389 2715 pontifi-

1822 2731 1966 2782 cium
1999 2733 2391 2797 prmi-buntur,
2459 2737 2893 2801 praecedentibus
2961 2753 3019 2792 se
3096 2740 3148 2789 in
3201 2743 3390 2795 eodem

1823 2822 2017 2873 ordine
2063 2824 2299 2889 qualiter
2346 2840 2402 2876 se
2450 2827 2701 2889 lsaluant,
2756 2839 2876 2893 quzc
2920 2842 3032 2881 sua:
3066 2830 3184 2882 lidci
3240 2842 3391 2899 sunt,

1821 2916 2141 2979 exponendo
2183 2917 2602 2980 contini-oderit;
2658 2932 2834 2971 vrsum
2888 2931 3052 2973 estet
3104 2925 3236 2976 tntbi
3289 2929 3391 2979 hoc

1822 3006 2048 3058 s«ctan:i
2094 3023 2176 3058 nn-
2211 3008 2365 3061 vobis
2411 3010 2696 3073 inclinare,
2728 3022 2781 3063 ct
2835 3014 3040 3081 liquido
3084 3017 3390 3070 confessio-

1822 3110 1946 3148 ιιι-ιιι
2003 3097 2378 3163 pronuntiare,
2431 3104 2893 3167 qttctnadnttnluni
2947 3123 2975 3157 ιι
3020 3109 3166 3159 tubis
3212 3109 3391 3162 Sancti

1826 3184 2082 3253 Spiritus,
2117 3203 2346 3255 quarunt
2387 3205 2557 3243 sonus
2608 3192 2658 3243 in
2700 3208 2913 3245 omnem
2964 3204 3162 3249 terram
3204 3200 3389 3265 exivit,

1824 3290 1876 3331 et
1905 3279 1957 3330 in
1993 3279 2128 3332 fines
2158 3291 2319 3333 terra:
2344 3282 2527 3344 verba,
2552 3292 2601 3335 et
2639 3283 2707 3335 ab
2732 3299 2919 3337 eat-mn
2954 3286 3190 3343 alumnis
3231 3302 3394 3358 atque

1824 3371 2083 3433 asseclis,
2136 3373 2533 3426 sacratiSsimis
2583 3375 2831 3428 videlicet
2881 3364 3135 3438 Palribus
3191 3383 3394 3435 nostris

1822 3464 2109 3524 educatus,
2148 3480 2212 3515 ex
2267 3465 2397 3530 ipsis
2440 3465 2696 3519 mollibus
2732 3468 2944 3535 ungulis
2987 3471 3172 3525 didici.
3218 3474 3395 3527 Credo

1823 3552 1877 3606 in
1939 3569 2107 3605 unum
2146 3552 2436 3607 Deum”...
2471 3552 2746 3623 Expctcns
2773 3559 2935 3610 etiam
2972 3560 3392 3618 intercessuones

1824 3641 2185 3695 sanctissima;
2237 3651 2290 3695 el.
2347 3642 2687 3697 intemerata}
2746 3647 2985 3701 llominzn
3045 3664 3242 3703 nomne
3298 3652 3389 3706 Dei

1823 3730 2113 3785 Genitriris
2157 3741 2210 3784 et
2248 3748 2463 3800 semper
2521 3732 2755 3800 Virginis
2806 3735 3009 3800 Mariae,
3057 3755 3397 3795 sanctorum-

1822 3838 1926 3890 que
1958 3825 2296 3890 angelorum,
2334 3834 2387 3877 et
2423 3841 2734 3880 sanctorum
2782 3841 2830 3882 et
2867 3832 3388 3893 gloriosissinwinm

1822 3912 2217 3980 apOstolorum,
2275 3916 2698 3982 ptoplzelarutn,
2751 3930 3070 3988 martyrum,
3114 3921 3393 3979 Confesso-

1826 4017 1942 4054 rum
1981 4015 2036 4056 et
2073 4004 2390 4068 doctorum;
2442 4007 2687 4060 salutans
2728 4018 2778 4060 et
2816 4012 3152 4064 venerabiles
3204 4014 3393 4066 iconas

1821 4108 2033 4156 eorum,
2075 4103 2126 4147 et
2185 4111 2401 4149 omnem
2445 4098 2754 4152 litem-ticam
2789 4103 3114 4155 abominans
3163 4113 3395 4156 conten-

1825 4181 2149 4235 tionem.....
2200 4181 2425 4250 Rccipio
2455 4172 2617 4238 etiam
2672 4200 2888 4240 sanctas
2935 4198 2989 4241 et
3055 4193 3393 4244 universales

1822 4286 1917 4324 sex
1948 4273 2209 4342 synodos.
2255 4284 2309 4328 et
2348 4292 2533 4328 caintn
2579 4278 2758 4330 divina
2798 4279 3049 4346 dogmata
3098 4286 3298 4346 pariter
3338 4290 3394 4335 et

1822 4364 2100 4420 doctrinas
2136 4378 2391 4436 tanquam
2434 4384 2553 4436 quae
2600 4369 2782 4421 divina
2830 4372 3186 4438 inspiratione
3234 4374 3395 4427 nobis

1824 4458 2017 4510 tradita
2074 4461 2312 4511 luerunt.
2349 4478 2366 4509 ι
2409 4460 2612 4512 Omitto
2660 4462 2869 4529 reliqua
2906 4479 3028 4515 cum
3071 4468 3392 4520 eornnnlctn

1822 4544 2263 4601 Pali-inrcliarum
2331 4549 2398 4601 ad
2452 4561 2702 4603 sanctum
2760 4549 3045 4605 'l’arasinm
3103 4569 3387 4621 t'eSponso.

1826 4636 2067 4691 Snlliciat
2106 4654 2232 4707 pars
2272 4639 2452 4707 aliqua
2501 4641 2745 4709 cpistola:
2799 4642 3021 4694 Adriani
3069 4658 3236 4709 papze,
3280 4660 3391 4712 qua

1824 4730 1899 4782 illi
1957 4733 2273 4798 reSpondet,
2314 4747 2477 4799 quam
2529 4738 2661 4785 citat
2689 4733 2850 4785 etiam
2903 4732 3208 4787 Nscolausl
3250 4750 3391 4802 papa

1824 4821 1981 4887 epist.
2011 4822 2042 4873 li
2075 4826 2139 4872 ad
2165 4821 2434 4875 l’botium.
2464 4821 2647 4875 Exstat
2677 4838 2738 4875 ca
2770 4823 2985 4876 actione
3006 4823 3039 4875 2
3069 4824 3259 4894 synodi
3290 4840 3388 4891 vit,

1824 4908 1985 4961 etiam
2015 4906 2152 4961 Crte:
2173 4924 2201 4961 e
2227 4910 2487 4961 translata
2518 4925 2642 4962 cum
2669 4910 2771 4963 Itoc
2804 4910 2960 4962 littth
2986 4926 3000 4962 ε

1894 5000 1947 5054 8.
1990 5018 2008 5049 ι
2050 4998 2256 5053 Dilecto
2302 4997 2479 5053 Fratri
2509 4996 2735 5055 Tarasio
2764 5000 3083 5066 patriarcha:
3117 4998 3393 5053 Adrianus

1825 5091 2114 5159 episcopus
2154 5106 2343 5146 servus
2375 5107 2654 5145 servorum
2696 5091 2812 5145 Dei.
2868 5090 3133 5144 Pastorali
3185 5106 3392 5147 cura...

1826 5185 2298 5238 consideravimns
2324 5193 2513 5238 vestra:
2536 5184 2743 5237 dilectae
2762 5183 3038 5237 sanctitati
3063 5198 3217 5237 sacra
3238 5181 3391 5235 allari

1826 5276 2142 5337 concordia,
2175 5286 2224 5330 et
2256 5277 2531 5330 subtiliter
2560 5276 2785 5329 verbum
2819 5272 3189 5328 manifestare.
3226 5272 3282 5326 lu
3305 5290 3393 5343 sy-

1818 5367 2037 5420 ‘uodiris
2068 5366 2430 5420 confessionis
2469 5376 2662 5420 vestrae
2711 5364 2854 5427 tidei,
2905 5380 3027 5433 qua:
3079 5364 3393 5432 apostolica

1827 5457 1943 5510 sedi
1966 5467 2173 5511 nostra
2189 5458 2399 5511 directa
2425 5469 2553 5512 sunt
2576 5472 2744 5524 super
2768 5455 3000 5509 Leonem
3034 5450 3389 5521 revct‘endum

1827 5549 2203 5618 presbyterum
2231 5560 2492 5615 vestrum,
2514 5548 2823 5601 invenimus
2848 5548 2899 5599 in
2922 5546 3000 5599 eis
3026 5545 3180 5597 initio
3205 5544 3395 5607 prima:

1829 5639 2039 5706 pagina:
2100 5637 2457 5691 reverentiam
2509 5646 2743 5690 vestram
2794 5651 2855 5689 es
2910 5635 3046 5688 laico
3097 5632 3288 5685 ordine
3338 5638 3395 5684 et

1829 5728 2176 5797 imperatoria
2211 5710 2683 5781 administratione
2713 5726 2778 5779 ad
2808 5723 3005 5780 sacrati
3056 5724 3259 5793 gradus
3296 5737 3394 5775 su-

1829 5822 2106 5874 blitnutam
2169 5834 2290 5875 esse
2346 5817 2644 5889 fastigium,
2703 5826 2757 5872 et
2804 5819 3150 5874 Vehementer
3200 5816 3255 5870 in
3306 5811 3392 5873 his
