4092 6438
628 420 757 481 7-:3

628 468 717 481 ..ιν

624 468 717 485 ..ον

1648 414 1710 471 S.
1749 412 2057 471 TABASII
2100 410 2606 469 PATRIARCii/f.
2641 414 2746 471 (ΣΡ.

620 536 801 584 anima
841 536 1027 582 nostra
1065 527 1256 580 mirata
1288 539 1390 578 εδ..
1426 522 1492 575 Et
1524 524 1629 575 nisi
1656 533 1893 576 vestram
1932 524 2202 575 sinceram

2318 536 2463 581 sane,
2519 522 2721 588 inquit,
2762 537 2873 591 quo
2925 520 3241 591 frequenter
3294 520 3685 573 Cnivtrrsaletn
3726 520 3883 576 Επεὶ

618 634 671 678 et
707 622 1071 674 orthodoxam
1113 617 1274 671 ﬁdem
1321 616 1373 668 in
1407 616 1683 685 prmdictis
1726 615 2004 683 synodicis
2057 611 2197 666 saeii

622 716 863 784 Symboli
906 712 1206 765 serendum
1244 711 1409 761 ritum
1446 718 1758 761 sanctarum
1790 721 1885 759 sex
1921 706 2203 757 universa-

624 812 753 860 liam
792 810 1153 873 synodorurtt.
1205 820 1259 857 et
1318 804 1383 857 de
1428 802 1834 856 venerabilibus
1876 800 2207 867 imaginibus

625 904 761 952 i‘ene
799 915 857 952 se
912 902 1319 951 inveni-scmus
1355 896 1578 958 habere,
1629 895 1941 947 nullatenus
1978 893 2206 944 audere-

626 1000 751 1041 mus
803 990 1115 1055 ιωηυεῖιλυώ
1173 987 1435 1039 obaudire
1482 984 1764 1053 synodica.
1798 981 1902 1035 Sed
1939 990 2209 1049 quantum

624 1092 715 1131 ιόι-
762 1088 1013 1130 nostrum
1054 1078 1367 1130 tristabatur
1412 1075 1479 1129 de
1520 1078 1699 1142 inepta
1749 1072 1910 1125 veteri
1943 1086 2007 1124 ex
2049 1071 2209 1123 nobis

620 1173 905 1234 distantia,
988 1180 1142 1221 tanto
1212 1167 1616 1221 confessionem
1647 1176 1701 1218 et
1773 1174 1977 1219 rectam
2045 1163 2208 1217 ﬁdem

626 1272 863 1316 vestram
902 1264 1315 1313 anima'nostra
1359 1260 1639 1311 inveniens
1691 1257 1866 1309 laetata
1911 1264 2015 1309 est.
2052 1252 2211 1309 Inve-

626 1358 812 1406 nimus
846 1366 1032 1406 autem
1076 1354 1129 1406 in
1166 1352 1423 1421 praedicta
1456 1349 1716 1420 synodica
1745 1350 1974 1419 epistola
1999 1348 2207 1403 sancti-

627 1456 751 1495 tatis
783 1455 975 1497 vestra:
1011 1453 1134 1511 post
1182 1442 1574 1511 plenitudinem
1624 1440 1769 1501 ﬁdei,
1818 1447 1872 1490 et
1914 1436 2211 1491 conleSsio-

627 1549 752 1591 nem
790 1538 931 1589 sacri
964 1536 1233 1605 Symboli,
1275 1545 1330 1588 et
1368 1535 1433 1587 de
1481 1532 1655 1586 sacris
1700 1546 1765 1584 ac
1812 1530 2209 1585 venerabilibus

627 1630 1038 1681 (haracterihus
1113 1626 1438 1679 miraculum
1513 1623 1673 1676 laude
1739 1636 1804 1675 ac
1858 1624 2211 1675 veneratione

627 1725 1017 1789 dignissimum
1058 1722 1351 1775 contineri.
1390 1739 1409 1772 ι
1454 1720 1534 1773 Ac
1579 1718 1834 1787 pluribus
1867 1717 2211 1785 interpositis

627 1818 824 1867 adria;
861 1833 879 1865 ι
918 1813 1090 1867 Porro
1129 1824 1251 1882 post
1289 1811 1694 1865 confessionem
1737 1810 1859 1863 ﬁdei
1897 1819 2090 1862 vestra:
2114 1824 2211 1861 no-

2318 612 2689 677 patriarcbam
2746 628 2907 667 suum
2952 614 3400 667 inconvenienter
3432 613 3739 680 appellant,
3776 629 3891 679 apo-

2315 703 2553 755 stolatus
2578 712 2757 756 vester
2780 702 3082 757 adulationi
3108 704 3319 757 veniam
3347 703 3459 766 det,
3480 718 3629 769 szpe
3660 704 3891 770 νηίδα

2313 794 2429 846 suis
2481 810 2589 848 non
2636 796 2757 848 sine
2804 797 3229 865 reprehensione
3268 796 3484 863 placere
3526 798 3889 849 studentem.

2318 884 2521 941 Verum
2565 903 2689 942 cum
2725 890 2871 957 apud
2908 889 3447 957 Constantinopolim
3500 892 3755 955 positus,
3798 892 3893 941 ἴτε-

2311 992 2549 1049 quenter
2583 981 2806 1036 Graecos
2857 997 3023 1050 super
3072 982 3175 1034 hoc
3204 982 3473 1034 vocabulo
3526 983 3894 1047 reprehende-

2314 1087 2453 1136 rem,
2483 1083 2538 1127 et
2567 1073 2745 1129 fastus
2774 1075 2859 1128 vel
2902 1074 3229 1143 arrogantiae
3274 1074 3709 1142 redarguerem;
3758 1089 3898 1124 asse-

2310 1166 2530 1230 rebant,
2564 1168 2711 1235 quod
2763 1182 2873 1221 non
2916 1167 3041 1220 ideo
3073 1168 3498 1227 meumenicnm,
3542 1181 3719 1233 quem
3754 1167 3893 1215 militi

2313 1259 2677 1312 universalem
2697 1260 3041 1328 inxrpretati
3066 1269 3215 1319 sunt,
3236 1260 3481 1312 dicerent
3498 1260 3893 1327 patriarcbam,

2312 1350 2459 1417 quod
2494 1350 2739 1405 universi
2769 1351 2919 1403 orbis
2964 1359 3149 1404 teneat
3182 1353 3579 1418 przsnlatnm,
3630 1350 3733 1403 sed
3764 1350 3898 1416 quod

2313 1442 2531 1495 (uidam
2582 1442 2729 1511 parti
2775 1442 2965 1510 prtsit
3004 1442 3176 1504 orbis,
3213 1457 3333 1505 qua
3364 1458 3395 1495 a
3432 1443 3789 1495 Christianis
3826 1444 3899 1493 in-

2314 1533 2616 1587 habitatur.
2669 1530 2807 1585 Nam
2847 1535 2995 1601 quod
3037 1534 3210 1587 Grati
3270 1551 3577 1587 cca-enen
3616 1546 3843 1595 vocant,
3876 1550 3901 1586 a

2314 1624 2534 1681 Latinis
2568 1641 2677 1679 non
2702 1626 2882 1679 solum
2911 1626 3086 1687 orbis,
3128 1642 3159 1679 a
3186 1627 3346 1695 cujus
3385 1628 3759 1680 universitate
3790 1628 3903 1676 uni-

2315 1717 2547 1770 versalis
2570 1715 2895 1785 appellatur,
2926 1730 3119 1768 verum
3143 1726 3307 1769 etiam
3335 1717 3613 1770 habitatio
3646 1718 3731 1767 vel
3762 1718 3907 1769 locas

2315 1807 2637 1861 habitabilis
2668 1818 3041 1875 nuncupatur.
3074 1826 3093 1857 ι
3144 1805 3269 1860 Haec
3302 1809 3667 1861 Anastasius.
3714 1808 3907 1859 \‘erua

630 1918 743 1959 tum
778 1906 981 1960 factum
1014 1916 1097 1959 est
1125 1906 1303 1967 nobis,
1339 1904 1486 1972 quod
1524 1914 1701 1956 vestra
1732 1902 2062 1954 venerabilis
2088 1916 2216 1954 san-
2243 1906 2289 1962 B
2320 1913 2445 1951 cum
2481 1898 2758 1952 Adrianus
2803 1914 2943 1967 papa
2992 1899 3046 1951 in
3077 1914 3175 1952 sua
3226 1899 3295 1952 ad
3330 1901 3737 1966 imperatorem
3775 1904 3911 1951 Lnn-

631 2002 796 2053 ctitas
824 1997 1187 2066 pOa'lUiaVCI'“
1225 1996 1294 2049 ab
1328 1994 1655 2048 orthodosis
1686 2009 1751 2048 ac
1785 1993 2119 2046 zelatoribus
2152 2007 2217 2047 ac

628 2090 1133 2159 pi'Opuguatoribus
1173 2086 1449 2149 Veritatis,
1500 2086 1766 2155 piissimis
1818 2085 2069 2138 videiicet
2113 2084 2216 2136 im-

630 2180 979 2249 peratoribus
1017 2179 1244 2244 nostris,
1273 2180 1367 2248 qui
1405 2178 1471 2231 ad
1502 2179 1731 2246 gloriam
1769 2178 1859 2231 Dei
1892 2176 2019 2231 facti
2053 2186 2212 2243 sunt,

626 2284 737 2327 ouo
793 2271 943 2323 lierct
992 2269 1322 2323 universalis
1373 2270 1640 2338 synodus,
1700 2277 1755 2321 et
1802 2268 2219 2336 repromiserint

626 2378 812 2415 coram
846 2363 995 2415 omni
1033 2362 1351 2416 Christiano
1398 2361 1598 2430 populo
1651 2376 1775 2425 suo,
1829 2362 2215 2429 supplicationi

630 2455 716 2522 pie
747 2463 1080 2517 annuentes,
1132 2454 1513 2521 synodumque
1551 2452 1605 2505 in
1637 2454 1782 2521 regia
1819 2453 1953 2505 urbe
1983 2453 2097 2505 lieri
2128 2455 2217 2506 de-

629 2543 902 2596 ﬁnientes.
933 2543 1044 2598 Nos
1083 2555 1267 2598 autem
1296 2542 1761 2613 quemadmodum
1792 2552 1846 2596 et
1881 2544 1935 2595 in
1971 2543 2210 2612 ipsorum

628 2636 813 2689 divina
842 2637 1235 2689 continebatur
1264 2636 1536 2703 jussione,
1570 2636 1801 2689 dilectos
1835 2636 1993 2689 nobis
2034 2648 2088 2690 et
2122 2652 2217 2704 ap-

630 2728 895 2795 probatos
928 2737 1091 2796 atque
1125 2726 1422 2796 prudentes
1463 2728 1782 2781 sacerdotes
1827 2743 1927 2795 pro
1956 2739 2099 2782 statu
2128 2743 2218 2782 sa-

628 2835 847 2874 crarum
891 2823 1192 2889 imaginum
1218 2858 1232 2883 ,
1290 2830 1350 2874 ut
1395 2822 1582 2887 prisco
1616 2821 1726 2873 illis
1762 2821 1816 2872 in
1852 2821 2099 2888 partibus
2128 2836 2219 2873 oro

628 2914 756 2964 diue
777 2914 1208 2977 constituantur,
1232 2927 1357 2966 cum
1380 2927 1576 2981 magno
1599 2913 1872 2966 desiderio
1902 2922 1956 2967 et
1977 2912 2217 2966 maximo

631 3004 832 3069 gaudio
858 3004 1283 3057 destinavimus.
1327 3004 1433 3057 Sed
1470 3015 1651 3058 vestra
1699 3006 1966 3059 sanctitas
2009 3005 2214 3058 eisdem

631 3096 899 3165 piissimis
954 3097 1382 3164 imperatoribus
1448 3105 1502 3151 et
1572 3098 2066 3165 triumphatorihus
2102 3097 2217 3149 ala-

630 3190 800 3243 criter
834 3198 1113 3256 suggerat,
1164 3197 1223 3241 ut
1259 3188 1311 3240 in
1360 3188 1552 3256 primis
1596 3189 2053 3257 pscudosyllogus
2102 3189 2212 3250 ille,

631 3279 725 3345 qui
765 3280 885 3331 sine
915 3278 1222 3346 apostolica
1250 3280 1379 3331 sede
1412 3279 1721 3333 inordinate
1748 3291 1803 3333 et
1830 3281 2217 3351 iusyllogisdce

633 3372 811 3421 lactus
841 3376 924 3421 est
955 3367 1225 3420 adversus
1257 3368 1659 3422 venerabilium
1700 3368 1926 3423 Patrum
1969 3372 2218 3425 traditio-

633 3470 756 3511 nem
814 3468 1005 3511 contra
1070 3458 1291 3512 divinas
1352 3460 1659 3527 imagines,
1719 3461 2217 3517 anathematizetur

632 3551 991 3617 purse-ritibus
1051 3550 1423 3616 apocrisiariis
1501 3551 1729 3605 nostris.
1779 3570 1797 3601 ι
1860 3550 2085 3604 Deorum
2136 3554 2218 3608 sic

631 3641 911 3693 concludit
951 3659 963 3693 :
1004 3660 1020 3690 ι
1066 3639 1305 3693 Dilectos
1345 3651 1565 3693 nostros
1613 3639 1834 3693 I’cttum
1882 3644 2091 3696 sciliCet
2126 3660 2215 3695 ar-

633 3731 1109 3799 chipresbyter-um
1157 3741 1361 3785 sancta:
1413 3740 1617 3785 nostra:
1662 3730 1922 3787 Iiornana:
1960 3733 2229 3805 Ecclesiae.

631 3834 682 3875 et
719 3824 934 3878 l’atrum
970 3825 1299 3878 monachum
1330 3835 1384 3878 ct
1425 3826 1801 3895 presbyterum
1838 3836 2002 3895 atque
2047 3829 2215 3881 abha-

633 3928 762 3975 tem,
800 3917 893 3983 qui
948 3918 1099 3969 missi
1138 3928 1267 3970 sunt
1310 3933 1339 3970 a
1380 3918 1537 3971 nobis
1578 3918 1643 3969 ad
1681 3920 1907 3987 vestigia
1946 3922 2216 3989 tranquil-

634 4008 970 4061 lisstmorum
1008 4018 1061 4060 et
1099 4009 1318 4076 piorum
1350 4008 1771 4077 imperatorum,
1802 4025 2059 4077 rogamus
2093 4028 2219 4080 pro-

634 4109 750 4165 pter
789 4115 1035 4153 amorem
1095 4099 1272 4152 sancti
1331 4099 1477 4152 Petri
1520 4101 1897 4169 apostolorum
1954 4103 2217 4171 principis

630 4200 681 4242 et
719 4200 945 4257 prOpter
979 4205 1101 4252 nos,
1154 4190 1305 4241 omni
1361 4189 1600 4258 benigna
1634 4191 1986 4258 susceptione
2019 4207 2083 4243 ac
2116 4194 2219 4244 hu-

633 4284 894 4336 inanitate
942 4283 1141 4353 dignos
1199 4283 1345 4352 apud
1394 4298 1491 4335 vos
1534 4282 1861 4350 judirandos
1910 4284 2113 4351 pariter
2165 4292 2219 4337 et

634 4374 951 4441 habendos;
1007 4387 1285 4443 quatenus
1343 4383 1395 4428 et
1449 4374 1502 4427 in
1561 4373 1665 4426 hoc
1723 4390 1952 4443 magnas
2011 4376 2218 4431 referre

628 4469 837 4536 gratias
874 4468 1178 4520 valeamus.
1206 4466 1347 4520 Deus
1371 4466 1719 4534 utnnipoteus
1748 4467 2097 4519 dilectionem
2126 4484 2218 4521 ve—

2320 1993 2629 2041 stantinum
2683 1998 2739 2041 et
2791 1987 3001 2041 lrenem
3044 2000 3273 2042 matrem
3323 1990 3603 2058 epistola,
3655 2006 3911 2059 ςἰθεὲἱιιῐ

2320 2079 2469 2132 male
2517 2079 2587 2131 ab
2626 2080 2709 2131 eis
2742 2094 2942 2133 nomen
2977 2080 3307 2132 universalis
3350 2081 3691 2147 patriarcha:
3728 2096 3907 2133 saneto

2320 2168 2555 2225 Tarasio
2589 2173 2956 2237 attributum;
3005 2174 3211 2242 optime
3259 2173 3581 2242 colligimus
3617 2190 3749 2225 eum
3798 2186 3913 2227 lic

2318 2265 2595 2334 ejusmodi
2627 2265 2850 2318 titulum
2890 2265 3122 2319 honoris
3155 2264 3387 2317 Tarasio
3428 2281 3543 2317 non
3586 2270 3911 2319 eoritut‘sse.

2318 2360 2512 2413 Exstat
2537 2375 2600 2413 ra
2626 2358 2861 2427 epistola
2888 2361 3120 2413 Actione
3149 2359 3393 2413 secunda
3414 2360 3677 2426 ejusdem
3725 2362 3914 2428 synodi

2317 2456 2600 2522 septimae,
2656 2456 2713 2507 in
2777 2454 2938 2522 cujus
2992 2454 3300 2521 posteriore
3342 2464 3503 2520 parte
3547 2453 3629 2505 ita
3680 2456 3911 2505 scribit:

2324 2565 2342 2597 ι
2385 2546 2566 2600 Mirati
2595 2562 2811 2610 sumus,
2842 2546 2990 2615 quod
3017 2546 3071 2599 in
3102 2546 3305 2599 vestris
3331 2546 3917 2614 imperialibesjussis

2319 2654 2420 2708 pro
2452 2638 2764 2706 patriarcha
2793 2639 2961 2707 regia:
2992 2637 3165 2702 urbis,
3199 2638 3411 2691 scilicet
3450 2637 3723 2702 Tarasio,
3772 2642 3916 2693 uire-

2318 2732 2423 2785 ctis
2456 2732 2829 2784 universalem
2864 2730 3068 2783 ibidem
3096 2745 3222 2783 eum
3255 2729 3569 2797 reperimus
3591 2741 3915 2793 exaratum,

2318 2824 2412 2877 sed
2445 2834 2627 2876 utrum
2655 2838 2751 2891 per
2784 2823 3136 2891 imperitiam,
3157 2822 3513 2875 autschisma
3537 2824 3628 2875 vel
3662 2824 3915 2877 lia-resin:

2319 2914 2635 2984 iniquorum
2679 2914 2946 2982 scriptum
2980 2925 3085 2975 est,
3124 2912 3467 2982 ignoramus.
3517 2913 3632 2968 Sed
3660 2917 3919 2984 deinceps

2317 3006 2620 3060 suademus
2682 3016 2881 3061 vestra:
2911 3005 3356 3060 clementissima
3391 3007 3801 3076 imperialique
3830 3022 3921 3076 po-

2318 3099 2534 3163 tentiae,
2596 3108 2656 3151 ut
2704 3099 2933 3152 minime
2980 3099 3034 3151 in
3082 3114 3309 3152 suarum
3341 3101 3748 3152 exarationutn
3785 3101 3922 3153 serie

2320 3189 2653 3243 universalis
2699 3189 3094 3243 describatur:
3142 3190 3267 3258 quia
3324 3199 3520 3243 contra
3577 3204 3920 3245 sanctorum

2320 3282 2544 3335 Patrum
2590 3280 2941 3335 traditionem
2991 3283 3214 3336 decreta
3262 3296 3386 3334 esse
3424 3283 3676 3336 videtur.
3726 3282 3790 3335 In
3839 3299 3922 3336 se-

2320 3372 2504 3426 cundo
2536 3372 2686 3424 enim
2717 3373 2933 3437 ordine,
2976 3372 3022 3426 si
3056 3387 3167 3425 non
3206 3387 3304 3441 per
3339 3382 3545 3426 sanctae
3578 3383 3802 3427 nostra
3834 3389 3924 3427 ca-

2323 3464 2541 3517 tholica:
2574 3473 2628 3517 et
2659 3466 2977 3533 apostolica:
3017 3463 3277 3519 Ecclesia:
3307 3466 3715 3519 auctoritatem
3762 3468 3926 3535 (sicut

2322 3554 2375 3607 in
2410 3557 2671 3609 omnibus
2702 3562 2873 3626 patet)
2907 3573 3189 3625 nunquam
3226 3558 3398 3611 valuit
3431 3572 3642 3611 nomen
3696 3560 3923 3619 habere,

2320 3646 2465 3715 quod
2504 3648 2791 3711 nimirum,
2836 3648 2882 3701 si
2915 3648 3248 3703 universalis
3279 3664 3447 3717 super
3474 3650 3777 3717 pratiatam
3824 3651 3925 3704 sibi

2320 3752 2567 3795 sanctam
2600 3740 2904 3795 Romanam
2939 3742 3271 3807 Ecclesiam,
3323 3758 3446 3810 quae
3488 3753 3577 3797 est
3603 3755 3785 3810 caput
3812 3760 3929 3796 orn-

2322 3834 2473 3886 nium
2508 3833 2602 3886 Dei
2636 3834 3000 3887 ecclesiarqu
3027 3875 3041 3897 ,
3074 3834 3448 3895 describatur,
3483 3844 3767 3903 tanquam
3802 3852 3930 3890 san-

2322 3931 2537 3977 ctarum
2608 3924 2947 3992 synodorum
3025 3923 3284 3977 rebellem
3352 3932 3518 3993 atque
3589 3926 3929 3980 haweticunt

2322 4016 2600 4086 appellare
2634 4031 2695 4069 se
2728 4024 2938 4069 certum
2980 4024 3087 4069 est.
3125 4014 3289 4080 Quia,
3326 4016 3371 4069 si
3415 4016 3770 4071 universalis
3826 4031 3929 4079 est,

2322 4109 2488 4161 etiam
2555 4106 2811 4161 Ecclesiae
2866 4116 3069 4160 nostra:
3125 4107 3273 4161 sedis
3342 4108 3651 4177 primatum
3725 4110 3931 4161 habere

2322 4198 2696 4265 dignoscitur,
2758 4196 2907 4267 quod
2975 4196 3268 4250 ridiculum
3327 4197 3594 4249 onmibus
3667 4196 3933 4251 ﬁdelibus

2325 4288 2664 4343 Christianis
2695 4298 2942 4357 apparet,
2975 4288 3104 4357 quia
3136 4288 3189 4341 in
3218 4298 3333 4341 toto
3360 4289 3493 4342 orbe
3532 4297 3831 4343 terrarum
3869 4293 3933 4342 ab

2324 4382 2449 4449 ipso
2482 4380 2829 4447 redemptore
2877 4380 3064 4432 mundi
3099 4379 3258 4433 beato
3292 4379 3456 4433 Petro
3481 4382 3760 4446 apostolo
3783 4383 3934 4449 p:in-

2321 4478 2536 4546 cipatus
2584 4490 2649 4528 ac
2680 4484 2923 4543 potestas
2959 4476 3080 4526 data
3112 4484 3219 4539 est,
3268 4484 3320 4527 et
3360 4489 3456 4542 per
3481 4475 3761 4527 eumdem
3803 4492 3935 4545 apo-

634 4573 828 4617 stram.
860 4559 902 4611 si
938 4558 1204 4611 stabiliter
1229 4559 1954 4626 permanserit,conservare
1981 4570 2211 4625 annuet;
2247 4574 2293 4628 ι)
2320 4568 2715 4638 διοιυιῃ(ρυ]υε
2750 4568 2833 4621 vel
2893 4567 3151 4620 immeriti
3198 4567 3345 4620 vices
3376 4567 3652 4635 gerimus)
3711 4584 3930 4629 saneta,

628 4661 682 4705 et
710 4651 972 4715 fructum,
1006 4652 1099 4719 qui
1130 4650 1226 4703 tibi
1262 4650 1507 4703 creditus
1535 4658 1648 4712 est,
1700 4666 1865 4719 super
1900 4667 2213 4705 mensuram

630 4741 983 4797 abundantia:
1032 4744 1196 4797 l‘ariat
1247 4744 1553 4808 abundare,
1588 4754 1751 4813 atque
1798 4744 1849 4796 in
1884 4748 2212 4813 sempiterna

631 4836 869 4887 transire
908 4834 1107 4903 gaudia
1149 4836 1335 4890 faciat.
1376 4837 1519 4890 ltcus
1559 4845 1610 4890 te
1653 4836 1982 4889 incolumem
2010 4844 2211 4899 servet,

629 4930 989 4984 dthCliSSllllc
1023 4929 1233 4983 Frater.
1269 4948 1287 4981 ι

699 5022 753 5073 9.
803 5020 925 5075 ΙΙπο
978 5023 1254 5076 Adrianus
1306 5021 1449 5092 Papa
1499 5022 1798 5076 secundum
1848 5037 1933 5087 ca,
1965 5037 2085 5091 qua:
2116 5022 2214 5074 ha-

632 5110 828 5162 bentur
864 5112 916 5162 in
950 5110 1162 5181 synodo
1192 5127 1288 5175 vn,
1313 5110 1380 5165 ab
1399 5112 1696 5166 Anastasio
1724 5110 1916 5165 Latine
1952 5126 2129 5175 versa,
2161 5121 2215 5165 et

631 5200 897 5269 majorem
936 5203 1095 5255 Iidem
1137 5213 1438 5269 merentur,
1477 5219 1639 5270 quam
1681 5218 1800 5271 quae
1851 5203 1903 5255 in
1936 5203 2039 5254 alia
2088 5212 2214 5255 ante

631 5298 845 5363 vulgata
878 5296 1118 5349 editione
1160 5295 1505 5367 legebantur,
1547 5297 1636 5349 ubi
1674 5295 1873 5349 titulus
1917 5294 2040 5347 talis
2088 5302 2210 5347 est:

630 5388 831 5439 Dilecto
868 5385 1053 5439 Fratri
1112 5388 1334 5441 Tarasio
1387 5390 1620 5459 generali
1666 5387 2027 5457 patriarchw:
2062 5387 2150 5438 ubi
2183 5402 2211 5438 ιι

626 5482 878 5533 (ιςιυευιο
914 5482 1172 5549 quopiam
1208 5486 1520 5551 appositum
1565 5484 1794 5534 verbum
1849 5479 2108 5548 generali.
2140 5477 2213 5530 Ita

636 5572 959 5625 universalis
1008 5572 1336 5640 patriarchae
1393 5588 1593 5626 nomen
1647 5572 1823 5625 eidem
1874 5587 1901 5623 υ
1938 5569 2215 5623 nonnullis

635 5662 912 5731 rpiswpis
948 5665 1153 5718 actioni
1188 5666 1446 5719 Secunda:
1470 5666 1663 5736 Sjnodi
1703 5666 1948 5733 septima:
1971 5662 2215 5716 subscri-

634 5754 881 5809 bentihus
942 5758 1265 5812 attributqu
1330 5766 1412 5813 est
1458 5776 1473 5811 :
1533 5759 1609 5811 uti
1658 5759 1849 5811 Anast.
1901 5767 2027 5809 ante
2076 5755 2216 5807 hanc

633 5844 895 5919 synodum
930 5848 993 5901 ad
1036 5850 1301 5905 Joannem
1337 5848 1450 5904 Vlll
1482 5862 1672 5920 papam
1708 5854 1988 5923 prrlatur.
2025 5848 2126 5899 «In
2151 5859 2214 5901 eo

2320 4660 2591 4713 catholica
2650 4667 2705 4711 et
2762 4658 3058 4727 apostolica
3122 4656 3368 4710 Romana
3427 4655 3688 4711 Ecclesia
3755 4675 3931 4726 Usque

2318 4752 2582 4804 hactenus
2607 4760 2660 4802 et
2700 4749 2752 4802 in
2784 4764 2958 4802 aevum
2997 4758 3143 4802 tenet
3178 4749 3546 4817 principatum
3577 4766 3643 4803 ac
3680 4765 3933 4819 potesta-

2318 4841 2385 4894 tis
2415 4840 2795 4893 auctoritatem
2826 4855 2841 4893 :
2875 4848 3167 4906 quatenus,
3195 4838 3337 4906 quod
3394 4850 3501 4888 non
3537 4838 3863 4901 credimus,
3890 4840 3932 4891 si

2315 4931 2587 4999 quispiam
2636 4944 2761 4982 eum
2811 4928 3175 4982 uuiversalem
3218 4928 3644 4994 nuncupaverit,
3697 4930 3792 4982 vel
3844 4944 3933 4981 as-

2319 5038 2543 5077 sensum
2584 5021 2898 5090 pra-buerit,
2948 5020 3089 5074 sciat
3144 5033 3202 5073 se
3250 5020 3575 5072 orthodoxa:
3618 5021 3762 5074 lidei
3814 5037 3936 5075 ﬁse

2320 5116 2582 5176 alienum,
2618 5122 2673 5166 ct
2715 5121 2917 5166 nostra:
2950 5122 3155 5166 sanetae
3187 5110 3471 5164 catholicae
3506 5119 3565 5163 et
3597 5114 3938 5180 apostolitz

2321 5207 2580 5261 licclcsne
2615 5205 2897 5258 rebellem.
2932 5204 3050 5272 ipse
3077 5204 3221 5257 enim
3253 5202 3517 5257 Tarasius
3566 5207 3750 5273 regiae
3786 5206 3937 5259 lll’hiS

2322 5297 2633 5367 patriarcha
2672 5295 2823 5348 misit
2856 5296 3015 5347 nobis
3064 5295 3405 5365 synodicam,
3455 5295 3713 5363 priscam
3764 5297 3939 5351 adma

2318 5390 2473 5459 plens
2508 5386 2987 5450 consuetudinem,
3032 5402 3194 5453 quam
3243 5386 3616 5454 suscipientes
3662 5399 3727 5441 ct
3773 5390 3935 5457 liqui-

2319 5483 2446 5535 dius
2487 5480 2834 5545 indaganles,
2871 5488 2924 5533 ct
2953 5479 3018 5531 de
3047 5476 3393 5532 confessione
3422 5488 3534 5531 tam
3591 5492 3775 5534 recta.-
3814 5482 3935 5533 Ildei

2316 5576 2459 5641 ejus,
2491 5585 2657 5641 quam
2684 5574 3000 5642 dogmatum
3027 5583 3344 5627 sanctarum
3366 5587 3460 5625 sex
3491 5574 3866 5641 synodorum
3889 5584 3935 5623 et

2319 5663 2750 5715 venerandarum
2808 5664 3106 5731 imaginum
3162 5672 3419 5723 ovantes,
3488 5664 3663 5718 nimis
3732 5666 3933 5717 iterum

2321 5756 2522 5809 turbati
2554 5771 2617 5807 ac
2656 5754 2965 5809 contuebati
3010 5771 3221 5817 sumus,
3253 5755 3381 5824 quia
3411 5768 3479 5808 ex
3517 5753 3815 5807 laicorum
3850 5772 3911 5807 or

2321 5843 2444 5903 dine
2475 5859 2524 5903 et
2563 5848 2938 5916 imperialibus
2990 5848 3269 5916 obsequiis
3318 5847 3653 5916 deputatus,
3712 5858 3937 5917 repente
