4092 6438
140 374 261 438 1385

1682 367 1879 430 VlTA.

3270 365 3403 428 1386

129 492 521 563 patriarchatus
578 492 792 547 culmen
851 491 1084 560 adeptus
1134 498 1237 552 est,
1279 499 1331 544 et
1382 488 1702 558 apocaiigus
1730 510 1774 555 Α
1806 485 2258 555 itom:e,paterna
2286 485 2541 557 dogmata
2577 490 2884 553 sequensei
2926 478 3274 535 traditionem
3308 493 3403 530 ea-

130 595 301 639 contra
335 593 656 639 sanctorum
716 597 987 637 canonum
1063 595 1355 636 censuram
1392 579 1566 636 [³61118
1596 588 1702 639 est,

129 676 567 744 patriarcha......
608 675 669 729 lit
703 675 808 729 nisi
850 690 942 744 per
972 674 1092 742 ejus
1126 674 1335 731 ﬁdelem
1368 687 1701 729 concursum

129 782 222 836 pro
246 777 558 823 sanctarum
595 768 894 836 imaginum
922 767 1218 831 crectione,
1255 766 1306 821 in
1336 766 1459 835 ejus
1504 779 1703 820 conse—

127 862 367 915 cratione
420 875 708 915 assensum
763 859 1081 913 omnimodo
1151 859 1396 911 tribuere
1454 857 1702 923 nequivi-

129 967 265 1005 mus.
304 970 322 1001 ι
386 949 768 1005 Subscribitttr
803 948 929 1002 data
969 962 1042 1000 vn
1100 945 1220 999 Kal.
1272 944 1590 1007 Novemltr.,
1620 943 1706 996 in-

129 1043 255 1097 dict.
281 1044 335 1109 9,
366 1043 574 1098 scilicet
606 1056 753 1099 anno
784 1040 905 1095 785.

202 1133 282 1185 10.
316 1132 493 1199 Quam
528 1132 721 1202 procul
752 1131 821 1184 ab
847 1132 994 1184 omni
1022 1129 1168 1184 fastu
1196 1141 1250 1183 et
1281 1128 1563 1181 titulorum
1590 1142 1707 1179 am-

129 1223 324 1279 bitione
364 1223 605 1277 abfuerit
659 1230 885 1277 sanctus
946 1220 1236 1285 Tarasius,
1301 1219 1550 1273 modesta
1585 1219 1706 1287 ejus

130 1315 450 1384 subscriptio
503 1313 698 1385 synodi
755 1326 973 1381 semper
1021 1321 1143 1382 post
1194 1311 1429 1366 vicarios
1482 1310 1706 1362 Adriani

128 1408 296 1477 Papae.
332 1409 456 1462 licet
512 1408 754 1477 episcopi
780 1422 895 1460 non
926 1414 1131 1470 essent,
1169 1405 1333 1466 facta,
1362 1404 1497 1458 satis
1527 1404 1704 1457 docet.

131 1500 204 1554 lta
232 1501 443 1554 Actioni
484 1509 699 1570 quartae
731 1500 799 1553 ita
839 1496 1207 1567 subscripsit:
1241 1515 1259 1548 ι
1299 1495 1564 1550 Tarasius
1604 1494 1707 1547 mi-

130 1593 418 1647 sericordia
441 1590 533 1646 Dei
548 1592 723 1661 episc.
743 1589 1298 1658 Constantinopoleos
1324 1604 1479 1643 novre
1496 1586 1706 1650 Romm,

129 1686 456 1739 confirmans
503 1683 583 1738 sic
632 1698 692 1737 se
742 1682 942 1736 habere
1000 1680 1305 1745 veritatem,
1349 1680 1557 1743 omnia,
1590 1694 1709 1748 qua:

131 1778 377 1851 superius
406 1775 732 1838 eﬂ‘eruntur,
782 1773 1017 1828 libenter
1073 1772 1387 1833 admittens,
1441 1770 1527 1825 his
1580 1771 1709 1823 sub-

1813 579 2030 634 tbolicm
2061 577 2319 633 Ecclesiu-
2356 577 2624 631 deiiniens
2648 574 2971 644 subscripsi.
3008 591 3026 623 ι
3062 570 3118 624 ltt
3157 571 3405 639 Cpistolis

1813 687 1944 726 vero
1981 671 2049 725 ad
2105 670 2485 738 imperatores,
2534 667 2836 722 Adt‘ianum
2876 666 3105 736 Papam,
3156 664 3407 733 aliosque

1814 780 1873 818 se
1903 765 2191 834 indignum
2226 764 2545 833 episcopum
2582 759 2841 832 appellat.
2874 760 3157 813 [labentur
3187 771 3266 812 rte
3294 759 3412 826 epi-

1814 857 1967 911 stolae
1996 856 2100 910 sub
2127 855 2289 910 finem
2328 855 2573 924 ejusdem
2614 852 2809 924 synodi
2850 848 3081 904 Niczente

1891 949 1972 1000 11.
2010 947 2205 1003 Exstat
2238 948 2452 1000 illustre
2484 945 2860 1000 testimonium
2894 943 3069 998 sancti
3105 939 3318 996 Tarasii
3353 942 3408 995 itt

1814 1037 2049 1107 I’rologo
2083 1039 2148 1091 ad
2183 1037 2359 1091 sancti
2395 1036 2652 1089 Dorothei
2678 1032 3144 1088 Archimandrita)
3181 1029 3410 1085 Institu-

1818 1129 1991 1180 tiones
2021 1127 2290 1181 asceticas
2312 1125 2382 1179 ab
2409 1124 2716 1179 orthodoxe
2737 1139 2802 1177 ac.
2829 1123 3090 1194 religioso
3114 1120 3408 1191 scriptore,

1817 1218 2002 1273 forsan
2026 1219 2238 1272 Studita
2271 1217 2569 1280 monacho,
2600 1217 2808 1285 scripto
2841 1214 2927 1269 his
2954 1213 3133 1268 verbis
3168 1228 3181 1264 :
3217 1233 3234 1263 ι
3267 1210 3413 1267 San-

1816 1326 1934 1365 ctos
1977 1311 2097 1365 illus
2146 1311 2296 1363 viros
2349 1308 2617 1373 Marcum,
2668 1306 2893 1371 Isaiam,
2942 1305 3410 1383 Barsanuphium,

1822 1402 2155 1457 Dorothcutn
2181 1412 2235 1454 et
2264 1399 2667 1471 Hesychiutn...
2698 1413 2793 1468 per
2818 1412 3049 1455 examen
3079 1398 3411 1452 sant-tissimi

1819 1496 2147 1564 patriarchae
2178 1493 2413 1556 Tarasii,
2444 1493 2557 1563 jattt
2592 1492 2799 1562 pridem
2832 1506 3053 1547 summo
3106 1490 3415 1549 sacerdotio

1820 1588 2116 1655 fungentis,
2170 1601 2269 1640 nec
2312 1601 2421 1639 non
2469 1585 2703 1639 aliorum
2754 1582 2858 1638 fide
2904 1583 3199 1655 dignorum
3237 1582 3415 1637 homi-

1820 1695 1973 1739 num.
2010 1689 2118 1732 tam
2154 1678 2534 1746 indigenarum
2566 1693 2733 1746 quam
2760 1676 3132 1741 orientalium,
3163 1679 3414 1731 testimo-

1820 1772 1914 1825 nio
1958 1773 2238 1842 probatos,
2284 1787 2349 1828 ex
2403 1779 2634 1840 paterna
2688 1769 2987 1824 traditione
3021 1768 3347 1839 amplector.
3390 1790 3410 1819 ι

131 1869 341 1938 scripsi.
383 1887 401 1920 ι
445 1868 647 1921 lterum
692 1866 921 1919 Actione
952 1865 1181 1935 septima
1217 1882 1271 1916 ει
1313 1862 1576 1919 Tarasius
1606 1864 1710 1916 mi—
1747 1896 1786 1949 Β
1820 1864 2048 1934 Reliqua
2087 1864 2254 1933 hujus
2291 1864 2589 1917 testimonii
2619 1862 2894 1918 edidimus
2931 1877 3097 1932 supra
3131 1862 3198 1916 ad
3235 1858 3413 1915 Vitam

131 1959 424 2014 serit-ordia
481 1957 573 2012 Dei
631 1958 877 2028 episcop.
926 1955 1498 2040 'Constantinopolcos
1559 1969 1714 2009 nov:e

146 2148 292 2160 ᾖ.-

1818 1959 1987 2011 sancti
2021 1956 2259 2011 Desit/rei
2300 1957 2370 2009 9.5
2406 1955 2565 2009 Febr.
2607 1971 2730 2026 pag.
2762 1953 2889 2021 581,
2924 1972 2980 2010 ιι.
3025 1955 3077 2009 1.

3002 2140 3372 2151 -οο--ηι-

933 2270 1219 2332 SANCT]
1273 2271 1596 2337 TARASII
1659 2269 1966 2333 CONSTA
1981 2272 2615 2336 N'I'INOPOLITANI

1623 2455 1904 2546 VITA

1327 2665 1611 2709 AUCTORE
1641 2663 1898 2708 IGNATIO
1933 2665 2251 2710 EPISCOPO.

660 2818 721 2880 (li
755 2816 924 2866 (ἰκρςο
946 2812 1121 2863 Latine
1144 2810 1335 2862 reddita
1369 2825 1395 2857 a
1416 2804 1669 2857 Gentiano
1691 2808 1929 2859 Herveto.
1964 2814 2067 2861 Art.
2108 2815 2295 2871 Suum,
2326 2815 2469 2864 Febr.
2508 2824 2541 2865 l.
2574 2816 2656 2876 ΙΙΙ,
2689 2830 2737 2879 p.
2771 2817 2904 2882 576.)

734 3060 1123 3117 PROLOGUS.

217 3162 259 3213 1.
293 3157 591 3212 Nataturus
621 3170 717 3224 per
758 3156 1033 3226 ingentem
1078 3156 1249 3209 maris
1285 3159 1719 3228 magnitudinem

137 3248 324 3319 inclyti
372 3247 550 3303 Patris
581 3255 635 3301 et
687 3247 793 3299 vita
843 3247 1122 3301 inaccessa
1165 3249 1493 3316 praestantis,
1530 3264 1721 3303 vereor

137 3356 209 3395 ne
238 3339 499 3394 adversos
530 3347 816 3392 ventorum
846 3338 1008 3394 ﬂatus
1031 3339 1231 3411 lingum
1272 3342 1506 3411 agrestis
1537 3350 1589 3395 et
1624 3357 1719 3395 va-

138 3441 348 3487 storum
384 3429 647 3484 fluctuum
677 3432 1033 3487 obscuritatis
1062 3434 1315 3496 excitem,
1351 3434 1640 3503 salumque
1667 3446 1720 3488 et

137 3530 517 3592 tempestatem
544 3522 678 3575 mihi
704 3537 995 3591 procurem
1027 3526 1223 3579 animm
1252 3524 1545 3595 naufragii.
1578 3527 1722 3581 Talis

135 3616 283 3670 enim
325 3624 411 3668 est
442 3613 673 3668 inscitiae
716 3616 1017 3679 temeritas,
1056 3631 1178 3685 qua:
1211 3616 1514 3671 orationem
1551 3618 1724 3672 effun-

134 3707 220 3760 dit
253 3717 512 3782 tanquam
545 3706 778 3775 paleam,
811 3707 878 3761 ad
911 3708 1047 3761 nihil
1080 3709 1225 3778 quod
1256 3709 1325 3765 sit
1355 3721 1722 3778 opportunum

134 3800 564 3864 conducibilem,
604 3810 658 3855 et
698 3798 856 3855 affert
904 3801 1168 3857 damnum
1204 3804 1275 3863 ei.
1322 3804 1467 3872 quod
1512 3815 1727 3874 oportet

138 3893 258 3946 ﬁeri
295 3901 351 3947 et
384 3902 471 3947 est
498 3893 651 3955 utile,
681 3903 737 3948 et
768 3894 820 3947 in
864 3892 1210 3963 naufragium
1266 3894 1456 3949 incidit
1486 3896 1726 3949 multilo-

135 3984 279 4052 quii,
308 3984 453 4053 quod
486 3983 601 4038 fieri
629 4000 734 4038 non
768 3993 968 4053 potest,
1000 3993 1058 4039 ttt
1086 3985 1315 4039 omnino
1345 3984 1568 4056 effugiat
1600 4002 1726 4056 pec-

136 4085 351 4141 catum,
385 4086 444 4129 ut
470 4086 555 4131 est
581 4074 896 4131 Salomonis
918 4085 971 4131 et
1000 4076 1184 4129 divina
1214 4077 1515 4132 admonitio
1539 4076 1721 4147 (Prov.

133 4184 193 4229 ι,
238 4168 349 4230 19).
385 4165 499 4220 Hoc
529 4181 710 4228 meum
747 4165 995 4234 reprimit
1031 4165 1309 4237 ingenium
1340 4178 1395 4223 et
1436 4177 1600 4223 terret
1631 4184 1724 4222 co-

136 4258 500 4327 gitationem,
552 4266 607 4311 et
663 4256 907 4311 refrenat
937 4259 1263 4324 orationem,
1307 4270 1362 4313 et
1413 4260 1721 4314 divinarum

136 4352 243 4405 \iri
287 4351 475 4405 dotum
505 4348 840 4419 profundum
887 4351 1090 4405 intueri
1131 4363 1513 4421 prapcrantem
1552 4365 1727 4406 retar-

132 4444 252 4495 dat.
293 4442 398 4495 Sed
443 4456 567 4496 cum
603 4441 772 4494 altum
819 4441 963 4512 longi
1015 4444 1277 4512 temporis
1328 4442 1601 4497 silentium
1639 4458 1725 4497 res

133 4536 265 4602 ejus
301 4544 489 4602 tegens
517 4542 662 4588 esset
706 4534 1004 4587 multorutn
1038 4535 1267 4587 auribus
1298 4533 1560 4589 damnum
1595 4535 1725 4589 alla-

137 4636 352 4685 turum,
390 4634 448 4679 ut
483 4640 606 4695 qua:
659 4634 952 4679 teneantur
999 4624 1282 4679 desiderio
1317 4626 1585 4680 audiendi
1641 4642 1726 4681 res

132 4719 380 4788 optimas
423 4727 476 4771 et
526 4718 1033 4787 prmstantissimas,
1091 4732 1213 4787 qua:
1258 4719 1326 4772 ab
1369 4718 1463 4772 illo
1512 4720 1563 4773 in
1616 4719 1724 4773 vita

1829 3076 1919 3132 pzo
1951 3076 2001 3118 et
2028 3063 2195 3118 alacri
2227 3066 2413 3119 animo
2440 3067 2637 3125 offerre
2670 3086 2768 3139 pro
2797 3071 3026 3140 viribus,
3052 3075 3153 3131 etsi
3178 3092 3288 3133 non
3318 3094 3420 3151 po-

1829 3168 1947 3210 tero
1975 3157 2220 3211 debitum
2272 3159 2489 3214 solvere
2540 3176 2666 3215 cum
2723 3161 2934 3229 fenore,
2992 3167 3044 3221 in
3084 3185 3149 3225 eo
3196 3174 3415 3242 quidem

1825 3260 1990 3311 certe,
2026 3248 2173 3317 quod
2226 3260 2428 3305 sortem
2465 3268 2776 3318 exerceant,
2817 3267 2869 3310 et
2908 3274 3223 3329 procurem,
3268 3276 3327 3320 ut
3365 3268 3417 3321 ei

1826 3341 1962 3394 nihil
2015 3343 2357 3409 detrahatur,
2415 3363 2510 3401 em
2564 3348 2747 3418 aliqua
2794 3366 2858 3405 ex
2910 3364 3062 3421 parte
3111 3360 3417 3428 accipiendi

1826 3432 2045 3501 (.llattlt.
2079 3451 2236 3499 χχιιι,
2272 3437 2384 3507 25).

2344 3552 2577 3608 CAPUT
2617 3555 2909 3613 PRIMUM.

1827 3640 2076 3695 Probitas
2105 3655 2382 3724 parentum
2413 3649 2585 3724 sancti
2617 3648 2849 3724 Tarusii.
2897 3652 3075 3723 Hujus
3105 3657 3195 3724 pia
3227 3660 3423 3715 edura-

2266 3718 2360 3779 tio,
2394 3718 2692 3772 consularis
2727 3718 2984 3791 dignitas.

1898 3807 1951 3857 2.
1987 3803 2085 3859 llic
2135 3822 2266 3876 ergo
2317 3820 2710 3864 sacrosanctus
2760 3821 2814 3865 et
2852 3830 3086 3883 magnus
3137 3817 3419 3890 Tarasitts,

1827 3897 1920 3966 qui
1956 3896 2161 3951 Christi
2196 3901 2673 3956 mansuetudinem
2715 3914 2768 3957 ct
2823 3906 3184 3965 humilitatem
3221 3916 3290 3967 ab
3334 3917 3421 3970 in-

1828 3984 1994 4040 fantia
2023 4002 2196 4056 usque
2220 3989 2287 4041 ad
2313 4000 2651 4044 senectutem
2679 3993 2922 4051 imitatus
2947 3999 3175 4066 pulchre
3196 4017 3423 4071 expres-

1826 4076 1919 4137 sit,
1960 4076 2012 4127 itt
2053 4075 2233 4143 cujus,
2272 4077 2413 4131 sicut
2443 4080 2596 4147 prius
2642 4079 2778 4143 dixi,
2822 4085 3082 4141 virtutum
3132 4106 3281 4146 mare
3313 4108 3425 4158 me,

1829 4171 1889 4215 ttt
1921 4175 2191 4228 natarent,
2223 4168 2438 4227 demisi,
2487 4171 2742 4236 quisnam
2787 4184 3011 4229 essetet
3042 4179 3206 4243 unde,
3258 4191 3306 4234 el
3355 4200 3419 4238 ex

1828 4272 1935 4325 qua
1971 4258 2143 4325 patria
2181 4268 2233 4312 et
2268 4260 2587 4325 parentibus
2631 4273 2786 4318 ortus
2819 4268 2911 4327 sit,
2964 4269 3199 4324 arduum
3236 4271 3421 4340 fuerit,

1831 4348 1897 4401 iis
1953 4349 2118 4402 etiam
2182 4352 2275 4419 qui
2332 4366 2396 4404 ex
2460 4353 2687 4408 scientia
2730 4358 2912 4411 sciunt
2960 4363 3141 4431 ample
3194 4375 3247 4418 et
3304 4382 3422 4420 nta-

1829 4440 2025 4511 gniﬁce
2076 4442 2276 4509 diccte,
2314 4459 2422 4498 non
2469 4448 2646 4501 solum
2693 4449 2849 4515 mihi,
2903 4454 3061 4522 cujus
3116 4467 3199 4511 est
3263 4460 3422 4528 plane

1830 4532 2051 4587 humilis
2076 4542 2129 4586 et
2174 4533 2383 4602 altjccta
2422 4540 2619 4604 oratio,
2662 4551 2867 4595 tantam
2913 4546 3158 4612 praeclari
3206 4552 3420 4619 generis

1830 4624 1898 4677 ab
1929 4624 2040 4677 alto
2073 4635 2318 4694 repetere
2354 4631 2810 4699 magnitudinem,
2840 4646 2893 4690 et
2925 4651 2955 4690 a
2984 4639 3288 4709 majoribus
3322 4644 3423 4698 de-

1829 4716 2050 4770 ductam
2102 4718 2222 4787 ejus
2259 4720 2486 4789 stirpem
2540 4739 2846 4787 recensere,
2898 4730 2991 4798 qui
3038 4731 3259 4799 gloriari
3311 4750 3418 4789 non

132 4819 309 4880 gesta:
342 4819 488 4872 sunt,
521 4818 579 4863 ut
601 4824 723 4878 quas
752 4808 863 4863 sint
889 4807 1060 4876 plene
1088 4807 1319 4861 utilitate
1348 4808 1544 4861 animm
1565 4825 1579 4867 ;
1604 4823 1723 4877 age,
1760 4831 1804 4885 ο
1831 4808 2233 4876 vultejttsmodi
2266 4810 2544 4878 laudibus,
2576 4830 2750 4886 neque
2780 4818 3075 4877 fluentibus
3098 4824 3302 4879 divitiis
3326 4841 3423 4882 cor

133 4898 547 4966 \‘alerejubens
574 4913 790 4953 omnem
822 4896 1243 4962 dubitationem,
1274 4913 1443 4967 pauca
1477 4897 1723 4968 quaedam

132 4996 205 5046 de
239 4993 380 5061 ipso,
428 5006 550 5061 qua:
578 4991 836 5060 dignatus
862 5004 982 5044 sum
1020 4991 1206 5044 videre
1253 4991 1449 5056 oculis,
1511 5000 1564 5045 et
1607 5006 1727 5060 quae

131 5087 330 5153 accepi
364 5084 611 5145 auribus,
647 5092 699 5135 et
731 5097 851 5151 qua:
898 5082 1011 5150 ipsa
1049 5081 1169 5133 novi
1204 5082 1560 5151 experientia,
1594 5091 1649 5134 et
1673 5082 1727 5137 in

133 5185 267 5228 tuen
314 5172 507 5226 humili
552 5180 604 5225 et
646 5185 814 5240 egena
865 5170 980 5225 scio
1009 5185 1230 5224 manere
1268 5171 1550 5235 memoria,
1599 5186 1724 5227 cum

132 5281 283 5336 pura
332 5275 385 5318 et
421 5265 634 5318 sincera
670 5263 896 5317 veritate
951 5265 1003 5317 in
1057 5267 1230 5318 lucem
1269 5266 1451 5327 cdere,
1485 5268 1527 5320 si
1583 5265 1725 5320 Deus

129 5356 429 5421 concedat,
468 5354 582 5425 jam
642 5356 901 5409 cooabor.
944 5353 1078 5409 Nam
1111 5356 1213 5409 etsi
1255 5371 1361 5409 tton
1404 5355 1607 5425 possim
1640 5358 1725 5410 di-

124 5465 267 5505 cere
302 5462 400 5517 pro
449 5447 737 5518 dignitate,
774 5460 881 5501 non
920 5448 1040 5502 ideo
1075 5449 1389 5503 universum
1425 5448 1673 5503 deseram
1707 5464 1721 5499 :

122 5538 232 5593 δοκι
262 5536 392 5605 quia
419 5536 547 5589 nolo
579 5536 917 5591 abscondere
942 5539 1228 5603 talentum,
1259 5541 1396 5593 sicut
1431 5540 1519 5594 ille
1552 5540 1728 5596 malus

122 5638 185 5682 et
222 5629 383 5697 piger
422 5642 636 5689 servus,
672 5627 794 5682 ideo
824 5629 970 5697 quod
1022 5628 1130 5684 Deo
1163 5641 1377 5700 gratum
1424 5642 1506 5689 est
1544 5647 1724 5701 prom-

206 5742 961 5819 (ιι).Α11ἱεξᾹΕηει”αιεα,ϐι·ῑςε
989 5747 1340 5819 Ἐγκράτεια,
1372 5748 1727 5814 continentia,

128 5822 198 5870 ut
234 5810 382 5867 infra
418 5814 642 5869 dicitur.

474 5910 741 5971 PATROL.
790 5916 901 5974 Gn.
947 5914 1211 5976 XCVIII.

1833 4912 2127 4967 apponere,
2161 4902 2549 4957 convenienter
2596 4906 2783 4960 tiit‘itm
2819 4907 3275 4981 Psalmographo,
3316 4932 3419 4970 un-

1833 5009 1995 5064 quam
2026 5006 2109 5049 est
2144 4997 2438 5052 meditatus
2466 4997 2639 5069 (l’sal.
2669 5018 2779 5068 ut,
2813 5005 2833 5056 l
2869 5004 3070 5076 seqq.).
3104 5006 3220 5063 Hoc
3249 5025 3419 5065 unum

1834 5093 2015 5139 autem
2052 5100 2349 5154 possumus
2397 5090 2604 5156 dicere,
2643 5095 2787 5162 quod
2824 5100 2973 5150 omni
3014 5103 3341 5156 auctoritate
3370 5114 3424 5157 et

1835 5174 2067 5228 maxima
2113 5178 2435 5233 excellentia
2480 5182 2622 5250 apud
2671 5199 2788 5248 eos,
2839 5186 2932 5254 qui
2988 5204 3083 5257 per
3123 5191 3173 5243 id
3206 5200 3422 5263 tempus

1834 5262 2203 5333 imperabant,
2237 5269 2504 5340 Georgius
2537 5274 2659 5341 ejus
2688 5286 2842 5345 pater
2867 5288 2921 5331 et
2953 5280 3027 5331 rei
3060 5296 3258 5336 nomen
3289 5262 3423 5339 cott-

1836 5357 2059 5411 veniens
2106 5361 2299 5414 sortita
2357 5374 2532 5416 mater
2580 5365 2699 5431 ejus
2750 5366 3002 5423 Enr-ratia
3056 5373 3153 5441 (1),
3201 5387 3422 5445 propter

1836 5463 2107 5504 summam
2156 5451 2427 5521 justitiam
2483 5456 2686 5524 primas
2731 5472 2914 5529 partes
2945 5464 3319 5531 obtinuerunt,
3355 5485 3418 5522 ex

1838 5540 2199 5597 Patriciorum
2250 5547 2391 5600 serie
2426 5549 2681 5614 derivati,
2740 5555 2997 5622 appellari
3055 5555 3276 5613 Patricii
3320 5562 3418 5629 (ἢ).

1838 5632 2082 5699 Quorum
2122 5648 2275 5705 pater
2304 5637 2523 5707 quidem
2549 5658 2682 5697 cum
2709 5646 3047 5703 ascendisset
3078 5651 3144 5703 ad
3174 5651 3420 5706 altitudi-

1915 5752 1987 5833 (2)
2026 5752 2235 5837 §omen
2268 5756 2628 5837 Patriciorum
2666 5763 2761 5837 illo
2799 5777 2913 5818 aevo
2947 5765 3000 5819 in
3043 5778 3273 5837 utroque
3312 5767 3418 5822 im-

1839 5828 1992 5893 pono
2035 5828 2276 5884 Orientis
2299 5838 2351 5883 et
2400 5832 2708 5888 Occidentis
2736 5849 2963 5893 summa:
2995 5849 3113 5890 erat
3152 5828 3202 5891 ei
3243 5839 3422 5909 digni-

3020 5927 3094 5989 44
