4092 6438
153 335 286 398 1389

1688 328 1883 389 VITA.

3262 329 3280 391 i
3295 332 3392 392 390

145 464 307 514 quem
344 452 536 514 mpm
569 458 750 496 tl.‘llii"l
782 446 997 516 excepit
1027 443 1282 506 Salamis,
1314 443 1389 514 (7)
1427 451 1609 497 sancte
1641 443 1718 512 (8)
1751 449 1791 503 Α
1825 443 2023 511 accipit
2070 444 2332 511 dolorem,
2375 454 2432 499 ut
2470 446 2518 500 ei
2553 444 2826 500 iiiliieserit
2866 445 3020 497 vibcx
3073 445 3392 499 immedica-

145 547 193 588 rt
241 539 447 603 integre
493 541 706 590 clavum
746 552 939 607 regens
975 536 1285 597 sacerdotii,
1334 549 1459 587 cum
1511 526 1715 587 nefaria

146 629 327 681 adhuc
365 639 564 698 vigere:
609 628 853 691 lircresis,
904 644 1027 698 qua:
1058 635 1282 682 accusat
1331 625 1712 678 Christianos:

144 737 336 774 eorum
366 762 379 785 ,
440 722 662 790 inquam
688 763 699 785 ,
757 723 851 791 qui
921 720 1139 774 abolent
1181 717 1469 788 imaginem
1512 716 1714 769 Christi

144 816 256 867 veri
294 813 387 867 Dei
421 823 592 866 nostri
638 813 827 867 carnis
877 810 1262 881 susceptionis,
1315 818 1369 864 et
1415 809 1554 877 ejus,
1596 822 1718 875 qure

142 920 269 963 cuin
312 920 436 957 vere
467 913 519 956 et
550 906 771 973 proprie
816 904 1023 973 peperit
1067 901 1162 954 Dei
1198 900 1407 962 Matris,
1442 907 1495 953 et
1532 899 1716 951 incor-

145 1010 459 1063 porearum,
501 1005 552 1047 ut
603 996 732 1047 visa:
774 1002 923 1059 sunt,
969 1000 1341 1062 potestatum;
1376 999 1426 1041 et
1455 989 1566 1057 jam
1599 1002 1718 1042 om—

143 1100 243 1137 nes
276 1083 450 1137 sancti
504 1093 908 1152 oppugnatores
958 1081 1034 1151 (9)
1099 1080 1320 1134 haeresis
1377 1093 1405 1131 a
1462 1077 1607 1132 brevi
1666 1085 1718 1128 ct

141 1178 351 1231 caduca
387 1178 487 1230 hac
518 1179 625 1231 vita
668 1178 1061 1242 excessissent,
1093 1186 1147 1228 et
1174 1173 1408 1228 tradut'ti
1436 1180 1619 1225 essent
1650 1171 1715 1223 ad

140 1284 355 1332 eorum,
386 1285 505 1338 qum
531 1269 586 1323 in
624 1270 1063 1340 vita-gesserant,
1105 1282 1227 1337 quae
1256 1267 1314 1320 lit
1347 1266 1480 1328 illic,
1511 1265 1715 1317 discre-

142 1362 388 1423 tionem;
431 1374 483 1415 et
528 1364 855 1431 serpentium
894 1362 1164 1415 doctrina:
1218 1361 1370 1413 virus
1408 1359 1568 1411 etiam
1596 1367 1717 1427 post

139 1456 348 1507 exitum
393 1450 859 1509 evomuisse'ntcx
907 1453 1181 1518 Ecclesia;
1221 1467 1362 1522 περ,το
1410 1451 1615 1505 ferebat
1664 1459 1716 1503 et

141 1547 330 1599 animo
365 1547 665 1614 angebatur
699 1544 923 1606 Paulus,
957 1561 1080 1597 cum
1128 1560 1233 1597 non
1266 1544 1508 1606 haberet,
1543 1543 1633 1611 qui
1667 1542 1712 1594 ei

140 1653 307 1708 Opem
357 1638 547 1703 ferret,
596 1649 647 1691 et
700 1654 922 1691 manum
961 1638 1224 1707 prielzerct
1269 1636 1335 1689 ad
1388 1644 1548 1688 recta:
1591 1633 1712 1686 ﬁdei

142 1731 568 1790 correctionem,
620 1740 907 1799 proritet-ca
940 1728 1087 1797 quod
1141 1742 1334 1781 omnes
1375 1727 1711 1780 adliaerercnt

142 1822 370 1886 hairesi,
445 1835 677 1888 eamque
740 1818 1133 1873 conﬁterentur
1184 1828 1238 1872 ct
1287 1818 1708 1873 assentirentur.

141 1912 299 1980 Capit
363 1911 545 1982 itaque
604 1912 897 1965 consilium
950 1911 1183 1979 dignum
1239 1926 1337 1965 sua
1398 1911 1709 1981 prudentia.

140 2002 277 2056 Nam
316 2020 442 2057 cuni
499 2003 785 2057 incidisset
845 2003 897 2056 iii
937 2004 1211 2068 morbum,
1260 2002 1351 2073 qui
1393 2002 1442 2056 ei
1485 2013 1713 2057 mortem

139 2105 259 2151 erat
314 2098 603 2162 allaturos,
661 2105 713 2150 et
759 2096 1097 2150 deducturus
1151 2097 1218 2150 ad
1267 2097 1563 2167 longmvain
1596 2112 1716 2166 rpite

140 2189 255 2241 illic
299 2197 406 2253 est,
449 2190 881 2254 resolutionem,
926 2204 984 2245 se
1030 2190 1183 2244 .clam
1230 2191 1338 2259 (10)
1387 2192 1641 2246 subducit
1685 2208 1715 2247 e

136 2280 265 2333 sede
312 2298 326 2334 :
374 2289 429 2333 ct
482 2296 604 2335 cum
654 2282 892 2335 venisset
952 2281 1017 2335 ad
1068 2281 1208 2337 Flori
1257 2282 1368 2352 (ll)
1434 2293 1713 2339 monaste-

139 2372 307 2435 rium,
362 2374 414 2426 in
456 2389 742 2427 numerum
804 2375 1198 2429 monachorum
1250 2390 1308 2428 se.
1352 2376 1557 2439 retulit,
1594 2392 1713 2431 mu-

139 2478 252 2523 tato
301 2470 530 2522 amictu.
568 2466 862 2538 Postquam
909 2480 1087 2526 autem
1128 2481 1313 2527 notum
1356 2472 1478 2539 fuit,
1517 2489 1626 2544 quo
1656 2489 1713 2528 se

138 2561 451 2618 demisisset
502 2562 770 2630 pontifex,
830 2561 993 2632 idque
1055 2564 1168 2631 jam
1236 2565 1574 2634 pervenisset
1645 2566 1710 2620 ad

138 2669 301 2707 aures
341 2668 567 2719 eorum,
613 2653 705 2723 qui
774 2670 869 2723 per
917 2655 967 2709 id
1029 2666 1243 2726 tempus
1300 2673 1482 2711 rerum
1537 2658 1714 2727 potieo

138 2744 337 2797 bantur
388 2743 577 2811 (lreue
634 2755 815 2798 autem
849 2755 907 2798 et
952 2745 1349 2802 Constantinus
1394 2746 1516 2815 ejus
1568 2746 1725 2801 ﬁlius.

136 2838 343 2905 primas
367 2839 619 2906 potentia:
648 2849 828 2905 partes
849 2849 979 2892 tunc
1014 2840 1242 2908 pulchre
1265 2839 1634 2909 obtinebant),
1654 2841 1708 2906 ii,

135 2929 287 2997 quod
333 2945 418 2983 res
463 2930 760 2986 accidisset
806 2947 943 2985 nova
996 2941 1048 2984 et
1088 2930 1341 2994 insolita,
1389 2931 1571 2984 animo
1602 2945 1709 2984 non

140 3038 331 3090 parum
390 3023 721 3085 coaturbati,
777 3032 1090 3077 statuerunt
1145 3023 1330 3077 venire
1381 3022 1445 3076 ad
1506 3023 1708 3077 dictum

1822 535 1948 589 bilis
1984 556 1996 591 :
2032 547 2084 590 et
2135 537 2244 606 (19.)
2288 549 2370 592 ter
2399 539 2513 608 jam
2548 554 2641 607 per
2681 554 2877 593 manus
2927 546 2980 591 et
3028 548 3391 592 atramentum

1822 626 2082 696 insCiipta
2114 630 2305 683 haeresi
2343 631 2611 685 assensio.
2658 628 2846 699 Neque
2878 630 3021 683 enim
3072 629 3205 682 milii
3242 629 3394 683 licuit

1819 717 2052 787 effugere
2095 720 2230 775 r'etia
2277 722 2432 777 malas
2467 721 2745 792 opinionis
2790 736 2803 775 :
2843 720 2936 776 sed
2972 722 3193 785 accidit,
3243 732 3303 775 ut
3341 731 3395 775 et

1821 810 2000 878 lingua
2037 821 2086 866 et
2117 828 2280 867 manu
2328 814 2380 866 in
2432 830 2494 869 ea
2535 813 2868 884 implicarcr.
2898 812 3056 878 Quod
3106 813 3272 866 etiam
3308 827 3394 865 me

1822 904 1994 971 magis
2035 905 2206 974 angit,
2241 914 2296 959 ut
2332 907 2475 975 quod
2506 907 2702 961 exedat
2752 919 2945 961 sensus
3006 904 3198 970 animi,
3233 903 3394 958 video

1818 1006 2010 1047 omnes
2037 995 2187 1049 orbis
2220 1005 2486 1049 terrarum
2516 1007 2721 1067 partes,
2778 1013 2900 1069 qua:
2931 998 2983 1050 in
3020 1006 3199 1050 vestra
3228 1011 3391 1049 manu

1822 1092 2083 1155 tanquam
2120 1089 2171 1140 in
2210 1098 2412 1143 statera
2461 1091 2863 1159 appenduntur,
2899 1088 3023 1144 ﬁdei
3061 1088 3391 1142 immobilem

1818 1186 2211 1230 conservantes
2266 1179 2552 1245 trutinam,
2598 1190 2650 1233 et
2703 1182 2755 1238 in
2809 1192 2955 1235 recta
3010 1186 3395 1249 permanentes

1819 1267 2069 1321 doctrina
2103 1277 2156 1321 et
2186 1270 2550 1336 exsultantes,
2601 1271 2669 1325 ah
2703 1268 2943 1326 Ecclesia
2992 1282 3177 1325 nostra
3236 1272 3395 1340 longe

1818 1359 2086 1414 dissidere
2106 1402 2119 1424 ,
2165 1373 2217 1416 et
2246 1373 2503 1433 tanquam
2537 1380 2565 1417 a
2593 1363 2797 1419 Christi
2833 1378 2993 1434 grege
3022 1364 3229 1417 alienas
3267 1378 3396 1416 oves

1819 1454 2103 1522 repellere.
2130 1453 2193 1507 Et
2221 1455 2343 1510 ideo
2368 1470 2566 1509 recuso
2586 1471 2706 1510 esse
2724 1464 2911 1525 pastor
2933 1466 3106 1511 emtus
3134 1455 3391 1519 haeretici,

1817 1552 1870 1597 et
1920 1546 2083 1597 statui
2128 1546 2311 1614 potius
2367 1546 2615 1600 habitare
2670 1546 3005 1615 sepulcrum,
3056 1561 3221 1614 quam
3273 1560 3395 1600 esse

1818 1634 2091 1688 obnoxius
2140 1638 2581 1692 anatlicmatibus
2631 1653 2801 1693 sacra:
2844 1638 3222 1707 quaternioais
3256 1637 3390 1707 (l5),

1820 1726 2031 1779 sedium
2072 1726 2524 1795 apostolicarum.
2563 1725 2669 1779 Sed
2703 1742 2826 1781 eum
2861 1728 3062 1796 sceptri
3095 1727 3391 1795 potentiam

1818 1819 1871 1873 iii
1902 1828 2111 1872 vestras
2137 1834 2333 1873 manus
2359 1818 2501 1873 Deus
2527 1818 2828 1883 tradiderit,
2851 1828 2904 1873 et
2928 1818 3263 1889 imperialem
3292 1834 3391 1874 eu-

1818 1928 1933 1967 ram
1963 1912 2167 1983 geratis
2191 1912 2648 1967 Cliristianissimi
2672 1912 2873 1982 gregis,
2902 1912 2994 1982 qui
3020 1923 3102 1967 est
3128 1914 3231 1968 sub
3257 1916 3391 1978 sole,

1814 2019 1883 2058 ne
1925 2004 2245 2074 despiciatis
2286 2003 2565 2058 tristitiam
2613 2004 2810 2058 matris
2852 2015 3047 2058 vestrm
3099 2004 3352 2059 Ecclesiae
3378 2047 3391 2060 .

1821 2099 1913 2153 sed
1949 2099 2186 2162 studctc,
2220 2108 2281 2152 ut
2310 2113 2371 2152 ea
2403 2113 2596 2153 rursus
2621 2108 2859 2151 veterem
2899 2098 3125 2167 recipiat
3154 2099 3392 2168 pulchri-

1817 2190 2082 2245 tudinem.
2103 2189 2180 2245 Ne
2206 2191 2485 2260 patiamini
2507 2190 2934 2245 abominandam
2968 2190 3219 2245 literesim
3248 2206 3394 2246 nunc

1815 2295 2034 2351 quoque
2074 2292 2335 2351 tanquam
2385 2296 2537 2335 suem
2578 2296 2642 2335 ex
2702 2290 2984 2351 quereeto,
3038 2289 3097 2334 ut
3154 2280 3391 2353 dieftur,

1815 2381 2032 2426 vastare
2080 2386 2143 2425 ae
2172 2371 2403 2440 perdi-re
2438 2371 2651 2424 vineam
2702 2378 2895 2425 vestra:
2938 2372 3306 2439 imperatoriie
3339 2380 3395 2427 et

1816 2464 1991 2519 ﬁdelis
2033 2463 2400 2535 agriculturae,
2432 2473 2485 2518 ct
2529 2478 2555 2515 a
2588 2472 2907 2517 transeunte
2938 2464 3077 2517 viain
3123 2480 3229 2518 non
3265 2468 3392 2518 trita

1814 2566 1869 2610 et
1899 2571 2114 2626 aspera,
2146 2556 2287 2610 mala
2324 2555 2585 2626 Opinione
2617 2555 2847 2623 turpiter
2877 2569 2996 2608 eam
3029 2556 3270 2623 perv-adi.
3298 2555 3395 2609 Est

1816 2649 1970 2702 vobis
1998 2646 2403 2702 scientissimus
2418 2646 2679 2716 agricola,
2697 2646 2787 2716 qui
2809 2646 3005 2700 aluerit
3025 2648 3239 2701 hotrttm
3257 2665 3393 2703 vera:

1813 2741 2201 2805 confessionis,
2239 2748 2293 2794 et
2345 2756 2467 2794 eum
2518 2740 2851 2809 expresserit
2885 2740 2937 2793 in
2976 2740 3160 2795 divina
3207 2752 3394 2796 toreu-

1815 2832 1948 2886 laria
1983 2833 2147 2884 unius
2173 2840 2224 2885 et
2247 2831 2416 2885 solius
2444 2829 2723 2893 Ecclesiae,
2745 2839 2938 2884 etcum
2970 2832 3200 2900 implerit
3222 2844 3395 2887 eratc-

1815 2938 1929 2977 rem
1956 2922 2549 2991 sapientiamparawrit
2578 2921 2893 2977 ﬁdelissimo
2918 2925 3118 2991 populo
3142 2926 3391 2993 p'iculum

1815 3026 1975 3069 rectae
2000 3015 2303 3068 sententize.
2332 3012 2394 3066 Et
2422 3028 2714 3083 quemnam
2749 3015 2894 3069 hunc
2927 3015 3151 3070 innuis?
3176 3016 3222 3072 ei
3245 3018 3394 3071 dixe—

139 3113 561 3167 lDO..ISlCI‘iUIII.
619 3101 916 3184 Postquam
948 3129 1077 3167 vero
1108 3122 1449 3183 agnoverunt
1491 3112 1710 3183 pontiti-
1741 3127 1782 3184 ο
1818 3117 1943 3161 runt
1977 3108 2349 3177 imperatores.
2387 3105 2677 3159 Tarasium
2714 3120 2832 3159 mea
2881 3107 3154 3177 signiﬁcat
3192 3110 3392 3175 oratio,

139 3222 260 3260 ceai
320 3207 563 3261 subiisse
608 3207 853 3260 habitum
913 3207 1261 3271 humilitatis,
1304 3207 1380 3260 ira
1432 3205 1614 3275 repleti
1660 3214 1715 3258 et

138 3310 289 3354 metu
339 3307 667 3368 rogaverunt
710 3313 857 3363 eum,
902 3301 994 3368 qui
1040 3314 1096 3354 se
1143 3299 1209 3352 ad
1254 3307 1458 3351 tantam
1492 3296 1715 3349 dederat

138 3392 453 3454 audaciam,
487 3407 735 3460 qtizeuain
770 3390 964 3444 fuisset
993 3406 1160 3444 causa
1192 3389 1465 3459 pontiﬁcis
1496 3386 1637 3457 fugae
1660 3396 1713 3440 et

139 3493 402 3546 tonsum,
432 3492 747 3550 reputantes
785 3497 914 3536 num
950 3482 1105 3535 nihili
1144 3466 1291 3535 esset
1322 3480 1563 3534 facturus
1588 3496 1713 3548 grii-

139 3590 262 3628 veni
294 3574 639 3643 imperatoris
664 3575 1113 3643 indignationem.
1149 3572 1351 3637 Paulus
1386 3582 1566 3626 autem
1596 3572 1710 3624 miti

137 3680 205 3720 ac
234 3665 441 3733 placida
474 3665 723 3717 oratione
758 3664 916 3732 (talis
949 3662 1094 3716 enim
1130 3671 1267 3725 erat,
1300 3662 1345 3715 si
1374 3661 1515 3715 nllus
1550 3660 1711 3732 alius)

138 3759 280 3811 iram
330 3758 538 3811 leniens
598 3755 1041 3825 imperatoriam,
1098 3755 1372 3823 persuasit
1433 3764 1492 3807 ut
1545 3754 1709 3808 irasci

135 3849 466 3903 desisterent
497 3867 509 3901 :
539 3857 593 3902 et
643 3852 854 3917 aperuit
887 3862 1130 3911 causam,
1176 3862 1298 3916 qua:
1336 3861 1459 3901 eum
1504 3847 1569 3900 ad
1606 3846 1710 3901 hoc

135 3941 450 4003 deduxerat,
487 3940 588 3993 hoc
626 3938 788 3993 modo
826 3939 988 3991 verba
1029 3938 1269 3991 faciens:

210 4034 263 4084 ti.
300 4029 403 4095 Me,
436 4044 470 4082 ο
498 4030 878 4097 imperatores.
929 4041 980 4082 et
1024 4028 1247 4083 morbus
1284 4037 1337 4083 ct
1380 4029 1712 4100 improvisus

136 4125 332 4178 mortis
384 4124 653 4177 adventus
705 4121 884 4191 coegit
938 4122 1041 4175 hoc
1081 4122 1281 4184 facere.
1322 4122 1492 4176 multo
1526 4133 1708 4177 autem

138 4219 314 4290 magis
342 4217 407 4270 ad
452 4217 502 4271 id
538 4214 752 4284 impulit
798 4214 1055 4268 Ecclesia:
1098 4214 1435 4279 deformitas,
1469 4230 1589 4283 qua:
1630 4215 1707 4266 la-

137 4314 297 4367 borat
329 4310 541 4373 hau-esi,
574 4319 628 4362 et
657 4322 721 4361 ex
755 4307 1013 4361 diuturna
1042 4307 1183 4360 mala
1206 4306 1467 4375 opinione
1500 4315 1706 4358 tantum

208 4537 283 4607 (7)
323 4534 460 4607 Aliis
492 4534 789 4597 Salamina,
816 4534 872 4607 iu
904 4529 1102 4607 Notitia
1131 4531 1443 4607 Graecorum
1492 4532 1704 4607 episeo-

137 4602 365 4673 [ιδιιιιιιιι
417 4604 559 4658 facta
619 4618 763 4657 anno
810 4602 917 4655 882
963 4603 1282 4656 Constantia
1319 4641 1331 4665 ,
1392 4604 1708 4669 metropolis

134 4676 319 4735 Cypri.

184 4695 381 4813 ytlgildn
417 4741 784 4809 Clironologia
828 4742 1114 4811 Nicepliori
1148 4757 1159 4790 :
1194 4760 1211 4791 ι
1244 4739 1447 4793 Paulus
1479 4739 1709 4813 Cyprius

139 4809 445 4875 Diaconos,
488 4814 826 4865 nrtliodoxus
875 4826 928 4868 ct
966 4809 1288 4869 Cotil'essor.
1322 4828 1338 4859 ι
1400 4815 1439 4862 Λ
1496 4809 1707 4863 Zoiiara

141 4887 307 4937 etiam
344 4884 543 4936 dicitur
588 4900 605 4931 ι
651 4883 1209 4935 lectororthodmus.
1260 4897 1278 4930 ο

212 4958 287 5023 (υ)
314 4955 489 5022 Aliqui
527 4952 836 5005 referuntur
864 4968 893 5005 a
922 4952 1252 5018 Theophane
1276 4965 1462 5017 supra,
1484 4958 1711 5023 sanctus

138 5020 503 5092 The-eplianes
524 5024 792 5092 martyrii
818 5025 1048 5089 palmam
1079 5031 1411 5092 consecutus
1432 5020 1674 5092 ,Vl'apias
1695 5060 1708 5081 ,

141 5090 445 5161 Strategius
470 5133 485 5157 ,
515 5090 750 5144 Jat-ob’us
785 5091 1246 5157 i’iotospatarius,
1283 5090 1415 5156 Leo,
1446 5091 1707 5153 Thomas,

139 5178 331 5216 omnes
372 5165 533 5215 aulici
570 5161 767 5215 Leonis
806 5162 1185 5230 imperatoris,
1229 5176 1400 5230 quem
1427 5174 1708 5227 perperam

140 5233 408 5286 Bai-cuius
435 5232 672 5284 Leonem
712 5228 1007 5284 Armenum
1044 5231 1233 5285 scribit
1284 5232 1336 5281 in
1389 5228 1543 5282 Notis
1583 5231 1647 5281 ad
1679 5230 1712 5282 4

143 5305 417 5366 Decemb,
453 5318 565 5371 quo
593 5304 679 5356 die
705 5318 859 5356 sacra
890 5318 1080 5357 eorum
1123 5300 1383 5353 memoria
1419 5301 1712 5368 quotannis

140 5374 422 5428 tceohtur.

222 5445 335 5512 (10)
374 5444 465 5496 Die
495 5442 554 5495 51
587 5440 835 5510 Augusti,
860 5439 1132 5512 indict._7,
1161 5455 1305 5512 anno
1340 5439 1551 5507 imperii
1578 5440 1713 5493 Con-

139 5509 364 5569 stantini
390 5524 441 5565 et
474 5512 655 5567 [renes
679 5509 895 5577 quinto.
946 5511 1017 5563 ita
1047 5509 1437 5576 Theophanes,
1471 5512 1560 5577 qui
1600 5513 1714 5563 haec

142 5586 389 5652 pluribus
418 5591 621 5635 narrat.
656 5584 747 5635 list
802 5582 846 5635 is
890 5596 1067 5652 amnis
1093 5580 1212 5652 τεῳ.

213 5654 258 5721 (1
277 5654 323 5723 1)
340 5654 626 5721 Subsi-rips
651 5663 667 5705 t
690 5652 936 5721 sequenti
979 5649 1195 5720 Synodo
1218 5650 1447 5706 Nicmnrc
1472 5650 1712 5721 Ἱλαρέων

141 5726 439 5793 ἡγοὺμινῦς
467 5723 570 5776 τῶν
596 5723 845 5792 Φλώρων.

1818 3203 1909 3271 qui
1962 3208 2048 3253 est
2087 3200 2299 3269 primus
2347 3215 2373 3252 a
2427 3200 2654 3253 secretis
2706 3199 2875 3253 divini
2930 3200 3095 3255 vestri
3157 3202 3392 3270 imperii.

1817 3295 1971 3347 illum
2006 3294 2143 3357 scio,
2166 3298 2217 3345 et
2243 3291 2561 3361 quicunque
2590 3301 2737 3345 recte
2764 3293 2925 3361 sapit,
2952 3291 3248 3348 Ecrlesiain
3272 3310 3395 3349 esse

1816 3394 2128 3457 opportune
2161 3395 2569 3453 suscepturum,
2610 3394 2659 3439 et
2686 3385 2849 3454 virga
2902 3386 3120 3454 quidem
3162 3388 3393 3440 rationis

1815 3476 2083 3546 participe
2116 3475 2384 3529 haeresum
2418 3490 2589 3543 nugas
2612 3490 2734 3529 esse
2762 3484 3075 3529 exacturum
3112 3494 3124 3530 :
3161 3476 3393 3531 docendi

1816 3579 1996 3623 autem
2041 3577 2094 3623 et
2124 3567 2383 3638 pastorali
2424 3568 2621 3620 baculo
2654 3568 3097 3621 iiitrodiictiirum
3145 3578 3199 3629 et
3240 3569 3393 3624 foras

1815 3663 2140 3717 educturum
2172 3660 2239 3714 ad
2269 3658 2481 3715 stabula
2510 3668 2563 3713 et
2592 3661 2851 3713 mandras
2875 3659 3142 3723 veritatis,
3175 3674 3390 3729 gregem

1815 3754 2249 3810 divinissimum.
2282 3754 2415 3808 Cum
2454 3752 2682 3807 auribus
2720 3752 3087 3821 imperatoriis
3122 3754 3200 3807 sic
3228 3756 3391 3807 semi-

1818 3856 2002 3903 nasset
2040 3847 2369 3911 orationem,
2406 3856 2459 3899 et
2495 3861 2615 3900 eam
2650 3845 2927 3899 ent-cisset
2974 3846 3285 3914 genitalem,
3338 3855 3394 3900 et

1816 3957 1938 4011 qua:
1969 3941 2083 4011 jam
2134 3939 2371 3994 fructum
2420 3939 2623 3991 tulerat
2660 3938 2712 3991 iii
2744 3939 3085 4007 centuplum,
3124 3941 3391 4009 gravitate

1816 4033 1994 4088 morbi
2048 4045 2367 4101 oppressus,
2410 4030 2476 4083 ad
2534 4030 2874 4084 tabernaculi
2929 4031 3389 4099 dissolutionem,

1813 4140 1909 4196 per
1938 4135 2168 4178 mortem
2205 4121 2546 4176 conﬁdenter
2573 4120 2884 4184 festinabat,
2916 4122 3326 4176 aediﬁcationem
3353 4137 3387 4177 a

1817 4216 1929 4271 Deo
1961 4231 2058 4285 per
2090 4212 2580 4284 incorruptionem,
2612 4222 2664 4265 ut
2706 4211 2881 4265 diram
2913 4215 3240 4284 apostolico,
3262 4228 3387 4267 sor-

1814 4310 1944 4364 titus
1983 4307 2117 4378 (id).

1885 4530 1996 4602 (I9)
2021 4529 2079 4602 in
2108 4527 2373 4602 rescripto
2406 4525 2795 4602 imperatorum
2818 4522 3165 4602 Constantini
3196 4534 3250 4602 et
3276 4522 3387 4579 Ire.

1811 4593 1909 4656 nes
1952 4593 2171 4677 actione
2283 4593 2506 4677 synodi
2534 4593 2783 4677 Nicaeum,
2838 4609 2959 4663 qua:
2980 4596 3128 4677 ,ξηιιά
3176 4597 3389 4677 caicsz

1810 4672 2065 4739 appellat,
2098 4667 2301 4739 Paulus
2325 4663 2605 4719 inducitur
2634 4665 2839 4739 dixisse
2877 4682 2889 4716 :
2929 4683 2947 4713 c
2978 4663 3055 4716 Eo
3083 4667 3230 4733 quod
3261 4663 3387 4718 cum

1814 4734 2123 4808 huiusmodi
2150 4738 2278 4790 viris
2295 4743 2658 4808 conversatus
2680 4734 2875 4808 fuerim
2908 4743 2956 4808 et
2982 4744 3348 4808 computatus.
3365 4755 3384 4785 ι

1814 4802 1925 4861 Ιιιιῖι
1958 4809 2253 4864 secundum
2291 4806 2676 4872 Theophanem
2703 4845 2718 4867 ,
2756 4823 2772 4854 ι
2803 4802 3023 4857 Ρειῑτὲομὶ
3072 4814 3123 4856 et
3167 4813 3388 4857 senatus

1814 4881 2077 4948 primores
2139 4878 2396 4930 dixeruut
2443 4876 2493 4926 ei
2537 4892 2551 4927 :
2601 4873 2783 4939 Quare
2832 4874 3227 4948 subscripsisti,
3262 4889 3386 4928 eum

1812 4942 2216 5003 consecrareris
2251 4960 2357 4999 non
2397 4954 2447 4997 te
2481 4942 2930 4997 COIISL‘CI‘ﬂlItI'lIID
2961 4942 3221 4997 leonum?
3256 4963 3275 4994 ›

1885 5020 1996 5087 (15)
2039 5017 2297 5071 Romana:
2345 5015 2589 5087 scilicet,
2630 5025 2683 5067 et
2724 5030 2845 5087 qinc
2892 5013 3027 5087 hinc
3059 5015 3389 5087 colliguntur

1814 5090 1939 5143 huic
1978 5084 2274 5142 adlimsisse
2308 5096 2495 5139 contra
2525 5084 2888 5138 Iconoelastas
2914 5125 2927 5147 ,
2968 5084 3349 5137 Alexandiiiiaa
3371 5123 3385 5147 ,

1813 5158 2165 5212 Antiochenam
2190 5166 2241 5209 et
2264 5155 2788 5210 Hierosolt'mitaiite.
2831 5152 2942 5206 Hoc
2966 5156 3251 5206 anathema
3282 5155 3389 5207 leo-

1815 5220 2075 5283 noel'astis
2117 5228 2356 5279 minatus
2392 5235 2476 5276 est
2503 5212 2799 5291 Gregorius
2836 5223 3141 5293 "Liuilla"
3180 5221 3389 5293 Grego—

1814 5302 1929 5351 rius
1956 5297 2041 5361 lll,
2078 5306 2137 5349 ιιι
2176 5311 2241 5349 ex
2270 5295 2561 5347 Anastasio
2588 5288 2638 5345 iii
2672 5296 2865 5345 horum
2894 5288 3041 5356 HM,
3077 5288 3391 5347 Zonara'dc

1816 5368 1993 5422 Leone
2034 5368 2306 5427 Armeno,
2358 5364 2588 5430 aliisque
2636 5370 2870 5415 constat.
2911 5361 3066 5426 Quod
3103 5365 3388 5415 anathema

1816 5454 1944 5493 num
1996 5435 2190 5504 reliqui
2247 5435 2518 5487 dictarum
2570 5432 2940 5485 Eeclesiarum
2990 5432 3221 5501 amplexi
3279 5433 3392 5485 sint

1816 5508 2173 5578 patriai-clm,
2208 5504 2335 5556 hinc
2368 5506 2553 5578 liquet:

1885 5578 1997 5645 (14)
2035 5576 2110 5629 Ex
2161 5568 2339 5633 nunc,
2407 5568 3015 5645 inquit_Tli_eophanes,
3071 5568 3231 5638 cmpit
3283 5568 3387 5645 diei

1815 5657 1869 5703 et
1894 5640 2165 5715 disputari
2225 5659 2391 5710 super
2440 5642 2644 5698 sanctis
2706 5643 3037 5713 imaginibus
3098 5654 3279 5696 Sermo
3322 5640 3392 5696 ab

1819 5718 2075 5773 omnibus
2109 5730 2231 5770 cum
2269 5715 2484 5767 ﬁducia.
