4092 6438
753 410 878 476 1391

1350 516 1573 569 CAPUT
1619 515 1700 568 Ill.

745 651 929 706 Sam-Ii
978 652 1183 701 Τέω-ανῆ
1225 650 1405 700 etauio
1445 661 1490 700 et
1534 648 1858 699 ronsecratio
1915 645 2310 712 patriarchalis.

820 788 866 838 7.
902 786 961 837 F.t
993 787 1071 838 sic.
1108 785 1325 853 quidem
1363 797 1421 836 se
1461 785 1630 851 gessit
1663 779 1861 834 Paulus
1897 800 1906 830 :
1958 782 2315 847 imperatores

747 890 927 932 autem
971 879 1020 929 in
1057 877 1289 946 pastoris
1337 875 1603 927 electione
1653 881 1886 924 mentem
1929 872 2190 924 habentes
2220 883 2315 921 oe-

745 978 1020 1038 rupatam,
1058 978 1108 1020 et
1140 965 1286 1018 Pauli
1323 979 1573 1019 sermone
1608 962 1892 1022 stimulati,
1929 961 1981 1012 in
2028 959 2316 1012 Tarasiutn

747 1068 928 1125 aperte
974 1055 1213 1126 defigunt
1246 1056 1434 1108 oculos
1471 1071 1484 1104 :
1529 1062 1580 1104 ct
1639 1067 1782 1112 cum,
1822 1050 1929 1104 Deo
1979 1050 2210 1110 volente,
2262 1057 2320 1101 ut

749 1149 968 1200 viduato
999 1147 1145 1213 gregi
1180 1153 1452 1212 prrccsset,
1485 1142 1760 1193 communi
1801 1154 2067 1193 consensu
2101 1139 2319 1206 sapien-

750 1251 826 1292 ter
875 1239 1101 1307 eligunt.
1142 1236 1230 1287 Eis
1273 1235 1692 1295 assentiebatur,
1738 1232 1998 1300 quidquid
2033 1239 2151 1283 erat
2177 1231 2319 1298 opti-

749 1345 896 1383 mum
941 1338 993 1379 et
1028 1326 1540 1396 praestantissimum
1581 1338 1608 1376 e
1651 1336 1809 1373 sacro
1860 1330 2073 1380 senatu,
2102 1319 2319 1372 divinus

749 1422 905 1490 plane
928 1428 1101 1472 etetus
1137 1436 1148 1469 :
1188 1427 1242 1469 ιιι
1281 1416 1370 1485 qui
1402 1416 1625 1467 omnino
1677 1413 1878 1466 scirent
1911 1414 2086 1464 virum
2117 1413 2168 1464 iu
2197 1425 2318 1463 ont-

754 1513 912 1564 nibus
960 1509 1304 1579 praefulgcre,
1364 1517 1415 1560 et
1470 1507 1715 1574 dignum,
1767 1505 1852 1557 cui
1903 1501 2321 1556 demandaretur

750 1605 989 1672 dignitas
1041 1600 1349 1669 pastoralis.
1387 1597 1662 1664 Quidquid
1717 1605 1895 1650 autem
1951 1604 2069 1648 erat
2117 1593 2320 1662 promi-

753 1707 942 1746 scuum
976 1689 1492 1750 circumforaneum,
1525 1699 1576 1739 ct
1607 1687 1885 1740 lucernam
1921 1686 2192 1740 redolcbat
2214 1685 2324 1738 hm-

754 1784 1001 1844 retieam,
1043 1779 1219 1834 Patris
1261 1779 1628 1838 sanctitatem,
1660 1779 1822 1832 etiam
1855 1789 1978 1830 ante
2013 1791 2223 1830 sacram
2255 1776 2322 1828 ab

1833 409 1889 467 S.
1931 406 2237 466 TARASII
2295 406 2798 465 PATRIARCIIE
2848 405 2953 462 CP.

2346 521 2388 576 Α
2417 511 2785 580 prehendatur
2809 510 2950 578 quod
2981 508 3339 562 desideratur.
3373 508 3614 576 Tempus
3654 519 3742 560 est
3771 524 3903 570 ergo.
3927 527 3959 560 u'.

3875 401 3957 463 ιιιε

2417 611 2741 654 contcxatur
2781 602 3042 668 praeclara
3079 611 3131 652 et
3173 601 3331 652 valde
3359 599 3594 666 optanda
3629 599 3889 652 Ecclesia
3912 613 3960 653 tu-

2419 693 2560 752 nica,
2593 707 2755 760 quam
2802 691 2966 744 scidit
3014 691 3181 758 pestis
3213 692 3453 743 haeresis.
3498 690 3660 743 Nunc
3708 694 3959 758 appropin.

2419 791 2549 852 quat
2573 785 2688 836 dies
2725 781 2952 850 insignis
2982 791 3034 834 et
3067 781 3345 842 salutaris,
3378 783 3429 833 in
3455 797 3567 850 quo
3600 782 3864 835 Christus
3886 801 3962 837 crs-

2421 887 2542 927 sare
2591 873 2794 926 faciens
2837 871 3114 925 fremitum
3162 875 3366 926 erroris
3406 873 3865 934 simulacrorum,
3907 892 3962 926 ιιι-

2421 963 2538 1016 nuit
2577 964 2816 1032 copiosis
2871 963 2987 1017 suis
3043 963 3510 1026 miserationibus,
3569 976 3631 1017 ut
3679 966 3811 1032 ejus
3852 982 3963 1016 vene-

2421 1056 2590 1108 randa
2625 1057 2930 1124 erigeretur
2968 1064 3172 1116 statua,
3199 1057 3343 1124 quod
3397 1060 3598 1110 attinet
3651 1057 3724 1108 ad
3759 1058 3963 1108 humani-

2424 1154 2608 1198 tatem.
2644 1144 2942 1199 Transiens
2971 1162 3104 1214 ergo
3142 1147 3207 1199 ad
3242 1157 3452 1216 septum
3501 1147 3840 1207 sacerdotii,
3877 1165 3961 1201 ειτιτι

2423 1241 2689 1294 adversus
2728 1239 2977 1291 haeresim
3013 1239 3400 1301 decertaveris,
3433 1253 3571 1292 cane
3605 1240 3852 1291 victarize
3877 1257 3964 1291 (ιφ

2424 1333 2590 1386 ticum
2623 1331 2882 1384 adversus
2932 1330 3204 1384 inimicos.
3254 1332 3297 1383 Α
3336 1331 3445 1384 Deo
3492 1331 3794 1399 premium
3833 1343 3874 1384 et
3901 1346 3963 1383 cu.

2423 1438 2614 1476 ronam
2645 1433 2986 1492 accepturus,
3018 1424 3294 1492 egredere.

2493 1515 2545 1567 9.
2589 1516 2850 1569 Tarasius
2905 1525 3082 1568 antem
3135 1509 3477 1584 imperatoris
3515 1516 3854 1568 allocutione
3897 1518 3964 1566 ob-

2425 1605 2786 1676 stupefactus,
2821 1616 2874 1660 et
2905 1616 3162 1676 tanquam
3201 1622 3230 1659 a
3269 1607 3482 1660 etelesti
3517 1607 3720 1674 aliquo
3770 1622 3887 1660 sono
3913 1620 3966 1657 at-

2428 1699 2656 1760 tonitus,
2699 1697 2978 1765 respondit
3010 1697 3061 1749 in
3098 1698 3236 1751 hanc
3287 1698 3626 1751 sententiam
3665 1699 3736 1749 ad
3783 1713 3856 1758 ea,
3883 1714 3967 1764 qua

2425 1787 2567 1840 dicta
2611 1785 2827 1840 fuerant
2855 1805 2866 1840 :
2893 1786 3290 1858 Tempestatem
3319 1787 3566 1858 quidem,
3597 1804 3731 1857 qua:
3773 1789 3821 1839 in
3852 1792 3967 1840 fidem

751 1891 816 1928 eo
845 1884 1120 1942 acceptam
1163 1883 1388 1935 vestem,
1444 1880 1499 1923 ut
1559 1872 1623 1923 ad
1671 1871 2000 1938 arguentium
2036 1869 2324 1921 vehemen-

2432 1885 2479 1931 et
2504 1877 2820 1931 universum
2853 1892 3145 1932 commune
3169 1879 3519 1931 vehementer
3545 1879 3741 1939 irruit,
3775 1889 3820 1929 et
3843 1895 3968 1942 usque

756 1969 1019 2021 tissimam
1051 1978 1104 2019 ct
1155 1964 1557 2026 acutissimam,
1613 1973 1922 2031 suspectam
1977 1961 2183 2015 habens
2234 1973 2321 2013 se-

755 2060 928 2112 curim
957 2100 970 2122 ,
1021 2057 1238 2110 uolebat
1287 2054 1542 2110 assentiri
1600 2055 1981 2108 communibus
2027 2052 2320 2116 suffragiis,

757 2167 861 2205 non
898 2152 1082 2204 volens
1115 2149 1183 2203 ab
1239 2149 1460 2216 antiqua
1503 2163 1597 2202 sna
1649 2147 1971 2215 resipiscere
2001 2147 2267 2201 sententia
2307 2187 2319 2198 .

755 2253 808 2298 et
836 2244 1070 2297 malebat
1105 2241 1307 2296 involvi
1340 2254 1498 2294 coeno
1540 2241 1653 2293 limi
1705 2241 1992 2299 haereseos.
2028 2254 2189 2308 quam
2231 2253 2320 2307 po-

758 2337 858 2388 tari
892 2336 1105 2388 \ivilico
1128 2333 1336 2386 fluento
1363 2331 1484 2400 puri
1525 2338 1580 2385 et
1628 2331 2003 2399 imperturbati
2036 2330 2199 2383 fontis
2228 2332 2322 2382 do-

757 2427 945 2480 ctriute
969 2423 1206 2477 Tarasii.
1257 2423 1361 2478 Sed
1398 2423 1528 2476 vicit
1566 2423 1640 2486 id,
1673 2423 1815 2491 quod
1840 2422 2044 2490 justum
2079 2432 2192 2475 erat
2227 2441 2238 2473 :
2272 2430 2324 2474 et

763 2518 1059 2570 admissum
1097 2525 1199 2579 est,
1247 2514 1390 2583 quod
1427 2529 1525 2582 pro
1573 2515 1770 2581 pietate
1810 2512 2100 2577 ferebatur,
2137 2514 2323 2567 decre-

759 2623 894 2662 ttnn.
922 2605 1121 2660 Juheut
1161 2606 1346 2674 itaque
1389 2605 1744 2673 imperatores
1773 2604 1953 2656 statim
1987 2617 2171 2658 coram
2207 2606 2324 2658 sisti

759 2699 1072 2761 Tarasium,
1107 2705 1187 2758 ut,
1231 2711 1352 2764 quae
1384 2693 1494 2748 Deo
1522 2693 1847 2748 videbantur
1892 2705 1946 2748 et
1979 2694 2185 2763 legibus
2231 2709 2325 2747 ec-

759 2787 1104 2849 clesiasticis,
1136 2786 1255 2854 jura
1298 2784 1352 2838 in
1399 2799 1466 2838 co
1510 2786 1917 2839 confirmarent.
1952 2783 2046 2838 Ille
2080 2799 2206 2838 vero
2236 2785 2328 2836 ad-

761 2891 876 2933 orat
906 2895 1030 2932 cum
1065 2879 1149 2947 pia
1181 2887 1235 2931 et
1271 2879 1501 2932 honesta
1539 2877 1737 2946 specie,
1775 2885 1829 2929 et
1859 2890 1996 2945 quas
2026 2891 2054 2928 a
2091 2876 2198 2928 Deo
2231 2877 2327 2926 ha-

766 2973 942 3033 bebat,
977 2970 1167 3038 gratiis
1194 2968 1569 3023 circumdatus
1601 2989 1610 3021 :
1643 2967 1784 3035 apud
1816 2982 1974 3035 quem
2007 2966 2247 3018 honestis
2277 2974 2328 3016 et

761 3064 989 3133 egregiis
1018 3072 1240 3129 agentes
1271 3059 1645 3122 sermonibrts,
1679 3070 1731 3113 et
1767 3069 2021 3128 tanquam
2064 3059 2174 3126 jam
2204 3072 2324 3110 cum

2425 1969 2492 2023 ad
2522 1969 2872 2024 fundamenta
2900 1968 3200 2023 Ecclesiam
3233 1971 3558 2038 periculosis
3589 1971 3818 2039 agitarit
3849 1969 3971 2022 ﬂucti-

2425 2062 2550 2126 bus,
2584 2071 2638 2115 et
2669 2061 2866 2114 animae
2895 2059 3242 2130 naufragium
3273 2061 3460 2115 multis
3489 2064 3838 2124 conciliavit,
3867 2069 3971 2113 nm

2423 2160 2508 2204 est
2552 2154 2724 2212 auris,
2759 2167 2882 2221 quae
2927 2167 3036 2206 non
3086 2154 3378 2221 acceperit,
3413 2155 3642 2207 etiamsi
3685 2157 3839 2222 pauci
3876 2155 3969 2207 eﬂi-

2426 2244 2605 2314 gerint
2628 2245 2734 2296 vim
2762 2245 3032 2312 procellae.
3063 2243 3218 2299 Hunc
3241 2260 3369 2298 vero
3404 2247 3601 2300 sedare
3640 2250 3913 2302 turbinem.
3939 2263 3973 2300 et

2427 2340 2706 2383 nocturnae
2735 2346 2928 2398 pugnze
2951 2331 3077 2384 luna
3108 2347 3214 2385 non
3245 2333 3457 2387 lucente
3493 2336 3643 2388 hanc
3678 2352 3866 2403 pacare
3886 2356 3975 2402 prr-

2426 2419 2639 2485 cellam,
2693 2422 2870 2486 majus
2902 2429 3006 2486 est,
3065 2437 3232 2490 quam
3285 2433 3344 2476 ut
3380 2426 3506 2477 ullze
3542 2428 3699 2478 vires
3745 2428 3790 2477 id
3822 2442 3976 2494 qucaet

2429 2521 2710 2579 pratstare.
2735 2511 2868 2576 Quis
2891 2514 3058 2576 enim,
3091 2529 3211 2584 qua!
3235 2524 3340 2568 tam
3370 2515 3579 2569 nefarie
3612 2519 3863 2579 invaluit,
3887 2537 3978 2571 car.

2428 2605 2798 2669 suetudinem,
2855 2615 2908 2659 et
2961 2617 3168 2660 naturae
3219 2609 3328 2660 vim
3376 2608 3612 2675 accepit,
3669 2613 3974 2662 eliminatur

2429 2697 2820 2765 propemodum
2855 2696 3215 2766 jurejurando
3245 2700 3422 2767 adegit
3459 2701 3747 2755 adversus
3787 2703 3978 2754 divit-am

2428 2795 2773 2851 potestatem,
2804 2788 3155 2852 converterit,
3194 2798 3248 2842 et
3276 2787 3463 2842 fecerit
3504 2790 3737 2845 discere
3775 2794 3902 2859 quod
3927 2807 3981 2844 est

2429 2876 2646 2937 melius,
2696 2876 2799 2930 nisi
2853 2877 2992 2933 Deus
3036 2879 3308 2948 aspexerit
3343 2889 3396 2932 et
3434 2880 3763 2934 defenderit
3795 2895 3982 2936 \estranz

2430 2965 2670 3019 divinam
2716 2972 3080 3035 potestatem?
3124 2969 3389 3032 Ecclesia,
3437 2985 3562 3038 quze
3615 2973 3983 3038 ilnpiefﬁti52)-

2432 3057 2660 3110 ranuide
2705 3058 2835 3112 olim
2873 3057 2975 3113 fuit
3009 3070 3172 3115 exuta
3203 3062 3405 3114 veteris
3448 3061 3683 3116 decoris
3736 3063 3985 3131 pulchriu-

765 3156 944 3218 Patre,
971 3153 1036 3208 de
1061 3169 1126 3207 eo
1156 3154 1300 3222 quod
1332 3161 1450 3206 erat
1483 3160 1670 3221 postea
1703 3151 2171 3215 constituendum,
2197 3165 2326 3204 con-
2359 3187 2400 3240 Ο
2433 3149 2577 3212 dine,
2621 3150 2920 3223 lacerisque
2964 3155 3161 3222 pannis
3203 3153 3294 3206 diu
3349 3169 3472 3207 esse
3529 3155 3739 3208 induta
3774 3158 3986 3208 sustinuit

764 3251 944 3303 silium
978 3248 1254 3312 ineuntes,
1287 3246 1370 3300 usi
1406 3254 1536 3300 sunt
1559 3245 1741 3300 verbis
1770 3245 2036 3315 ejusmodi
2081 3261 2091 3294 ε

833 3340 887 3394 8.
913 3337 1030 3393 Non
1073 3349 1329 3408 putamus
1377 3339 1546 3392 latere
1589 3347 1734 3392 tuam
1785 3338 2154 3406 prudentiam,
2190 3339 2333 3406 quod

765 3429 1055 3496 praateritis
1109 3427 1448 3498 temporibus
1500 3427 1799 3481 Ecclesium
1871 3428 2070 3480 invasit
2132 3427 2336 3496 vertigo

769 3521 1033 3576 haeretica:
1057 3520 1327 3589 caliginis,
1359 3534 1478 3588 qua!
1504 3519 1675 3572 nihilo
1704 3518 2039 3572 tolerabilius
2064 3532 2180 3570 cam
2211 3532 2339 3586 ope-

770 3614 896 3678 ruit,
956 3627 1116 3680 quam
1155 3627 1293 3666 nova
1345 3611 1497 3681 plaga
1541 3609 1880 3681 Egyptiaca,
1945 3610 2203 3672 tenebras,
2260 3611 2340 3660 in-

767 3722 955 3775 quam,
1013 3706 1330 3774 palpabiles.
1387 3713 1441 3758 et
1493 3718 1664 3771 usque
1697 3705 1748 3756 in
1809 3703 2132 3756 hodiernum
2195 3700 2338 3754 diem

768 3796 947 3849 cancri
985 3812 1135 3849 more
1172 3795 1346 3864 serpit
1379 3810 1474 3863 per
1505 3809 1722 3864 gregem
1754 3810 1766 3844 :
1801 3802 1852 3847 et
1899 3808 1990 3862 per
2026 3793 2338 3845 universum

769 3887 882 3940 fere
918 3886 1182 3939 mundum
1234 3886 1288 3937 in
1335 3887 1572 3938 animant
1605 3885 1904 3939 commovit
1943 3894 2336 3954 tempestatem.

771 3977 901 4039 Sed,
941 3977 1204 4045 quoniam
1237 3975 1380 4030 Deus
1414 3976 1676 4030 ineffabili
1725 3987 1858 4029 nutu
1898 3993 2014 4029 eam
2064 3977 2339 4045 produxit,

769 4070 888 4138 ejus
913 4069 1190 4129 ductores,
1227 4068 1320 4136 qui
1364 4081 1472 4120 non
1511 4068 1660 4135 justo
1701 4067 1905 4136 justum
1939 4069 2194 4139 persequi
2237 4077 2343 4121 sta-

773 4167 1006 4222 tuerant,
1035 4158 1183 4227 justo
1206 4158 1415 4225 judicio
1463 4158 1529 4211 ab
1578 4158 1808 4234 imperio
1835 4159 2036 4210 exeruit
2065 4169 2116 4209 ct
2149 4173 2175 4210 a
2209 4158 2340 4222 vita,

772 4264 823 4304 et
851 4261 1107 4317 tanquam
1142 4249 1450 4316 lampadem
1475 4249 1857 4317 prteluceutem
1886 4256 2125 4301 nostram
2153 4261 2339 4300 accen-

771 4343 850 4393 dit
883 4340 1204 4408 potcr.tiam,
1254 4349 1311 4391 ut
1363 4340 1514 4390 malm.
1562 4338 1836 4405 opinionis
1878 4337 2162 4405 abigamus
2199 4345 2344 4388 tene-

775 4436 919 4493 bras,
955 4440 1005 4482 ct
1042 4429 1308 4481 faciamus
1352 4430 1553 4482 exoriri
1600 4429 1770 4481 solem
1821 4427 2184 4493 cognitionis;
2221 4441 2345 4480 cccc

2437 3252 2653 3310 propter
2684 3244 2858 3310 putria
2892 3251 2944 3296 ct
2975 3245 3242 3298 imbecilla
3281 3243 3540 3315 dogmata
3585 3247 3848 3307 haeresis,
3883 3262 3984 3298 uurc

2439 3348 2466 3385 a
2499 3331 2606 3386 Deo
2642 3333 2794 3387 vobis
2817 3342 3043 3388 ornetur
3071 3335 3178 3404 piis
3209 3335 3595 3389 varietatibus.
3641 3337 3751 3389 Per
3782 3353 3871 3390 vos
3896 3353 3987 3402 ergo

2442 3434 2768 3477 renoventur
2803 3425 3052 3478 mandata
3083 3427 3474 3494 apostolorum,
3508 3441 3614 3494 per
3666 3443 3795 3496 qua:
3825 3428 3988 3479 refulsit

2439 3515 2695 3582 splendor
2724 3529 2864 3567 verm
2910 3514 3054 3568 ﬁdei.
3111 3515 3396 3584 Respireut
3448 3533 3753 3571 sacrarum
3803 3522 3990 3584 synodo-

2442 3625 2559 3661 rum
2594 3624 2727 3678 pura
2769 3609 3005 3671 decreta,
3033 3623 3152 3676 quae
3192 3607 3534 3677 evangelicis
3592 3619 3888 3662 servantur
3918 3622 3992 3659 ιιει-

2441 3700 2764 3761 ditiouibus,
2809 3714 2909 3752 nec
2956 3700 3232 3752 sustinent
3287 3701 3338 3752 in
3392 3712 3678 3752 aeternum
3723 3703 3836 3753 ullo
3879 3707 3994 3751 nlo-1n

2444 3804 2602 3857 posse
2656 3789 2876 3858 surripi.
2936 3789 3265 3857 Aperiantur
3326 3790 3606 3841 vestibula
3679 3800 3994 3858 paternorum

2442 3881 2781 3950 dogntatum,
2817 3889 2870 3933 et
2899 3879 3104 3932 Christi
3138 3879 3405 3949 pecudum
3443 3882 3494 3931 in
3523 3880 3615 3935 cis
3647 3898 3849 3947 greges
3875 3896 3996 3933 tua»

2443 3983 2590 4036 cant,
2641 3983 2692 4025 ct
2725 3982 2980 4041 tanquam
3014 3987 3076 4024 ex
3137 3971 3321 4025 divino
3358 3972 3627 4040 paradiso
3673 3976 3953 4026 corditeant
3988 3993 3994 4002 ν

2444 4063 2746 4115 doctrinam
2783 4071 2943 4114 recta:
2969 4059 3353 4115 confessionis.
3382 4062 3486 4116 Per
3526 4061 3902 4131 Caiphaicum
3928 4069 3986 4114 ,1-

2445 4156 2588 4207 enim
2622 4155 2910 4208 eonci!ium
2947 4153 3088 4207 facta
3119 4164 3201 4207 est
3237 4155 3449 4206 abortio
3480 4154 3639 4208 fetus
3671 4147 3912 4208 hmresis.
3939 4161 4002 4207 ιπ-

2446 4247 2840 4298 mcumcnicam
2893 4247 3158 4314 synodum
3211 4257 3507 4298 nascantur
3549 4247 3656 4298 filii
3699 4247 4000 4301 Ecclesiae-

2446 4337 2510 4388 ad
2540 4350 2847 4388 mensuram
2881 4339 3056 4388 aetatis
3082 4335 3282 4388 Christi
3312 4337 3738 4389 incrementum
3762 4341 4003 4404 actiptun.

2448 4427 2580 4480 Nam
2605 4429 2648 4481 si
2680 4432 2781 4481 hoc
2816 4431 3014 4480 factum
3044 4427 3229 4488 fuerit,
3255 4437 3307 4480 et
3338 4428 3568 4494 antiqua
3604 4445 3678 4480 ac
3715 4432 3888 4497 prima
3917 4447 4005 4476 am-

777 4533 824 4574 te
856 4510 1153 4576 evocamus
1199 4519 1542 4572 defensorem
1594 4527 1646 4570 et
1677 4525 2150 4586 prepuguatorem,
2191 4527 2242 4569 et
2275 4517 2338 4569 ad
2374 4520 2418 4574 D
2446 4527 2565 4570 ctus
2605 4517 2868 4584 dignitate
2921 4516 3084 4568 fuerit
3131 4517 3405 4574 decorata.
3462 4527 3514 4568 ct
3577 4532 3742 4570 vene
3787 4521 4007 4585 [ψιηιῌεηκ

779 4619 876 4667 hoc
907 4623 1182 4665 certamen
1215 4609 1540 4677 adjutorem,
1573 4608 1742 4676 utqui
1776 4610 2015 4660 sciamus
2039 4615 2090 4660 te
2122 4607 2344 4673 pulchre

779 4719 934 4773 posse
970 4703 1172 4755 armari
1227 4701 1291 4754 ad
1352 4710 1553 4752 rectam
1609 4697 1860 4751 tuendam
1898 4697 2247 4756 sententiam,
2294 4706 2347 4748 et

775 4797 978 4855 structa
1010 4811 1071 4849 ex
1112 4795 1374 4847 divinitus
1412 4793 1693 4860 inSpiratis
1728 4791 2028 4860 Seripturis
2075 4793 2210 4851 acie,
2249 4805 2346 4858 pro

775 4908 837 4944 ea
875 4890 1166 4958 conﬂigere
1199 4898 1250 4940 ct
1303 4896 1352 4938 te
1405 4887 1660 4953 prasclare
1692 4899 1895 4954 gerere.
1928 4882 2002 4936 Nc
2039 4897 2166 4951 ergo
2199 4894 2345 4949 terga

777 4993 957 5034 vertas
990 4981 1059 5032 oh
1100 4995 1185 5042 ea,
1233 4995 1353 5047 qua!
1387 4978 1470 5046 pie
1533 4993 1561 5028 a
1599 4977 1754 5028 nobis
1801 4985 2196 5042 proponuntur,
2253 4973 2344 5040 qui

780 5074 1076 5127 mundanis
1105 5073 1297 5138 opibus
1327 5081 1378 5123 ct
1406 5070 1578 5138 copiis
1604 5067 1886 5120 studemus
1927 5081 2214 5134 procurare
2257 5081 2348 5132 pa-

778 5171 858 5219 cis
905 5165 1193 5217 utilitatem
1233 5180 1244 5213 :
1293 5163 1423 5228 quin
1472 5163 1635 5214 etiam
1705 5160 1928 5225 pedibus
1985 5169 2038 5210 et
2092 5158 2346 5209 manibus

779 5273 935 5326 opem
972 5256 1131 5314 ferre,
1169 5264 1221 5306 ct
1255 5269 1472 5306 omnem
1523 5264 1739 5304 movere
1776 5251 2025 5316 lapidem,
2061 5258 2118 5301 ut
2147 5249 2345 5299 dicitur

780 5353 831 5401 in
867 5346 1196 5406 Proverbiis,
1230 5357 1286 5395 ut
1320 5343 1625 5394 inveniatur
1656 5342 1799 5409 quod
1845 5339 2127 5407 quau-itur,
2161 5349 2211 5391 et
2255 5353 2348 5404 ap-

855 5523 964 5590 Ηῖὶ)
1008 5518 1132 5571 chc
1165 5528 1244 5569 est
1293 5516 2251 5590 pscudosvnudus“Constantinopoli
2297 5519 2347 5569 in

784 5587 990 5662 palatio
1035 5590 1227 5641 “iCl'l'cﬁ
1263 5593 1330 5639 ab
1376 5587 2351 5662 imperatoreﬂoristaptiuo_tiopro-

792 5657 951 5734 itymo
986 5668 1330 5734 congregata,
1370 5674 1513 5709 anno
1546 5657 1750 5721 imperii
1810 5659 1897 5734 15_,
1949 5657 2248 5734 Indictione
2295 5659 2345 5719 7,

792 5726 989 5785 ιλιιιμιὶ
1038 5732 1158 5790 751,
1219 5730 1504 5794 halntaque
1535 5743 1561 5776 a
1595 5738 1788 5793 quarto
1839 5729 1942 5779 dus
2003 5726 2346 5788 Februarias,

787 5808 850 5858 ad
901 5813 1107 5856 sextam
1153 5799 1272 5850 ldos
1323 5801 1633 5865 Augustas:
1678 5797 1823 5852 nulL:
1877 5808 2135 5866 praesente
2170 5813 2229 5847 cx
2263 5813 2350 5848 ca-

2450 4610 2571 4678 pius
2601 4610 2916 4678 (lngtnatum
2953 4607 3168 4660 Lucifer
3200 4617 3380 4661 vestro
3415 4609 3609 4660 studio
3648 4625 3783 4662 eam
3825 4612 3966 4661 iilr:$!'
4002 4636 4008 4640 -

2451 4703 2605 4761 verit,
2662 4701 2877 4752 habebit
2929 4715 3118 4752 omnes
3171 4699 3352 4752 fideles
3408 4702 3460 4750 in
3509 4702 3732 4753 eadem
3796 4714 4007 4753 sereni:

2449 4790 2850 4850 convenientes,
2896 4798 2947 4841 ct
2979 4805 3102 4841 suas
3153 4789 3361 4840 animas
3411 4789 3864 4857 profumlcntes.
3904 4805 3988 4841 uis

2451 4884 2713 4936 stabiliter
2775 4881 3020 4943 fundata,
3073 4892 3424 4934 conservetur
3475 4899 3667 4950 supra
3719 4891 4008 4945 tit-manip-

2451 4986 2485 5028 tt
2504 4992 2588 5028 am
2624 4976 2762 5028 fidei.

2524 5070 2610 5120 l0.
2664 5069 2797 5120 (lunt
2843 5068 2957 5120 luce
3010 5081 3190 5120 coram
3244 5067 3584 5132 imperatore
3645 5069 3856 5120 anima:
3907 5081 3975 5114 ιιι-

2452 5161 2781 5214 declarasset
2811 5161 3086 5227 mysteria,
3124 5159 3236 5224 ipse
3267 5173 3389 5209 eum
3428 5169 3625 5225 rugat,
3681 5170 3747 5212 ιιι
3775 5177 3892 5211 eum
3922 5175 4006 5223 αμα

2452 5267 2557 5320 que
2603 5252 2670 5304 de
2713 5252 2795 5301 his
2842 5252 3200 5302 disserentem
3255 5249 3440 5300 audiat
3498 5255 3848 5304 communis:
3887 5263 4006 5303 ευιεπ

2454 5343 2655 5412 populi.
2699 5340 2829 5394 {\am
2884 5343 2985 5395 hoc
3033 5352 3196 5408 caput
3242 5351 3398 5392 ιρι-ιιι·
3448 5338 3578 5391 fidei
3637 5341 3857 5396 fet-cluat
3903 5353 4000 5392 ιιιιι-

3449 5523 3552 5600 icct
3581 5564 3598 5581 ,
3676 5529 3715 5576 Α
3733 5536 3785 5600 ut
3800 5523 3946 5577 ioelm
3964 5538 4002 5568 ε.

3449 5598 3502 5642 ιιι
3535 5607 3612 5643 ea
3659 5598 3851 5646 cultus
3879 5606 4000 5640 sarri-

2456 5525 2672 5576 tltolicis
2728 5525 2971 5582 sedibus,
3029 5521 3270 5575 Romana
3337 5523 3598 5581 scilicet,

2455 5595 2841 5655 Alexandrina,
2871 5593 3359 5663 Ilierosolymitana
3382 5610 3408 5663 _:

2456 5681 2572 5715 rum
2606 5665 2902 5730 imaginum
2933 5660 3222 5715 damnatus
3247 5673 3346 5715 est.
3382 5660 3640 5733 Legendi
3677 5663 3999 5733 Tht’oliltlfis.
4042 5697 4043 5730 ξ

2457 5733 2791 5801 Niccphotus
2822 5735 2874 5785 in
2910 5734 3178 5786 lh'euiario
3219 5733 3473 5791 Itis-torio),
3521 5732 3779 5802 ειιιξιιυρ,
