4092 6438
118 397 136 459 1
148 398 247 464 393

112 605 419 661 adorandas
446 605 791 661 venerandae
822 606 1113 675 imagines.
1150 604 1295 662 Nutu
1342 621 1473 678 ergo
1504 606 1691 661 Eccle-

113 698 206 753 siae
233 696 339 753 hoc
368 697 547 753 facere
577 699 860 762 incitatus,
887 712 1011 753 cum
1039 696 1236 754 fuisset
1261 699 1314 753 in
1340 699 1545 770 inclyto
1585 698 1691 753 Ma-

113 802 334 859 gnaurm
362 787 475 860 (l6)
500 789 729 858 palatio,
757 789 1011 844 universa
1051 790 1362 847 conﬂuente
1390 792 1609 847 civitate
1637 800 1692 846 et

112 879 434 934 sacerdotali
473 880 850 944 multitudine,
884 896 945 935 se
991 881 1214 951 quidem
1255 882 1556 941 excusavit.
1592 898 1691 936 va-

112 971 235 1025 lidis
279 972 666 1027 demonstrans
715 971 1043 1035 rationibus,
1092 972 1269 1042 qualis
1310 982 1456 1028 esset
1505 988 1691 1028 sacer-

108 1061 239 1117 dotii
274 1060 549 1131 professio
578 1072 633 1118 et
665 1063 923 1132 dignitas,
965 1072 1021 1118 et
1056 1064 1121 1118 ad
1157 1075 1416 1134 quantam
1444 1065 1689 1120 altitudi-

108 1167 233 1207 nem
261 1163 315 1207 et
349 1153 783 1224 magnitudinem
816 1155 1013 1210 evehat
1042 1172 1191 1221 eum,
1229 1157 1322 1226 qui
1350 1157 1467 1211 vult
1496 1158 1563 1211 ad
1587 1157 1691 1212 hoc

113 1244 404 1315 procedere
440 1265 454 1299 :
488 1261 657 1315 seque
690 1263 798 1302 non
828 1261 950 1302 esse
995 1248 1254 1303 idoneum
1300 1248 1367 1303 ad
1416 1249 1464 1303 id
1511 1250 1689 1305 susci-

115 1336 392 1405 piendum,
456 1348 515 1392 ut
567 1338 661 1409 qui
719 1339 831 1409 jam
879 1339 1008 1393 olim
1060 1339 1228 1394 fuerit
1277 1341 1592 1411 implicatus
1637 1342 1689 1395 in

114 1429 301 1484 mundi
332 1430 721 1500 dignitatibus,
759 1440 815 1486 et
838 1431 891 1485 in
925 1432 1090 1501 hujus
1116 1433 1238 1487 vitae
1265 1434 1440 1488 turbis
1462 1442 1515 1488 et
1543 1433 1694 1488 solli-

108 1522 450 1577 citudinibus
481 1523 779 1593 plurimum
813 1523 1115 1589 involutus,
1148 1533 1204 1578 et
1225 1526 1516 1596 mysticum
1547 1526 1693 1579 hunc

108 1624 312 1669 statum
346 1617 593 1670 nondum
620 1616 940 1687 gustaverit.
980 1616 1117 1671 Eum
1144 1618 1311 1681 enim,
1340 1618 1432 1686 qui
1462 1618 1528 1672 ad
1555 1620 1695 1673 hanc

108 1708 456 1762 vocationem
494 1718 548 1762 et
596 1708 745 1763 hunc
776 1709 1006 1777 gradum
1056 1717 1335 1779 properat,
1394 1709 1583 1775 illotis,
1635 1718 1695 1765 ut

110 1797 337 1859 dicitur,
390 1797 649 1853 manibus
698 1797 807 1852 cito
857 1798 922 1851 ad
959 1797 1010 1852 id
1059 1798 1289 1864 insilire,
1331 1811 1385 1856 et
1423 1816 1545 1871 quae
1585 1817 1693 1856 non

110 1891 260 1959 tangi
298 1892 550 1960 pessum,
604 1901 826 1961 tangere
873 1906 980 1945 non
1027 1901 1109 1946 est
1145 1900 1320 1947 tutum
1358 1914 1371 1949 :
1413 1895 1507 1950 sed
1531 1892 1688 1959 cum,

105 1981 203 2049 qui
243 1991 327 2035 est
359 1981 629 2037 educatus
662 1982 715 2036 in
755 1984 843 2049 iis,
881 1999 1003 2054 qua:
1030 1984 1097 2038 ad
1132 1984 1236 2040 huc
1269 1984 1694 2056 fcruut,justifi-

106 2073 457 2137 cationibus,
496 2083 551 2129 et
584 2076 828 2130 directus
875 2076 1208 2146 evangelicis
1261 2088 1315 2132 et
1350 2080 1688 2149 apostolicis,

106 2174 171 2219 ut
222 2182 319 2235 par
372 2176 476 2232 est,
537 2168 768 2224 viviticis
822 2169 1109 2234 doctrinis,
1165 2170 1231 2225 ad
1267 2172 1690 2227 discernendum

106 2260 252 2313 viam
281 2268 485 2315 rectam
520 2271 574 2316 ct
601 2262 883 2318 incurvam
918 2280 934 2317 :
966 2273 1031 2318 ut
1066 2264 1157 2318 illa
1189 2262 1412 2335 quidem
1440 2279 1694 2337 paStora-

107 2351 230 2405 liter
257 2353 491 2407 deducat
539 2356 604 2409 ad
654 2357 919 2425 meliora;
961 2358 1103 2413 hanc
1144 2367 1326 2413 autem
1364 2359 1599 2415 declinet
1640 2372 1694 2416 et

103 2444 260 2506 vi'et,
317 2448 711 2502 convenienter
753 2449 954 2507 divina:
1014 2450 1396 2517 admonitioni,
1459 2465 1515 2506 ιιι
1574 2469 1694 2525 qua:

107 2538 301 2605 procul
358 2538 497 2594 ferat
533 2557 562 2595 a
619 2542 730 2596 Deo
775 2553 829 2596 ct
874 2544 994 2613 ejus
1046 2544 1549 2601 constitutionibus.
1598 2546 1693 2603 llis

104 2628 331 2696 fretum,
372 2632 581 2687 traduci
616 2644 831 2704 oportet
879 2638 944 2689 ad
988 2637 1438 2708 magnitudinem.
1486 2637 1570 2694 Me
1598 2656 1696 2693 au-

106 2732 238 2788 tem,
298 2737 359 2780 ut
399 2729 504 2782 scit
552 2728 724 2795 Deus,
767 2733 833 2787 ad
883 2735 989 2787 hoc
1039 2733 1449 2804 suscipiendum
1504 2750 1696 2789 mona-

104 2819 335 2873 sterium
369 2821 598 2877 invitum
629 2836 929 2895 coegerunt
978 2827 1361 2897 imperatores,
1410 2844 1537 2883 cum
1591 2829 1695 2884 hoc

106 2910 244 2964 mihi
283 2928 563 2984 nunquam
609 2917 848 2971 venisset
880 2918 934 2971 in
970 2927 1230 2984 mentem,
1282 2935 1459 2989 neque
1491 2919 1559 2973 de
1594 2920 1696 2974 hac

104 3017 349 3071 unquam
383 3006 624 3061 rectione
639 3008 990 3080 cogitassene.
1014 3008 1299 3080 Tanquam
1350 3012 1524 3067 electo
1566 3023 1695 3080 ergo

106 3092 204 3147 Dei
253 3096 455 3166 populo
499 3107 553 3153 et
592 3101 742 3170 gregi
784 3116 959 3155 meam
1009 3102 1361 3158 communico
1404 3102 1695 3159 conscien-

1653 401 1852 462 νιτλ.

114 512 383 577 militaris,
414 520 473 567 ut
501 512 591 568 cui
638 525 745 568 non
773 511 1052 568 videretur
1095 528 1216 569 esse
1245 514 1608 569 admittendus
1639 522 1691 567 et
1724 518 1767 571 Α

3237 390 3373 457 1394

2405 509 2633 567 CAPUT
2679 509 2763 563 IV.

1795 621 1977 677 Sancti
2017 621 2228 675 Tarasii
2254 625 2567 677 exercitatio
2592 624 2848 693 virtutum
2879 638 3005 693 erga
3038 637 3112 687 se,
3148 621 3370 685 clerum,

2268 708 2549 763 pauperes,
2591 692 2902 746 monachos.

1864 783 1950 838 12.
1972 782 2378 839 Continentiam
2400 785 2547 841 enim
2580 792 2842 854 tanquam
2876 783 3158 840 Encratez
3192 784 3371 850 illius,

1793 883 1845 930 et
1876 876 1970 945 qui
2010 891 2131 931 eam
2180 876 2294 945 jam
2330 876 2537 946 pridem
2574 876 2791 933 abunde
2821 884 3166 941 exercuerat,
3195 892 3381 946 usque

1794 970 1930 1025 adeo
1960 971 2063 1026 sibi
2104 971 2317 1042 paravit
2343 986 2408 1026 ex
2436 986 2524 1036 eo,
2556 971 2701 1041 quod
2747 980 2894 1026 esset
2924 970 3111 1040 paucis
3151 981 3376 1027 conten-

1797 1071 1905 1127 tus,
1960 1073 2018 1117 ut
2059 1072 2206 1119 esset
2261 1063 2383 1133 ejus
2433 1064 2610 1119 victus
2661 1080 2691 1119 a
2747 1065 2913 1119 rebus
2954 1063 3376 1135 supervacaneis

1795 1153 2021 1207 omnino
2060 1153 2294 1217 alienus,
2341 1163 2533 1208 etnon
2570 1153 2855 1210 luxurians
2896 1170 3073 1224 usque
3113 1154 3179 1210 ad
3211 1154 3376 1209 satie-

1798 1254 1983 1298 tatem.
2025 1243 2158 1301 Vitae
2201 1257 2384 1301 autem
2425 1262 2539 1301 sua:
2569 1246 2811 1303 habenas
2846 1248 2921 1302 ita
2958 1246 3369 1310 moderabatur,

1796 1346 1849 1391 ct
1879 1338 2045 1390 animi
2080 1338 2555 1407 perturbationum
2588 1339 2854 1393 tumultus
2904 1339 2977 1393 ita
3016 1339 3372 1409 reprimebat,

1797 1439 1852 1483 ut
1883 1440 2029 1485 esset
2065 1430 2325 1486 omnibus
2377 1431 2784 1486 divinissimum
2818 1432 3096 1502 exemplar
3129 1432 3377 1502 propessi-

1795 1532 1936 1585 tum,
1985 1523 2071 1576 cui
2116 1538 2396 1592 nunquam
2451 1522 2766 1593 persuaderi
2804 1532 3038 1593 poterat,
3088 1532 3147 1578 ut
3191 1537 3375 1577 move-

1798 1619 1954 1665 retur
1981 1611 2047 1664 ad
2085 1613 2379 1680 appetitum
2410 1612 2723 1681 voluptatis.
2766 1612 2904 1667 Cum
2937 1622 3115 1669 autem
3146 1613 3213 1669 ad
3239 1613 3377 1667 divi-

1800 1717 1993 1756 narum
2023 1700 2433 1773 Scripturarum
2460 1703 2870 1760 meditationem
2889 1706 2993 1761 sibi
3019 1706 3375 1761 domesticam

1799 1793 2084 1847 ascivissct
2113 1793 2379 1863 vigiliam,
2418 1808 2672 1848 somnum
2709 1803 2767 1846 ut
2798 1794 3043 1849 membra
3078 1794 3296 1849 solvens
3321 1804 3379 1848 et

1798 1883 1988 1939 inutile
2028 1885 2361 1940 amandabat
2406 1887 2744 1955 mancipium
2779 1904 2791 1938 :
2822 1894 2877 1939 et
2926 1900 3051 1940 cum
3100 1901 3232 1940 usus
3267 1886 3380 1939 esi-

1797 1986 1974 2046 geret,
2026 1992 2221 2032 rursus
2264 1977 2492 2048 jubebat
2532 1977 2746 2031 adesse.
2792 1977 2927 2043 Quis
2952 1978 3100 2033 enim
3144 1993 3269 2033 eum
3324 1978 3376 2030 in

1799 2070 1940 2124 lecto
1970 2070 2400 2134 recumbentem,
2435 2079 2530 2125 aut
2567 2071 2821 2124 mollibus
2849 2072 3111 2143 stragulis
3138 2085 3377 2142 unquam

1798 2160 1935 2216 vidit
1976 2161 2328 2216 involutum?
2376 2161 2511 2229 Quis
2563 2163 2804 2218 tunicam
2858 2173 2911 2218 et
2972 2160 3165 2218 sonam
3215 2178 3380 2232 super

1797 2256 1977 2311 cubile
2008 2257 2373 2313 dimittentem
2410 2274 2651 2328 unquam
2683 2258 2892 2329 accepit
2935 2270 2986 2312 ct
3027 2257 3378 2328 prmparavit,

1802 2357 1859 2403 ut
1890 2359 2037 2406 esset
2066 2349 2369 2420 elegantior
2394 2360 2447 2405 ct
2478 2351 2844 2406 concinnior?
2871 2350 3003 2419 Quis
3039 2366 3106 2406 ex
3136 2351 3259 2419 eius
3288 2366 3382 2420 pe-

1797 2440 1960 2497 dibus
1992 2457 2235 2512 unquam
2271 2442 2504 2497 detraxit
2532 2444 2769 2508 ealceos,
2798 2451 2853 2499 et
2879 2443 3377 2517 alligataspongia,

1801 2544 1858 2587 ut
1899 2542 2154 2595 mosest,
2191 2534 2461 2604 laevigavit
2490 2544 2544 2589 ct
2578 2534 2777 2604 poliit?
2819 2534 2925 2591 Sed
2960 2537 3075 2606 ipsc
3105 2545 3224 2590 erat
3252 2532 3379 2599 sibi,

1800 2633 1857 2677 ut
1888 2623 2110 2689 dicitur,
2147 2625 2451 2692 balneator,
2482 2634 2536 2681 et
2569 2627 2902 2683 inserviebat
2948 2629 3051 2683 sibi
3096 2630 3163 2683 ad
3220 2643 3383 2685 usum

1800 2717 2051 2784 corporis
2082 2732 2097 2771 :
2139 2716 2193 2769 in
2226 2716 2331 2772 hoc
2369 2732 2593 2787 quoque
2624 2717 2906 2774 Christum
2945 2721 3270 2792 magistrum
3303 2721 3384 2774 di—

1802 2805 1929 2859 vino
1949 2806 2068 2862 zelo
2101 2806 2357 2874 imitans,
2393 2808 2533 2861 dixit
2565 2826 2578 2863 :
2621 2826 2639 2859 ι
2671 2806 2791 2864 Non
2821 2810 2943 2864 veni
2964 2819 3024 2865 ut
3061 2810 3192 2864 mihi
3226 2811 3386 2865 inini-

1799 2908 2089 2963 straretur,
2119 2898 2216 2955 sed
2272 2909 2328 2954 ut
2369 2900 2733 2956 ministrarem
2791 2902 3015 2972 (Matth.
3046 2918 3139 2966 xx,
3186 2902 3286 2973 28)
3316 2921 3330 2958 :
3361 2923 3377 2954 ι

1799 2991 2110 3060 exemplum
2152 2990 2485 3049 humilitatis
2506 2994 2757 3065 prmbens
2789 2995 2905 3050 suis
2943 2995 3252 3066 discipulis.

1874 3085 1961 3138 15.
2014 3082 2259 3142 Habebat
2306 3088 2929 3171 au‘emprecationem,
2977 3104 3099 3159 quae
3147 3097 3383 3144 mentem

103 3184 265 3251 tiam,
328 3196 405 3253 ut,
461 3190 506 3243 si
560 3204 647 3244 me
700 3190 829 3246 huic
884 3194 1124 3248 maximo
1159 3194 1371 3249 muneri
1408 3194 1693 3250 volueritis
1723 3199 1766 3257 C
1802 3178 2038 3236 sublime
2072 3179 2140 3235 ad
2172 3182 2346 3238 003105
2378 3182 2664 3247 θνειιθίηιο
2718 3195 2774 3239 οι
2817 3184 2916 3238 50“
2969 3182 3080 3237 υεο
3126 3181 3387 3238 relide

104 3277 356 3348 alligare,
412 3289 468 3336 et
522 3296 608 3336 me
656 3283 819 3353 hujus
870 3285 1064 3357 jugum
1126 3285 1311 3342 subire
1366 3287 1691 3351 statueritis,

104 3368 391 3423 traditioni
430 3373 787 3427 meumenica:
823 3372 946 3428 fidei
988 3389 1087 3429 vos
1110 3391 1331 3445 quoque
1358 3376 1508 3445 ipsos
1535 3376 1694 3430 incli-

103 3462 273 3528 iietis,
326 3472 380 3517 et
419 3480 487 3519 ne
539 3481 635 3520 vos
671 3466 825 3536 sequi
868 3467 1048 3537 pigeat
1096 3466 1308 3535 Patres,
1347 3469 1437 3538 qui
1477 3469 1577 3524 hac
1611 3470 1694 3523 via

102 3564 239 3608 sunt
274 3554 529 3625 ingreSsi,
561 3566 617 3611 et
649 3573 743 3613 sex
782 3559 893 3627 (l7)
931 3561 1139 3615 sanctis
1191 3560 1553 3615 meumenicis
1604 3578 1696 3631 sy-

104 3643 293 3709 nodis,
330 3658 383 3699 et
414 3645 501 3711 iis,
546 3662 669 3716 quae
710 3648 794 3716 pie
837 3649 906 3701 ab
956 3648 1092 3718 ipsis
1128 3658 1260 3704 sunt
1289 3650 1535 3713 decreta,
1567 3666 1699 3706 cou-

104 3734 318 3789 scntire
356 3752 424 3791 ne
453 3721 737 3793 recusetis.
774 3740 854 3793 Ad
884 3756 1181 3810 supernam
1218 3743 1363 3796 enim
1409 3743 1698 3798 haeredita-

102 3836 218 3880 tcm
274 3830 659 3884 transmittunt
694 3846 814 3897 eos,
874 3834 967 3901 qui
1016 3834 1148 3901 ipsis
1202 3844 1414 3903 parent,
1457 3842 1510 3888 et
1564 3836 1700 3889 fiunt

102 3925 367 3973 auctores
398 3934 612 3989 magna;
643 3933 696 3977 et
736 3922 1067 3979 immortalis
1103 3926 1591 3982 remunerationis.

184 4010 271 4063 Η.
325 4011 460 4081 Ejus
507 4014 690 4083 itaque
741 4016 1150 4071 admonitiones
1204 4026 1465 4087 tanquam
1518 4018 1697 4087 angeli

104 4115 275 4157 voces
310 4104 552 4160 admittit
583 4107 839 4177 populus,
875 4117 927 4162 et
960 4108 1181 4177 polliciti
1218 4125 1277 4165 se
1316 4110 1488 4165 instar
1513 4111 1696 4163 ovium

104 4206 404 4250 secuturos
432 4196 724 4254 ducentem
756 4201 1126 4269 pastui-aliter,
1150 4215 1228 4265 se,
1252 4210 1312 4256 ut
1336 4199 1446 4255 Deo
1476 4202 1592 4255 etei
1617 4202 1695 4254 vi-

102 4289 295 4353 detur,
326 4290 382 4344 in
414 4291 674 4346 omnibus
718 4291 997 4360 pariturus
1037 4291 1402 4346 aliirmabaut.
1442 4291 1598 4346 Tune
1633 4291 1700 4345 de

101 4393 313 4437 caetero
376 4382 740 4452 inspiratione
771 4383 884 4453 (l8)
912 4383 1232 4453 principalis
1275 4393 1331 4437 et
1365 4384 1534 4439 divini
1573 4382 1695 4452 Spi-

104 4474 275 4537 ritus,
312 4475 666 4544 conspirante
696 4476 859 4529 etiam
896 4476 1131 4530 consilio
1180 4476 1550 4546 imperatoris,
1581 4477 1695 4531 limi

101 4566 379 4621 mundani
416 4577 622 4621 mutata
653 4567 937 4636 dignitate,
971 4576 1025 4622 et
1064 4576 1219 4623 tonsa
1260 4585 1415 4623 coma
1451 4569 1555 4622 ritu
1587 4570 1698 4624 rle-
1733 4549 1773 4602 Ῑ)

101 4655 235 4715 rici,
271 4654 612 4724 honestoque
650 4664 704 4709 et
735 4655 1049 4715 venerando
1079 4655 1187 4706 alin
1216 4665 1436 4724 sumpto
1467 4656 1694 4717 amictu,

99 4746 312 4802 divinis
347 4757 400 4801 et
433 4746 773 4816 Spiritalibus
806 4747 1273 4808 invneatiouibus,
1330 4747 1472 4800 sicut
1515 4746 1694 4799 Aaron

99 4849 164 4894 ct
192 4838 446 4902 Phinees,
480 4840 708 4907 suscipit
747 4840 1063 4894 unctionem
1113 4840 1340 4893 honoris
1380 4839 1696 4894 sacerdota-

98 4931 203 4993 lis,
234 4940 288 4983 et
316 4931 564 4985 ascendit
592 4931 657 4983 ad
695 4930 1043 4984 altitudinem
1077 4932 1349 4985 cathedrae
1377 4932 1695 5001 pastoralis,

98 5022 221 5076 luci
257 5021 431 5077 lucem
468 5023 797 5093 adjungens,
834 5032 887 5077 ct
929 5024 1185 5079 virtutem
1234 5042 1444 5097 angens
1484 5029 1700 5082 virtuti-

100 5117 238 5179 bus,
288 5123 343 5169 et
396 5115 616 5169 modum
671 5116 1061 5185 superantibus
1111 5118 1450 5186 profectibus
1481 5120 1697 5183 datum,

99 5208 552 5265 sacratissimum
586 5209 852 5263 talentum
885 5210 1275 5280 multiplicans.

187 5405 302 5474 (l6)
346 5404 719 5474 Luitprandus
758 5405 851 5458 lib.
897 5404 982 5467 ιἰ,
1024 5405 1097 5459 De
1132 5411 1279 5460 rebus
1321 5407 1700 5475 imperatorum

103 5493 162 5530 et
196 5492 397 5543 regum,
428 5490 546 5543 cap.
584 5478 639 5540 2,
686 5477 761 5530 ait
791 5476 897 5529 dici
933 5494 949 5525 ι
983 5477 1138 5545 quasi
1170 5492 1420 5546 magnam
1455 5477 1633 5529 aulam
1671 5493 1703 5546 ρ

102 5550 238 5601 loco
265 5546 294 5597 λ
327 5547 527 5613 posita,
578 5562 806 5616 esseque
854 5548 1007 5601 mir-.c
1055 5548 1447 5616 magnitudinis
1478 5563 1542 5601 ac
1580 5550 1702 5616 pul-

100 5616 485 5686 chritudinis:
527 5636 544 5667 ι
597 5626 652 5671 et
699 5616 950 5685 pluribus
1007 5619 1172 5671 situm
1209 5627 1574 5686 ornatumque
1607 5621 1703 5671 de-

102 5687 325 5742 scribit.
354 5685 548 5742 Fuisse
584 5689 636 5742 in
676 5687 955 5741 Hebdomo
990 5688 1255 5742 suburbio
1284 5689 1412 5743 olim
1451 5685 1496 5741 ιι
1521 5688 1703 5741 Then-

101 5757 524 5827 dusiojuuiore
578 5761 695 5812 urbi
748 5758 981 5819 incluso,
1048 5758 1205 5812 ducet
1258 5757 1452 5812 Gillius
1508 5761 1598 5813 lib.
1639 5759 1697 5812 iV

108 5827 499 5896 Tapographt're
530 5830 1056 5895 Constantinopoleoa
1089 5845 1207 5898 cap.
1246 5830 1296 5894 -Ι,
1339 5830 1595 5899 additque
1637 5830 1704 5883 ab

1802 3271 2157 3341 familiarem,
2187 3283 2246 3329 et
2284 3266 2657 3344 coniungebat
2705 3275 3064 3344 incorporeis,
3097 3284 3151 3329 ct
3196 3274 3385 3343 expel-

1801 3364 1948 3420 lebat
1996 3381 2213 3421 omnem
2271 3366 2629 3423 tcntatiouem
2658 3408 2673 3430 ,
2724 3368 3111 3422 convenienter
3167 3366 3382 3420 Domini

1800 3457 2040 3527 eloquio.
2068 3456 2288 3512 Nullum
2313 3459 2459 3513 enim
2485 3468 2604 3513 erat
2628 3467 2861 3528 tempus,
2886 3474 2996 3529 quo
3020 3474 3128 3514 non
3154 3457 3387 3513 habebat

1802 3549 1979 3603 scium
2006 3563 2130 3603 cum
2161 3565 2300 3619 genu
2335 3549 2643 3605 ﬂectentem
2667 3561 2721 3606 et
2748 3561 3084 3623 surgentem,
3111 3560 3165 3607 et
3192 3567 3386 3605 manus

1803 3639 1871 3693 ad
1917 3640 2087 3696 cmlos
2136 3642 2511 3709 extollentem,
2563 3650 2616 3696 et
2662 3656 2900 3713 superne
2956 3643 3313 3713 accipientem
3356 3659 3384 3694 a

1805 3733 1916 3787 Deo
1953 3734 2439 3790 illuminationem.
2486 3734 2863 3791 llumilitatem
2899 3750 3060 3801 vero,
3097 3745 3158 3790 ut
3192 3752 3312 3805 qua:
3338 3739 3385 3790 ei

1802 3841 1832 3880 a
1864 3841 2036 3895 puero
2068 3825 2244 3880 fuerat
2277 3826 2589 3893 familiaris,
2619 3827 2688 3881 ita
2716 3838 2795 3883 est
2822 3828 3162 3898 complexus,
3198 3838 3246 3881 nt
3279 3833 3387 3881 nun

1805 3918 1984 3972 solum
2020 3933 2084 3973 ea
2131 3920 2182 3972 in
2224 3918 2344 3988 ipso
2387 3919 2824 3990 conspiceretur,
2874 3930 2928 3975 et
2981 3935 3045 3974 ex
3075 3935 3139 3975 ca
3175 3920 3389 3973 laudem

1802 4018 2197 4080 assequeretur
2232 4029 2244 4063 :
2279 4012 2372 4065 sed
2425 4011 2590 4064 etiam
2654 4010 2915 4065 transiret
2967 4011 3031 4064 ad
3089 4009 3248 4072 alios,
3298 4009 3389 4075 qui

1802 4102 2059 4173 exemplo
2102 4118 2206 4156 suo
2253 4100 2712 4157 infnrmabantur.
2763 4101 2948 4157 Multis
2994 4103 3141 4155 enim
3184 4118 3250 4156 ev
3304 4100 3369 4155 iis

1804 4195 1897 4263 qui
1934 4203 2094 4248 erant
2141 4194 2300 4249 relati
2341 4195 2395 4248 in
2428 4209 2719 4248 numerum
2748 4194 3100 4256 eleiieorum,
3144 4193 3238 4262 qui
3264 4203 3394 4245 suos

1804 4287 2020 4341 lumbos
2054 4288 2209 4343 zonis
2243 4286 2540 4358 cingebant
2578 4286 2782 4350 aureis,
2820 4294 2876 4339 et
2906 4286 3086 4339 ornati
3117 4293 3274 4338 erant
3303 4301 3393 4335 va-

1804 4378 1902 4431 riis
1950 4388 2004 4432 et
2042 4378 2298 4449 pretiosis
2352 4379 2600 4434 vestibus
2639 4378 2888 4442 serieeis,
2932 4393 3127 4431 aurum
3165 4377 3389 4446 quidem

1806 4468 2051 4534 ademit;
2111 4468 2238 4525 fecit
2287 4480 2474 4526 autem
2525 4470 2847 4540 succingere
2905 4469 3121 4524 lumbos
3160 4469 3398 4535 cingulis

1805 4565 2077 4619 contextis
2106 4580 2170 4618 ex
2214 4564 2340 4634 pilis
2374 4579 2687 4634 caprarum.
2724 4562 2792 4617 lis
2822 4578 2968 4625 vero,
3003 4563 3095 4631 qui
3146 4563 3241 4615 toti
3275 4577 3399 4615 cor-

1804 4656 1923 4725 pori
1955 4671 2019 4711 ex
2042 4656 2234 4709 iisdem
2276 4656 2377 4710 filis
2400 4670 2702 4725 purpureas
2732 4663 2911 4709 vestes
2945 4653 3221 4708 habebant
3262 4667 3397 4707 cen—

1807 4756 2023 4812 textas,
2080 4747 2357 4817 excogitat
2418 4746 2634 4802 tunicas
2685 4755 2928 4801 remotas
2989 4761 3016 4798 a
3072 4744 3395 4798 curiositate

1804 4838 1978 4896 nimii
2014 4847 2066 4893 et
2099 4839 2336 4903 deliciis,
2375 4848 2433 4893 ιιι
2461 4855 2584 4908 qua:
2608 4848 2793 4894 essent
2832 4838 3060 4891 vestitus
3110 4838 3395 4894 Imuesrus.

1806 4941 1861 4983 et
1908 4930 2269 4984 convenirent
2311 4931 2402 4993 iis,
2451 4932 2543 4999 qui
2584 4928 2695 4983 Deo
2740 4928 2947 4983 servire
2983 4936 3313 4988 statuerunt,
3348 4940 3403 4984 et

1807 5024 2132 5093 proﬁtentur
2176 5022 2571 5076 hunlilitatem.
2611 5021 2686 5076 Es
2720 5036 2831 5091 quo
2881 5020 3013 5089 quid
3051 5018 3276 5072 evenit?
3328 5018 3398 5073 Ut

1807 5116 2088 5169 tolleretur
2129 5115 2375 5182 quidem,
2410 5114 2676 5183 quidquid
2733 5112 2921 5166 damni
2975 5126 3037 5166 ex
3082 5126 3148 5165 eo
3205 5125 3400 5165 nasce-

1808 5207 2001 5269 batur;
2036 5206 2405 5259 honurarctur
2440 5212 2622 5259 autem
2660 5202 2969 5274 frugalitas,
3015 5212 3074 5257 ut
3102 5202 3401 5256 thesaurus

1809 5408 2086 5477 aliquibus
2137 5407 2207 5459 ita
2242 5407 2371 5470 dici,
2427 5406 2571 5475 quod
2610 5405 2938 5485 Anastasius
2997 5405 3121 5460 istic
3172 5404 3397 5473 perierit

1808 5494 2003 5546 magna
2036 5494 2170 5531 aura
2207 5486 2593 5545 tempestatum
2630 5485 2958 5531 exstinctus.

1881 5543 1993 5617 (l7)
2040 5547 2161 5602 llaec
2199 5543 2336 5602 sunt
2380 5547 2593 5601 Memno
2630 5547 2667 5605 Ι,
2705 5543 3315 5617 Constantinopolitana
3356 5543 3391 5603 Ι.

1811 5620 2127 5689 I'Iphesiua,
2218 5617 2730 5681 Chalcedonensis,
2829 5616 3396 5684 Censlantitiupulita~

1811 5688 1875 5743 na
1912 5690 1948 5741 ll
1984 5698 2037 5741 ct
2070 5688 2153 5741 Ill.

1882 5761 1991 5831 (I8)
2038 5759 2188 5831 llanc
2242 5760 2504 5825 indicant,
2553 5774 2676 5829 qua:
2721 5758 2875 5813 ineo
2916 5756 3205 5814 eluxerunt
3241 5756 3397 5824 signa

1812 5830 1907 5886 \lt‘i
1947 5830 2252 5899 apostolici.
