4092 6438
80 415 217 482 1391

1631 415 1830 477 VITA.

3211 410 3352 479 1398

74 526 271 585 fuisset
300 542 470 601 capax
504 530 936 600 receptaculum,
977 528 1248 585 concinne
1272 529 1518 586 animum
1563 529 1661 584 ad-
1691 535 1737 589 Α
1766 528 2025 585 Tarasius
2055 541 2187 585 vero
2236 529 2300 584 ad
2360 542 2572 584 sacram
2608 542 2758 583 aram
2812 527 3103 589 accedens,
3140 527 3353 588 timoris

76 621 294 676 bibebat
324 621 411 686 iis,
439 637 562 690 quae
592 620 660 675 ad
691 629 898 675 rectam
956 618 1118 675 ﬁdem
1150 621 1451 691 pertinent,
1487 630 1543 675 et
1575 631 1652 684 ut,

71 700 194 783 qua:
222 702 337 767 Deo
361 712 580 767 volente
600 712 717 768 visa
740 711 977 778 fuerant,
1003 721 1059 766 et
1086 712 1508 783 imperatoribus
1528 727 1660 783 pro-

72 804 238 860 missa
284 813 461 870 erant,
506 804 576 859 ad
630 802 887 858 etfectum
938 803 1210 868 venirent,
1267 804 1655 859 contendebat.

75 898 191 951 Hoc
223 906 407 951 autem
448 904 586 961 erat,
621 903 682 950 ut
727 894 1093 950 (Ecumcnica
1128 896 1453 967 procederet
1488 911 1658 965 syno-

72 986 175 1040 dus
205 1003 219 1040 :
252 994 307 1041 et
334 986 402 1041 ab
438 1002 526 1050 eo,
556 986 702 1056 quod
727 986 938 1057 justum
967 994 1073 1053 est,
1124 987 1347 1042 minime
1379 988 1662 1043 aberraret

75 1076 337 1131 Ecclesia.
368 1076 531 1132 Jussu
564 1076 678 1148 (‘24)
705 1092 833 1148 ergo
862 1076 1279 1147 imperatorum,
1304 1092 1496 1132 omnes
1525 1093 1661 1147 pou-

72 1168 248 1222 titlces
275 1184 342 1223 ex
369 1184 697 1239 unaquaque
723 1169 947 1240 regione
975 1178 1031 1225 et
1054 1170 1275 1224 civitate
1297 1169 1660 1240 proficiscun-

73 1268 164 1313 tur
196 1259 249 1313 in
284 1260 563 1315 civitatem
599 1262 826 1330 regiam,
858 1269 914 1316 et
939 1262 1053 1332 jam
1085 1262 1265 1316 edicto
1299 1270 1573 1317 conventu
1608 1262 1664 1317 in

73 1354 273 1425 inclyta
332 1354 445 1425 (95)
504 1356 708 1426 templo
764 1355 1080 1411 divinorum
1133 1353 1548 1425 apostolorum,
1611 1363 1667 1408 et

68 1446 180 1513 jam
218 1446 329 1518 (9.6)
361 1448 682 1503 sedentibus
704 1448 981 1518 episcopis
1008 1448 1061 1500 in
1091 1447 1311 1501 sedibus
1346 1446 1664 1516 propositis,

60 1554 204 1594 ecce
260 1532 536 1609 quoddam
595 1557 828 1595 examen
886 1555 1199 1610 vesparum,
1262 1540 1524 1604 virorum,
1584 1539 1669 1593 in-

71 1645 257 1699 quam,
304 1631 397 1699 qui
431 1640 589 1685 erant
639 1632 839 1685 animis
873 1632 1129 1695 leoninis,
1165 1647 1228 1684 cx
1278 1631 1523 1685 exercitu
1555 1630 1666 1701 (9.7)

72 1721 445 1786 Constantini,
488 1722 577 1791 qui
631 1723 760 1775 olim
795 1722 1014 1791 imperii
1047 1732 1263 1792 sceptra
1316 1737 1424 1775 non
1458 1721 1544 1790 pie
1583 1721 1672 1774 atL

71 1810 431 1877 ministrarat,
479 1827 781 1881 exsurgens
824 1812 990 1867 veluti
1016 1828 1082 1866 ex
1134 1812 1464 1882 quibusdam
1496 1811 1664 1865 alveis

71 1901 229 1955 malae
269 1902 564 1972 opinionis,
603 1902 816 1958 accedit
845 1905 909 1958 ad
952 1904 1152 1977 dictam
1203 1904 1378 1959 tndem
1426 1918 1659 1968 sacram,

70 1991 284 2047 bellicis
325 1992 492 2047 armis
521 2009 643 2047 eam
677 1994 1113 2049 obstruetur-um.
1153 1994 1268 2066 Qui
1326 2010 1449 2055 cum
1498 2012 1663 2051 vene-

71 2086 257 2140 randa:
284 2086 417 2140 aedis
446 2086 597 2141 atriis
625 2088 1179 2157 appropinquassent,
1218 2089 1494 2143 incondita
1528 2104 1663 2145 vere

70 2178 253 2232 locum
280 2177 581 2247 replerunt,
608 2177 856 2233 dicentes
882 2194 990 2232 non
1023 2194 1145 2233 esse
1179 2179 1463 2235 ferendum
1505 2181 1664 2251 infir-

71 2286 224 2326 mare
253 2280 307 2326 et
341 2272 643 2343 transgredi
671 2288 755 2333 ea.
785 2286 905 2342 qua:
943 2272 1071 2347 olim
1117 2273 1229 2327 visa
1266 2272 1484 2329 fuerant
1515 2274 1663 2330 Con-

71 2365 333 2421 stantino.
362 2367 485 2420 Non
514 2368 662 2422 enim
691 2368 1094 2437 permittemus,
1125 2369 1366 2434 aiebant,
1397 2369 1541 2423 illius
1564 2369 1664 2424 ab-

72 2458 255 2525 rogari
286 2457 560 2529 dogmata,
595 2467 648 2514 et
682 2458 963 2529 prmdicari
1023 2474 1144 2516 esse
1175 2461 1495 2516 statuendas
1526 2461 1663 2516 ima-

74 2547 254 2619 gines.
286 2547 441 2615 Quod
493 2550 535 2603 si
570 2550 693 2620 quis
725 2550 830 2606 hoc
857 2550 1143 2621 inceperit,
1170 2561 1227 2608 et
1277 2562 1403 2607 ante
1446 2562 1665 2608 nostros

73 2640 266 2695 oculos
296 2642 595 2695 viderimus
637 2642 887 2713 abrogari
922 2642 1034 2712 (28)
1094 2644 1528 2714 synodum.qua:
1564 2644 1666 2700 fuit

74 2728 147 2783 ab
180 2730 300 2798 ipso
340 2741 686 2801 congregata,
739 2733 1005 2802 sanguine
1057 2734 1405 2788 sacerdotum
1462 2742 1664 2790 terram

76 2819 371 2873 teddemus
422 2836 775 2889 purpuream.
833 2820 961 2876 llzec
990 2821 1266 2889 dicebant,
1308 2832 1364 2877 et
1394 2823 1447 2877 in
1482 2833 1668 2895 portas

76 2908 470 2977 irrumpentcs,
516 2912 774 2967 volebant
822 2928 939 2978 eos,
992 2914 1086 2984 qui
1123 2914 1237 2985 (29)
1282 2923 1440 2971 erant
1492 2916 1662 2983 intus,

76 2999 416 3056 interficere.

152 3092 241 3147 18.
267 3092 422 3149 Tunc
458 3103 594 3149 nutu
631 3093 997 3165 imperatoria:
1036 3098 1322 3168 potestatis
1360 3100 1667 3155 sessionem

1759 619 1970 674 nullum
2006 620 2223 692 signum
2259 635 2373 691 pra:
2419 634 2479 674 se
2533 618 2740 685 ferens,
2779 619 3131 673 incruentum
3166 618 3353 689 incipit

1760 711 2118 777 sacriﬁcitim,
2173 720 2229 766 et
2274 711 2503 784 mystica
2558 710 2948 765 communione
2980 718 3222 780 peracta,
3253 710 3353 766 do-

1760 819 1910 859 mum
1941 806 2241 859 revertitur
2284 823 2299 859 :
2346 803 2441 858 ubi
2471 801 2698 858 vacabat
2745 802 3351 872 prioribuslaboribus,

1762 911 1959 968 nempe
1994 897 2049 952 in
2097 912 2251 953 sacra
2288 895 2573 967 Scriptura
2603 904 2659 949 et
2692 894 2745 948 in
2795 894 3356 950 demonstrationibus

1763 989 2028 1045 faciendis
2055 1005 2121 1044 ex
2161 987 2379 1044 Patrum
2408 987 2646 1057 eloquiis
2689 1005 2701 1040 :
2739 1001 3037 1055 rursusque
3082 986 3356 1041 statuebat

1765 1095 1987 1135 necesse
2023 1082 2144 1136 esse
2184 1080 2501 1151 congregari
2562 1077 2863 1148 synodum,
2919 1092 2989 1131 ne
3038 1076 3355 1143 communio

1767 1171 2021 1225 haeretica
2063 1171 2118 1224 in
2156 1170 2312 1239 pejus
2345 1168 2635 1239 proficeret
2668 1166 2802 1240 (50).
2838 1166 3200 1235 Imperatores
3225 1180 3356 1220 vero

1767 1278 1891 1317 cum
1920 1278 2035 1326 eos,
2069 1262 2162 1332 qui
2196 1261 2339 1315 illam
2372 1257 2687 1315 seditiosam
2718 1256 2966 1312 fecerant
2992 1254 3355 1326 conspiratio-

1769 1368 1915 1421 nem,
1941 1364 1996 1409 et
2030 1346 2426 1409 insultaverant
2468 1352 2521 1404 in
2552 1350 2777 1421 gloriam
2822 1364 3009 1403 eorum
3051 1349 3354 1417 impcrato«

1770 1447 1928 1511 riam,
1957 1462 2090 1501 zona
2132 1456 2331 1501 exutos
2374 1460 2402 1497 a
2450 1441 2666 1497 militari
2709 1440 2975 1511 dignitate
3006 1448 3352 1494 exauctoras—

1771 1549 1912 1603 seut,
1946 1546 2000 1592 et
2026 1537 2093 1592 ab
2121 1536 2267 1591 omni
2290 1519 2568 1590 armorum
2597 1532 2801 1588 auxilio
2831 1531 3079 1586 desertos
3106 1539 3161 1584 et
3182 1530 3358 1586 nudos

1772 1628 2106 1691 effecissent,
2135 1630 2331 1698 jubent
2362 1639 2811 1696 unumquemque
2841 1640 3031 1679 eorum
3060 1621 3357 1693 ignominia

1773 1729 2045 1786 notatum,
2111 1720 2293 1774 redire
2331 1721 2384 1772 in
2422 1718 2674 1789 patriam.
2725 1717 2841 1770 Non
2889 1717 3059 1780 enim,
3115 1715 3355 1780 aiebant,

1773 1815 2009 1869 sustinet
2042 1812 2185 1867 Deus
2213 1812 2348 1866 tales
2379 1819 2635 1881 parentes
2685 1810 2988 1874 seditionis,
3028 1810 3229 1863 habere
3258 1807 3358 1862 de-

1767 1907 2017 1962 fensores
2043 1913 2097 1960 ct
2126 1913 2561 1977 prepugnatcrcs
2590 1903 2732 1974 ejus,
2754 1902 2901 1975 quod
2926 1917 2991 1957 ex
3035 1915 3102 1957 eo
3129 1901 3354 1964 relucet,

1765 1997 1969 2069 palatii.

1837 2091 1923 2145 i9.
1960 2089 2087 2144 Haec
2119 2104 2241 2143 eum
2297 2090 2406 2143 Deo
2438 2088 2655 2143 volente
2710 2087 2986 2156 sapienter
3015 2090 3355 2148 statuissent,

1765 2189 1819 2236 rt
1869 2178 2090 2248 aliquod
2132 2188 2347 2249 tempus
2382 2177 2723 2232 intercedere
2760 2178 2967 2231 homno
3018 2190 3140 2230 esse
3168 2173 3358 2230 existi-

1766 2280 2030 2335 masscnt,
2082 2271 2315 2341 pulchro
2347 2286 2537 2325 rursus
2585 2268 2842 2324 mandato
2889 2267 3134 2333 edicunt.
3189 2275 3249 2321 ut
3299 2266 3355 2321 in

1768 2366 2086 2439 prreclaram
2130 2365 2396 2436 Bithynia:
2446 2364 2791 2435 metropolim
2837 2364 3000 2418 simul
3037 2361 3358 2417 conveniret

1766 2469 1942 2516 costus
1969 2457 2316 2513 sacerdotum
2342 2465 2397 2510 et
2424 2456 2742 2527 pontiﬁrum
2781 2474 2793 2510 :
2826 2453 3080 2517 Nic-.eam,
3112 2448 3355 2525 inquam,

1768 2551 1823 2606 in
1856 2565 1961 2621 qua
1999 2550 2110 2618 (3t)
2141 2546 2447 2611 Trinitatis,
2478 2564 2600 2617 qua:
2634 2558 2719 2602 est
2745 2546 2991 2617 ejusdem
3020 2546 3277 2602 essentia:
3303 2552 3360 2600 et

1768 2658 1966 2713 expers
2019 2642 2200 2696 omnis
2250 2641 2511 2704 materiae,
2563 2640 2828 2695 adversus
2883 2638 2995 2693 Arii
3034 2649 3090 2694 et
3130 2653 3357 2694 suorum

1771 2736 1977 2791 rabiem
2004 2735 2357 2790 acutissimus
2383 2732 2596 2804 gladius
2637 2732 2737 2786 fuit
2776 2732 3074 2787 fabricatus
3108 2750 3124 2787 :
3166 2730 3221 2785 in
3251 2747 3359 2800 qua

1768 2826 2015 2881 Trinitas
2042 2827 2410 2897 hypostaseon
2454 2825 2737 2879 individua
2779 2824 3069 2889 divisione,
3103 2831 3158 2877 et
3184 2821 3360 2877 divisa

1768 2921 1973 2976 unione
1998 2920 2302 2991 theologice
2331 2920 2562 2975 refulsit.
2592 2920 2657 2974 Et
2691 2936 2815 2975 cum
2843 2919 3186 2974 sanctissima
3215 2918 3362 2974 clas.

1769 3015 1846 3069 sis
1871 3013 2019 3068 dicto
2046 3014 2210 3068 citius
2236 3014 2288 3067 in
2322 3015 2520 3068 dictam
2554 3014 2837 3068 venissent
2860 3012 3160 3075 civitatem,
3188 3009 3361 3065 Tara-

1771 3107 1884 3161 sius
1915 3122 2134 3176 quoque
2164 3106 2315 3161 venit
2342 3123 2406 3161 ex
2436 3106 2572 3161 urbe
2612 3105 2782 3175 regia,
2808 3120 2873 3159 ex
2902 3103 3015 3173 (52)
3045 3101 3361 3172 apostolicis

77 3182 399 3252 relinquunt
449 3182 756 3253 pontiﬁces.
816 3184 1179 3255 Imperatores
1222 3194 1406 3241 autem
1462 3186 1516 3241 in
1550 3182 1664 3253 eos,

1773 3201 1997 3256 sedibus
2029 3192 2215 3254 seeum
2248 3213 2534 3253 assumens
2570 3198 2800 3252 eximios
2833 3195 3108 3266 quoslibet
3133 3201 3190 3247 et
3217 3208 3359 3264 prte-

78 3271 173 3339 qui
209 3286 296 3326 res
326 3284 682 3339 novaverant,
716 3290 840 3329 eum
874 3275 953 3329 ira
1006 3274 1330 3342 frementes,
1363 3276 1473 3332 cito
1502 3293 1669 3338 vene-

80 3370 215 3417 runt
247 3362 301 3416 in
335 3378 494 3419 suum
532 3366 814 3436 palatium,
845 3382 1033 3421 eorum
1077 3367 1425 3423 insolentiam
1478 3376 1534 3423 et
1586 3369 1671 3423 in-

80 3456 476 3513 surreetionem
532 3467 589 3514 et
631 3458 978 3515 eversionem
1028 3458 1269 3514 universi
1328 3448 1689 3531 reputantes.‘

160 3704 273 3773 (Et)
312 3704 461 3770 Quas
495 3707 600 3781 hac
634 3723 799 3777 super
831 3723 903 3781 re
941 3709 1306 3781 imperatores
1357 3711 1425 3767 ad
1475 3711 1671 3767 Adria-

83 3790 218 3828 num
256 3791 469 3847 papam
529 3778 797 3831 miserunt
874 3778 1100 3834 Romam
1172 3782 1423 3847 litteras,
1502 3784 1674 3840 lector

86 3846 534 3917 reperiet_eidem
571 3849 804 3901 concilio
834 3850 1014 3917 praelix
1027 3866 1106 3904 as.

168 3913 282 3991 (ἓξ)
325 3914 673 3991 Esstructum
709 3918 759 3970 id
798 3913 1235 3991 Constantino
1271 3920 1488 3991 Magno,
1516 3939 1675 3977 eum-

86 3998 195 4051 que
242 3984 293 4037 in
349 3986 441 4038 illo
491 3988 762 4053 sepultum
824 3987 995 4042 fuisse
1045 3988 1209 4044 tradit
1260 3984 1484 4046 lib.'lV
1539 3992 1674 4048 Vita:

87 4054 221 4130 ejus
241 4054 483 4130 cap._58,
517 4055 584 4109 59
612 4066 663 4109 et
692 4056 781 4130 fit).
835 4059 998 4113 Casui
1033 4060 1332 4130 obnoxium
1390 4062 1673 4130 pulchrius

88 4122 131 4179 a7
194 4122 507 4206 .lnstiniano
581 4127 970 4181 remditicatum
1050 4128 1220 4185 luisse
1303 4122 1462 4185 doéet
1533 4132 1669 4187 Pro-

88 4209 305 4263 c0ptus.

166 4264 280 4328 (26)
320 4264 478 4335 Anno
520 4263 553 4317 ϐ
588 4266 799 4332 imperii
840 4266 1184 4322 Constantini
1234 4278 1288 4324 et
1327 4268 1531 4335 lrenes,
1586 4272 1674 4327 die

90 4333 160 4387 ΓΙ
193 4334 437 4409 Augusti,
464 4350 605 4388 nona
660 4336 877 4409 ludiet.,
918 4353 1064 4409 anno
1114 4338 1236 4403 786,
1286 4333 1675 4409 cmpere'san-

89 4411 212 4458 ctas
251 4404 569 4479 scripturas
609 4407 919 4479 releget-eiet
936 4408 1177 4473 ohjicere
1210 4404 1462 4473 invicem,
1500 4412 1673 4479 impe-

93 4476 373 4594 I‘1;l0l'ii)tls
414 4488 444 4527 e
486 4476 897 4532 catecbumeuis
925 4479 1340 4547 aspicientibus.
1383 4479 1460 4535 Ita
1498 4476 1674 4536 Theo-

93 4558 323 4594 Dlanes.

90 4558 323 4612 pnanes.

170 4613 290 4687 (2⁸1)Δ
322 4612 667 4687 constantiui
710 4615 1039 4687 Copronymi
1091 4633 1236 4672 anno
1299 4620 1428 4686 7'75,
1484 4623 1680 4679 lndict.

94 4683 187 4745 Η,
219 4684 328 4762 _die
372 4685 763 4762 ιιι-διξιιιεθητι)ἶ
814 4683 1133 4762 exstincti:
1192 4704 1221 4762 a
1274 4706 1384 4758 quo
1415 4683 1681 4762 tempore

94 4753 610 4825 necduni_underirn
640 4755 765 4807 anui
814 4757 1019 4825 integre
1052 4759 1222 4823 elapsi
1258 4753 1433 4815 erant.

171 4823 814 4895 (28)_Pseudosynodum
862 4823 1008 4881 anno
1056 4828 1158 4882 754
1210 4829 1451 4885 habitam
1510 4830 1682 4889 fuisse

97 4904 225 4947 ante
258 4893 514 4947 diximus.

172 4960 710 5036 (29)_Tbeophanes,
738 4984 756 5016 ι
784 4974 891 5019 tam
935 4967 1113 5035 ipsum
1132 4967 1523 5036 patriarcham,
1567 4974 1681 5027 sci-

97 5032 250 5112 licet.
282 5030 572 5112 Tarasium
604 5076 619 5099 ,
652 5052 832 5112 quam
854 5030 1231 5112 __or_thodoir_os
1282 5030 1572 5112 episcopos
1631 5054 1687 5096 et

96 5102 615 5179 archimandritas.)
637 5102 714 5159 Ad
732 5122 792 5159 ea
818 5106 1122 5179 alludenlcs
1148 5102 1328 5179 Graeci
1345 5112 1396 5163 iu
1417 5102 1682 5179 Trepario

98 5172 169 5253 de
197 5178 393 5253 san_-_cto‘
412 5173 874 5253 'l‘arasio_eanunt
900 5196 912 5229 :
950 5176 1122 5253 ’Υπὲρ
1147 5172 1681 5253 ῖδ-ςῆσαιζτᾶθνῆ.

102 5242 222 5316 gat.
263 5241 480 5316 “ergo.
531 5244 897 5315 προθέμενος,
944 5245 1044 5314 τὴν
1088 5241 1180 5299 ἶτοῦ
1216 5241 1453 5316 Χριστοῦ
1495 5241 1679 5305 εἰκόνά

101 5310 541 5386 (ἕναςπηλοῦσθαι
568 5310 942 5383 ἇτροσέἁττεις,
977 5310 1069 5368 xei
1101 5310 1317 5370 πάντῶν
1346 5320 1455 5373 τῶν
1481 5322 1675 5386 ἁγίων.

106 5380 374 5454 Patiorem
425 5383 533 5435 vita
589 5380 806 5439 mortem
881 5387 1096 5452 habens,
1151 5405 1181 5442 ο
1228 5386 1412 5454 Pater,
1476 5380 1679 5446 Christi

103 5452 798 5530 amniumqueusanctorum
861 5458 1144 5525 imaginem
1214 5460 1346 5528 erigi
1401 5452 1670 5530 prteripis.

103 5518 308 5601 Eadem
335 5518 926 5601 pluribns__narrantur
964 5518 1091 5582 ante
1129 5518 1413 5584 actioniem'
1441 5518 1674 5601 primum

104 5590 299 5665 synodi
335 5590 563 5665 Nicena:
593 5593 656 5648 ll.

181 5658 293 5736 Q0)
335 5661 458 5736 Haec
503 5664 750 5733 pluribus
799 5667 1161 5736 TheOphanes
1204 5667 1270 5723 ad
1315 5685 1518 5724 annum
1572 5670 1675 5724 im-

108 5730 254 5813 perii.
273 5730 584 5813 septimum,
619 5751 860 5813 mensem
892 5730 1287 5813 Septembrem,
1326 5749 1380 5793 et
1421 5740 1673 5813 indictio-

30 5808 31 5813 ‘
109 5802 449 5877 nis_d_eci_m:e
516 5804 729 5858 initium
763 5805 945 5871 refert,
971 5802 1110 5877 ergo
1139 5810 1204 5862 ad
1236 5825 1447 5863 annum
1480 5811 1598 5869 786.

184 5871 294 5941 (31)
336 5872 551 5929 Niczena
604 5877 777 5946 prima
846 5871 1084 5949 synodus
1145 5880 1248 5936 sub
1314 5882 1673 5937 Constantino

1772 3288 2141 3344 slantissimos
2169 3307 2181 3343 :
2212 3303 2411 3357 nempe
2443 3288 2512 3342 ab
2551 3287 2790 3342 Adriano
2826 3286 3049 3355 quidem
3080 3284 3221 3354 Papa
3255 3281 3364 3337 Ro-

1773 3395 1935 3434 mano
1960 3378 2179 3434 Petrum
2205 3379 2316 3449 (55)
2344 3379 2583 3449 primum
2613 3378 3009 3448 presbyterum,
3037 3384 3094 3431 et
3136 3372 3361 3430 Petrum

1775 3468 2104 3525 monachum
2133 3478 2188 3524 et
2230 3469 2343 3541 (5t)
2394 3469 2750 3541 praelectum;
2789 3469 2900 3541 ('55)
2954 3469 3022 3524 ab
3062 3467 3361 3540 apostolica

1772 3711 1967 3773 Magno
1997 3710 2184 3782 habita
2208 3725 2299 3764 an.
2324 3710 2449 3775 3:25,
2475 3712 2561 3766 cui
2586 3710 2885 3767 interfuere
2910 3711 3017 3766 5l8
3042 3711 3307 3782 episcopi.

1843 3782 1957 3849 (32)
1995 3779 2279 3849 Siquidem
2339 3797 2433 3836 eos
2506 3782 2599 3849 qui
2655 3799 2721 3835 ex
2783 3779 3247 3837 Romanm'sedis'
3306 3792 3361 3839 et

1771 3851 2135 3907 Orientalium
2183 3866 2416 3916 perseiia
2453 3860 2735 3916 venerant,
2786 3866 2895 3906 n0n
2939 3851 3221 3908 dimiserat
3260 3854 3360 3908 im-

1773 3931 2023 3991 perator.
2046 3920 2122 3975 ita
2162 3919 2547 3989 Theophanes.

1846 3992 1957 4063 (5.37)
1998 3990 2186 4046 Graece
2244 3991 2333 4063 eo;
2409 3992 2626 4063 πρῶτον
2682 3990 3053 4063 πρεσϐύτερον
3114 3993 3361 4063 synodus

1774 4056 2031 4129 appellat.
2081 4062 2405 4115 Anastasius
2435 4056 2685 4130 alterque
2723 4056 2993 4129 interpres
3026 4056 3359 4117 fere'arrhi-

1775 4132 2152 4203 presbyterum
2172 4138 2349 4203 vocat,
2374 4132 2605 4203 subinde
2630 4133 3191 4203 protopreshyterum.
3216 4135 3357 4189 idem

1776 4202 2101 4254 Anastasius
2134 4202 2186 4253 in
2213 4201 2438 4253 historia
2474 4202 2847 4265 'l‘heOphanis,
2883 4201 3348 4257 vice-dominum.

1849 4270 2189 4343 (5‘16er
2248 4270 2550 4343 ἠγορμξνον
2599 4270 3060 4343 visentem
3141 4272 3359 4343 Ῥώμην

1777 4339 2008 4412 ςῦαγοῦς
2061 4340 2231 4412 μονῆς
2286 4339 2381 4392 τοῦ
2439 4341 2595 4408 ἁγίου
2643 4340 2863 4412 Σάϐϐαν
2907 4339 3358 4412 Abh—atemilcta

1780 4410 1966 4534 {galina
1991 4410 2183 4491 vocant
2221 4411 2547 4465 venerabilis
2573 4411 2891 4465 monasterii
2932 4422 3135 4467 sancta:
3165 4411 3357 4467 Sabim:

1831 4495 1967 4533 omne
2001 4488 2113 4533 sm.

1802 4482 1967 4533 {nunc
2001 4481 2113 4533 siti.

1856 4550 1969 4619 (δῦ)
2014 4548 2242 4602 Nemina
2321 4550 2515 4603 horum
2546 4550 2551 4553 ’
2586 4551 2750 4603 trium
2816 4550 3251 4619 patriarcharum
3304 4552 3355 4605 in

1784 4619 2003 4674 Menaeis
2052 4628 2104 4672 et
2152 4619 2459 4683 Menologio
2498 4619 2811 4674 Graecorum
2865 4636 2895 4673 a
2945 4621 3163 4675 Canisio
3195 4622 3358 4677 editis

1789 4688 2101 4743 referuntur
2144 4691 2207 4742 ad
2256 4689 2321 4743 l0
2350 4689 2685 4752 0ctobr.,ut.
2727 4689 2868 4743 intra
2920 4690 3149 4745 dicetur.
3188 4693 3360 4746 Erant

1786 4760 1888 4828 ipsi
1932 4762 2051 4813 tum
2098 4760 2202 4813 sub
2238 4758 2549 4821 Saracenis,
2607 4761 2722 4813 sive
2774 4759 3083 4822 Arabibus,
3133 4760 3229 4815 sed
3286 4764 3358 4815 ob

1785 4845 1973 4897 p’lCElll
2017 4828 2273 4899 utrinque
2331 4828 2553 4891 factam,
2610 4837 2862 4898 poterant
2900 4828 3127 4899 facilius
3165 4846 3356 4885 eorum

1783 4899 2012 4970 delegati
2034 4897 2566 4970 Constantinopolim
2595 4897 2868 4970 navigare.
2897 4897 3133 4970 Principi
3163 4915 3356 4954 eorum

1786 4967 1953 5039 Moysi
1999 4970 2113 5037 (qui
2171 4986 2200 5023 a
2265 4969 2530 5037 Gregorio
2592 4969 2871 5024 Elmaeiuo
2920 4967 3098 5027 Musa'
3131 4970 3359 5026 Alhadis

1783 5040 2122 5107 appellatur)
2194 5042 2301 5093 vita
2361 5041 2550 5092 functo
2608 5049 2949 5094 successerat
3003 5039 3182 5093 Aaron
3239 5041 3359 5096 sive

1782 5108 2107 5177 Albugiafar
2155 5108 2336 5164 llaron
2399 5109 2677 5167 Rasiidus.
2709 5124 2853 5163 anno
2891 5111 2925 5164 5
2959 5110 3171 5177 imperii
3214 5111 3358 5163 Cou-

1783 5180 2007 5231 stantini
2041 5189 2095 5231 et
2133 5179 2337 5242 lrenes,
2386 5180 2587 5233 Christi
2631 5180 2755 5241 785,
2806 5182 2969 5248 que‘m
3018 5189 3140 5248 post
3180 5178 3357 5248 impe-

1781 5249 1924 5301 rium
1955 5248 2028 5303 95
2059 5265 2326 5302 annorum
2381 5259 2657 5302 mortuum
2705 5266 2828 5302 esse
2867 5264 3013 5302 anno
3064 5249 3355 5311 Nicephori

1784 5318 2129 5385 imperatoris
2151 5320 2204 5384 7,
2232 5320 2433 5373 Christi
2460 5318 2563 5372 808
2590 5320 2747 5372 tradit
2768 5318 3066 5386 Theophan
3088 5334 3153 5373 ‘s.
3180 5318 3355 5386 llujus

1782 5386 1951 5440 frater
1976 5389 2201 5443 Abdalla
2230 5405 2354 5443 cum
2385 5389 2528 5443 circa
2559 5404 2763 5443 annum
2789 5389 2994 5443 Christi
3050 5388 3156 5443 796
3210 5398 3357 5444 esset

1780 5460 2113 5530 constitutus
2130 5460 2460 5521 gubernator
2476 5459 2716 5530 Aﬂgypti,
2738 5460 2804 5513 ad
2823 5474 2948 5513 eum
2971 5459 3115 5530 misit
3135 5460 3359 5530 patriar-

1780 5529 1937 5599 rham
1997 5529 2449 5589 Alexandrinum,
2504 5529 2597 5599 qui
2648 5531 2883 5599 sumptis
2943 5529 3358 5584 medicamentis

1782 5596 2119 5668 Egyptiacis
2134 5600 2411 5667 profectus
2429 5596 2739 5668 Bagdanum
2759 5596 2977 5654 cuidam
2999 5600 3191 5669 puellae
3213 5600 3359 5666 prin-

1780 5672 2081 5739 cipieharze
2113 5680 2225 5724 tum
2252 5670 2458 5725 morbis
2499 5671 2711 5725 alllielze
2760 5670 3051 5725 sanitatem
3098 5670 3357 5739 reddidit.

1783 5737 1934 5793 [inde
1955 5742 2043 5797 hic
2063 5742 2299 5811 diploma
2326 5742 2513 5805 edidit,
2535 5756 2645 5811 quo
2668 5742 2862 5809 templa
2883 5740 3065 5794 omnia
3083 5737 3361 5811 Orthodo-

1781 5824 2166 5935 κοτυᾶηηςυτῑ
2219 5810 2477 5868 Jacobitae
2537 5810 2977 5883 occupaverant,
3027 5811 3093 5864 iis
3147 5810 3360 5865 restitui

1781 5894 1904 5935 man
1946 5892 2075 5935 avnt.

1778 5892 2075 5937 mandant.
