  <div class='ocr_page' id='page_1' title='image "/cluster/home/n/w/nwhite01/storage/ocr_20150623/98/nnc1.0046979697/704.png"; bbox 0 0 4092 6438; ppageno 0'>
   <div class='ocr_carea' id='block_1_1' title="bbox 143 374 259 443">
    <p class='ocr_par' dir='ltr' id='par_1_1' title="bbox 143 374 259 443">
     <span class='ocr_line' id='line_1_1' title="bbox 143 374 259 443; baseline -0.009 0"><span class='ocrx_word' id='word_1_1' title='bbox 143 374 259 443; x_wconf 70' lang='grc'><strong>1401</strong></span> 
     </span>
    </p>
   </div>
   <div class='ocr_carea' id='block_1_2' title="bbox 138 493 1742 582">
    <p class='ocr_par' dir='ltr' id='par_1_2' title="bbox 138 493 1742 582">
     <span class='ocr_line' id='line_1_2' title="bbox 138 493 1742 582; baseline 0.014 -36"><span class='ocrx_word' id='word_1_2' title='bbox 138 493 232 548; x_wconf 82' lang='lat' dir='ltr'><strong>ﬁde</strong></span> <span class='ocrx_word' id='word_1_3' title='bbox 278 495 498 553; x_wconf 87' lang='lat' dir='ltr'><strong>haberet</strong></span> <span class='ocrx_word' id='word_1_4' title='bbox 541 503 866 558; x_wconf 87' lang='lat' dir='ltr'><strong>sententiam</strong></span> <span class='ocrx_word' id='word_1_5' title='bbox 919 512 974 559; x_wconf 91' lang='lat' dir='ltr'><strong>et</strong></span> <span class='ocrx_word' id='word_1_6' title='bbox 1009 507 1339 565; x_wconf 74' lang='lat' dir='ltr'><strong>voluntatem</strong></span> <span class='ocrx_word' id='word_1_7' title='bbox 1392 514 1667 582; x_wconf 89' lang='lat' dir='ltr'><strong>aperiret,</strong></span> <span class='ocrx_word' id='word_1_8' title='bbox 1699 521 1742 576; x_wconf 80' lang='grc' dir='ltr'><strong>Α</strong></span> 
     </span>
    </p>
   </div>
   <div class='ocr_carea' id='block_1_3' title="bbox 136 582 1671 665">
    <p class='ocr_par' dir='ltr' id='par_1_3' title="bbox 136 582 1671 665">
     <span class='ocr_line' id='line_1_3' title="bbox 136 582 1671 665; baseline 0.015 -31"><span class='ocrx_word' id='word_1_9' title='bbox 136 582 486 640; x_wconf 77' lang='lat' dir='ltr'><strong>adhortantes.</strong></span> <span class='ocrx_word' id='word_1_10' title='bbox 542 590 874 646; x_wconf 87' lang='lat' dir='ltr'><strong>Acclamavit</strong></span> <span class='ocrx_word' id='word_1_11' title='bbox 925 609 1303 653; x_wconf 83' lang='lat' dir='ltr'><strong>sacrosanctus</strong></span> <span class='ocrx_word' id='word_1_12' title='bbox 1353 611 1554 665; x_wconf 67' lang='lat' dir='ltr'><strong>coetus,</strong></span> <span class='ocrx_word' id='word_1_13' title='bbox 1599 603 1671 657; x_wconf 86' lang='lat' dir='ltr'><strong>ita</strong></span> 
     </span>
    </p>
   </div>
   <div class='ocr_carea' id='block_1_4' title="bbox 135 677 1672 764">
    <p class='ocr_par' dir='ltr' id='par_1_4' title="bbox 135 677 1672 764">
     <span class='ocr_line' id='line_1_4' title="bbox 135 677 1672 764; baseline 0.016 -39"><span class='ocrx_word' id='word_1_14' title='bbox 135 688 256 735; x_wconf 85' lang='lat' dir='ltr'><strong>esse,</strong></span> <span class='ocrx_word' id='word_1_15' title='bbox 285 684 339 728; x_wconf 88' lang='lat' dir='ltr'><strong>et</strong></span> <span class='ocrx_word' id='word_1_16' title='bbox 362 691 421 729; x_wconf 89' lang='lat' dir='ltr'><strong>se</strong></span> <span class='ocrx_word' id='word_1_17' title='bbox 448 677 521 730; x_wconf 90' lang='lat' dir='ltr'><strong>ita</strong></span> <span class='ocrx_word' id='word_1_18' title='bbox 549 681 752 734; x_wconf 89' lang='lat' dir='ltr'><strong>sentire</strong></span> <span class='ocrx_word' id='word_1_19' title='bbox 772 683 840 737; x_wconf 92' lang='lat' dir='ltr'><strong>de</strong></span> <span class='ocrx_word' id='word_1_20' title='bbox 871 688 1302 744; x_wconf 86' lang='lat' dir='ltr'><strong>venerandarum</strong></span> <span class='ocrx_word' id='word_1_21' title='bbox 1326 689 1437 762; x_wconf 78' lang='grc'><strong>(46)</strong></span> <span class='ocrx_word' id='word_1_22' title='bbox 1478 695 1672 764; x_wconf 91' lang='lat' dir='ltr'><strong>imagi-</strong></span> 
     </span>
    </p>
   </div>
   <div class='ocr_carea' id='block_1_5' title="bbox 133 767 1673 846">
    <p class='ocr_par' dir='ltr' id='par_1_5' title="bbox 133 767 1673 846">
     <span class='ocr_line' id='line_1_5' title="bbox 133 767 1673 846; baseline 0.018 -32"><span class='ocrx_word' id='word_1_23' title='bbox 133 777 249 816; x_wconf 87' lang='lat' dir='ltr'><strong>num</strong></span> <span class='ocrx_word' id='word_1_24' title='bbox 277 767 497 834; x_wconf 84' lang='lat' dir='ltr'><strong>antiqua</strong></span> <span class='ocrx_word' id='word_1_25' title='bbox 527 769 798 826; x_wconf 77' lang='lat' dir='ltr'><strong>elﬁctione</strong></span> <span class='ocrx_word' id='word_1_26' title='bbox 835 782 893 827; x_wconf 89' lang='lat' dir='ltr'><strong>et</strong></span> <span class='ocrx_word' id='word_1_27' title='bbox 921 776 1254 846; x_wconf 87' lang='lat' dir='ltr'><strong>adoratione,</strong></span> <span class='ocrx_word' id='word_1_28' title='bbox 1287 783 1474 839; x_wconf 92' lang='lat' dir='ltr'><strong>multis</strong></span> <span class='ocrx_word' id='word_1_29' title='bbox 1521 786 1673 843; x_wconf 85' lang='lat' dir='ltr'><strong>libris</strong></span> 
     </span>
    </p>
   </div>
   <div class='ocr_carea' id='block_1_6' title="bbox 131 852 1672 944">
    <p class='ocr_par' dir='ltr' id='par_1_6' title="bbox 131 852 1672 944">
     <span class='ocr_line' id='line_1_6' title="bbox 131 852 1672 944; baseline 0.017 -40"><span class='ocrx_word' id='word_1_30' title='bbox 131 852 332 907; x_wconf 83' lang='lat' dir='ltr'><strong>Patrum</strong></span> <span class='ocrx_word' id='word_1_31' title='bbox 375 857 552 912; x_wconf 86' lang='lat' dir='ltr'><strong>allatis</strong></span> <span class='ocrx_word' id='word_1_32' title='bbox 602 869 657 913; x_wconf 91' lang='lat' dir='ltr'><strong>et</strong></span> <span class='ocrx_word' id='word_1_33' title='bbox 715 864 1060 932; x_wconf 84' lang='lat' dir='ltr'><strong>synodalibus</strong></span> <span class='ocrx_word' id='word_1_34' title='bbox 1108 869 1373 938; x_wconf 86' lang='lat' dir='ltr'><strong>decretis,</strong></span> <span class='ocrx_word' id='word_1_35' title='bbox 1421 875 1672 944; x_wconf 83' lang='lat' dir='ltr'><strong>verisque</strong></span> 
     </span>
    </p>
   </div>
   <div class='ocr_carea' id='block_1_7' title="bbox 130 944 1674 1026">
    <p class='ocr_par' dir='ltr' id='par_1_7' title="bbox 130 944 1674 1026">
     <span class='ocr_line' id='line_1_7' title="bbox 130 944 1674 1026; baseline 0.015 -32"><span class='ocrx_word' id='word_1_36' title='bbox 130 944 358 998; x_wconf 76' lang='lat' dir='ltr'><strong>adductis</strong></span> <span class='ocrx_word' id='word_1_37' title='bbox 404 950 690 1004; x_wconf 89' lang='lat' dir='ltr'><strong>sententiis</strong></span> <span class='ocrx_word' id='word_1_38' title='bbox 734 961 787 1006; x_wconf 92' lang='lat' dir='ltr'><strong>et</strong></span> <span class='ocrx_word' id='word_1_39' title='bbox 829 954 1405 1026; x_wconf 88' lang='lat' dir='ltr'><strong>demonstrationihus,</strong></span> <span class='ocrx_word' id='word_1_40' title='bbox 1451 972 1506 1018; x_wconf 89' lang='lat' dir='ltr'><strong>et</strong></span> <span class='ocrx_word' id='word_1_41' title='bbox 1552 965 1674 1018; x_wconf 82' lang='lat' dir='ltr'><strong>dili-</strong></span> 
     </span>
    </p>
   </div>
   <div class='ocr_carea' id='block_1_8' title="bbox 131 1033 1668 1112">
    <p class='ocr_par' dir='ltr' id='par_1_8' title="bbox 131 1033 1668 1112">
     <span class='ocr_line' id='line_1_8' title="bbox 131 1033 1668 1112; baseline 0.016 -28"><span class='ocrx_word' id='word_1_42' title='bbox 131 1033 268 1101; x_wconf 93' lang='lat' dir='ltr'><strong>genti</strong></span> <span class='ocrx_word' id='word_1_43' title='bbox 303 1040 684 1103; x_wconf 88' lang='lat' dir='ltr'><strong>persecutione</strong></span> <span class='ocrx_word' id='word_1_44' title='bbox 717 1041 1000 1112; x_wconf 87' lang='lat' dir='ltr'><strong>impressis</strong></span> <span class='ocrx_word' id='word_1_45' title='bbox 1047 1048 1102 1100; x_wconf 85' lang='lat' dir='ltr'><strong>in</strong></span> <span class='ocrx_word' id='word_1_46' title='bbox 1150 1051 1372 1106; x_wconf 88' lang='lat' dir='ltr'><strong>auribus</strong></span> <span class='ocrx_word' id='word_1_47' title='bbox 1403 1055 1668 1109; x_wconf 89' lang='lat' dir='ltr'><strong>omnium.</strong></span> 
     </span>
    </p>
   </div>
   <div class='ocr_carea' id='block_1_9' title="bbox 129 1123 1668 1211">
    <p class='ocr_par' dir='ltr' id='par_1_9' title="bbox 129 1123 1668 1211">
     <span class='ocr_line' id='line_1_9' title="bbox 129 1123 1668 1211; baseline 0.016 -36"><span class='ocrx_word' id='word_1_48' title='bbox 129 1123 180 1177; x_wconf 92' lang='lat' dir='ltr'><strong>ld</strong></span> <span class='ocrx_word' id='word_1_49' title='bbox 211 1135 382 1179; x_wconf 89' lang='lat' dir='ltr'><strong>autem</strong></span> <span class='ocrx_word' id='word_1_50' title='bbox 413 1143 521 1180; x_wconf 92' lang='lat' dir='ltr'><strong>non</strong></span> <span class='ocrx_word' id='word_1_51' title='bbox 556 1132 720 1184; x_wconf 87' lang='lat' dir='ltr'><strong>semel</strong></span> <span class='ocrx_word' id='word_1_52' title='bbox 750 1150 851 1188; x_wconf 91' lang='lat' dir='ltr'><strong>nec</strong></span> <span class='ocrx_word' id='word_1_53' title='bbox 885 1135 994 1200; x_wconf 90' lang='lat' dir='ltr'><strong>bis,</strong></span> <span class='ocrx_word' id='word_1_54' title='bbox 1030 1139 1124 1192; x_wconf 88' lang='lat' dir='ltr'><strong>sed</strong></span> <span class='ocrx_word' id='word_1_55' title='bbox 1162 1140 1229 1193; x_wconf 91' lang='lat' dir='ltr'><strong>ad</strong></span> <span class='ocrx_word' id='word_1_56' title='bbox 1262 1143 1546 1211; x_wconf 88' lang='lat' dir='ltr'><strong>septimam</strong></span> <span class='ocrx_word' id='word_1_57' title='bbox 1577 1162 1668 1200; x_wconf 90' lang='lat' dir='ltr'><strong>us-</strong></span> 
     </span>
    </p>
   </div>
   <div class='ocr_carea' id='block_1_10' title="bbox 128 1216 1667 1302">
    <p class='ocr_par' dir='ltr' id='par_1_10' title="bbox 128 1216 1667 1302">
     <span class='ocr_line' id='line_1_10' title="bbox 128 1216 1667 1302; baseline 0.017 -38"><span class='ocrx_word' id='word_1_58' title='bbox 128 1227 228 1280; x_wconf 87' lang='lat' dir='ltr'><strong>que</strong></span> <span class='ocrx_word' id='word_1_59' title='bbox 251 1216 545 1271; x_wconf 87' lang='lat' dir='ltr'><strong>sessionem</strong></span> <span class='ocrx_word' id='word_1_60' title='bbox 576 1231 631 1274; x_wconf 88' lang='lat' dir='ltr'><strong>et</strong></span> <span class='ocrx_word' id='word_1_61' title='bbox 660 1224 992 1279; x_wconf 89' lang='lat' dir='ltr'><strong>auditionem</strong></span> <span class='ocrx_word' id='word_1_62' title='bbox 1031 1235 1145 1283; x_wconf 85' lang='lat' dir='ltr'><strong>toto</strong></span> <span class='ocrx_word' id='word_1_63' title='bbox 1184 1231 1273 1284; x_wconf 91' lang='lat' dir='ltr'><strong>die</strong></span> <span class='ocrx_word' id='word_1_64' title='bbox 1316 1245 1667 1302; x_wconf 88' lang='lat' dir='ltr'><strong>conspectum</strong></span> 
     </span>
    </p>
   </div>
   <div class='ocr_carea' id='block_1_11' title="bbox 123 1304 1666 1391">
    <p class='ocr_par' dir='ltr' id='par_1_11' title="bbox 123 1304 1666 1391">
     <span class='ocr_line' id='line_1_11' title="bbox 123 1304 1666 1391; baseline 0.016 -36"><span class='ocrx_word' id='word_1_65' title='bbox 123 1311 204 1356; x_wconf 91' lang='lat' dir='ltr'><strong>est</strong></span> <span class='ocrx_word' id='word_1_66' title='bbox 229 1304 340 1358; x_wconf 76' lang='lat' dir='ltr'><strong>fieri</strong></span> <span class='ocrx_word' id='word_1_67' title='bbox 386 1325 399 1361; x_wconf 87' lang='lat'><strong>:</strong></span> <span class='ocrx_word' id='word_1_68' title='bbox 437 1316 713 1376; x_wconf 91' lang='lat' dir='ltr'><strong>quomodo</strong></span> <span class='ocrx_word' id='word_1_69' title='bbox 750 1314 913 1368; x_wconf 89' lang='lat' dir='ltr'><strong>etiam</strong></span> <span class='ocrx_word' id='word_1_70' title='bbox 954 1319 1083 1371; x_wconf 83' lang='lat' dir='ltr'><strong>Acta</strong></span> <span class='ocrx_word' id='word_1_71' title='bbox 1132 1321 1349 1389; x_wconf 87' lang='lat' dir='ltr'><strong>scriptis</strong></span> <span class='ocrx_word' id='word_1_72' title='bbox 1390 1325 1666 1391; x_wconf 87' lang='lat' dir='ltr'><strong>mandata,</strong></span> 
     </span>
    </p>
   </div>
   <div class='ocr_carea' id='block_1_12' title="bbox 125 1396 1666 1472">
    <p class='ocr_par' dir='ltr' id='par_1_12' title="bbox 125 1396 1666 1472">
     <span class='ocr_line' id='line_1_12' title="bbox 125 1396 1666 1472; baseline 0.017 -27"><span class='ocrx_word' id='word_1_73' title='bbox 125 1409 216 1461; x_wconf 94' lang='lat' dir='ltr'><strong>per</strong></span> <span class='ocrx_word' id='word_1_74' title='bbox 253 1396 490 1452; x_wconf 81' lang='lat' dir='ltr'><strong>divinam</strong></span> <span class='ocrx_word' id='word_1_75' title='bbox 541 1406 983 1472; x_wconf 86' lang='lat' dir='ltr'><strong>consequentiam</strong></span> <span class='ocrx_word' id='word_1_76' title='bbox 1018 1418 1072 1462; x_wconf 91' lang='lat' dir='ltr'><strong>et</strong></span> <span class='ocrx_word' id='word_1_77' title='bbox 1117 1410 1361 1465; x_wconf 87' lang='lat' dir='ltr'><strong>ordinem</strong></span> <span class='ocrx_word' id='word_1_78' title='bbox 1403 1413 1666 1472; x_wconf 87' lang='lat' dir='ltr'><strong>iudicant.</strong></span> 
     </span>
    </p>
   </div>
   <div class='ocr_carea' id='block_1_13' title="bbox 124 1483 1669 1570">
    <p class='ocr_par' dir='ltr' id='par_1_13' title="bbox 124 1483 1669 1570">
     <span class='ocr_line' id='line_1_13' title="bbox 124 1483 1669 1570; baseline 0.017 -34"><span class='ocrx_word' id='word_1_79' title='bbox 124 1483 350 1540; x_wconf 88' lang='lat' dir='ltr'><strong>Tandem</strong></span> <span class='ocrx_word' id='word_1_80' title='bbox 399 1505 522 1543; x_wconf 90' lang='lat' dir='ltr'><strong>cum</strong></span> <span class='ocrx_word' id='word_1_81' title='bbox 567 1491 843 1560; x_wconf 85' lang='lat' dir='ltr'><strong>Tarasius,</strong></span> <span class='ocrx_word' id='word_1_82' title='bbox 899 1507 953 1551; x_wconf 92' lang='lat' dir='ltr'><strong>et</strong></span> <span class='ocrx_word' id='word_1_83' title='bbox 999 1499 1121 1567; x_wconf 91' lang='lat' dir='ltr'><strong>pius</strong></span> <span class='ocrx_word' id='word_1_84' title='bbox 1168 1503 1260 1570; x_wconf 88' lang='lat' dir='ltr'><strong>qni</strong></span> <span class='ocrx_word' id='word_1_85' title='bbox 1300 1518 1422 1557; x_wconf 91' lang='lat' dir='ltr'><strong>cum</strong></span> <span class='ocrx_word' id='word_1_86' title='bbox 1457 1521 1523 1560; x_wconf 91' lang='lat' dir='ltr'><strong>eo</strong></span> <span class='ocrx_word' id='word_1_87' title='bbox 1552 1517 1669 1562; x_wconf 89' lang='lat' dir='ltr'><strong>erat</strong></span> 
     </span>
    </p>
   </div>
   <div class='ocr_carea' id='block_1_14' title="bbox 121 1580 1668 1653">
    <p class='ocr_par' dir='ltr' id='par_1_14' title="bbox 121 1580 1668 1653">
     <span class='ocr_line' id='line_1_14' title="bbox 121 1580 1668 1653; baseline 0.014 -25"><span class='ocrx_word' id='word_1_88' title='bbox 121 1584 287 1630; x_wconf 63' lang='lat' dir='ltr'><strong>castus</strong></span> <span class='ocrx_word' id='word_1_89' title='bbox 339 1580 598 1636; x_wconf 86' lang='lat' dir='ltr'><strong>collectus</strong></span> <span class='ocrx_word' id='word_1_90' title='bbox 657 1583 912 1653; x_wconf 87' lang='lat' dir='ltr'><strong>Patrum,</strong></span> <span class='ocrx_word' id='word_1_91' title='bbox 964 1591 1331 1646; x_wconf 87' lang='lat' dir='ltr'><strong>venerandum</strong></span> <span class='ocrx_word' id='word_1_92' title='bbox 1391 1594 1668 1649; x_wconf 90' lang='lat' dir='ltr'><strong>decretum</strong></span> 
     </span>
    </p>
   </div>
   <div class='ocr_carea' id='block_1_15' title="bbox 121 1663 1667 1747">
    <p class='ocr_par' dir='ltr' id='par_1_15' title="bbox 121 1663 1667 1747">
     <span class='ocr_line' id='line_1_15' title="bbox 121 1663 1667 1747; baseline 0.016 -32"><span class='ocrx_word' id='word_1_93' title='bbox 121 1663 412 1721; x_wconf 90' lang='lat' dir='ltr'><strong>litterarum</strong></span> <span class='ocrx_word' id='word_1_94' title='bbox 457 1672 591 1725; x_wconf 90' lang='lat' dir='ltr'><strong>tutis</strong></span> <span class='ocrx_word' id='word_1_95' title='bbox 633 1678 1002 1731; x_wconf 84' lang='lat' dir='ltr'><strong>monumentis</strong></span> <span class='ocrx_word' id='word_1_96' title='bbox 1053 1682 1381 1747; x_wconf 86' lang='lat' dir='ltr'><strong>mandasset,</strong></span> <span class='ocrx_word' id='word_1_97' title='bbox 1408 1691 1463 1737; x_wconf 92' lang='lat' dir='ltr'><strong>et</strong></span> <span class='ocrx_word' id='word_1_98' title='bbox 1509 1692 1567 1738; x_wconf 96' lang='lat' dir='ltr'><strong>ut</strong></span> <span class='ocrx_word' id='word_1_99' title='bbox 1613 1685 1667 1739; x_wconf 91' lang='lat' dir='ltr'><strong>id</strong></span> 
     </span>
    </p>
   </div>
   <div class='ocr_carea' id='block_1_16' title="bbox 117 1755 1668 1836">
    <p class='ocr_par' dir='ltr' id='par_1_16' title="bbox 117 1755 1668 1836">
     <span class='ocr_line' id='line_1_16' title="bbox 117 1755 1668 1836; baseline 0.014 -29"><span class='ocrx_word' id='word_1_100' title='bbox 117 1755 316 1810; x_wconf 87' lang='lat' dir='ltr'><strong>salvum</strong></span> <span class='ocrx_word' id='word_1_101' title='bbox 345 1767 400 1812; x_wconf 91' lang='lat' dir='ltr'><strong>et</strong></span> <span class='ocrx_word' id='word_1_102' title='bbox 433 1760 701 1832; x_wconf 76' lang='lat' dir='ltr'><strong>integrum</strong></span> <span class='ocrx_word' id='word_1_103' title='bbox 734 1777 1002 1830; x_wconf 88' lang='lat' dir='ltr'><strong>maneret,</strong></span> <span class='ocrx_word' id='word_1_104' title='bbox 1031 1778 1282 1836; x_wconf 89' lang='lat' dir='ltr'><strong>precatus</strong></span> <span class='ocrx_word' id='word_1_105' title='bbox 1308 1782 1472 1836; x_wconf 81' lang='lat' dir='ltr'><strong>esset,</strong></span> <span class='ocrx_word' id='word_1_106' title='bbox 1517 1784 1571 1828; x_wconf 90' lang='lat' dir='ltr'><strong>et</strong></span> <span class='ocrx_word' id='word_1_107' title='bbox 1611 1785 1668 1829; x_wconf 95' lang='lat' dir='ltr'><strong>ut</strong></span> 
     </span>
    </p>
   </div>
   <div class='ocr_carea' id='block_1_17' title="bbox 116 1842 1740 1920">
    <p class='ocr_par' dir='ltr' id='par_1_17' title="bbox 116 1842 1740 1920">
     <span class='ocr_line' id='line_1_17' title="bbox 116 1842 1740 1920; baseline 0.015 -23"><span class='ocrx_word' id='word_1_108' title='bbox 116 1843 319 1912; x_wconf 88' lang='lat' dir='ltr'><strong>Patres,</strong></span> <span class='ocrx_word' id='word_1_109' title='bbox 341 1851 432 1918; x_wconf 88' lang='lat' dir='ltr'><strong>qui</strong></span> <span class='ocrx_word' id='word_1_110' title='bbox 457 1853 690 1919; x_wconf 89' lang='lat' dir='ltr'><strong>primam</strong></span> <span class='ocrx_word' id='word_1_111' title='bbox 711 1854 972 1912; x_wconf 88' lang='lat' dir='ltr'><strong>adversus</strong></span> <span class='ocrx_word' id='word_1_112' title='bbox 997 1856 1260 1914; x_wconf 90' lang='lat' dir='ltr'><strong>furiosum</strong></span> <span class='ocrx_word' id='word_1_113' title='bbox 1291 1863 1476 1917; x_wconf 81' lang='lat' dir='ltr'><strong>Arium</strong></span> <span class='ocrx_word' id='word_1_114' title='bbox 1499 1866 1667 1920; x_wconf 89' lang='lat' dir='ltr'><strong>vieto-</strong></span> <span class='ocrx_word' id='word_1_115' title='bbox 1698 1842 1740 1896; x_wconf 78' lang='grc' dir='ltr'><strong>Β</strong></span> 
     </span>
    </p>
   </div>
   <div class='ocr_carea' id='block_1_18' title="bbox 115 1935 1662 2022">
    <p class='ocr_par' dir='ltr' id='par_1_18' title="bbox 115 1935 1662 2022">
     <span class='ocr_line' id='line_1_18' title="bbox 115 1935 1662 2022; baseline 0.016 -36"><span class='ocrx_word' id='word_1_116' title='bbox 115 1935 244 1989; x_wconf 88' lang='lat' dir='ltr'><strong>riam</strong></span> <span class='ocrx_word' id='word_1_117' title='bbox 265 1945 740 2010; x_wconf 88' lang='lat' dir='ltr'><strong>erantconsecuti,</strong></span> <span class='ocrx_word' id='word_1_118' title='bbox 770 1946 1046 2016; x_wconf 84' lang='lat' dir='ltr'><strong>adjutores</strong></span> <span class='ocrx_word' id='word_1_119' title='bbox 1071 1950 1350 2019; x_wconf 88' lang='lat' dir='ltr'><strong>baberent,</strong></span> <span class='ocrx_word' id='word_1_120' title='bbox 1379 1962 1434 2007; x_wconf 89' lang='lat' dir='ltr'><strong>et</strong></span> <span class='ocrx_word' id='word_1_121' title='bbox 1455 1970 1662 2022; x_wconf 89' lang='lat' dir='ltr'><strong>eorum,</strong></span> 
     </span>
    </p>
   </div>
   <div class='ocr_carea' id='block_1_19' title="bbox 111 2032 1665 2109">
    <p class='ocr_par' dir='ltr' id='par_1_19' title="bbox 111 2032 1665 2109">
     <span class='ocr_line' id='line_1_19' title="bbox 111 2032 1665 2109; baseline 0.014 -29"><span class='ocrx_word' id='word_1_122' title='bbox 111 2043 228 2095; x_wconf 71' lang='lat' dir='ltr'><strong>qua:</strong></span> <span class='ocrx_word' id='word_1_123' title='bbox 255 2039 398 2084; x_wconf 89' lang='lat' dir='ltr'><strong>recta</strong></span> <span class='ocrx_word' id='word_1_124' title='bbox 429 2032 645 2088; x_wconf 88' lang='lat' dir='ltr'><strong>decreta</strong></span> <span class='ocrx_word' id='word_1_125' title='bbox 685 2035 921 2104; x_wconf 89' lang='lat' dir='ltr'><strong>fuerant,</strong></span> <span class='ocrx_word' id='word_1_126' title='bbox 977 2042 1252 2109; x_wconf 89' lang='lat' dir='ltr'><strong>custodes,</strong></span> <span class='ocrx_word' id='word_1_127' title='bbox 1302 2043 1472 2098; x_wconf 87' lang='lat' dir='ltr'><strong>Deum</strong></span> <span class='ocrx_word' id='word_1_128' title='bbox 1511 2046 1665 2101; x_wconf 92' lang='lat' dir='ltr'><strong>invo-</strong></span> 
     </span>
    </p>
   </div>
   <div class='ocr_carea' id='block_1_20' title="bbox 110 2127 1662 2207">
    <p class='ocr_par' dir='ltr' id='par_1_20' title="bbox 110 2127 1662 2207">
     <span class='ocr_line' id='line_1_20' title="bbox 110 2127 1662 2207; baseline 0.014 -36"><span class='ocrx_word' id='word_1_129' title='bbox 110 2130 337 2183; x_wconf 83' lang='lat' dir='ltr'><strong>cassent,</strong></span> <span class='ocrx_word' id='word_1_130' title='bbox 393 2131 478 2180; x_wconf 86' lang='lat' dir='ltr'><strong>et.</strong></span> <span class='ocrx_word' id='word_1_131' title='bbox 499 2141 650 2180; x_wconf 75' lang='lat' dir='ltr'><strong>vana:</strong></span> <span class='ocrx_word' id='word_1_132' title='bbox 690 2127 976 2199; x_wconf 90' lang='lat' dir='ltr'><strong>inanisque</strong></span> <span class='ocrx_word' id='word_1_133' title='bbox 1021 2132 1186 2201; x_wconf 85' lang='lat' dir='ltr'><strong>hujus</strong></span> <span class='ocrx_word' id='word_1_134' title='bbox 1223 2138 1508 2191; x_wconf 64' lang='lat' dir='ltr'><strong>sententiae</strong></span> <span class='ocrx_word' id='word_1_135' title='bbox 1551 2136 1662 2207; x_wconf 78' lang='grc'><strong>(47)</strong></span> 
     </span>
    </p>
   </div>
   <div class='ocr_carea' id='block_1_21' title="bbox 109 2215 1665 2286">
    <p class='ocr_par' dir='ltr' id='par_1_21' title="bbox 109 2215 1665 2286">
     <span class='ocr_line' id='line_1_21' title="bbox 109 2215 1665 2286; baseline 0.012 -24"><span class='ocrx_word' id='word_1_136' title='bbox 109 2219 375 2277; x_wconf 88' lang='lat' dir='ltr'><strong>auctores,</strong></span> <span class='ocrx_word' id='word_1_137' title='bbox 409 2222 464 2267; x_wconf 93' lang='lat' dir='ltr'><strong>et</strong></span> <span class='ocrx_word' id='word_1_138' title='bbox 486 2215 663 2269; x_wconf 88' lang='lat' dir='ltr'><strong>omnis</strong></span> <span class='ocrx_word' id='word_1_139' title='bbox 694 2215 916 2272; x_wconf 69' lang='lat' dir='ltr'><strong>haeresis</strong></span> <span class='ocrx_word' id='word_1_140' title='bbox 947 2219 1276 2286; x_wconf 81' lang='lat' dir='ltr'><strong>inventores,</strong></span> <span class='ocrx_word' id='word_1_141' title='bbox 1305 2224 1375 2278; x_wconf 90' lang='lat' dir='ltr'><strong>ab</strong></span> <span class='ocrx_word' id='word_1_142' title='bbox 1399 2226 1536 2279; x_wconf 84' lang='lat' dir='ltr'><strong>atrio</strong></span> <span class='ocrx_word' id='word_1_143' title='bbox 1572 2241 1665 2280; x_wconf 87' lang='lat' dir='ltr'><strong>ec-</strong></span> 
     </span>
    </p>
   </div>
   <div class='ocr_carea' id='block_1_22' title="bbox 117 2302 1662 2381">
    <p class='ocr_par' dir='ltr' id='par_1_22' title="bbox 117 2302 1662 2381">
     <span class='ocr_line' id='line_1_22' title="bbox 117 2302 1662 2381; baseline 0.008 -25"><span class='ocrx_word' id='word_1_144' title='bbox 117 2302 419 2360; x_wconf 88' lang='lat' dir='ltr'><strong>clesiastico</strong></span> <span class='ocrx_word' id='word_1_145' title='bbox 473 2319 571 2374; x_wconf 89' lang='lat' dir='ltr'><strong>per</strong></span> <span class='ocrx_word' id='word_1_146' title='bbox 622 2309 912 2364; x_wconf 88' lang='lat' dir='ltr'><strong>anathema</strong></span> <span class='ocrx_word' id='word_1_147' title='bbox 956 2323 1324 2381; x_wconf 88' lang='lat' dir='ltr'><strong>separasseut,</strong></span> <span class='ocrx_word' id='word_1_148' title='bbox 1374 2314 1427 2368; x_wconf 92' lang='lat' dir='ltr'><strong>in</strong></span> <span class='ocrx_word' id='word_1_149' title='bbox 1478 2317 1662 2370; x_wconf 92' lang='lat' dir='ltr'><strong>urbem</strong></span> 
     </span>
    </p>
   </div>
   <div class='ocr_carea' id='block_1_23' title="bbox 107 2393 1658 2474">
    <p class='ocr_par' dir='ltr' id='par_1_23' title="bbox 107 2393 1658 2474">
     <span class='ocr_line' id='line_1_23' title="bbox 107 2393 1658 2474; baseline 0.011 -30"><span class='ocrx_word' id='word_1_150' title='bbox 107 2393 301 2462; x_wconf 77' lang='lat' dir='ltr'><strong>regiam</strong></span> <span class='ocrx_word' id='word_1_151' title='bbox 362 2397 540 2452; x_wconf 89' lang='lat' dir='ltr'><strong>delata</strong></span> <span class='ocrx_word' id='word_1_152' title='bbox 583 2400 887 2455; x_wconf 76' lang='lat' dir='ltr'><strong>orthodoxa</strong></span> <span class='ocrx_word' id='word_1_153' title='bbox 945 2403 1192 2474; x_wconf 77' lang='lat' dir='ltr'><strong>dogmata</strong></span> <span class='ocrx_word' id='word_1_154' title='bbox 1244 2418 1658 2461; x_wconf 81' lang='lat' dir='ltr'><strong>conservarant.</strong></span> 
     </span>
    </p>
   </div>
   <div class='ocr_carea' id='block_1_24' title="bbox 105 2480 1660 2566">
    <p class='ocr_par' dir='ltr' id='par_1_24' title="bbox 105 2480 1660 2566">
     <span class='ocr_line' id='line_1_24' title="bbox 105 2480 1660 2566; baseline 0.012 -34"><span class='ocrx_word' id='word_1_155' title='bbox 105 2480 249 2545; x_wconf 83' lang='lat' dir='ltr'><strong>Quos</strong></span> <span class='ocrx_word' id='word_1_156' title='bbox 280 2501 491 2540; x_wconf 90' lang='lat' dir='ltr'><strong>summa</strong></span> <span class='ocrx_word' id='word_1_157' title='bbox 520 2490 896 2545; x_wconf 85' lang='lat' dir='ltr'><strong>benevolentia</strong></span> <span class='ocrx_word' id='word_1_158' title='bbox 922 2505 1254 2564; x_wconf 83' lang='lat' dir='ltr'><strong>exceperunt</strong></span> <span class='ocrx_word' id='word_1_159' title='bbox 1284 2497 1660 2566; x_wconf 89' lang='lat' dir='ltr'><strong>imperatores.</strong></span> 
     </span>
    </p>
   </div>
   <div class='ocr_carea' id='block_1_25' title="bbox 172 2574 1664 2658">
    <p class='ocr_par' dir='ltr' id='par_1_25' title="bbox 172 2574 1664 2658">
     <span class='ocr_line' id='line_1_25' title="bbox 172 2574 1664 2658; baseline 0.013 -32"><span class='ocrx_word' id='word_1_160' title='bbox 172 2574 260 2627; x_wconf 75' lang='lat'><strong>2|.</strong></span> <span class='ocrx_word' id='word_1_161' title='bbox 295 2576 404 2647; x_wconf 71' lang='grc'><strong>(48)</strong></span> <span class='ocrx_word' id='word_1_162' title='bbox 440 2579 632 2634; x_wconf 88' lang='lat' dir='ltr'><strong>Erecta</strong></span> <span class='ocrx_word' id='word_1_163' title='bbox 674 2582 854 2652; x_wconf 88' lang='lat' dir='ltr'><strong>itaque</strong></span> <span class='ocrx_word' id='word_1_164' title='bbox 900 2586 1155 2640; x_wconf 88' lang='lat' dir='ltr'><strong>cathedra</strong></span> <span class='ocrx_word' id='word_1_165' title='bbox 1204 2587 1448 2656; x_wconf 91' lang='lat' dir='ltr'><strong>ipsorum</strong></span> <span class='ocrx_word' id='word_1_166' title='bbox 1491 2589 1664 2658; x_wconf 86' lang='lat' dir='ltr'><strong>impe-</strong></span> 
     </span>
    </p>
   </div>
   <div class='ocr_carea' id='block_1_26' title="bbox 103 2673 1661 2751">
    <p class='ocr_par' dir='ltr' id='par_1_26' title="bbox 103 2673 1661 2751">
     <span class='ocr_line' id='line_1_26' title="bbox 103 2673 1661 2751; baseline 0.012 -35"><span class='ocrx_word' id='word_1_167' title='bbox 103 2674 362 2731; x_wconf 90' lang='lat' dir='ltr'><strong>ratorum,</strong></span> <span class='ocrx_word' id='word_1_168' title='bbox 416 2679 471 2724; x_wconf 91' lang='lat' dir='ltr'><strong>et</strong></span> <span class='ocrx_word' id='word_1_169' title='bbox 519 2673 685 2728; x_wconf 89' lang='lat' dir='ltr'><strong>totius</strong></span> <span class='ocrx_word' id='word_1_170' title='bbox 731 2689 760 2727; x_wconf 90' lang='lat' dir='ltr'><strong>a</strong></span> <span class='ocrx_word' id='word_1_171' title='bbox 817 2675 926 2730; x_wconf 87' lang='lat' dir='ltr'><strong>Deo</strong></span> <span class='ocrx_word' id='word_1_172' title='bbox 975 2677 1164 2731; x_wconf 65' lang='lat' dir='ltr'><strong>electae</strong></span> <span class='ocrx_word' id='word_1_173' title='bbox 1197 2679 1409 2748; x_wconf 89' lang='lat' dir='ltr'><strong>synodi,</strong></span> <span class='ocrx_word' id='word_1_174' title='bbox 1454 2681 1510 2733; x_wconf 91' lang='lat' dir='ltr'><strong>in</strong></span> <span class='ocrx_word' id='word_1_175' title='bbox 1549 2682 1661 2751; x_wconf 87' lang='lat' dir='ltr'><strong>jam</strong></span> 
     </span>
    </p>
   </div>
   <div class='ocr_carea' id='block_1_27' title="bbox 102 2755 1662 2835">
    <p class='ocr_par' dir='ltr' id='par_1_27' title="bbox 102 2755 1662 2835">
     <span class='ocr_line' id='line_1_27' title="bbox 102 2755 1662 2835; baseline 0.012 -28"><span class='ocrx_word' id='word_1_176' title='bbox 102 2755 258 2811; x_wconf 78' lang='lat' dir='ltr'><strong>dicta:</strong></span> <span class='ocrx_word' id='word_1_177' title='bbox 306 2757 613 2829; x_wconf 71' lang='lat' dir='ltr'><strong>Magnauraa</strong></span> <span class='ocrx_word' id='word_1_178' title='bbox 648 2764 849 2835; x_wconf 89' lang='lat' dir='ltr'><strong>insigni</strong></span> <span class='ocrx_word' id='word_1_179' title='bbox 886 2767 1022 2834; x_wconf 72' lang='lat' dir='ltr'><strong>aede,</strong></span> <span class='ocrx_word' id='word_1_180' title='bbox 1065 2776 1120 2821; x_wconf 91' lang='lat' dir='ltr'><strong>et</strong></span> <span class='ocrx_word' id='word_1_181' title='bbox 1158 2784 1296 2824; x_wconf 90' lang='lat' dir='ltr'><strong>novo</strong></span> <span class='ocrx_word' id='word_1_182' title='bbox 1328 2771 1546 2825; x_wconf 89' lang='lat' dir='ltr'><strong>decreto</strong></span> <span class='ocrx_word' id='word_1_183' title='bbox 1576 2787 1662 2825; x_wconf 92' lang='lat' dir='ltr'><strong>re-</strong></span> 
     </span>
    </p>
   </div>
   <div class='ocr_carea' id='block_1_28' title="bbox 100 2846 1664 2930">
    <p class='ocr_par' dir='ltr' id='par_1_28' title="bbox 100 2846 1664 2930">
     <span class='ocr_line' id='line_1_28' title="bbox 100 2846 1664 2930; baseline 0.012 -32"><span class='ocrx_word' id='word_1_184' title='bbox 100 2846 284 2910; x_wconf 90' lang='lat' dir='ltr'><strong>citato,</strong></span> <span class='ocrx_word' id='word_1_185' title='bbox 330 2864 451 2903; x_wconf 91' lang='lat' dir='ltr'><strong>cum</strong></span> <span class='ocrx_word' id='word_1_186' title='bbox 497 2868 658 2907; x_wconf 90' lang='lat' dir='ltr'><strong>aures</strong></span> <span class='ocrx_word' id='word_1_187' title='bbox 695 2856 1075 2926; x_wconf 89' lang='lat' dir='ltr'><strong>imperatorias</strong></span> <span class='ocrx_word' id='word_1_188' title='bbox 1123 2861 1340 2915; x_wconf 86' lang='lat' dir='ltr'><strong>divinus</strong></span> <span class='ocrx_word' id='word_1_189' title='bbox 1385 2863 1664 2930; x_wconf 89' lang='lat' dir='ltr'><strong>implesset</strong></span> 
     </span>
    </p>
   </div>
   <div class='ocr_carea' id='block_1_29' title="bbox 101 2938 1661 3010">
    <p class='ocr_par' dir='ltr' id='par_1_29' title="bbox 101 2938 1661 3010">
     <span class='ocr_line' id='line_1_29' title="bbox 101 2938 1661 3010; baseline 0.011 -20"><span class='ocrx_word' id='word_1_190' title='bbox 101 2938 332 3008; x_wconf 90' lang='lat' dir='ltr'><strong>Spiritus</strong></span> <span class='ocrx_word' id='word_1_191' title='bbox 374 2942 703 3010; x_wconf 81' lang='lat' dir='ltr'><strong>(audiebant</strong></span> <span class='ocrx_word' id='word_1_192' title='bbox 732 2948 876 3001; x_wconf 92' lang='lat' dir='ltr'><strong>enim</strong></span> <span class='ocrx_word' id='word_1_193' title='bbox 935 2965 1030 3003; x_wconf 88' lang='lat' dir='ltr'><strong>eos</strong></span> <span class='ocrx_word' id='word_1_194' title='bbox 1063 2950 1118 3004; x_wconf 91' lang='lat' dir='ltr'><strong>in</strong></span> <span class='ocrx_word' id='word_1_195' title='bbox 1143 2967 1311 3005; x_wconf 90' lang='lat' dir='ltr'><strong>unum</strong></span> <span class='ocrx_word' id='word_1_196' title='bbox 1336 2954 1661 3007; x_wconf 85' lang='lat' dir='ltr'><strong>convenisse</strong></span> 
     </span>
    </p>
   </div>
   <div class='ocr_carea' id='block_1_30' title="bbox 97 3037 1659 3109">
    <p class='ocr_par' dir='ltr' id='par_1_30' title="bbox 97 3037 1659 3109">
     <span class='ocr_line' id='line_1_30' title="bbox 97 3037 1659 3109; baseline 0.009 -27"><span class='ocrx_word' id='word_1_197' title='bbox 97 3044 422 3086; x_wconf 79' lang='lat' dir='ltr'><strong>concentum</strong></span> <span class='ocrx_word' id='word_1_198' title='bbox 453 3037 657 3091; x_wconf 84' lang='lat' dir='ltr'><strong>auxilio</strong></span> <span class='ocrx_word' id='word_1_199' title='bbox 686 3041 806 3109; x_wconf 84' lang='lat' dir='ltr'><strong>ejus</strong></span> <span class='ocrx_word' id='word_1_200' title='bbox 827 3080 841 3104; x_wconf 95' lang='lat'><strong>,</strong></span> <span class='ocrx_word' id='word_1_201' title='bbox 873 3041 964 3109; x_wconf 90' lang='lat' dir='ltr'><strong>qui</strong></span> <span class='ocrx_word' id='word_1_202' title='bbox 994 3041 1176 3095; x_wconf 92' lang='lat' dir='ltr'><strong>omnia</strong></span> <span class='ocrx_word' id='word_1_203' title='bbox 1206 3043 1469 3108; x_wconf 90' lang='lat' dir='ltr'><strong>continet,</strong></span> <span class='ocrx_word' id='word_1_204' title='bbox 1519 3052 1574 3096; x_wconf 89' lang='lat' dir='ltr'><strong>et</strong></span> <span class='ocrx_word' id='word_1_205' title='bbox 1606 3043 1659 3096; x_wconf 93' lang='lat' dir='ltr'><strong>in</strong></span> 
     </span>
    </p>
   </div>
   <div class='ocr_carea' id='block_1_31' title="bbox 97 3127 1660 3200">
    <p class='ocr_par' dir='ltr' id='par_1_31' title="bbox 97 3127 1660 3200">
     <span class='ocr_line' id='line_1_31' title="bbox 97 3127 1660 3200; baseline 0.01 -28"><span class='ocrx_word' id='word_1_206' title='bbox 97 3135 259 3174; x_wconf 90' lang='lat' dir='ltr'><strong>unam</strong></span> <span class='ocrx_word' id='word_1_207' title='bbox 287 3127 629 3182; x_wconf 88' lang='lat' dir='ltr'><strong>consensisse</strong></span> <span class='ocrx_word' id='word_1_208' title='bbox 659 3131 1034 3200; x_wconf 89' lang='lat' dir='ltr'><strong>sententiam),</strong></span> <span class='ocrx_word' id='word_1_209' title='bbox 1060 3131 1306 3186; x_wconf 81' lang='lat' dir='ltr'><strong>admirati</strong></span> <span class='ocrx_word' id='word_1_210' title='bbox 1341 3141 1469 3186; x_wconf 91' lang='lat' dir='ltr'><strong>sunt</strong></span> <span class='ocrx_word' id='word_1_211' title='bbox 1497 3131 1660 3188; x_wconf 55' lang='lat' dir='ltr'><strong>accué</strong></span> 
     </span>
    </p>
   </div>
   <div class='ocr_carea' id='block_1_32' title="bbox 98 3215 1656 3294">
    <p class='ocr_par' dir='ltr' id='par_1_32' title="bbox 98 3215 1656 3294">
     <span class='ocr_line' id='line_1_32' title="bbox 98 3215 1656 3294; baseline 0.01 -30"><span class='ocrx_word' id='word_1_212' title='bbox 98 3215 364 3270; x_wconf 86' lang='lat' dir='ltr'><strong>rationem</strong></span> <span class='ocrx_word' id='word_1_213' title='bbox 401 3237 412 3271; x_wconf 95' lang='lat'>:</span> <span class='ocrx_word' id='word_1_214' title='bbox 445 3228 500 3272; x_wconf 90' lang='lat' dir='ltr'><strong>et</strong></span> <span class='ocrx_word' id='word_1_215' title='bbox 533 3235 655 3274; x_wconf 91' lang='lat' dir='ltr'><strong>esse</strong></span> <span class='ocrx_word' id='word_1_216' title='bbox 686 3222 990 3276; x_wconf 87' lang='lat' dir='ltr'><strong>doctrinam</strong></span> <span class='ocrx_word' id='word_1_217' title='bbox 1024 3224 1221 3278; x_wconf 69' lang='lat' dir='ltr'><strong>divinze</strong></span> <span class='ocrx_word' id='word_1_218' title='bbox 1264 3225 1656 3294; x_wconf 90' lang='lat' dir='ltr'><strong>inspirationis,</strong></span> 
     </span>
    </p>
   </div>
   <div class='ocr_carea' id='block_1_33' title="bbox 92 3306 1659 3382">
    <p class='ocr_par' dir='ltr' id='par_1_33' title="bbox 92 3306 1659 3382">
     <span class='ocr_line' id='line_1_33' title="bbox 92 3306 1659 3382; baseline 0.007 -26"><span class='ocrx_word' id='word_1_219' title='bbox 92 3320 218 3371; x_wconf 67' lang='lat' dir='ltr'><strong>quae</strong></span> <span class='ocrx_word' id='word_1_220' title='bbox 254 3306 322 3358; x_wconf 91' lang='lat' dir='ltr'><strong>ab</strong></span> <span class='ocrx_word' id='word_1_221' title='bbox 355 3307 436 3361; x_wconf 91' lang='lat' dir='ltr'><strong>eis</strong></span> <span class='ocrx_word' id='word_1_222' title='bbox 472 3308 692 3364; x_wconf 87' lang='lat' dir='ltr'><strong>decreta</strong></span> <span class='ocrx_word' id='word_1_223' title='bbox 739 3310 972 3375; x_wconf 81' lang='lat' dir='ltr'><strong>fuerant,</strong></span> <span class='ocrx_word' id='word_1_224' title='bbox 1021 3314 1296 3382; x_wconf 90' lang='lat' dir='ltr'><strong>sapienter</strong></span> <span class='ocrx_word' id='word_1_225' title='bbox 1335 3313 1659 3380; x_wconf 89' lang='lat' dir='ltr'><strong>judicantes,</strong></span> 
     </span>
    </p>
   </div>
   <div class='ocr_carea' id='block_1_34' title="bbox 92 3403 1660 3472">
    <p class='ocr_par' dir='ltr' id='par_1_34' title="bbox 92 3403 1660 3472">
     <span class='ocr_line' id='line_1_34' title="bbox 92 3403 1660 3472; baseline 0.006 -26"><span class='ocrx_word' id='word_1_226' title='bbox 92 3406 153 3447; x_wconf 89' lang='lat' dir='ltr'><strong>et</strong></span> <span class='ocrx_word' id='word_1_227' title='bbox 184 3411 361 3464; x_wconf 87' lang='lat' dir='ltr'><strong>penna</strong></span> <span class='ocrx_word' id='word_1_228' title='bbox 391 3406 446 3452; x_wconf 92' lang='lat' dir='ltr'><strong>et</strong></span> <span class='ocrx_word' id='word_1_229' title='bbox 477 3416 639 3455; x_wconf 90' lang='lat' dir='ltr'><strong>manu</strong></span> <span class='ocrx_word' id='word_1_230' title='bbox 672 3403 1017 3471; x_wconf 89' lang='lat' dir='ltr'><strong>imperatoria</strong></span> <span class='ocrx_word' id='word_1_231' title='bbox 1067 3420 1128 3457; x_wconf 86' lang='lat' dir='ltr'><strong>ea</strong></span> <span class='ocrx_word' id='word_1_232' title='bbox 1169 3405 1371 3472; x_wconf 84' lang='lat' dir='ltr'><strong>optime</strong></span> <span class='ocrx_word' id='word_1_233' title='bbox 1409 3418 1660 3472; x_wconf 91' lang='lat' dir='ltr'><strong>compro-</strong></span> 
     </span>
    </p>
   </div>
   <div class='ocr_carea' id='block_1_35' title="bbox 93 3485 1659 3562">
    <p class='ocr_par' dir='ltr' id='par_1_35' title="bbox 93 3485 1659 3562">
     <span class='ocr_line' id='line_1_35' title="bbox 93 3485 1659 3562; baseline 0.007 -27"><span class='ocrx_word' id='word_1_234' title='bbox 93 3485 231 3537; x_wconf 93' lang='lat' dir='ltr'><strong>bant</strong></span> <span class='ocrx_word' id='word_1_235' title='bbox 261 3494 315 3538; x_wconf 90' lang='lat' dir='ltr'><strong>et</strong></span> <span class='ocrx_word' id='word_1_236' title='bbox 348 3490 668 3544; x_wconf 84' lang='lat' dir='ltr'><strong>conlirmant</strong></span> <span class='ocrx_word' id='word_1_237' title='bbox 695 3509 708 3544; x_wconf 87' lang='lat'><strong>:</strong></span> <span class='ocrx_word' id='word_1_238' title='bbox 744 3501 799 3544; x_wconf 90' lang='lat' dir='ltr'><strong>et</strong></span> <span class='ocrx_word' id='word_1_239' title='bbox 831 3508 936 3544; x_wconf 91' lang='lat' dir='ltr'><strong>non</strong></span> <span class='ocrx_word' id='word_1_240' title='bbox 973 3493 1166 3546; x_wconf 84' lang='lat' dir='ltr'><strong>vilibus</strong></span> <span class='ocrx_word' id='word_1_241' title='bbox 1205 3495 1362 3547; x_wconf 88' lang='lat' dir='ltr'><strong>donis</strong></span> <span class='ocrx_word' id='word_1_242' title='bbox 1397 3494 1659 3562; x_wconf 88' lang='lat' dir='ltr'><strong>synodum</strong></span> 
     </span>
    </p>
   </div>
   <div class='ocr_carea' id='block_1_36' title="bbox 92 3577 1663 3649">
    <p class='ocr_par' dir='ltr' id='par_1_36' title="bbox 92 3577 1663 3649">
     <span class='ocr_line' id='line_1_36' title="bbox 92 3577 1663 3649; baseline 0.008 -24"><span class='ocrx_word' id='word_1_243' title='bbox 92 3577 398 3641; x_wconf 88' lang='lat' dir='ltr'><strong>prosecuti,</strong></span> <span class='ocrx_word' id='word_1_244' title='bbox 440 3593 879 3649; x_wconf 88' lang='lat' dir='ltr'><strong>unumquemque</strong></span> <span class='ocrx_word' id='word_1_245' title='bbox 929 3583 1151 3636; x_wconf 86' lang='lat' dir='ltr'><strong>mittunt</strong></span> <span class='ocrx_word' id='word_1_246' title='bbox 1195 3584 1246 3636; x_wconf 89' lang='lat' dir='ltr'><strong>in</strong></span> <span class='ocrx_word' id='word_1_247' title='bbox 1293 3598 1445 3637; x_wconf 86' lang='lat' dir='ltr'><strong>suam</strong></span> <span class='ocrx_word' id='word_1_248' title='bbox 1475 3584 1663 3638; x_wconf 87' lang='lat' dir='ltr'><strong>civita-</strong></span> 
     </span>
    </p>
   </div>
   <div class='ocr_carea' id='block_1_37' title="bbox 91 3665 1204 3741">
    <p class='ocr_par' dir='ltr' id='par_1_37' title="bbox 91 3665 1204 3741">
     <span class='ocr_line' id='line_1_37' title="bbox 91 3665 1204 3741; baseline 0.01 -27"><span class='ocrx_word' id='word_1_249' title='bbox 91 3671 204 3714; x_wconf 91' lang='lat' dir='ltr'><strong>tem</strong></span> <span class='ocrx_word' id='word_1_250' title='bbox 238 3673 292 3716; x_wconf 90' lang='lat' dir='ltr'><strong>et</strong></span> <span class='ocrx_word' id='word_1_251' title='bbox 323 3665 388 3718; x_wconf 89' lang='lat' dir='ltr'><strong>ad</strong></span> <span class='ocrx_word' id='word_1_252' title='bbox 417 3683 608 3738; x_wconf 85' lang='lat' dir='ltr'><strong>greges</strong></span> <span class='ocrx_word' id='word_1_253' title='bbox 639 3670 863 3725; x_wconf 85' lang='lat' dir='ltr'><strong>rationis</strong></span> <span class='ocrx_word' id='word_1_254' title='bbox 894 3673 1204 3741; x_wconf 86' lang='lat' dir='ltr'><strong>participes.</strong></span> 
     </span>
    </p>
   </div>
   <div class='ocr_carea' id='block_1_38' title="bbox 700 3869 1050 3924">
    <p class='ocr_par' dir='ltr' id='par_1_38' title="bbox 700 3869 1050 3924">
     <span class='ocr_line' id='line_1_38' title="bbox 700 3869 1050 3924; baseline 0 -2"><span class='ocrx_word' id='word_1_255' title='bbox 700 3869 925 3924; x_wconf 73' lang='lat' dir='ltr'><strong>CAPUT</strong></span> <span class='ocrx_word' id='word_1_256' title='bbox 968 3870 1050 3923; x_wconf 65' lang='lat' dir='ltr'><strong>Vl.</strong></span> 
     </span>
    </p>
   </div>
   <div class='ocr_carea' id='block_1_39' title="bbox 89 3995 1661 4066">
    <p class='ocr_par' dir='ltr' id='par_1_39' title="bbox 89 3995 1661 4066">
     <span class='ocr_line' id='line_1_39' title="bbox 89 3995 1661 4066; baseline 0.013 -20"><span class='ocrx_word' id='word_1_257' title='bbox 89 3995 392 4066; x_wconf 71' lang='lat' dir='ltr'><strong>Pro/ligata</strong></span> <span class='ocrx_word' id='word_1_258' title='bbox 434 4017 464 4051; x_wconf 88' lang='lat' dir='ltr'><strong>a</strong></span> <span class='ocrx_word' id='word_1_259' title='bbox 521 4013 702 4055; x_wconf 77' lang='lat' dir='ltr'><strong>sancto</strong></span> <span class='ocrx_word' id='word_1_260' title='bbox 741 4009 959 4059; x_wconf 81' lang='lat' dir='ltr'><strong>Tarasio</strong></span> <span class='ocrx_word' id='word_1_261' title='bbox 1011 4009 1216 4062; x_wconf 76' lang='lat' dir='ltr'><strong>hwrcsis</strong></span> <span class='ocrx_word' id='word_1_262' title='bbox 1270 4019 1316 4063; x_wconf 83' lang='lat' dir='ltr'><strong>et</strong></span> <span class='ocrx_word' id='word_1_263' title='bbox 1377 4012 1599 4064; x_wconf 80' lang='lat' dir='ltr'><strong>simouia</strong></span> <span class='ocrx_word' id='word_1_264' title='bbox 1643 4028 1661 4066; x_wconf 87' lang='lat'><strong>.&#39;</strong></span> 
     </span>
    </p>
   </div>
   <div class='ocr_carea' id='block_1_40' title="bbox 400 4091 1355 4168">
    <p class='ocr_par' dir='ltr' id='par_1_40' title="bbox 400 4091 1355 4168">
     <span class='ocr_line' id='line_1_40' title="bbox 400 4091 1355 4168; baseline 0.014 -28"><span class='ocrx_word' id='word_1_265' title='bbox 400 4091 705 4146; x_wconf 78' lang='lat' dir='ltr'><strong>immunitas</strong></span> <span class='ocrx_word' id='word_1_266' title='bbox 737 4095 979 4151; x_wconf 74' lang='lat' dir='ltr'><strong>Ecclesia:</strong></span> <span class='ocrx_word' id='word_1_267' title='bbox 1007 4110 1355 4168; x_wconf 75' lang='lat' dir='ltr'><strong>propugnant.</strong></span> 
     </span>
    </p>
   </div>
   <div class='ocr_carea' id='block_1_41' title="bbox 157 4216 1662 4294">
    <p class='ocr_par' dir='ltr' id='par_1_41' title="bbox 157 4216 1662 4294">
     <span class='ocr_line' id='line_1_41' title="bbox 157 4216 1662 4294; baseline 0.009 -25"><span class='ocrx_word' id='word_1_268' title='bbox 157 4217 250 4270; x_wconf 71' lang='lat'><strong>29..</strong></span> <span class='ocrx_word' id='word_1_269' title='bbox 316 4216 571 4274; x_wconf 87' lang='lat' dir='ltr'><strong>Tarasius</strong></span> <span class='ocrx_word' id='word_1_270' title='bbox 628 4229 809 4277; x_wconf 91' lang='lat' dir='ltr'><strong>autem</strong></span> <span class='ocrx_word' id='word_1_271' title='bbox 868 4235 923 4278; x_wconf 90' lang='lat' dir='ltr'><strong>et</strong></span> <span class='ocrx_word' id='word_1_272' title='bbox 987 4229 1401 4294; x_wconf 89' lang='lat' dir='ltr'><strong>apostolicarum</strong></span> <span class='ocrx_word' id='word_1_273' title='bbox 1453 4230 1662 4284; x_wconf 92' lang='lat' dir='ltr'><strong>sedium</strong></span> 
     </span>
    </p>
   </div>
   <div class='ocr_carea' id='block_1_42' title="bbox 76 4344 1663 4421">
    <p class='ocr_par' dir='ltr' id='par_1_42' title="bbox 76 4344 1663 4421">
     <span class='ocr_line' id='line_1_42' title="bbox 76 4344 1663 4421; baseline 0.011 -28"><span class='ocrx_word' id='word_1_274' title='bbox 76 4344 321 4421; x_wconf 68' lang='lat' dir='ltr'><strong>epistola</strong></span> <span class='ocrx_word' id='word_1_275' title='bbox 347 4348 516 4401; x_wconf 89' lang='lat' dir='ltr'><strong>sancti</strong></span> <span class='ocrx_word' id='word_1_276' title='bbox 545 4348 749 4405; x_wconf 89' lang='lat' dir='ltr'><strong>Tarasii</strong></span> <span class='ocrx_word' id='word_1_277' title='bbox 782 4352 847 4405; x_wconf 90' lang='lat' dir='ltr'><strong>ad</strong></span> <span class='ocrx_word' id='word_1_278' title='bbox 878 4353 1216 4421; x_wconf 88' lang='lat' dir='ltr'><strong>patriarchas</strong></span> <span class='ocrx_word' id='word_1_279' title='bbox 1250 4357 1458 4412; x_wconf 90' lang='lat' dir='ltr'><strong>sedium</strong></span> <span class='ocrx_word' id='word_1_280' title='bbox 1482 4360 1663 4412; x_wconf 88' lang='lat' dir='ltr'><strong>orien-</strong></span> 
     </span>
    </p>
   </div>
   <div class='ocr_carea' id='block_1_43' title="bbox 78 4414 982 4489">
    <p class='ocr_par' dir='ltr' id='par_1_43' title="bbox 78 4414 982 4489">
     <span class='ocr_line' id='line_1_43' title="bbox 78 4414 982 4489; baseline 0.011 -23"><span class='ocrx_word' id='word_1_281' title='bbox 78 4414 309 4489; x_wconf 70' lang='lat' dir='ltr'><strong>talium,</strong></span> <span class='ocrx_word' id='word_1_282' title='bbox 327 4427 394 4489; x_wconf 59' lang='grc' dir='ltr'><strong>ει</strong></span> <span class='ocrx_word' id='word_1_283' title='bbox 421 4432 608 4470; x_wconf 90' lang='lat' dir='ltr'><strong>eorum</strong></span> <span class='ocrx_word' id='word_1_284' title='bbox 642 4414 982 4489; x_wconf 74' lang='lat' dir='ltr'><strong>responsum.</strong></span> 
     </span>
    </p>
   </div>
   <div class='ocr_carea' id='block_1_44' title="bbox 1641 406 1835 468">
    <p class='ocr_par' dir='ltr' id='par_1_44' title="bbox 1641 406 1835 468">
     <span class='ocr_line' id='line_1_44' title="bbox 1641 406 1835 468; baseline 0.015 -3"><span class='ocrx_word' id='word_1_285' title='bbox 1641 406 1835 468; x_wconf 80' lang='lat' dir='ltr'><strong>VlTA.</strong></span> 
     </span>
    </p>
   </div>
   <div class='ocr_carea' id='block_1_45' title="bbox 3205 416 3339 482">
    <p class='ocr_par' dir='ltr' id='par_1_45' title="bbox 3205 416 3339 482">
     <span class='ocr_line' id='line_1_45' title="bbox 3205 416 3339 482; baseline 0.015 -4"><span class='ocrx_word' id='word_1_286' title='bbox 3205 416 3339 482; x_wconf 72' lang='grc'><strong>1402</strong></span> 
     </span>
    </p>
   </div>
   <div class='ocr_carea' id='block_1_46' title="bbox 1771 519 3338 590">
    <p class='ocr_par' dir='ltr' id='par_1_46' title="bbox 1771 519 3338 590">
     <span class='ocr_line' id='line_1_46' title="bbox 1771 519 3338 590; baseline 0.007 -17"><span class='ocrx_word' id='word_1_287' title='bbox 1771 519 1953 590; x_wconf 73' lang='lat' dir='ltr'><strong>Mystae</strong></span> <span class='ocrx_word' id='word_1_288' title='bbox 1986 523 2190 586; x_wconf 79' lang='lat' dir='ltr'><strong>eximii,</strong></span> <span class='ocrx_word' id='word_1_289' title='bbox 2222 540 2341 579; x_wconf 88' lang='lat' dir='ltr'><strong>cum</strong></span> <span class='ocrx_word' id='word_1_290' title='bbox 2380 527 2444 580; x_wconf 91' lang='lat' dir='ltr'><strong>ad</strong></span> <span class='ocrx_word' id='word_1_291' title='bbox 2477 537 2835 582; x_wconf 65' lang='lat' dir='ltr'><strong>sacrosancte</strong></span> <span class='ocrx_word' id='word_1_292' title='bbox 2877 528 3130 583; x_wconf 67' lang='lat' dir='ltr'><strong>Ecclesia:</strong></span> <span class='ocrx_word' id='word_1_293' title='bbox 3161 532 3338 584; x_wconf 88' lang='lat' dir='ltr'><strong>venis-</strong></span> 
     </span>
    </p>
   </div>
   <div class='ocr_carea' id='block_1_47' title="bbox 1774 615 3338 694">
    <p class='ocr_par' dir='ltr' id='par_1_47' title="bbox 1774 615 3338 694">
     <span class='ocr_line' id='line_1_47' title="bbox 1774 615 3338 694; baseline 0.005 -28"><span class='ocrx_word' id='word_1_294' title='bbox 1774 621 1896 666; x_wconf 89' lang='lat' dir='ltr'><strong>sent</strong></span> <span class='ocrx_word' id='word_1_295' title='bbox 1941 615 2308 682; x_wconf 72' lang='lat' dir='ltr'><strong>przefecturas,</strong></span> <span class='ocrx_word' id='word_1_296' title='bbox 2346 626 2399 671; x_wconf 92' lang='lat' dir='ltr'><strong>et</strong></span> <span class='ocrx_word' id='word_1_297' title='bbox 2431 618 2629 671; x_wconf 83' lang='lat' dir='ltr'><strong>divinis</strong></span> <span class='ocrx_word' id='word_1_298' title='bbox 2661 619 2922 694; x_wconf 82' lang='lat' dir='ltr'><strong>doctrinis</strong></span> <span class='ocrx_word' id='word_1_299' title='bbox 2954 622 3210 690; x_wconf 85' lang='lat' dir='ltr'><strong>populum</strong></span> <span class='ocrx_word' id='word_1_300' title='bbox 3255 623 3338 675; x_wconf 82' lang='lat' dir='ltr'><strong>iu-</strong></span> 
     </span>
    </p>
   </div>
   <div class='ocr_carea' id='block_1_48' title="bbox 1772 707 3334 782">
    <p class='ocr_par' dir='ltr' id='par_1_48' title="bbox 1772 707 3334 782">
     <span class='ocr_line' id='line_1_48' title="bbox 1772 707 3334 782; baseline 0.003 -22"><span class='ocrx_word' id='word_1_301' title='bbox 1772 707 2093 761; x_wconf 82' lang='lat' dir='ltr'><strong>struxisscnt</strong></span> <span class='ocrx_word' id='word_1_302' title='bbox 2136 723 2198 762; x_wconf 90' lang='lat' dir='ltr'><strong>ac</strong></span> <span class='ocrx_word' id='word_1_303' title='bbox 2240 711 2703 775; x_wconf 80' lang='lat' dir='ltr'><strong>corroborasSent,</strong></span> <span class='ocrx_word' id='word_1_304' title='bbox 2752 712 2837 775; x_wconf 90' lang='lat' dir='ltr'><strong>iis,</strong></span> <span class='ocrx_word' id='word_1_305' title='bbox 2885 713 2974 782; x_wconf 92' lang='lat' dir='ltr'><strong>qui</strong></span> <span class='ocrx_word' id='word_1_306' title='bbox 3030 715 3083 766; x_wconf 95' lang='lat' dir='ltr'><strong>in</strong></span> <span class='ocrx_word' id='word_1_307' title='bbox 3130 714 3334 768; x_wconf 88' lang='lat' dir='ltr'><strong>clerum</strong></span> 
     </span>
    </p>
   </div>
   <div class='ocr_carea' id='block_1_49' title="bbox 1772 797 3331 871">
    <p class='ocr_par' dir='ltr' id='par_1_49' title="bbox 1772 797 3331 871">
     <span class='ocr_line' id='line_1_49' title="bbox 1772 797 3331 871; baseline 0.004 -19"><span class='ocrx_word' id='word_1_308' title='bbox 1772 797 2007 865; x_wconf 88' lang='lat' dir='ltr'><strong>coeptati</strong></span> <span class='ocrx_word' id='word_1_309' title='bbox 2046 798 2257 852; x_wconf 79' lang='lat' dir='ltr'><strong>fuerant</strong></span> <span class='ocrx_word' id='word_1_310' title='bbox 2286 809 2378 853; x_wconf 90' lang='lat' dir='ltr'><strong>aut</strong></span> <span class='ocrx_word' id='word_1_311' title='bbox 2401 802 2771 871; x_wconf 89' lang='lat' dir='ltr'><strong>episcopatum</strong></span> <span class='ocrx_word' id='word_1_312' title='bbox 2814 806 3090 866; x_wconf 88' lang='lat' dir='ltr'><strong>tenebant,</strong></span> <span class='ocrx_word' id='word_1_313' title='bbox 3124 805 3331 859; x_wconf 92' lang='lat' dir='ltr'><strong>nullum</strong></span> 
     </span>
    </p>
   </div>
   <div class='ocr_carea' id='block_1_50' title="bbox 1771 889 3332 964">
    <p class='ocr_par' dir='ltr' id='par_1_50' title="bbox 1771 889 3332 964">
     <span class='ocr_line' id='line_1_50' title="bbox 1771 889 3332 964; baseline 0.003 -24"><span class='ocrx_word' id='word_1_314' title='bbox 1771 897 1898 941; x_wconf 90' lang='lat' dir='ltr'><strong>ante</strong></span> <span class='ocrx_word' id='word_1_315' title='bbox 1921 889 2204 957; x_wconf 91' lang='lat' dir='ltr'><strong>synodum,</strong></span> <span class='ocrx_word' id='word_1_316' title='bbox 2237 901 2329 942; x_wconf 80' lang='lat' dir='ltr'><strong>aut</strong></span> <span class='ocrx_word' id='word_1_317' title='bbox 2380 891 2433 943; x_wconf 92' lang='lat' dir='ltr'><strong>in</strong></span> <span class='ocrx_word' id='word_1_318' title='bbox 2487 893 2716 962; x_wconf 89' lang='lat' dir='ltr'><strong>synodo,</strong></span> <span class='ocrx_word' id='word_1_319' title='bbox 2772 903 2865 947; x_wconf 89' lang='lat' dir='ltr'><strong>aut</strong></span> <span class='ocrx_word' id='word_1_320' title='bbox 2910 905 3030 963; x_wconf 79' lang='lat' dir='ltr'><strong>post</strong></span> <span class='ocrx_word' id='word_1_321' title='bbox 3071 896 3332 964; x_wconf 87' lang='lat' dir='ltr'><strong>synodum</strong></span> 
     </span>
    </p>
   </div>
   <div class='ocr_carea' id='block_1_51' title="bbox 1771 978 3335 1053">
    <p class='ocr_par' dir='ltr' id='par_1_51' title="bbox 1771 978 3335 1053">
     <span class='ocr_line' id='line_1_51' title="bbox 1771 978 3335 1053; baseline 0.005 -23"><span class='ocrx_word' id='word_1_322' title='bbox 1771 978 1976 1031; x_wconf 87' lang='lat' dir='ltr'><strong>crimen</strong></span> <span class='ocrx_word' id='word_1_323' title='bbox 2029 979 2317 1034; x_wconf 89' lang='lat' dir='ltr'><strong>intendunt</strong></span> <span class='ocrx_word' id='word_1_324' title='bbox 2343 980 2410 1034; x_wconf 91' lang='lat' dir='ltr'><strong>de</strong></span> <span class='ocrx_word' id='word_1_325' title='bbox 2441 984 2604 1050; x_wconf 90' lang='lat' dir='ltr'><strong>priori</strong></span> <span class='ocrx_word' id='word_1_326' title='bbox 2654 983 2791 1036; x_wconf 89' lang='lat' dir='ltr'><strong>mala</strong></span> <span class='ocrx_word' id='word_1_327' title='bbox 2829 985 3105 1051; x_wconf 90' lang='lat' dir='ltr'><strong>opinione,</strong></span> <span class='ocrx_word' id='word_1_328' title='bbox 3157 998 3335 1053; x_wconf 85' lang='lat' dir='ltr'><strong>neque</strong></span> 
     </span>
    </p>
   </div>
   <div class='ocr_carea' id='block_1_52' title="bbox 1770 1070 3332 1143">
    <p class='ocr_par' dir='ltr' id='par_1_52' title="bbox 1770 1070 3332 1143">
     <span class='ocr_line' id='line_1_52' title="bbox 1770 1070 3332 1143; baseline 0.003 -19"><span class='ocrx_word' id='word_1_329' title='bbox 1770 1083 1883 1134; x_wconf 82' lang='lat' dir='ltr'><strong>eos,</strong></span> <span class='ocrx_word' id='word_1_330' title='bbox 1907 1070 1994 1138; x_wconf 91' lang='lat' dir='ltr'><strong>qui</strong></span> <span class='ocrx_word' id='word_1_331' title='bbox 2026 1071 2256 1124; x_wconf 89' lang='lat' dir='ltr'><strong>ordinati</strong></span> <span class='ocrx_word' id='word_1_332' title='bbox 2290 1070 2500 1125; x_wconf 88' lang='lat' dir='ltr'><strong>fuerant</strong></span> <span class='ocrx_word' id='word_1_333' title='bbox 2529 1075 2595 1125; x_wconf 90' lang='lat' dir='ltr'><strong>ab</strong></span> <span class='ocrx_word' id='word_1_334' title='bbox 2628 1074 2914 1138; x_wconf 66' lang='lat' dir='ltr'><strong>haereticis,</strong></span> <span class='ocrx_word' id='word_1_335' title='bbox 2946 1089 2975 1127; x_wconf 92' lang='lat' dir='ltr'><strong>a</strong></span> <span class='ocrx_word' id='word_1_336' title='bbox 3005 1076 3219 1143; x_wconf 87' lang='lat' dir='ltr'><strong>pascuis</strong></span> <span class='ocrx_word' id='word_1_337' title='bbox 3243 1091 3332 1129; x_wconf 87' lang='lat' dir='ltr'><strong>se-</strong></span> 
     </span>
    </p>
   </div>
   <div class='ocr_carea' id='block_1_53' title="bbox 1770 1161 3330 1234">
    <p class='ocr_par' dir='ltr' id='par_1_53' title="bbox 1770 1161 3330 1234">
     <span class='ocr_line' id='line_1_53' title="bbox 1770 1161 3330 1234; baseline 0.004 -22"><span class='ocrx_word' id='word_1_338' title='bbox 1770 1170 1993 1230; x_wconf 88' lang='lat' dir='ltr'><strong>gregant</strong></span> <span class='ocrx_word' id='word_1_339' title='bbox 2020 1161 2430 1216; x_wconf 84' lang='lat' dir='ltr'><strong>Ecclesiasticis.</strong></span> <span class='ocrx_word' id='word_1_340' title='bbox 2468 1162 2571 1217; x_wconf 86' lang='lat' dir='ltr'><strong>Sed</strong></span> <span class='ocrx_word' id='word_1_341' title='bbox 2605 1164 2911 1234; x_wconf 87' lang='lat' dir='ltr'><strong>synodalem</strong></span> <span class='ocrx_word' id='word_1_342' title='bbox 2960 1174 3013 1218; x_wconf 91' lang='lat' dir='ltr'><strong>et</strong></span> <span class='ocrx_word' id='word_1_343' title='bbox 3051 1172 3330 1234; x_wconf 87' lang='lat' dir='ltr'><strong>paternam</strong></span> 
     </span>
    </p>
   </div>
   <div class='ocr_carea' id='block_1_54' title="bbox 1770 1250 3328 1323">
    <p class='ocr_par' dir='ltr' id='par_1_54' title="bbox 1770 1250 3328 1323">
     <span class='ocr_line' id='line_1_54' title="bbox 1770 1250 3328 1323; baseline 0.005 -23"><span class='ocrx_word' id='word_1_344' title='bbox 1770 1261 2056 1316; x_wconf 88' lang='lat' dir='ltr'><strong>sequentes</strong></span> <span class='ocrx_word' id='word_1_345' title='bbox 2081 1250 2560 1319; x_wconf 90' lang='lat' dir='ltr'><strong>dispensationem,</strong></span> <span class='ocrx_word' id='word_1_346' title='bbox 2589 1266 2684 1305; x_wconf 92' lang='lat' dir='ltr'><strong>eos</strong></span> <span class='ocrx_word' id='word_1_347' title='bbox 2710 1253 2948 1320; x_wconf 91' lang='lat' dir='ltr'><strong>quidem,</strong></span> <span class='ocrx_word' id='word_1_348' title='bbox 2977 1252 3066 1321; x_wconf 90' lang='lat' dir='ltr'><strong>qui</strong></span> <span class='ocrx_word' id='word_1_349' title='bbox 3093 1253 3159 1307; x_wconf 88' lang='lat' dir='ltr'><strong>ad</strong></span> <span class='ocrx_word' id='word_1_350' title='bbox 3187 1255 3328 1323; x_wconf 89' lang='lat' dir='ltr'><strong>piam</strong></span> 
     </span>
    </p>
   </div>
   <div class='ocr_carea' id='block_1_55' title="bbox 1771 1342 3328 1414">
    <p class='ocr_par' dir='ltr' id='par_1_55' title="bbox 1771 1342 3328 1414">
     <span class='ocr_line' id='line_1_55' title="bbox 1771 1342 3328 1414; baseline 0.002 -19"><span class='ocrx_word' id='word_1_351' title='bbox 1771 1342 2171 1413; x_wconf 88' lang='lat' dir='ltr'><strong>transfugerant</strong></span> <span class='ocrx_word' id='word_1_352' title='bbox 2209 1344 2568 1407; x_wconf 89' lang='lat' dir='ltr'><strong>sententiam,</strong></span> <span class='ocrx_word' id='word_1_353' title='bbox 2612 1344 2861 1398; x_wconf 89' lang='lat' dir='ltr'><strong>manibus</strong></span> <span class='ocrx_word' id='word_1_354' title='bbox 2909 1344 3021 1397; x_wconf 90' lang='lat' dir='ltr'><strong>suis</strong></span> <span class='ocrx_word' id='word_1_355' title='bbox 3063 1346 3328 1414; x_wconf 89' lang='lat' dir='ltr'><strong>complexi</strong></span> 
     </span>
    </p>
   </div>
   <div class='ocr_carea' id='block_1_56' title="bbox 1769 1433 3329 1505">
    <p class='ocr_par' dir='ltr' id='par_1_56' title="bbox 1769 1433 3329 1505">
     <span class='ocr_line' id='line_1_56' title="bbox 1769 1433 3329 1505; baseline 0.003 -21"><span class='ocrx_word' id='word_1_356' title='bbox 1769 1441 1896 1486; x_wconf 89' lang='lat' dir='ltr'><strong>sunt</strong></span> <span class='ocrx_word' id='word_1_357' title='bbox 1919 1442 2173 1502; x_wconf 89' lang='lat' dir='ltr'><strong>tanquam</strong></span> <span class='ocrx_word' id='word_1_358' title='bbox 2194 1433 2391 1488; x_wconf 76' lang='lat' dir='ltr'><strong>fratres</strong></span> <span class='ocrx_word' id='word_1_359' title='bbox 2421 1445 2474 1488; x_wconf 89' lang='lat' dir='ltr'><strong>et</strong></span> <span class='ocrx_word' id='word_1_360' title='bbox 2507 1434 2738 1505; x_wconf 84' lang='lat' dir='ltr'><strong>collegas</strong></span> <span class='ocrx_word' id='word_1_361' title='bbox 2765 1435 2817 1487; x_wconf 93' lang='lat' dir='ltr'><strong>in</strong></span> <span class='ocrx_word' id='word_1_362' title='bbox 2851 1449 3076 1488; x_wconf 91' lang='lat' dir='ltr'><strong>munere</strong></span> <span class='ocrx_word' id='word_1_363' title='bbox 3112 1435 3329 1503; x_wconf 57' lang='lat' dir='ltr'><strong>pontii].</strong></span> 
     </span>
    </p>
   </div>
   <div class='ocr_carea' id='block_1_57' title="bbox 1769 1523 3335 1592">
    <p class='ocr_par' dir='ltr' id='par_1_57' title="bbox 1769 1523 3335 1592">
     <span class='ocr_line' id='line_1_57' title="bbox 1769 1523 3335 1592; baseline 0.004 -18"><span class='ocrx_word' id='word_1_364' title='bbox 1769 1531 1920 1574; x_wconf 88' lang='lat' dir='ltr'><strong>catus</strong></span> <span class='ocrx_word' id='word_1_365' title='bbox 1947 1539 1959 1572; x_wconf 86' lang='lat'><strong>:</strong></span> <span class='ocrx_word' id='word_1_366' title='bbox 1988 1536 2081 1574; x_wconf 83' lang='lat' dir='ltr'><strong>eos</strong></span> <span class='ocrx_word' id='word_1_367' title='bbox 2106 1537 2255 1586; x_wconf 89' lang='lat' dir='ltr'><strong>vero,</strong></span> <span class='ocrx_word' id='word_1_368' title='bbox 2287 1524 2378 1591; x_wconf 93' lang='lat' dir='ltr'><strong>qui</strong></span> <span class='ocrx_word' id='word_1_369' title='bbox 2413 1523 2467 1576; x_wconf 91' lang='lat' dir='ltr'><strong>in</strong></span> <span class='ocrx_word' id='word_1_370' title='bbox 2505 1538 2562 1576; x_wconf 92' lang='lat' dir='ltr'><strong>re</strong></span> <span class='ocrx_word' id='word_1_371' title='bbox 2589 1523 2765 1592; x_wconf 88' lang='lat' dir='ltr'><strong>aliqua</strong></span> <span class='ocrx_word' id='word_1_372' title='bbox 2790 1523 3248 1590; x_wconf 90' lang='lat' dir='ltr'><strong>claudicaverant,</strong></span> <span class='ocrx_word' id='word_1_373' title='bbox 3281 1535 3335 1580; x_wconf 87' lang='lat' dir='ltr'><strong>et</strong></span> 
     </span>
    </p>
   </div>
   <div class='ocr_carea' id='block_1_58' title="bbox 1770 1609 3331 1680">
    <p class='ocr_par' dir='ltr' id='par_1_58' title="bbox 1770 1609 3331 1680">
     <span class='ocr_line' id='line_1_58' title="bbox 1770 1609 3331 1680; baseline 0.003 -18"><span class='ocrx_word' id='word_1_374' title='bbox 1770 1609 1824 1662; x_wconf 91' lang='lat' dir='ltr'><strong>in</strong></span> <span class='ocrx_word' id='word_1_375' title='bbox 1866 1610 1950 1674; x_wconf 89' lang='lat' dir='ltr'><strong>iis,</strong></span> <span class='ocrx_word' id='word_1_376' title='bbox 1999 1625 2118 1678; x_wconf 62' lang='lat' dir='ltr'><strong>qua</strong></span> <span class='ocrx_word' id='word_1_377' title='bbox 2163 1611 2228 1664; x_wconf 92' lang='lat' dir='ltr'><strong>ad</strong></span> <span class='ocrx_word' id='word_1_378' title='bbox 2273 1610 2431 1664; x_wconf 80' lang='lat' dir='ltr'><strong>ﬁdem</strong></span> <span class='ocrx_word' id='word_1_379' title='bbox 2477 1611 2770 1680; x_wconf 90' lang='lat' dir='ltr'><strong>pertinent,</strong></span> <span class='ocrx_word' id='word_1_380' title='bbox 2805 1611 3074 1680; x_wconf 89' lang='lat' dir='ltr'><strong>perversis</strong></span> <span class='ocrx_word' id='word_1_381' title='bbox 3103 1627 3331 1680; x_wconf 85' lang='lat' dir='ltr'><strong>aspexe-</strong></span> 
     </span>
    </p>
   </div>
   <div class='ocr_carea' id='block_1_59' title="bbox 1771 1700 3334 1771">
    <p class='ocr_par' dir='ltr' id='par_1_59' title="bbox 1771 1700 3334 1771">
     <span class='ocr_line' id='line_1_59' title="bbox 1771 1700 3334 1771; baseline 0.003 -19"><span class='ocrx_word' id='word_1_382' title='bbox 1771 1710 1890 1754; x_wconf 88' lang='lat' dir='ltr'><strong>rant</strong></span> <span class='ocrx_word' id='word_1_383' title='bbox 1921 1700 2112 1763; x_wconf 91' lang='lat' dir='ltr'><strong>oculis,</strong></span> <span class='ocrx_word' id='word_1_384' title='bbox 2149 1710 2202 1754; x_wconf 88' lang='lat' dir='ltr'><strong>et</strong></span> <span class='ocrx_word' id='word_1_385' title='bbox 2236 1701 2430 1754; x_wconf 90' lang='lat' dir='ltr'><strong>deinde</strong></span> <span class='ocrx_word' id='word_1_386' title='bbox 2459 1717 2486 1754; x_wconf 90' lang='lat' dir='ltr'><strong>a</strong></span> <span class='ocrx_word' id='word_1_387' title='bbox 2518 1702 2672 1771; x_wconf 90' lang='lat' dir='ltr'><strong>lapsu</strong></span> <span class='ocrx_word' id='word_1_388' title='bbox 2704 1703 3063 1771; x_wconf 90' lang='lat' dir='ltr'><strong>resipuerant,</strong></span> <span class='ocrx_word' id='word_1_389' title='bbox 3092 1711 3148 1755; x_wconf 93' lang='lat' dir='ltr'><strong>et</strong></span> <span class='ocrx_word' id='word_1_390' title='bbox 3181 1702 3334 1756; x_wconf 88' lang='lat' dir='ltr'><strong>libel-</strong></span> 
     </span>
    </p>
   </div>
   <div class='ocr_carea' id='block_1_60' title="bbox 1773 1787 3331 1859">
    <p class='ocr_par' dir='ltr' id='par_1_60' title="bbox 1773 1787 3331 1859">
     <span class='ocr_line' id='line_1_60' title="bbox 1773 1787 3331 1859; baseline 0.002 -19"><span class='ocrx_word' id='word_1_391' title='bbox 1773 1789 1833 1841; x_wconf 89' lang='lat' dir='ltr'><strong>lis</strong></span> <span class='ocrx_word' id='word_1_392' title='bbox 1852 1787 2413 1857; x_wconf 84' lang='lat' dir='ltr'><strong>comprehendendam</strong></span> <span class='ocrx_word' id='word_1_393' title='bbox 2439 1789 2762 1859; x_wconf 88' lang='lat' dir='ltr'><strong>abrogarant</strong></span> <span class='ocrx_word' id='word_1_394' title='bbox 2782 1789 3115 1858; x_wconf 89' lang='lat' dir='ltr'><strong>opinionem,</strong></span> <span class='ocrx_word' id='word_1_395' title='bbox 3142 1789 3331 1844; x_wconf 88' lang='lat' dir='ltr'><strong>iisdem</strong></span> 
     </span>
    </p>
   </div>
   <div class='ocr_carea' id='block_1_61' title="bbox 1768 1879 3333 1949">
    <p class='ocr_par' dir='ltr' id='par_1_61' title="bbox 1768 1879 3333 1949">
     <span class='ocr_line' id='line_1_61' title="bbox 1768 1879 3333 1949; baseline 0.003 -17"><span class='ocrx_word' id='word_1_396' title='bbox 1768 1881 2159 1949; x_wconf 89' lang='lat' dir='ltr'><strong>amplectentes</strong></span> <span class='ocrx_word' id='word_1_397' title='bbox 2200 1879 2518 1937; x_wconf 86' lang='lat' dir='ltr'><strong>visceribus.</strong></span> <span class='ocrx_word' id='word_1_398' title='bbox 2554 1881 2890 1937; x_wconf 88' lang='lat' dir='ltr'><strong>collocabant</strong></span> <span class='ocrx_word' id='word_1_399' title='bbox 2941 1883 2994 1935; x_wconf 91' lang='lat' dir='ltr'><strong>in</strong></span> <span class='ocrx_word' id='word_1_400' title='bbox 3041 1885 3154 1936; x_wconf 90' lang='lat' dir='ltr'><strong>suis</strong></span> <span class='ocrx_word' id='word_1_401' title='bbox 3187 1883 3333 1937; x_wconf 88' lang='lat' dir='ltr'><strong>sedi-</strong></span> 
     </span>
    </p>
   </div>
   <div class='ocr_carea' id='block_1_62' title="bbox 1766 1966 3331 2042">
    <p class='ocr_par' dir='ltr' id='par_1_62' title="bbox 1766 1966 3331 2042">
     <span class='ocr_line' id='line_1_62' title="bbox 1766 1966 3331 2042; baseline 0.002 -22"><span class='ocrx_word' id='word_1_402' title='bbox 1766 1966 1868 2020; x_wconf 90' lang='lat' dir='ltr'><strong>bus</strong></span> <span class='ocrx_word' id='word_1_403' title='bbox 1902 1983 1914 2018; x_wconf 93' lang='lat'>:</span> <span class='ocrx_word' id='word_1_404' title='bbox 1945 1975 2000 2019; x_wconf 92' lang='lat' dir='ltr'><strong>et</strong></span> <span class='ocrx_word' id='word_1_405' title='bbox 2030 1967 2081 2020; x_wconf 92' lang='lat' dir='ltr'><strong>in</strong></span> <span class='ocrx_word' id='word_1_406' title='bbox 2110 1967 2337 2036; x_wconf 82' lang='lat' dir='ltr'><strong>paeillco</strong></span> <span class='ocrx_word' id='word_1_407' title='bbox 2362 1977 2503 2021; x_wconf 91' lang='lat' dir='ltr'><strong>statu</strong></span> <span class='ocrx_word' id='word_1_408' title='bbox 2535 1979 2589 2022; x_wconf 91' lang='lat' dir='ltr'><strong>et</strong></span> <span class='ocrx_word' id='word_1_409' title='bbox 2620 1971 3008 2040; x_wconf 83' lang='lat' dir='ltr'><strong>tranquillitate</strong></span> <span class='ocrx_word' id='word_1_410' title='bbox 3034 1971 3196 2024; x_wconf 89' lang='lat' dir='ltr'><strong>nullis</strong></span> <span class='ocrx_word' id='word_1_411' title='bbox 3217 1975 3331 2042; x_wconf 73' lang='lat' dir='ltr'><strong>agi-</strong></span> 
     </span>
    </p>
   </div>
   <div class='ocr_carea' id='block_1_63' title="bbox 1767 2057 3328 2123">
    <p class='ocr_par' dir='ltr' id='par_1_63' title="bbox 1767 2057 3328 2123">
     <span class='ocr_line' id='line_1_63' title="bbox 1767 2057 3328 2123; baseline 0.004 -13"><span class='ocrx_word' id='word_1_412' title='bbox 1767 2065 1877 2111; x_wconf 89' lang='lat' dir='ltr'><strong>tata</strong></span> <span class='ocrx_word' id='word_1_413' title='bbox 1909 2057 2182 2123; x_wconf 85' lang='lat' dir='ltr'><strong>ﬂuctibus,</strong></span> <span class='ocrx_word' id='word_1_414' title='bbox 2229 2066 2622 2112; x_wconf 87' lang='lat' dir='ltr'><strong>conservaruut</strong></span> <span class='ocrx_word' id='word_1_415' title='bbox 2652 2058 2942 2114; x_wconf 87' lang='lat' dir='ltr'><strong>Ecclesiam</strong></span> <span class='ocrx_word' id='word_1_416' title='bbox 2980 2062 3128 2117; x_wconf 89' lang='lat' dir='ltr'><strong>orbis</strong></span> <span class='ocrx_word' id='word_1_417' title='bbox 3155 2073 3328 2116; x_wconf 68' lang='lat' dir='ltr'><strong>terrm.</strong></span> 
     </span>
    </p>
   </div>
   <div class='ocr_carea' id='block_1_64' title="bbox 1831 2149 3328 2222">
    <p class='ocr_par' dir='ltr' id='par_1_64' title="bbox 1831 2149 3328 2222">
     <span class='ocr_line' id='line_1_64' title="bbox 1831 2149 3328 2222; baseline 0.003 -20"><span class='ocrx_word' id='word_1_418' title='bbox 1831 2149 1920 2202; x_wconf 72' lang='lat'><strong>23.</strong></span> <span class='ocrx_word' id='word_1_419' title='bbox 1972 2150 2036 2204; x_wconf 82' lang='lat' dir='ltr'><strong>Et</strong></span> <span class='ocrx_word' id='word_1_420' title='bbox 2086 2151 2138 2203; x_wconf 94' lang='lat' dir='ltr'><strong>in</strong></span> <span class='ocrx_word' id='word_1_421' title='bbox 2179 2150 2242 2204; x_wconf 91' lang='lat' dir='ltr'><strong>iis</strong></span> <span class='ocrx_word' id='word_1_422' title='bbox 2289 2151 2528 2220; x_wconf 89' lang='lat' dir='ltr'><strong>quidem,</strong></span> <span class='ocrx_word' id='word_1_423' title='bbox 2563 2167 2680 2220; x_wconf 73' lang='lat' dir='ltr'><strong>qua:</strong></span> <span class='ocrx_word' id='word_1_424' title='bbox 2719 2151 2782 2204; x_wconf 90' lang='lat' dir='ltr'><strong>ad</strong></span> <span class='ocrx_word' id='word_1_425' title='bbox 2833 2151 3116 2222; x_wconf 87' lang='lat' dir='ltr'><strong>gloriosam</strong></span> <span class='ocrx_word' id='word_1_426' title='bbox 3169 2155 3328 2207; x_wconf 87' lang='lat' dir='ltr'><strong>Iidem</strong></span> 
     </span>
    </p>
   </div>
   <div class='ocr_carea' id='block_1_65' title="bbox 1764 2242 3328 2312">
    <p class='ocr_par' dir='ltr' id='par_1_65' title="bbox 1764 2242 3328 2312">
     <span class='ocr_line' id='line_1_65' title="bbox 1764 2242 3328 2312; baseline 0.001 -16"><span class='ocrx_word' id='word_1_427' title='bbox 1764 2243 2058 2311; x_wconf 90' lang='lat' dir='ltr'><strong>pertinent,</strong></span> <span class='ocrx_word' id='word_1_428' title='bbox 2114 2243 2193 2297; x_wconf 90' lang='lat' dir='ltr'><strong>sic</strong></span> <span class='ocrx_word' id='word_1_429' title='bbox 2243 2258 2468 2312; x_wconf 84' lang='lat' dir='ltr'><strong>magnus</strong></span> <span class='ocrx_word' id='word_1_430' title='bbox 2505 2243 2733 2297; x_wconf 73' lang='lat' dir='ltr'><strong>allectus</strong></span> <span class='ocrx_word' id='word_1_431' title='bbox 2766 2242 3042 2304; x_wconf 86' lang='lat' dir='ltr'><strong>Tarasius,</strong></span> <span class='ocrx_word' id='word_1_432' title='bbox 3091 2246 3155 2298; x_wconf 85' lang='lat' dir='ltr'><strong>ad</strong></span> <span class='ocrx_word' id='word_1_433' title='bbox 3209 2259 3328 2298; x_wconf 88' lang='lat' dir='ltr'><strong>eam</strong></span> 
     </span>
    </p>
   </div>
   <div class='ocr_carea' id='block_1_66' title="bbox 1765 2333 3330 2403">
    <p class='ocr_par' dir='ltr' id='par_1_66' title="bbox 1765 2333 3330 2403">
     <span class='ocr_line' id='line_1_66' title="bbox 1765 2333 3330 2403; baseline 0.002 -17"><span class='ocrx_word' id='word_1_434' title='bbox 1765 2343 1906 2388; x_wconf 79' lang='lat' dir='ltr'><strong>recte</strong></span> <span class='ocrx_word' id='word_1_435' title='bbox 1931 2342 1985 2388; x_wconf 90' lang='lat' dir='ltr'><strong>et</strong></span> <span class='ocrx_word' id='word_1_436' title='bbox 2016 2342 2200 2403; x_wconf 88' lang='lat' dir='ltr'><strong>aperte</strong></span> <span class='ocrx_word' id='word_1_437' title='bbox 2233 2333 2628 2403; x_wconf 84' lang='lat' dir='ltr'><strong>explicandam,</strong></span> <span class='ocrx_word' id='word_1_438' title='bbox 2665 2345 2717 2387; x_wconf 88' lang='lat' dir='ltr'><strong>et</strong></span> <span class='ocrx_word' id='word_1_439' title='bbox 2744 2334 2809 2388; x_wconf 90' lang='lat' dir='ltr'><strong>ad</strong></span> <span class='ocrx_word' id='word_1_440' title='bbox 2841 2349 2955 2395; x_wconf 86' lang='lat' dir='ltr'><strong>eos,</strong></span> <span class='ocrx_word' id='word_1_441' title='bbox 2990 2335 3080 2403; x_wconf 92' lang='lat' dir='ltr'><strong>qui</strong></span> <span class='ocrx_word' id='word_1_442' title='bbox 3111 2336 3330 2390; x_wconf 83' lang='lat' dir='ltr'><strong>vacilla-</strong></span> 
     </span>
    </p>
   </div>
   <div class='ocr_carea' id='block_1_67' title="bbox 1761 2425 3328 2496">
    <p class='ocr_par' dir='ltr' id='par_1_67' title="bbox 1761 2425 3328 2496">
     <span class='ocr_line' id='line_1_67' title="bbox 1761 2425 3328 2496; baseline 0.002 -18"><span class='ocrx_word' id='word_1_443' title='bbox 1761 2425 1892 2478; x_wconf 91' lang='lat' dir='ltr'><strong>bant</strong></span> <span class='ocrx_word' id='word_1_444' title='bbox 1916 2434 1970 2478; x_wconf 91' lang='lat' dir='ltr'><strong>et</strong></span> <span class='ocrx_word' id='word_1_445' title='bbox 1993 2425 2236 2493; x_wconf 93' lang='lat' dir='ltr'><strong>utrisque</strong></span> <span class='ocrx_word' id='word_1_446' title='bbox 2258 2425 2485 2493; x_wconf 82' lang='lat' dir='ltr'><strong>pedibus</strong></span> <span class='ocrx_word' id='word_1_447' title='bbox 2515 2425 2909 2492; x_wconf 89' lang='lat' dir='ltr'><strong>clandicabant,</strong></span> <span class='ocrx_word' id='word_1_448' title='bbox 2941 2434 3000 2480; x_wconf 91' lang='lat' dir='ltr'><strong>ut</strong></span> <span class='ocrx_word' id='word_1_449' title='bbox 3024 2437 3172 2481; x_wconf 90' lang='lat' dir='ltr'><strong>recto</strong></span> <span class='ocrx_word' id='word_1_450' title='bbox 3192 2427 3328 2496; x_wconf 88' lang='lat' dir='ltr'><strong>pede</strong></span> 
     </span>
    </p>
   </div>
   <div class='ocr_carea' id='block_1_68' title="bbox 1761 2510 3327 2581">
    <p class='ocr_par' dir='ltr' id='par_1_68' title="bbox 1761 2510 3327 2581">
     <span class='ocr_line' id='line_1_68' title="bbox 1761 2510 3327 2581; baseline -0.003 -13"><span class='ocrx_word' id='word_1_451' title='bbox 1761 2514 2096 2577; x_wconf 89' lang='lat' dir='ltr'><strong>incederent,</strong></span> <span class='ocrx_word' id='word_1_452' title='bbox 2133 2510 2559 2581; x_wconf 90' lang='lat' dir='ltr'><strong>persuadendos,</strong></span> <span class='ocrx_word' id='word_1_453' title='bbox 2591 2527 2845 2580; x_wconf 82' lang='lat' dir='ltr'><strong>magnum</strong></span> <span class='ocrx_word' id='word_1_454' title='bbox 2878 2512 3118 2579; x_wconf 89' lang='lat' dir='ltr'><strong>suscepit</strong></span> <span class='ocrx_word' id='word_1_455' title='bbox 3148 2520 3327 2565; x_wconf 75' lang='lat' dir='ltr'><strong>centa-</strong></span> 
     </span>
    </p>
   </div>
   <div class='ocr_carea' id='block_1_69' title="bbox 1762 2602 3324 2671">
    <p class='ocr_par' dir='ltr' id='par_1_69' title="bbox 1762 2602 3324 2671">
     <span class='ocr_line' id='line_1_69' title="bbox 1762 2602 3324 2671; baseline -0.001 -13"><span class='ocrx_word' id='word_1_456' title='bbox 1762 2621 1885 2658; x_wconf 91' lang='lat' dir='ltr'><strong>men</strong></span> <span class='ocrx_word' id='word_1_457' title='bbox 1912 2614 1967 2658; x_wconf 94' lang='lat' dir='ltr'><strong>et</strong></span> <span class='ocrx_word' id='word_1_458' title='bbox 2017 2604 2342 2657; x_wconf 86' lang='lat' dir='ltr'><strong>immensum</strong></span> <span class='ocrx_word' id='word_1_459' title='bbox 2377 2602 2616 2655; x_wconf 88' lang='lat' dir='ltr'><strong>laborem</strong></span> <span class='ocrx_word' id='word_1_460' title='bbox 2647 2620 2659 2654; x_wconf 88' lang='lat'>:</span> <span class='ocrx_word' id='word_1_461' title='bbox 2685 2602 2928 2671; x_wconf 90' lang='lat' dir='ltr'><strong>quotidie</strong></span> <span class='ocrx_word' id='word_1_462' title='bbox 2960 2603 3178 2671; x_wconf 86' lang='lat' dir='ltr'><strong>quidem</strong></span> <span class='ocrx_word' id='word_1_463' title='bbox 3209 2617 3324 2668; x_wconf 79' lang='lat' dir='ltr'><strong>eos,</strong></span> 
     </span>
    </p>
   </div>
   <div class='ocr_carea' id='block_1_70' title="bbox 1761 2694 3329 2766">
    <p class='ocr_par' dir='ltr' id='par_1_70' title="bbox 1761 2694 3329 2766">
     <span class='ocr_line' id='line_1_70' title="bbox 1761 2694 3329 2766; baseline 0 -17"><span class='ocrx_word' id='word_1_464' title='bbox 1761 2697 1853 2766; x_wconf 91' lang='lat' dir='ltr'><strong>qui</strong></span> <span class='ocrx_word' id='word_1_465' title='bbox 1891 2696 2241 2757; x_wconf 88' lang='lat' dir='ltr'><strong>accedebant,</strong></span> <span class='ocrx_word' id='word_1_466' title='bbox 2281 2694 2526 2748; x_wconf 89' lang='lat' dir='ltr'><strong>honestis</strong></span> <span class='ocrx_word' id='word_1_467' title='bbox 2567 2694 2787 2748; x_wconf 88' lang='lat' dir='ltr'><strong>monitis</strong></span> <span class='ocrx_word' id='word_1_468' title='bbox 2835 2695 3095 2749; x_wconf 89' lang='lat' dir='ltr'><strong>inducens</strong></span> <span class='ocrx_word' id='word_1_469' title='bbox 3128 2711 3142 2747; x_wconf 92' lang='lat'><strong>:</strong></span> <span class='ocrx_word' id='word_1_470' title='bbox 3179 2701 3231 2748; x_wconf 89' lang='lat' dir='ltr'><strong>et</strong></span> <span class='ocrx_word' id='word_1_471' title='bbox 3277 2696 3329 2749; x_wconf 91' lang='lat' dir='ltr'><strong>si</strong></span> 
     </span>
    </p>
   </div>
   <div class='ocr_carea' id='block_1_71' title="bbox 1759 2783 3327 2854">
    <p class='ocr_par' dir='ltr' id='par_1_71' title="bbox 1759 2783 3327 2854">
     <span class='ocr_line' id='line_1_71' title="bbox 1759 2783 3327 2854; baseline 0 -17"><span class='ocrx_word' id='word_1_472' title='bbox 1759 2799 1896 2854; x_wconf 90' lang='lat' dir='ltr'><strong>quos</strong></span> <span class='ocrx_word' id='word_1_473' title='bbox 1922 2784 2136 2838; x_wconf 89' lang='lat' dir='ltr'><strong>videbat</strong></span> <span class='ocrx_word' id='word_1_474' title='bbox 2180 2783 2342 2838; x_wconf 92' lang='lat' dir='ltr'><strong>corde</strong></span> <span class='ocrx_word' id='word_1_475' title='bbox 2375 2797 2683 2853; x_wconf 88' lang='lat' dir='ltr'><strong>perversos,</strong></span> <span class='ocrx_word' id='word_1_476' title='bbox 2708 2798 2803 2836; x_wconf 91' lang='lat' dir='ltr'><strong>eos</strong></span> <span class='ocrx_word' id='word_1_477' title='bbox 2831 2783 3095 2852; x_wconf 88' lang='lat' dir='ltr'><strong>dirigebat</strong></span> <span class='ocrx_word' id='word_1_478' title='bbox 3118 2783 3327 2839; x_wconf 77' lang='lat' dir='ltr'><strong>,verbo—</strong></span> 
     </span>
    </p>
   </div>
   <div class='ocr_carea' id='block_1_72' title="bbox 1763 2875 3326 2946">
    <p class='ocr_par' dir='ltr' id='par_1_72' title="bbox 1763 2875 3326 2946">
     <span class='ocr_line' id='line_1_72' title="bbox 1763 2875 3326 2946; baseline -0.001 -16"><span class='ocrx_word' id='word_1_479' title='bbox 1763 2892 1880 2930; x_wconf 92' lang='lat' dir='ltr'><strong>rum</strong></span> <span class='ocrx_word' id='word_1_480' title='bbox 1911 2875 2407 2946; x_wconf 90' lang='lat' dir='ltr'><strong>congressionibus,</strong></span> <span class='ocrx_word' id='word_1_481' title='bbox 2441 2890 2644 2944; x_wconf 89' lang='lat' dir='ltr'><strong>eosque</strong></span> <span class='ocrx_word' id='word_1_482' title='bbox 2674 2875 2883 2945; x_wconf 84' lang='lat' dir='ltr'><strong>legibus</strong></span> <span class='ocrx_word' id='word_1_483' title='bbox 2908 2875 3164 2944; x_wconf 85' lang='lat' dir='ltr'><strong>colligans</strong></span> <span class='ocrx_word' id='word_1_484' title='bbox 3186 2876 3326 2929; x_wconf 87' lang='lat' dir='ltr'><strong>veri-</strong></span> 
     </span>
    </p>
   </div>
   <div class='ocr_carea' id='block_1_73' title="bbox 1763 2966 3327 3036">
    <p class='ocr_par' dir='ltr' id='par_1_73' title="bbox 1763 2966 3327 3036">
     <span class='ocr_line' id='line_1_73' title="bbox 1763 2966 3327 3036; baseline 0 -14"><span class='ocrx_word' id='word_1_485' title='bbox 1763 2969 1905 3035; x_wconf 88' lang='lat' dir='ltr'><strong>tatis,</strong></span> <span class='ocrx_word' id='word_1_486' title='bbox 1932 2967 2234 3023; x_wconf 87' lang='lat' dir='ltr'><strong>adducebat</strong></span> <span class='ocrx_word' id='word_1_487' title='bbox 2256 2967 2510 3022; x_wconf 71' lang='lat' dir='ltr'><strong>Ecclesiaa</strong></span> <span class='ocrx_word' id='word_1_488' title='bbox 2531 2981 2713 3022; x_wconf 87' lang='lat' dir='ltr'><strong>sacras</strong></span> <span class='ocrx_word' id='word_1_489' title='bbox 2736 2966 2846 3036; x_wconf 72' lang='lat' dir='ltr'><strong>(l9)</strong></span> <span class='ocrx_word' id='word_1_490' title='bbox 2878 2967 3102 3022; x_wconf 89' lang='lat' dir='ltr'><strong>hostias.</strong></span> <span class='ocrx_word' id='word_1_491' title='bbox 3131 2966 3327 3022; x_wconf 88' lang='lat' dir='ltr'><strong>Osten-</strong></span> 
     </span>
    </p>
   </div>
   <div class='ocr_carea' id='block_1_74' title="bbox 1760 3057 3324 3112">
    <p class='ocr_par' dir='ltr' id='par_1_74' title="bbox 1760 3057 3324 3112">
     <span class='ocr_line' id='line_1_74' title="bbox 1760 3057 3324 3112; baseline -0.001 0"><span class='ocrx_word' id='word_1_492' title='bbox 1760 3059 1921 3112; x_wconf 88' lang='lat' dir='ltr'><strong>debat</strong></span> <span class='ocrx_word' id='word_1_493' title='bbox 1953 3067 2133 3111; x_wconf 89' lang='lat' dir='ltr'><strong>autem</strong></span> <span class='ocrx_word' id='word_1_494' title='bbox 2174 3057 2374 3110; x_wconf 90' lang='lat' dir='ltr'><strong>nullam</strong></span> <span class='ocrx_word' id='word_1_495' title='bbox 2416 3058 2640 3111; x_wconf 89' lang='lat' dir='ltr'><strong>omnino</strong></span> <span class='ocrx_word' id='word_1_496' title='bbox 2670 3057 2868 3111; x_wconf 89' lang='lat' dir='ltr'><strong>habere</strong></span> <span class='ocrx_word' id='word_1_497' title='bbox 2911 3059 3324 3112; x_wconf 88' lang='lat' dir='ltr'><strong>consensionem</strong></span> 
     </span>
    </p>
   </div>
   <div class='ocr_carea' id='block_1_75' title="bbox 1763 3147 3326 3216">
    <p class='ocr_par' dir='ltr' id='par_1_75' title="bbox 1763 3147 3326 3216">
     <span class='ocr_line' id='line_1_75' title="bbox 1763 3147 3326 3216; baseline 0 -14"><span class='ocrx_word' id='word_1_498' title='bbox 1763 3158 1856 3202; x_wconf 91' lang='lat' dir='ltr'><strong>aut</strong></span> <span class='ocrx_word' id='word_1_499' title='bbox 1887 3148 2345 3211; x_wconf 85' lang='lat' dir='ltr'><strong>convenientiam,</strong></span> <span class='ocrx_word' id='word_1_500' title='bbox 2384 3156 2545 3216; x_wconf 89' lang='lat' dir='ltr'><strong>prout</strong></span> <span class='ocrx_word' id='word_1_501' title='bbox 2579 3147 2858 3201; x_wconf 87' lang='lat' dir='ltr'><strong>videbatur</strong></span> <span class='ocrx_word' id='word_1_502' title='bbox 2893 3147 3015 3202; x_wconf 84' lang='lat' dir='ltr'><strong>[idci</strong></span> <span class='ocrx_word' id='word_1_503' title='bbox 3047 3157 3326 3202; x_wconf 86' lang='lat' dir='ltr'><strong>accusato-</strong></span> 
     </span>
    </p>
   </div>
   <div class='ocr_carea' id='block_1_76' title="bbox 1765 3238 3328 3307">
    <p class='ocr_par' dir='ltr' id='par_1_76' title="bbox 1765 3238 3328 3307">
     <span class='ocr_line' id='line_1_76' title="bbox 1765 3238 3328 3307; baseline -0.001 -15"><span class='ocrx_word' id='word_1_504' title='bbox 1765 3240 1935 3301; x_wconf 90' lang='lat' dir='ltr'><strong>ribus,</strong></span> <span class='ocrx_word' id='word_1_505' title='bbox 1969 3239 2232 3293; x_wconf 92' lang='lat' dir='ltr'><strong>idolorum</strong></span> <span class='ocrx_word' id='word_1_506' title='bbox 2268 3238 2700 3292; x_wconf 88' lang='lat' dir='ltr'><strong>abominationes</strong></span> <span class='ocrx_word' id='word_1_507' title='bbox 2729 3254 2850 3293; x_wconf 83' lang='lat' dir='ltr'><strong>cum</strong></span> <span class='ocrx_word' id='word_1_508' title='bbox 2896 3239 3001 3307; x_wconf 79' lang='lat' dir='ltr'><strong>piis</strong></span> <span class='ocrx_word' id='word_1_509' title='bbox 3033 3247 3088 3292; x_wconf 90' lang='lat' dir='ltr'><strong>et</strong></span> <span class='ocrx_word' id='word_1_510' title='bbox 3125 3238 3328 3292; x_wconf 88' lang='lat' dir='ltr'><strong>divinis</strong></span> 
     </span>
    </p>
   </div>
   <div class='ocr_carea' id='block_1_77' title="bbox 1764 3324 3327 3396">
    <p class='ocr_par' dir='ltr' id='par_1_77' title="bbox 1764 3324 3327 3396">
     <span class='ocr_line' id='line_1_77' title="bbox 1764 3324 3327 3396; baseline -0.001 -17"><span class='ocrx_word' id='word_1_511' title='bbox 1764 3327 1946 3396; x_wconf 82' lang='lat' dir='ltr'><strong>ﬁguris</strong></span> <span class='ocrx_word' id='word_1_512' title='bbox 1984 3327 2412 3380; x_wconf 88' lang='lat' dir='ltr'><strong>venerandarum</strong></span> <span class='ocrx_word' id='word_1_513' title='bbox 2446 3326 2762 3393; x_wconf 85' lang='lat' dir='ltr'><strong>imaginum.</strong></span> <span class='ocrx_word' id='word_1_514' title='bbox 2802 3324 2933 3378; x_wconf 84' lang='lat' dir='ltr'><strong>Nam</strong></span> <span class='ocrx_word' id='word_1_515' title='bbox 2962 3326 3174 3379; x_wconf 90' lang='lat' dir='ltr'><strong>illorum</strong></span> <span class='ocrx_word' id='word_1_516' title='bbox 3203 3327 3327 3394; x_wconf 91' lang='lat' dir='ltr'><strong>qui-</strong></span> 
     </span>
    </p>
   </div>
   <div class='ocr_carea' id='block_1_78' title="bbox 1763 3411 3327 3481">
    <p class='ocr_par' dir='ltr' id='par_1_78' title="bbox 1763 3411 3327 3481">
     <span class='ocr_line' id='line_1_78' title="bbox 1763 3411 3327 3481; baseline 0.002 -17"><span class='ocrx_word' id='word_1_517' title='bbox 1763 3411 1907 3473; x_wconf 89' lang='lat' dir='ltr'><strong>dem,</strong></span> <span class='ocrx_word' id='word_1_518' title='bbox 1940 3412 2117 3465; x_wconf 91' lang='lat' dir='ltr'><strong>aiebat</strong></span> <span class='ocrx_word' id='word_1_519' title='bbox 2168 3412 2277 3478; x_wconf 92' lang='lat' dir='ltr'><strong>ille,</strong></span> <span class='ocrx_word' id='word_1_520' title='bbox 2334 3413 2617 3481; x_wconf 92' lang='lat' dir='ltr'><strong>productio</strong></span> <span class='ocrx_word' id='word_1_521' title='bbox 2658 3414 2819 3467; x_wconf 89' lang='lat' dir='ltr'><strong>simul</strong></span> <span class='ocrx_word' id='word_1_522' title='bbox 2874 3413 3149 3480; x_wconf 88' lang='lat' dir='ltr'><strong>inquinata</strong></span> <span class='ocrx_word' id='word_1_523' title='bbox 3203 3429 3327 3467; x_wconf 90' lang='lat' dir='ltr'><strong>cum</strong></span> 
     </span>
    </p>
   </div>
   <div class='ocr_carea' id='block_1_79' title="bbox 1764 3501 3327 3572">
    <p class='ocr_par' dir='ltr' id='par_1_79' title="bbox 1764 3501 3327 3572">
     <span class='ocr_line' id='line_1_79' title="bbox 1764 3501 3327 3572; baseline 0.001 -18"><span class='ocrx_word' id='word_1_524' title='bbox 1764 3502 1953 3571; x_wconf 91' lang='lat' dir='ltr'><strong>primis</strong></span> <span class='ocrx_word' id='word_1_525' title='bbox 1985 3502 2402 3571; x_wconf 84' lang='lat' dir='ltr'><strong>exemplaribus,</strong></span> <span class='ocrx_word' id='word_1_526' title='bbox 2454 3501 2683 3557; x_wconf 84' lang='lat' dir='ltr'><strong>ellicitur</strong></span> <span class='ocrx_word' id='word_1_527' title='bbox 2720 3503 2879 3571; x_wconf 89' lang='lat' dir='ltr'><strong>plena</strong></span> <span class='ocrx_word' id='word_1_528' title='bbox 2913 3503 3057 3555; x_wconf 89' lang='lat' dir='ltr'><strong>omni</strong></span> <span class='ocrx_word' id='word_1_529' title='bbox 3095 3505 3327 3572; x_wconf 91' lang='lat' dir='ltr'><strong>turpitu-</strong></span> 
     </span>
    </p>
   </div>
   <div class='ocr_carea' id='block_1_80' title="bbox 1763 3593 3328 3662">
    <p class='ocr_par' dir='ltr' id='par_1_80' title="bbox 1763 3593 3328 3662">
     <span class='ocr_line' id='line_1_80' title="bbox 1763 3593 3328 3662; baseline 0.001 -16"><span class='ocrx_word' id='word_1_530' title='bbox 1763 3593 1887 3646; x_wconf 90' lang='lat' dir='ltr'><strong>dine</strong></span> <span class='ocrx_word' id='word_1_531' title='bbox 1906 3635 1920 3654; x_wconf 91' lang='lat'><strong>,</strong></span> <span class='ocrx_word' id='word_1_532' title='bbox 1949 3594 2138 3646; x_wconf 89' lang='lat' dir='ltr'><strong>harum</strong></span> <span class='ocrx_word' id='word_1_533' title='bbox 2167 3608 2295 3646; x_wconf 89' lang='lat' dir='ltr'><strong>vero</strong></span> <span class='ocrx_word' id='word_1_534' title='bbox 2319 3608 2441 3647; x_wconf 91' lang='lat' dir='ltr'><strong>cum</strong></span> <span class='ocrx_word' id='word_1_535' title='bbox 2472 3594 2582 3647; x_wconf 90' lang='lat' dir='ltr'><strong>sint</strong></span> <span class='ocrx_word' id='word_1_536' title='bbox 2611 3593 2914 3647; x_wconf 87' lang='lat' dir='ltr'><strong>veneranda</strong></span> <span class='ocrx_word' id='word_1_537' title='bbox 2948 3594 3118 3662; x_wconf 89' lang='lat' dir='ltr'><strong>prima</strong></span> <span class='ocrx_word' id='word_1_538' title='bbox 3147 3610 3328 3648; x_wconf 73' lang='lat' dir='ltr'><strong>exem-</strong></span> 
     </span>
    </p>
   </div>
   <div class='ocr_carea' id='block_1_81' title="bbox 1764 3683 3328 3753">
    <p class='ocr_par' dir='ltr' id='par_1_81' title="bbox 1764 3683 3328 3753">
     <span class='ocr_line' id='line_1_81' title="bbox 1764 3683 3328 3753; baseline 0.001 -18"><span class='ocrx_word' id='word_1_539' title='bbox 1764 3684 1954 3753; x_wconf 90' lang='lat' dir='ltr'><strong>plaria,</strong></span> <span class='ocrx_word' id='word_1_540' title='bbox 1986 3683 2298 3737; x_wconf 90' lang='lat' dir='ltr'><strong>necessario</strong></span> <span class='ocrx_word' id='word_1_541' title='bbox 2327 3685 2491 3737; x_wconf 90' lang='lat' dir='ltr'><strong>etiam</strong></span> <span class='ocrx_word' id='word_1_542' title='bbox 2520 3684 2680 3738; x_wconf 90' lang='lat' dir='ltr'><strong>simul</strong></span> <span class='ocrx_word' id='word_1_543' title='bbox 2713 3687 3015 3737; x_wconf 87' lang='lat' dir='ltr'><strong>veneranda</strong></span> <span class='ocrx_word' id='word_1_544' title='bbox 3044 3694 3328 3752; x_wconf 89' lang='lat' dir='ltr'><strong>apparent,</strong></span> 
     </span>
    </p>
   </div>
   <div class='ocr_carea' id='block_1_82' title="bbox 1763 3777 3329 3846">
    <p class='ocr_par' dir='ltr' id='par_1_82' title="bbox 1763 3777 3329 3846">
     <span class='ocr_line' id='line_1_82' title="bbox 1763 3777 3329 3846; baseline -0.001 -16"><span class='ocrx_word' id='word_1_545' title='bbox 1763 3793 1883 3846; x_wconf 47' lang='lat' dir='ltr'><strong>quae.</strong></span> <span class='ocrx_word' id='word_1_546' title='bbox 1917 3792 1983 3829; x_wconf 82' lang='lat' dir='ltr'><strong>ex</strong></span> <span class='ocrx_word' id='word_1_547' title='bbox 2016 3777 2120 3829; x_wconf 92' lang='lat' dir='ltr'><strong>illis</strong></span> <span class='ocrx_word' id='word_1_548' title='bbox 2171 3777 2564 3845; x_wconf 92' lang='lat' dir='ltr'><strong>producuntur.</strong></span> <span class='ocrx_word' id='word_1_549' title='bbox 2601 3778 2664 3830; x_wconf 81' lang='lat' dir='ltr'><strong>Et</strong></span> <span class='ocrx_word' id='word_1_550' title='bbox 2693 3785 2821 3830; x_wconf 89' lang='lat' dir='ltr'><strong>sunt</strong></span> <span class='ocrx_word' id='word_1_551' title='bbox 2869 3777 2955 3828; x_wconf 88' lang='lat' dir='ltr'><strong>illa</strong></span> <span class='ocrx_word' id='word_1_552' title='bbox 2989 3777 3205 3846; x_wconf 88' lang='lat' dir='ltr'><strong>quidem</strong></span> <span class='ocrx_word' id='word_1_553' title='bbox 3246 3779 3329 3829; x_wconf 90' lang='lat' dir='ltr'><strong>in-</strong></span> 
     </span>
    </p>
   </div>
   <div class='ocr_carea' id='block_1_83' title="bbox 1765 3867 3328 3939">
    <p class='ocr_par' dir='ltr' id='par_1_83' title="bbox 1765 3867 3328 3939">
     <span class='ocr_line' id='line_1_83' title="bbox 1765 3867 3328 3939; baseline 0 -17"><span class='ocrx_word' id='word_1_554' title='bbox 1765 3879 1922 3923; x_wconf 87' lang='lat' dir='ltr'><strong>venta</strong></span> <span class='ocrx_word' id='word_1_555' title='bbox 1965 3870 2184 3939; x_wconf 67' lang='lat' dir='ltr'><strong>gentilis</strong></span> <span class='ocrx_word' id='word_1_556' title='bbox 2237 3870 2381 3923; x_wconf 66' lang='lat' dir='ltr'><strong>falsa:</strong></span> <span class='ocrx_word' id='word_1_557' title='bbox 2430 3869 2726 3938; x_wconf 78' lang='lat' dir='ltr'><strong>religionis,</strong></span> <span class='ocrx_word' id='word_1_558' title='bbox 2758 3867 2929 3922; x_wconf 73' lang='lat' dir='ltr'><strong>eiiicta</strong></span> <span class='ocrx_word' id='word_1_559' title='bbox 2962 3885 3024 3921; x_wconf 75' lang='lat' dir='ltr'><strong>ex</strong></span> <span class='ocrx_word' id='word_1_560' title='bbox 3058 3885 3144 3929; x_wconf 89' lang='lat' dir='ltr'><strong>eo,</strong></span> <span class='ocrx_word' id='word_1_561' title='bbox 3185 3870 3328 3936; x_wconf 84' lang='lat' dir='ltr'><strong>quod</strong></span> 
     </span>
    </p>
   </div>
   <div class='ocr_carea' id='block_1_84' title="bbox 1765 3959 3332 4028">
    <p class='ocr_par' dir='ltr' id='par_1_84' title="bbox 1765 3959 3332 4028">
     <span class='ocr_line' id='line_1_84' title="bbox 1765 3959 3332 4028; baseline 0 -14"><span class='ocrx_word' id='word_1_562' title='bbox 1765 3976 2031 4028; x_wconf 88' lang='lat' dir='ltr'><strong>nusquam</strong></span> <span class='ocrx_word' id='word_1_563' title='bbox 2067 3969 2182 4013; x_wconf 88' lang='lat' dir='ltr'><strong>est:</strong></span> <span class='ocrx_word' id='word_1_564' title='bbox 2237 3961 2568 4024; x_wconf 59' lang='lat' dir='ltr'><strong>lucentem,</strong></span> <span class='ocrx_word' id='word_1_565' title='bbox 2595 3975 2714 4028; x_wconf 63' lang='lat' dir='ltr'><strong>quin</strong></span> <span class='ocrx_word' id='word_1_566' title='bbox 2757 3974 2788 4012; x_wconf 92' lang='lat' dir='ltr'><strong>a</strong></span> <span class='ocrx_word' id='word_1_567' title='bbox 2830 3959 3135 4012; x_wconf 87' lang='lat' dir='ltr'><strong>Christiana</strong></span> <span class='ocrx_word' id='word_1_568' title='bbox 3186 3969 3332 4014; x_wconf 77' lang='lat' dir='ltr'><strong>recte</strong></span> 
     </span>
    </p>
   </div>
   <div class='ocr_carea' id='block_1_85' title="bbox 1767 4050 3329 4119">
    <p class='ocr_par' dir='ltr' id='par_1_85' title="bbox 1767 4050 3329 4119">
     <span class='ocr_line' id='line_1_85' title="bbox 1767 4050 3329 4119; baseline -0.002 -15"><span class='ocrx_word' id='word_1_569' title='bbox 1767 4052 1903 4104; x_wconf 88' lang='lat' dir='ltr'><strong>[iunt</strong></span> <span class='ocrx_word' id='word_1_570' title='bbox 1936 4051 2239 4112; x_wconf 73' lang='lat' dir='ltr'><strong>sanctitate,</strong></span> <span class='ocrx_word' id='word_1_571' title='bbox 2270 4067 2333 4105; x_wconf 85' lang='lat' dir='ltr'><strong>ex</strong></span> <span class='ocrx_word' id='word_1_572' title='bbox 2365 4066 2428 4104; x_wconf 90' lang='lat' dir='ltr'><strong>eo</strong></span> <span class='ocrx_word' id='word_1_573' title='bbox 2473 4051 2616 4118; x_wconf 91' lang='lat' dir='ltr'><strong>quod</strong></span> <span class='ocrx_word' id='word_1_574' title='bbox 2669 4059 2770 4114; x_wconf 88' lang='lat' dir='ltr'><strong>est,</strong></span> <span class='ocrx_word' id='word_1_575' title='bbox 2811 4050 2876 4102; x_wconf 88' lang='lat' dir='ltr'><strong>ad</strong></span> <span class='ocrx_word' id='word_1_576' title='bbox 2925 4050 2976 4102; x_wconf 90' lang='lat' dir='ltr'><strong>id</strong></span> <span class='ocrx_word' id='word_1_577' title='bbox 3038 4051 3179 4119; x_wconf 90' lang='lat' dir='ltr'><strong>quod</strong></span> <span class='ocrx_word' id='word_1_578' title='bbox 3226 4059 3329 4112; x_wconf 89' lang='lat' dir='ltr'><strong>est,</strong></span> 
     </span>
    </p>
   </div>
   <div class='ocr_carea' id='block_1_86' title="bbox 1766 4142 3332 4210">
    <p class='ocr_par' dir='ltr' id='par_1_86' title="bbox 1766 4142 3332 4210">
     <span class='ocr_line' id='line_1_86' title="bbox 1766 4142 3332 4210; baseline -0.001 -14"><span class='ocrx_word' id='word_1_579' title='bbox 1766 4143 2080 4205; x_wconf 70' lang='lat' dir='ltr'><strong>ell‘ormatzc,</strong></span> <span class='ocrx_word' id='word_1_580' title='bbox 2115 4142 2315 4196; x_wconf 82' lang='lat' dir='ltr'><strong>habent</strong></span> <span class='ocrx_word' id='word_1_581' title='bbox 2341 4151 2759 4210; x_wconf 84' lang='lat' dir='ltr'><strong>consequentem</strong></span> <span class='ocrx_word' id='word_1_582' title='bbox 2791 4142 3114 4210; x_wconf 82' lang='lat' dir='ltr'><strong>exemplaris</strong></span> <span class='ocrx_word' id='word_1_583' title='bbox 3136 4143 3332 4195; x_wconf 87' lang='lat' dir='ltr'><strong>arche-</strong></span> 
     </span>
    </p>
   </div>
   <div class='ocr_carea' id='block_1_87' title="bbox 1769 4234 2272 4306">
    <p class='ocr_par' dir='ltr' id='par_1_87' title="bbox 1769 4234 2272 4306">
     <span class='ocr_line' id='line_1_87' title="bbox 1769 4234 2272 4306; baseline -0.006 -17"><span class='ocrx_word' id='word_1_584' title='bbox 1769 4236 1875 4306; x_wconf 88' lang='lat' dir='ltr'><strong>typi</strong></span> <span class='ocrx_word' id='word_1_585' title='bbox 1910 4234 2272 4290; x_wconf 88' lang='lat' dir='ltr'><strong>sanctitatem.</strong></span> 
     </span>
    </p>
   </div>
   <div class='ocr_carea' id='block_1_88' title="bbox 1767 4364 3330 4434">
    <p class='ocr_par' dir='ltr' id='par_1_88' title="bbox 1767 4364 3330 4434">
     <span class='ocr_line' id='line_1_88' title="bbox 1767 4364 3330 4434; baseline -0.001 -13"><span class='ocrx_word' id='word_1_586' title='bbox 1767 4368 1928 4421; x_wconf 82' lang='lat' dir='ltr'><strong>modo</strong></span> <span class='ocrx_word' id='word_1_587' title='bbox 1961 4368 2196 4434; x_wconf 89' lang='lat' dir='ltr'><strong>suscepti</strong></span> <span class='ocrx_word' id='word_1_588' title='bbox 2224 4365 2496 4419; x_wconf 90' lang='lat' dir='ltr'><strong>fuerint...</strong></span> <span class='ocrx_word' id='word_1_589' title='bbox 2522 4365 2602 4418; x_wconf 87' lang='lat' dir='ltr'><strong>An</strong></span> <span class='ocrx_word' id='word_1_590' title='bbox 2638 4364 2910 4418; x_wconf 88' lang='lat' dir='ltr'><strong>ordinatio</strong></span> <span class='ocrx_word' id='word_1_591' title='bbox 2933 4378 3026 4432; x_wconf 87' lang='lat' dir='ltr'><strong>per</strong></span> <span class='ocrx_word' id='word_1_592' title='bbox 3050 4365 3330 4434; x_wconf 70' lang='lat' dir='ltr'><strong>pecunias.</strong></span> 
     </span>
    </p>
   </div>
   <div class='ocr_carea' id='block_1_89' title="bbox 1767 4431 3330 4505">
    <p class='ocr_par' dir='ltr' id='par_1_89' title="bbox 1767 4431 3330 4505">
     <span class='ocr_line' id='line_1_89' title="bbox 1767 4431 3330 4505; baseline -0.001 -19"><span class='ocrx_word' id='word_1_593' title='bbox 1767 4453 1888 4505; x_wconf 69' lang='lat' dir='ltr'><strong>qua:</strong></span> <span class='ocrx_word' id='word_1_594' title='bbox 1919 4439 1971 4489; x_wconf 90' lang='lat' dir='ltr'><strong>in</strong></span> <span class='ocrx_word' id='word_1_595' title='bbox 2010 4431 2407 4505; x_wconf 77' lang='lat' dir='ltr'><strong>depositionem</strong></span> <span class='ocrx_word' id='word_1_596' title='bbox 2441 4439 2756 4505; x_wconf 82' lang='lat' dir='ltr'><strong>necessario</strong></span> <span class='ocrx_word' id='word_1_597' title='bbox 2813 4433 3085 4505; x_wconf 77' lang='lat' dir='ltr'><strong>incurrit?</strong></span> <span class='ocrx_word' id='word_1_598' title='bbox 3121 4431 3234 4505; x_wconf 80' lang='lat' dir='ltr'><strong>Nec</strong></span> <span class='ocrx_word' id='word_1_599' title='bbox 3281 4434 3330 4485; x_wconf 94' lang='lat' dir='ltr'><strong>id</strong></span> 
     </span>
    </p>
   </div>
   <div class='ocr_carea' id='block_1_90' title="bbox 158 4483 3330 4574">
    <p class='ocr_par' dir='ltr' id='par_1_90' title="bbox 158 4483 3330 4574">
     <span class='ocr_line' id='line_1_90' title="bbox 158 4483 3330 4574; baseline 0 -22"><span class='ocrx_word' id='word_1_600' title='bbox 325 4483 448 4538; x_wconf 64' lang='lat'><strong>&quot;330</strong></span> <span class='ocrx_word' id='word_1_601' title='bbox 491 4489 706 4542; x_wconf 78' lang='lat' dir='ltr'><strong>‘Omnia</strong></span> <span class='ocrx_word' id='word_1_602' title='bbox 732 4483 746 4489; x_wconf 73' lang='grc'><em>’</em></span> <span class='ocrx_word' id='word_1_603' title='bbox 783 4492 1120 4560; x_wconf 90' lang='lat' dir='ltr'><strong>potissimum</strong></span> <span class='ocrx_word' id='word_1_604' title='bbox 1180 4497 1393 4551; x_wconf 87' lang='lat' dir='ltr'><strong>actione</strong></span> <span class='ocrx_word' id='word_1_605' title='bbox 1443 4499 1476 4552; x_wconf 75' lang='grc'><strong>4</strong></span> <span class='ocrx_word' id='word_1_606' title='bbox 1536 4506 1662 4550; x_wconf 87' lang='lat' dir='ltr'><strong>sunt</strong></span> <span class='ocrx_word' id='word_1_607' title='bbox 1698 4503 1740 4556; x_wconf 89' lang='lat' dir='ltr'><strong>D</strong></span> <span class='ocrx_word' id='word_1_608' title='bbox 1770 4483 2950 4574; x_wconf 43' lang='lat' dir='ltr'><strong>&quot;$513351&quot;.&#39;iidéiiﬁi,&quot;ut&#39;iidét</strong></span> <span class='ocrx_word' id='word_1_609' title='bbox 2975 4483 3084 4574; x_wconf 57' lang='lat' dir='ltr'><strong>alia</strong></span> <span class='ocrx_word' id='word_1_610' title='bbox 3123 4483 3330 4563; x_wconf 22' lang='lat' dir='ltr'><strong>additi,</strong></span> 
     </span>
    </p>
   </div>
   <div class='ocr_carea' id='block_1_91' title="bbox 75 4563 841 4620">
    <p class='ocr_par' dir='ltr' id='par_1_91' title="bbox 75 4563 841 4620">
     <span class='ocr_line' id='line_1_91' title="bbox 75 4563 841 4620; baseline 0.017 -18"><span class='ocrx_word' id='word_1_611' title='bbox 75 4563 265 4620; x_wconf 76' lang='lat' dir='ltr'><strong>gesta.</strong></span> <span class='ocrx_word' id='word_1_612' title='bbox 828 4603 841 4615; x_wconf 92' lang='lat'><strong>.</strong></span> 
     </span>
    </p>
   </div>
   <div class='ocr_carea' id='block_1_92' title="bbox 158 4623 1670 4698">
    <p class='ocr_par' dir='ltr' id='par_1_92' title="bbox 158 4623 1670 4698">
     <span class='ocr_line' id='line_1_92' title="bbox 158 4623 1670 4698; baseline 0.007 -24"><span class='ocrx_word' id='word_1_613' title='bbox 158 4623 282 4698; x_wconf 67' lang='grc'><strong>(47)</strong></span> <span class='ocrx_word' id='word_1_614' title='bbox 315 4623 542 4698; x_wconf 79' lang='lat' dir='ltr'><strong>Aetione</strong></span> <span class='ocrx_word' id='word_1_615' title='bbox 559 4627 614 4691; x_wconf 80' lang='lat'><strong>5,</strong></span> <span class='ocrx_word' id='word_1_616' title='bbox 655 4644 759 4695; x_wconf 91' lang='lat' dir='ltr'><strong>qua</strong></span> <span class='ocrx_word' id='word_1_617' title='bbox 795 4642 845 4683; x_wconf 92' lang='lat' dir='ltr'><strong>et</strong></span> <span class='ocrx_word' id='word_1_618' title='bbox 882 4640 987 4684; x_wconf 89' lang='lat' dir='ltr'><strong>tres</strong></span> <span class='ocrx_word' id='word_1_619' title='bbox 1021 4635 1340 4698; x_wconf 66' lang='lat' dir='ltr'><strong>patriarchre</strong></span> <span class='ocrx_word' id='word_1_620' title='bbox 1363 4635 1670 4690; x_wconf 82' lang='lat' dir='ltr'><strong>Constanti-</strong></span> 
     </span>
    </p>
   </div>
   <div class='ocr_carea' id='block_1_93' title="bbox 73 4694 1667 4762">
    <p class='ocr_par' dir='ltr' id='par_1_93' title="bbox 73 4694 1667 4762">
     <span class='ocr_line' id='line_1_93' title="bbox 73 4694 1667 4762; baseline 0.008 -18"><span class='ocrx_word' id='word_1_621' title='bbox 73 4694 398 4762; x_wconf 74' lang='lat' dir='ltr'><strong>nopolitani</strong></span> <span class='ocrx_word' id='word_1_622' title='bbox 429 4694 771 4762; x_wconf 82' lang='lat' dir='ltr'><strong>Anastasius,</strong></span> <span class='ocrx_word' id='word_1_623' title='bbox 806 4694 1196 4756; x_wconf 85' lang='lat' dir='ltr'><strong>Constantinus</strong></span> <span class='ocrx_word' id='word_1_624' title='bbox 1217 4713 1270 4757; x_wconf 90' lang='lat' dir='ltr'><strong>et</strong></span> <span class='ocrx_word' id='word_1_625' title='bbox 1296 4703 1508 4758; x_wconf 76' lang='lat' dir='ltr'><strong>Nieetas</strong></span> <span class='ocrx_word' id='word_1_626' title='bbox 1535 4721 1667 4757; x_wconf 88' lang='lat' dir='ltr'><strong>ana-</strong></span> 
     </span>
    </p>
   </div>
   <div class='ocr_carea' id='block_1_94' title="bbox 71 4760 747 4830">
    <p class='ocr_par' dir='ltr' id='par_1_94' title="bbox 71 4760 747 4830">
     <span class='ocr_line' id='line_1_94' title="bbox 71 4760 747 4830; baseline 0.01 -17"><span class='ocrx_word' id='word_1_627' title='bbox 71 4760 319 4814; x_wconf 57' lang='lat' dir='ltr'><strong>themati</strong></span> <span class='ocrx_word' id='word_1_628' title='bbox 354 4764 579 4830; x_wconf 85' lang='lat' dir='ltr'><strong>subjecti</strong></span> <span class='ocrx_word' id='word_1_629' title='bbox 603 4776 747 4820; x_wconf 91' lang='lat' dir='ltr'><strong>sunt.</strong></span> 
     </span>
    </p>
   </div>
   <div class='ocr_carea' id='block_1_95' title="bbox 156 4831 1344 4969">
    <p class='ocr_par' dir='ltr' id='par_1_95' title="bbox 156 4831 1344 4969">
     <span class='ocr_line' id='line_1_95' title="bbox 156 4831 1344 4969; baseline 0.013 -88"><span class='ocrx_word' id='word_1_630' title='bbox 156 4831 278 4969; x_wconf 48' lang='grc'><strong>(48)</strong></span> <span class='ocrx_word' id='word_1_631' title='bbox 305 4831 488 4887; x_wconf 78' lang='lat' dir='ltr'><strong>Mense</strong></span> <span class='ocrx_word' id='word_1_632' title='bbox 520 4834 831 4897; x_wconf 85' lang='lat' dir='ltr'><strong>Novembri,</strong></span> <span class='ocrx_word' id='word_1_633' title='bbox 868 4839 942 4893; x_wconf 87' lang='lat' dir='ltr'><strong>ait</strong></span> <span class='ocrx_word' id='word_1_634' title='bbox 966 4841 1344 4908; x_wconf 78' lang='lat' dir='ltr'><strong>Theophanes.</strong></span> 
     </span>
     <span class='ocr_line' id='line_1_96' title="bbox 157 4900 1344 4969; baseline 0.011 -17"><span class='ocrx_word' id='word_1_635' title='bbox 157 4900 255 4967; x_wconf 62' lang='grc'><strong>(19</strong></span> <span class='ocrx_word' id='word_1_636' title='bbox 308 4902 404 4954; x_wconf 80' lang='lat' dir='ltr'><strong>llic</strong></span> <span class='ocrx_word' id='word_1_637' title='bbox 429 4904 579 4957; x_wconf 81' lang='lat' dir='ltr'><strong>zelus</strong></span> <span class='ocrx_word' id='word_1_638' title='bbox 604 4921 851 4969; x_wconf 76' lang='lat' dir='ltr'><strong>magnam</strong></span> <span class='ocrx_word' id='word_1_639' title='bbox 887 4909 1109 4964; x_wconf 79' lang='lat' dir='ltr'><strong>&#39;l‘arasio</strong></span> <span class='ocrx_word' id='word_1_640' title='bbox 1144 4915 1344 4969; x_wconf 79' lang='lat' dir='ltr'><strong>peperit</strong></span> 
     </span>
    </p>
   </div>
   <div class='ocr_carea' id='block_1_96' title="bbox 157 4900 1667 4982">
    <p class='ocr_par' dir='ltr' id='par_1_96' title="bbox 157 4900 1667 4982">
     <span class='ocr_line' id='line_1_97' title="bbox 157 4900 1667 4982; baseline 0.014 -31"><span class='ocrx_word' id='word_1_641' title='bbox 157 4900 278 4969; x_wconf 62' lang='lat'><strong>(£9)</strong></span> <span class='ocrx_word' id='word_1_642' title='bbox 308 4902 404 4982; x_wconf 75' lang='lat' dir='ltr'><strong>llic</strong></span> <span class='ocrx_word' id='word_1_643' title='bbox 429 4904 579 4982; x_wconf 79' lang='lat' dir='ltr'><strong>zelus</strong></span> <span class='ocrx_word' id='word_1_644' title='bbox 604 4921 851 4976; x_wconf 80' lang='lat' dir='ltr'><strong>magnam</strong></span> <span class='ocrx_word' id='word_1_645' title='bbox 887 4900 1348 4982; x_wconf 60' lang='lat' dir='ltr'><strong>&#39;l‘arasio&#39;peperit</strong></span> <span class='ocrx_word' id='word_1_646' title='bbox 1391 4914 1667 4979; x_wconf 83' lang='lat' dir='ltr'><strong>invidiam.</strong></span> 
     </span>
    </p>
   </div>
   <div class='ocr_carea' id='block_1_97' title="bbox 70 4973 1664 5047">
    <p class='ocr_par' dir='ltr' id='par_1_97' title="bbox 70 4973 1664 5047">
     <span class='ocr_line' id='line_1_98' title="bbox 70 4973 1664 5047; baseline 0.014 -28"><span class='ocrx_word' id='word_1_647' title='bbox 70 4987 191 5047; x_wconf 50' lang='lat' dir='ltr'><strong>grta</strong></span> <span class='ocrx_word' id='word_1_648' title='bbox 232 4973 566 5047; x_wconf 70' lang='lat' dir='ltr'><strong>calumniam</strong></span> <span class='ocrx_word' id='word_1_649' title='bbox 597 4973 794 5047; x_wconf 79' lang='lat' dir='ltr'><strong>passus</strong></span> <span class='ocrx_word' id='word_1_650' title='bbox 822 4990 923 5039; x_wconf 89' lang='lat' dir='ltr'><strong>est,</strong></span> <span class='ocrx_word' id='word_1_651' title='bbox 951 4980 1104 5047; x_wconf 85' lang='lat' dir='ltr'><strong>quasi</strong></span> <span class='ocrx_word' id='word_1_652' title='bbox 1140 4973 1509 5047; x_wconf 71' lang='lat' dir='ltr'><strong>pecuniariam</strong></span> <span class='ocrx_word' id='word_1_653' title='bbox 1540 4973 1664 5041; x_wconf 82' lang='lat' dir='ltr'><strong>cuni</strong></span> 
     </span>
    </p>
   </div>
   <div class='ocr_carea' id='block_1_98' title="bbox 69 5041 1666 5120">
    <p class='ocr_par' dir='ltr' id='par_1_98' title="bbox 69 5041 1666 5120">
     <span class='ocr_line' id='line_1_99' title="bbox 69 5041 1666 5120; baseline 0.011 -27"><span class='ocrx_word' id='word_1_654' title='bbox 69 5041 211 5093; x_wconf 87' lang='lat' dir='ltr'><strong>labe</strong></span> <span class='ocrx_word' id='word_1_655' title='bbox 244 5042 575 5120; x_wconf 63' lang='lat' dir='ltr'><strong>_§i_tn0ttiaca_</strong></span> <span class='ocrx_word' id='word_1_656' title='bbox 598 5041 820 5120; x_wconf 50' lang='lat' dir='ltr'><strong>fel-isset</strong></span> <span class='ocrx_word' id='word_1_657' title='bbox 842 5041 1233 5120; x_wconf 70' lang='lat' dir='ltr'><strong>ordinationem</strong></span> <span class='ocrx_word' id='word_1_658' title='bbox 1271 5068 1284 5113; x_wconf 90' lang='lat'><strong>;</strong></span> <span class='ocrx_word' id='word_1_659' title='bbox 1317 5055 1456 5120; x_wconf 86' lang='lat' dir='ltr'><strong>quod</strong></span> <span class='ocrx_word' id='word_1_660' title='bbox 1483 5071 1666 5111; x_wconf 90' lang='lat' dir='ltr'><strong>verum</strong></span> 
     </span>
    </p>
   </div>
   <div class='ocr_carea' id='block_1_99' title="bbox 72 5113 1666 5190">
    <p class='ocr_par' dir='ltr' id='par_1_99' title="bbox 72 5113 1666 5190">
     <span class='ocr_line' id='line_1_100' title="bbox 72 5113 1666 5190; baseline 0.012 -31"><span class='ocrx_word' id='word_1_661' title='bbox 72 5126 198 5190; x_wconf 61' lang='lat' dir='ltr'><strong>rion</strong></span> <span class='ocrx_word' id='word_1_662' title='bbox 233 5113 413 5190; x_wconf 51' lang='lat' dir='ltr'><strong>fuisse</strong></span> <span class='ocrx_word' id='word_1_663' title='bbox 439 5114 597 5190; x_wconf 70' lang='lat' dir='ltr'><strong>tradit</strong></span> <span class='ocrx_word' id='word_1_664' title='bbox 639 5113 789 5168; x_wconf 86' lang='lat' dir='ltr'><strong>Theo</strong></span> <span class='ocrx_word' id='word_1_665' title='bbox 813 5117 1199 5190; x_wconf 19' lang='lat' dir='ltr'><strong>loruSAStudita</strong></span> <span class='ocrx_word' id='word_1_666' title='bbox 1232 5121 1284 5172; x_wconf 89' lang='lat' dir='ltr'><strong>in</strong></span> <span class='ocrx_word' id='word_1_667' title='bbox 1336 5113 1565 5190; x_wconf 74' lang='lat' dir='ltr'><strong>epistola</strong></span> <span class='ocrx_word' id='word_1_668' title='bbox 1601 5130 1666 5179; x_wconf 88' lang='lat' dir='ltr'><strong>ad</strong></span> 
     </span>
    </p>
   </div>
   <div class='ocr_carea' id='block_1_100' title="bbox 74 5181 1665 5253">
    <p class='ocr_par' dir='ltr' id='par_1_100' title="bbox 74 5181 1665 5253">
     <span class='ocr_line' id='line_1_101' title="bbox 74 5181 1665 5253; baseline 0.011 -24"><span class='ocrx_word' id='word_1_669' title='bbox 74 5181 436 5253; x_wconf 52' lang='lat' dir='ltr'><strong>ﬁteplianutn</strong></span> <span class='ocrx_word' id='word_1_670' title='bbox 491 5182 743 5253; x_wconf 83' lang='lat' dir='ltr'><strong>lectorem</strong></span> <span class='ocrx_word' id='word_1_671' title='bbox 783 5187 918 5253; x_wconf 83' lang='lat' dir='ltr'><strong>apud</strong></span> <span class='ocrx_word' id='word_1_672' title='bbox 960 5188 1248 5242; x_wconf 84' lang='lat' dir='ltr'><strong>Barouium</strong></span> <span class='ocrx_word' id='word_1_673' title='bbox 1305 5181 1383 5244; x_wconf 52' lang='lat' dir='ltr'><strong>atl&#39;</strong></span> <span class='ocrx_word' id='word_1_674' title='bbox 1428 5208 1516 5246; x_wconf 84' lang='lat' dir='ltr'><strong>an.</strong></span> <span class='ocrx_word' id='word_1_675' title='bbox 1565 5197 1665 5249; x_wconf 85' lang='lat'><strong>787</strong></span> 
     </span>
    </p>
   </div>
   <div class='ocr_carea' id='block_1_101' title="bbox 70 5250 1670 5323">
    <p class='ocr_par' dir='ltr' id='par_1_101' title="bbox 70 5250 1670 5323">
     <span class='ocr_line' id='line_1_102' title="bbox 70 5250 1670 5323; baseline 0.013 -25"><span class='ocrx_word' id='word_1_676' title='bbox 70 5265 246 5323; x_wconf 75' lang='lat' dir='ltr'><strong>nunt.</strong></span> <span class='ocrx_word' id='word_1_677' title='bbox 282 5250 369 5309; x_wconf 81' lang='lat'><strong>59,</strong></span> <span class='ocrx_word' id='word_1_678' title='bbox 395 5253 514 5304; x_wconf 75' lang='lat' dir='ltr'><strong>Iit-et</strong></span> <span class='ocrx_word' id='word_1_679' title='bbox 537 5252 766 5307; x_wconf 80' lang='lat' dir='ltr'><strong>fateatur</strong></span> <span class='ocrx_word' id='word_1_680' title='bbox 796 5250 846 5307; x_wconf 80' lang='lat' dir='ltr'><strong>iit</strong></span> <span class='ocrx_word' id='word_1_681' title='bbox 867 5259 1229 5323; x_wconf 85' lang='lat' dir='ltr'><strong>suspicionem</strong></span> <span class='ocrx_word' id='word_1_682' title='bbox 1255 5275 1314 5312; x_wconf 85' lang='lat' dir='ltr'><strong>ea</strong></span> <span class='ocrx_word' id='word_1_683' title='bbox 1334 5263 1398 5312; x_wconf 91' lang='lat' dir='ltr'><strong>de</strong></span> <span class='ocrx_word' id='word_1_684' title='bbox 1420 5278 1475 5315; x_wconf 84' lang='lat' dir='ltr'><strong>re</strong></span> <span class='ocrx_word' id='word_1_685' title='bbox 1501 5264 1670 5322; x_wconf 81' lang='lat' dir='ltr'><strong>fuisse</strong></span> 
     </span>
    </p>
   </div>
   <div class='ocr_carea' id='block_1_102' title="bbox 69 5319 1665 5396">
    <p class='ocr_par' dir='ltr' id='par_1_102' title="bbox 69 5319 1665 5396">
     <span class='ocr_line' id='line_1_103' title="bbox 69 5319 1665 5396; baseline 0.011 -29"><span class='ocrx_word' id='word_1_686' title='bbox 69 5319 396 5396; x_wconf 58' lang='lat' dir='ltr'><strong>adductum</strong></span> <span class='ocrx_word' id='word_1_687' title='bbox 422 5324 562 5396; x_wconf 73' lang='lat' dir='ltr'><strong>apud</strong></span> <span class='ocrx_word' id='word_1_688' title='bbox 592 5323 898 5396; x_wconf 71' lang='lat' dir='ltr'><strong>Monachus.</strong></span> <span class='ocrx_word' id='word_1_689' title='bbox 931 5345 948 5375; x_wconf 69' lang='grc' dir='ltr'>ι</span> <span class='ocrx_word' id='word_1_690' title='bbox 968 5319 1044 5382; x_wconf 84' lang='lat' dir='ltr'><strong>Ut</strong></span> <span class='ocrx_word' id='word_1_691' title='bbox 1067 5343 1194 5396; x_wconf 86' lang='lat' dir='ltr'><strong>ergo</strong></span> <span class='ocrx_word' id='word_1_692' title='bbox 1216 5331 1278 5380; x_wconf 88' lang='lat' dir='ltr'><strong>ad</strong></span> <span class='ocrx_word' id='word_1_693' title='bbox 1302 5346 1411 5382; x_wconf 91' lang='lat' dir='ltr'><strong>rem</strong></span> <span class='ocrx_word' id='word_1_694' title='bbox 1430 5319 1665 5395; x_wconf 78' lang='lat' dir='ltr'><strong>veniam,</strong></span> 
     </span>
    </p>
   </div>
   <div class='ocr_carea' id='block_1_103' title="bbox 68 5389 1664 5461">
    <p class='ocr_par' dir='ltr' id='par_1_103' title="bbox 68 5389 1664 5461">
     <span class='ocr_line' id='line_1_104' title="bbox 68 5389 1664 5461; baseline 0.014 -27"><span class='ocrx_word' id='word_1_695' title='bbox 68 5389 295 5461; x_wconf 78' lang='lat' dir='ltr'><strong>i_uquit,</strong></span> <span class='ocrx_word' id='word_1_696' title='bbox 340 5392 598 5461; x_wconf 81' lang='lat' dir='ltr'><strong>quidnam</strong></span> <span class='ocrx_word' id='word_1_697' title='bbox 661 5392 781 5457; x_wconf 89' lang='lat' dir='ltr'><strong>fuit,</strong></span> <span class='ocrx_word' id='word_1_698' title='bbox 831 5397 974 5461; x_wconf 73' lang='lat' dir='ltr'><strong>quod</strong></span> <span class='ocrx_word' id='word_1_699' title='bbox 1011 5389 1298 5451; x_wconf 63' lang='lat' dir='ltr'><strong>dissénlire</strong></span> <span class='ocrx_word' id='word_1_700' title='bbox 1329 5417 1426 5452; x_wconf 85' lang='lat' dir='ltr'><strong>nos</strong></span> <span class='ocrx_word' id='word_1_701' title='bbox 1473 5403 1597 5459; x_wconf 74' lang='lat' dir='ltr'><strong>fecit</strong></span> <span class='ocrx_word' id='word_1_702' title='bbox 1639 5389 1664 5456; x_wconf 79' lang='lat' dir='ltr'><strong>a</strong></span> 
     </span>
    </p>
   </div>
   <div class='ocr_carea' id='block_1_104' title="bbox 66 5455 1667 5534">
    <p class='ocr_par' dir='ltr' id='par_1_104' title="bbox 66 5455 1667 5534">
     <span class='ocr_line' id='line_1_105' title="bbox 66 5455 1667 5534; baseline 0.012 -25"><span class='ocrx_word' id='word_1_703' title='bbox 66 5455 370 5512; x_wconf 63' lang='lat' dir='ltr'><strong>Tarasii)?</strong></span> <span class='ocrx_word' id='word_1_704' title='bbox 403 5455 788 5532; x_wconf 74' lang='lat' dir='ltr'><strong>Fides?Atqui</strong></span> <span class='ocrx_word' id='word_1_705' title='bbox 825 5455 1031 5528; x_wconf 25' lang='lat' dir='ltr'><strong>fpalam</strong></span> <span class='ocrx_word' id='word_1_706' title='bbox 1064 5466 1281 5534; x_wconf 81' lang='lat' dir='ltr'><strong>quidem</strong></span> <span class='ocrx_word' id='word_1_707' title='bbox 1324 5455 1667 5528; x_wconf 62' lang='lat' dir='ltr'><strong>orthodnxus</strong></span> 
     </span>
    </p>
   </div>
   <div class='ocr_carea' id='block_1_105' title="bbox 63 5535 1668 5607">
    <p class='ocr_par' dir='ltr' id='par_1_105' title="bbox 63 5535 1668 5607">
     <span class='ocr_line' id='line_1_106' title="bbox 63 5535 1668 5607; baseline 0.009 -28"><span class='ocrx_word' id='word_1_708' title='bbox 63 5539 226 5589; x_wconf 80' lang='lat' dir='ltr'><strong>erat,</strong></span> <span class='ocrx_word' id='word_1_709' title='bbox 256 5545 450 5607; x_wconf 72' lang='lat' dir='ltr'><strong>sacras</strong></span> <span class='ocrx_word' id='word_1_710' title='bbox 482 5535 721 5607; x_wconf 65' lang='lat' dir='ltr'><strong>synodus</strong></span> <span class='ocrx_word' id='word_1_711' title='bbox 776 5538 1131 5602; x_wconf 84' lang='lat' dir='ltr'><strong>sequebatur,</strong></span> <span class='ocrx_word' id='word_1_712' title='bbox 1161 5546 1213 5588; x_wconf 86' lang='lat' dir='ltr'><strong>et</strong></span> <span class='ocrx_word' id='word_1_713' title='bbox 1254 5554 1374 5590; x_wconf 78' lang='lat' dir='ltr'><strong>cum</strong></span> <span class='ocrx_word' id='word_1_714' title='bbox 1422 5539 1543 5594; x_wconf 87' lang='lat' dir='ltr'><strong>aliis</strong></span> <span class='ocrx_word' id='word_1_715' title='bbox 1577 5560 1668 5607; x_wconf 86' lang='lat' dir='ltr'><strong>pa-</strong></span> 
     </span>
    </p>
   </div>
   <div class='ocr_carea' id='block_1_106' title="bbox 67 5601 1667 5675">
    <p class='ocr_par' dir='ltr' id='par_1_106' title="bbox 67 5601 1667 5675">
     <span class='ocr_line' id='line_1_107' title="bbox 67 5601 1667 5675; baseline 0.01 -28"><span class='ocrx_word' id='word_1_716' title='bbox 67 5601 359 5652; x_wconf 80' lang='lat' dir='ltr'><strong>trtarchis</strong></span> <span class='ocrx_word' id='word_1_717' title='bbox 388 5601 780 5675; x_wconf 64' lang='lat' dir='ltr'><strong>conm-utiebat,</strong></span> <span class='ocrx_word' id='word_1_718' title='bbox 910 5607 1202 5658; x_wconf 75' lang='lat' dir='ltr'><strong>maximum</strong></span> <span class='ocrx_word' id='word_1_719' title='bbox 1240 5619 1397 5660; x_wconf 86' lang='lat' dir='ltr'><strong>antea</strong></span> <span class='ocrx_word' id='word_1_720' title='bbox 1439 5624 1536 5675; x_wconf 87' lang='lat' dir='ltr'><strong>pro</strong></span> <span class='ocrx_word' id='word_1_721' title='bbox 1566 5601 1667 5663; x_wconf 86' lang='lat' dir='ltr'><strong>lide</strong></span> 
     </span>
    </p>
   </div>
   <div class='ocr_carea' id='block_1_107' title="bbox 65 5673 1666 5745">
    <p class='ocr_par' dir='ltr' id='par_1_107' title="bbox 65 5673 1666 5745">
     <span class='ocr_line' id='line_1_108' title="bbox 65 5673 1666 5745; baseline 0.01 -26"><span class='ocrx_word' id='word_1_722' title='bbox 65 5678 376 5721; x_wconf 76' lang='lat' dir='ltr'><strong>C(tlamcn</strong></span> <span class='ocrx_word' id='word_1_723' title='bbox 412 5673 790 5745; x_wconf 54' lang='lat' dir='ltr'><strong>sustinuerat.</strong></span> <span class='ocrx_word' id='word_1_724' title='bbox 847 5673 1123 5728; x_wconf 79' lang='lat' dir='ltr'><strong>Eorumue</strong></span> <span class='ocrx_word' id='word_1_725' title='bbox 1182 5692 1370 5738; x_wconf 83' lang='lat' dir='ltr'><strong>rausa,</strong></span> <span class='ocrx_word' id='word_1_726' title='bbox 1440 5673 1531 5745; x_wconf 78' lang='lat' dir='ltr'><strong>qui</strong></span> <span class='ocrx_word' id='word_1_727' title='bbox 1599 5683 1666 5735; x_wconf 87' lang='lat' dir='ltr'><strong>ab</strong></span> 
     </span>
    </p>
   </div>
   <div class='ocr_carea' id='block_1_108' title="bbox 68 5741 1662 5816">
    <p class='ocr_par' dir='ltr' id='par_1_108' title="bbox 68 5741 1662 5816">
     <span class='ocr_line' id='line_1_109' title="bbox 68 5741 1662 5816; baseline 0.011 -30"><span class='ocrx_word' id='word_1_728' title='bbox 68 5744 293 5816; x_wconf 52' lang='lat' dir='ltr'><strong>heresi</strong></span> <span class='ocrx_word' id='word_1_729' title='bbox 335 5741 626 5816; x_wconf 70' lang='lat' dir='ltr'><strong>redierant,</strong></span> <span class='ocrx_word' id='word_1_730' title='bbox 688 5747 1000 5811; x_wconf 81' lang='lat' dir='ltr'><strong>susceptio?</strong></span> <span class='ocrx_word' id='word_1_731' title='bbox 1056 5747 1121 5797; x_wconf 77' lang='lat' dir='ltr'><strong>At</strong></span> <span class='ocrx_word' id='word_1_732' title='bbox 1172 5761 1275 5800; x_wconf 84' lang='lat' dir='ltr'><strong>non</strong></span> <span class='ocrx_word' id='word_1_733' title='bbox 1311 5752 1377 5798; x_wconf 82' lang='lat' dir='ltr'><strong>ab</strong></span> <span class='ocrx_word' id='word_1_734' title='bbox 1422 5741 1511 5802; x_wconf 90' lang='lat' dir='ltr'><strong>illo</strong></span> <span class='ocrx_word' id='word_1_735' title='bbox 1553 5752 1662 5804; x_wconf 70' lang='lat' dir='ltr'><strong>haec</strong></span> 
     </span>
    </p>
   </div>
   <div class='ocr_carea' id='block_1_109' title="bbox 71 5812 1666 5882">
    <p class='ocr_par' dir='ltr' id='par_1_109' title="bbox 71 5812 1666 5882">
     <span class='ocr_line' id='line_1_110' title="bbox 71 5812 1666 5882; baseline 0.012 -25"><span class='ocrx_word' id='word_1_736' title='bbox 71 5812 342 5871; x_wconf 76' lang='lat' dir='ltr'><strong>ptimum</strong></span> <span class='ocrx_word' id='word_1_737' title='bbox 391 5812 624 5876; x_wconf 82' lang='lat' dir='ltr'><strong>inventa,</strong></span> <span class='ocrx_word' id='word_1_738' title='bbox 676 5830 800 5868; x_wconf 81' lang='lat' dir='ltr'><strong>cum</strong></span> <span class='ocrx_word' id='word_1_739' title='bbox 856 5830 882 5868; x_wconf 90' lang='lat' dir='ltr'><strong>a</strong></span> <span class='ocrx_word' id='word_1_740' title='bbox 916 5817 1122 5872; x_wconf 78' lang='lat' dir='ltr'><strong>sanctis</strong></span> <span class='ocrx_word' id='word_1_741' title='bbox 1167 5817 1419 5872; x_wconf 81' lang='lat' dir='ltr'><strong>Patribus</strong></span> <span class='ocrx_word' id='word_1_742' title='bbox 1472 5820 1666 5882; x_wconf 72' lang='lat' dir='ltr'><strong>triplici</strong></span> 
     </span>
    </p>
   </div>
   <div class='ocr_carea' id='block_1_110' title="bbox 1782 4571 3334 4643">
    <p class='ocr_par' dir='ltr' id='par_1_110' title="bbox 1782 4571 3334 4643">
     <span class='ocr_line' id='line_1_111' title="bbox 1782 4571 3334 4643; baseline -0.001 -16"><span class='ocrx_word' id='word_1_743' title='bbox 1782 4571 1798 4626; x_wconf 59' lang='grc' dir='ltr'><strong>ί</strong></span> <span class='ocrx_word' id='word_1_744' title='bbox 1832 4577 2036 4638; x_wconf 76' lang='lat' dir='ltr'><strong>zelotze,</strong></span> <span class='ocrx_word' id='word_1_745' title='bbox 2075 4575 2167 4643; x_wconf 92' lang='lat' dir='ltr'><strong>qui</strong></span> <span class='ocrx_word' id='word_1_746' title='bbox 2215 4583 2326 4627; x_wconf 90' lang='lat' dir='ltr'><strong>tum</strong></span> <span class='ocrx_word' id='word_1_747' title='bbox 2384 4583 2562 4634; x_wconf 88' lang='lat' dir='ltr'><strong>erant,</strong></span> <span class='ocrx_word' id='word_1_748' title='bbox 2611 4583 2665 4625; x_wconf 91' lang='lat' dir='ltr'><strong>et</strong></span> <span class='ocrx_word' id='word_1_749' title='bbox 2703 4574 2901 4634; x_wconf 82' lang='lat' dir='ltr'><strong>exacti,</strong></span> <span class='ocrx_word' id='word_1_750' title='bbox 2932 4581 2986 4624; x_wconf 90' lang='lat' dir='ltr'><strong>et</strong></span> <span class='ocrx_word' id='word_1_751' title='bbox 3018 4571 3243 4643; x_wconf 80' lang='lat' dir='ltr'><strong>Tarasin</strong></span> <span class='ocrx_word' id='word_1_752' title='bbox 3275 4587 3334 4625; x_wconf 88' lang='lat' dir='ltr'><strong>se</strong></span> 
     </span>
    </p>
   </div>
   <div class='ocr_carea' id='block_1_111' title="bbox 1775 4642 3334 4711">
    <p class='ocr_par' dir='ltr' id='par_1_111' title="bbox 1775 4642 3334 4711">
     <span class='ocr_line' id='line_1_112' title="bbox 1775 4642 3334 4711; baseline -0.003 -14"><span class='ocrx_word' id='word_1_753' title='bbox 1775 4646 2194 4711; x_wconf 82' lang='lat' dir='ltr'><strong>conjnmerant,</strong></span> <span class='ocrx_word' id='word_1_754' title='bbox 2221 4654 2274 4697; x_wconf 92' lang='lat' dir='ltr'><strong>et</strong></span> <span class='ocrx_word' id='word_1_755' title='bbox 2313 4659 2435 4696; x_wconf 90' lang='lat' dir='ltr'><strong>cum</strong></span> <span class='ocrx_word' id='word_1_756' title='bbox 2489 4659 2554 4696; x_wconf 93' lang='lat' dir='ltr'><strong>eo</strong></span> <span class='ocrx_word' id='word_1_757' title='bbox 2593 4643 3028 4702; x_wconf 87' lang='lat' dir='ltr'><strong>consentiebant,</strong></span> <span class='ocrx_word' id='word_1_758' title='bbox 3063 4653 3117 4694; x_wconf 88' lang='lat' dir='ltr'><strong>ct</strong></span> <span class='ocrx_word' id='word_1_759' title='bbox 3151 4642 3334 4694; x_wconf 82' lang='lat' dir='ltr'><strong>subito</strong></span> 
     </span>
    </p>
   </div>
   <div class='ocr_carea' id='block_1_112' title="bbox 1775 4711 3331 4781">
    <p class='ocr_par' dir='ltr' id='par_1_112' title="bbox 1775 4711 3331 4781">
     <span class='ocr_line' id='line_1_113' title="bbox 1775 4711 3331 4781; baseline -0.001 -17"><span class='ocrx_word' id='word_1_760' title='bbox 1775 4725 1895 4781; x_wconf 86' lang='lat' dir='ltr'><strong>post</strong></span> <span class='ocrx_word' id='word_1_761' title='bbox 1923 4715 2190 4781; x_wconf 89' lang='lat' dir='ltr'><strong>synodum</strong></span> <span class='ocrx_word' id='word_1_762' title='bbox 2210 4714 2600 4766; x_wconf 86' lang='lat' dir='ltr'><strong>discessionem</strong></span> <span class='ocrx_word' id='word_1_763' title='bbox 2629 4711 2872 4763; x_wconf 77' lang='lat' dir='ltr'><strong>iecerunt</strong></span> <span class='ocrx_word' id='word_1_764' title='bbox 2898 4712 2967 4781; x_wconf 88' lang='lat' dir='ltr'><strong>ob</strong></span> <span class='ocrx_word' id='word_1_765' title='bbox 2998 4725 3331 4778; x_wconf 84' lang='lat' dir='ltr'><strong>susceptam,</strong></span> 
     </span>
    </p>
   </div>
   <div class='ocr_carea' id='block_1_113' title="bbox 1775 4780 3334 4850">
    <p class='ocr_par' dir='ltr' id='par_1_113' title="bbox 1775 4780 3334 4850">
     <span class='ocr_line' id='line_1_114' title="bbox 1775 4780 3334 4850; baseline -0.001 -16"><span class='ocrx_word' id='word_1_766' title='bbox 1775 4780 1832 4834; x_wconf 85' lang='lat' dir='ltr'><strong>ut</strong></span> <span class='ocrx_word' id='word_1_767' title='bbox 1865 4780 1996 4850; x_wconf 84' lang='lat' dir='ltr'><strong>ipsis</strong></span> <span class='ocrx_word' id='word_1_768' title='bbox 2049 4783 2226 4834; x_wconf 87' lang='lat' dir='ltr'><strong>visum</strong></span> <span class='ocrx_word' id='word_1_769' title='bbox 2283 4792 2384 4845; x_wconf 91' lang='lat' dir='ltr'><strong>est,</strong></span> <span class='ocrx_word' id='word_1_770' title='bbox 2427 4782 2796 4850; x_wconf 73' lang='lat' dir='ltr'><strong>pecuniariam</strong></span> <span class='ocrx_word' id='word_1_771' title='bbox 2855 4780 3248 4834; x_wconf 82' lang='lat' dir='ltr'><strong>ordinationem</strong></span> <span class='ocrx_word' id='word_1_772' title='bbox 3283 4793 3334 4834; x_wconf 91' lang='lat' dir='ltr'><strong>et</strong></span> 
     </span>
    </p>
   </div>
   <div class='ocr_carea' id='block_1_114' title="bbox 1772 4847 3332 4919">
    <p class='ocr_par' dir='ltr' id='par_1_114' title="bbox 1772 4847 3332 4919">
     <span class='ocr_line' id='line_1_115' title="bbox 1772 4847 3332 4919; baseline -0.003 -15"><span class='ocrx_word' id='word_1_773' title='bbox 1772 4847 1907 4904; x_wconf 73' lang='lat' dir='ltr'><strong>alias</strong></span> <span class='ocrx_word' id='word_1_774' title='bbox 1935 4853 2195 4919; x_wconf 86' lang='lat' dir='ltr'><strong>quasdam</strong></span> <span class='ocrx_word' id='word_1_775' title='bbox 2225 4847 2607 4919; x_wconf 65' lang='lat' dir='ltr'><strong>quaestiones.»</strong></span> <span class='ocrx_word' id='word_1_776' title='bbox 2641 4847 2866 4911; x_wconf 70' lang='lat' dir='ltr'><strong>Verum,</strong></span> <span class='ocrx_word' id='word_1_777' title='bbox 2889 4859 2947 4902; x_wconf 86' lang='lat' dir='ltr'><strong>nt</strong></span> <span class='ocrx_word' id='word_1_778' title='bbox 2976 4853 3332 4918; x_wconf 62' lang='lat' dir='ltr'><strong>praemiserat,</strong></span> 
     </span>
    </p>
   </div>
   <div class='ocr_carea' id='block_1_115' title="bbox 1780 4921 3332 4989">
    <p class='ocr_par' dir='ltr' id='par_1_115' title="bbox 1780 4921 3332 4989">
     <span class='ocr_line' id='line_1_116' title="bbox 1780 4921 3332 4989; baseline 0 -19"><span class='ocrx_word' id='word_1_779' title='bbox 1780 4941 1796 4970; x_wconf 73' lang='grc' dir='ltr'>ι</span> <span class='ocrx_word' id='word_1_780' title='bbox 1822 4937 1998 4989; x_wconf 74' lang='lat' dir='ltr'><strong>opera:</strong></span> <span class='ocrx_word' id='word_1_781' title='bbox 2021 4922 2279 4974; x_wconf 75' lang='lat' dir='ltr'><strong>duximus</strong></span> <span class='ocrx_word' id='word_1_782' title='bbox 2306 4923 2532 4986; x_wconf 80' lang='lat' dir='ltr'><strong>pretium</strong></span> <span class='ocrx_word' id='word_1_783' title='bbox 2566 4921 2716 4987; x_wconf 90' lang='lat' dir='ltr'><strong>pacis</strong></span> <span class='ocrx_word' id='word_1_784' title='bbox 2749 4922 2928 4972; x_wconf 87' lang='lat' dir='ltr'><strong>studio</strong></span> <span class='ocrx_word' id='word_1_785' title='bbox 2953 4936 3075 4972; x_wconf 89' lang='lat' dir='ltr'><strong>cum</strong></span> <span class='ocrx_word' id='word_1_786' title='bbox 3106 4935 3172 4972; x_wconf 88' lang='lat' dir='ltr'><strong>eo</strong></span> <span class='ocrx_word' id='word_1_787' title='bbox 3197 4936 3332 4970; x_wconf 88' lang='lat' dir='ltr'><strong>eou-</strong></span> 
     </span>
    </p>
   </div>
   <div class='ocr_carea' id='block_1_116' title="bbox 1773 4989 3334 5058">
    <p class='ocr_par' dir='ltr' id='par_1_116' title="bbox 1773 4989 3334 5058">
     <span class='ocr_line' id='line_1_117' title="bbox 1773 4989 3334 5058; baseline 0 -16"><span class='ocrx_word' id='word_1_788' title='bbox 1773 4991 2010 5044; x_wconf 79' lang='lat' dir='ltr'><strong>cordiam</strong></span> <span class='ocrx_word' id='word_1_789' title='bbox 2043 4992 2341 5043; x_wconf 82' lang='lat' dir='ltr'><strong>retinere...</strong></span> <span class='ocrx_word' id='word_1_790' title='bbox 2382 4990 2442 5042; x_wconf 80' lang='lat' dir='ltr'><strong>Et</strong></span> <span class='ocrx_word' id='word_1_791' title='bbox 2469 4991 2557 5042; x_wconf 89' lang='lat' dir='ltr'><strong>ubi</strong></span> <span class='ocrx_word' id='word_1_792' title='bbox 2618 4990 2762 5056; x_wconf 87' lang='lat' dir='ltr'><strong>quod</strong></span> <span class='ocrx_word' id='word_1_793' title='bbox 2815 4989 3035 5041; x_wconf 84' lang='lat' dir='ltr'><strong>oll&#39;endit</strong></span> <span class='ocrx_word' id='word_1_794' title='bbox 3095 4991 3334 5058; x_wconf 87' lang='lat' dir='ltr'><strong>suspicio</strong></span> 
     </span>
    </p>
   </div>
   <div class='ocr_carea' id='block_1_117' title="bbox 1772 5060 3330 5126">
    <p class='ocr_par' dir='ltr' id='par_1_117' title="bbox 1772 5060 3330 5126">
     <span class='ocr_line' id='line_1_118' title="bbox 1772 5060 3330 5126; baseline 0 -14"><span class='ocrx_word' id='word_1_795' title='bbox 1772 5071 1873 5121; x_wconf 80' lang='lat' dir='ltr'><strong>est,</strong></span> <span class='ocrx_word' id='word_1_796' title='bbox 1908 5060 2101 5113; x_wconf 83' lang='lat' dir='ltr'><strong>melius</strong></span> <span class='ocrx_word' id='word_1_797' title='bbox 2134 5068 2214 5112; x_wconf 87' lang='lat' dir='ltr'><strong>est</strong></span> <span class='ocrx_word' id='word_1_798' title='bbox 2261 5060 2536 5122; x_wconf 80' lang='lat' dir='ltr'><strong>assentiri,</strong></span> <span class='ocrx_word' id='word_1_799' title='bbox 2589 5075 2751 5126; x_wconf 87' lang='lat' dir='ltr'><strong>quam</strong></span> <span class='ocrx_word' id='word_1_800' title='bbox 2801 5060 3129 5126; x_wconf 79' lang='lat' dir='ltr'><strong>pertinacem</strong></span> <span class='ocrx_word' id='word_1_801' title='bbox 3187 5074 3330 5112; x_wconf 89' lang='lat' dir='ltr'><strong>esse.</strong></span> 
     </span>
    </p>
   </div>
   <div class='ocr_carea' id='block_1_118' title="bbox 1773 5129 3329 5198">
    <p class='ocr_par' dir='ltr' id='par_1_118' title="bbox 1773 5129 3329 5198">
     <span class='ocr_line' id='line_1_119' title="bbox 1773 5129 3329 5198; baseline 0.001 -17"><span class='ocrx_word' id='word_1_802' title='bbox 1773 5129 1881 5183; x_wconf 83' lang='lat' dir='ltr'><strong>Nec</strong></span> <span class='ocrx_word' id='word_1_803' title='bbox 1919 5144 2042 5182; x_wconf 82' lang='lat' dir='ltr'><strong>vero</strong></span> <span class='ocrx_word' id='word_1_804' title='bbox 2076 5131 2178 5198; x_wconf 85' lang='lat' dir='ltr'><strong>ipsi</strong></span> <span class='ocrx_word' id='word_1_805' title='bbox 2212 5145 2305 5182; x_wconf 90' lang='lat' dir='ltr'><strong>vos</strong></span> <span class='ocrx_word' id='word_1_806' title='bbox 2322 5131 2385 5179; x_wconf 86' lang='lat' dir='ltr'><strong>de</strong></span> <span class='ocrx_word' id='word_1_807' title='bbox 2407 5129 2742 5180; x_wconf 76' lang='lat' dir='ltr'><strong>conscientia</strong></span> <span class='ocrx_word' id='word_1_808' title='bbox 2779 5137 2952 5180; x_wconf 87' lang='lat' dir='ltr'><strong>vestra</strong></span> <span class='ocrx_word' id='word_1_809' title='bbox 2976 5131 3329 5183; x_wconf 80' lang='lat' dir='ltr'><strong>deducimus:</strong></span> 
     </span>
    </p>
   </div>
   <div class='ocr_carea' id='block_1_119' title="bbox 1774 5198 3331 5265">
    <p class='ocr_par' dir='ltr' id='par_1_119' title="bbox 1774 5198 3331 5265">
     <span class='ocr_line' id='line_1_120' title="bbox 1774 5198 3331 5265; baseline 0.001 -14"><span class='ocrx_word' id='word_1_810' title='bbox 1774 5213 1985 5253; x_wconf 77' lang='lat' dir='ltr'><strong>necvos</strong></span> <span class='ocrx_word' id='word_1_811' title='bbox 2017 5211 2233 5251; x_wconf 65' lang='lat' dir='ltr'><strong>mnsam</strong></span> <span class='ocrx_word' id='word_1_812' title='bbox 2269 5200 2319 5251; x_wconf 89' lang='lat' dir='ltr'><strong>id</strong></span> <span class='ocrx_word' id='word_1_813' title='bbox 2357 5198 2574 5265; x_wconf 74' lang='lat' dir='ltr'><strong>exigite,</strong></span> <span class='ocrx_word' id='word_1_814' title='bbox 2611 5208 2668 5249; x_wconf 93' lang='lat' dir='ltr'><strong>ut</strong></span> <span class='ocrx_word' id='word_1_815' title='bbox 2694 5212 2791 5250; x_wconf 89' lang='lat' dir='ltr'><strong>nos</strong></span> <span class='ocrx_word' id='word_1_816' title='bbox 2818 5200 2881 5249; x_wconf 93' lang='lat' dir='ltr'><strong>de</strong></span> <span class='ocrx_word' id='word_1_817' title='bbox 2932 5211 3036 5251; x_wconf 86' lang='lat' dir='ltr'><strong>neu</strong></span> <span class='ocrx_word' id='word_1_818' title='bbox 3103 5198 3331 5252; x_wconf 58' lang='lat' dir='ltr'><strong>manifeo</strong></span> 
     </span>
    </p>
   </div>
   <div class='ocr_carea' id='block_1_120' title="bbox 1773 5267 3334 5334">
    <p class='ocr_par' dir='ltr' id='par_1_120' title="bbox 1773 5267 3334 5334">
     <span class='ocr_line' id='line_1_121' title="bbox 1773 5267 3334 5334; baseline 0.001 -15"><span class='ocrx_word' id='word_1_819' title='bbox 1773 5277 1910 5320; x_wconf 83' lang='lat' dir='ltr'><strong>stata</strong></span> <span class='ocrx_word' id='word_1_820' title='bbox 1939 5269 2456 5334; x_wconf 56' lang='lat' dir='ltr'><strong>uobisxognitione;</strong></span> <span class='ocrx_word' id='word_1_821' title='bbox 2482 5267 2923 5334; x_wconf 81' lang='lat' dir='ltr'><strong>quandoquidem</strong></span> <span class='ocrx_word' id='word_1_822' title='bbox 2956 5279 3002 5318; x_wconf 88' lang='lat' dir='ltr'><strong>et</strong></span> <span class='ocrx_word' id='word_1_823' title='bbox 3032 5284 3258 5334; x_wconf 89' lang='lat' dir='ltr'><strong>persona</strong></span> <span class='ocrx_word' id='word_1_824' title='bbox 3281 5279 3334 5320; x_wconf 89' lang='lat' dir='ltr'><strong>et</strong></span> 
     </span>
    </p>
   </div>
   <div class='ocr_carea' id='block_1_121' title="bbox 1774 5337 3335 5405">
    <p class='ocr_par' dir='ltr' id='par_1_121' title="bbox 1774 5337 3335 5405">
     <span class='ocr_line' id='line_1_122' title="bbox 1774 5337 3335 5405; baseline 0.001 -16"><span class='ocrx_word' id='word_1_825' title='bbox 1774 5350 1985 5405; x_wconf 75' lang='lat' dir='ltr'><strong>tempus</strong></span> <span class='ocrx_word' id='word_1_826' title='bbox 2012 5349 2063 5389; x_wconf 81' lang='lat' dir='ltr'><strong>et</strong></span> <span class='ocrx_word' id='word_1_827' title='bbox 2095 5339 2426 5404; x_wconf 71' lang='lat' dir='ltr'><strong>experientia</strong></span> <span class='ocrx_word' id='word_1_828' title='bbox 2455 5337 2746 5390; x_wconf 75' lang='lat' dir='ltr'><strong>conciliare</strong></span> <span class='ocrx_word' id='word_1_829' title='bbox 2783 5339 2919 5387; x_wconf 83' lang='lat' dir='ltr'><strong>solet.</strong></span> <span class='ocrx_word' id='word_1_830' title='bbox 2963 5350 3085 5393; x_wconf 85' lang='lat' dir='ltr'><strong>eos.</strong></span> <span class='ocrx_word' id='word_1_831' title='bbox 3113 5339 3204 5404; x_wconf 83' lang='lat' dir='ltr'><strong>qui</strong></span> <span class='ocrx_word' id='word_1_832' title='bbox 3267 5340 3335 5390; x_wconf 83' lang='lat' dir='ltr'><strong>de</strong></span> 
     </span>
    </p>
   </div>
   <div class='ocr_carea' id='block_1_122' title="bbox 1770 5406 3331 5464">
    <p class='ocr_par' dir='ltr' id='par_1_122' title="bbox 1770 5406 3331 5464">
     <span class='ocr_line' id='line_1_123' title="bbox 1770 5406 3331 5464; baseline 0 -5"><span class='ocrx_word' id='word_1_833' title='bbox 1770 5409 1976 5462; x_wconf 77' lang='lat' dir='ltr'><strong>eisdem</strong></span> <span class='ocrx_word' id='word_1_834' title='bbox 2024 5410 2184 5459; x_wconf 81' lang='lat' dir='ltr'><strong>rebus</strong></span> <span class='ocrx_word' id='word_1_835' title='bbox 2218 5422 2318 5459; x_wconf 84' lang='lat' dir='ltr'><strong>neu</strong></span> <span class='ocrx_word' id='word_1_836' title='bbox 2355 5411 2544 5464; x_wconf 77' lang='lat' dir='ltr'><strong>eadem</strong></span> <span class='ocrx_word' id='word_1_837' title='bbox 2604 5407 2866 5459; x_wconf 84' lang='lat' dir='ltr'><strong>sentiunt.</strong></span> <span class='ocrx_word' id='word_1_838' title='bbox 2904 5425 2921 5455; x_wconf 69' lang='grc' dir='ltr'><strong><em>ι</em></strong></span> <span class='ocrx_word' id='word_1_839' title='bbox 2957 5406 3176 5459; x_wconf 75' lang='lat' dir='ltr'><strong>[lentum</strong></span> <span class='ocrx_word' id='word_1_840' title='bbox 3233 5413 3331 5460; x_wconf 85' lang='lat' dir='ltr'><strong>sub</strong></span> 
     </span>
    </p>
   </div>
   <div class='ocr_carea' id='block_1_123' title="bbox 1773 5475 3332 5544">
    <p class='ocr_par' dir='ltr' id='par_1_123' title="bbox 1773 5475 3332 5544">
     <span class='ocr_line' id='line_1_124' title="bbox 1773 5475 3332 5544; baseline 0.001 -17"><span class='ocrx_word' id='word_1_841' title='bbox 1773 5480 1930 5527; x_wconf 83' lang='lat' dir='ltr'><strong>liuent</strong></span> <span class='ocrx_word' id='word_1_842' title='bbox 1969 5487 2200 5532; x_wconf 81' lang='lat' dir='ltr'><strong>testatur</strong></span> <span class='ocrx_word' id='word_1_843' title='bbox 2256 5492 2631 5544; x_wconf 77' lang='lat' dir='ltr'><strong>perseverasse</strong></span> <span class='ocrx_word' id='word_1_844' title='bbox 2661 5475 2867 5530; x_wconf 73' lang='lat' dir='ltr'><strong>&#39;l&#39;arasii</strong></span> <span class='ocrx_word' id='word_1_845' title='bbox 2927 5490 3052 5528; x_wconf 83' lang='lat' dir='ltr'><strong>cum</strong></span> <span class='ocrx_word' id='word_1_846' title='bbox 3090 5478 3332 5529; x_wconf 78' lang='lat' dir='ltr'><strong>Romana</strong></span> 
     </span>
    </p>
   </div>
   <div class='ocr_carea' id='block_1_124' title="bbox 1772 5544 3329 5610">
    <p class='ocr_par' dir='ltr' id='par_1_124' title="bbox 1772 5544 3329 5610">
     <span class='ocr_line' id='line_1_125' title="bbox 1772 5544 3329 5610; baseline -0.003 -12"><span class='ocrx_word' id='word_1_847' title='bbox 1772 5546 2010 5598; x_wconf 73' lang='lat' dir='ltr'><strong>Ecclesia</strong></span> <span class='ocrx_word' id='word_1_848' title='bbox 2067 5547 2526 5600; x_wconf 83' lang='lat' dir='ltr'><strong>communionem.</strong></span> <span class='ocrx_word' id='word_1_849' title='bbox 2561 5565 2576 5593; x_wconf 75' lang='grc' dir='ltr'><strong><em>ι</em></strong></span> <span class='ocrx_word' id='word_1_850' title='bbox 2612 5544 2956 5597; x_wconf 77' lang='lat' dir='ltr'><strong>Manifestum</strong></span> <span class='ocrx_word' id='word_1_851' title='bbox 2996 5560 3097 5608; x_wconf 78' lang='lat' dir='ltr'><strong>est,</strong></span> <span class='ocrx_word' id='word_1_852' title='bbox 3134 5549 3329 5610; x_wconf 81' lang='lat' dir='ltr'><strong>inquir,</strong></span> 
     </span>
    </p>
   </div>
   <div class='ocr_carea' id='block_1_125' title="bbox 1771 5615 3330 5682">
    <p class='ocr_par' dir='ltr' id='par_1_125' title="bbox 1771 5615 3330 5682">
     <span class='ocr_line' id='line_1_126' title="bbox 1771 5615 3330 5682; baseline -0.001 -15"><span class='ocrx_word' id='word_1_853' title='bbox 1771 5631 1891 5668; x_wconf 85' lang='lat' dir='ltr'><strong>cum</strong></span> <span class='ocrx_word' id='word_1_854' title='bbox 1943 5615 2311 5668; x_wconf 75' lang='lat' dir='ltr'><strong>ltotnanorum</strong></span> <span class='ocrx_word' id='word_1_855' title='bbox 2353 5616 2604 5667; x_wconf 77' lang='lat' dir='ltr'><strong>Autistitc</strong></span> <span class='ocrx_word' id='word_1_856' title='bbox 2633 5615 2843 5667; x_wconf 83' lang='lat' dir='ltr'><strong>&#39;l‘arasit</strong></span> <span class='ocrx_word' id='word_1_857' title='bbox 2878 5619 3211 5682; x_wconf 76' lang='lat' dir='ltr'><strong>temporibus</strong></span> <span class='ocrx_word' id='word_1_858' title='bbox 3241 5632 3330 5668; x_wconf 83' lang='lat' dir='ltr'><strong>sa-</strong></span> 
     </span>
    </p>
   </div>
   <div class='ocr_carea' id='block_1_126' title="bbox 1770 5683 3335 5753">
    <p class='ocr_par' dir='ltr' id='par_1_126' title="bbox 1770 5683 3335 5753">
     <span class='ocr_line' id='line_1_127' title="bbox 1770 5683 3335 5753; baseline 0.001 -16"><span class='ocrx_word' id='word_1_859' title='bbox 1770 5683 2040 5737; x_wconf 78' lang='lat' dir='ltr'><strong>criﬁcasse</strong></span> <span class='ocrx_word' id='word_1_860' title='bbox 2075 5685 2468 5753; x_wconf 76' lang='lat' dir='ltr'><strong>Apocrisiarios</strong></span> <span class='ocrx_word' id='word_1_861' title='bbox 2508 5690 2630 5738; x_wconf 69' lang='lat' dir='ltr'><strong>hinc</strong></span> <span class='ocrx_word' id='word_1_862' title='bbox 2676 5687 2872 5738; x_wconf 86' lang='lat' dir='ltr'><strong>missos</strong></span> <span class='ocrx_word' id='word_1_863' title='bbox 2933 5694 2984 5738; x_wconf 88' lang='lat' dir='ltr'><strong>et</strong></span> <span class='ocrx_word' id='word_1_864' title='bbox 3031 5686 3173 5739; x_wconf 87' lang='lat' dir='ltr'><strong>illius</strong></span> <span class='ocrx_word' id='word_1_865' title='bbox 3227 5685 3335 5739; x_wconf 80' lang='lat' dir='ltr'><strong>for-</strong></span> 
     </span>
    </p>
   </div>
   <div class='ocr_carea' id='block_1_127' title="bbox 1771 5755 2518 5810">
    <p class='ocr_par' dir='ltr' id='par_1_127' title="bbox 1771 5755 2518 5810">
     <span class='ocr_line' id='line_1_128' title="bbox 1771 5755 2518 5810; baseline -0.005 -2"><span class='ocrx_word' id='word_1_866' title='bbox 1771 5769 1914 5809; x_wconf 83' lang='lat' dir='ltr'><strong>tassc</strong></span> <span class='ocrx_word' id='word_1_867' title='bbox 1937 5771 2060 5809; x_wconf 85' lang='lat' dir='ltr'><strong>cum</strong></span> <span class='ocrx_word' id='word_1_868' title='bbox 2089 5755 2476 5810; x_wconf 77' lang='lat' dir='ltr'><strong>Orientalibus.</strong></span> <span class='ocrx_word' id='word_1_869' title='bbox 2503 5774 2518 5805; x_wconf 72' lang='grc' dir='ltr'><strong><em>ι</em></strong></span> 
     </span>
    </p>
   </div>
  </div>
