4092 6438
716 363 865 427 τλοδ

1809 363 1869 423 S.
1920 360 2229 423 TARASII
2278 360 2775 424 ΡΑἸἭΙΑΒΟΗᾸΞ
2818 364 2929 423 CP.

3849 358 3942 424 ιωι

795 477 887 532 91..
928 476 1063 530 Cum
1091 476 1236 530 enim
1269 475 1568 529 invenisset
1606 472 1903 530 Ecclesium
1934 466 2295 546 prastigiato-
2322 475 2366 530 Δ
2391 491 2516 530 cum
2551 493 2743 548 graves
2768 486 2823 533 et
2854 477 3063 531 acerba:
3092 476 3160 531 de
3180 491 3248 531 eo
3268 475 3613 531 haberentur
3634 474 3943 545 quasqu

650 618 653 619 ν
728 568 807 622 ris
855 577 906 621 et
943 566 1282 621 circulatoris
1330 567 1385 619 in
1423 581 1631 620 morem
1662 566 1912 621 affectam
1944 575 2000 621 et
2025 576 2298 621 errantem

728 658 785 713 in
808 657 1085 711 montibus
1108 656 1354 720 haeresis,
1376 667 1430 711 et
1451 659 1809 713 sustinentem
1832 659 2029 713 famem
2056 668 2111 713 et
2131 659 2296 724 sitim,

728 763 839 800 non
872 746 1027 814 panis
1052 758 1107 799 et
1146 761 1317 815 aquae.
1350 748 1443 799 sed
1487 746 1683 800 famem
1721 746 1975 800 audiendi
2008 746 2159 801 verbi
2194 745 2299 798 Do-

728 838 883 896 mini.
915 854 1034 892 eam
1060 837 1212 891 alens
1240 838 1294 891 in
1333 840 1549 908 pascuis
1590 840 1810 908 quietis,
1841 849 1897 894 et
1928 838 2204 894 deducens
2233 839 2301 893 ad

728 929 949 984 semitas
975 929 1219 998 justitiaa,
1258 946 1473 1000 gregem
1522 930 1651 984 fecit
1681 931 2119 1000 pinguissimum,
2152 930 2300 984 salu-

730 1022 939 1075 taribus
977 1020 1379 1090 pinguefactum
1414 1022 1740 1083 actionibus,
1763 1030 1819 1077 et
1844 1023 1987 1077 dulci
2013 1023 2153 1077 lacte
2178 1022 2300 1077 fidei

732 1126 907 1165 acrem
938 1112 1175 1166 haeretici
1200 1111 1451 1166 fermenti
1478 1115 1893 1169 amaritudinem
1919 1125 2298 1184 exspuentem,

728 1209 782 1253 et
810 1200 1067 1254 effectum
1097 1218 1294 1256 novam
1326 1205 1793 1272 conspersionem.
1828 1205 1893 1260 Et
1921 1206 2156 1275 primum
2185 1206 2305 1276 qui-

728 1291 850 1345 dem
884 1292 994 1361 (50)
1036 1293 1356 1347 Simoniacte
1400 1310 1673 1350 crumena
1720 1298 1974 1352 scindens
2002 1298 2300 1363 vinculum,

729 1396 837 1449 quo
893 1392 1111 1436 sanctus
1174 1383 1408 1453 Spiritus
1465 1387 1667 1441 donum
1721 1389 1912 1441 venale
1961 1392 2302 1458 proponitur,

732 1474 939 1537 statuit,
988 1483 1048 1528 ut
1098 1477 1438 1531 sacerdotum
1466 1480 1632 1547 gratis
1680 1480 1872 1534 fierent
1908 1482 2212 1536 creationes
2249 1492 2305 1537 et

730 1561 1105 1617 ordinationes
1143 1582 1155 1617 :
1189 1580 1255 1618 ex
1284 1567 1421 1619 atrio
1454 1568 1825 1623 ecclesiastico
1870 1585 2085 1624 omnem
2134 1587 2304 1640 pecu-

730 1652 961 1707 niariam
994 1656 1271 1724 expellens
1296 1659 1773 1723 consuetudinem,
1808 1669 1863 1715 et
1892 1663 2151 1731 quidquid
2186 1672 2304 1719 erat

729 1745 1253 1821 asperumejiciens,
1284 1756 1460 1801 rectas
1483 1748 1609 1801 facit
1646 1751 1866 1803 semitas
1912 1751 2056 1815 fidei,
2084 1767 2299 1821 gregem

732 1834 914 1887 multis
943 1850 1238 1902 provocans
1260 1838 1623 1898 sermonibus.
1647 1848 1701 1892 et
1722 1841 2022 1894 ascendens
2044 1842 2096 1895 in
2123 1857 2302 1898 sacra-
2335 1813 2375 1867 Β

733 1919 1001 1974 tissimum
1033 1924 1343 1988 ambonem,
1386 1927 1609 1994 parabat
1644 1944 1886 1983 mensam
1919 1931 2301 1999 doctrinae,“

730 2010 995 2067 divi-nitus
1046 2014 1322 2083 iuspiratis
1368 2017 1665 2088 Scripturis
1694 2038 1898 2076 venans
1930 2024 2178 2086 obsonia.
2235 2025 2301 2079 ad

730 2100 953 2156 alendus
980 2104 1189 2157 animas
1219 2106 1388 2159 utilia.
1422 2106 1564 2171 Quin
1593 2108 1754 2162 etiam
1786 2112 2013 2179 sparsim
2045 2113 2304 2183 colligens

729 2192 939 2245 cantica
980 2193 1251 2259 Davidiea,
1285 2210 1381 2264 per
1419 2198 1865 2265 perspicuitatem
1913 2208 1966 2254 et
1995 2201 2302 2258 evidentem

733 2299 910 2337 rerum
943 2286 1371 2351 distinctionem,
1403 2288 1544 2342 clare
1571 2290 1848 2358 aperiebat
1876 2306 1962 2358 ea,
1989 2308 2111 2362 quae
2143 2295 2304 2350 intel-

730 2375 1037 2445 ligebantur
1074 2401 1083 2431 :
1117 2380 1253 2431 adeo
1285 2388 1343 2433 ut
1381 2394 1564 2436 essent
1598 2382 1760 2435 veluti
1792 2383 1846 2436 iu
1876 2395 2176 2454 conspectu
2215 2388 2301 2452 iis,

730 2465 823 2532 qui
851 2478 1007 2521 erant
1041 2467 1253 2535 lecturi,
1284 2478 1339 2523 et
1366 2480 1512 2528 recta
1548 2472 1611 2527 iis
1648 2474 1742 2543 qui
1796 2474 2084 2531 inveniunt
2116 2479 2304 2549 cogni—

734 2557 957 2611 tionem.

800 2646 888 2700 25.
913 2647 1064 2713 Quod
1093 2659 1271 2703 autem
1300 2654 1690 2721 propemodum
1713 2656 2060 2725 praetermisi,
2088 2668 2141 2714 et
2163 2662 2308 2729 quod

730 2738 1049 2790 memoriam
1077 2740 1344 2809 effugiens
1373 2758 1481 2795 non
1514 2752 1629 2797 erat
1656 2748 2077 2814 enuntiandum,
2109 2760 2165 2805 et
2192 2762 2309 2807 erat

730 2826 1033 2881 eelaturum
1066 2845 1249 2883 curam
1275 2832 1441 2885 divini
1470 2834 1663 2899 Patris,
1686 2851 1846 2903 quam
1870 2842 2087 2907 gerebat
2112 2840 2167 2893 in
2191 2856 2306 2907 eos,

730 2917 824 2987 qui
874 2918 1212 2985 laborabant,
1257 2938 1359 2991 qua
1402 2924 1519 2993 ipse
1560 2941 1654 2979 eos
1690 2926 1922 2986 levabat.
1959 2938 2014 2982 et
2043 2931 2221 2998 cujus,
2251 2940 2305 2985 ul

730 3008 946 3076 Opinor,
986 3008 1085 3064 luit
1110 3012 1224 3080 ipse
1252 3015 1462 3082 primus
1486 3016 1687 3085 opifex,
1720 3033 1843 3071 cum
1871 3020 1922 3073 in
1954 3021 2099 3075 hunc
2128 3023 2310 3079 locum

2404 584 2581 638 neque
2633 568 2686 625 ei
2724 570 3020 639 quidquam
3070 566 3293 624 daretur
3343 568 3675 626 laxamenti.
3734 567 3948 622 sedalli-

2402 661 2585 715 ctione
2610 671 2665 717 et
2693 662 2940 717 cruciatu
2969 663 3120 715 omni
3159 676 3225 714 ex
3269 670 3422 731 parte
3453 671 3782 729 urgeretur,
3811 661 3950 715 detur-

2402 750 2635 804 babatur
2686 751 2740 805 in
2808 750 3142 820 profundum
3196 750 3607 819 desperationis
3661 767 3782 819 prze
3830 753 3950 803 animi

2401 842 2749 911 aegritudine.-
2795 842 2846 896 ls
2884 858 3009 897 cum
3062 852 3280 897 noctem
3332 844 3699 897 observass-et
3736 842 3955 911 intempe-

2401 943 2563 997 stam,
2591 948 2689 988 eos
2716 935 2915 995 latens.
2944 950 3189 1003 quorum
3204 936 3467 988 custodiae
3501 934 3697 987 fuerat
3742 936 3953 996 creditus,

2403 1023 2469 1077 ad
2497 1024 2682 1091 templi
2712 1024 2955 1079 divinum
2991 1040 3050 1079 se
3100 1026 3330 1078 contulit
3368 1025 3680 1095 refugium.
3715 1025 3846 1077 Cum
3886 1042 3956 1078 au-

2406 1121 2512 1165 tem
2546 1111 2739 1167 fuisset
2767 1113 2909 1167 intra
2941 1115 3121 1184 adyta,
3155 1115 3491 1188 venerandae
3536 1130 3758 1167 mensa:
3800 1119 3951 1167 monii.

2403 1217 2501 1256 cus
2535 1205 2893 1273 apprehensis
2938 1206 3218 1269 cornibus,
3255 1221 3319 1259 ea
3368 1208 3601 1261 tenebat
3641 1221 3774 1258 cum
3812 1223 3958 1275 magno

2404 1302 2639 1349 tremore
2694 1305 2750 1348 et
2801 1280 3032 1350 timore;
3059 1296 3195 1349 Cum
3241 1312 3370 1365 ergo
3423 1313 3560 1350 eum
3619 1298 3960 1360 cognovissent

2403 1384 2696 1454 aufugisse,
2731 1397 2882 1465 metu
2910 1401 2979 1441 ne
3012 1388 3152 1441 idem
3183 1389 3435 1443 subirent
3464 1377 3832 1456 supplicium.
3855 1390 3963 1440 velt»

2404 1476 2558 1530 cibus
2611 1478 2843 1545 pedibus
2868 1487 3143 1532 venerunt
3191 1478 3259 1531 ad
3299 1478 3557 1530 divinum
3604 1479 3884 1544 templum.
3926 1488 3963 1532 et

2404 1578 2529 1617 eum
2553 1564 2896 1633 aspicientes
2940 1580 3185 1619 mensam
3235 1565 3477 1619 divinam
3543 1566 3962 1633 apprehendisse.

2404 1655 2744 1709 circumdant
2774 1656 2917 1726 adyti
2966 1658 3258 1718 ambitum,
3293 1665 3551 1725 tempore
3602 1656 3720 1709 cibi
3760 1660 3963 1709 sumendi

2406 1758 2500 1798 reo
2538 1745 2847 1814 aperientes
2896 1746 3229 1815 ingressum,
3282 1761 3391 1799 non
3429 1746 3643 1799 dantes
3705 1746 3892 1809 locum,
3930 1757 3969 1800 ut

2404 1848 2587 1907 posset
2618 1838 2694 1891 uti
2729 1839 2953 1908 reliquis
2991 1839 3315 1893 necessariis
3353 1855 3368 1892 :
3402 1840 3503 1893 sed
3552 1841 3862 1908 sperabant
3888 1840 3969 1893 [πε

2405 1936 2465 1982 ut
2502 1943 2626 1982 eum
2661 1930 2912 1997 proderet
2950 1930 3269 1992 necessitas,
3328 1939 3384 1984 ct
3418 1942 3556 1984 cum
3613 1932 3705 1984 vel
3742 1932 3973 1985 nolentem

2403 2020 2717 2088 expelleret.
2765 2021 3117 2075 Adhibebaut
3150 2024 3332 2090 itaque
3370 2023 3659 2090 majorem
3692 2027 3973 2077 custodiam.

2404 2108 2707 2164 Prohibent
2752 2110 2902 2164 enim
2962 2111 3191 2186 omnino
3235 2111 3562 2179 ingressum
3624 2108 3697 2164 ad
3738 2127 3897 2173 aram,
3940 2122 3979 2163 ut

2403 2215 2569 2255 nemo
2613 2216 2736 2254 cum
2783 2216 3038 2254 sermone
3088 2202 3424 2270 impertiret,
3479 2210 3586 2255 aut
3644 2203 3718 2256 ad
3771 2219 3877 2265 eos,
3915 2204 3979 2271 qui

2404 2299 2559 2345 erant
2581 2300 2757 2356 extra,
2795 2290 3012 2359 aliquod
3047 2290 3275 2344 verbum
3315 2292 3388 2345 ab
3414 2306 3488 2345 eo
3516 2294 3980 2346 transmitteretua

2473 2383 2562 2438 26.
2595 2382 2732 2438 Cum
2766 2384 2883 2438 haec
2919 2385 3082 2454 igitur
3109 2386 3394 2440 venissent
3434 2387 3507 2439 ad
3549 2401 3733 2439 aures
3768 2384 3983 2445 Pastoris,

2405 2490 2529 2529 eum
2566 2475 2915 2542 repleverunt
2958 2475 3193 2529 maxima
3223 2477 3393 2529 animi
3433 2478 3815 2547 :egritudine,
3850 2482 3984 2546 utqui

2405 2566 2617 2621 videret
2658 2567 3125 2634 contemptionem
3160 2566 3483 2620 divinorum
3536 2580 3983 2621 sacramentorum

2406 2671 2628 2711 movere
2676 2659 2745 2711 ad
2794 2657 3227 2727 indignationem
3270 2657 3560 2712 bonorum
3619 2660 3888 2712 datricem
3922 2660 3984 2712 Dei

2406 2746 2823 2816 benignitatem.
2858 2744 2964 2801 Sed
2993 2748 3173 2802 videte
3217 2763 3247 2800 a
3294 2748 3672 2803 misericordi
3708 2748 3868 2801 Patre
3892 2764 3987 2818 sn;-

2406 2840 2708 2909 peditatum
2740 2850 2872 2894 tunc
2899 2841 2947 2894 ei
2975 2841 3262 2904 auxilium,
3295 2850 3351 2894 et
3374 2842 3757 2894 admiramini
3791 2843 3988 2910 prndiu-

2408 2929 2561 2984 tiam.
2602 2928 2676 2985 Eo
2705 2932 2851 2985 enim
2901 2938 3178 2999 tempore,
3223 2947 3333 3000 quo
3362 2932 3683 3000 Oportebat
3717 2933 3897 2985 cibum
3925 2948 3989 2983 sn-

2410 3036 2560 3075 mere
2590 3037 2737 3085 eum,
2765 3022 2855 3089 qui
2881 3020 3242 3091 alliigebatur,
3272 3037 3432 3075 sacra
3470 3031 3641 3075 reste
3675 3038 3743 3075 se
3772 3022 3991 3083 inducas,

733 3099 997 3205 ξθξηνίυνν
1058 3113 1313 3171 ta“(luam
1371 3108 1780 3163 condimentum
1842 3111 2059 3180 aliquod
2098 3122 2154 3167 et
2201 3116 2308 3169 mel
2336 3149 2377 3205 ε
2411 3112 2862 3181 proﬁciscebatur
2909 3113 2975 3166 ad
3020 3113 3239 3183 adytum
3275 3131 3289 3167 :
3329 3123 3385 3167 et
3418 3129 3523 3181 per
3560 3114 3867 3166 dexteram
3904 3128 3994 3180 μοι·
4060 3148 4061 3199 ι

734 3188 890 3243 dulce
930 3192 1241 3249 admiscens
1272 3196 1482 3265 reliquo
1516 3200 1731 3267 corpori
1764 3201 2051 3263 orationis.
2098 3205 2307 3260 viscera

732 3281 1036 3336 clementia:
1065 3292 1120 3338 et
1147 3288 1530 3343 misericordia:
1564 3291 1725 3344 statui
1769 3292 2010 3348 inserere
2044 3295 2099 3348 in
2129 3298 2308 3351 cordi-

733 3369 835 3423 bus
887 3386 1097 3435 eorum,
1138 3375 1231 3442 qui
1283 3385 1411 3430 sunt
1449 3378 1663 3445 benigni
1706 3388 1762 3432 et
1810 3380 2126 3435 clementes.
2177 3381 2307 3436 Nam

733 3461 1027 3529 aliquando
1059 3466 1279 3533 quidam
1312 3481 1377 3520 ex
1412 3467 1497 3526 iis.
1522 3469 1612 3537 qui
1649 3469 1911 3538 gerebant
1937 3470 2305 3542 magistratus,

734 3554 1023 3621 splendore
1068 3566 1123 3610 et
1173 3559 1340 3628 gloria
1370 3567 1425 3613 et
1460 3560 1663 3614 divitiis
1696 3561 1946 3632 insignis,
1976 3552 2067 3631 qui
2120 3566 2305 3630 etiam,

734 3653 795 3697 ut
825 3646 934 3715 (5t)
964 3662 1150 3702 ensem
1181 3650 1589 3719 imperatorium
1615 3662 1871 3723 gestaret,
1902 3655 2164 3711 honorem
2192 3667 2310 3714 erat

732 3735 984 3807 adeptus,
1015 3756 1114 3811 pro
1145 3757 1339 3814 magno
1361 3746 1612 3813 pecuniae
1641 3747 1882 3816 pondere
1913 3748 2074 3804 luens
2098 3766 2305 3819 pinnas,

805 3877 918 3953 (50)
978 3876 1264 3953 Sincerum
1321 3878 1442 3953 ejus
1501 3882 1768 3953 animum.
1824 3898 1934 3951 quo
1988 3884 2306 3953 hujusmodi

736 3948 956 4020 crimen
978 3948 1196 4020 penitus
1239 3949 1471 4003 evellere
1498 3952 1725 4015 smduit,
1756 3948 1962 4006 indicat
1992 3948 2303 4020 cohscripta

735 4017 800 4093 ad
830 4016 1128 4093 Adriauum
1162 4017 1951 4093 Papam_epi31ola,gqutesub
1984 4027 2144 4078 linem
2176 4016 2305 4093 sep-

735 4090 884 4161 tiniae
906 4087 1299 4161 synodiesstat
1336 4087 1753 4161 Grzecojbatiua
1771 4108 1833 4147 ex
1860 4087 2307 4161 interpretatione

736 4155 1013 4229 Anastasii
1068 4155 1507 4229 Bibliothecarii.‘
1537 4158 1592 4213 In
1642 4177 1705 4213 ea
1760 4172 1884 4229 post
1937 4155 2101 4217 cit-ala
2133 4181 2307 4219 sacra:

738 4222 1060 4293 Scriptum,
1104 4228 1319 4280 Patrum
1350 4240 1401 4280 et
1426 4222 1791 4283 Conciliornm
1842 4234 2181 4296 testimonia.
2230 4236 2303 4289 ita

736 4306 956 4372 perorat
991 4310 1060 4372 ε]
1100 4298 1189 4372 Sic
1224 4312 1324 4351 nos
1351 4299 1565 4358 doceto.
1605 4300 2100 4372 virsacratissime,
2146 4306 2303 4372 sequi

736 4364 975 4439 divinam
1011 4365 1369 4432 Scripturam,
1393 4381 1446 4421 et
1486 4370 1821 4439 evangelica,
1851 4373 2168 4439 apostolica,
2210 4364 2305 4425 ea-

738 4436 953 4521 punica,
993 4443 1047 4521 et
1082 4448 1306 4521 paterna
1343 4436 1970 4521 prtecepiaCODedinius
2002 4444 2151 4521 enim
2179 4458 2301 4521 ver-
2336 4467 2379 4521 ο

740 4502 822 4555 bis
846 4504 956 4574 oris
984 4502 1167 4558 vestri.
1194 4502 1368 4574 Super
1394 4502 1606 4562 excelsa
1648 4514 1956 4563 conscende
1993 4529 2006 4563 :
2034 4515 2211 4565 exalta
2246 4512 2300 4566 in

741 4572 1061 4650 fortitudine
1080 4572 1443 4650 vocem't‘uam
1481 4596 1494 4631 :
1529 4578 1699 4650 abiin
1732 4581 2037 4643 latitnline,
2068 4582 2298 4650 pt'mdica

738 4657 860 4693 cum
906 4644 1121 4706 liducia,
1148 4655 1206 4698 ut
1238 4646 1515 4700 auferatur
1544 4657 1597 4701 ct
1628 4649 1680 4701 in
1729 4644 2079 4703 abolitionem
2121 4652 2301 4704 veniat

743 4713 1012 4785 impositio
1034 4728 1247 4775 manus,
1265 4731 1386 4782 qum
1409 4733 1501 4783 per
1525 4720 1780 4785 pecunias
1801 4719 1877 4778 lit.
1908 4739 1925 4770 ι
1953 4730 2056 4774 etc.
2078 4719 2211 4773 Nam
2244 4720 2323 4775 ut~

742 4782 842 4833 sub
877 4783 1088 4834 initium
1122 4786 1327 4847 scribit,
1358 4804 1375 4835 ι
1402 4782 1639 4841 lraterua
1674 4799 1728 4841 et
1753 4804 1970 4841 summo
1996 4791 2302 4843 sacerdotio

738 4853 993 4925 decorata
1030 4858 1303 4925 sanctitas,
1343 4866 1540 4917 vestra,
1586 4858 1707 4925 jure
1756 4873 1819 4911 ac
1867 4860 2169 4911 secundum
2208 4858 2299 4911 Dei

741 4922 1093 4995 voluntatem,
1124 4924 1488 4995 pontificalem
1519 4922 1779 4980 ordinans
1807 4929 2083 4993 pietatem.
2118 4930 2305 4995 opina-

742 4993 1003 5077 ιιιεῇηιιιιιι
1038 4993 1206 5077 habet.
1235 4994 1485 5077 gloriam:
1511 5014 1529 5046 ι
1564 4996 1769 5077 Graece,
1816 4998 1877 5049 Ἡ
1908 4995 2002 5077 adv
2036 4993 2299 5077 ὰδξλξηξικῂ

741 5062 893 5135 apii»;
918 5063 1252 5131 ἁρχιεροπὴς
1279 5064 1553 5135 ᾁγιωσύνη
1580 5066 1853 5135 ὲνθὲσμως
1880 5070 1971 5118 ml.
1992 5070 2134 5119 κατὰ
2165 5062 2300 5120 Θεοῦ

739 5130 995 5207 βούξιῃσιν
1038 5130 1450 5207 τξρυτσέγεύρρρα.
1633 5130 1950 5207 ἱεράρχικὴν
1991 5138 2298 5205 ἁγίστειαν,

734 5200 1283 5275 διαδόηῖοἈ-ἓχειᾲτὴν
1304 5204 1482 5275 δόξειν.
1504 5200 1703 5259 Eadem
1738 5200 2014 5260 iia'Griece
2041 5200 2303 5275 leguntur

736 5280 790 5322 et
820 5273 957 5336 apud
992 5269 1334 5326 Theodorum
1376 5273 1773 5327 Balsaiuouem
1810 5277 1948 5328 inter
1987 5269 2301 5329 sanctorum

737 5340 960 5413 Patrum
994 5340 1262 5407 Epistolas
1291 5343 1616 5405 Canonicas,
1677 5346 1745 5397 ab
1778 5362 1842 5397 eo
1898 5356 2017 5413 post
2048 5346 2303 5399 Canones

737 5410 1120 5480 dpostolorutu
1172 5421 1225 5466 et
1282 5414 1650 5467 Conciliorum
1710 5410 1918 5480 editas,
1968 5426 2022 5469 et
2080 5428 2226 5469 tomo
2283 5415 2301 5467 l

736 5478 887 5534 Juris
922 5479 1372 5537 (iunco-Romani
1412 5500 1439 5537 a
1469 5483 1680 5537 Joanne
1704 5478 2032 5540 Leunclavio
2065 5487 2297 5548 collecti,

740 5551 835 5626 lib.
870 5549 962 5611 Ill,
1000 5552 1112 5626 qui
1131 5553 1337 5626 primus
1372 5565 1457 5607 est
1488 5553 1837 5626 Decretorum
1864 5556 2205 5626 synodalium
2235 5559 2303 5609 ab

742 5621 1051 5674 Enimundo
1080 5621 1356 5677 Bonelidio
1378 5631 1504 5677 aute
1536 5624 1725 5679 Latine
1753 5621 1992 5679 redditus
2016 5643 2027 5677 :
2061 5640 2125 5678 ex
2145 5626 2303 5692 cujus

740 5693 991 5762 versjtine
1041 5701 1246 5759 partem
1294 5694 1459 5758 hujus
1515 5696 1756 5762 epistola:
1808 5696 1978 5749 edidit
2039 5695 2303 5749 Baronius

738 5776 831 5815 an.
857 5760 977 5827 787,
1011 5778 1161 5817 num.
1200 5765 1259 5816 σι
1297 5775 1344 5817 et
1371 5765 1461 5830 62,
1501 5760 1593 5819 sed
1612 5776 1739 5818 ante
1777 5782 1927 5819 num.
1962 5764 2032 5820 60
2059 5765 2303 5822 invectus

2414 3210 2521 3256 tam
2577 3202 2919 3272 ingrediens,
2953 3219 3075 3272 qua:
3109 3204 3176 3257 ad
3223 3202 3597 3257 reﬁciendum
3634 3204 3826 3256 virum
3875 3215 3997 3257 erant

2409 3294 2740 3358 necessaria,
2792 3294 3196 3363 suppeditabat,
3235 3294 3456 3347 abunde
3505 3310 3578 3348 ex
3635 3310 3700 3349 se
3747 3296 3995 3348 aﬂ'erens:

2410 3392 2465 3437 et
2493 3383 2691 3437 deinde
2721 3369 2925 3445 abibat,
2954 3398 3079 3436 eum
3104 3384 3445 3452 relinquens.
3475 3384 3535 3436 Si
3579 3380 3825 3453 quando
3850 3398 3999 3438 autrll

2410 3483 2620 3537 venter,
2655 3474 2741 3526 cui
2776 3473 2962 3543 negari
2995 3487 3102 3525 non
3140 3481 3335 3541 potest,
3370 3489 3500 3526 eum
3530 3486 3785 3544 cogeret
3830 3475 3995 3531 facere

2408 3581 2530 3636 quae
2560 3575 2688 3620 sunt
2720 3566 2981 3633 requisita
3012 3572 3223 3618 natura:
3245 3606 3259 3628 ,
3293 3579 3359 3617 ex
3402 3565 3515 3619 aito
3546 3582 3766 3620 rursus
3804 3569 4001 3619 desece-

2409 3655 2565 3719 dens,
2634 3665 2691 3708 et
2746 3670 2869 3707 eum
2923 3654 2989 3707 ad
3029 3668 3305 3707 secessum
3345 3654 3645 3707 deducens
3679 3668 3742 3709 ct
3799 3672 3999 3723 exspec-

2410 3754 2550 3809 tans,
2607 3754 2661 3800 et
2728 3760 2855 3799 cum
2905 3751 3093 3814 postea
3144 3759 3307 3797 manu
3356 3745 3636 3813 capiens,
3694 3747 4002 3801 restituebat

2411 3884 2462 3936 in
2504 3882 2851 3935 Theodorum
2890 3879 3294 3942 Balsamonem,
3327 3880 3486 3948 quasi
3513 3879 3564 3932 is
3607 3882 4000 3934 acerbissima.

2411 3952 2667 4005 Romanae
2697 3951 2952 4003 Ecclesiae
2985 3951 3156 4003 hostis
3186 3950 3324 4002 hanc
3361 3952 3543 4003 inusta
3577 3950 3871 4003 Simonix
3904 3965 3981 4003 not

2408 4020 2872 4086 contemptibilem
2932 4022 3156 4072 reddere
3218 4020 3493 4082 voluerit;
3545 4020 3730 4085 cujus
3815 4022 4003 4082 injuri:

2409 4107 2537 4164 reus
2580 4092 2796 4164 videtur
2834 4088 3146 4164 Bonelidius
3198 4088 3405 4164 aliusve
3465 4090 3537 4141 ita
3608 4092 4003 4164 interpretatus
4056 4088 4057 4143 ἲ

2408 4163 2571 4215 verba
2607 4159 2792 4213 Graeca
2827 4174 2989 4227 supra
3027 4161 3195 4218 relata
3228 4178 3239 4210 :
3284 4176 3301 4207 ι
3346 4156 3620 4210 Fraternzl
3666 4156 3822 4225 ergo
3848 4172 3999 4211 vestri
4056 4194 4057 4227 ἦ

2408 4230 2765 4284 Sacerdotalis
2794 4228 3078 4289 sanctitas,
3134 4243 3257 4295 quae
3312 4243 3419 4280 non
3470 4228 3624 4293 jure.
3666 4244 3785 4279 nee
3838 4245 3899 4280 ex
3936 4230 3999 4278 [Li

2406 4302 2689 4353 voluntate
2748 4298 3060 4365 pontilicale
3114 4312 3315 4350 munus
3356 4298 3761 4355 administrat,
3828 4315 4001 4359 magna

2409 4371 2620 4422 laborat
2662 4368 2904 4428 infamia,
2951 4385 2969 4417 ι
3038 4382 3202 4434 quam
3265 4367 3409 4418 illius
3466 4367 3629 4418 inlidi
3692 4369 4004 4431 iltlefpl’rti

2410 4440 2822 4493 translationem
2853 4438 2924 4490 ita
2960 4438 3187 4502 coriigit
3226 4434 3601 4488 Leunclavius
3636 4456 3651 4490 :
3690 4456 3712 4487 ι
3754 4437 4003 4489 Fratern:

2411 4524 2541 4577 ergo
2569 4506 3128 4577 vestrasacerdotalis
3159 4507 3441 4564 sanctitas,
3484 4522 3618 4572 qua:
3654 4507 3927 4573 legitime
3961 4523 4005 4556 τις

2411 4575 2715 4632 secundum
2754 4575 2845 4627 Dei
2889 4577 3222 4628 voluntatem
3266 4578 3643 4642 pontiﬁcalem
3713 4592 4005 4629 consumo

2412 4649 2615 4701 tionem
2644 4646 3015 4709 administrat,
3070 4644 3435 4711 percelebrem
3470 4646 3642 4697 habet
3680 4647 3957 4714 gloiiam.
3990 4666 4001 4692 ›

2410 4718 2712 4769 Gentiauus
2746 4714 3011 4767 Hei-vetus
3057 4714 3397 4767 Balsaiuonis
3454 4714 3754 4781 interpres
3804 4716 3883 4766 ita
3918 4718 4005 4766 ter:

2411 4786 2607 4839 habet:
2651 4804 2669 4836 ι
2708 4785 2963 4837 Fraterna
2987 4798 3118 4852 ergo
3149 4791 3323 4837 vestra
3388 4784 3780 4837 sacerdotalis
3816 4800 3937 4836 sani
3958 4796 4005 4833 1i-

2414 4867 2515 4921 tas,
2544 4872 2665 4924 quae
2690 4854 2929 4921 legitime
2963 4864 3127 4922 atque
3153 4868 3220 4905 ex
3253 4853 3341 4924 Dei
3375 4857 3661 4908 voluntate
3695 4854 4005 4922 pontifices

2412 4923 2611 4978 munus
2649 4924 3015 4983 administrat,
3054 4923 3419 4988 percelebrem
3462 4924 3636 4977 habet
3674 4928 3962 4992 gloriam.
3994 4942 4005 4968 ι

2413 4993 2537 5047 llaec
2576 4995 2823 5061 pluribus
2846 4993 3161 5063 deducenda
3191 4994 3467 5063 duximus,
3506 5005 3567 5045 ut
3621 4996 3902 5063 suspicio
3928 4992 4007 5044 Ba-

2412 5064 2551 5117 ronii
2610 5063 2853 5127 tollatur,
2926 5062 2994 5116 de
3045 5063 3147 5115 hac
3206 5062 3431 5132 epistola
3488 5065 3739 5118 nomine
3810 5063 4003 5116 Taras;

2410 5134 2555 5188 licta.

2484 5202 2594 5273 (51)
2623 5200 2991 5273 Theophanes
3016 5200 3214 5273 Indici.
3241 5200 3336 5273 Et,
3362 5217 3536 5273 anno
3576 5203 3827 5271 imperii
3880 5201 4005 5255 Cos-

2411 5271 2633 5326 stautini
2656 5283 2707 5325 et
2732 5272 2915 5325 [renes
2936 5272 3023 5332 10.
3051 5271 3255 5324 Christi
3283 5272 3403 5333 790,
3432 5290 3450 5319 ι
3484 5278 3785 5340 Augusta,
3826 5274 3954 5337 inuia
3984 5282 4003 5315 ξ.

2411 5344 2834 5411 comprehensos
2879 5341 3131 5393 homines
3190 5340 3565 5408 imperatoris,
3622 5356 3851 5411 oniiws
3898 5345 4007 5411 dar:

2411 5409 2725 5465 verberibus
2758 5426 2929 5464 caesos
2958 5419 3013 5462 et
3058 5419 3244 5463 tousos
3281 5426 3385 5463 una
3421 5425 3548 5462 cum
3610 5410 3863 5465 Joanne
3900 5409 4005 5461 Ρκμ

2414 5482 2744 5550 tospathario
2760 5492 2811 5534 et
2831 5481 3014 5547 hajulo
3037 5478 3339 5550 ipsius,_cui
3362 5479 3645 5534 l'ieridins
3667 5495 4009 5550 cognomw

2415 5548 2551 5613 tum,
2597 5554 2661 5604 ad
2695 5562 2935 5604 remotos
2982 5550 3195 5617 imperii
3226 5548 3363 5617 lines
3393 5564 3574 5616 usque
3643 5552 3701 5604 in
3759 5548 4007 5605 Sicula:

2413 5622 2669 5689 relegavit
2691 5620 2927 5691 exsules.
2951 5638 2976 5691 ί»
3024 5616 3096 5673 De
3122 5621 3223 5673 hoc
3246 5616 3893 5691 {ualuicginteliigenda
3926 5622 4011 5669 tu:

2413 5692 2709 5745 arbitratur
2764 5689 3034 5742 Barouins
3071 5703 3213 5743 anno
3250 5688 3350 5743 789
3385 5689 3479 5742 ubi
3524 5688 4013 5748 banc'histozisa

2415 5761 2575 5815 refert
2606 5777 2755 5814 num.
2783 5760 2837 5826 5,
2872 5760 2903 5813 4
2942 5770 2995 5812 et
3026 5758 3061 5811 5
