4092 6438
114 337 235 399 1405

105 539 189 591 sed
215 540 422 607 quoties
444 549 701 596 evocatus
721 553 836 597 erat
860 544 925 598 ad
957 546 1060 600 hoc
1091 547 1452 603 ministerium
1480 552 1547 606 ab
1568 566 1653 618 eo,

102 629 183 697 qui
217 630 448 698 graviter
476 633 903 701 periclitabatur.

166 719 248 775 9.7.
283 719 435 775 lianc
491 723 849 778 insatiabilem
895 726 1062 781 divini
1115 729 1212 782 viri
1269 730 1654 787 dcniissionem

100 809 420 865 admirantes
446 813 668 879 milites,
695 822 748 867 et
775 815 889 868 ﬁeri
922 832 1029 870 non
1066 833 1225 886 posse
1255 820 1573 896 cogitantes,
1601 831 1658 876 ut

98 903 182 970 qui
209 905 428 972 supplex
461 913 598 968 erat,
655 918 959 974 caperetur,
1006 911 1245 978 quandiu
1291 912 1421 980 justi
1465 929 1657 968 manus

97 1007 212 1046 cum
246 1005 474 1064 regeret,
518 997 828 1066 improbum
861 999 913 1052 in
944 1016 1068 1053 eum
1098 1011 1314 1058 struunt
1344 1005 1654 1067 consilium,

98 1083 233 1149 quod
264 1087 554 1152 superabat
587 1102 802 1141 omnem
837 1091 1082 1144 fraudem
1115 1100 1172 1145 et
1195 1095 1470 1149 astutiam.
1507 1096 1656 1148 Clam

97 1175 236 1227 enim
284 1191 383 1245 per
430 1178 596 1232 alium
653 1181 871 1250 adytum
937 1182 1203 1237 collocant
1263 1185 1531 1249 insidias,
1598 1196 1659 1240 ut

95 1265 304 1331 quando
328 1281 392 1320 ex
427 1269 596 1322 sacris
637 1271 814 1340 adytis
849 1287 1005 1326 ovem
1036 1282 1220 1342 pastor
1269 1274 1509 1330 t‘rahcret
1558 1293 1656 1330 na-

96 1364 225 1408 tura:
269 1357 620 1424 servientem,
669 1375 788 1414 cam
840 1363 1011 1416 instar
1061 1365 1309 1434 luporum
1364 1379 1653 1437 raperent:

92 1449 232 1516 quod
262 1449 424 1503 etiam
464 1450 663 1506 factum
705 1462 808 1508 est.
842 1454 978 1507 Nam
1013 1470 1136 1508 cum
1184 1468 1405 1512 sanctus
1447 1462 1570 1525 viri,
1599 1472 1659 1516 ut

93 1539 318 1604 Solebat,
347 1557 532 1595 curam
557 1553 793 1614 gereret,
826 1555 879 1599 et
903 1547 969 1600 ad
1007 1549 1263 1616 requisita
1300 1562 1503 1605 natura:
1532 1570 1656 1607 cum

89 1631 332 1693 duceret,
383 1633 441 1696 ii,
492 1634 584 1702 qui
632 1649 823 1689 secure
876 1637 1116 1692 latebant
1165 1641 1218 1692 in
1271 1642 1504 1708 insidiis,
1561 1661 1658 1714 per

87 1725 246 1776 aliam
278 1734 490 1794 portam
523 1726 908 1796 irrumpentcs,
942 1747 1066 1783 eum
1098 1731 1336 1799 rapiunt,
1373 1742 1427 1785 et
1463 1735 1528 1787 ad
1570 1752 1656 1789 re-

88 1815 224 1884 giam
259 1831 355 1884 per
384 1818 486 1869 vim
520 1819 763 1873 trahunt.
797 1818 1086 1890 Postquam
1117 1833 1298 1877 autem
1334 1827 1654 1880 sceleratam
1691 1804 1728 1856 θ

87 1908 379 1963 infelicium
407 1912 861 1968 machinationem
890 1915 942 1967 in
965 1929 1088 1968 eum
1115 1918 1431 1970 adornatam
1459 1935 1658 1988 cogno-

88 2001 166 2054 vit
215 2010 401 2070 pastor
438 2003 856 2068 sanctissimus,
907 2005 982 2058 ira
1030 2013 1086 2059 et
1132 2008 1318 2061 dolere
1364 2017 1654 2078 arreptus,

88 2093 231 2145 nulla
269 2101 422 2148 utens
459 2095 741 2160 dilatione,
773 2097 839 2150 ad
873 2097 983 2164 (5‘2)
1016 2097 1312 2152 Eleutherii
1353 2101 1533 2153 aulam
1565 2117 1654 2156 re-

83 2179 224 2248 giam
259 2178 408 2249 (illic
429 2183 582 2235 enim
625 2191 754 2237 tunc
806 2185 945 2240 forte
983 2189 1206 2256 contigit
1244 2189 1440 2259 degere
1483 2191 1656 2259 impe-

84 2271 370 2339 ratricem)
418 2275 646 2329 accedit.
700 2276 832 2330 Cum
881 2277 918 2330 ii
969 2294 1096 2333 vero
1141 2279 1313 2336 Patris
1358 2283 1652 2337 adventum

83 2363 399 2428 sensissent,
452 2374 506 2419 et
545 2367 664 2434 ejus
723 2371 1066 2437 prmsentiam
1117 2372 1169 2423 in
1216 2373 1364 2441 ipsos
1413 2375 1654 2429 futuram

84 2454 202 2506 zelo
246 2455 459 2523 plenam
499 2465 554 2512 et
603 2459 776 2513 instar
823 2462 963 2514 acuti
1013 2462 1172 2532 gladii
1226 2465 1653 2533 suspicarentur,

82 2561 208 2597 eum
241 2547 490 2602 siverunt
541 2559 694 2604 extra
747 2553 970 2622 regiam,
1025 2569 1094 2606 ne
1137 2569 1390 2610 sermone
1436 2557 1654 2625 quidem

82 2636 312 2704 dignati.
364 2638 454 2692 Ille
494 2649 674 2694 autem
719 2642 912 2696 videns
959 2658 1117 2697 suum
1173 2645 1467 2700 adventum
1520 2649 1653 2702 nihil

82 2726 186 2778 sibi
230 2728 525 2794 profuisse.
570 2732 959 2789 ecclesiasticae
996 2751 1171 2805 penne
1205 2738 1436 2792 vinculis
1465 2756 1656 2794 omnes

80 2821 448 2874 communiter
474 2823 688 2894 alligat,
727 2829 1087 2894 pronuntians
1131 2829 1383 2897 indignos
1412 2849 1658 2886 commu-

79 2910 251 2962 nione
283 2912 483 2967 Christi
520 2926 1010 2983 sacramentorum,
1044 2920 1087 2972 si
1130 2921 1237 2973 ullo
1271 2924 1416 3000 gravi
1458 2924 1656 2979 damno

78 3001 363 3055 adicerent
412 3020 558 3070 eum,
594 3009 685 3074 qui
719 3011 1035 3079 confugerat
1082 3013 1310 3081 supplex
1356 3015 1422 3067 ad
1473 3015 1656 3070 Eccle-

78 3095 244 3147 siam.
287 3095 422 3149 Cum
458 3097 572 3150 hzec
598 3113 729 3168 ergo
757 3108 1010 3170 tanquam
1039 3118 1103 3156 ex
1146 3106 1435 3172 apostolica
1468 3116 1656 3160 aucto.-
1683 3129 1724 3184 ε

79 3185 244 3239 ritate
281 3187 449 3242 libere
483 3189 730 3253 dixisset,
776 3201 859 3246 est
902 3209 1176 3248 reversus.
1213 3197 1290 3248 Illi
1329 3208 1507 3250 autem
1541 3214 1657 3251 ma-

73 3277 237 3345 gistri
267 3278 398 3333 linis
428 3283 657 3347 astricti,
690 3299 813 3337 cum
847 3301 954 3338 non
991 3296 1214 3355 possent
1239 3288 1480 3359 eﬂ‘ugcre
1505 3305 1656 3344 sacra

74 3367 215 3419 retia
257 3382 431 3435 paenae
479 3372 885 3434 ceclesiasticm.
919 3377 984 3428 de
1027 3391 1120 3429 reo
1152 3378 1371 3445 quidem
1403 3394 1512 3432 non
1543 3396 1658 3434 am-

75 3457 227 3524 plius
260 3459 502 3515 habuere
531 3465 884 3532 quaestionem
910 3467 1216 3534 tormentis,
1243 3469 1337 3523 sed
1368 3471 1657 3525 verborum

71 3549 214 3603 solis
253 3553 771 3616 examinationibus.
795 3557 862 3610 de
883 3559 1080 3626 quibus
1106 3561 1364 3629 agebatur
1387 3564 1657 3630 pecuniis,

73 3639 344 3695 trutinam
393 3644 793 3710 exinanientes,
850 3657 1104 3717 tanquam
1144 3651 1497 3706 innocentem
1534 3671 1657 3708 eum

70 3731 391 3788 absolvunt.
429 3734 576 3789 Talis
604 3747 721 3790 erat
767 3738 820 3791 in
857 3755 1048 3794 omnes
1086 3742 1169 3794 vir
1205 3743 1443 3806 divinus,
1475 3745 1658 3799 divina

71 3821 370 3875 vindicans
398 3838 461 3876 ac
494 3825 816 3896 defendens,
851 3839 907 3884 et
944 3846 1043 3900 pro
1073 3833 1250 3903 gregis
1297 3835 1490 3889 ovibus
1519 3836 1661 3906 peri-

69 3911 266 3966 culum
301 3913 514 3970 adiens.

684 4089 913 4147 CAPUT
955 4092 1097 4148 Vll.’

65 4216 310 4270 Sanctus
345 4217 596 4299 Tanusius
639 4223 847 4299 fortiter
876 4223 1194 4299 Imperatori
1240 4231 1454 4289 resistit,
1488 4231 1664 4299 legiti-

151 4303 300 4407 mqm
336 4289 608 4368 coniugem
640 4289 1035 4360 repudiare,'ct
1058 4298 1438 4351 cubicularium
1472 4289 1664 4354 (lucere

151 4372 214 4407 tvo
241 4367 370 4407 erili.

150 4367 370 4411 ινοιεηη.

1610 354 1807 415 VITA.

110 448 364 503 tribunali.
411 449 575 520 quue
621 466 726 506 non
775 455 942 509 semel
989 463 1043 509 et
1087 457 1172 511 bis
1203 456 1258 510 in
1290 459 1376 513 die
1403 461 1656 526 faciebat,
1689 475 1730 524 Α

1763 482 2008 534 personae
2053 471 2233 528 divitis
2270 476 2623 542 gratificans:
2661 481 2752 532 sed
2802 480 2852 532 in
2897 482 3153 538 omnibus
3193 487 3332 554 juris

1759 555 2194 613 indeclinabilem
2251 578 2473 617 servans
2516 566 2976 631 distributionem.
3028 588 3136 626 non
3169 574 3329 631 dabat

1758 645 1934 700 locum
1966 650 2051 710 iis,
2089 652 2179 718 qui
2223 655 2478 708 volebant
2524 660 2773 725 proximo
2822 659 2999 716 facere
3051 665 3322 733 injuriant.

1760 735 1868 792 Sed
1916 738 2055 794 forte
2089 741 2265 812 legum
2307 748 2526 816 quidem
2577 760 2772 804 rectam
2806 761 2860 806 et
2888 769 3153 823 nusquam
3199 771 3326 825 pro-

1757 831 2087 898 pendentem
2137 839 2482 892 conservavit
2523 843 2805 904 trutinam,
2859 845 3107 914 despexit
3145 857 3326 904 autem

1755 921 1916 988 jura,
1955 939 2075 992 quae.
2123 929 2377 995 prmclare
2427 939 2740 986 statuuntur
2779 951 2808 988 a
2849 936 3189 991 canonibtzs?
3228 938 3327 992 Mi-

1759 1011 1945 1067 nime:
1982 1016 2074 1068 sed
2098 1032 2220 1070 eum
2259 1020 2421 1072 sciret
2458 1022 2633 1091 legum
2659 1028 3002 1080 severitatem
3057 1030 3330 1084 canonica:

1759 1105 2097 1161 auctoritatis
2148 1108 2202 1160 in
2258 1112 2438 1165 multis
2473 1128 2592 1166 esse
2623 1130 2862 1169 sororem
2903 1127 2956 1172 et
2998 1131 3326 1180 consortan

1761 1205 1814 1248 ut
1869 1197 2109 1264 prudens
2155 1200 2319 1268 judex
2362 1203 2499 1259 hanc
2529 1222 2650 1259 cum
2694 1191 2779 1259 illa
2820 1219 3223 1278 contemperat,
3275 1223 3331 1265 et

1761 1287 2005 1341 ostendit
2052 1304 2175 1342 esse
2217 1292 2509 1362 legitimam
2542 1311 2810 1350 canonum
2840 1303 3242 1355 accurationem
3276 1304 3328 1355 in

1759 1376 1845 1438 iis,
1883 1393 2002 1446 qua:
2035 1383 2296 1438 canonice
2323 1385 2699 1454 corriguntur;
2743 1390 2918 1459 legum
2948 1407 3076 1444 vero
3111 1394 3331 1445 rectitu-

1758 1467 1940 1520 dincm
1971 1470 2022 1522 in
2057 1473 2142 1534 iis,
2177 1489 2296 1541 qua:
2325 1474 2563 1544 legitime
2597 1488 2851 1546 aguntur,
2887 1482 3200 1534 canonicam
3231 1483 3331 1535 ob-

1759 1557 2142 1627 signationein.
2198 1565 2350 1629 Quod
2386 1576 2566 1620 autem
2592 1586 2718 1623 “non
2755 1574 3050 1640 prodiderit
3095 1575 3195 1628 hoc
3235 1574 3327 1631 Dei

1759 1658 1812 1702 et
1843 1651 2086 1706 divinum
2119 1666 2471 1724 przcccptum,
2509 1661 2601 1712 sed
2640 1676 2703 1713 ex
2737 1679 2891 1730 aequo
2922 1681 3182 1719 canoncm
3212 1683 3329 1720 ser-

1760 1744 1966 1796 vaverit
1999 1755 2049 1798 et
2077 1745 2267 1816 legem.
2306 1764 2414 1801 non
2442 1760 2524 1802 est
2555 1752 2821 1807 obscurus
2857 1756 3030 1819 testis,
3063 1773 3224 1826 quem
3249 1769 3332 1813 est

1759 1846 2158 1904 consequenter
2189 1839 2488 1894 adductura
2520 1845 2714 1897 oratio.

1826 1925 2137 1981 ‘29Jlictus
2174 1929 2274 1984 fuit
2307 1932 2417 2001 (55)
2469 1933 2766 2002 imperator
2804 1935 3199 1992 Constantinus
3239 1940 3329 2006 ju-

1758 2015 1932 2079 venis,
1967 2016 2266 2072 desistcnte
2298 2030 2473 2074 matre
2507 2022 2660 2076 Irene
2694 2039 2722 2078 a
2752 2029 3040 2095 conjuncta
3076 2045 3196 2082 cum
3239 2029 3331 2084 illo

1759 2108 1998 2161 rectione
2033 2108 2270 2177 imperii.
2320 2121 2375 2165 et
2420 2114 2566 2167 solus
2596 2118 2818 2170 tenebat
2853 2119 3061 2172 clavum
3097 2121 3329 2175 admini-

1757 2201 2053 2254 strationis.
2079 2201 2176 2268 Qui
2201 2221 2322 2258 cum
2347 2216 2494 2259 esset
2521 2208 2719 2276 alioqui
2745 2209 2939 2274 bonus,
2974 2227 3082 2264 non
3104 2214 3330 2265 omnino

1757 2300 1934 2343 auzeni
1968 2291 2194 2346 ﬁrmiter
2229 2297 2462 2354 tenebat.
2499 2313 2619 2366 qua:
2653 2300 2718 2352 ad
2758 2315 2944 2369 puram
2969 2311 3023 2356 et
3061 2307 3330 2358 sinceram

1756 2381 1915 2435 fidem
1950 2385 2248 2452 pertinent,
2293 2395 2346 2439 et
2385 2389 2525 2456 quod
2558 2389 2835 2458 junioruia
2869 2395 3140 2448 mentibus
3187 2411 3330 2464 szrpe

1756 2473 1894 2526 solet
1925 2475 2240 2537 usnvenirc,
2273 2477 2448 2531 elatus
2479 2496 2617 2533 vana
2653 2484 3024 2550 persuasione.
3054 2487 3196 2553 quod
3227 2487 3328 2540 sibi

1755 2562 2060 2628 videbatur,
2099 2565 2445 2620 existimabat
2474 2570 2696 2636 -justins
2738 2573 2952 2640 scriptis
3000 2575 3226 2643 Itgiliu's.
3283 2575 3332 2630 Is

1756 2651 2060 2719 aggreditur
2107 2653 2381 2706 iniirniare
2430 2656 2592 2726 leges,
2643 2666 2695 2712 et
2745 2661 2885 2728 quod
2917 2677 2945 2714 a
2989 2663 3216 2716 Domino
3245 2664 3329 2719 di-

1757 2749 1900 2794 ctum
1932 2751 2014 2796 est
2045 2743 2100 2796 in
2125 2743 2452 2816 Evangeliis,
2487 2750 2790 2817 patrocinio
2821 2761 2978 2807 utens
3005 2761 3114 2808 sua:
3145 2766 3336 2823 poterin

1757 2831 1842 2883 tice
1875 2849 1887 2883 :
1914 2841 2110 2886 etcum
2144 2836 2421 2888 statuisset
2452 2851 2483 2888 a
2518 2852 2612 2890 sua
2643 2839 2756 2906 (54)
2787 2842 3014 2910 conjuge
3043 2841 3219 2916 facere
3249 2844 3332 2897 di-

1755 2923 2009 2983 vortium,
2045 2934 2100 2978 et
2141 2925 2250 2993 (55)
2291 2926 2450 2979 aliam
2500 2928 2553 2980 in
2593 2930 2774 2983 animo
2809 2930 3034 2986 haberet
3071 2936 3332 2990 extollere

1756 3014 1822 3066 ad
1859 3015 2068 3083 imperii
2095 3016 2460 3082 altitudinem,
2488 3019 2706 3087 juvenis
2735 3021 2962 3075 adornat
2999 3023 3207 3078 facinus
3247 3027 3332 3079 in-

1757 3105 1977 3175 dignum
2002 3122 2099 3160 sua
2125 3117 2411 3175 potestate.
2455 3109 2509 3163 Id
2537 3119 2714 3164 autem
2747 3111 2848 3166 fuit
2881 3114 3170 3169 mortifera:
3201 3116 3331 3169 insi-

1759 3196 1879 3258 ὀίω,
1922 3212 1949 3248 a
1994 3197 2226 3268 conjuge
2272 3199 2613 3268 imperatrice
2655 3201 2704 3255 ei
2755 3212 2977 3271 paratte.
3022 3203 3332 3260 Aliirmahat

1759 3298 1940 3341 autem
1977 3288 2030 3342 id
2075 3305 2195 3343 esse
2222 3307 2515 3355 venenum,
2547 3294 2691 3362 quod
2723 3310 2846 3348 cum
2882 3305 3010 3364 potu
3058 3299 3330 3362 haustum,

1760 3388 1987 3434 mortem
2021 3381 2181 3435 simul
2217 3384 2541 3438 attrahebat.
2584 3384 2742 3450 Quod
2781 3387 2999 3453 quidem
3035 3390 3335 3442 conabatur

1759 3473 1984 3540 probare
2021 3482 2074 3526 et
2105 3474 2326 3528 cuilibet
2363 3475 2710 3544 persuadere,
2742 3485 2797 3531 ut
2831 3479 3076 3548 putabat.
3111 3480 3336 3534 Putabat

1761 3561 1904 3614 enim
1942 3562 2055 3615 lieri
2109 3578 2217 3616 non
2263 3579 2442 3632 posse,
2479 3574 2538 3617 ut
2573 3565 2702 3619 fides
2733 3567 2830 3619 sibi
2879 3583 2986 3619 non
3024 3567 3332 3632 haberetur,

1763 3670 1884 3707 cum
1917 3664 2060 3707 esset
2089 3655 2402 3723 imperator,
2434 3663 2486 3708 ct
2512 3658 2672 3709 verba
2702 3656 2903 3709 faceret
2933 3658 3073 3726 apud
3100 3673 3212 3720 eos,
3242 3660 3334 3726 qui

1761 3746 1987 3814 Subjeeti
2020 3755 2173 3800 erant
2199 3747 2318 3814 ejus
2367 3747 2608 3815 imperio.
2647 3745 2837 3801 Nullus
2872 3766 2999 3801 vero
3045 3757 3336 3817 persuade-

1762 3837 1941 3898 hatur,
1978 3837 2080 3890 nisi
2115 3839 2206 3906 qui
2254 3838 2568 3907 gratilieans
2603 3839 2934 3906 imperatori,
2978 3850 3197 3909 propter
3220 3841 3335 3912 glo-

1763 3931 1896 3981 iiam
1929 3929 1981 3981 in
2002 3929 2246 3982 animum
2279 3930 2566 3983 inducebat
2590 3930 2740 3999 justo
2767 3931 2854 3999 jus
2877 3931 3138 3984 adimeic.

1835 4022 1922 4075 50.
1955 4021 2244 4090 Postquam
2277 4031 2459 4075 autem
2488 4023 2719 4075 excitata
2750 4023 2890 4075 fama
2915 4023 3018 4075 hoc
3041 4023 3338 4076 transmisit

1764 4128 1936 4180 usque
1968 4113 2033 4165 ad
2080 4113 2214 4166 atria
2259 4113 2536 4176 Ecclesia},
2574 4121 2630 4166 et
2677 4113 2886 4166 nefaria
2921 4113 3060 4166 actio
3091 4115 3338 4182 pervenit

1765 4218 1938 4272 usque
1966 4203 2034 4256 ad
2062 4218 2223 4257 aures
2250 4203 2540 4272 pontiﬁcis,
2572 4203 2626 4257 id
2655 4219 2779 4258 eum
2811 4205 3042 4258 reddidit
3066 4205 3216 4258 valde
3241 4206 3340 4258 dn-

1767 4292 1913 4346 bium
1947 4303 2001 4344 ct
2033 4294 2384 4362 perplexum;
2409 4293 2536 4346 dum
2563 4293 2703 4362 apud
2741 4310 2797 4347 se
2824 4295 3042 4363 cogitat.
3069 4295 3340 4362 quomodo

1768 4399 1826 4436 se
1885 4393 2122 4435 armaret
2169 4382 2431 4436 adversus
2489 4383 2631 4436 hanc
2684 4383 3130 4447 deccrtationcin,
3183 4392 3236 4436 ct
3286 4385 3337 4436 in

149 4466 247 4519 28.
291 4465 427 4520 Cum
459 4478 641 4523 autem
676 4479 729 4523 et
760 4472 904 4542 leges
935 4486 1188 4530 accurate
1229 4488 1471 4544 teneret,
1505 4490 1560 4534 et
1595 4482 1650 4536 in
1687 4467 1726 4520 ί)
1757 4474 1932 4543 ipsum
1957 4475 2364 4541 imperatorem,
2397 4474 2473 4527 rei
2502 4474 2706 4528 bellica:
2733 4474 3120 4543 peritissimum
3147 4483 3198 4527 et
3227 4475 3339 4528 for-

67 4554 242 4607 omni
297 4571 498 4626 genere
548 4561 826 4614 canonicaa
870 4565 1214 4618 rectitudinis
1260 4577 1407 4621 esset
1448 4571 1662 4624 exerci-

65 4656 256 4711 tatus,
297 4663 418 4716 qua:
447 4650 706 4703 universo
736 4657 1016 4707 communi
1059 4656 1372 4712 incidebant
1407 4660 1545 4723 lites,
1571 4662 1663 4730 ju-

61 4739 341 4803 dicabat,
379 4749 433 4793 et
488 4742 804 4797 acutissima
855 4747 1083 4815 cogebat
1133 4751 1342 4818 prolata
1392 4742 1662 4807 sententia

58 4846 179 4885 cos
206 4831 357 4885 inter
392 4847 452 4887 se
483 4837 820 4913 convenire:
859 4853 968 4890 non
1012 4841 1286 4908 pauperis,
1327 4843 1420 4911 qui
1473 4845 1526 4897 in
1576 4845 1664 4913 j:-s

59 4923 389 4977 vocabatur
414 4963 430 4989 ,
477 4923 648 4979 ﬂexus
684 4927 1057 4984 misericordia
1091 4948 1103 4984 :
1145 4947 1321 5000 neque
1366 4935 1662 5004 quidquam

153 5106 278 5175 (5:2)
312 5107 577 5181 Palatium
621 5107 918 5164 Eleutherii
966 5110 1172 5165 Irenem
1207 5113 1505 5181 Augustam
1532 5115 1667 5168 ardi-

59 5178 400 5250 εἰς-δεηθείη
437 5193 609 5250 eaque
660 5190 712 5233 et
740 5182 943 5235 multas
981 5184 1241 5250 pecunias
1288 5178 1662 5249 abscondisse,

56 5259 127 5303 ct
164 5261 195 5299 a
263 5246 377 5298 lilio
432 5246 797 5320 anstaiitino
861 5246 996 5305 sold
1034 5263 1291 5320 regnante
1337 5246 1663 5308 collocatam

56 5331 209 5371 esse
236 5331 429 5369 mense
474 5315 780 5382 Decembri,
807 5322 1004 5374 ludict.
1051 5315 1136 5382 Il.
1165 5338 1309 5374 anno
1328 5324 1528 5377 Christi
1561 5323 1667 5378 790

55 5385 258 5442 tradit
288 5387 667 5459 'I'heophanes.
703 5387 960 5443 Eamdem
1021 5391 1427 5459 iuiperatricmn
1465 5394 1663 5447 iterum

54 5457 424 5512 declaratam
456 5457 650 5530 lmlicn
673 5459 858 5522 l5,die
887 5457 1230 5528 IbJanuarii,
1251 5463 1663 5530 anuiClir.795,

55 5529 252 5597 idern
269 5528 876 5597 asserithheOpbaues.

155 5595 278 5670 (ἓξ)
305 5594 600 5670 Indictionc
628 5594 714 5660 lii,
745 5615 928 5670 mense
957 5599 1260 5670 Septembri
1315 5617 1488 5657 annus
1517 5602 1664 5657 Con-

56 5665 325 5740 stantini
353 5667 530 5740 solius
554 5669 825 5735 regnantis
848 5672 1011 5739 erepit
1033 5665 1338 5732 numerari,
1357 5689 1487 5740 ergo
1517 5688 1662 5726 anno

56 5737 222 5791 Llir.
265 5736 385 5788 790.
421 5735 702 5807 Legendus
727 5739 790 5794 de
819 5756 879 5794 ea
912 5735 1093 5795 rerum
1116 5744 1256 5810 apud
1277 5735 1662 5799 (lous'tantino-

1767 4567 2033 4619 tissiinum
2087 4577 2466 4634 pugnatorem.
2511 4583 2576 4620 ex
2615 4568 2866 4635 pharetra
2905 4576 2958 4620 et
3007 4583 3135 4620 arcu
3175 4568 3340 4620 teluin

1759 4657 2108 4726 jacularetur,
2139 4658 2249 4725 jam
2284 4659 2411 4711 Ollltl
2464 4659 2765 4712 honoratus
2798 4659 3117 4712 sacerdotali
3147 4661 3340 4712 borum

1764 4749 2008 4802 omnium
2038 4749 2307 4804 nuditate.
2338 4748 2473 4802 Cum
2505 4751 2621 4803 hinc
2649 4751 2791 4818 apud
2817 4766 2874 4804 se
2903 4766 3130 4821 magnus
3162 4763 3345 4806 mente

1764 4847 2006 4893 versaret
2043 4839 2320 4903 'I‘arasius,
2359 4849 2413 4894 ct
2448 4849 2662 4910 pararet
2691 4857 2747 4895 se
2779 4841 2847 4893 ad
2881 4840 3344 4908 congrediendum

1765 4947 1886 4986 cum
1913 4933 2257 5000 imperatore,
2301 4943 2354 4986 ct
2382 4933 2774 4987 decertandum
2811 4933 2976 4986 armis
2999 4932 3343 4986 sacerdotali-

1767 5113 2036 5188 politanos
2070 5111 2482 5188 perturbatione
2510 5109 2895 5188 Theophanes.
2974 5178 3039 5188 Α..
3164 5177 3199 5188 _
3308 5177 3340 5188 η

1837 5183 1950 5250 (54)
1991 5181 2170 5257 I’i-iino
2201 5183 2405 5257 despon
2431 5191 2569 5257 terat
2627 5180 2911 5257 Rotrudim
2969 5177 3343 5257 ﬁliaintiaroli

1769 5248 1945 5320 Magni
1980 5253 2401 5326 ('X_!llldt:gal'_de
2431 5253 2607 5320 prima
2660 5253 2781 5326 ejus
2806 5264 3008 5326 uxore,
3041 5258 3099 5301 ut
3136 5248 3342 5326 dictum

1775 5325 1827 5376 in
1859 5321 2021 5390 hujus
2055 5320 2173 5373 Vita
2213 5321 2282 5373 9.8
2316 5320 2692 5396 Januar._cap.
2727 5321 2778 5372 6.
2805 5320 2876 5396 lia
2915 5328 3093 5396 tamen
3121 5320 3343 5396 minime

1766 5393 1947 5454 ducta,
1980 5392 2085 5444 sibi
2134 5393 2392 5458 jumtcrat
2451 5391 2686 5458 puellam
2740 5406 2804 5441 ex
2846 5390 3207 5449 Armeniacis,
3239 5402 3331 5438 no-

1768 5465 1915 5517 mine
1949 5460 2174 5514 lllariam
2201 5461 2270 5513 ab
2294 5461 2597 5539 Among-et
2618 5533 2626 5539 _
2649 5466 3174 5539 consummaverunt
3210 5472 3344 5539 nua.

1770 5538 1874 5586 tias
1893 5547 2082 5584 mense
2107 5519 2738 5607 Novembri,indictione
2772 5533 2851 5587 l2.
2878 5529 2926 5607 id
2951 5524 3032 5607 est
3056 5519 3334 5607 θηροῖβθ.

1768 5603 1841 5655 lia
1873 5602 1981 5654 fere
2005 5601 2385 5669 Theophanes.
2412 5601 2559 5653 lianc
2596 5601 2757 5667 C(Bpil
2789 5598 3046 5668 paulatim
3082 5596 3208 5650 odio
3241 5596 3345 5648 ha-

1767 5673 1893 5726 bere
1925 5686 1986 5723 ac.
2020 5672 2154 5726 velle
2187 5671 2491 5739 repudiare.

1839 5742 1949 5811 (δὸ)
1977 5739 2288 5798 Thcodoteu
2326 5741 2740 5796 cubiculariam.
