4092 6438
734 430 869 494 fit)?

1823 424 1887 483 S.
1922 418 2229 481 TARASH
2282 414 2355 474 PA

2459 406 2790 471 llABCHrE
2845 406 2954 466 (ΖΡ.
3894 391 3983 451 13

735 552 857 612 bus,
894 560 1022 601 ecce
1059 543 1278 612 quidam
1310 555 1373 594 ex
1409 539 1497 602 iis,
1529 537 1622 607 qui
1648 535 1913 608 gerebant
1941 532 2314 601 magistratus,
2347 533 2386 585 Α
2419 523 2695 578 lutabatur
2732 522 2785 574 in
2812 517 3195 574 fornicatione.
3252 514 3525 582 Impulsu
3550 510 3717 564 enim
3758 507 3827 559 ab
3858 522 3985 573 ιιψιι-

736 602 805 693 ab
828 602 1153 703 imperatore
1194 630 1515 688 instructus,
1550 602 1888 680 irenvuntians
1926 622 2069 691 quod
2113 618 2317 671 factum
2420 614 2626 675 dentia,
2660 615 2746 667 bis
2776 611 2959 663 verbis
2988 615 3221 662 ususest
3243 605 3308 657 as!
3341 602 3675 672 pontiﬁce.
3708 615 3722 647 :

738 742 801 784 ac
837 733 1210 794 comparatum
1252 720 1486 775 inaniter
1520 716 1805 771 dicebatur
1842 712 2190 768 veneficium.
2228 725 2321 763 ae-

692 867 703 877 ,
738 818 905 873 cessit
950 815 1016 869 ad
1050 826 1377 886 gnomonem
1428 808 1737 864 castitatis:
1799 819 2033 873 cumque
2077 803 2129 855 id
2156 813 2321 868 quam

741 908 1008 980 potuisset
1038 902 1446 960 accuratissime
1472 910 1529 954 et
1554 898 1909 954 subtilissime
1929 891 2321 954 contexuisset,

740 999 924 1055 omnia
950 1012 1073 1053 esse
1103 994 1409 1058 verissima,
1442 1002 1497 1047 et
1525 1008 1645 1062 qua:
1677 990 1881 1044 nullam
1912 986 2203 1042 admittant
2232 998 2325 1036 ca-

744 1090 1031 1153 Iumniam,
1064 1086 1363 1141 affirmabat
1399 1102 1412 1138 :
1442 1092 1497 1139 et
1532 1093 1590 1137 ut
1619 1082 1976 1137 consentiret.
2004 1086 2064 1131 ut
2091 1077 2323 1144 impera-

746 1195 830 1235 tor
871 1188 1056 1250 posset
1085 1180 1275 1231 venire
1312 1177 1378 1231 ad
1426 1175 1725 1229 secundum
1756 1179 2099 1226 contractum
2139 1165 2328 1220 matri-

746 1271 937 1331 monii,
981 1269 1235 1323 instabat.
1276 1268 1398 1321 itec
1436 1282 1558 1320 cum
1594 1265 1840 1323 dixisset.
1877 1260 2226 1331 exSpectabat
2271 1267 2329 1312 ut

745 1364 811 1416 de
841 1363 907 1416 iis
936 1375 1258 1429 responsum
1289 1359 1580 1428 acciperet.
1611 1355 1736 1421 Cui,
1769 1370 1894 1407 cum
1922 1369 1983 1406 ex
2012 1352 2121 1404 imo
2146 1351 2328 1416 suspi-

748 1460 924 1509 rasset
954 1460 1009 1504 et
1033 1448 1454 1519 lacrymabiliter
1479 1446 1817 1509 subrisisset,
1858 1452 2080 1497 sanctus
2102 1454 2331 1509 respon—

748 1544 827 1597 dit
866 1560 877 1594 :
913 1540 968 1595 Si
1017 1540 1154 1601 haec,
1191 1548 1250 1592 ut
1284 1549 1336 1592 tu
1386 1538 1593 1601 dixisti,
1637 1536 1893 1603 cogitavit
1929 1535 2243 1602 imperator.
2279 1540 2332 1589 et

749 1645 973 1685 carnem
1000 1630 1185 1682 divina
1218 1629 1332 1695 lege
1363 1626 1809 1694 cong'utinatam,
1838 1632 1891 1678 et
1922 1638 2044 1692 qua:
2075 1637 2181 1675 una
2210 1635 2333 1673 cum

752 1721 873 1790 ipso
906 1719 1042 1773 facta
1084 1730 1186 1781 est,
1225 1716 1413 1771 statuit
1443 1715 1783 1777 exscindere,
1818 1715 2021 1775 nescio,
2069 1710 2333 1780 quemad-

756 1812 977 1866 modum
1002 1810 1147 1868 feret
1169 1807 1570 1879 gravissimum,
1604 1806 1747 1874 quod
1778 1809 1829 1857 in
1863 1819 1989 1856 eum
2022 1817 2052 1855 a
2079 1801 2334 1872 gentibus

756 1902 1099 1957 inferendum
1131 1908 1239 1964 est,
1270 1898 1559 1967 probrum,
1592 1904 1686 1947 aut
1712 1892 2173 1963 quemadmodum
2213 1891 2335 1959 ejus

757 2000 999 2062 potestas
1028 2006 1243 2060 gregem
1278 1998 1431 2058 coget
1460 1988 1527 2041 ad
1559 1985 1993 2055 temperantiam,
2024 1992 2075 2036 et
2108 1981 2339 2035 fovnica-

757 2087 965 2140 tionem
993 2083 1181 2151 puniet
1220 2092 1274 2135 et
1294 2079 1641 2141 adulterium,
1678 2092 1802 2131 cum
1840 2076 1953 2145 ipse
1980 2075 2050 2127 sit
2076 2082 2183 2126 tam
2223 2081 2336 2126 tur-

760 2176 908 2245 pium
961 2173 1243 2227 convictus
1293 2170 1640 2239 flagitiorum.
1697 2166 1829 2220 Nam
1875 2164 2086 2219 etiamsi
2122 2162 2340 2217 dederi-

761 2281 882 2320 mus
915 2264 1018 2318 fide
1049 2264 1209 2333 digna
1240 2274 1379 2321 esse,
1408 2275 1527 2330 qua:
1562 2274 1590 2311 a
1628 2268 1677 2312 te
1708 2258 2076 2321 adducuntur,
2113 2262 2342 2307 etesset

763 2355 1007 2411 mulieris
1034 2354 1259 2407 evidens
1289 2350 1631 2413 malelicium,
1682 2348 1759 2402 sic
1792 2348 1953 2401 etiam
1984 2355 2263 2416 oporteret
2292 2345 2341 2397 id

764 2460 955 2501 cavere
994 2456 1212 2514 propter
1264 2442 1625 2495 reverentiam
1657 2439 1802 2491 vocis
1846 2437 2083 2500 Domini,
2112 2452 2233 2506 quae
2258 2434 2342 2488 di-

763 2535 835 2589 cit
868 2554 881 2589 :
914 2534 1014 2599 Qui
1056 2532 1277 2586 dimittit
1310 2546 1531 2584 uxorem
1576 2545 1754 2590 suam,
1809 2539 2168 2598 prteterquam
2214 2543 2343 2597 pro-

768 2636 886 2696 pter
902 2624 1335 2687 fornicationem,
1363 2621 1663 2675 tncechatur
1688 2619 1905 2689 (Matth.
1930 2638 1981 2683 v,
2005 2619 2117 2689 52).
2141 2619 2345 2685 Quem-

769 2734 893 2772 nam
930 2728 1111 2770 autem
1157 2716 1384 2784 imperio
1434 2714 1874 2767 excellentiorem
1926 2711 2028 2766 sibi
2085 2711 2346 2765 societate

769 2806 1095 2861 matrimonii
1140 2805 1307 2859 voluit
1333 2805 1686 2874 conjungere,
1717 2817 1838 2871 quae
1879 2801 1946 2856 ad
1973 2809 2183 2855 tantum
2218 2815 2347 2868 pro-

769 2899 937 2955 cessit
973 2896 1274 2968 ﬂagitium?
1306 2896 1413 2950 Sed
1455 2896 1556 2949 hoc
1590 2894 1712 2948 ideo
1750 2893 2086 2963 praetexitur,
2141 2898 2201 2946 ut
2246 2892 2347 2945 ho-

772 2987 1043 3043 norabiles
1080 2986 1282 3056 nuptiae
1343 2994 1396 3039 ct
1448 2993 1597 3038 torus
1636 2983 2018 3037 immaculatus
2072 2981 2345 3036 violetur:

772 3080 1152 3135 introducatur
1184 3092 1312 3131 vero
1338 3075 1578 3130 dedecus
1614 3074 2009 3140 fornicationis,
2045 3082 2100 3128 et
2131 3088 2348 3144 germa-

2492 707 2581 761 32.
2611 704 2721 774 Ego
2745 702 2966 772 quidem
3018 700 3095 759 id,
3127 697 3274 766 quod
3300 696 3413 763 jam
3446 693 3677 762 pride-
3728 690 3857 739 lnibl
3886 704 3987 739 aet-

2426 801 2528 861 dit,
2569 798 2635 851 ad
2661 806 2898 850 vestram
2955 791 3117 845 retuli
3170 790 3545 842 sanctitatem.
3586 782 3745 835 Νῶὶι
3786 796 3913 833 eam
3957 796 3989 831 te

2426 894 2570 949 volui
2603 891 2803 953 celare,
2834 888 3185 943 aﬂectionem
3225 898 3290 937 ac
3345 878 3807 935 benevoiemian
3870 886 3989 940 putre

2426 988 2485 1041 in
2536 995 2589 1038 te
2624 982 2892 1037 indicans.
2924 979 3096 1033 Porro
3129 986 3311 1029 autem
3348 987 3495 1026 nunc
3528 982 3769 1037 quoque
3798 980 3991 1031 pereas

2433 1078 2680 1144 linguam
2719 1070 3154 1143 imperatoriam,
3199 1066 3365 1119 statui
3392 1063 3605 1116 clarius
3658 1072 3821 1127 agere
3864 1072 3997 1107 nia:

2429 1182 2668 1223 causam.
2710 1163 2829 1217 leo
2866 1161 3014 1215 enim
3068 1157 3299 1225 imperio
3342 1155 3737 1207 insidiantem.
3780 1162 3893 1212 qu
3920 1162 3993 1195 ιηι

2431 1274 2499 1312 ex
2560 1258 2671 1310 Deo
2717 1254 2850 1307 mihi
2899 1251 3057 1306 unita
3118 1248 3316 1305 fuerat.
3368 1243 3741 1311 adjutrioem,
3784 1253 3897 1289 cn-
3940 1242 3994 1286 iet

2432 1358 2619 1416 aperte
2664 1346 2875 1414 jubeat,
2907 1342 3043 1410 quin
3089 1341 3157 1393 ab
3185 1354 3248 1392 ea
3292 1337 3498 1405 possim
3526 1336 3841 1387 divertere.
3878 1344 3997 1379 nem

2432 1437 2791 1493 contradicet.
2849 1432 2983 1486 Nam
3024 1446 3149 1484 cum
3177 1430 3287 1481 sint
3313 1425 3609 1480 manifesta
3660 1421 3903 1479 crimina,
3934 1432 3999 1469 ast

2435 1545 2582 1585 mors
2635 1544 2755 1580 eam
2809 1524 3065 1592 excipiet,
3109 1531 3224 1584 aut,
3270 1520 3415 1589 quod
3445 1527 3532 1570 est
3587 1514 3897 1581 benignius,
3935 1526 4001 1578 per

2439 1631 2603 1676 totam
2638 1620 2803 1672 vitam
2831 1628 2953 1684 aget
2984 1614 3382 1683 paenitentiam.
3414 1610 3534 1662 Non
3568 1607 3729 1659 enim
3760 1605 3827 1655 ad
3856 1617 3981 1667 ques

2440 1715 2584 1783 piam
2608 1726 2673 1765 ex
2709 1708 2868 1778 vulgo
2894 1718 3013 1760 erat
3079 1702 3461 1763 transiturum,
3494 1697 3655 1766 quod
3690 1696 3764 1747 ab
3791 1710 3851 1745 ea
3878 1694 3999 1745 ador-

2440 1813 2629 1857 natum
2669 1810 2807 1861 erat,
2848 1798 3071 1853 scelus:
3116 1795 3212 1848 sed
3252 1792 3319 1846 ad
3352 1789 3690 1861 germanum
3736 1787 4001 1851 cum,

2441 1906 2499 1951 et
2554 1893 2929 1947 fidelissimum
2987 1889 3403 1951 imperatorem,
3435 1891 3494 1934 et
3521 1879 3799 1949 gentibus
3830 1876 4001 1928 terrib-

2442 1983 2568 2044 lem,
2616 1988 2671 2034 et
2723 1978 2788 2032 ad
2844 1978 3159 2030 universum
3214 1973 3404 2026 orbem
3461 1980 3635 2023 terra:
3694 1979 4004 2036 pervasus-In

2442 2080 2559 2127 erat
2605 2069 2948 2124 maleﬁcium.
2988 2064 3108 2131 Quo
3150 2063 3282 2132 quid
3319 2076 3442 2115 esse
3482 2058 3750 2129 potuerit
3780 2055 4005 2124 perime-

2443 2164 2557 2219 sius
2609 2172 2665 2216 et
2724 2160 2894 2230 magis
2950 2154 3433 2212 horribile3adeo
3487 2162 3548 2205 ut
3612 2151 3741 2218 ipsa
3802 2148 4009 2211 deinceps

2445 2255 2612 2327 possit
2640 2254 2707 2308 ad
2746 2252 2948 2307 nullam
2986 2249 3287 2317 confugere
3320 2244 3745 2300 defensionem.
3789 2238 3879 2292 Est
3900 2238 4009 2290 eain

2444 2348 2652 2418 privata
2684 2344 2833 2399 omni
2880 2342 3148 2397 oratione.
3194 2348 3251 2393 et
3280 2353 3402 2407 quae
3430 2338 3614 2405 ipsam
3654 2330 4011 2387 commendare

2446 2440 2693 2508 possint,
2749 2434 3204 2506 probationibus.
3265 2440 3323 2484 ut
3381 2446 3506 2498 qua:
3569 2434 4012 2495 argumentorum.

2444 2548 2566 2603 quae
2591 2530 2782 2585 evitari
2811 2543 2919 2582 non
2954 2536 3201 2597 possunt.
3248 2523 3448 2577 habeat
3494 2530 3703 2572 contra
3758 2536 3819 2570 se
3864 2517 4014 2568 verita-

2447 2634 2557 2678 tem
2623 2621 2693 2676 ad
2752 2620 3049 2690 perfectam
3114 2616 3680 2674 condemnationem.
3732 2610 3811 2662 De
3862 2617 4016 2660 cetera

2448 2725 2631 2769 autem
2676 2692 3115 2777 vocattempus,
3161 2717 3222 2761 ut
3251 2707 3368 2774 ipsa
3408 2702 3653 2760 letifera:
3702 2698 3937 2769 potionis
3960 2711 4017 2748 re

2450 2818 2592 2858 nena
2621 2802 2861 2871 aperiam
2888 2818 2901 2852 :
2945 2809 3005 2853 ut
3038 2814 3163 2852 cum
3195 2805 3375 2850 vestra
3407 2804 3607 2847 Sancta
3644 2792 3857 2845 viderit
3883 2798 4019 2856 pater-

2450 2898 2595 2951 nitas
2625 2893 2849 2950 sceleris
2896 2892 3346 2963 magnitudinem,
3396 2889 3447 2943 id
3497 2896 3729 2942 certum
3781 2884 4019 2937 habetur:

2450 2988 2813 3058 exploratum,
2879 3000 2987 3039 non
3042 2983 3278 3052 amplius
3330 2981 3586 3042 dubitet,
3654 2994 3848 3044 neque
3904 2976 4023 3027 uitam

2450 3084 2729 3148 exspectet
2788 3092 2996 3131 moram
3078 3083 3173 3127 aut
3231 3072 3495 3142 temporis
3554 3070 3914 3129 dilationem,
3962 3066 4025 3118 sed

774 3186 905 3225 num
936 3185 1122 3224 semen
1155 3167 1244 3222 fiat
1266 3166 1654 3229 adulterinum,
1686 3173 1739 3219 et
1764 3164 1964 3219 alienet
1992 3164 2065 3226 id.
2097 3163 2241 3233 quod
2267 3171 2352 3217 est
2383 3194 2421 3251 α
2453 3169 2852 3241 quamprimum
2891 3183 3013 3224 eam
3043 3166 3186 3236 jugis
3214 3163 3470 3233 subjiciat
3500 3160 3836 3216 canonicis.
3866 3167 3915 3211 et
3939 3172 4025 3225 per-

776 3270 1087 3332 cognatum,
1139 3257 1450 3312 introducto
1490 3256 1690 3310 furtivo
1743 3264 1798 3309 ct
1839 3255 1982 3324 turpi
2036 3252 2352 3309 concubitu.

779 3352 928 3407 lianc
957 3368 1086 3423 ergo
1123 3370 1151 3408 a
1189 3356 1343 3410 nobis
1370 3366 1425 3410 et
1479 3356 1563 3420 iis,
1607 3356 1698 3424 qui
1736 3365 1865 3410 sunt
1910 3355 2081 3409 nostri
2131 3354 2358 3417 similes,

780 3444 965 3512 accipe
990 3446 1420 3514 responsionem,
1444 3461 1497 3501 et
1518 3448 1664 3516 aperi
1698 3447 1782 3511 iis,
1808 3448 1900 3517 qui
1928 3447 2217 3501 miserunt.
2243 3446 2360 3499 Non

781 3532 930 3587 enim
957 3535 1214 3589 cedemus
1247 3536 1331 3600 iis,
1393 3554 1513 3606 qua:
1545 3553 1573 3591 a
1604 3546 1657 3591 te
1682 3538 1973 3606 jactantur.
2009 3538 2234 3595 Mortem
2268 3554 2364 3605 po-

786 3626 893 3679 tius
927 3634 982 3679 et
1010 3629 1188 3697 gravia
1240 3630 1543 3684 subibimus
1571 3630 1855 3698 supplicia,
1904 3645 2067 3698 quam
2118 3631 2170 3682 in
2202 3630 2365 3682 rebus

784 3717 1052 3784 ejusmodi
1100 3719 1147 3771 ei
1196 3720 1303 3772 ullo
1336 3720 1495 3773 modo
1538 3720 1767 3774 velimus
1823 3720 2107 3775 inservire.
2173 3720 2366 3778 Audiat

788 3808 1083 3878 imperator
1111 3825 1211 3864 nos
1262 3810 1386 3864 huic
1433 3811 1773 3879 improbabiii
1819 3811 2049 3865 consilio
2084 3827 2193 3865 non
2245 3826 2366 3866 esse

792 3897 1083 3965 parituros.

862 3991 950 4045 3f.
986 3990 1078 4045 llis
1114 3993 1291 4047 verbis
1328 3995 1643 4049 cmlestibus
1667 3996 1935 4050 attonitus
1966 3995 2034 4055 is,
2064 3994 2157 4063 qui
2195 3996 2367 4063 impe-

794 4081 1013 4136 ratoriis
1046 4083 1315 4136 serviebat
1344 4086 1645 4154 responsis,
1677 4087 1828 4141 vultu
1858 4097 2045 4155 tegens
2073 4085 2365 4148 tristitiam,

794 4175 944 4229 venit
975 4190 1131 4242 quam
1165 4174 1423 4230 citissime
1456 4177 1520 4231 ad
1557 4194 1703 4238 eum.
1747 4179 1837 4247 qui
1872 4178 2114 4239 miserat,
2156 4192 2367 4243 eorum,

795 4283 916 4337 qua:
955 4268 1041 4324 ille
1078 4259 1350 4337 sperabat,
1393 4272 1527 4325 nihil
1575 4273 1719 4341 quod
1766 4274 1815 4326 ei
1863 4282 2009 4327 esset
2051 4272 2221 4335 cordi,
2254 4288 2373 4324 om-

799 4357 930 4411 nino
964 4358 1215 4413 afl'erens.
1266 4358 1558 4434 Postquam
1604 4369 1783 4414 autem
1822 4361 2150 4415 sacrosancti
2195 4372 2373 4429 pasto-

801 4449 876 4502 ris
908 4450 1264 4505 constantiam
1298 4453 1432 4506 vidit
1455 4452 1750 4521 imperator
1778 4467 1984 4520 quercu
2020 4467 2141 4506 esse
2167 4450 2371 4504 firmio—

2461 3260 2688 3315 suadeat
2719 3260 2768 3312 ei
2801 3259 2965 3313 vitam
2987 3258 3188 3327 eligere
3213 3254 3455 3325 quietam
3482 3267 3547 3305 ac
3584 3251 3976 3305 monasticam.
4002 3262 4027 3296 si

2463 3354 2593 3408 velit
2622 3367 2741 3406 eam
2773 3366 2995 3405 manere
3024 3350 3167 3403 inter
3212 3349 3385 3401 vivos.
3417 3346 3555 3399 Nam
3583 3360 3725 3397 cum
3781 3342 3886 3396 hoc
3911 3340 4030 3392 mak-
4090 3392 4092 3427 Ι

2463 3446 2642 3500 ficium
2676 3444 2745 3498 sit
2771 3442 2904 3497 mihi
2955 3442 3188 3510 positum
3222 3448 3349 3493 ante
3382 3438 3594 3498 oculos,
3638 3435 3771 3489 fieri
3825 3450 3929 3486 non
3969 3447 4032 3498 re-

2464 3548 2592 3601 test,
2630 3546 2690 3591 ut
2715 3552 2838 3590 cum
2871 3550 2935 3590 ea
2964 3535 3199 3604 amplius
3248 3546 3461 3587 servem
3500 3532 3633 3599 jura
3678 3530 3945 3597 coniugii,
3972 3542 4031 3577 an
4090 3530 4092 3593 ι

2464 3627 2639 3682 amice
2667 3624 2896 3693 amplius
2931 3639 3055 3677 cum
3084 3638 3147 3676 ea
3192 3622 3495 3690 conjungar
3544 3629 3600 3672 et
3638 3618 3837 3671 [(Bdlls
3883 3618 4033 3669 ineas.

2466 3718 2763 3774 Nocentem
2794 3716 2960 3781 enim,
2989 3725 3047 3770 ut
3083 3713 3211 3769 dicit
3250 3711 3632 3781 proverbium,
3685 3708 3841 3762 Deus
3869 3720 4035 3775 quoqat

2466 3810 2831 3880 persequitur.
2872 3806 3055 3860 Innuit
3082 3818 3233 3875 ergo,
3269 3812 3325 3857 et
3374 3802 3537 3855 allata
3572 3809 3719 3851 sunt
3751 3814 3886 3851 vasa
3913 3798 4035 3848 vitrea

2469 3917 2592 3956 cum
2640 3901 2852 3969 liquore
2897 3898 3113 3952 turbido
3161 3897 3377 3950 curiose
3422 3892 3753 3961 composito
3792 3892 3863 3943 ad
3896 3890 4031 3942 falsae

2470 3992 2875 4047 accusationem
2906 4004 3057 4059 :quze
3074 3996 3200 4041 ante
3232 3986 3425 4039 faciem
3448 3984 3568 4050 ejus
3596 3994 3659 4036 et
3690 3984 3887 4049 magni
3914 3982 4036 4032 Pstis

2472 4094 2803 4145 statuerunt,
2834 4082 2926 4151 qui
2976 4081 3300 4141 aﬂ'erebant,
3345 4076 3545 4144 quibus
3602 4075 3865 4135 dicebat,
3898 4076 4037 4137 coire-

2473 4190 2592 4245 gem
2625 4174 2708 4227 vel
2767 4182 2996 4227 mortem
3045 4173 3095 4225 ei
3142 4184 3264 4226 esse
3314 4167 3723 4228 machinatum,
3777 4167 3865 4219 vel
3895 4163 4040 4218 uicti-is

2472 4266 2830 4321 emotionem.

2545 4355 2631 4408 55.
2678 4353 2885 4408 Videns
2908 4368 3037 4422 ergo
3073 4366 3303 4421 magnus
3330 4348 3591 4403 Tarasius
3625 4348 3726 4410 iis,
3756 4348 3858 4416 qui
3888 4360 4042 4411 ιιθιῖιιις

2475 4460 2638 4515 quant
2671 4442 3092 4505 conveniebant,
3134 4441 3365 4495 nexibus
3402 4446 3627 4507 captum
3666 4438 4043 4506 imperatores.

803 4556 937 4600 rem,
960 4556 1079 4609 qua:
1109 4542 1177 4595 ab
1235 4542 1440 4612 impetu
1475 4556 1759 4599 ventorum
1800 4561 1908 4598 non
1954 4544 2283 4607 concutitur,
2324 4543 2375 4594 in
2412 4539 2454 4593 Ι)
2483 4545 2539 4590 et
2573 4536 2689 4588 falsi
2720 4534 3043 4603 labyrinthis
3078 4532 3403 4593 involutum,
3444 4540 3501 4583 ut
3532 4529 3789 4582 evadere
3835 4540 4046 4591 nonpozv

802 4631 1160 4686 admiratione
1190 4634 1399 4697 habuit,
1430 4636 1575 4703 quod
1608 4635 1809 4689 factum
1840 4638 2035 4699 fuerat,
2064 4635 2282 4697 timens,
2312 4649 2379 4687 ne

806 4722 986 4793 inclyti
1030 4723 1201 4778 Patris
1233 4742 1387 4779 mens
1417 4726 1728 4782 inflexibilis
1758 4729 1907 4785 nullo
1951 4726 2178 4795 strepitu
2211 4734 2381 4780 terre-

806 4822 973 4868 retur.
1016 4815 1222 4871 liursus
1251 4834 1380 4887 ergo
1411 4818 1654 4882 mittens,
1691 4819 1863 4892 jubets
1891 4819 2081 4872 adesse
2110 4830 2382 4877 sanctum,

806 4908 1057 4970 credens,
1093 4911 1134 4961 si
1169 4925 1350 4963 coram
1396 4911 1680 4977 adfuisset,
1708 4911 1820 4965 fore
1855 4921 1913 4964 ut
1944 4926 2001 4964 se
2043 4912 2388 4963 submitteret

810 5002 1093 5069 potestatis
1124 5004 1454 5057 austeritati.
1484 5002 1621 5057 Cum
1665 5019 1793 5073 ergo
1821 5003 2064 5056 venisset
2100 5002 2152 5055 in
2188 5001 2385 5069 regiam

811 5101 867 5146 ct
899 5092 964 5145 ad
991 5093 1163 5160 ipsum
1192 5095 1596 5162 imperatorem,
1640 5104 1691 5148 el
1722 5109 1845 5149 cum
1878 5109 1943 5147 eo
1984 5093 2051 5146 de
2085 5108 2233 5146 more
2260 5107 2391 5145 con-

812 5181 1064 5243 sedisset.
1110 5183 1316 5237 habens
1352 5200 1535 5238 sceum
1567 5199 1753 5237 senem
1782 5184 1930 5237 illum
1961 5183 2071 5251 (56)
2102 5180 2389 5237 Joannem.

816 5286 1000 5339 quem.
1034 5290 1157 5327 cum
1199 5275 1249 5327 in
1285 5277 1526 5344 synodali
1563 5286 1872 5329 versaretur
1911 5274 2265 5343 expositione,
2295 5273 2394 5325 ad—

818 5364 1029 5416 monuit
1066 5365 1237 5417 oratio
1289 5365 1458 5418 fuisse
1504 5367 1739 5435 legatum
1774 5364 2023 5418 ditecesis
2077 5360 2392 5424 orientalis;

820 5454 1111 5524 multisque
1138 5457 1465 5511 salutaribus
1492 5458 1952 5512 admonitionibus
1977 5456 2117 5524 aputl
2160 5454 2395 5523 impera-

822 5554 999 5599 torem
1031 5557 1171 5600 esset
1204 5564 1331 5601 usns
1363 5550 1615 5618 princeps
1637 5560 1932 5617 pastorum,
1958 5558 2012 5600 et
2043 5561 2148 5599 non
2174 5560 2399 5615 persua-

826 5635 983 5689 sisset
1012 5654 1023 5688 :
1051 5645 1165 5690 erat
1193 5640 1357 5701 enim,
1388 5649 1443 5690 ut
1468 5648 1550 5692 est
1578 5640 1628 5691 in
1662 5639 1966 5708 proverbio,
2003 5638 2225 5707 hydram
2254 5637 2400 5689 scin-

826 5726 973 5788 dere,
1012 5744 1134 5781 cum
1168 5746 1193 5782 ιι
1232 5730 1381 5798 lapsu
1412 5733 1659 5794 liberare,
1701 5731 1789 5800 qui
1819 5731 1926 5799 jam
1960 5730 2071 5785 suis
2102 5730 2275 5784 instar
2308 5746 2399 5781 vo-

906 5839 1018 5908 (56)
1052 5839 1211 5895 Num.
1252 5844 1309 5895 i'J
1340 5843 1537 5897 dicitur
1580 5844 1869 5909 syncellus.

2486 4628 2576 4689 sit,
2628 4624 2731 4679 labi
2776 4626 2828 4678 in
2885 4624 3091 4693 peccati
3129 4622 3455 4691 periculum,
3500 4619 3884 4673 sacerrimum
3926 4618 4045 4669 [eius

2487 4718 2661 4787 infigit
2694 4717 2747 4770 in
2776 4717 2893 4784 ejus
2922 4716 3108 4778 corde,
3152 4715 3231 4768 sic
3257 4714 3446 4766 dicens
3472 4729 3485 4764 :
3520 4709 3599 4763 Ne
3640 4725 3906 4767 moveas,
3931 4724 3962 4761 ο
3984 4709 4045 4755 ξε-

2487 4820 2724 4881 perator,
2786 4825 2934 4863 arma
2983 4808 3147 4861 surda
3196 4806 3458 4860 adversus
3512 4803 3608 4855 Dei
3672 4802 3855 4871 leges,
3920 4814 4043 4863 neger.

2490 4911 2714 4973 propter
2738 4901 2932 4953 harum
2988 4897 3495 4968 transgressionem,
3537 4892 4045 4947 clanculumxeatrt

2492 4994 2711 5047 milites.
2741 4992 2837 5046 Est
2866 4992 3010 5044 enim
3053 4986 3415 5057 imperatoria:
3460 4984 3761 5053 potestatis
3800 4982 4033 5035 indicina

2492 5084 2671 5137 omnia
2697 5097 2820 5135 eum
2846 5082 3014 5134 libera
3035 5078 3211 5132 facere
3236 5074 3593 5136 conscientia,
3619 5081 3681 5125 et
3714 5072 3865 5124 nihil
3896 5081 4043 5123 tectas

2494 5190 2558 5229 ac
2591 5172 2991 5228 dissimulatum
3032 5178 3215 5223 mente
3263 5166 3474 5234 agitare
3504 5164 3785 5216 adversus
3819 5178 3960 5217 eum.
3988 5176 4045 5221 es

2496 5266 2645 5321 dedit
2674 5278 2955 5326 coronam,
2995 5271 3049 5314 et
3085 5259 3314 5313 maxime
3352 5254 3655 5310 evertenda
3687 5254 3938 5307 divinum
3968 5256 4047 5315 eje

2500 5358 2815 5413 mandatmn
2879 5363 2932 5408 et
2982 5353 3333 5407 voluntatem.
3391 5348 3687 5403 Neminem
3750 5346 3903 5399 enim
3960 5344 4047 5393 last

2500 5452 2707 5506 nullmn
2732 5446 3105 5501 intercessisse
3140 5445 3315 5499 scelus
3341 5442 3407 5495 ad
3438 5456 3520 5503 ea,
3550 5454 3680 5507 qua:
3710 5454 3869 5491 nunc
3892 5438 4046 5489 etiam

2504 5549 2791 5596 struuntur
2816 5537 3075 5591 adversus
3114 5532 3531 5604 imperatricem,
3579 5538 3635 5582 et
3690 5546 3822 5598 qua:
3861 5544 3968 5582 eam
3992 5540 4031 5567 rc

2504 5638 2623 5690 lunt
2681 5634 2949 5701 subjicere
2979 5628 3339 5684 tnaleficorum
3398 5622 3709 5685 veneficiis,
3748 5634 3804 5677 ct

2506 5746 2624 5783 eam
2655 5726 3016 5782 machinalam
3055 5738 3173 5777 esse
3202 5728 3430 5775 mortem
3454 5718 3744 5787 majestati
3771 5728 3883 5772 tua
3904 5719 4047 5769 inte:-
