4092 6438
165 362 298 427 1409

1692 363 1893 424 νιτΑ.

3265 356 3400 420 illi)

154 468 473 535 parabilem.
501 467 632 532 Quis
666 467 834 530 enim,
868 476 927 521 ut
962 468 1111 537 prius
1130 469 1260 535 dixi,
1287 471 1522 540 glorians
1550 470 1730 539 specie
1760 477 1803 531 Α
1836 464 2043 529 rodem,
2076 465 2166 535 qui
2189 475 2312 535 post
2337 476 2563 521 mortem
2601 467 2781 522 fratris
2808 470 2927 535 ejus
2959 484 3173 538 sponsae
3207 472 3360 528 insan

148 559 452 626 juventutis
495 560 796 628 comparari
843 560 1082 629 potuerit
1125 574 1249 613 cum
1302 574 1389 615 tua
1421 562 1726 630 pulchritu-

153 648 303 714 dine,
335 658 391 703 ut
425 665 453 702 a
499 650 687 703 fraude
730 650 972 704 inescata
999 650 1096 704 tibi
1140 666 1409 706 venenum
1462 653 1728 721 praeberet

155 740 495 803 muliercula,
537 750 591 794 et
626 756 685 794 se
714 741 782 795 ab
812 756 895 807 ea,
947 756 1069 809 quae
1107 751 1191 795 est
1236 742 1289 795 in
1320 753 1391 807 te,
1431 744 1726 799 abduceret

155 832 395 885 amicitia
425 839 479 885 et
513 847 768 901 germano
791 833 1026 887 ardore?
1064 832 1323 899 Quisnam
1360 845 1586 905 apparet
1611 851 1727 889 ma-

149 921 256 990 jori
301 924 537 993 glorians
582 924 920 989 excellentia,
964 940 1124 994 quam
1172 927 1335 979 vestri
1376 927 1584 995 imperii
1615 929 1725 997 (57)

153 1012 493 1082 quadruplici
531 1016 821 1082 purpura?
851 1016 1021 1080 Quem
1060 1016 1231 1070 oculis
1261 1026 1315 1070 et
1350 1018 1571 1071 nutibus
1616 1020 1727 1088 pcl-

155 1101 355 1156 lectum
405 1118 630 1159 summae
701 1114 897 1159 vestra!
969 1107 1200 1173 praetulit
1252 1107 1544 1177 dignitati?
1593 1109 1725 1175 Quis

153 1201 346 1246 contra
390 1194 730 1249 adversarios
769 1195 821 1248 in
853 1203 932 1248 tot
965 1197 1161 1265 prmliis
1208 1212 1267 1250 se
1316 1207 1422 1251 tam
1470 1200 1725 1269 prteclare

148 1282 323 1350 gessit
355 1297 516 1351 supra
537 1292 767 1347 vestram
797 1284 916 1354 plus
937 1300 1095 1353 quam
1125 1286 1427 1360 llavidicam
1453 1286 1725 1342 fortitudi-

152 1386 301 1433 nem.
338 1383 394 1427 ut
415 1374 482 1428 ab
503 1374 617 1443 ipsa
641 1384 912 1428 ornaretur
939 1376 1061 1445 plus
1079 1391 1237 1444 quam
1265 1386 1353 1430 tua
1381 1378 1724 1447 imperatoria

148 1461 483 1532 dominatio?
514 1464 628 1519 Non
671 1475 776 1530 est,
808 1481 926 1519 non
957 1475 1042 1519 est
1072 1467 1162 1520 ita.
1201 1466 1443 1523 Fuerunt
1492 1471 1605 1523 hare
1637 1471 1724 1523 in-

150 1560 310 1604 venta
344 1561 398 1606 et
443 1554 767 1623 excogitata,
822 1563 881 1608 ut
924 1556 1401 1624 prsetenderentur
1448 1560 1514 1613 ad
1562 1575 1724 1615 omne

148 1643 379 1698 vitium:
440 1646 740 1714 proposita,
773 1658 832 1700 ut
870 1647 1045 1701 labem
1091 1648 1307 1703 inurant
1355 1659 1568 1717 sceptro
1623 1652 1722 1705 im-

150 1734 307 1802 perii,
347 1736 653 1803 parabolam
707 1737 761 1790 in
789 1739 1062 1807 gentibus,
1116 1748 1169 1793 et
1201 1741 1494 1794 motionem
1532 1744 1720 1812 capitis

150 1825 204 1877 in
234 1826 443 1895 populis
476 1842 569 1880 vos
602 1842 807 1896 ponere
839 1829 1078 1898 graviter
1112 1831 1382 1901 urgentia.
1422 1830 1717 1902 Propterea

150 1917 385 1986 legitima
409 1920 530 1987 jura
566 1932 758 1976 vestra:
783 1924 1083 1993 conjugalis
1104 1933 1158 1978 et
1184 1925 1542 1993 imperatoria:
1565 1928 1719 1981 unio-

148 2008 234 2061 nis
266 2023 371 2062 non
396 2011 661 2065 audemus
691 2014 1014 2079 dissolvere,
1046 2014 1138 2069 Dei
1163 2016 1494 2087 legislatoris
1523 2020 1722 2073 timen-

150 2106 232 2150 tes
270 2102 595 2155 sententiam
633 2121 646 2155 :
695 2119 873 2173 neque
914 2105 1095 2159 verbis
1121 2146 1135 2169 ,
1186 2122 1308 2175 quae
1360 2119 1610 2174 spectant
1654 2109 1718 2164 ad

146 2192 513 2269 accusandum
556 2203 703 2249 tuam
760 2197 1070 2267 eoujugem,
1110 2199 1334 2254 credere
1365 2201 1716 2268 sustinemus,

145 2279 360 2332 etiamsi
418 2281 559 2336 mille
585 2284 848 2339 mortibus
875 2294 931 2339 et
963 2288 1250 2343 tormentis
1277 2290 1508 2359 subjecti
1550 2291 1720 2345 fueri-

143 2384 287 2429 mus.
320 2382 378 2425 ut
404 2374 493 2441 qui
519 2375 756 2428 sciamus
803 2376 1058 2431 diuturna
1089 2378 1514 2434 inflammatione
1545 2382 1716 2435 teneri

143 2466 291 2512 tuam
337 2462 681 2517 aﬁectionem
733 2464 786 2518 in
819 2466 1197 2522 mulierculam
1244 2469 1384 2523 illam
1419 2471 1719 2526 fornicatri~

144 2564 285 2602 cem.
319 2550 458 2615 Quin
491 2554 654 2605 etiam
687 2554 789 2607 hoc
817 2570 1034 2624 quoque
1065 2566 1252 2610 notum
1281 2558 1511 2613 facimus
1533 2575 1715 2614 coram

145 2638 257 2692 Deo
273 2642 325 2693 in
352 2641 538 2710 primis
564 2642 897 2699 honorande
937 2652 1043 2699 tute
1073 2662 1348 2716 purpurae,
1390 2648 1537 2716 quod
1572 2649 1711 2702 intra

143 2731 411 2785 cancellos
462 2733 758 2788 incruente
812 2750 1035 2800 mensae,
1102 2737 1158 2790 in
1221 2752 1326 2806 qua
1388 2739 1711 2793 sacriﬁcium

145 2836 350 2894 magna:
392 2823 579 2878 hostia:
608 2825 806 2879 Christi
844 2827 1225 2881 venerabiliter
1277 2829 1570 2898 peragitur,
1602 2845 1712 2899 non

144 2909 388 2966 sinemus
424 2914 655 2982 amplius
704 2915 985 2968 nobiscum
1012 2925 1245 2969 vestram
1277 2917 1481 2988 ingredi
1513 2928 1710 2987 poten-

146 3001 293 3067 tiam,
320 3017 389 3055 ne
422 3017 521 3057 nos
549 3019 766 3073 quoque
789 3005 1092 3069 audiamus,
1125 3008 1270 3076 quod
1295 3008 1349 3060 in
1381 3011 1710 3065 exsecratio-

1830 572 2015 611 amore
2063 558 2369 621 tenebatur,
2417 559 2591 627 arguit
2636 560 2862 626 (Matth.
2901 577 3008 624 xiv,
3043 563 3105 630 5)
3129 603 3145 627 ,
3181 562 3268 617 hic
3295 580 3393 617 au-

1832 656 1960 711 tem,
2004 663 2127 702 cum
2176 649 2355 705 adhuc
2386 659 2532 704 esset
2555 660 2835 720 superstes
2864 661 2999 705 uxor
3028 652 3400 723 imperatoris.

1827 748 1883 792 et
1912 754 2035 792 cum
2064 755 2125 793 ea
2145 750 2336 794 ornata
2367 750 2514 795 esset
2536 742 2748 810 imperii
2769 743 3097 810 diademate,
3121 756 3177 800 ct
3198 746 3395 801 deinde

1827 829 2053 898 expulsa
2076 842 2241 893 esset,
2266 847 2373 885 non
2394 833 2679 891 ferendum
2701 849 2821 889 esse
2842 844 2993 889 ratus
3021 838 3162 906 quod
3190 846 3393 893 tactum

1828 918 2026 983 fuerat,
2060 919 2158 973 fuit
2202 923 2595 976 convenienter
2626 922 3073 994 Psalmographo,
3115 926 3181 978 ad
3219 935 3394 979 tuatu-

1829 1009 1999 1060 tinum
2047 1011 2363 1063 acutissima
2404 1012 2796 1080 reprehensio,
2842 1015 3057 1067 etiamsi
3098 1015 3298 1077 cribro,
3334 1025 3393 1068 ut

1826 1096 2043 1159 dicitur,
2081 1099 2341 1162 hauserit,
2394 1108 2449 1153 et
2497 1100 2714 1154 acinum
2763 1100 2984 1165 inflarit,
3040 1118 3165 1156 cum
3208 1104 3388 1157 saucia

1824 1195 1966 1239 esset
1994 1196 2050 1241 et
2077 1187 2370 1257 pertineret
2402 1206 2553 1246 mens
2585 1191 2931 1260 imperatoris
2959 1193 3128 1262 (Psal.
3167 1211 3217 1257 c,
3252 1197 3328 1264 8).

1893 1274 1979 1328 55.
2016 1277 2230 1330 Etenim
2258 1294 2377 1332 cum
2409 1283 2591 1334 statim
2617 1297 2759 1344 cam,
2784 1298 2907 1351 qua:
2932 1284 3032 1337 sibi
3061 1287 3387 1341 matrimonii

1818 1366 1944 1434 jure
1970 1370 2258 1438 conjuncta
2291 1380 2428 1431 erat,
2459 1387 2486 1423 a
2519 1387 2580 1425 se
2613 1374 2987 1439 amandasset,
3024 1385 3080 1430 et
3112 1377 3181 1431 ab
3217 1376 3387 1446 impe‘-

1826 1458 2026 1511 ratoria
2078 1461 2196 1513 aula
2232 1461 2547 1526 alienasset,
2603 1472 2658 1518 et
2691 1464 2804 1533 (58)
2849 1467 3060 1533 privato
3105 1468 3287 1520 habitu
3333 1480 3388 1524 et

1827 1546 1947 1600 l::co
1984 1562 2101 1601 eam
2130 1550 2668 1620 circumscripsisset,
2694 1568 2723 1606 a
2757 1562 3078 1623 tempestate
3111 1567 3159 1610 ct
3194 1559 3385 1628 caligi-

1826 1650 1964 1689 noso
2014 1637 2105 1690 illo
2151 1639 2282 1701 salo,
2327 1641 2470 1707 quod
2512 1641 2753 1696 subierat
2789 1642 2991 1707 animo,
3034 1644 3258 1708 destitit,
3291 1661 3387 1714 per

1824 1728 2223 1794 separationcm
2266 1744 2293 1780 a
2323 1745 2580 1799 germano
2613 1746 2713 1785 suo
2761 1736 3026 1788 membro.
3077 1738 3211 1789 Cum
3256 1751 3385 1791 vero

1822 1818 2157 1873 volutarctur
2189 1820 2243 1873 in
2274 1836 2433 1875 emno
2465 1823 2760 1878 introducti
2792 1824 2939 1880 illius
2966 1828 3307 1891 concubitus,
3330 1840 3386 1883 et

1824 1910 2056 1963 maxima
2090 1911 2139 1964 vi
2169 1911 2217 1964 ei
2252 1912 2440 1974 allata,
2495 1915 2690 1969 crebro
2722 1916 3032 1985 pontiﬁcem
3085 1920 3381 1984 incitasset,

1823 2008 1882 2053 ut
1912 2000 2034 2068 ejus
2065 2003 2253 2057 vertici
2285 2012 2604 2058 contexeret
2633 2021 2890 2062 coronam
2926 2010 3201 2064 tenebrosi
3238 2011 3384 2065 illius

1820 2102 1873 2144 et
1903 2092 2101 2147 occulti
2143 2102 2456 2149 contractus
2478 2136 2492 2159 ,
2538 2111 2644 2151 non
2687 2096 2787 2152 fuit
2821 2102 2963 2168 quod
2993 2102 3203 2155 volebat
3236 2116 3384 2156 asse-

1820 2194 1995 2237 cutus.
2029 2183 2102 2238 De
2131 2196 2329 2241 cancro
2354 2199 2533 2242 autem
2576 2190 2683 2244 huc
2723 2192 2928 2256 obibat,
2976 2210 3223 2262 qua‘rcus
3267 2195 3381 2265 (59)

1820 2275 2178 2338 sacerdotem,
2210 2278 2301 2345 qui
2344 2294 2605 2333 coronam
2640 2291 2995 2348 contexeret,
3057 2295 3115 2339 ut
3167 2297 3383 2356 turpem

1820 2363 1967 2417 illum
2001 2364 2300 2421 celebraret
2336 2366 2701 2437 hymenmum.

2396 2521 2624 2578 CAPUT
2668 2518 2819 2580 vm.‘

1817 2627 1999 2682 Sancti
2040 2634 2243 2686 Taraait'
2276 2635 2534 2700 patientia
2583 2637 2638 2687 in
2671 2639 2902 2689 adversis
2932 2656 2948 2690 :
2988 2641 3275 2694 cdntonitio
3312 2643 3383 2694 ad

1909 2701 2106 2753 clerum
2137 2703 2200 2754 de
2231 2703 2490 2771 [renuntio
2538 2705 2726 2758 illicito
2756 2722 3000 2760 sensuum
3030 2719 3288 2776 appetitu.

1889 2813 1979 2867 36.
2036 2811 2104 2867 Et
2152 2813 2221 2868 de
2271 2814 2618 2884 imperatoris
2666 2818 2885 2886 quidem
2943 2819 2994 2873 in
3054 2820 3379 2877 inﬁrmando

1817 2918 2091 2977 prtecepto
2122 2909 2488 2974 recusatione,
2522 2921 2577 2963 et
2606 2910 2984 2967 diviniPatris
3024 2912 3148 2969 forti
3191 2928 3255 2967 ac
3284 2930 3377 2983 ge-

1816 3013 2008 3052 nerosa
2039 2990 2346 3053 constantia
2379 3000 2662 3054 hactenus.
2689 3000 2874 3069 Neque
2905 3003 3050 3055 enim
3080 3002 3161 3056 fas
3190 3013 3273 3056 est
3290 3019 3377 3057 res

145 3091 305 3146 nibus
352 3094 462 3162 jam
535 3095 662 3147 olim
730 3095 932 3150 dicitur
974 3099 1041 3153 ad
1087 3099 1434 3154 sacerdotes:
1494 3086 1711 3158 Calcare

1816 3090 1961 3146 illius
2020 3090 2248 3144 ulterius
2292 3091 2553 3146 mandare
2605 3093 2974 3147 monumentis
3031 3095 3377 3163 litterarum,

145 3178 341 3232 atrium
393 3194 572 3233 meum
613 3195 722 3233 non
779 3182 1064 3251 adjicietis.
1114 3184 1240 3238 Haec
1302 3184 1581 3251 ’l‘arasius,
1617 3190 1710 3259 qui

149 3270 302 3338 primi
325 3269 564 3325 Pastoris
591 3271 792 3326 Christi
819 3288 952 3327 oves
971 3276 1190 3345 regebat
1214 3276 1556 3345 spiritaliter,
1585 3295 1708 3334 cum

145 3376 323 3416 coram
368 3363 698 3432 imperatore
748 3365 1149 3432 pronuntiasset
1190 3381 1312 3420 cum
1359 3368 1539 3422 cordis
1577 3384 1709 3423 con-

142 3452 383 3515 tritione,
420 3454 720 3509 orationem
752 3456 1020 3509 conclusit
1047 3457 1280 3511 silentio.

216 3542 302 3593 34.
339 3542 640 3611 l’rmdictns
674 3553 853 3596 autem
885 3544 1141 3610 Joannes,
1182 3561 1306 3599 cum
1350 3548 1464 3616 ipse
1494 3564 1711 3618 quoque

144 3631 210 3683 ad
248 3632 628 3698 imperatorem
669 3635 852 3687 multis
881 3645 1029 3689 esset
1064 3651 1192 3689 usus
1223 3638 1706 3705 admonitionibus,

145 3724 407 3779 sustinuit
462 3727 725 3779 maximos
758 3725 956 3782 ﬂuctus
1012 3728 1320 3798 ignominiae
1366 3731 1434 3785 ab
1480 3731 1566 3796 iis,
1615 3734 1708 3803 qui

148 3823 394 3881 praetura:
439 3816 705 3886 dignitate
751 3819 1124 3887 gloriabantur
1173 3829 1233 3874 et
1282 3822 1491 3877 honore
1537 3828 1708 3893 patri-

144 3909 316 3961 ciatus
353 3928 363 3960 :
401 3908 492 3976 qui
528 3910 687 3962 etiam
726 3910 1069 3964 minabantur
1100 3926 1158 3966 se
1186 3927 1372 3966 ensem
1420 3914 1708 3969 adacmros

144 4014 241 4065 per
270 3998 526 4051 intestina
566 4001 731 4060 senis,
786 4007 843 4051 ut
891 4000 981 4068 qui
1035 4001 1397 4069 imperatoria:
1448 4004 1704 4071 potestati

144 4090 307 4142 verba
342 4100 633 4159 exspueret
664 4092 958 4154 contraria,
978 4100 1029 4144 et
1058 4108 1163 4145 non
1200 4092 1309 4146 cito
1339 4088 1706 4162 acquiesceret

141 4183 403 4235 voluntati
440 4182 800 4252 imperatoris.
832 4183 968 4235 Ctun
996 4193 1179 4236 autem
1213 4184 1420 4237 firmam
1454 4193 1510 4237 ct
1536 4184 1703 4238 stabi-

144 4275 247 4327 lem
284 4288 503 4326 manere
555 4275 838 4341 utriusque
886 4274 1233 4338 sententiam,
1285 4274 1581 4345 imperator
1621 4276 1705 4329 his

144 4365 325 4421 verbis
346 4366 611 4419 sensisset
638 4375 690 4417 et
716 4366 897 4428 minis,
944 4365 1190 4419 fervente
1225 4366 1302 4419 ira
1333 4366 1605 4429 incensus,
1648 4376 1701 4420 et

1814 3195 1937 3249 quae
1967 3180 2054 3246 iis,
2104 3182 2197 3250 qui
2227 3182 2493 3245 audiunt,
2538 3183 2743 3237 nullam
2790 3184 3029 3237 aﬁ'erunt
3066 3184 3374 3239 utilitatem.

1814 3270 1928 3324 Hoc
1954 3281 2133 3325 autem
2166 3280 2385 3339 oportet
2413 3287 2864 3336 commemorare,
2902 3273 3044 3340 quod
3072 3289 3099 3325 a
3133 3283 3374 3343 tempore

1812 3362 1956 3415 iilius
1985 3362 2170 3430 lapsus
2202 3363 2496 3432 imperator
2518 3379 2775 3431 magnum
2800 3366 3071 3433 Oppressit
3092 3366 3375 3420 Tarasium

1812 3453 1999 3507 multis
2024 3454 2446 3515 tentationibus,
2478 3454 2527 3507 ei
2551 3453 2818 3509 adhibens
2850 3456 3125 3519 custodes,
3159 3458 3249 3525 qui
3278 3473 3374 3511 no-

1808 3542 1958 3599 mine
1993 3543 2212 3611 quidem
2246 3543 2329 3596 usi
2371 3552 2504 3596 sunt
2532 3542 2643 3612 (60)
2694 3543 3083 3612 synccllorum,
3132 3547 3376 3602 moribus

1809 3648 1941 3688 vero
1967 3635 2125 3704 longe
2153 3635 2382 3688 aberant
2406 3649 2435 3687 a
2470 3628 2884 3702 pietate.‘Quos
2915 3636 3016 3688 nisi
3046 3639 3375 3706 assumpsis-

1808 3733 1920 3788 set,
1957 3734 2013 3777 et
2054 3724 2159 3777 nisi
2212 3738 2309 3793 per
2347 3738 2536 3777 eorum
2579 3722 2768 3777 oculos
2801 3723 3125 3782 transiisset.
3163 3741 3269 3779 non
3306 3727 3370 3780 li-

1808 3817 1964 3870 cebat
2002 3817 2253 3885 cuiquam
2292 3816 2360 3870 ad
2389 3814 2637 3877 divinum
2664 3824 2719 3868 et
2746 3816 3052 3884 sapientein
3093 3828 3372 3887 pastorum

1809 3905 2106 3975 principem
2137 3907 2417 3969 accedere,
2450 3917 2506 3961 et
2548 3922 2609 3960 ea
2642 3922 2762 3975 qua:
2794 3908 3129 3961 videbantur
3167 3908 3370 3976 eloqui.

1809 3997 2003 4062 Taceo,
2035 4008 2292 4068 quantam
2325 3999 2625 4067 imperator
2651 4003 2965 4052 ostenderet
2994 4000 3373 4056 crudelitatem

1808 4089 1858 4139 in
1891 4103 2004 4153 eos,
2041 4089 2132 4157 qui
2180 4088 2253 4141 illi
2294 4088 2828 4156 apprOpiuquabaut,
2880 4098 2934 4141 et
2962 4104 3085 4140 eum
3117 4088 3374 4141 observa-

1809 4181 1937 4233 bant
1984 4194 2237 4249 germana
2279 4180 2576 4242 servitute,
2634 4179 2806 4247 plagis
2854 4179 3092 4232 alliciens
3134 4190 3190 4233 et
3237 4194 3373 4232 con-

1804 4271 2071 4324 demnans
2095 4270 2301 4323 exsiliis
2331 4270 2476 4323 nulla
2515 4270 2658 4338 justa
2686 4271 2753 4323 de
2783 4285 2964 4333 causa,
2997 4271 3225 4324 stmlens
3246 4286 3371 4324 eum

1804 4362 2040 4429 dejicere
2072 4377 2099 4413 a
2144 4376 2270 4413 cura
2309 4375 2489 4414 rerum
2534 4360 2864 4422 divinarum,
2899 4370 2955 4413 et
2990 4370 3205 4413 tentans
3243 4375 3369 4414 eum

138 4455 315 4508 sciens
347 4469 404 4506 se
431 4470 538 4508 non
575 4471 730 4522 posse
767 4464 951 4508 contra
983 4456 1095 4510 haec
1125 4457 1325 4517 dicere,
1350 4457 1510 4524 jussit
1545 4472 1638 4510 eos
1672 4473 1700 4510 α
1738 4446 1779 4500 ι)
1806 4453 2020 4505 allicere
2054 4451 2295 4504 tristitia.
2328 4450 2417 4503 Ille
2447 4458 2629 4503 autem
2659 4450 2784 4503 forti
2811 4466 2872 4503 ac
2896 4451 3166 4503 constanti
3192 4450 3371 4504 excel-

134 4562 196 4602 se
236 4547 450 4615 expelli,
509 4550 744 4601 victores
793 4549 911 4601 sine
961 4548 1249 4610 vibicibus,
1298 4557 1354 4600 et
1400 4557 1698 4618 martyres,

134 4636 277 4701 quod
320 4637 384 4688 ad
435 4651 493 4689 se
527 4636 741 4692 attinet.
779 4636 1119 4704 proclamans
1158 4653 1359 4690 corona
1398 4639 1698 4691 redimitos.

135 4726 276 4789 Quid
312 4727 414 4779 hoc
445 4728 602 4780 abest
627 4742 655 4779 a
690 4726 915 4781 Joannis
946 4727 1251 4781 miraculo?
1287 4728 1377 4781 llle
1405 4730 1552 4783 enim
1593 4728 1699 4783 He-

207 4860 318 4932 t57)
353 4860 590 4924 Quartus
620 4861 672 4913 iu
700 4876 795 4932 sua
822 4860 1028 4915 familia
1070 4874 1469 4932 consequenter
1530 4865 1699 4932 impe-

135 4930 311 4993 rabat,
340 4942 455 4996 post
480 4940 688 4998 patrem
734 4930 992 4988 Leonem,
1059 4948 1217 4984 avum
1258 4930 1698 4987 ‘Constautinutn

128 4998 539 5067 Cepi-onymuin
569 5010 621 5051 et
656 5014 914 5067 proavum
950 5000 1180 5053 Leonem
1232 5001 1553 5057 lsamicum.

206 5068 316 5136 (58)
341 5070 530 5135 Coegit
568 5085 709 5131 eam,
742 5071 912 5137 inquit
936 5069 1311 5137 Theophanes,
1347 5082 1402 5125 ut
1434 5074 1698 5126 mouacha

131 5140 319 5197 (iuret:
353 5154 515 5203 quam
540 5155 662 5191 cum
688 5138 913 5202 inﬂexit,
941 5143 1194 5203 totondit,
1222 5142 1482 5206 iudict.5,
1512 5159 1697 5196 mense

127 5209 416 5269 Januario,
460 5222 604 5261 anno
632 5210 840 5276 imperii
871 5210 921 5272 5,
966 5210 1167 5263 Christi
1208 5210 1330 5265 795.

206 5277 317 5341 (59)
358 5277 581 5331 Michael
618 5281 917 5332 monachus
952 5279 1005 5330 in
1053 5278 1171 5331 Vita
1212 5282 1383 5332 sancti
1436 5280 1699 5334 Theodori

134 5349 391 5419 ._Studitrz,
408 5349 481 5399 ait
502 5368 519 5398 ι
542 5359 814 5415 repertum
839 5364 959 5402 esse
988 5351 1354 5419 presbyterum
1383 5353 1694 5418 quemdam,

127 5416 332 5484 .loseph
384 5419 624 5477 nomine,
666 5419 832 5485 gradu
870 5434 995 5471 vero
1039 5416 1695 5483 inconcunturEcclesiae,

132 5486 227 5548 qui
290 5488 410 5554 plus
463 5488 553 5541 illo
591 5486 859 5558 ('l‘arasio)
898 5488 1134 5555 sapiens,
1184 5491 1474 5558 diiinaque
1514 5493 1695 5545 munia

130 5563 507 5627 contemnens,
541 5557 853 5611 illicitarum
893 5558 1223 5624 nuptiarum,
1285 5557 1427 5627 quod
1472 5561 1697 5615 minime

130 5626 343 5687 debuit,
374 5627 616 5679 lenonem
646 5642 704 5680 se
737 5627 986 5695 praestitit
1015 5626 1449 5698 iuitiatoretnque
1476 5643 1529 5685 et
1560 5646 1694 5683 con-

130 5698 431 5747 ciliatorem
461 5698 720 5763 conjugii,
751 5698 1136 5765 obsequentem
1167 5714 1225 5751 se
1259 5713 1351 5766 per
1379 5701 1561 5753 omnia
1588 5700 1690 5753 im-

127 5774 366 5835 peraturi
385 5767 648 5834 praebens,
668 5768 745 5820 vir
763 5767 863 5821 lidc
890 5783 1078 5822 servus
1099 5784 1253 5837 atque
1273 5784 1334 5823 ac
1359 5772 1657 5826 voluntate.
1675 5788 1693 5821 ι

1806 4556 1974 4609 soquc
2008 4551 2061 4594 ct
2106 4541 2336 4595 infracto
2376 4541 2560 4594 animo
2605 4556 2690 4603 ea,
2739 4557 2861 4609 qua;
2898 4541 3219 4594 accidebant
3249 4550 3371 4594 tan-

1804 4649 1962 4701 quam
2000 4648 2119 4701 qna
2151 4640 2307 4686 erant
2338 4632 2486 4684 utilia
2524 4640 2802 4698 reputans,
2846 4646 3038 4701 graves
3084 4631 3203 4683 illos
3229 4646 3369 4699 prte-

1804 4726 2013 4791 fectos,
2072 4734 2324 4793 tanquam
2379 4724 2727 4795 :Egyptiacos
2775 4738 3003 4792 operum
3053 4733 3366 4788 exactores,

1805 4858 1869 4913 Et
1927 4858 2006 4911 sic
2056 4856 2357 4933 secundum
2388 4855 2774 4933 Theophanem
2822 4872 2839 4903 ι
2874 4853 3368 4933 Αξιμιις.ι‹›.ιηρηξ‹ε

1805 4929 2093 4981 coronavit
2142 4928 2436 4994 imperator
2486 4924 2800 4978 Theodolen
2855 4923 3248 4994 cubicularium
3316 4923 3367 4975 in

1803 4997 2122 5066 Angustam,
2160 4990 2603 5066 et'desponsavit
2632 5010 2752 5046 eam
2795 4994 3009 5066 inique.
3050 4990 3181 5043 Di-in
3224 5006 3367 5066 anno

1804 5061 2013 5135 imperii
2045 5067 2126 5120 sui
2149 5061 2544 5141 sex:t_t_,_‘me_use
2572 5062 2899 5141 Septembri,
2917 5061 3368 5141 imperator‘Con:

1802 5128 2073 5191 sla'ntinus
2119 5134 2563 5210 cumTheodotc_
2589 5128 2805 5200 nuptias
2838 5133 2889 5184 in
2929 5128 3128 5210 palatio
3183 5128 3365 5210 Sancti

1802 5207 2093 5278 Mamautis
2140 5207 2453 5278 celebravit.
2496 5223 2515 5256 ›
2545 5203 2594 5257 ls
2622 5214 2738 5278 erat
2788 5217 2965 5278 annus
2996 5200 3197 5278 Christi
3241 5200 3364 5277 795,

1803 5278 1995 5331 lndict.
2029 5276 2062 5327 4
2099 5284 2293 5342 empta.
2331 5274 2449 5339 Quo
2484 5290 2591 5347 non
2621 5273 3002 5324 animadverso
3042 5273 3252 5347 tertiam
3284 5273 3367 5347 in-

1800 5348 2122 5418 dictiouent_
2160 5338 2265 5418 hic
2311 5338 2677 5418 legi__dehere
2740 5351 2891 5418 ratus
2957 5350 3040 5393 est
3100 5338 3365 5418 llaronius

1802 5432 1951 5472 num.
1986 5417 2074 5470 41.
2106 5415 2181 5468 Ita
2217 5415 2357 5490 idem
2406 5412 2766 5490 Theophanes
2808 5412 2873 5463 ad
2906 5425 3110 5490 anuan
3155 5412 3361 5490 unperd

1801 5486 2145 5541 Constantini
2193 5492 2246 5537 et
2279 5482 2459 5558 Irenes
2495 5476 2792 5558 septimum
2832 5476 3033 5534 mcusc'
3059 5476 3362 5558 Sfptembri

1800 5557 2042 5626 aljungit
2080 5555 2292 5608 initium
2329 5553 2645 5626 indictionis
2677 5551 2988 5611 decirr.a:,et
3021 5551 3362 5626 primoanuo

1802 5617 2012 5696 im'pcrii
2051 5622 2413 5698 Constantini
2454 5623 2625 5677 solius
2680 5634 2921 5698 mensem
2985 5617 3357 5686 Septembrem

1800 5693 1924 5768 cum
1946 5695 2244 5768 indictione
2279 5693 2487 5768 decima
2517 5700 2708 5761 quarta
2740 5693 2951 5768 statuit.
3152 5757 3163 5768 .

1881 5766 1991 5835 (60)
2016 5764 2247 5835 Syncelli
2281 5765 2495 5833 proprie
2521 5755 2717 5818 domus
2742 5761 2996 5828 cellaeque
3029 5755 3363 5829 patriarcha-
