4092 6438
109 396 242 462 1413

1641 393 1838 455 νΙΤΑ.

3200 404 3344 472 illi

96 524 217 564 mas
248 515 468 578 propter
528 505 696 558 Deum
735 503 1009 574 prodegit,
1044 518 1153 557 non
1205 503 1272 559 ad
1316 502 1551 557 tribunal
1602 516 1660 556 se
1694 512 1735 563 Α
1766 504 1892 558 tur?
1923 503 2055 572 Quis
2089 521 2213 560 cum
2240 506 2448 573 videns,
2481 508 2569 563 cui
2616 520 2779 581 caput
2814 513 3091 583 tyrannica
3115 530 3339 587 propter

94 601 290 655 sistens
317 596 649 666 tyranuicum
704 594 756 648 in
784 594 1127 664 stadiumque
1154 604 1208 649 et
1230 610 1451 648 arenam
1476 594 1662 647 decer-

96 698 308 744 tatur-us
351 688 609 757 prodiens
645 693 728 739 est
769 685 1028 748 imitatus,
1066 693 1121 737 et
1163 684 1335 739 erexit
1360 685 1659 753 trophzeum

95 776 365 830 veritatis:
397 775 492 830 Sed
522 789 635 839 eos,
670 774 761 843 qui
793 772 909 827 btec
938 778 993 826 et
1026 770 1111 825 his
1155 771 1358 840 majora
1388 770 1663 824 sustinue-

96 877 243 931 runt,
288 866 630 931 desiderans,
662 873 716 919 et
763 863 915 917 miris
969 862 1236 915 extollens
1278 861 1553 925 laudibus,
1606 867 1662 913 et

92 963 361 1013 coronans
382 958 544 1011 veluti
572 957 897 1027 quibusdam
925 954 1205 1009 victoriam
1230 952 1661 1023 significantibus

91 1050 382 1104 verborum
429 1048 865 1111 diadematibus,
930 1054 983 1099 et
1029 1059 1218 1099 eorum
1273 1045 1537 1097 salutares
1593 1043 1659 1095 ad

92 1140 261 1193 Deum
309 1124 569 1193 reverens
600 1137 1058 1202 intercessiones,
1092 1143 1148 1188 et
1186 1150 1383 1188 vocans
1412 1134 1479 1187 ad
1508 1134 1663 1186 auxi-

90 1232 221 1285 lium
251 1243 490 1301 paratam
524 1231 853 1301 scripturam
884 1240 939 1284 ct
986 1230 1206 1294 librum,
1249 1245 1311 1284 se
1336 1243 1432 1281 sua
1467 1234 1660 1295 sponte

86 1322 414 1377 offerentem
446 1321 501 1377 in
535 1322 706 1376 sacris
741 1321 980 1390 templis,
1011 1320 1312 1373 honoriﬁce
1344 1317 1410 1371 de
1439 1315 1659 1384 scriptis

87 1426 277 1465 eorum
326 1410 739 1473 certaminibus,
783 1408 1002 1479 posuit:
1041 1416 1098 1462 ut
1137 1409 1223 1474 iis,
1270 1408 1360 1475 qui
1391 1405 1657 1470 viderent,

85 1504 324 1574 aperiret
353 1503 617 1559 vestibula
656 1502 1115 1572 compunctionis,
1157 1510 1211 1555 et
1240 1500 1471 1554 athletas
1502 1499 1658 1552 indu—

84 1603 254 1659 ceret,
286 1609 477 1649 eorum
508 1594 627 1651 zelo
660 1609 940 1659 accensos,
972 1602 1033 1647 ut
1071 1591 1322 1654 similem,
1356 1590 1399 1643 si
1445 1597 1657 1657 tempus

84 1694 335 1749 vocaret,
382 1685 598 1739 beatam
662 1685 969 1754 arriperent
1030 1683 1479 1738 decertationem.
1549 1678 1657 1732 Res

82 1772 230 1827 enim
267 1773 535 1841 ejusmodi
582 1771 683 1829 scit
725 1774 1014 1829 conciliare
1056 1773 1268 1835 oculus,
1317 1770 1408 1839 qui
1445 1779 1529 1823 est
1556 1770 1654 1823 bo-

1764 593 2039 651 Christum
2094 598 2198 653 fuit
2235 610 2573 669 amputatum
2605 603 2895 670 sententia,
2932 614 2989 661 et
3026 607 3119 676 qui
3177 624 3340 667 omne

1763 701 1936 756 genus
1993 688 2246 745 ﬂuetibus
2294 706 2538 746 seorsum
2598 692 2772 747 fertur
2818 698 2854 748 a'
2882 697 3086 766 reliqua
3150 702 3340 767 cymba

1764 780 2027 847 corporis,
2055 790 2109 835 et
2132 791 2266 836 nutu
2301 783 2467 837 divini
2500 785 2687 840 auxilii
2714 802 2777 840 ea
2811 786 2961 841 unita
2982 798 3038 843 et
3057 806 3156 858 per
3184 806 3339 845 mare

1764 873 2019 935 tanquam
2079 886 2173 938 per
2228 871 2436 924 aridam
2496 884 2647 927 recto
2700 875 2897 929 itinere
2951 877 3337 947 ingredientia,

1763 958 1971 1013 etiamsi
2024 960 2223 1016 duritie
2278 978 2372 1015 cor
2427 964 2621 1017 habeat
2675 964 2970 1031 ﬂuctuans,
3018 982 3126 1021 non
3154 971 3338 1025 statim

1761 1048 1910 1100 venit
1938 1049 2003 1101 ad
2037 1057 2247 1118 portum
2279 1052 2681 1120 tranquillitatis
2712 1055 2971 1122 spiritalis
2991 1056 3014 1108 ?
3033 1055 3167 1120 Quis
3188 1072 3337 1120 eum,

1761 1139 1918 1205 cujus
1982 1156 2190 1208 ungues
2250 1142 2609 1196 arundinibus
2664 1145 2838 1199 acutis
2885 1146 3254 1215 perforantur,
3285 1154 3343 1202 et

1760 1227 1851 1295 qui
1887 1228 1939 1279 in
1986 1229 2303 1283 bullientcm
2350 1231 2484 1299 picis
2516 1233 2747 1286 lebetem
2789 1250 3032 1307 princeps
3059 1237 3340 1308 immergi-

1763 1327 1849 1372 tur
1872 1328 1926 1373 et
1952 1336 2139 1373 rursus
2188 1326 2439 1387 emergit,
2472 1331 2528 1375 et
2556 1323 2731 1391 gladio
2776 1324 3048 1378 hostiliter
3075 1342 3339 1382 consum-

1762 1420 1958 1474 matur,
2002 1412 2294 1479 aspiciens,
2342 1428 2449 1467 non
2482 1428 2680 1466 manus
2707 1415 2774 1466 ad
2814 1413 2979 1467 Deum
3009 1415 3246 1481 sustulit,
3282 1426 3338 1472 et

1760 1516 1869 1555 non
1895 1504 2099 1572 optavit
2140 1506 2338 1558 deinde
2371 1507 2527 1560 talem
2564 1506 2801 1575 experiri
2826 1508 3127 1561 cruciatum
3152 1509 3175 1562 ?
3200 1507 3337 1575 Quis

1759 1606 1873 1657 eos,
1898 1594 1988 1662 qui
2024 1595 2147 1665 gelu
2187 1596 2416 1649 hiberno
2461 1605 2513 1650 et
2556 1597 2697 1651 aeris
2730 1598 2914 1666 algore
2947 1608 3333 1664 concrescunt,

1758 1692 1811 1736 et
1840 1683 1971 1737 nudi
2005 1687 2306 1748 decertant,
2337 1693 2538 1739 attente
2561 1688 2917 1741 considerans
2949 1705 2964 1752 ;
3001 1697 3056 1742 et
3083 1689 3174 1757 qui
3205 1704 3335 1742 cru-

1759 1789 1877 1827 rum
1915 1775 2187 1828 sustinent
2217 1774 2529 1837 fractiones.
2555 1785 2609 1830 et
2637 1791 2759 1830 cum
2784 1778 3041 1833 ardentes
3066 1779 3333 1834 carbones

82 1877 214 1917 num
265 1877 644 1935 argumentum
682 1877 1028 1930 consecutus,
1079 1873 1135 1918 et
1172 1864 1417 1918 auditum
1452 1878 1653 1931 prmce-
1686 1866 1729 1922 Β
1758 1856 1965 1919 natura:
1991 1866 2185 1949 robore
2216 1865 2525 1934 effugerint,
2559 1867 2611 1919 in
2645 1867 2934 1921 ﬂuviorum
2968 1867 3169 1922 ﬂuenta
3203 1870 3335 1923 mit-

80 1953 234 2006 dere.
298 1951 418 2023 Ipse
454 1955 600 2009 enim
648 1955 947 2012 secundum
995 1956 1261 2008 honorem
1308 1962 1423 2023 post
1477 1951 1652 2005 visum

80 2053 167 2099 est
217 2045 485 2116 adeptus,
539 2054 596 2101 et
641 2063 766 2103 cum
822 2030 1010 2103 oculus
1052 2048 1257 2117 absque
1313 2045 1654 2116 expositione

79 2150 293 2199 eorum,
321 2147 599 2207 quassum
646 2140 911 2209 subjecta,
945 2140 1140 2209 figuras
1164 2137 1397 2207 accipiat
1426 2135 1652 2191 eviden-

80 2236 188 2291 tes,
238 2231 455 2284 auditus
511 2246 723 2301 semper
774 2232 1073 2287 secundum
1131 2231 1310 2285 locum
1366 2238 1535 2292 tenet,
1596 2236 1654 2283 ut

78 2320 215 2374 dixit
238 2322 455 2391 quidam
487 2324 730 2393 sapiens.

152 2411 242 2466 40.
281 2411 413 2477 Quis
454 2413 598 2467 enim
632 2413 905 2469 coloribus
934 2429 1250 2484 expressum
1286 2413 1477 2468 videns
1504 2427 1652 2475 eum,

77 2501 171 2569 qui
217 2500 477 2567 decertat,
517 2509 572 2556 et
603 2503 779 2573 ignem
818 2503 1234 2573 despicientem,
1281 2510 1334 2556 et
1363 2502 1509 2555 nube
1559 2499 1656 2553 ﬂa-

78 2592 342 2662 gellorum
390 2594 809 2662 circumdatum,
863 2605 919 2650 et
970 2596 1023 2649 in
1074 2597 1158 2651 his
1197 2595 1442 2651 Creatori
1485 2592 1656 2647 confi-

78 2681 277 2733 denter
337 2683 589 2751 spiritum
643 2685 1007 2748 emittentem,
1044 2701 1157 2739 non
1198 2685 1386 2739 calidis
1416 2685 1654 2740 circum-

80 2772 329 2826 tunditur
373 2774 643 2843 lacrymis,
695 2785 751 2829 et
799 2777 1151 2846 suspiriisvac
1179 2778 1471 2847 gemitibus
1501 2793 1655 2832 com-

81 2865 383 2932 pungitur?
412 2864 546 2930 Quis
571 2881 718 2931 eum,
748 2870 841 2937 qui
876 2884 935 2922 se
963 2869 1112 2922 exuit
1138 2870 1202 2923 ad
1230 2869 1411 2939 gravia
1445 2870 1656 2923 crucia-

82 2969 236 3008 mum
278 2964 334 3010 et
377 2952 768 3025 suppliciorum
819 2974 1041 3028 genera,
1086 2968 1139 3013 et
1172 2964 1447 3028 postremo
1467 2970 1656 3014 'tortus

80 3042 206 3109 fuit,
258 3046 548 3116 aspiciens,
594 3065 701 3102 non
737 3051 915 3128 cordis
944 3051 1268 3106 contritione
1298 3059 1490 3119 pectus
1531 3062 1657 3105 tun-

81 3137 222 3191 dens
250 3140 498 3213 recedit?
527 3140 658 3206 Quis
693 3158 818 3218 eum
848 3144 1056 3209 videns,
1099 3144 1189 3213 qui
1220 3159 1319 3212 pro
1344 3142 1566 3198 Christo
1598 3146 1655 3197 se

82 3229 305 3284 tradidit
331 3230 629 3297 lictoribus,
654 3234 1005 3303 compedibus
1026 3237 1359 3304 manicisque
1380 3244 1431 3290 et
1458 3235 1657 3289 ﬂdibus

82 3322 405 3392 constringi,
428 3333 483 3377 et
501 3326 698 3379 deinde
734 3324 948 3380 fortiter
976 3329 1260 3397 exspirare
1292 3329 1346 3381 in
1376 3326 1658 3396 suppliciis

82 3413 457 3478 Intolerandis,
520 3432 629 3469 non
657 3417 956 3493 admiratur
995 3419 1333 3487 patientiam,
1368 3418 1657 3474 invictam-

82 3520 193 3574 que
229 3506 430 3560 excelsi
474 3508 641 3561 animi
685 3510 938 3562 virtutem
979 3518 1035 3563 ct
1087 3509 1293 3563 ﬁdem?
1354 3509 1488 3575 Quis
1535 3527 1657 3565 eum

84 3604 362 3663 spectans,
387 3597 503 3665 qui,
549 3613 622 3650 ne
671 3598 885 3667 aliquod
921 3601 1145 3653 verbum
1200 3585 1477 3654 emitteret
1514 3601 1658 3655 indi-

86 3701 256 3755 gnum
291 3686 509 3756 pietate,
546 3697 600 3742 et
638 3690 693 3743 in
739 3690 1000 3744 lateribus
1022 3700 1089 3744 'et
1124 3690 1179 3745 in
1215 3691 1376 3745 dorso
1403 3692 1657 3758 laniatur,

86 3792 199 3830 non
237 3778 536 3833 emolles'cit
560 3781 1075 3836 commiseratione?
1101 3781 1233 3848 Quis
1259 3798 1369 3838 non
1402 3783 1661 3851 impletur

87 3862 472 3929 admiratione,
498 3873 551 3917 et
588 3866 828 3942 quatitur
852 3866 1068 3930 timore,
1098 3867 1316 3936 quando
1341 3868 1483 3921 videt
1511 3883 1659 3931 eum,

87 3952 186 4024 qui
212 3968 311 4023 pro
334 3954 437 4008 flde
464 3955 685 4024 patitur,
721 3960 903 4012 omnia
936 3959 1177 4013 membra
1205 3972 1301 4012 sua
1325 3958 1661 4013 distribuen-

89 4055 242 4112 tem;
276 4046 405 4100 dum
439 4047 723 4114 scinditur,
760 4058 814 4104 et
850 4050 916 4105 ad
948 4050 1041 4104 Dei
1068 4050 1393 4105 sacrificium
1421 4058 1476 4105 et
1511 4050 1663 4104 abla-

91 4138 295 4191 tionem
327 4153 389 4191 ea
428 4132 689 4205 secrevit,
722 4156 843 4210 qua:
872 4156 1044 4211 usque
1081 4141 1148 4195 ad
1184 4141 1462 4194 musculos
1494 4140 1663 4194 femo-

95 4234 266 4295 raque
299 4237 355 4281 et
385 4229 520 4283 talos
559 4239 612 4283 et
654 4238 831 4285 tarsos
869 4222 1187 4284 dividuntur
1218 4229 1665 4284 immisericordi-

98 4329 199 4382 ter,
237 4334 346 4374 non
389 4321 688 4377 admiratur
725 4322 1203 4377 laboriosissimum
1252 4321 1303 4375 in
1337 4321 1668 4377 decertando

94 4412 451 4482 patientiam?
510 4413 642 4479 Quis
715 4430 839 4469 eum
896 4415 1206 4491 aspiciens,
1248 4400 1357 4482 qui
1418 4414 1669 4468 leonibus

1757 1965 1944 2010 tuntur
1966 1973 2153 2011 eorum
2190 1957 2446 2026 reliquiae,
2489 1974 2596 2012 non
2637 1959 2966 2013 desideravit
3007 1975 3102 2014 eos
3134 1960 3334 2015 habere

1754 2058 2033 2115 patronos,
2085 2056 2138 2103 et
2172 2048 2427 2118 precibus
2479 2049 2762 2118 attrahere
2812 2066 3001 2104 eorum
3063 2066 3245 2106 acrem
3277 2061 3335 2108 ct

1752 2140 1966 2210 dignam
2003 2140 2420 2195 defensionem?

1821 2232 1910 2285 M.
1953 2230 2076 2286 Haec
2102 2242 2281 2285 autem
2312 2231 2508 2285 videris
2542 2229 2654 2284 ﬂeri
2695 2245 2804 2283 non
2831 2231 3005 2286 solum
3035 2232 3087 2286 in
3117 2248 3333 2287 mascu-

1751 2322 1837 2381 lis.
1889 2324 1982 2376 sed
2025 2322 2185 2376 etiam
2236 2322 2291 2375 in
2348 2322 2588 2385 feminis,
2640 2338 2761 2391 qua:
2794 2323 3013 2390 paribus
3050 2323 3334 2380 decertant

1755 2413 2169 2477 certaminibus,
2207 2422 2263 2467 et
2309 2412 2665 2481 equulcorum
2703 2398 2760 2466 et
2798 2425 3039 2467 rotarum
3087 2424 3142 2467 et
3166 2422 3331 2469 ciete-

1754 2521 1939 2559 rorum
1969 2514 2365 2559 tormentorum
2393 2506 2597 2559 nullam
2630 2506 2838 2560 ducunt
2880 2506 3165 2561 rationem.
3199 2506 3336 2573 Quis

1754 2594 1899 2661 enim
1950 2596 2065 2649 hmc
2116 2595 2231 2649 ﬂeri
2280 2596 2556 2664 aspiciens
2586 2595 2642 2649 in
2676 2597 2999 2649 mollissima
3025 2608 3244 2661 natura,
3287 2599 3334 2653 si

1756 2686 1922 2740 veluti
1951 2688 2159 2740 litteras
2187 2688 2495 2749 attendens,
2524 2687 2667 2756 legat
2702 2676 2934 2750 colores,
2986 2703 3097 2741 non
3140 2689 3337 2744 mulie-

1756 2776 1907 2831 brem
1940 2777 2162 2844 abjiciat
2210 2777 2573 2839 timiditatem,
2620 2786 2675 2831 et
2717 2777 2907 2832 fiducia
2949 2779 3195 2841 indutus,
3226 2796 3334 2834 non

1755 2876 1936 2919 autem
1987 2866 2275 2919 temeraria
2328 2866 2572 2929 audacia,
2623 2875 2680 2921 et
2731 2868 3001 2925 ad.Deum
3050 2868 3336 2925 funeb:cm

1757 2949 1917 3010 canat
1976 2956 2360 3021 laudationem,
2422 2964 2476 3010 et
2520 2967 2708 3024 aperte
2760 2958 3080 3025 pronuntiet
3122 2960 3338 3014 beatam

1760 3047 1898 3101 lianc
1930 3046 2188 3100 invictam
2252 3046 2665 3100 fortitudinem?
2710 3046 2845 3111 Quis
2900 3047 3093 3102 videns
3141 3048 3337 3105 imma-

1759 3148 2005 3192 turorum
2035 3151 2328 3205 puerorum
2378 3145 2594 3190 aetatem
2627 3136 2681 3190 in
2714 3138 3029 3206 asperrimis
3059 3139 3339 3194 doloribus

1683 3206 1727 3263 ο
1762 3241 2014 3298 tanquam
2043 3229 2096 3282 in
2128 3229 2283 3299 aquis
2310 3228 2668 3291 innatantem,
2701 3239 2755 3284 et
2798 3239 3055 3300 tanquam
3092 3232 3177 3285 lac
3207 3247 3342 3286 cna-

1759 3323 2020 3394 gulatum,
2081 3320 2349 3374 emulsum
2403 3336 2467 3375 ex
2530 3322 2791 3387 uberibus
2854 3322 3013 3385 ﬂdci,
3068 3332 3124 3378 et
3177 3340 3342 3380 omne

1758 3428 1926 3482 genus
1963 3412 2215 3465 tormenti
2247 3420 2301 3465 et
2345 3411 2595 3480 supplicii
2629 3412 2789 3464 simul
2818 3410 3080 3466 ferentem
3117 3422 3341 3483 propter

1757 3502 2059 3563 Christum,
2115 3518 2224 3555 non
2280 3502 2577 3570 coniecerit
2634 3502 2738 3556 hoc
2793 3517 2917 3555 esse
2972 3520 3114 3572 opus
3165 3500 3335 3559 divini

1759 3593 1967 3655 auxilii,
2018 3594 2164 3661 quod
2201 3600 2255 3646 et
2294 3592 2615 3646 muliebrem
2673 3592 3102 3649 imbecillitatem
3134 3595 3343 3651 virtute

1760 3684 1897 3737 virili
1926 3683 2055 3738 fecit
2084 3684 2469 3744 robustiorem,
2503 3691 2558 3737 et
2597 3682 2935 3751 impuberem
2976 3700 3041 3738 ac
3073 3686 3341 3754 puerilem

1762 3774 2229 3844 imperfectionem
2257 3774 2499 3829 ostendit
2531 3773 2726 3841 Spiritu
2764 3788 2827 3828 ac
2871 3789 3035 3828 sensu
3066 3790 3186 3829 esse
3219 3791 3343 3830 mu-

1764 3872 1925 3917 tatam
1980 3865 2036 3918 in
2091 3864 2321 3919 senilem
2358 3848 2726 3917 vetustatem?
2789 3863 2924 3928 Quis
2978 3854 3232 3919 Tltcclam
3288 3875 3342 3920 et

1767 3952 2124 4023 Stephanum,
2174 3954 2267 4023 qui
2330 3952 2493 4023 primi
2542 3962 2665 4022 post
2692 3953 2971 4009 Christum
3017 3954 3338 4009 athleticam

1766 4054 1974 4113 portam
2002 4051 2333 4115 aperuerunt
2357 4044 2704 4115 martyribus,
2739 4043 2888 4099 hunc
2909 4044 3130 4113 quidem
3150 4044 3346 4102 videns

1766 4136 2036 4206 lapidibus
2069 4138 2393 4206 appetitum,
2439 4146 2494 4191 et
2526 4136 2830 4191 occisorum
2864 4151 2962 4205 per
2989 4151 3213 4205 precum
3256 4139 3342 4189 in-

1769 4229 2153 4282 tercessionem
2188 4229 2333 4298 apud
2374 4228 2542 4283 Deum
2584 4244 2772 4283 curam
2816 4236 3139 4297 gerentem;
3191 4227 3340 4281 illam

1770 4336 1899 4375 vero
1942 4330 1998 4376 et
2048 4320 2287 4375 ferarum
2343 4320 2605 4374 saevitiam
2643 4318 3059 4388 despicientem,
3119 4326 3342 4387 pr0pter

1772 4426 1922 4465 suam
1958 4426 2068 4465 non
2099 4411 2277 4476 ﬂctam
2335 4411 2388 4464 in
2429 4412 2725 4474 Christum,
2769 4424 2929 4480 quem
2975 4408 3339 4476 desiderabat,

93 4503 352 4573 obiicitur
380 4492 742 4569 devorandas,
776 4517 832 4559 et
852 4495 1327 4560 dentibus'corum
1358 4503 1665 4568 molendus,
1704 4542 1745 4595 υ
1772 4502 2112 4565 cbaritatem,
2150 4518 2258 4555 non
2298 4502 2480 4556 statim
2510 4501 2682 4556 discit'
2711 4517 2819 4555 non
2854 4500 2992 4553 male
3026 4500 3231 4568 precari
3258 4501 3343 4554 iu-

96 4605 155 4650 et
193 4597 357 4651 veluti
405 4598 646 4651 cmlestis
678 4598 834 4668 panis
878 4612 1079 4651 mensae
1109 4596 1315 4651 cmlcsﬁ
1353 4594 1669 4664 conspergi—

98 4696 209 4751 tur,
254 4702 365 4740 non
395 4697 475 4743 est
513 4688 861 4757 intelligentia
902 4678 1175 4757 particeps
1212 4687 1357 4740 illius
1387 4684 1665 4755 martyriri

98 4776 361 4845 spiritalis
413 4774 687 4829 convivii?
739 4773 871 4840 Quis
930 4790 1053 4828 eum
1101 4775 1515 4844 contemplans,
1577 4773 1668 4842 qui

99 4866 293 4921 acerba
327 4874 513 4921 catena
532 4875 765 4935 propter—
786 4864 952 4919 Deum
983 4865 1304 4935 exagitatus,
1336 4873 1392 4917 et
1419 4868 1473 4917 in
1504 4864 1671 4917 altum

101 4959 368 5023 sublatus,
411 4967 465 5012 et
494 4958 622 5011 loris
652 4974 715 5011 ac
739 4957 970 5011 stntinis'
985 4957 1185 5012 vibices
1204 4957 1366 5011 habet
1397 4965 1669 5021 extensus,

101 5058 161 5104 et
191 5050 406 5103 tandem
452 5049 629 5118 gladio
673 5058 900 5101 mortem
932 5048 1099 5111 subit,
1137 5063 1245 5101 non
1274 5048 1517 5116 scipsum
1553 5061 1671 5099 cm-

103 5141 240 5195 nino
282 5141 458 5195 cordis
492 5142 821 5195 contrahens
847 5140 1294 5204 contritionibus,
1340 5141 1675 5195 convertitur

104 5236 175 5289 ad
209 5243 415 5305 gratam
457 5234 550 5289 Dei
599 5232 1078 5304 gloriﬂcationem?
1121 5232 1256 5300 Quis
1288 5249 1411 5287 cum
1460 5232 1673 5297 videns,

102 5329 199 5397 qui
235 5337 414 5381 rectus
448 5327 500 5379 in
538 5326 680 5395 ligno
725 5325 977 5388 vincitur,
1018 5334 1074 5380 et
1105 5326 1261 5394 cujus
1292 5324 1679 5378 exinaniantur

107 5420 368 5474 intestina
418 5417 793 5487 frequentibus
838 5417 1036 5471 ictibus
1082 5416 1412 5485 ﬂagellorum
1441 5457 1454 5481 ,
1492 5425 1546 5468 et
1585 5415 1677 5485 qui

104 5507 422 5563 diuturnam
461 5507 603 5560 illam
635 5506 864 5559 sustinet
899 5505 951 5557 in
982 5505 1125 5574 ligno
1161 5504 1591 5574 perpessionem,
1624 5512 1679 5558 et

106 5602 229 5655 sine
281 5596 579 5652 visceribus
640 5595 978 5665 ingrediens,
1059 5592 1341 5647 funebrem
1390 5594 1677 5662 quamdam

108 5689 272 5746 saltat
310 5689 679 5753 saltationem,
717 5703 829 5742 non
879 5688 1063 5742 divino
1109 5687 1215 5740 telo
1260 5687 1316 5740 in
1348 5688 1512 5741 corde
1554 5701 1679 5740 sau-

109 5783 305 5850 ciatur,
340 5782 860 5851 tabernaculumque
887 5788 939 5835 et
966 5781 1228 5850 templum
1263 5778 1481 5848 pietatis
1510 5777 1681 5833 elfici-

1773 4594 1970 4657 imicis,
1991 4593 2085 4658 sed
2122 4598 2376 4660 tanquam
2413 4591 2851 4645 benefactoribus
2888 4592 2967 4645 eis
2997 4589 3223 4661 gratiam
3255 4608 3351 4651 rco,

1772 4684 1933 4742 ferre.
1964 4692 2017 4736 et
2066 4683 2330 4736 adversus
2384 4698 2601 4735 omnem
2637 4682 2929 4736 belluinam
2984 4688 3039 4732 et
3070 4690 3344 4737 amentem

1772 4773 2046 4825 deerrtare
2083 4771 2371 4825 haeresim?
2554 4760 2555 4763 “

1841 4859 1931 4913 1ιὲ.
1969 4856 2075 4913 Sed
2113 4870 2330 4913 transeo
2377 4858 2445 4911 ad
2480 4857 2649 4911 Deum
2682 4872 2864 4912 meum
2912 4867 2969 4912 ct
3009 4860 3303 4915 Dominum
3329 4901 3347 4921 ,

1774 4951 1865 5021 qui
1903 4961 2106 5022 martyr
2135 4960 2220 5005 est
2263 4950 2590 5020 appellatus,
2626 4958 2682 5004 et
2726 4950 2829 5004 fuit
2857 4952 3091 5020 posteris
3122 4952 3348 5021 dispen-

1776 5052 1923 5096 sator
1975 5042 2216 5096 victoria:
2250 5060 2263 5095 :
2297 5057 2461 5112 quem
2504 5041 2556 5094 in
2607 5041 2756 5113 ligno
2802 5057 3036 5097 cernens
3067 5044 3234 5098 clavis
3262 5044 3348 5097 af-

1779 5136 1966 5197 fixum,
2003 5142 2057 5188 et
2095 5134 2322 5204 spongia
2358 5140 2514 5187 aceto
2545 5142 2600 5187 et
2637 5132 2761 5187 felle
2796 5142 3060 5202 potatum,
3102 5142 3158 5189 et
3179 5135 3345 5193 latere

1778 5226 1965 5280 lancea
2010 5234 2294 5295 punctum,
2340 5234 2395 5279 et
2425 5240 2490 5279 ex
2522 5240 2588 5278 eo
2615 5224 2825 5279 vivifica
2861 5224 3061 5281 ﬂuenta
3094 5227 3341 5279 emittm.

1783 5326 1913 5378 tcm,
1947 5318 2146 5370 horreo
2175 5324 2232 5369 et
2266 5332 2294 5368 a
2331 5331 2416 5369 me
2443 5315 2685 5379 discedo,
2735 5315 3055 5385 honoreque
3099 5318 3217 5386 ejus
3264 5318 3348 5371 in-

1780 5408 2151 5478 vestigabilem
2193 5417 2249 5461 ct
2277 5407 2603 5479 stupendam
2640 5407 2723 5461 sui
2758 5406 3169 5467 demissioncm.
3204 5409 3344 5476 eiu»

1781 5517 1886 5575 quc
1934 5485 2192 5553 admiror~
2220 5514 2446 5554 summa:
2482 5498 2747 5552 malorum
2780 5500 3078 5553 tolerantia:
3105 5500 3352 5570 pelagus.

1782 5593 1993 5648 Etenim
2025 5601 2247 5661 propter
2273 5590 2577 5645 clementia:
2598 5591 3050 5661 magnitudinem,
3080 5601 3138 5645 et
3164 5592 3351 5645 ineffa-

1782 5687 1943 5741 bilem
2009 5682 2399 5737 misericordia:
2458 5682 2799 5747 bonitatem,
2873 5699 2999 5737 cum
3051 5692 3357 5753 accepisset

1783 5792 2000 5833 carnem
2036 5775 2318 5848 ejusdem,
2363 5775 2520 5847 cujus
2570 5783 2780 5843 nostra,
2827 5775 3095 5844 essentthe,
3147 5790 3353 5844 nequa-
