4092 6438
754 423 892 487 1415

1817 409 1877 467 S.
1931 401 2238 464 TABASII
2278 400 2357 458 ΡΛ

2468 394 2713 455 .IARCI]
2729 394 2789 451 ,Ε
2824 392 2935 450 CP.
3840 390 3923 452 iiii

744 554 907 609 Quam
937 551 997 591 se
1046 549 1164 588 osse
1208 534 1378 586 Deum
1414 528 1710 590 inliciatus,
1748 524 1912 577 verbo
1943 520 2164 591 quidem
2196 517 2327 571 veri-
2363 529 2405 587 Α
2437 513 2508 567 sit
2552 512 2674 580 ejus
2707 508 2989 577 exemplar
3029 503 3421 609 venerandum,
3472 500 3762 609 etnlovem
3790 504 3929 557 aheni.

750 633 899 689 tatis,
931 646 959 680 a
992 626 1137 679 verbi
1172 623 1443 678 ministris
1471 628 1780 673 atramento
1807 616 2071 676 colorato,
2096 620 2155 665 ut
2180 611 2330 671 licet,

752 719 1112 772 annnntiatur
1146 734 1156 766 :
1205 730 1261 769 re
1298 729 1424 765 vera
1453 721 1636 765 autem
1672 706 1954 761 coloribus
1996 704 2067 758 ab
2118 702 2249 771 ipsis
2279 709 2334 753 et

752 828 940 865 eorum
981 809 1205 864 assedis
1237 802 1713 859 circumscribitur
1744 809 1800 851 et
1844 796 2175 865 depingitur,
2224 806 2333 845 non

752 918 950 955 crassa:
1001 900 1242 954 materia:
1292 892 1778 951 commiscentibus
1827 886 2232 957 simplicitatem
2281 891 2336 935 et

755 994 945 1047 forma:
976 993 1304 1044 vacuitatem
1337 1009 1347 1039 :
1385 1001 1563 1055 neque
1596 983 1741 1037 enim
1775 976 2205 1035 circumciditur,
2234 987 2335 1026 nec

757 1087 904 1139 subit
947 1085 1290 1137 affectionem
1326 1098 1338 1131 :
1375 1080 1469 1133 sed
1509 1076 1654 1146 quod
1697 1088 1792 1126 sua
1837 1080 2033 1125 natura
2059 1066 2211 1121 cerni
2242 1080 2339 1133 po-

757 1185 865 1231 test
894 1187 948 1229 et
1001 1173 1349 1238 contrectari,
1392 1168 1780 1242 .quamoptime
1823 1160 2246 1234 depingcntibus
2284 1165 2340 1211 ct

759 1267 1354 1323 circumscribentibus.
1398 1266 1765 1332 Quamobrem
1795 1269 1906 1315 tota
1936 1258 2135 1320 anima,
2176 1254 2339 1308 corde

759 1369 814 1413 et
844 1358 1198 1427 cogitatione,
1222 1371 1342 1425 qua:
1377 1364 1506 1409 sunt
1540 1356 1608 1408 ab
1643 1354 1724 1407 eis
1755 1353 1995 1411 decreta,
2040 1352 2260 1399 tuentes
2285 1350 2341 1395 et

760 1450 1172 1516 ampli-ctrntcs,
1226 1456 1276 1498 et
1314 1445 1404 1513 qui
1451 1461 1512 1497 ex
1573 1445 1684 1497 Deo
1730 1452 1861 1495 sunt
1907 1438 2105 1493 mentis
2142 1443 2341 1488 nostrae

763 1556 985 1609 gressus
1046 1539 1112 1590 ab
1187 1553 1253 1589 co
1318 1535 1658 1604 apertissime.
1718 1534 1982 1587 habentes
2040 1527 2338 1587 dilalalos,

763 1646 959 1700 magno
1006 1628 1189 1681 studio
1236 1626 1625 1679 contendimus
1663 1625 1727 1677 ad
1760 1621 2165 1691 excipiendam,
2200 1627 2255 1671 et
2286 1625 2343 1669 ut

762 1723 843 1775 fas
885 1730 986 1782 est,
1026 1720 1357 1774 adorandam
1398 1718 1602 1773 Christi
1646 1717 1936 1785 imaginem
1974 1722 2027 1766 et
2071 1712 2191 1779 ejus
2221 1726 2343 1779 pcr-

764 1814 1098 1883 pessiouem,
1149 1820 1203 1866 et
1238 1812 1303 1865 ad
1346 1827 1443 1863 nos
1489 1809 1826 1863 cxhiLendos
1878 1806 2071 1875 dignos
2117 1802 2342 1864 sanctis,
2379 1846 2418 1902 Β

766 1904 857 1971 σιιί
912 1902 1132 1956 fuerunt
1182 1918 1211 1954 a
1260 1901 1479 1955 smcnlo.
1516 1899 1799 1965 Quomo-lo
1830 1912 1961 1966 ergo
1995 1911 2104 1948 non
2154 1909 2219 1947 ex
2258 1893 2345 1947 his

767 1995 945 2047 bonus
976 1994 1209 2045 efﬁcitur
1238 1992 1456 2061 aliquis,
1488 1988 1698 2044 etiamsi
1727 2004 1821 2041 cor
1849 1988 2045 2041 habeat
2074 1985 2345 2039 sententia

768 2082 1081 2152 lapideum?
1124 2082 1259 2147 Quis
1294 2097 1400 2134 non
1430 2090 1711 2133 reveretur
1738 2077 2029 2131 coloratam
2053 2076 2341 2145 picturam,

766 2162 887 2241 qua:
931 2172 1034 2225 fert
1067 2172 1312 2240 exempla
1352 2170 1593 2239 pietatis.
1635 2185 1731 2239 per
1754 2184 1874 2237 qua}!
1904 2166 2087 2221 doceri
2120 2176 2350 2235 possunt

768 2272 985 2317 veteres
1026 2278 1112 2315 res
1157 2273 1340 2333 gestr,
1384 2262 1571 2315 tnundi
1609 2271 1781 2324 ortus,
1832 2260 2071 2329 legisque
2116 2271 2170 2313 et
2224 2274 2350 2328 pro-

772 2355 1079 2423 phetarum,
1110 2368 1407 2419 senemque
1433 2362 1485 2405 et
1507 2352 1785 2420 antiquam
1818 2352 2031 2405 efﬁcere
2062 2351 2349 2421 cogitatio-

769 2446 938 2499 nem?
981 2444 1084 2498 Per
1108 2460 1271 2513 quam
1302 2434 1512 2497 accedit
1555 2444 1806 2499 meditari
1855 2444 2033 2497 divina
2077 2454 2130 2498 et
2160 2459 2349 2514 magna

771 2537 960 2607 gratia:
992 2536 1270 2595 miracula,
1301 2552 1421 2605 quze
1449 2537 1513 2589 ad
1548 2534 1641 2588 Dei
1678 2536 1901 2605 gloriam
1933 2536 2200 2589 inducunt
2228 2552 2351 2605 spc-

771 2637 1030 2689 ctatores,
1052 2627 1141 2695 qui
1168 2628 1353 2680 omnia
1381 2627 1508 2681 fecit
1540 2629 1592 2681 in
1624 2628 1909 2696 sapientia,
1936 2637 1991 2681 et
2013 2644 2140 2682 suos
2165 2644 2352 2685 servos

774 2734 873 2788 per
902 2734 1051 2772 suam
1086 2719 1139 2770 in
1177 2719 1324 2787 ipsos
1360 2720 1820 2781 benevolentiam,
1870 2720 2121 2773 maximis
2163 2720 2359 2775 extulit

777 2811 1083 2865 honoribus
1137 2809 1320 2879 (Paal.
1368 2826 1497 2876 crit,
1545 2811 1648 2876 2i)
1686 2831 1697 2862 :
1733 2819 1783 2865 et
1832 2820 2119 2880 propterea
2166 2820 2355 2880 aperte

777 2901 947 2955 voluit
980 2916 1072 2955 cos
1094 2901 1315 2970 dcpingi
1346 2917 1406 2954 ac
1441 2901 1697 2963 describi,
1734 2911 1785 2955 ct
1811 2917 2002 2955 eorum
2037 2902 2354 2955 memoriam

777 3006 898 3046 esse
935 3000 1251 3061 perpetuam
1301 2992 1352 3045 in
1402 2993 1604 3045 nostris
1643 2992 1919 3046 cordibus.
1967 2993 2252 3058 Quodnam
2291 3009 2355 3046 ex

779 3083 865 3137 his
890 3097 1125 3151 unquam
1150 3082 1406 3135 damnum
1441 3083 1505 3135 ad
1535 3084 1772 3135 animam
1803 3083 2066 3136 redierit?
2094 3083 2353 3147 Quisnam

781 3179 962 3224 autem
1016 3186 1123 3223 non
1171 3172 1349 3239 potius
1387 3188 1451 3226 ex
1500 3172 1566 3225 iis
1601 3173 1808 3241 accepit
1858 3172 2187 3227 utilitatem?
2225 3173 2358 3239 Quis
2385 3190 2428 3246 ς

781 3276 847 3315 ex
880 3262 1072 3315 crebra
1126 3276 1189 3315 ac
1227 3262 1471 3333 diligenti
1518 3279 1705 3317 eorum
1758 3263 2195 3318 consideratione
2248 3281 2360 3319 non

783 3359 1100 3419 perpetuam
1133 3352 1468 3419 comparavit
1502 3353 1822 3405 memoriam
1869 3352 2061 3405 salutis
2102 3354 2359 3407 concilia-

785 3443 973 3496 tricem
993 3443 1016 3494 ?

853 3533 942 3585 45.
977 3530 1072 3585 Dic
1103 3531 1230 3583 mihi
1272 3532 1451 3592 enim,
1490 3532 1581 3600 qui
1628 3530 1849 3584 infamis
1897 3542 1951 3585 et
1990 3532 2363 3601 ignominiosae

784 3621 956 3689 partis
982 3620 1229 3673 ordinem
1260 3620 1464 3683 laudas,
1503 3636 1535 3675 ο
1569 3621 1854 3684 ham-tice;
1887 3636 2066 3689 neque
2104 3620 2251 3675 enim
2280 3622 2362 3674 di-

786 3712 964 3764 dicisti
1015 3712 1284 3765 honorare
1341 3711 1484 3780 quod
1562 3723 1645 3764 est
1700 3712 1920 3780 dignum
1978 3712 2219 3773 honore;
2273 3711 2363 3780 qui

788 3803 946 3855 idolis
989 3811 1044 3856 et
1078 3801 1402 3855 venerandis
1450 3802 1781 3871 imaginibus
1832 3801 2083 3855 lubenter
2117 3800 2364 3855 eamdem

789 3892 984 3945 tribuis
1018 3891 1395 3961 ignominiam,
1427 3892 1646 3960 quando
1678 3890 1894 3960 profani
1934 3899 1989 3944 et
2026 3891 2195 3943 sancti
2227 3890 2367 3944 scies

787 3984 1180 4041 differentiam,
1219 3992 1276 4036 et
1308 3983 1397 4043 iis,
1431 3997 1550 4051 qua:
1592 3998 1655 4036 ex
1698 3982 1806 4036 illis
1847 3982 2214 4042 deducuntur,
2267 3980 2365 4033 tri-

790 4072 924 4125 bues
961 4072 1011 4124 id
1038 4072 1182 4141 quod
1207 4073 1507 4126 convenit?
1540 4072 1633 4126 Est
1658 4073 1802 4125 enim
1824 4073 2115 4141 proprium
2152 4072 2284 4142 legis
2314 4081 2368 4126 ct

788 4162 1136 4223 eruditionis,
1192 4174 1379 4216 sancta
1426 4164 1738 4217 discernere
1778 4180 1806 4216 a
1844 4162 2107 4233 profanis,
2162 4173 2218 4217 et
2266 4163 2367 4216 im-

790 4256 993 4308 munda
1045 4269 1071 4305 a
1124 4255 1382 4311 mundis:
1419 4256 1691 4323 quomodo
1733 4269 1923 4307 rursus
1955 4262 2035 4307 est
2068 4252 2370 4323 iniquitatis

788 4357 843 4399 et
879 4347 1128 4409 inscitize,
1178 4361 1297 4415 qum
1333 4348 1473 4399 inter
1522 4362 1580 4399 se
1619 4354 1883 4415 pugnant,
1932 4346 2094 4399 simul
2132 4360 2325 4416 cogere
2352 4385 2366 4408 ,

791 4438 1169 4505 permiscendo
1193 4448 1248 4490 et
1278 4438 1665 4491 confundenth
1690 4439 1891 4492 omnia.
1919 4437 1975 4491 Si
2002 4438 2148 4491 enim
2178 4438 2366 4491 Jovem

2436 602 2617 665 naris,
2666 610 2891 669 propter
2931 597 3329 650 exsecrandam
3351 596 3471 661 ejus
3518 592 3791 645 libidinem
3830 606 3933 663 λιφε

2434 691 2834 764 petulantiam?
2878 688 2996 743 Non
3041 688 3322 741 Christum
3362 685 3535 738 Deum
3572 686 3871 751 pronuntias,
3894 692 3935 740 ab

2436 789 2782 842 sanctitatem
2814 787 2936 853 ejus
2965 780 3473 851 incomparabilem,
3510 788 3573 830 et
3612 793 3727 845 quae
3756 793 3937 846 expres-1

2436 888 2519 931 est
2561 892 2658 944 per
2701 876 2989 929 materiam
3014 873 3084 925 ab
3111 871 3352 939 antiquis
3383 870 3736 929 honoratam,
3757 867 3886 925 Deum
3907 888 3941 924 et

2443 970 2724 1024 hominem
2774 967 3070 1022 referentis
3115 964 3368 1033 imaginis
3421 962 3675 1015 admittis
3707 964 3943 1015 similitudi-

2439 1076 2598 1123 nem;
2641 1059 2951 1111 fabulosum
2990 1065 3173 1109 autem
3214 1054 3364 1107 illum
3403 1052 3758 1123 parricidam,
3786 1064 3828 1105 et
3852 1056 3944 1122 eius,

2440 1167 2563 1221 quze
2594 1166 2621 1203 a
2675 1150 2966 1203 divinitate
3016 1147 3253 1209 excidit,
3304 1145 3539 1215 efﬁgiem
3604 1147 3884 1198 transmittis
3916 1150 3947 1198 it

2441 1239 2795 1310 profundum,
2832 1240 2885 1291 in
2916 1252 3021 1305 qua
3053 1237 3171 1306 ipse
3198 1237 3367 1305 patris
3398 1235 3505 1294 sui,
3548 1250 3679 1303 qua
3702 1234 3947 1291 absciderat.

2442 1332 2680 1386 verenda
2714 1340 2801 1385 est
2828 1330 3138 1399 jaculatus?
3164 1324 3255 1380 Nm
3282 1337 3338 1380 tu
3366 1326 3661 1381 Christum
3689 1327 3951 1379 Senatores

2444 1421 2650 1475 habeas
2705 1420 3039 1490 propitium,
3089 1419 3182 1488 qui
3238 1418 3505 1471 materiali
3568 1427 3854 1471 sanctorum
3892 1434 3951 1468 ρι-

2445 1528 2634 1582 pressa
2672 1512 2977 1567 delectatur
3001 1510 3196 1582 efﬁgie,
3223 1511 3350 1563 odio
3379 1520 3570 1563 autem
3623 1509 3777 1561 habet
3804 1508 3951 1562 Sam:

2446 1614 2501 1658 et
2531 1604 2907 1673 improborum
2937 1604 3058 1672 ejus
3086 1603 3380 1657 satellitum
3411 1602 3844 1655 abominatioaes
3866 1622 3876 1652 :
3898 1604 3954 1670 qni

2447 1712 2571 1750 cum
2607 1696 2795 1749 vident
2829 1694 3034 1749 Christi
3069 1703 3124 1747 et
3147 1694 3270 1762 ejus
3304 1708 3603 1747 servorum
3654 1702 3844 1746 erectas
3874 1694 3961 1745 ima-

2448 1789 2624 1860 gines,
2662 1796 3009 1848 evertuntur,
3061 1786 3427 1856 ingemiscant
3463 1795 3518 1839 ct
3566 1785 3800 1845 defit-nt,
3837 1795 3878 1837 et
3902 1786 3961 1837 δὲ-

2448 1897 2643 1935 versus
2670 1896 2786 1945 eos,
2815 1880 2909 1951 qui
2940 1880 3055 1934 htec
3084 1878 3340 1933 lubenter
3367 1877 3609 1937 faciunt,
3638 1879 3851 1932 strident
3880 1879 3965 1931 der.-

2450 1974 2615 2035 tibus,
2652 1982 2706 2027 et
2735 1972 3016 2042 pulverem
3041 1971 3283 2025 excitant
3311 1970 3724 2023 calamitatum.
3760 1968 3839 2020 llis
3859 1984 3969 2021 cnco-

2450 2066 2686 2120 miorum
2727 2065 2911 2119 verbis
2950 2063 3198 2117 excitans
3255 2062 3561 2124 Tarasins,
3626 2072 3685 2115 et
3739 2062 3788 2113 in
3838 2062 3973 2113 tabulis

2450 2159 2749 2212 honoriﬁce
2801 2157 3121 2226 insculpens
3178 2156 3248 2209 ab
3278 2155 3360 2208 cis
3393 2170 3495 2225 pro
3524 2154 3763 2207 Christo
3790 2166 3972 2219 susrrpii

2450 2254 2755 2307 certamina
2791 2260 2845 2305 et
2887 2251 3130 2320 pericula
3154 2290 3169 2312 ,
3214 2264 3404 2303 eorum
3448 2248 3756 2301 insistebat
3788 2246 3976 2313 regem.

2450 2339 2668 2391 etiamsi
2720 2338 2986 2392 manserit
3030 2338 3148 2391 sine
3192 2336 3484 2401 vibicibus,
3523 2351 3648 2389 non
3686 2345 3854 2388 autem
3881 2352 3977 2386 eos:

2455 2440 2607 2500 tergo
2638 2429 2995 2499 sequebatur.

3070 2540 3298 2597 (ἸᾹΡΕΤ
3340 2542 3403 2595 Χ.

2520 2632 2863 2701 Comparatio
2908 2636 3077 2686 smmi
3118 2633 3325 2686 Tarasii
3354 2651 3470 2686 cum
3520 2635 3789 2701 aposlofis
3813 2642 3852 2683 et
3878 2648 3947 2695 pa-

3120 2706 3382 2756 triarclu's.

2525 2795 2613 2849 Η.
2656 2795 2951 2850 Videamus
2986 2810 3135 2855 vero.
3182 2812 3250 2848 an
3301 2798 3465 2849 etiam
3517 2796 3873 2849 contenderit
3910 2809 3986 2845 (ea

2457 2885 2523 2938 iis
2551 2885 2641 2954 qui
2683 2886 2935 2949 erantin
2985 2886 3171 2954 gratia.
3217 2886 3352 2939 Nam
3383 2901 3509 2939 cum
3556 2886 3734 2939 Verbi
3787 2886 3989 2953 disripn’.

2458 2975 2656 3028 mentis
2693 2975 2744 3027 in
2791 2976 3105 3045 Magistrum
3138 2968 3677 3039 imuiutabilitatcm,
3706 2993 3802 3045 per
3825 2978 3993 3029 divina:

2458 3065 2810 3120 ostenderent
2841 3065 3262 3129 confessionem,
3303 3067 3416 3135 ipse
3456 3082 3696 3135 quoque
3727 3083 3842 3120 eam
3872 3083 3996 3119 sem-

2461 3155 2537 3209 vit
2591 3158 2851 3226 integram
2906 3166 2960 3209 ct
3016 3148 3381 3210 inviolabilem
3411 3172 3441 3208 a
3475 3168 3747 3212 materno
3791 3169 3937 3211 utero,
3967 3172 3997 3207 σι

2465 3246 2623 3301 factis
2654 3248 2831 3316 ipsum
2869 3263 3057 3301 verum
3091 3247 3261 3301 Deum
3295 3248 3635 3316 prtedicans,
3679 3252 3776 3319 qui
3806 3266 3864 3303 ex
3892 3248 3997 3301 lar:

2464 3338 2519 3391 in
2548 3339 2753 3392 ultimis
2792 3338 3151 3405 temporibus,
3191 3346 3245 3390 et
3286 3352 3349 3389 ex
3379 3335 3543 3390 Patre
3582 3348 3720 3391 ante
3754 3339 3928 3391 secula
3954 3351 3997 3388 es
4040 3348 4043 3399 ς

2464 3429 2701 3500 genitus,
2733 3429 2995 3498 aqualem
3034 3428 3199 3491 Patri,
3251 3429 3395 3497 quod
3445 3429 3655 3482 attinet
3709 3432 3778 3484 ad
3825 3433 4001 3498 ejusdem:

2465 3521 2649 3591 gloria:
2705 3521 2962 3574 virtutem
3022 3519 3339 3574 divinitatis.
3403 3519 3496 3573 Sic
3542 3536 3679 3573 cum
3737 3521 4003 3590 Philipp-3d

2466 3611 2677 3665 Thoma
2730 3613 3009 3665 decretum
3070 3612 3336 3681 protulit,
3419 3611 3732 3666 Dominum
3793 3624 3850 3667 et
3898 3612 4007 3665 Dem

2466 3703 2747 3758 Christum
2791 3705 3001 3766 dicens,
3056 3721 3164 3757 non
3199 3704 3435 3774 palpatis
3472 3720 3604 3773 quae
3638 3706 3817 3759 clavis
3846 3706 4003 3758 conia:

2470 3796 2708 3862 fuerant,
2736 3790 3014 3857 manibus,
3047 3811 3225 3864 neque
3251 3796 3516 3865 quaesitis,
3538 3813 3672 3865 qua‘
3703 3812 3805 3866 per
3829 3798 4009 3850 lanceas

2468 3888 2623 3941 facta!
2659 3898 2838 3953 erant,
2876 3886 3264 3956 punctionibus
3314 3885 3511 3957 (Joan.
3554 3903 3628 3941 xx
3652 3930 3667 3953 ,
3696 3890 3833 3955 27).
3871 3888 4007 3953 Quar-

2468 3980 2654 4035 obrem
2702 3981 2925 4035 beatum
2979 3994 3197 4049 quoque
3246 3978 3409 4033 finem
3464 3991 3668 4049 aperte
3723 3984 3925 4051 accepit
3961 3998 4013 4049 pi.-

2470 4073 2681 4127 ﬁdelem
2724 4081 2779 4127 et
2825 4072 3129 4127 ferventem
3174 4071 3612 4126 confessionem.
3670 4070 3769 4127 Sic
3826 4074 4009 4127 Zeten.

2471 4162 2640 4218 filium
2686 4174 2911 4217 secutus
2952 4173 3057 4227 est,
3098 4163 3188 4233 qui
3233 4161 3541 4231 appellatus
3592 4162 3705 4217 fuit
3751 4164 3892 4217 filius
3923 4174 4017 4216 te:-

2470 4265 2557 4309 tru
2587 4254 2792 4325 (Marc.
2827 4272 2908 4319 Ill,
2948 4255 3043 4320 l7)
3076 4274 3088 4308 :
3123 4263 3409 4324 propterea
3444 4254 3600 4323 quod
3656 4268 3852 4324 aperte
3880 4257 4013 4308 mea

2471 4346 2554 4399 nit
2579 4345 2631 4397 in
2676 4346 2949 4414 principio
2973 4345 3214 4398 Verbum
3252 4358 3394 4402 esse.
3422 4352 3481 4396 et
3513 4345 3672 4413 apud
3713 4346 3881 4400 Deum
3906 4360 3995 4399 esse

2472 4446 2526 4491 et
2557 4436 2817 4491 erudiens
2858 4436 3042 4489 effecit
3090 4436 3230 4490 alios
3286 4436 3483 4505 spiritu
3520 4440 3899 4506 apostolicos,
3939 4454 4015 4505 pre

792 4544 915 4581 cum
947 4528 1237 4581 Servatore
1260 4544 1609 4595 comparans,
1642 4529 1691 4580 in
1718 4544 1783 4581 eo
1806 4530 1949 4597 quod
1981 4528 2366 4582 venerabiliter
2400 4524 2443 4577 Ι)
2475 4538 2661 4598 pterea
2706 4528 2850 4597 quod
2896 4527 3356 4598 evangelistarnm
3413 4528 3698 4583 divinitus
3751 4533 4019 4598 inspirata:

788 4620 1126 4689 exprimatur
1147 4619 1369 4689 efﬁgies,
1403 4621 1505 4673 hoc
1550 4619 1784 4674 afﬁrmas
1840 4622 1957 4673 sine
1994 4621 2140 4674 omni
2171 4620 2367 4673 distin»

789 4712 1013 4763 ctione:
1065 4710 1333 4779 numquid
1364 4711 1745 4767 contumeliam
1803 4720 1857 4763 et
1906 4710 2162 4771 dedecus,
2222 4710 2365 4779 quod

785 4801 933 4862 Jovi,
983 4803 1073 4869 qui
1133 4801 1269 4853 falso
1322 4802 1551 4862 dicitur,
1604 4798 1834 4861 tribuis,
1897 4812 2098 4855 sanctae
2149 4816 2366 4870 quoque

787 4895 988 4947 Christi
1021 4894 1209 4947 fortine
1246 4894 1469 4947 iuures?
1506 4894 1699 4947 Audivi
1738 4895 1882 4948 enim
1921 4906 1971 4949 te
2005 4896 2185 4949 inania
2215 4912 2367 4965 quze-

788 4988 912 5039 dam
950 4985 1260 5052 hujusmodi
1296 4986 1568 5039 adducere
1604 5002 1667 5040 ac
1704 4986 2000 5053 blaterare,
2036 4997 2089 5041 et
2142 4988 2228 5053 iis,
2273 4987 2366 5057 qui

790 5099 818 5133 a
850 5080 1053 5133 Christi
1084 5088 1350 5133 vocantur
1378 5080 1621 5142 nomine,
1647 5090 1699 5133 ct
1727 5080 2008 5133 Trinitatis
2036 5081 2223 5150 gloria:
2250 5081 2366 5134 cul-

790 5182 929 5235 tum,
967 5172 1229 5226 honorem
1266 5183 1320 5225 ct
1364 5172 1534 5225 solam
1570 5173 1738 5227 latria:
1766 5173 2139 5227 adorationcm
2175 5173 2365 5226 invisi-

793 5264 972 5317 biliter
992 5271 1048 5318 ct
1076 5274 1279 5317 canunt
1310 5264 1643 5328 ettribuunt,
1668 5264 1939 5317 intentare
1966 5264 2170 5317 crimen
2193 5262 2359 5316 idolo-

790 5357 979 5420 latriaa,
1022 5366 1078 5409 et
1113 5357 1347 5426 maligne
1383 5356 1613 5410 miscere
1672 5373 1791 5426 qua:
1819 5373 1927 5409 non
1969 5365 2199 5425 possunt
2228 5356 2367 5411 inter

788 5462 847 5501 se
872 5448 1187 5502 convenire.
1224 5447 1340 5501 Non
1365 5448 1460 5501 das
1488 5449 1857 5503 differentiam
1886 5450 2138 5519 imaginis
2163 5447 2366 5503 Christi

787 5550 843 5592 ct
878 5537 1152 5591 simulacri
1200 5537 1393 5593 Jovis?
1437 5538 1554 5593 Non
1590 5540 1827 5593 honoras
1862 5540 2172 5604 Christum,
2222 5540 2367 5608 quod
2396 5540 2417 5554 ’

860 5674 972 5743 (ὑῖ)
1013 5675 1092 5729 ita
1124 5676 1264 5744 apud
1302 5675 1667 5744 Nicephorum
1702 5677 1875 5731 sancti
1907 5675 2121 5730 Tarasii
2149 5691 2370 5731 succes-

791 5762 965 5800 soi-ein
1018 5748 1070 5798 in
1124 5748 1382 5816 Catalogo
1415 5750 1796 5817 episcoporum
1853 5747 2115 5817 Byzantii.
2158 5748 2368 5815 primus

793 5818 1029 5869 Andreas
1063 5819 1344 5885 apostolus
1381 5833 1557 5886 prato
1603 5818 1845 5887 Byzantii
1899 5819 2002 5873 fuit
2053 5817 2363 5880 Evangelii;

792 5892 1060 5943 usuusu
1092 5888 1285 5951 adem,
1322 5890 1375 5941 in
1403 5904 1506 5958 qua
1540 5890 1795 5959 precibus
1832 5889 1933 5957 piis
1966 5890 2358 5957 imploraretur

2473 4622 2923 4683 instrumentum,
2967 4631 3027 4675 ut
3072 4636 3306 4689 quorum
3349 4635 3484 4675 voce
3528 4625 3737 4676 mundi
3792 4626 3931 4677 sals
3973 4640 4019 4673 rs

2470 4723 2645 4776 sonet,
2686 4714 2737 4765 in
2794 4713 3079 4777 Ecclesiis,
3120 4729 3239 4781 quae
3295 4721 3451 4766 erant
3511 4714 3732 4784 ubique
3783 4728 4015 4770 terr-are:

2470 4804 2744 4859 coloribus
2776 4820 3092 4874 expressum
3127 4805 3520 4866 materialibus,
3552 4812 3956 4862 convenienter
3978 4812 4017 4859 ei

2472 4897 2610 4951 vina:
2638 4905 2693 4950 ct
2724 4906 2964 4966 paterna:
2996 4897 3273 4952 traditioni
3314 4898 3543 4966 jusserit
3579 4918 3591 4950 :
3626 4912 3687 4955 ut
3722 4918 3875 4955 mens
3916 4918 4019 4955 eos

2471 4999 2671 5055 puncta
2703 5004 2800 5058 per
2832 4990 3201 5062 evangelicam
3235 5006 3559 5060 sacramque
3595 4994 3835 5064 efﬁgiem
3858 5011 3906 5049 et

2471 5081 2712 5135 ctitatem
2746 5081 2811 5133 ad
2857 5080 3048 5143 Deum,
3076 5082 3168 5149 qui
3210 5081 3328 5135 hrec
3361 5083 3439 5135 eis
3474 5083 3800 5152 inspiravit,
3833 5086 4001 5138 ωιιῐε.’;

2473 5172 2606 5225 riam
2641 5171 2903 5226 honorem
2936 5171 3353 5235 transmitteret,
3382 5184 3435 5227 et
3467 5173 3803 5230 efﬁceretur
3832 5190 4011 5243 rcta;

2473 5262 2659 5316 culum
2722 5262 3158 5317 venerandarum
3209 5263 3581 5318 auditionum.
3615 5267 3860 5321 Andre:
3914 5283 3989 5315 τπ

2470 5354 2563 5424 qui
2624 5353 2727 5407 fuit
2762 5363 2985 5408 vocatus
3021 5353 3228 5422 primus
3257 5369 3320 5407 ex
3355 5356 3625 5425 apostolis
3665 5356 3858 5427 (locu.
3892 5374 3921 5413 ι,
3944 5360 3993 5406 εξ
4038 5382 4051 5451 ᾖ

2471 5447 2611 5501 adeo
2659 5446 2761 5500 fuit
2793 5445 3131 5515 propinquus
3172 5456 3229 5500 et
3260 5447 3596 5516 conjunctus
3628 5466 3897 5521 germano
3941 5468 3957 5497 ι
3998 5464 4019 5496 ;

2473 5538 2742 5603 instituto,
2779 5545 2839 5591 ut
2868 5535 2981 5607 (62)
3015 5537 3256 5592 habenas
3280 5538 3525 5607 ejusdem
3559 5544 3869 5609 pastoralis
3894 5544 4023 5599 cxi?

2476 5671 2639 5735 Deus,
2672 5671 2815 5725 ultra
2849 5672 3121 5740 regionem
3156 5673 3481 5742 Argyropoli
3504 5716 3519 5733 ,
3550 5687 3609 5728 et
3646 5680 3927 5729 orditunii
3951 5690 4007 5717 ρ
4038 5671 4053 5741 ζ

2472 5758 2700 5810 scopum
2762 5742 2916 5797 urbis
2948 5742 3091 5795 illius
3118 5742 3392 5813 Stacbyn.
3426 5746 3597 5811 cujus
3634 5750 3901 5802 meminit
3932 5744 4053 5811 λιι-ξ

2473 5814 2647 5867 stolus
2676 5813 2729 5867 in
2760 5812 2987 5881 epistola
3020 5813 3084 5865 ad
3116 5811 3412 5871 Romanos.
3444 5830 3570 5884 cap.
3616 5834 3737 5873 xvi.
3780 5820 3838 5870 9.
4032 5820 4047 5884 Ι
