4092 6438
160 448 282 512 lll'l

1689 451 1729 508 γ
1747 448 1888 507 ΙΤΛ.

3270 432 3409 500 1418

150 564 420 627 dra-.pOst
447 559 757 619 totszecula,
792 559 884 611 sed
913 572 1141 610 numero
1165 559 1320 612 valde
1356 549 1720 625 multiplicate
1753 564 1793 616 Α
1826 556 2065 624 pretioso
2107 553 2198 606 illo
2247 550 2538 620 sanguine,
2583 563 2744 616 quem
2793 545 3105 608 ostendens,
3143 545 3307 600 dabat
3342 548 3406 600 ad

152 650 433 718 acceperit,
465 661 520 702 et
546 650 612 702 ad
653 657 854 707 metam
881 650 1119 719 cmlcstis
1148 665 1343 703 cursus
1380 664 1594 718 gregem
1622 663 1715 715 per

153 743 402 794 virtutem
427 740 734 806 deduxerit,
760 751 815 794 et
835 740 1076 795 victorize
1101 740 1180 794 eis
1205 741 1368 795 causa
1396 740 1562 792 fuerit
1590 755 1721 793 cou-

155 844 228 885 tra
259 832 620 888 adversarios.
660 832 828 885 Paulo
881 841 1063 886 autem
1113 831 1214 885 fuit
1243 831 1524 901 colligatus
1550 831 1602 883 in
1634 847 1720 894 eo,

151 927 286 994 quod
323 926 378 977 in
409 925 658 978 docendo
687 925 892 993 primas
939 934 1120 994 partes
1156 925 1476 978 obtinuerit.
1524 922 1721 977 Totum

151 1016 288 1067 enim
323 1016 587 1069 nmndum
616 1017 764 1069 verbi
798 1017 1029 1070 nexibus
1048 1017 1316 1070 inclusum
1346 1018 1485 1068 intra
1507 1016 1722 1069 decreta

150 1106 537 1168 ecclesiastica,
569 1108 844 1175 sapienter
863 1107 1042 1160 effecit
1066 1108 1323 1176 populum
1356 1106 1466 1160 Deo
1486 1106 1723 1175 acquisi-

152 1207 259 1250 tum
313 1207 368 1251 et
421 1199 600 1268 regale
653 1198 1040 1250 sacerdotium.
1098 1197 1317 1251 Petrum
1376 1212 1530 1258 vero,
1579 1195 1723 1264 quod

152 1291 441 1342 multorum
477 1299 693 1358 patrum
726 1305 973 1342 summus
1008 1289 1078 1343 sit
1108 1291 1431 1358 appellatus,
1479 1299 1533 1342 et
1578 1289 1723 1357 quod

150 1382 196 1434 ei
229 1383 496 1435 creditum
520 1383 683 1436 fuerit
710 1383 876 1452 ligare
899 1393 953 1436 et
977 1382 1209 1446 solvere,
1238 1397 1576 1451 quaacunque
1597 1393 1726 1435 sunt

149 1472 365 1525 vinculo
403 1473 566 1543 digna
599 1482 653 1526 et
693 1474 988 1535 solutione,
1017 1473 1234 1526 abunde
1263 1475 1550 1542 expressit.
1587 1473 1723 1526 Cum

150 1563 490 1617 Pra‘cursore
520 1565 915 1618 convenienter
963 1565 1182 1632 quidem
1235 1565 1306 1627 ei,
1362 1565 1453 1633 qui
1489 1565 1558 1618 ab
1610 1565 1727 1634 ipso

150 1656 250 1710 fuit
279 1656 590 1724 praedictus,
625 1665 680 1710 et
723 1657 860 1710 dixit
889 1657 1148 1725 majorem
1194 1655 1408 1710 Joanne
1457 1672 1566 1708 non
1604 1671 1726 1709 sur-

147 1748 352 1801 rexisse
405 1747 550 1800 inter
583 1756 739 1800 natos
773 1748 1064 1802 mulierum
1098 1749 1316 1818 (Matth.
1345 1765 1422 1810 χι,
1467 1746 1583 1816 ll),
1611 1765 1723 1801 non

147 1839 452 1891 audendum
467 1847 692 1892 esteum
725 1839 779 1891 in
813 1839 998 1892 multis
1023 1837 1292 1902 conferre,
1327 1839 1430 1892 nisi
1459 1840 1632 1894 solum
1670 1841 1723 1894 in

146 1930 254 1982 aeri
293 1939 349 1984 et
399 1930 688 1999 praal'racta
716 1930 969 1985 libertate
1000 1931 1459 1999 reprehendendi,
1497 1933 1724 2000 zeloque

145 2021 234 2087 qui
271 2022 492 2090 reprimi
538 2037 649 2075 non
683 2028 920 2090 poterat,
952 2020 1326 2075 allirmandum
1353 2033 1436 2076 est
1459 2037 1566 2076 non
1601 2038 1727 2092 pro-

144 2113 232 2164 cul
291 2113 535 2166 abfuisse
577 2113 886 2166 Tarasium.

214 2205 303 2258 45.
355 2205 424 2259 Ut
478 2213 659 2258 autem
694 2220 819 2258 cum
858 2220 1076 2274 quoque
1121 2205 1305 2259 videas
1345 2206 1538 2258 merito
1573 2207 1725 2274 sequi

145 2312 261 2359 eos,
287 2298 380 2366 qui
423 2296 726 2350 floruerunt
755 2306 882 2349 ante
913 2296 1175 2364 gratiam,
1224 2295 1353 2348 hinc
1397 2298 1555 2349 scies.
1589 2296 1725 2347 Cum

142 2391 405 2442 divinitus
434 2402 582 2443 moto
603 2399 746 2442 coetu
777 2389 1163 2456 prophetarum
1187 2388 1518 2457 conspiravit
1541 2387 1727 2440 divino

141 2482 342 2550 spiritu
393 2481 692 2550 inSpiratus
723 2495 734 2529 :
766 2479 1209 2548 quandoquidem
1258 2479 1336 2532 illi
1371 2479 1591 2546 quidem
1631 2493 1727 2548 po-

144 2574 294 2641 pulo,
327 2574 417 2641 qui
447 2574 585 2626 duce
609 2571 757 2625 Mose
792 2586 890 2642 per
919 2585 1069 2624 mare
1116 2569 1362 2624 Rubrum
1395 2585 1570 2639 nuper
1609 2569 1726 2623 fue-

143 2675 228 2719 rat
270 2681 299 2718 a
333 2666 468 2718 dura
501 2664 767 2719 servitute
801 2665 1084 2727 liberatus,
1117 2672 1174 2716 et
1219 2662 1288 2716 ab
1332 2663 1526 2717 insano
1575 2663 1722 2716 cultu

147 2757 414 2810 idolorum
453 2755 848 2809 admirabiliter
880 2755 1193 2818 transierat,
1229 2764 1350 2824 post
1385 2754 1628 2808 divinum
1657 2755 1723 2808 il-

144 2847 256 2900 lum
307 2845 401 2900 Dei
433 2845 944 2914 contemplatorem,
979 2846 1244 2900 salutares
1299 2856 1487 2914 portus
1526 2845 1726 2900 divini-

144 2947 236 2993 tus
255 2938 571 2999 adfuerunt,
603 2936 906 3006 prophetiae
935 2951 1167 2991 ancoras
1193 2937 1517 3003 relaxantes,
1547 2950 1603 2993 et
1631 2955 1726 2993 va-

141 3014 270 3083 lidis
302 3029 523 3097 pietatis
551 3029 833 3097 alligautes
858 3027 1200 3089 rudentibus,
1233 3037 1288 3082 et
1313 3028 1447 3083 citra
1481 3044 1724 3084 errorem

144 3122 481 3176 deducentes
510 3120 577 3173 ad
633 3129 832 3172 terram
863 3119 971 3186 εἰ)ρί
1007 3120 1352 3191 cognitionis.
1402 3119 1500 3175 llic
1545 3131 1726 3177 autem

1822 647 2128 700 debitorum
2163 644 2358 700 anima:
2380 641 2729 695 solutionem.

1894 739 1980 792 46.
2014 734 2214 791 Moscm
2245 745 2427 788 autem
2452 731 2722 802 expressit
2754 731 2806 782 in
2835 746 2920 794 eo,
2952 729 3097 799 quod
3125 739 3273 783 esset
3304 730 3407 782 mi-

1825 831 1915 892 tis,
1947 839 2002 884 et
2033 830 2088 881 in
2114 827 2326 881 nullum
2359 822 2661 880 ostenderit
2699 821 2987 891 vestigium
3019 820 3131 874 odii
3159 830 3215 874 et
3245 819 3410 873 male-

1823 923 2097 986 volentiae,
2134 920 2348 975 etiamsi
2380 917 2570 973 furiosi
2603 925 2658 969 et
2693 915 2961 978 malevoli,
2995 912 3174 966 Patris
3201 912 3408 966 Tarasii

1825 1014 2037 1069 dicendi
2076 1013 2403 1075 libertatem,
2433 1025 2554 1080 qua:
2598 1010 2664 1061 ad
2715 1005 3090 1076 insipientium
3131 1005 3410 1073 spectabat

1824 1107 2246 1168 correctionem,
2276 1105 2409 1158 iram
2439 1112 2496 1156 et
2520 1101 2706 1154 odium
2732 1115 2853 1152 esse
2884 1100 3024 1151 male
3050 1097 3408 1165 conjcccrint.

1825 1197 2073 1251 Gustavit
2103 1196 2222 1250 Jobi
2255 1195 2605 1257 tentationes,
2644 1189 2858 1244 etiamsi
2895 1204 3003 1240 nou
3047 1187 3100 1240 in
3152 1187 3316 1240 rebus
3340 1187 3411 1240 si-

1828 1288 2070 1342 milibus.
2095 1286 2231 1342 Cum
2257 1286 2424 1341 Jacob
2447 1293 2508 1338 ut
2529 1284 2715 1355 gratia:
2741 1281 3004 1342 Israelita,
3028 1289 3081 1332 et
3107 1278 3412 1348 appellatus

1827 1387 2005 1436 mens,
2037 1388 2157 1442 qua:
2184 1372 2355 1426 Deum
2384 1370 2623 1432 videbat,
2660 1368 2822 1421 simul
2855 1376 3122 1434 purgatus
3167 1363 3410 1418 sanctiﬁ-

1829 1474 1984 1519 catur
2041 1463 2223 1518 anima
2268 1473 2326 1518 et
2353 1461 2704 1531 cogitatione.
2741 1458 2914 1512 Simul
2955 1471 3078 1510 cum
3127 1455 3277 1509 Isaac
3312 1455 3414 1509 fuit

1829 1557 1932 1611 fide
1955 1555 2343 1618 sanctiﬁcatus,
2376 1553 2589 1609 etiamsi
2618 1567 2729 1606 non
2760 1567 2788 1604 a
2821 1559 2997 1620 patre,
3047 1548 3141 1603 sed
3173 1547 3290 1616 ipse
3320 1562 3414 1601 cor

1829 1665 1988 1704 suum
2017 1649 2073 1702 in
2112 1648 2491 1702 holocaustum
2519 1645 2762 1700 offerens
2789 1664 2800 1698 :
2834 1655 3071 1711 cumque
3108 1640 3300 1694 fuisset
3333 1639 3412 1693 vi-

1829 1743 1992 1796 ctima
2045 1749 2102 1794 et
2157 1740 2456 1803 sacrificus,
2503 1741 2556 1792 in
2609 1738 2835 1791 odorem
2882 1735 3169 1790 suavitatis
3217 1733 3414 1788 obtulit

1831 1834 2262 1904 pulcherrimum
2315 1833 2424 1886 Deo
2453 1829 2800 1885 sacriﬁcium.
2831 1826 2965 1882 Cum
3016 1826 3312 1888 Abraham,
3349 1842 3415 1879 eo

1832 1925 1973 1996 quod
2011 1925 2178 1980 fuerit
2231 1935 2385 1995 pater
2433 1922 2694 1993 spiritalis
2742 1921 3035 1975 multarum
3089 1920 3329 1973 tribuum
3361 1929 3414 1972 et

1833 2018 2178 2088 populorum,
2219 2026 2274 2070 et
2321 2015 2636 2079 crediderit,
2686 2014 2849 2078 etei,
2879 2011 2971 2082 qui
3016 2027 3141 2066 eum
3187 2010 3412 2074 fecerat,

1832 2129 1966 2183 pure
1997 2111 2270 2173 servierit,
2295 2111 2600 2164 divinarum
2629 2106 3056 2178 promissionum
3080 2103 3314 2158 fructum
3334 2113 3416 2158 est

1831 2211 2180 2257 consecutus.
2207 2201 2312 2255 Sed
2344 2201 2472 2270 quid
2501 2201 2620 2268 ejus
2642 2199 2907 2252 virtutum
2932 2195 3238 2250 transmitte
3268 2210 3415 2249 auare

1830 2293 2203 2349 Atlanticum?
2234 2293 2581 2361 Impouamus
2616 2304 2744 2359 ergo
2778 2289 2940 2342 rebus
2980 2286 3414 2351 conclusionem,

1830 2396 1886 2440 et
1919 2403 1984 2440 ex
2041 2386 2305 2455 prommio
2363 2383 2526 2437 finem
2566 2381 2883 2441 efﬁciamus,
2929 2389 2984 2433 ct
3027 2393 3098 2433 ne
3144 2378 3415 2448 promisso

1831 2493 1941 2530 non
1973 2488 2118 2531 Stare
2151 2491 2464 2546 arguamur,
2498 2474 2620 2544 plus
2650 2489 2813 2543 quam
2850 2487 2947 2541 par
3001 2471 3071 2526 sit
3108 2475 3416 2540 producen-

1831 2580 1913 2622 tes
1941 2569 2264 2623 orationem.
2286 2591 2288 2593 ·

2445 2656 2671 2713 CAPUT
2710 2657 2803 2711 XI.

1864 2751 2048 2808 Sancti
2077 2752 2282 2806 Tarasii
2309 2761 2564 2814 senectus,
2597 2751 2825 2814 morbus.
2847 2749 3037 2814 obitus,
3062 2749 3357 2816 sepultura.

1899 2845 1989 2898 47.
2029 2843 2154 2898 Post
2180 2843 2410 2913 plurima
2453 2841 2598 2896 enim
2637 2840 2960 2906 certamina,
2988 2848 3044 2893 et
3077 2837 3413 2908 profundum

1828 2934 2092 2989 doctrina:
2143 2933 2438 2997 inﬁnitum,
2470 2939 2527 2984 et
2559 2929 2684 2985 vitas
2724 2930 2968 2983 honestae
2998 2929 3312 2998 puritatem,
3360 2938 3417 2981 et

1828 3041 1971 3080 veras
2002 3025 2128 3079 ﬁdei
2159 3023 2581 3085 confessionem,
2612 3031 2670 3076 et
2714 3021 2928 3076 ratione
2976 3019 3190 3090 prmditi
3237 3021 3420 3090 gregis

1827 3118 1894 3171 ad
1936 3133 2022 3183 ea,
2055 3132 2177 3186 qua:
2228 3124 2356 3170 sunt
2385 3114 2764 3185 praestantiora
2799 3124 2857 3168 et
2884 3113 3087 3178 divina,
3123 3113 3246 3181 ejus
3294 3127 3416 3166 mo-

143 3214 469 3276 Ecclesiam,
506 3229 629 3282 qua:
667 3226 777 3264 non
805 3227 964 3266 secus
993 3225 1058 3266 ac
1087 3213 1278 3282 cymba
1307 3215 1361 3267 in
1391 3213 1525 3266 mari
1556 3214 1728 3284 agita-
1754 3242 1797 3299 ο
1831 3209 1960 3262 uitis
1988 3209 2396 3269 deductionem,
2439 3215 2496 3261 et
2525 3207 2580 3260 in
2615 3205 2822 3260 alendis
2853 3206 3188 3276 pauperibus
3225 3206 3416 3274 copio-

144 3307 309 3359 batur
337 3303 611 3369 fluctibus,
647 3313 703 3357 et
729 3303 983 3358 veniebat
1016 3304 1071 3356 in
1108 3304 1435 3373 periculum,
1473 3318 1545 3357 ne
1576 3304 1725 3358 face-

142 3405 229 3449 ret
252 3396 523 3465 jacturam
555 3410 768 3458 eorum,
799 3409 938 3462 quos
972 3394 1225 3459 vehebat,
1265 3403 1551 3464 propterea
1579 3396 1723 3463 quod

143 3488 365 3539 deesset
389 3486 598 3554 peritus
631 3486 983 3555 gubernator,
1011 3485 1105 3552 qui
1137 3484 1418 3538 resisteret
1447 3483 1722 3545 ﬂuetibus.

141 3595 295 3634 sana:
329 3578 453 3632 ﬁdei
487 3577 641 3632 clavo
674 3591 892 3647 regens,
940 3576 997 3630 in
1028 3585 1190 3646 portu
1217 3575 1449 3631 collocat
1478 3593 1493 3629 :
1521 3585 1577 3631 et
1608 3591 1724 3640 eos,

139 3671 239 3740 qui
269 3679 429 3725 erant
468 3670 525 3723 in
552 3686 636 3733 ea,
671 3677 1042 3732 conservatos,
1073 3668 1264 3722 idolica
1289 3678 1347 3723 et
1370 3683 1531 3729 vana,
1560 3683 1724 3738 quam

140 3764 204 3818 in
233 3763 416 3833 lingua
442 3755 720 3817 habebant
746 3761 1012 3816 adversus
1030 3776 1215 3816 sacras
1242 3761 1526 3832 imagines,
1547 3761 1724 3815 ablata

139 3855 429 3924 opinione,
457 3854 812 3924 synodalibus
837 3853 1190 3923 paternisque
1214 3861 1268 3906 et
1300 3853 1467 3907 rectis
1490 3852 1726 3907 circum-

143 3949 370 4002 vallavit
414 3945 671 4001 decretis.
729 3945 868 4000 Cum
917 3955 1268 3999 sacrosancto
1314 3953 1496 3998 autem
1553 3945 1726 4012 psalle

145 4037 320 4091 David
351 4036 630 4092 concurrit
668 4036 724 4090 in
785 4034 1120 4097 innocentia,
1150 4045 1208 4088 et
1244 4049 1369 4088 cum
1397 4049 1466 4088 eo
1497 4033 1727 4103 diligens

137 4131 406 4184 decorem
446 4129 643 4183 domus
675 4126 914 4193 Domini,
948 4143 1060 4182 non
1092 4127 1242 4181 dedit
1269 4141 1521 4181 somnum
1552 4124 1726 4180 oculis

138 4231 202 4277 et
225 4221 502 4292 palpebris
526 4219 994 4283 dormitationem,
1014 4230 1072 4274 et
1096 4219 1341 4289 requiem
1364 4220 1724 4288 temporibus,

137 4313 325 4366 donec
352 4310 597 4381 seipsum
647 4310 926 4380 exemplar
955 4311 1186 4365 Domino
1215 4318 1271 4365 et
1313 4309 1726 4365 tabernaculum

140 4406 262 4457 Deo
287 4401 477 4468 Jacob,
526 4402 669 4458 sicut
709 4403 820 4467 ille,
869 4402 1138 4458 exhibuit.
1188 4403 1316 4458 Zelo
1369 4411 1553 4457 motus
1599 4420 1725 4458 cum

135 4494 404 4556 Phinees,
435 4494 683 4550 haeresim
712 4504 768 4548 et
801 4495 920 4563 ejus
963 4504 1236 4550 amatores
1281 4505 1540 4566 tanquam
1585 4513 1727 4552 vera:

1831 3315 1946 3354 sam
1977 3300 2495 3368 suppeditatiouem,
2526 3309 2582 3352 et
2602 3299 2877 3352 assiduam
2899 3297 3103 3353 sanctis
3129 3299 3292 3352 rebus
3319 3299 3415 3353 da-

1833 3399 1939 3442 tam
1971 3405 2216 3457 operam,
2244 3397 2300 3442 et
2321 3387 2373 3441 in
2401 3387 2656 3457 pastorali
2684 3403 2914 3441 munere
2935 3387 3250 3440 diuturnam
3293 3403 3414 3443 mo-

1830 3496 1945 3534 ram
1974 3479 2182 3550 (viginti
2240 3479 2386 3533 enim
2417 3489 2474 3533 et
2519 3480 2658 3534 duos
2681 3479 2794 3548 (65)
2832 3493 3008 3533 annos
3044 3479 3414 3548 pontiﬁcalem

1823 3572 2106 3628 decoravit
2151 3571 2520 3642 cathedram),
2555 3572 2815 3642 ingruens
2872 3574 3098 3628 morbus
3153 3583 3208 3628 ct
3260 3574 3416 3629 valde

1828 3681 2047 3735 gravem
2080 3665 2132 3720 ei
2153 3665 2399 3720 dolorem
2433 3664 2692 3730 efferens,
2719 3678 2829 3720 non
2861 3666 3154 3735 persuasit,
3188 3675 3248 3719 ut
3276 3666 3416 3720 obli-

1828 3760 2134 3814 visceretur
2163 3758 2415 3828 perpetui
2450 3766 2510 3812 et
2539 3757 2713 3814 divini
2740 3757 2924 3812 officii.
2975 3757 3109 3811 Nam
3142 3767 3197 3814 et
3223 3760 3415 3813 morbo

1828 3861 1883 3907 et
1907 3853 2062 3907 senio
2083 3851 2356 3916 laborans,
2378 3867 2725 3921 nequaquam
2747 3852 3052 3906 satiabatur
3080 3855 3411 3908 sacrosancti

1829 3943 2068 4014 mysterii
2101 3943 2490 4006 celebratione,
2526 3943 2622 3998 sed
2671 3943 2890 3998 intenso
2927 3943 2994 3997 ad
3026 3943 3195 3998 Deum
3226 3959 3414 3999 amore

1828 4035 2048 4099 ardens,
2075 4043 2132 4089 et
2160 4034 2334 4088 morbi
2382 4034 2586 4088 nullam
2611 4034 2820 4088 ducens
2853 4035 3142 4098 rationem,
3195 4042 3415 4103 pectore

1828 4125 2074 4180 innitens
2106 4140 2311 4179 mensae
2341 4125 2554 4195 ligneae,
2584 4139 2705 4195 quae
2746 4125 3058 4195 ponebatur
3109 4137 3234 4180 ante
3265 4143 3411 4180 aram

1827 4215 2090 4280 divinam,
2119 4223 2306 4270 sancta
2337 4217 2653 4286 peragebat.
2677 4213 2722 4270 Ο
2756 4215 2920 4270 ﬁdem
2944 4225 3001 4271 et
3025 4217 3328 4285 sapientem
3359 4218 3410 4270 in

1828 4308 1994 4362 rebus
2019 4307 2225 4362 divinis
2253 4307 2624 4379 diligentiam!
2658 4322 2693 4362 o
2712 4306 3126 4362 interminatum
3155 4309 3207 4362 in
3243 4309 3413 4364 Deum

1825 4416 2068 4455 amorem
2093 4402 2106 4455 ι
2135 4399 2253 4455 Non
2278 4402 2424 4457 enim
2449 4416 2638 4456 curam
2660 4401 2882 4471 gerebat
2905 4401 3172 4470 corporis,
3201 4412 3259 4456 ut
3287 4417 3412 4455 cum

1828 4509 2010 4548 rerum
2067 4493 2376 4547 divinarum
2413 4507 2540 4547 eum
2593 4493 2828 4561 cepisset
2872 4492 3118 4553 satietas,
3161 4494 3414 4562 mysteria

136 4586 525 4640 fornicationis
563 4586 968 4640 introductores
1013 4595 1068 4640 et
1113 4588 1423 4657 dogmatum
1461 4588 1726 4642 adulteri—
1761 4589 1804 4643 D
1831 4586 2015 4640 divina
2048 4585 2494 4654 interrumperet,
2537 4585 2634 4640 sed
2685 4583 2962 4637 laboribus
3005 4584 3410 4647 corroboratus,

131 4692 344 4733 norum
376 4680 670 4749 genitores,
697 4678 958 4734 confodit.
991 4679 1221 4733 Aarouis
1242 4683 1520 4750 superavit
1547 4696 1729 4736 sacer-

131 4770 379 4824 dotium.
413 4769 529 4824 Non
561 4770 706 4823 enim
751 4771 1117 4824 tintinnabula
1153 4781 1209 4826 et
1245 4772 1386 4828 mala
1423 4773 1643 4842 punica,
1675 4784 1730 4828 et

129 4859 354 4927 lapides
380 4861 618 4926 pectoris
647 4871 703 4913 et
735 4860 1221 4930 superhumet‘alis,
1250 4879 1428 4932 neque
1463 4865 1642 4926 mitra,
1674 4874 1729 4918 et

128 4951 361 5015 cidaris,
392 4959 447 5004 et
475 4951 680 5015 talaris,
706 4960 760 5005 et
803 4953 920 5005 auri
967 4953 1184 5018 lamina,
1229 4954 1376 5009 hunc
1405 4955 1544 5009 sicut
1578 4956 1724 5009 illum

127 5041 436 5096 amiciebat
489 5043 596 5096 ritu
649 5044 970 5110 sacerdotis,
1027 5060 1202 5114 neque
1257 5046 1580 5100 sacrificium
1629 5062 1727 5116 per

128 5133 468 5200 sanguinem
501 5141 780 5186 taurorum
819 5134 883 5187 'et
929 5135 1230 5201 hircorum,
1261 5137 1382 5205 ejus
1434 5147 1487 5190 et
1542 5135 1724 5209 pepuli

124 5220 399 5287 expiabat
429 5221 762 5290 iguorantias
793 5240 806 5275 :
846 5223 940 5277 sed
974 5224 1289 5278 moderatus
1328 5224 1562 5281 amictus
1599 5244 1722 5282 cum

127 5311 338 5380 spiritu
393 5313 750 5380 paupertatis,
781 5329 906 5368 eum
962 5314 1223 5368 reddebat
1259 5316 1624 5385 splendidum,
1671 5330 1727 5372 et

125 5401 300 5471 legali
339 5403 657 5457 holocausta
685 5416 844 5458 erant
879 5407 1196 5470 sacratiora,
1235 5424 1356 5476 qua:
1387 5411 1456 5464 ab
1491 5427 1557 5463 eo
1585 5411 1723 5465 oﬂ'e-

125 5494 406 5545 rebantur
438 5510 450 5544 :
483 5501 544 5545 ut
579 5494 674 5562 qui
719 5510 940 5564 agnum,
972 5499 1065 5565 qui
1113 5498 1249 5552 tollit
1287 5500 1474 5554 mundi
1529 5516 1721 5568 pecca-

126 5597 283 5644 tum,
315 5585 594 5639 Christum
625 5588 961 5641 sacrificaret
986 5591 1154 5644 sacris
1198 5591 1632 5648 invocationibus
1667 5607 1723 5647 et

124 5676 383 5731 ﬁdelium
416 5677 768 5733 distribueret
792 5681 1067 5747 manibus,
1100 5691 1155 5735 et
1178 5697 1369 5738 omnes
1406 5698 1721 5756 aspergeret

213 5856 330 5922 (63)
373 5856 837 5924 Noucompletos,
869 5869 923 5910 ut
951 5875 1112 5926 supra
1154 5859 1223 5911 di.
1249 5871 1383 5914 tum.

461 5978 728 6034 l’nnou
778 5980 892 6036 (3n.
949 5978 1219 6037 XCVIII.

1830 4686 1888 4731 et
1908 4691 2031 4731 eum
2065 4675 2228 4730 Paulo
2257 4676 2538 4730 clamans:
2569 4678 2704 4730 Cum
2745 4667 3012 4742 inﬁrmor,
3052 4685 3185 4731 tunc
3220 4686 3412 4744 potens

1830 4784 1952 4823 sum
1985 4767 2073 4839 (II
2103 4767 2226 4823 Cor.
2258 4784 2355 4834 xu,
2380 4769 2490 4840 l0),
2523 4769 2723 4823 acriter
2757 4767 2981 4822 vacabat
3010 4767 3196 4822 divino
3219 4768 3410 4821 cultui.

1899 4860 1988 4913 48.
2032 4860 2262 4914 lnvaluit
2293 4874 2422 4929 ergo
2451 4861 2694 4924 morbus,
2729 4868 2783 4915 et
2820 4875 2947 4914 eum
2975 4860 3044 4914 de
3068 4870 3268 4914 cancro
3292 4875 3416 4914 ces-
3479 4891 3482 4894 ι

1828 4968 1950 5006 sare
1997 4951 2204 5008 faciens
2256 4969 2288 5006 a
2340 4953 2650 5007 divinorum
2703 4954 3045 5022 operatione,
3101 4951 3150 5006 ei
3204 4954 3415 5022 paravit

1828 5045 2029 5098 lectum
2063 5043 2417 5109 infirmitatis,
2446 5047 2591 5113 quod
2627 5045 2832 5099 utinam
2868 5061 2977 5099 non
3013 5046 3234 5099 fecisset
3283 5053 3414 5100 ante

1827 5139 2016 5192 oculos
2040 5152 2252 5200 eorum,
2283 5139 2377 5207 qui
2405 5153 2530 5192 eum
2555 5154 2834 5207 nunquam
2861 5139 2913 5192 in
2939 5138 3081 5192 lecto
3109 5153 3414 5206 conspexe—

1827 5240 1969 5284 rant.
2005 5227 2181 5292 Tunc,
2218 5238 2349 5284 tunc
2375 5233 2434 5284 lit
2478 5231 2798 5286 miraculum
2826 5248 3024 5286 novum
3053 5241 3109 5284 et
3135 5230 3412 5295 .terribiie,

1825 5322 1968 5391 quod
2018 5336 2138 5384 nos,
2169 5322 2263 5390 qui
2318 5322 2629 5384 aderamus,
2665 5322 3031 5375 admiratione
3084 5322 3326 5389 implevit
3356 5337 3412 5376 ιιι

1825 5414 2042 5476 timore,
2073 5413 2323 5466 videntes
2351 5427 2477 5468 eum
2505 5414 2669 5467 veluti
2705 5415 2760 5466 in
2790 5416 2959 5467 extasi
2990 5453 3004 5477 ,
3030 5424 3084 5466 et
3113 5415 3408 5466 luctantem

1824 5521 1947 5558 eum
2003 5506 2352 5569 adversariis,
2401 5507 2495 5575 qui
2542 5522 2652 5560 non
2705 5507 2908 5560 cadunt
2967 5509 3069 5559 sub
3099 5520 3404 5574 aspectum.

1824 5599 1942 5651 Non
1983 5599 2125 5651 enim
2199 5601 2460 5655 adversus
2523 5617 2744 5655 carnem
2803 5612 2856 5655 et
2910 5599 3228 5671 sanguinem
3291 5611 3410 5654 erat

1824 5689 1870 5742 ei
1904 5700 2203 5752 certamen,
2262 5691 2354 5744 sed
2393 5691 2655 5744 adversus
2707 5691 3066 5759 principatus,
3144 5691 3408 5744 adversus

2999 5988 3075 6044 δῦ
