4092 6438
737 412 875 479 1419

1794 416 1851 473 S.
1895 415 2203 474 T.\RASII
2242 416 2747 478 PATRIARCHE
2781 416 2889 479 CP.

3888 419 3988 483 im

730 534 1054 593 potestates,
1086 524 1347 581 adversus
1404 523 1662 592 spiritalia
1705 521 2213 592 nequiitim.(Eplics.
2242 538 2314 585 γι,
2346 544 2388 599 Α
2419 524 2724 590 obtinebat,
2772 526 2971 591 Patris,
3015 535 3273 594 tanquam
3323 530 3418 601 qui
3459 529 3753 583 contineri
3808 548 3983 598 posset,

735 618 848 683 12.)
900 616 1181 684 Tanquam
1228 616 1374 668 enim
1422 616 1587 669 verba
1641 615 1849 668 faciens
1870 630 1994 667 cum
2020 616 2311 683 aliquibus,

732 710 973 777 quicum
1007 708 1408 771 examinabant,
1437 716 1491 759 et
1530 718 1664 761 acta:
1698 706 1820 760 vitze
1847 706 2115 759 rationem
2153 706 2221 759 ab
2251 720 2317 759 eo

732 802 1039 869 exigebant,
1079 800 1150 853 ita
1206 814 1423 853 causam
1469 814 1627 852 suam
1681 799 1893 868 agebat.
1946 798 2317 862 Quamobrem

724 892 919 945 multis
945 892 1231 945 videbatur
1252 907 1370 943 esse
1396 905 1523 943 reus
1543 890 1801 953 debendi,
1832 898 1887 942 et
1911 889 2177 942 rationem
2203 889 2319 944 red-

732 985 863 1036 dere
895 984 1218 1043 cxactionis,
1262 990 1378 1034 erat
1404 995 1535 1033 vero
1562 981 1765 1050 justum
1798 979 2062 1048 judicium
2093 980 2317 1049 superni

732 1078 919 1130 auxilii
963 1092 1182 1129 onmem
1244 1076 1368 1127 vitm
1426 1075 1693 1127 maculam
1754 1073 1960 1136 eluere,
2012 1080 2068 1125 et
2105 1072 2317 1126 nullout

730 1172 881 1224 illine
926 1170 1069 1222 ferre
1108 1168 1371 1221 delictum
1416 1185 1431 1220 :
1467 1164 1728 1235 appellari
1764 1173 1947 1217 autem
1978 1162 2115 1217 lueis
2156 1163 2319 1232 parti-

731 1264 928 1331 cipem,
961 1271 1014 1313 et
1048 1259 1208 1313 simul
1261 1259 1415 1312 obire
1445 1255 2047 1311 ctelestibus-matcriae
2085 1254 2320 1322 experti-

730 1354 832 1406 bus
863 1352 1245 1421 potestatibus.
1296 1347 1429 1402 Nam
1460 1348 1703 1417 quandiu
1732 1348 1952 1416 quidem
1995 1346 2185 1399 habuit
2218 1346 2319 1398 lin-

718 1461 890 1514 gnam
931 1444 1019 1503 iis,
1055 1441 1148 1506 qui
1177 1442 1493 1503 audiebant,
1527 1454 1685 1494 sensa
1712 1448 1899 1506 aperte
1931 1438 2316 1507 explicantem,

732 1533 911 1590 verbis
937 1530 1245 1600 resistebat,
1283 1540 1338 1582 et
1369 1520 1617 1598 prompta
1643 1528 1808 1580 dabat
1839 1542 2099 1595 responsa
2134 1526 2200 1580 ad
2252 1543 2316 1581 ea

729 1640 848 1701 quze
877 1621 1294 1690 objiciebautur,
1322 1620 1512 1673 dicens
1537 1634 1595 1671 se
1617 1619 1819 1671 nullius
1844 1633 2032 1671 eorum
2060 1633 2181 1673 esse
2213 1619 2317 1672 sibi

729 1716 1031 1778 conscium,
1065 1728 1298 1782 quorum
1329 1727 1454 1765 eum
1488 1726 1750 1766 accusare
1777 1713 2085 1765 voluerant.
2107 1710 2151 1764 Ο
2183 1712 2317 1765 nulli

729 1808 900 1874 culpa)
929 1806 1143 1860 affinem
1169 1822 1295 1859 eum
1328 1792 1442 1857 Deo
1461 1805 1906 1874 coniunctionem
1934 1806 1945 1857 ε
1974 1803 2091 1857 Non
2122 1814 2318 1873 potue-

2419 614 2651 682 cupiens
2698 617 2994 684 prohibere
3044 618 3378 681 decessum,
3456 622 3729 692 lacrytnis
3786 624 3985 685 foedata,

2418 706 2723 775 acerbeque
2752 722 2879 760 eum
2908 723 3175 765 revocans
3204 720 3259 764 et
3274 701 3648 781 amplectens,
3673 726 3735 768 et
3766 724 3989 784 tanquam

2416 811 2549 863 quas
2594 799 2886 852 multorum
2938 801 3211 881 bonprum
3268 816 3554 872 pateretur
3608 808 3987 872 amissionem,

2417 884 2647 952 perinde
2682 895 2847 956 atque
2877 889 3031 953 rivis,
3067 890 3346 959 rigabatur
3376 894 3665 965 lacrymis.

2488 976 2578 1030 5f.
2613 978 2872 1034 Ecclesia:
2918 993 3101 1035 autem
3138 983 3324 1038 laetitia
3362 988 3603 1042 deﬂebat
3660 990 3990 1044 utilissimus

2419 1082 2582 1121 suum
2617 1078 3059 1137 procuratorem,
3087 1074 3405 1143 agricolam,
3436 1079 3841 1147 plantatorem,
3868 1096 3989 1141 eum,

2416 1158 2512 1227 qui
2549 1160 2700 1212 omni
2736 1162 2877 1213 aetati
2921 1162 3327 1219 incrementum
3361 1168 3591 1223 dederat
3628 1171 3703 1222 ad
3734 1171 3990 1233 virtutem,

2416 1250 2512 1318 qui
2558 1252 2695 1305 nulli
2740 1254 2968 1307 macula:
3015 1256 3311 1312 obnoxium
3346 1272 3713 1317 conservarat
3761 1264 3991 1315 sacerdo-

2421 1340 2577 1406 tium,
2611 1342 2702 1411 qui
2736 1359 2956 1398 omnem
2993 1362 3182 1416 rugam
3230 1350 3383 1404 mala:
3425 1351 3719 1419 Opinionis
3760 1368 3792 1403 a
3822 1353 3989 1405 divinis

2417 1433 2575 1487 atriis
2605 1436 2962 1501 absterserat,
3003 1438 3095 1507 qui
3143 1454 3245 1508 pro
3278 1442 3510 1497 veritate
3542 1458 3862 1504 sermones,
3897 1456 3991 1497 tan-

2419 1540 2579 1594 quam
2615 1527 2886 1595 pretiosos
2917 1529 3149 1598 lapides,
3200 1531 3254 1583 in
3293 1530 3559 1587 Ecclesiae
3590 1534 3873 1587 inflixerat
3898 1535 3992 1587 dia-

2419 1617 2655 1680 demate,
2693 1619 2787 1686 qui
2820 1628 2938 1672 erat
2983 1620 3337 1691 incorruptus
3364 1624 3625 1689 antistes,
3669 1628 3770 1693 qui
3804 1626 3871 1677 ad
3901 1641 3990 1678 ma-

2409 1727 2593 1764 nuum
2635 1713 3041 1783 impositionem
3092 1715 3254 1770 donis
3296 1717 3440 1771 allici
3486 1732 3604 1770 non
3653 1729 3893 1787 poterat,
3920 1721 3991 1787 qui

2422 1803 2754 1859 Simoniaeaa
2786 1807 2980 1878 magiae
3014 1824 3209 1863 aurum
3251 1811 3631 1867 adulterinum
3664 1829 3799 1869 esse
3835 1827 3993 1868 oste»

732 1912 863 1955 runt
895 1900 1112 1969 maligni
1137 1898 1341 1952 inimici
1369 1914 1495 1950 cum
1525 1897 1607 1950 vel
1636 1912 1801 1965 parva
1829 1896 1882 1948 in
1917 1913 1973 1947 re
2002 1896 2305 1964 deprehen-
2345 1896 2383 1951 Β
2414 1895 2589 1962 derat,
2626 1898 2717 1966 qui
2760 1912 2877 1953 erat
2921 1902 3296 1971 apostolorum
3346 1919 3645 1961 successor
3694 1907 3757 1961 in
3786 1909 3991 1970 virtute,

729 1992 859 2044 dere
879 1990 1195 2051 obnoxium,
1229 1988 1311 2041 vel
1361 1986 1741 2040 abominandis
1788 1986 1903 2037 suis
1940 1985 2238 2040 sceleribus
2266 1984 2315 2037 ei

729 2082 932 2149 aliquid
961 2076 1219 2150 aliingere
1246 2120 1261 2144 ,
1296 2080 1390 2134 sed
1425 2095 1519 2133 eos
1548 2077 1754 2147 redegit
1779 2077 1844 2130 ad
1874 2092 2092 2130 otnnem
2129 2076 2315 2129 cousi-

728 2173 788 2239 lii
818 2172 1080 2242 inopiam,
1109 2187 1207 2241 per
1235 2170 1545 2241 generalem
1582 2179 1637 2222 et
1680 2167 1979 2221 terribilem
2023 2166 2316 2221 inliciatio-

729 2283 876 2330 nem,
914 2275 971 2319 ut
992 2280 1095 2318 nec
1126 2266 1179 2317 in
1227 2279 1351 2317 eum
1384 2262 1605 2331 quidem
1641 2269 1866 2330 possent
1896 2259 2057 2312 ullam
2094 2274 2314 2314 causam

724 2361 784 2412 in
816 2359 1056 2427 Speciem
1088 2358 1273 2411 dicere
1310 2354 1671 2424 probabilem.
1704 2352 1934 2417 Quando
1977 2358 2160 2404 autem
2216 2350 2317 2402 lin-

720 2468 849 2521 guis
878 2450 1161 2519 obtorpuit
1186 2450 1635 2511 instrumentum,
1673 2461 1775 2500 nec
1805 2461 1863 2499 se
1894 2444 2078 2499 verbis
2104 2452 2318 2513 poterat

731 2544 1050 2607 d'dlcnderc,
1098 2543 1270 2607 labro,
1302 2550 1358 2595 et
1401 2554 1587 2603 manu,
1620 2548 1677 2593 et
1713 2548 1851 2591 nutu
1893 2553 1988 2591 eos
2016 2535 2317 2601 evertebat,

730 2647 787 2690 et
813 2618 930 2689 non.
951 2634 1202 2688 cessabat
1233 2647 1328 2687 eos
1371 2630 1665 2701 expellere.
1710 2628 2007 2683 Videbatur
2039 2625 2185 2681 enim
2218 2641 2321 2679 no-

732 2730 818 2783 bis
843 2738 1098 2796 tanquam
1144 2728 1200 2781 in
1253 2724 1505 2778 inimicos
1540 2722 1795 2777 ferociter
1842 2721 2100 2783 fremere,
2136 2727 2193 2774 et
2224 2732 2319 2772 eos

728 2836 857 2880 eum
889 2820 967 2873 ira
1012 2819 1298 2888 repellere,
1351 2815 1528 2869 donec
1578 2827 1772 2868 sensus
1797 2820 2085 2881 coeperunt
2126 2809 2318 2863 conni-

734 2931 883 2966 vere.
1320 2978 1321 2981 η

804 3026 1071 3081 49.1‘unc
1088 3020 1704 3091 enimtranquillissimo
1735 3019 1951 3080 habitu,
1975 3014 2321 3085 vespertinas

725 3117 925 3173 laudes
971 3117 1287 3170 celebrante
1338 3111 1608 3177 Ecclesia,
1653 3118 1709 3164 et
1734 3110 2006 3163 clamante
2044 3106 2318 3169 :lnclina,

727 3212 992 3276 Domine,
1027 3221 1083 3262 et
1117 3207 1311 3262 exaudi
1342 3222 1449 3269 me,
1486 3205 1604 3274 ipse
1636 3204 1926 3273 pelliceum
1974 3202 2121 3254 hunc
2170 3200 2321 3253 exuit
2347 3228 2391 3289 ε

737 3304 1002 3357 amictum
1033 3319 1045 3352 :
1078 3308 1135 3353 et
1170 3297 1379 3352 relictis
1416 3296 1652 3349 vinculis
1682 3295 1919 3361 carneis,
1961 3292 2115 3346 venit
2134 3291 2199 3343 ad
2232 3290 2317 3342 lu-

736 3398 951 3450 minosa
1000 3394 1137 3447 atria
1198 3390 1528 3454 cmlcstium,
1579 3398 1637 3441 et
1692 3386 1905 3441 habitat
1952 3386 2007 3438 in
2054 3380 2317 3437 ineffabili

725 3489 946 3549 thitia,
970 3500 1091 3554 qua:
1121 3482 1425 3553 percipitur
1445 3478 1829 3549 intelligentia,
1865 3493 1931 3531 ex
1961 3490 2047 3540 ea,
2079 3489 2202 3543 quae
2231 3475 2319 3527 hic

738 3591 842 3645 est,
876 3578 1231 3649 improbitate
1262 3575 1317 3627 in
1349 3574 1534 3627 anima
1560 3571 1776 3625 nullum
1806 3572 2020 3639 signum
2055 3568 2315 3621 inferens.

739 3673 874 3726 Nam
908 3684 1033 3725 cum
1082 3668 1175 3720 hic
1221 3675 1431 3735 ageret,
1491 3661 1788 3716 virtutibus
1836 3668 2012 3712 morte
2060 3658 2320 3711 allecerat

730 3763 972 3818 mortale
1017 3762 1123 3815 hoc
1164 3753 1604 3819 tabernaculum,
1640 3752 2014 3807 erubescebat
2056 3750 2201 3803 enim
2232 3748 2320 3802 di-

737 3860 906 3916 midia
938 3874 1002 3913 ex
1034 3865 1193 3927 parte
1216 3863 1473 3908 naturam
1516 3850 1719 3905 habere
1767 3842 2134 3900 immortalem
2179 3840 2317 3910 (64).

741 3954 991 4008 Mortuus
1025 3960 1207 4004 tamen
1238 3955 1344 4010 est,
1386 3944 1644 3999 existimo
1686 3949 1874 3994 autem
1908 3935 2073 3991 simul
2103 3948 2321 4002 quoque

740 4063 863 4099 runt
913 4060 979 4098 eo
1021 4043 1252 4095 virtutes
1291 4052 1413 4092 esse
1448 4042 1734 4093 mortuas,
1787 4031 1893 4084 nisi
1940 4028 2081 4083 forte
2129 4025 2319 4087 fallor,

734 4134 939 4204 insigni
975 4131 1200 4185 audacia
1230 4142 1490 4196 magnum
1522 4125 1651 4192 quid
1681 4130 1737 4175 et
1765 4119 2004 4174 terribile
2024 4118 2318 4185 eloquens.

813 4226 904 4278 50.
942 4223 1209 4277 Universa
1240 4235 1378 4273 vero
1411 4206 1630 4279 civitas,
1666 4210 2048 4267 inconsolabili
2085 4211 2238 4261 luctu
2267 4215 2323 4260 et

740 4315 997 4387 lacrytnis
1021 4328 1148 4368 eum
1180 4326 1289 4365 non
1324 4309 1577 4365 cessabat
1609 4304 1833 4368 deﬂere,
1873 4314 2130 4371 tanquam
2161 4314 2321 4353 suum

740 4420 1032 4480 patronum
1068 4406 1528 4461 ctdefcnsorem.
1562 4401 1665 4466 Qui
1710 4409 1894 4454 autem
1930 4396 2163 4451 fideliter
2193 4403 2324 4449 tunc

744 4511 962 4571 sceptra
1022 4497 1441 4553 administrabat
1471 4494 1555 4564 (is
1596 4507 1725 4547 vero
1751 4500 1869 4546 erat
1892 4490 2007 4559 (65)
2049 4487 2323 4556 Nicepho-

2416 1988 2508 2056 qui
2559 1989 2881 2045 considebat
2913 2005 2969 2046 et
3018 1996 3455 2051 conversabatur
3504 2014 3639 2053 cum
3692 2002 3993 2067 patriarcha~

2418 2088 2471 2134 et
2486 2080 2759 2148 Patribus,
2779 2084 2872 2152 qui
2888 2099 3012 2137 eum
3035 2086 3229 2140 electis
3247 2076 3636 2145 consentiebat
3658 2094 3907 2161 synodis,
3921 2098 3993 2162 qui

2406 2175 2601 2228 omnia
2624 2174 2798 2230 factus
2811 2186 2895 2232 est
2906 2179 3182 2245 omnibus,
3202 2182 3484 2252 utaliquos
3498 2186 3997 2240 onminosalvosfa-

2417 2274 2565 2319 ceret
2587 2266 2635 2333 (ι
2665 2265 2881 2332 Coms,
2920 2268 3041 2338 22).
3075 2272 3473 2326 convenienter
3489 2290 3703 2344 magno
3738 2289 3799 2330 ct
3842 2278 3997 2331 ἀπίω

2416 2359 2692 2427 apostolo.
2736 2359 3128 2417 Monacborum
3145 2375 3332 2418 autem
3349 2378 3526 2421 cretus
3562 2369 3999 2437 religiosissimus

2421 2448 2474 2501 in
2506 2464 2659 2513 eum,
2698 2460 2759 2503 ut
2792 2452 3030 2522 probum
3054 2469 3216 2508 suum
3240 2457 3632 2520 excitatorem,
3661 2469 3725 2513 et
3747 2476 3999 2513 sumntum

2418 2540 2615 2594 ducem
2673 2543 2741 2596 ad
2794 2544 3204 2611 abstinentiam,
3248 2550 3553 2603 ostendens
3614 2551 3923 2613 tristitiam,
3960 2563 4001 2606 et

2421 2629 2655 2700 hymnos
2686 2641 2990 2688 contexens
3022 2636 3297 2706 lacrymis,
3343 2642 3807 2708 prosequebatur
3824 2644 3897 2696 ad
3926 2662 4001 2711 ρει-

2420 2728 2550 2785 tres,
2582 2722 2678 2791 qui
2707 2725 2863 2793 prius
2892 2726 3224 2782 refulserant
3257 2729 3311 2781 iu
3345 2732 3792 2795 exercitatione,
3823 2748 3999 2803 palma

2418 2810 2512 2879 qui
2532 2822 2651 2867 erat
2675 2815 3030 2871 continentiae
3056 2821 3525 2887 propugnaculum
3559 2822 4001 2892 inexpugnabile.

2419 2904 2523 2968 Qui
2559 2914 2718 2959 erant
2749 2908 2927 2977 egeni,
2974 2923 3136 2962 suum
3181 2910 3663 2979 suppeditalorem
3700 2933 3715 2967 :
3752 2916 3851 2983 qui
3882 2917 4002 2971 orbi.

2419 2996 2640 3050 oculum
2672 3017 2685 3051 :
2712 2999 2805 3067 qui
2828 2999 3034 3063 claudi,
3057 3002 3252 3069 pedem
3287 3020 3300 3054 :
3325 3003 3420 3072 qui
3449 3005 3613 3070 nudi,
3648 3017 3873 3061 vestem
3900 3014 4005 3075 :qui

2421 3087 2697 3158 hospites,
2750 3099 3103 3159 exeeptorem
3140 3110 3153 3145 :
3184 3092 3277 3160 qui
3324 3093 3377 3145 in
3424 3094 3702 3158 vinculis,
3756 3098 4006 3150 visitatio-

2422 3192 2548 3231 nem
2585 3196 2598 3230 :
2631 3178 2843 3244 viduae,
2894 3180 3241 3234 defensorem
3290 3198 3303 3233 :
3351 3183 3629 3251 orpltani,
3688 3185 4006 3253 adjutoretu.

2422 3267 2614 3323 Omnis
2640 3271 2885 3325 conditio
2914 3280 2971 3325 et
2998 3272 3182 3325 omnis
3207 3280 3338 3325 aetas
3371 3273 3700 3329 conﬂuebat
3732 3276 3911 3329 instar
3934 3280 4010 3328 αυ-

2422 3363 2607 3427 minis,
2644 3364 2843 3418 lectum
2874 3376 3129 3435 tangens,
3162 3375 3218 3419 et
3243 3381 3403 3419 sacro
3434 3366 3530 3421 illo
3559 3370 3906 3437 spectaculo
3929 3370 4011 3421 irai

2420 3457 2513 3526 pie
2541 3458 2905 3512 contendens.
2930 3458 2998 3513 Et
3026 3461 3131 3514 nisi
3163 3461 3461 3531 imperator
3495 3463 3695 3530 populi
3729 3467 4013 3516 tumultum

2422 3558 2479 3604 et
2512 3551 2776 3619 impetum
2804 3552 3031 3605 militari
3083 3568 3249 3606 manu
3294 3554 3405 3607 cito
3446 3556 3847 3623 repressisset,
3882 3558 4009 3608 nonid

2422 3644 2708 3697 venissent
2748 3646 2802 3696 in
2852 3644 3047 3699 mortis
3099 3647 3431 3714 perieulum,
3483 3646 3623 3699 dum
3685 3649 3927 3701 trudunt
3972 3662 4013 3699 ct

2422 3734 2663 3788 vicissim
2704 3735 3028 3800 truduntur,
3058 3744 3115 3789 et
3148 3736 3424 3790 laudabile
3450 3738 3779 3791 ostendunt.
3815 3740 4013 3793 deside-
4090 3782 4092 3803 ε

2424 3826 2567 3880 rium
2592 3826 2647 3879 in
2680 3841 2828 3891 eum,
2862 3828 2959 3897 qui
2987 3828 3432 3883 desiderabatur.

2494 3919 2585 3973 52.
2625 3920 2902 3989 Sepelitur
2935 3936 3068 3992 ergo
3093 3922 3282 3992 gloriae
3304 3923 3529 3992 plenum
3573 3925 3863 3993 inclytum
3910 3943 4011 3980 ωιν-

2424 4029 2530 4083 pus
2579 4025 2897 4070 sanctorum
2946 4016 3192 4071 virorum
3241 4018 3521 4082 manibus,
3566 4020 3671 4087 qui
3727 4020 3931 4072 lembis
3972 4029 4014 4069 rt
4090 4000 4092 4023 ⁵

2415 4107 2683 4162 lintribus
2739 4109 2906 4163 latum
2954 4125 3107 4164 mare
3159 4120 3362 4163 terram
3413 4110 3656 4164 solidam
3696 4111 4009 4164 eiecerant.
4090 4107 4092 4167 !

2425 4198 2558 4251 dum
2583 4200 2893 4253 transirent
2919 4200 2986 4253 ad
3020 4200 3415 4254 monasterium
3461 4200 3532 4253 ab
3576 4215 3653 4254 eo
3691 4201 4010 4255 aediﬁcatum

2426 4293 2483 4346 in
2521 4291 2764 4362 Bosporo
2806 4292 3124 4363 Byzantina,
3178 4293 3234 4346 in
3286 4293 3609 4346 venerando
3661 4295 3883 4363 templo
3911 4309 4009 4346 oat-

2425 4383 2580 4436 nium
2609 4392 2945 4453 martyrum,
2971 4383 3067 4451 qui
3096 4398 3197 4452 pro
3223 4383 3449 4436 Christo
3492 4386 3846 4451 sanguinem
3883 4385 4011 4437 elu-

2427 4471 2652 4535 derunt,
2682 4486 2807 4524 cum
2840 4472 3045 4525 mensis
3074 4469 3340 4525 Februar.
3376 4470 3490 4539 (66)
3518 4471 3793 4538 quintum
3821 4484 4013 4526 teneret

748 4560 861 4664 rus}
885 4633 899 4655 ,
919 4607 1030 4646 non
1065 4590 1316 4645 cessabat
1343 4560 1813 4641 dolore-cruciari.
1838 4581 2149 4635 Proeidens
2179 4579 2325 4633 enim
2359 4578 2403 4632 ἰ)
2429 4561 2576 4616 diem
2602 4576 2742 4664 FW“
2772 4560 3064 4664 ςιιιῖηιξιριο
3089 4561 3474 4662 (ιυειιετηίυιιρο
3506 4562 3654 4615 Em“
3684 4573 3886 4663 δυξεω

745 4698 912 4754 supra
957 4691 1149 4753 pectus
1198 4677 1423 4750 gloriosi
1478 4675 1760 4745 corporis,
1799 4683 1856 4726 et
1903 4672 2082 4741 ipsum
2136 4680 2326 4738 tegens

744 4773 1007 4847 purpura,
1058 4773 1345 4826 funebrem
1400 4768 1636 4822 faciebat
1674 4764 2144 4825 lamentationem,
2199 4774 2324 4813 eum

744 4882 951 4922 vocans
984 4874 1280 4936 pastorem,
1312 4860 1554 4924 Patrem,
1604 4857 1821 4927 imperii
1854 4848 2190 4923 adiutorem,
2218 4850 2327 4903 Lu-

745 4960 999 5023 ciferum,
1037 4959 1130 5026 qui
1164 4970 1445 5025 nunquam
1478 4951 1699 5014 occidit,
1743 4949 1881 5017 reip.
1911 4947 2106 5001 ducem
2138 4943 2208 4997 ad
2239 4958 2326 5006 ea,

746 5065 870 5119 qua:
901 5057 1031 5101 sunt
1056 5045 1301 5105 meliora.
1329 5052 1389 5097 et
1415 5042 1663 5096 divinum
1679 5038 2021 5109 magistrum,
2051 5033 2331 5089 exercitus

750 5137 1176 5211 inexpugnabile
1204 5132 1698 5206 propugnaculum,
1741 5130 2086 5183 inimicorum
2132 5140 2231 5181 sua
2264 5123 2332 5177 ad

750 5236 925 5288 Deum
959 5228 1355 5284 intercessione
1398 5236 1684 5279 strenuum
1728 5219 2156 5290 profligatorem.
2192 5214 2333 5281 Quid

750 5321 990 5376 denique
1027 5334 1137 5371 non
1164 5316 1395 5379 faciens,
1440 5313 1572 5383 quid
1612 5326 1722 5366 non
1755 5310 1965 5373 dicens,
1996 5307 2145 5362 orbis
2177 5316 2334 5359 terra:

750 5416 1017 5469 damnum
1051 5418 1317 5479 reputans
1354 5404 1591 5476 pastoris
1613 5402 1928 5475 iacturam?
1970 5399 2103 5465 Quae
2150 5406 2334 5451 autem

754 5508 810 5562 in
846 5499 1208 5572 patestatibus
1238 5506 1293 5551 et
1324 5494 1624 5550 honoribus
1658 5492 1956 5547 maximum
1987 5488 2335 5559 Spletidoretu

831 5704 944 5775 (fit;
991 5702 1237 5775 llor‘ttnrs
1262 5707 1343 5753 est
1366 5712 1516 5775 anno
1546 5696 1671 5775 806.

832 5765 943 5845 {Ui}
987 5775 1139 5826 lrene
1193 5770 1430 5845 fortunis
1470 5770 1749 5845 omnibus
1807 5774 1996 5845 exuta,
2034 5765 2337 5845 imperium

766 5836 988 5915 adeptas
1016 5854 1094 5898 cs!
1128 5856 1274 5894 anno
1306 5837 1430 5903 802,
1470 5839 1529 5892 ’51
1569 5838 1783 5902 Ουιυὺη
1818 5838 2005 5889 iudict.
2033 5836 2086 5889 ‘2.

2428 4666 2555 4722 gum
2599 4660 2816 4721 tempus
2859 4652 3041 4704 celare
3090 4666 3202 4705 non
3252 4651 3473 4720 poterit,
3524 4661 3613 4704 est
3674 4654 3838 4707 enim
3884 4656 4015 4706 enini

2424 4752 2680 4810 tempore
2712 4740 3007 4795 excelsior.
3034 4738 3240 4795 Natura
3267 4742 3417 4796 enim
3445 4723 3678 4796 virtutis
3717 4760 3841 4797 non
3872 4758 4016 4798 susu-

2428 4842 2525 4887 net
2545 4832 2879 4886 oblivionem
2916 4850 2930 4886 :
2954 4847 3071 4886 non
3096 4833 3221 4886 tabe
3249 4833 3396 4887 enim
3424 4833 3650 4888 invidia:
3679 4835 4015 4890 habebatur:

2431 4926 2515 4980 sui
2546 4924 2693 4979 enim
2721 4925 3053 4979 memoriam
3085 4923 3215 4978 facit
3241 4925 3609 4979 immortalem
3666 4930 3891 4983 nostris
3920 4928 4019 4983 ani.

2426 5019 2556 5085 mis,
2589 5026 2645 5072 et
2676 5032 2787 5071 non
2822 5017 2957 5071 sinit
2988 5018 3227 5088 dispergi
3259 5026 3315 5071 et
3348 5018 3455 5087 tegi
3487 5018 3744 5073 silentio.

3028 5130 3258 5185 CAPUT
3296 5120 3415 5184 XII.

2538 5220 2799 5274 Hii-acula
2829 5224 2899 5273 ad
2931 5221 3228 5290 sepulcrum
3261 5224 3434 5274 sancti
3461 5221 3680 5277 Taraaii
3719 5238 3967 5296 patrata.

2508 5311 2596 5366 55.
2641 5311 2881 5380 Tempus
2908 5320 2990 5365 est
3032 5321 3237 5375 autem,
3274 5313 3450 5376 vobis,
3490 5314 3587 5381 qui
3638 5317 3786 5370 estis
3826 5320 4024 5370 vinetis
4090 5311 4092 5373 Ι

2438 5400 2690 5466 studiosi,
2725 5400 3035 5471 exponendi
3073 5416 3162 5454 res
3193 5416 3225 5454 a
3254 5399 3412 5454 Patre
3445 5403 3727 5469 praeclare
3765 5419 3952 5475 gestas
3986 5424 4023 5455 in

2439 5495 2716 5567 sepulcro,
2766 5510 2904 5564 quas
2943 5510 3072 5549 non-
3105 5495 3305 5566 poterit
3355 5496 3660 5565 prohibere
3715 5515 4025 5554 monumesv

2443 5693 2626 5821 C_(66)
2668 5693 2717 5747 ls
2758 5693 2873 5748 dies
2917 5707 2985 5748 eo
3015 5708 3160 5747 anno
3189 5691 3382 5746 incidit
3428 5692 3484 5744 in
3530 5691 3752 5748 feriam
3798 5705 4027 5765 quartae

2492 5779 2724 5820 merum.

2492 5779 2724 5820 inerunt.
