4092 6438
124 460 145 481 .».
178 423 248 483 2!
1654 417 1848 478 VITA.

130 547 266 587 tum.
316 530 433 585 Non
482 539 567 584 est
613 530 758 582 enim
817 527 960 581 illius
995 536 1411 580 n'ionumentum
1446 542 1458 577 :
1490 524 1584 577 sed
1623 536 1707 577 est
1735 534 1778 585 Α

124 623 214 677 ille
247 628 666 675 monumentum
698 618 1064 673 monumenti.
1116 618 1265 671 Multi
1302 618 1447 669 enim
1480 616 1546 667 ad
1579 630 1702 667 cum

124 715 416 773 accedunt.
449 722 505 767 et
535 713 837 766 liberantur
864 710 934 765 ab
962 709 1051 771 iis,
1083 724 1203 777 qua:
1233 709 1382 777 ipsos
1412 706 1700 766 vexabant,

126 804 530 859 a'rectlonibus.
560 802 605 857 Ο
637 802 991 855 miraculum!
1042 800 1206 853 etiam
1246 808 1531 868 postquam
1579 797 1707 849 hinc

128 898 384 959 t'teessit,
421 911 633 956 eorum,
666 892 757 961 qui
801 893 886 945 hic
919 900 1068 955 sunt,
1122 907 1307 945 curam
1353 896 1508 959 gerit,
1552 898 1608 941 et
1639 889 1706 940 ah

128 987 217 1045 iis,
254 986 346 1045 qui
395 991 670 1051 quaerunt,
725 981 1023 1044 invenitur,
1078 988 1134 1033 et
1183 980 1271 1040 iis,
1331 979 1423 1047 qui
1465 980 1700 1047 pulsant,

129 1090 306 1141 ρινιιι
357 1059 918 1126 υςιὶυιιιίιιωίρειηιὶς
963 1087 1075 1126 sua:
1124 1071 1474 1123 visitationis.
1509 1070 1553 1122 Α
1583 1069 1705 1121 diu-

133 1180 295 1218 turno
329 1165 472 1216 enim
506 1163 789 1231 sanguinis
823 1159 1104 1230 profluvio
1146 1159 1384 1229 graviter
1432 1158 1705 1226 quondam

127 1265 343 1324 agitat-2
374 1253 621 1319 qua2dam
661 1249 1015 1313 mulierculae,
1058 1259 1113 1302 et
1146 1262 1375 1316 magnos
1407 1247 1705 1300 subeuntes

127 1348 326 1397 fluctus
358 1352 412 1395 et
451 1350 827 1410 tempestates,
860 1356 983 1394 eum
1014 1340 1069 1392 in
1100 1340 1503 1393 medicamenta
1531 1338 1705 1391 maxi-

130 1451 272 1489 mam
320 1444 529 1504 partem
581 1450 802 1487 suarum
844 1432 1167 1486 facultatum
1217 1429 1706 1497 consumpsisscnt,

131 1541 188 1581 et
238 1544 347 1580 non
404 1526 715 1596 potuissent
773 1524 1021 1577 invenire
1070 1521 1193 1575 mali
1242 1521 1704 1590 tranquillitatem,

128 1620 496 1689 evangelicam
509 1619 652 1671 illam
668 1618 931 1686 proﬂuvio
948 1616 1577 1685 sanguinislaborantem
1595 1611 1710 1665 imi-

131 1724 251 1767 tata!
284 1712 565 1765 mulierem
595 1708 1087 1779 (Marc.v,25)pra:
1110 1706 1368 1760 laudabili
1394 1703 1709 1773 impruden-

131 1808 201 1859 tia
231 1807 361 1875 (non
406 1804 609 1858 licebat
633 1802 777 1855 enim
812 1799 1025 1854 mulieri
1050 1808 1272 1866 tangere
1296 1794 1707 1853 monasterium,

129 1874 254 1952 cum
278 1897 329 1951 id
367 1896 601 1964 inclytus
646 1892 806 1945 Pater
845 1891 972 1943 olim
1017 1874 1707 1952 constituisset),muliebri

129 2000 251 2044 astu
277 1988 480 2059 optime
504 2002 636 2048 usae,
658 1984 797 2037 virili
824 1993 973 2035 veste
996 1990 1241 2051 tegentes
1265 1977 1523 2048 pudorem
1551 1974 1706 2027 femi-

131 2098 317 2147 neum,
369 2090 422 2134 et
481 2094 592 2149 pne
626 2092 685 2131 se
745 2079 983 2129 ferentes
1029 2073 1269 2143 speciem
1300 2068 1702 2129 cunuchorum,

131 2172 269 2225 clam
325 2168 650 2239 confugiunt
707 2168 775 2220 ad
850 2162 1051 2233 egregii
1111 2163 1272 2231 hujus
1328 2158 1707 2229 gubernatoris

131 2276 375 2330 capsam,
422 2274 543 2328 qua:
590 2258 755 2311 nullis
786 2255 1019 2325 agitatur
1063 2254 1323 2310 fluctibus
1356 2267 1370 2305 :
1403 2262 1458 2307 et
1485 2267 1611 2306 cum
1643 2266 1708 2303 ex

132 2352 403 2421 lampade,
434 2366 553 2419 qua:
581 2349 635 2402 in
666 2364 729 2401 ea
759 2348 925 2413 lucet,
955 2347 1137 2401 oleum
1178 2344 1512 2405 hausissent,
1554 2342 1707 2395 citis-

136 2441 594 2511 simeappellunt
625 2440 676 2492 iu
724 2447 944 2508 portum
990 2437 1312 2492 curationis.
1356 2434 1498 2501 Quin
1543 2434 1706 2487 etiam

134 2536 219 2588 vir
254 2534 495 2603 quidam,
546 2530 633 2585 eui
673 2532 808 2584 alter
854 2547 922 2584 ex
954 2530 1131 2583 oculis
1176 2529 1317 2581 lenia
1365 2526 1703 2586 cmcutiebat,

135 2646 259 2685 cum
301 2629 499 2683 fuisset
559 2642 729 2697 prope
771 2626 1013 2678 divinam
1064 2624 1315 2683 thecam,
1363 2629 1419 2674 et
1456 2620 1708 2675 salutaris

134 2720 412 2777 unctionis
448 2718 651 2772 auxilio
684 2725 832 2776 esset
866 2730 1018 2779 usus,
1067 2714 1264 2767 lernam
1294 2727 1404 2766 non
1435 2712 1508 2766 ita
1535 2711 1707 2764 multo

137 2823 261 2881 post
287 2800 443 2873 eluit,
475 2819 529 2863 et
571 2824 600 2861 a
645 2808 758 2861 Deo
789 2806 962 2860 visum
996 2814 1182 2873 aperte
1212 2802 1437 2871 recepit.
1470 2802 1708 2855 Alterius

138 2917 354 2971 quoque
403 2913 620 2963 manus,
670 2912 789 2965 qua:
838 2894 1124 2949 allatrabat
1168 2892 1404 2961 corpori,
1448 2900 1505 2944 et
1546 2890 1708 2960 longo

141 3002 381 3061 tbmpore
411 2998 686 3046 manserat
711 2988 763 3041 in
797 2987 1016 3040 assiduo
1056 2995 1206 3038 motu
1238 2984 1555 3052 operatione
1581 2982 1703 3034 mali

139 3084 423 3147 daemonis,
458 3082 569 3136 sola
604 3080 944 3134 invocatione
984 3077 1316 3131 sacrosancti
1357 3075 1620 3144 corporis.
1652 3085 1707 3127 et

3262 407 3391 471 1422

1882 522 1968 576 55.
1995 522 2113 574 .lam
2139 537 2268 577 vero
2292 519 2454 572 etiam
2479 520 2742 572 adversus
2770 518 3073 579 haretices,
3103 529 3386 586 postquam

1809 616 1939 668 hinc
1970 614 2321 677 excessisset,
2367 612 2609 666 divinum
2639 612 2819 665 zelum
2845 611 3101 664 ardcmer
3127 612 3382 664 ostendit.

1810 710 1923 777 (67)
1967 707 2074 761 Leo
2122 707 2267 760 enim
2310 706 2491 759 adhuc
2536 705 2902 775 imperatoria:
2950 704 3133 775 gloria
3174 711 3385 773 sceptra

1808 802 2238 857 administrans.
2287 810 2343 854 et
2394 799 2504 867 (68)
2582 799 3068 853 lcouomachorum
3134 797 3383 850 haeresim

1809 894 2019 946 nefarie
2068 892 2441 960 amplectens,
2498 907 2621 944 cum
2674 890 2722 942 ei
2767 889 3233 958 appropinquaret
3263 889 3385 941 vita

1808 985 1951 1047 finis,
1987 1000 2097 1051 quo
2127 992 2247 1035 erat
2276 983 2451 1051 gladio
2488 982 2791 1041 feriendus,
2838 990 2895 1033 ut
2924 980 3038 1047 ipse
3081 980 3260 1031 adhuc
3298 994 3384 1030 su-

1808 1086 2019 1146 perstes
2079 1090 2179 1128 sua
2234 1089 2364 1128 voce
2425 1071 2760 1135 declaravit,
2822 1070 2933 1138 (69)
2988 1070 3123 1123 vidit
3167 1070 3384 1123 beatum

1809 1167 2095 1220 Tarasium
2129 1167 2182 1219 in
2211 1166 2420 1219 somnis
2443 1165 2507 1218 ad
2534 1180 2659 1217 eum
2691 1162 2977 1227 accedere,
3007 1172 3208 1216 etcum
3237 1162 3386 1230 gravi

1810 1260 1889 1313 ira
1911 1260 2106 1328 jubere
2129 1259 2365 1321 cuidam,
2395 1256 2507 1325 (70)
2538 1255 2786 1311 Michacli
2834 1256 3076 1317 neruine,
3110 1263 3167 1307 ut
3198 1268 3382 1306 ensem

1812 1354 1864 1405 in
1896 1368 2023 1405 eum
2067 1350 2329 1420 adigeret.
2385 1349 2477 1401 llle
2513 1364 2644 1400 vero
2676 1348 2848 1415 jussui
2914 1361 3118 1399 morem
3168 1358 3375 1415 gerens.

1811 1443 1988 1514 gladio
2046 1441 2311 1510 transegit
2364 1439 2773 1507 imperatorem.
2844 1436 2980 1491 llinc
3042 1447 3223 1490 autem
3279 1436 3383 1489 Leo

1811 1534 2017 1587 inultus
2047 1533 2101 1586 in
2139 1534 2244 1586 hoc
2282 1532 2404 1592 fuit,
2442 1547 2566 1584 eum
2597 1531 2686 1599 qui
2726 1530 2779 1583 in
2819 1530 3025 1583 somnis
3054 1530 3231 1598 ipsum
3260 1546 3387 1583 sau-

1812 1626 2072 1688 riaveral,
2110 1622 2430 1675 Michaelem
2504 1621 2731 1673 omnino
2787 1634 2993 1672 conaris
3034 1619 3281 1671 invenire
3330 1618 3385 1672 in

1813 1714 1985 1767 sancti
2036 1710 2389 1766 monasterio.
2438 1709 2803 1774 Quamobrem
2850 1724 2974 1762 cum
3022 1709 3281 1777 quosdam
3319 1725 3385 1764 ex

1814 1803 1902 1866 iis,
1943 1803 2124 1872 quiin
2178 1802 2296 1871 ipso
2353 1809 2531 1868 erant,
2585 1800 2869 1853 monachis
2919 1801 2985 1853 ad
3028 1816 3084 1853 se
3125 1800 3388 1867 jussisset

1747 1885 1785 1935 Β
1814 1896 2031 1959 adduci,
2073 1894 2381 1948 carceribus
2419 1903 2472 1947 et
2505 1892 2794 1947 tormentis
2827 1906 2924 1944 eos
2969 1890 3200 1958 subjecrt
3224 1931 3238 1953 ,
3285 1907 3384 1943 no-

1807 1999 2060 2041 cturnum
2097 1985 2215 2053 ejus
2250 1983 2660 2038 interfectorem
2682 1998 2777 2051 per
2806 1997 2901 2035 eos
2935 1981 3037 2035 sibi
3070 1996 3191 2036 esse
3239 1982 3383 2034 iridi-

1807 2080 2039 2133 candum
2075 2078 2353 2131 fremens:
2386 2092 2546 2144 quem
2582 2076 2765 2137 etiam,
2812 2085 2869 2129 ut
2915 2089 3226 2129 eversorem
3280 2075 3379 2128 im-

1806 2170 1964 2240 perii,
1988 2185 2110 2223 esse
2128 2179 2367 2223 extrema
2401 2183 2710 2236 passurum.
2735 2166 2845 2221 lloc
2866 2166 3013 2220 enim
3037 2167 3086 2221 ei
3113 2167 3381 2236 persuasit

1807 2262 1892 2315 vel
1924 2262 2114 2324 invito,
2154 2260 2301 2330 quod
2343 2260 2547 2313 factum
2597 2268 2734 2321 erat,
2779 2274 3002 2312 narrare
3046 2260 3331 2313 monachis
3365 2279 3378 2313 :

1807 2370 1834 2406 a
1885 2353 2082 2421 quibus
2122 2368 2247 2405 cum
2301 2366 2402 2405 nos
2447 2365 2661 2419 quoque
2718 2352 3081 2415 miraculum,
3123 2360 3380 2421 tanquam

1807 2454 2081 2498 maturum
2114 2443 2349 2497 fructum
2385 2443 2841 2510 decerpserimus,
2879 2443 3129 2496 venimus
3170 2445 3238 2497 ad
3286 2460 3384 2499 vos

1808 2535 2027 2601 fideles,
2090 2534 2382 2587 afferentes
2459 2543 2725 2586 craterem
2783 2533 3001 2587 laetitiae.
3058 2535 3177 2587 Non
3234 2535 3379 2588 enim

1807 2625 2145 2695 praeterierat
2170 2635 2384 2694 tempus
2408 2641 2499 2677 sex
2525 2624 2758 2687 dierum,
2787 2639 2910 2677 cum
2943 2624 3176 2677 Michael
3210 2625 3382 2677 susei-

1806 2718 1886 2786 pit
1935 2725 2150 2785 sceptra
2192 2717 2442 2786 imperii,
2488 2727 2541 2769 et
2591 2731 2715 2769 eum
2766 2716 3046 2769 interficit.
3107 2717 3185 2769 Ita
3238 2716 3382 2770 Deus

1808 2810 1970 2862 etiam
2003 2819 2130 2879 post
2164 2816 2396 2863 mortem
2432 2809 2697 2863 clariﬁcat
2743 2824 2870 2862 suos
2906 2809 3136 2863 famulos
3165 2851 3179 2873 ,
3205 2820 3258 2864 et
3288 2825 3386 2867 eos

1808 2900 1971 2965 di-let,
2007 2901 2100 2968 qui
2134 2900 2328 2953 nolunt
2359 2901 2534 2967 ipsum
2568 2900 2653 2968 pie
2688 2902 2887 2955 colere.

1878 2992 1966 3044 56.
1997 2989 2104 3043 Sed
2163 3006 2251 3043 me
2290 3000 2503 3059 tempus
2540 2991 2755 3045 deficiet
2792 3002 3101 3047 narrantem
3134 2995 3383 3063 prmclarl

1807 3094 1861 3136 et
1889 3083 2057 3136 divini
2109 3082 2283 3137 Patris
2325 3098 2517 3153 magna
2558 3083 2839 3150 miracula,
2876 3101 2995 3153 qua-
3043 3094 3297 3155 tauquam
3328 3090 3382 3141 in

139 3177 399 3231 unctione
454 3174 559 3228 olei
616 3173 760 3226 illius
809 3173 1011 3234 theme,
1062 3184 1181 3238 quae
1231 3167 1358 3220 facit
1411 3168 1705 3227 miracula,
1740 3189 1964 3252 "prato
2014 3194 2170 3240 τοεςρ,
2225 3179 2424 3246 ubique
2480 3188 2799 3243 nascuntur,
2849 3188 2903 3233 ει
2959 3179 3267 3246 hortamur,
3328 3193 3388 3237 ,η

141 3268 351 3324 etiamsi
382 3266 568 3336 procul
598 3265 833 3326 abesset.
870 3277 1116 3332 repressa
1155 3269 1239 3314 εει
1282 3275 1477 3313 manus
1524 3260 1591 3311 ab
1622 3259 1707 3311 illa
1738 3238 1778 3289 (’
1816 3271 2055 3323 feramur
2097 3271 2164 3323 ad
2198 3271 2625 3339 uniuscujusque
2673 3271 3014 3327 electionem.
3047 3274 3159 3328 Nos
3202 3285 3386 3329 autem

141 3358 313 3420 rabie,
345 3367 403 3409 et
441 3355 651 3409 reddita
692 3353 794 3406 fuit
824 3367 954 3405 sana
987 3352 1126 3405 sicut
1163 3352 1355 3404 altera.

214 3451 306 3502 54.
338 3446 521 3501 Multis
551 3460 767 3513 quoque
798 3444 936 3508 aliis,
976 3443 1068 3512 qui
1106 3442 1443 3495 vexabantur
1481 3455 1512 3493 a
1555 3440 1710 3492 malis

143 3542 447 3611 spiritibus,
480 3539 735 3592 inventus
766 3537 869 3590 fuit
912 3545 1066 3605 pater
1107 3536 1374 3589 medicus.
1418 3532 1484 3586 Et
1511 3534 1710 3586 daemo-

142 3648 272 3686 num
313 3630 535 3699 quidem
582 3628 790 3697 expulit
821 3627 1212 3696 operationes:
1247 3640 1344 3679 eos
1386 3633 1589 3686 autem,
1616 3622 1706 3691 qui

144 3735 411 3778 tormenta
465 3723 838 3784 sustinebant,
894 3720 1146 3775 allevavit
1176 3719 1457 3772 voluntate
1504 3726 1561 3771 et
1606 3732 1711 3786 ope

143 3812 569 3881 Omnipotentis.
602 3811 747 3875 Quin
770 3810 933 3863 etiam
961 3808 1242 3877 quosdam,
1274 3807 1365 3876 qui
1396 3807 1463 3861 ab
1486 3807 1709 3859 adversa

143 3913 409 3975 potestate
455 3902 690 3971 spectris
719 3902 938 3954 fuerant
968 3898 1353 3968 obstupefacti,
1385 3908 1441 3951 et
1466 3898 1554 3966 qui
1587 3913 1709 3950 sur-

144 3998 242 4051 dos
273 4006 326 4050 et
360 4005 541 4048 mutos
571 4009 667 4046 eos
697 3992 981 4053 reddebat,
1024 3998 1297 4059 torporem
1342 3990 1712 4043 sustinuerant

143 4098 199 4141 et
221 4087 419 4142 deinde
444 4085 511 4141 ad
548 4084 713 4140 divini
758 4083 857 4137 viri
886 4083 1194 4150 sepulcrum
1242 4082 1345 4135 fide
1375 4090 1708 4145 manserant,

144 4194 240 4250 per
276 4179 462 4232 utilem
520 4186 575 4231 et
615 4176 907 4229 salutarem
953 4172 1188 4227 lucentis
1225 4172 1327 4225 olei
1356 4172 1667 4225 unctionem
1692 4209 1710 4235 ,

145 4274 287 4325 Deus
318 4271 577 4333 visitavit,
608 4279 663 4323 et
687 4265 928 4323 liberatis
958 4284 990 4322 a
1019 4266 1217 4337 spectri
1246 4265 1531 4337 vertigine,
1563 4264 1714 4319 dedit

143 4372 201 4415 ut
226 4361 413 4415 auditu
444 4375 635 4414 rursus
659 4369 715 4414 et
742 4360 926 4430 lingua
960 4374 1091 4414 sane
1116 4367 1367 4428 agerent,
1396 4374 1515 4425 qua:
1550 4357 1617 4410 ad
1648 4372 1710 4409 ea

140 4451 437 4521 pertinent.
469 4448 613 4514 Quin
646 4449 811 4502 etiam
855 4464 977 4517 quae.
1019 4448 1088 4501 ab
1121 4446 1545 4500 inﬂammatione
1587 4460 1710 4515 gra-

139 4544 278 4596 viter
304 4542 713 4604 cruciabantur,
765 4549 821 4594 et
849 4538 1223 4593 laborantibus
1259 4538 1472 4592 dolores
1512 4536 1708 4590 affere-

140 4635 273 4688 hant
314 4632 708 4695 intolerabiles,
743 4629 930 4685 divina
979 4630 1323 4683 invocatione
1363 4628 1470 4683 olei
1512 4628 1704 4691 thecae,

138 4721 285 4789 quod
340 4730 535 4789 purgat
592 4736 655 4773 ac
718 4718 977 4785 mundat,
1024 4727 1274 4773 assecuta
1329 4727 1459 4771 sunt
1507 4716 1709 4771 doloris

139 4813 544 4867 relaxationem.

210 5038 320 5105 (67)
358 5034 661 5103 Nicephoro
684 5034 1009 5105 imperatore
1033 5049 1177 5105 anno
1208 5028 1478 5105 8ll,Julii
1513 5032 1603 5094 25,
1626 5032 1711 5085 ln-

138 5108 268 5161 dict.
300 5107 333 5158 4
356 5107 647 5165 exstincto,
676 5114 801 5173 post
835 5104 1072 5173 regimen
1102 5104 1375 5173 Stauracii
1408 5117 1709 5173 paucorum

138 5175 432 5238 mensium,
466 5169 729 5228 successit
757 5169 985 5227 Michael
1014 5172 1392 5240 Curnpalates,
1434 5171 1468 5223 2
1507 5169 1702 5223 Octob.

142 5249 440 5313 imperator
462 5244 749 5303 salutatus,
790 5257 899 5310 quo
935 5243 1222 5313 imperium
1247 5242 1590 5313 relinquente
1622 5257 1711 5313 ca-

136 5310 362 5436 ﬁssam
394 5311 503 5367 Leo
534 5316 803 5367 Armenus
829 5326 975 5365 anno
1006 5312 1111 5365 815
1135 5350 1151 5376 ,
1180 5310 1294 5364 Ind.
1323 5310 1377 5376 6,
1413 5311 1511 5365 fer.
1537 5310 1595 5372 2,
1623 5312 1711 5363 die

278 5402 306 5436 υ
336 5423 349 5435 .

137 5388 197 5438 il
243 5388 349 5437 Jul.

212 5454 322 5521 (68)
365 5453 564 5507 Sancto
618 5450 923 5519 Nicephoro
970 5448 1283 5521 patriarcha
1334 5450 1513 5521 mulso.
1560 5449 1706 5504 Con-

136 5518 683 5592 sta‘ntinopolitanum
730 5518 936 5574 creavit
974 5518 1292 5592 antistitem
1344 5519 1710 5592 Theodotum,

135 5609 249 5661 quo
276 5588 408 5647 usus
438 5594 718 5646 hortatore
743 5592 797 5643 in
821 5604 1008 5645 sacras
1030 5588 1298 5659 imagines
1327 5600 1380 5645 et
1412 5591 1711 5644 monachos

137 5665 400 5716 atrociter
432 5664 729 5717 bacchatus
759 5672 861 5715 est.

211 5733 322 5800 (69)
346 5733 623 5786 Cedrenus
654 5749 666 5783 :
699 5750 716 5782 ι
738 5729 1096 5789 Perturbabat
1121 5742 1173 5786 et
1204 5731 1305 5783 alia
1331 5729 1469 5782 haud
1502 5730 1712 5782 modice

139 5803 304 5867 visio,
345 5804 630 5858 Tarasium
661 5803 1030 5872 patriarcham
1085 5803 1322 5857 nobilem
1377 5803 1524 5854 illum
1564 5802 1671 5868 jam
1694 5832 1707 5837 --

1810 3377 1933 3413 cum
1983 3376 2090 3413 non
2145 3361 2439 3415 habeamus
2472 3361 2731 3430 linguam,
2765 3379 2885 3430 qum
2920 3365 3088 3433 possit
3114 3367 3292 3420 metiri
3324 3382 3388 3422 ac

1809 3452 2033 3515 referre,
2070 3468 2407 3521 quaecunque
2457 3469 2486 3505 a
2519 3453 2685 3507 Beato
2735 3454 2875 3507 facta
2916 3466 3043 3509 sunt
3098 3457 3383 3524 miracula,

1810 3542 2073 3595 hactenus
2122 3551 2363 3609 coeptum
2402 3541 2666 3596 orationis
2720 3558 2939 3597 cursum
3014 3546 3385 3613 perficieutes,

1809 3634 2081 3686 malumus
2125 3634 2191 3687 ad
2236 3633 2516 3687 silentium
2547 3635 2803 3697 transire,
2838 3643 3144 3690 statuentes
3177 3654 3204 3690 a
3238 3640 3387 3707 peri-

1809 3724 1931 3777 culo
1972 3733 2239 3776 remotam
2280 3725 2524 3792 requiem
2556 3724 2680 3794 plus
2720 3725 2855 3778 lucri
2897 3727 3112 3789 aﬂ‘erre,
3147 3744 3308 3796 quam
3342 3736 3385 3783 si

1810 3813 2092 3867 \incamur
2141 3828 2265 3866 cum
2316 3813 2581 3882 periculo.
2630 3814 2870 3884 Prompti
2920 3816 3065 3868 enim
3100 3828 3155 3871 et
3190 3819 3388 3871 alacris

1811 3903 1975 3955 animi
2011 3902 2388 3957 insatiabilitas
2430 3918 2572 3973 saape
2615 3904 2979 3974 arrogantiam
3026 3907 3160 3961 solet
3189 3910 3388 3961 COﬂt'l-

1815 3994 1964 4047 liare.
1998 3991 2077 4046 Tu
2112 4010 2240 4047 vero
2279 3994 2586 4047 veneranda
2620 3994 2763 4048 basis
2801 3995 3109 4059 sacerdotii,
3152 4013 3219 4050 ne
3255 4015 3387 4052 mea:

1814 4086 2135 4138 temeritatis
2170 4085 2538 4154 reprehendas
2568 4084 2854 4150 vomitum,
2882 4087 2972 4154 qui
3004 4087 3385 4155 audacissime,

1813 4178 1906 4231 sed
1936 4175 2053 4229 rudi
2082 4184 2137 4229 et
2162 4175 2438 4229 incondito
2466 4191 2737 4239 sermone,
2765 4184 2870 4229 tam
2898 4194 3120 4247 magnas
3157 4181 3385 4235 referam

1814 4265 2153 4321 narrationes
2179 4284 2191 4321 :
2221 4265 2311 4321 sed
2354 4264 2620 4321 intonsam
2652 4282 2825 4320 meam
2862 4265 3296 4324 benevolentiam
3326 4287 3386 4326 ac

1814 4357 1973 4410 fidem
2002 4366 2256 4425 tanquam
2299 4373 2522 4426 parvum
2571 4374 2769 4410 munus
2818 4357 3056 4413 oblatum
3108 4372 3388 4429 reputans,

1816 4450 2054 4503 concede
2081 4449 2263 4503 verbis
2296 4449 2495 4513 locum,
2533 4459 2591 4502 ut
2633 4449 2968 4518 accipiantur
2999 4462 3055 4504 et
3082 4454 3386 4520 quiescant.

1813 4536 1932 4591 Non
1971 4538 2116 4591 enim
2141 4538 2431 4591 obliviscar
2461 4537 2710 4591 utilitatis
2758 4548 2863 4592 tua:
2899 4541 2951 4591 in
2986 4554 3072 4593 me
3102 4541 3386 4607 doctrinm,

1814 4643 1916 4680 nec
1968 4628 2230 4681 ferventis
2257 4629 2361 4682 mei
2412 4630 2466 4682 in
2523 4637 2573 4682 te
2612 4630 2899 4684 ministerii
2949 4632 3387 4688 mediocritatis:

1815 4734 1939 4771 cum
1980 4719 2124 4773 illius
2154 4719 2372 4787 quidem
2407 4719 2617 4774 deliciis
2650 4738 2736 4775 me
2783 4724 3112 4791 expleverim
3160 4725 3212 4778 in
3254 4727 3391 4782 ﬂore
3462 4780 3468 4784 .

1812 4810 2134 4878 iuventutis,
2164 4819 2215 4863 et
2246 4797 2274 4862 ἐι
2312 4818 2362 4864 te
2394 4810 2585 4864 fuerim
2620 4812 2860 4867 initiatus
2900 4814 2951 4866 in
2995 4813 3078 4878 iis,
3111 4830 3232 4885 quae
3261 4829 3391 4873 sunt

1816 5031 2021 5083 dudum
2048 5042 2348 5103 mortuum,
2378 5031 2693 5086 Michaelem
2725 5037 3019 5103 quemdam
3060 5038 3386 5091 nominatim

1818 5101 2122 5176 exhortari.
2145 5112 2202 5153 nt
2230 5102 2282 5153 in
2312 5098 2552 5176 ECOIICIII
2581 5098 3095 5176 impetumfacergt,
3130 5107 3388 5176 letalique

1819 5170 2240 5241 ictusterneret.
2274 5189 2290 5221 ι
2312 5169 2571 5225 Zonaras.
2605 5192 2621 5221 ι
2650 5171 2743 5226 Est
2767 5175 2990 5227 etdivus
3021 5169 3387 5241 Tarasius,'ex

1818 5240 1920 5291 hac
1966 5254 2274 5293 aerumnosa
2323 5243 2430 5292 vita
2465 5258 2634 5307 nuper
2682 5244 2996 5303 translatus.
3049 5240 3295 5297 cuidam?
3332 5249 3386 5299 in

1819 5309 2026 5361 somnis
2075 5311 2259 5365 visus.
2292 5311 2392 5379 qui
2438 5310 2751 5363 Michaelem
2795 5315 3083 5379 quemdam
3123 5315 3387 5367 inclama-

1819 5387 1919 5440 ret,
1939 5394 2173 5440 eumque
2196 5380 2259 5431 ad
2288 5378 2650 5433 invadendum
2678 5390 2733 5433 et
2763 5378 3118 5435 occidendum
3150 5384 3387 5437 Leonem

1821 5449 2146 5499 hortaretur.
2198 5467 2215 5498 ι

1889 5517 2000 5581 (7η)
2046 5518 2267 5571 Michael
2301 5515 2518 5575 Balbus.
2553 5535 2714 5587 quem
2748 5521 2886 5573 laesa!
2914 5520 3210 5586 maiestatis
3234 5538 3386 5574 reum

1822 5587 1873 5658 in
1910 5601 2128 5658 carcere
2179 5588 2453 5640 detinebat
2497 5587 2607 5641 Leo
2649 5590 2941 5651 Armenus,
2994 5594 3170 5658 ipsum
3229 5605 3389 5644 nnnm

1819 5656 2285 5779 ῗῗιλιῐίἓὶὸὶοιηίηἰ
2336 5658 2476 5711 inter
2532 5675 2686 5713 sacra
2737 5661 2851 5729 ipsa
2903 5656 3191 5715 trucidavit
3246 5678 3391 5716 anno

1847 5743 1946 5777 ιη’.
2026 5736 2044 5754 "
2103 5768 2114 5779 .

1847 5736 1946 5777 Qllt'.
1993 5736 2114 5779 8‘20.
