4092 6438
708 440 839 505 1423
1765 440 1824 500 S.
1859 438 2167 500 TARASII
2249 436 2324 495 ΡΛ

2267 436 2751 501 PATRIARCIl/E
2814 444 2920 504 CP.
3800 460 3883 524 ιιει

700 557 914 626 optima
939 564 996 609 et
1027 550 1472 623 praestantissima
1508 567 1573 607 cx
1608 551 1890 613 trimetris,
1923 549 2271 615 tctrametris,
2304 556 2347 605 A
2379 552 2741 609 humilitatem
2773 566 2825 611 et
2850 556 3156 612 inornatam
3179 558 3497 624 dictionem,
3529 577 3599 615 ne
3627 580 3706 616 me
3726 582 3882 626 accuse;

702 647 1013 707 trochaicis,
1044 655 1101 699 ct
1137 645 1479 713 anapaesticis
1521 661 1584 699 ac
1625 645 1864 699 heroicis
1898 662 1912 698 ε
1961 644 2066 698 hoc
2090 652 2270 699 autem
2374 646 2740 715 negligentiae.
2774 646 2893 701 Non
2923 648 3069 702 enirn
3103 650 3290 703 divino
3316 649 3463 705 Patri
3492 653 3696 723 aliquid
3726 658 3883 724 dgnis

698 740 924 793 obierim
958 738 1011 789 in
1045 736 1235 801 sacris,
1270 752 1391 806 qua:
1444 753 1473 789 a
1505 746 1555 790 te
1588 736 1855 791 concinne
1897 735 2137 804 quotidie
2173 735 2268 789 ha-
2356 737 2676 802 attulimus,
2712 748 2807 791 aut
2832 740 3113 808 potuimus
3144 757 3312 810 prope
3337 744 3604 796 accedaere
3637 745 3699 798 ad
3718 747 3884 815 digniu.

697 832 821 884 bita:
850 840 995 893 sunt,
1021 830 1379 894 orationibus,
1410 830 1475 882 ad
1503 829 1804 883 animarum
1832 829 2265 893 aediﬁcationem,
2371 836 2481 879 tem
2519 828 2736 891 harum,
2782 842 2904 897 quae
2948 845 3119 898 prope
3162 841 3311 895 sunt,
3345 832 3639 888 virtutum.
3669 833 3763 889 Res
3786 841 3883 894 enim

693 932 749 974 ct
783 931 1133 991 augmentum
1159 921 1430 974 universa:
1458 922 1784 975 venerandae
1808 921 2066 975 Ecclesia
2094 939 2107 973 :
2134 936 2269 990 quas
2368 932 2586 971 omnem
2614 919 2827 973 dicendi
2862 919 3177 975 facultatem
3207 935 3488 991 superant.
3516 924 3655 978 adeo
3680 939 3730 981 ut
3750 944 3884 986 ouincs

692 1014 854 1068 celeri
889 1014 1096 1066 calamo
1126 1022 1180 1065 et
1208 1022 1508 1066 atramento
1534 1014 1677 1067 notis
1710 1014 2008 1083 excipiens,
2039 1022 2094 1069 et
2122 1015 2267 1085 apti-
2368 1011 2682 1065 laudatores
2708 1027 2773 1065 ex
2804 1028 2962 1080 aequo
2997 1028 3108 1066 non
3139 1026 3507 1083 assequuntur
3537 1018 3768 1072 oratione
3784 1038 3883 1085 cum,

693 1104 796 1157 mis
830 1105 1049 1158 tradens
1092 1105 1449 1174 scriptoribus
1476 1105 1710 1159 studium
1748 1106 1998 1168 adhibui,
2032 1114 2091 1159 ut
2134 1107 2267 1159 arti-
2367 1105 2457 1174 qui
2492 1104 2595 1174 ipsi
2619 1106 2874 1170 debetur,
2905 1105 3193 1159 honorem.
3220 1106 3331 1175 Ego
3358 1117 3567 1171 autem,
3592 1109 3680 1176 qui
3703 1114 3885 1166 omnim

692 1198 874 1254 ﬁciose
925 1198 1258 1250 referrentur
1301 1197 1353 1249 in
1389 1198 1653 1251 codicem.
1687 1198 1828 1250 Sunt
1852 1212 1933 1250 eae
1965 1212 2094 1252 vero
2121 1198 2268 1267 ejus-
2359 1196 2681 1267 longissime
2705 1197 2897 1250 absum
2928 1196 2997 1249 ab
3027 1212 3093 1249 eo
3121 1196 3392 1249 laudando
3422 1212 3530 1265 pro
3562 1198 3772 1263 meritis,
3797 1216 3885 1269 pro-

690 1291 857 1355 modi,
890 1298 949 1342 ut
980 1305 1074 1357 per
1097 1290 1465 1343 eas‘omnibus
1484 1299 1818 1359 proponatur
1840 1290 1962 1359 pius
1990 1306 2265 1361 purusque
2366 1303 2513 1357 pono
2561 1298 2870 1357 promptam
2921 1295 2977 1341 et
3018 1287 3253 1341 alacrem
3283 1287 3653 1349 voluntatem,
3702 1297 3751 1339 ut
3783 1292 3883 1342 acci-

688 1382 867 1435 cultus
902 1397 966 1434 ac
1007 1380 1138 1434 ﬁdes
1180 1399 1191 1432 :
1232 1381 1444 1448 publica
1477 1390 1660 1434 autem
1706 1391 1929 1435 notetur
1968 1382 2263 1451 ignominia
2365 1379 2564 1448 piatur,
2597 1387 2657 1431 ut
2694 1377 2788 1446 qui
2814 1386 2871 1431 et
2910 1376 3148 1430 laborem
3187 1376 3402 1430 dicendi
3441 1375 3649 1443 inopia,
3686 1378 3886 1446 senioque

688 1472 959 1525 somnium
1002 1472 1399 1525 haereticorum.
1463 1471 1517 1525 Si
1549 1472 1696 1525 enim
1729 1474 1804 1524 tui
1837 1471 2146 1533 obliviscar,
2177 1487 2266 1525 ex-
2364 1480 2420 1524 et
2445 1468 2634 1523 morbo
2660 1468 2899 1537 frangar.
2928 1466 3008 1521 Tu
3038 1482 3171 1521 vero
3198 1468 3506 1522 mercedem
3537 1482 3603 1521 ac
3632 1482 3883 1522 remunera-

686 1564 860 1618 cidam
893 1578 925 1615 a
967 1562 1056 1616 Dei
1092 1561 1347 1635 memoria
1380 1580 1400 1613 τ
1430 1570 1485 1614 et
1528 1562 1633 1614 nisi
1665 1561 1741 1615 tui
1780 1561 2104 1627 meminero,
2132 1561 2264 1630 lapi-
2363 1560 2566 1614 tionem
2598 1575 2627 1613 a
2649 1559 2759 1613 Deo
2791 1560 3090 1628 acceperis,
3120 1561 3568 1622 intercessercm,
3601 1558 3885 1614 defensorem

686 1655 845 1711 dibus
874 1653 1127 1721 projiriar
1199 1652 1251 1705 in
1302 1651 1627 1721 profundum
1701 1671 1712 1704 :
1750 1662 1806 1706 et
1836 1652 2037 1723 lingua,
2087 1662 2146 1708 ut
2179 1653 2263 1707 di-
2358 1661 2417 1705 et
2443 1660 2928 1721 propugnatorem,
2959 1658 3015 1704 et
3038 1658 3145 1704 tua:
3166 1651 3283 1719 spei
3314 1651 3749 1720 adimpletorem,
3770 1668 3885 1720 quem

685 1745 759 1797 cit
787 1744 1004 1797 divinus
1034 1743 1796 1814 I‘salmographus,adbmrcat
1819 1744 2064 1800 faucibus
2086 1745 2259 1813 (Psal.
2361 1758 2427 1797 ex
2453 1743 2566 1797 Deo
2600 1742 2863 1806 dilexisti,
2897 1741 3107 1796 habens
3141 1741 3450 1795 Tarasium.
3495 1739 3610 1806 Qui
3637 1749 3692 1794 et
3729 1742 3885 1796 suisad

682 1850 894 1897 exuri,
924 1835 1018 1903 6);
1061 1834 1163 1887 hoc
1190 1845 1273 1889 est
1320 1835 1465 1888 enim
1509 1836 1638 1887 mihi
1685 1836 1926 1889 omnium
1956 1836 2259 1891 debitorum
2294 1897 2329 1907 _
2362 1833 2532 1889 Deum
2583 1834 3073 1888 intercessionibus
3101 1832 3308 1887 aﬂ‘atim
3352 1842 3408 1907 et
3450 1848 3650 1887 secure
3683 1834 3885 1901 praebeat,

684 1927 1159 1995 pretiosiss’mum,
1178 1928 1267 1981 tui
1307 1940 1523 1996 semper
1551 1926 1753 1981 habere
1780 1927 2035 1982 incorde
2068 1943 2258 1983 monu-
2288 1897 2332 1953 Β
2360 1943 2479 1997 quae
2510 1936 2640 1981 sunt
2672 1926 2794 1979 usui
2829 1925 2896 1979 ad
2924 1926 3069 1980 hanc
3097 1897 3590 1989 caducam’vitarn,
3620 1932 3675 1977 et
3701 1933 3885 1991 prastet.

682 2026 946 2071 mentum.
2354 2028 2413 2073 ut
2438 2026 2545 2073 tua:
2570 2018 2698 2072 vita:
2744 2017 2821 2072 ita
2862 2017 2977 2071 illic
3025 2016 3222 2071 reddas
3262 2016 3561 2078 rationem,
3598 2024 3657 2066 ut
3680 2030 3791 2066 reus
3813 2030 3886 2065 uos

751 2111 835 2162 57.
875 2109 951 2162 De
981 2118 1176 2163 metere
1207 2120 1389 2164 autem
1433 2126 1646 2179 aequum
1681 2122 1788 2175 est,
1838 2122 1897 2167 ut
1928 2113 1994 2167 ad
2026 2123 2080 2168 te
2106 2129 2253 2170 -con-
2350 2113 2650 2183 peragaris.
2686 2110 2844 2178 Quod
2891 2118 3072 2164 tecum
3124 2109 3286 2163 detur
3333 2108 3598 2162 omnibus
3655 2108 3884 2172 Consequi.

680 2208 958 2251 vertamus
1002 2200 1327 2265 orationem,
1376 2216 1409 2253 ο
1462 2200 1556 2255 Dei
1588 2217 1766 2265 serve,
1797 2204 2125 2274 quicumque
2155 2220 2247 2265 cs.
2348 2205 2441 2275 qui
2480 2220 2614 2273 pure
2656 2220 2720 2258 ac
2769 2204 2983 2257 sincere
3035 2203 3091 2255 in
3139 2200 3309 2255 Deum
3368 2208 3756 2268 speraverunt,
3801 2198 3888 2263 ejus

679 2289 773 2357 qui
805 2289 1195 2344 me'nolentem
1228 2290 1461 2345 incitasti
1504 2293 1571 2346 ad
1616 2295 1718 2347 hoc
1746 2304 2041 2359 certamen,
2076 2306 2132 2350 et
2159 2312 2249 2351 co-
2353 2295 2524 2366 gratia
2551 2304 2607 2349 et
2632 2293 2869 2362 copiosis
2907 2292 3378 2352 miserationibus,
3428 2288 3795 2343 intercedente
3831 2288 3888 2338 iu-

679 2381 835 2449 egisti
888 2382 1102 2450 aggredi
1157 2398 1240 2447 ea,
1293 2399 1414 2452 quae
1448 2384 1594 2438 vires
1626 2395 1920 2455 superant.
1958 2388 2079 2442 Tibi
2127 2404 2245 2444 mea
2354 2396 2620 2442 temerata
2666 2396 2722 2441 et
2766 2395 2916 2440 casta
2967 2383 3059 2438 Dei
3110 2383 3390 2439 Genitrice
3434 2389 3492 2435 et
3526 2379 3823 2435 caelestibus
3852 2392 3889 2430 et

677 2482 901 2541 accepta
935 2475 1009 2528 sit
1037 2475 1367 2540 obedientia,
1421 2485 1476 2529 et
1523 2492 1657 2530 mete
1688 2478 1951 2533 orationis
1980 2480 2249 2549 aspiciens
2352 2482 2606 2553 omnibus
2640 2479 2862 2533 sanctis.
2894 2478 3088 2531 Amen.

691 2613 895 2642 :2:

712 2631 890 2643 Μ

894 2619 3831 2656 Mm

1394 2773 1514 2886 S.
1602 2776 2172 2894 TABASII
2250 2780 3210 2896 PATRIARCHIE

1356 2968 1427 3057 A
1452 2966 2276 3064 POLO-GETICUS
2372 2976 2522 3061 AD
2612 2972 3185 3064 POPULUM

1722 3119 1937 3190 (Maust,
1963 3122 2168 3179 Coneil.
2186 3124 2389 3180 collect.
2413 3134 2452 3179 t.
2480 3124 2599 3190 XII,
2634 3140 2689 3194 ι).
2730 3125 2881 3196 985.)

680 3380 1048 3451 Apologeticus
1077 3379 1146 3432 ad
1175 3376 1427 3448 papulum
1457 3394 1490 3431 a
1527 3374 1752 3430 Tarasio
1782 3393 1814 3429 a
1858 3377 2069 3433 serratis
2103 3394 2247 3432 ωηι-
2275 3386 2296 3443 (

2282 3385 2320 3443 c
2368 3380 2828 3448 Ἆπολοτητικὸς
2868 3381 3028 3448 πρὸς
3052 3380 3157 3433 τὸν
3176 3380 3333 3434 ,1αόν
3351 3379 3752 3447 σχεδιασθεὶς
3776 3375 3898 3440 hri

750 3473 996 3539 pendiose
1030 3472 1204 3523 dictus
1234 3470 1319 3522 die
1360 3486 1466 3539 qua
1510 3469 1886 3522 intimaeerunt
1930 3470 2248 3535 imperantes

2418 3472 2632 3542 ἡμέρᾳ,
2654 3467 2695 3544 ᾖ
2717 3471 3039 3541 ἐδήλωσαν
3059 3476 3114 3525 ot
3154 3473 3607 3537 βασιλεύοντες
3630 3470 3756 3537 τοῖς
3768 3468 3900 3529 λαοῖς

755 3564 908 3619 [rene
948 3572 997 3615 et
1049 3560 1429 3617 Constantinus
1470 3560 1699 3630 populis,
1736 3571 1798 3614 ιιι
1833 3560 1979 3629 ﬁeret
2015 3563 2251 3629 patriar-

2418 3564 2523 3619 τοῦ
2545 3564 2826 3633 γενέσθαι
2862 3565 3273 3634 πατριάρχην,
3309 3564 3473 3631 παρὰ
3504 3564 3805 3632 Ταρασίου
3826 3559 3900 3612 τοῦ

750 3656 847 3707 cha
873 3670 892 3707 :
919 3655 1007 3723 qui
1035 3662 1083 3706 et
1109 3662 1375 3719 promotus
1399 3661 1475 3706 est
1502 3653 1788 3705 indictione
1814 3661 2020 3714 octava,
2051 3668 2189 3707 anno
2216 3669 2251 3706 a

2420 3655 2520 3708 καὶ
2565 3656 3087 3724 προχειρωθέντος
3149 3657 3237 3720 εις
3300 3653 3654 3707 ινδικτιῶνα
3697 3651 3899 3721 didam.

750 3747 1011 3799 creatione
1044 3744 1230 3796 mumii
1258 3743 1420 3798 6295.

2410 3746 2594 3811 «ἔτους
2618 3744 2740 3801 ἀπὸ
2770 3746 3023 3812 κτίσεως
3053 3746 3287 3814 κόσμου
3311 3745 3544 3816 γς¹σιιγ2

749 3878 1115 3936 Immaculata:
1145 3878 1265 3931 lidei
1301 3887 1523 3940 nostrae,
1570 3877 1626 3933 id
1663 3884 1748 3933 est
1771 3871 2248 3941 Christianorum,

2419 3882 2482 3934 Οἳ
2512 3881 2612 3951 τῆς
2643 3881 2945 3955 ἀμωμήτου
2988 3881 3149 3950 ἡμῶν
3188 3881 3424 3942 πίστεως
3446 3881 3559 3932 τῶν
3591 3878 3902 3948 Χριστιανῶν

679 3971 958 4034 custodes,
988 3979 1045 4025 et
1070 3984 1260 4024 eorum
1294 3984 1418 4039 quae
1445 3968 1500 4023 in
1530 3969 1761 4039 gloriam
1794 3968 1883 4024 Dei
1914 3969 2052 4025 ﬁunt
2078 3984 2252 4024 mnu-

2350 3968 2614 4039 φύλακες,
2643 3974 2740 4023 καὶ
2763 3969 3005 4040 ζηλωταὶ
3033 3970 3141 4022 τῶν
3170 3971 3251 4032 εις
3275 3969 3435 4033 δόξαν
3464 3968 3613 4022 Θεοῦ
3639 3968 3902 4036 γινομένω

681 4068 899 4129 latores,
956 4062 1142 4118 ﬁdeles
1172 4063 1529 4135 imperatores
1582 4062 1780 4130 nostri,
1812 4071 2072 4132 tanquam
2098 4077 2246 4139 ‘omo

2350 4060 2539 4114 πιστοὶ
2598 4061 2840 4132 βασιλεῖς
2905 4060 3085 4132 ἡμῶν,
3116 4061 3193 4125 ὡς
3246 4061 3467 4114 πάντων
3504 4061 3600 4122 εἰς
3644 4059 3904 4129 ἀρέσκειαν

672 4160 830 4213 nium
878 4157 934 4211 in
970 4154 1367 4225 beneplacitum
1398 4154 1546 4229 ejus,
1571 4162 1627 4209 et
1676 4154 1730 4209 in
1768 4154 2117 4210 commodum
2148 4170 2250 4209 no-

2347 4151 2539 4218 αὐτοῢ,
2571 4153 2666 4207 καὶ
2687 4154 2770 4215 εις
2801 4153 3082 4223 συμφέρον
3125 4152 3282 4221 ἡμῶν
3318 4151 3427 4204 τῶν
3454 4150 3815 4221 Χριστιανῶν
3834 4149 3898 4215 τὴ*-

684 4259 879 4312 strum,
914 4246 1351 4302 Christianorum
1382 4246 1630 4301 videlicet
1658 4260 1851 4301 curam
1889 4244 2165 4311 facientes,
2196 4256 2251 4302 et

2350 4243 2613 4314 φροντίδα
2646 4243 2985 4313 ποιούμενοι,
3024 4243 3259 4313 μάλιστα
3305 4242 3362 4295 δὲ
3399 4242 3507 4294 τῶν
3532 4242 3901 4310 ἐκκλησιαστι-

682 4342 925 4394 inaxime
976 4355 1124 4395 nunc
1175 4338 1544 4395 ecclesiastica
1598 4340 1813 4410 negotia
1859 4339 2142 4408 diligenter
2194 4349 2258 4397 et.

2348 4335 2463 4388 κῶν
2501 4335 2596 4390 καὶ
2631 4334 2726 4387 νῦν
2756 4334 3031 4404 ἐπιμελῶς
3077 4333 3659 4403 διαμεριμνήσαντες,
3690 4334 3784 4385 καὶ
3817 4332 3899 4381 διει-

681 4433 911 4488 sollicite
927 4431 1356 4494 considerantes,
1381 4446 1491 4501 quo
1514 4446 1762 4487 summus
1788 4432 2045 4486 sacerdos
2072 4434 2123 4485 in
2148 4432 2249 4487 hac

2349 4426 2631 4496 vo'qiiévu;
2661 4426 2757 4479 τοῦ
2797 4427 3060 4496 ἀρχιερέα
3085 4424 3534 4496 προχειρισθῆναι
3567 4426 3635 4477 ὲν
3668 4423 3834 4492 ταύτῃ
3858 4422 3904 4488 τῇ

684 4527 828 4592 regia
866 4523 1001 4577 urbe
1030 4538 1128 4577 sua
1163 4524 1615 4586 constitueretur,
1646 4523 1701 4577 in
1732 4539 1848 4578 sua:
1879 4525 2094 4593 pietatis
2125 4526 2255 4578 ani-7

2349 4516 2586 4587 βασιλίδι
2612 4517 2795 4571 αὐτῶν
2823 4518 2997 4581 πόλει,
3036 4517 3131 4569 ἐπὶ
3156 4520 3221 4569 τὸ
3250 4515 3448 4584 εὐσεϐῆ
3480 4516 3688 4569 αὐτῶν
3719 4515 3833 4566 νοῦν
3859 4528 3904 4577 με

686 4631 834 4669 mum
877 4629 962 4667 me
1013 4623 1456 4683 assumpserunt,
1513 4624 1566 4669 et
1616 4628 1677 4669 ut
1725 4614 2073 4671 manifestum
2115 4616 2244 4670 mihi

2347 4609 2627 4670 ἀνέλαϐον,
2663 4611 2760 4662 καὶ
2813 4608 3065 4679 φανερῶς
3121 4626 3211 4677 μοι
3263 4608 3499 4673 ἐξειπεῖν
3546 4608 3620 4659 τὸ
3655 4605 3907 4675 βεϐουλευ-

684 4702 1002 4753 redderetur
1028 4701 1172 4769 quod
1197 4701 1471 4754 consiliati
1506 4711 1653 4767 sunt,
1691 4713 2081 4773 praeceperunt.
2109 4704 2243 4758 Cum
2281 4747 2300 4801 Ι

2292 4747 2325 4801 D
2351 4701 2516 4769 μένον
2541 4694 2725 4764 αὐτοῖς
2769 4699 3085 4753 ἐκέλευσαν.
3124 4698 3289 4769 Ἐμοῦ
3340 4698 3397 4750 δὲ
3438 4697 3590 4766 πρὸς
3630 4698 3793 4751 τοῦτο
3840 4697 3908 4746 ἀν·

680 4804 783 4857 ego
815 4789 921 4842 hoc
942 4804 1027 4842 me
1048 4789 1327 4858 indignum
1354 4804 1477 4844 esse
1503 4790 1936 4861 pronuntiarem,
1961 4802 2015 4845 et
2042 4793 2244 4847 nullam
2281 4785 2296 4801 ⁸

2292 4785 2323 4801 “’
2346 4792 2496 4857 άξιον
2540 4790 2781 4860 ὲμαυτδν
2811 4785 2949 4843 εἶναι
3004 4789 3451 4859 ἀποφηναμένου,
3484 4790 3594 4841 καὶ
3672 4787 3908 4858 μηδεμίαν

681 4880 1200 4935 condescensioncm
1235 4880 1469 4936 facerem
1506 4884 1717 4952 (utpote
1743 4882 1836 4952 qui
1864 4883 2055 4952 jugum
2086 4884 2251 4954 hujus

2349 4883 2745 4951 συγκατάθεσιν
2782 4881 3153 4951 ποιησαμένου
3178 4921 3193 4943 ,
3222 4881 3298 4943 ὼς
3335 4882 3422 4933 τὸν
3464 4878 3651 4947 ζυγὸν
3684 4880 3777 4933 τοῦ
3810 4894 3909 4947 φερ-

683 4972 914 5026 sarcina:
953 4981 1171 5036 portare
1201 4981 1254 5026 et
1282 4971 1511 5027 suﬂ'erre
1539 4988 1649 5027 non
1684 4977 1947 5042 possem),
1967 4974 2250 5043 jusserunt

2346 4975 2461 5028 τίου
2500 4975 2575 5044 μὴ
2595 4975 2901 5044 δυναμένου
2952 4973 3215 5043 βαστάσαι
3245 4973 3277 5041 ἢ
3318 4974 3689 5038 ὑπενεγκεῖν,
3720 4970 3909 5023 ἐκέλευ-

686 5075 775 5115 me
804 5059 1005 5114 adduci
1039 5070 1168 5115 ante
1195 5060 1389 5115 faciem
1437 5070 1696 5128 vestram,
1746 5077 1845 5130 pro
1890 5078 1957 5117 eo
2002 5064 2146 5131 quod
2195 5074 2250 5119 et

2347 5068 2448 5119 σάν
2479 5083 2546 5135 με
2588 5067 2902 5135 προαγάγαι
2932 5065 3073 5119 κατὰ
3105 5064 3397 5133 πρόσωπον
3456 5064 3659 5130 ὑμῶν,
3692 5062 3910 5115 διότικαὶ

686 5154 849 5220 huius
878 5152 1090 5207 consilii
1147 5152 1440 5222 participes
1470 5154 1646 5208 ellecti
1683 5155 1802 5209 sitis
1835 5170 1848 5205 :
1883 5161 1935 5208 et
1974 5169 2119 5208 nunc
2147 5154 2248 5209 viri

2350 5156 2630 5227 σύμψηφοι
2653 5159 2913 5225 γεγόνατε
2944 5159 3010 5226 τῇ
3029 5155 3191 5224 βουλῇ
3210 5155 3401 5226 ταύτῃ.
3427 5153 3537 5206 Καὶ
3576 5154 3687 5206 νῦν
3713 5151 3825 5217 οὖν,
3844 5151 3910 5203 ἄν·

684 5244 976 5298 Dominum
1033 5246 1306 5311 timentes,
1362 5256 1415 5298 et
1454 5260 1589 5299 eum
1625 5260 1838 5314 semper
1890 5246 1943 5300 iu
1992 5246 2253 5303 cordibus

2346 5246 2471 5317 ἇρες
2501 5248 2827 5317 φοόούμενοι
2850 5248 2942 5301 τὸν
2970 5248 3140 5312 Θεὸν,
3174 5249 3267 5300 καὶ
3296 5248 3514 5315 ἔχοντες
3548 5248 3740 5300 αὐτὸν
3772 5248 3851 5298 ἀεὶ
3872 5247 3908 5294 ἐν

680 5338 883 5392 vestris
926 5338 1211 5402 habentes,
1245 5352 1341 5391 vos
1385 5340 1497 5402 aio,
1546 5337 1639 5405 qui
1690 5337 1897 5392 Christi
1943 5338 2249 5398 vocatione,

2348 5341 2468 5401 ταῖς
2490 5339 2742 5405 καρδίαις
2764 5339 2938 5408 ὑμῶν,
2972 5342 3021 5392 οἱ
3047 5342 3116 5409 τῇ
3158 5339 3394 5409 Χριστοῦ
3428 5338 3643 5409 κλήσει
3676 5340 3775 5392 τοῦ
3806 5338 3909 5401 ἁλη-

682 5431 817 5493 veri,
851 5430 1100 5482 videlicet
1146 5429 1240 5482 Dei
1294 5429 1488 5494 nostri,
1519 5429 1879 5482 nominamini
1915 5429 2247 5484 Christiani:

2351 5429 2497 5483 Θινοῦ
2549 5429 2686 5483 Θεοῦ
2735 5430 2893 5501 ἡμῶν
2937 5432 3353 5501 ὀνομαζόμενοι,
3383 5431 3733 5500 Χριστιανοὶ
3782 5432 3908 5493 λέγω.

682 5522 866 5577 audite
908 5520 1091 5575 brevis
1136 5520 1409 5574 sermonis
1434 5520 1503 5574 ab
1531 5520 1829 5590 exiguitate
1849 5534 1918 5575 ac
1948 5520 2253 5575 humilitate

2347 5524 2616 5576 ἀκούσατε
2641 5523 2855 5592 βραχὺν.
2879 5522 3362 5590 λόγονμάπθλογίας
3394 5523 3554 5593 παρὰ
3598 5523 3713 5591 τῆς
3751 5526 3909 5591 ἡμίκ-

682 5622 867 5665 nostra
913 5613 1199 5666 rationem.
1237 5611 1346 5682 Ego
1398 5611 1617 5680 quidem
1669 5611 1935 5681 quidquid
1985 5612 2246 5682 piissimis

2356 5630 2452 5675 ρας
2502 5613 2776 5675 εὐτελείας
2807 5614 2899 5665 καὶ
2930 5613 3299 5681 οὐθενότητοςι
3335 5613 3483 5678 Ἐγὼ
3514 5614 3625 5681 μὲν
3671 5615 3729 5665 εἰ
3756 5631 3804 5664 τε
3832 5616 3911 5666 τεξς

683 5702 1104 5769 imperatoribus
1133 5702 1337 5755 nostris
1368 5711 1421 5755 et
1448 5716 1545 5769 per
1593 5702 1776 5755 omnia
1806 5702 2130 5756 orthodoxis
2162 5716 2245 5755 re-

2350 5704 2629 5757 εὑτεϐἐσιν
2652 5704 2809 5773 ἡμῶν
2840 5703 3117 5774 βασιλεῦσι
3159 5707 3251 5757 καὶ
3299 5704 3437 5757 κατὰ
3490 5705 3691 5757 πάντα
3731 5700 3912 5771 696056-

684 5792 1020 5862 sponderim,
1048 5793 1208 5845 etiam
1243 5792 1295 5845 in
1324 5803 1611 5860 conspectu
1647 5802 1824 5847 vestro
1849 5793 2075 5847 rationis
2111 5808 2242 5846 mea:

2348 5796 2460 5863 ξοις
2520 5794 2947 5868 ἀπελογησάμην
2969 5842 2982 5865 ,
3011 5799 3102 5852 καὶ
3132 5799 3359 5852 ἐνώπιον
3401 5799 3560 5866 ὑμῶν
3598 5796 3915 5867 προσαχθεὶς-
