4092 6438
142 394 273 467 1‘25

1188 398 1754 462 APOLOGETICUS
1800 402 1898 460 AD
1927 400 2311 461 POPULUM.

3236 389 3386 457 1126

135 510 334 575 γορμαι
362 525 372 534 ·
407 505 488 559 ὅτι
518 506 666 575 φόϐῳ
694 506 991 576 συνέχομαι
1022 505 1352 561 καταθέσθαι
1386 510 1479 560 ἐπὶ
1503 510 1569 577 τῇ
1594 507 1699 577 ψή-

1807 507 2049 576 apologia
2096 502 2421 573 respondeo.
2466 500 2684 555 Timore
2731 499 3009 569 depr-lmor
3046 498 3113 551 ad
3145 513 3395 555 consent--

137 615 220 666 φῳ
244 597 438 667 ταύτῃ,
480 597 575 648 καὶ
599 595 937 665 εὐλαϐοῦμαι
977 598 1087 649 ἀπὸ
1120 596 1413 667 προσώπου
1449 597 1542 649 τοῦ
1565 597 1701 649 Θεοῦ

137 686 505 757 προσδραμεῖν
536 686 709 749 οὕτως
762 686 1022 752 εὐκόλως,
1057 689 1154 740 καὶ
1182 688 1256 750 ὡς
1293 690 1486 758 ἔτυχεν
1512 688 1702 759 ἀπερι-

138 775 408 837 σκέπτως,
443 777 529 827 ἵνα
588 776 663 847 μὴ
714 776 975 830 ὑποπεσω
1030 778 1246 849 φοϐερῷ
1304 781 1699 851 κατακρίματι.

137 870 200 922 Et
237 869 343 937 γάρ
384 871 414 921 ὁ
462 869 597 922 Θεοῦ
654 870 847 937 φωνῶν
895 872 1309 941 ἀκροασάμενος
1337 914 1350 933 ,
1382 873 1610 942 οὐρανόν
1637 891 1701 926 τε

136 956 378 1028 ἐσχηκὼς
407 959 815 1029 παιδευτήριον,
849 959 944 1012 καὶ
992 962 1320 1032 παραδείσου
1367 961 1569 1032 θεωρὸς
1608 979 1704 1030 γε-

136 1048 377 1118 νόμενος,
410 1048 649 1111 ἀκούσας
679 1067 737 1102 τε
770 1050 985 1121 ἄρρητα
1013 1053 1254 1121 ῥήματα,
1288 1053 1382 1105 καὶ
1431 1052 1705 1122 βαστάσας

136 1140 197 1191 τὸ
239 1139 410 1208 ϐνομα
453 1138 549 1192 τοῦ
596 1140 731 1193 Θεοῦ
778 1142 1007 1194 ἐνώπιον
1054 1142 1224 1197 ἐθνῶν
1290 1145 1383 1196 καὶ
1418 1143 1703 1214 βασιλέων,

136 1229 347 1291 Παῦλος
375 1232 404 1283 ό
436 1230 577 1293 θεῖος
599 1231 894 1295 ἀπόστολος
923 1233 1233 1303 Κορινθίοις
1267 1235 1495 1304 γράφων
1513 1233 1670 1301 ἔλεγε
1688 1250 1703 1262 ·

144 1340 173 1372 ο
202 1321 290 1391 Μή
315 1338 434 1384 πως
456 1322 636 1386 ἄλλοις
661 1321 904 1396 κηρύξας
919 1325 1083 1387 αὐτὸς
1105 1324 1361 1396 ἀδόκιμος
1382 1327 1652 1396 γένωμαι’
1680 1344 1699 1376 ι

142 1408 261 1471 πῶς
292 1409 406 1477 ἐγὼ
427 1410 457 1461 ό
489 1410 566 1480 τῷ
592 1411 782 1481 κόσμῳ
804 1414 1400 1485 συναναστρεφόμενος,
1434 1416 1528 1469 καὶ
1568 1415 1706 1482 μετὰ

138 1497 341 1550 λαίκῶν
368 1499 766 1570 ἠριθμημένος,
792 1503 888 1556 καὶ
914 1505 1344 1576 στρατευόμενος
1376 1509 1432 1559 ὲν
1460 1506 1703 1580 ταῖςγβα-

138 1586 373 1650 σιλικαῖς
398 1589 783 1659 ὑπηρεσίαις,
817 1591 963 1645 οὕτω
1009 1594 1179 1664 χωρὶς
1220 1596 1557 1665 ἀνακρίσεως
1613 1597 1706 1648 καὶ

138 1679 494 1749 προσκέψεως
537 1681 773 1751 δύναμαι
829 1685 1159 1756 εἰσπηδῆσαι
1204 1687 1285 1749 είς
1324 1688 1384 1738 τὸ
1417 1686 1515 1756 τῆς
1548 1689 1706 1757 ἱερω-

140 1765 303 1837 σύνης
327 1769 557 1837 μέγεθος
576 1789 591 1837 ;
608 1772 841 1845 Φοϐερὺν
860 1775 923 1827 τὸ
958 1776 1267 1847 ἐγχείρημα
1285 1777 1421 1846 πρὸς
1443 1778 1541 1847 τὴν
1566 1778 1707 1848 ἐμὴν

1805 596 2047 651 tiendum
2075 596 2201 650 huic
2225 593 2498 657 electioni,
2530 600 2584 645 et
2614 605 2867 645 revereor
2893 606 2920 642 a
2957 588 3094 642 facie
3127 588 3220 643 Dei
3249 604 3378 643 cur-

1803 703 1923 742 rere
1953 688 2133 740 taliter
2158 695 2211 740 et
2240 683 2653 754 quomodolibet
2679 682 3153 748 incircumspecte,
3182 689 3239 734 ιιι
3270 695 3384 736 non
3411 727 3413 729 ,

1806 778 2032 833 terribili
2059 776 2403 833 damnationi
2454 774 2834 830 succumbam.
2869 774 2927 826 Si
2981 774 3127 827 enim
3175 771 3403 828 Paulus,

1803 865 2021 921 divinus
2065 865 2371 935 apostolus,
2422 864 2515 933 qui
2553 864 2648 917 Dei
2678 878 2845 919 voces
2892 864 3119 924 audivit,
3152 862 3380 920 eminut-

1804 972 1909 1027 que
1946 957 2139 1011 habuit
2186 964 2552 1024 correptorem
2603 954 2745 1027 [Gn
2802 956 3010 1009 scolam
3079 955 3381 1023 correptio-

1806 1048 1975 1121 nem],
2012 1060 2067 1103 et
2096 1048 2339 1119 paradisi
2370 1048 2646 1116 inspector
2671 1045 2899 1102 effectus
2927 1055 3029 1109 est,
3066 1046 3382 1115 audivitqu

1804 1153 2003 1213 arcana
2033 1139 2220 1201 verba,
2249 1146 2305 1192 et
2333 1139 2570 1207 portavit
2615 1152 2831 1205 nomen
2861 1134 2950 1191 Dei
2988 1137 3040 1189 in
3084 1147 3380 1205 conspectu

1807 1230 2092 1285 nationum
2140 1238 2195 1285 et
2236 1245 2447 1301 regum,
2488 1230 2789 1286 Corinthiis
2827 1229 3075 1285 scribens
3112 1228 3327 1283 dicebat
3363 1246 3376 1281 :

1810 1339 1830 1374 ι
1866 1318 1943 1375 Ne
1977 1318 2115 1375 forte
2150 1336 2277 1376 cum
2313 1321 2437 1375 aliis
2478 1320 2913 1391 praedicaverim,
2968 1320 3083 1389 ipse
3118 1319 3385 1388 reprobus

1805 1411 2006 1466 elﬁciar
2034 1410 2050 1442 ¹
2085 1428 2098 1465 :
2132 1430 2152 1463 ι
2187 1411 2464 1480 quomodo
2491 1424 2592 1480 ego
2624 1410 2716 1478 qni
2751 1410 2804 1463 in
2850 1409 3056 1462 mundo
3086 1422 3379 1461 conversa-

1806 1512 1915 1565 tus,
1947 1512 2145 1557 etcum
2183 1502 2337 1557 laicis
2378 1510 2825 1564 connumeratns,
2879 1499 3242 1569 imperatoriis
3276 1498 3379 1550 mi-

1805 1594 2225 1649 nistrationibus
2288 1593 2535 1661 militavi,
2594 1595 2674 1650 sic
2718 1595 2923 1662 absque
2988 1593 3379 1661 dijudicatrioae

1806 1694 1968 1754 atque
2000 1686 2486 1754 circumspectione
2515 1700 2739 1755 possum
2778 1686 2990 1740 insilire
3017 1684 3084 1739 ad
3117 1685 3379 1740 sacerdo-

1807 1776 1868 1831 tii
1900 1775 2373 1848 magnitudinem?
2401 1774 2745 1832 Horrendum
2780 1790 3048 1829 conamen
3083 1775 3150 1830 ad
3175 1776 3383 1845 exigui-

140 1860 495 1927 σμικρότητα,
531 1858 704 1930 θρασὺ
739 1841 801 1915 τὸ
851 1841 1229 1936 ἐπιτήδευμά·
1266 1868 1300 1937 ἡ
1329 1841 1386 1920 δὲ
1418 1841 1565 1920 αἰτία
1596 1841 1702 1936 μά-

1809 1877 1975 1924 tatem
2005 1883 2181 1923 meam
2227 1876 2283 1924 et
2327 1868 2679 1923 temerarium
2730 1866 2975 1922 studium
3009 1883 3024 1920 :
3057 1880 3223 1920 causa
3256 1841 3399 1919 vero-

138 1946 293 2000 λιστα
323 1949 417 2001 τοῦ
458 1951 625 2019 φόϐου
668 1954 765 2007 καὶ
804 1954 903 2024 τῆς
952 1956 1092 2027 ὶμῆς
1135 1958 1704 2029 παραιτήσεώς,ἑστιν

138 2038 273 2110 αῦτη
300 2054 313 2068 ⁶
338 2040 451 2112 ὁρῶ
483 2042 577 2095 καὶ
605 2043 788 2114 βλέπω
810 2045 909 2116 τὴν
951 2049 1044 2102 ἐπὶ
1080 2047 1179 2121 τὴν
1211 2049 1417 2119 πέτραν
1469 2050 1705 2121 Χριστὸν

138 2128 227 2181 τὸν
278 2130 412 2183 Θεὸν
463 2132 623 2202 ἡμῶν
668 2134 1140 2209 τεθεμελιωμένην
1182 2138 1505 2210 Ἐκκλησίαν
1536 2141 1701 2194 αὑτοῦ

135 2218 515 2291 διεσχισμένην
542 2224 637 2277 νῦν
665 2227 757 2279 καὶ
786 2226 1150 2299 διῃρημένην,
1193 2231 1287 2283 καὶ
1326 2233 1471 2301 ἡμᾶς
1510 2232 1701 2285 ἄλλοτε

135 2310 308 2375 ἄλλως
323 2312 635 2380 λαλοῦντας,
662 2320 755 2371 καὶ
771 2320 895 2382 τοὺς
912 2320 1176 2391 ἀνατολῆς
1199 2324 1526 2392 όμοπίστους
1544 2326 1576 2394 ἡ
1587 2324 1703 2393 μῶν

137 2402 496 2471 Χριστιανοὺς
524 2406 724 2478 ἑτέρως
748 2427 761 2440 ·
792 2411 887 2464 καὶ
938 2413 1363 2481 συμφωνοῦντας
1391 2413 1490 2483 μὲν
1520 2415 1702 2478 αὐτοῖς

134 2492 260 2555 τοὺς
289 2495 388 2563 τῆς
415 2495 621 2561 δύσεως
646 2538 661 2561 ,
698 2498 1167 2571 ὴλλοτριωμένους
1200 2502 1255 2555 δὲ
1297 2506 1446 2574 ἡμᾶς
1475 2506 1701 2559 ἐκείνων

133 2583 425 2651 ἁπάντων,
459 2589 551 2641 καὶ
586 2590 715 2642 καθ’
748 2593 984 2663 ἑκάστην
1017 2593 1108 2646 ὑπ’
1140 2594 1322 2656 αὐτῶν
1369 2597 1702 2666 ἀναθεματί-

135 2672 416 2741 ζομὲνους.
447 2678 633 2731 Δεινόν
663 2681 780 2732 ἐστι
810 2680 872 2733 τὸ
901 2682 1185 2752 ἀνάθεμα,
1216 2685 1407 2755 πόρρω
1435 2685 1530 2737 τοῦ
1564 2685 1700 2738 Θεοῦ

136 2763 339 2831 βάλλει,
386 2768 481 2820 καὶ
521 2768 623 2837 τῆς
673 2766 954 2839 βασιλείας
995 2774 1104 2825 τῶν
1149 2774 1398 2845 οὐρανῶν
1427 2775 1697 2840 ἐκδιώκει,

132 2856 349 2924 ἁπάγον
376 2860 457 2921 είς
486 2860 546 2912 τὺ
584 2862 773 2925 σκότος
800 2862 861 2916 τὺ
892 2863 1181 2931 ἐξώτερον.

203 2942 314 3000 05κ
343 2945 483 3001 οἶδεν
508 2952 537 3002 ό
562 2950 662 3020 τῆς
718 2953 1048 3023 Ἐκκλησίας
1081 2956 1249 3026 νόμος
1288 2958 1382 3011 καὶ
1420 2959 1546 3029 ὅρος
1586 2958 1701 3028 ἔριν

136 3038 545 3107 ἦφιλονεικέαν,
573 3043 687 3097 ἀλλ’
713 3044 902 3116 ὥσπερ
943 3043 1084 3101 οἶδεν
1135 3050 1414 3118 ὁμολογεῖν
1463 3051 1701 3114 εὐσεϐῶς

137 3131 197 3181 ἓν
228 3132 534 3203 βάπτισμα,
564 3135 693 3203 μίαν
718 3136 920 3199 πίστιν,
939 3136 1082 3190 οὕτω
1112 3140 1203 3190 καὶ
1232 3140 1550 3209 συμφωνίαν
1573 3140 1700 3210 μίαν

136 3217 231 3268 ἐπὶ
259 3219 458 3282 παντὸς
518 3222 980 3291 ὲκκλησιαστικοῦ
1010 3226 1358 3296 πράγματος.
1386 3230 1552 3281 Οὐδὲν
1591 3230 1700 3299 γὰρ

136 3306 308 3371 οὓτως
338 3311 488 3364 ἐστὶν
537 3313 771 3366 ἐνώπιον
797 3315 890 3367 τοῦ
932 3316 1067 3369 Θεοῦ
1109 3318 1468 3373 εὖαπόδεκτον
1497 3321 1590 3373 καὶ⁸
1614 3321 1705 3372 εὐ-

135 3403 383 3468 άρεστον,
425 3403 500 3466 ὡς
533 3406 594 3457 τὸ
644 3406 916 3476 ἐνωθῆναι
950 3409 1115 3478 ἡμᾶς,
1166 3410 1260 3462 καὶ
1288 3410 1543 3477 γενέσθαι
1577 3412 1705 3482 μίαν

136 3491 435 3563 καθολικὴν
480 3495 826 3567 Ἐκκλησίαν,
859 3500 1000 3553 καθά
1024 3501 1118 3554 καὶ
1140 3503 1197 3553 ἐν
1227 3503 1303 3572 τῷ
1328 3504 1582 3574 συμϐόλῳ
1606 3507 1707 3576 τῆς

135 3582 467 3650 εἰλικρινοῦς
501 3587 657 3654 ἡμῶν
688 3589 924 3657 πίστεως
961 3592 1353 3662 ὁμολογοῦμεν.
1391 3596 1499 3648 Καὶ
1527 3596 1707 3650 αἰτοῦ-

138 3690 259 3740 μαι,
294 3675 513 3743 ἀδελφοί
536 3693 549 3707 ⁸
578 3673 733 3745 οἶμαι
774 3679 831 3731 δὲ
864 3681 958 3733 καὶ
1006 3682 1187 3751 ὑμεῖς,
1225 3684 1411 3755 ἐπειδὴ
1456 3685 1708 3753 γινώσκω

135 3764 228 3815 τὸν
257 3765 420 3833 φόϐον
441 3765 535 3818 τοῦ
566 3768 701 3821 Θεοῦ
733 3769 876 3839 ἔχειν
905 3772 1080 3840 ὑμᾶς·
1116 3775 1272 3843 παρά
1329 3775 1439 3828 τῶν
1486 3777 1707 3830 εὐσεϐε-

135 3856 347 3909 στάτων
380 3860 474 3911 καὶ
502 3859 799 3928 ὀρθοδόξων
828 3861 1096 3929 βασιλέων
1142 3866 1299 3934 ἡμῶν
1323 3907 1337 3930 ,
1365 3866 1583 3920 σύνοδον
1626 3870 1705 3921 oi-

135 3949 468 4016 κουμενικὴν
519 3951 988 4019 συναθροισθῆναι,
1045 3954 1131 4006 ῖνα
1182 3953 1474 4024 γενώμεθα
1527 3957 1577 4011 oi
1610 3956 1705 4009 τοῦ

136 4036 253 4099 ἑνὸς
284 4037 418 4091 Θεοῦ
442 4039 500 4091 ἓν
524 4058 537 4071 ·
562 4043 655 4093 καὶ
676 4045 723 4094 oi
756 4043 855 4109 τῆς
878 4043 1129 4113 Τριάδος,
1161 4047 1434 4115 ἡνωμέναι
1460 4048 1554 4101 καὶ
1577 4049 1708 4117 ὁμό-

132 4128 295 4196 ψυχοι
321 4131 415 4182 καὶ
444 4132 718 4201 ὁμότιμοι.
752 4135 813 4185 Οί
851 4137 949 4203 τῆς
973 4135 1218 4204 κεφαλῆς
1248 4137 1407 4207 ἡμῶν
1436 4140 1702 4209 Χριστοῦ,

136 4218 298 4287 σῶμα
335 4221 392 4271 ἓν
443 4224 1021 4294 συναρμολογούμενον
1052 4227 1147 4278 καὶ
1183 4227 1659 4297 συμϐιϐαζόμενον
1689 4248 1702 4261 ·

132 4312 183 4362 ei
211 4311 304 4362 τοῦ
335 4312 490 4379 ἁγίου
525 4314 860 4383 Ιινεύματος,
893 4315 954 4367 οὐ
995 4317 1117 4369 κατ’
1157 4317 1424 4387 ἀλλήλων,
1454 4320 1589 4373 ἀλλά
1608 4321 1705 4373 σὺν

131 4401 384 4470 ἀλλήλοις
405 4420 417 4431 ·
437 4405 484 4455 οἱ
502 4404 599 4472 τῆς
615 4405 895 4475 ἀληθείας,
918 4406 979 4460 τὸ
1001 4408 1134 4460 αὐτὸ
1152 4409 1479 4478 φρονοῦντες
1501 4411 1596 4464 καὶ
1615 4412 1700 4465 λέ·-

1808 1960 2041 2027 timoris,
2070 1969 2125 2016 et
2158 1975 2292 2016 mea:
2317 1959 2664 2015 refutationis
2694 1958 2809 2013 haec
2833 1965 2935 2013 est.
2993 1956 3212 2026 Aspicio
3234 1956 3379 2012 enim

1806 2062 1859 2107 et
1886 2052 2047 2109 video
2092 2051 2417 2119 Ecclesiam,
2458 2066 2581 2122 qua:
2630 2066 2796 2122 super
2840 2060 3048 2121 petram
3101 2048 3382 2105 Christum

1807 2140 1977 2196 Deum
2011 2150 2258 2196 nostrum
2310 2140 2535 2196 fundata
2564 2149 2671 2205 est,
2706 2139 2936 2194 scissam
2972 2154 3117 2193 nunc
3162 2147 3217 2194 et
3241 2137 3384 2192 clivi-

1807 2246 1946 2295 sam,
1989 2239 2045 2286 et
2077 2246 2180 2287 nos
2223 2231 2359 2286 alias
2395 2240 2558 2301 atque
2589 2229 2749 2284 aliter
2789 2228 3096 2298 loquentes,
3143 2236 3198 2282 et
3226 2227 3383 2282 aliter

1806 2336 1899 2375 eos
1923 2320 2262 2375 Christianos
2287 2320 2379 2390 qui
2412 2320 2465 2375 in
2489 2320 2709 2376 Oriente
2743 2319 2906 2374 unius
2938 2319 3224 2402 nobiscum
3256 2330 3382 2371 sunt

1807 2408 1965 2479 ﬁdei;
2003 2411 2095 2466 sed
2124 2419 2179 2465 et
2221 2411 2304 2465 his
2331 2412 2729 2466 concordantcs
2762 2409 3164 2475 Occidentales,
3195 2417 3249 2463 et
3280 2425 3407 2464 nos.

1806 2505 1874 2559 ab
1906 2504 2160 2559 omnibus
2192 2504 2301 2558 illis
2326 2504 2614 2568 alienatos,
2643 2513 2699 2559 et
2728 2520 2756 2557 a
2780 2520 2838 2559 se
2867 2520 2964 2574 per
2995 2500 3242 2574 singulos
3263 2503 3382 2560 dies

1808 2594 2298 2650 anathematizatos
2336 2594 2560 2649 habere.
2595 2595 2721 2649 Dira
2758 2610 2915 2665 pmna
2954 2605 3039 2650 est
3068 2596 3381 2659 anathema,

1806 2684 1995 2751 procul
2022 2698 2052 2736 a
2075 2681 2189 2736 Deo
2212 2683 2434 2747 emittit,
2464 2692 2569 2738 etc
2602 2699 2769 2753 regno
2798 2684 3065 2739 caelorum
3100 2684 3383 2754 persequi-

1807 2783 1914 2840 tnr,
1945 2782 1999 2827 et
2024 2773 2177 2828 ducit
2200 2773 2253 2827 in
2289 2776 2540 2831 tenebras
2568 2776 2893 2831 exteriores.

1877 2953 2061 3009 Nescit
2100 2955 2358 3009 Ecclesia:
2410 2955 2490 3009 lex
2543 2954 2627 3008 vel
2689 2955 2955 3010 terminus
3007 2964 3210 3009 sectam
3264 2954 3381 3008 sive

1806 3049 2205 3102 contentionem
2234 3064 2249 3113 ;
2300 3047 2393 3102 sed
2444 3048 2590 3102 sicut
2622 3047 2775 3101 novit
2804 3048 3055 3101 Confiteri
3088 3064 3255 3100 unum
3284 3047 3378 3100 ba-

1806 3140 2026 3207 ptisma,
2059 3154 2222 3192 unam
2266 3139 2446 3203 (idem,
2482 3138 2553 3191 ita
2606 3146 2662 3193 et
2704 3139 3054 3193 concordiam
3111 3153 3275 3191 unam
3324 3138 3377 3189 in

1806 3230 1960 3284 omni
1991 3230 2368 3284 ecclesiastico
2394 3230 2634 3298 negotio.
2664 3226 2810 3283 Nihil
2840 3228 2986 3283 enim
3037 3237 3121 3283 cst
3167 3229 3220 3282 in
3250 3242 3381 3281 con-

1806 3330 1992 3391 spectu
2026 3316 2121 3374 Dei
2157 3330 2265 3374 tam
2294 3329 2580 3389 acceptum
2614 3328 2775 3389 atque
2805 3319 3089 3389 placabile,
3130 3334 3293 3388 qnam
3322 3328 3405 3371 nt.

1806 3427 1976 3466 unum
2007 3411 2203 3473 simus,
2241 3418 2297 3465 et
2338 3424 2444 3463 una
2479 3409 2775 3463 etliciamur
2803 3409 3043 3464 Ecclesia
3088 3408 3379 3470 catholica,

1806 3501 2263 3571 quemadmodum
2323 3501 2377 3553 in
2437 3500 2667 3554 sincera:
2725 3510 2927 3554 nostra:
2976 3501 3097 3555 lidci
3132 3501 3383 3572 symbolo

1805 3591 2146 3645 confitemur.
2180 3590 2248 3643 Et
2272 3590 2507 3657 petimus
2532 3604 2656 3651 nos,
2686 3587 2901 3653 fratres,
2935 3598 2995 3643 ut
3032 3605 3156 3643 reor
3179 3600 3235 3644 et
3261 3604 3380 3653 vos,

1805 3682 2065 3749 quoniam
2098 3679 2211 3733 scio
2248 3693 2345 3733 vos
2388 3679 2638 3732 timorem
2673 3678 2779 3733 Dei.
2806 3679 3027 3743 habere,
3062 3697 3090 3733 a
3120 3681 3385 3749 piissimis

1805 3780 1860 3825 et
1885 3769 2210 3824 orthodoxis
2240 3770 2670 3837 imperatoribus
2702 3771 2908 3825 nostris
2936 3771 3211 3841 synodum
3262 3777 3383 3826 uni-

1807 3861 2071 3915 versalem
2108 3861 2313 3930 colligi,
2357 3868 2417 3914 ut
2461 3860 2763 3914 etliciamur
2796 3875 2918 3925 nos,
2961 3864 3054 3930 qui
3102 3863 3263 3914 unius
3291 3862 3385 3917 Dei

1807 3968 2018 4009 sumus.
2047 3968 2248 4018 unum;
2278 3960 2334 4006 et
2364 3954 2458 4021 qui
2483 3951 2765 4007 Trinitatis
2783 3952 3024 4007 cultores
3045 3954 3383 4015 exsis1imus,

1807 4046 1943 4099 uniti
1978 4053 2031 4098 et
2066 4045 2354 4098 unanimes
2388 4052 2445 4097 et
2480 4044 2744 4113 collegae;
2772 4048 2946 4114 etqni
2984 4046 3181 4114 capitis
3211 4047 3386 4099 nostri

1804 4136 2008 4191 Christi
2033 4150 2244 4197 sumus,
2269 4135 2571 4188 etiiciamur
2596 4150 2795 4204 corpus
2826 4152 3019 4201 unum,
3040 4146 3387 4205 compactum

1806 4236 1969 4294 atque
2026 4241 2334 4281 connexum
2374 4245 2387 4280 :
2424 4236 2478 4281 ct
2526 4228 2619 4295 qui
2668 4228 2844 4281 sancti
2893 4228 3134 4296 Spiritus
3167 4241 3384 4292 sumus,

1804 4320 2104 4375 etliciamur
2138 4335 2246 4373 non
2293 4330 2483 4374 contra
2525 4321 2783 4383 invicem,
2826 4319 2919 4373 sed
2968 4334 3066 4387 pro
3102 4318 3332 4373 invicem
3367 4337 3383 4372 :

1810 4421 1864 4465 et
1899 4412 1993 4480 qui
2032 4411 2278 4465 veritatis
2318 4412 2656 4473 cxsistimus,
2679 4410 2980 4464 eﬂiciamur
3017 4410 3254 4477 idipsum
3296 4424 3387 4464 sa-

133 4510 344 4558 γοντες,
380 4494 475 4546 καὶ
503 4495 577 4564 μὴ
669 4497 784 4564 ἔρις
808 4500 904 4551 καὶ
922 4499 1241 4569 διχοστασία
1265 4502 1323 4553 ὲν
1350 4503 1480 4571 ἡμῖν
1505 4515 1519 4530 ⁸
1554 4503 1701 4566 ὅπως

1810 4504 2016 4573 pientes
2047 4511 2213 4573 atque
2247 4502 2512 4565 dicentes,
2546 4511 2601 4557 et
2648 4517 2756 4556 non
2793 4502 2865 4558 sit
2912 4503 2965 4555 in
3002 4503 3179 4559 nobis.
3202 4511 3386 4556 certa-

130 4585 164 4651 ή
194 4584 381 4655 εἰρήνη
404 4585 496 4637 τοῦ
526 4586 663 4639 Θεοῦ
692 4589 723 4658 ἠ
768 4589 1111 4659 ὑπερέχουσα
1150 4593 1326 4645 πάντα
1354 4592 1497 4657 νοῦν,
1535 4609 1707 4663 φρου-

135 4674 280 4741 ρὴσῃ
312 4676 519 4737 πάντας
555 4678 723 4745 ἡμᾶς.
750 4678 859 4730 Καὶ
888 4681 1054 4747 εἰμὲν
1082 4676 1176 4737 οὖν
1193 4680 1506 4734 κελεύουσιν
1534 4684 1583 4734 oi
1610 4684 1709 4752 τῆς

128 4764 441 4834 ὀρθοδοξίας
468 4768 743 4839 πρόμαχοι
770 4771 1182 4842 βασιλεῖςήμῶν
1208 4773 1303 4825 ἐπὶ
1332 4777 1397 4844 τῇ
1429 4776 1536 4844 ἐμῇ
1560 4776 1709 4827 εὐλό-

129 4858 443 4927 γῳαίτήσει
482 4858 789 4925 ἐπινεῦσαι,
818 4865 1262 4935 συγκατατίθημι
1303 4865 1459 4932 κάγὼ
1488 4869 1580 4919 καὶ
1601 4868 1701 4934 τὴν

129 4948 384 5001 κέλευσεν
410 4952 590 5007 αὐτῶν
617 4952 900 5022 ὲκπληρῶ,
922 4956 1016 5008 καὶ
1039 4955 1192 5025 ὑμῶν
1217 4957 1503 5027 τὴνψῆφον
1528 4958 1707 5012 ἀσπά-

128 5038 322 5107 ζομαι.
358 5040 418 5092 Εἰ
452 5042 507 5094 δὲ
537 5045 608 5114 μή
640 5061 735 5111 γε,
764 5046 1040 5109 ἀδυνάτως
1090 5048 1200 5117 ἔχω
1254 5051 1413 5124 τοῦτο
1460 5050 1703 5119 ποιῆσαι,

127 5132 223 5184 ἵνα
262 5131 336 5203 μὴ
367 5134 658 5202 ὑποϐληθῶ
680 5138 757 5205 τῷ
796 5139 1101 5210 ἁναθέματι
1122 5182 1136 5205 ,
1167 5141 1261 5193 καί⁵
1291 5141 1505 5211 εὑρεθῶ
1539 5160 1676 5196 κατα
1695 5172 1707 5181 ο

123 5223 519 5295 δεδικασμένος
558 5229 615 5279 ἐν
649 5232 713 5299 τῇ
746 5231 931 5301 ἡμέρᾳ
968 5231 1060 5284 τοῦ
1090 5232 1281 5303 κριτοῦ
1323 5233 1429 5285 τῶν
1458 5235 1595 5287 ὅλων
1613 5236 1731 5287 καὶν

124 5316 231 5383 τῆς
287 5316 639 5390 δικαιοσύνης
663 5337 679 5351 ·
713 5323 839 5373 ἔνθα
880 5321 1007 5375 οὔτε
1058 5323 1299 5391 βασιλεῖς
1324 5365 1339 5387 ,
1368 5324 1490 5378 οὔτε
1518 5328 1706 5394 ἱερεῖς,

125 5404 256 5457 οὗτε
318 5410 611 5477 ἄρχοντες,
640 5411 763 5464 οὔτε
810 5413 1013 5483 πλῆθος
1050 5416 1350 5485 ἀνθρώπων
1383 5416 1606 5471 δύναταί
1643 5436 1710 5489 με

125 5499 441 5562 ἐξελέσθαι.
474 5504 578 5555 Καὶ
601 5504 724 5556 εἴτι
752 5507 971 5575 ἄριστον
994 5510 1088 5559 καὶ
1114 5509 1340 5575 ἀρεστὸν
1371 5508 1520 5577 ὑμῖν,
1557 5509 1711 5562 ἀδελ-

129 5593 247 5659 φοὶ,
303 5594 421 5644 δότε
475 5596 573 5663 τῆς
627 5597 767 5664 ἐμῆς
816 5598 1143 5665 ἀπολογίας,
1176 5600 1379 5668 φράσαι
1409 5600 1467 5652 δὲ
1508 5600 1708 5670 μᾶλλον

128 5688 411 5752 σιτήσεως
448 5687 545 5756 τὴν
590 5689 905 5757 ἀπόκρισιν.
959 5691 1234 5759 ’Ᾱσμένως
1277 5692 1332 5742 δὲ
1364 5694 1708 5761 ἠκροάσαντο

211 5778 225 5806 ¹
269 5779 281 5827 Ι
315 5778 442 5829 (lor.
484 5796 556 5842 IV,
586 5780 673 5831 ‘27.

1808 4612 1931 4651 men
1986 4596 2103 4650 sive
2158 4596 2429 4650 dissensio
2460 4613 2474 4649 :
2508 4605 2564 4649 ut
2596 4611 2704 4664 pax
2762 4594 2880 4659 Dei,
2917 4608 3065 4664 quas
3092 4603 3388 4663 exsuperat

1808 4703 2022 4743 omnem
2058 4702 2303 4749 sensum,
2338 4688 2551 4740 muniat
2579 4702 2773 4742 omnes
2822 4702 2922 4740 nos
2949 4699 2967 4738 :
2999 4693 3057 4740 et
3085 4685 3131 4741 si
3164 4685 3387 4754 quidem

1803 4778 2069 4847 iusserint
2114 4776 2471 4831 orthodoxiw
2511 4786 2969 4848 propugnatores,
3032 4775 3391 4845 imperatores

1809 4869 2055 4924 videlicet
2090 4869 2283 4934 nostri,
2331 4867 2690 4939 postulationi
2737 4881 2872 4920 mea:
2911 4865 3076 4934 iusta
3123 4878 3389 4927 annuere,

1814 4964 2095 5021 consentio
2121 4971 2177 5018 et
2202 4978 2324 5035 ego.
2353 4972 2411 5019 et
2431 4964 2732 5034 iussionem
2764 4976 2956 5016 eorum
2986 4958 3228 5029 implebo
3253 4977 3266 5013 :
3304 4959 3391 5013 sin

1815 5066 2021 5121 autem,
2062 5055 2402 5127 impossibile
2439 5055 2575 5110 mihi
2610 5063 2693 5109 est
2729 5054 2833 5107 hoc
2870 5051 3073 5113 facere,
3104 5064 3174 5103 ne
3215 5049 3393 5117 subji-

1815 5148 1930 5202 ciar
1974 5146 2333 5210 anathemati,
2373 5154 2428 5200 et
2468 5145 2718 5199 inveniar
2767 5142 3167 5197 condemnatus
3200 5139 3254 5193 in
3303 5138 3396 5193 die

1815 5236 2031 5291 Domini
2060 5236 2233 5290 nostri
2264 5245 2319 5291 et
2340 5234 2475 5305 justi
2502 5234 2703 5304 indicis
2732 5251 2746 5287 :
2774 5232 2867 5287 ubi
2896 5244 3075 5301 neque
3099 5230 3395 5297 imperator

1816 5326 2247 5400 [imperatores],
2290 5341 2465 5398 neque
2502 5326 2759 5380 sacerdos
2800 5319 3183 5395 [sacerdotes],
3217 5335 3395 5388 neque

1814 5419 2067 5490 princeps
2108 5418 2455 5491 [principes],
2517 5419 2696 5486 neque
2751 5415 3036 5469 hominum
3095 5412 3409 5466 multitudo

1815 5512 2015 5580 poterit
2061 5511 2270 5580 eripere
2319 5527 2449 5563 me:
2494 5506 2853 5578 ctquidquid
2913 5504 3183 5576 placuerit
3212 5502 3394 5566 vobis,

1815 5604 2032 5665 fratres,
2057 5603 2178 5655 date
2225 5602 2487 5671 apologis:
2512 5615 2664 5663 meae,
2698 5599 2809 5653 imo
2832 5610 2961 5653 vero
2991 5594 3239 5667 petitioni
3263 5608 3398 5647 mea

1818 5708 2156 5763 responsum.
2191 5693 2263 5763 (Ι)
2307 5691 2370 5745 Et
2430 5691 2658 5749 libenter
2710 5690 2997 5747 audierunt
3048 5700 3239 5741 omnes
3276 5698 3401 5755 qua:

217 5872 295 5937 il)
334 5872 461 5933 Quae
485 5885 776 5941 sequuntut
816 5875 1070 5944 deinceps
1105 5875 1264 5930 verba
1295 5887 1415 5931 sunt
1457 5879 1726 5933 Anastasii
1767 5879 2187 5934 Bibliothecarii.
2223 5879 2393 5937 “aliti,
