4092 6438
157 430 284 496 11.99

155 640 435 707 μόρφωσιν
491 640 590 708 μὲν
647 638 931 703 εὐσεϐείας
998 641 1235 710 ἔχοντες,
1285 643 1367 694 ὅτι
1422 644 1722 712 ἱερωσύνης

151 729 367 799 ἀξ’ωμα
397 730 840 802 περιεϐέϐληντο,
877 729 976 801 τὴν
1006 731 1063 783 δὲ
1100 732 1330 803 δύναμιν
1360 733 1531 802 αὐτῆς
1564 736 1725 804 ἢρνη-

153 821 321 891 μένοι,
356 821 467 875 τῶν
499 822 855 876 Βαϐυλωνίων
892 823 1086 894 ἱερέων
1130 824 1230 893 τὴν
1257 826 1597 894 κατηγορίαν
1614 828 1724 879 ἐπι-

152 913 489 983 σπασάμενοι
510 926 524 941 ⁸
558 914 654 975 οὓς
680 915 773 967 καὶ
803 915 836 985 ἡ
890 914 1200 985 προφητεία
1262 914 1588 985 θριαμϐεύει
1634 916 1723 970 λέ-

150 1018 317 1067 γουσα
353 1020 367 1033 ο
412 1022 431 1054 ι
478 1003 736 1073 Ἐξῆλθεν
762 1005 974 1075 ἀνομία
1001 1006 1063 1069 ἐξ
1087 1005 1279 1076 ἱερέων
1317 1006 1657 1069 Βαϐυλῶνος.
1698 1027 1716 1058 ι

150 1098 447 1151 Μᾶλλονδὲ
482 1099 790 1167 Καῖφαῖκδν
824 1098 1103 1170 συνέδριον
1133 1101 1557 1170 συστησάμενοι,
1600 1119 1723 1169 γενο

150 1190 373 1258 νήτορες
403 1191 667 1257 γεγόνασι
707 1190 985 1242 δυσσεϐῶν
1018 1190 1386 1260 διδαγμάτων.
1439 1192 1550 1245 Καὶ
1585 1193 1723 1263 ἀρᾶς

148 1280 243 1332 καὶ
273 1281 503 1350 πικρίας
531 1280 748 1350 ἔχοντες
792 1280 987 1351 στόμα,
1048 1283 1110 1333 τὸ
1134 1282 1227 1335 ἐπὶ
1282 1285 1472 1345 κακοῖς
1514 1283 1723 1352 ἰσχύειν

145 1370 304 1435 δόξαν
334 1371 672 1439 ἑλογίσαντο.
702 1373 815 1426 Καὶ
834 1372 1123 1443 δύσφημον
1170 1372 1395 1443 ἔχοντες
1449 1374 1722 1441 γλῶτταν,

148 1461 241 1512 καὶ
265 1459 512 1528 κάλαμον
545 1460 928 1530 ὑπουργοῦντα
994 1460 1188 1534 ταύτῃ,
1221 1463 1341 1524 ταῖς
1373 1462 1725 1527 αὐτολέκτοις

147 1550 241 1604 τοῦ
282 1551 419 1605 Θεοῦ
450 1554 657 1621 φωναῖς
688 1552 991 1623 μαχόμενοι
1022 1553 1514 1624 ὲτερατολὸγησαν,
1543 1555 1606 1608 τὸ
1637 1554 1726 1625 βα-

151 1644 349 1697 σίλειον
380 1644 683 1715 ἱεράτευμα
734 1646 831 1697 καὶ
860 1645 1015 1709 ἔθνος
1046 1643 1223 1714 ἅγιον,
1253 1646 1383 1711 τοὺς
1422 1646 1725 1717 ἐνδυσαμέ-

150 1753 271 1798 νους
305 1735 564 1805 Χριστὸν,
592 1735 689 1790 καὶ
712 1738 777 1806 τῇ
818 1734 1009 1806 χάριτι
1044 1734 1215 1788 αὑτοῦ
1250 1735 1629 1800 ἀνασωθέντας
1659 1738 1724 1789 ἐκ

149 1829 247 1896 τῆς
278 1825 386 1879 τῶν
411 1826 648 1880 εἰδώλων
676 1827 912 1898 πλάνης,
928 1826 1321 1897 εἰδωλολάτρας
1349 1827 1725 1882 άποκαλέσαν-

149 1893 262 1976 τες.
321 1917 429 1969 Καὶ
456 1916 797 1987 κακουργίας
824 1893 1044 1986 έχοντες
1070 1893 1319 1986 γνώμην,
1353 1920 1541 1989 χεῖρας
1595 1916 1723 1971 ἀθέ-
1755 1893 1796 1946 Β

150 2023 317 2074 σμους
344 2006 631 2071 ἐπέϐαλον,
670 2006 933 2075 ἀφανίσαι
956 2005 1195 2075 οἰόμενοι
1219 2006 1316 2077 τὴν
1345 2006 1456 2059 τῶν
1510 2005 1724 2058 σεπτῶν

149 2098 375 2150 εἰκόνων
408 2098 898 2168 άναζωγράφησιν.
929 2097 1038 2150 Καὶ
1086 2098 1187 2151 ὅσα
1226 2096 1325 2167 μὲν
1379 2097 1444 2150 ὲκ
1492 2096 1725 2166 ψηφῖδος

147 2186 298 2253 δντα,
337 2185 616 2259 ὲξώρυξαν
644 2206 659 2219 ο
691 2189 793 2242 ὅσα
847 2189 904 2241 δὲ
926 2190 991 2242 ἐκ
1029 2188 1340 2258 κηροχύτου
1366 2205 1728 2259 χρωματουρ-

151 2282 275 2347 γίας
309 2280 593 2345 λεάναντες
619 2282 727 2334 τῶν
766 2281 986 2335 σεπτῶν
1022 2280 1169 2334 ναῶν
1200 2281 1298 2352 τὴν
1325 2281 1623 2351 εὐκοσμίαν
1644 2285 1726 2345 εἰς

154 2372 429 2443 ἀκοσμίαν
489 2374 811 2445 μετέϐαλον.
841 2375 947 2427 Σὺν
976 2375 1190 2437 τούτοις
1211 2374 1267 2426 δὲ
1305 2374 1491 2428 καὶτὰ
1522 2374 1580 2427 ὲν
1632 2391 1729 2447 σα-

155 2463 294 2517 νίσιν
321 2466 402 2528 εἰς
452 2468 677 2536 μνήμην
707 2466 836 2519 ὄντα
870 2466 1110 2537 Χριστοῦ
1144 2466 1241 2520 τοῦ
1270 2464 1409 2518 Θεοῦ
1445 2465 1729 2536 ἡμῶνκαὶ

154 2554 264 2606 τῶν
295 2555 467 2622 ἁγίων
495 2554 662 2610 αὑτοῦ
696 2557 831 2628 πυρὶ
894 2556 1223 2627 παρέδωκαν
1258 2570 1271 2585 ·
1333 2555 1428 2608 καὶ
1470 2555 1545 2617 ὡς
1597 2556 1729 2619 ἔπος

156 2646 353 2711 εἰπεῖν,
410 2646 510 2709 τὰς
566 2645 689 2700 καθῗ
743 2648 895 2717 ήμᾶς
960 2647 1262 2719 ἐκκλησίας
1355 2645 1731 2717 λυμηνάμενοι

156 2737 509 2808 διετάραξαν.
546 2740 655 2793 Καὶ
680 2738 1030 2809 αἱρεσιάρχαι
1056 2740 1107 2791 οἱ
1154 2739 1403 2809 ίεράρχαι
1435 2737 1729 2807 γεγόνασι·

159 2829 253 2881 καὶ
286 2830 405 2882 ἀντὶ
442 2830 541 2898 μὲν
576 2831 801 2899 εἰρήνης
848 2831 963 2901 ἔριν
992 2830 1069 2901 τῷ
1098 2830 1210 2900 λαῷ
1271 2831 1731 2901 προσεφώνησαν,

159 2921 284 2972 ἀντὶ
321 2919 378 2973 δὲ
412 2920 561 2972 σίτου
592 2918 809 2984 ζιζάνια
845 2921 963 2982 ταῖς
1023 2917 1506 2988 ἐκκλησιαστικαῖς
1572 2920 1735 2991 ἀρούο

163 3026 284 3080 ραις
323 3011 648 3081 ὲνέσπειραν
676 3026 689 3039 ·
736 3010 828 3063 τὸν
855 3005 997 3063 οἶνον
1026 3009 1218 3079 ἔμιξαν
1274 3008 1447 3071 ὕδατι.
1498 3012 1590 3064 καὶ
1643 3012 1734 3064 τὸν

161 3100 398 3169 πλησίον
440 3100 698 3152 ὲπότισαν
742 3099 1060 3170 ἀνατροπὴν
1106 3099 1336 3170 θολεράν
1368 3117 1379 3129 ·
1424 3102 1518 3153 καὶ
1578 3100 1734 3154 λύκοι

173 3192 455 3264 Ἀραϐικοὶ
479 3193 651 3255 ὄντες,
676 3191 839 3261 δορὰν
868 3192 1164 3261 προϐάτων
1219 3192 1596 3262 ὑπεκρίθησαν
1648 3194 1736 3245 ὲν-
1762 3223 1807 3282 C

158 3284 429 3337 δύσασθαι
458 3301 473 3314 ·
514 3286 607 3337 καὶ
633 3284 735 3355 τὴν
786 3284 1046 3353 ἀλήθειαν
1107 3283 1629 3355 παραλογιζόμενοι,
1678 3286 1736 3337 τὸ

158 3375 359 3443 ψεῦδος
386 3377 789 3429 ἐπεσπάσαντο.
852 3375 992 3429 Ἀλλ’
1036 3375 1121 3427 ὠά
1175 3376 1435 3428 ἀσπίδων.
1472 3374 1734 3448 ἔρῤηξαν,

160 3468 256 3520 καὶ
288 3468 435 3520 ἰστὸν
468 3468 717 3537 ἀράχνης
732 3466 874 3520 κατὰ
906 3466 996 3520 τὸν
1036 3468 1326 3538 προφήτην
1356 3466 1569 3535 ὕφαναν
1598 3484 1613 3497 ο
1640 3469 1735 3520 καὶ

157 3562 187 3613 ό
239 3558 447 3628 μέλλων
479 3559 588 3611 τῶν
626 3558 749 3611 ὼῶν
778 3557 958 3611 αὐτῶν
1011 3561 1229 3626 φαγεῖν,
1288 3558 1586 3630 συντρίψας
1641 3558 1734 3612 οὔ·

160 3668 279 3717 ριον
308 3650 481 3719 εὖροι,
510 3650 605 3703 καὶ
635 3652 693 3703 ὲν
722 3648 872 3720 αύτῴ
912 3650 1229 3718 βασιλίσκον
1300 3650 1381 3705 ἰοῦ
1413 3654 1509 3706 καὶ
1562 3652 1732 3721 πνοῆς

157 3744 560 3815 θανατηφόρους
575 3742 835 3813 γέμοντα.

236 4025 348 4078 Kal
375 4025 496 4077 ἐπεὶ
526 4022 700 4077 ταῦτα
732 4023 879 4078 οὕτω
911 4023 1170 4089 διέθεντο,
1206 4024 1299 4076 καὶ
1330 4024 1429 4093 τὴν
1482 4022 1743 4093 ἀλήθειαν

155 4120 222 4170 τὸ
247 4117 440 4187 ψεῦδος
470 4117 850 4178 κατεϐόσκετο,
876 4118 937 4170 οὗ
974 4118 1414 4186 συνεχωρήσατε,
1447 4116 1740 4186 ἡμερώταο

156 4208 245 4259 τοί
303 4223 363 4259 τε
396 4208 489 4259 καὶ
525 4205 895 4275 ἀνδρειότατοι
922 4203 1080 4275 ήμῶν
1112 4204 1372 4272 βασιλεῖς,
1399 4204 1456 4255 ἐν
1482 4205 1591 4264 τοῖς
1617 4202 1744 4272 ὑμε-

156 4300 348 4368 τέροις
377 4302 591 4367 χρόνοις
615 4299 715 4366 τὴν
744 4296 887 4350 οὕτω
940 4296 1183 4366 λοιμώδη
1240 4297 1334 4349 καὶ
1391 4295 1741 4365 ψυχοφθόρον

162 4393 375 4460 πλάνην
421 4390 797 4459 ἐνδιαμὲνεινο
859 4388 995 4441 άλλά
1053 4388 1259 4457 ταύτην
1316 4391 1381 4457 τῇ
1451 4386 1595 4457 αὔρᾳ
1647 4385 1741 4438 τοῦ

158 4488 310 4539 θείου
348 4484 663 4555 Πνεύματος
708 4481 804 4536 τοῦ
866 4484 925 4535 ὲν
976 4484 1106 4551 ὑμῖν
1155 4482 1433 4544 οἰκοῦντος
1482 4481 1745 4550 ἀφανίσαι

158 4575 616 4645 προεθυμήθητε,
650 4575 799 4637 ὅπως
825 4574 1086 4637 εὐσταθὲς
1113 4573 1347 4643 διαμένῃ
1375 4573 1475 4641 τῆς
1526 4571 1747 4640 Ἐκκλη-

160 4670 293 4731 σίας
331 4668 390 4718 τὸ
414 4668 694 4735 σύστημα,
719 4666 816 4718 καί
845 4663 939 4717 τοῦ
976 4665 1179 4726 παντὸς
1212 4664 1458 4735 ὑπηκόου
1487 4662 1551 4715 τὸ
1608 4661 1743 4730 σύγ-

161 4775 366 4827 κριμα,
400 4758 497 4809 καὶ
523 4757 584 4809 τὸ
611 4755 883 4827 βασίλειον
913 4755 1068 4825 ὑμῶν
1094 4755 1235 4809 κατὰ
1294 4756 1394 4824 τὴν
1469 4754 1747 4825 ὑμετέραν

158 4850 495 4919 ἐπωνυμίαν
517 4847 806 4919 εἰρηνικῶς
830 4846 1180 4917 διευθύνηται
1257 4848 1353 4900 καὶ
1387 4847 1489 4899 οῦκ
1522 4847 1747 4899 ἀνεκτὸν

160 4946 196 5014 ἢ
233 4943 475 5015 φορητὸν
511 4940 851 5010 ἡγήσασθαι,
877 4940 947 4992 τά
982 4939 1081 5009 μὲν
1106 4938 1242 4993 ἄλλα
1298 4940 1542 5009 ὁμονοεῖν
1600 4940 1749 5008 ἡμᾶς

158 5037 263 5088 καὶ
297 5032 757 5104 συμϐιϐάζεσθαι,
790 5032 921 5102 περὶ
957 5031 1013 5084 δὲ
1046 5030 1108 5084 τὸ
1134 5030 1235 5100 τῆς
1277 5028 1426 5100 ζωῆς
1465 5031 1623 5100 ἡμῶν
1658 5049 1750 5083 κε-

161 5127 420 5195 φάλαιον,
451 5126 570 5194 ήτοι
599 5125 698 5195 τήν
719 5123 945 5195 εἰρήνην
979 5122 1088 5177 τῶν
1141 5122 1471 5192 ἐκκλησιῶν,
1535 5123 1747 5176 ἑαυτῶν

158 5214 623 5287 ἀπορῥήγνυσθαι
662 5216 756 5266 καὶ
794 5212 1226 5283 ἀποσχίζεσθαι’
1262 5213 1357 5267 καὶ
1389 5213 1564 5267 ταῦτα
1615 5215 1751 5285 Χρι-

161 5309 299 5362 στοῦ
327 5308 621 5375 κεφάλαιον
648 5306 825 5372 ὄντος,
876 5307 1035 5376 ἡμῶν
1071 5306 1126 5359 δὲ
1182 5307 1414 5376 καθεξῆς
1453 5307 1589 5377 μέλη
1656 5308 1751 5362 καὶ

159 5401 223 5452 ἓν
254 5401 418 5468 σῶμα
453 5400 541 5451 διὰ
570 5399 670 5467 τῆς
701 5398 838 5468 πρὸς
866 5398 1131 5469 ἀλλήλους
1184 5397 1468 5466 ὁμοδοξὶας
1524 5399 1616 5452 καὶ
1662 5400 1749 5452 πί-

162 5510 365 5552 στεως.
400 5495 488 5543 Διὸ
519 5492 617 5560 τὴν
650 5492 800 5560 ἱερὰν
831 5489 992 5558 ἡμῶν
1020 5488 1115 5540 καὶ
1166 5488 1597 5559 πολυάνθρωπον
1622 5507 1749 5546 συν-

159 5585 529 5656 αθροισθῆναι
552 5582 877 5634 ἐκελεύσατε
906 5583 1178 5651 ὁμήγυριν
1208 5583 1264 5632 ἐν
1312 5582 1489 5655 ταύτῃ
1539 5586 1605 5653 τῇ
1649 5584 1749 5635 Νι-

160 5681 351 5732 καέων
384 5674 738 5745 μητροπόλει,
767 5674 853 5725 ἵνα
876 5675 973 5742 τὴν
1020 5673 1130 5724 τῶν
1166 5674 1478 5741 ἐκκλησιῶν
1530 5674 1747 5727 otiosa-

242 5861 260 5887 ‘
301 5859 429 5911 i-‘Jn.
479 5876 609 5918 xm.
652 5862 699 5915 5.
780 5861 796 5891 ³
831 5862 925 5913 lsa.
966 5879 1087 5915 mx.
1130 5864 1223 5915 διὸ

1568 434 1963 498 ΕΡιδΤΟιιΕ.

149 567 246 618 νην
296 547 687 619 χαριέστερον;
730 547 885 602 Ἐπεὶ
917 547 975 601 δὲ
996 548 1301 620 ἀνέστησάν
1326 567 1470 614 τινες
1498 552 1715 621 ἄνδρες,

1837 570 1953 607 vero
1997 555 2418 607 insurrexerunt
2452 552 2670 621 quidam
2717 550 2818 603 viti
2849 592 2861 611 ,

3272 427 3409 489 1430

2913 565 3146 603 turmam
3187 552 3405 619 quidem

1828 643 2043 712 pietatis
2070 642 2353 707 habentes,
2387 642 2647 711 quoniam
2684 640 2977 696 sacerdotii
3009 640 3275 709 dignitate
3304 656 3370 691 eo

1829 734 2142 789 cumamicti
2175 744 2336 800 sunt;
2395 734 2655 788 virtutem
2696 742 2875 785 autem
2907 732 3026 800 ejus
3052 732 3381 798 abnegantes

1825 836 1878 879 et
1925 826 2381 895 Babylonensium
2434 824 2779 879 sacerdotum
2824 823 3152 876 calumniam
3198 820 3211 891 ιη
3251 837 3407 874 arcu

1827 914 2136 987 sationem]
2176 916 2541 984 arripientes;
2588 930 2728 985 quos
2772 922 2825 968 et
2859 914 3136 983 prophetia
3171 908 3399 980 publica

1825 1008 2066 1063 dicens:
2124 1025 2144 1058 ι
2195 1006 2425 1077 Egressa
2473 1016 2567 1061 est
2620 1007 2879 1076 iniquitas
2945 1022 2973 1059 a
3033 1006 3406 1059 sacerdotihuc

1828 1098 2120 1170 Babylonis
2145 1101 2185 1152 ’.
2220 1118 2237 1149 ι
2278 1098 2392 1152 lmo
2422 1114 2552 1153 vero
2579 1098 2941 1167 Caiphaietrm
2977 1097 3269 1151 concilium
3298 1107 3378 1148 sta

1828 1199 2064 1254 tuentes,
2097 1190 2371 1257 genitorcs
2410 1189 2535 1244 facti
2558 1195 2686 1244 sunt
2712 1190 3034 1259 dogmatum
3068 1188 3361 1257 impiorum

1825 1293 1877 1333 et
1910 1296 1973 1334 os
2009 1280 2408 1337 maledictionis
2439 1289 2494 1335 et
2526 1280 2906 1334 amaritudinis
2937 1281 3200 1332 habentes
3222 1319 3238 1341 ,
3274 1292 3405 1347 pra:-

1826 1372 2006 1424 valcrc
2040 1371 2094 1425 in
2125 1370 2286 1423 malis
2309 1370 2536 1440 gloriam
2561 1370 2810 1423 arbitrati
2842 1379 2992 1423 sunt.
3036 1369 3414 1437 Infamemque

1825 1462 2065 1530 linguam
2105 1470 2161 1516 et
2196 1461 2467 1516 calamum
2506 1462 2910 1515 ministrantem
2955 1461 3085 1514 huic
3128 1459 3416 1529 possiden.

1828 1561 1925 1615 tes,
1960 1564 2014 1607 et
2041 1568 2205 1607 voces
2232 1568 2355 1622 quae
2384 1553 2453 1607 ab
2484 1553 2602 1622 ipso
2633 1552 2744 1606 Deo
2778 1552 3007 1621 prolata:
3039 1559 3162 1606 sunt
3184 1589 3197 1609 .
3236 1550 3417 1618 impu-

1822 1651 2081 1711 gnantcs,
2120 1653 2285 1714 atque
2341 1653 2655 1713 portentose
2710 1645 2888 1714 regale
2935 1643 3418 1701 sacerdotium.et

1824 1742 2040 1802 gentem
2072 1742 2318 1787 sanctam
2343 1774 2359 1798 ,
2402 1744 2454 1787 et
2504 1750 2598 1787 eos
2636 1734 2730 1803 qui
2772 1734 3055 1787 Christum
3089 1734 3413 1795 induerunt,

1824 1834 1879 1878 et
1905 1824 2076 1894 gratia
2098 1826 2221 1895 ejus
2239 1825 2305 1879 ab
2326 1826 2590 1879 idolorum
2608 1840 2797 1879 errore
2812 1825 3003 1879 salvati
3023 1834 3172 1884 sunt,
3189 1825 3412 1878 idolola-

1826 1925 1936 1970 tras
1958 1927 2234 1972 vocantes.
2258 1916 2563 1987 Etueqnam
2582 1916 2916 1986 operationis
2930 1916 3192 1971 habentes
3208 1924 3414 1980 votum,

1827 2024 2027 2063 manus
2060 2011 2127 2063 ad
2162 2009 2349 2063 illicita
2395 2010 2763 2071 immiserunt,
2792 2008 3044 2063 demoliri
3077 2008 3281 2078 opinati
3320 2023 3415 2061 ve—

1827 2100 2150 2155 nerabilium
2206 2102 2478 2169 picturam
2535 2100 2851 2167 imaginum.
2899 2099 2963 2153 Et
3006 2099 3224 2169 quidem
3271 2114 3419 2167 quac-

1828 2207 2048 2261 cunque
2078 2194 2146 2246 de
2172 2193 2404 2247 tessellis
2429 2190 2653 2246 fuerunt
2688 2190 2829 2247 facta
2849 2233 2865 2257 ,
2897 2191 3201 2245 eﬂ'oderunt
3231 2208 3244 2243 :
3285 2206 3406 2257 qua!

1830 2300 1958 2339 vero
1996 2299 2062 2339 ex
2092 2299 2216 2339 cera
2257 2283 2410 2339 fuere
2454 2283 2675 2355 perfuso
2702 2285 2948 2339 colorum
2976 2298 3169 2354 opere,
3199 2283 3415 2337 deleve-

1832 2386 1990 2443 runt,
2023 2378 2532 2446 veuerabiliumque
2575 2377 2872 2446 imaginum
2904 2375 3026 2449 [δι’.
3064 2375 3413 2447 templorum]

1828 2469 1997 2522 decus
2028 2468 2083 2522 in
2115 2468 2354 2523 dedecus
2394 2468 2817 2523 transtulerunt.
2859 2467 2997 2523 Cum
3032 2468 3118 2522 his
3146 2478 3327 2522 autem
3364 2476 3418 2520 et

1828 2576 1893 2615 ea
1928 2575 2050 2630 qua:
2088 2558 2141 2613 iu
2178 2560 2377 2615 tabulis
2411 2560 2464 2613 in
2500 2560 2820 2614 memoriam
2854 2558 3057 2613 Christi
3102 2559 3194 2611 Dei
3242 2560 3415 2613 nostri

1832 2657 1889 2702 et
1918 2658 2233 2703 sanctorum
2262 2648 2381 2713 ejus
2415 2648 2782 2712 exstiterunt,
2814 2647 2921 2716 igni
2956 2647 3317 2701 tradiderunt.
3355 2646 3421 2699 Et

1837 2749 1896 2795 ut
1926 2740 2477 2810 apertiusdicamus,
2531 2739 2794 2794 ecclesias
2837 2747 3051 2793 nostras
3080 2739 3415 2809 depopulati,

1834 2830 2299 2884 contnrbaverunt
2328 2846 2341 2880 :
2384 2838 2438 2883 et
2467 2828 2594 2880 l‘.:cti
2636 2836 2764 2882 sunt
2792 2829 3071 2882 haereseon
3101 2828 3378 2897 principes
3402 2869 3417 2889 ,

1835 2921 1929 2989 qui
1958 2928 2115 2975 erant
2163 2920 2439 2989 principes
2472 2919 2864 2983 sacerdotum;
2913 2928 2969 2973 et
3003 2934 3101 2987 pro
3132 2934 3266 2987 pace
3296 2918 3420 2987 qui-

1836 3014 1960 3069 dem
1998 3014 2407 3067 contentionem
2460 3012 2663 3082 populo
2702 3011 3149 3065 acclamavcrunt
3190 3027 3205 3064 :
3254 3027 3420 3077 porro

1839 3121 1937 3176 pro
1973 3106 2249 3160 frumento
2284 3106 2496 3159 zizania
2542 3106 2596 3159 in
2651 3102 3043 3159 ecclesiasticis
3066 3104 3219 3159 arvls
3249 3105 3421 3156 semi-

1841 3201 2146 3260 naverunt;
2181 3194 2366 3247 vinum
2401 3193 2748 3248 miscuerunt
2792 3207 2983 3262 aqum,
3018 3200 3074 3245 et
3106 3192 3419 3260 proximum

1839 3298 2163 3357 potaverunt
2200 3287 2561 3342 subversione
2601 3284 2961 3340 turbulenta:
3010 3291 3064 3339 et
3122 3300 3247 3337 eum
3310 3284 3420 3353 lupi

1838 3380 2056 3433 Arabici
2102 3388 2320 3444 essent,
2368 3379 2505 3447 pelle
2534 3379 2719 3433 ovium
2765 3394 2824 3432 se
2869 3377 3269 3431 simulaverunt
3301 3392 3426 3430 esse

1839 3471 2060 3524 indutos
2114 3486 2128 3523 :
2189 3480 2249 3523 et.
2301 3470 2534 3525 veritate
2590 3469 2915 3538 parvipensa
2974 3467 3421 3540 [dt-fraudata],

1838 3561 2185 3615 mendacium
2222 3560 2614 3629 arripueruut'
2646 3577 2658 3612 :
2714 3560 2806 3613 sed
2843 3574 2944 3612 ova
2978 3560 3229 3627 aspitlum
3262 3572 3403 3627 rupe

1834 3662 1983 3714 runt,
2016 3662 2071 3707 et
2097 3654 2256 3706 telam
2287 3667 2503 3707 araneae
2532 3652 2833 3707 secundum
2872 3653 3198 3721 prophetam
3236 3661 3426 3703 texue-

1828 3754 1974 3808 runt,
2028 3752 2091 3799 et
2134 3746 2228 3813 qui
2279 3753 2629 3799 comesturus
2671 3753 2776 3807 cst,
2822 3758 2985 3797 ovum
3063 3757 3255 3795 eorum
3294 3755 3429 3795 cOn-

1836 3848 2040 3904 terens,
2091 3840 2412 3894 calefactum
2463 3838 2791 3911 [putridum]
2849 3838 3110 3902 inveniet,
3165 3847 3217 3891 et
3271 3838 3324 3888 in
3363 3849 3431 3889 eo

1821 3936 2075 4003 regulum
2119 3949 2241 3989 esse
2274 3949 2485 3989 veneno
2518 3944 2574 3989 et
2618 3934 2815 4005 spiritu
2863 3934 3148 3987 mortifero
3180 3934 3425 4002 plenum.

1913 4024 1978 4078 Et
2009 4025 2137 4093 quia
2173 4025 2287 4078 hace
2323 4024 2397 4078 ita
2432 4025 2844 4091 disposuerunt,
2873 4033 2928 4079 et
2956 4026 3239 4078 veritatem
3273 4040 3427 4077 men—

1839 4115 2055 4170 dacium
2091 4117 2311 4185 deparit
2333 4155 2347 4180 ,
2391 4132 2500 4171 non
2532 4116 2861 4179 indulsistis,
2888 4116 3316 4171 mansuetissimi
3347 4128 3425 4170 at-

1840 4217 1948 4271 que
2022 4201 2307 4257 fortissimi
2368 4205 2733 4272 imperatores
2800 4205 3024 4268 nostri,
3088 4205 3430 4273 temporibus

1841 4297 2041 4349 vestris
2078 4310 2402 4366 permanere
2439 4309 2549 4351 tam
2588 4297 2931 4365 pestilentem
2968 4308 3023 4350 ct
3059 4298 3274 4351 animus
3306 4314 3429 4350 cor-

1848 4400 2189 4456 rumpeutem
2222 4403 2506 4453 errorem;
2555 4390 2649 4443 sed
2693 4390 2841 4443 hunc
2873 4406 3005 4443 aura
3038 4390 3212 4443 divini
3258 4391 3432 4457 Spiri-

1846 4488 1933 4533 tus
1963 4480 2056 4546 qui
2089 4480 2142 4532 in
2177 4481 2334 4534 vobis
2373 4481 2603 4545 habitat,
2635 4482 3008 4535 exterminare
3043 4484 3385 4550 procurastis
3417 4500 3429 4533 :

1848 4578 2120 4639 quatenus
2176 4572 2388 4626 stabilis
2442 4581 2765 4641 permaneat
2822 4572 3079 4628 Ecclesia:
3140 4584 3317 4628 enatus
3380 4582 3435 4626 ct

1850 4672 2177 4717 cunctorum
2227 4663 2574 4718 subditorum
2608 4665 2829 4718 collatio
2869 4664 3232 4738 [collectio],
3271 4677 3436 4735 atque

1851 4753 2140 4823 imperium
2188 4764 2431 4809 vestrum
2483 4756 2788 4810 secundum
2835 4773 3140 4827 cognomen
3188 4769 3431 4813 vestrum

1853 4844 2080 4914 paciﬁcc
2141 4846 2434 4917 dirigatur.
2501 4844 2614 4900 Nec
2671 4847 2959 4902 tolerabile
3019 4848 3101 4901 vel
3163 4849 3435 4917 portabilc

1848 4938 2107 4999 duxistis,
2137 4956 2248 5007 quo
2277 4940 2456 4994 minus
2488 4956 2658 4993 unum
2705 4938 2840 5010 [σι’.
2874 4949 2931 4992 ttt
2972 4938 3025 4992 in
3060 4939 3433 5009 aliisquidetu

1853 5044 2023 5083 unum
2049 5068 2063 5092 ,
2099 5028 2252 5101 etc.]
2294 5031 2664 5094 sentiremus,
2711 5038 2766 5083 et
2806 5030 2861 5083 in
2896 5030 3131 5097 itlipsunt
3168 5032 3433 5083 conveni-

1857 5136 2073 5185 remus,
2105 5133 2159 5175 ct
2187 5138 2315 5193 erga
2351 5124 2477 5177 vita:
2508 5132 2712 5176 nostra:
2740 5124 3044 5191 capitulum
3070 5162 3085 5186 ,
3122 5123 3171 5175 id
3206 5132 3292 5177 est
3335 5140 3427 5191 pa-

1855 5227 1974 5267 cem
2011 5210 2380 5266 Ecclesiarum
2406 5253 2421 5275 ,
2464 5228 2627 5267 nemo
2658 5228 2724 5266 ex
2767 5213 2971 5265 nostris
3003 5228 3061 5265 se
3102 5213 3435 5268 tlisciuderet

1854 5314 1908 5357 et
1934 5304 2277 5358 abscindcrct
2302 5301 2433 5374 [Gn
2464 5303 2607 5357 Eccl.
2632 5314 2817 5357 essent
2842 5304 2982 5357 inter
3006 5320 3106 5356 nos
3129 5304 3357 5356 dissidia
3382 5306 3393 5374 Ῑ
3423 5322 3434 5369 ;

1857 5408 1981 5447 cum
2014 5395 2266 5448 Christus
2296 5398 2366 5448 sit
2394 5405 2557 5463 caput
2584 5405 2858 5459 nostrum,
2891 5382 2990 5448 nos
3022 5406 3205 5447 autem
3239 5410 3439 5448 consc-

1859 5497 2089 5554 tlllClllCl'
2133 5490 2379 5539 membra
2418 5496 2471 5539 Cl
2518 5503 2687 5539 111111111
2735 5502 2935 5555 εοννυδ
2982 5502 3075 5554 ρει·
3132 5500 3333 5540 11111111ἐ2
3377 5504 3425 5541 3t

1861 5586 2025 5639 unius
2056 5586 2334 5653 opinionis
2371 5585 2553 5637 tidem.
2605 5585 2832 5650 Propter
2878 5586 3021 5652 quod
3068 5603 3282 5637 sacram
3338 5602 3429 5637 no.

1858 5686 2027 5731 stram
2076 5687 2130 5734 et
2174 5679 2493 5746 populosam
2527 5678 2846 5747 cottgrtrgat'i
2882 5680 3123 5747 iussistis
3164 5690 3436 5733 catenati.
