4092 6438
142 392 271 460 1437

1558 396 1959 459 ΕΡΙΞΤΟΚΑΕ.

3231 390 3366 457 1438

136 512 243 571 τοῖς
264 508 575 573 ἀποστόλοις
597 508 762 563 αὐτοῦ
791 510 1110 579 ἐμφυσήσας
1132 510 1234 580 ἔφη
1255 525 1268 539 ·
1296 530 1314 562 ι
1348 512 1585 582 Εἰρήνην
1609 512 1703 580 τὴν

1812 512 1967 566 stolis
1989 511 2103 566 suis
2131 510 2411 565 iusull‘lans
2437 508 2550 563 ait:
2595 528 2614 559 ι
2654 504 2848 562 Pacem
2882 522 3057 562 meam
3092 507 3163 561 do
3186 509 3372 568 vobis.

137 600 270 670 ἐμήν
303 600 492 669 δίδωμι
520 601 669 671 ὐμῖν,
705 600 931 671 εἰρήνην
956 602 1059 670 τὴν
1100 601 1237 672 ἐμὴν
1276 603 1477 672 ἀφίημι
1498 604 1645 673 ὑμῖν.
1676 624 1693 653 ι

141 690 402 743 Τοΰνικεν
428 690 953 761 διαμαρτυρόμενος·
989 693 1124 745 πᾶσι
1155 694 1287 762 ήμῖν
1331 695 1360 745 ό
1426 693 1700 763 ἀρπαγεὶς

136 784 214 843 είς
234 782 415 853 τρίτον
435 781 681 853 οὐρανὸν,
710 782 805 835 καὶ
838 784 916 846 είς
930 785 1019 836 τὸν
1051 784 1379 852 παράδεισον
1411 782 1693 845 εἰσελθὼν,

136 879 228 929 καὶ
261 876 499 940 ἀκούσας
527 876 741 948 ἄρῤητα
801 878 1044 948 ῥήματα,
1080 877 1299 938 Παῦλος
1327 877 1357 928 ό
1394 876 1537 937 θεῖος
1566 875 1700 927 άπόο

138 964 318 1026 στολος
347 965 662 1033 ἀπεφήνατο
702 963 869 1016 είπιῖιν
892 980 907 993 ο
945 982 962 1015 ι
1004 964 1235 1033 Χριστός
1275 966 1424 1016 ἐστιν
1449 966 1482 1033 ή
1510 966 1697 1034 εἰρήνη

137 1053 311 1120 ἡμῶν,
340 1055 368 1105 ό
404 1056 641 1122 ποιήσας
677 1042 753 1107 ’τά
781 1055 1070 1123 ἀμφότερα
1101 1054 1302 1118 ἓν,-καὶ
1357 1054 1417 1106 τὸ
1453 1055 1700 1122 μεσότοι-

137 1161 229 1211 χον
253 1143 347 1196 τοῦ
384 1143 637 1213 φραγμοῦ
668 1143 948 1208 διαλύσας,
974 1146 1072 1214 τὴν
1092 1144 1291 1215 ἐχθρὰν
1319 1146 1378 1196 ἐν
1405 1148 1469 1215 τῇ
1533 1144 1699 1214 σαρκὶ
1737 1214 1744 1218 _

136 1227 319 1282 αὐτοῦ.
363 1248 383 1279 ι
419 1230 527 1281 Καὶ
551 1225 707 1291 αὖθις
739 1230 1189 1285 Θεσσαλονικεῦσι
1234 1234 1459 1302 γράφων
1484 1250 1697 1301 παραγ-

136 1320 314 1387 γέλλει
341 1336 355 1351 ⁸
397 1339 417 1372 ι
451 1322 597 1390 ἰΑρα
625 1318 739 1384 οὖν,
774 1322 1012 1391 ἀδελφοὶ,
1042 1325 1291 1392 στήκετε,
1326 1327 1420 1377 καὶ
1447 1327 1698 1395 κρατεῖτε

136 1413 236 1472 τὰς
267 1412 616 1480 παραδόσεις,
668 1412 735 1475 ἃς
757 1413 1072 1483 ἐδιδάχθητε
1107 1414 1217 1467 εἴτε
1268 1415 1356 1469 διά
1407 1416 1586 1483 λόγου,
1619 1417 1700 1469 εῖ-

134 1517 194 1552 τε
227 1501 293 1553 δι’
347 1502 637 1570 ἐπιστολῆς
662 1503 836 1572 ήμῶν.
880 1522 898 1554 ι
968 1504 1106 1555 Ἀλλ’
1136 1504 1322 1573 ἐπειδὴ
1384 1506 1412 1557 ό
1457 1506 1697 1575 ἀρχέκα-

138 1609 231 1654 κος
256 1592 449 1662 ἐχθρὸς
478 1593 726 1656 διάϐολος
780 1595 840 1646 οὐ
892 1594 1149 1647 κατέλιπε
1196 1594 1336 1647 κατά
1410 1597 1737 1664 διαφόρους.

136 1685 364 1754 καιροὺς
395 1683 1050 1755 τὴν-ἐποικοδομηθεῖσαν
1080 1686 1174 1738 ἐπὶ
1204 1686 1283 1755 τῷ
1319 1686 1556 1755 θεμελίῳ
1591 1686 1697 1738 τῶν

135 1770 448 1822 ἀποστόλων
469 1772 559 1823 καὶ
587 1774 885 1843 προφητῶν
931 1774 1259 1844 Ἐκκλησίαν
1278 1775 1488 1827 κατὰτὸ
1509 1775 1698 1828 δοκοῦν

134 1858 282 1929 αὐτῷ
309 1859 602 1929 διασχίζειν
631 1879 689 1914 τε
717 1864 810 1915 καὶ
848 1864 1220 1935 διαρῤήσσειν,
1253 1867 1443 1919 ἐαυτὸν
1478 1886 1698 1937 παρεισ-

135 1950 317 2020 φέρων
330 1950 418 2004 διά
434 1969 593 2005 τινων
615 1952 763 2023 αὐτῷ
778 1954 1289 2010 ἐπακολουθούντων
1306 1957 1513 2028 ἀνδρῶν
1535 1974 1701 2028 πονη-

137 2040 366 2108 ρῶν,καὶ
384 2041 598 2105 ζιζάνια
620 2046 961 2115 ἐπισπείρειν
977 2049 1035 2099 ἐν
1053 2048 1225 2120 ταύτῃ
1241 2052 1306 2119 τῇ
1321 2049 1699 2122 γεωργηθείσῃ

140 2134 244 2184 ὑπὸ
262 2132 368 2185 τῶν
394 2134 709 2202 σαλπίγγων
724 2136 815 2189 τοῦ
837 2138 972 2191 Πνεύ
981 2155 1146 2207 ματος
1175 2140 1346 2206 ἁγίων
1362 2141 1697 2194 ἀποστόλων

135 2224 299 2278 αὐτοὶ
325 2225 434 2296 γάρ
458 2225 686 2296 δύναμιν
704 2228 762 2294 ἐξ
784 2229 954 2298 ὐψους
975 2230 1251 2294 λαϐόντες,
1274 2231 1477 2301 ταύτην
1505 2236 1569 2303 τῇ
1603 2234 1699 2286 αὐ-

135 2314 261 2366 λακι
284 2314 383 2383 τῆς
406 2317 683 2386 ἐνεργείας
706 2318 1148 2388 ἀροτριάσαντες,
1173 2319 1379 2388 τροφήν
1397 2319 1541 2389 ζωῆς
1569 2321 1701 2371 αἰω-

136 2402 249 2453 vim)
278 2403 570 2456 κατέλιπον
600 2405 899 2474 δρέπεσθαι
928 2408 1039 2469 τοῖς
1055 2407 1124 2460 δι’
1143 2407 1325 2460 αὐτῶν
1354 2408 1704 2460 πιστεύσασι·

137 2493 344 2547 τούτων
402 2496 500 2565 τὴν
544 2496 808 2566 θεηγόρον
859 2497 1209 2551 διδασκαλίαν
1244 2498 1492 2563 λαϐόντες
1525 2500 1575 2552 οί
1602 2518 1701 2553 κα-

137 2584 205 2637 τά
236 2587 458 2656 καιροτις
485 2587 687 2656 ταύτης
728 2588 985 2657 ποιμένες
1013 2591 1108 2643 καὶ
1143 2591 1381 2659 φύλακες
1419 2591 1562 2660 ἅγιοι
1592 2592 1701 2646 Πα-

137 2674 294 2743 τέρες
323 2676 502 2745 ήμῶν,
530 2677 596 2728 τά
634 2678 733 2746 μὲν
762 2679 997 2743 ζιζάνια,
1028 2679 1147 2749 ήτοι
1185 2682 1422 2751 αἱρέσεις
1466 2683 1559 2735 καὶ
1580 2701 1699 2736 και-

139 2766 391 2835 νοτομίας
418 2770 899 2839 παρεισκριθείσας
933 2771 1026 2823 καὶ
1060 2772 1471 2840 ἐπεισαχθείσας
1527 2774 1699 2847 πρόρο

139 2854 288 2923 ριζον
314 2854 592 2925 ἐξέτεμον,
644 2857 738 2909 καὶ
766 2858 858 2909 τὸν
884 2858 1093 2928 άμητδν
1125 2857 1366 2927 καθαρὸν
1395 2861 1461 2927 τῇ
1491 2858 1699 2928 ἀρούρῃ.

136 2943 485 3013 διετήρησαν.
530 2944 591 2996 'H
619 2941 713 2997 οὖν
746 2945 991 3015 ὑμετέρα
1057 2946 1496 3016 ἀρχιεροπρεπὴς
1547 2945 1702 2999 ἀδελ-

139 3036 274 3106 φική
305 3036 582 3107 ἀγιωσύνη
632 3038 842 3100 τούτοις
874 3038 1183 3106 όμιλήσασα
1232 3038 1321 3090 διὰ
1366 3036 1473 3089 τῶν
1524 3039 1702 3092 αὐτῶν

137 3126 417 3196 θεηγόρων
449 3127 828 3192 διδασκαλιῶν,
866 3129 960 3181 καὶ
988 3129 1118 3196 παρ’
1144 3127 1324 3180 αὐτῶν
1354 3128 1589 3180 λαϐοῦσα
1610 3128 1699 3181 τὸν

138 3218 235 3285 τῆς
270 3217 529 3287 ἀληθείας
552 3217 732 3285 λόγον,
768 3220 866 3279 τὰς
922 3219 1042 3271 νυνὶ
1096 3218 1429 3281 ἀκανθώδεις
1474 3218 1701 3287 βλαστη-

140 3308 313 3369 σάσας
350 3307 598 3375 βοτάνας,
626 3312 692 3380 τῇ
721 3311 828 3361 τῶν
852 3310 1187 3363 πιστοτάτων
1223 3310 1316 3363 καὶ
1350 3310 1702 3380 εἰρηνοποιῶν

138 3397 404 3464 βασιλέων
434 3397 591 3466 ήμῶν
614 3399 919 3468 συμφωνῶν
950 3398 1196 3469 ἀληθείᾳ,
1234 3398 1442 3452 ἐκτῖλαι
1500 3402 1567 3469 τῇ
1601 3417 1702 3469 μα-

137 3487 304 3556 χαίρᾳ
334 3487 429 3539 τοῦ
470 3487 777 3555 πνεύματος
807 3489 1090 3553 ἔσπευσεν,
1141 3490 1508 3543 ἀποστείλασα
1562 3491 1702 3542 κατά

137 3579 235 3646 τήν
261 3578 417 3647 ἡμῶν
457 3580 760 3647 γραφεῖσαν
793 3580 929 3650 αὐτῇ
981 3581 1217 3651 αἴτησιν,
1254 3580 1391 3650 πρὸς
1432 3581 1495 3633 τὸ
1547 3582 1704 3648 γενέ-

138 3669 266 3721 σθαι
295 3668 677 3737 οἱκουμενικὴν
708 3669 944 3733 σύνοδον,
1000 3671 1329 3740 ὁμωνύμους
1381 3671 1580 3740 ἄνδρας
1625 3670 1703 3739 τῷ

138 3761 451 3843 πρωτάρχῳ
476 3759 586 3811 τῶν
612 3761 924 3812 ἀποστόλων
973 3761 1185 3831 Πέτρῳ.
1239 3758 1340 3814 Ὧν
1401 3777 1702 3831 παραγενο-

141 3852 343 3919 μένων,
375 3851 427 3903 οῖ
454 3866 512 3903 τε
546 3850 790 3913 εὐσεϐεῖς
844 3852 939 3904 καὶ
968 3852 1325 3921 γαληνότατοι
1356 3852 1513 3923 ήμῶν
1547 3852 1703 3922 βασι-

138 3942 251 4004 λεῖς
284 3941 507 4003 τούτους
538 3941 779 4011 εὐμενῶς
811 3942 1118 4010 δεξάμενοι.
1152 3943 1287 4014 πρὸς
1313 3946 1457 4013 ἡμᾶς
1490 3945 1703 3997 ἐκέλευ-

136 4048 200 4083 ον
253 4031 587 4098 πέμπεσθαι,
618 4031 685 4086 δι’
716 4031 898 4083 αὐτῶν
921 4031 1226 4101 δεξαμένων
1248 4033 1404 4103 ήμῶν
1432 4034 1499 4085 τά
1527 4035 1705 4104 γράμ-

141 4136 293 4189 ματα
333 4120 362 4171 ὐ
373 4120 505 4188 μῶν.
541 4121 648 4171 Καὶ
677 4120 1037 4190 ὁμιλήσαντες
1057 4122 1239 4184 αὐτοῖς
1263 4122 1332 4174 τά
1361 4125 1703 4192 προσήκοντα

140 4209 663 4278 προσεκαλεσάμεθα
700 4211 945 4273 καὶτοὺς
975 4208 1052 4263 ἐκ
1086 4211 1186 4280 τῆς
1240 4213 1503 4280 ἀνατολῆς
1566 4214 1704 4282 ίερο-

140 4302 374 4369 πρεπεῖς
400 4300 619 4368 ἄνδρας,
683 4299 934 4370 Ἰωάννην
968 4303 1065 4353 καὶ
1128 4302 1328 4371 Θωμᾶν
1385 4301 1545 4369 λόγου
1610 4304 1704 4355 καὶ

1802 615 1989 670 pacem
2030 614 2203 653 meam
2235 599 2484 666 relinquo
2514 598 2668 653 vobis
2701 596 2774 649 υ.
2813 616 2831 647 ι
2864 596 3038 667 Cujus
3076 596 3151 651 rei
3197 600 3370 668 gratia

1800 698 2112 746 contestans
2141 689 2396 744 omnibus
2430 689 2585 742 nobis
2612 687 2704 742 ille
2722 686 2815 757 qui
2850 684 3036 756 raptus
3063 688 3119 741 in
3150 688 3367 742 tertium

1801 781 2020 843 caelum,
2048 790 2103 835 et
2148 782 2202 835 in
2237 777 2551 849 paradisum
2587 778 2871 847 ingressus
2904 777 3114 831 audivit
3168 793 3367 832 arcana

1801 873 1982 937 verba,
2037 871 2241 926 Paulus
2297 871 2507 925 scilicet
2565 869 2785 924 divinus
2826 867 3105 938 apostolus
3136 872 3370 923 asseruit

1799 962 2024 1017 dicens:
2067 980 2086 1013 ι
2124 960 2381 1015 Christus
2408 969 2493 1014 est
2528 976 2629 1030 pax
2670 969 2879 1023 nostra,
2911 960 3002 1029 qui
3035 959 3164 1014 fecit
3215 971 3367 1013 utra-

1798 1068 1905 1119 que
1930 1066 2095 1105 unum
2129 1069 2143 1117 ;
2175 1059 2228 1105 et
2262 1050 2497 1104 medium
2539 1051 2801 1117 parietem
2844 1049 3099 1103 macerias
3168 1050 3363 1104 dissol-

1800 1158 1931 1196 vens
1961 1140 2257 1213 [dissolvit]
2295 1142 2337 1174 ¹⁶
2371 1158 2385 1203 ;
2418 1140 2765 1194 inimicitiam
2820 1140 2874 1193 in
2907 1153 3073 1193 carne
3106 1155 3203 1193 sua
3235 1141 3311 1195 ".
3344 1159 3364 1190 ι

1802 1234 1867 1286 Et
1925 1248 2120 1288 rursus
2191 1232 2777 1286 Thessalonicensibus
2852 1232 3171 1300 praecipiens
3247 1234 3365 1285 ait:

1804 1342 1822 1373 ι
1858 1321 2064 1391 Itaque,
2096 1320 2317 1383 fratres,
2372 1330 2535 1383 state,
2594 1333 2648 1374 et
2673 1328 2852 1374 tenete
2883 1321 3203 1375 traditiones
3230 1336 3368 1390 quas

1798 1411 2063 1465 didicistis
2097 1410 2209 1465 sive
2231 1416 2328 1479 per
2352 1423 2681 1471 sermonem,
2705 1408 2818 1461 sive
2837 1423 2930 1476 per
2956 1409 3242 1476 epistolam
3264 1422 3363 1461 no-

1798 1508 1965 1555 stram
1991 1500 2033 1530 ¹⁸
2058 1539 2071 1552 .
2103 1517 2122 1550 ι
2165 1497 2268 1551 Sed
2296 1497 2552 1563 quoniam
2582 1497 2839 1550 inimicus
2856 1496 2945 1564 qui
2974 1495 3043 1549 ab
3081 1495 3238 1550 initio
3271 1512 3368 1550 ne—

1797 1607 1959 1658 quam
1991 1589 2359 1648 estdiabolus,
2395 1587 2721 1642 nondimisit
2751 1602 2849 1656 per
2884 1588 3096 1641 diversa
3124 1595 3366 1657 tempora

1796 1681 2115 1737 mditicatam
2135 1693 2297 1747 supra
2329 1677 2745 1731 fundamentum
2774 1679 3140 1745 apostolorum
3158 1688 3211 1731 et
3241 1694 3366 1746 pro-

1800 1774 2081 1843 phetarum
2098 1767 2742 1831 Ecclesiam,-secundum
2770 1768 2917 1837 quod
2940 1767 3043 1822 sibi
3072 1763 3246 1821 visum
3260 1779 3362 1831 est,

1800 1861 2107 1916 discindere
2129 1869 2296 1929 atque
2349 1857 2717 1927 disrumpere,
2777 1865 2950 1912 semet
2987 1855 3231 1912 inferens
3271 1872 3368 1926 per

1799 1950 2061 2016 quosdam
2120 1962 2179 2001 se
2224 1952 2516 2014 sequentes
2570 1946 2720 1999 viros
2784 1946 2995 2010 malos;
3053 1955 3110 2000 et
3154 1946 3363 2000 zizania

1799 2036 2234 2105 supersemiuare
2268 2035 2321 2088 in
2357 2035 2583 2102 regione
2609 2034 2731 2099 hac,
2760 2050 2880 2105 qua:
2909 2036 3057 2089 culta
3092 2044 3179 2091 est
3217 2050 3247 2089 a
3275 2045 3365 2089 tu-

1798 2130 1880 2184 bis
1915 2127 2174 2196 Spiritus,
2204 2126 2467 2195 apostolis
2514 2125 2723 2181 scilicet
2767 2127 2973 2181 sanctis
3007 2143 3021 2179 :
3076 2126 3178 2195 ipsi
3213 2128 3359 2180 enim

1801 2223 1995 2275 virtute
2020 2235 2083 2275 ex
2125 2220 2235 2273 alto
2263 2229 2504 2288 accepta,
2543 2229 2598 2273 et
2657 2218 2758 2273 liae
2785 2219 2985 2272 divinae
3034 2218 3205 2277 sulcis
3233 2231 3363 2285 ope-

1798 2311 2029 2365 rationis
2067 2310 2370 2380 proscissa,
2401 2324 2586 2363 escam
2616 2317 2833 2363 aeternae
2862 2310 2986 2363 vitro
3018 2309 3365 2376 reliquerunt

1801 2403 1885 2456 bis
1912 2402 2007 2472 qui
2033 2417 2127 2471 per
2148 2388 2297 2471 ipsos
2327 2401 2702 2465 crediderunt,
2753 2401 3079 2470 carpendam
3114 2418 3128 2453 :
3170 2402 3361 2453 horum

1799 2492 2102 2562 deiloquam
2143 2492 2443 2546 doctrinam
2488 2494 2662 2547 sancti
2692 2504 2871 2562 patres
2912 2492 3108 2545 nostri.
3137 2492 3229 2560 qui
3263 2492 3364 2545 Int-

1794 2583 1885 2652 jus
1934 2593 2184 2651 pastores
2212 2593 2264 2635 et
2306 2580 2565 2635 custodes
2619 2594 2714 2649 per
2765 2580 2977 2648 singula
3029 2579 3178 2633 fuere
3226 2591 3367 2634 tem-

1799 2688 1964 2741 pora,
2016 2671 2400 2740 suscipientes,
2464 2670 2699 2731 zizania,
2756 2670 2807 2724 id
2870 2682 2955 2725 est
3022 2672 3257 2726 haereses
3314 2680 3370 2725 et

1802 2764 2076 2817 novitates
2104 2763 2385 2817 addititias
2439 2760 2772 2833 [subreptas]
2818 2771 2978 2831 atque
3031 2763 3369 2817 introductas

1804 2855 2065 2908 radicitus
2117 2853 2488 2917 exciderunt;
2541 2860 2597 2907 et
2636 2867 2873 2906 messem
2930 2854 3186 2907 mundam
3238 2869 3370 2907 arvo

1803 2954 2281 3001 conservaverunt.
2327 2943 2517 2998 Vestra
2561 2958 2691 3013 ergo
2748 2943 2989 2997 fraterna
3047 2955 3101 2998 et
3154 2960 3370 2999 summo

1804 3035 2081 3104 pontificio
2097 3035 2353 3089 decorata
2385 3034 2652 3089 sanctitas
2682 3048 2808 3087 cum
2846 3035 2930 3089 his
2955 3050 3052 3103 per
3084 3035 3370 3104 deiloquas

1806 3142 1934 3181 suas
1988 3125 2267 3181 doctrinas
2319 3124 2727 3201 quodammodo
2778 3128 3163 3188 sermocinala,
3194 3135 3241 3179 et
3302 3128 3370 3179 ab

1802 3218 1880 3273 eis
1905 3226 2128 3288 accepto
2165 3218 2411 3272 veritatis
2469 3217 2657 3281 verbo,
2694 3216 2949 3284 spinosas
2996 3218 3194 3270 herbas
3250 3234 3373 3284 qua:

1801 3325 1946 3364 nunc
1983 3309 2447 3378 germinaverunt,
2484 3306 2924 3361 ﬁdelissimorum
2949 3314 3005 3360 et
3023 3308 3370 3374 pacificorum

1803 3404 2191 3471 imperatormn
2223 3399 2433 3453 veritati
2453 3398 2819 3464 coneordans,
2845 3390 3075 3453 evellere
3096 3398 3371 3453 machazra

1802 3495 2025 3563 spiritus
2051 3492 2352 3555 festinavit,
2385 3496 2610 3545 mittens
2632 3491 2936 3545 secundum
2976 3492 3238 3560 scriptam
3266 3490 3370 3544 sibi

1802 3587 2117 3655 petitionem
2150 3594 2417 3645 nostram,
2470 3583 2538 3635 ad
2572 3581 2939 3636 universalem
2993 3582 3260 3651 synodum
3291 3579 3372 3633 fa-

1803 3678 2045 3732 ciendam
2076 3675 2387 3744 mquivocos
2445 3672 2593 3725 viros
2647 3673 2913 3742 principis
2997 3672 3370 3741 apostolorum

1802 3768 1966 3823 Petri.
2010 3767 2219 3833 Quibus
2251 3764 2690 3824 advenientibus,
2722 3763 2794 3831 pii
2832 3771 2889 3817 et
2938 3761 3372 3830 tranquillissimi

1804 3852 2159 3927 imperatores
2187 3854 2355 3909 nostri
2388 3869 2484 3907 eos
2522 3853 2756 3922 benigne
2784 3851 3164 3918 suscipientes.
3189 3849 3253 3901 ad
3275 3863 3375 3901 nos

1803 3949 2062 4018 iubebant
2082 3927 2244 4009 mitti,
2273 3960 2366 4015 per
2394 3959 2489 3999 eos
2518 3944 2734 3996 litteras
2757 3949 2968 3995 vestras
3012 3941 3169 3993 nobis
3199 3938 3376 3992 susci-

1808 4041 2097 4110 pientibus.
2132 4038 2197 4092 Et
2244 4037 2409 4091 locuti
2449 4018 2573 4089 eum
2627 4035 2735 4087 illis
2765 4047 2887 4101 qme
2950 4030 3372 4095 conveniebant,

1805 4130 2191 4185 advocavimus
2217 4138 2272 4183 et
2307 4142 2403 4181 eos
2432 4127 2523 4195 qui
2554 4125 2623 4179 ab
2658 4124 2881 4179 Oriente
2900 4129 3163 4176 venerant
3190 4135 3375 4174 sacer-

1806 4222 1954 4276 dotio
1974 4220 2259 4274 decoratos
2295 4218 2477 4289 viros,
2509 4214 2773 4270 Joannem
2809 4220 2864 4265 et
2896 4209 3186 4272 Thomam,
3226 4209 3376 4263 verbi

1807 4323 1859 4367 et
1881 4312 2121 4367 scientia:
2154 4308 2472 4379 participes,
2498 4316 2665 4375 atque
2695 4303 2998 4359 reverentia
3029 4309 3083 4355 et
3107 4300 3374 4355 modestia

140 4389 398 4456 γνώσεως
429 4392 778 4459 μετέχοντας,
824 4392 918 4467 καί
944 4391 1201 4462 εὐλαϐείᾳ.
1261 4394 1358 4445 καὶ
1409 4395 1703 4463 σεμνότητι

1811 4412 2170 4473 perornatos:
2229 4401 2455 4454 aderant
2510 4396 2777 4452 enimbic
2822 4405 2877 4450 et
2917 4396 3019 4462 ipsi
3076 4408 3171 4461 per
3232 4393 3375 4445 idem

142 4481 595 4549 κεκοσμημένοις
623 4498 636 4510 ·
673 4481 927 4551 παρῆσαν
972 4482 1080 4551 γάρ
1110 4483 1343 4536 ἐνταῦθα
1401 4484 1545 4536 κατὰ
1610 4486 1703 4538 τὸν

1815 4505 2027 4564 tempus
2058 4491 2458 4562 pervenientes.
2500 4486 2689 4556 Itaque
2736 4484 3081 4555 congregatis
3121 4483 3380 4536 onmibns

142 4573 311 4624 αὐτὸν
345 4572 534 4641 καιρὸν
560 4572 653 4625 καὶ
684 4573 838 4625 αὐτοὶ
883 4573 1223 4643 ἐληλυθότες.
1285 4578 1395 4629 Καὶ
1447 4576 1514 4647 δὴ
1581 4594 1703 4629 συν-

1812 4590 1920 4643 Deo
1950 4585 2276 4639 amabilibus
2305 4581 2581 4651 episcopis
2614 4579 2777 4648 ltujus
2806 4577 3126 4637 dimceseos,
3151 4590 3244 4644 per
3274 4588 3380 4625 nu-

144 4664 547 4733 αθροισθέντων
581 4667 795 4718 πάντων
827 4667 936 4717 τῶν
964 4658 1233 4735 θεοφιλῶν
1263 4669 1583 4722 ἐπισκόπων
1613 4671 1703 4738 τῆς

1806 4687 1920 4734 tum
1954 4687 2009 4733 et
2054 4677 2298 4730 divinum
2352 4672 2529 4726 zelum
2589 4670 3026 4724 fidelissimorum
3056 4677 3109 4721 et
3165 4666 3380 4735 piorum

144 4752 381 4805 ἐνταῦθα
408 4752 727 4822 διοικήσεως
773 4757 892 4806 κατ’
926 4757 1201 4809 ἑπίνευσιν
1238 4762 1333 4810 xat
1368 4758 1513 4810 θεῖον
1547 4759 1703 4828 ζῆλον

1809 4771 2224 4839 imperatorum,
2260 4766 2436 4818 sessio
2471 4763 2664 4834 synodi
2702 4762 2841 4816 facta
2872 4772 2977 4816 est.
3024 4760 3139 4813 Sed
3159 4758 3379 4827 quidam

144 4844 257 4895 τῶν
295 4848 631 4897 πιστοτάτων
682 4848 777 4898 καὶ
805 4847 1043 4898 εὐσεϐῶν
1074 4846 1339 4917 βασιλέων
1376 4850 1552 4920 ἡμῶν,
1576 4853 1703 4905 καθ-

1810 4877 1873 4913 ex
1899 4858 2197 4913 iusensatis
2233 4856 2491 4910 sensibus
2520 4855 2674 4916 moti,
2716 4855 3193 4919 turbationemque
3239 4849 3385 4901 intra

147 4937 281 5006 ἐόρα
337 4937 555 4988 συνόδου
581 4940 824 5004 γέγονεν.
872 4939 1032 4991 Ἀλλά
1053 4958 1195 5003 τινες
1227 4942 1284 5008 ἐξ
1315 4944 1568 5013 ἀφρένων
1590 4962 1703 5015 φρε-

1821 4966 1877 5004 se
1908 4949 2192 5011 facientes,
2221 4960 2521 5016 exsurgere
2585 4960 2683 4999 nos
2715 4944 2960 4998 fecerunt
3010 4958 3041 4997 e
3078 4954 3378 4996 consessu:

146 5028 256 5079 νῶν
298 5028 629 5097 κινηθέντες,
660 5030 901 5100 ταραχὴν
952 5034 1009 5083 ἐν
1067 5035 1277 5096 ἑαυτοῖς
1330 5040 1703 5107 ποιησάμενοι,

1821 5050 1874 5093 et
1913 5038 2195 5108 prohibiti,
2246 5052 2392 5090 anno
2446 5037 2558 5089 uno
2594 5036 2746 5090 taciti
2776 5035 3099 5090 mansimus.
3131 5034 3198 5084 At
3254 5045 3382 5084 vero

149 5120 519 5189 ἐξανέστησαν
566 5123 711 5191 ἡμᾶς
735 5122 833 5190 τῆς
885 5123 1152 5192 καθέδρας
1184 5143 1196 5155 ’
1239 5128 1334 5178 καὶ
1362 5128 1703 5193 κωλυθέντες,

1822 5145 1963 5183 anno
1985 5136 2287 5191 transacto,
2320 5141 2513 5180 rursus
2539 5125 2646 5179 Deo
2670 5124 2932 5178 amabiles
2982 5122 3217 5189 episeOpi
3250 5129 3382 5172 con-

147 5203 394 5270 ἐνιαυτὸν
423 5215 517 5265 ’ἐνα
552 5216 728 5286 ἡσυχῆ
752 5218 1117 5287 διεμείναμεν.
1149 5218 1254 5271 Τοῦ
1280 5219 1335 5273 δὲ
1359 5221 1551 5291 χρόνου
1578 5240 1717 5294 παρ·-

148 5304 422 5367 ελθόντος.
471 5302 627 5365 αὖθις
684 5308 735 5359 oi
777 5307 1046 5375 θεοφιλεῖς
1077 5310 1365 5364 ἐπίσκοποι
1426 5313 1715 5383 συναθροί-

151 5397 342 5459 ζεσθαι
375 5402 430 5450 ἐν
457 5401 523 5467 τῇ
559 5397 805 5451 Νικαέων
827 5400 1055 5472 λαμπρᾷ
1089 5403 1424 5473 μητροπόλει
1450 5406 1549 5474 τῆς
1569 5405 1717 5458 Βιθυ-

153 5488 263 5539 νῶν
300 5490 567 5559 ἐπαρχίας
601 5492 749 5561 παρά
782 5493 891 5543 τῶν
943 5494 1187 5545 εὐσεϐῶν
1242 5495 1507 5564 βασιλέων
1561 5498 1715 5567 ήμῶν

153 5580 489 5634 ἐκελεύοντο.
519 5582 627 5632 Καὶ
661 5582 722 5652 δὴ
758 5585 914 5652 ἡμεῖς
948 5586 1310 5654 συνεκδήμους
1342 5589 1472 5656 ἡμῖν
1527 5588 1713 5640 λαϐόν-

229 5762 453 5819 “Joan.
494 5782 601 5830 xn',
626 5766 715 5819 27.
792 5770 835 5796 ’⁸
869 5766 911 5818 ll
935 5769 1059 5821 Cor.
1108 5786 1201 5830 xtl,
1231 5769 1344 5823 2-4.

1428 5775 1467 5800 ν’
1495 5773 1685 5840 Ephes.
1722 5789 1779 5835 ιι,
1826 5772 1904 5825 li.

1821 5219 2030 5289 gregari
2056 5220 2111 5272 in
2159 5218 2519 5272 Nicmensium
2562 5218 2707 5271 clara
2741 5215 3023 5284 metropoli
3069 5211 3385 5281 Bithynicu-

1824 5314 1963 5366 sium
1996 5311 2292 5380 provincia:
2317 5326 2345 5363 a
2378 5310 2481 5379 piis
2517 5309 2942 5377 imperatoribus
2997 5303 3197 5358 nostris
3240 5304 3378 5370 jussi

1824 5416 1968 5459 sunt.
2006 5403 2286 5473 Siquidem
2339 5414 2392 5456 et
2425 5402 2793 5466 noscomites
2844 5397 2998 5451 nobis
3054 5394 3382 5449 aseiseemes

1825 5498 1934 5551 Deo
1957 5497 2218 5549 amabiles
2250 5496 2399 5548 viros
2427 5504 2481 5546 et
2513 5495 2619 5548 loci
2644 5500 2951 5545 servatores
2980 5496 3207 5545 vestros,
3226 5484 3382 5537 siml-

1821 5590 1940 5641 liter
1972 5600 2021 5643 et
2044 5603 2139 5642 eos
2164 5589 2253 5656 qui
2285 5588 2351 5641 de
2379 5586 2597 5641 Oriente
2631 5593 2906 5647 venerant,
2951 5578 3285 5651 perreximus
3315 5572 3381 5628 ad

1986 5772 2023 5801 "
2056 5770 2096 5825 ll
2122 5770 2282 5825 Thes.
2330 5788 2388 5834 Il,
2430 5770 2509 5824 l4.
