4092 6438
132 395 248 462 1441

1556 395 1958 456 EPISTOL/E.

3225 397 3356 464 1442

133 523 244 559 νων.
297 505 582 562 Ἀσειστος
616 504 724 571 γάρ
751 501 867 554 ἔστι
905 501 1000 554 καὶ
1026 502 1470 571 ἀκαταμάχητος,
1497 498 1562 573 ἦς
1585 503 1682 552 πύη

1799 505 1919 557 bus.
1965 501 2265 560 lmmohilis
2291 502 2434 557 enim
2464 512 2548 557 est
2572 512 2622 558 et
2659 503 3089 572 inexpugnabilis
3121 523 3133 557 :
3163 509 3357 562 :tdvero

126 598 206 648 λαι
231 595 354 663 ᾅδου
388 595 477 645 καὶ
505 593 760 654 ἀπιστίας
794 593 855 645 ού
891 592 1218 660 κατισχῦσαί
1256 609 1382 644 ποτε
1418 592 1674 660 δυνήσοντ-

127 704 224 747 ται,
255 686 326 746 ὡς
353 686 416 736 ἐκ
449 685 547 751 τῆς
589 684 873 754 Κυριακῆς
910 685 1091 753 φωνῆς
1124 686 1460 754 ἠκούσαμεν.
1519 703 1536 735 ι
1570 686 1675 738 Καὶ

123 773 402 842 ἐπληρώθη
437 773 609 843 χαρᾶς
640 774 700 826 τὺ
744 775 920 844 στόμα
985 775 1163 844 ἡμῶν,
1215 778 1310 828 καὶ
1367 779 1401 846 ἡ
1459 776 1676 842 γλῶσσα

124 866 268 934 ἡμῶν
293 867 668 932 ἀγαλλιάσεως
700 882 714 897 ο
751 885 768 917 ι
801 868 895 919 καὶ
925 867 1262 935 ἐγενήθημεν
1319 868 1678 936 εὐφραινόμε-

119 973 194 1007 νοι
225 959 372 1026 ἐντῇ
419 953 785 1031 Ἐκκλησίᾳῇ
841 958 1296 1030 προκαθεζόμεθα
1354 958 1496 1010 κατὰ
1543 958 1676 1011 Θεοῦ

121 1045 386 1112 βούλησιν.
430 1049 616 1100 Ταῦτα
657 1046 750 1101 οὖν
812 1050 1093 1116 γεγόνασι,
1153 1047 1392 1117 Χριστοῦ
1439 1048 1534 1100 τοῦ
1588 1049 1680 1100 ἐπὶ

118 1138 327 1188 πάντων
359 1137 516 1205 ἡμῶν
547 1138 680 1191 Θεοῦ
715 1142 1124 1207 εὐδοκήσαντος,
1160 1140 1249 1192 διὰ
1301 1138 1410 1191 τῶν
1465 1141 1680 1210 ὀρθοδό-

117 1225 218 1288 ξων
255 1227 348 1279 καὶ
395 1228 785 1298 ἀνδρειοτάτων
823 1229 978 1298 ἡμῶν
1020 1229 1304 1300 βασιλέων,
1358 1231 1520 1283 Αὐτοὶ
1571 1231 1680 1301 γάρ

113 1318 252 1370 κατὰ
285 1320 486 1382 παντὸς
526 1322 691 1373 τόπου
729 1321 827 1383 τὰς
866 1322 1067 1382 σεπτὰς
1105 1321 1320 1384 εἱκὸνας
1353 1323 1677 1392 ἀνέστησαν,

114 1410 168 1460 ἕν
203 1427 259 1461 τε
294 1411 613 1479 σεδασμίοις
648 1415 818 1473 ναοῖς,
850 1413 943 1464 καὶ
972 1414 1033 1463 ὲν
1059 1414 1176 1474 ταῖς
1201 1412 1393 1472 αὐλαῖς
1444 1413 1552 1465 τῶν
1584 1413 1676 1482 βα-

115 1502 328 1554 σιλείων
380 1503 579 1556 αὐτῶν.
618 1499 712 1567 Οἷς
758 1504 960 1572 Κύριος
1012 1507 1041 1557 ό
1099 1504 1230 1566 Θεὸς
1280 1505 1379 1575 τὴν
1416 1505 1682 1559 ἀντίδοσιν

117 1592 411 1659 παράσχοι,
490 1592 641 1660 ὑψῶν
689 1595 751 1646 τὸ
804 1594 971 1663 κέρας
1021 1595 1118 1661 τῆς
1177 1594 1450 1662 βασιλείας
1503 1595 1683 1648 αὐτῶν

114 1681 250 1748 πρός
279 1697 338 1732 τε
388 1683 610 1753 εἱρήνην
636 1684 746 1735 τῶν
782 1685 1114 1754 Ἐκκλησιῶν
1159 1686 1344 1750 αὐτοῦ,
1382 1690 1476 1740 καὶ
1511 1704 1684 1756 σωτη-

115 1772 238 1837 ρίαν
271 1773 486 1825 πάντων
541 1778 573 1843 ἠ
585 1775 698 1841 μῶν
722 1775 830 1827 τῶν
859 1775 1222 1845 Χριστιανῶν.
1276 1779 1372 1847 Εἱη
1399 1778 1462 1830 τὸ
1511 1778 1679 1848 ὄνομα

112 1861 277 1913 αὑτοῦ
328 1865 690 1934 εύλογημένον
745 1869 827 1930 εἰς
863 1869 986 1929 τοὺς
1027 1867 1232 1931 αἰῶνας
1269 1869 1378 1922 τῶν
1440 1870 1678 1924 αἰώνων.

127 1955 321 2021 Ἀμήν.

844 2042 920 2096 I".

118 2127 201 2193 Τῷ
232 2132 300 2182 τὰ
329 2131 525 2207 πὰῖτα
572 2133 870 2200 ἁγιωτάτῳ
904 2136 1005 2189 καὶ
1032 2137 1459 2204 μακαριωτάτη)
1502 2138 1679 2193 ἀδελ-

182 2219 274 2287 φῷ
306 2222 405 2273 καὶ
439 2226 908 2293 συλλειτουρτῷ,
955 2227 1138 2295 κυρίῳ
1187 2228 1462 2294 Ἀδριανῷ
1512 2231 1683 2296 mima

186 2313 297 2378 τῆς
319 2316 731 2382 πρεσϐυτέρας
787 2315 1033 2384 Ῥώμης,
1093 2319 1381 2385 Ταράσιος
1435 2323 1684 2386 ἀνάξιος

179 2403 518 2527 ἐπὲσκοπος
594 2410 1294 2474 Κωνσταντινουπόλεως
1348 2411 1418 2462 ἐν
1493 2414 1687 2477 Κυρίῳ

181 2488 256 2527 10
288 2489 438 2527 οειν.

180 2488 438 2538 χαίρειν.

186 2560 520 2628 Πολυμερῶς
581 2561 671 2614 καὶ
723 2562 1092 2632 πολυτρόπως,
1121 2564 1511 2631 εὐαγγελικῶς,
1548 2567 1682 2618 ἀπο-

112 2652 377 2715 στολικιῖς
428 2672 486 2704 τε
515 2656 606 2706 καὶ
643 2655 922 2725 πατρικῶς
950 2656 1319 2726 διδασκόμεθα
1378 2658 1681 2726 ἀφιλάργυ-

113 2762 212 2814 ρον
258 2749 458 2816 τρόπον
489 2747 632 2814 ἐχειν
656 2751 713 2798 ὲν
739 2749 807 2814 τῇ
838 2747 936 2814 τῆς
962 2748 1262 2816 ἱερωσύνης
1294 2749 1567 2816 άγιστείᾳ,
1592 2749 1686 2799 καὶ

114 2836 195 2903 μὴ
231 2835 586 2904 χρυσὶςεσθαι
641 2836 674 2907 ἢ
730 2837 1124 2907 ἁργυρὶζεσθαι
1184 2839 1216 2907 ἢ
1278 2837 1685 2909 σφετερίζεσθαι

111 2924 210 2974 ἐπὶ
252 2924 556 2992 χειροτονίᾳ
583 2923 782 2986 παντὸς
818 2923 1092 2994 ἱερατικοῦ
1130 2924 1344 2992 ἀνδρὸς,
1370 2925 1446 2999 ᾡς
1471 2923 1683 2974 ὑποδεί-

112 3014 279 3082 ξομεν
318 3014 375 3065 ὲν
402 3016 522 3076 ταῖς
553 3013 1133 3082 καθυποτεταγμέναις
1167 3015 1426 3084 χρήσεσιν
1468 3014 1574 3066 ἀπό
1626 3029 1685 3065 τε

1788 611 1882 646 sus
1909 595 2064 661 cujus
2090 595 2250 648 iidem
2290 601 2460 663 pulta:
2488 593 2648 646 inferi
2675 601 2728 644 et
2772 593 3104 648 inﬁdelitatis
3149 611 3356 664 praeva-

1781 685 1888 736 lere
1919 699 2022 737 non
2057 693 2334 750 poterum,
2369 684 2510 737 sicut
2556 699 2620 736 ex
2670 682 2950 736 Dominica
2999 699 3131 737 vote
3192 686 3344 737 audi-

1779 776 1957 826 vimus
2010 776 2054 804 ‘°
2092 815 2104 826 .
2189 794 2205 824 ι
2235 774 2300 826 Ει
2327 773 2586 841 repletum
2635 783 2716 826 est
2751 774 2947 840 gaudio
2987 789 3050 828 os
3086 785 3359 839 nostrum,

1779 876 1831 917 et
1861 865 2040 931 lingua
2096 875 2275 917 nostra
2314 866 2677 917 exsultatione
2731 865 2812 916 “:
2853 884 2870 914 ι
2909 874 2962 918 ιι
2989 865 3116 917 fat-ti
3167 882 3360 919 sumus

1781 956 2021 1008 [;etautes
2069 956 2122 1007 in
2187 955 2452 1016 Ecclesia,
2515 956 2603 1008 cui
2648 955 3006 1022 prtesidemus
3048 959 3352 1010 secundum

1785 1047 1873 1100 Dei
1924 1048 2274 1099 voluntatem.
2331 1045 2454 1100 llzec
2503 1047 2686 1114 itaque
2737 1048 2875 1099 facta
2924 1056 3051 1098 sunt
3107 1047 3354 1111 Christo,

1780 1138 1870 1203 qui
1900 1151 2065 1203 super
2098 1139 2280 1191 omnia
2307 1137 2450 1190 Deus
2477 1150 2662 1190 nos:er
2720 1145 2824 1199 est,
2851 1137 3086 1198 volente,
3123 1153 3218 1205 per
3269 1151 3359 1189 or-

1781 1227 2050 1281 thodoxos
2083 1236 2137 1280 et
2189 1227 2519 1281 fortissimos
2566 1227 2926 1294 imperatores
2963 1237 3198 1280 nostros.
3248 1228 3357 1293 Ipsi

1780 1317 1925 1367 enim
1953 1316 2004 1367 in
2033 1316 2183 1369 omni
2207 1316 2328 1368 loco
2355 1316 2690 1368 venerabiles
2743 1317 3008 1382 imagines
3039 1330 3356 1377 erexerunt,

1783 1417 1889 1459 tam
1916 1407 2118 1460 srilicel
2165 1407 2218 1459 in
2277 1407 2649 1460 celeberrimis
2685 1406 2923 1473 templis,
2976 1422 3138 1472 quant
3179 1409 3231 1458 in
3273 1423 3358 1459 re-

1783 1497 1993 1567 galibus
2025 1496 2237 1566 palatiis
2267 1498 2406 1551 suis.
2456 1498 2666 1563 Quibus
2689 1498 2950 1551 Dominus
2987 1496 3356 1550 Densxicissi-

1784 1588 2025 1640 tmliuem
2064 1588 2289 1650 tribuat,
2321 1589 2568 1642 exaltans
2615 1604 2782 1642 cornu
2816 1590 2965 1656 regni
3001 1604 3188 1640 eorum
3247 1600 3354 1641 tam

1783 1679 1847 1732 ad
1888 1692 2078 1747 pacem
2109 1678 2477 1733 Eeclesiarum
2511 1694 2756 1740 suarum,
2793 1694 2956 1746 quam
3020 1679 3084 1729 ad
3126 1680 3356 1732 salutem

1783 1770 2027 1822 omnium
2059 1769 2516 1825 Christianorum.
2560 1768 2624 1822 Et
2679 1769 2750 1822 sit
2805 1785 3002 1822 nomen
3038 1770 3158 1837 ejus
3193 1769 3358 1823 bene-

1712 1835 1752 1888 Β
1783 1856 1993 1911 dictum
2017 1858 2070 1910 in
2097 1859 2294 1912 saecula
2329 1859 2676 1912 seculorum.
2714 1863 2905 1912 Amen.

1785 2121 1886 2175 Per
1909 2124 2087 2175 omnia
2117 2124 2453 2176 sanctissimo
2481 2135 2528 2177 et
2578 2125 2879 2178 beatissimo
2939 2127 3099 2193 fratri
3126 2136 3172 2179 et
3215 2143 3357 2180 com-

1855 2215 2098 2265 ministro
2155 2214 2393 2266 Adriano
2438 2231 2589 2282 papa:
2627 2215 2848 2268 senioris
2878 2213 3057 2269 Roma:
3101 2215 3357 2270 Tarasins

1854 2303 2102 2370 indignus
2132 2306 2403 2373 episcopus
2432 2304 2958 2372 Constantinopoleos
2993 2324 3138 2361 nova:
3181 2307 3356 2363 Romae

1854 2395 1906 2445 in
1938 2393 2163 2447 Domino
2195 2395 2420 2448 salutem
2446 2396 2546 2464 (3).

1856 2570 2150 2625 Multifarie
2183 2571 2477 2642 multisque
2524 2574 2722 2639 modis,
2756 2577 3066 2644 evangehce
3113 2577 3275 2630 simul
3304 2587 3359 2630 et

1784 2663 2084 2731 a’postolice
2117 2674 2277 2732 atque
2301 2673 2524 2732 paterne
2553 2667 2817 2721 docemur
2848 2670 2965 2722 sine
3002 2671 3228 2723 avaritia
3260 2673 3357 2724 ha-

1785 2753 1911 2807 bere
1960 2768 2140 2807 mores
2185 2753 2240 2806 in
2284 2755 2576 2808 sacerdotii
2626 2757 3084 2822 sanctiﬁcatione,
3143 2772 3196 2815 et
3247 2779 3354 2816 non

1784 2861 2000 2910 aurum,
2034 2861 2142 2899 non
2193 2857 2499 2916 argentum,
2527 2856 2622 2900 aut
2673 2848 2875 2918 aliquid
2919 2851 3064 2904 aliud
3092 2866 3358 2921 usurpare

1785 2952 1947 3005 super
1977 2952 2176 2992 manus
2199 2938 2548 3006 impositione
2571 2941 2755 2993 omnis
2779 2943 2975 2994 sacrati
3003 2944 3128 3005 viri,
3157 2959 3354 3011 quem-

1783 3027 2076 3079 admodum
2137 3027 2493 3083 ostendemus
2541 3030 2593 3082 in
2629 3031 2895 3085 ordinatis
2941 3034 3166 3089 inferius
3200 3013 3354 3090 t‘esti-

108 3103 400 3172 γραφικῶν
430 3103 730 3173 θεηγοριῶν
762 3091 857 3156 καὶ
907 3101 1190 3176 πατρικῶν
1220 3101 1596 3155 διδασκαλιῶν.
1623 3104 1685 3154 Οἱ

110 3195 220 3216 --L-
256 3193 584 3216 l_-_-n.'-._-A
618 3195 711 3216 _l_-
744 3196 928 3216 -__,___
979 3193 1239 3216 .'._--1_._-
1291 3192 1379 3216 _-...
1439 3192 1656 3216 "-.-.'..-_

1790 3119 2008 3182 moniis,
2045 3128 2152 3172 tam
2206 3134 2268 3172 ex
2325 3121 2625 3189 Scriptura:
2678 3121 2878 3177 divina:
2933 3126 3353 3187 assertionibus,

109 3195 224 3264 γὰρ
253 3193 584 3255 ἐπιτιθέντες
615 3195 711 3257 τάς
744 3196 950 3263 χεῖρας,
979 3193 1244 3262 ὑπηρέται
1288 3192 1382 3245 τοῦ
1439 3192 1688 3261 Πνεύμα-

105 3285 205 3346 τός
244 3287 414 3346 εἰσιν,
452 3284 572 3352 οὐχὶ
609 3286 814 3352 πράται
843 3285 934 3336 τοῦ
962 3285 1296 3354 Πνεύματος.
1325 3283 1543 3354 Δωρεάν
1578 3284 1686 3354 γὰρ

107 3374 370 3436 λαδόντες
415 3375 514 3444 τὴν
548 3375 710 3444 χάριν
741 3373 837 3428 τοῦ
869 3376 1207 3443 Πνεύματος,
1269 3375 1477 3443 δωρεάν
1542 3375 1683 3427 δίδο-

107 3467 240 3520 σθαι
257 3470 366 3528 τοῖς
390 3466 709 3537 παράύτῶν
732 3466 1240 3536 μεταλαμϐάνουσιν
1256 3467 1601 3535 ἀπεφήναντο
1621 3470 1684 3520 ἐκ

104 3559 212 3628 τῆς
243 3557 510 3627 κυριακῆς
542 3557 724 3625 φωνῆς
763 3556 970 3628 ταύτην
997 3557 1097 3626 τὴν
1156 3558 1571 3629 ἐλευθεριότητα
1604 3561 1682 3609 εἱ-

105 3648 366 3717 ληφότες.
409 3649 470 3700 Εἱ
509 3648 566 3700 δέ
589 3665 672 3710 τις
706 3647 990 3719 ἐλεγχθείη
1043 3647 1255 3718 χρυσίῳ
1288 3649 1490 3719 ταύτην
1539 3651 1682 3718 ὡνη-

107 3740 374 3807 σάμενος,
434 3741 826 3808 ἀποκήρυκτον
881 3739 1256 3810 διαγορεύουσι
1310 3740 1400 3793 τὸν
1447 3740 1683 3793 τοιοῦτον

99 3833 211 3901 τῆς
243 3832 521 3901 ἱερατικῆς
537 3830 741 3895 τάξεως
761 3821 994 3903 [ἆξίας].
1024 3833 1084 3884 Εἰ
1106 3833 1212 3902 γὰρ
1234 3833 1329 3885 καί
1350 3833 1683 3903 ὀνόματιτῂν

107 3922 422 3990 ἱερωσύνην
447 3920 612 3990 κεκλή
620 3940 813 3992 ρωται,
841 3923 955 3975 ἀλλ’
983 3918 1078 3976 οὖν
1103 3923 1444 3992 διαψεύδεται
1475 3927 1502 3976 ὁ
1527 3924 1682 3990 λόγος

102 4015 208 4064 ἐπὶ
233 4011 312 4081 τῷ
340 4012 644 4082 πράγματι.
681 4013 868 4076 οὐδεὶς
887 4013 995 4084 γάρ
1027 4014 1144 4084 Θεῷ
1172 4014 1437 4068 δουλεύειν
1465 4015 1685 4068 δύναται

101 4104 209 4154 καὶ
247 4104 548 4172 μαμμωνᾷ,
585 4102 661 4165 ὼς
696 4104 1070 4172 εὐαγγελικῶς
1099 4106 1393 4174 ἐμάθομεν.
1419 4106 1529 4158 Καὶ
1564 4107 1684 4157 ἐπεὶ

95 4187 428 4260 ἠκούσαμεν
467 4190 817 4259 προφητικῶς
835 4191 928 4244 τοῦ
961 4192 1093 4244 Θεοῦ
1130 4191 1379 4260 βοῶντος,
1410 4212 1428 4244 ι
1475 4193 1682 4261 Ἱερεῖς⁹

100 4281 385 4347 λαλήσατε
423 4283 502 4343 είς
527 4282 625 4350 τὴν
667 4283 893 4352 καρδίαν
933 4282 1295 4352 Ἰερουσαλήμ
1328 4298 1341 4312 ⁸
1389 4303 1407 4332 ›
1447 4281 1602 4344 αὖθίς
1625 4301 1682 4336 τε

98 4369 540 4432 ἐπαπειλοῦντος
579 4371 672 4421 καὶ
701 4369 951 4436 λέγοντος
974 4387 988 4400 ·
1027 4390 1046 4421 ι
1094 4371 1153 4424 Ὀ
1179 4373 1381 4434 σκοπὸς
1433 4372 1528 4424 ἐὰν
1601 4372 1694 4442 ἴδῃ

1789 3224 1953 3277 quam
1979 3224 2045 3262 ex
2084 3210 2326 3278 paternis
2357 3211 2689 3279 magisteriis
2712 3216 3031 3283 assumptis.
3076 3215 3178 3281 Qui
3205 3218 3360 3270 enim

1786 3313 1981 3352 manus
2011 3299 2316 3367 imponunt,
2353 3301 2588 3355 ministri
2611 3313 2736 3357 sunt
2781 3303 3040 3372 Spiritus,
3075 3323 3185 3361 non
3223 3325 3355 3362 ven-

1785 3386 1993 3438 ditores
2015 3386 2288 3452 Spiritus;
2314 3389 2482 3455 gratis
2514 3389 2716 3458 quippe
2745 3391 3080 3460 accipientes
3112 3397 3348 3464 gratiam

1787 3477 2049 3546 Spiritus,
2077 3478 2246 3547 gratis
2272 3478 2355 3532 his
2375 3480 2466 3548 qui
2500 3495 2530 3533 a
2571 3497 2630 3535 se
2659 3483 2988 3551 percipiunt,
3041 3485 3175 3539 dare
3213 3503 3356 3556 prae-

1783 3569 2083 3637 cipiuntur,
2117 3585 2183 3624 ex
2216 3569 2499 3625 Dominica
2545 3587 2672 3626 voce
2713 3575 2854 3629 hanc
2890 3576 3198 3632 libertatem
3232 3579 3354 3649 [Gn

1786 3659 2197 3732 liberalitatem]
2226 3662 2425 3731 adepti.
2462 3660 2517 3716 Si
2543 3664 2666 3732 quis
2695 3675 2873 3718 autem
2892 3670 3172 3723 convictus
3197 3669 3360 3726 fuerit

1783 3753 2017 3822 pecunia
2045 3754 2185 3807 hanc
2209 3753 2535 3819 obtinuisse,
2563 3754 2836 3821 abiectum
2904 3757 3019 3813 fore
3053 3760 3122 3814 ab
3167 3763 3359 3818 ordine

1784 3852 1976 3897 sancto
2035 3844 2383 3912 promulgant
2432 3843 2793 3913 hujusmodi:
2850 3857 2906 3901 et
2959 3848 3088 3902 licet
3135 3852 3359 3904 nomine

1784 3931 2154 3985 sacerdotium
2183 3933 2471 3994 sortiatur,
2508 3931 2599 3985 sed
2645 3931 2853 3987 fallitur
2902 3949 3082 3989 sermo
3105 3937 3158 3990 in
3191 3953 3357 3992 causa

1785 4020 1865 4093 [in
1899 4020 2006 4093 re].
2036 4019 2206 4076 Nemo
2263 4022 2408 4076 enim
2461 4023 2666 4077 servire
2693 4035 2874 4092 potest
2924 4024 3036 4080 Deo
3095 4036 3148 4081 et
3184 4044 3360 4083 mam-

1785 4131 1982 4180 monae,
2010 4117 2151 4170 sicut
2177 4131 2243 4169 ex
2272 4114 2565 4186 Evangelio
2593 4116 2886 4173 didicimus
2918 4121 2964 4152 "
2995 4160 3009 4173 .
3045 4120 3181 4185 Quia
3230 4139 3362 4177 \et'tl

1784 4207 2096 4275 pr0phetice
2128 4207 2436 4262 audivimus
2458 4208 2570 4262 Deo
2607 4209 2914 4264 clamante:
2958 4230 2976 4262 ι
3005 4208 3358 4280 Sacerdotes,

1785 4299 2071 4369 loquimini
2119 4300 2187 4354 ad
2215 4315 2310 4354 cor
2353 4299 2654 4354 Jerusalem
2682 4302 2728 4332 ”
2758 4319 2771 4364 ;
2803 4321 2821 4351 ι
2858 4317 3162 4370 rursusque
3210 4321 3360 4358 com-

1785 4390 2029 4444 minante
2055 4399 2220 4458 atque
2247 4391 2496 4444 dicente:
2533 4411 2551 4442 ι
2587 4391 2908 4460 Speculator
2940 4394 2984 4446 si
3014 4395 3208 4448 viderit
3239 4396 3358 4464 gla-

97 4462 213 4528 τὴν
270 4460 550 4528 ῥομφαίαν
591 4461 914 4530 ἐρχομένην,
946 4461 1038 4514 καὶ
1073 4461 1146 4531 μὴ
1194 4464 1411 4535 σημάνῃ
1442 4465 1507 4531 τῇ
1561 4463 1685 4514 σάλ-

1787 4478 1936 4531 dium
1967 4478 2295 4541 venientem,
2324 4487 2376 4531 et
2409 4481 2837 4534 noninsouuerit
2869 4480 3020 4544 tuba,
3041 4492 3093 4534 et
3126 4460 3356 4550 populus

99 4566 299 4616 ττιγγι,
333 4551 424 4601 καὶ
453 4551 481 4600 ὁ
509 4551 634 4613 λαὸς
669 4552 743 4621 μὴ
784 4552 1103 4620 φυλάξηται.
1131 4553 1223 4604 καὶ
1251 4552 1525 4620 ὲλθοῦσαή
1551 4555 1686 4622 ῥομ-

98 4640 251 4706 φαία
300 4640 439 4711 λάϐῃ
471 4641 529 4703 ἐξ
574 4641 751 4692 αὐτῶν
790 4642 992 4711 ψυχὴν,
1035 4644 1096 4693 τὸ
1142 4636 1280 4711 αἷμα
1313 4644 1377 4693 ὲκ
1421 4642 1521 4710 τῆς
1573 4661 1684 4711 χει-

98 4731 207 4800 ρὸς
241 4729 334 4780 τοῦ
371 4729 575 4781 σκοποῦ
613 4729 921 4800 ὲκξητήσω·
965 4749 981 4781 ι
1007 4731 1167 4798 φόῦον
1194 4731 1286 4783 τοῦ
1319 4733 1418 4799 τῆς
1479 4735 1689 4802 σιωπῆς

98 4820 533 4888 κατακρίματος
601 4820 1008 4890 ἀναγγέλλομεν
1063 4825 1174 4885 τοῖς
1235 4822 1514 4892 προέδροις
1556 4825 1688 4875 πᾶσι

95 4912 222 4962 τῶν
277 4910 399 4962 καθ’
432 4913 578 4980 ἡμᾶς
618 4906 990 4980 Ἐκκλησιῶν,
1047 4912 1130 4963 ἱνα
1194 4913 1332 4980 μετά
1381 4914 1688 4984 παρρησίας

98 5002 262 5055 κατά
289 5001 384 5054 τὸν
411 5001 554 5053 θεῖον
590 5002 910 5054 ’Δπόστολον
946 5002 1187 5071 εἴπωμεν
1210 5018 1224 5030 ·
1256 5002 1498 5073 Καθαροί
1526 5006 1690 5072 ἐσμεν

94 5096 223 5148 ἀπὸ
270 5096 364 5146 τοῦ
401 5095 629 5162 αἵματος
676 5094 784 5145 τῶν
819 5092 1378 5160 παραδαινόντωντάς
1401 5095 1690 5156 κανονικάς

91 5189 405 5252 διατάξεις,
441 5189 533 5238 καὶ
570 5187 773 5252 πάνυγε
812 5185 1011 5255 μᾶλλον
1041 5185 1150 5236 τῶν
1203 5187 1293 5236 ἐπὶ
1346 5187 1620 5254 χρήμασιν
1654 5185 1686 5254 ἢ

95 5276 614 5346 χειροτονησάντων
677 5275 708 5341 ἦ
765 5273 1273 5342 χειροτονηθέντων,
1333 5274 1539 5344 Πέτρου
1591 5271 1684 5324 τοῦ

91 5375 262 5421 υείου
289 5367 611 5427 ἀποστόλου,
656 5359 714 5416 οὗ
748 5366 839 5416 καὶ
873 5366 968 5433 τὴν
1010 5365 1275 5433 καθέδραν
1334 5363 1679 5433 ἐκληρώσατο

91 5463 132 5528 ἡ
186 5458 459 5528 ἀδελφικὴ
504 5459 654 5527 ὑμῶν
686 5458 926 5524 άγιότης,
961 5457 1034 5517 ὼς
1089 5456 1306 5523 Σίμωνα
1349 5454 1440 5505 τὸν
1488 5456 1675 5520 Μάγον

179 5571 227 5600 ⁸ο
257 5570 446 5621 Matth.
489 5586 596 5632 xw,
629 5570 710 5622 13.
786 5571 828 5600 ¹¹
856 5567 997 5622 Psal.
1029 5585 1188 5628 cxxv,
1229 5569 1281 5620 5.
1360 5569 1404 5597 "
1438 5566 1625 5620 Matth.
1667 5585 1737 5631 \‘l,
1773 5569 1862 5621 2i.

91 5658 128 5694 Σ
147 5657 202 5702 tt,
241 5642 335 5700 ‘26,
373 5641 460 5692 27.

1788 4579 1846 4616 se
1873 4577 1980 4615 non
2013 4564 2332 4616 custodierit
2363 4572 2456 4626 ;et
2495 4565 2716 4619 veniens
2743 4566 2957 4633 gladius
2989 4571 3259 4635 acceperit
3288 4583 3354 4622 ex

1785 4653 1866 4706 eis
1899 4652 2159 4714 animam,
2194 4652 2514 4719 sanguinem
2543 4654 2609 4706 de
2658 4669 2826 4708 manu
2863 4655 3225 4724 speculatoris
3273 4673 3357 4710 re-

1787 4741 2000 4811 quiram
2032 4741 2075 4771 “
2097 4779 2112 4792 .
2144 4759 2164 4790 ι
2199 4740 2472 4794 Timorem
2507 4757 2570 4795 ex
2613 4743 2832 4797 silentio
2862 4744 3234 4798 damnationis
3260 4748 3355 4800 de-

1789 4832 2109 4885 nuntiamus
2141 4833 2465 4900 praesulibus
2514 4835 2769 4889 omnibus
2825 4834 3190 4891 Ecelesiarnut
3235 4855 3358 4906 qua)

1788 4924 1930 4992 apud
1961 4939 2062 4977 nos
2087 4933 2230 4985 sunt,
2261 4932 2320 4976 ut
2346 4940 2469 4978 cum
2499 4925 2694 4979 ﬁducia
2761 4929 3060 4981 secundum
3108 4929 3354 4982 dixinum

1790 5017 2104 5080 Apostolum
2137 5015 2183 5046 "
2211 5015 2497 5070 dicamus:
2556 5017 2741 5071 Mundi
2798 5036 2988 5073 sumus
3027 5035 3058 5074 ιι
3090 5023 3358 5089 sanguine

1791 5099 2264 5167 przevaricantium
2305 5101 2598 5156 cauonicas
2627 5102 3036 5170 dispositiones,
3077 5111 3130 5156 et
3183 5106 3358 5156 multo

1790 5189 1963 5258 magis
1983 5205 2173 5242 eorum
2197 5193 2290 5258 qui
2323 5205 2417 5258 per
2448 5193 2706 5258 pecunias
2751 5211 2946 5248 manus
2981 5195 3356 5263 impnsuvrunt

1791 5281 1871 5330 vel
1903 5279 2191 5345 imponunt
2237 5279 2354 5350 [σι’.
2400 5282 2483 5334 vei
2516 5297 2708 5335 manus
2736 5283 3140 5350 impositionem
3200 5302 3337 5338 accc-

1789 5368 2051 5439 perunt];
2094 5369 2252 5422 Petro
2279 5371 2462 5424 divino
2521 5375 2786 5440 apostolo,
2836 5375 2993 5442 cujus
3039 5376 3351 5429 cathedram

1784 5457 1969 5508 sortita
2010 5469 2093 5509 est
2116 5458 2352 5510 fraterna
2401 5460 2660 5512 sanctitas
2691 5467 2891 5522 vestra,
2951 5463 3048 5514 hos
3092 5473 3351 5528 tanquam

2012 5570 2056 5600 ¹³
2093 5569 2192 5622 lsa.
2222 5588 2309 5634 xu,
2341 5570 2393 5623 9.
2492 5571 2536 5602 ⁸⁸
2569 5572 2766 5626 Ezcclt.
2804 5589 2998 5634 χχχιιι,
3029 5573 3084 5630 6.
3164 5575 3207 5604 εδ
3232 5573 3350 5628 Act.

2492 5571 2536 5602 “
2569 5572 2766 5626 Ezcclt.
2804 5589 2998 5637 χχχιιι,
3029 5573 3084 5630 6.

177 5730 262 5798 (5)
308 5729 401 5782 Est
431 5730 482 5781 in
520 5731 655 5781 libro
683 5727 829 5782 Juris
861 5726 1304 5781 Graeco-Romani
1351 5725 1443 5780 Cr.
1487 5737 1536 5781 et
1568 5726 1684 5780 Lat.
1729 5744 1790 5779 ex
1837 5729 1940 5780 alia
1978 5730 2247 5782 versione.
2292 5726 2462 5782 Ηιπο.
