  <div class='ocr_page' id='page_1' title='image "/cluster/home/n/w/nwhite01/storage/ocr_20150623/98/nnc1.0046979697/726.png"; bbox 0 0 4092 6438; ppageno 0'>
   <div class='ocr_carea' id='block_1_1' title="bbox 158 389 277 453">
    <p class='ocr_par' dir='ltr' id='par_1_1' title="bbox 158 389 277 453">
     <span class='ocr_line' id='line_1_1' title="bbox 158 389 277 453; baseline -0.008 0"><span class='ocrx_word' id='word_1_1' title='bbox 158 389 277 453; x_wconf 70' lang='lat' dir='ltr'><strong>1M5</strong></span> 
     </span>
    </p>
   </div>
   <div class='ocr_carea' id='block_1_2' title="bbox 372 498 1463 569">
    <p class='ocr_par' dir='ltr' id='par_1_2' title="bbox 372 498 1463 569">
     <span class='ocr_line' id='line_1_2' title="bbox 372 498 1463 569; baseline -0.001 -14"><span class='ocrx_word' id='word_1_2' title='bbox 372 499 585 555; x_wconf 82' lang='grc' dir='ltr'>Κανὼν</span> <span class='ocrx_word' id='word_1_3' title='bbox 604 499 721 553; x_wconf 83' lang='grc' dir='ltr'><strong>τῶν</strong></span> <span class='ocrx_word' id='word_1_4' title='bbox 744 498 928 569; x_wconf 79' lang='grc' dir='ltr'>ἁγίων</span> <span class='ocrx_word' id='word_1_5' title='bbox 948 501 1311 555; x_wconf 77' lang='grc' dir='ltr'><strong>ἀποστόλων</strong></span> <span class='ocrx_word' id='word_1_6' title='bbox 1352 499 1463 556; x_wconf 62' lang='grc' dir='ltr'>κθ]</span> 
     </span>
    </p>
   </div>
   <div class='ocr_carea' id='block_1_3' title="bbox 215 590 1693 662">
    <p class='ocr_par' dir='ltr' id='par_1_3' title="bbox 215 590 1693 662">
     <span class='ocr_line' id='line_1_3' title="bbox 215 590 1693 662; baseline 0.001 -19"><span class='ocrx_word' id='word_1_7' title='bbox 215 593 271 643; x_wconf 78' lang='grc' dir='ltr'><strong>Εἴ</strong></span> <span class='ocrx_word' id='word_1_8' title='bbox 293 609 369 654; x_wconf 83' lang='grc' dir='ltr'><strong>τις</strong></span> <span class='ocrx_word' id='word_1_9' title='bbox 421 591 717 651; x_wconf 78' lang='grc' dir='ltr'><strong>ἐπίσκοπος</strong></span> <span class='ocrx_word' id='word_1_10' title='bbox 764 590 855 644; x_wconf 85' lang='grc' dir='ltr'>διὰ</span> <span class='ocrx_word' id='word_1_11' title='bbox 904 592 1202 662; x_wconf 83' lang='grc' dir='ltr'>χρημάτων</span> <span class='ocrx_word' id='word_1_12' title='bbox 1248 593 1347 655; x_wconf 79' lang='grc' dir='ltr'>τῆς</span> <span class='ocrx_word' id='word_1_13' title='bbox 1384 594 1537 656; x_wconf 81' lang='grc' dir='ltr'>ἀξίας</span> <span class='ocrx_word' id='word_1_14' title='bbox 1569 593 1693 646; x_wconf 82' lang='grc' dir='ltr'>ταύ-</span> 
     </span>
    </p>
   </div>
   <div class='ocr_carea' id='block_1_4' title="bbox 146 683 1691 755">
    <p class='ocr_par' dir='ltr' id='par_1_4' title="bbox 146 683 1691 755">
     <span class='ocr_line' id='line_1_4' title="bbox 146 683 1691 755; baseline 0.001 -20"><span class='ocrx_word' id='word_1_15' title='bbox 146 700 236 752; x_wconf 85' lang='grc' dir='ltr'><strong>της</strong></span> <span class='ocrx_word' id='word_1_16' title='bbox 281 683 554 753; x_wconf 83' lang='grc' dir='ltr'>ἐγκρατὴς</span> <span class='ocrx_word' id='word_1_17' title='bbox 612 683 858 753; x_wconf 87' lang='grc' dir='ltr'>γένηται,</span> <span class='ocrx_word' id='word_1_18' title='bbox 891 683 924 754; x_wconf 80' lang='grc' dir='ltr'>ἢ</span> <span class='ocrx_word' id='word_1_19' title='bbox 951 684 1346 755; x_wconf 86' lang='grc' dir='ltr'>πρεσϐύτερος,</span> <span class='ocrx_word' id='word_1_20' title='bbox 1370 685 1403 755; x_wconf 82' lang='grc' dir='ltr'>ἢ</span> <span class='ocrx_word' id='word_1_21' title='bbox 1425 685 1691 748; x_wconf 79' lang='grc' dir='ltr'>διάκονος,</span> 
     </span>
    </p>
   </div>
   <div class='ocr_carea' id='block_1_5' title="bbox 145 774 1693 846">
    <p class='ocr_par' dir='ltr' id='par_1_5' title="bbox 145 774 1693 846">
     <span class='ocr_line' id='line_1_5' title="bbox 145 774 1693 846; baseline 0 -19"><span class='ocrx_word' id='word_1_22' title='bbox 145 774 491 844; x_wconf 78' lang='grc' dir='ltr'><strong>καθαιρείσθω</strong></span> <span class='ocrx_word' id='word_1_23' title='bbox 520 774 617 827; x_wconf 70' lang='grc' dir='ltr'>καὶ</span> <span class='ocrx_word' id='word_1_24' title='bbox 649 775 810 836; x_wconf 79' lang='grc' dir='ltr'>αὐτὸς</span> <span class='ocrx_word' id='word_1_25' title='bbox 846 776 940 827; x_wconf 70' lang='grc' dir='ltr'><strong>καὶ</strong></span> <span class='ocrx_word' id='word_1_26' title='bbox 973 777 1001 828; x_wconf 85' lang='grc' dir='ltr'><strong>δ</strong></span> <span class='ocrx_word' id='word_1_27' title='bbox 1031 778 1442 846; x_wconf 83' lang='grc' dir='ltr'><strong>χειροτονήσας·</strong></span> <span class='ocrx_word' id='word_1_28' title='bbox 1486 777 1580 829; x_wconf 76' lang='grc' dir='ltr'><strong>καὶ</strong></span> <span class='ocrx_word' id='word_1_29' title='bbox 1601 778 1693 828; x_wconf 78' lang='grc' dir='ltr'>ἐκ·</span> 
     </span>
    </p>
   </div>
   <div class='ocr_carea' id='block_1_6' title="bbox 143 864 1694 936">
    <p class='ocr_par' dir='ltr' id='par_1_6' title="bbox 143 864 1694 936">
     <span class='ocr_line' id='line_1_6' title="bbox 143 864 1694 936; baseline 0.001 -20"><span class='ocrx_word' id='word_1_30' title='bbox 143 864 406 916; x_wconf 85' lang='grc' dir='ltr'>κοπτέσθω</span> <span class='ocrx_word' id='word_1_31' title='bbox 434 865 752 917; x_wconf 82' lang='grc' dir='ltr'>παντάπασι</span> <span class='ocrx_word' id='word_1_32' title='bbox 801 864 895 916; x_wconf 76' lang='grc' dir='ltr'><strong>καὶ</strong></span> <span class='ocrx_word' id='word_1_33' title='bbox 922 865 1021 934; x_wconf 81' lang='grc' dir='ltr'>τῆς</span> <span class='ocrx_word' id='word_1_34' title='bbox 1067 866 1373 931; x_wconf 73' lang='grc' dir='ltr'><strong>κοινωνίας,</strong></span> <span class='ocrx_word' id='word_1_35' title='bbox 1405 865 1482 929; x_wconf 86' lang='grc' dir='ltr'>ὡς</span> <span class='ocrx_word' id='word_1_36' title='bbox 1511 865 1694 936; x_wconf 87' lang='grc' dir='ltr'>Σίμων</span> 
     </span>
    </p>
   </div>
   <div class='ocr_carea' id='block_1_7' title="bbox 139 954 894 1023">
    <p class='ocr_par' dir='ltr' id='par_1_7' title="bbox 139 954 894 1023">
     <span class='ocr_line' id='line_1_7' title="bbox 139 954 894 1023; baseline 0.004 -17"><span class='ocrx_word' id='word_1_37' title='bbox 139 957 165 1006; x_wconf 83' lang='grc' dir='ltr'><strong>ὁ</strong></span> <span class='ocrx_word' id='word_1_38' title='bbox 194 956 352 1023; x_wconf 79' lang='grc' dir='ltr'>μάγος</span> <span class='ocrx_word' id='word_1_39' title='bbox 386 955 629 1021; x_wconf 80' lang='grc' dir='ltr'>ὑπ’ὲμοῦ</span> <span class='ocrx_word' id='word_1_40' title='bbox 662 954 894 1022; x_wconf 82' lang='grc' dir='ltr'><strong>Πέτρου.</strong></span> 
     </span>
    </p>
   </div>
   <div class='ocr_carea' id='block_1_8' title="bbox 261 1045 1555 1115">
    <p class='ocr_par' dir='ltr' id='par_1_8' title="bbox 261 1045 1555 1115">
     <span class='ocr_line' id='line_1_8' title="bbox 261 1045 1555 1115; baseline 0.007 -20"><span class='ocrx_word' id='word_1_41' title='bbox 261 1047 358 1099; x_wconf 69' lang='grc' dir='ltr'>Ἐκ</span> <span class='ocrx_word' id='word_1_42' title='bbox 390 1045 503 1097; x_wconf 85' lang='grc' dir='ltr'><strong>τῶν</strong></span> <span class='ocrx_word' id='word_1_43' title='bbox 523 1045 808 1111; x_wconf 76' lang='grc' dir='ltr'>Πρὰξεων</span> <span class='ocrx_word' id='word_1_44' title='bbox 829 1045 950 1098; x_wconf 81' lang='grc' dir='ltr'><strong>τῶν</strong></span> <span class='ocrx_word' id='word_1_45' title='bbox 966 1046 1150 1115; x_wconf 77' lang='grc' dir='ltr'>ἁγίων</span> <span class='ocrx_word' id='word_1_46' title='bbox 1176 1047 1555 1104; x_wconf 74' lang='grc' dir='ltr'><strong>ἀποστόλων.</strong></span> 
     </span>
    </p>
   </div>
   <div class='ocr_carea' id='block_1_9' title="bbox 210 1132 1693 1206">
    <p class='ocr_par' dir='ltr' id='par_1_9' title="bbox 210 1132 1693 1206">
     <span class='ocr_line' id='line_1_9' title="bbox 210 1132 1693 1206; baseline 0.007 -23"><span class='ocrx_word' id='word_1_47' title='bbox 210 1152 228 1182; x_wconf 75' lang='grc' dir='ltr'><strong>ι</strong></span> <span class='ocrx_word' id='word_1_48' title='bbox 262 1132 400 1185; x_wconf 81' lang='grc' dir='ltr'>Ἰδὼν</span> <span class='ocrx_word' id='word_1_49' title='bbox 428 1134 485 1185; x_wconf 89' lang='grc' dir='ltr'><strong>δέ</strong></span> <span class='ocrx_word' id='word_1_50' title='bbox 509 1134 537 1184; x_wconf 86' lang='grc' dir='ltr'>ὁ</span> <span class='ocrx_word' id='word_1_51' title='bbox 567 1134 773 1202; x_wconf 86' lang='grc' dir='ltr'>Σίμων,</span> <span class='ocrx_word' id='word_1_52' title='bbox 830 1134 913 1186; x_wconf 82' lang='grc' dir='ltr'>ὅτι</span> <span class='ocrx_word' id='word_1_53' title='bbox 968 1135 1057 1188; x_wconf 84' lang='grc' dir='ltr'>διὰ</span> <span class='ocrx_word' id='word_1_54' title='bbox 1107 1139 1207 1206; x_wconf 79' lang='grc' dir='ltr'>τῆς</span> <span class='ocrx_word' id='word_1_55' title='bbox 1251 1139 1553 1202; x_wconf 86' lang='grc' dir='ltr'>ἐπιθέσεως</span> <span class='ocrx_word' id='word_1_56' title='bbox 1583 1139 1693 1193; x_wconf 82' lang='grc' dir='ltr'>τῶν</span> 
     </span>
    </p>
   </div>
   <div class='ocr_carea' id='block_1_10' title="bbox 141 1223 1691 1300">
    <p class='ocr_par' dir='ltr' id='par_1_10' title="bbox 141 1223 1691 1300">
     <span class='ocr_line' id='line_1_10' title="bbox 141 1223 1691 1300; baseline 0.005 -25"><span class='ocrx_word' id='word_1_57' title='bbox 141 1224 331 1295; x_wconf 82' lang='grc' dir='ltr'>χειρῶν</span> <span class='ocrx_word' id='word_1_58' title='bbox 366 1223 476 1276; x_wconf 85' lang='grc' dir='ltr'>τῶν</span> <span class='ocrx_word' id='word_1_59' title='bbox 524 1225 841 1278; x_wconf 76' lang='grc' dir='ltr'>ἀποστόλων</span> <span class='ocrx_word' id='word_1_60' title='bbox 863 1226 1067 1279; x_wconf 81' lang='grc' dir='ltr'><strong>δίδοται</strong></span> <span class='ocrx_word' id='word_1_61' title='bbox 1093 1227 1155 1278; x_wconf 83' lang='grc' dir='ltr'><strong>τὸ</strong></span> <span class='ocrx_word' id='word_1_62' title='bbox 1175 1228 1400 1298; x_wconf 76' lang='grc' dir='ltr'>Πνεῦμα</span> <span class='ocrx_word' id='word_1_63' title='bbox 1428 1228 1490 1282; x_wconf 81' lang='grc' dir='ltr'>τὸ</span> <span class='ocrx_word' id='word_1_64' title='bbox 1515 1231 1691 1300; x_wconf 68' lang='grc' dir='ltr'>ἅγιον,</span> 
     </span>
    </p>
   </div>
   <div class='ocr_carea' id='block_1_11' title="bbox 137 1315 1696 1387">
    <p class='ocr_par' dir='ltr' id='par_1_11' title="bbox 137 1315 1696 1387">
     <span class='ocr_line' id='line_1_11' title="bbox 137 1315 1696 1387; baseline 0.006 -21"><span class='ocrx_word' id='word_1_65' title='bbox 137 1316 499 1385; x_wconf 78' lang='grc' dir='ltr'>προσήνεγκεν</span> <span class='ocrx_word' id='word_1_66' title='bbox 560 1315 744 1380; x_wconf 83' lang='grc' dir='ltr'>αὐτοῖς</span> <span class='ocrx_word' id='word_1_67' title='bbox 785 1319 1045 1387; x_wconf 83' lang='grc' dir='ltr'>χρήματα</span> <span class='ocrx_word' id='word_1_68' title='bbox 1079 1357 1095 1382; x_wconf 89' lang='grc'><strong>,</strong></span> <span class='ocrx_word' id='word_1_69' title='bbox 1143 1318 1341 1387; x_wconf 85' lang='grc' dir='ltr'>λέγων,</span> <span class='ocrx_word' id='word_1_70' title='bbox 1389 1321 1517 1373; x_wconf 87' lang='grc' dir='ltr'>Δότε</span> <span class='ocrx_word' id='word_1_71' title='bbox 1592 1324 1696 1376; x_wconf 84' lang='grc' dir='ltr'><strong>κά-</strong></span> 
     </span>
    </p>
   </div>
   <div class='ocr_carea' id='block_1_12' title="bbox 136 1405 1694 1478">
    <p class='ocr_par' dir='ltr' id='par_1_12' title="bbox 136 1405 1694 1478">
     <span class='ocr_line' id='line_1_12' title="bbox 136 1405 1694 1478; baseline 0.006 -20"><span class='ocrx_word' id='word_1_72' title='bbox 136 1410 223 1475; x_wconf 82' lang='grc' dir='ltr'><strong>μοὶ</strong></span> <span class='ocrx_word' id='word_1_73' title='bbox 257 1408 351 1477; x_wconf 79' lang='grc' dir='ltr'>τὴν</span> <span class='ocrx_word' id='word_1_74' title='bbox 405 1407 651 1473; x_wconf 75' lang='grc' dir='ltr'>ἐξουσίαν</span> <span class='ocrx_word' id='word_1_75' title='bbox 694 1408 939 1478; x_wconf 86' lang='grc' dir='ltr'>ταύτην,</span> <span class='ocrx_word' id='word_1_76' title='bbox 989 1410 1080 1465; x_wconf 79' lang='grc' dir='ltr'>ἵνα</span> <span class='ocrx_word' id='word_1_77' title='bbox 1129 1405 1176 1478; x_wconf 83' lang='grc' dir='ltr'><strong>ᾧ</strong></span> <span class='ocrx_word' id='word_1_78' title='bbox 1221 1412 1317 1465; x_wconf 83' lang='grc' dir='ltr'>ἐὰν</span> <span class='ocrx_word' id='word_1_79' title='bbox 1371 1413 1546 1467; x_wconf 78' lang='grc' dir='ltr'>ἐπιθῶ</span> <span class='ocrx_word' id='word_1_80' title='bbox 1592 1415 1694 1478; x_wconf 86' lang='grc' dir='ltr'>τὰς</span> 
     </span>
    </p>
   </div>
   <div class='ocr_carea' id='block_1_13' title="bbox 134 1498 1694 1574">
    <p class='ocr_par' dir='ltr' id='par_1_13' title="bbox 134 1498 1694 1574">
     <span class='ocr_line' id='line_1_13' title="bbox 134 1498 1694 1574; baseline 0.008 -27"><span class='ocrx_word' id='word_1_81' title='bbox 134 1500 309 1566; x_wconf 81' lang='grc' dir='ltr'>χεῖρας</span> <span class='ocrx_word' id='word_1_82' title='bbox 337 1539 351 1561; x_wconf 90' lang='grc'><strong>,</strong></span> <span class='ocrx_word' id='word_1_83' title='bbox 411 1498 663 1569; x_wconf 83' lang='grc' dir='ltr'>λαμϐάνῃ</span> <span class='ocrx_word' id='word_1_84' title='bbox 713 1499 937 1569; x_wconf 81' lang='grc' dir='ltr'>Πνεῦμα</span> <span class='ocrx_word' id='word_1_85' title='bbox 986 1503 1162 1570; x_wconf 78' lang='grc' dir='ltr'>ἆγιον.</span> <span class='ocrx_word' id='word_1_86' title='bbox 1221 1504 1429 1574; x_wconf 81' lang='grc' dir='ltr'>Πέτρος</span> <span class='ocrx_word' id='word_1_87' title='bbox 1475 1506 1533 1559; x_wconf 76' lang='grc' dir='ltr'>δὲ</span> <span class='ocrx_word' id='word_1_88' title='bbox 1569 1505 1694 1559; x_wconf 81' lang='grc' dir='ltr'>εἷπε</span> 
     </span>
    </p>
   </div>
   <div class='ocr_carea' id='block_1_14' title="bbox 132 1588 1697 1668">
    <p class='ocr_par' dir='ltr' id='par_1_14' title="bbox 132 1588 1697 1668">
     <span class='ocr_line' id='line_1_14' title="bbox 132 1588 1697 1668; baseline 0.01 -30"><span class='ocrx_word' id='word_1_89' title='bbox 132 1588 263 1655; x_wconf 77' lang='grc' dir='ltr'>πρὸς</span> <span class='ocrx_word' id='word_1_90' title='bbox 290 1588 488 1642; x_wconf 77' lang='grc' dir='ltr'>αὐτόν’</span> <span class='ocrx_word' id='word_1_91' title='bbox 521 1590 593 1642; x_wconf 88' lang='grc' dir='ltr'><strong>Τὸ</strong></span> <span class='ocrx_word' id='word_1_92' title='bbox 619 1591 881 1660; x_wconf 84' lang='grc' dir='ltr'>ἀργύριόν</span> <span class='ocrx_word' id='word_1_93' title='bbox 908 1608 1004 1645; x_wconf 93' lang='grc' dir='ltr'><strong>σου</strong></span> <span class='ocrx_word' id='word_1_94' title='bbox 1060 1596 1157 1648; x_wconf 87' lang='grc' dir='ltr'><strong>σὺν</strong></span> <span class='ocrx_word' id='word_1_95' title='bbox 1194 1597 1278 1649; x_wconf 78' lang='grc' dir='ltr'><strong>σοὶ</strong></span> <span class='ocrx_word' id='word_1_96' title='bbox 1320 1597 1406 1668; x_wconf 84' lang='grc' dir='ltr'><strong>είη</strong></span> <span class='ocrx_word' id='word_1_97' title='bbox 1451 1600 1533 1660; x_wconf 86' lang='grc' dir='ltr'><strong>είς</strong></span> <span class='ocrx_word' id='word_1_98' title='bbox 1592 1600 1697 1652; x_wconf 81' lang='grc' dir='ltr'><strong>ἀπ-</strong></span> 
     </span>
    </p>
   </div>
   <div class='ocr_carea' id='block_1_15' title="bbox 131 1679 1698 1761">
    <p class='ocr_par' dir='ltr' id='par_1_15' title="bbox 131 1679 1698 1761">
     <span class='ocr_line' id='line_1_15' title="bbox 131 1679 1698 1761; baseline 0.009 -32"><span class='ocrx_word' id='word_1_99' title='bbox 131 1679 341 1743; x_wconf 83' lang='grc' dir='ltr'>ώλειαν,</span> <span class='ocrx_word' id='word_1_100' title='bbox 399 1680 482 1732; x_wconf 79' lang='grc' dir='ltr'>ὅτι</span> <span class='ocrx_word' id='word_1_101' title='bbox 509 1681 608 1751; x_wconf 83' lang='grc' dir='ltr'>τὴν</span> <span class='ocrx_word' id='word_1_102' title='bbox 634 1682 842 1751; x_wconf 82' lang='grc' dir='ltr'>δωρεὰν</span> <span class='ocrx_word' id='word_1_103' title='bbox 860 1682 954 1736; x_wconf 81' lang='grc' dir='ltr'>τοῦ</span> <span class='ocrx_word' id='word_1_104' title='bbox 985 1684 1122 1739; x_wconf 85' lang='grc' dir='ltr'><strong>Θεοῦ</strong></span> <span class='ocrx_word' id='word_1_105' title='bbox 1150 1687 1406 1757; x_wconf 73' lang='grc' dir='ltr'>ἐνόμισας</span> <span class='ocrx_word' id='word_1_106' title='bbox 1433 1689 1523 1743; x_wconf 88' lang='grc' dir='ltr'>διὰ</span> <span class='ocrx_word' id='word_1_107' title='bbox 1563 1707 1698 1761; x_wconf 87' lang='grc' dir='ltr'>χρη-</span> 
     </span>
    </p>
   </div>
   <div class='ocr_carea' id='block_1_16' title="bbox 136 1769 1695 1852">
    <p class='ocr_par' dir='ltr' id='par_1_16' title="bbox 136 1769 1695 1852">
     <span class='ocr_line' id='line_1_16' title="bbox 136 1769 1695 1852; baseline 0.01 -33"><span class='ocrx_word' id='word_1_108' title='bbox 136 1769 317 1837; x_wconf 76' lang='grc' dir='ltr'>μάτων</span> <span class='ocrx_word' id='word_1_109' title='bbox 344 1771 597 1825; x_wconf 83' lang='grc' dir='ltr'>κτᾶσθαι.</span> <span class='ocrx_word' id='word_1_110' title='bbox 652 1773 764 1824; x_wconf 82' lang='grc' dir='ltr'>Οὐκ</span> <span class='ocrx_word' id='word_1_111' title='bbox 797 1772 912 1827; x_wconf 86' lang='grc' dir='ltr'>ἔστι</span> <span class='ocrx_word' id='word_1_112' title='bbox 960 1792 1043 1828; x_wconf 90' lang='grc' dir='ltr'><strong>σοι</strong></span> <span class='ocrx_word' id='word_1_113' title='bbox 1092 1776 1275 1847; x_wconf 75' lang='grc' dir='ltr'>μερὶς,</span> <span class='ocrx_word' id='word_1_114' title='bbox 1324 1777 1445 1831; x_wconf 78' lang='grc' dir='ltr'>οὐδὲ</span> <span class='ocrx_word' id='word_1_115' title='bbox 1482 1780 1695 1852; x_wconf 63' lang='grc' dir='ltr'>ικλῆρος</span> 
     </span>
    </p>
   </div>
   <div class='ocr_carea' id='block_1_17' title="bbox 131 1859 1693 1938">
    <p class='ocr_par' dir='ltr' id='par_1_17' title="bbox 131 1859 1693 1938">
     <span class='ocr_line' id='line_1_17' title="bbox 131 1859 1693 1938; baseline 0.012 -28"><span class='ocrx_word' id='word_1_116' title='bbox 131 1861 188 1911; x_wconf 84' lang='grc' dir='ltr'><strong>ἐν</strong></span> <span class='ocrx_word' id='word_1_117' title='bbox 211 1859 289 1929; x_wconf 85' lang='grc' dir='ltr'>τῷ</span> <span class='ocrx_word' id='word_1_118' title='bbox 348 1861 494 1931; x_wconf 85' lang='grc' dir='ltr'>λόγῳ</span> <span class='ocrx_word' id='word_1_119' title='bbox 530 1863 706 1933; x_wconf 86' lang='grc' dir='ltr'>τούτῳ</span> <span class='ocrx_word' id='word_1_120' title='bbox 732 1880 746 1895; x_wconf 92' lang='grc'><strong>·</strong></span> <span class='ocrx_word' id='word_1_121' title='bbox 784 1866 954 1937; x_wconf 81' lang='grc' dir='ltr'>ήγάρ</span> <span class='ocrx_word' id='word_1_122' title='bbox 993 1868 1196 1938; x_wconf 82' lang='grc' dir='ltr'>καρδία</span> <span class='ocrx_word' id='word_1_123' title='bbox 1240 1887 1335 1923; x_wconf 92' lang='grc' dir='ltr'><strong>σου</strong></span> <span class='ocrx_word' id='word_1_124' title='bbox 1391 1873 1493 1926; x_wconf 82' lang='grc' dir='ltr'><strong>οὐκ</strong></span> <span class='ocrx_word' id='word_1_125' title='bbox 1543 1874 1693 1929; x_wconf 80' lang='grc' dir='ltr'>ἔστιν</span> 
     </span>
    </p>
   </div>
   <div class='ocr_carea' id='block_1_18' title="bbox 130 1948 1697 2034">
    <p class='ocr_par' dir='ltr' id='par_1_18' title="bbox 130 1948 1697 2034">
     <span class='ocr_line' id='line_1_18' title="bbox 130 1948 1697 2034; baseline 0.01 -32"><span class='ocrx_word' id='word_1_126' title='bbox 130 1951 307 2003; x_wconf 82' lang='grc' dir='ltr'>εὐθεῖα</span> <span class='ocrx_word' id='word_1_127' title='bbox 329 1952 560 2004; x_wconf 75' lang='grc' dir='ltr'>ἐνώπιον</span> <span class='ocrx_word' id='word_1_128' title='bbox 586 1953 680 2007; x_wconf 83' lang='grc' dir='ltr'>τοῦ</span> <span class='ocrx_word' id='word_1_129' title='bbox 709 1953 869 2010; x_wconf 83' lang='grc' dir='ltr'>Θεοῦ.</span> <span class='ocrx_word' id='word_1_130' title='bbox 917 1948 1272 2031; x_wconf 83' lang='grc' dir='ltr'>Μετανόησον</span> <span class='ocrx_word' id='word_1_131' title='bbox 1312 1958 1406 2016; x_wconf 77' lang='grc' dir='ltr'><strong>οὖν</strong></span> <span class='ocrx_word' id='word_1_132' title='bbox 1460 1964 1567 2017; x_wconf 84' lang='grc' dir='ltr'><strong>ἀπὺ</strong></span> <span class='ocrx_word' id='word_1_133' title='bbox 1595 1964 1697 2034; x_wconf 84' lang='grc' dir='ltr'>τῆς</span> 
     </span>
    </p>
   </div>
   <div class='ocr_carea' id='block_1_19' title="bbox 128 2042 1693 2125">
    <p class='ocr_par' dir='ltr' id='par_1_19' title="bbox 128 2042 1693 2125">
     <span class='ocr_line' id='line_1_19' title="bbox 128 2042 1693 2125; baseline 0.011 -32"><span class='ocrx_word' id='word_1_134' title='bbox 128 2042 320 2105; x_wconf 84' lang='grc' dir='ltr'>κακίας</span> <span class='ocrx_word' id='word_1_135' title='bbox 351 2059 442 2095; x_wconf 88' lang='grc' dir='ltr'><strong>σου</strong></span> <span class='ocrx_word' id='word_1_136' title='bbox 472 2043 699 2115; x_wconf 80' lang='grc' dir='ltr'>ταύτης,</span> <span class='ocrx_word' id='word_1_137' title='bbox 726 2047 820 2098; x_wconf 63' lang='grc' dir='ltr'><strong>καί⁵</strong></span> <span class='ocrx_word' id='word_1_138' title='bbox 843 2047 1067 2119; x_wconf 80' lang='grc' dir='ltr'>δεήθητι</span> <span class='ocrx_word' id='word_1_139' title='bbox 1093 2050 1189 2104; x_wconf 84' lang='grc' dir='ltr'><strong>τοῦ</strong></span> <span class='ocrx_word' id='word_1_140' title='bbox 1226 2051 1461 2122; x_wconf 75' lang='grc' dir='ltr'>Κυρίου,</span> <span class='ocrx_word' id='word_1_141' title='bbox 1503 2055 1551 2106; x_wconf 87' lang='grc' dir='ltr'><strong>εί</strong></span> <span class='ocrx_word' id='word_1_142' title='bbox 1582 2056 1693 2125; x_wconf 79' lang='grc' dir='ltr'>ἄρα</span> 
     </span>
    </p>
   </div>
   <div class='ocr_carea' id='block_1_20' title="bbox 127 2133 1695 2212">
    <p class='ocr_par' dir='ltr' id='par_1_20' title="bbox 127 2133 1695 2212">
     <span class='ocr_line' id='line_1_20' title="bbox 127 2133 1695 2212; baseline 0.01 -28"><span class='ocrx_word' id='word_1_143' title='bbox 127 2133 456 2203; x_wconf 69' lang='grc' dir='ltr'>ἀφεθήσεταί</span> <span class='ocrx_word' id='word_1_144' title='bbox 500 2151 581 2187; x_wconf 88' lang='grc' dir='ltr'><strong>σοι</strong></span> <span class='ocrx_word' id='word_1_145' title='bbox 640 2137 928 2205; x_wconf 84' lang='grc' dir='ltr'>ήέπίνοια</span> <span class='ocrx_word' id='word_1_146' title='bbox 974 2139 1077 2209; x_wconf 84' lang='grc' dir='ltr'>τῆς</span> <span class='ocrx_word' id='word_1_147' title='bbox 1134 2143 1363 2212; x_wconf 84' lang='grc' dir='ltr'>καρδίας</span> <span class='ocrx_word' id='word_1_148' title='bbox 1422 2161 1537 2198; x_wconf 87' lang='grc' dir='ltr'>σου.</span> <span class='ocrx_word' id='word_1_149' title='bbox 1598 2145 1695 2210; x_wconf 70' lang='lat' dir='ltr'><strong>El;</strong></span> 
     </span>
    </p>
   </div>
   <div class='ocr_carea' id='block_1_21' title="bbox 126 2224 1695 2307">
    <p class='ocr_par' dir='ltr' id='par_1_21' title="bbox 126 2224 1695 2307">
     <span class='ocr_line' id='line_1_21' title="bbox 126 2224 1695 2307; baseline 0.012 -33"><span class='ocrx_word' id='word_1_150' title='bbox 126 2224 236 2294; x_wconf 77' lang='grc' dir='ltr'>γὰρ</span> <span class='ocrx_word' id='word_1_151' title='bbox 292 2224 458 2295; x_wconf 82' lang='grc' dir='ltr'>χολὴν</span> <span class='ocrx_word' id='word_1_152' title='bbox 506 2226 732 2297; x_wconf 81' lang='grc' dir='ltr'>πικρίας</span> <span class='ocrx_word' id='word_1_153' title='bbox 758 2229 854 2282; x_wconf 75' lang='grc' dir='ltr'>καὶ</span> <span class='ocrx_word' id='word_1_154' title='bbox 894 2229 1193 2303; x_wconf 80' lang='grc' dir='ltr'>σύνδεσμον</span> <span class='ocrx_word' id='word_1_155' title='bbox 1243 2236 1457 2301; x_wconf 82' lang='grc' dir='ltr'>ἀδικίας</span> <span class='ocrx_word' id='word_1_156' title='bbox 1488 2237 1601 2307; x_wconf 81' lang='grc' dir='ltr'>ὁρῶ</span> <span class='ocrx_word' id='word_1_157' title='bbox 1633 2255 1695 2294; x_wconf 79' lang='grc' dir='ltr'><strong>σε</strong></span> 
     </span>
    </p>
   </div>
   <div class='ocr_carea' id='block_1_22' title="bbox 124 2316 317 2369">
    <p class='ocr_par' dir='ltr' id='par_1_22' title="bbox 124 2316 317 2369">
     <span class='ocr_line' id='line_1_22' title="bbox 124 2316 317 2369; baseline 0.016 -3"><span class='ocrx_word' id='word_1_158' title='bbox 124 2316 270 2369; x_wconf 71' lang='grc' dir='ltr'>ὄντα.</span> <span class='ocrx_word' id='word_1_159' title='bbox 297 2335 317 2369; x_wconf 76' lang='grc' dir='ltr'><strong>ι</strong></span> 
     </span>
    </p>
   </div>
   <div class='ocr_carea' id='block_1_23' title="bbox 413 2410 1385 2480">
    <p class='ocr_par' dir='ltr' id='par_1_23' title="bbox 413 2410 1385 2480">
     <span class='ocr_line' id='line_1_23' title="bbox 413 2410 1385 2480; baseline 0.011 -19"><span class='ocrx_word' id='word_1_160' title='bbox 413 2411 507 2463; x_wconf 82' lang='grc' dir='ltr'>Ἐκ</span> <span class='ocrx_word' id='word_1_161' title='bbox 530 2410 639 2477; x_wconf 81' lang='grc' dir='ltr'>τῆς</span> <span class='ocrx_word' id='word_1_162' title='bbox 660 2414 864 2480; x_wconf 83' lang='grc' dir='ltr'>τρίτης</span> <span class='ocrx_word' id='word_1_163' title='bbox 883 2412 1002 2466; x_wconf 85' lang='grc' dir='ltr'><strong>τῶν</strong></span> <span class='ocrx_word' id='word_1_164' title='bbox 1027 2416 1385 2472; x_wconf 75' lang='grc' dir='ltr'>Βασιλειῶν.</span> 
     </span>
    </p>
   </div>
   <div class='ocr_carea' id='block_1_24' title="bbox 201 2498 1691 2580">
    <p class='ocr_par' dir='ltr' id='par_1_24' title="bbox 201 2498 1691 2580">
     <span class='ocr_line' id='line_1_24' title="bbox 201 2498 1691 2580; baseline 0.011 -33"><span class='ocrx_word' id='word_1_165' title='bbox 201 2516 218 2547; x_wconf 79' lang='lat' dir='ltr'><strong>t</strong></span> <span class='ocrx_word' id='word_1_166' title='bbox 242 2498 350 2552; x_wconf 90' lang='lat' dir='ltr'><strong>Kal</strong></span> <span class='ocrx_word' id='word_1_167' title='bbox 398 2501 496 2553; x_wconf 81' lang='grc' dir='ltr'><strong>οὐκ</strong></span> <span class='ocrx_word' id='word_1_168' title='bbox 530 2503 867 2573; x_wconf 71' lang='grc' dir='ltr'>ἐπέστρεψεν</span> <span class='ocrx_word' id='word_1_169' title='bbox 906 2505 1195 2575; x_wconf 82' lang='grc' dir='ltr'>Ίεροϐοὰμ</span> <span class='ocrx_word' id='word_1_170' title='bbox 1220 2508 1329 2562; x_wconf 78' lang='grc' dir='ltr'>ἀπὸ</span> <span class='ocrx_word' id='word_1_171' title='bbox 1357 2511 1459 2580; x_wconf 80' lang='grc' dir='ltr'>τῆς</span> <span class='ocrx_word' id='word_1_172' title='bbox 1487 2511 1691 2574; x_wconf 83' lang='grc' dir='ltr'>κακίας</span> 
     </span>
    </p>
   </div>
   <div class='ocr_carea' id='block_1_25' title="bbox 122 2584 1689 2671">
    <p class='ocr_par' dir='ltr' id='par_1_25' title="bbox 122 2584 1689 2671">
     <span class='ocr_line' id='line_1_25' title="bbox 122 2584 1689 2671; baseline 0.009 -30"><span class='ocrx_word' id='word_1_173' title='bbox 122 2589 285 2642; x_wconf 82' lang='grc' dir='ltr'>αὑτοῦ</span> <span class='ocrx_word' id='word_1_174' title='bbox 320 2608 333 2623; x_wconf 71' lang='grc'><strong><em>⁸</em></strong></span> <span class='ocrx_word' id='word_1_175' title='bbox 359 2592 455 2644; x_wconf 81' lang='grc' dir='ltr'>καὶ</span> <span class='ocrx_word' id='word_1_176' title='bbox 486 2584 809 2663; x_wconf 72' lang='grc' dir='ltr'>ἐπέστρεψε,</span> <span class='ocrx_word' id='word_1_177' title='bbox 842 2597 938 2649; x_wconf 74' lang='grc' dir='ltr'>καὶ</span> <span class='ocrx_word' id='word_1_178' title='bbox 978 2598 1239 2668; x_wconf 76' lang='grc' dir='ltr'>ἐποίησεν</span> <span class='ocrx_word' id='word_1_179' title='bbox 1269 2602 1334 2653; x_wconf 85' lang='grc' dir='ltr'><strong>ἐκ</strong></span> <span class='ocrx_word' id='word_1_180' title='bbox 1365 2602 1567 2671; x_wconf 84' lang='grc' dir='ltr'>μέρους</span> <span class='ocrx_word' id='word_1_181' title='bbox 1594 2602 1689 2655; x_wconf 84' lang='grc' dir='ltr'>τοῦ</span> 
     </span>
    </p>
   </div>
   <div class='ocr_carea' id='block_1_26' title="bbox 122 2681 1691 2765">
    <p class='ocr_par' dir='ltr' id='par_1_26' title="bbox 122 2681 1691 2765">
     <span class='ocr_line' id='line_1_26' title="bbox 122 2681 1691 2765; baseline 0.01 -32"><span class='ocrx_word' id='word_1_182' title='bbox 122 2681 249 2734; x_wconf 77' lang='grc' dir='ltr'>λαοῦ</span> <span class='ocrx_word' id='word_1_183' title='bbox 312 2684 474 2754; x_wconf 76' lang='grc' dir='ltr'>ἱερεῖς</span> <span class='ocrx_word' id='word_1_184' title='bbox 535 2685 776 2754; x_wconf 81' lang='grc' dir='ltr'>ὑψηλῶν.</span> <span class='ocrx_word' id='word_1_185' title='bbox 818 2686 877 2741; x_wconf 87' lang='lat'><strong>&#39;0</strong></span> <span class='ocrx_word' id='word_1_186' title='bbox 913 2687 1237 2759; x_wconf 79' lang='grc' dir='ltr'>βουλόμενος</span> <span class='ocrx_word' id='word_1_187' title='bbox 1286 2692 1528 2762; x_wconf 79' lang='grc' dir='ltr'>ἐπλήρου</span> <span class='ocrx_word' id='word_1_188' title='bbox 1590 2696 1691 2765; x_wconf 83' lang='grc' dir='ltr'>τὴν</span> 
     </span>
    </p>
   </div>
   <div class='ocr_carea' id='block_1_27' title="bbox 122 2774 1691 2855">
    <p class='ocr_par' dir='ltr' id='par_1_27' title="bbox 122 2774 1691 2855">
     <span class='ocr_line' id='line_1_27' title="bbox 122 2774 1691 2855; baseline 0.011 -34"><span class='ocrx_word' id='word_1_189' title='bbox 122 2774 280 2844; x_wconf 81' lang='grc' dir='ltr'>χεῖρα</span> <span class='ocrx_word' id='word_1_190' title='bbox 306 2774 493 2838; x_wconf 75' lang='grc' dir='ltr'>αὑτοῦ,</span> <span class='ocrx_word' id='word_1_191' title='bbox 529 2776 621 2829; x_wconf 71' lang='grc' dir='ltr'><strong>καὶ</strong></span> <span class='ocrx_word' id='word_1_192' title='bbox 670 2776 881 2844; x_wconf 79' lang='grc' dir='ltr'>ἐγίνετο</span> <span class='ocrx_word' id='word_1_193' title='bbox 934 2781 1115 2848; x_wconf 82' lang='grc' dir='ltr'>ίερεὺς</span> <span class='ocrx_word' id='word_1_194' title='bbox 1136 2783 1216 2842; x_wconf 87' lang='grc' dir='ltr'><strong>είς</strong></span> <span class='ocrx_word' id='word_1_195' title='bbox 1246 2783 1313 2835; x_wconf 86' lang='grc' dir='ltr'>τὰ</span> <span class='ocrx_word' id='word_1_196' title='bbox 1346 2784 1551 2855; x_wconf 82' lang='grc' dir='ltr'>ὑψηλά.</span> <span class='ocrx_word' id='word_1_197' title='bbox 1580 2787 1691 2839; x_wconf 86' lang='lat' dir='ltr'><strong>Kal</strong></span> 
     </span>
    </p>
   </div>
   <div class='ocr_carea' id='block_1_28' title="bbox 121 2864 1686 2946">
    <p class='ocr_par' dir='ltr' id='par_1_28' title="bbox 121 2864 1686 2946">
     <span class='ocr_line' id='line_1_28' title="bbox 121 2864 1686 2946; baseline 0.012 -34"><span class='ocrx_word' id='word_1_198' title='bbox 121 2864 334 2928; x_wconf 82' lang='grc' dir='ltr'>ἐγένετο</span> <span class='ocrx_word' id='word_1_199' title='bbox 354 2866 416 2915; x_wconf 84' lang='grc' dir='ltr'><strong>τὸ</strong></span> <span class='ocrx_word' id='word_1_200' title='bbox 442 2867 592 2935; x_wconf 78' lang='grc' dir='ltr'>ῥῆμα</span> <span class='ocrx_word' id='word_1_201' title='bbox 627 2867 784 2920; x_wconf 84' lang='grc' dir='ltr'>τοῦτο</span> <span class='ocrx_word' id='word_1_202' title='bbox 811 2870 889 2930; x_wconf 87' lang='grc' dir='ltr'><strong>είς</strong></span> <span class='ocrx_word' id='word_1_203' title='bbox 939 2871 1221 2940; x_wconf 69' lang='grc' dir='ltr'>ἁμαρτίαν</span> <span class='ocrx_word' id='word_1_204' title='bbox 1274 2873 1354 2944; x_wconf 85' lang='grc' dir='ltr'><strong>τῷ</strong></span> <span class='ocrx_word' id='word_1_205' title='bbox 1405 2878 1541 2946; x_wconf 84' lang='grc' dir='ltr'>οίκῳ</span> <span class='ocrx_word' id='word_1_206' title='bbox 1585 2877 1686 2930; x_wconf 86' lang='grc' dir='ltr'><strong>Ἰε-</strong></span> 
     </span>
    </p>
   </div>
   <div class='ocr_carea' id='block_1_29' title="bbox 122 2955 1689 3040">
    <p class='ocr_par' dir='ltr' id='par_1_29' title="bbox 122 2955 1689 3040">
     <span class='ocr_line' id='line_1_29' title="bbox 122 2955 1689 3040; baseline 0.011 -35"><span class='ocrx_word' id='word_1_207' title='bbox 122 2955 350 3024; x_wconf 80' lang='grc' dir='ltr'>ροὸοὰμ,</span> <span class='ocrx_word' id='word_1_208' title='bbox 395 2960 491 3010; x_wconf 76' lang='grc' dir='ltr'>καὶ</span> <span class='ocrx_word' id='word_1_209' title='bbox 540 2961 619 3022; x_wconf 85' lang='grc' dir='ltr'><strong>είς</strong></span> <span class='ocrx_word' id='word_1_210' title='bbox 679 2960 991 3028; x_wconf 78' lang='grc' dir='ltr'>ἀφανισμὸν</span> <span class='ocrx_word' id='word_1_211' title='bbox 1053 2962 1165 3016; x_wconf 78' lang='grc' dir='ltr'><strong>ἀπὸ</strong></span> <span class='ocrx_word' id='word_1_212' title='bbox 1231 2966 1528 3035; x_wconf 78' lang='grc' dir='ltr'>προσώπου</span> <span class='ocrx_word' id='word_1_213' title='bbox 1587 2970 1689 3040; x_wconf 80' lang='grc' dir='ltr'>τῆς</span> 
     </span>
    </p>
   </div>
   <div class='ocr_carea' id='block_1_30' title="bbox 118 3063 291 3116">
    <p class='ocr_par' dir='ltr' id='par_1_30' title="bbox 118 3063 291 3116">
     <span class='ocr_line' id='line_1_30' title="bbox 118 3063 291 3116; baseline 0 -17"><span class='ocrx_word' id='word_1_214' title='bbox 118 3063 242 3116; x_wconf 80' lang='grc' dir='ltr'>γης.</span> <span class='ocrx_word' id='word_1_215' title='bbox 273 3066 291 3099; x_wconf 82' lang='grc' dir='ltr'><strong>Ι</strong></span> 
     </span>
    </p>
   </div>
   <div class='ocr_carea' id='block_1_31' title="bbox 131 3138 1760 3220">
    <p class='ocr_par' dir='ltr' id='par_1_31' title="bbox 131 3138 1760 3220">
     <span class='ocr_line' id='line_1_31' title="bbox 131 3138 1760 3220; baseline 0.01 -29"><span class='ocrx_word' id='word_1_216' title='bbox 131 3138 233 3192; x_wconf 75' lang='grc' dir='ltr'>Ἐκ</span> <span class='ocrx_word' id='word_1_217' title='bbox 284 3138 392 3207; x_wconf 72' lang='grc' dir='ltr'>τῆς</span> <span class='ocrx_word' id='word_1_218' title='bbox 422 3140 471 3192; x_wconf 78' lang='grc' dir='ltr'>δ’</span> <span class='ocrx_word' id='word_1_219' title='bbox 526 3138 644 3196; x_wconf 77' lang='grc' dir='ltr'><strong>τῶν</strong></span> <span class='ocrx_word' id='word_1_220' title='bbox 688 3144 1057 3220; x_wconf 55' lang='grc' dir='ltr'>Βασιλειξξιν,</span> <span class='ocrx_word' id='word_1_221' title='bbox 1115 3147 1251 3216; x_wconf 78' lang='grc' dir='ltr'>περὶ</span> <span class='ocrx_word' id='word_1_222' title='bbox 1302 3146 1416 3217; x_wconf 82' lang='grc' dir='ltr'>τῆς</span> <span class='ocrx_word' id='word_1_223' title='bbox 1453 3149 1685 3219; x_wconf 75' lang='grc' dir='ltr'>λέπρας</span> <span class='ocrx_word' id='word_1_224' title='bbox 1713 3160 1760 3220; x_wconf 77' lang='lat' dir='ltr'>c</span> 
     </span>
    </p>
   </div>
   <div class='ocr_carea' id='block_1_32' title="bbox 801 3213 998 3283">
    <p class='ocr_par' dir='ltr' id='par_1_32' title="bbox 801 3213 998 3283">
     <span class='ocr_line' id='line_1_32' title="bbox 801 3213 998 3283; baseline 0.005 -16"><span class='ocrx_word' id='word_1_225' title='bbox 801 3216 850 3267; x_wconf 86' lang='grc' dir='ltr'><em>Γ</em></span> <span class='ocrx_word' id='word_1_226' title='bbox 855 3213 998 3283; x_wconf 80' lang='grc' dir='ltr'>ιεζῆ.</span> 
     </span>
    </p>
   </div>
   <div class='ocr_carea' id='block_1_33' title="bbox 194 3300 1691 3374">
    <p class='ocr_par' dir='ltr' id='par_1_33' title="bbox 194 3300 1691 3374">
     <span class='ocr_line' id='line_1_33' title="bbox 194 3300 1691 3374; baseline 0.01 -25"><span class='ocrx_word' id='word_1_227' title='bbox 194 3317 211 3349; x_wconf 75' lang='grc' dir='ltr'><strong>ι</strong></span> <span class='ocrx_word' id='word_1_228' title='bbox 240 3300 350 3353; x_wconf 98' lang='lat' dir='ltr'><strong>Kal</strong></span> <span class='ocrx_word' id='word_1_229' title='bbox 375 3301 678 3371; x_wconf 77' lang='grc' dir='ltr'>ἐπέστρεψε</span> <span class='ocrx_word' id='word_1_230' title='bbox 698 3303 919 3374; x_wconf 80' lang='grc' dir='ltr'>Νεεμὰν</span> <span class='ocrx_word' id='word_1_231' title='bbox 942 3306 1078 3373; x_wconf 83' lang='grc' dir='ltr'>πρὸς</span> <span class='ocrx_word' id='word_1_232' title='bbox 1109 3307 1382 3361; x_wconf 83' lang='grc' dir='ltr'>Ἐλισσαιὲ</span> <span class='ocrx_word' id='word_1_233' title='bbox 1412 3310 1572 3374; x_wconf 78' lang='grc' dir='ltr'>αὐτὸς</span> <span class='ocrx_word' id='word_1_234' title='bbox 1594 3312 1691 3366; x_wconf 78' lang='grc' dir='ltr'><strong>καὶ</strong></span> 
     </span>
    </p>
   </div>
   <div class='ocr_carea' id='block_1_34' title="bbox 116 3389 1689 3472">
    <p class='ocr_par' dir='ltr' id='par_1_34' title="bbox 116 3389 1689 3472">
     <span class='ocr_line' id='line_1_34' title="bbox 116 3389 1689 3472; baseline 0.011 -34"><span class='ocrx_word' id='word_1_235' title='bbox 116 3389 271 3440; x_wconf 79' lang='grc' dir='ltr'>πᾶσα</span> <span class='ocrx_word' id='word_1_236' title='bbox 305 3390 338 3458; x_wconf 84' lang='grc' dir='ltr'><strong>ή</strong></span> <span class='ocrx_word' id='word_1_237' title='bbox 365 3392 685 3463; x_wconf 81' lang='grc' dir='ltr'>παρεμϐολὴ</span> <span class='ocrx_word' id='word_1_238' title='bbox 713 3394 877 3446; x_wconf 74' lang='grc' dir='ltr'>αὑτοῦ</span> <span class='ocrx_word' id='word_1_239' title='bbox 903 3411 918 3425; x_wconf 76' lang='grc' dir='ltr'><strong>ο</strong></span> <span class='ocrx_word' id='word_1_240' title='bbox 948 3398 1042 3449; x_wconf 77' lang='grc' dir='ltr'><strong>καὶ</strong></span> <span class='ocrx_word' id='word_1_241' title='bbox 1092 3393 1245 3467; x_wconf 81' lang='grc' dir='ltr'>ἦλθε,</span> <span class='ocrx_word' id='word_1_242' title='bbox 1306 3401 1401 3453; x_wconf 80' lang='grc' dir='ltr'>καὶ</span> <span class='ocrx_word' id='word_1_243' title='bbox 1430 3400 1562 3472; x_wconf 88' lang='grc' dir='ltr'>ἔστη</span> <span class='ocrx_word' id='word_1_244' title='bbox 1602 3408 1689 3458; x_wconf 82' lang='grc' dir='ltr'>ἐν-</span> 
     </span>
    </p>
   </div>
   <div class='ocr_carea' id='block_1_35' title="bbox 113 3474 1689 3556">
    <p class='ocr_par' dir='ltr' id='par_1_35' title="bbox 113 3474 1689 3556">
     <span class='ocr_line' id='line_1_35' title="bbox 113 3474 1689 3556; baseline 0.013 -28"><span class='ocrx_word' id='word_1_245' title='bbox 113 3474 292 3528; x_wconf 83' lang='grc' dir='ltr'>ώπιον</span> <span class='ocrx_word' id='word_1_246' title='bbox 317 3478 506 3534; x_wconf 78' lang='grc' dir='ltr'>αὑτοῦ.</span> <span class='ocrx_word' id='word_1_247' title='bbox 541 3481 649 3532; x_wconf 87' lang='lat' dir='ltr'><strong>Kal</strong></span> <span class='ocrx_word' id='word_1_248' title='bbox 682 3477 835 3535; x_wconf 77' lang='grc' dir='ltr'>εἶπεν</span> <span class='ocrx_word' id='word_1_249' title='bbox 857 3498 871 3514; x_wconf 77' lang='grc' dir='ltr'><strong>ο</strong></span> <span class='ocrx_word' id='word_1_250' title='bbox 891 3484 1021 3538; x_wconf 81' lang='grc' dir='ltr'>Ἰδοὺ</span> <span class='ocrx_word' id='word_1_251' title='bbox 1056 3486 1122 3556; x_wconf 80' lang='grc' dir='ltr'>δὴ</span> <span class='ocrx_word' id='word_1_252' title='bbox 1148 3486 1365 3554; x_wconf 84' lang='grc' dir='ltr'>ἔγνωκα</span> <span class='ocrx_word' id='word_1_253' title='bbox 1384 3531 1399 3553; x_wconf 90' lang='grc'><strong>,</strong></span> <span class='ocrx_word' id='word_1_254' title='bbox 1447 3493 1531 3545; x_wconf 84' lang='grc' dir='ltr'><strong>ὅτι</strong></span> <span class='ocrx_word' id='word_1_255' title='bbox 1588 3494 1689 3548; x_wconf 78' lang='grc' dir='ltr'><strong>οὐκ</strong></span> 
     </span>
    </p>
   </div>
   <div class='ocr_carea' id='block_1_36' title="bbox 113 3568 1686 3657">
    <p class='ocr_par' dir='ltr' id='par_1_36' title="bbox 113 3568 1686 3657">
     <span class='ocr_line' id='line_1_36' title="bbox 113 3568 1686 3657; baseline 0.015 -39"><span class='ocrx_word' id='word_1_256' title='bbox 113 3568 234 3619; x_wconf 80' lang='grc' dir='ltr'>ἐστι</span> <span class='ocrx_word' id='word_1_257' title='bbox 287 3568 419 3632; x_wconf 84' lang='grc' dir='ltr'>Θεὸς</span> <span class='ocrx_word' id='word_1_258' title='bbox 439 3572 499 3622; x_wconf 86' lang='grc' dir='ltr'><strong>ἐν</strong></span> <span class='ocrx_word' id='word_1_259' title='bbox 534 3572 683 3643; x_wconf 79' lang='grc' dir='ltr'>πάσῃ</span> <span class='ocrx_word' id='word_1_260' title='bbox 738 3578 805 3644; x_wconf 78' lang='grc' dir='ltr'>τῇ</span> <span class='ocrx_word' id='word_1_261' title='bbox 860 3578 968 3647; x_wconf 81' lang='grc' dir='ltr'>γῇ,</span> <span class='ocrx_word' id='word_1_262' title='bbox 1020 3578 1192 3650; x_wconf 78' lang='grc' dir='ltr'>ἀλλ’ἢ</span> <span class='ocrx_word' id='word_1_263' title='bbox 1223 3583 1283 3636; x_wconf 83' lang='grc' dir='ltr'><strong>ἐν</strong></span> <span class='ocrx_word' id='word_1_264' title='bbox 1332 3582 1412 3653; x_wconf 81' lang='grc' dir='ltr'>τῷ</span> <span class='ocrx_word' id='word_1_265' title='bbox 1448 3586 1686 3657; x_wconf 79' lang='grc' dir='ltr'>Ἰσραήλ.</span> 
     </span>
    </p>
   </div>
   <div class='ocr_carea' id='block_1_37' title="bbox 113 3659 1685 3741">
    <p class='ocr_par' dir='ltr' id='par_1_37' title="bbox 113 3659 1685 3741">
     <span class='ocr_line' id='line_1_37' title="bbox 113 3659 1685 3741; baseline 0.015 -32"><span class='ocrx_word' id='word_1_266' title='bbox 113 3659 226 3711; x_wconf 88' lang='lat' dir='ltr'><strong>Kal</strong></span> <span class='ocrx_word' id='word_1_267' title='bbox 254 3659 351 3710; x_wconf 84' lang='grc' dir='ltr'><strong>νῦν</strong></span> <span class='ocrx_word' id='word_1_268' title='bbox 386 3659 518 3715; x_wconf 77' lang='grc' dir='ltr'>λάϐε</span> <span class='ocrx_word' id='word_1_269' title='bbox 548 3663 650 3733; x_wconf 78' lang='grc' dir='ltr'>τὴν</span> <span class='ocrx_word' id='word_1_270' title='bbox 712 3665 966 3733; x_wconf 80' lang='grc' dir='ltr'>εὐλογίαν</span> <span class='ocrx_word' id='word_1_271' title='bbox 1018 3670 1171 3741; x_wconf 81' lang='grc' dir='ltr'>παρὰ</span> <span class='ocrx_word' id='word_1_272' title='bbox 1195 3671 1289 3725; x_wconf 83' lang='grc' dir='ltr'>τοῦ</span> <span class='ocrx_word' id='word_1_273' title='bbox 1318 3674 1507 3729; x_wconf 90' lang='grc' dir='ltr'>δούλου</span> <span class='ocrx_word' id='word_1_274' title='bbox 1569 3695 1685 3733; x_wconf 89' lang='grc' dir='ltr'>σου.</span> 
     </span>
    </p>
   </div>
   <div class='ocr_carea' id='block_1_38' title="bbox 116 3747 1690 3838">
    <p class='ocr_par' dir='ltr' id='par_1_38' title="bbox 116 3747 1690 3838">
     <span class='ocr_line' id='line_1_38' title="bbox 116 3747 1690 3838; baseline 0.014 -37"><span class='ocrx_word' id='word_1_275' title='bbox 116 3752 231 3803; x_wconf 83' lang='lat' dir='ltr'><strong>Kal</strong></span> <span class='ocrx_word' id='word_1_276' title='bbox 281 3747 436 3804; x_wconf 73' lang='grc' dir='ltr'>εἷπεν</span> <span class='ocrx_word' id='word_1_277' title='bbox 476 3754 774 3810; x_wconf 72' lang='grc' dir='ltr'>Ἑλισσαιέο</span> <span class='ocrx_word' id='word_1_278' title='bbox 806 3758 882 3828; x_wconf 83' lang='grc' dir='ltr'><strong>Ζῆ</strong></span> <span class='ocrx_word' id='word_1_279' title='bbox 916 3759 1121 3831; x_wconf 82' lang='grc' dir='ltr'>Κύριος</span> <span class='ocrx_word' id='word_1_280' title='bbox 1160 3756 1205 3831; x_wconf 86' lang='grc' dir='ltr'>ᾧ</span> <span class='ocrx_word' id='word_1_281' title='bbox 1234 3767 1515 3838; x_wconf 82' lang='grc' dir='ltr'>παρέστην</span> <span class='ocrx_word' id='word_1_282' title='bbox 1558 3769 1690 3823; x_wconf 81' lang='grc' dir='ltr'>ἐνώ-</span> 
     </span>
    </p>
   </div>
   <div class='ocr_carea' id='block_1_39' title="bbox 112 3843 1691 3923">
    <p class='ocr_par' dir='ltr' id='par_1_39' title="bbox 112 3843 1691 3923">
     <span class='ocr_line' id='line_1_39' title="bbox 112 3843 1691 3923; baseline 0.015 -31"><span class='ocrx_word' id='word_1_283' title='bbox 112 3860 242 3894; x_wconf 83' lang='grc' dir='ltr'>πιον</span> <span class='ocrx_word' id='word_1_284' title='bbox 274 3843 464 3906; x_wconf 81' lang='grc' dir='ltr'>αὐτοῦ,</span> <span class='ocrx_word' id='word_1_285' title='bbox 499 3847 546 3897; x_wconf 86' lang='grc' dir='ltr'><strong>εί</strong></span> <span class='ocrx_word' id='word_1_286' title='bbox 576 3845 838 3917; x_wconf 82' lang='grc' dir='ltr'>λήψομαι.</span> <span class='ocrx_word' id='word_1_287' title='bbox 875 3851 985 3903; x_wconf 90' lang='lat' dir='ltr'><strong>Kal</strong></span> <span class='ocrx_word' id='word_1_288' title='bbox 1019 3854 1390 3923; x_wconf 82' lang='grc' dir='ltr'>παρεϐιάσατο</span> <span class='ocrx_word' id='word_1_289' title='bbox 1413 3859 1575 3913; x_wconf 80' lang='grc' dir='ltr'>αὐτὸν</span> <span class='ocrx_word' id='word_1_290' title='bbox 1600 3860 1691 3914; x_wconf 83' lang='grc' dir='ltr'>λα-</span> 
     </span>
    </p>
   </div>
   <div class='ocr_carea' id='block_1_40' title="bbox 111 3933 1690 4012">
    <p class='ocr_par' dir='ltr' id='par_1_40' title="bbox 111 3933 1690 4012">
     <span class='ocr_line' id='line_1_40' title="bbox 111 3933 1690 4012; baseline 0.013 -28"><span class='ocrx_word' id='word_1_291' title='bbox 111 3933 256 3997; x_wconf 80' lang='grc' dir='ltr'>ϐεῖν,</span> <span class='ocrx_word' id='word_1_292' title='bbox 318 3935 414 3987; x_wconf 82' lang='grc' dir='ltr'><strong>καὶ</strong></span> <span class='ocrx_word' id='word_1_293' title='bbox 450 3935 737 4006; x_wconf 84' lang='grc' dir='ltr'>ήπείθησε.</span> <span class='ocrx_word' id='word_1_294' title='bbox 761 3957 779 3987; x_wconf 80' lang='grc' dir='ltr'><strong>ι</strong></span> <span class='ocrx_word' id='word_1_295' title='bbox 808 3939 918 3991; x_wconf 80' lang='grc' dir='ltr'><strong>Καὶ</strong></span> <span class='ocrx_word' id='word_1_296' title='bbox 952 3945 1072 4010; x_wconf 81' lang='grc' dir='ltr'>μετ’</span> <span class='ocrx_word' id='word_1_297' title='bbox 1120 3944 1280 4012; x_wconf 82' lang='grc' dir='ltr'>ὀλίγα</span> <span class='ocrx_word' id='word_1_298' title='bbox 1305 3963 1319 3976; x_wconf 88' lang='grc'><strong>·</strong></span> <span class='ocrx_word' id='word_1_299' title='bbox 1368 3964 1389 3998; x_wconf 74' lang='grc' dir='ltr'><strong>ε</strong></span> <span class='ocrx_word' id='word_1_300' title='bbox 1412 3949 1521 4002; x_wconf 83' lang='grc' dir='ltr'><strong>Καὶ</strong></span> <span class='ocrx_word' id='word_1_301' title='bbox 1567 3946 1690 4005; x_wconf 78' lang='grc' dir='ltr'>εἶπε</span> 
     </span>
    </p>
   </div>
   <div class='ocr_carea' id='block_1_41' title="bbox 110 4024 1690 4107">
    <p class='ocr_par' dir='ltr' id='par_1_41' title="bbox 110 4024 1690 4107">
     <span class='ocr_line' id='line_1_41' title="bbox 110 4024 1690 4107; baseline 0.013 -32"><span class='ocrx_word' id='word_1_302' title='bbox 110 4024 281 4095; x_wconf 78' lang='grc' dir='ltr'>Γιεζῆ</span> <span class='ocrx_word' id='word_1_303' title='bbox 338 4026 398 4077; x_wconf 84' lang='grc' dir='ltr'><strong>τὸ</strong></span> <span class='ocrx_word' id='word_1_304' title='bbox 454 4028 740 4096; x_wconf 84' lang='grc' dir='ltr'>παιδάριον</span> <span class='ocrx_word' id='word_1_305' title='bbox 802 4029 1075 4084; x_wconf 86' lang='grc' dir='ltr'>Ἐλισσαιέ</span> <span class='ocrx_word' id='word_1_306' title='bbox 1110 4049 1123 4062; x_wconf 74' lang='grc'><strong><em>⁸</em></strong></span> <span class='ocrx_word' id='word_1_307' title='bbox 1172 4036 1301 4088; x_wconf 84' lang='grc' dir='ltr'>Ἰδοὺ</span> <span class='ocrx_word' id='word_1_308' title='bbox 1365 4039 1620 4107; x_wconf 77' lang='grc' dir='ltr'>ἐφείσατο</span> <span class='ocrx_word' id='word_1_309' title='bbox 1660 4043 1690 4095; x_wconf 80' lang='grc' dir='ltr'><strong>ὁ</strong></span> 
     </span>
    </p>
   </div>
   <div class='ocr_carea' id='block_1_42' title="bbox 107 4117 1691 4193">
    <p class='ocr_par' dir='ltr' id='par_1_42' title="bbox 107 4117 1691 4193">
     <span class='ocr_line' id='line_1_42' title="bbox 107 4117 1691 4193; baseline 0.01 -25"><span class='ocrx_word' id='word_1_310' title='bbox 107 4117 312 4186; x_wconf 88' lang='grc' dir='ltr'>κύριός</span> <span class='ocrx_word' id='word_1_311' title='bbox 366 4134 468 4187; x_wconf 91' lang='grc' dir='ltr'><strong>μου</strong></span> <span class='ocrx_word' id='word_1_312' title='bbox 492 4117 588 4170; x_wconf 85' lang='grc' dir='ltr'>τοῦ</span> <span class='ocrx_word' id='word_1_313' title='bbox 615 4120 836 4189; x_wconf 80' lang='grc' dir='ltr'>Νεεμὰν</span> <span class='ocrx_word' id='word_1_314' title='bbox 867 4121 965 4173; x_wconf 79' lang='grc' dir='ltr'>τοῦ</span> <span class='ocrx_word' id='word_1_315' title='bbox 1015 4122 1211 4193; x_wconf 88' lang='grc' dir='ltr'>Σύρου,</span> <span class='ocrx_word' id='word_1_316' title='bbox 1261 4127 1357 4179; x_wconf 85' lang='grc' dir='ltr'>τοῦ</span> <span class='ocrx_word' id='word_1_317' title='bbox 1399 4128 1584 4182; x_wconf 81' lang='grc' dir='ltr'>λαϐεῖν</span> <span class='ocrx_word' id='word_1_318' title='bbox 1626 4132 1691 4184; x_wconf 84' lang='grc' dir='ltr'><strong>ἐκ</strong></span> 
     </span>
    </p>
   </div>
   <div class='ocr_carea' id='block_1_43' title="bbox 105 4202 1691 4289">
    <p class='ocr_par' dir='ltr' id='par_1_43' title="bbox 105 4202 1691 4289">
     <span class='ocr_line' id='line_1_43' title="bbox 105 4202 1691 4289; baseline 0.011 -33"><span class='ocrx_word' id='word_1_319' title='bbox 105 4208 300 4276; x_wconf 72' lang='grc' dir='ltr'>χειρὸς</span> <span class='ocrx_word' id='word_1_320' title='bbox 325 4207 492 4260; x_wconf 75' lang='grc' dir='ltr'>αὑτοῦ</span> <span class='ocrx_word' id='word_1_321' title='bbox 526 4202 603 4261; x_wconf 83' lang='grc' dir='ltr'><strong>ὧν</strong></span> <span class='ocrx_word' id='word_1_322' title='bbox 634 4209 876 4279; x_wconf 83' lang='grc' dir='ltr'>ἐνήνοχε.</span> <span class='ocrx_word' id='word_1_323' title='bbox 910 4213 984 4282; x_wconf 77' lang='grc' dir='ltr'><strong>Ζῇ</strong></span> <span class='ocrx_word' id='word_1_324' title='bbox 1026 4211 1254 4285; x_wconf 82' lang='grc' dir='ltr'>Κύριος,</span> <span class='ocrx_word' id='word_1_325' title='bbox 1283 4219 1332 4269; x_wconf 87' lang='grc' dir='ltr'>εἰ</span> <span class='ocrx_word' id='word_1_326' title='bbox 1361 4218 1433 4287; x_wconf 85' lang='grc' dir='ltr'><strong>μὴ</strong></span> <span class='ocrx_word' id='word_1_327' title='bbox 1467 4219 1691 4289; x_wconf 80' lang='grc' dir='ltr'>δράμω-</span> 
     </span>
    </p>
   </div>
   <div class='ocr_carea' id='block_1_44' title="bbox 110 4296 1691 4374">
    <p class='ocr_par' dir='ltr' id='par_1_44' title="bbox 110 4296 1691 4374">
     <span class='ocr_line' id='line_1_44' title="bbox 110 4296 1691 4374; baseline 0.011 -28"><span class='ocrx_word' id='word_1_328' title='bbox 110 4313 220 4364; x_wconf 87' lang='grc' dir='ltr'><strong>μαι</strong></span> <span class='ocrx_word' id='word_1_329' title='bbox 277 4296 457 4349; x_wconf 83' lang='grc' dir='ltr'>ὀπίσω</span> <span class='ocrx_word' id='word_1_330' title='bbox 482 4297 668 4362; x_wconf 80' lang='grc' dir='ltr'>αὑτοῦ,</span> <span class='ocrx_word' id='word_1_331' title='bbox 707 4300 802 4351; x_wconf 82' lang='grc' dir='ltr'><strong>καὶ</strong></span> <span class='ocrx_word' id='word_1_332' title='bbox 826 4299 1082 4370; x_wconf 86' lang='grc' dir='ltr'>λήψωμαι</span> <span class='ocrx_word' id='word_1_333' title='bbox 1116 4306 1247 4374; x_wconf 81' lang='grc' dir='ltr'>παρ’</span> <span class='ocrx_word' id='word_1_334' title='bbox 1277 4306 1442 4359; x_wconf 85' lang='grc' dir='ltr'>αὐτοῦ</span> <span class='ocrx_word' id='word_1_335' title='bbox 1473 4325 1549 4361; x_wconf 91' lang='grc' dir='ltr'><strong>τι.</strong></span> <span class='ocrx_word' id='word_1_336' title='bbox 1581 4311 1691 4364; x_wconf 85' lang='lat' dir='ltr'><strong>Kal</strong></span> 
     </span>
    </p>
   </div>
   <div class='ocr_carea' id='block_1_45' title="bbox 106 4386 1686 4469">
    <p class='ocr_par' dir='ltr' id='par_1_45' title="bbox 106 4386 1686 4469">
     <span class='ocr_line' id='line_1_45' title="bbox 106 4386 1686 4469; baseline 0.008 -29"><span class='ocrx_word' id='word_1_337' title='bbox 106 4386 309 4449; x_wconf 79' lang='grc' dir='ltr'>ἐδίωξε</span> <span class='ocrx_word' id='word_1_338' title='bbox 342 4386 506 4456; x_wconf 77' lang='grc' dir='ltr'>Γιεζῆ</span> <span class='ocrx_word' id='word_1_339' title='bbox 535 4388 712 4442; x_wconf 83' lang='grc' dir='ltr'>ὀπίσω</span> <span class='ocrx_word' id='word_1_340' title='bbox 763 4391 1005 4460; x_wconf 80' lang='grc' dir='ltr'>Νεεμάν.</span> <span class='ocrx_word' id='word_1_341' title='bbox 1040 4412 1059 4444; x_wconf 74' lang='grc' dir='ltr'><strong>ι</strong></span> <span class='ocrx_word' id='word_1_342' title='bbox 1115 4396 1224 4449; x_wconf 88' lang='lat' dir='ltr'><strong>Kal</strong></span> <span class='ocrx_word' id='word_1_343' title='bbox 1270 4397 1410 4466; x_wconf 81' lang='grc' dir='ltr'>μετὰ</span> <span class='ocrx_word' id='word_1_344' title='bbox 1439 4399 1647 4469; x_wconf 87' lang='grc' dir='ltr'>βραχέα</span> <span class='ocrx_word' id='word_1_345' title='bbox 1672 4416 1686 4430; x_wconf 74' lang='grc' dir='ltr'><strong><em>ο</em></strong></span> 
     </span>
    </p>
   </div>
   <div class='ocr_carea' id='block_1_46' title="bbox 1561 389 1968 451">
    <p class='ocr_par' dir='ltr' id='par_1_46' title="bbox 1561 389 1968 451">
     <span class='ocr_line' id='line_1_46' title="bbox 1561 389 1968 451; baseline -0.002 -1"><span class='ocrx_word' id='word_1_346' title='bbox 1561 389 1968 451; x_wconf 77' lang='lat' dir='ltr'><strong>EPISTOL/E.</strong></span> 
     </span>
    </p>
   </div>
   <div class='ocr_carea' id='block_1_47' title="bbox 3235 398 3370 464">
    <p class='ocr_par' dir='ltr' id='par_1_47' title="bbox 3235 398 3370 464">
     <span class='ocr_line' id='line_1_47' title="bbox 3235 398 3370 464; baseline 0.037 -5"><span class='ocrx_word' id='word_1_347' title='bbox 3235 398 3370 464; x_wconf 72' lang='grc'><strong>1446</strong></span> 
     </span>
    </p>
   </div>
   <div class='ocr_carea' id='block_1_48' title="bbox 2056 499 3099 569">
    <p class='ocr_par' dir='ltr' id='par_1_48' title="bbox 2056 499 3099 569">
     <span class='ocr_line' id='line_1_48' title="bbox 2056 499 3099 569; baseline 0.007 -15"><span class='ocrx_word' id='word_1_348' title='bbox 2056 499 2240 554; x_wconf 81' lang='lat' dir='ltr'><strong>Canon</strong></span> <span class='ocrx_word' id='word_1_349' title='bbox 2274 510 2575 554; x_wconf 80' lang='lat' dir='ltr'><strong>sanctorum</strong></span> <span class='ocrx_word' id='word_1_350' title='bbox 2626 504 2984 569; x_wconf 76' lang='lat' dir='ltr'><strong>apostolorum</strong></span> <span class='ocrx_word' id='word_1_351' title='bbox 3012 507 3099 561; x_wconf 68' lang='lat'><strong>29.</strong></span> 
     </span>
    </p>
   </div>
   <div class='ocr_carea' id='block_1_49' title="bbox 1868 589 3373 670">
    <p class='ocr_par' dir='ltr' id='par_1_49' title="bbox 1868 589 3373 670">
     <span class='ocr_line' id='line_1_49' title="bbox 1868 589 3373 670; baseline 0.007 -28"><span class='ocrx_word' id='word_1_352' title='bbox 1868 589 1923 642; x_wconf 88' lang='lat' dir='ltr'><strong>Si</strong></span> <span class='ocrx_word' id='word_1_353' title='bbox 1949 590 2069 657; x_wconf 87' lang='lat' dir='ltr'><strong>quis</strong></span> <span class='ocrx_word' id='word_1_354' title='bbox 2094 592 2407 660; x_wconf 87' lang='lat' dir='ltr'><strong>episcopus,</strong></span> <span class='ocrx_word' id='word_1_355' title='bbox 2435 601 2523 644; x_wconf 85' lang='lat' dir='ltr'><strong>aut</strong></span> <span class='ocrx_word' id='word_1_356' title='bbox 2553 594 2851 663; x_wconf 82' lang='lat' dir='ltr'><strong>presbyter,</strong></span> <span class='ocrx_word' id='word_1_357' title='bbox 2873 609 2965 649; x_wconf 91' lang='lat' dir='ltr'><strong>aut</strong></span> <span class='ocrx_word' id='word_1_358' title='bbox 2986 598 3249 656; x_wconf 80' lang='lat' dir='ltr'><strong>diaconus</strong></span> <span class='ocrx_word' id='word_1_359' title='bbox 3271 618 3373 670; x_wconf 86' lang='lat' dir='ltr'><strong>per</strong></span> 
     </span>
    </p>
   </div>
   <div class='ocr_carea' id='block_1_50' title="bbox 1795 682 3367 757">
    <p class='ocr_par' dir='ltr' id='par_1_50' title="bbox 1795 682 3367 757">
     <span class='ocr_line' id='line_1_50' title="bbox 1795 682 3367 757; baseline 0.008 -23"><span class='ocrx_word' id='word_1_360' title='bbox 1795 682 2055 750; x_wconf 73' lang='lat' dir='ltr'><strong>pecunias</strong></span> <span class='ocrx_word' id='word_1_361' title='bbox 2106 682 2245 736; x_wconf 81' lang='lat' dir='ltr'><strong>lianc</strong></span> <span class='ocrx_word' id='word_1_362' title='bbox 2291 682 2590 737; x_wconf 88' lang='lat' dir='ltr'><strong>obtinuerit</strong></span> <span class='ocrx_word' id='word_1_363' title='bbox 2613 683 2954 753; x_wconf 84' lang='lat' dir='ltr'><strong>dignitatem,</strong></span> <span class='ocrx_word' id='word_1_364' title='bbox 2992 689 3281 757; x_wconf 83' lang='lat' dir='ltr'><strong>dejiciatur</strong></span> <span class='ocrx_word' id='word_1_365' title='bbox 3315 704 3367 747; x_wconf 85' lang='lat' dir='ltr'><strong>et</strong></span> 
     </span>
    </p>
   </div>
   <div class='ocr_carea' id='block_1_51' title="bbox 1795 773 3368 843">
    <p class='ocr_par' dir='ltr' id='par_1_51' title="bbox 1795 773 3368 843">
     <span class='ocr_line' id='line_1_51' title="bbox 1795 773 3368 843; baseline 0.006 -17"><span class='ocrx_word' id='word_1_366' title='bbox 1795 773 1914 842; x_wconf 82' lang='lat' dir='ltr'><strong>ipse</strong></span> <span class='ocrx_word' id='word_1_367' title='bbox 1939 783 1992 828; x_wconf 92' lang='lat' dir='ltr'><strong>et</strong></span> <span class='ocrx_word' id='word_1_368' title='bbox 2014 773 2296 827; x_wconf 85' lang='lat' dir='ltr'><strong>ordinator</strong></span> <span class='ocrx_word' id='word_1_369' title='bbox 2313 774 2457 843; x_wconf 87' lang='lat' dir='ltr'><strong>ejus,</strong></span> <span class='ocrx_word' id='word_1_370' title='bbox 2481 783 2535 827; x_wconf 88' lang='lat' dir='ltr'><strong>et</strong></span> <span class='ocrx_word' id='word_1_371' title='bbox 2554 790 2584 827; x_wconf 89' lang='lat' dir='ltr'><strong>a</strong></span> <span class='ocrx_word' id='word_1_372' title='bbox 2618 780 3003 834; x_wconf 86' lang='lat' dir='ltr'><strong>communione</strong></span> <span class='ocrx_word' id='word_1_373' title='bbox 3032 783 3213 837; x_wconf 91' lang='lat' dir='ltr'><strong>modis</strong></span> <span class='ocrx_word' id='word_1_374' title='bbox 3247 799 3368 838; x_wconf 86' lang='lat' dir='ltr'><strong>om-</strong></span> 
     </span>
    </p>
   </div>
   <div class='ocr_carea' id='block_1_52' title="bbox 1794 862 3365 939">
    <p class='ocr_par' dir='ltr' id='par_1_52' title="bbox 1794 862 3365 939">
     <span class='ocr_line' id='line_1_52' title="bbox 1794 862 3365 939; baseline 0.008 -23"><span class='ocrx_word' id='word_1_375' title='bbox 1794 863 1956 917; x_wconf 83' lang='lat' dir='ltr'><strong>nibus</strong></span> <span class='ocrx_word' id='word_1_376' title='bbox 1978 862 2353 928; x_wconf 85' lang='lat' dir='ltr'><strong>abscindatur,</strong></span> <span class='ocrx_word' id='word_1_377' title='bbox 2380 865 2525 921; x_wconf 85' lang='lat' dir='ltr'><strong>sicut</strong></span> <span class='ocrx_word' id='word_1_378' title='bbox 2551 862 2741 920; x_wconf 87' lang='lat' dir='ltr'><strong>Simon</strong></span> <span class='ocrx_word' id='word_1_379' title='bbox 2779 866 2969 939; x_wconf 71' lang='lat' dir='ltr'><strong>Magus</strong></span> <span class='ocrx_word' id='word_1_380' title='bbox 3003 887 3035 926; x_wconf 90' lang='lat' dir='ltr'><strong>a</strong></span> <span class='ocrx_word' id='word_1_381' title='bbox 3067 888 3153 927; x_wconf 90' lang='lat' dir='ltr'><strong>me</strong></span> <span class='ocrx_word' id='word_1_382' title='bbox 3181 873 3365 929; x_wconf 86' lang='lat' dir='ltr'><strong>Petro.</strong></span> 
     </span>
    </p>
   </div>
   <div class='ocr_carea' id='block_1_53' title="bbox 2195 1044 2959 1116">
    <p class='ocr_par' dir='ltr' id='par_1_53' title="bbox 2195 1044 2959 1116">
     <span class='ocr_line' id='line_1_53' title="bbox 2195 1044 2959 1116; baseline 0.009 -19"><span class='ocrx_word' id='word_1_383' title='bbox 2195 1044 2272 1098; x_wconf 86' lang='lat' dir='ltr'><strong>De</strong></span> <span class='ocrx_word' id='word_1_384' title='bbox 2312 1047 2531 1099; x_wconf 78' lang='lat' dir='ltr'><strong>Actibus</strong></span> <span class='ocrx_word' id='word_1_385' title='bbox 2576 1050 2959 1116; x_wconf 75' lang='lat' dir='ltr'><strong>apostolorum.</strong></span> 
     </span>
    </p>
   </div>
   <div class='ocr_carea' id='block_1_54' title="bbox 1877 1132 3369 1215">
    <p class='ocr_par' dir='ltr' id='par_1_54' title="bbox 1877 1132 3369 1215">
     <span class='ocr_line' id='line_1_54' title="bbox 1877 1132 3369 1215; baseline 0.011 -30"><span class='ocrx_word' id='word_1_386' title='bbox 1877 1152 1895 1184; x_wconf 76' lang='grc' dir='ltr'><strong>ι</strong></span> <span class='ocrx_word' id='word_1_387' title='bbox 1925 1132 2065 1188; x_wconf 87' lang='lat' dir='ltr'><strong>Cum</strong></span> <span class='ocrx_word' id='word_1_388' title='bbox 2097 1136 2326 1191; x_wconf 85' lang='lat' dir='ltr'><strong>vidisset</strong></span> <span class='ocrx_word' id='word_1_389' title='bbox 2355 1146 2536 1191; x_wconf 86' lang='lat' dir='ltr'><strong>autem</strong></span> <span class='ocrx_word' id='word_1_390' title='bbox 2576 1137 2788 1204; x_wconf 88' lang='lat' dir='ltr'><strong>Simon,</strong></span> <span class='ocrx_word' id='word_1_391' title='bbox 2834 1143 2963 1210; x_wconf 90' lang='lat' dir='ltr'><strong>quia</strong></span> <span class='ocrx_word' id='word_1_392' title='bbox 3002 1158 3099 1212; x_wconf 90' lang='lat' dir='ltr'><strong>per</strong></span> <span class='ocrx_word' id='word_1_393' title='bbox 3135 1145 3369 1215; x_wconf 85' lang='lat' dir='ltr'><strong>imposi-</strong></span> 
     </span>
    </p>
   </div>
   <div class='ocr_carea' id='block_1_55' title="bbox 1797 1224 3367 1302">
    <p class='ocr_par' dir='ltr' id='par_1_55' title="bbox 1797 1224 3367 1302">
     <span class='ocr_line' id='line_1_55' title="bbox 1797 1224 3367 1302; baseline 0.011 -26"><span class='ocrx_word' id='word_1_394' title='bbox 1797 1224 2000 1278; x_wconf 88' lang='lat' dir='ltr'><strong>tionem</strong></span> <span class='ocrx_word' id='word_1_395' title='bbox 2019 1242 2213 1282; x_wconf 90' lang='lat' dir='ltr'><strong>manus</strong></span> <span class='ocrx_word' id='word_1_396' title='bbox 2230 1230 2601 1297; x_wconf 68' lang='lat' dir='ltr'><strong><em>apostolorum</em></strong></span> <span class='ocrx_word' id='word_1_397' title='bbox 2621 1232 2844 1286; x_wconf 77' lang='lat' dir='ltr'><strong>daretur</strong></span> <span class='ocrx_word' id='word_1_398' title='bbox 2860 1233 3101 1302; x_wconf 79' lang='lat' dir='ltr'><strong>Spiritus</strong></span> <span class='ocrx_word' id='word_1_399' title='bbox 3122 1247 3367 1301; x_wconf 87' lang='lat' dir='ltr'><strong>sanctus,</strong></span> 
     </span>
    </p>
   </div>
   <div class='ocr_carea' id='block_1_56' title="bbox 1795 1316 3371 1388">
    <p class='ocr_par' dir='ltr' id='par_1_56' title="bbox 1795 1316 3371 1388">
     <span class='ocr_line' id='line_1_56' title="bbox 1795 1316 3371 1388; baseline 0.008 -16"><span class='ocrx_word' id='word_1_400' title='bbox 1795 1316 1995 1372; x_wconf 84' lang='lat' dir='ltr'><strong>obtulit</strong></span> <span class='ocrx_word' id='word_1_401' title='bbox 2023 1317 2105 1371; x_wconf 86' lang='lat' dir='ltr'><strong>eis</strong></span> <span class='ocrx_word' id='word_1_402' title='bbox 2154 1321 2469 1388; x_wconf 85' lang='lat' dir='ltr'><strong>pecuniam,</strong></span> <span class='ocrx_word' id='word_1_403' title='bbox 2502 1322 2730 1376; x_wconf 86' lang='lat' dir='ltr'><strong>dicens:</strong></span> <span class='ocrx_word' id='word_1_404' title='bbox 2763 1323 2897 1379; x_wconf 87' lang='lat' dir='ltr'><strong>Date</strong></span> <span class='ocrx_word' id='word_1_405' title='bbox 2950 1337 3006 1380; x_wconf 87' lang='lat' dir='ltr'><strong>et</strong></span> <span class='ocrx_word' id='word_1_406' title='bbox 3037 1329 3173 1382; x_wconf 85' lang='lat' dir='ltr'><strong>mihi</strong></span> <span class='ocrx_word' id='word_1_407' title='bbox 3229 1330 3371 1384; x_wconf 79' lang='lat' dir='ltr'><strong>lianc</strong></span> 
     </span>
    </p>
   </div>
   <div class='ocr_carea' id='block_1_57' title="bbox 1797 1410 3371 1483">
    <p class='ocr_par' dir='ltr' id='par_1_57' title="bbox 1797 1410 3371 1483">
     <span class='ocr_line' id='line_1_57' title="bbox 1797 1410 3371 1483; baseline 0.008 -22"><span class='ocrx_word' id='word_1_408' title='bbox 1797 1417 2147 1476; x_wconf 85' lang='lat' dir='ltr'><strong>potestatem,</strong></span> <span class='ocrx_word' id='word_1_409' title='bbox 2184 1419 2243 1463; x_wconf 92' lang='lat' dir='ltr'><strong>ut</strong></span> <span class='ocrx_word' id='word_1_410' title='bbox 2270 1410 2580 1480; x_wconf 87' lang='lat' dir='ltr'><strong>cuicunque</strong></span> <span class='ocrx_word' id='word_1_411' title='bbox 2618 1413 2937 1482; x_wconf 87' lang='lat' dir='ltr'><strong>imposuero</strong></span> <span class='ocrx_word' id='word_1_412' title='bbox 2977 1432 3193 1483; x_wconf 86' lang='lat' dir='ltr'><strong>manus,</strong></span> <span class='ocrx_word' id='word_1_413' title='bbox 3225 1426 3371 1473; x_wconf 80' lang='lat' dir='ltr'><strong>acci—</strong></span> 
     </span>
    </p>
   </div>
   <div class='ocr_carea' id='block_1_58' title="bbox 1797 1498 3369 1570">
    <p class='ocr_par' dir='ltr' id='par_1_58' title="bbox 1797 1498 3369 1570">
     <span class='ocr_line' id='line_1_58' title="bbox 1797 1498 3369 1570; baseline 0.007 -18"><span class='ocrx_word' id='word_1_414' title='bbox 1797 1499 1910 1568; x_wconf 86' lang='lat' dir='ltr'><strong>piat</strong></span> <span class='ocrx_word' id='word_1_415' title='bbox 1948 1498 2216 1570; x_wconf 87' lang='lat' dir='ltr'><strong>Spiritum</strong></span> <span class='ocrx_word' id='word_1_416' title='bbox 2275 1509 2551 1556; x_wconf 87' lang='lat' dir='ltr'><strong>sanctum.</strong></span> <span class='ocrx_word' id='word_1_417' title='bbox 2613 1502 2811 1559; x_wconf 88' lang='lat' dir='ltr'><strong>Petrus</strong></span> <span class='ocrx_word' id='word_1_418' title='bbox 2875 1517 3058 1560; x_wconf 84' lang='lat' dir='ltr'><strong>autem</strong></span> <span class='ocrx_word' id='word_1_419' title='bbox 3111 1508 3249 1563; x_wconf 76' lang='lat' dir='ltr'><strong>dixit</strong></span> <span class='ocrx_word' id='word_1_420' title='bbox 3300 1514 3369 1563; x_wconf 81' lang='lat' dir='ltr'><strong>ad</strong></span> 
     </span>
    </p>
   </div>
   <div class='ocr_carea' id='block_1_59' title="bbox 1795 1592 3370 1672">
    <p class='ocr_par' dir='ltr' id='par_1_59' title="bbox 1795 1592 3370 1672">
     <span class='ocr_line' id='line_1_59' title="bbox 1795 1592 3370 1672; baseline 0.006 -26"><span class='ocrx_word' id='word_1_421' title='bbox 1795 1606 1921 1646; x_wconf 88' lang='lat' dir='ltr'><strong>eum</strong></span> <span class='ocrx_word' id='word_1_422' title='bbox 1950 1609 1963 1644; x_wconf 91' lang='lat'><strong>:</strong></span> <span class='ocrx_word' id='word_1_423' title='bbox 2004 1592 2243 1646; x_wconf 79' lang='lat' dir='ltr'><strong>Pecunia</strong></span> <span class='ocrx_word' id='word_1_424' title='bbox 2275 1602 2365 1647; x_wconf 88' lang='lat' dir='ltr'><strong>tua</strong></span> <span class='ocrx_word' id='word_1_425' title='bbox 2401 1603 2580 1649; x_wconf 89' lang='lat' dir='ltr'><strong>tecum</strong></span> <span class='ocrx_word' id='word_1_426' title='bbox 2612 1596 2683 1650; x_wconf 88' lang='lat' dir='ltr'><strong>sit</strong></span> <span class='ocrx_word' id='word_1_427' title='bbox 2712 1596 2766 1650; x_wconf 92' lang='lat' dir='ltr'><strong>in</strong></span> <span class='ocrx_word' id='word_1_428' title='bbox 2814 1597 3200 1666; x_wconf 80' lang='lat' dir='ltr'><strong>perditionem,</strong></span> <span class='ocrx_word' id='word_1_429' title='bbox 3241 1602 3370 1672; x_wconf 86' lang='lat' dir='ltr'><strong>quia</strong></span> 
     </span>
    </p>
   </div>
   <div class='ocr_carea' id='block_1_60' title="bbox 1796 1682 3372 1758">
    <p class='ocr_par' dir='ltr' id='par_1_60' title="bbox 1796 1682 3372 1758">
     <span class='ocr_line' id='line_1_60' title="bbox 1796 1682 3372 1758; baseline 0.006 -21"><span class='ocrx_word' id='word_1_430' title='bbox 1796 1683 1999 1738; x_wconf 88' lang='lat' dir='ltr'><strong>donum</strong></span> <span class='ocrx_word' id='word_1_431' title='bbox 2031 1682 2126 1739; x_wconf 88' lang='lat' dir='ltr'><strong>Dei</strong></span> <span class='ocrx_word' id='word_1_432' title='bbox 2157 1686 2484 1739; x_wconf 78' lang='lat' dir='ltr'><strong>existimasti</strong></span> <span class='ocrx_word' id='word_1_433' title='bbox 2515 1684 2746 1756; x_wconf 88' lang='lat' dir='ltr'><strong>pecunia</strong></span> <span class='ocrx_word' id='word_1_434' title='bbox 2786 1690 3093 1758; x_wconf 83' lang='lat' dir='ltr'><strong>possidere.</strong></span> <span class='ocrx_word' id='word_1_435' title='bbox 3128 1692 3244 1745; x_wconf 83' lang='lat' dir='ltr'><strong>Non</strong></span> <span class='ocrx_word' id='word_1_436' title='bbox 3286 1704 3372 1749; x_wconf 77' lang='lat' dir='ltr'><strong>est</strong></span> 
     </span>
    </p>
   </div>
   <div class='ocr_carea' id='block_1_61' title="bbox 1797 1774 3370 1846">
    <p class='ocr_par' dir='ltr' id='par_1_61' title="bbox 1797 1774 3370 1846">
     <span class='ocr_line' id='line_1_61' title="bbox 1797 1774 3370 1846; baseline 0.006 -18"><span class='ocrx_word' id='word_1_437' title='bbox 1797 1774 1895 1829; x_wconf 87' lang='lat' dir='ltr'><strong>tibi</strong></span> <span class='ocrx_word' id='word_1_438' title='bbox 1948 1791 2093 1845; x_wconf 84' lang='lat' dir='ltr'><strong>pars,</strong></span> <span class='ocrx_word' id='word_1_439' title='bbox 2144 1790 2321 1846; x_wconf 89' lang='lat' dir='ltr'><strong>neque</strong></span> <span class='ocrx_word' id='word_1_440' title='bbox 2347 1791 2470 1832; x_wconf 87' lang='lat' dir='ltr'><strong>sors</strong></span> <span class='ocrx_word' id='word_1_441' title='bbox 2527 1779 2582 1832; x_wconf 90' lang='lat' dir='ltr'><strong>in</strong></span> <span class='ocrx_word' id='word_1_442' title='bbox 2613 1793 2866 1835; x_wconf 86' lang='lat' dir='ltr'><strong>sermone</strong></span> <span class='ocrx_word' id='word_1_443' title='bbox 2894 1782 3032 1835; x_wconf 86' lang='lat' dir='ltr'><strong>isto:</strong></span> <span class='ocrx_word' id='word_1_444' title='bbox 3085 1798 3179 1836; x_wconf 91' lang='lat' dir='ltr'><strong>cor</strong></span> <span class='ocrx_word' id='word_1_445' title='bbox 3221 1785 3370 1838; x_wconf 89' lang='lat' dir='ltr'><strong>enim</strong></span> 
     </span>
    </p>
   </div>
   <div class='ocr_carea' id='block_1_62' title="bbox 1794 1871 3370 1931">
    <p class='ocr_par' dir='ltr' id='par_1_62' title="bbox 1794 1871 3370 1931">
     <span class='ocr_line' id='line_1_62' title="bbox 1794 1871 3370 1931; baseline 0.005 -8"><span class='ocrx_word' id='word_1_446' title='bbox 1794 1877 2086 1923; x_wconf 90' lang='lat' dir='ltr'><strong>tuumnon</strong></span> <span class='ocrx_word' id='word_1_447' title='bbox 2134 1880 2218 1924; x_wconf 85' lang='lat' dir='ltr'><strong>est</strong></span> <span class='ocrx_word' id='word_1_448' title='bbox 2276 1878 2486 1924; x_wconf 86' lang='lat' dir='ltr'><strong>rectum</strong></span> <span class='ocrx_word' id='word_1_449' title='bbox 2542 1886 2730 1925; x_wconf 86' lang='lat' dir='ltr'><strong>coram</strong></span> <span class='ocrx_word' id='word_1_450' title='bbox 2793 1871 2922 1928; x_wconf 89' lang='lat' dir='ltr'><strong>Deo.</strong></span> <span class='ocrx_word' id='word_1_451' title='bbox 2982 1872 3370 1931; x_wconf 69' lang='lat' dir='ltr'><strong>Paenitentiam</strong></span> 
     </span>
    </p>
   </div>
   <div class='ocr_carea' id='block_1_63' title="bbox 1797 1960 3369 2036">
    <p class='ocr_par' dir='ltr' id='par_1_63' title="bbox 1797 1960 3369 2036">
     <span class='ocr_line' id='line_1_63' title="bbox 1797 1960 3369 2036; baseline 0.006 -23"><span class='ocrx_word' id='word_1_452' title='bbox 1797 1960 1981 2031; x_wconf 86' lang='lat' dir='ltr'><strong>itaque</strong></span> <span class='ocrx_word' id='word_1_453' title='bbox 2014 1976 2114 2032; x_wconf 83' lang='lat' dir='ltr'><strong>age</strong></span> <span class='ocrx_word' id='word_1_454' title='bbox 2156 1962 2226 2015; x_wconf 89' lang='lat' dir='ltr'><strong>ab</strong></span> <span class='ocrx_word' id='word_1_455' title='bbox 2268 1961 2369 2016; x_wconf 82' lang='lat' dir='ltr'><strong>hac</strong></span> <span class='ocrx_word' id='word_1_456' title='bbox 2400 1963 2643 2031; x_wconf 85' lang='lat' dir='ltr'><strong>nequitia</strong></span> <span class='ocrx_word' id='word_1_457' title='bbox 2672 1972 2785 2027; x_wconf 90' lang='lat' dir='ltr'><strong>tua,</strong></span> <span class='ocrx_word' id='word_1_458' title='bbox 2818 1973 2873 2018; x_wconf 92' lang='lat' dir='ltr'><strong>et</strong></span> <span class='ocrx_word' id='word_1_459' title='bbox 2930 1980 3057 2036; x_wconf 90' lang='lat' dir='ltr'><strong>roga</strong></span> <span class='ocrx_word' id='word_1_460' title='bbox 3087 1965 3282 2033; x_wconf 90' lang='lat' dir='ltr'><strong>Deum,</strong></span> <span class='ocrx_word' id='word_1_461' title='bbox 3321 1972 3369 2023; x_wconf 88' lang='lat' dir='ltr'><strong>si</strong></span> 
     </span>
    </p>
   </div>
   <div class='ocr_carea' id='block_1_64' title="bbox 1794 2051 3368 2123">
    <p class='ocr_par' dir='ltr' id='par_1_64' title="bbox 1794 2051 3368 2123">
     <span class='ocr_line' id='line_1_64' title="bbox 1794 2051 3368 2123; baseline 0.005 -20"><span class='ocrx_word' id='word_1_462' title='bbox 1794 2051 1935 2106; x_wconf 82' lang='lat' dir='ltr'><strong>forte</strong></span> <span class='ocrx_word' id='word_1_463' title='bbox 1964 2053 2276 2107; x_wconf 84' lang='lat' dir='ltr'><strong>remittatur</strong></span> <span class='ocrx_word' id='word_1_464' title='bbox 2327 2052 2424 2106; x_wconf 90' lang='lat' dir='ltr'><strong>tibi</strong></span> <span class='ocrx_word' id='word_1_465' title='bbox 2462 2052 2575 2107; x_wconf 67' lang='lat' dir='ltr'><strong>haec</strong></span> <span class='ocrx_word' id='word_1_466' title='bbox 2620 2054 2884 2123; x_wconf 80' lang='lat' dir='ltr'><strong>cogitatio</strong></span> <span class='ocrx_word' id='word_1_467' title='bbox 2928 2057 3113 2110; x_wconf 88' lang='lat' dir='ltr'><strong>cordis</strong></span> <span class='ocrx_word' id='word_1_468' title='bbox 3166 2059 3266 2111; x_wconf 91' lang='lat' dir='ltr'><strong>tui.</strong></span> <span class='ocrx_word' id='word_1_469' title='bbox 3310 2058 3368 2111; x_wconf 90' lang='lat' dir='ltr'><strong>In</strong></span> 
     </span>
    </p>
   </div>
   <div class='ocr_carea' id='block_1_65' title="bbox 1792 2144 3370 2218">
    <p class='ocr_par' dir='ltr' id='par_1_65' title="bbox 1792 2144 3370 2218">
     <span class='ocr_line' id='line_1_65' title="bbox 1792 2144 3370 2218; baseline 0.003 -19"><span class='ocrx_word' id='word_1_470' title='bbox 1792 2144 1920 2199; x_wconf 81' lang='lat' dir='ltr'><strong>felle</strong></span> <span class='ocrx_word' id='word_1_471' title='bbox 1947 2144 2096 2198; x_wconf 85' lang='lat' dir='ltr'><strong>enim</strong></span> <span class='ocrx_word' id='word_1_472' title='bbox 2135 2144 2521 2200; x_wconf 86' lang='lat' dir='ltr'><strong>amaritudinis</strong></span> <span class='ocrx_word' id='word_1_473' title='bbox 2570 2154 2627 2200; x_wconf 89' lang='lat' dir='ltr'><strong>et</strong></span> <span class='ocrx_word' id='word_1_474' title='bbox 2674 2145 3011 2216; x_wconf 79' lang='lat' dir='ltr'><strong>obligatione</strong></span> <span class='ocrx_word' id='word_1_475' title='bbox 3063 2147 3370 2218; x_wconf 84' lang='lat' dir='ltr'><strong>iniquitatis</strong></span> 
     </span>
    </p>
   </div>
   <div class='ocr_carea' id='block_1_66' title="bbox 1792 2235 2337 2291">
    <p class='ocr_par' dir='ltr' id='par_1_66' title="bbox 1792 2235 2337 2291">
     <span class='ocr_line' id='line_1_66' title="bbox 1792 2235 2337 2291; baseline 0 -2"><span class='ocrx_word' id='word_1_476' title='bbox 1792 2235 1953 2291; x_wconf 89' lang='lat' dir='ltr'><strong>video</strong></span> <span class='ocrx_word' id='word_1_477' title='bbox 1980 2245 2032 2291; x_wconf 89' lang='lat' dir='ltr'><strong>te</strong></span> <span class='ocrx_word' id='word_1_478' title='bbox 2053 2249 2177 2291; x_wconf 90' lang='lat' dir='ltr'><strong>esse</strong></span> <span class='ocrx_word' id='word_1_479' title='bbox 2207 2235 2283 2290; x_wconf 81' lang='grc'><strong>³⁸.</strong></span> <span class='ocrx_word' id='word_1_480' title='bbox 2317 2255 2337 2289; x_wconf 80' lang='grc' dir='ltr'><strong>ι</strong></span> 
     </span>
    </p>
   </div>
   <div class='ocr_carea' id='block_1_67' title="bbox 2189 2414 2985 2488">
    <p class='ocr_par' dir='ltr' id='par_1_67' title="bbox 2189 2414 2985 2488">
     <span class='ocr_line' id='line_1_67' title="bbox 2189 2414 2985 2488; baseline 0.01 -21"><span class='ocrx_word' id='word_1_481' title='bbox 2189 2414 2274 2468; x_wconf 80' lang='lat' dir='ltr'><strong>Ea:</strong></span> <span class='ocrx_word' id='word_1_482' title='bbox 2304 2415 2442 2469; x_wconf 80' lang='lat' dir='ltr'><strong>libro</strong></span> <span class='ocrx_word' id='word_1_483' title='bbox 2478 2417 2636 2471; x_wconf 76' lang='lat' dir='ltr'><strong>tertio</strong></span> <span class='ocrx_word' id='word_1_484' title='bbox 2665 2416 2985 2488; x_wconf 81' lang='lat' dir='ltr'><strong>Regnorum.</strong></span> 
     </span>
    </p>
   </div>
   <div class='ocr_carea' id='block_1_68' title="bbox 1866 2502 3368 2582">
    <p class='ocr_par' dir='ltr' id='par_1_68' title="bbox 1866 2502 3368 2582">
     <span class='ocr_line' id='line_1_68' title="bbox 1866 2502 3368 2582; baseline 0.009 -27"><span class='ocrx_word' id='word_1_485' title='bbox 1866 2523 1886 2555; x_wconf 74' lang='grc' dir='ltr'><strong>ι</strong></span> <span class='ocrx_word' id='word_1_486' title='bbox 1917 2502 2036 2558; x_wconf 88' lang='lat' dir='ltr'><strong>Non</strong></span> <span class='ocrx_word' id='word_1_487' title='bbox 2067 2512 2149 2559; x_wconf 88' lang='lat' dir='ltr'><strong>est</strong></span> <span class='ocrx_word' id='word_1_488' title='bbox 2175 2520 2425 2561; x_wconf 84' lang='lat' dir='ltr'><strong>reversus</strong></span> <span class='ocrx_word' id='word_1_489' title='bbox 2457 2504 2748 2562; x_wconf 85' lang='lat' dir='ltr'><strong>Jeroboam</strong></span> <span class='ocrx_word' id='word_1_490' title='bbox 2776 2510 2844 2565; x_wconf 89' lang='lat' dir='ltr'><strong>de</strong></span> <span class='ocrx_word' id='word_1_491' title='bbox 2874 2512 2958 2565; x_wconf 88' lang='lat' dir='ltr'><strong>via</strong></span> <span class='ocrx_word' id='word_1_492' title='bbox 2990 2527 3088 2567; x_wconf 84' lang='lat' dir='ltr'><strong>sua</strong></span> <span class='ocrx_word' id='word_1_493' title='bbox 3109 2514 3368 2582; x_wconf 83' lang='lat' dir='ltr'><strong>pessima,</strong></span> 
     </span>
    </p>
   </div>
   <div class='ocr_carea' id='block_1_69' title="bbox 1793 2597 3368 2675">
    <p class='ocr_par' dir='ltr' id='par_1_69' title="bbox 1793 2597 3368 2675">
     <span class='ocr_line' id='line_1_69' title="bbox 1793 2597 3368 2675; baseline 0.008 -25"><span class='ocrx_word' id='word_1_494' title='bbox 1793 2597 1886 2653; x_wconf 86' lang='lat' dir='ltr'><strong>sed</strong></span> <span class='ocrx_word' id='word_1_495' title='bbox 1913 2598 2247 2651; x_wconf 86' lang='lat' dir='ltr'><strong>econtrario</strong></span> <span class='ocrx_word' id='word_1_496' title='bbox 2280 2597 2410 2653; x_wconf 80' lang='lat' dir='ltr'><strong>fecit</strong></span> <span class='ocrx_word' id='word_1_497' title='bbox 2465 2599 2533 2653; x_wconf 87' lang='lat' dir='ltr'><strong>de</strong></span> <span class='ocrx_word' id='word_1_498' title='bbox 2567 2602 2886 2657; x_wconf 85' lang='lat' dir='ltr'><strong>novissimis</strong></span> <span class='ocrx_word' id='word_1_499' title='bbox 2934 2608 3121 2675; x_wconf 80' lang='lat' dir='ltr'><strong>pepuli</strong></span> <span class='ocrx_word' id='word_1_500' title='bbox 3179 2624 3368 2663; x_wconf 85' lang='lat' dir='ltr'><strong>sacer--</strong></span> 
     </span>
    </p>
   </div>
   <div class='ocr_carea' id='block_1_70' title="bbox 1792 2684 3392 2763">
    <p class='ocr_par' dir='ltr' id='par_1_70' title="bbox 1792 2684 3392 2763">
     <span class='ocr_line' id='line_1_70' title="bbox 1792 2684 3392 2763; baseline 0.008 -25"><span class='ocrx_word' id='word_1_501' title='bbox 1792 2684 1952 2739; x_wconf 90' lang='lat' dir='ltr'><strong>dotes</strong></span> <span class='ocrx_word' id='word_1_502' title='bbox 1980 2688 2347 2742; x_wconf 77' lang='lat' dir='ltr'><strong>excelsorum.</strong></span> <span class='ocrx_word' id='word_1_503' title='bbox 2399 2687 2729 2759; x_wconf 85' lang='lat' dir='ltr'><strong>Quicunque</strong></span> <span class='ocrx_word' id='word_1_504' title='bbox 2799 2692 3034 2759; x_wconf 79' lang='lat' dir='ltr'><strong>volebat,</strong></span> <span class='ocrx_word' id='word_1_505' title='bbox 3098 2696 3392 2763; x_wconf 62' lang='lat' dir='ltr'><strong>implebat.</strong></span> 
     </span>
    </p>
   </div>
   <div class='ocr_carea' id='block_1_71' title="bbox 1791 2780 3369 2852">
    <p class='ocr_par' dir='ltr' id='par_1_71' title="bbox 1791 2780 3369 2852">
     <span class='ocr_line' id='line_1_71' title="bbox 1791 2780 3369 2852; baseline 0.01 -23"><span class='ocrx_word' id='word_1_506' title='bbox 1791 2792 2014 2831; x_wconf 88' lang='lat' dir='ltr'><strong>manum</strong></span> <span class='ocrx_word' id='word_1_507' title='bbox 2066 2794 2223 2833; x_wconf 86' lang='lat' dir='ltr'><strong>suam</strong></span> <span class='ocrx_word' id='word_1_508' title='bbox 2259 2788 2314 2833; x_wconf 89' lang='lat' dir='ltr'><strong>et</strong></span> <span class='ocrx_word' id='word_1_509' title='bbox 2346 2780 2509 2834; x_wconf 79' lang='lat' dir='ltr'><strong>ﬁebat</strong></span> <span class='ocrx_word' id='word_1_510' title='bbox 2556 2782 2816 2836; x_wconf 84' lang='lat' dir='ltr'><strong>sacerdos</strong></span> <span class='ocrx_word' id='word_1_511' title='bbox 2876 2788 3248 2852; x_wconf 81' lang='lat' dir='ltr'><strong>exeelsorutn,</strong></span> <span class='ocrx_word' id='word_1_512' title='bbox 3313 2802 3369 2844; x_wconf 88' lang='lat' dir='ltr'><strong>et</strong></span> 
     </span>
    </p>
   </div>
   <div class='ocr_carea' id='block_1_72' title="bbox 1791 2867 3366 2943">
    <p class='ocr_par' dir='ltr' id='par_1_72' title="bbox 1791 2867 3366 2943">
     <span class='ocr_line' id='line_1_72' title="bbox 1791 2867 3366 2943; baseline 0.011 -25"><span class='ocrx_word' id='word_1_513' title='bbox 1791 2875 2014 2935; x_wconf 78' lang='lat' dir='ltr'><strong>prapter</strong></span> <span class='ocrx_word' id='word_1_514' title='bbox 2057 2867 2201 2920; x_wconf 86' lang='lat' dir='ltr'><strong>hanc</strong></span> <span class='ocrx_word' id='word_1_515' title='bbox 2232 2882 2459 2921; x_wconf 87' lang='lat' dir='ltr'><strong>causam</strong></span> <span class='ocrx_word' id='word_1_516' title='bbox 2497 2874 2741 2938; x_wconf 87' lang='lat' dir='ltr'><strong>peccavit</strong></span> <span class='ocrx_word' id='word_1_517' title='bbox 2790 2872 2986 2929; x_wconf 91' lang='lat' dir='ltr'><strong>domus</strong></span> <span class='ocrx_word' id='word_1_518' title='bbox 3046 2875 3366 2943; x_wconf 81' lang='lat' dir='ltr'><strong>Jeroboam,</strong></span> 
     </span>
    </p>
   </div>
   <div class='ocr_carea' id='block_1_73' title="bbox 1788 2959 3243 3031">
    <p class='ocr_par' dir='ltr' id='par_1_73' title="bbox 1788 2959 3243 3031">
     <span class='ocr_line' id='line_1_73' title="bbox 1788 2959 3243 3031; baseline 0.008 -20"><span class='ocrx_word' id='word_1_519' title='bbox 1788 2968 1842 3012; x_wconf 87' lang='lat' dir='ltr'><strong>et</strong></span> <span class='ocrx_word' id='word_1_520' title='bbox 1872 2972 2063 3013; x_wconf 85' lang='lat' dir='ltr'><strong>eversa</strong></span> <span class='ocrx_word' id='word_1_521' title='bbox 2087 2969 2191 3023; x_wconf 83' lang='lat' dir='ltr'><strong>est,</strong></span> <span class='ocrx_word' id='word_1_522' title='bbox 2223 2969 2279 3013; x_wconf 90' lang='lat' dir='ltr'><strong>et</strong></span> <span class='ocrx_word' id='word_1_523' title='bbox 2296 2959 2473 3014; x_wconf 85' lang='lat' dir='ltr'><strong>deleta</strong></span> <span class='ocrx_word' id='word_1_524' title='bbox 2501 2962 2735 3031; x_wconf 81' lang='lat' dir='ltr'><strong>desuper</strong></span> <span class='ocrx_word' id='word_1_525' title='bbox 2767 2963 2906 3020; x_wconf 80' lang='lat' dir='ltr'><strong>facie</strong></span> <span class='ocrx_word' id='word_1_526' title='bbox 2937 2976 3097 3023; x_wconf 65' lang='lat' dir='ltr'><strong>terra:</strong></span> <span class='ocrx_word' id='word_1_527' title='bbox 3128 2970 3193 3025; x_wconf 83' lang='lat'><strong>&quot;.</strong></span> <span class='ocrx_word' id='word_1_528' title='bbox 3225 2992 3243 3022; x_wconf 78' lang='grc' dir='ltr'><strong>ι</strong></span> 
     </span>
    </p>
   </div>
   <div class='ocr_carea' id='block_1_74' title="bbox 1933 3152 3223 3235">
    <p class='ocr_par' dir='ltr' id='par_1_74' title="bbox 1933 3152 3223 3235">
     <span class='ocr_line' id='line_1_74' title="bbox 1933 3152 3223 3235; baseline 0.015 -30"><span class='ocrx_word' id='word_1_529' title='bbox 1933 3152 2017 3206; x_wconf 79' lang='lat' dir='ltr'><strong>Ea:</strong></span> <span class='ocrx_word' id='word_1_530' title='bbox 2054 3154 2191 3208; x_wconf 80' lang='lat' dir='ltr'><strong>libro</strong></span> <span class='ocrx_word' id='word_1_531' title='bbox 2221 3169 2413 3225; x_wconf 82' lang='lat' dir='ltr'><strong>quarto</strong></span> <span class='ocrx_word' id='word_1_532' title='bbox 2446 3158 2770 3231; x_wconf 76' lang='lat' dir='ltr'><strong>Regnorum,</strong></span> <span class='ocrx_word' id='word_1_533' title='bbox 2800 3165 2865 3219; x_wconf 83' lang='lat' dir='ltr'><strong>de</strong></span> <span class='ocrx_word' id='word_1_534' title='bbox 2883 3166 3030 3235; x_wconf 85' lang='lat' dir='ltr'><strong>lepra</strong></span> <span class='ocrx_word' id='word_1_535' title='bbox 3055 3168 3223 3224; x_wconf 74' lang='lat' dir='ltr'><strong>Ciezi.</strong></span> 
     </span>
    </p>
   </div>
   <div class='ocr_carea' id='block_1_75' title="bbox 1867 3308 3367 3378">
    <p class='ocr_par' dir='ltr' id='par_1_75' title="bbox 1867 3308 3367 3378">
     <span class='ocr_line' id='line_1_75' title="bbox 1867 3308 3367 3378; baseline 0.014 -20"><span class='ocrx_word' id='word_1_536' title='bbox 1867 3326 1885 3358; x_wconf 77' lang='grc' dir='ltr'><strong>ι</strong></span> <span class='ocrx_word' id='word_1_537' title='bbox 1923 3308 2301 3378; x_wconf 68' lang='grc' dir='ltr'>Ιζρνειευεηυε</span> <span class='ocrx_word' id='word_1_538' title='bbox 2350 3309 2591 3367; x_wconf 84' lang='lat' dir='ltr'><strong>Naatnau</strong></span> <span class='ocrx_word' id='word_1_539' title='bbox 2629 3315 2695 3369; x_wconf 87' lang='lat' dir='ltr'><strong>ad</strong></span> <span class='ocrx_word' id='word_1_540' title='bbox 2744 3317 2921 3372; x_wconf 88' lang='lat' dir='ltr'><strong>virum</strong></span> <span class='ocrx_word' id='word_1_541' title='bbox 2961 3320 3051 3374; x_wconf 85' lang='lat' dir='ltr'><strong>Dei</strong></span> <span class='ocrx_word' id='word_1_542' title='bbox 3093 3337 3215 3377; x_wconf 87' lang='lat' dir='ltr'><strong>cum</strong></span> <span class='ocrx_word' id='word_1_543' title='bbox 3242 3327 3367 3378; x_wconf 49' lang='lat' dir='ltr'><strong>uni.</strong></span> 
     </span>
    </p>
   </div>
   <div class='ocr_carea' id='block_1_76' title="bbox 1792 3402 3367 3478">
    <p class='ocr_par' dir='ltr' id='par_1_76' title="bbox 1792 3402 3367 3478">
     <span class='ocr_line' id='line_1_76' title="bbox 1792 3402 3367 3478; baseline 0.013 -26"><span class='ocrx_word' id='word_1_544' title='bbox 1792 3414 1952 3467; x_wconf 83' lang='lat' dir='ltr'><strong>verso</strong></span> <span class='ocrx_word' id='word_1_545' title='bbox 1995 3402 2256 3457; x_wconf 82' lang='lat' dir='ltr'><strong>comitatu</strong></span> <span class='ocrx_word' id='word_1_546' title='bbox 2286 3417 2409 3471; x_wconf 88' lang='lat' dir='ltr'><strong>suo,</strong></span> <span class='ocrx_word' id='word_1_547' title='bbox 2449 3406 2600 3459; x_wconf 88' lang='lat' dir='ltr'><strong>venit</strong></span> <span class='ocrx_word' id='word_1_548' title='bbox 2645 3419 2699 3461; x_wconf 87' lang='lat' dir='ltr'><strong>et</strong></span> <span class='ocrx_word' id='word_1_549' title='bbox 2740 3411 2892 3464; x_wconf 89' lang='lat' dir='ltr'><strong>stetit</strong></span> <span class='ocrx_word' id='word_1_550' title='bbox 2939 3426 3125 3467; x_wconf 84' lang='lat' dir='ltr'><strong>coram</strong></span> <span class='ocrx_word' id='word_1_551' title='bbox 3178 3430 3265 3478; x_wconf 86' lang='lat' dir='ltr'><strong>eo.</strong></span> <span class='ocrx_word' id='word_1_552' title='bbox 3312 3429 3367 3474; x_wconf 87' lang='lat' dir='ltr'><strong>et</strong></span> 
     </span>
    </p>
   </div>
   <div class='ocr_carea' id='block_1_77' title="bbox 1790 3492 3363 3563">
    <p class='ocr_par' dir='ltr' id='par_1_77' title="bbox 1790 3492 3363 3563">
     <span class='ocr_line' id='line_1_77' title="bbox 1790 3492 3363 3563; baseline 0.012 -19"><span class='ocrx_word' id='word_1_553' title='bbox 1790 3492 1868 3544; x_wconf 86' lang='lat' dir='ltr'><strong>ait</strong></span> <span class='ocrx_word' id='word_1_554' title='bbox 1900 3509 1913 3543; x_wconf 90' lang='lat'><strong>:</strong></span> <span class='ocrx_word' id='word_1_555' title='bbox 1965 3492 2104 3546; x_wconf 82' lang='lat' dir='ltr'><strong>Vere</strong></span> <span class='ocrx_word' id='word_1_556' title='bbox 2130 3494 2246 3547; x_wconf 87' lang='lat' dir='ltr'><strong>scio</strong></span> <span class='ocrx_word' id='word_1_557' title='bbox 2275 3494 2421 3563; x_wconf 89' lang='lat' dir='ltr'><strong>quod</strong></span> <span class='ocrx_word' id='word_1_558' title='bbox 2452 3511 2561 3549; x_wconf 88' lang='lat' dir='ltr'><strong>non</strong></span> <span class='ocrx_word' id='word_1_559' title='bbox 2586 3496 2659 3551; x_wconf 91' lang='lat' dir='ltr'><strong>sit</strong></span> <span class='ocrx_word' id='word_1_560' title='bbox 2696 3499 2835 3553; x_wconf 85' lang='lat' dir='ltr'><strong>Deus</strong></span> <span class='ocrx_word' id='word_1_561' title='bbox 2866 3502 3006 3556; x_wconf 87' lang='lat' dir='ltr'><strong>alius</strong></span> <span class='ocrx_word' id='word_1_562' title='bbox 3033 3503 3084 3557; x_wconf 91' lang='lat' dir='ltr'><strong>in</strong></span> <span class='ocrx_word' id='word_1_563' title='bbox 3107 3508 3363 3563; x_wconf 80' lang='lat' dir='ltr'><strong>universa</strong></span> 
     </span>
    </p>
   </div>
   <div class='ocr_carea' id='block_1_78' title="bbox 1790 3584 3367 3667">
    <p class='ocr_par' dir='ltr' id='par_1_78' title="bbox 1790 3584 3367 3667">
     <span class='ocr_line' id='line_1_78' title="bbox 1790 3584 3367 3667; baseline 0.01 -29"><span class='ocrx_word' id='word_1_564' title='bbox 1790 3593 1962 3647; x_wconf 85' lang='lat' dir='ltr'><strong>terra,</strong></span> <span class='ocrx_word' id='word_1_565' title='bbox 2004 3584 2109 3637; x_wconf 85' lang='lat' dir='ltr'><strong>nisi</strong></span> <span class='ocrx_word' id='word_1_566' title='bbox 2157 3594 2369 3639; x_wconf 88' lang='lat' dir='ltr'><strong>tantum</strong></span> <span class='ocrx_word' id='word_1_567' title='bbox 2418 3586 2471 3640; x_wconf 94' lang='lat' dir='ltr'><strong>in</strong></span> <span class='ocrx_word' id='word_1_568' title='bbox 2521 3587 2706 3643; x_wconf 84' lang='lat' dir='ltr'><strong>Israel.</strong></span> <span class='ocrx_word' id='word_1_569' title='bbox 2756 3592 2997 3648; x_wconf 87' lang='lat' dir='ltr'><strong>Obsecro</strong></span> <span class='ocrx_word' id='word_1_570' title='bbox 3051 3597 3252 3667; x_wconf 77' lang='lat' dir='ltr'><strong>itaque,</strong></span> <span class='ocrx_word' id='word_1_571' title='bbox 3308 3612 3367 3658; x_wconf 85' lang='lat' dir='ltr'><strong>ut</strong></span> 
     </span>
    </p>
   </div>
   <div class='ocr_carea' id='block_1_79' title="bbox 1790 3674 3362 3758">
    <p class='ocr_par' dir='ltr' id='par_1_79' title="bbox 1790 3674 3362 3758">
     <span class='ocr_line' id='line_1_79' title="bbox 1790 3674 3362 3758; baseline 0.01 -30"><span class='ocrx_word' id='word_1_572' title='bbox 1790 3674 2028 3743; x_wconf 82' lang='lat' dir='ltr'><strong>accipias</strong></span> <span class='ocrx_word' id='word_1_573' title='bbox 2059 3674 2493 3731; x_wconf 89' lang='lat' dir='ltr'><strong>benedictionem</strong></span> <span class='ocrx_word' id='word_1_574' title='bbox 2525 3695 2555 3732; x_wconf 88' lang='lat' dir='ltr'><strong>a</strong></span> <span class='ocrx_word' id='word_1_575' title='bbox 2580 3697 2744 3735; x_wconf 82' lang='lat' dir='ltr'><strong>servo</strong></span> <span class='ocrx_word' id='word_1_576' title='bbox 2776 3692 2890 3737; x_wconf 91' lang='lat' dir='ltr'><strong>tuo.</strong></span> <span class='ocrx_word' id='word_1_577' title='bbox 2920 3684 2987 3739; x_wconf 81' lang='lat' dir='ltr'><strong>At</strong></span> <span class='ocrx_word' id='word_1_578' title='bbox 3013 3688 3103 3741; x_wconf 90' lang='lat' dir='ltr'><strong>ille</strong></span> <span class='ocrx_word' id='word_1_579' title='bbox 3140 3704 3362 3758; x_wconf 84' lang='lat' dir='ltr'><strong>respon-</strong></span> 
     </span>
    </p>
   </div>
   <div class='ocr_carea' id='block_1_80' title="bbox 1789 3764 3361 3846">
    <p class='ocr_par' dir='ltr' id='par_1_80' title="bbox 1789 3764 3361 3846">
     <span class='ocr_line' id='line_1_80' title="bbox 1789 3764 3361 3846; baseline 0.011 -26"><span class='ocrx_word' id='word_1_580' title='bbox 1789 3764 1869 3820; x_wconf 90' lang='lat' dir='ltr'><strong>dit</strong></span> <span class='ocrx_word' id='word_1_581' title='bbox 1894 3784 1907 3818; x_wconf 94' lang='lat'>:</span> <span class='ocrx_word' id='word_1_582' title='bbox 1949 3764 2091 3819; x_wconf 76' lang='lat' dir='ltr'><strong>Vivit</strong></span> <span class='ocrx_word' id='word_1_583' title='bbox 2120 3765 2403 3831; x_wconf 88' lang='lat' dir='ltr'><strong>Dominus,</strong></span> <span class='ocrx_word' id='word_1_584' title='bbox 2427 3779 2554 3824; x_wconf 89' lang='lat' dir='ltr'><strong>ante</strong></span> <span class='ocrx_word' id='word_1_585' title='bbox 2578 3788 2741 3839; x_wconf 88' lang='lat' dir='ltr'><strong>quem</strong></span> <span class='ocrx_word' id='word_1_586' title='bbox 2773 3785 2878 3841; x_wconf 89' lang='lat' dir='ltr'><strong>sto,</strong></span> <span class='ocrx_word' id='word_1_587' title='bbox 2904 3778 3032 3846; x_wconf 88' lang='lat' dir='ltr'><strong>quia</strong></span> <span class='ocrx_word' id='word_1_588' title='bbox 3062 3796 3169 3833; x_wconf 93' lang='lat' dir='ltr'><strong>non</strong></span> <span class='ocrx_word' id='word_1_589' title='bbox 3206 3786 3361 3838; x_wconf 77' lang='lat' dir='ltr'><strong>acci-</strong></span> 
     </span>
    </p>
   </div>
   <div class='ocr_carea' id='block_1_81' title="bbox 1791 3859 3362 3943">
    <p class='ocr_par' dir='ltr' id='par_1_81' title="bbox 1791 3859 3362 3943">
     <span class='ocr_line' id='line_1_81' title="bbox 1791 3859 3362 3943; baseline 0.01 -30"><span class='ocrx_word' id='word_1_590' title='bbox 1791 3860 1961 3929; x_wconf 87' lang='lat' dir='ltr'><strong>piam.</strong></span> <span class='ocrx_word' id='word_1_591' title='bbox 1990 3859 2243 3928; x_wconf 79' lang='lat' dir='ltr'><strong>Cumque</strong></span> <span class='ocrx_word' id='word_1_592' title='bbox 2266 3860 2377 3913; x_wconf 86' lang='lat' dir='ltr'><strong>vim</strong></span> <span class='ocrx_word' id='word_1_593' title='bbox 2410 3860 2637 3928; x_wconf 82' lang='lat' dir='ltr'><strong>l&#39;aceret,</strong></span> <span class='ocrx_word' id='word_1_594' title='bbox 2692 3867 2911 3934; x_wconf 86' lang='lat' dir='ltr'><strong>penitus</strong></span> <span class='ocrx_word' id='word_1_595' title='bbox 2979 3886 3088 3923; x_wconf 91' lang='lat' dir='ltr'><strong>non</strong></span> <span class='ocrx_word' id='word_1_596' title='bbox 3131 3888 3362 3943; x_wconf 81' lang='lat' dir='ltr'><strong>acquie-</strong></span> 
     </span>
    </p>
   </div>
   <div class='ocr_carea' id='block_1_82' title="bbox 1790 3950 3367 4034">
    <p class='ocr_par' dir='ltr' id='par_1_82' title="bbox 1790 3950 3367 4034">
     <span class='ocr_line' id='line_1_82' title="bbox 1790 3950 3367 4034; baseline 0.011 -30"><span class='ocrx_word' id='word_1_597' title='bbox 1790 3952 1867 4005; x_wconf 88' lang='lat' dir='ltr'><strong>vit</strong></span> <span class='ocrx_word' id='word_1_598' title='bbox 1895 3952 2014 4004; x_wconf 80' lang='grc'>³¹.›</span> <span class='ocrx_word' id='word_1_599' title='bbox 2068 3950 2133 4005; x_wconf 88' lang='lat' dir='ltr'><strong>Et</strong></span> <span class='ocrx_word' id='word_1_600' title='bbox 2178 3961 2302 4021; x_wconf 86' lang='lat' dir='ltr'><strong>post</strong></span> <span class='ocrx_word' id='word_1_601' title='bbox 2354 3969 2574 4023; x_wconf 84' lang='lat' dir='ltr'><strong>pauca:</strong></span> <span class='ocrx_word' id='word_1_602' title='bbox 2636 3975 2655 4007; x_wconf 78' lang='grc' dir='ltr'><strong>ε</strong></span> <span class='ocrx_word' id='word_1_603' title='bbox 2699 3957 2952 4029; x_wconf 73' lang='lat' dir='ltr'><strong>Dixitque</strong></span> <span class='ocrx_word' id='word_1_604' title='bbox 3010 3962 3159 4018; x_wconf 80' lang='lat' dir='ltr'><strong>Giezi</strong></span> <span class='ocrx_word' id='word_1_605' title='bbox 3230 3983 3367 4034; x_wconf 81' lang='lat' dir='ltr'><strong>puer</strong></span> 
     </span>
    </p>
   </div>
   <div class='ocr_carea' id='block_1_83' title="bbox 1789 4042 3365 4132">
    <p class='ocr_par' dir='ltr' id='par_1_83' title="bbox 1789 4042 3365 4132">
     <span class='ocr_line' id='line_1_83' title="bbox 1789 4042 3365 4132; baseline 0.013 -38"><span class='ocrx_word' id='word_1_606' title='bbox 1789 4043 1894 4096; x_wconf 89' lang='lat' dir='ltr'><strong>viri</strong></span> <span class='ocrx_word' id='word_1_607' title='bbox 1948 4042 2093 4098; x_wconf 77' lang='lat' dir='ltr'><strong>Dei:</strong></span> <span class='ocrx_word' id='word_1_608' title='bbox 2146 4045 2398 4115; x_wconf 89' lang='lat' dir='ltr'><strong>Pepercit</strong></span> <span class='ocrx_word' id='word_1_609' title='bbox 2427 4047 2681 4104; x_wconf 86' lang='lat' dir='ltr'><strong>dominus</strong></span> <span class='ocrx_word' id='word_1_610' title='bbox 2733 4068 2886 4107; x_wconf 85' lang='lat' dir='ltr'><strong>meus</strong></span> <span class='ocrx_word' id='word_1_611' title='bbox 2938 4054 3181 4111; x_wconf 84' lang='lat' dir='ltr'><strong>Naaman</strong></span> <span class='ocrx_word' id='word_1_612' title='bbox 3228 4059 3365 4132; x_wconf 84' lang='lat' dir='ltr'><strong>Syro</strong></span> 
     </span>
    </p>
   </div>
   <div class='ocr_carea' id='block_1_84' title="bbox 1791 4134 3365 4210">
    <p class='ocr_par' dir='ltr' id='par_1_84' title="bbox 1791 4134 3365 4210">
     <span class='ocr_line' id='line_1_84' title="bbox 1791 4134 3365 4210; baseline 0.011 -23"><span class='ocrx_word' id='word_1_613' title='bbox 1791 4134 1905 4200; x_wconf 85' lang='lat' dir='ltr'><strong>isti,</strong></span> <span class='ocrx_word' id='word_1_614' title='bbox 1949 4144 2009 4189; x_wconf 89' lang='lat' dir='ltr'><strong>ut</strong></span> <span class='ocrx_word' id='word_1_615' title='bbox 2040 4150 2149 4189; x_wconf 79' lang='lat' dir='ltr'><strong>non</strong></span> <span class='ocrx_word' id='word_1_616' title='bbox 2186 4136 2461 4205; x_wconf 87' lang='lat' dir='ltr'><strong>acciperet</strong></span> <span class='ocrx_word' id='word_1_617' title='bbox 2488 4141 2559 4192; x_wconf 83' lang='lat' dir='ltr'><strong>ab</strong></span> <span class='ocrx_word' id='word_1_618' title='bbox 2589 4156 2655 4194; x_wconf 87' lang='lat' dir='ltr'><strong>eo</strong></span> <span class='ocrx_word' id='word_1_619' title='bbox 2682 4158 2801 4210; x_wconf 78' lang='lat' dir='ltr'><strong>qua:</strong></span> <span class='ocrx_word' id='word_1_620' title='bbox 2839 4146 3040 4201; x_wconf 89' lang='lat' dir='ltr'><strong>attulit.</strong></span> <span class='ocrx_word' id='word_1_621' title='bbox 3076 4146 3223 4206; x_wconf 77' lang='lat' dir='ltr'><strong>Vivit</strong></span> <span class='ocrx_word' id='word_1_622' title='bbox 3258 4151 3365 4205; x_wconf 82' lang='lat' dir='ltr'><strong>Do-</strong></span> 
     </span>
    </p>
   </div>
   <div class='ocr_carea' id='block_1_85' title="bbox 1792 4224 3365 4307">
    <p class='ocr_par' dir='ltr' id='par_1_85' title="bbox 1792 4224 3365 4307">
     <span class='ocr_line' id='line_1_85' title="bbox 1792 4224 3365 4307; baseline 0.014 -31"><span class='ocrx_word' id='word_1_623' title='bbox 1792 4224 1999 4289; x_wconf 87' lang='lat' dir='ltr'><strong>minus,</strong></span> <span class='ocrx_word' id='word_1_624' title='bbox 2034 4226 2162 4295; x_wconf 85' lang='lat' dir='ltr'><strong>quia</strong></span> <span class='ocrx_word' id='word_1_625' title='bbox 2188 4241 2405 4281; x_wconf 87' lang='lat' dir='ltr'><strong>ourram</strong></span> <span class='ocrx_word' id='word_1_626' title='bbox 2458 4239 2580 4298; x_wconf 79' lang='lat' dir='ltr'><strong>post</strong></span> <span class='ocrx_word' id='word_1_627' title='bbox 2629 4247 2776 4297; x_wconf 70' lang='lat' dir='ltr'><strong>eunt,</strong></span> <span class='ocrx_word' id='word_1_628' title='bbox 2815 4242 2868 4287; x_wconf 89' lang='lat' dir='ltr'><strong>et</strong></span> <span class='ocrx_word' id='word_1_629' title='bbox 2898 4238 3163 4307; x_wconf 84' lang='lat' dir='ltr'><strong>accipiam</strong></span> <span class='ocrx_word' id='word_1_630' title='bbox 3195 4242 3263 4295; x_wconf 88' lang='lat' dir='ltr'><strong>ab</strong></span> <span class='ocrx_word' id='word_1_631' title='bbox 3301 4258 3365 4299; x_wconf 83' lang='lat' dir='ltr'><strong>eo</strong></span> 
     </span>
    </p>
   </div>
   <div class='ocr_carea' id='block_1_86' title="bbox 1793 4315 3367 4398">
    <p class='ocr_par' dir='ltr' id='par_1_86' title="bbox 1793 4315 3367 4398">
     <span class='ocr_line' id='line_1_86' title="bbox 1793 4315 3367 4398; baseline 0.013 -31"><span class='ocrx_word' id='word_1_632' title='bbox 1793 4315 2025 4384; x_wconf 87' lang='lat' dir='ltr'><strong>aliquid.</strong></span> <span class='ocrx_word' id='word_1_633' title='bbox 2072 4315 2139 4370; x_wconf 92' lang='lat' dir='ltr'><strong>Et</strong></span> <span class='ocrx_word' id='word_1_634' title='bbox 2198 4328 2421 4372; x_wconf 80' lang='lat' dir='ltr'><strong>secutus</strong></span> <span class='ocrx_word' id='word_1_635' title='bbox 2465 4330 2547 4374; x_wconf 83' lang='lat' dir='ltr'><strong>est</strong></span> <span class='ocrx_word' id='word_1_636' title='bbox 2576 4320 2725 4375; x_wconf 86' lang='lat' dir='ltr'><strong>Giezi</strong></span> <span class='ocrx_word' id='word_1_637' title='bbox 2802 4335 2919 4391; x_wconf 88' lang='lat' dir='ltr'><strong>post</strong></span> <span class='ocrx_word' id='word_1_638' title='bbox 2958 4337 3171 4398; x_wconf 87' lang='lat' dir='ltr'><strong>tergum</strong></span> <span class='ocrx_word' id='word_1_639' title='bbox 3223 4330 3367 4386; x_wconf 81' lang='lat' dir='ltr'><strong>Naa-</strong></span> 
     </span>
    </p>
   </div>
   <div class='ocr_carea' id='block_1_87' title="bbox 1791 4406 3364 4477">
    <p class='ocr_par' dir='ltr' id='par_1_87' title="bbox 1791 4406 3364 4477">
     <span class='ocr_line' id='line_1_87' title="bbox 1791 4406 3364 4477; baseline 0.012 -20"><span class='ocrx_word' id='word_1_640' title='bbox 1791 4420 1916 4459; x_wconf 76' lang='lat' dir='ltr'><strong>utan</strong></span> <span class='ocrx_word' id='word_1_641' title='bbox 1945 4406 2027 4459; x_wconf 82' lang='grc'>³⁸.</span> <span class='ocrx_word' id='word_1_642' title='bbox 2057 4424 2076 4458; x_wconf 76' lang='grc' dir='ltr'><strong>ι</strong></span> <span class='ocrx_word' id='word_1_643' title='bbox 2155 4406 2223 4460; x_wconf 88' lang='grc' dir='ltr'>Ει</span> <span class='ocrx_word' id='word_1_644' title='bbox 2261 4420 2385 4477; x_wconf 87' lang='lat' dir='ltr'><strong>post</strong></span> <span class='ocrx_word' id='word_1_645' title='bbox 2434 4425 2608 4473; x_wconf 84' lang='lat' dir='ltr'><strong>pauca</strong></span> <span class='ocrx_word' id='word_1_646' title='bbox 2645 4431 2658 4467; x_wconf 93' lang='lat'>:</span> <span class='ocrx_word' id='word_1_647' title='bbox 2730 4430 2749 4463; x_wconf 78' lang='grc' dir='ltr'><strong>ι</strong></span> <span class='ocrx_word' id='word_1_648' title='bbox 2789 4414 2852 4467; x_wconf 80' lang='lat' dir='ltr'><strong>Et</strong></span> <span class='ocrx_word' id='word_1_649' title='bbox 2899 4415 3039 4471; x_wconf 73' lang='lat' dir='ltr'><strong>dixit</strong></span> <span class='ocrx_word' id='word_1_650' title='bbox 3082 4417 3364 4477; x_wconf 85' lang='lat' dir='ltr'><strong>Naaman:</strong></span> 
     </span>
    </p>
   </div>
   <div class='ocr_carea' id='block_1_88' title="bbox 110 4474 1693 4581">
    <p class='ocr_par' dir='ltr' id='par_1_88' title="bbox 110 4474 1684 4561">
     <span class='ocr_line' id='line_1_88' title="bbox 110 4474 1684 4561; baseline 0.013 -35"><span class='ocrx_word' id='word_1_651' title='bbox 110 4501 130 4526; x_wconf 72' lang='grc' dir='ltr'><strong>ο</strong></span> <span class='ocrx_word' id='word_1_652' title='bbox 165 4479 279 4530; x_wconf 88' lang='lat' dir='ltr'><strong>Kal</strong></span> <span class='ocrx_word' id='word_1_653' title='bbox 320 4474 441 4529; x_wconf 85' lang='grc' dir='ltr'>εἷπε</span> <span class='ocrx_word' id='word_1_654' title='bbox 488 4480 741 4547; x_wconf 66' lang='grc' dir='ltr'>Νεεμάψ</span> <span class='ocrx_word' id='word_1_655' title='bbox 770 4483 915 4535; x_wconf 83' lang='grc' dir='ltr'>Λάϐε</span> <span class='ocrx_word' id='word_1_656' title='bbox 953 4484 1018 4555; x_wconf 74' lang='grc' dir='ltr'>δὴ</span> <span class='ocrx_word' id='word_1_657' title='bbox 1072 4486 1335 4541; x_wconf 85' lang='grc' dir='ltr'>τάλαντον</span> <span class='ocrx_word' id='word_1_658' title='bbox 1397 4491 1684 4561; x_wconf 85' lang='grc' dir='ltr'>ἀργυρίου,</span> 
     </span>
    </p>
   </div>
   <div class='ocr_carea' id='block_1_89' title="bbox 1793 4474 3366 4581">
    <p class='ocr_par' dir='ltr' id='par_1_89' title="bbox 1793 4474 3366 4581">
     <span class='ocr_line' id='line_1_89' title="bbox 1793 4474 3366 4581; baseline 0.011 -32"><span class='ocrx_word' id='word_1_659' title='bbox 1793 4495 1994 4567; x_wconf 80' lang='lat' dir='ltr'><strong>Accipe</strong></span> <span class='ocrx_word' id='word_1_660' title='bbox 2027 4474 2289 4554; x_wconf 81' lang='lat' dir='ltr'><strong>talentum</strong></span> <span class='ocrx_word' id='word_1_661' title='bbox 2325 4503 2536 4571; x_wconf 87' lang='lat' dir='ltr'><strong>argenti</strong></span> <span class='ocrx_word' id='word_1_662' title='bbox 2564 4520 2577 4565; x_wconf 91' lang='lat'><strong>;</strong></span> <span class='ocrx_word' id='word_1_663' title='bbox 2611 4513 2665 4557; x_wconf 91' lang='lat' dir='ltr'><strong>et</strong></span> <span class='ocrx_word' id='word_1_664' title='bbox 2694 4508 2868 4575; x_wconf 79' lang='lat' dir='ltr'><strong>coegit</strong></span> <span class='ocrx_word' id='word_1_665' title='bbox 2894 4524 3041 4573; x_wconf 86' lang='lat' dir='ltr'><strong>eum,</strong></span> <span class='ocrx_word' id='word_1_666' title='bbox 3073 4474 3366 4581; x_wconf 67' lang='lat' dir='ltr'><strong>ligat-itque</strong></span> 
     </span>
    </p>
   </div>
   <div class='ocr_carea' id='block_1_90' title="bbox 108 4567 1689 4649">
    <p class='ocr_par' dir='ltr' id='par_1_90' title="bbox 108 4567 1689 4649">
     <span class='ocr_line' id='line_1_90' title="bbox 108 4567 1689 4649; baseline 0.011 -31"><span class='ocrx_word' id='word_1_667' title='bbox 108 4568 228 4619; x_wconf 82' lang='lat' dir='ltr'><strong>Kal</strong></span> <span class='ocrx_word' id='word_1_668' title='bbox 268 4567 433 4620; x_wconf 80' lang='grc' dir='ltr'>ἔλαϐε</span> <span class='ocrx_word' id='word_1_669' title='bbox 470 4567 564 4621; x_wconf 89' lang='grc' dir='ltr'><strong>δύο</strong></span> <span class='ocrx_word' id='word_1_670' title='bbox 591 4570 833 4624; x_wconf 86' lang='grc' dir='ltr'>τάλαντα</span> <span class='ocrx_word' id='word_1_671' title='bbox 858 4574 1123 4645; x_wconf 82' lang='grc' dir='ltr'>ἀργυρίου</span> <span class='ocrx_word' id='word_1_672' title='bbox 1147 4578 1206 4630; x_wconf 85' lang='grc' dir='ltr'><strong>ἐν</strong></span> <span class='ocrx_word' id='word_1_673' title='bbox 1233 4578 1353 4631; x_wconf 80' lang='grc' dir='ltr'>δυσὶ</span> <span class='ocrx_word' id='word_1_674' title='bbox 1382 4580 1689 4649; x_wconf 86' lang='grc' dir='ltr'>θυλακίοις,</span> 
     </span>
    </p>
   </div>
   <div class='ocr_carea' id='block_1_91' title="bbox 101 4659 1690 4747">
    <p class='ocr_par' dir='ltr' id='par_1_91' title="bbox 101 4659 1690 4747">
     <span class='ocr_line' id='line_1_91' title="bbox 101 4659 1690 4747; baseline 0.013 -38"><span class='ocrx_word' id='word_1_675' title='bbox 101 4660 207 4710; x_wconf 79' lang='grc' dir='ltr'>καὶ</span> <span class='ocrx_word' id='word_1_676' title='bbox 265 4659 364 4711; x_wconf 83' lang='grc' dir='ltr'><strong>δύο</strong></span> <span class='ocrx_word' id='word_1_677' title='bbox 414 4660 795 4732; x_wconf 84' lang='grc' dir='ltr'>ἀλασσομὲνας</span> <span class='ocrx_word' id='word_1_678' title='bbox 837 4668 1089 4730; x_wconf 75' lang='grc' dir='ltr'>στολάς.»</span> <span class='ocrx_word' id='word_1_679' title='bbox 1147 4670 1260 4725; x_wconf 88' lang='lat' dir='ltr'><strong>Kal</strong></span> <span class='ocrx_word' id='word_1_680' title='bbox 1319 4672 1441 4742; x_wconf 79' lang='grc' dir='ltr'>μεθ’</span> <span class='ocrx_word' id='word_1_681' title='bbox 1497 4676 1690 4747; x_wconf 77' lang='grc' dir='ltr'>ἔτεραο</span> 
     </span>
    </p>
   </div>
   <div class='ocr_carea' id='block_1_92' title="bbox 104 4747 1694 4835">
    <p class='ocr_par' dir='ltr' id='par_1_92' title="bbox 104 4747 1694 4835">
     <span class='ocr_line' id='line_1_92' title="bbox 104 4747 1694 4835; baseline 0.014 -36"><span class='ocrx_word' id='word_1_682' title='bbox 104 4770 125 4799; x_wconf 74' lang='grc' dir='ltr'><strong>ι</strong></span> <span class='ocrx_word' id='word_1_683' title='bbox 160 4751 276 4802; x_wconf 84' lang='lat' dir='ltr'><strong>Kal</strong></span> <span class='ocrx_word' id='word_1_684' title='bbox 307 4747 430 4804; x_wconf 75' lang='grc' dir='ltr'>εἷπε</span> <span class='ocrx_word' id='word_1_685' title='bbox 452 4752 590 4822; x_wconf 77' lang='grc' dir='ltr'>πρὸς</span> <span class='ocrx_word' id='word_1_686' title='bbox 620 4754 784 4807; x_wconf 79' lang='grc' dir='ltr'>αὑτὸν</span> <span class='ocrx_word' id='word_1_687' title='bbox 822 4757 1096 4812; x_wconf 83' lang='grc' dir='ltr'>Ἐλισσαιέ</span> <span class='ocrx_word' id='word_1_688' title='bbox 1118 4775 1133 4791; x_wconf 72' lang='grc' dir='ltr'><strong>ο</strong></span> <span class='ocrx_word' id='word_1_689' title='bbox 1171 4761 1341 4815; x_wconf 80' lang='grc' dir='ltr'>Πόθεν</span> <span class='ocrx_word' id='word_1_690' title='bbox 1368 4764 1409 4816; x_wconf 87' lang='grc' dir='ltr'><strong>Γ</strong></span> <span class='ocrx_word' id='word_1_691' title='bbox 1414 4765 1567 4835; x_wconf 75' lang='grc' dir='ltr'>ιεζῆς</span> <span class='ocrx_word' id='word_1_692' title='bbox 1600 4768 1694 4821; x_wconf 72' lang='lat' dir='ltr'><strong><em>atal</em></strong></span> 
     </span>
    </p>
   </div>
   <div class='ocr_carea' id='block_1_93' title="bbox 94 4836 1694 4916">
    <p class='ocr_par' dir='ltr' id='par_1_93' title="bbox 94 4836 1694 4916">
     <span class='ocr_line' id='line_1_93' title="bbox 94 4836 1694 4916; baseline 0.014 -26"><span class='ocrx_word' id='word_1_693' title='bbox 94 4836 235 4891; x_wconf 80' lang='grc' dir='ltr'>εἷπε</span> <span class='ocrx_word' id='word_1_694' title='bbox 274 4840 479 4909; x_wconf 80' lang='grc' dir='ltr'>Ιίεζῆ·</span> <span class='ocrx_word' id='word_1_695' title='bbox 504 4843 580 4895; x_wconf 82' lang='grc' dir='ltr'><strong>Οὐ</strong></span> <span class='ocrx_word' id='word_1_696' title='bbox 614 4845 953 4915; x_wconf 86' lang='grc' dir='ltr'>πεπόρευται</span> <span class='ocrx_word' id='word_1_697' title='bbox 1007 4849 1038 4900; x_wconf 83' lang='grc' dir='ltr'><strong>ὁ</strong></span> <span class='ocrx_word' id='word_1_698' title='bbox 1063 4848 1254 4916; x_wconf 82' lang='grc' dir='ltr'>δοῦλός</span> <span class='ocrx_word' id='word_1_699' title='bbox 1309 4870 1405 4907; x_wconf 90' lang='grc' dir='ltr'><strong>σου</strong></span> <span class='ocrx_word' id='word_1_700' title='bbox 1441 4855 1570 4909; x_wconf 81' lang='grc' dir='ltr'>ἔνθα</span> <span class='ocrx_word' id='word_1_701' title='bbox 1600 4860 1694 4911; x_wconf 77' lang='grc' dir='ltr'><strong>καὶ</strong></span> 
     </span>
    </p>
   </div>
   <div class='ocr_carea' id='block_1_94' title="bbox 95 4929 1695 5019">
    <p class='ocr_par' dir='ltr' id='par_1_94' title="bbox 95 4929 1695 5019">
     <span class='ocr_line' id='line_1_94' title="bbox 95 4929 1695 5019; baseline 0.014 -38"><span class='ocrx_word' id='word_1_702' title='bbox 95 4931 264 4985; x_wconf 85' lang='grc' dir='ltr'>ἐνθα.</span> <span class='ocrx_word' id='word_1_703' title='bbox 302 4933 413 4984; x_wconf 88' lang='lat' dir='ltr'><strong>Kal</strong></span> <span class='ocrx_word' id='word_1_704' title='bbox 438 4929 557 4987; x_wconf 76' lang='grc' dir='ltr'>εἷπε</span> <span class='ocrx_word' id='word_1_705' title='bbox 590 4936 727 5004; x_wconf 74' lang='grc' dir='ltr'>πρὸς</span> <span class='ocrx_word' id='word_1_706' title='bbox 755 4937 920 4991; x_wconf 85' lang='grc' dir='ltr'>αὐτὸν</span> <span class='ocrx_word' id='word_1_707' title='bbox 952 4939 1220 4995; x_wconf 82' lang='grc' dir='ltr'>Ἐλισσαιέ</span> <span class='ocrx_word' id='word_1_708' title='bbox 1243 4958 1259 4974; x_wconf 90' lang='grc'><strong>·</strong></span> <span class='ocrx_word' id='word_1_709' title='bbox 1292 4944 1474 5018; x_wconf 77' lang='grc' dir='ltr'>Οὐχὶή</span> <span class='ocrx_word' id='word_1_710' title='bbox 1496 4949 1695 5019; x_wconf 84' lang='grc' dir='ltr'>καρδία</span> 
     </span>
    </p>
   </div>
   <div class='ocr_carea' id='block_1_95' title="bbox 98 5025 1696 5108">
    <p class='ocr_par' dir='ltr' id='par_1_95' title="bbox 98 5025 1696 5108">
     <span class='ocr_line' id='line_1_95' title="bbox 98 5025 1696 5108; baseline 0.012 -35"><span class='ocrx_word' id='word_1_711' title='bbox 98 5041 218 5092; x_wconf 85' lang='grc' dir='ltr'><strong>μου</strong></span> <span class='ocrx_word' id='word_1_712' title='bbox 244 5025 526 5094; x_wconf 78' lang='grc' dir='ltr'>ἐπορεύθη</span> <span class='ocrx_word' id='word_1_713' title='bbox 558 5028 697 5096; x_wconf 75' lang='grc' dir='ltr'>μετὰ</span> <span class='ocrx_word' id='word_1_714' title='bbox 727 5027 845 5094; x_wconf 83' lang='grc' dir='ltr'>σοῦ,</span> <span class='ocrx_word' id='word_1_715' title='bbox 881 5031 975 5083; x_wconf 76' lang='grc' dir='ltr'><strong>καὶ</strong></span> <span class='ocrx_word' id='word_1_716' title='bbox 1018 5028 1155 5098; x_wconf 82' lang='grc' dir='ltr'>οἶδα,</span> <span class='ocrx_word' id='word_1_717' title='bbox 1204 5034 1295 5087; x_wconf 81' lang='grc' dir='ltr'>ὅτε</span> <span class='ocrx_word' id='word_1_718' title='bbox 1348 5036 1696 5108; x_wconf 78' lang='grc' dir='ltr'>ἀπέστρεψεν</span> 
     </span>
    </p>
   </div>
   <div class='ocr_carea' id='block_1_96' title="bbox 88 5113 1698 5195">
    <p class='ocr_par' dir='ltr' id='par_1_96' title="bbox 88 5113 1698 5195">
     <span class='ocr_line' id='line_1_96' title="bbox 88 5113 1698 5195; baseline 0.012 -31"><span class='ocrx_word' id='word_1_719' title='bbox 88 5117 127 5165; x_wconf 78' lang='grc' dir='ltr'>ὀ</span> <span class='ocrx_word' id='word_1_720' title='bbox 154 5113 310 5183; x_wconf 71' lang='grc' dir='ltr'>ἀνὴρ</span> <span class='ocrx_word' id='word_1_721' title='bbox 339 5116 447 5167; x_wconf 82' lang='grc' dir='ltr'>ἀπὸ</span> <span class='ocrx_word' id='word_1_722' title='bbox 475 5116 569 5168; x_wconf 81' lang='grc' dir='ltr'>τοῦ</span> <span class='ocrx_word' id='word_1_723' title='bbox 600 5116 847 5187; x_wconf 74' lang='grc' dir='ltr'>ἅρματος</span> <span class='ocrx_word' id='word_1_724' title='bbox 886 5121 968 5182; x_wconf 85' lang='grc' dir='ltr'><strong>είς</strong></span> <span class='ocrx_word' id='word_1_725' title='bbox 1014 5122 1340 5194; x_wconf 67' lang='grc' dir='ltr'>συνάντησίδ</span> <span class='ocrx_word' id='word_1_726' title='bbox 1399 5144 1527 5195; x_wconf 87' lang='grc' dir='ltr'>σου;</span> <span class='ocrx_word' id='word_1_727' title='bbox 1589 5132 1698 5183; x_wconf 85' lang='lat' dir='ltr'><strong>Kal</strong></span> 
     </span>
    </p>
   </div>
   <div class='ocr_carea' id='block_1_97' title="bbox 89 5204 1698 5289">
    <p class='ocr_par' dir='ltr' id='par_1_97' title="bbox 89 5204 1698 5289">
     <span class='ocr_line' id='line_1_97' title="bbox 89 5204 1698 5289; baseline 0.011 -33"><span class='ocrx_word' id='word_1_728' title='bbox 89 5204 204 5256; x_wconf 82' lang='grc' dir='ltr'><strong>νῦν</strong></span> <span class='ocrx_word' id='word_1_729' title='bbox 227 5205 430 5266; x_wconf 83' lang='grc' dir='ltr'>ἔλαϐες</span> <span class='ocrx_word' id='word_1_730' title='bbox 458 5206 520 5258; x_wconf 82' lang='grc' dir='ltr'><strong>τὸ</strong></span> <span class='ocrx_word' id='word_1_731' title='bbox 548 5205 835 5276; x_wconf 78' lang='grc' dir='ltr'>ἀργύριον,</span> <span class='ocrx_word' id='word_1_732' title='bbox 864 5209 958 5261; x_wconf 75' lang='grc' dir='ltr'><strong>καὶ</strong></span> <span class='ocrx_word' id='word_1_733' title='bbox 987 5210 1083 5264; x_wconf 83' lang='grc' dir='ltr'><strong>νῦν</strong></span> <span class='ocrx_word' id='word_1_734' title='bbox 1130 5212 1324 5277; x_wconf 77' lang='grc' dir='ltr'>ἔλαϐες</span> <span class='ocrx_word' id='word_1_735' title='bbox 1354 5218 1448 5270; x_wconf 81' lang='grc' dir='ltr'>καὶ</span> <span class='ocrx_word' id='word_1_736' title='bbox 1474 5218 1541 5270; x_wconf 86' lang='grc' dir='ltr'>τὰ</span> <span class='ocrx_word' id='word_1_737' title='bbox 1570 5220 1698 5289; x_wconf 79' lang='grc' dir='ltr'><strong>ἱμά-</strong></span> 
     </span>
    </p>
   </div>
   <div class='ocr_carea' id='block_1_98' title="bbox 85 5297 1698 5375">
    <p class='ocr_par' dir='ltr' id='par_1_98' title="bbox 85 5297 1698 5375">
     <span class='ocr_line' id='line_1_98' title="bbox 85 5297 1698 5375; baseline 0.012 -28"><span class='ocrx_word' id='word_1_738' title='bbox 85 5313 230 5349; x_wconf 73' lang='grc' dir='ltr'>τια’</span> <span class='ocrx_word' id='word_1_739' title='bbox 276 5297 376 5350; x_wconf 77' lang='grc' dir='ltr'>καὶ</span> <span class='ocrx_word' id='word_1_740' title='bbox 431 5298 574 5368; x_wconf 80' lang='grc' dir='ltr'>λήψῃ</span> <span class='ocrx_word' id='word_1_741' title='bbox 605 5300 664 5351; x_wconf 86' lang='grc' dir='ltr'><strong>ἐν</strong></span> <span class='ocrx_word' id='word_1_742' title='bbox 685 5300 835 5370; x_wconf 84' lang='grc' dir='ltr'>αὐτῷ</span> <span class='ocrx_word' id='word_1_743' title='bbox 877 5302 1113 5370; x_wconf 87' lang='grc' dir='ltr'>κήπους,</span> <span class='ocrx_word' id='word_1_744' title='bbox 1154 5306 1251 5358; x_wconf 78' lang='grc' dir='ltr'><strong>καὶ</strong></span> <span class='ocrx_word' id='word_1_745' title='bbox 1299 5307 1553 5375; x_wconf 87' lang='grc' dir='ltr'>ἐλαιῶνα,</span> <span class='ocrx_word' id='word_1_746' title='bbox 1604 5315 1698 5367; x_wconf 73' lang='grc' dir='ltr'>καὶ</span> 
     </span>
    </p>
   </div>
   <div class='ocr_carea' id='block_1_99' title="bbox 82 5394 1691 5466">
    <p class='ocr_par' dir='ltr' id='par_1_99' title="bbox 82 5394 1691 5466">
     <span class='ocr_line' id='line_1_99' title="bbox 82 5394 1691 5466; baseline 0.006 -18"><span class='ocrx_word' id='word_1_747' title='bbox 82 5394 439 5460; x_wconf 78' lang='grc' dir='ltr'>ἀμπελῶνα,</span> <span class='ocrx_word' id='word_1_748' title='bbox 478 5397 569 5449; x_wconf 71' lang='grc' dir='ltr'>καὶ</span> <span class='ocrx_word' id='word_1_749' title='bbox 587 5396 853 5465; x_wconf 85' lang='grc' dir='ltr'>πρόϐατα,</span> <span class='ocrx_word' id='word_1_750' title='bbox 892 5398 987 5451; x_wconf 71' lang='grc' dir='ltr'><strong>καὶ</strong></span> <span class='ocrx_word' id='word_1_751' title='bbox 1017 5397 1168 5466; x_wconf 83' lang='grc' dir='ltr'>βόας,</span> <span class='ocrx_word' id='word_1_752' title='bbox 1221 5400 1315 5451; x_wconf 83' lang='grc' dir='ltr'><strong>καὶ</strong></span> <span class='ocrx_word' id='word_1_753' title='bbox 1345 5400 1562 5465; x_wconf 74' lang='grc' dir='ltr'>παῖδας,</span> <span class='ocrx_word' id='word_1_754' title='bbox 1596 5404 1691 5457; x_wconf 80' lang='grc' dir='ltr'>καὶ</span> 
     </span>
    </p>
   </div>
   <div class='ocr_carea' id='block_1_100' title="bbox 86 5483 1689 5560">
    <p class='ocr_par' dir='ltr' id='par_1_100' title="bbox 86 5483 1689 5560">
     <span class='ocr_line' id='line_1_100' title="bbox 86 5483 1689 5560; baseline 0.008 -27"><span class='ocrx_word' id='word_1_755' title='bbox 86 5483 414 5547; x_wconf 84' lang='grc' dir='ltr'>παιδίσκας</span> <span class='ocrx_word' id='word_1_756' title='bbox 445 5501 459 5515; x_wconf 78' lang='grc' dir='ltr'><strong>ο</strong></span> <span class='ocrx_word' id='word_1_757' title='bbox 491 5487 585 5537; x_wconf 71' lang='grc' dir='ltr'><strong>καὶ</strong></span> <span class='ocrx_word' id='word_1_758' title='bbox 614 5488 647 5555; x_wconf 79' lang='grc' dir='ltr'>ἡ</span> <span class='ocrx_word' id='word_1_759' title='bbox 686 5486 862 5557; x_wconf 85' lang='grc' dir='ltr'>λέπρα</span> <span class='ocrx_word' id='word_1_760' title='bbox 913 5489 1134 5556; x_wconf 83' lang='grc' dir='ltr'>Νεεμὰν</span> <span class='ocrx_word' id='word_1_761' title='bbox 1178 5489 1575 5560; x_wconf 83' lang='grc' dir='ltr'>κολληθήσεται</span> <span class='ocrx_word' id='word_1_762' title='bbox 1632 5497 1689 5547; x_wconf 89' lang='grc' dir='ltr'><strong>ἐν</strong></span> 
     </span>
    </p>
   </div>
   <div class='ocr_carea' id='block_1_101' title="bbox 1791 4586 3365 4668">
    <p class='ocr_par' dir='ltr' id='par_1_101' title="bbox 1791 4586 3365 4668">
     <span class='ocr_line' id='line_1_101' title="bbox 1791 4586 3365 4668; baseline 0.011 -29"><span class='ocrx_word' id='word_1_763' title='bbox 1791 4586 1902 4641; x_wconf 90' lang='lat' dir='ltr'><strong>duo</strong></span> <span class='ocrx_word' id='word_1_764' title='bbox 1948 4587 2150 4643; x_wconf 86' lang='lat' dir='ltr'><strong>talenta</strong></span> <span class='ocrx_word' id='word_1_765' title='bbox 2182 4594 2392 4660; x_wconf 78' lang='lat' dir='ltr'><strong>argenti</strong></span> <span class='ocrx_word' id='word_1_766' title='bbox 2433 4592 2486 4645; x_wconf 91' lang='lat' dir='ltr'><strong>in</strong></span> <span class='ocrx_word' id='word_1_767' title='bbox 2534 4593 2753 4648; x_wconf 87' lang='lat' dir='ltr'><strong>duobus</strong></span> <span class='ocrx_word' id='word_1_768' title='bbox 2795 4598 2996 4663; x_wconf 88' lang='lat' dir='ltr'><strong>saccis,</strong></span> <span class='ocrx_word' id='word_1_769' title='bbox 3036 4610 3089 4652; x_wconf 82' lang='lat' dir='ltr'><strong>et</strong></span> <span class='ocrx_word' id='word_1_770' title='bbox 3123 4601 3365 4668; x_wconf 82' lang='lat' dir='ltr'><strong>duplicia</strong></span> 
     </span>
    </p>
   </div>
   <div class='ocr_carea' id='block_1_102' title="bbox 1792 4678 3364 4752">
    <p class='ocr_par' dir='ltr' id='par_1_102' title="bbox 1792 4678 3364 4752">
     <span class='ocr_line' id='line_1_102' title="bbox 1792 4678 3364 4752; baseline 0.007 -21"><span class='ocrx_word' id='word_1_771' title='bbox 1792 4678 2112 4733; x_wconf 83' lang='lat' dir='ltr'><strong>vestimenta</strong></span> <span class='ocrx_word' id='word_1_772' title='bbox 2141 4680 2220 4733; x_wconf 77' lang='lat'><strong>“.</strong></span> <span class='ocrx_word' id='word_1_773' title='bbox 2249 4700 2268 4732; x_wconf 76' lang='grc' dir='ltr'><strong>ι</strong></span> <span class='ocrx_word' id='word_1_774' title='bbox 2313 4682 2378 4737; x_wconf 85' lang='lat' dir='ltr'><strong>Et</strong></span> <span class='ocrx_word' id='word_1_775' title='bbox 2408 4694 2528 4752; x_wconf 86' lang='lat' dir='ltr'><strong>post</strong></span> <span class='ocrx_word' id='word_1_776' title='bbox 2561 4686 2666 4739; x_wconf 84' lang='lat' dir='ltr'><strong>alia</strong></span> <span class='ocrx_word' id='word_1_777' title='bbox 2701 4705 2715 4741; x_wconf 90' lang='lat'><strong>:</strong></span> <span class='ocrx_word' id='word_1_778' title='bbox 2758 4705 2775 4737; x_wconf 75' lang='grc' dir='ltr'><strong>ι</strong></span> <span class='ocrx_word' id='word_1_779' title='bbox 2801 4686 2867 4741; x_wconf 85' lang='grc' dir='ltr'>Ει</span> <span class='ocrx_word' id='word_1_780' title='bbox 2900 4688 3041 4743; x_wconf 75' lang='lat' dir='ltr'><strong>dixit</strong></span> <span class='ocrx_word' id='word_1_781' title='bbox 3092 4689 3364 4746; x_wconf 69' lang='lat' dir='ltr'><strong>Elisaeus:</strong></span> 
     </span>
    </p>
   </div>
   <div class='ocr_carea' id='block_1_103' title="bbox 1794 4769 3362 4845">
    <p class='ocr_par' dir='ltr' id='par_1_103' title="bbox 1794 4769 3362 4845">
     <span class='ocr_line' id='line_1_103' title="bbox 1794 4769 3362 4845; baseline 0.004 -20"><span class='ocrx_word' id='word_1_782' title='bbox 1794 4769 1950 4825; x_wconf 89' lang='lat' dir='ltr'><strong>Unde</strong></span> <span class='ocrx_word' id='word_1_783' title='bbox 1982 4773 2132 4826; x_wconf 90' lang='lat' dir='ltr'><strong>venit</strong></span> <span class='ocrx_word' id='word_1_784' title='bbox 2154 4772 2349 4828; x_wconf 77' lang='lat' dir='ltr'><strong>Giezi?</strong></span> <span class='ocrx_word' id='word_1_785' title='bbox 2387 4773 2491 4839; x_wconf 82' lang='lat' dir='ltr'><strong>Qui</strong></span> <span class='ocrx_word' id='word_1_786' title='bbox 2525 4779 2811 4845; x_wconf 88' lang='lat' dir='ltr'><strong>respondit</strong></span> <span class='ocrx_word' id='word_1_787' title='bbox 2838 4796 2852 4833; x_wconf 90' lang='lat'><strong>:</strong></span> <span class='ocrx_word' id='word_1_788' title='bbox 2882 4778 3007 4832; x_wconf 85' lang='lat' dir='ltr'><strong>Non</strong></span> <span class='ocrx_word' id='word_1_789' title='bbox 3051 4779 3150 4834; x_wconf 89' lang='lat' dir='ltr'><strong>ivit</strong></span> <span class='ocrx_word' id='word_1_790' title='bbox 3170 4793 3362 4836; x_wconf 74' lang='lat' dir='ltr'><strong>servus</strong></span> 
     </span>
    </p>
   </div>
   <div class='ocr_carea' id='block_1_104' title="bbox 1797 4864 3352 4933">
    <p class='ocr_par' dir='ltr' id='par_1_104' title="bbox 1797 4864 3352 4933">
     <span class='ocr_line' id='line_1_104' title="bbox 1797 4864 3352 4933; baseline 0.005 -16"><span class='ocrx_word' id='word_1_791' title='bbox 1797 4871 1926 4917; x_wconf 85' lang='lat' dir='ltr'><strong>tuus</strong></span> <span class='ocrx_word' id='word_1_792' title='bbox 1951 4878 2257 4933; x_wconf 89' lang='lat' dir='ltr'><strong>quoquam.</strong></span> <span class='ocrx_word' id='word_1_793' title='bbox 2288 4865 2357 4919; x_wconf 86' lang='lat' dir='ltr'><strong>At</strong></span> <span class='ocrx_word' id='word_1_794' title='bbox 2384 4866 2473 4921; x_wconf 88' lang='lat' dir='ltr'><strong>ille</strong></span> <span class='ocrx_word' id='word_1_795' title='bbox 2521 4868 2633 4921; x_wconf 84' lang='lat' dir='ltr'><strong>ait:</strong></span> <span class='ocrx_word' id='word_1_796' title='bbox 2693 4868 2886 4923; x_wconf 73' lang='lat' dir='ltr'><strong>Nonne</strong></span> <span class='ocrx_word' id='word_1_797' title='bbox 2934 4883 3031 4924; x_wconf 91' lang='lat' dir='ltr'><strong>cor</strong></span> <span class='ocrx_word' id='word_1_798' title='bbox 3074 4885 3259 4925; x_wconf 87' lang='lat' dir='ltr'><strong>meum</strong></span> <span class='ocrx_word' id='word_1_799' title='bbox 3300 4864 3352 4924; x_wconf 83' lang='lat' dir='ltr'><strong>in</strong></span> 
     </span>
    </p>
   </div>
   <div class='ocr_carea' id='block_1_105' title="bbox 1802 4948 3363 5026">
    <p class='ocr_par' dir='ltr' id='par_1_105' title="bbox 1802 4948 3363 5026">
     <span class='ocr_line' id='line_1_105' title="bbox 1802 4948 3363 5026; baseline 0.008 -17"><span class='ocrx_word' id='word_1_800' title='bbox 1802 4956 2055 5025; x_wconf 63' lang='lat' dir='ltr'><strong>praesenti</strong></span> <span class='ocrx_word' id='word_1_801' title='bbox 2084 4965 2221 5015; x_wconf 81' lang='lat' dir='ltr'><strong>erat,</strong></span> <span class='ocrx_word' id='word_1_802' title='bbox 2257 4959 2476 5026; x_wconf 87' lang='lat' dir='ltr'><strong>quando</strong></span> <span class='ocrx_word' id='word_1_803' title='bbox 2523 4948 2780 5013; x_wconf 79' lang='lat' dir='ltr'><strong>reversus</strong></span> <span class='ocrx_word' id='word_1_804' title='bbox 2803 4969 2886 5015; x_wconf 85' lang='lat' dir='ltr'><strong>est</strong></span> <span class='ocrx_word' id='word_1_805' title='bbox 2917 4962 3081 5015; x_wconf 89' lang='lat' dir='ltr'><strong>homo</strong></span> <span class='ocrx_word' id='word_1_806' title='bbox 3099 4962 3167 5017; x_wconf 90' lang='lat' dir='ltr'><strong>de</strong></span> <span class='ocrx_word' id='word_1_807' title='bbox 3198 4979 3363 5021; x_wconf 86' lang='lat' dir='ltr'><strong>curru</strong></span> 
     </span>
    </p>
   </div>
   <div class='ocr_carea' id='block_1_106' title="bbox 1796 5043 3365 5123">
    <p class='ocr_par' dir='ltr' id='par_1_106' title="bbox 1796 5043 3365 5123">
     <span class='ocr_line' id='line_1_106' title="bbox 1796 5043 3365 5123; baseline 0.008 -28"><span class='ocrx_word' id='word_1_808' title='bbox 1796 5057 1899 5096; x_wconf 87' lang='lat' dir='ltr'><strong>suo</strong></span> <span class='ocrx_word' id='word_1_809' title='bbox 1923 5043 1977 5096; x_wconf 90' lang='lat' dir='ltr'><strong>in</strong></span> <span class='ocrx_word' id='word_1_810' title='bbox 2013 5059 2306 5099; x_wconf 88' lang='lat' dir='ltr'><strong>occursum</strong></span> <span class='ocrx_word' id='word_1_811' title='bbox 2336 5046 2457 5100; x_wconf 81' lang='lat' dir='ltr'><strong>tui?</strong></span> <span class='ocrx_word' id='word_1_812' title='bbox 2493 5044 2648 5101; x_wconf 83' lang='lat' dir='ltr'><strong>Nunc</strong></span> <span class='ocrx_word' id='word_1_813' title='bbox 2672 5049 2838 5118; x_wconf 80' lang='lat' dir='ltr'><strong>igitur</strong></span> <span class='ocrx_word' id='word_1_814' title='bbox 2865 5052 3129 5121; x_wconf 87' lang='lat' dir='ltr'><strong>accepisti</strong></span> <span class='ocrx_word' id='word_1_815' title='bbox 3167 5070 3365 5123; x_wconf 84' lang='lat' dir='ltr'><strong>argen-</strong></span> 
     </span>
    </p>
   </div>
   <div class='ocr_carea' id='block_1_107' title="bbox 1796 5138 3365 5209">
    <p class='ocr_par' dir='ltr' id='par_1_107' title="bbox 1796 5138 3365 5209">
     <span class='ocr_line' id='line_1_107' title="bbox 1796 5138 3365 5209; baseline 0.008 -22"><span class='ocrx_word' id='word_1_816' title='bbox 1796 5144 1932 5199; x_wconf 92' lang='lat' dir='ltr'><strong>tum,</strong></span> <span class='ocrx_word' id='word_1_817' title='bbox 1965 5145 2021 5190; x_wconf 89' lang='lat' dir='ltr'><strong>et</strong></span> <span class='ocrx_word' id='word_1_818' title='bbox 2075 5138 2336 5206; x_wconf 84' lang='lat' dir='ltr'><strong>accepisti</strong></span> <span class='ocrx_word' id='word_1_819' title='bbox 2419 5147 2636 5193; x_wconf 88' lang='lat' dir='ltr'><strong>vestes:</strong></span> <span class='ocrx_word' id='word_1_820' title='bbox 2695 5150 2755 5195; x_wconf 90' lang='lat' dir='ltr'><strong>ut</strong></span> <span class='ocrx_word' id='word_1_821' title='bbox 2810 5156 2961 5195; x_wconf 87' lang='lat' dir='ltr'><strong>emas</strong></span> <span class='ocrx_word' id='word_1_822' title='bbox 3032 5144 3251 5209; x_wconf 74' lang='lat' dir='ltr'><strong>oliveta,</strong></span> <span class='ocrx_word' id='word_1_823' title='bbox 3314 5156 3365 5200; x_wconf 85' lang='lat' dir='ltr'><strong>et</strong></span> 
     </span>
    </p>
   </div>
   <div class='ocr_carea' id='block_1_108' title="bbox 1795 5228 3364 5297">
    <p class='ocr_par' dir='ltr' id='par_1_108' title="bbox 1795 5228 3364 5297">
     <span class='ocr_line' id='line_1_108' title="bbox 1795 5228 3364 5297; baseline 0.008 -19"><span class='ocrx_word' id='word_1_824' title='bbox 1795 5228 2024 5291; x_wconf 82' lang='lat' dir='ltr'><strong>vineas,</strong></span> <span class='ocrx_word' id='word_1_825' title='bbox 2104 5238 2158 5283; x_wconf 89' lang='lat' dir='ltr'><strong>et</strong></span> <span class='ocrx_word' id='word_1_826' title='bbox 2210 5244 2364 5292; x_wconf 84' lang='lat' dir='ltr'><strong>oves,</strong></span> <span class='ocrx_word' id='word_1_827' title='bbox 2440 5241 2495 5284; x_wconf 88' lang='lat' dir='ltr'><strong>et</strong></span> <span class='ocrx_word' id='word_1_828' title='bbox 2553 5233 2739 5295; x_wconf 85' lang='lat' dir='ltr'><strong>boves,</strong></span> <span class='ocrx_word' id='word_1_829' title='bbox 2787 5244 2838 5287; x_wconf 85' lang='lat' dir='ltr'><strong>et</strong></span> <span class='ocrx_word' id='word_1_830' title='bbox 2903 5251 3113 5297; x_wconf 87' lang='lat' dir='ltr'><strong>servos,</strong></span> <span class='ocrx_word' id='word_1_831' title='bbox 3148 5248 3200 5290; x_wconf 91' lang='lat' dir='ltr'><strong>et</strong></span> <span class='ocrx_word' id='word_1_832' title='bbox 3267 5253 3364 5290; x_wconf 86' lang='lat' dir='ltr'><strong>an-</strong></span> 
     </span>
    </p>
   </div>
   <div class='ocr_carea' id='block_1_109' title="bbox 1797 5318 3366 5388">
    <p class='ocr_par' dir='ltr' id='par_1_109' title="bbox 1797 5318 3366 5388">
     <span class='ocr_line' id='line_1_109' title="bbox 1797 5318 3366 5388; baseline 0.004 -17"><span class='ocrx_word' id='word_1_833' title='bbox 1797 5318 1994 5373; x_wconf 86' lang='lat' dir='ltr'><strong>cillas:</strong></span> <span class='ocrx_word' id='word_1_834' title='bbox 2066 5318 2162 5372; x_wconf 86' lang='lat' dir='ltr'><strong>sed</strong></span> <span class='ocrx_word' id='word_1_835' title='bbox 2238 5320 2385 5388; x_wconf 89' lang='lat' dir='ltr'><strong>lepra</strong></span> <span class='ocrx_word' id='word_1_836' title='bbox 2438 5318 2682 5375; x_wconf 81' lang='lat' dir='ltr'><strong>Naaman</strong></span> <span class='ocrx_word' id='word_1_837' title='bbox 2736 5323 3035 5378; x_wconf 66' lang='lat' dir='ltr'><strong>adhaerebit</strong></span> <span class='ocrx_word' id='word_1_838' title='bbox 3070 5328 3167 5379; x_wconf 91' lang='lat' dir='ltr'><strong>tibi</strong></span> <span class='ocrx_word' id='word_1_839' title='bbox 3192 5338 3243 5380; x_wconf 82' lang='lat' dir='ltr'><strong>et</strong></span> <span class='ocrx_word' id='word_1_840' title='bbox 3282 5342 3366 5380; x_wconf 74' lang='lat' dir='ltr'><strong>se-</strong></span> 
     </span>
    </p>
   </div>
   <div class='ocr_carea' id='block_1_110' title="bbox 1799 5409 3366 5484">
    <p class='ocr_par' dir='ltr' id='par_1_110' title="bbox 1799 5409 3366 5484">
     <span class='ocr_line' id='line_1_110' title="bbox 1799 5409 3366 5484; baseline 0.006 -22"><span class='ocrx_word' id='word_1_841' title='bbox 1799 5409 1934 5463; x_wconf 89' lang='lat' dir='ltr'><strong>mini</strong></span> <span class='ocrx_word' id='word_1_842' title='bbox 1992 5420 2086 5463; x_wconf 91' lang='lat' dir='ltr'><strong>tuo</strong></span> <span class='ocrx_word' id='word_1_843' title='bbox 2142 5414 2197 5465; x_wconf 85' lang='lat' dir='ltr'><strong>in</strong></span> <span class='ocrx_word' id='word_1_844' title='bbox 2263 5414 2680 5480; x_wconf 75' lang='lat' dir='ltr'><strong>Sempiternutn.</strong></span> <span class='ocrx_word' id='word_1_845' title='bbox 2740 5413 2806 5467; x_wconf 86' lang='lat' dir='ltr'><strong>Et</strong></span> <span class='ocrx_word' id='word_1_846' title='bbox 2870 5430 3125 5484; x_wconf 84' lang='lat' dir='ltr'><strong>egressus</strong></span> <span class='ocrx_word' id='word_1_847' title='bbox 3156 5432 3237 5472; x_wconf 70' lang='grc' dir='ltr'><strong>εει</strong></span> <span class='ocrx_word' id='word_1_848' title='bbox 3297 5420 3366 5472; x_wconf 82' lang='lat' dir='ltr'><strong>ab</strong></span> 
     </span>
    </p>
   </div>
   <div class='ocr_carea' id='block_1_111' title="bbox 1799 5500 2589 5570">
    <p class='ocr_par' dir='ltr' id='par_1_111' title="bbox 1799 5500 2589 5570">
     <span class='ocr_line' id='line_1_111' title="bbox 1799 5500 2589 5570; baseline 0.003 -17"><span class='ocrx_word' id='word_1_849' title='bbox 1799 5514 1865 5553; x_wconf 86' lang='lat' dir='ltr'><strong>eo</strong></span> <span class='ocrx_word' id='word_1_850' title='bbox 1885 5500 2136 5568; x_wconf 82' lang='lat' dir='ltr'><strong>leprosns</strong></span> <span class='ocrx_word' id='word_1_851' title='bbox 2169 5503 2327 5570; x_wconf 88' lang='lat' dir='ltr'><strong>quasi</strong></span> <span class='ocrx_word' id='word_1_852' title='bbox 2352 5504 2441 5557; x_wconf 75' lang='lat' dir='ltr'><strong>nix</strong></span> <span class='ocrx_word' id='word_1_853' title='bbox 2469 5505 2512 5535; x_wconf 87' lang='grc'><strong><em>³⁸</em></strong></span> <span class='ocrx_word' id='word_1_854' title='bbox 2533 5547 2546 5560; x_wconf 95' lang='grc'><strong>.</strong></span> <span class='ocrx_word' id='word_1_855' title='bbox 2572 5525 2589 5555; x_wconf 69' lang='grc' dir='ltr'><em>υ</em></span> 
     </span>
    </p>
   </div>
   <div class='ocr_carea' id='block_1_112' title="bbox 84 5575 3367 5669">
    <p class='ocr_par' dir='ltr' id='par_1_112' title="bbox 84 5575 3367 5669">
     <span class='ocr_line' id='line_1_112' title="bbox 84 5575 3367 5669; baseline 0.009 -45"><span class='ocrx_word' id='word_1_856' title='bbox 84 5577 184 5625; x_wconf 81' lang='grc' dir='ltr'>σοὶ</span> <span class='ocrx_word' id='word_1_857' title='bbox 230 5576 334 5626; x_wconf 78' lang='grc' dir='ltr'>καὶ</span> <span class='ocrx_word' id='word_1_858' title='bbox 365 5575 522 5645; x_wconf 84' lang='grc' dir='ltr'>ἐντῷ</span> <span class='ocrx_word' id='word_1_859' title='bbox 556 5577 831 5647; x_wconf 84' lang='grc' dir='ltr'>σπέρματί</span> <span class='ocrx_word' id='word_1_860' title='bbox 897 5596 991 5631; x_wconf 86' lang='grc' dir='ltr'><strong>σου</strong></span> <span class='ocrx_word' id='word_1_861' title='bbox 1040 5580 1121 5642; x_wconf 86' lang='grc' dir='ltr'><strong>είς</strong></span> <span class='ocrx_word' id='word_1_862' title='bbox 1178 5581 1269 5633; x_wconf 79' lang='grc' dir='ltr'>τὸν</span> <span class='ocrx_word' id='word_1_863' title='bbox 1326 5583 1516 5637; x_wconf 80' lang='grc' dir='ltr'>αἰῶνα.</span> <span class='ocrx_word' id='word_1_864' title='bbox 1580 5588 1688 5639; x_wconf 88' lang='lat' dir='ltr'><strong>Kal</strong></span> <span class='ocrx_word' id='word_1_865' title='bbox 1726 5586 1950 5658; x_wconf 75' lang='grc' dir='ltr'>ἐξῆλθεν</span> <span class='ocrx_word' id='word_1_866' title='bbox 1977 5593 2040 5643; x_wconf 81' lang='grc' dir='ltr'><strong>ἐκ</strong></span> <span class='ocrx_word' id='word_1_867' title='bbox 2103 5592 2196 5645; x_wconf 78' lang='grc' dir='ltr'>τοῦ</span> <span class='ocrx_word' id='word_1_868' title='bbox 2245 5593 2542 5661; x_wconf 80' lang='grc' dir='ltr'>προσώπου</span> <span class='ocrx_word' id='word_1_869' title='bbox 2598 5597 2764 5650; x_wconf 79' lang='grc' dir='ltr'>αὐτοῦ</span> <span class='ocrx_word' id='word_1_870' title='bbox 2795 5596 3205 5669; x_wconf 87' lang='grc' dir='ltr'>λελεπρωμένος</span> <span class='ocrx_word' id='word_1_871' title='bbox 3233 5601 3367 5656; x_wconf 78' lang='grc' dir='ltr'>ὡσεὶ</span> 
     </span>
    </p>
   </div>
   <div class='ocr_carea' id='block_1_113' title="bbox 85 5666 309 5734">
    <p class='ocr_par' dir='ltr' id='par_1_113' title="bbox 85 5666 309 5734">
     <span class='ocr_line' id='line_1_113' title="bbox 85 5666 309 5734; baseline -0.004 -17"><span class='ocrx_word' id='word_1_872' title='bbox 85 5666 271 5734; x_wconf 71' lang='grc' dir='ltr'>χιών.</span> <span class='ocrx_word' id='word_1_873' title='bbox 290 5686 309 5716; x_wconf 76' lang='grc' dir='ltr'><strong>ι</strong></span> 
     </span>
    </p>
   </div>
   <div class='ocr_carea' id='block_1_114' title="bbox 171 5783 1693 5865">
    <p class='ocr_par' dir='ltr' id='par_1_114' title="bbox 171 5783 1693 5855">
     <span class='ocr_line' id='line_1_114' title="bbox 171 5783 1693 5855; baseline 0.009 -21"><span class='ocrx_word' id='word_1_874' title='bbox 171 5783 223 5815; x_wconf 81' lang='grc'><strong>³⁸</strong></span> <span class='ocrx_word' id='word_1_875' title='bbox 266 5784 394 5837; x_wconf 82' lang='lat' dir='ltr'><strong>Act.</strong></span> <span class='ocrx_word' id='word_1_876' title='bbox 424 5798 537 5847; x_wconf 75' lang='lat' dir='ltr'><strong>vui,</strong></span> <span class='ocrx_word' id='word_1_877' title='bbox 561 5783 747 5837; x_wconf 69' lang='grc' dir='ltr'><strong>18-ἓῦ.</strong></span> <span class='ocrx_word' id='word_1_878' title='bbox 787 5785 825 5816; x_wconf 90' lang='grc'><strong>³¹</strong></span> <span class='ocrx_word' id='word_1_879' title='bbox 870 5783 932 5837; x_wconf 85' lang='lat' dir='ltr'><strong>ill</strong></span> <span class='ocrx_word' id='word_1_880' title='bbox 961 5784 1091 5855; x_wconf 76' lang='lat' dir='ltr'><strong>Reg.</strong></span> <span class='ocrx_word' id='word_1_881' title='bbox 1132 5804 1247 5852; x_wconf 82' lang='lat' dir='ltr'><strong>xui,</strong></span> <span class='ocrx_word' id='word_1_882' title='bbox 1273 5789 1360 5855; x_wconf 64' lang='grc'><strong>54,</strong></span> <span class='ocrx_word' id='word_1_883' title='bbox 1392 5791 1479 5845; x_wconf 68' lang='grc'><strong>54.</strong></span> <span class='ocrx_word' id='word_1_884' title='bbox 1559 5793 1601 5824; x_wconf 77' lang='grc'><strong>³¹</strong></span> <span class='ocrx_word' id='word_1_885' title='bbox 1633 5791 1693 5848; x_wconf 70' lang='grc' dir='ltr'><strong>ιν</strong></span> 
     </span>
    </p>
   </div>
   <div class='ocr_carea' id='block_1_115' title="bbox 1793 5783 3351 5865">
    <p class='ocr_par' dir='ltr' id='par_1_115' title="bbox 1793 5795 3351 5865">
     <span class='ocr_line' id='line_1_115' title="bbox 1793 5795 3351 5865; baseline 0.008 -17"><span class='ocrx_word' id='word_1_886' title='bbox 1793 5812 1850 5865; x_wconf 68' lang='grc' dir='ltr'><strong>ιε.</strong></span> <span class='ocrx_word' id='word_1_887' title='bbox 1886 5811 1936 5861; x_wconf 87' lang='lat' dir='ltr'><strong>v,</strong></span> <span class='ocrx_word' id='word_1_888' title='bbox 1968 5797 2054 5862; x_wconf 71' lang='lat'><strong>15,</strong></span> <span class='ocrx_word' id='word_1_889' title='bbox 2089 5795 2171 5851; x_wconf 78' lang='grc'><strong>16.</strong></span> <span class='ocrx_word' id='word_1_890' title='bbox 2205 5799 2247 5830; x_wconf 82' lang='grc'><strong>⁸³</strong></span> <span class='ocrx_word' id='word_1_891' title='bbox 2276 5796 2406 5853; x_wconf 80' lang='lat' dir='ltr'><strong>ibid.</strong></span> <span class='ocrx_word' id='word_1_892' title='bbox 2434 5798 2523 5863; x_wconf 58' lang='lat'><strong>20,</strong></span> <span class='ocrx_word' id='word_1_893' title='bbox 2557 5800 2603 5831; x_wconf 72' lang='lat'>“</span> <span class='ocrx_word' id='word_1_894' title='bbox 2630 5799 2739 5853; x_wconf 86' lang='lat' dir='ltr'><strong>ibid</strong></span> <span class='ocrx_word' id='word_1_895' title='bbox 2762 5802 2854 5856; x_wconf 75' lang='lat'><strong>9.3.</strong></span> <span class='ocrx_word' id='word_1_896' title='bbox 2931 5804 2975 5835; x_wconf 83' lang='grc'>³³</span> <span class='ocrx_word' id='word_1_897' title='bbox 3004 5804 3134 5858; x_wconf 82' lang='lat' dir='ltr'><strong>ibid.</strong></span> <span class='ocrx_word' id='word_1_898' title='bbox 3160 5802 3351 5860; x_wconf 64' lang='grc' dir='ltr'><strong>εἰεί-Ἦ.</strong></span> 
     </span>
    </p>
   </div>
  </div>
