4092 6438
130 378 251 441 1449

1537 364 1938 427 El'lSTOL/li.

3266 349 3400 415 1450

127 495 228 544 τῶν
288 491 385 561 μὲν
441 489 662 553 λαῖκιῖιν,
716 487 823 540 τῶν
873 486 931 540 δὲ
982 485 1393 557 πρεσϐυτέρων,
1452 478 1535 542 οἷς
1589 485 1703 535 ἐδο-

1825 488 1963 530 oant.
1999 480 2244 547 Cumque
2276 483 2660 553 permanerent
2711 480 2876 527 testes
2914 481 3022 525 tam
3074 468 3197 522 laici
3230 483 3398 536 quant

129 585 219 648 ξαν
247 581 645 653 τεθαρῤηκέναι
667 598 678 609 ·
714 581 877 633 τινῶν
900 580 963 631 δὲ
1000 580 1095 631 καὶ
1154 577 1456 646 γυναικῶν,
1518 577 1612 626 καὶ
1639 573 1709 624 τὰ

128 676 239 745 εἴδη
266 673 374 726 τῶν
402 673 677 745 ἐνεχύρων
730 672 1022 739 λεγόντων,
1049 671 1178 732 τοὺς
1208 670 1425 730 τόπους,
1456 667 1548 719 καὶ
1581 666 1708 726 τοὺς

127 763 375 831 καιροὺς,
426 763 523 815 κα)⁸
547 762 647 832 τὴν
702 762 1000 830 ποσότητα,
1036 760 1098 812 οὐ
1129 759 1268 813 πάνυ
1302 756 1479 820 καλῶς
1533 754 1709 808 αὐτῶν

127 854 475 926 διακειμένης
528 855 626 924 τῆς
690 855 1050 925 συνειδήσεως
1084 894 1098 916 ,
1152 852 1463 921 αὐθαίρετοι
1516 849 1709 919 ὁμιλο-

129 947 286 1015 γοῦσι
311 948 438 1017 δίχα
492 947 695 1018 πολλῆς
740 948 988 1016 ἀνάγκης
1021 946 1158 1025 ’.ὅτι
1189 944 1524 1013 δεδώκαμεν,
1576 946 1708 1010 ὁμο-

128 1038 421 1110 λογοῦμεν,
454 1040 551 1092 καὶ⁵
600 1040 910 1108 γεγόναμεν
942 1038 1201 1105 τοιαύτην
1232 1035 1550 1106 νομίσαντες
1582 1034 1712 1086 ἁκο-

128 1131 349 1184 λουθίαν
413 1127 573 1185 εἶναι.
619 1133 736 1183 ἰνα
774 1130 1016 1200 δόξωμεν
1052 1130 1151 1198 τῆς
1190 1128 1386 1198 βουλῆς
1424 1128 1522 1196 τῆς
1546 1126 1715 1197 δημο-

131 1224 251 1286 σίας
301 1222 741 1295 ἐλευθεροῦσθαι.
803 1222 913 1274 Καὶ
945 1222 1041 1274 νῦν
1073 1220 1330 1290 δεόμεθα,
1366 1221 1415 1271 εἰ
1440 1219 1542 1288 μέν
1566 1218 1714 1269 ἐστιν

126 1316 274 1367 ὅσιον
328 1316 476 1384 ἡμᾶς
510 1310 652 1367 εἶναι
701 1316 758 1367 ἐν
789 1315 857 1383 τῇ
889 1312 1203 1383 λειτουργίᾳ
1241 1314 1343 1379 τῆς
1371 1308 1667 1377 ἐκκλησίας
1692 1324 1710 1341 ’

129 1405 251 1457 ἐπεὶ
303 1405 408 1458 κΞν
468 1404 529 1457 τὸ
577 1404 801 1476 χρυσίον
836 1403 865 1454 ὃ
913 1401 1247 1472 δεδώκαμεν,
1300 1400 1388 1453 ἴνα
1436 1399 1711 1469 λάϐωμεν.

130 1499 251 1551 Τῶν
280 1498 388 1569 γὰρ
436 1497 711 1565 γυναικῶν
762 1494 922 1566 ἡμῶν
982 1494 1300 1565 δεδώκαμεν
1347 1508 1469 1546 τινα
1520 1490 1713 1559 σκεύη.

142 1587 395 1657 Ἰωάννης
427 1586 563 1655 πρὸς
610 1583 785 1637 ταῦτα
811 1585 1081 1653 ὑπέσχετο
1126 1586 1192 1653 τῇ
1220 1582 1443 1651 συνόδῳ,
1475 1582 1558 1633 ὅτι
1607 1578 1715 1631 Τοῦ

134 1679 233 1746 μὲν
284 1677 670 1747 βουλευτηρίου
722 1676 834 1746 ἐγὼ
882 1679 1081 1739 αὐτοὺς
1142 1677 1239 1729 σὺν
1271 1674 1393 1745 Θεῷ
1434 1672 1718 1727 ἀπαλλάσ-

132 1787 211 1821 σω
247 1811 261 1834 ,
309 1768 546 1833 ἀξιώσας
598 1768 691 1821 τὸν
749 1768 1013 1839 βασιλέα·
1054 1753 1220 1838 ὑμεῖς.
1262 1767 1319 1820 δὲ
1368 1766 1713 1837 προστάξατε

132 1864 329 1925 αὐτοὺς
353 1862 536 1915 λαϐεῖν
566 1861 601 1916 ἃ
625 1859 888 1914 δεδώκασι
916 1860 1068 1931 παρά
1090 1860 1197 1913 τῶν
1236 1860 1557 1912 Ἀντωνίνου
1586 1857 1719 1926 κλη-

132 1954 401 2024 ρονόμων.
463 1951 805 2025 Προσὲταξεν
851 1955 884 2022 ὴ
918 1952 1168 2017 σύνοδος,
1221 1950 1285 2005 τὸ
1334 1950 1436 2021 μὲν
1492 1948 1720 2020 χρυσίον

134 2047 333 2109 αὐτοὺς
394 2046 578 2097 λαϐεῖν
626 2043 779 2115 παρά
819 2043 928 2096 τῶν
981 2042 1339 2113 κληρονόμων
1371 2039 1716 2101 Ἀντωνίνου,

133 2142 412 2191 κοινωνεῖν
440 2140 494 2191 δὲ
519 2137 666 2191 ἔνεον
717 2136 812 2190 τοῦ
880 2134 1299 2204 θυσιαστηρίου,
1358 2130 1497 2187 εἶναι
1527 2132 1583 2185 δὲ
1612 2133 1720 2186 ἀπὸ

138 2231 330 2301 ἱερέων
350 2249 363 2262 ο
396 2230 481 2283 ῖνα
518 2226 593 2301 μὴ
625 2230 832 2284 τούτων
876 2229 1363 2301 συγχωρηθέντων,
1406 2226 1527 2290 ἔθος
1557 2226 1719 2295 γένη-

131 2344 227 2375 ται
260 2324 549 2376 Ἰουδαϊκὸν
568 2324 599 2394 ἢ
617 2322 915 2391 Αίγύπτιον
941 2324 1036 2376 τοῦ
1072 2324 1277 2376 πωλεῖν
1310 2322 1405 2375 καὶ
1430 2320 1722 2390 ἀγοράζειν

130 2416 235 2486 τὴν
272 2416 590 2485 ἱερωσύνην.
625 2415 763 2468 Φασὶ
823 2414 933 2484 γὰρ
979 2414 1070 2466 τὸν
1127 2412 1381 2485 λυμεῶνα
1441 2412 1536 2465 καί
1591 2410 1724 2480 elea-

132 2506 165 2559 δ
189 2506 382 2575 τινυμον
409 2507 755 2576 πατριάρχην
796 2507 905 2557 τῶν
949 2504 1222 2558 Ἰουδαίων
1247 2504 1365 2558 κατ’
1406 2502 1527 2565 ἔτος
1560 2501 1719 2571 ἀμεί-

136 2609 275 2659 νιειν,
303 2598 445 2669 ἥκαὶ
472 2599 602 2668 παρ’
632 2597 753 2661 ἔτος
780 2599 907 2660 τοὺς
929 2595 1444 2669 ἀρχισυναγώγους,
1471 2595 1561 2646 ἐπὶ
1596 2594 1720 2646 συλ-

137 2688 273 2757 λλγῇ
307 2688 401 2739 τοῦ
434 2688 730 2757 ἀργυρίουο
763 2690 964 2757 ὁμοίως
996 2688 1091 2739 καὶ
1152 2687 1243 2738 τὸν
1293 2686 1543 2755 ζηλωτὴν
1600 2683 1725 2735 τού-

137 2798 235 2832 τοι)
294 2778 401 2831 τῶν
459 2779 769 2847 Αἰγυπτίων
824 2780 1207 2850 πατριάρχην·
1236 2778 1324 2830 ἵνα
1368 2773 1631 2845 πληρωθῇ
1665 2775 1726 2827 τὸ

143 2873 486 2942 προφητικὸν
508 2890 519 2902 ο
562 2890 579 2922 ι
605 2873 668 2923 Οἱ
700 2873 865 2941 ἱερεῖς
894 2872 1064 2941 αὐτῆς
1102 2870 1243 2942 μετά
1272 2867 1461 2938 δώρων
1490 2866 1725 2937 ἀπεκρί-

138 2974 315 3030 Voveo,
346 2970 437 3017 καὶ
469 2966 515 3017 οί
559 2966 833 3037 προφῆται
866 2966 1035 3035 αὐτῆς
1066 2963 1206 3035 μετά
1243 2962 1508 3034 ἀργυρίου
1559 2963 1727 3033 ἐμαν-

138 3076 429 3112 τευοντο.»

156 3154 251 3205 Ἰἰκ
288 3152 402 3204 τῶν
455 3154 732 3207 κανόνων
767 3151 886 3204 τῶν
941 3150 1282 3214 ἑξακοσίων
1308 3149 1627 3217 τριάκοντα
1662 3150 1726 3202 άο

216 3225 361 3290 τίων
388 3224 666 3291 Πατέρων
690 3220 809 3275 τῶν
826 3222 897 3275 ἐν
913 3219 1255 3288 Χαλκηδόνι
1278 3220 1724 3284 συνελθόντων,

217 3292 416 3345 κανὼν
433 3293 734 3361 δεύτερος.

217 3386 284 3437 Εἴ
310 3403 390 3448 τις
439 3386 740 3447 ἐπίσκοπος
770 3386 865 3437 ἐπὶ
907 3386 1157 3455 χρήμασι
1212 3383 1549 3455 χειροτονίαν
1572 3384 1727 3450 ποιή-

141 3497 316 3541 σαιτο,
369 3480 463 3533 καὶ
491 3481 572 3542 είς
630 3481 835 3549 πρᾶσιν
886 3479 1178 3549 καταγάγῃ
1231 3480 1331 3547 τὴν
1360 3478 1608 3546 ἄπρατον
1631 3477 1729 3546 χά-

142 3590 254 3644 ριν,
289 3573 382 3625 καὶ
432 3575 789 3643 χειροτονήσῃ
851 3573 949 3625 ἐπὶ
1004 3574 1283 3642 χρήμασιν
1332 3569 1724 3639 ἐπίσκοπον,ῆ

138 3666 585 3737 χωρεπίσκοπον,
618 3667 650 3736 ἢ
680 3665 1081 3737 πρεσϐύτερον,
1115 3667 1210 3718 καὶ
1241 3666 1515 3726 διάκονον,
1546 3665 1578 3734 ἢ
1610 3665 1727 3715 ἓτε-

140 3762 238 3830 ρόν
265 3779 386 3815 τινα
399 3761 508 3813 τῶν
524 3739 595 3815 ,ἐν
621 3761 697 3829 τῷ
724 3760 913 3830 κλήρῳ
943 3758 1498 3828 καταριθμουμένων,
1528 3758 1560 3827 ἢ
1594 3773 1729 3826 προ-

135 3854 393 3907 ϐάλλοιτο
444 3857 535 3906 ἐπὶ
591 3856 867 3924 χρήμασιν
930 3854 1235 3921 οίκονόμον,
1275 3853 1309 3923 ἢ
1361 3852 1596 3914 ἔκδικον,
1633 3850 1728 3903 καὶ

137 3943 583 4013 παραμονάριον,
637 3943 670 4013 ἢ
718 3942 862 4002 ὃλως-
902 3942 1023 3994 τινὰ
1074 3939 1469 4005 τοῦνκανόνος,
1529 3939 1595 3991 δι’
1650 3938 1729 3990 alo

136 4038 531 4107 σχροκέρδειαν
589 4033 1054 4097 οἰκείαν,ὁτοῦτο
1111 4033 1493 4103 ἐπιχειρήσας,
1547 4030 1729 4099 ἐλεγχ-

132 4130 256 4191 θεὶς
306 4128 669 4181 κινδυνευέτω
728 4128 859 4195 περὶ
911 4126 1002 4178 τὸν
1055 4127 1258 4178 οἰκεῖον
1294 4124 1505 4193 βαθμόν
1530 4139 1542 4150 ·
1579 4122 1672 4175 καὶ
1699 4124 1728 4174 ὁ

131 4219 650 4292 χειροτονούμενος,
691 4218 858 4289 μηδὲν
891 4220 954 4270 ὲκ
984 4217 1083 4284 τῆς
1140 4216 1257 4269 κατ’
1286 4215 1557 4286 ἐμπορίαν
1582 4213 1728 4283 ὠφε-

130 4311 341 4365 λείσθω
398 4310 741 4380 χειροτονίας
783 4309 816 4378 ἦ
860 4308 1155 4379 προϐολῆς,
1209 4306 1326 4360 ἀλλ’
1378 4305 1519 4357 ἔστω
1567 4303 1727 4358 ἀλλό-

126 4422 293 4476 τριος
353 4405 451 4473 τῆς
510 4401 729 4471 ἀξίαςῆ
775 4400 869 4454 τοῦ
930 4399 1358 4469 φροντίσματος,
1412 4391 1584 4466 οὗπερ
1634 4398 1727 4448 ἐπὶ

1818 569 2147 639 presbyteri,
2185 567 2386 637 quibus
2427 567 2607 619 visum
2642 563 2817 617 fuerat
2872 564 3103 616 fidenter
3143 555 3262 630 [σι’.
3296 559 3399 610 visi

1814 657 2349 729 l'uerant'confidere]
2382 673 2503 712 esse
2528 656 2859 709 credendum
2890 671 2903 718 ;
2939 652 3185 722 quaedam
3216 658 3400 705 autem

1813 761 1865 805 et
1896 752 2200 805 mulieres:
2243 750 2407 804 etiam
2459 752 2668 820 species
2726 748 3015 817 pignorum
3078 744 3316 817 przel‘ati,
3348 754 3405 799 et

1815 843 1951 907 loca,
1987 855 2037 897 et
2096 852 2363 911 tempora,
2400 852 2453 896 et
2486 841 2847 911 quantitatem
2877 857 2890 905 ;
2951 854 3058 891 non
3103 838 3402 892 admodum

1817 934 1954 988 bene
1974 934 2314 988 conscientia
2350 948 2447 986 sua
2474 934 2765 1003 disposita,
2798 932 3034 985 nltronei
3074 930 3405 982 conﬁtentur

1816 1026 2025 1095 absque
2050 1027 2219 1079 multa
2256 1026 2619 1080 necessitate-
2676 1023 2813 1090 Quia
2856 1022 3133 1085 dedimus,
3173 1022 3409 1075 confite-

1817 1134 1963 1180 mur,
1993 1126 2046 1170 et
2087 1117 2212 1171 facti
2276 1133 2488 1182 sumus,
2544 1120 2704 1171 talem
2769 1115 3158 1171 existimantes
3208 1130 3408 1169 conse-

1817 1208 2104 1279 quentiam
2161 1206 2672 1279 [consuetudinem]
2721 1222 2865 1272 esse,
2917 1217 2977 1261 ut
3028 1208 3343 1262 videremur
3378 1223 3409 1259 a

1816 1302 1970 1357 curia
2000 1302 2224 1368 publica
2262 1302 2505 1357 liberari.
2536 1300 2600 1355 Et
2637 1316 2785 1355 nunc
2829 1301 3211 1365 obsecramus,
3273 1312 3332 1354 ut
3362 1304 3409 1355 si

1818 1398 2281 1467 quidemjustum
2316 1406 2398 1451 est
2441 1413 2541 1451 nos
2572 1412 2698 1451 esse
2728 1396 2782 1450 in
2816 1396 3131 1451 ministerio
3160 1396 3409 1451 ecclesia:

1820 1491 2037 1545 simus:
2072 1492 2156 1544 sin
2184 1501 2390 1554 autem,
2435 1490 2627 1544 saltem
2675 1506 2870 1544 aurum
2921 1492 3067 1559 quod
3130 1490 3407 1551 dedimus.

1821 1583 2197 1651 recipiamus:
2231 1598 2354 1636 nam
2385 1599 2621 1637 uxorum
2672 1592 2989 1637 nostrarum
3026 1591 3275 1653 quaedam
3312 1585 3410 1637 de-

1819 1672 2001 1726 dimus
2031 1687 2179 1725 vasa.
2211 1669 2451 1725 Joannes
2473 1671 2537 1724 ad
2566 1672 2679 1725 lure
2712 1672 3123 1740 repromittebat
3152 1673 3408 1737 concilio,

1822 1766 1949 1835 quia
1986 1780 2014 1816 a
2065 1766 2220 1819 curia
2270 1767 2491 1835 quidem
2550 1781 2651 1837 ego
2680 1782 2777 1827 eos
2807 1784 2930 1821 cum
2977 1767 3088 1823 Deo
3143 1769 3407 1834 liberabo,

1824 1860 2110 1929 postulans
2151 1860 2572 1930 imperatorem:
2603 1878 2703 1916 vos
2740 1871 2922 1916 autem
2956 1864 3237 1934 praecipue
3266 1867 3412 1919 acci-

1823 1967 1952 2021 pere
2000 1953 2123 2007 illos
2158 1954 2302 2022 quod
2335 1953 2626 2018 dederunt,
2685 1955 2754 2008 ab
2784 1956 3092 2010 barredibus
3121 1957 3409 2013 Antonini.

1821 2043 2094 2114 Praecepit
2147 2046 2388 2116 synodus
2423 2062 2617 2099 aurum
2651 2048 2870 2117 quidem
2913 2064 3007 2103 eos
3057 2049 3299 2120 recipere
3344 2051 3414 2103 ab

1824 2136 2135 2193 hau-edibus
2189 2136 2477 2203 Antonini,
2542 2139 2957 2193 communicare
3029 2148 3211 2194 autem
3268 2141 3411 2195 intra

1822 2229 2017 2294 altare,
2052 2239 2104 2283 et
2131 2244 2255 2283 esse
2296 2229 2541 2298 privatos
2574 2231 2885 2285 sacerdotio
2918 2249 2931 2285 :
2969 2248 3038 2287 ne
3068 2230 3191 2287 istis
3226 2234 3413 2288 iudul~

1823 2324 2059 2390 gentiam
2096 2325 2438 2388 consecutis,
2469 2327 2811 2380 consuetudo
2847 2327 3005 2382 fieret
3050 2328 3283 2384 Judaiea
3329 2331 3413 2383 vel

1825 2415 2075 2486 Egyptia
2104 2416 2368 2470 vendendi
2401 2418 2799 2483 sacerdotium,
2838 2421 2923 2474 vel
2958 2423 3197 2476 emendi.
3242 2422 3414 2477 Aiunt

1824 2510 1969 2565 enim
1998 2510 2346 2577 pestilentem
2377 2517 2430 2562 et
2460 2511 2769 2565 falsidicum
2801 2514 3170 2581 patriarcbam
3193 2514 3414 2570 Judaeu-

1827 2616 1948 2654 rum
1983 2615 2076 2669 per
2108 2600 2356 2670 singulos
2381 2616 2555 2655 annos
2601 2602 2683 2655 vel
2728 2602 2894 2665 infra,
2944 2604 3410 2677 archisynagogus

1828 2710 1923 2763 per
1977 2694 2123 2747 vices
2162 2694 2499 2747 constituere
2546 2708 2710 2747 causa
2757 2694 3077 2764 colligendae
3126 2699 3410 2765 pecuniae:

1827 2784 2080 2839 similiter
2118 2793 2170 2837 ct
2201 2785 2580 2837 aemulatorem
2619 2783 2805 2849 hujus,
2866 2784 3249 2856 Egyptiorum
3301 2790 3413 2842 sei-

1829 2874 1956 2930 licet
1982 2875 2390 2945 patriarcliant;
2430 2884 2485 2929 ut
2514 2875 2804 2944 impleatur
2832 2876 2965 2931 illud
2990 2878 3374 2948 propheticum
3398 2898 3412 2934 :

1833 2986 1852 3018 ι
1896 2966 2221 3022 Sacerdotes
2240 2968 2360 3035 ejus
2388 2984 2511 3021 cum
2547 2968 2873 3023 muneribus
2906 2971 3333 3038 respondebant,
3362 2981 3413 3026 ct

1831 3060 2108 3129 propheta:
2136 3059 2281 3112 illius
2306 3074 2432 3112 cum
2469 3069 2695 3129 argento
2728 3060 3046 3115 divinabant
3074 3060 3142 3116 “.
3176 3082 3195 3113 ι

1836 3150 1916 3203 Ex
1952 3150 2242 3204 canonibus
2272 3162 2640 3204 sexcentarum
2670 3152 2897 3220 triginta
2940 3164 3253 3207 sanctorum
3308 3152 3413 3208 Pu-

1904 3223 2169 3290 trum,qui
2188 3220 2522 3275 Chalcedone
2548 3233 2916 3289 convenerunt,
2950 3223 3128 3294 regula
3161 3226 3412 3281 secunda.

1902 3385 1959 3438 Si
1992 3385 2117 3454 quis
2152 3384 2442 3454 episcopus
2496 3398 2592 3454 per
2633 3383 2902 3454 pecunias
2955 3383 3145 3438 fecerit
3186 3384 3413 3439 ordina-

1830 3477 2055 3539 tionem,
2087 3485 2143 3531 et
2175 3476 2282 3531 sub
2319 3475 2493 3545 pretio
2538 3476 2809 3547 redi-gerit
2853 3476 3089 3545 gratiam
3144 3491 3267 3546 quae
3305 3490 3413 3531 non

1832 3580 2005 3640 potest
2036 3570 2219 3632 vendi,
2248 3570 2697 3637 ordinaveritque
2736 3586 2831 3637 per
2880 3570 3168 3639 pecuniam
3198 3570 3415 3638 episcoo

1831 3678 1983 3731 pum,
2021 3664 2101 3717 vel
2160 3662 2641 3731 cborepiscopum,
2702 3662 2792 3714 vel
2856 3664 3263 3732 presbyterum,
3323 3672 3413 3716 aut

1828 3757 2143 3820 diaconum,
2176 3754 2261 3808 vel
2300 3754 2599 3823 quemlibet
2646 3769 2713 3807 ex
2758 3753 2842 3805 bis
2876 3754 2972 3820 qui
2999 3768 3412 3807 connumeran-

1830 3859 1917 3904 tnr
1944 3851 1997 3902 in
2025 3850 2176 3903 clero
2210 3864 2224 3913 ;
2272 3858 2367 3900 aut
2397 3844 2737 3916 promoverit
2770 3860 2864 3913 per
2892 3844 3154 3914 pecunias
3190 3845 3414 3914 dispen-

1829 3939 2609 4007 satorem,autdefensorem,
2676 3938 2759 3992 vel
2798 3938 3261 4002 mansionarium,
3319 3949 3414 3993 aut

1829 4050 2160 4106 quemqaant
2200 4033 2294 4102 qui
2328 4032 2610 4099 subjectus
2641 4039 2725 4084 est
2772 4030 2996 4099 regulre,
3035 4044 3135 4099 pro
3183 4031 3268 4085 sui
3297 4039 3413 4085 tur-

1830 4128 2039 4198 pissimi
2082 4125 2221 4180 lucri
2259 4123 2589 4178 commodo:
2645 4122 2692 4176 is
2738 4137 2901 4191 quem
2958 4124 3061 4176 hoc
3112 4131 3416 4178 attentasse

1829 4221 2119 4291 probatqu
2164 4217 2348 4277 fuerit,
2385 4215 2593 4286 pr0prii
2621 4217 2824 4285 gradus
2863 4215 3113 4283 periculo
3162 4216 3417 4284 subjnce-

1831 4314 1906 4368 bit
1937 4332 1949 4368 :
1988 4321 2041 4366 et
2072 4312 2161 4382 qui
2210 4312 2496 4365 ordinatus
2545 4320 2650 4373 est,
2684 4309 2909 4363 nihilex
2939 4313 3039 4364 hac
3065 4314 3416 4368 ordinatione

1829 4416 1920 4459 ant
1952 4407 2318 4474 promotionc,
2350 4417 2473 4471 quae
2527 4416 2621 4469 per
2648 4402 3080 4471 negotiationem
3138 4403 3283 4459 facta
3308 4416 3415 4470 est,

125 4499 421 4569 χρήμασιν
472 4495 682 4565 ἔτυχεν,
714 4497 763 4547 εί
795 4494 850 4545 δέ
881 4511 965 4557 τες
1012 4495 1107 4545 καὶ
1160 4490 1460 4561 μεσιτεύων
1527 4490 1720 4557 φανείη

1830 4498 2105 4570 proﬁciat,
2148 4496 2243 4550 sed
2278 4497 2352 4550 sit
2382 4494 2600 4549 alienus
2650 4509 2714 4548 ea
2743 4494 3011 4562 dignitate
3058 4504 3113 4550 et
3146 4498 3414 4552 sollicitu-

122 4592 252 4652 τοῖς
281 4588 451 4650 οὕτως
483 4589 731 4655 αἰσχροῖς
762 4586 857 4638 καὶ
888 4585 1173 4654 ἀθεμίτοις
1204 4584 1475 4651 λήμμασι.
1500 4582 1597 4633 καὶ⁹
1626 4577 1717 4635 οἶο-

124 4698 229 4743 τος
256 4681 302 4731 εί
352 4680 450 4748 μὲν
489 4677 750 4747 κληρικδς
805 4679 890 4746 εἴη
919 4718 934 4740 ,
995 4675 1089 4728 τοῦ
1136 4676 1342 4727 οἰκείου
1404 4674 1720 4726 ἐκπιπτέτω

126 4771 396 4844 βαθμοῦ·
438 4773 488 4822 εἰ
544 4769 601 4822 δὲ
641 4770 827 4832 λαῖκὸς
880 4769 913 4839 ἢ
972 4768 1261 4837 μονάζων,
1325 4764 1722 4835 ἀναθεματίζε-

127 4865 278 4918 σθω.

142 4978 255 5029 Ἕκ
289 4975 401 5041 τῆς
446 4976 773 5043 ἐγκυκλίου
812 4975 1141 5043 ἐπιστολῆς
1158 4979 1493 5031 Γενναδιόυ
1516 4978 1621 5031 τοῦ
1660 4979 1725 5030 d-

209 5047 500 5113 γιωτάτου
586 5048 1070 5113 ἀρχιεπισκόπου
1154 5051 1726 5102 Κωνσταντινουπό-

208 5122 387 5179 λεως,
420 5118 519 5169 καί
558 5116 667 5183 τῆς
695 5117 819 5169 σὺν
845 5118 1008 5179 αὐτῷ
1038 5118 1329 5172 συνόδου.

213 5211 401 5261 Ἔστω
436 5211 617 5261 τοίνυν
646 5212 740 5262 καὶ
765 5210 913 5261 ἔστιν
974 5211 1383 5281 ἀποκήρυκτος,
1420 5211 1516 5263 καὶ
1548 5212 1730 5281 πάσης

124 5303 426 5373 ἱερατικῆς
453 5301 609 5365 ἀξίας
636 5318 696 5354 τε
728 5302 821 5353 καὶ
848 5302 1192 5371 λειτουργίας
1216 5302 1521 5372 ἀλλότριος,
1546 5304 1641 5355 καὶ
1660 5307 1726 5373 τῇ

119 5397 360 5467 κατάρᾳ
418 5395 513 5447 τοῦ
560 5394 901 5463 ἀναθέματος
936 5396 1320 5465 ὑποκείμενος,
1345 5397 1372 5448 ὅ
1402 5413 1462 5447 τε
1490 5397 1725 5450 κτᾶσθαι

116 5490 349 5557 ταύτην
380 5490 477 5559 τὴν
533 5488 835 5557 ἱερωσύνην
889 5488 977 5540 διὰ
1006 5489 1304 5558 χρημάτων
1324 5490 1595 5553 οἰόμενος,
1632 5492 1728 5545 καὶ

114 5585 159 5636 ὁ
192 5582 406 5650 ταύτην
455 5581 720 5649 παρέχειν
777 5581 869 5632 ἐπὶ
918 5582 1200 5650 χρήμασιν
1245 5581 1677 5651 ὑπισχνούμενος
1710 5622 1725 5647 ,

117 5675 250 5730 εἴτε
280 5674 562 5745 κληρικὸς,
600 5673 711 5725 εἴτε
742 5673 928 5735 λαῖκὸς
964 5675 1048 5743 εἴη
1077 5690 1090 5702 ·
1126 5673 1229 5727 κᾶν
1289 5672 1598 5744 ἐλέγχοιτο,
1626 5675 1731 5730 κᾶν

215 5830 257 5858 ⁸⁸
296 5826 456 5879 Milli.
500 5841 579 5884 ιιι,
623 5824 708 5875 Η.

436 5924 709 5979 νηπίη..
747 5925 863 5982 (in.
889 5921 1155 5982 XCVIII.

1818 4596 1966 4655 dine,
1994 4582 2159 4661 quam
2191 4587 2442 4658 pecuniis
2477 4587 2751 4656 quaesivit.
2777 4586 2833 4641 Si
2854 4589 2977 4656 quis
2997 4604 3125 4643 vero
3144 4590 3410 4645 mediator

1818 4700 1929 4743 tam
1964 4684 2216 4753 turpibus
2244 4690 2297 4735 et
2322 4678 2573 4733 nefandis
2592 4680 2733 4733 datis
2758 4680 2841 4733 vel
2859 4680 3099 4750 acceptis
3119 4685 3413 4747 exstiterit,

1821 4783 1865 4836 si
1892 4778 2112 4849 quidem
2148 4773 2382 4829 clericus
2429 4771 2613 4837 fuerit,
2636 4772 2856 4840 proprio
2907 4774 3074 4843 gradu
3103 4774 3342 4842 decidat,
3369 4778 3413 4830 si

1823 4887 1951 4927 vero
1996 4869 2169 4923 laicus
2201 4874 2295 4919 aut
2337 4864 2664 4926 monachus,
2698 4864 3211 4920 anatbematizetur.

1832 4986 1914 5040 E1:
1978 4980 2530 5054 synodicerpistolq
2593 4976 2858 5054 Gennadii
2929 4980 3261 5054 sanctissimi
3323 4999 3413 5035 ar-

1900 5048 2218 5122 cltie'piscotii
2247 5048 2815 5119 Constantinopoleos,
2848 5058 2898 5101 et
2928 5052 3119 5118 synodi
3149 5068 3267 5120 quin
3298 5069 3413 5105 cum

1898 5142 1958 5180 ιο
1992 5134 2128 5177 erat.

1901 5219 1986 5272 Sit
2018 5217 2205 5286 igitur,
2238 5226 2291 5268 et
2339 5224 2424 5268 est
2457 5213 2727 5282 abjeetus,
2768 5225 2822 5267 et
2862 5214 2932 5267 ab
2968 5214 3119 5267 omni
3158 5215 3410 5267 sacerdo-

1829 5312 1923 5365 tali
1956 5308 2221 5378 dignitate
2266 5317 2432 5375 atque
2463 5307 2639 5359 ollicio
2688 5305 2925 5370 alienus,
2956 5315 3012 5359 et
3042 5306 3411 5360 maledictinni

1835 5397 2202 5455 anathematis
2253 5396 2536 5456 subditus,
2580 5405 2691 5448 tant
2727 5398 2821 5463 qui
2865 5397 3149 5465 possidere
3185 5397 3287 5450 hoc
3336 5416 3423 5451 5.:-

1835 5492 2145 5549 cerdotium
2216 5505 2313 5559 per
2366 5488 2631 5557 pecunias
2683 5489 2968 5556 opinatur,
3027 5504 3189 5557 quam
3238 5489 3283 5542 is
3324 5492 3415 5557 (ιςί

1837 5581 2084 5653 przebere
2110 5578 2161 5633 id
2200 5587 2421 5649 propter
2458 5578 2725 5646 pecunias
2763 5578 3072 5647 pollicetur,
3100 5581 3221 5633 sive
3254 5579 3419 5630 cleri-

1839 5692 1958 5740 cus,
1989 5674 2107 5729 sive
2135 5673 2307 5726 laicus
2340 5671 2411 5727 sit
2444 5672 2599 5727 :sive
2619 5673 2928 5736 convictus,
2955 5673 3072 5727 sive
3112 5688 3220 5727 non
3254 5671 3421 5729 fuerit

2941 5890 3015 5952 ἀΰ
