4092 6438
177 402 302 465 1453

1599 413 2000 477 EPISTOL/E.

3298 431 3434 494 1454

239 523 299 572 Οἱ
356 514 449 575 οὗν
492 524 879 593 ἐρευνητικῶς,
924 524 1018 578 καὶ
1064 528 1124 579 οὐ
1169 528 1573 599 παροδευτικῶς
1605 537 1715 586 πΞισ

1913 536 2016 600 Qui
2042 552 2172 606 ergo
2204 539 2570 593 serutahiliter
2598 551 2651 595 et
2686 557 2793 595 non
2827 544 3142 601 transitorie
3168 552 3427 607 omnibus

169 616 278 677 τοῖς
338 615 638 683 Γραφικοῖς
687 617 782 668 καὶ
843 616 1143 687 Πατρικοῖς
1195 619 1515 690 διδάγμασιν
1579 624 1745 691 ἐγκύ-

170 722 436 767 πτοντες,
498 708 591 759 καί
650 709 715 777 τῇ
765 706 1069 775 ἀναγνώσει
1148 708 1355 763 τούτων
1445 715 1741 781 προσέχον-

166 814 275 860 τες,
310 798 401 851 καὶ
426 799 518 850 τὸν
535 797 660 851 νοῦν
685 797 891 851 ἑαυτῶν
914 801 978 869 τῇ
1013 800 1264 872 εὐσεϐείᾳ
1292 802 1386 854 καί
1419 807 1484 874 τῇ
1516 805 1743 878 ἀληθείᾳ

166 892 649 959 προσπηγνύντες,
702 891 797 943 καὶ
872 891 933 943 οὐ
994 893 1131 962 πρὸς
1196 896 1257 946 τὸ
1330 896 1459 948 ἴδιον
1518 898 1742 969 θέλημα

163 978 322 1033 τοῦτο
346 981 626 1050 φέροντες,
659 982 985 1049 φωτίζονται
1019 982 1375 1053 θαυμαστῶς,
1434 988 1542 1041 ἀπὸ
1567 989 1741 1057 ὀρέων

162 1071 419 1138 αἰωνίων,
455 1076 928 1145 καταυγαζόμενοι
955 1075 1060 1128 ὐπὸ
1099 1078 1207 1128 τῶν
1238 1079 1615 1146 εὐαγγελικῶν
1645 1083 1740 1133 καὶ

160 1164 538 1218 ἁποστολικῶν
595 1166 970 1236 ἐνταλμὰτων.
1006 1169 1148 1239 Ὀρη
1183 1168 1291 1238 γὰρ
1317 1168 1487 1222 ταῦτα
1505 1172 1532 1222 ὁ
1554 1170 1736 1240 ψαλμ-

156 1254 292 1326 ῳδὸς
320 1256 600 1324 ὀνομάζει,
613 1257 694 1311 ὃτι
722 1258 781 1309 ὲν
794 1258 975 1321 αὐτοῖς
989 1259 1395 1329 ὲμμελετῶντες
1417 1262 1510 1313 καὶ
1525 1261 1737 1314 ὁδεύον-

155 1362 269 1408 τες,
324 1347 459 1415 πρὸς
514 1348 584 1401 τὰ
639 1348 864 1419 οὐράνια
927 1350 1302 1420 ὲπιϐαίνομεν.
1368 1351 1574 1405 Αἰώνια
1634 1352 1730 1416 δὲ,

155 1438 242 1489 ὃτι
271 1437 333 1487 οὐ
361 1438 675 1507 πρόσφατα,
718 1440 839 1492 οὐδὲ
904 1442 1236 1512 πρόσκαιρα,
1293 1441 1429 1494 ἀλλὰ
1467 1444 1572 1513 πρὸ
1631 1462 1732 1497 κα-

154 1528 390 1599 ταϐολῆς
416 1530 621 1599 κόσμου
653 1530 1000 1602 λελάληνται,
1039 1534 1085 1585 εἰ
1119 1536 1212 1586 καὶ
1238 1536 1327 1586 ἐπ’
1353 1538 1597 1605 ἐσχάτων
1624 1537 1732 1589 τῶν

156 1621 366 1689 χρόνων
404 1623 821 1694 ἐκπεφώνηνται
849 1626 998 1696 παρὰ
1020 1627 1128 1678 τῶν
1152 1627 1407 1698 κηρύκων
1444 1628 1539 1681 τοῦ
1564 1630 1731 1697 εὐαγ-

153 1714 374 1780 γελικοῦ
425 1716 801 1785 κηρύγματος,
837 1718 1027 1787 Ἡμεῖς
1074 1715 1186 1782 οὖν,
1218 1719 1348 1789 ἄνερ
1397 1718 1727 1789 ἐπιθυμιῶν,

151 1806 263 1858 τῶν
321 1807 414 1860 τοῦ
470 1809 825 1877 Πνεύματος,
876 1810 952 1873 ὼς
992 1810 1070 1880 τῷ
1122 1811 1241 1880 Θεῴ
1287 1829 1343 1863 σε
1377 1813 1439 1865 ἐκ
1483 1814 1730 1883 νεότητος

1853 629 2029 683 sacris
2059 629 2360 698 Seripturis
2401 642 2453 685 et
2487 634 2727 700 paternis
2765 635 3031 692 doctrinis
3077 639 3425 708 incumbunt,

1849 727 1905 771 et
1934 718 2151 773 lcetioni
2186 718 2378 773 horum
2420 720 2733 787 intendunt,
2769 733 2823 777 et
2853 738 3089 783 mentem
3117 746 3275 785 suam
3308 733 3424 802 pie-

1853 809 1946 862 tati
1981 821 2036 864 et
2081 811 2295 864 veritati
2332 812 2581 882 inligunt,
2623 825 2676 868 et
2712 831 2821 869 non
2857 820 2921 872 ad
2962 822 3235 890 propriam
3283 824 3426 880 hanc

1850 905 2181 959 voluntatem
2239 908 2520 974 referunt,
2584 911 2966 969 illuminantur
3020 918 3347 974 mirabiliter
3395 940 3423 976 a

1849 998 2129 1053 montibus
2162 1001 2402 1065 aeternis,
2441 1003 2695 1059 illustrati
2732 1007 2799 1060 ab
2827 1010 3161 1079 evangelicis
3205 1022 3257 1065 et
3290 1029 3427 1083 apo-

1848 1089 2054 1144 stolicis
2110 1092 2412 1161 praeceptis.
2478 1093 2688 1150 Montes
2750 1101 2897 1152 enim
2957 1101 3074 1156 luce
3133 1101 3424 1160 Psalmista

1847 1180 2097 1235 nominat
2119 1183 2189 1246 ",
2228 1184 2493 1251 quoniam
2528 1187 2579 1239 iu
2616 1188 2699 1241 his
2731 1190 3063 1246 meditantes
3086 1201 3139 1246 et
3174 1192 3424 1249 inambu-

1846 1269 2045 1333 lantes,
2070 1272 2136 1325 ad
2173 1273 2415 1327 ccelestia
2454 1278 2878 1343 pertransimus.
2920 1279 3185 1337 Aﬂternos
3214 1293 3419 1349 autem,

1842 1362 1972 1431 quia
2015 1378 2122 1417 non
2161 1369 2398 1419 recentia
2433 1384 2533 1422 nec
2582 1372 2932 1437 temporalia,
2968 1372 3065 1427 sed
3102 1374 3171 1427 ab
3210 1376 3423 1444 origine

1843 1456 2027 1510 mundi
2070 1459 2329 1525 praedicta
2392 1471 2522 1514 sunt
2568 1462 2687 1533 [σν.
2741 1472 2867 1518 ante
2914 1465 3102 1519 mundi
3148 1471 3422 1522 consulu-

1840 1549 2042 1603 tionem
2072 1551 2216 1605 dicta
2264 1551 2451 1625 sunt];
2499 1570 2814 1625 quanquam
2853 1559 3166 1613 novissimis
3208 1571 3421 1628 tempo-

1839 1642 1992 1694 ribus
2050 1643 2261 1710 prolata
2326 1646 2437 1699 sint
2484 1662 2511 1700 a
2568 1648 3029 1718 praadieatorihus.
3089 1652 3421 1720 evangelica:

1838 1731 2263 1798 praedicationis.
2307 1733 2414 1790 Nos
2468 1752 2598 1806 ergo
2626 1780 2639 1800 ,
2692 1740 2775 1792 vir
2817 1742 3225 1797 desideriorum
3256 1788 3269 1809 ,
3320 1762 3418 1800 eo-

1838 1837 1960 1875 rum
1989 1823 2239 1880 videlicet
2268 1841 2390 1895 quae
2436 1839 2564 1883 sunt
2594 1829 2853 1899 Spiritus,
2902 1833 3015 1888 Deo
3069 1845 3119 1890 te
3161 1852 3189 1890 a
3215 1837 3411 1907 juven-

151 1900 515 1966 γινώσκοντες
578 1903 957 1971 ἀνακείμενον,
989 1902 1091 1973 τῆς
1128 1903 1357 1973 καρδίας
1383 1905 1538 1973 ήμῶν
1572 1905 1725 1972 ὀλίγα

1832 1920 1945 1967 tute
1993 1927 2386 1985 cognoscentes
2432 1921 2702 1986 deditum,
2746 1940 2952 1992 paucos
3003 1928 3190 1983 cordis
3243 1931 3414 1984 nostri

151 1992 275 2045 τινὰ
307 1994 581 2062 κινήματά
601 2013 657 2046 τε
695 1996 788 2047 καὶ
828 1994 1172 2065 βουλεύματα
1205 1996 1341 2067 πρὸς
1372 1995 1611 2065 ψυχικὴν
1636 1996 1726 2048 εὖ·

151 2083 356 2151 θυμίαν
412 2086 797 2158 ἀνατιθέμεθα.
855 2088 935 2141 Τὰ
981 2089 1089 2159 γὰρ
1144 2089 1366 2141 πλείονα
1416 2092 1592 2159 σιωπῇ
1643 2106 1726 2142 τι-

153 2175 371 2244 μάσθω.

226 2266 449 2331 Πάντως
494 2268 731 2339 ὲνηχήθη
789 2269 918 2340 ὑμῖν
990 2271 1117 2342 περὶ
1172 2272 1271 2341 τῆς
1336 2272 1555 2324 συνόδου
1627 2271 1728 2340 τῆς

149 2361 452 2430 γενομένης
499 2362 718 2432 εὐδοκία
772 2362 910 2416 Θεοῦ
946 2365 1004 2417 ὲν
1027 2366 1093 2434 τῇ
1124 2364 1381 2418 Νικαέων
1414 2366 1566 2417 πόλει
1599 2382 1613 2394 ο
1646 2366 1727 2428 είς

150 2452 217 2519 ἣν
249 2452 462 2505 σύνοδον
485 2456 648 2525 ἡμεῖς
673 2473 732 2508 τε
768 2459 855 2509 καὶ
921 2456 1242 2526 ἱερομύσται
1267 2456 1461 2526 ἄνδρες
1492 2473 1725 2527 τοποτη-

151 2546 313 2613 ρηταὶ
333 2545 426 2598 τοῦ
455 2564 513 2599 τε
537 2549 693 2602 πὰπα
713 2551 810 2617 τῆς
842 2550 1219 2621 πρεσϐυτέρας
1236 2551 1476 2622 Ῥώμης,
1503 2553 1595 2605 καὶ
1616 2552 1724 2603 τῶν

146 2638 247 2703 τῆς
279 2638 543 2709 ἀνατολῆς
566 2640 890 2708 ἁγιωτάτων
914 2643 1220 2713 ἀρχιερέων
1240 2642 1597 2714 συνήλθομεν,
1628 2644 1721 2695 καί⁹

148 2729 418 2797 Θεοφιλεῖς
460 2733 748 2786 ἐπίσκοποι
790 2734 1034 2787 πλεῖστοι
1095 2736 1239 2788 κατὰ
1288 2736 1582 2806 πρόσταξιν
1612 2735 1721 2786 τῶν

146 2822 386 2875 εὐσεϐῶν
411 2823 676 2893 βασιλέων
705 2827 882 2897 ἡμῶν.
926 2828 1200 2890 Ὡσαύτως
1230 2829 1321 2881 καὶ
1350 2828 1594 2889 εὐλαϐεῖς
1624 2828 1721 2896 ἁρ-

145 2912 490 2981 χιμανδρῖται
542 2915 636 2968 καὶ
681 2915 999 2985 ἡγούμενοι,
1042 2918 1135 2970 καὶ
1178 2918 1386 2987 πληθὺς
1442 2918 1713 2986 μοναχῶν.

147 3002 256 3055 Καὶ
290 3005 388 3074 ήδη
425 3007 636 3059 πολλῶν
680 3009 880 3078 μεταξὺ
914 3010 1071 3079 ἡμῶν
1104 3009 1466 3080 λαληθέντων,
1494 3010 1555 3061 τὸ
1583 3011 1714 3069 ἁλη-

144 3092 237 3157 ίιὲς
262 3096 354 3147 καὶ
373 3097 597 3165 ἀρεστὸν
620 3098 829 3169 τῷθεῴ
854 3100 1067 3172 ἐκρίθη.
1089 3102 1197 3154 Καὶ
1217 3102 1358 3157 κατὰ
1370 3103 1466 3170 τὴν
1485 3103 1716 3172 ἀρχαίαν

1833 2012 2014 2058 motus
2043 2014 2097 2059 et
2127 2008 2437 2062 voluntates
2464 2010 2529 2062 ad
2566 2011 2735 2065 animi
2765 2012 3105 2069 alacritatem
3132 2032 3410 2073 commen-

1830 2094 2027 2150 damus
2057 2114 2069 2149 :
2104 2097 2257 2166 plura
2293 2099 2496 2170 quippe
2537 2102 2757 2159 silentio
2788 2106 3150 2163 honorentur.

1902 2277 2104 2351 Utique
2140 2283 2387 2338 auditum
2418 2296 2503 2339 est
2539 2303 2568 2340 a
2604 2288 2759 2344 vobis
2779 2290 2847 2343 de
2874 2292 3084 2363 synodo
3113 2308 3237 2364 quae
3267 2294 3409 2352 facta

1829 2380 1911 2423 cst
1937 2372 2282 2441 hcneplaeito
2325 2373 2417 2428 Dei
2458 2376 2510 2429 in
2542 2374 2905 2435 Niczeensium
2932 2383 3065 2437 urbe
3097 2402 3111 2437 :
3142 2385 3209 2440 ad
3240 2401 3407 2457 quam

1830 2462 2085 2518 videlicet
2128 2467 2398 2537 synodum
2447 2486 2546 2525 nos
2593 2480 2647 2526 et
2686 2476 2885 2528 sacrati
2919 2476 3021 2531 viri
3065 2487 3118 2533 et
3151 2479 3254 2535 loci
3289 2496 3407 2536 ser-

1827 2562 2047 2607 vatores
2084 2562 2192 2608 tam
2240 2572 2393 2627 papa:
2432 2561 2668 2615 senioris
2702 2561 2924 2629 Bonna,
2947 2582 3116 2635 quam
3164 2567 3407 2626 Orientis

1827 2644 2308 2701 sanetissimorum
2370 2651 2679 2721 principum
2730 2655 3079 2711 sacerdotum
3143 2666 3406 2716 conveni-

1827 2752 1982 2800 mus;
2034 2754 2133 2793 nec
2185 2756 2295 2795 non
2340 2754 2392 2797 et
2428 2742 2538 2797 Deo
2579 2747 2845 2802 amabiles
2895 2752 3137 2823 episcopi
3182 2757 3403 2824 plurimi

1822 2832 2128 2886 secundum
2169 2837 2589 2904 praeceptionem
2623 2840 2837 2908 piorum
2875 2842 3271 2912 imperatorum
3308 2868 3407 2905 no-

1823 2930 2085 2976 strorum.
2129 2923 2403 2980 Similiter
2452 2938 2505 2982 et
2538 2934 2823 2987 reverendi
2857 2937 3307 2997 archimandrita:
3349 2957 3405 2999 et

1823 3012 2155 3082 hegumeni,
2221 3026 2274 3070 ct
2326 3018 2620 3074 multitudo
2677 3025 3102 3081 monachorum.
3152 3029 3405 3101 Cumque

1822 3102 1993 3156 multa
2036 3103 2178 3158 inter
2225 3120 2325 3159 nos
2355 3106 2695 3173 dicerentur,
2730 3113 2877 3179 quod
2914 3129 3103 3169 verum
3144 3127 3201 3171 et
3229 3121 3405 3189 placi-

144 3186 507 3256 θεσμοθεσίαν
537 3190 644 3243 τῶν
670 3192 841 3259 ἁγίων
873 3194 1130 3263 Πατέρων
1158 3195 1315 3262 ἡμῶν
1344 3197 1375 3263 ἠ
1417 3195 1715 3263 Ἐκκλησία

1830 3203 1937 3247 tum
1972 3203 2056 3250 est
2081 3195 2215 3260 Deo,
2254 3198 2522 3252 sancitum
2564 3210 2683 3266 est;
2719 3212 2773 3255 et
2812 3206 3115 3261 secundum
3160 3210 3399 3278 priscam

140 3280 386 3333 ἀπέλαϐε
410 3284 505 3352 τὴν
537 3283 646 3335 τῶν
672 3285 894 3337 εἰκόνων
924 3287 1390 3357 ἀναζωγρὰφησίν
1406 3303 1464 3339 τε
1481 3288 1574 3339 καὶ
1594 3303 1722 3353 στη-

143 3372 473 3441 λογραφίαν,
506 3374 644 3443 πρὸς
674 3376 965 3446 ἀναγωγὴν
1010 3378 1104 3431 καὶ
1139 3378 1449 3445 ὑπόμνησιν
1472 3376 1566 3429 τοῦ
1602 3378 1724 3429 καθ’

142 3466 293 3534 ἡμᾶς
321 3465 459 3528 νοὸς,
492 3467 585 3518 καὶ
612 3470 842 3536 μετοχὴν
877 3485 1019 3531 τινος
1042 3467 1340 3537 ἁγιασμοῦ.
1359 3468 1426 3521 Εἴ
1450 3486 1502 3521 τι
1528 3469 1636 3539 γὰρ
1666 3470 1726 3521 τὸ

143 3559 306 3625 ἅγιον
346 3560 680 3626 Εὐαγγέλιον
745 3560 845 3613 διὰ·
868 3563 968 3629 τῆς
1001 3562 1362 3628 ἀναγνώσεως
1407 3563 1725 3630 ἐνσημαίνει

140 3654 300 3719 ἡμῖν,
336 3651 396 3703 τὸ
425 3653 560 3705 αὐτὸ
610 3652 701 3705 καὶ
733 3653 788 3704 αἱ
819 3653 1026 3714 είκόνες
1053 3669 1065 3683 ⁸
1094 3654 1187 3705 καὶ
1220 3654 1343 3705 εἴτι
1370 3654 1425 3705 at
1462 3670 1727 3723 μαρτυριο

143 3744 245 3797 xz).
275 3744 444 3813 βίϐλοι
471 3742 785 3814 διηγοῦνται
816 3745 1062 3814 περὶτῶν
1086 3744 1427 3814 παθημάτων
1444 3745 1551 3798 τῶν
1587 3764 1658 3815 μα
1671 3765 1725 3818 ρ-

140 3838 348 3907 τύρων,
385 3837 586 3905 ὁμοίως
616 3839 711 3890 καὶ
741 3839 795 3890 αἱ
822 3838 1031 3900 εἰκόνες
1065 3854 1078 3868 ο
1110 3838 1204 3890 καὶ
1229 3838 1438 3901 ταύτας
1481 3840 1725 3903 ἀσπαζό-

147 3928 290 3998 μεθα
322 3929 397 3989 ὡς
430 3926 812 3997 ἐκτυπώματα
867 3928 975 3981 τῶν
1021 3928 1396 3997 πρωτοτύπων
1450 3930 1597 3991 ὄντα,
1632 3933 1726 3984 καὶ

137 4023 299 4075 οὐδὲν
327 4022 534 4090 ἕτερον’
562 4020 830 4089 πρόδηλον
866 4020 1217 4083 πιστεύοντες
1254 4021 1335 4082 είς
1365 4020 1461 4073 ἕνα
1496 4020 1629 4073 Θεὸν
1668 4024 1725 4074 ὲν

139 4114 783 4184 Τριάδιάνυμνούμενον,
829 4112 923 4165 καὶ
961 4112 1110 4180 αὐτῷ
1157 4112 1305 4181 μόνῳ
1344 4112 1723 4182 λατρεύοντες.

155 4205 552 4275 Ἐξαιτούμεθα
581 4206 636 4257 δὲ
656 4205 861 4267 καὶτὰς
882 4203 1180 4274 πρεσϐείας
1198 4206 1295 4273 τῆς
1322 4206 1597 4275 ἁχρὰντου
1631 4208 1726 4258 Δε-

138 4295 540 4365 σποίνηςὴμῶν
556 4296 653 4364 τῆς
679 4296 836 4362 ἁγίας
860 4294 1148 4359 Θεοτόκου,
1184 4296 1351 4360 ἁγίων
1376 4314 1434 4348 τε
1453 4295 1721 4363 ἀγγέλων,

134 4390 238 4441 καὶ
261 4388 479 4441 πάντων
498 4388 604 4439 τῶν
625 4388 792 4454 ἁγίων
810 4387 905 4438 καὶ
917 4387 1078 4439 ὁσίων
1098 4388 1361 4456 Πατέρων
1383 4388 1556 4457 ἡμῶν.
1587 4387 1723 4439 Τού-

132 4497 251 4531 των
276 4478 448 4538 οὕτως
467 4476 659 4539 ὄντων,
691 4477 1021 4532 ἐνεκάλεσαν
1040 4479 1103 4546 τῇ
1128 4478 1334 4547 συνόδῳ
1349 4479 1409 4530 τὸ
1442 4479 1604 4531 πλέον
1630 4480 1724 4548 μέ-

1830 3286 2228 3355 legislationcm
2256 3287 2581 3345 sanctorum
2606 3292 2829 3348 Patrum
2870 3306 3186 3353 nostrorum
3225 3302 3406 3358 Eccle-

1828 3376 1909 3430 sia
1974 3379 2181 3446 recepit
2240 3380 2539 3444 imaginum
2600 3384 2870 3452 picturam
2937 3400 2990 3443 et
3047 3392 3277 3459 titulos,
3335 3397 3404 3451 ad

1828 3468 2168 3534 superiorem
2199 3484 2423 3523 sensum
2460 3469 2845 3540 {elevalionem
2890 3480 3083 3553 animi]
3111 3493 3163 3537 et
3194 3500 3404 3542 memo-

1829 3557 1965 3611 riam
2002 3563 2202 3613 mentis
2245 3571 2469 3621 nosn-ar.
2511 3579 2574 3619 ac
2607 3568 3077 3636 participationem
3113 3576 3402 3643 cujusdam

1827 3649 2299 3706 sanctiﬁcationis.
2347 3654 2621 3724 Quidquid
2670 3660 2815 3712 enim
2860 3672 3110 3718 sanctum
3157 3668 3405 3739 Evange-

1829 3737 1959 3791 lium
2013 3755 2109 3808 per
2161 3742 2451 3797 lectionem
2499 3746 2745 3803 insinuat
2776 3753 2953 3817 nobis,
3015 3756 3066 3808 id
3118 3737 3405 3827 ipsuin'et

1830 3829 2095 3895 imagines
2129 3843 2225 3907 ret
2250 3835 2514 3904 quidquid
2551 3848 2829 3906 gestorum
2868 3844 2992 3898 libri
3026 3847 3094 3902 de
3131 3853 3405 3917 passioni-

1828 3922 1931 3976 bus
1978 3932 2279 3994 martyrum
2325 3940 2567 3993 narrant,
2620 3932 2873 3989 similiter
2919 3949 2970 3991 et
3008 3940 3274 4011 imagines
3306 3963 3321 3999 :
3351 3960 3403 4001 et

1830 4014 1927 4067 has
1969 4017 2275 4072 salutamus
2327 4032 2587 4090 tanquam
2637 4024 2843 4080 formas
2875 4031 3305 4101 primitirorum,
3352 4052 3404 4093 et

1828 4105 1965 4159 nihil
2007 4108 2155 4162 aliud
2194 4128 2206 4163 :
2245 4111 2494 4179 profecto
2526 4113 2582 4168 in
2620 4132 2787 4170 unum
2830 4118 3000 4175 Deum
3048 4124 3101 4179 in
3132 4126 3405 4186 Trinitatis

1830 4198 2162 4253 laudandum
2190 4202 2493 4269 credentes,
2520 4214 2575 4257 et
2604 4206 2707 4274 ipsi
2741 4209 2842 4263 soli
2869 4214 3190 4271 servientes.
3227 4221 3405 4291 Expe—

1830 4291 1994 4344 timus
2054 4292 2215 4346 etiam
2275 4294 2701 4352 intercessiones
2756 4301 3095 4359 intemeratae
3158 4308 3405 4369 Domina.-

1828 4391 2030 4436 nostrze
2062 4398 2267 4438 sanctte
2296 4384 2388 4439 Dei
2422 4387 2738 4451 Genitrieis,
2769 4409 3200 4468 sanctorumque
3236 4420 3404 4473 ange-

1828 4475 2042 4537 lorum,
2082 4485 2137 4528 et
2165 4478 2409 4531 omnium
2446 4492 2759 4536 sanctorum
2804 4485 3024 4544 Patrum
3057 4503 3398 4551 nostrorum.

138 4587 236 4639 ρος
270 4568 379 4620 τῶν
408 4568 654 4621 εὐλαϐῶν
680 4567 951 4637 μοναχῶν.
986 4569 1093 4620 Καὶ
1134 4571 1297 4638 ἡμεῖς
1329 4569 1385 4622 δὲ
1420 4569 1718 4638 προεγινώ-

1830 4564 1923 4618 llis
1978 4567 2051 4618 ita
2093 4582 2151 4620 se
2210 4568 2571 4633 habentibus,
2629 4586 2821 4643 questa
2871 4589 2956 4633 est
3002 4585 3214 4652 synodo
3270 4602 3402 4656 pars

135 4677 350 4729 σκομεν
383 4658 479 4728 τὴν
524 4658 786 4727 ἐγκλησιν
824 4660 1029 4724 ταύτην
1058 4674 1070 4687 ’
1101 4660 1185 4711 ὅτι
1214 4660 1263 4710 οἱ
1296 4658 1543 4720 πλείονες
1611 4658 1719 4710 τῶν

130 4753 461 4805 ἐπισκόπων
510 4754 792 4822 χρήμασιν
853 4752 1137 4821 ὠνήσαντο
1197 4752 1292 4819 τὴν
1365 4752 1670 4821 ἱερωσύνην
1705 4767 1716 4781 ·

130 4851 239 4903 καὶ
258 4846 359 4899 κᾶν
376 4846 675 4914 ἁμαρτίαις
690 4844 988 4914 ἡμετέραις
1008 4843 1483 4913 περιπειρὼμεθα,
1508 4845 1601 4896 καὶ⁸
1615 4861 1721 4896 σει-

134 4940 266 5008 ραῖς
313 4939 518 4988 τούτων
573 4933 1046 5002 συσφιγγώμεθα,
1100 4935 1185 5000 ἐφ’
1234 4932 1322 4997 αἷς
1375 4935 1536 4997 ἵλεως
1588 4936 1720 5004 ἡμῖν

126 5031 356 5096 γένοιτο
408 5026 610 5099 Κύριος
638 5043 652 5057 ’
684 5025 801 5077 ἀλλ’
837 5022 931 5078 οὖν
963 5026 1071 5079 τῶν
1127 5026 1500 5094 εὐαγγελικῶν
1528 5026 1718 5079 ὲνταλ-

134 5122 335 5190 μάτων
367 5120 460 5170 καὶ
492 5116 796 5170 κανονικῶν
821 5115 1125 5180 διατάξεων
1145 5117 1243 5184 τὴν
1265 5119 1468 5185 γνῶσιν
1494 5118 1721 5188 εἰλήφα-

132 5228 268 5281 μεν,
320 5211 415 5261 καὶ
448 5210 506 5260 ὲν
537 5208 767 5278 καθαρῷ
820 5206 1106 5271 συνειδότι,
1167 5209 1263 5261 καὶ
1318 5210 1463 5280 ἁπλῇ
1497 5212 1716 5284 καρδίᾳ,

127 5303 237 5357 καὶ
266 5300 627 5371 ἁφιλαργύρῳ
653 5300 860 5370 τρόπῳ,
888 5299 983 5353 καὶ
998 5300 1054 5351 ὲν
1086 5302 1390 5371 συνειδήσει
1410 5304 1720 5374 ἀνεπτερω-

134 5396 285 5465 μένῃ
340 5392 476 5462 πρὸς
512 5392 606 5443 τὸν
650 5391 802 5455 Θεὸν,
830 5394 896 5461 τῇ
919 5395 1180 5462 κανονικῇ
1236 5391 1329 5445 καὶ
1389 5394 1716 5466 εὐαγγελικῇ

124 5484 383 5549 διατάξει
416 5484 557 5538 κατὰ
584 5484 761 5536 πάντα
778 5483 1005 5536 ἕπεσθαι
1034 5483 1328 5552 εὐχόμεθα·
1364 5488 1456 5536 καὶ
1473 5485 1719 5552 καθήκα-

131 5593 246 5647 μεν
274 5576 501 5635 ἑαυτοὺς
525 5573 617 5625 καὶ
654 5572 1025 5642 ὐπεκλίναμεν
1060 5572 1381 5626 δουλοῦσθαι
1404 5577 1515 5636 τοῖς
1555 5577 1717 5641 εὐαγ-

124 5668 380 5737 γελικοίς
410 5666 500 5718 καὶ
520 5665 893 5727 ἀποστολικοῖς
918 5666 1205 5735 πατρικοῖς
1236 5665 1714 5737 παραγγέλμασιν·

212 5782 259 5812 θ’
284 5762 427 5834 ﬁsa].
472 5796 635 5848 LXXV,
672 5782 723 5836 5.

1827 4656 2002 4725 major
2046 4660 2472 4716 reverendorum
2511 4668 2905 4724 monachorum
2941 4671 3398 4750 [episc0porum].

1823 4747 1927 4801 Sed
1985 4758 2039 4803 et
2092 4766 2190 4805 nos
2249 4756 2625 4820 praescivimus
2680 4763 2962 4829 querelam
3016 4767 3215 4833 istam,
3273 4747 3402 4841 quia

1823 4843 2007 4910 p!ures
2036 4844 2420 4912 episcoporum
2461 4851 2713 4917 pecuniis
2744 4854 3106 4912 obtinuerunt
3144 4865 3402 4919 sacerdo-

1824 4936 1956 4989 tium
1991 4955 2003 4989 :
2035 4948 2087 4990 ct
2123 4940 2251 4992 licet
2295 4942 2533 5007 peccatis
2578 4946 2784 4998 nostris
2819 4948 3163 5004 ohcaereuiur
3197 4952 3403 5024 [impli-

1823 5026 2065 5098 cemur],
2127 5038 2181 5082 et
2241 5030 2435 5083 horum
2504 5035 2749 5090 restibus
2800 5041 3279 5111 constringamur,
3344 5048 3396 5100 in

1822 5122 2022 5189 quibus
2054 5122 2323 5191 propitius
2356 5125 2515 5179 nobis
2552 5126 2626 5179 sit
2667 5128 2808 5183 Deus
2841 5148 2854 5183 :
2892 5141 3130 5188 attamen
3159 5152 3397 5208 evange-

1792 5213 2051 5280 Jicorum
2102 5215 2484 5269 mandatorum
2523 5227 2577 5271 et
2625 5220 3018 5278 canonicarum
3072 5234 3397 5299 praeceptio-

1821 5319 1949 5356 num
1986 5306 2348 5373 cognitionem
2383 5311 2744 5379 percepimus,
2800 5324 2854 5368 et
2905 5317 2960 5370 in
3012 5321 3213 5374 munda
3262 5339 3397 5377 con-

1822 5396 2071 5460 scientia,
2101 5407 2153 5449 ct
2198 5401 2434 5469 simplici
2465 5405 2649 5467 corde,
2683 5415 2737 5459 et
2770 5408 2822 5460 in
2860 5424 3015 5463 more
3054 5413 3172 5467 sine.
3216 5417 3397 5468 avari-

1823 5489 1915 5549 tia,
1948 5495 2003 5539 et
2028 5488 2462 5556 impcrturbabili
2505 5494 2570 5547 ad
2608 5494 2775 5549 Deum
2810 5498 3020 5563 habito,
3068 5506 3392 5562 canonicum

1821 5577 1937 5650 [σν.
1988 5582 2323 5637 conscientia
2371 5585 2627 5641 alacriter
2678 5592 2926 5660 erigente
2978 5611 3037 5648 se
3086 5597 3151 5649 ad
3198 5595 3392 5661 Deum,

1821 5666 1969 5739 eam]
2010 5684 2106 5739 per
2161 5673 2344 5726 omnia
2405 5675 2559 5743 sequi
2616 5688 2875 5746 Optamus
2926 5696 3259 5753 praeceptum
3294 5702 3309 5741 :
3342 5694 3396 5741 et
