  <div class='ocr_page' id='page_1' title='image "/cluster/home/n/w/nwhite01/storage/ocr_20150623/98/nnc1.0046979697/732.png"; bbox 0 0 4092 6438; ppageno 0'>
   <div class='ocr_carea' id='block_1_1' title="bbox 136 389 254 455">
    <p class='ocr_par' dir='ltr' id='par_1_1' title="bbox 136 389 254 455">
     <span class='ocr_line' id='line_1_1' title="bbox 136 389 254 455; baseline -0.017 0"><span class='ocrx_word' id='word_1_1' title='bbox 136 389 254 455; x_wconf 67' lang='lat'><strong>{-157</strong></span> 
     </span>
    </p>
   </div>
   <div class='ocr_carea' id='block_1_2' title="bbox 1548 392 1948 452">
    <p class='ocr_par' dir='ltr' id='par_1_2' title="bbox 1548 392 1948 452">
     <span class='ocr_line' id='line_1_2' title="bbox 1548 392 1948 452; baseline 0.003 -1"><span class='ocrx_word' id='word_1_2' title='bbox 1548 392 1948 452; x_wconf 60' lang='lat' dir='ltr'><strong>El‘ltaTOLAi.</strong></span> 
     </span>
    </p>
   </div>
   <div class='ocr_carea' id='block_1_3' title="bbox 3247 383 3381 449">
    <p class='ocr_par' dir='ltr' id='par_1_3' title="bbox 3247 383 3381 449">
     <span class='ocr_line' id='line_1_3' title="bbox 3247 383 3381 449; baseline 0.007 -2"><span class='ocrx_word' id='word_1_3' title='bbox 3247 383 3381 449; x_wconf 67' lang='lat'><strong>1468</strong></span> 
     </span>
    </p>
   </div>
   <div class='ocr_carea' id='block_1_4' title="bbox 132 492 1717 572">
    <p class='ocr_par' dir='ltr' id='par_1_4' title="bbox 132 501 1692 572">
     <span class='ocr_line' id='line_1_4' title="bbox 132 501 1692 572; baseline -0.002 -16"><span class='ocrx_word' id='word_1_4' title='bbox 132 504 240 556; x_wconf 83' lang='grc' dir='ltr'>Ὀτι</span> <span class='ocrx_word' id='word_1_5' title='bbox 287 503 312 553; x_wconf 84' lang='grc' dir='ltr'><strong>ό</strong></span> <span class='ocrx_word' id='word_1_6' title='bbox 373 501 466 555; x_wconf 73' lang='grc' dir='ltr'>ἐπὶ</span> <span class='ocrx_word' id='word_1_7' title='bbox 532 501 780 571; x_wconf 69' lang='grc' dir='ltr'>χρήμασι</span> <span class='ocrx_word' id='word_1_8' title='bbox 827 502 1228 572; x_wconf 68' lang='grc' dir='ltr'>χειροτονηθεὶς</span> <span class='ocrx_word' id='word_1_9' title='bbox 1278 501 1599 567; x_wconf 75' lang='grc' dir='ltr'><strong>ἐπίσκοπος,</strong></span> <span class='ocrx_word' id='word_1_10' title='bbox 1659 503 1692 572; x_wconf 78' lang='grc' dir='ltr'>ἢ</span> 
     </span>
    </p>
   </div>
   <div class='ocr_carea' id='block_1_5' title="bbox 1822 492 3379 572">
    <p class='ocr_par' dir='ltr' id='par_1_5' title="bbox 1822 492 3379 566">
     <span class='ocr_line' id='line_1_5' title="bbox 1822 492 3379 566; baseline -0.009 -6"><span class='ocrx_word' id='word_1_11' title='bbox 1822 504 2065 566; x_wconf 78' lang='lat' dir='ltr'><strong>liarcnas</strong></span> <span class='ocrx_word' id='word_1_12' title='bbox 2100 506 2268 561; x_wconf 85' lang='lat' dir='ltr'><strong>relata</strong></span> <span class='ocrx_word' id='word_1_13' title='bbox 2302 510 2406 557; x_wconf 86' lang='lat' dir='ltr'><strong>ost.</strong></span> <span class='ocrx_word' id='word_1_14' title='bbox 2434 500 2714 566; x_wconf 76' lang='lat' dir='ltr'><strong>Quorsum</strong></span> <span class='ocrx_word' id='word_1_15' title='bbox 2751 510 2879 553; x_wconf 76' lang='lat' dir='ltr'><strong>vero</strong></span> <span class='ocrx_word' id='word_1_16' title='bbox 2918 496 3030 551; x_wconf 70' lang='lat' dir='ltr'><strong>haec</strong></span> <span class='ocrx_word' id='word_1_17' title='bbox 3061 492 3223 551; x_wconf 83' lang='lat' dir='ltr'><strong>dico?</strong></span> <span class='ocrx_word' id='word_1_18' title='bbox 3257 510 3379 553; x_wconf 83' lang='lat' dir='ltr'><strong>cum</strong></span> 
     </span>
    </p>
   </div>
   <div class='ocr_carea' id='block_1_6' title="bbox 131 588 1690 663">
    <p class='ocr_par' dir='ltr' id='par_1_6' title="bbox 131 588 1690 663">
     <span class='ocr_line' id='line_1_6' title="bbox 131 588 1690 663; baseline 0.003 -23"><span class='ocrx_word' id='word_1_19' title='bbox 131 589 510 659; x_wconf 76' lang='grc' dir='ltr'>πρεσϐύτερος,</span> <span class='ocrx_word' id='word_1_20' title='bbox 543 590 575 658; x_wconf 75' lang='grc' dir='ltr'>ἦ</span> <span class='ocrx_word' id='word_1_21' title='bbox 606 588 876 652; x_wconf 86' lang='grc' dir='ltr'>διάκονος,</span> <span class='ocrx_word' id='word_1_22' title='bbox 945 591 1228 660; x_wconf 83' lang='grc' dir='ltr'>ἁλλότριός</span> <span class='ocrx_word' id='word_1_23' title='bbox 1261 592 1375 642; x_wconf 75' lang='grc' dir='ltr'>ἐστι</span> <span class='ocrx_word' id='word_1_24' title='bbox 1409 593 1505 660; x_wconf 72' lang='grc' dir='ltr'>τῆς</span> <span class='ocrx_word' id='word_1_25' title='bbox 1532 600 1690 663; x_wconf 83' lang='grc' dir='ltr'>ιερω-</span> 
     </span>
    </p>
   </div>
   <div class='ocr_carea' id='block_1_7' title="bbox 130 680 1692 755">
    <p class='ocr_par' dir='ltr' id='par_1_7' title="bbox 130 680 1692 755">
     <span class='ocr_line' id='line_1_7' title="bbox 130 680 1692 755; baseline 0.004 -23"><span class='ocrx_word' id='word_1_26' title='bbox 130 680 299 748; x_wconf 73' lang='grc' dir='ltr'>σύνηε.</span> <span class='ocrx_word' id='word_1_27' title='bbox 332 681 466 733; x_wconf 84' lang='grc' dir='ltr'><strong>Οὐδὲ</strong></span> <span class='ocrx_word' id='word_1_28' title='bbox 496 680 606 751; x_wconf 84' lang='grc' dir='ltr'><strong>γὰρ</strong></span> <span class='ocrx_word' id='word_1_29' title='bbox 629 684 661 751; x_wconf 84' lang='grc' dir='ltr'><strong>ή</strong></span> <span class='ocrx_word' id='word_1_30' title='bbox 687 682 781 735; x_wconf 87' lang='grc' dir='ltr'><strong>τοῦ</strong></span> <span class='ocrx_word' id='word_1_31' title='bbox 834 681 979 734; x_wconf 84' lang='grc' dir='ltr'>θείου</span> <span class='ocrx_word' id='word_1_32' title='bbox 1041 682 1361 753; x_wconf 83' lang='grc' dir='ltr'>Πνεύματος</span> <span class='ocrx_word' id='word_1_33' title='bbox 1413 685 1572 755; x_wconf 77' lang='grc' dir='ltr'>χάρις</span> <span class='ocrx_word' id='word_1_34' title='bbox 1604 704 1692 738; x_wconf 77' lang='grc' dir='ltr'>ττι·</span> 
     </span>
    </p>
   </div>
   <div class='ocr_carea' id='block_1_8' title="bbox 128 772 1696 845">
    <p class='ocr_par' dir='ltr' id='par_1_8' title="bbox 128 772 1696 845">
     <span class='ocr_line' id='line_1_8' title="bbox 128 772 1696 845; baseline 0.001 -21"><span class='ocrx_word' id='word_1_35' title='bbox 128 772 441 843; x_wconf 85' lang='grc' dir='ltr'>πράσκεται.</span> <span class='ocrx_word' id='word_1_36' title='bbox 501 773 852 842; x_wconf 71' lang='grc' dir='ltr'>Καῖαφαῖκδν</span> <span class='ocrx_word' id='word_1_37' title='bbox 872 774 1304 845; x_wconf 76' lang='grc' dir='ltr'>τὸὲπιτήδευμα,</span> <span class='ocrx_word' id='word_1_38' title='bbox 1352 776 1696 843; x_wconf 78' lang='grc' dir='ltr'>Σιμωνιακὸν</span> 
     </span>
    </p>
   </div>
   <div class='ocr_carea' id='block_1_9' title="bbox 126 864 1695 936">
    <p class='ocr_par' dir='ltr' id='par_1_9' title="bbox 126 864 1695 936">
     <span class='ocr_line' id='line_1_9' title="bbox 126 864 1695 936; baseline 0.003 -21"><span class='ocrx_word' id='word_1_39' title='bbox 126 866 182 915; x_wconf 76' lang='grc' dir='ltr'>τὸ</span> <span class='ocrx_word' id='word_1_40' title='bbox 210 866 531 934; x_wconf 82' lang='grc' dir='ltr'>ἐγχείρημα,</span> <span class='ocrx_word' id='word_1_41' title='bbox 592 864 872 936; x_wconf 85' lang='grc' dir='ltr'>ἀλλότριον</span> <span class='ocrx_word' id='word_1_42' title='bbox 904 867 1005 933; x_wconf 83' lang='grc' dir='ltr'>τῆς</span> <span class='ocrx_word' id='word_1_43' title='bbox 1061 868 1344 936; x_wconf 75' lang='grc' dir='ltr'><strong>ἱερατικῆς</strong></span> <span class='ocrx_word' id='word_1_44' title='bbox 1391 867 1695 934; x_wconf 78' lang='grc' dir='ltr'><strong>ἁγιστείας.</strong></span> 
     </span>
    </p>
   </div>
   <div class='ocr_carea' id='block_1_10' title="bbox 126 952 1699 1028">
    <p class='ocr_par' dir='ltr' id='par_1_10' title="bbox 126 952 1699 1028">
     <span class='ocr_line' id='line_1_10' title="bbox 126 952 1699 1028; baseline 0.001 -20"><span class='ocrx_word' id='word_1_45' title='bbox 126 957 230 1008; x_wconf 70' lang='grc' dir='ltr'>Καὶ</span> <span class='ocrx_word' id='word_1_46' title='bbox 282 956 373 1007; x_wconf 72' lang='grc' dir='ltr'><strong>ἐπὶ</strong></span> <span class='ocrx_word' id='word_1_47' title='bbox 414 952 655 1026; x_wconf 77' lang='grc' dir='ltr'><strong>’πορνείᾳ</strong></span> <span class='ocrx_word' id='word_1_48' title='bbox 688 957 737 1009; x_wconf 89' lang='grc' dir='ltr'><strong>εἱ</strong></span> <span class='ocrx_word' id='word_1_49' title='bbox 791 956 972 1027; x_wconf 81' lang='grc' dir='ltr'>ληφθῇ</span> <span class='ocrx_word' id='word_1_50' title='bbox 1033 957 1165 1009; x_wconf 90' lang='grc' dir='ltr'>ποτέ</span> <span class='ocrx_word' id='word_1_51' title='bbox 1223 974 1308 1018; x_wconf 88' lang='grc' dir='ltr'><strong>τις</strong></span> <span class='ocrx_word' id='word_1_52' title='bbox 1356 958 1494 1028; x_wconf 87' lang='grc' dir='ltr'><strong>μετά</strong></span> <span class='ocrx_word' id='word_1_53' title='bbox 1515 959 1576 1010; x_wconf 71' lang='grc' dir='ltr'>τὸ</span> <span class='ocrx_word' id='word_1_54' title='bbox 1600 958 1699 1027; x_wconf 73' lang='grc' dir='ltr'><strong>βά-</strong></span> 
     </span>
    </p>
   </div>
   <div class='ocr_carea' id='block_1_11' title="bbox 128 1032 1699 1119">
    <p class='ocr_par' dir='ltr' id='par_1_11' title="bbox 128 1032 1699 1119">
     <span class='ocr_line' id='line_1_11' title="bbox 128 1032 1699 1119; baseline 0.001 -20"><span class='ocrx_word' id='word_1_55' title='bbox 128 1065 347 1117; x_wconf 86' lang='grc' dir='ltr'>πτισμα,</span> <span class='ocrx_word' id='word_1_56' title='bbox 388 1050 465 1111; x_wconf 78' lang='grc' dir='ltr'><strong>εἰς</strong></span> <span class='ocrx_word' id='word_1_57' title='bbox 521 1048 821 1118; x_wconf 76' lang='grc' dir='ltr'><strong>ἱερωσύνην</strong></span> <span class='ocrx_word' id='word_1_58' title='bbox 852 1032 926 1100; x_wconf 46' lang='lat' dir='ltr'><strong>ob.</strong></span> <span class='ocrx_word' id='word_1_59' title='bbox 969 1048 1308 1119; x_wconf 85' lang='grc' dir='ltr'>προσεδέχθη</span> <span class='ocrx_word' id='word_1_60' title='bbox 1338 1065 1350 1078; x_wconf 85' lang='grc'><strong>·</strong></span> <span class='ocrx_word' id='word_1_61' title='bbox 1401 1050 1537 1101; x_wconf 88' lang='grc' dir='ltr'>θεῖοι</span> <span class='ocrx_word' id='word_1_62' title='bbox 1602 1068 1699 1103; x_wconf 81' lang='grc' dir='ltr'>κα-</span> 
     </span>
    </p>
   </div>
   <div class='ocr_carea' id='block_1_12' title="bbox 127 1139 1699 1213">
    <p class='ocr_par' dir='ltr' id='par_1_12' title="bbox 127 1139 1699 1213">
     <span class='ocr_line' id='line_1_12' title="bbox 127 1139 1699 1213; baseline 0.003 -24"><span class='ocrx_word' id='word_1_63' title='bbox 127 1139 267 1202; x_wconf 87' lang='grc' dir='ltr'>νόνες</span> <span class='ocrx_word' id='word_1_64' title='bbox 290 1139 447 1192; x_wconf 87' lang='grc' dir='ltr'>τοῦτο</span> <span class='ocrx_word' id='word_1_65' title='bbox 482 1140 913 1210; x_wconf 84' lang='grc' dir='ltr'>διαγορεύουσιν.</span> <span class='ocrx_word' id='word_1_66' title='bbox 956 1140 1098 1193; x_wconf 83' lang='grc' dir='ltr'>Ἀλλ’</span> <span class='ocrx_word' id='word_1_67' title='bbox 1121 1142 1169 1193; x_wconf 80' lang='grc' dir='ltr'><strong>εἱ</strong></span> <span class='ocrx_word' id='word_1_68' title='bbox 1209 1142 1302 1193; x_wconf 89' lang='grc' dir='ltr'><strong>καί</strong></span> <span class='ocrx_word' id='word_1_69' title='bbox 1347 1159 1431 1205; x_wconf 87' lang='grc' dir='ltr'><strong>τις</strong></span> <span class='ocrx_word' id='word_1_70' title='bbox 1468 1142 1699 1213; x_wconf 72' lang='grc' dir='ltr'>εἰσήχθη</span> 
     </span>
    </p>
   </div>
   <div class='ocr_carea' id='block_1_13' title="bbox 127 1231 1703 1304">
    <p class='ocr_par' dir='ltr' id='par_1_13' title="bbox 127 1231 1703 1304">
     <span class='ocr_line' id='line_1_13' title="bbox 127 1231 1703 1304; baseline 0.003 -22"><span class='ocrx_word' id='word_1_71' title='bbox 127 1232 204 1292; x_wconf 86' lang='grc' dir='ltr'><strong>εἱς</strong></span> <span class='ocrx_word' id='word_1_72' title='bbox 266 1232 366 1301; x_wconf 85' lang='grc' dir='ltr'><strong>τὴν</strong></span> <span class='ocrx_word' id='word_1_73' title='bbox 430 1233 733 1302; x_wconf 75' lang='grc' dir='ltr'><strong>ἱερωσύνην</strong></span> <span class='ocrx_word' id='word_1_74' title='bbox 786 1231 1030 1286; x_wconf 82' lang='grc' dir='ltr'>τοιοῦτόν</span> <span class='ocrx_word' id='word_1_75' title='bbox 1060 1250 1113 1286; x_wconf 89' lang='grc' dir='ltr'><strong>τι</strong></span> <span class='ocrx_word' id='word_1_76' title='bbox 1156 1233 1390 1304; x_wconf 79' lang='grc' dir='ltr'>πράξας,</span> <span class='ocrx_word' id='word_1_77' title='bbox 1435 1233 1703 1301; x_wconf 68' lang='grc' dir='ltr'>γνωσθεὶς</span> 
     </span>
    </p>
   </div>
   <div class='ocr_carea' id='block_1_14' title="bbox 127 1320 1701 1399">
    <p class='ocr_par' dir='ltr' id='par_1_14' title="bbox 127 1320 1701 1399">
     <span class='ocr_line' id='line_1_14' title="bbox 127 1320 1701 1399; baseline 0.005 -27"><span class='ocrx_word' id='word_1_78' title='bbox 127 1320 407 1391; x_wconf 74' lang='grc' dir='ltr'>ἐξεϐλήθη.</span> <span class='ocrx_word' id='word_1_79' title='bbox 440 1323 626 1377; x_wconf 82' lang='grc' dir='ltr'>Πάντα</span> <span class='ocrx_word' id='word_1_80' title='bbox 651 1324 707 1376; x_wconf 83' lang='grc' dir='ltr'>δὲ</span> <span class='ocrx_word' id='word_1_81' title='bbox 732 1325 901 1394; x_wconf 73' lang='grc' dir='ltr'>ἄνδρα</span> <span class='ocrx_word' id='word_1_82' title='bbox 924 1327 989 1397; x_wconf 82' lang='grc' dir='ltr'>τῇ</span> <span class='ocrx_word' id='word_1_83' title='bbox 1047 1326 1306 1397; x_wconf 75' lang='grc' dir='ltr'><strong>μετανοίᾳ</strong></span> <span class='ocrx_word' id='word_1_84' title='bbox 1356 1344 1701 1399; x_wconf 87' lang='grc' dir='ltr'>προσκαρτε-</span> 
     </span>
    </p>
   </div>
   <div class='ocr_carea' id='block_1_15' title="bbox 130 1411 1704 1487">
    <p class='ocr_par' dir='ltr' id='par_1_15' title="bbox 130 1411 1704 1487">
     <span class='ocr_line' id='line_1_15' title="bbox 130 1411 1704 1487; baseline 0.003 -24"><span class='ocrx_word' id='word_1_85' title='bbox 130 1411 320 1481; x_wconf 84' lang='grc' dir='ltr'>ροῦντα</span> <span class='ocrx_word' id='word_1_86' title='bbox 363 1413 455 1464; x_wconf 76' lang='grc' dir='ltr'>ἐπὶ</span> <span class='ocrx_word' id='word_1_87' title='bbox 511 1414 896 1486; x_wconf 83' lang='grc' dir='ltr'>ἁμαρτήμασι,</span> <span class='ocrx_word' id='word_1_88' title='bbox 957 1416 1056 1487; x_wconf 81' lang='grc' dir='ltr'>τὴν</span> <span class='ocrx_word' id='word_1_89' title='bbox 1090 1416 1408 1487; x_wconf 85' lang='grc' dir='ltr'>ἀγαθότητα</span> <span class='ocrx_word' id='word_1_90' title='bbox 1435 1419 1528 1470; x_wconf 76' lang='grc' dir='ltr'>καὶ</span> <span class='ocrx_word' id='word_1_91' title='bbox 1576 1418 1704 1485; x_wconf 81' lang='grc' dir='ltr'>φιλ-</span> 
     </span>
    </p>
   </div>
   <div class='ocr_carea' id='block_1_16' title="bbox 128 1492 1708 1581">
    <p class='ocr_par' dir='ltr' id='par_1_16' title="bbox 128 1504 1708 1581">
     <span class='ocr_line' id='line_1_16' title="bbox 128 1504 1708 1581; baseline 0.004 -26"><span class='ocrx_word' id='word_1_92' title='bbox 128 1504 437 1572; x_wconf 84' lang='grc' dir='ltr'>ανθρωπίαν</span> <span class='ocrx_word' id='word_1_93' title='bbox 462 1504 555 1558; x_wconf 83' lang='grc' dir='ltr'><strong>τοῦ</strong></span> <span class='ocrx_word' id='word_1_94' title='bbox 586 1505 720 1559; x_wconf 88' lang='grc' dir='ltr'>Θεοῦ</span> <span class='ocrx_word' id='word_1_95' title='bbox 746 1506 1053 1575; x_wconf 82' lang='grc' dir='ltr'>γινώσκων,</span> <span class='ocrx_word' id='word_1_96' title='bbox 1091 1505 1207 1561; x_wconf 79' lang='grc' dir='ltr'>οῖδα</span> <span class='ocrx_word' id='word_1_97' title='bbox 1238 1509 1569 1581; x_wconf 74' lang='grc' dir='ltr'>λυτροῦσθαι</span> <span class='ocrx_word' id='word_1_98' title='bbox 1607 1512 1708 1580; x_wconf 74' lang='grc' dir='ltr'><strong>τῆς</strong></span> 
     </span>
    </p>
   </div>
   <div class='ocr_carea' id='block_1_17' title="bbox 127 1596 1707 1672">
    <p class='ocr_par' dir='ltr' id='par_1_17' title="bbox 127 1596 1707 1672">
     <span class='ocr_line' id='line_1_17' title="bbox 127 1596 1707 1672; baseline 0.004 -25"><span class='ocrx_word' id='word_1_99' title='bbox 127 1596 421 1666; x_wconf 87' lang='grc' dir='ltr'>ἁμαρτίας,</span> <span class='ocrx_word' id='word_1_100' title='bbox 454 1596 635 1661; x_wconf 86' lang='grc' dir='ltr'>καθὼς</span> <span class='ocrx_word' id='word_1_101' title='bbox 671 1600 767 1651; x_wconf 74' lang='grc' dir='ltr'><strong>καὶ</strong></span> <span class='ocrx_word' id='word_1_102' title='bbox 800 1599 1058 1671; x_wconf 79' lang='grc' dir='ltr'>ἀνωτέρω</span> <span class='ocrx_word' id='word_1_103' title='bbox 1086 1600 1534 1672; x_wconf 81' lang='grc' dir='ltr'>ἀποδεδώκαμεν.</span> <span class='ocrx_word' id='word_1_104' title='bbox 1596 1602 1707 1654; x_wconf 86' lang='lat' dir='ltr'><strong>Kal</strong></span> 
     </span>
    </p>
   </div>
   <div class='ocr_carea' id='block_1_18' title="bbox 128 1688 1709 1765">
    <p class='ocr_par' dir='ltr' id='par_1_18' title="bbox 128 1688 1709 1765">
     <span class='ocr_line' id='line_1_18' title="bbox 128 1688 1709 1765; baseline 0.004 -24"><span class='ocrx_word' id='word_1_105' title='bbox 128 1688 508 1759; x_wconf 80' lang='grc' dir='ltr'>ἀναθεματίζω</span> <span class='ocrx_word' id='word_1_106' title='bbox 555 1693 927 1746; x_wconf 76' lang='grc' dir='ltr'>Ναυάτον”καὶ</span> <span class='ocrx_word' id='word_1_107' title='bbox 977 1695 1104 1757; x_wconf 84' lang='grc' dir='ltr'>τοὺς</span> <span class='ocrx_word' id='word_1_108' title='bbox 1130 1695 1325 1747; x_wconf 85' lang='grc' dir='ltr'>τούτου</span> <span class='ocrx_word' id='word_1_109' title='bbox 1355 1694 1453 1765; x_wconf 76' lang='grc' dir='ltr'>τὴν</span> <span class='ocrx_word' id='word_1_110' title='bbox 1475 1695 1709 1765; x_wconf 76' lang='grc' dir='ltr'>δυσσεϐῆ</span> 
     </span>
    </p>
   </div>
   <div class='ocr_carea' id='block_1_19' title="bbox 131 1781 1708 1859">
    <p class='ocr_par' dir='ltr' id='par_1_19' title="bbox 131 1781 1708 1859">
     <span class='ocr_line' id='line_1_19' title="bbox 131 1781 1708 1859; baseline 0.005 -26"><span class='ocrx_word' id='word_1_111' title='bbox 131 1781 339 1850; x_wconf 75' lang='grc' dir='ltr'>αἵρεσιν</span> <span class='ocrx_word' id='word_1_112' title='bbox 388 1784 828 1853; x_wconf 77' lang='grc' dir='ltr'>ἐπισπωμένους,</span> <span class='ocrx_word' id='word_1_113' title='bbox 863 1786 941 1849; x_wconf 85' lang='grc' dir='ltr'>ὡς</span> <span class='ocrx_word' id='word_1_114' title='bbox 996 1786 1327 1851; x_wconf 84' lang='grc' dir='ltr'>ἀθετοῦντας</span> <span class='ocrx_word' id='word_1_115' title='bbox 1386 1787 1486 1859; x_wconf 79' lang='grc' dir='ltr'>τὴν</span> <span class='ocrx_word' id='word_1_116' title='bbox 1543 1788 1708 1859; x_wconf 82' lang='grc' dir='ltr'>μετά-</span> 
     </span>
    </p>
   </div>
   <div class='ocr_carea' id='block_1_20' title="bbox 130 1874 1713 1954">
    <p class='ocr_par' dir='ltr' id='par_1_20' title="bbox 130 1874 1713 1954">
     <span class='ocr_line' id='line_1_20' title="bbox 130 1874 1713 1954; baseline 0.006 -30"><span class='ocrx_word' id='word_1_117' title='bbox 130 1889 298 1937; x_wconf 90' lang='grc' dir='ltr'>νοιαν,</span> <span class='ocrx_word' id='word_1_118' title='bbox 328 1874 424 1926; x_wconf 78' lang='grc' dir='ltr'>καὶ</span> <span class='ocrx_word' id='word_1_119' title='bbox 454 1876 553 1945; x_wconf 83' lang='grc' dir='ltr'>τὴν</span> <span class='ocrx_word' id='word_1_120' title='bbox 576 1875 989 1947; x_wconf 74' lang='grc' dir='ltr'>φιλανθρωπίαν</span> <span class='ocrx_word' id='word_1_121' title='bbox 1003 1877 1098 1931; x_wconf 89' lang='grc' dir='ltr'><strong>τοῦ</strong></span> <span class='ocrx_word' id='word_1_122' title='bbox 1129 1878 1267 1932; x_wconf 87' lang='grc' dir='ltr'>Θεοῦ</span> <span class='ocrx_word' id='word_1_123' title='bbox 1304 1880 1378 1951; x_wconf 85' lang='grc' dir='ltr'>μὴ</span> <span class='ocrx_word' id='word_1_124' title='bbox 1412 1882 1713 1954; x_wconf 61' lang='grc' dir='ltr'>προσιεμέι</span> 
     </span>
    </p>
   </div>
   <div class='ocr_carea' id='block_1_21' title="bbox 128 1967 1710 2047">
    <p class='ocr_par' dir='ltr' id='par_1_21' title="bbox 128 1967 1710 2047">
     <span class='ocr_line' id='line_1_21' title="bbox 128 1967 1710 2047; baseline 0.009 -31"><span class='ocrx_word' id='word_1_125' title='bbox 128 1984 271 2030; x_wconf 88' lang='grc' dir='ltr'>νους.</span> <span class='ocrx_word' id='word_1_126' title='bbox 308 1967 582 2033; x_wconf 79' lang='grc' dir='ltr'>Ὡσαύτως</span> <span class='ocrx_word' id='word_1_127' title='bbox 603 1969 660 2022; x_wconf 81' lang='grc' dir='ltr'>δὲ</span> <span class='ocrx_word' id='word_1_128' title='bbox 691 1970 900 2025; x_wconf 77' lang='grc' dir='ltr'>καὶτὸν</span> <span class='ocrx_word' id='word_1_129' title='bbox 924 1971 1022 2025; x_wconf 76' lang='grc' dir='ltr'>ἐπὶ</span> <span class='ocrx_word' id='word_1_130' title='bbox 1083 1974 1334 2044; x_wconf 87' lang='grc' dir='ltr'>χρήμασι</span> <span class='ocrx_word' id='word_1_131' title='bbox 1388 1992 1710 2047; x_wconf 87' lang='grc' dir='ltr'>χειροτονη-</span> 
     </span>
    </p>
   </div>
   <div class='ocr_carea' id='block_1_22' title="bbox 127 2063 1709 2142">
    <p class='ocr_par' dir='ltr' id='par_1_22' title="bbox 127 2063 1709 2142">
     <span class='ocr_line' id='line_1_22' title="bbox 127 2063 1709 2142; baseline 0.006 -26"><span class='ocrx_word' id='word_1_132' title='bbox 127 2064 287 2117; x_wconf 81' lang='grc' dir='ltr'>θέντα</span> <span class='ocrx_word' id='word_1_133' title='bbox 314 2063 615 2118; x_wconf 73' lang='grc' dir='ltr'>ἐπίσκοπον</span> <span class='ocrx_word' id='word_1_134' title='bbox 638 2066 1000 2136; x_wconf 88' lang='grc' dir='ltr'>μετανοοῦντα</span> <span class='ocrx_word' id='word_1_135' title='bbox 1017 2068 1267 2139; x_wconf 82' lang='grc' dir='ltr'>ὁμολογῶ</span> <span class='ocrx_word' id='word_1_136' title='bbox 1284 2070 1709 2142; x_wconf 86' lang='grc' dir='ltr'>προσδέχεσθαι·</span> 
     </span>
    </p>
   </div>
   <div class='ocr_carea' id='block_1_23' title="bbox 126 2154 1709 2235">
    <p class='ocr_par' dir='ltr' id='par_1_23' title="bbox 126 2154 1709 2235">
     <span class='ocr_line' id='line_1_23' title="bbox 126 2154 1709 2235; baseline 0.006 -28"><span class='ocrx_word' id='word_1_137' title='bbox 126 2154 336 2222; x_wconf 84' lang='grc' dir='ltr'>ἀγαθὸς</span> <span class='ocrx_word' id='word_1_138' title='bbox 389 2157 499 2226; x_wconf 78' lang='grc' dir='ltr'>γὰρ</span> <span class='ocrx_word' id='word_1_139' title='bbox 545 2158 573 2210; x_wconf 94' lang='grc' dir='ltr'><strong>ό</strong></span> <span class='ocrx_word' id='word_1_140' title='bbox 624 2157 756 2220; x_wconf 81' lang='grc' dir='ltr'>Θεὸς</span> <span class='ocrx_word' id='word_1_141' title='bbox 820 2160 912 2212; x_wconf 75' lang='grc' dir='ltr'>ἐπὶ</span> <span class='ocrx_word' id='word_1_142' title='bbox 973 2161 1151 2223; x_wconf 79' lang='grc' dir='ltr'>πᾶσι,</span> <span class='ocrx_word' id='word_1_143' title='bbox 1227 2163 1321 2214; x_wconf 72' lang='grc' dir='ltr'>καὶ</span> <span class='ocrx_word' id='word_1_144' title='bbox 1380 2158 1709 2235; x_wconf 78' lang='grc' dir='ltr'>ἀνεῳγμένα</span> 
     </span>
    </p>
   </div>
   <div class='ocr_carea' id='block_1_24' title="bbox 125 2248 1712 2325">
    <p class='ocr_par' dir='ltr' id='par_1_24' title="bbox 125 2248 1712 2325">
     <span class='ocr_line' id='line_1_24' title="bbox 125 2248 1712 2325; baseline 0.006 -23"><span class='ocrx_word' id='word_1_145' title='bbox 125 2250 198 2303; x_wconf 84' lang='grc' dir='ltr'>τὰ</span> <span class='ocrx_word' id='word_1_146' title='bbox 244 2248 525 2319; x_wconf 86' lang='grc' dir='ltr'>σπλάγχνα</span> <span class='ocrx_word' id='word_1_147' title='bbox 585 2249 751 2303; x_wconf 81' lang='grc' dir='ltr'>αὐτοῦ</span> <span class='ocrx_word' id='word_1_148' title='bbox 815 2251 907 2303; x_wconf 75' lang='grc' dir='ltr'><strong>ἐπὶ</strong></span> <span class='ocrx_word' id='word_1_149' title='bbox 988 2252 1152 2305; x_wconf 76' lang='grc' dir='ltr'>παντὶ</span> <span class='ocrx_word' id='word_1_150' title='bbox 1203 2252 1483 2325; x_wconf 82' lang='grc' dir='ltr'>ἀνθρώπῳ</span> <span class='ocrx_word' id='word_1_151' title='bbox 1542 2272 1712 2325; x_wconf 79' lang='grc' dir='ltr'>μεταο</span> 
     </span>
    </p>
   </div>
   <div class='ocr_carea' id='block_1_25' title="bbox 126 2334 1727 2414">
    <p class='ocr_par' dir='ltr' id='par_1_25' title="bbox 126 2334 1727 2414">
     <span class='ocr_line' id='line_1_25' title="bbox 126 2334 1727 2414; baseline 0.002 -19"><span class='ocrx_word' id='word_1_152' title='bbox 126 2342 339 2395; x_wconf 80' lang='grc' dir='ltr'>νοοῦντι</span> <span class='ocrx_word' id='word_1_153' title='bbox 366 2359 380 2373; x_wconf 77' lang='grc' dir='ltr'><strong>ο</strong></span> <span class='ocrx_word' id='word_1_154' title='bbox 414 2334 508 2395; x_wconf 69' lang='grc' dir='ltr'>κάι</span> <span class='ocrx_word' id='word_1_155' title='bbox 543 2344 623 2405; x_wconf 88' lang='grc' dir='ltr'><strong>εἱς</strong></span> <span class='ocrx_word' id='word_1_156' title='bbox 650 2342 749 2414; x_wconf 82' lang='grc' dir='ltr'>τὴν</span> <span class='ocrx_word' id='word_1_157' title='bbox 800 2343 1081 2413; x_wconf 78' lang='grc' dir='ltr'>βασιλείαν</span> <span class='ocrx_word' id='word_1_158' title='bbox 1137 2345 1304 2399; x_wconf 82' lang='grc' dir='ltr'>αὑτοῦ</span> <span class='ocrx_word' id='word_1_159' title='bbox 1363 2347 1554 2401; x_wconf 79' lang='grc' dir='ltr'>τοῦτον</span> <span class='ocrx_word' id='word_1_160' title='bbox 1596 2350 1727 2411; x_wconf 46' lang='grc' dir='ltr'>εἷσε</span> 
     </span>
    </p>
   </div>
   <div class='ocr_carea' id='block_1_26' title="bbox 129 2435 1715 2510">
    <p class='ocr_par' dir='ltr' id='par_1_26' title="bbox 129 2435 1715 2510">
     <span class='ocr_line' id='line_1_26' title="bbox 129 2435 1715 2510; baseline 0.003 -21"><span class='ocrx_word' id='word_1_161' title='bbox 129 2438 276 2504; x_wconf 70' lang='grc' dir='ltr'>άγει.</span> <span class='ocrx_word' id='word_1_162' title='bbox 323 2436 462 2489; x_wconf 82' lang='grc' dir='ltr'>Ἀλλ’</span> <span class='ocrx_word' id='word_1_163' title='bbox 488 2437 609 2488; x_wconf 69' lang='grc' dir='ltr'>ἐπεὶ</span> <span class='ocrx_word' id='word_1_164' title='bbox 638 2435 781 2489; x_wconf 84' lang='grc' dir='ltr'><strong>κατὰ</strong></span> <span class='ocrx_word' id='word_1_165' title='bbox 828 2438 920 2490; x_wconf 81' lang='grc' dir='ltr'><strong>τὸν</strong></span> <span class='ocrx_word' id='word_1_166' title='bbox 953 2437 1280 2491; x_wconf 80' lang='grc' dir='ltr'>Ἀπόστολον</span> <span class='ocrx_word' id='word_1_167' title='bbox 1314 2441 1492 2510; x_wconf 71' lang='grc' dir='ltr'>ἱερεὺς</span> <span class='ocrx_word' id='word_1_168' title='bbox 1522 2440 1715 2494; x_wconf 84' lang='grc' dir='ltr'>ἀνεπί-</span> 
     </span>
    </p>
   </div>
   <div class='ocr_carea' id='block_1_27' title="bbox 127 2522 1716 2604">
    <p class='ocr_par' dir='ltr' id='par_1_27' title="bbox 127 2522 1716 2604">
     <span class='ocr_line' id='line_1_27' title="bbox 127 2522 1716 2604; baseline 0.003 -25"><span class='ocrx_word' id='word_1_169' title='bbox 127 2528 336 2598; x_wconf 86' lang='grc' dir='ltr'>ληπτος</span> <span class='ocrx_word' id='word_1_170' title='bbox 382 2527 585 2596; x_wconf 64' lang='grc' dir='ltr'>ὀφείλει</span> <span class='ocrx_word' id='word_1_171' title='bbox 632 2522 794 2592; x_wconf 76' lang='grc' dir='ltr'>εἶναι,</span> <span class='ocrx_word' id='word_1_172' title='bbox 829 2530 856 2581; x_wconf 92' lang='grc' dir='ltr'><strong>ό</strong></span> <span class='ocrx_word' id='word_1_173' title='bbox 888 2527 979 2582; x_wconf 77' lang='grc' dir='ltr'><strong>ἐπὶ</strong></span> <span class='ocrx_word' id='word_1_174' title='bbox 1033 2530 1281 2601; x_wconf 88' lang='grc' dir='ltr'>χρήμασι</span> <span class='ocrx_word' id='word_1_175' title='bbox 1329 2535 1716 2604; x_wconf 73' lang='grc' dir='ltr'>χειροτονήσας</span> 
     </span>
    </p>
   </div>
   <div class='ocr_carea' id='block_1_28' title="bbox 126 2620 1716 2696">
    <p class='ocr_par' dir='ltr' id='par_1_28' title="bbox 126 2620 1716 2696">
     <span class='ocr_line' id='line_1_28' title="bbox 126 2620 1716 2696; baseline 0.004 -24"><span class='ocrx_word' id='word_1_176' title='bbox 126 2620 335 2690; x_wconf 81' lang='grc' dir='ltr'>τινά,ἢ</span> <span class='ocrx_word' id='word_1_177' title='bbox 402 2621 803 2692; x_wconf 79' lang='grc' dir='ltr'>χειροτονηθεὶς</span> <span class='ocrx_word' id='word_1_178' title='bbox 852 2621 940 2675; x_wconf 80' lang='grc' dir='ltr'><strong>ἐπ’</strong></span> <span class='ocrx_word' id='word_1_179' title='bbox 981 2623 1187 2686; x_wconf 80' lang='grc' dir='ltr'>αὐτοῖς,</span> <span class='ocrx_word' id='word_1_180' title='bbox 1228 2624 1508 2696; x_wconf 86' lang='grc' dir='ltr'>ἀλλότριός</span> <span class='ocrx_word' id='word_1_181' title='bbox 1564 2629 1716 2679; x_wconf 78' lang='grc' dir='ltr'>ἐστιν</span> 
     </span>
    </p>
   </div>
   <div class='ocr_carea' id='block_1_29' title="bbox 130 2713 1716 2787">
    <p class='ocr_par' dir='ltr' id='par_1_29' title="bbox 130 2713 1716 2787">
     <span class='ocr_line' id='line_1_29' title="bbox 130 2713 1716 2787; baseline 0.004 -23"><span class='ocrx_word' id='word_1_182' title='bbox 130 2713 457 2783; x_wconf 78' lang='grc' dir='ltr'>ἱερωσύνης,</span> <span class='ocrx_word' id='word_1_183' title='bbox 511 2714 587 2776; x_wconf 90' lang='grc' dir='ltr'><strong>ώς</strong></span> <span class='ocrx_word' id='word_1_184' title='bbox 644 2714 843 2779; x_wconf 83' lang='grc' dir='ltr'>πάντες</span> <span class='ocrx_word' id='word_1_185' title='bbox 881 2715 1105 2785; x_wconf 79' lang='grc' dir='ltr'>οῖδαμεν</span> <span class='ocrx_word' id='word_1_186' title='bbox 1134 2716 1182 2768; x_wconf 85' lang='grc' dir='ltr'><strong>οἱ</strong></span> <span class='ocrx_word' id='word_1_187' title='bbox 1242 2718 1343 2786; x_wconf 79' lang='grc' dir='ltr'>τῆς</span> <span class='ocrx_word' id='word_1_188' title='bbox 1382 2715 1716 2787; x_wconf 86' lang='grc' dir='ltr'>Ἐκκλησίας</span> 
     </span>
    </p>
   </div>
   <div class='ocr_carea' id='block_1_30' title="bbox 127 2806 1714 2877">
    <p class='ocr_par' dir='ltr' id='par_1_30' title="bbox 127 2806 1714 2877">
     <span class='ocr_line' id='line_1_30' title="bbox 127 2806 1714 2877; baseline 0.007 -22"><span class='ocrx_word' id='word_1_189' title='bbox 127 2806 413 2873; x_wconf 73' lang='grc' dir='ltr'>τρόφιμοι,</span> <span class='ocrx_word' id='word_1_190' title='bbox 444 2807 506 2858; x_wconf 85' lang='grc' dir='ltr'>ὲκ</span> <span class='ocrx_word' id='word_1_191' title='bbox 539 2807 841 2860; x_wconf 87' lang='grc' dir='ltr'>κανονικῶν</span> <span class='ocrx_word' id='word_1_192' title='bbox 899 2806 1246 2877; x_wconf 79' lang='grc' dir='ltr'>μαθημάτων</span> <span class='ocrx_word' id='word_1_193' title='bbox 1304 2808 1714 2874; x_wconf 80' lang='grc' dir='ltr'>παιδευθέντες.</span> 
     </span>
    </p>
   </div>
   <div class='ocr_carea' id='block_1_31' title="bbox 126 2897 1715 2971">
    <p class='ocr_par' dir='ltr' id='par_1_31' title="bbox 126 2897 1715 2971">
     <span class='ocr_line' id='line_1_31' title="bbox 126 2897 1715 2971; baseline 0.004 -22"><span class='ocrx_word' id='word_1_194' title='bbox 126 2897 347 2950; x_wconf 75' lang='grc' dir='ltr'>Οὐκοῦν</span> <span class='ocrx_word' id='word_1_195' title='bbox 381 2898 519 2969; x_wconf 83' lang='grc' dir='ltr'>καλὴ</span> <span class='ocrx_word' id='word_1_196' title='bbox 558 2900 653 2951; x_wconf 75' lang='grc' dir='ltr'><strong>καὶ</strong></span> <span class='ocrx_word' id='word_1_197' title='bbox 688 2899 867 2969; x_wconf 82' lang='grc' dir='ltr'>ἀγαθὴ</span> <span class='ocrx_word' id='word_1_198' title='bbox 896 2901 928 2964; x_wconf 83' lang='grc' dir='ltr'>ὴ</span> <span class='ocrx_word' id='word_1_199' title='bbox 966 2898 1253 2967; x_wconf 88' lang='grc' dir='ltr'>μετάνοια,</span> <span class='ocrx_word' id='word_1_200' title='bbox 1278 2900 1375 2952; x_wconf 69' lang='grc' dir='ltr'><strong>καὶ</strong></span> <span class='ocrx_word' id='word_1_201' title='bbox 1408 2901 1546 2971; x_wconf 79' lang='grc' dir='ltr'>πρὸς</span> <span class='ocrx_word' id='word_1_202' title='bbox 1576 2900 1715 2955; x_wconf 79' lang='grc' dir='ltr'>Θεὸν</span> 
     </span>
    </p>
   </div>
   <div class='ocr_carea' id='block_1_32' title="bbox 126 2979 1717 3062">
    <p class='ocr_par' dir='ltr' id='par_1_32' title="bbox 126 2979 1717 3062">
     <span class='ocr_line' id='line_1_32' title="bbox 126 2979 1717 3062; baseline 0.003 -21"><span class='ocrx_word' id='word_1_203' title='bbox 126 2979 467 3058; x_wconf 65' lang='grc' dir='ltr'>ἀνάγει,καῒ</span> <span class='ocrx_word' id='word_1_204' title='bbox 496 2990 604 3043; x_wconf 89' lang='grc' dir='ltr'>τῶν</span> <span class='ocrx_word' id='word_1_205' title='bbox 656 2990 1075 3061; x_wconf 81' lang='grc' dir='ltr'>ἁμαρτημάτων</span> <span class='ocrx_word' id='word_1_206' title='bbox 1124 2990 1446 3062; x_wconf 85' lang='grc' dir='ltr'>λυτροῦται.</span> <span class='ocrx_word' id='word_1_207' title='bbox 1500 2993 1717 3058; x_wconf 76' lang='grc' dir='ltr'>Καύτδς</span> 
     </span>
    </p>
   </div>
   <div class='ocr_carea' id='block_1_33' title="bbox 125 3079 1718 3156">
    <p class='ocr_par' dir='ltr' id='par_1_33' title="bbox 125 3079 1718 3156">
     <span class='ocr_line' id='line_1_33' title="bbox 125 3079 1718 3156; baseline 0.004 -24"><span class='ocrx_word' id='word_1_208' title='bbox 125 3099 153 3147; x_wconf 65' lang='grc' dir='ltr'><strong>γ</strong></span> <span class='ocrx_word' id='word_1_209' title='bbox 172 3081 242 3151; x_wconf 77' lang='grc' dir='ltr'>ὰρ</span> <span class='ocrx_word' id='word_1_210' title='bbox 271 3080 384 3150; x_wconf 75' lang='grc' dir='ltr'><strong>ἐγὼ</strong></span> <span class='ocrx_word' id='word_1_211' title='bbox 404 3082 591 3154; x_wconf 74' lang='grc' dir='ltr'>χρῄζω</span> <span class='ocrx_word' id='word_1_212' title='bbox 615 3082 825 3146; x_wconf 71' lang='grc' dir='ltr'>ἐλέους*</span> <span class='ocrx_word' id='word_1_213' title='bbox 851 3079 970 3136; x_wconf 83' lang='grc' dir='ltr'>οἶδα</span> <span class='ocrx_word' id='word_1_214' title='bbox 1001 3083 1110 3156; x_wconf 76' lang='grc' dir='ltr'>γὰρ</span> <span class='ocrx_word' id='word_1_215' title='bbox 1162 3084 1263 3155; x_wconf 83' lang='grc' dir='ltr'><strong>τὴν</strong></span> <span class='ocrx_word' id='word_1_216' title='bbox 1291 3084 1388 3137; x_wconf 89' lang='grc' dir='ltr'><strong>τοῦ</strong></span> <span class='ocrx_word' id='word_1_217' title='bbox 1421 3084 1559 3138; x_wconf 90' lang='grc' dir='ltr'>Θεοῦ</span> <span class='ocrx_word' id='word_1_218' title='bbox 1593 3087 1718 3155; x_wconf 81' lang='grc' dir='ltr'>φιλ-</span> 
     </span>
    </p>
   </div>
   <div class='ocr_carea' id='block_1_34' title="bbox 1796 587 3382 663">
    <p class='ocr_par' dir='ltr' id='par_1_34' title="bbox 1796 587 3382 663">
     <span class='ocr_line' id='line_1_34' title="bbox 1796 587 3382 663; baseline -0.009 -10"><span class='ocrx_word' id='word_1_219' title='bbox 1796 604 2045 655; x_wconf 77' lang='lat' dir='ltr'><strong>veritatis</strong></span> <span class='ocrx_word' id='word_1_220' title='bbox 2101 610 2418 654; x_wconf 86' lang='lat' dir='ltr'><strong>sermonem</strong></span> <span class='ocrx_word' id='word_1_221' title='bbox 2476 590 2901 663; x_wconf 70' lang='lat' dir='ltr'><strong>cognoscam”,</strong></span> <span class='ocrx_word' id='word_1_222' title='bbox 2948 599 2998 644; x_wconf 88' lang='lat' dir='ltr'><strong>et</strong></span> <span class='ocrx_word' id='word_1_223' title='bbox 3050 604 3173 642; x_wconf 89' lang='lat' dir='ltr'><strong>eum</strong></span> <span class='ocrx_word' id='word_1_224' title='bbox 3226 587 3382 655; x_wconf 85' lang='lat' dir='ltr'><strong>quia</strong></span> 
     </span>
    </p>
   </div>
   <div class='ocr_carea' id='block_1_35' title="bbox 1797 681 3384 761">
    <p class='ocr_par' dir='ltr' id='par_1_35' title="bbox 1797 681 3384 761">
     <span class='ocr_line' id='line_1_35' title="bbox 1797 681 3384 761; baseline -0.011 -15"><span class='ocrx_word' id='word_1_225' title='bbox 1797 696 1996 747; x_wconf 76' lang='lat' dir='ltr'><strong>divinis</strong></span> <span class='ocrx_word' id='word_1_226' title='bbox 2028 690 2299 761; x_wconf 76' lang='lat' dir='ltr'><strong>apostolis</strong></span> <span class='ocrx_word' id='word_1_227' title='bbox 2330 687 2585 741; x_wconf 90' lang='lat' dir='ltr'><strong>initiatus</strong></span> <span class='ocrx_word' id='word_1_228' title='bbox 2613 693 2715 747; x_wconf 87' lang='lat' dir='ltr'><strong>est,</strong></span> <span class='ocrx_word' id='word_1_229' title='bbox 2757 682 3021 736; x_wconf 87' lang='lat' dir='ltr'><strong>audacter</strong></span> <span class='ocrx_word' id='word_1_230' title='bbox 3053 681 3384 734; x_wconf 78' lang='lat' dir='ltr'><strong>clamantem</strong></span> 
     </span>
    </p>
   </div>
   <div class='ocr_carea' id='block_1_36' title="bbox 1801 769 3387 857">
    <p class='ocr_par' dir='ltr' id='par_1_36' title="bbox 1801 769 3387 857">
     <span class='ocr_line' id='line_1_36' title="bbox 1801 769 3387 857; baseline -0.011 -18"><span class='ocrx_word' id='word_1_231' title='bbox 1801 785 1854 857; x_wconf 74' lang='grc' dir='ltr'>[ιι</span> <span class='ocrx_word' id='word_1_232' title='bbox 1909 784 2113 839; x_wconf 78' lang='lat' dir='ltr'><strong>divinis</strong></span> <span class='ocrx_word' id='word_1_233' title='bbox 2171 780 2436 851; x_wconf 80' lang='lat' dir='ltr'><strong>apostolis</strong></span> <span class='ocrx_word' id='word_1_234' title='bbox 2489 786 2543 831; x_wconf 93' lang='lat' dir='ltr'><strong>et</strong></span> <span class='ocrx_word' id='word_1_235' title='bbox 2594 774 2804 830; x_wconf 80' lang='lat' dir='ltr'><strong>sanctis</strong></span> <span class='ocrx_word' id='word_1_236' title='bbox 2858 772 3115 827; x_wconf 87' lang='lat' dir='ltr'><strong>Patribus</strong></span> <span class='ocrx_word' id='word_1_237' title='bbox 3184 769 3387 823; x_wconf 84' lang='lat' dir='ltr'><strong>nostris</strong></span> 
     </span>
    </p>
   </div>
   <div class='ocr_carea' id='block_1_37' title="bbox 1800 864 3388 941">
    <p class='ocr_par' dir='ltr' id='par_1_37' title="bbox 1800 864 3388 941">
     <span class='ocr_line' id='line_1_37' title="bbox 1800 864 3388 941; baseline -0.009 -9"><span class='ocrx_word' id='word_1_238' title='bbox 1800 878 2027 933; x_wconf 82' lang='lat' dir='ltr'><strong>edoctus</strong></span> <span class='ocrx_word' id='word_1_239' title='bbox 2056 875 2319 929; x_wconf 81' lang='lat' dir='ltr'><strong>audacter</strong></span> <span class='ocrx_word' id='word_1_240' title='bbox 2365 868 2556 941; x_wconf 88' lang='lat' dir='ltr'><strong>clam.]</strong></span> <span class='ocrx_word' id='word_1_241' title='bbox 2588 868 2805 922; x_wconf 91' lang='lat' dir='ltr'><strong>videam</strong></span> <span class='ocrx_word' id='word_1_242' title='bbox 2835 884 2847 919; x_wconf 89' lang='lat'>:</span> <span class='ocrx_word' id='word_1_243' title='bbox 2879 864 3037 930; x_wconf 83' lang='lat' dir='ltr'><strong>Quod</strong></span> <span class='ocrx_word' id='word_1_244' title='bbox 3071 864 3388 933; x_wconf 79' lang='lat' dir='ltr'><strong>quicunque</strong></span> 
     </span>
    </p>
   </div>
   <div class='ocr_carea' id='block_1_38' title="bbox 1802 955 3385 1039">
    <p class='ocr_par' dir='ltr' id='par_1_38' title="bbox 1802 955 3385 1039">
     <span class='ocr_line' id='line_1_38' title="bbox 1802 955 3385 1039; baseline -0.01 -16"><span class='ocrx_word' id='word_1_245' title='bbox 1802 985 1897 1039; x_wconf 89' lang='lat' dir='ltr'><strong>per</strong></span> <span class='ocrx_word' id='word_1_246' title='bbox 1933 968 2222 1037; x_wconf 91' lang='lat' dir='ltr'><strong>pecuniam</strong></span> <span class='ocrx_word' id='word_1_247' title='bbox 2253 965 2542 1020; x_wconf 88' lang='lat' dir='ltr'><strong>ordinatus</strong></span> <span class='ocrx_word' id='word_1_248' title='bbox 2573 970 2659 1016; x_wconf 92' lang='lat' dir='ltr'><strong>est</strong></span> <span class='ocrx_word' id='word_1_249' title='bbox 2680 961 3003 1030; x_wconf 88' lang='lat' dir='ltr'><strong>episcopus,</strong></span> <span class='ocrx_word' id='word_1_250' title='bbox 3035 966 3129 1011; x_wconf 83' lang='lat' dir='ltr'><strong>aut</strong></span> <span class='ocrx_word' id='word_1_251' title='bbox 3158 955 3385 1025; x_wconf 74' lang='lat' dir='ltr'><strong>preshy~</strong></span> 
     </span>
    </p>
   </div>
   <div class='ocr_carea' id='block_1_39' title="bbox 1810 1048 3390 1125">
    <p class='ocr_par' dir='ltr' id='par_1_39' title="bbox 1810 1048 3390 1125">
     <span class='ocr_line' id='line_1_39' title="bbox 1810 1048 3390 1125; baseline -0.009 -10"><span class='ocrx_word' id='word_1_252' title='bbox 1810 1072 1915 1125; x_wconf 87' lang='lat' dir='ltr'><strong>ter,</strong></span> <span class='ocrx_word' id='word_1_253' title='bbox 1951 1069 2051 1115; x_wconf 90' lang='lat' dir='ltr'><strong>aut</strong></span> <span class='ocrx_word' id='word_1_254' title='bbox 2091 1060 2380 1121; x_wconf 87' lang='lat' dir='ltr'><strong>diaconus,</strong></span> <span class='ocrx_word' id='word_1_255' title='bbox 2430 1055 2643 1109; x_wconf 89' lang='lat' dir='ltr'><strong>alienus</strong></span> <span class='ocrx_word' id='word_1_256' title='bbox 2672 1063 2755 1109; x_wconf 91' lang='lat' dir='ltr'><strong>est</strong></span> <span class='ocrx_word' id='word_1_257' title='bbox 2786 1068 2813 1106; x_wconf 90' lang='lat' dir='ltr'><strong>a</strong></span> <span class='ocrx_word' id='word_1_258' title='bbox 2847 1050 3177 1107; x_wconf 90' lang='lat' dir='ltr'><strong>sacerdotali</strong></span> <span class='ocrx_word' id='word_1_259' title='bbox 3208 1048 3390 1117; x_wconf 79' lang='lat' dir='ltr'><strong>digni-</strong></span> 
     </span>
    </p>
   </div>
   <div class='ocr_carea' id='block_1_40' title="bbox 1805 1142 3389 1217">
    <p class='ocr_par' dir='ltr' id='par_1_40' title="bbox 1805 1142 3389 1217">
     <span class='ocr_line' id='line_1_40' title="bbox 1805 1142 3389 1217; baseline -0.009 -10"><span class='ocrx_word' id='word_1_260' title='bbox 1805 1162 1913 1207; x_wconf 85' lang='lat' dir='ltr'><strong>tate</strong></span> <span class='ocrx_word' id='word_1_261' title='bbox 1957 1171 1969 1206; x_wconf 92' lang='lat'>:</span> <span class='ocrx_word' id='word_1_262' title='bbox 2023 1169 2132 1206; x_wconf 83' lang='lat' dir='ltr'><strong>non</strong></span> <span class='ocrx_word' id='word_1_263' title='bbox 2180 1153 2328 1205; x_wconf 87' lang='lat' dir='ltr'><strong>enim</strong></span> <span class='ocrx_word' id='word_1_264' title='bbox 2375 1148 2546 1205; x_wconf 86' lang='lat' dir='ltr'><strong>divini</strong></span> <span class='ocrx_word' id='word_1_265' title='bbox 2594 1146 2836 1217; x_wconf 87' lang='lat' dir='ltr'><strong>Spiritus</strong></span> <span class='ocrx_word' id='word_1_266' title='bbox 2888 1146 3060 1216; x_wconf 79' lang='lat' dir='ltr'><strong>gratia</strong></span> <span class='ocrx_word' id='word_1_267' title='bbox 3117 1142 3389 1196; x_wconf 82' lang='lat' dir='ltr'><strong>venditur.</strong></span> 
     </span>
    </p>
   </div>
   <div class='ocr_carea' id='block_1_41' title="bbox 1805 1234 3394 1315">
    <p class='ocr_par' dir='ltr' id='par_1_41' title="bbox 1805 1234 3394 1315">
     <span class='ocr_line' id='line_1_41' title="bbox 1805 1234 3394 1315; baseline -0.008 -16"><span class='ocrx_word' id='word_1_268' title='bbox 1805 1244 2163 1315; x_wconf 83' lang='lat' dir='ltr'><strong>Caiphaicum</strong></span> <span class='ocrx_word' id='word_1_269' title='bbox 2208 1243 2315 1297; x_wconf 83' lang='lat' dir='ltr'><strong>lioc</strong></span> <span class='ocrx_word' id='word_1_270' title='bbox 2348 1241 2590 1297; x_wconf 88' lang='lat' dir='ltr'><strong>studium</strong></span> <span class='ocrx_word' id='word_1_271' title='bbox 2625 1248 2732 1303; x_wconf 88' lang='lat' dir='ltr'><strong>est,</strong></span> <span class='ocrx_word' id='word_1_272' title='bbox 2774 1237 3091 1293; x_wconf 64' lang='lat' dir='ltr'><strong>Simoniaca</strong></span> <span class='ocrx_word' id='word_1_273' title='bbox 3130 1234 3242 1287; x_wconf 61' lang='lat' dir='ltr'><strong>ha‘c</strong></span> <span class='ocrx_word' id='word_1_274' title='bbox 3277 1248 3394 1286; x_wconf 86' lang='lat' dir='ltr'><strong>ma-</strong></span> 
     </span>
    </p>
   </div>
   <div class='ocr_carea' id='block_1_42' title="bbox 1807 1325 3389 1400">
    <p class='ocr_par' dir='ltr' id='par_1_42' title="bbox 1807 1325 3389 1400">
     <span class='ocr_line' id='line_1_42' title="bbox 1807 1325 3389 1400; baseline -0.01 -9"><span class='ocrx_word' id='word_1_275' title='bbox 1807 1337 2076 1400; x_wconf 87' lang='lat' dir='ltr'><strong>chinatio,</strong></span> <span class='ocrx_word' id='word_1_276' title='bbox 2125 1343 2181 1391; x_wconf 92' lang='lat' dir='ltr'><strong>et</strong></span> <span class='ocrx_word' id='word_1_277' title='bbox 2209 1336 2389 1389; x_wconf 91' lang='lat' dir='ltr'><strong>aliena</strong></span> <span class='ocrx_word' id='word_1_278' title='bbox 2434 1350 2465 1388; x_wconf 90' lang='lat' dir='ltr'><strong>a</strong></span> <span class='ocrx_word' id='word_1_279' title='bbox 2496 1330 2822 1388; x_wconf 81' lang='lat' dir='ltr'><strong>sacerdotali</strong></span> <span class='ocrx_word' id='word_1_280' title='bbox 2863 1325 3389 1383; x_wconf 76' lang='lat' dir='ltr'><strong>sanctiﬁcatione&quot;.</strong></span> 
     </span>
    </p>
   </div>
   <div class='ocr_carea' id='block_1_43' title="bbox 1808 1416 3395 1488">
    <p class='ocr_par' dir='ltr' id='par_1_43' title="bbox 1808 1416 3395 1488">
     <span class='ocr_line' id='line_1_43' title="bbox 1808 1416 3395 1488; baseline -0.007 -9"><span class='ocrx_word' id='word_1_281' title='bbox 1808 1425 1865 1481; x_wconf 90' lang='lat' dir='ltr'><strong>In</strong></span> <span class='ocrx_word' id='word_1_282' title='bbox 1927 1425 2266 1482; x_wconf 88' lang='lat' dir='ltr'><strong>scortatione</strong></span> <span class='ocrx_word' id='word_1_283' title='bbox 2333 1434 2434 1478; x_wconf 88' lang='lat' dir='ltr'><strong>aut</strong></span> <span class='ocrx_word' id='word_1_284' title='bbox 2494 1422 2767 1477; x_wconf 86' lang='lat' dir='ltr'><strong>adulterio</strong></span> <span class='ocrx_word' id='word_1_285' title='bbox 2832 1420 2877 1475; x_wconf 88' lang='lat' dir='ltr'><strong>si</strong></span> <span class='ocrx_word' id='word_1_286' title='bbox 2942 1416 3214 1488; x_wconf 82' lang='lat' dir='ltr'><strong>quispiam</strong></span> <span class='ocrx_word' id='word_1_287' title='bbox 3274 1426 3395 1485; x_wconf 89' lang='lat' dir='ltr'><strong>post</strong></span> 
     </span>
    </p>
   </div>
   <div class='ocr_carea' id='block_1_44' title="bbox 1811 1508 3392 1588">
    <p class='ocr_par' dir='ltr' id='par_1_44' title="bbox 1811 1508 3392 1588">
     <span class='ocr_line' id='line_1_44' title="bbox 1811 1508 3392 1588; baseline -0.008 -15"><span class='ocrx_word' id='word_1_288' title='bbox 1811 1520 2082 1588; x_wconf 88' lang='lat' dir='ltr'><strong>baptisma</strong></span> <span class='ocrx_word' id='word_1_289' title='bbox 2119 1516 2281 1573; x_wconf 76' lang='lat' dir='ltr'><strong>fuerit</strong></span> <span class='ocrx_word' id='word_1_290' title='bbox 2328 1516 2731 1587; x_wconf 84' lang='lat' dir='ltr'><strong>deprehensus,</strong></span> <span class='ocrx_word' id='word_1_291' title='bbox 2764 1511 2936 1568; x_wconf 79' lang='lat' dir='ltr'><strong>divini</strong></span> <span class='ocrx_word' id='word_1_292' title='bbox 2969 1525 3211 1564; x_wconf 88' lang='lat' dir='ltr'><strong>canones</strong></span> <span class='ocrx_word' id='word_1_293' title='bbox 3242 1508 3392 1563; x_wconf 90' lang='lat' dir='ltr'><strong>illum</strong></span> 
     </span>
    </p>
   </div>
   <div class='ocr_carea' id='block_1_45' title="bbox 1811 1602 3393 1673">
    <p class='ocr_par' dir='ltr' id='par_1_45' title="bbox 1811 1602 3393 1673">
     <span class='ocr_line' id='line_1_45' title="bbox 1811 1602 3393 1673; baseline -0.006 -9"><span class='ocrx_word' id='word_1_294' title='bbox 1811 1611 1877 1664; x_wconf 90' lang='lat' dir='ltr'><strong>ad</strong></span> <span class='ocrx_word' id='word_1_295' title='bbox 1929 1611 2306 1665; x_wconf 85' lang='lat' dir='ltr'><strong>sacerdotium</strong></span> <span class='ocrx_word' id='word_1_296' title='bbox 2364 1625 2473 1663; x_wconf 91' lang='lat' dir='ltr'><strong>non</strong></span> <span class='ocrx_word' id='word_1_297' title='bbox 2537 1608 2838 1662; x_wconf 89' lang='lat' dir='ltr'><strong>admittunt</strong></span> <span class='ocrx_word' id='word_1_298' title='bbox 2886 1623 2897 1656; x_wconf 92' lang='lat'>:</span> <span class='ocrx_word' id='word_1_299' title='bbox 2951 1604 3084 1673; x_wconf 88' lang='lat' dir='ltr'><strong>quin</strong></span> <span class='ocrx_word' id='word_1_300' title='bbox 3134 1602 3299 1656; x_wconf 86' lang='lat' dir='ltr'><strong>etiam</strong></span> <span class='ocrx_word' id='word_1_301' title='bbox 3346 1603 3393 1655; x_wconf 87' lang='lat' dir='ltr'><strong>si</strong></span> 
     </span>
    </p>
   </div>
   <div class='ocr_carea' id='block_1_46' title="bbox 1812 1695 3400 1772">
    <p class='ocr_par' dir='ltr' id='par_1_46' title="bbox 1812 1695 3400 1772">
     <span class='ocr_line' id='line_1_46' title="bbox 1812 1695 3400 1772; baseline -0.006 -17"><span class='ocrx_word' id='word_1_302' title='bbox 1812 1702 2086 1772; x_wconf 80' lang='lat' dir='ltr'><strong>quispiam</strong></span> <span class='ocrx_word' id='word_1_303' title='bbox 2120 1710 2411 1772; x_wconf 90' lang='lat' dir='ltr'><strong>promotus</strong></span> <span class='ocrx_word' id='word_1_304' title='bbox 2446 1701 2514 1755; x_wconf 88' lang='lat' dir='ltr'><strong>ad</strong></span> <span class='ocrx_word' id='word_1_305' title='bbox 2552 1698 2924 1754; x_wconf 85' lang='lat' dir='ltr'><strong>sacerdotium</strong></span> <span class='ocrx_word' id='word_1_306' title='bbox 2957 1695 3076 1768; x_wconf 71' lang='grc' dir='ltr'>[δι’.</span> <span class='ocrx_word' id='word_1_307' title='bbox 3108 1709 3282 1765; x_wconf 87' lang='lat' dir='ltr'><strong>prom.</strong></span> <span class='ocrx_word' id='word_1_308' title='bbox 3315 1703 3400 1751; x_wconf 84' lang='lat' dir='ltr'><strong>est</strong></span> 
     </span>
    </p>
   </div>
   <div class='ocr_carea' id='block_1_47' title="bbox 1815 1788 3399 1864">
    <p class='ocr_par' dir='ltr' id='par_1_47' title="bbox 1815 1788 3399 1864">
     <span class='ocr_line' id='line_1_47' title="bbox 1815 1788 3399 1864; baseline -0.006 -16"><span class='ocrx_word' id='word_1_309' title='bbox 1815 1796 1881 1849; x_wconf 92' lang='lat' dir='ltr'><strong>ad</strong></span> <span class='ocrx_word' id='word_1_310' title='bbox 1918 1795 2291 1850; x_wconf 83' lang='lat' dir='ltr'><strong>sacerdotium</strong></span> <span class='ocrx_word' id='word_1_311' title='bbox 2324 1795 2418 1863; x_wconf 86' lang='lat' dir='ltr'><strong>qui</strong></span> <span class='ocrx_word' id='word_1_312' title='bbox 2451 1792 2608 1864; x_wconf 75' lang='lat' dir='ltr'><strong>tale],</strong></span> <span class='ocrx_word' id='word_1_313' title='bbox 2645 1792 2753 1846; x_wconf 93' lang='lat' dir='ltr'><strong>tale</strong></span> <span class='ocrx_word' id='word_1_314' title='bbox 2792 1790 2997 1861; x_wconf 87' lang='lat' dir='ltr'><strong>aliquid</strong></span> <span class='ocrx_word' id='word_1_315' title='bbox 3036 1788 3241 1849; x_wconf 82' lang='lat' dir='ltr'><strong>fecerit.</strong></span> <span class='ocrx_word' id='word_1_316' title='bbox 3275 1801 3399 1840; x_wconf 83' lang='lat' dir='ltr'><strong>con-</strong></span> 
     </span>
    </p>
   </div>
   <div class='ocr_carea' id='block_1_48' title="bbox 1817 1884 3399 1959">
    <p class='ocr_par' dir='ltr' id='par_1_48' title="bbox 1817 1884 3399 1959">
     <span class='ocr_line' id='line_1_48' title="bbox 1817 1884 3399 1959; baseline -0.006 -16"><span class='ocrx_word' id='word_1_317' title='bbox 1817 1889 1998 1943; x_wconf 80' lang='lat' dir='ltr'><strong>festim</strong></span> <span class='ocrx_word' id='word_1_318' title='bbox 2042 1889 2289 1959; x_wconf 89' lang='lat' dir='ltr'><strong>ejieitur.</strong></span> <span class='ocrx_word' id='word_1_319' title='bbox 2334 1886 2527 1942; x_wconf 89' lang='lat' dir='ltr'><strong>Omnis</strong></span> <span class='ocrx_word' id='word_1_320' title='bbox 2571 1888 2742 1958; x_wconf 79' lang='lat' dir='ltr'><strong>igitur</strong></span> <span class='ocrx_word' id='word_1_321' title='bbox 2786 1886 2871 1939; x_wconf 87' lang='lat' dir='ltr'><strong>vir</strong></span> <span class='ocrx_word' id='word_1_322' title='bbox 2902 1885 2996 1954; x_wconf 90' lang='lat' dir='ltr'><strong>qui</strong></span> <span class='ocrx_word' id='word_1_323' title='bbox 3030 1884 3083 1937; x_wconf 95' lang='lat' dir='ltr'><strong>in</strong></span> <span class='ocrx_word' id='word_1_324' title='bbox 3126 1884 3399 1953; x_wconf 79' lang='lat' dir='ltr'><strong>pmniten-</strong></span> 
     </span>
    </p>
   </div>
   <div class='ocr_carea' id='block_1_49' title="bbox 1818 1974 3398 2052">
    <p class='ocr_par' dir='ltr' id='par_1_49' title="bbox 1818 1974 3398 2052">
     <span class='ocr_line' id='line_1_49' title="bbox 1818 1974 3398 2052; baseline -0.006 -16"><span class='ocrx_word' id='word_1_325' title='bbox 1818 1982 1889 2037; x_wconf 86' lang='lat' dir='ltr'><strong>tia</strong></span> <span class='ocrx_word' id='word_1_326' title='bbox 1914 1983 2195 2052; x_wconf 87' lang='lat' dir='ltr'><strong>perdurat,</strong></span> <span class='ocrx_word' id='word_1_327' title='bbox 2234 1996 2330 2051; x_wconf 88' lang='lat' dir='ltr'><strong>per</strong></span> <span class='ocrx_word' id='word_1_328' title='bbox 2368 1980 2667 2035; x_wconf 84' lang='lat' dir='ltr'><strong>bonitatem</strong></span> <span class='ocrx_word' id='word_1_329' title='bbox 2697 1986 2751 2033; x_wconf 92' lang='lat' dir='ltr'><strong>et</strong></span> <span class='ocrx_word' id='word_1_330' title='bbox 2778 1978 3259 2034; x_wconf 88' lang='lat' dir='ltr'><strong>mansuetudinem</strong></span> <span class='ocrx_word' id='word_1_331' title='bbox 3303 1974 3398 2027; x_wconf 79' lang='lat' dir='ltr'><strong>Dei</strong></span> 
     </span>
    </p>
   </div>
   <div class='ocr_carea' id='block_1_50' title="bbox 1814 2064 3399 2144">
    <p class='ocr_par' dir='ltr' id='par_1_50' title="bbox 1814 2064 3399 2144">
     <span class='ocr_line' id='line_1_50' title="bbox 1814 2064 3399 2144; baseline -0.006 -15"><span class='ocrx_word' id='word_1_332' title='bbox 1814 2076 2031 2129; x_wconf 77' lang='lat' dir='ltr'><strong>veniam</strong></span> <span class='ocrx_word' id='word_1_333' title='bbox 2074 2083 2428 2144; x_wconf 90' lang='lat' dir='ltr'><strong>peccatorum</strong></span> <span class='ocrx_word' id='word_1_334' title='bbox 2482 2089 2711 2129; x_wconf 86' lang='lat' dir='ltr'><strong>suorum</strong></span> <span class='ocrx_word' id='word_1_335' title='bbox 2772 2073 2985 2135; x_wconf 89' lang='lat' dir='ltr'><strong>obtinet</strong></span> <span class='ocrx_word' id='word_1_336' title='bbox 3006 2072 3075 2136; x_wconf 77' lang='grc' dir='ltr'>⁸ο,</span> <span class='ocrx_word' id='word_1_337' title='bbox 3129 2064 3399 2139; x_wconf 82' lang='lat' dir='ltr'><strong>quemad-</strong></span> 
     </span>
    </p>
   </div>
   <div class='ocr_carea' id='block_1_51' title="bbox 1818 2160 3400 2233">
    <p class='ocr_par' dir='ltr' id='par_1_51' title="bbox 1818 2160 3400 2233">
     <span class='ocr_line' id='line_1_51' title="bbox 1818 2160 3400 2233; baseline -0.007 -13"><span class='ocrx_word' id='word_1_338' title='bbox 1818 2166 2046 2220; x_wconf 92' lang='lat' dir='ltr'><strong>modum</strong></span> <span class='ocrx_word' id='word_1_339' title='bbox 2114 2166 2279 2221; x_wconf 89' lang='lat' dir='ltr'><strong>etiam</strong></span> <span class='ocrx_word' id='word_1_340' title='bbox 2331 2168 2385 2220; x_wconf 93' lang='lat' dir='ltr'><strong>in</strong></span> <span class='ocrx_word' id='word_1_341' title='bbox 2440 2166 2820 2233; x_wconf 84' lang='lat' dir='ltr'><strong>superior-ibus</strong></span> <span class='ocrx_word' id='word_1_342' title='bbox 2878 2160 3400 2217; x_wconf 83' lang='lat' dir='ltr'><strong>demonstravimus.</strong></span> 
     </span>
    </p>
   </div>
   <div class='ocr_carea' id='block_1_52' title="bbox 1819 2252 3404 2328">
    <p class='ocr_par' dir='ltr' id='par_1_52' title="bbox 1819 2252 3404 2328">
     <span class='ocr_line' id='line_1_52' title="bbox 1819 2252 3404 2328; baseline -0.004 -17"><span class='ocrx_word' id='word_1_343' title='bbox 1819 2258 2083 2313; x_wconf 75' lang='lat' dir='ltr'><strong>Novatum</strong></span> <span class='ocrx_word' id='word_1_344' title='bbox 2140 2270 2349 2323; x_wconf 87' lang='lat' dir='ltr'><strong>autem,</strong></span> <span class='ocrx_word' id='word_1_345' title='bbox 2386 2268 2439 2313; x_wconf 91' lang='lat' dir='ltr'><strong>et</strong></span> <span class='ocrx_word' id='word_1_346' title='bbox 2483 2258 2603 2328; x_wconf 80' lang='lat' dir='ltr'><strong>ejus</strong></span> <span class='ocrx_word' id='word_1_347' title='bbox 2652 2258 2835 2327; x_wconf 74' lang='lat' dir='ltr'><strong>impia:</strong></span> <span class='ocrx_word' id='word_1_348' title='bbox 2887 2255 3114 2311; x_wconf 57' lang='lat' dir='ltr'><strong>haeresis</strong></span> <span class='ocrx_word' id='word_1_349' title='bbox 3163 2252 3404 2309; x_wconf 81' lang='lat' dir='ltr'><strong>asscclas</strong></span> 
     </span>
    </p>
   </div>
   <div class='ocr_carea' id='block_1_53' title="bbox 1818 2346 3404 2421">
    <p class='ocr_par' dir='ltr' id='par_1_53' title="bbox 1818 2346 3404 2421">
     <span class='ocr_line' id='line_1_53' title="bbox 1818 2346 3404 2421; baseline -0.003 -20"><span class='ocrx_word' id='word_1_350' title='bbox 1818 2351 2251 2413; x_wconf 85' lang='lat' dir='ltr'><strong>anathematizo,</strong></span> <span class='ocrx_word' id='word_1_351' title='bbox 2312 2359 2506 2421; x_wconf 88' lang='lat' dir='ltr'><strong>utpote</strong></span> <span class='ocrx_word' id='word_1_352' title='bbox 2554 2351 2648 2420; x_wconf 90' lang='lat' dir='ltr'><strong>qui</strong></span> <span class='ocrx_word' id='word_1_353' title='bbox 2715 2348 2954 2417; x_wconf 88' lang='lat' dir='ltr'><strong>injurius</strong></span> <span class='ocrx_word' id='word_1_354' title='bbox 3016 2346 3085 2400; x_wconf 91' lang='lat' dir='ltr'><strong>sit</strong></span> <span class='ocrx_word' id='word_1_355' title='bbox 3139 2346 3404 2398; x_wconf 78' lang='lat' dir='ltr'><strong>adversus</strong></span> 
     </span>
    </p>
   </div>
   <div class='ocr_carea' id='block_1_54' title="bbox 1820 2434 3405 2511">
    <p class='ocr_par' dir='ltr' id='par_1_54' title="bbox 1820 2434 3405 2511">
     <span class='ocr_line' id='line_1_54' title="bbox 1820 2434 3405 2511; baseline -0.006 -14"><span class='ocrx_word' id='word_1_356' title='bbox 1820 2442 2223 2511; x_wconf 62' lang='lat' dir='ltr'><strong>paenitentiam,</strong></span> <span class='ocrx_word' id='word_1_357' title='bbox 2257 2451 2311 2497; x_wconf 92' lang='lat' dir='ltr'><strong>et</strong></span> <span class='ocrx_word' id='word_1_358' title='bbox 2346 2442 2822 2497; x_wconf 78' lang='lat' dir='ltr'><strong>manSiietudinem</strong></span> <span class='ocrx_word' id='word_1_359' title='bbox 2858 2441 2955 2493; x_wconf 87' lang='lat' dir='ltr'><strong>Dei</strong></span> <span class='ocrx_word' id='word_1_360' title='bbox 2989 2439 3183 2493; x_wconf 84' lang='lat' dir='ltr'><strong>elevet.</strong></span> <span class='ocrx_word' id='word_1_361' title='bbox 3222 2434 3405 2502; x_wconf 80' lang='lat' dir='ltr'><strong>Quare</strong></span> 
     </span>
    </p>
   </div>
   <div class='ocr_carea' id='block_1_55' title="bbox 1817 2528 3403 2604">
    <p class='ocr_par' dir='ltr' id='par_1_55' title="bbox 1817 2528 3403 2604">
     <span class='ocr_line' id='line_1_55' title="bbox 1817 2528 3403 2604; baseline -0.007 -15"><span class='ocrx_word' id='word_1_362' title='bbox 1817 2535 1939 2604; x_wconf 84' lang='lat' dir='ltr'><strong>ejus</strong></span> <span class='ocrx_word' id='word_1_363' title='bbox 2013 2534 2293 2603; x_wconf 85' lang='lat' dir='ltr'><strong>Opinionis</strong></span> <span class='ocrx_word' id='word_1_364' title='bbox 2358 2548 2522 2597; x_wconf 89' lang='lat' dir='ltr'><strong>sum,</strong></span> <span class='ocrx_word' id='word_1_365' title='bbox 2584 2541 2643 2586; x_wconf 92' lang='lat' dir='ltr'><strong>ut</strong></span> <span class='ocrx_word' id='word_1_366' title='bbox 2704 2530 2969 2585; x_wconf 76' lang='lat' dir='ltr'><strong>confitear</strong></span> <span class='ocrx_word' id='word_1_367' title='bbox 3028 2528 3403 2598; x_wconf 79' lang='lat' dir='ltr'><strong>recipiendum</strong></span> 
     </span>
    </p>
   </div>
   <div class='ocr_carea' id='block_1_56' title="bbox 1818 2620 3405 2696">
    <p class='ocr_par' dir='ltr' id='par_1_56' title="bbox 1818 2620 3405 2696">
     <span class='ocr_line' id='line_1_56' title="bbox 1818 2620 3405 2696; baseline -0.005 -17"><span class='ocrx_word' id='word_1_368' title='bbox 1818 2627 2143 2696; x_wconf 89' lang='lat' dir='ltr'><strong>episcopum</strong></span> <span class='ocrx_word' id='word_1_369' title='bbox 2191 2642 2287 2695; x_wconf 91' lang='lat' dir='ltr'><strong>per</strong></span> <span class='ocrx_word' id='word_1_370' title='bbox 2329 2626 2593 2695; x_wconf 86' lang='lat' dir='ltr'><strong>pecunias</strong></span> <span class='ocrx_word' id='word_1_371' title='bbox 2628 2624 2966 2687; x_wconf 89' lang='lat' dir='ltr'><strong>ordinatum,</strong></span> <span class='ocrx_word' id='word_1_372' title='bbox 3020 2622 3183 2677; x_wconf 88' lang='lat' dir='ltr'><strong>modo</strong></span> <span class='ocrx_word' id='word_1_373' title='bbox 3233 2620 3405 2689; x_wconf 80' lang='lat' dir='ltr'><strong>pmni—</strong></span> 
     </span>
    </p>
   </div>
   <div class='ocr_carea' id='block_1_57' title="bbox 1821 2712 3401 2771">
    <p class='ocr_par' dir='ltr' id='par_1_57' title="bbox 1821 2712 3401 2771">
     <span class='ocr_line' id='line_1_57' title="bbox 1821 2712 3401 2771; baseline -0.003 -4"><span class='ocrx_word' id='word_1_374' title='bbox 1821 2722 1931 2767; x_wconf 70' lang='lat' dir='ltr'><strong>trat</strong></span> <span class='ocrx_word' id='word_1_375' title='bbox 1962 2732 1973 2766; x_wconf 92' lang='lat'><strong>:</strong></span> <span class='ocrx_word' id='word_1_376' title='bbox 2006 2715 2182 2768; x_wconf 90' lang='lat' dir='ltr'><strong>bonus</strong></span> <span class='ocrx_word' id='word_1_377' title='bbox 2217 2714 2364 2768; x_wconf 85' lang='lat' dir='ltr'><strong>enim</strong></span> <span class='ocrx_word' id='word_1_378' title='bbox 2404 2713 2546 2769; x_wconf 92' lang='lat' dir='ltr'><strong>Deus</strong></span> <span class='ocrx_word' id='word_1_379' title='bbox 2572 2721 2657 2768; x_wconf 92' lang='lat' dir='ltr'><strong>est</strong></span> <span class='ocrx_word' id='word_1_380' title='bbox 2694 2714 2747 2765; x_wconf 91' lang='lat' dir='ltr'><strong>in</strong></span> <span class='ocrx_word' id='word_1_381' title='bbox 2790 2712 3071 2771; x_wconf 81' lang='lat' dir='ltr'><strong>omnibus.</strong></span> <span class='ocrx_word' id='word_1_382' title='bbox 3109 2721 3164 2765; x_wconf 91' lang='lat' dir='ltr'><strong>et</strong></span> <span class='ocrx_word' id='word_1_383' title='bbox 3192 2712 3401 2764; x_wconf 82' lang='lat' dir='ltr'><strong>viscera</strong></span> 
     </span>
    </p>
   </div>
   <div class='ocr_carea' id='block_1_58' title="bbox 1821 2803 3408 2877">
    <p class='ocr_par' dir='ltr' id='par_1_58' title="bbox 1821 2803 3408 2877">
     <span class='ocr_line' id='line_1_58' title="bbox 1821 2803 3408 2877; baseline -0.005 -16"><span class='ocrx_word' id='word_1_384' title='bbox 1821 2807 1943 2876; x_wconf 79' lang='lat' dir='ltr'><strong>ejus</strong></span> <span class='ocrx_word' id='word_1_385' title='bbox 1994 2817 2183 2877; x_wconf 86' lang='lat' dir='ltr'><strong>aperta</strong></span> <span class='ocrx_word' id='word_1_386' title='bbox 2235 2815 2366 2862; x_wconf 84' lang='lat' dir='ltr'><strong>sunt</strong></span> <span class='ocrx_word' id='word_1_387' title='bbox 2413 2822 2579 2877; x_wconf 91' lang='lat' dir='ltr'><strong>super</strong></span> <span class='ocrx_word' id='word_1_388' title='bbox 2627 2820 2845 2860; x_wconf 89' lang='lat' dir='ltr'><strong>omnem</strong></span> <span class='ocrx_word' id='word_1_389' title='bbox 2907 2804 3184 2857; x_wconf 87' lang='lat' dir='ltr'><strong>hominem</strong></span> <span class='ocrx_word' id='word_1_390' title='bbox 3232 2803 3408 2871; x_wconf 81' lang='lat' dir='ltr'><strong>pomi-</strong></span> 
     </span>
    </p>
   </div>
   <div class='ocr_carea' id='block_1_59' title="bbox 1822 2895 3409 2971">
    <p class='ocr_par' dir='ltr' id='par_1_59' title="bbox 1822 2895 3409 2971">
     <span class='ocr_line' id='line_1_59' title="bbox 1822 2895 3409 2971; baseline -0.004 -17"><span class='ocrx_word' id='word_1_391' title='bbox 1822 2909 2047 2967; x_wconf 85' lang='lat' dir='ltr'><strong>tentem,</strong></span> <span class='ocrx_word' id='word_1_392' title='bbox 2082 2916 2247 2971; x_wconf 88' lang='lat' dir='ltr'><strong>quem</strong></span> <span class='ocrx_word' id='word_1_393' title='bbox 2278 2901 2444 2956; x_wconf 89' lang='lat' dir='ltr'><strong>etiam</strong></span> <span class='ocrx_word' id='word_1_394' title='bbox 2491 2899 2544 2954; x_wconf 92' lang='lat' dir='ltr'><strong>in</strong></span> <span class='ocrx_word' id='word_1_395' title='bbox 2576 2915 2805 2970; x_wconf 81' lang='lat' dir='ltr'><strong>regnum</strong></span> <span class='ocrx_word' id='word_1_396' title='bbox 2834 2915 2996 2953; x_wconf 90' lang='lat' dir='ltr'><strong>suum</strong></span> <span class='ocrx_word' id='word_1_397' title='bbox 3028 2896 3265 2951; x_wconf 56' lang='lat' dir='ltr'><strong>inducit.</strong></span> <span class='ocrx_word' id='word_1_398' title='bbox 3303 2895 3409 2948; x_wconf 85' lang='lat' dir='ltr'><strong>Sed</strong></span> 
     </span>
    </p>
   </div>
   <div class='ocr_carea' id='block_1_60' title="bbox 1819 2989 3412 3064">
    <p class='ocr_par' dir='ltr' id='par_1_60' title="bbox 1819 2989 3412 3064">
     <span class='ocr_line' id='line_1_60' title="bbox 1819 2989 3412 3064; baseline -0.007 -14"><span class='ocrx_word' id='word_1_399' title='bbox 1819 2992 2283 3064; x_wconf 72' lang='lat' dir='ltr'><strong>quoniam,juxta</strong></span> <span class='ocrx_word' id='word_1_400' title='bbox 2338 2992 2584 3047; x_wconf 90' lang='lat' dir='ltr'><strong>divinum</strong></span> <span class='ocrx_word' id='word_1_401' title='bbox 2640 2990 3054 3060; x_wconf 75' lang='lat' dir='ltr'><strong>Apostolum&quot;,</strong></span> <span class='ocrx_word' id='word_1_402' title='bbox 3117 2989 3412 3058; x_wconf 69' lang='lat' dir='ltr'><strong>episcopus</strong></span> 
     </span>
    </p>
   </div>
   <div class='ocr_carea' id='block_1_61' title="bbox 1822 3080 3410 3157">
    <p class='ocr_par' dir='ltr' id='par_1_61' title="bbox 1822 3080 3410 3157">
     <span class='ocr_line' id='line_1_61' title="bbox 1822 3080 3410 3157; baseline -0.005 -17"><span class='ocrx_word' id='word_1_403' title='bbox 1822 3085 2173 3156; x_wconf 88' lang='lat' dir='ltr'><strong>ineulpabilis</strong></span> <span class='ocrx_word' id='word_1_404' title='bbox 2226 3081 2812 3157; x_wconf 84' lang='lat' dir='ltr'><strong>[irrcprehensibilis]</strong></span> <span class='ocrx_word' id='word_1_405' title='bbox 2870 3097 2994 3138; x_wconf 88' lang='lat' dir='ltr'><strong>esse</strong></span> <span class='ocrx_word' id='word_1_406' title='bbox 3039 3081 3203 3136; x_wconf 77' lang='lat' dir='ltr'><strong>debet</strong></span> <span class='ocrx_word' id='word_1_407' title='bbox 3253 3100 3264 3134; x_wconf 93' lang='lat'>:</span> <span class='ocrx_word' id='word_1_408' title='bbox 3319 3080 3410 3148; x_wconf 85' lang='lat' dir='ltr'><strong>qui</strong></span> 
     </span>
    </p>
   </div>
   <div class='ocr_carea' id='block_1_62' title="bbox 125 3172 1717 3249">
    <p class='ocr_par' dir='ltr' id='par_1_62' title="bbox 125 3172 1714 3249">
     <span class='ocr_line' id='line_1_62' title="bbox 125 3172 1714 3249; baseline 0.003 -25"><span class='ocrx_word' id='word_1_409' title='bbox 125 3172 472 3244; x_wconf 79' lang='grc' dir='ltr'>ανθρωπίαν,</span> <span class='ocrx_word' id='word_1_410' title='bbox 498 3175 579 3227; x_wconf 82' lang='grc' dir='ltr'>ὅτι</span> <span class='ocrx_word' id='word_1_411' title='bbox 615 3175 793 3228; x_wconf 86' lang='grc' dir='ltr'>πάντα</span> <span class='ocrx_word' id='word_1_412' title='bbox 829 3176 919 3229; x_wconf 67' lang='grc' dir='ltr'>τὸν</span> <span class='ocrx_word' id='word_1_413' title='bbox 947 3176 1395 3248; x_wconf 82' lang='grc' dir='ltr'>προσερχόμενον</span> <span class='ocrx_word' id='word_1_414' title='bbox 1446 3178 1714 3249; x_wconf 76' lang='grc' dir='ltr'>ἀποδέχε-</span> 
     </span>
    </p>
   </div>
   <div class='ocr_carea' id='block_1_63' title="bbox 1822 3172 3414 3249">
    <p class='ocr_par' dir='ltr' id='par_1_63' title="bbox 1822 3173 3414 3249">
     <span class='ocr_line' id='line_1_63' title="bbox 1822 3173 3414 3249; baseline -0.006 -16"><span class='ocrx_word' id='word_1_415' title='bbox 1822 3187 2048 3249; x_wconf 87' lang='lat' dir='ltr'><strong>propter</strong></span> <span class='ocrx_word' id='word_1_416' title='bbox 2074 3178 2340 3248; x_wconf 86' lang='lat' dir='ltr'><strong>pecunias</strong></span> <span class='ocrx_word' id='word_1_417' title='bbox 2374 3176 2614 3247; x_wconf 88' lang='lat' dir='ltr'><strong>aliquem</strong></span> <span class='ocrx_word' id='word_1_418' title='bbox 2654 3176 2895 3240; x_wconf 90' lang='lat' dir='ltr'><strong>ordinat,</strong></span> <span class='ocrx_word' id='word_1_419' title='bbox 2934 3182 3031 3228; x_wconf 91' lang='lat' dir='ltr'><strong>aut</strong></span> <span class='ocrx_word' id='word_1_420' title='bbox 3059 3174 3129 3227; x_wconf 90' lang='lat' dir='ltr'><strong>ab</strong></span> <span class='ocrx_word' id='word_1_421' title='bbox 3162 3173 3288 3227; x_wconf 87' lang='lat' dir='ltr'><strong>aliis</strong></span> <span class='ocrx_word' id='word_1_422' title='bbox 3322 3186 3414 3225; x_wconf 87' lang='lat' dir='ltr'><strong>or-</strong></span> 
     </span>
    </p>
   </div>
   <div class='ocr_carea' id='block_1_64' title="bbox 124 3263 1716 3335">
    <p class='ocr_par' dir='ltr' id='par_1_64' title="bbox 124 3263 1716 3335">
     <span class='ocr_line' id='line_1_64' title="bbox 124 3263 1716 3335; baseline 0.002 -18"><span class='ocrx_word' id='word_1_423' title='bbox 124 3281 244 3317; x_wconf 87' lang='grc' dir='ltr'>ται.</span> <span class='ocrx_word' id='word_1_424' title='bbox 278 3264 423 3331; x_wconf 72' lang='grc' dir='ltr'>Ἔφη</span> <span class='ocrx_word' id='word_1_425' title='bbox 483 3264 592 3334; x_wconf 75' lang='grc' dir='ltr'><strong>γὰρ</strong></span> <span class='ocrx_word' id='word_1_426' title='bbox 640 3263 728 3316; x_wconf 78' lang='grc' dir='ltr'>διὰ</span> <span class='ocrx_word' id='word_1_427' title='bbox 772 3264 868 3318; x_wconf 88' lang='grc' dir='ltr'><strong>τοῦ</strong></span> <span class='ocrx_word' id='word_1_428' title='bbox 913 3267 1230 3335; x_wconf 78' lang='grc' dir='ltr'>προφήτου·</span> <span class='ocrx_word' id='word_1_429' title='bbox 1276 3285 1294 3317; x_wconf 73' lang='grc' dir='ltr'><strong>ι</strong></span> <span class='ocrx_word' id='word_1_430' title='bbox 1322 3267 1463 3335; x_wconf 78' lang='grc' dir='ltr'>Λέγε</span> <span class='ocrx_word' id='word_1_431' title='bbox 1496 3269 1560 3320; x_wconf 86' lang='grc' dir='ltr'><strong>σὺ</strong></span> <span class='ocrx_word' id='word_1_432' title='bbox 1616 3269 1716 3331; x_wconf 76' lang='grc' dir='ltr'><strong>τὰς</strong></span> 
     </span>
    </p>
   </div>
   <div class='ocr_carea' id='block_1_65' title="bbox 127 3354 1714 3424">
    <p class='ocr_par' dir='ltr' id='par_1_65' title="bbox 127 3354 1714 3424">
     <span class='ocr_line' id='line_1_65' title="bbox 127 3354 1714 3424; baseline 0.004 -19"><span class='ocrx_word' id='word_1_433' title='bbox 127 3354 411 3423; x_wconf 77' lang='grc' dir='ltr'>ἁμαρτίας</span> <span class='ocrx_word' id='word_1_434' title='bbox 439 3370 529 3406; x_wconf 87' lang='grc' dir='ltr'><strong>σου</strong></span> <span class='ocrx_word' id='word_1_435' title='bbox 559 3354 796 3423; x_wconf 84' lang='grc' dir='ltr'>πρῶτος,</span> <span class='ocrx_word' id='word_1_436' title='bbox 824 3354 910 3406; x_wconf 85' lang='grc' dir='ltr'><strong>ἵνα</strong></span> <span class='ocrx_word' id='word_1_437' title='bbox 940 3354 1255 3424; x_wconf 83' lang='grc' dir='ltr'>δικαιωθῇς.</span> <span class='ocrx_word' id='word_1_438' title='bbox 1284 3376 1302 3407; x_wconf 78' lang='grc' dir='ltr'><strong>ι</strong></span> <span class='ocrx_word' id='word_1_439' title='bbox 1336 3358 1467 3419; x_wconf 80' lang='grc' dir='ltr'>Καὶ,</span> <span class='ocrx_word' id='word_1_440' title='bbox 1504 3376 1521 3407; x_wconf 77' lang='grc' dir='ltr'><strong>ι</strong></span> <span class='ocrx_word' id='word_1_441' title='bbox 1551 3358 1714 3423; x_wconf 67' lang='lat' dir='ltr'><strong>Bina,</strong></span> 
     </span>
    </p>
   </div>
   <div class='ocr_carea' id='block_1_66' title="bbox 124 3445 1715 3524">
    <p class='ocr_par' dir='ltr' id='par_1_66' title="bbox 124 3445 1715 3524">
     <span class='ocr_line' id='line_1_66' title="bbox 124 3445 1715 3524; baseline 0.005 -27"><span class='ocrx_word' id='word_1_442' title='bbox 124 3445 484 3516; x_wconf 74' lang='grc' dir='ltr'>ὲξαγορεύσω</span> <span class='ocrx_word' id='word_1_443' title='bbox 526 3448 642 3498; x_wconf 81' lang='grc' dir='ltr'>κατ’</span> <span class='ocrx_word' id='word_1_444' title='bbox 668 3446 803 3515; x_wconf 82' lang='grc' dir='ltr'>ἐμοῦ</span> <span class='ocrx_word' id='word_1_445' title='bbox 833 3447 929 3517; x_wconf 81' lang='grc' dir='ltr'>τὴν</span> <span class='ocrx_word' id='word_1_446' title='bbox 956 3448 1232 3519; x_wconf 81' lang='grc' dir='ltr'>ἁμαρτίαν</span> <span class='ocrx_word' id='word_1_447' title='bbox 1264 3467 1369 3519; x_wconf 91' lang='grc' dir='ltr'><strong>μου</strong></span> <span class='ocrx_word' id='word_1_448' title='bbox 1395 3450 1473 3521; x_wconf 80' lang='grc' dir='ltr'><strong>τῷ</strong></span> <span class='ocrx_word' id='word_1_449' title='bbox 1501 3454 1715 3524; x_wconf 80' lang='grc' dir='ltr'>Κυρίῳ,</span> 
     </span>
    </p>
   </div>
   <div class='ocr_carea' id='block_1_67' title="bbox 126 3538 1717 3613">
    <p class='ocr_par' dir='ltr' id='par_1_67' title="bbox 126 3538 1717 3613">
     <span class='ocr_line' id='line_1_67' title="bbox 126 3538 1717 3613; baseline 0.003 -21"><span class='ocrx_word' id='word_1_450' title='bbox 126 3541 231 3592; x_wconf 75' lang='grc' dir='ltr'><strong>καὶ</strong></span> <span class='ocrx_word' id='word_1_451' title='bbox 253 3540 316 3592; x_wconf 72' lang='grc' dir='ltr'><strong>σὺ</strong></span> <span class='ocrx_word' id='word_1_452' title='bbox 337 3540 553 3609; x_wconf 72' lang='grc' dir='ltr'>ἀφῆκας</span> <span class='ocrx_word' id='word_1_453' title='bbox 583 3538 682 3610; x_wconf 75' lang='grc' dir='ltr'><strong>τὴν</strong></span> <span class='ocrx_word' id='word_1_454' title='bbox 712 3539 969 3594; x_wconf 76' lang='grc' dir='ltr'>ἀσέϐειαν</span> <span class='ocrx_word' id='word_1_455' title='bbox 990 3542 1089 3612; x_wconf 78' lang='grc' dir='ltr'>τῆς</span> <span class='ocrx_word' id='word_1_456' title='bbox 1124 3543 1351 3612; x_wconf 80' lang='grc' dir='ltr'>καρδίας</span> <span class='ocrx_word' id='word_1_457' title='bbox 1382 3560 1505 3613; x_wconf 89' lang='grc' dir='ltr'>μου.</span> <span class='ocrx_word' id='word_1_458' title='bbox 1531 3564 1548 3594; x_wconf 73' lang='grc' dir='ltr'><strong>ι</strong></span> <span class='ocrx_word' id='word_1_459' title='bbox 1586 3547 1717 3611; x_wconf 88' lang='lat' dir='ltr'><strong>Kal,</strong></span> 
     </span>
    </p>
   </div>
   <div class='ocr_carea' id='block_1_68' title="bbox 134 3631 1720 3706">
    <p class='ocr_par' dir='ltr' id='par_1_68' title="bbox 134 3631 1720 3706">
     <span class='ocr_line' id='line_1_68' title="bbox 134 3631 1720 3706; baseline 0.004 -23"><span class='ocrx_word' id='word_1_460' title='bbox 134 3653 154 3683; x_wconf 71' lang='grc' dir='ltr'>ι</span> <span class='ocrx_word' id='word_1_461' title='bbox 198 3631 373 3701; x_wconf 83' lang='grc' dir='ltr'>Ὑπὲρ</span> <span class='ocrx_word' id='word_1_462' title='bbox 411 3631 615 3703; x_wconf 83' lang='grc' dir='ltr'>ταύτης</span> <span class='ocrx_word' id='word_1_463' title='bbox 665 3633 1026 3704; x_wconf 77' lang='grc' dir='ltr'>προσεύξεται</span> <span class='ocrx_word' id='word_1_464' title='bbox 1054 3634 1190 3706; x_wconf 67' lang='grc' dir='ltr'>πρὸς</span> <span class='ocrx_word' id='word_1_465' title='bbox 1216 3636 1275 3688; x_wconf 83' lang='grc' dir='ltr'><strong>σὲ</strong></span> <span class='ocrx_word' id='word_1_466' title='bbox 1304 3637 1412 3699; x_wconf 80' lang='grc' dir='ltr'><strong>πᾶς</strong></span> <span class='ocrx_word' id='word_1_467' title='bbox 1464 3639 1609 3700; x_wconf 80' lang='grc' dir='ltr'>ὅσιος</span> <span class='ocrx_word' id='word_1_468' title='bbox 1664 3638 1720 3690; x_wconf 86' lang='grc' dir='ltr'>ὲν</span> 
     </span>
    </p>
   </div>
   <div class='ocr_carea' id='block_1_69' title="bbox 124 3724 1721 3800">
    <p class='ocr_par' dir='ltr' id='par_1_69' title="bbox 124 3724 1721 3800">
     <span class='ocr_line' id='line_1_69' title="bbox 124 3724 1721 3800; baseline 0.004 -24"><span class='ocrx_word' id='word_1_469' title='bbox 124 3724 318 3794; x_wconf 80' lang='grc' dir='ltr'>καιρῷ</span> <span class='ocrx_word' id='word_1_470' title='bbox 369 3724 593 3794; x_wconf 75' lang='grc' dir='ltr'>εὐθέτῳ.</span> <span class='ocrx_word' id='word_1_471' title='bbox 624 3745 641 3777; x_wconf 71' lang='grc' dir='ltr'><strong>ι</strong></span> <span class='ocrx_word' id='word_1_472' title='bbox 691 3725 799 3778; x_wconf 87' lang='lat' dir='ltr'><strong>Kal</strong></span> <span class='ocrx_word' id='word_1_473' title='bbox 834 3726 925 3779; x_wconf 84' lang='grc' dir='ltr'><strong>τὸν</strong></span> <span class='ocrx_word' id='word_1_474' title='bbox 991 3726 1373 3797; x_wconf 88' lang='grc' dir='ltr'>πορνεύσαντα</span> <span class='ocrx_word' id='word_1_475' title='bbox 1428 3729 1721 3800; x_wconf 85' lang='grc' dir='ltr'>Κορίνθιον</span> 
     </span>
    </p>
   </div>
   <div class='ocr_carea' id='block_1_70' title="bbox 122 3814 1720 3893">
    <p class='ocr_par' dir='ltr' id='par_1_70' title="bbox 122 3814 1720 3893">
     <span class='ocr_line' id='line_1_70' title="bbox 122 3814 1720 3893; baseline 0.002 -23"><span class='ocrx_word' id='word_1_476' title='bbox 122 3814 257 3870; x_wconf 76' lang='grc' dir='ltr'>οἶδα</span> <span class='ocrx_word' id='word_1_477' title='bbox 284 3818 682 3888; x_wconf 80' lang='grc' dir='ltr'>προσδεχθέντα</span> <span class='ocrx_word' id='word_1_478' title='bbox 716 3819 867 3889; x_wconf 76' lang='grc' dir='ltr'>παρὰ</span> <span class='ocrx_word' id='word_1_479' title='bbox 887 3819 966 3890; x_wconf 86' lang='grc' dir='ltr'>τῷ</span> <span class='ocrx_word' id='word_1_480' title='bbox 1010 3820 1140 3888; x_wconf 87' lang='grc' dir='ltr'>θείῳ</span> <span class='ocrx_word' id='word_1_481' title='bbox 1167 3820 1452 3891; x_wconf 81' lang='grc' dir='ltr'>ἁποστόλῳ</span> <span class='ocrx_word' id='word_1_482' title='bbox 1500 3822 1720 3893; x_wconf 86' lang='grc' dir='ltr'>Παύλῳ,</span> 
     </span>
    </p>
   </div>
   <div class='ocr_carea' id='block_1_71' title="bbox 122 3908 1723 3997">
    <p class='ocr_par' dir='ltr' id='par_1_71' title="bbox 122 3908 1723 3997">
     <span class='ocr_line' id='line_1_71' title="bbox 122 3908 1723 3997; baseline 0.006 -36"><span class='ocrx_word' id='word_1_483' title='bbox 122 3909 195 3961; x_wconf 80' lang='grc' dir='ltr'><strong>οὐ</strong></span> <span class='ocrx_word' id='word_1_484' title='bbox 236 3908 343 3979; x_wconf 80' lang='grc' dir='ltr'>μὴν</span> <span class='ocrx_word' id='word_1_485' title='bbox 399 3909 455 3961; x_wconf 81' lang='grc' dir='ltr'><strong>δὲ</strong></span> <span class='ocrx_word' id='word_1_486' title='bbox 502 3911 582 3972; x_wconf 84' lang='grc' dir='ltr'><strong>είς</strong></span> <span class='ocrx_word' id='word_1_487' title='bbox 644 3909 946 3980; x_wconf 84' lang='grc' dir='ltr'>ἱερωσύνην</span> <span class='ocrx_word' id='word_1_488' title='bbox 1015 3910 1471 3967; x_wconf 79' lang='grc' dir='ltr'>ἀναϐιϐασθέντα.</span> <span class='ocrx_word' id='word_1_489' title='bbox 1520 3915 1584 3997; x_wconf 48' lang='lat' dir='ltr'><strong>Illi</strong></span> <span class='ocrx_word' id='word_1_490' title='bbox 1616 3916 1723 3986; x_wconf 81' lang='grc' dir='ltr'>γὰρ</span> 
     </span>
    </p>
   </div>
   <div class='ocr_carea' id='block_1_72' title="bbox 126 4000 1725 4075">
    <p class='ocr_par' dir='ltr' id='par_1_72' title="bbox 126 4000 1725 4075">
     <span class='ocr_line' id='line_1_72' title="bbox 126 4000 1725 4075; baseline 0.004 -23"><span class='ocrx_word' id='word_1_491' title='bbox 126 4000 328 4071; x_wconf 77' lang='grc' dir='ltr'>πατὴρ</span> <span class='ocrx_word' id='word_1_492' title='bbox 357 4000 812 4071; x_wconf 69' lang='grc' dir='ltr'>ἀποδημήσαντος</span> <span class='ocrx_word' id='word_1_493' title='bbox 840 4002 978 4068; x_wconf 81' lang='grc' dir='ltr'>υἱοῦ,</span> <span class='ocrx_word' id='word_1_494' title='bbox 1023 4003 1119 4055; x_wconf 70' lang='grc' dir='ltr'>καὶ</span> <span class='ocrx_word' id='word_1_495' title='bbox 1172 4002 1365 4056; x_wconf 89' lang='grc' dir='ltr'>τοῦτον</span> <span class='ocrx_word' id='word_1_496' title='bbox 1420 4004 1725 4075; x_wconf 87' lang='grc' dir='ltr'>ἀθετήσαν-</span> 
     </span>
    </p>
   </div>
   <div class='ocr_carea' id='block_1_73' title="bbox 125 4088 1728 4172">
    <p class='ocr_par' dir='ltr' id='par_1_73' title="bbox 125 4088 1728 4172">
     <span class='ocr_line' id='line_1_73' title="bbox 125 4088 1728 4172; baseline 0.006 -28"><span class='ocrx_word' id='word_1_497' title='bbox 125 4110 254 4155; x_wconf 80' lang='grc' dir='ltr'>τος,</span> <span class='ocrx_word' id='word_1_498' title='bbox 284 4088 438 4172; x_wconf 72' lang='grc' dir='ltr'>αὖθις</span> <span class='ocrx_word' id='word_1_499' title='bbox 476 4092 533 4145; x_wconf 81' lang='grc' dir='ltr'><strong>δὲ</strong></span> <span class='ocrx_word' id='word_1_500' title='bbox 567 4092 1031 4163; x_wconf 83' lang='grc' dir='ltr'>ὲπανερχομένου,</span> <span class='ocrx_word' id='word_1_501' title='bbox 1091 4095 1581 4166; x_wconf 76' lang='grc' dir='ltr'>προσλαμϐάνεται</span> <span class='ocrx_word' id='word_1_502' title='bbox 1638 4101 1728 4155; x_wconf 73' lang='grc' dir='ltr'>διὰ</span> 
     </span>
    </p>
   </div>
   <div class='ocr_carea' id='block_1_74' title="bbox 123 4181 1729 4256">
    <p class='ocr_par' dir='ltr' id='par_1_74' title="bbox 123 4181 1729 4256">
     <span class='ocr_line' id='line_1_74' title="bbox 123 4181 1729 4256; baseline 0.006 -21"><span class='ocrx_word' id='word_1_503' title='bbox 123 4185 240 4253; x_wconf 84' lang='grc' dir='ltr'><strong>τὴν</strong></span> <span class='ocrx_word' id='word_1_504' title='bbox 275 4181 509 4252; x_wconf 71' lang='grc' dir='ltr'>φυσικὴν</span> <span class='ocrx_word' id='word_1_505' title='bbox 529 4184 783 4252; x_wconf 84' lang='grc' dir='ltr'>στοργήν·</span> <span class='ocrx_word' id='word_1_506' title='bbox 815 4183 963 4253; x_wconf 80' lang='grc' dir='ltr'>πόσῳ</span> <span class='ocrx_word' id='word_1_507' title='bbox 1002 4183 1203 4252; x_wconf 81' lang='grc' dir='ltr'>μᾶλλον</span> <span class='ocrx_word' id='word_1_508' title='bbox 1230 4184 1258 4235; x_wconf 85' lang='grc' dir='ltr'>ὁ</span> <span class='ocrx_word' id='word_1_509' title='bbox 1287 4187 1473 4256; x_wconf 81' lang='grc' dir='ltr'>πατὴρ</span> <span class='ocrx_word' id='word_1_510' title='bbox 1509 4188 1729 4244; x_wconf 86' lang='grc' dir='ltr'>πάντων</span> 
     </span>
    </p>
   </div>
   <div class='ocr_carea' id='block_1_75' title="bbox 126 4273 1730 4350">
    <p class='ocr_par' dir='ltr' id='par_1_75' title="bbox 126 4273 1730 4350">
     <span class='ocr_line' id='line_1_75' title="bbox 126 4273 1730 4350; baseline 0.006 -25"><span class='ocrx_word' id='word_1_511' title='bbox 126 4273 302 4350; x_wconf 36' lang='grc' dir='ltr'>ήιλῷν</span> <span class='ocrx_word' id='word_1_512' title='bbox 333 4274 462 4336; x_wconf 77' lang='grc' dir='ltr'>Θεὸς</span> <span class='ocrx_word' id='word_1_513' title='bbox 484 4275 661 4326; x_wconf 77' lang='grc' dir='ltr'>πάντα</span> <span class='ocrx_word' id='word_1_514' title='bbox 686 4274 1053 4344; x_wconf 86' lang='grc' dir='ltr'>μετανοοῦντα</span> <span class='ocrx_word' id='word_1_515' title='bbox 1102 4277 1197 4328; x_wconf 60' lang='grc' dir='ltr'><strong>καὶ⁸</strong></span> <span class='ocrx_word' id='word_1_516' title='bbox 1241 4277 1600 4347; x_wconf 84' lang='grc' dir='ltr'>προσδέχεται</span> <span class='ocrx_word' id='word_1_517' title='bbox 1632 4281 1730 4333; x_wconf 71' lang='grc' dir='ltr'><strong>καὶ</strong></span> 
     </span>
    </p>
   </div>
   <div class='ocr_carea' id='block_1_76' title="bbox 126 4365 1732 4443">
    <p class='ocr_par' dir='ltr' id='par_1_76' title="bbox 126 4365 1732 4443">
     <span class='ocr_line' id='line_1_76' title="bbox 126 4365 1732 4443; baseline -0.004 -24"><span class='ocrx_word' id='word_1_518' title='bbox 126 4365 601 4443; x_wconf 73' lang='grc' dir='ltr'>ἁγκαλίζεταιώς</span> <span class='ocrx_word' id='word_1_519' title='bbox 635 4365 1020 4436; x_wconf 79' lang='grc' dir='ltr'>φιλάνθρωπος</span> <span class='ocrx_word' id='word_1_520' title='bbox 1070 4385 1083 4431; x_wconf 89' lang='lat'>;</span> <span class='ocrx_word' id='word_1_521' title='bbox 1147 4368 1209 4421; x_wconf 77' lang='grc' dir='ltr'><strong>οὐ</strong></span> <span class='ocrx_word' id='word_1_522' title='bbox 1261 4370 1369 4440; x_wconf 69' lang='grc' dir='ltr'>γὰρ</span> <span class='ocrx_word' id='word_1_523' title='bbox 1428 4372 1573 4425; x_wconf 80' lang='grc' dir='ltr'>θέλει</span> <span class='ocrx_word' id='word_1_524' title='bbox 1641 4376 1732 4426; x_wconf 61' lang='grc' dir='ltr'><strong>τὸν</strong></span> 
     </span>
    </p>
   </div>
   <div class='ocr_carea' id='block_1_77' title="bbox 124 4456 1732 4533">
    <p class='ocr_par' dir='ltr' id='par_1_77' title="bbox 124 4456 1732 4533">
     <span class='ocr_line' id='line_1_77' title="bbox 124 4456 1732 4533; baseline 0.004 -22"><span class='ocrx_word' id='word_1_525' title='bbox 124 4459 376 4511; x_wconf 71' lang='grc' dir='ltr'>θάνατον</span> <span class='ocrx_word' id='word_1_526' title='bbox 424 4456 518 4509; x_wconf 88' lang='grc' dir='ltr'><strong>τοῦ</strong></span> <span class='ocrx_word' id='word_1_527' title='bbox 570 4457 916 4526; x_wconf 76' lang='grc' dir='ltr'>ἁμαρτωλοῦ,</span> <span class='ocrx_word' id='word_1_528' title='bbox 956 4457 1032 4520; x_wconf 87' lang='grc' dir='ltr'><strong>ώς</strong></span> <span class='ocrx_word' id='word_1_529' title='bbox 1055 4459 1115 4510; x_wconf 86' lang='grc' dir='ltr'><strong>τὸ</strong></span> <span class='ocrx_word' id='word_1_530' title='bbox 1138 4459 1466 4530; x_wconf 78' lang='grc' dir='ltr'>ἐπιστρέψαι</span> <span class='ocrx_word' id='word_1_531' title='bbox 1510 4464 1607 4516; x_wconf 70' lang='grc' dir='ltr'><strong>καὶ</strong></span> <span class='ocrx_word' id='word_1_532' title='bbox 1633 4464 1732 4533; x_wconf 80' lang='grc' dir='ltr'><strong>ζῇν</strong></span> 
     </span>
    </p>
   </div>
   <div class='ocr_carea' id='block_1_78' title="bbox 1822 3266 3417 3338">
    <p class='ocr_par' dir='ltr' id='par_1_78' title="bbox 1822 3266 3417 3338">
     <span class='ocr_line' id='line_1_78' title="bbox 1822 3266 3417 3338; baseline -0.006 -11"><span class='ocrx_word' id='word_1_533' title='bbox 1822 3273 2069 3338; x_wconf 89' lang='lat' dir='ltr'><strong>dinatur,</strong></span> <span class='ocrx_word' id='word_1_534' title='bbox 2128 3270 2342 3326; x_wconf 89' lang='lat' dir='ltr'><strong>alienus</strong></span> <span class='ocrx_word' id='word_1_535' title='bbox 2394 3279 2479 3325; x_wconf 89' lang='lat' dir='ltr'><strong>est</strong></span> <span class='ocrx_word' id='word_1_536' title='bbox 2535 3285 2565 3324; x_wconf 88' lang='lat' dir='ltr'><strong>a</strong></span> <span class='ocrx_word' id='word_1_537' title='bbox 2624 3267 2955 3324; x_wconf 84' lang='lat' dir='ltr'><strong>sacerdotali</strong></span> <span class='ocrx_word' id='word_1_538' title='bbox 3000 3266 3291 3335; x_wconf 76' lang='lat' dir='ltr'><strong>dignitate,</strong></span> <span class='ocrx_word' id='word_1_539' title='bbox 3356 3274 3417 3317; x_wconf 90' lang='lat' dir='ltr'><strong>ut</strong></span> 
     </span>
    </p>
   </div>
   <div class='ocr_carea' id='block_1_79' title="bbox 1820 3361 3412 3434">
    <p class='ocr_par' dir='ltr' id='par_1_79' title="bbox 1820 3361 3412 3434">
     <span class='ocr_line' id='line_1_79' title="bbox 1820 3361 3412 3434; baseline -0.004 -16"><span class='ocrx_word' id='word_1_540' title='bbox 1820 3381 2017 3420; x_wconf 84' lang='lat' dir='ltr'><strong>omnes</strong></span> <span class='ocrx_word' id='word_1_541' title='bbox 2047 3365 2304 3420; x_wconf 89' lang='lat' dir='ltr'><strong>novimus</strong></span> <span class='ocrx_word' id='word_1_542' title='bbox 2327 3364 2647 3434; x_wconf 89' lang='lat' dir='ltr'><strong>quicunque</strong></span> <span class='ocrx_word' id='word_1_543' title='bbox 2672 3362 2935 3417; x_wconf 70' lang='lat' dir='ltr'><strong>Ecclesia:</strong></span> <span class='ocrx_word' id='word_1_544' title='bbox 2959 3361 3168 3415; x_wconf 85' lang='lat' dir='ltr'><strong>alumni</strong></span> <span class='ocrx_word' id='word_1_545' title='bbox 3197 3374 3412 3412; x_wconf 87' lang='lat' dir='ltr'><strong>sumus.</strong></span> 
     </span>
    </p>
   </div>
   <div class='ocr_carea' id='block_1_80' title="bbox 1822 3453 3414 3529">
    <p class='ocr_par' dir='ltr' id='par_1_80' title="bbox 1822 3453 3414 3529">
     <span class='ocr_line' id='line_1_80' title="bbox 1822 3453 3414 3529; baseline -0.004 -19"><span class='ocrx_word' id='word_1_546' title='bbox 1822 3456 1965 3529; x_wconf 84' lang='lat' dir='ltr'><strong>Ergo</strong></span> <span class='ocrx_word' id='word_1_547' title='bbox 1999 3458 2143 3512; x_wconf 89' lang='lat' dir='ltr'><strong>bona</strong></span> <span class='ocrx_word' id='word_1_548' title='bbox 2190 3467 2246 3511; x_wconf 89' lang='lat' dir='ltr'><strong>et</strong></span> <span class='ocrx_word' id='word_1_549' title='bbox 2279 3456 2572 3511; x_wconf 84' lang='lat' dir='ltr'><strong>laudabilis</strong></span> <span class='ocrx_word' id='word_1_550' title='bbox 2608 3456 2934 3526; x_wconf 76' lang='lat' dir='ltr'><strong>pcenitentia</strong></span> <span class='ocrx_word' id='word_1_551' title='bbox 2968 3470 3090 3524; x_wconf 86' lang='lat' dir='ltr'><strong>quae</strong></span> <span class='ocrx_word' id='word_1_552' title='bbox 3124 3456 3188 3507; x_wconf 83' lang='lat' dir='ltr'><strong>ad</strong></span> <span class='ocrx_word' id='word_1_553' title='bbox 3243 3453 3414 3509; x_wconf 85' lang='lat' dir='ltr'><strong>Deum</strong></span> 
     </span>
    </p>
   </div>
   <div class='ocr_carea' id='block_1_81' title="bbox 1820 3545 3415 3617">
    <p class='ocr_par' dir='ltr' id='par_1_81' title="bbox 1820 3545 3415 3617">
     <span class='ocr_line' id='line_1_81' title="bbox 1820 3545 3415 3617; baseline -0.002 -13"><span class='ocrx_word' id='word_1_554' title='bbox 1820 3550 1993 3613; x_wconf 91' lang='lat' dir='ltr'><strong>ducit,</strong></span> <span class='ocrx_word' id='word_1_555' title='bbox 2028 3557 2082 3603; x_wconf 91' lang='lat' dir='ltr'><strong>et</strong></span> <span class='ocrx_word' id='word_1_556' title='bbox 2111 3563 2140 3602; x_wconf 90' lang='lat' dir='ltr'><strong>a</strong></span> <span class='ocrx_word' id='word_1_557' title='bbox 2174 3549 2414 3617; x_wconf 87' lang='lat' dir='ltr'><strong>peccatis</strong></span> <span class='ocrx_word' id='word_1_558' title='bbox 2462 3547 2683 3602; x_wconf 86' lang='lat' dir='ltr'><strong>liberat.</strong></span> <span class='ocrx_word' id='word_1_559' title='bbox 2732 3546 2795 3599; x_wconf 84' lang='lat' dir='ltr'><strong>Et</strong></span> <span class='ocrx_word' id='word_1_560' title='bbox 2842 3561 2944 3616; x_wconf 82' lang='lat' dir='ltr'><strong>ego</strong></span> <span class='ocrx_word' id='word_1_561' title='bbox 2984 3561 3207 3616; x_wconf 90' lang='lat' dir='ltr'><strong>quoque</strong></span> <span class='ocrx_word' id='word_1_562' title='bbox 3243 3545 3415 3601; x_wconf 79' lang='lat' dir='ltr'><strong>mise-</strong></span> 
     </span>
    </p>
   </div>
   <div class='ocr_carea' id='block_1_82' title="bbox 1823 3638 3416 3714">
    <p class='ocr_par' dir='ltr' id='par_1_82' title="bbox 1823 3638 3416 3714">
     <span class='ocr_line' id='line_1_82' title="bbox 1823 3638 3416 3714; baseline -0.004 -16"><span class='ocrx_word' id='word_1_563' title='bbox 1823 3644 2061 3700; x_wconf 89' lang='lat' dir='ltr'><strong>ricordia</strong></span> <span class='ocrx_word' id='word_1_564' title='bbox 2094 3642 2313 3713; x_wconf 82' lang='lat' dir='ltr'><strong>indigeo</strong></span> <span class='ocrx_word' id='word_1_565' title='bbox 2348 3660 2363 3698; x_wconf 86' lang='lat'><strong>:</strong></span> <span class='ocrx_word' id='word_1_566' title='bbox 2402 3642 2528 3695; x_wconf 85' lang='lat' dir='ltr'><strong>novi</strong></span> <span class='ocrx_word' id='word_1_567' title='bbox 2574 3641 2719 3695; x_wconf 89' lang='lat' dir='ltr'><strong>enim</strong></span> <span class='ocrx_word' id='word_1_568' title='bbox 2769 3640 2862 3693; x_wconf 89' lang='lat' dir='ltr'><strong>Dei</strong></span> <span class='ocrx_word' id='word_1_569' title='bbox 2911 3638 3416 3714; x_wconf 50' lang='lat' dir='ltr'><strong>mansuetudinem.</strong></span> 
     </span>
    </p>
   </div>
   <div class='ocr_carea' id='block_1_83' title="bbox 1824 3729 3419 3806">
    <p class='ocr_par' dir='ltr' id='par_1_83' title="bbox 1824 3729 3419 3806">
     <span class='ocr_line' id='line_1_83' title="bbox 1824 3729 3419 3806; baseline -0.006 -16"><span class='ocrx_word' id='word_1_570' title='bbox 1824 3736 1918 3806; x_wconf 91' lang='lat' dir='ltr'><strong>qui</strong></span> <span class='ocrx_word' id='word_1_571' title='bbox 1969 3748 2186 3789; x_wconf 89' lang='lat' dir='ltr'><strong>omnem</strong></span> <span class='ocrx_word' id='word_1_572' title='bbox 2237 3732 2307 3787; x_wconf 88' lang='lat' dir='ltr'><strong>ad</strong></span> <span class='ocrx_word' id='word_1_573' title='bbox 2353 3747 2411 3786; x_wconf 88' lang='lat' dir='ltr'><strong>se</strong></span> <span class='ocrx_word' id='word_1_574' title='bbox 2442 3732 2751 3786; x_wconf 83' lang='lat' dir='ltr'><strong>venientem</strong></span> <span class='ocrx_word' id='word_1_575' title='bbox 2805 3732 3023 3801; x_wconf 82' lang='lat' dir='ltr'><strong>recipit.</strong></span> <span class='ocrx_word' id='word_1_576' title='bbox 3075 3729 3225 3784; x_wconf 77' lang='lat' dir='ltr'><strong>Dixit</strong></span> <span class='ocrx_word' id='word_1_577' title='bbox 3272 3730 3419 3783; x_wconf 89' lang='lat' dir='ltr'><strong>enim</strong></span> 
     </span>
    </p>
   </div>
   <div class='ocr_carea' id='block_1_84' title="bbox 1826 3823 3422 3897">
    <p class='ocr_par' dir='ltr' id='par_1_84' title="bbox 1826 3823 3422 3897">
     <span class='ocr_line' id='line_1_84' title="bbox 1826 3823 3422 3897; baseline -0.005 -16"><span class='ocrx_word' id='word_1_578' title='bbox 1826 3844 1920 3897; x_wconf 90' lang='lat' dir='ltr'><strong>per</strong></span> <span class='ocrx_word' id='word_1_579' title='bbox 1962 3826 2283 3896; x_wconf 79' lang='lat' dir='ltr'><strong>prophetam</strong></span> <span class='ocrx_word' id='word_1_580' title='bbox 2319 3845 2331 3879; x_wconf 91' lang='lat'><strong>:</strong></span> <span class='ocrx_word' id='word_1_581' title='bbox 2378 3843 2395 3875; x_wconf 82' lang='grc' dir='ltr'><strong>ι</strong></span> <span class='ocrx_word' id='word_1_582' title='bbox 2431 3823 2513 3878; x_wconf 90' lang='lat' dir='ltr'><strong>Tu</strong></span> <span class='ocrx_word' id='word_1_583' title='bbox 2544 3825 2759 3893; x_wconf 89' lang='lat' dir='ltr'><strong>primus</strong></span> <span class='ocrx_word' id='word_1_584' title='bbox 2798 3825 2885 3878; x_wconf 89' lang='lat' dir='ltr'><strong>die</strong></span> <span class='ocrx_word' id='word_1_585' title='bbox 2915 3832 3147 3893; x_wconf 87' lang='lat' dir='ltr'><strong>peccata</strong></span> <span class='ocrx_word' id='word_1_586' title='bbox 3196 3832 3314 3885; x_wconf 88' lang='lat' dir='ltr'><strong>tua,</strong></span> <span class='ocrx_word' id='word_1_587' title='bbox 3362 3831 3422 3874; x_wconf 91' lang='lat' dir='ltr'><strong>ut</strong></span> 
     </span>
    </p>
   </div>
   <div class='ocr_carea' id='block_1_85' title="bbox 1824 3915 3417 3989">
    <p class='ocr_par' dir='ltr' id='par_1_85' title="bbox 1824 3915 3417 3989">
     <span class='ocr_line' id='line_1_85' title="bbox 1824 3915 3417 3989; baseline -0.006 -17"><span class='ocrx_word' id='word_1_588' title='bbox 1824 3918 2232 3989; x_wconf 74' lang='lat' dir='ltr'><strong>justiiieeris“.</strong></span> <span class='ocrx_word' id='word_1_589' title='bbox 2273 3937 2291 3969; x_wconf 72' lang='grc' dir='ltr'><strong>ι</strong></span> <span class='ocrx_word' id='word_1_590' title='bbox 2350 3917 2460 3971; x_wconf 86' lang='lat' dir='ltr'><strong>Et:</strong></span> <span class='ocrx_word' id='word_1_591' title='bbox 2512 3935 2529 3967; x_wconf 77' lang='grc' dir='ltr'><strong>ι</strong></span> <span class='ocrx_word' id='word_1_592' title='bbox 2566 3916 2684 3970; x_wconf 63' lang='lat' dir='ltr'><strong>Dixi</strong></span> <span class='ocrx_word' id='word_1_593' title='bbox 2726 3936 2737 3969; x_wconf 95' lang='lat'>:</span> <span class='ocrx_word' id='word_1_594' title='bbox 2776 3915 3021 3985; x_wconf 81' lang='lat' dir='ltr'><strong>Eloquar</strong></span> <span class='ocrx_word' id='word_1_595' title='bbox 3074 3915 3417 3983; x_wconf 82' lang='lat' dir='ltr'><strong>iniquitatem</strong></span> 
     </span>
    </p>
   </div>
   <div class='ocr_carea' id='block_1_86' title="bbox 1830 4003 3419 4073">
    <p class='ocr_par' dir='ltr' id='par_1_86' title="bbox 1830 4003 3419 4073">
     <span class='ocr_line' id='line_1_86' title="bbox 1830 4003 3419 4073; baseline -0.006 -9"><span class='ocrx_word' id='word_1_596' title='bbox 1830 4026 2008 4065; x_wconf 88' lang='lat' dir='ltr'><strong>meam</strong></span> <span class='ocrx_word' id='word_1_597' title='bbox 2036 4024 2221 4064; x_wconf 85' lang='lat' dir='ltr'><strong>coram</strong></span> <span class='ocrx_word' id='word_1_598' title='bbox 2276 4008 2533 4067; x_wconf 84' lang='lat' dir='ltr'><strong>Domino,</strong></span> <span class='ocrx_word' id='word_1_599' title='bbox 2576 4018 2631 4061; x_wconf 89' lang='lat' dir='ltr'><strong>et</strong></span> <span class='ocrx_word' id='word_1_600' title='bbox 2675 4015 2730 4060; x_wconf 91' lang='lat' dir='ltr'><strong>tu</strong></span> <span class='ocrx_word' id='word_1_601' title='bbox 2778 4006 3040 4061; x_wconf 84' lang='lat' dir='ltr'><strong>remisisti</strong></span> <span class='ocrx_word' id='word_1_602' title='bbox 3086 4003 3419 4073; x_wconf 87' lang='lat' dir='ltr'><strong>impietatem</strong></span> 
     </span>
    </p>
   </div>
   <div class='ocr_carea' id='block_1_87' title="bbox 1830 4096 3422 4158">
    <p class='ocr_par' dir='ltr' id='par_1_87' title="bbox 1830 4096 3422 4158">
     <span class='ocr_line' id='line_1_87' title="bbox 1830 4096 3422 4158; baseline -0.008 0"><span class='ocrx_word' id='word_1_603' title='bbox 1830 4102 2013 4158; x_wconf 91' lang='lat' dir='ltr'><strong>cordis</strong></span> <span class='ocrx_word' id='word_1_604' title='bbox 2042 4103 2148 4155; x_wconf 87' lang='lat' dir='ltr'><strong>mei</strong></span> <span class='ocrx_word' id='word_1_605' title='bbox 2173 4102 2236 4152; x_wconf 81' lang='grc'><strong>⁸³.</strong></span> <span class='ocrx_word' id='word_1_606' title='bbox 2276 4119 2294 4151; x_wconf 69' lang='grc' dir='ltr'><strong>ι</strong></span> <span class='ocrx_word' id='word_1_607' title='bbox 2355 4101 2464 4154; x_wconf 89' lang='lat' dir='ltr'><strong>Et:</strong></span> <span class='ocrx_word' id='word_1_608' title='bbox 2501 4119 2517 4150; x_wconf 83' lang='grc' dir='ltr'><strong>ι</strong></span> <span class='ocrx_word' id='word_1_609' title='bbox 2556 4098 2667 4153; x_wconf 86' lang='lat' dir='ltr'><strong>Pro</strong></span> <span class='ocrx_word' id='word_1_610' title='bbox 2718 4114 2781 4152; x_wconf 93' lang='lat' dir='ltr'><strong>ea</strong></span> <span class='ocrx_word' id='word_1_611' title='bbox 2832 4097 3014 4150; x_wconf 75' lang='lat' dir='ltr'><strong>orabit</strong></span> <span class='ocrx_word' id='word_1_612' title='bbox 3045 4096 3110 4149; x_wconf 90' lang='lat' dir='ltr'><strong>ad</strong></span> <span class='ocrx_word' id='word_1_613' title='bbox 3162 4104 3211 4149; x_wconf 93' lang='lat' dir='ltr'><strong>te</strong></span> <span class='ocrx_word' id='word_1_614' title='bbox 3242 4096 3422 4149; x_wconf 81' lang='lat' dir='ltr'><strong>omnis</strong></span> 
     </span>
    </p>
   </div>
   <div class='ocr_carea' id='block_1_88' title="bbox 1832 4191 3419 4265">
    <p class='ocr_par' dir='ltr' id='par_1_88' title="bbox 1832 4191 3419 4265">
     <span class='ocr_line' id='line_1_88' title="bbox 1832 4191 3419 4265; baseline -0.002 -15"><span class='ocrx_word' id='word_1_615' title='bbox 1832 4206 2059 4252; x_wconf 89' lang='lat' dir='ltr'><strong>sanctus</strong></span> <span class='ocrx_word' id='word_1_616' title='bbox 2101 4197 2154 4249; x_wconf 90' lang='lat' dir='ltr'><strong>in</strong></span> <span class='ocrx_word' id='word_1_617' title='bbox 2197 4206 2446 4265; x_wconf 87' lang='lat' dir='ltr'><strong>tempore</strong></span> <span class='ocrx_word' id='word_1_618' title='bbox 2492 4194 2895 4265; x_wconf 72' lang='lat' dir='ltr'><strong>opportuno“.</strong></span> <span class='ocrx_word' id='word_1_619' title='bbox 2938 4211 2956 4243; x_wconf 72' lang='grc' dir='ltr'><strong>ι</strong></span> <span class='ocrx_word' id='word_1_620' title='bbox 3000 4192 3131 4244; x_wconf 72' lang='lat' dir='ltr'><strong>Nam</strong></span> <span class='ocrx_word' id='word_1_621' title='bbox 3168 4191 3214 4245; x_wconf 91' lang='lat' dir='ltr'><strong>si</strong></span> <span class='ocrx_word' id='word_1_622' title='bbox 3248 4198 3419 4259; x_wconf 74' lang='lat' dir='ltr'><strong>paterr</strong></span> 
     </span>
    </p>
   </div>
   <div class='ocr_carea' id='block_1_89' title="bbox 1833 4283 3422 4358">
    <p class='ocr_par' dir='ltr' id='par_1_89' title="bbox 1833 4283 3422 4358">
     <span class='ocr_line' id='line_1_89' title="bbox 1833 4283 3422 4358; baseline -0.006 -15"><span class='ocrx_word' id='word_1_623' title='bbox 1833 4290 1946 4343; x_wconf 77' lang='lat' dir='ltr'><strong>tilio</strong></span> <span class='ocrx_word' id='word_1_624' title='bbox 1997 4302 2224 4358; x_wconf 76' lang='lat' dir='ltr'><strong>peregre</strong></span> <span class='ocrx_word' id='word_1_625' title='bbox 2270 4287 2604 4350; x_wconf 78' lang='lat' dir='ltr'><strong>exsistente,</strong></span> <span class='ocrx_word' id='word_1_626' title='bbox 2655 4293 2711 4340; x_wconf 89' lang='lat' dir='ltr'><strong>et</strong></span> <span class='ocrx_word' id='word_1_627' title='bbox 2766 4301 2881 4338; x_wconf 84' lang='lat' dir='ltr'><strong>rem</strong></span> <span class='ocrx_word' id='word_1_628' title='bbox 2938 4284 3101 4353; x_wconf 87' lang='lat' dir='ltr'><strong>impie</strong></span> <span class='ocrx_word' id='word_1_629' title='bbox 3147 4291 3201 4337; x_wconf 95' lang='lat' dir='ltr'><strong>et</strong></span> <span class='ocrx_word' id='word_1_630' title='bbox 3237 4283 3422 4351; x_wconf 75' lang='lat' dir='ltr'><strong>inique</strong></span> 
     </span>
    </p>
   </div>
   <div class='ocr_carea' id='block_1_90' title="bbox 1835 4372 3425 4448">
    <p class='ocr_par' dir='ltr' id='par_1_90' title="bbox 1835 4372 3425 4448">
     <span class='ocr_line' id='line_1_90' title="bbox 1835 4372 3425 4448; baseline -0.005 -17"><span class='ocrx_word' id='word_1_631' title='bbox 1835 4387 2052 4448; x_wconf 80' lang='lat' dir='ltr'><strong>agente,</strong></span> <span class='ocrx_word' id='word_1_632' title='bbox 2109 4375 2432 4430; x_wconf 84' lang='lat' dir='ltr'><strong>redeuntem</strong></span> <span class='ocrx_word' id='word_1_633' title='bbox 2485 4374 2685 4427; x_wconf 89' lang='lat' dir='ltr'><strong>iterum</strong></span> <span class='ocrx_word' id='word_1_634' title='bbox 2740 4373 2808 4426; x_wconf 88' lang='lat' dir='ltr'><strong>ad</strong></span> <span class='ocrx_word' id='word_1_635' title='bbox 2850 4388 2911 4426; x_wconf 89' lang='lat' dir='ltr'><strong>se</strong></span> <span class='ocrx_word' id='word_1_636' title='bbox 2951 4372 3189 4425; x_wconf 84' lang='lat' dir='ltr'><strong>naturali</strong></span> <span class='ocrx_word' id='word_1_637' title='bbox 3236 4386 3425 4424; x_wconf 88' lang='lat' dir='ltr'><strong>amore</strong></span> 
     </span>
    </p>
   </div>
   <div class='ocr_carea' id='block_1_91' title="bbox 1834 4463 3425 4539">
    <p class='ocr_par' dir='ltr' id='par_1_91' title="bbox 1834 4463 3425 4539">
     <span class='ocr_line' id='line_1_91' title="bbox 1834 4463 3425 4539; baseline -0.006 -15"><span class='ocrx_word' id='word_1_638' title='bbox 1834 4468 2187 4539; x_wconf 87' lang='lat' dir='ltr'><strong>prosequitur</strong></span> <span class='ocrx_word' id='word_1_639' title='bbox 2220 4486 2233 4521; x_wconf 89' lang='lat'><strong>:</strong></span> <span class='ocrx_word' id='word_1_640' title='bbox 2271 4476 2481 4538; x_wconf 81' lang='lat' dir='ltr'><strong>quanto</strong></span> <span class='ocrx_word' id='word_1_641' title='bbox 2512 4465 2688 4535; x_wconf 75' lang='lat' dir='ltr'><strong>magis</strong></span> <span class='ocrx_word' id='word_1_642' title='bbox 2723 4463 2865 4519; x_wconf 89' lang='lat' dir='ltr'><strong>Deus</strong></span> <span class='ocrx_word' id='word_1_643' title='bbox 2893 4463 3144 4517; x_wconf 86' lang='lat' dir='ltr'><strong>omnium</strong></span> <span class='ocrx_word' id='word_1_644' title='bbox 3174 4472 3425 4517; x_wconf 90' lang='lat' dir='ltr'><strong>nostrum</strong></span> 
     </span>
    </p>
   </div>
   <div class='ocr_carea' id='block_1_92' title="bbox 121 4539 1717 4628">
    <p class='ocr_par' dir='ltr' id='par_1_92' title="bbox 121 4546 1717 4623">
     <span class='ocr_line' id='line_1_92' title="bbox 121 4546 1717 4623; baseline 0.005 -26"><span class='ocrx_word' id='word_1_645' title='bbox 121 4546 331 4602; x_wconf 73' lang='grc' dir='ltr'>αὐτόν.</span> <span class='ocrx_word' id='word_1_646' title='bbox 364 4546 522 4599; x_wconf 76' lang='grc' dir='ltr'>Καθά</span> <span class='ocrx_word' id='word_1_647' title='bbox 556 4548 650 4599; x_wconf 75' lang='grc' dir='ltr'><strong>καὶ</strong></span> <span class='ocrx_word' id='word_1_648' title='bbox 676 4547 992 4616; x_wconf 73' lang='grc' dir='ltr'>ἠκούσαμεν</span> <span class='ocrx_word' id='word_1_649' title='bbox 1020 4546 1081 4611; x_wconf 78' lang='grc' dir='ltr'><strong>ἐξ</strong></span> <span class='ocrx_word' id='word_1_650' title='bbox 1106 4547 1276 4618; x_wconf 82' lang='grc' dir='ltr'>αὐτῆς</span> <span class='ocrx_word' id='word_1_651' title='bbox 1305 4550 1405 4619; x_wconf 84' lang='grc' dir='ltr'><strong>τῆς</strong></span> <span class='ocrx_word' id='word_1_652' title='bbox 1444 4553 1717 4623; x_wconf 75' lang='grc' dir='ltr'>Κυριακῆς</span> 
     </span>
    </p>
   </div>
   <div class='ocr_carea' id='block_1_93' title="bbox 1822 4539 3423 4628">
    <p class='ocr_par' dir='ltr' id='par_1_93' title="bbox 1838 4555 3423 4628">
     <span class='ocr_line' id='line_1_93' title="bbox 1838 4555 3423 4628; baseline -0.008 -11"><span class='ocrx_word' id='word_1_653' title='bbox 1838 4563 2028 4625; x_wconf 85' lang='lat' dir='ltr'><strong>Pater,</strong></span> <span class='ocrx_word' id='word_1_654' title='bbox 2069 4575 2292 4614; x_wconf 91' lang='lat' dir='ltr'><strong>omnem</strong></span> <span class='ocrx_word' id='word_1_655' title='bbox 2330 4558 2690 4628; x_wconf 76' lang='lat' dir='ltr'><strong>pmnitentem</strong></span> <span class='ocrx_word' id='word_1_656' title='bbox 2725 4556 2993 4625; x_wconf 91' lang='lat' dir='ltr'><strong>suscipiet</strong></span> <span class='ocrx_word' id='word_1_657' title='bbox 3020 4555 3075 4609; x_wconf 91' lang='lat' dir='ltr'><strong>in</strong></span> <span class='ocrx_word' id='word_1_658' title='bbox 3109 4555 3252 4608; x_wconf 89' lang='lat' dir='ltr'><strong>ulnis</strong></span> <span class='ocrx_word' id='word_1_659' title='bbox 3286 4555 3423 4618; x_wconf 79' lang='lat' dir='ltr'><strong>suis,</strong></span> 
     </span>
    </p>
   </div>
   <div class='ocr_carea' id='block_1_94' title="bbox 122 4638 1736 4717">
    <p class='ocr_par' dir='ltr' id='par_1_94' title="bbox 122 4638 1736 4717">
     <span class='ocr_line' id='line_1_94' title="bbox 122 4638 1736 4717; baseline 0.006 -27"><span class='ocrx_word' id='word_1_660' title='bbox 122 4638 333 4707; x_wconf 63' lang='grc' dir='ltr'>ςωιῆς</span> <span class='ocrx_word' id='word_1_661' title='bbox 393 4638 767 4707; x_wconf 76' lang='grc' dir='ltr'>εὐαγγελικῶς</span> <span class='ocrx_word' id='word_1_662' title='bbox 817 4640 1139 4712; x_wconf 63' lang='grc' dir='ltr'>παραϐολὴν</span> <span class='ocrx_word' id='word_1_663' title='bbox 1201 4641 1574 4714; x_wconf 76' lang='grc' dir='ltr'>διηγουμένης</span> <span class='ocrx_word' id='word_1_664' title='bbox 1604 4650 1736 4717; x_wconf 81' lang='grc' dir='ltr'><strong>περὶ</strong></span> 
     </span>
    </p>
   </div>
   <div class='ocr_carea' id='block_1_95' title="bbox 125 4731 1736 4808">
    <p class='ocr_par' dir='ltr' id='par_1_95' title="bbox 125 4731 1736 4808">
     <span class='ocr_line' id='line_1_95' title="bbox 125 4731 1736 4808; baseline 0.014 -37"><span class='ocrx_word' id='word_1_665' title='bbox 125 4732 238 4785; x_wconf 65' lang='grc' dir='ltr'><strong>ταῦ</strong></span> <span class='ocrx_word' id='word_1_666' title='bbox 294 4731 522 4793; x_wconf 82' lang='grc' dir='ltr'>ἀσώτως</span> <span class='ocrx_word' id='word_1_667' title='bbox 568 4732 657 4784; x_wconf 74' lang='grc' dir='ltr'><strong>τὸν</strong></span> <span class='ocrx_word' id='word_1_668' title='bbox 711 4732 825 4801; x_wconf 85' lang='grc' dir='ltr'>βίον</span> <span class='ocrx_word' id='word_1_669' title='bbox 849 4732 1138 4801; x_wconf 74' lang='grc' dir='ltr'>ζήσαντος,</span> <span class='ocrx_word' id='word_1_670' title='bbox 1167 4734 1249 4787; x_wconf 86' lang='grc' dir='ltr'><strong>ὄτι</strong></span> <span class='ocrx_word' id='word_1_671' title='bbox 1289 4739 1736 4808; x_wconf 85' lang='grc' dir='ltr'>μετανοήσαντος</span> 
     </span>
    </p>
   </div>
   <div class='ocr_carea' id='block_1_96' title="bbox 124 4823 1736 4903">
    <p class='ocr_par' dir='ltr' id='par_1_96' title="bbox 124 4823 1736 4903">
     <span class='ocr_line' id='line_1_96' title="bbox 124 4823 1736 4903; baseline 0.004 -25"><span class='ocrx_word' id='word_1_672' title='bbox 124 4823 343 4890; x_wconf 69' lang='grc' dir='ltr'>αὑτοῦ,</span> <span class='ocrx_word' id='word_1_673' title='bbox 412 4824 565 4893; x_wconf 74' lang='grc' dir='ltr'>παρὰ</span> <span class='ocrx_word' id='word_1_674' title='bbox 610 4824 704 4877; x_wconf 88' lang='grc' dir='ltr'><strong>τοῦ</strong></span> <span class='ocrx_word' id='word_1_675' title='bbox 731 4828 788 4877; x_wconf 83' lang='grc' dir='ltr'>ἐν</span> <span class='ocrx_word' id='word_1_676' title='bbox 849 4826 1100 4895; x_wconf 82' lang='grc' dir='ltr'>οὐρανοῖς</span> <span class='ocrx_word' id='word_1_677' title='bbox 1165 4828 1378 4898; x_wconf 78' lang='grc' dir='ltr'>Πατρδς</span> <span class='ocrx_word' id='word_1_678' title='bbox 1436 4830 1736 4903; x_wconf 85' lang='grc' dir='ltr'>ἀπεδέχθη.</span> 
     </span>
    </p>
   </div>
   <div class='ocr_carea' id='block_1_97' title="bbox 127 4920 1734 4993">
    <p class='ocr_par' dir='ltr' id='par_1_97' title="bbox 127 4920 1734 4993">
     <span class='ocr_line' id='line_1_97' title="bbox 127 4920 1734 4993; baseline 0.011 -28"><span class='ocrx_word' id='word_1_679' title='bbox 127 4921 351 4989; x_wconf 61' lang='lat' dir='ltr'><strong>K3595;</strong></span> <span class='ocrx_word' id='word_1_680' title='bbox 395 4920 505 4989; x_wconf 68' lang='grc' dir='ltr'><strong>γὰρ</strong></span> <span class='ocrx_word' id='word_1_681' title='bbox 566 4920 660 4973; x_wconf 75' lang='grc' dir='ltr'><strong>ἐπὶ</strong></span> <span class='ocrx_word' id='word_1_682' title='bbox 711 4920 876 4973; x_wconf 70' lang='grc' dir='ltr'>παντὶ</span> <span class='ocrx_word' id='word_1_683' title='bbox 953 4920 1269 4991; x_wconf 80' lang='grc' dir='ltr'>ἁμαρτωλῷ</span> <span class='ocrx_word' id='word_1_684' title='bbox 1354 4925 1734 4993; x_wconf 86' lang='grc' dir='ltr'>μετανοοῦντι.</span> 
     </span>
    </p>
   </div>
   <div class='ocr_carea' id='block_1_98' title="bbox 123 5012 1731 5085">
    <p class='ocr_par' dir='ltr' id='par_1_98' title="bbox 123 5012 1731 5085">
     <span class='ocr_line' id='line_1_98' title="bbox 123 5012 1731 5085; baseline 0.003 -18"><span class='ocrx_word' id='word_1_685' title='bbox 123 5013 317 5080; x_wconf 78' lang='grc' dir='ltr'>Μέγα</span> <span class='ocrx_word' id='word_1_686' title='bbox 376 5012 540 5065; x_wconf 82' lang='grc' dir='ltr'>ὅπλον</span> <span class='ocrx_word' id='word_1_687' title='bbox 586 5013 934 5083; x_wconf 86' lang='grc' dir='ltr'>ήμετάνοια,</span> <span class='ocrx_word' id='word_1_688' title='bbox 999 5014 1210 5083; x_wconf 86' lang='grc' dir='ltr'>μεγάλη</span> <span class='ocrx_word' id='word_1_689' title='bbox 1263 5016 1540 5085; x_wconf 83' lang='grc' dir='ltr'>σωτηρίας</span> <span class='ocrx_word' id='word_1_690' title='bbox 1592 5018 1731 5085; x_wconf 74' lang='grc' dir='ltr'>όδὸς,</span> 
     </span>
    </p>
   </div>
   <div class='ocr_carea' id='block_1_99' title="bbox 128 5102 1739 5176">
    <p class='ocr_par' dir='ltr' id='par_1_99' title="bbox 128 5102 1739 5176">
     <span class='ocr_line' id='line_1_99' title="bbox 128 5102 1739 5176; baseline 0.004 -21"><span class='ocrx_word' id='word_1_691' title='bbox 128 5105 416 5175; x_wconf 74' lang='grc' dir='ltr'>πρόξενος</span> <span class='ocrx_word' id='word_1_692' title='bbox 460 5103 710 5173; x_wconf 68' lang='grc' dir='ltr'>οϋρανῶν</span> <span class='ocrx_word' id='word_1_693' title='bbox 756 5102 1058 5172; x_wconf 85' lang='grc' dir='ltr'>βασιλείας,</span> <span class='ocrx_word' id='word_1_694' title='bbox 1097 5104 1381 5174; x_wconf 76' lang='grc' dir='ltr'>ἀφθάρτου</span> <span class='ocrx_word' id='word_1_695' title='bbox 1449 5106 1596 5176; x_wconf 77' lang='grc' dir='ltr'>ζωῆς</span> <span class='ocrx_word' id='word_1_696' title='bbox 1649 5109 1739 5160; x_wconf 80' lang='grc' dir='ltr'><strong>ὀδ-</strong></span> 
     </span>
    </p>
   </div>
   <div class='ocr_carea' id='block_1_100' title="bbox 125 5194 1743 5267">
    <p class='ocr_par' dir='ltr' id='par_1_100' title="bbox 125 5194 1743 5267">
     <span class='ocr_line' id='line_1_100' title="bbox 125 5194 1743 5267; baseline 0.006 -25"><span class='ocrx_word' id='word_1_697' title='bbox 125 5196 324 5267; x_wconf 62' lang='grc' dir='ltr'>η-ίὸς,</span> <span class='ocrx_word' id='word_1_698' title='bbox 357 5194 713 5266; x_wconf 85' lang='grc' dir='ltr'>μαρτυρικῶν</span> <span class='ocrx_word' id='word_1_699' title='bbox 759 5194 1043 5264; x_wconf 85' lang='grc' dir='ltr'>ἀθλήσεων</span> <span class='ocrx_word' id='word_1_700' title='bbox 1096 5197 1358 5267; x_wconf 82' lang='grc' dir='ltr'>πάρισος,</span> <span class='ocrx_word' id='word_1_701' title='bbox 1421 5199 1558 5267; x_wconf 66' lang='grc' dir='ltr'>πρὸς</span> <span class='ocrx_word' id='word_1_702' title='bbox 1610 5199 1743 5252; x_wconf 84' lang='grc' dir='ltr'>Θεὸν</span> 
     </span>
    </p>
   </div>
   <div class='ocr_carea' id='block_1_101' title="bbox 124 5283 1745 5360">
    <p class='ocr_par' dir='ltr' id='par_1_101' title="bbox 124 5283 1745 5360">
     <span class='ocr_line' id='line_1_101' title="bbox 124 5283 1745 5360; baseline 0.001 -18"><span class='ocrx_word' id='word_1_703' title='bbox 124 5287 447 5356; x_wconf 69' lang='grc' dir='ltr'>ἀδηγοῦσα,</span> <span class='ocrx_word' id='word_1_704' title='bbox 510 5288 606 5340; x_wconf 68' lang='grc' dir='ltr'><strong>καὶ</strong></span> <span class='ocrx_word' id='word_1_705' title='bbox 641 5288 737 5339; x_wconf 82' lang='grc' dir='ltr'><strong>σὺν</strong></span> <span class='ocrx_word' id='word_1_706' title='bbox 765 5286 883 5355; x_wconf 85' lang='grc' dir='ltr'><strong>Θεῷ</strong></span> <span class='ocrx_word' id='word_1_707' title='bbox 933 5283 1074 5341; x_wconf 81' lang='grc' dir='ltr'>εἶναι</span> <span class='ocrx_word' id='word_1_708' title='bbox 1113 5287 1375 5350; x_wconf 85' lang='grc' dir='ltr'>ποιοῦσα,</span> <span class='ocrx_word' id='word_1_709' title='bbox 1404 5289 1498 5342; x_wconf 91' lang='grc' dir='ltr'><strong>τοῦ</strong></span> <span class='ocrx_word' id='word_1_710' title='bbox 1532 5290 1745 5360; x_wconf 82' lang='grc' dir='ltr'>ἀνθρω-</span> 
     </span>
    </p>
   </div>
   <div class='ocr_carea' id='block_1_102' title="bbox 126 5377 1742 5448">
    <p class='ocr_par' dir='ltr' id='par_1_102' title="bbox 126 5377 1742 5448">
     <span class='ocr_line' id='line_1_102' title="bbox 126 5377 1742 5448; baseline 0.001 -15"><span class='ocrx_word' id='word_1_711' title='bbox 126 5381 316 5434; x_wconf 80' lang='grc' dir='ltr'>πίνου</span> <span class='ocrx_word' id='word_1_712' title='bbox 347 5378 536 5446; x_wconf 83' lang='grc' dir='ltr'>γένους</span> <span class='ocrx_word' id='word_1_713' title='bbox 586 5377 880 5448; x_wconf 81' lang='grc' dir='ltr'>βακτηρία,</span> <span class='ocrx_word' id='word_1_714' title='bbox 922 5378 1228 5432; x_wconf 83' lang='grc' dir='ltr'>πιπτόντων</span> <span class='ocrx_word' id='word_1_715' title='bbox 1272 5381 1587 5444; x_wconf 87' lang='grc' dir='ltr'>ἁνάστασις.</span> <span class='ocrx_word' id='word_1_716' title='bbox 1621 5384 1742 5435; x_wconf 81' lang='grc' dir='ltr'><strong>Μα-</strong></span> 
     </span>
    </p>
   </div>
   <div class='ocr_carea' id='block_1_103' title="bbox 269 5618 1739 5689">
    <p class='ocr_par' dir='ltr' id='par_1_103' title="bbox 269 5618 1739 5689">
     <span class='ocr_line' id='line_1_103' title="bbox 269 5618 1739 5689; baseline 0.002 -14"><span class='ocrx_word' id='word_1_717' title='bbox 269 5619 315 5652; x_wconf 73' lang='lat'><strong>&quot;</strong></span> <span class='ocrx_word' id='word_1_718' title='bbox 342 5618 476 5675; x_wconf 88' lang='lat' dir='ltr'><strong>Can.</strong></span> <span class='ocrx_word' id='word_1_719' title='bbox 515 5620 601 5673; x_wconf 77' lang='lat'><strong>30.</strong></span> <span class='ocrx_word' id='word_1_720' title='bbox 718 5622 762 5652; x_wconf 81' lang='grc'><strong>⁸⁹</strong></span> <span class='ocrx_word' id='word_1_721' title='bbox 796 5622 932 5675; x_wconf 68' lang='lat' dir='ltr'><strong>(Jan.</strong></span> <span class='ocrx_word' id='word_1_722' title='bbox 958 5631 1133 5689; x_wconf 89' lang='lat' dir='ltr'><strong>apost.</strong></span> <span class='ocrx_word' id='word_1_723' title='bbox 1169 5622 1258 5676; x_wconf 66' lang='grc' dir='ltr'>πθ.</span> <span class='ocrx_word' id='word_1_724' title='bbox 1374 5625 1418 5654; x_wconf 78' lang='grc'><strong>⁶⁰</strong></span> <span class='ocrx_word' id='word_1_725' title='bbox 1459 5624 1595 5678; x_wconf 68' lang='grc' dir='ltr'>(Ζηιι.</span> <span class='ocrx_word' id='word_1_726' title='bbox 1649 5626 1739 5679; x_wconf 70' lang='grc' dir='ltr'><strong>Ξῖἰ,</strong></span> 
     </span>
    </p>
   </div>
   <div class='ocr_carea' id='block_1_104' title="bbox 1837 4646 3426 4719">
    <p class='ocr_par' dir='ltr' id='par_1_104' title="bbox 1837 4646 3426 4719">
     <span class='ocr_line' id='line_1_104' title="bbox 1837 4646 3426 4719; baseline -0.007 -11"><span class='ocrx_word' id='word_1_727' title='bbox 1837 4669 1962 4708; x_wconf 92' lang='lat' dir='ltr'><strong>cum</strong></span> <span class='ocrx_word' id='word_1_728' title='bbox 1998 4652 2072 4706; x_wconf 89' lang='lat' dir='ltr'><strong>sit</strong></span> <span class='ocrx_word' id='word_1_729' title='bbox 2119 4649 2476 4719; x_wconf 81' lang='lat' dir='ltr'><strong>singulariter</strong></span> <span class='ocrx_word' id='word_1_730' title='bbox 2529 4647 2901 4702; x_wconf 83' lang='lat' dir='ltr'><strong>misericors?</strong></span> <span class='ocrx_word' id='word_1_731' title='bbox 2940 4646 3059 4701; x_wconf 90' lang='lat' dir='ltr'><strong>Non</strong></span> <span class='ocrx_word' id='word_1_732' title='bbox 3089 4646 3235 4701; x_wconf 91' lang='lat' dir='ltr'><strong>enim</strong></span> <span class='ocrx_word' id='word_1_733' title='bbox 3280 4658 3426 4699; x_wconf 85' lang='lat' dir='ltr'><strong>mor-</strong></span> 
     </span>
    </p>
   </div>
   <div class='ocr_carea' id='block_1_105' title="bbox 1839 4739 3429 4815">
    <p class='ocr_par' dir='ltr' id='par_1_105' title="bbox 1839 4739 3429 4815">
     <span class='ocr_line' id='line_1_105' title="bbox 1839 4739 3429 4815; baseline -0.009 -16"><span class='ocrx_word' id='word_1_734' title='bbox 1839 4756 1947 4800; x_wconf 84' lang='lat' dir='ltr'><strong>tem</strong></span> <span class='ocrx_word' id='word_1_735' title='bbox 1983 4743 2118 4815; x_wconf 90' lang='lat' dir='ltr'><strong>petit</strong></span> <span class='ocrx_word' id='word_1_736' title='bbox 2165 4740 2495 4812; x_wconf 88' lang='lat' dir='ltr'><strong>peccatoris,</strong></span> <span class='ocrx_word' id='word_1_737' title='bbox 2535 4740 2629 4794; x_wconf 90' lang='lat' dir='ltr'><strong>sed</strong></span> <span class='ocrx_word' id='word_1_738' title='bbox 2668 4739 2847 4809; x_wconf 79' lang='lat' dir='ltr'><strong>magis</strong></span> <span class='ocrx_word' id='word_1_739' title='bbox 2888 4747 2951 4793; x_wconf 90' lang='lat' dir='ltr'><strong>ut</strong></span> <span class='ocrx_word' id='word_1_740' title='bbox 2990 4746 3344 4792; x_wconf 89' lang='lat' dir='ltr'><strong>convertatur</strong></span> <span class='ocrx_word' id='word_1_741' title='bbox 3375 4747 3429 4789; x_wconf 81' lang='lat' dir='ltr'><strong>et.</strong></span> 
     </span>
    </p>
   </div>
   <div class='ocr_carea' id='block_1_106' title="bbox 1839 4825 3431 4898">
    <p class='ocr_par' dir='ltr' id='par_1_106' title="bbox 1839 4825 3431 4898">
     <span class='ocr_line' id='line_1_106' title="bbox 1839 4825 3431 4898; baseline -0.008 -10"><span class='ocrx_word' id='word_1_742' title='bbox 1839 4837 1986 4888; x_wconf 83' lang='lat' dir='ltr'><strong>vivat</strong></span> <span class='ocrx_word' id='word_1_743' title='bbox 2007 4835 2071 4888; x_wconf 78' lang='lat'><strong>“.</strong></span> <span class='ocrx_word' id='word_1_744' title='bbox 2126 4830 2606 4898; x_wconf 86' lang='lat' dir='ltr'><strong>Quemadmodum</strong></span> <span class='ocrx_word' id='word_1_745' title='bbox 2684 4829 2850 4883; x_wconf 88' lang='lat' dir='ltr'><strong>etiam</strong></span> <span class='ocrx_word' id='word_1_746' title='bbox 2901 4827 2954 4880; x_wconf 88' lang='lat' dir='ltr'><strong>in</strong></span> <span class='ocrx_word' id='word_1_747' title='bbox 3011 4825 3307 4896; x_wconf 70' lang='lat' dir='ltr'><strong>Evangelio</strong></span> <span class='ocrx_word' id='word_1_748' title='bbox 3362 4826 3431 4877; x_wconf 85' lang='lat' dir='ltr'><strong>ab</strong></span> 
     </span>
    </p>
   </div>
   <div class='ocr_carea' id='block_1_107' title="bbox 1841 4918 3433 4997">
    <p class='ocr_par' dir='ltr' id='par_1_107' title="bbox 1841 4918 3433 4997">
     <span class='ocr_line' id='line_1_107' title="bbox 1841 4918 3433 4997; baseline -0.008 -16"><span class='ocrx_word' id='word_1_749' title='bbox 1841 4930 1959 4997; x_wconf 84' lang='lat' dir='ltr'><strong>ipsa</strong></span> <span class='ocrx_word' id='word_1_750' title='bbox 2005 4925 2219 4981; x_wconf 87' lang='lat' dir='ltr'><strong>Domini</strong></span> <span class='ocrx_word' id='word_1_751' title='bbox 2246 4938 2378 4977; x_wconf 87' lang='lat' dir='ltr'><strong>voce</strong></span> <span class='ocrx_word' id='word_1_752' title='bbox 2400 4924 2446 4954; x_wconf 79' lang='lat'><strong>“</strong></span> <span class='ocrx_word' id='word_1_753' title='bbox 2488 4937 2585 4993; x_wconf 89' lang='lat' dir='ltr'><strong>per</strong></span> <span class='ocrx_word' id='word_1_754' title='bbox 2626 4920 2946 4993; x_wconf 86' lang='lat' dir='ltr'><strong>parabolam</strong></span> <span class='ocrx_word' id='word_1_755' title='bbox 2981 4920 3048 4974; x_wconf 93' lang='lat' dir='ltr'><strong>de</strong></span> <span class='ocrx_word' id='word_1_756' title='bbox 3092 4918 3348 4989; x_wconf 81' lang='lat' dir='ltr'><strong>prodigo,</strong></span> <span class='ocrx_word' id='word_1_757' title='bbox 3379 4927 3433 4969; x_wconf 85' lang='lat' dir='ltr'><strong>et</strong></span> 
     </span>
    </p>
   </div>
   <div class='ocr_carea' id='block_1_108' title="bbox 1844 5010 3430 5089">
    <p class='ocr_par' dir='ltr' id='par_1_108' title="bbox 1844 5010 3430 5089">
     <span class='ocr_line' id='line_1_108' title="bbox 1844 5010 3430 5089; baseline -0.009 -15"><span class='ocrx_word' id='word_1_758' title='bbox 1844 5029 2032 5089; x_wconf 86' lang='lat' dir='ltr'><strong>postea</strong></span> <span class='ocrx_word' id='word_1_759' title='bbox 2065 5017 2390 5088; x_wconf 64' lang='lat' dir='ltr'><strong>poenitentia,</strong></span> <span class='ocrx_word' id='word_1_760' title='bbox 2422 5015 2682 5071; x_wconf 86' lang='lat' dir='ltr'><strong>instructi</strong></span> <span class='ocrx_word' id='word_1_761' title='bbox 2721 5026 2940 5076; x_wconf 89' lang='lat' dir='ltr'><strong>sumus,</strong></span> <span class='ocrx_word' id='word_1_762' title='bbox 2973 5027 3004 5065; x_wconf 86' lang='lat' dir='ltr'><strong>a</strong></span> <span class='ocrx_word' id='word_1_763' title='bbox 3032 5012 3192 5066; x_wconf 87' lang='lat' dir='ltr'><strong>Patre</strong></span> <span class='ocrx_word' id='word_1_764' title='bbox 3224 5010 3430 5064; x_wconf 74' lang='lat' dir='ltr'><strong>cmlesti</strong></span> 
     </span>
    </p>
   </div>
   <div class='ocr_carea' id='block_1_109' title="bbox 1842 5103 3430 5180">
    <p class='ocr_par' dir='ltr' id='par_1_109' title="bbox 1842 5103 3430 5180">
     <span class='ocr_line' id='line_1_109' title="bbox 1842 5103 3430 5180; baseline -0.008 -14"><span class='ocrx_word' id='word_1_765' title='bbox 1842 5121 2061 5180; x_wconf 83' lang='lat' dir='ltr'><strong>recepto</strong></span> <span class='ocrx_word' id='word_1_766' title='bbox 2096 5113 2150 5164; x_wconf 92' lang='lat' dir='ltr'><strong>in</strong></span> <span class='ocrx_word' id='word_1_767' title='bbox 2185 5109 2341 5164; x_wconf 73' lang='lat' dir='ltr'><strong>cmlis</strong></span> <span class='ocrx_word' id='word_1_768' title='bbox 2380 5108 2461 5180; x_wconf 88' lang='lat' dir='ltr'><strong>[in</strong></span> <span class='ocrx_word' id='word_1_769' title='bbox 2494 5108 2647 5163; x_wconf 73' lang='lat' dir='ltr'><strong>cmlis</strong></span> <span class='ocrx_word' id='word_1_770' title='bbox 2681 5105 2994 5177; x_wconf 77' lang='lat' dir='ltr'><strong>redundat].</strong></span> <span class='ocrx_word' id='word_1_771' title='bbox 3041 5104 3255 5159; x_wconf 87' lang='lat' dir='ltr'><strong>Gaudet</strong></span> <span class='ocrx_word' id='word_1_772' title='bbox 3284 5103 3430 5156; x_wconf 90' lang='lat' dir='ltr'><strong>enim</strong></span> 
     </span>
    </p>
   </div>
   <div class='ocr_carea' id='block_1_110' title="bbox 1845 5195 3427 5273">
    <p class='ocr_par' dir='ltr' id='par_1_110' title="bbox 1845 5195 3427 5273">
     <span class='ocr_line' id='line_1_110' title="bbox 1845 5195 3427 5273; baseline -0.008 -16"><span class='ocrx_word' id='word_1_773' title='bbox 1845 5219 2009 5273; x_wconf 90' lang='lat' dir='ltr'><strong>super</strong></span> <span class='ocrx_word' id='word_1_774' title='bbox 2070 5218 2289 5257; x_wconf 87' lang='lat' dir='ltr'><strong>omnem</strong></span> <span class='ocrx_word' id='word_1_775' title='bbox 2346 5202 2627 5255; x_wconf 88' lang='lat' dir='ltr'><strong>hominem</strong></span> <span class='ocrx_word' id='word_1_776' title='bbox 2700 5209 2953 5267; x_wconf 83' lang='lat' dir='ltr'><strong>agentem</strong></span> <span class='ocrx_word' id='word_1_777' title='bbox 3026 5195 3427 5265; x_wconf 75' lang='lat' dir='ltr'><strong>pmnitentiam.</strong></span> 
     </span>
    </p>
   </div>
   <div class='ocr_carea' id='block_1_111' title="bbox 1845 5287 3428 5362">
    <p class='ocr_par' dir='ltr' id='par_1_111' title="bbox 1845 5287 3428 5362">
     <span class='ocr_line' id='line_1_111' title="bbox 1845 5287 3428 5362; baseline -0.009 -15"><span class='ocrx_word' id='word_1_778' title='bbox 1845 5293 2174 5347; x_wconf 79' lang='lat' dir='ltr'><strong>Pmnitentia</strong></span> <span class='ocrx_word' id='word_1_779' title='bbox 2194 5293 2425 5362; x_wconf 83' lang='lat' dir='ltr'><strong>insignis</strong></span> <span class='ocrx_word' id='word_1_780' title='bbox 2448 5302 2531 5346; x_wconf 89' lang='lat' dir='ltr'><strong>est</strong></span> <span class='ocrx_word' id='word_1_781' title='bbox 2556 5304 2859 5352; x_wconf 86' lang='lat' dir='ltr'><strong>armatura,</strong></span> <span class='ocrx_word' id='word_1_782' title='bbox 2882 5303 3079 5354; x_wconf 66' lang='lat' dir='ltr'><strong>magna</strong></span> <span class='ocrx_word' id='word_1_783' title='bbox 3101 5287 3297 5341; x_wconf 86' lang='lat' dir='ltr'><strong>salutis</strong></span> <span class='ocrx_word' id='word_1_784' title='bbox 3325 5302 3343 5335; x_wconf 83' lang='lat'><strong><em>\</em></strong></span> <span class='ocrx_word' id='word_1_785' title='bbox 3360 5288 3428 5345; x_wconf 76' lang='lat' dir='ltr'><strong>ia,</strong></span> 
     </span>
    </p>
   </div>
   <div class='ocr_carea' id='block_1_112' title="bbox 1846 5381 3433 5459">
    <p class='ocr_par' dir='ltr' id='par_1_112' title="bbox 1846 5381 3433 5459">
     <span class='ocr_line' id='line_1_112' title="bbox 1846 5381 3433 5459; baseline -0.005 -19"><span class='ocrx_word' id='word_1_786' title='bbox 1846 5388 2067 5458; x_wconf 85' lang='lat' dir='ltr'><strong>hospitii</strong></span> <span class='ocrx_word' id='word_1_787' title='bbox 2099 5388 2251 5459; x_wconf 81' lang='lat' dir='ltr'><strong>regni</strong></span> <span class='ocrx_word' id='word_1_788' title='bbox 2280 5388 2552 5443; x_wconf 79' lang='lat' dir='ltr'><strong>cmlorum</strong></span> <span class='ocrx_word' id='word_1_789' title='bbox 2577 5386 2957 5456; x_wconf 72' lang='lat' dir='ltr'><strong>dispensatrix</strong></span> <span class='ocrx_word' id='word_1_790' title='bbox 2986 5387 3055 5447; x_wconf 65' lang='lat'><strong>“7,</strong></span> <span class='ocrx_word' id='word_1_791' title='bbox 3094 5381 3433 5449; x_wconf 74' lang='lat' dir='ltr'><strong>incorrupti~</strong></span> 
     </span>
    </p>
   </div>
   <div class='ocr_carea' id='block_1_113' title="bbox 1856 5624 3427 5691">
    <p class='ocr_par' dir='ltr' id='par_1_113' title="bbox 1856 5624 3427 5691">
     <span class='ocr_line' id='line_1_113' title="bbox 1856 5624 3427 5691; baseline -0.001 -10"><span class='ocrx_word' id='word_1_792' title='bbox 1856 5628 1895 5658; x_wconf 71' lang='grc' dir='ltr'>θ’</span> <span class='ocrx_word' id='word_1_793' title='bbox 1933 5628 1949 5681; x_wconf 96' lang='lat' dir='ltr'><strong>l</strong></span> <span class='ocrx_word' id='word_1_794' title='bbox 2003 5628 2147 5681; x_wconf 83' lang='lat' dir='ltr'><strong>&#39;l&#39;im.</strong></span> <span class='ocrx_word' id='word_1_795' title='bbox 2176 5646 2236 5691; x_wconf 85' lang='lat' dir='ltr'><strong>ll,</strong></span> <span class='ocrx_word' id='word_1_796' title='bbox 2262 5631 2319 5683; x_wconf 73' lang='grc'><strong>2.</strong></span> <span class='ocrx_word' id='word_1_797' title='bbox 2431 5630 2475 5659; x_wconf 82' lang='grc'><strong>⁶¹</strong></span> <span class='ocrx_word' id='word_1_798' title='bbox 2523 5629 2623 5681; x_wconf 71' lang='lat' dir='ltr'><strong>lsa.</strong></span> <span class='ocrx_word' id='word_1_799' title='bbox 2677 5645 2784 5689; x_wconf 65' lang='lat' dir='ltr'><strong>ut,</strong></span> <span class='ocrx_word' id='word_1_800' title='bbox 2815 5628 2906 5681; x_wconf 75' lang='lat'><strong>‘26.</strong></span> <span class='ocrx_word' id='word_1_801' title='bbox 3021 5626 3064 5656; x_wconf 71' lang='grc'><strong>⁵³</strong></span> <span class='ocrx_word' id='word_1_802' title='bbox 3102 5624 3245 5677; x_wconf 81' lang='lat' dir='ltr'><strong>Psal.</strong></span> <span class='ocrx_word' id='word_1_803' title='bbox 3274 5640 3333 5687; x_wconf 88' lang='lat' dir='ltr'><strong>rt,</strong></span> <span class='ocrx_word' id='word_1_804' title='bbox 3370 5625 3427 5680; x_wconf 78' lang='grc'><strong>5.</strong></span> 
     </span>
    </p>
   </div>
   <div class='ocr_carea' id='block_1_114' title="bbox 138 5691 3434 5767">
    <p class='ocr_par' dir='ltr' id='par_1_114' title="bbox 138 5691 3434 5767">
     <span class='ocr_line' id='line_1_114' title="bbox 138 5691 3434 5767; baseline 0.002 -26"><span class='ocrx_word' id='word_1_805' title='bbox 138 5694 197 5724; x_wconf 60' lang='grc'><strong>⁸³</strong></span> <span class='ocrx_word' id='word_1_806' title='bbox 239 5691 376 5744; x_wconf 85' lang='lat' dir='ltr'><strong>ibid.</strong></span> <span class='ocrx_word' id='word_1_807' title='bbox 411 5692 462 5744; x_wconf 83' lang='lat'><strong>6.</strong></span> <span class='ocrx_word' id='word_1_808' title='bbox 495 5691 590 5745; x_wconf 86' lang='lat' dir='ltr'><strong>Gr.</strong></span> <span class='ocrx_word' id='word_1_809' title='bbox 620 5691 790 5767; x_wconf 74' lang='lat' dir='ltr'><strong>addit.</strong></span> <span class='ocrx_word' id='word_1_810' title='bbox 830 5712 847 5741; x_wconf 74' lang='grc' dir='ltr'><strong>ι</strong></span> <span class='ocrx_word' id='word_1_811' title='bbox 876 5692 1320 5767; x_wconf 66' lang='lat' dir='ltr'><strong>_l£t_Corintli_iuui</strong></span> <span class='ocrx_word' id='word_1_812' title='bbox 1357 5696 1449 5762; x_wconf 87' lang='lat' dir='ltr'><strong>qni</strong></span> <span class='ocrx_word' id='word_1_813' title='bbox 1485 5696 1790 5752; x_wconf 76' lang='lat' dir='ltr'><strong>fornicatus</strong></span> <span class='ocrx_word' id='word_1_814' title='bbox 1821 5709 1922 5755; x_wconf 83' lang='lat' dir='ltr'><strong>est.</strong></span> <span class='ocrx_word' id='word_1_815' title='bbox 1955 5700 2077 5751; x_wconf 84' lang='lat' dir='ltr'><strong>novi</strong></span> <span class='ocrx_word' id='word_1_816' title='bbox 2103 5715 2130 5752; x_wconf 89' lang='lat' dir='ltr'><strong>a</strong></span> <span class='ocrx_word' id='word_1_817' title='bbox 2158 5701 2347 5753; x_wconf 88' lang='lat' dir='ltr'><strong>divino</strong></span> <span class='ocrx_word' id='word_1_818' title='bbox 2381 5700 2631 5767; x_wconf 77' lang='lat' dir='ltr'><strong>apostolo</strong></span> <span class='ocrx_word' id='word_1_819' title='bbox 2658 5699 2830 5751; x_wconf 72' lang='lat' dir='ltr'><strong>l’mrlo</strong></span> <span class='ocrx_word' id='word_1_820' title='bbox 2864 5709 3171 5767; x_wconf 75' lang='lat' dir='ltr'><strong>receptum,</strong></span> <span class='ocrx_word' id='word_1_821' title='bbox 3209 5709 3318 5747; x_wconf 89' lang='lat' dir='ltr'><strong>non</strong></span> <span class='ocrx_word' id='word_1_822' title='bbox 3352 5704 3434 5748; x_wconf 77' lang='lat' dir='ltr'><strong>ta~</strong></span> 
     </span>
    </p>
   </div>
   <div class='ocr_carea' id='block_1_115' title="bbox 136 5764 1717 5822">
    <p class='ocr_par' dir='ltr' id='par_1_115' title="bbox 136 5764 1707 5820">
     <span class='ocr_line' id='line_1_115' title="bbox 136 5764 1707 5820; baseline 0.004 -6"><span class='ocrx_word' id='word_1_823' title='bbox 136 5778 289 5817; x_wconf 73' lang='lat' dir='ltr'><strong>nh&#39;u</strong></span> <span class='ocrx_word' id='word_1_824' title='bbox 321 5771 567 5814; x_wconf 77' lang='lat' dir='ltr'><strong>evectum</strong></span> <span class='ocrx_word' id='word_1_825' title='bbox 604 5764 668 5815; x_wconf 87' lang='lat' dir='ltr'><strong>ad</strong></span> <span class='ocrx_word' id='word_1_826' title='bbox 703 5764 1121 5818; x_wconf 69' lang='lat' dir='ltr'><strong>sacerdotium.»</strong></span> <span class='ocrx_word' id='word_1_827' title='bbox 1193 5765 1236 5795; x_wconf 68' lang='grc' dir='ltr'>εδ</span> <span class='ocrx_word' id='word_1_828' title='bbox 1262 5765 1457 5819; x_wconf 55' lang='lat' dir='ltr'><strong>Eam-Ii.</strong></span> <span class='ocrx_word' id='word_1_829' title='bbox 1492 5784 1622 5820; x_wconf 67' lang='lat' dir='ltr'><strong>xvm</strong></span> <span class='ocrx_word' id='word_1_830' title='bbox 1653 5780 1707 5820; x_wconf 88' lang='lat' dir='ltr'><strong>et</strong></span> 
     </span>
    </p>
   </div>
   <div class='ocr_carea' id='block_1_116' title="bbox 1822 5764 2090 5822">
    <p class='ocr_par' dir='ltr' id='par_1_116' title="bbox 1822 5772 2090 5822">
     <span class='ocr_line' id='line_1_116' title="bbox 1822 5772 2090 5822; baseline 0.004 -1"><span class='ocrx_word' id='word_1_831' title='bbox 1822 5787 1932 5822; x_wconf 73' lang='lat' dir='ltr'><strong>nn.</strong></span> <span class='ocrx_word' id='word_1_832' title='bbox 2048 5772 2090 5795; x_wconf 60' lang='grc'><strong>’⁷⁵</strong></span> 
     </span>
    </p>
   </div>
   <div class='ocr_carea' id='block_1_117' title="bbox 2121 5766 3437 5838">
    <p class='ocr_par' dir='ltr' id='par_1_117' title="bbox 2121 5766 3437 5838">
     <span class='ocr_line' id='line_1_117' title="bbox 2121 5766 3437 5838; baseline -0.004 -15"><span class='ocrx_word' id='word_1_833' title='bbox 2121 5770 2252 5826; x_wconf 81' lang='lat' dir='ltr'><strong>Luc.</strong></span> <span class='ocrx_word' id='word_1_834' title='bbox 2288 5789 2375 5833; x_wconf 70' lang='lat' dir='ltr'><strong>xv,</strong></span> <span class='ocrx_word' id='word_1_835' title='bbox 2420 5766 2478 5823; x_wconf 81' lang='grc' dir='ltr'><strong><em>Η</em></strong></span> <span class='ocrx_word' id='word_1_836' title='bbox 2515 5787 2666 5838; x_wconf 69' lang='lat' dir='ltr'><strong>seqq.</strong></span> <span class='ocrx_word' id='word_1_837' title='bbox 2748 5772 2789 5798; x_wconf 64' lang='lat'><strong>“&#39;7</strong></span> <span class='ocrx_word' id='word_1_838' title='bbox 2825 5770 2920 5824; x_wconf 69' lang='lat' dir='ltr'><strong>(ir.</strong></span> <span class='ocrx_word' id='word_1_839' title='bbox 2955 5766 3105 5837; x_wconf 78' lang='lat' dir='ltr'><strong>regni</strong></span> <span class='ocrx_word' id='word_1_840' title='bbox 3138 5766 3264 5821; x_wconf 81' lang='lat' dir='ltr'><strong>coci.</strong></span> <span class='ocrx_word' id='word_1_841' title='bbox 3304 5779 3437 5819; x_wconf 83' lang='lat' dir='ltr'><strong>con-</strong></span> 
     </span>
    </p>
   </div>
   <div class='ocr_carea' id='block_1_118' title="bbox 136 5830 1837 5906">
    <p class='ocr_par' dir='ltr' id='par_1_118' title="bbox 136 5830 1837 5906">
     <span class='ocr_line' id='line_1_118' title="bbox 136 5830 1837 5906; baseline 0.004 -20"><span class='ocrx_word' id='word_1_842' title='bbox 136 5830 401 5887; x_wconf 77' lang='lat' dir='ltr'><strong>ciliatrix</strong></span> <span class='ocrx_word' id='word_1_843' title='bbox 428 5850 439 5884; x_wconf 92' lang='lat'><strong><em>:</em></strong></span> <span class='ocrx_word' id='word_1_844' title='bbox 468 5835 518 5886; x_wconf 93' lang='lat' dir='ltr'><strong>in</strong></span> <span class='ocrx_word' id='word_1_845' title='bbox 548 5832 830 5887; x_wconf 75' lang='lat' dir='ltr'><strong>c.1oliano</strong></span> <span class='ocrx_word' id='word_1_846' title='bbox 854 5834 1054 5888; x_wconf 67' lang='lat' dir='ltr'><strong>dicitur</strong></span> <span class='ocrx_word' id='word_1_847' title='bbox 1084 5854 1093 5889; x_wconf 93' lang='lat'><strong>:</strong></span> <span class='ocrx_word' id='word_1_848' title='bbox 1119 5834 1512 5891; x_wconf 66' lang='lat' dir='ltr'><strong>lieconeiliatio</strong></span> <span class='ocrx_word' id='word_1_849' title='bbox 1536 5838 1681 5906; x_wconf 66' lang='lat' dir='ltr'><strong>regni</strong></span> <span class='ocrx_word' id='word_1_850' title='bbox 1714 5842 1837 5894; x_wconf 59' lang='lat' dir='ltr'><strong>coal.</strong></span> 
     </span>
    </p>
   </div>
  </div>
