4092 6438
146 360 258 430 1461

1541 367 1944 429 EPIS’IOLAZ.

3253 359 3388 425 1462

141 476 411 547 ταγμένον,
461 477 558 531 οὐκ
595 474 711 531 οῖδα
744 474 823 540 οἷς
874 475 1172 548 κρίμασινο
1211 477 1374 541 αὐτὸς
1399 481 1659 546 γινώσκει
1684 496 1697 510 ο

1828 480 1932 549 ;ρὶι)
1988 479 2041 531 in
2085 476 2399 534 cathedram
2459 475 2825 547 pontificalem
2895 475 3113 538 evexit,
3165 476 3384 531 hortatu

144 570 214 630 εις
237 569 406 623 θῶκον
429 569 815 639 ἀρχιερατικὸν
845 567 1158 633 ἀνεϐίϐασε,
1178 569 1493 639 προτροπῆς
1521 569 1703 639 βιαίας

145 662 279 730 ταρὰ
322 661 419 730 τῆς
467 660 728 730 ἀληθείας
784 660 1090 731 προμάχων
1156 659 1562 714 εὐσεϐεστάτων
1609 663 1703 713 xa‘t

141 750 423 821 ὀρθοδόξων
454 750 722 820 βασιλέων
754 751 933 821 ἡμῶν,
966 750 1061 804 καὶ
1108 750 1429 817 ἁγιωτάτων
1477 751 1702 804 ἐπισκό-

143 860 248 897 πων
271 858 328 894 τε
365 842 458 894 καὶ
480 842 777 912 κληρικῶν,
809 844 890 905 εἰς
929 842 1029 910 ἐμὲ
1061 842 1381 913 γενομένης.
1420 842 1511 894 Διὸ
1531 845 1703 910 ἀναγ-

140 934 397 998 καστικῶς
431 933 715 1003 ὑποκύψας
772 934 1066 999 ύπένευσα,
1098 935 1191 987 καὶ
1220 934 1310 987 τὸν
1334 934 1432 1004 τῆς
1459 935 1707 1003 ὑπακοῆς

141 1028 340 1099 καρπὸν
371 1026 674 1097 δρέψασθαι
704 1026 915 1089 τούτοις
946 1026 1225 1079 ἀπέδωκα.
1263 1025 1371 1079 Καὶ
1404 1024 1708 1096 παρακαλῶ

141 1119 257 1182 τοὺς
279 1117 432 1170 πανιέ
445 1134 571 1187 ρους
600 1118 768 1187 ὑμᾶς,
802 1115 876 1179 ὡς
907 1116 1005 1186 μὲν
1025 1116 1271 1187 πατέρας
1298 1114 1708 1187 μικροψυχοῦν-

141 1226 203 1262 τα
234 1206 508 1277 βακτηρίᾳ
540 1206 849 1275 δυνάμεως,
876 1207 998 1269 ταῖς
1038 1207 1336 1276 πατρικαῖς
1383 1204 1540 1275 ὑμῶν
1569 1205 1708 1258 διδα-

144 1298 382 1361 σκαλίαις
428 1296 824 1368 ύποστηρίξαι·
860 1296 934 1359 ὡς
976 1296 1032 1350 δὲ
1071 1295 1338 1366 ἀδελφοὺς
1384 1298 1506 1358 ταῖς
1538 1296 1709 1349 καθα-

143 1393 259 1460 ραῖς
319 1390 475 1461 ὑμῶν
514 1391 704 1461 εὐχαῖς
738 1389 954 1459 βοηθεῖν
985 1391 1141 1459 ἡμῖν,
1173 1392 1241 1459 τῇ
1278 1388 1373 1442 τοῦ
1408 1387 1543 1442 Θεοῦ
1575 1406 1711 1440 παν-

140 1481 298 1552 οπλία
347 1482 485 1552 πρὸς
537 1482 639 1544 τάς
692 1480 978 1551 μεθοδείας
1035 1480 1131 1533 τοῦ
1174 1478 1714 1550 Ἀντικειμένου,καὶ

143 1573 378 1643 κύμασιν
414 1571 847 1643 ἀλλεπαλλὴλοις
887 1571 1349 1625 ένθαλαττεύοντά
1405 1588 1472 1641 με
1520 1571 1714 1623 διακυ-

141 1664 487 1737 6ερνηθῆναι,
520 1666 670 1728 ὅπως
701 1663 1099 1735 καθορμίσαιμι
1131 1664 1224 1717 ἐπὶ
1253 1664 1452 1734 λιμένα
1477 1662 1717 1733 θελήμα-

140 1775 229 1821 τος
258 1757 493 1828 Χριστοῦ
524 1756 618 1810 τοῦ
649 1756 794 1809 Θεοῦ-
817 1755 996 1826 ἠμῶν.
1021 1756 1177 1809 Ἐστι
1209 1754 1338 1827 γὰρ,
1375 1754 1523 1809 ἔστιν
1550 1755 1718 1818 ὅντως

1807 572 1988 626 valido
2023 587 2052 625 a
2090 570 2334 625 veritatis
2366 569 2889 641 propugnatoribus,
2925 567 3190 639 piissimis
3237 567 3387 620 vide-

1807 663 1934 718 licet
1988 678 2053 716 ae
2121 661 2446 716 orthodosis
2483 660 2908 734 imperatoribus
2943 659 3170 721 nostris,
3222 667 3389 728 atque

1808 756 2173 812 sanctissimis
2205 755 2499 824 episcopis,
2534 769 2629 808 seu
2659 752 2895 817 clericis,
2920 752 2975 806 in
3015 767 3100 805 me
3122 751 3390 805 violenter

1809 849 2039 904 effecto:
2073 848 2162 902 cui
2203 847 2568 900 succumbens
2599 844 2792 909 annui,
2831 852 2884 897 et
2912 843 3236 898 obedientia:
3268 842 3388 895 fru-

1809 953 1954 996 ctum
1990 942 2074 995 his
2106 939 2439 1009 carpendum
2462 937 2735 991 commisi.
2758 936 2823 989 Et
2850 950 2982 1005 rogo
3007 950 3103 989 vos
3134 934 3390 989 sacratis-

1812 1033 2003 1096 simcs,
2035 1039 2096 1085 ut
2147 1043 2405 1098 tanquam
2433 1040 2615 1097 panes
2646 1042 2734 1081 me
2760 1026 3167 1096 pusillanimem
3193 1025 3392 1079 baculo

1812 1121 2088 1193 potentiae,
2122 1120 2173 1173 id
2207 1129 2313 1185 cst,
2362 1118 2603 1188 paternis
2650 1118 2850 1172 vestris
2900 1115 3235 1187 magisteriis
3290 1114 3393 1168 ful-

1812 1214 1993 1278 ciatis,
2024 1221 2080 1267 et
2132 1213 2297 1267 veluti
2349 1211 2547 1265 fratres
2602 1210 2755 1281 puris
2816 1209 3165 1264 orationibus
3199 1208 3392 1262 vestris

1813 1319 1914 1358 nos
1979 1318 2103 1359 cum
2162 1312 2440 1357 armatura
2491 1302 2586 1357 Dei
2643 1310 2832 1357 contra
2877 1300 3153 1354 versutias
3181 1299 3392 1369 antiqui

1816 1396 1988 1452 hostis
2047 1396 2342 1466 adjuvetis,
2377 1406 2542 1465 atque
2581 1393 2843 1449 ﬂuctibus
2895 1393 3131 1447 invicem
3164 1407 3395 1462 surgen-

1815 1491 1960 1546 tibus
2001 1491 2345 1545 vacillantem
2392 1489 2732 1555 gubernetis,
2771 1494 3041 1555 quatenus
3086 1485 3392 1555 pertingam

1816 1583 1882 1637 ad
1913 1592 2127 1652 portum
2158 1581 2459 1636 voluntatis
2501 1580 2711 1635 Christi
2747 1579 2840 1634 Dei
2874 1578 3072 1633 nostri.
3112 1575 3209 1632 Est
3247 1576 3394 1630 enim

1817 1688 2044 1743 prorsus
2090 1670 2219 1743 [est]
2242 1672 2383 1741 apud
2406 1687 2507 1725 nos
2524 1669 2801 1740 quoddam
2816 1668 3064 1738 praalinm
3088 1666 3206 1722 sine
3228 1665 3397 1727 ferro,

1820 1767 1950 1821 dum
1984 1780 2267 1823 sermones
2292 1764 2502 1835 jaciant
2525 1772 2579 1819 et
2602 1761 2903 1833 iaciantur.
2932 1759 3035 1815 Sed
3070 1758 3400 1828 triumphale

141 1852 197 1902 ὲν
227 1852 334 1912 τοῖς
359 1848 483 1903 καθ’
507 1849 657 1918 ἡμᾶς
695 1847 933 1919 πόλεμός
967 1866 1053 1911 τις
1093 1847 1373 1919 ἀσίδηρος,
1408 1847 1558 1917 λόγοι
1595 1847 1717 1917 βάλ-

1828 1859 2093 1912 habemus
2124 1858 2454 1927 trophmum,
2487 1857 2771 1910 veritatem
2814 1868 2939 1922 qua)
2984 1867 3090 1905 non
3135 1849 3397 1905 vincitur.

141 1941 322 2004 λοντές
347 1956 407 1994 τε
437 1940 532 1994 καὶ
557 1938 899 2011 βαλλόμενοι.
938 1937 1097 1993 Ἀλλά
1119 1937 1376 2010 τρόπαιον
1402 1938 1716 2008 νικητήριον

143 2032 335 2101 ἔχομεν
379 2031 477 2104 τὴν
527 2030 604 2102 μὴ
650 2030 961 2102 νικωμένην
1006 2030 1290 2103 ἀλήθειαν.
1329 2026 1467 2084 Εἶτά
1513 2047 1571 2083 τε
1623 2032 1716 2083 καὶ⁸

144 2121 467 2189 καταιγίδων
491 2119 737 2191 σφοδρῶν
758 2122 1123 2174 είσπνεουσῶν
1151 2121 1532 2185 συνασπιστάς
1564 2121 1716 2191 ὑμᾶς

143 2210 449 2281 λαόὁμενοι,
483 2211 585 2282 τὴν
618 2210 825 2265 τούτων
861 2210 1057 2282 μικρὸν
1091 2212 1503 2280 ὑπενέγκαντες
1527 2211 1714 2282 ζάλην,

144 2304 451 2372 εὑρήσομεν
490 2303 686 2366 αὐταῖς
739 2303 975 2373 Χριστὸν
1014 2303 1380 2374 ἐπιτιμῶντα,
1427 2305 1518 2356 καὶ
1547 2303 1718 2373 γαλη-

147 2393 273 2455 νίως
321 2393 413 2445 τὸν
462 2392 576 2463 βίον
619 2394 752 2464 ἡμῖν
803 2393 1165 2461 έπεξάγοντα.
1208 2395 1319 2447 Καὶ
1357 2394 1561 2447 τούτων
1624 2393 1720 2463 μὲν

142 2482 463 2551 ἀρκούντως
508 2484 567 2535 ὲν
613 2482 923 2553 προοιμίοις
968 2486 1104 2554 ἡμῖν
1142 2485 1476 2557 εἰρημένων,
1518 2486 1574 2537 ὲν
1608 2486 1718 2546 τοῖς

147 2574 276 2643 ἑξῆς
311 2576 500 2642 σαφῶς
525 2576 557 2645 η
586 2574 823 2645 ἀκριὸὴς
855 2576 985 2646 περὶ
1011 2576 1191 2629 αὐτῶν
1242 2577 1443 2645 γνῶσις
1471 2576 1719 2645 διαγγελσ

147 2666 394 2734 θήσεται.
426 2665 542 2719 Νῦν
564 2666 623 2720 δὲ
654 2668 740 2736 ἐφ’
768 2667 958 2739 ἕτερον
993 2666 1193 2722 σκοπὸν
1231 2668 1430 2734 λέξεων
1468 2668 1717 2740 ἔρχομαι.

163 2756 383 2827 Ἐπειδὴ
436 2758 545 2829 γὰρ
576 2759 780 2829 ἀρχαία
818 2776 923 2826 τις,
967 2761 1201 2831 τάληθὲς
1229 2761 1285 2813 δὲ
1317 2762 1547 2833 φράσαι,
1583 2765 1722 2815 ἀπο-ι
1778 2769 1782 2773 “

149 2850 370 2919 στολικὴ
387 2852 691 2923 παράδοσις
716 2854 773 2905 ὲν
791 2853 994 2916 πάσαις
1021 2856 1140 2916 ταῖς
1177 2853 1528 2924 Ἐκκλησίαις
1544 2853 1721 2921 διῆκε,

145 2942 287 3012 πρὸς
331 2944 612 3014 ίεραρχίαν
652 2944 953 3014 ἀγομένους
985 2946 1099 3007 τοῖς
1134 2945 1236 3016 πρὸ
1270 2947 1453 2999 αὐτῶν
1481 2945 1580 3007 τὰς
1615 2947 1725 3016 ίερ-

145 3038 344 3105 αρχίας
394 3035 794 3107 ἐγχειρίζουσιν
827 3075 842 3101 ,
882 3036 957 3099 ὡς
1002 3037 1069 3091 ἂν
1136 3038 1249 3108 έχοι
1291 3038 1362 3091 τὰ
1393 3038 1492 3108 τῆς
1546 3038 1725 3092 αὐτῶν

145 3132 385 3193 πίστεως
451 3130 805 3185 ἀνατίθεσθαι
848 3147 861 3161 ·

148 3224 296 3291 μένῳ
325 3222 611 3275 ὑποκλίναι
632 3223 870 3292 ἐμαυτὸν
898 3223 1047 3293 ὑμῖν,
1066 3225 1161 3278 καὶ
1178 3224 1448 3295 ἀριδήλως
1482 3223 1579 3294 τὴν
1605 3224 1724 3277 κατ’

143 3315 250 3384 ἐμὲ
295 3314 588 3384 ὁμολογίαν
628 3314 1012 3385 ἐξαγορεῦσαι,
1057 3315 1238 3379 καθὼς
1295 3316 1398 3369 ὑπὸ
1440 3316 1553 3369 τῶν
1594 3317 1723 3369 σαλ-

144 3403 365 3471 πίγγων
415 3403 511 3456 τοῦ
557 3404 915 3473 Πνεύματος*
954 3398 1028 3459 ῶν
1074 3406 1103 3456 ὁ
1152 3404 1387 3474 φθόγγος
1431 3407 1512 3468 είς
1546 3405 1728 3458 πᾶσαν

142 3496 247 3564 τὴν
283 3495 631 3567 γῆννέξῆλθε,
678 3498 775 3550 καὶ
816 3499 897 3561 εἰς
930 3497 996 3551 τά
1032 3498 1245 3563 πέρατα
1272 3498 1369 3568 τῆς
1400 3496 1728 3567 οἰκουμένης

143 3588 215 3640 τὰ
254 3589 475 3657 ῥήματα
495 3605 509 3620 ·
545 3590 641 3642 καὶ
672 3590 826 3660 παρὰ
845 3590 951 3642 τῶν
983 3588 1165 3643 αὐτῶν
1198 3588 1533 3659 θρεμμάτων
1553 3606 1611 3640 τε
1637 3588 1729 3641 καὶ

144 3680 558 3751 προϐλημάτων
628 3682 789 3736 θείων
858 3683 1126 3753 Πατέρων
1184 3681 1341 3752 ἡμῶν
1392 3682 1449 3745 ἐξ
1505 3679 1728 3734 ἁπαλῶν

141 3769 363 3838 ὀνύχων
393 3770 727 3843 ἀνατραφεὶς
760 3770 1077 3842 μεμάθηκα.

220 3861 472 3914 Πιστεύω
504 3863 584 3925 είς
614 3861 709 3914 ἕνα
745 3861 877 3915 Θεὸν
908 3861 1129 3933 Πατέρα
1158 3861 1601 3931 παντοκράτορα,
1629 3863 1722 3914 καὶ

142 3953 232 4015 είς
271 3951 368 4004 ἕνα
404 3952 610 4022 Κύριον
653 3952 865 4022 Ἰησοῦν
905 3953 1143 4023 Χριστὸν
1169 3953 1262 4005 τὸν
1294 3953 1423 4005 Υίὸν
1469 3953 1563 4006 τοῦ
1594 3952 1730 4005 Θεοῦ

142 4041 248 4094 καὶ
277 4039 412 4092 Θεὸν
440 4041 617 4112 ἡμῶν,
647 4040 982 4111 γεννηθέντα
1026 4044 1090 4095 ἐκ
1115 4041 1208 4097 τοῦ
1238 4042 1452 4113 Πατρὸς
1483 4042 1734 4112 ἀχρόνως

142 4134 249 4187 καὶ¹
291 4133 499 4197 ἀϊδίως.
524 4135 632 4188 Καὶ
664 4135 743 4197 είς
770 4134 832 4186 τὸ
856 4133 1082 4204 Πνεῦμα
1112 4135 1172 4188 τὸ
1198 4136 1375 4203 άγιον,
1404 4136 1496 4187 τὸν
1528 4137 1733 4205 Κύριον

142 4226 248 4278 καὶ
281 4224 679 4288 ζωοποιοῦν,τὸ
712 4227 776 4278 ὲκ
812 4226 907 4278 τοῦ
930 4226 1146 4296 Πατρὸς
1177 4228 1245 4280 δι’
1277 4226 1409 4280 Υἱοῦ
1437 4227 1733 4297 ἐκπορευό-

145 4333 341 4385 μενον,
371 4317 467 4370 καὶ
494 4317 627 4370 αὐτὸ
654 4317 788 4370 Θεὸν
816 4318 877 4370 δν
906 4336 962 4371 τε
992 4319 1090 4370 καὶ
1118 4318 1544 4388 γνωριζόμενον·
1569 4319 1736 4388 Τριά-

141 4411 220 4461 δα
265 4408 575 4476 ὁμοούσιον,
632 4410 894 4480 ὁμότιμόν
932 4427 992 4463 τε
1020 4413 1115 4463 καὶ
1166 4411 1483 4481 ὀμόθρονον,
1543 4412 1734 4478 ἀΐδιον,

1824 1952 2026 2006 Deinde
2051 1965 2271 2021 quoque
2299 1958 2353 2005 et
2380 1947 2630 2018 procellis
2656 1947 3073 2002 vehementibus
3121 1944 3403 2015 inspiran-

1824 2042 1991 2105 tibus,
2029 2040 2082 2094 in
2117 2038 2382 2094 auxilium
2421 2037 2579 2093 vobis
2608 2037 2926 2107 assumptis,
2957 2038 3155 2091 harum
3183 2033 3402 2105 pauxil—

1823 2134 1936 2187 lum
1988 2133 2119 2203 quid
2150 2131 2474 2188 sutl‘erentes
2505 2140 2722 2193 aestum,
2763 2130 3043 2184 Christum
3083 2130 3184 2183 has
3220 2130 3402 2182 incre-

1824 2235 2065 2295 pantem,
2096 2225 2428 2287 invenimus,
2464 2232 2520 2277 et
2560 2224 2724 2276 vitam
2751 2220 3049 2290 tranquille
3090 2234 3186 2289 per
3214 2218 3402 2273 omnia

1827 2318 2215 2388 transigemus.
2256 2317 2321 2371 Et
2369 2316 2454 2370 his
2485 2314 2703 2386 quidem
2737 2311 3061 2370 sufﬁcienter
3118 2313 3174 2366 in
3205 2309 3404 2381 praefa-

1826 2411 1969 2464 tione
2003 2419 2190 2466 nostra
2220 2410 2541 2481 prmmissis,
2575 2408 2629 2462 in
2652 2406 2864 2461 caeteris
2892 2405 3176 2459 evidenter
3204 2405 3401 2458 horum

1825 2505 2071 2576 cognitio
2116 2502 2547 2558 denuntiabitur.
2604 2498 2759 2553 Nunc
2804 2507 2988 2552 autem
3026 2497 3092 2550 ad
3122 2495 3285 2549 aliam
3321 2496 3405 2549 in-

1828 2598 2122 2655 tentionem
2148 2593 2361 2649 dicendi
2398 2590 2678 2665 [dicendo]
2706 2588 3047 2660 progredior.
3081 2586 3224 2654 Quia
3256 2589 3404 2641 enim

1829 2692 2007 2761 prisca
2055 2688 2326 2758 quaedam,
2371 2692 2425 2740 et
2460 2693 2519 2738 ut
2565 2685 2748 2738 verius
2776 2681 3070 2743 fateamur,
3103 2679 3408 2750 apostolica

1830 2782 2046 2838 traditio
2078 2781 2131 2834 in
2160 2780 2418 2835 omnibus
2457 2776 2716 2832 Ecclesiis
2747 2773 2995 2840 inolevit,
3025 2783 3088 2827 ut
3123 2773 3178 2825 hi
3210 2772 3307 2841 qui
3337 2769 3406 2825 ad

1829 2875 2164 2946 pontificium
2213 2873 2617 2943 provehuntur,
2660 2867 3096 2939 prarcedentibus
3137 2881 3197 2919 se
3230 2864 3284 2918 in
3316 2879 3409 2918 eo-

1826 2970 1947 3022 dem
1972 2963 2432 3033 urdine,qualiter
2460 2977 2517 3016 se
2540 2962 2781 3015 habeant
2810 2976 2933 3029 qua:
2965 2974 3078 3011 sum
3109 2957 3231 3011 tidei
3255 2963 3407 3019 sunt,

1828 3060 2149 3130 exponendo
2198 3055 2587 3110 commendent
2622 3072 2636 3109 :
2675 3052 2864 3107 Visum
2918 3060 3001 3107 est
3055 3062 3107 3105 et
3139 3049 3273 3104 mihi
3305 3049 3413 3103 hoc

914 3130 1061 3195 ἔδοξε
1120 3132 1291 3202 κάμοὶ
1344 3131 1557 3195 τούτοις
1601 3133 1725 3185 ἑπο-

1829 3150 2082 3215 scctanti,
2120 3164 2207 3204 me
2235 3148 2389 3201 vohis
2435 3146 2727 3209 inclinare,
2757 3154 2811 3199 et
2853 3143 3064 3212 liquido
3109 3139 3414 3195 confessio-

1829 3256 1951 3294 nem
2004 3236 2395 3303 pronuntiare,
2440 3231 2903 3305 quemadmodum
2956 3247 2985 3284 a
3038 3229 3184 3284 tubis
3235 3228 3411 3283 sancti

1830 3332 2068 3403 Spiritus
2092 3334 2343 3399 (quarum
2376 3342 2546 3381 sonus
2578 3328 2631 3380 in
2661 3339 2882 3379 onmem
2913 3334 3117 3377 terrain
3142 3320 3333 3381 exivit,
3359 3326 3416 3373 et

1828 3424 1883 3479 in
1929 3425 2065 3477 lines
2094 3432 2252 3475 terrae
2286 3418 2531 3486 verba")
2559 3425 2614 3472 et
2648 3416 2717 3470 ab
2753 3430 2943 3469 earum
2975 3411 3217 3467 alumnis
3247 3419 3413 3478 atque

1830 3514 2094 3580 asseclis,
2142 3509 2535 3566 sacratissimis
2599 3509 2853 3563 videlicet
2904 3504 3161 3559 Patribus
3209 3499 3412 3555 nostris

1831 3605 2120 3667 educatus,
2157 3616 2223 3656 ex
2255 3600 2391 3670 ipsis
2433 3598 2690 3653 mollibus
2722 3595 2938 3666 ungulis
2971 3593 3161 3648 didici.

1902 3867 2081 3922 Credo
2120 3868 2175 3922 in
2210 3880 2379 3921 unum
2415 3866 2583 3921 Deum
2618 3863 2833 3918 Patrem
2878 3863 3334 3929 omnipotentem,
3360 3868 3418 3913 et

1835 3959 1889 4013 in
1928 3972 2097 4011 unum
2132 3955 2421 4010 Dominum
2462 3950 2648 4007 Jesum
2687 3950 2965 4004 Christum
2997 3948 3198 4002 Filium
3234 3945 3327 3999 Dei
3362 3954 3418 3999 ct

1839 4052 2005 4107 Deum
2042 4058 2309 4114 nostrum,
2346 4057 2535 4103 natum
2563 4062 2629 4101 ex
2659 4044 2821 4102 Patre
2850 4045 2969 4099 sine
3005 4053 3253 4113 tempore
3273 4055 3416 4096 com-

1837 4152 2049 4196 ternum
2084 4162 2096 4196 :
2133 4150 2187 4196 et
2219 4142 2275 4194 in
2304 4139 2566 4208 Spiritum
2591 4147 2863 4201 sanctum,
2896 4134 3190 4189 Dominum
3213 4142 3267 4187 et
3288 4134 3417 4187 vivi-

1838 4233 2112 4297 ticantem,
2172 4245 2241 4283 ex
2303 4228 2465 4283 Patre
2502 4242 2599 4295 per
2646 4226 2841 4279 Filium
2898 4224 3309 4294 procedentem,
3362 4229 3417 4275 et

1838 4322 2089 4377 eumdem
2118 4321 2284 4375 Deum
2311 4335 2432 4375 esse
2466 4329 2519 4373 et
2545 4318 2804 4385 cognosci
2841 4337 2853 4371 :
2896 4315 3221 4370 Trinitatem
3255 4316 3419 4370 unius

1841 4415 2179 4477 substantia).
2207 4413 2371 4466 unius
2405 4411 2628 4465 honoris
2659 4423 2713 4463 et
2744 4410 2910 4474 sedis,
2944 4410 3335 4478 sempiternam
3365 4419 3421 4461 et

140 4502 432 4567 ἄκτιστον,
469 4501 578 4554 τῶν
605 4502 820 4556 πάντων
848 4504 1164 4573 κτισμάτων
1187 4502 1523 4573 δημιουργόν
1549 4520 1561 4533 ·
1603 4504 1725 4573 μίαν

1842 4506 2170 4565 increatam,
2234 4502 2481 4556 omnium
2545 4510 2925 4555 creaturarum
2993 4498 3350 4554 conditrieem
3405 4519 3416 4551 :

138 4595 355 4665 ἀρχὴν,
392 4595 519 4665 μίαν
549 4595 782 4665 θεὸτητα
813 4597 907 4648 καὶ
948 4598 1270 4666 κυριότητα.
1301 4597 1430 4664 μίαν
1459 4597 1738 4666 βασιλείαν

150 4688 251 4739 ‹α”ι
287 4686 521 4755 δύναμιν
565 4686 661 4738 καὶ
701 4684 951 4749 ἐξουσίαν
1002 4688 1060 4738 ἐν
1112 4687 1292 4754 τρισὶν
1342 4688 1735 4751 ὑποστάσεσιν,

140 4778 488 4847 ἀδιαιρέτως
528 4776 937 4849 διαιρουμένην,
970 4777 1064 4830 καὶ
1091 4779 1379 4849 ἡνωμένην
1410 4778 1697 4850 διαιρετῶς
1719 4794 1731 4809 ·

143 4872 234 4939 μὴ
275 4867 337 4933 ἐξ
374 4867 582 4920 ἀτελῶν
637 4867 804 4937 τριῶν
858 4868 916 4919 ἓν
962 4887 1016 4921 τι
1059 4870 1287 4932 τέλειον,
1322 4870 1439 4923 ἀλλ’
1473 4872 1538 4923 ἐκ
1568 4871 1740 4939 τριῶν

136 4961 384 5014 τελείων
419 4960 477 5012 ἒν
507 4961 804 5031 ὑπερτελὲς
850 4962 944 5015 καὶ⁵
978 4963 1317 5031 προτέλειον,
1361 4963 1436 5026 ὡς
1486 4965 1514 5015 ὁ
1568 4964 1741 5033 μέγας

141 5051 264 5119 ἔφη
302 5050 605 5113 Διονύσιος.
658 5051 821 5103 Ὥστε
873 5051 1015 5104 κατὰ
1062 5052 1163 5121 μὲν
1219 5052 1318 5123 τὴν
1360 5053 1602 5125 ἰδιότητα
1633 5055 1742 5107 τῶν

140 5140 480 5209 προσώπων
504 5142 631 5212 τρία
667 5147 735 5199 τὰ
769 5143 1245 5213 προσκυνούμενα,
1277 5145 1420 5197 κατά
1452 5145 1509 5197 δὲ
1538 5147 1599 5198 τὸ
1629 5163 1743 5200 κοι-

140 5237 250 5289 νὸν
270 5234 372 5303 τῆς
402 5234 618 5302 φύσεως
650 5229 729 5297 εἷς
759 5233 893 5297 Θεὸς
933 5234 1151 5287 πάντων
1184 5234 1415 5302 ποιητὴς
1445 5235 1658 5306 ὁρατῶν
1684 5253 1745 5289 τε

141 5326 259 5381 καὶ
294 5325 569 5395 ἀοράτων,
606 5324 822 5377 πάντων
864 5326 1193 5394 προνοητής.
1244 5324 1522 5394 Ὀμολογῶ
1548 5326 1604 5379 δὲ
1651 5327 1747 5379 καὶ

144 5420 264 5487 τὴν
306 5417 397 5471 διὰ
447 5416 545 5487 τὴν
596 5417 871 5487 ἡμετέραν
911 5417 1184 5486 σωτηρίαν
1219 5416 1306 5469 ἐπ’
1344 5417 1592 5488 ἐσχάτων
1635 5419 1747 5473 τῶν

145 5512 396 5582 ⁴ἡμερῶν
425 5510 566 5564 κατὰ
603 5510 783 5581 σάρκα
808 5512 1064 5582 γέννησιν
1110 5510 1203 5564 τοῦ
1265 5512 1383 5575 ἐνὸς
1431 5514 1530 5583 τῆς
1584 5514 1748 5581 ἁγίας

142 5602 402 5673 Τριάδος
434 5601 527 5655 τοῦ
558 5602 688 5655 Υίοῦ
718 5602 811 5655 τοῦ
850 5602 1006 5667 Θεοῦ,
1041 5603 1247 5675 Κυρίου
1279 5604 1333 5657 δὲ
1368 5605 1526 5675 ἡμῶν
1571 5606 1744 5675 Ἰησοῦ

275 5835 320 5866 ⁷³
348 5833 490 5891 Psal.
530 5851 677 5899 xvtu,
713 5839 774 5903 5;
811 5837 968 5895 Rom.
1018 5856 1067 5902 κ,
1099 5839 1152 5894 8.

1841 4611 2008 4651 unum
2044 4595 2404 4665 principium,
2463 4608 2626 4647 unam
2677 4594 2933 4648 deitatem
2983 4600 3037 4645 et
3085 4591 3422 4646 dominatio-

1842 4704 1988 4749 nem,
2018 4702 2188 4740 unum
2244 4670 2555 4754 imperium,
2608 4693 2948 4754 potentatnm
2991 4694 3042 4739 et
3095 4692 3420 4753 potestatem

1842 4780 1896 4833 in
1928 4780 2103 4833 tribus
2147 4776 2546 4842 subsistentiis,
2594 4777 2875 4831 individne
2903 4776 3123 4847 quidem
3163 4776 3420 4837 divisam,

1842 4881 1897 4925 et
1928 4872 2099 4925 divise
2122 4870 2331 4923 unitaln
2372 4887 2386 4923 :
2430 4883 2539 4923 non
2574 4883 2641 4923 ex
2666 4867 2998 4939 imperfectis
3030 4868 3208 4922 tribus
3249 4883 3420 4921 unum

1840 4964 2045 5033 aliquid
2102 4961 2399 5031 perfectum
2444 4980 2459 5015 :
2490 4961 2606 5017 ised
2651 4977 2715 5017 ex
2752 4963 2930 5016 tribus
2962 4960 3221 5031 perlectis
3252 4976 3423 5014 unum

1844 5052 2377 5123 superperl‘ectumet
2397 5052 3002 5122 plusquamperfectum
3019 5052 3170 5117 ",uti
3193 5066 3426 5121 magnus

1845 5148 2063 5202 locutus
2098 5153 2183 5200 est
2223 5144 2539 5215 Dionysius.
2588 5144 2778 5213 Itaque
2827 5144 3129 5200 secundum
3183 5146 3425 5214 proprie-

1848 5246 2011 5293 tatem
2067 5252 2427 5307 personarum
2468 5237 2573 5291 tria
2600 5237 2820 5306 quidem
2863 5236 3173 5302 adoranda;
3206 5245 3261 5288 at
3298 5249 3425 5288 vero

1846 5327 2148 5384 secundum
2182 5341 2532 5380 communem
2564 5338 2773 5381 natura:
2804 5328 3075 5380 rationem
3109 5341 3252 5379 unus
3284 5324 3428 5378 Deus

1848 5421 2094 5475 omnium
2126 5418 2301 5472 factor
2334 5419 2632 5474 visibilium
2668 5426 2721 5473 et
2759 5419 3143 5484 invisibilium,
3176 5418 3425 5473 onmium

1849 5514 2121 5584 provisor.
2162 5509 2437 5565 Conﬁteor
2476 5520 2655 5565 autem
2690 5510 2889 5565 factam
2924 5520 3144 5580 propter
3192 5509 3424 5565 salutem

1852 5617 2090 5660 nostram
2150 5601 2201 5654 in
2257 5600 2572 5656 novissimis
2614 5601 2806 5656 diebus
2869 5602 3168 5656 secundum
3204 5612 3423 5653 carnem

1266 5843 1309 5872 “
1338 5840 1512 5898 Locus
1547 5839 1839 5901 obscurus,
1875 5847 1929 5893 et
1963 5846 2123 5893 caute
2150 5836 2433 5903 legendus.
