4092 6438
154 435 287 505 “65

1583 443 1704 503 EPI
1713 444 1845 507 5T0
1854 447 1987 506 L63.

3273 452 3411 531 H66

150 574 509 639 πεπίστευκα,
541 571 856 643 ἀνθρωπίνῃ
891 589 947 625 τε
976 576 1067 626 καὶ
1089 570 1268 646 οιῑχῇ.
1303 575 1411 628 Καὶ
1444 576 1729 629 ὑποϐάλλει)
1759 559 1799 612 Α
1832 568 1881 610 εί
1913 571 2017 617 εει·
2048 560 2178 616 Olim
2222 578 2343 618 εδει
2390 564 2685 621 didiceram
2721 584 2735 631 ἱ
2770 566 2844 620 lt“
2883 576 2936 621 οι
2972 568 3112 624 ἀυθε
3132 574 3414 635 ηοίυιεοιεσ

150 667 221 736 τῷ
272 666 576 736 ἀναθέματι
623 663 830 735 Κῦρον,
874 666 1125 736 Σέργιον,
1168 667 1443 737 Ὀνώριον,
1486 671 1725 741 Πύρῤον,

149 758 380 819 Παῦλον,
411 759 506 811 καὶ
540 757 749 823 πάντας
784 758 909 821 τοὺς
942 758 1236 829 ὁμοδόξους
1278 762 1486 824 αὐτοῖς,
1514 763 1613 814 καὶ
1643 763 1711 817 τὰ

146 851 324 905 αὐτῶν
349 850 617 921 δόγματα,
633 850 709 913 ὡς
732 850 1031 920 Σοδομίνην
1051 851 1298 921 ἄμπελον
1322 855 1417 905 καὶ
1434 852 1719 924 Γομορῤη-

147 943 245 1010 «μὴν
278 942 585 1011 κληματίδα
629 942 863 1011 ἔχουσαν
897 941 1094 1014 βότρυν
1139 944 1368 1014 πικρίας
1410 945 1722 1013 νμεμίσηκα.

147 1035 256 1104 Τῆς
293 1035 348 1087 δὲ
402 1034 577 1103 αὐτῆς
633 1035 798 1102 ἁγίας
854 1035 1021 1105 ἕκτης
1066 1036 1307 1101 συνόδου,
1342 1038 1481 1107 μετά
1511 1037 1730 1091 πάντων

144 1108 559 1192 τῶιίὲνοέσμως
588 1124 683 1177 καὶ
709 1124 946 1187 θειωδῶς
970 1126 1399 1195 έκφωνηθέντων
1437 1125 1724 1195 δογμάτων

147 1216 279 1285 παρ’
313 1216 507 1285 αὐτῆς,
534 1217 628 1268 καὶ
679 1217 809 1277 τοὺς
858 1215 1180 1279 ἐκδοθέντας
1209 1218 1441 1281 κανόνας
1461 1219 1725 1288 ἀποδέχο-

151 1327 271 1375 μαι,
306 1309 365 1361 ὲν
392 1302 475 1373 οἷς
496 1309 801 1379 ἐμφέρεται
822 1326 836 1338 ·
867 1309 925 1362 ἐν
967 1328 1079 1364 τισι
1106 1312 1215 1365 τῶν
1256 1313 1472 1366 σεπτῶν
1500 1314 1727 1367 εἰκόνων

151 1399 395 1465 γραφαῖς
428 1398 600 1465 ἀμνὸς
628 1397 881 1469 δακτύλῳ
908 1398 1002 1453 τοῦ
1029 1388 1341 1471 προδρόμου
1375 1403 1727 1473 δεικνύμενος

148 1486 571 1555 ἐγχαράττεται,
598 1486 658 1551 ὃς
682 1489 762 1551 είς
794 1489 964 1542 τύπον
992 1491 1318 1562 παρελήφθη
1348 1493 1448 1562 τῆς
1482 1495 1728 1565 χάριτος,

146 1580 243 1646 τὸν
287 1577 545 1646 ἀληθινὸν
584 1578 717 1647 ἡμῖν
762 1580 853 1632 διὰ
892 1582 1063 1649 νόμου
1091 1586 1527 1654 προΰποφαίνων
1555 1587 1730 1655 ἀμνὸν

148 1669 385 1739 Χριστὸν
412 1669 502 1722 τὸν
531 1669 671 1723 Θεὸν
697 1670 880 1741 ἡμῶν.
911 1673 1049 1735 Τοὺς
1074 1670 1168 1728 οῦν
1215 1676 1485 1739 παλαιοὺς
1520 1676 1726 1740 τύπους

149 1762 247 1815 καὶ
273 1761 373 1824 τὰς
389 1762 580 1835 σκιὰς,
608 1763 685 1825 ὼς
708 1763 808 1833 τῆς
836 1764 1097 1835 ἀληθείας
1121 1764 1369 1835 σύμϐολά
1387 1784 1445 1819 τε
1474 1768 1569 1821 καὶ
1596 1785 1729 1837 προ-

1839 650 2144 705 voluntates
2194 660 2249 705 et
2281 655 2633 723 operationes
2667 657 2783 725 ejus
2835 658 2891 712 in
2940 669 3171 731 utraque
3213 674 3408 719 natura

1839 741 2067 806 crtdidi,
2125 743 2363 799 humana
2418 747 2628 825 scilicet
2672 760 2726 802 et
2767 751 2951 806 divina
2985 815 2989 819 _
3023 752 3410 824 Submittoque

1836 832 2170 887 anathemati
2223 834 2427 906 Cyrum
2462 847 2516 892 et
2588 836 2859 910 Sergium,
2910 841 3234 910 Honorium,
3277 843 3410 916 Pyr-

1834 926 2018 993 rhum,
2044 926 2299 996 Paulum,
2351 937 2406 983 et
2453 946 2646 986 omnes
2707 945 3123 992 consectatores
3160 936 3350 993 eorum
3388 956 3404 1002 ;

1830 1017 2020 1087 dogma
2050 1036 2267 1089 quoque
2312 1021 2576 1091 ipsorum,
2615 1032 2674 1078 ut
2717 1023 3109 1081 Sodomitieam
3135 1028 3324 1094 vitem,
3352 1040 3407 1083 et

1832 1109 2294 1168 Comm-rhiticam
2348 1115 2722 1185 propaginem,
2769 1118 3159 1174 amaritudinis
3185 1121 3407 1191 botryo-

1831 1217 1953 1255 nem
1998 1204 2282 1269 habentes,
2340 1205 2508 1261 odivi.
2563 1204 2741 1276 Ipsius
2787 1202 3211 1265 autem'sanctte
3242 1220 3407 1264 sexta:

1829 1298 2020 1366 synodi
2048 1313 2172 1353 cum
2219 1299 2485 1354 omnibus
2520 1299 2889 1369 dogmatibus,
2922 1316 3043 1370 quas
3073 1301 3319 1370 legaliter
3342 1316 3409 1356 ac

1827 1389 2090 1444 divinitus
2112 1391 2269 1445 ah'ca
2298 1391 2641 1462 promulgata
2677 1400 2826 1458 sunt,
2858 1394 3024 1447 etiam
3054 1392 3409 1463 depromptos

1829 1495 2068 1536 canones
2099 1481 2330 1561 recipio,~
2355 1482 2407 1535 in
2440 1484 2641 1553 quibus
2668 1483 2904 1540 refertur
2935 1502 2949 1539 :
2984 1485 3043 1539 In
3075 1486 3406 1555 quihusdam

1827 1572 2221 1627 vcnc‘rahilium
2256 1570 2557 1644 imaginum
2592 1576 2823 1645 picturis
2856 1593 3030 1647 agnus
3067 1578 3244 1650 digito
3273 1594 3410 1648 prm-

1829 1663 2073 1718 cnrsoris
2103 1672 2364 1719 exaratur
2389 1674 2672 1731 ostensus,
2707 1666 2879 1737 quiin
2913 1669 3087 1739 ﬁgura
3125 1671 3409 1739 prmcessit

1830 1753 2037 1821 gratiae,
2059 1768 2246 1809 verum
2274 1756 2430 1811 nobis
2455 1773 2549 1826 per
2578 1759 2750 1828 legem
2770 1760 3153 1818 demonstrans
3179 1778 3409 1833 agnum,

152 1854 503 1923 χαράγματα,
535 1857 601 1925 τῇ
628 1855 926 1929 Ἐκκλησία
947 1858 1422 1929 παραδεδομένους
1447 1876 1731 1912 κατασπα-

1834 1846 2109 1905 Christum
2142 1850 2393 1907 videlicet
2417 1851 2712 1909 Dominum
2732 1864 3005 1911 nostrum.
3030 1856 3255 1913 Veteres
3279 1872 3413 1935 ergo

151 1945 391 2016 ζόμενοι,
420 1948 520 2019 τὴν
553 1948 714 2020 χάριν
759 1948 1127 2020 προτιμῶμεν
1175 1952 1271 2005 καὶ
1304 1952 1405 2022 τὴν
1446 1953 1728 2024 ἀλήθειαν,

152 2038 230 2101 ὡς
263 2037 535 2110 πλήρωμα
561 2039 729 2109 νόμου
756 2040 963 2110 ταύτην
983 2041 1402 2113 ὑποδεξάμενον
1434 2045 1510 2108 ὡς
1546 2046 1614 2098 ἂν
1637 2041 1733 2098 οῦν
1758 2066 1759 2069 η

151 2131 213 2183 τὸ
246 2130 571 2198 τέλειον,καὶ
600 2132 659 2184 ἐν
692 2134 813 2195 ταῖς
845 2135 1329 2205 χρωματουργίαις
1355 2137 1414 2188 ἐν
1451 2139 1568 2199 ταῖς
1594 2136 1731 2189 πάν-

150 2240 259 2275 των
286 2223 474 2293 ὄψεσιν
491 2223 901 2295 ὑπογράφηται,
923 2226 1017 2279 τὸν
1038 2224 1133 2279 τοῦ
1147 2227 1406 2297 ,αἴροντος
1430 2228 1530 2298 τὴν
1553 2229 1734 2300 ἀμαρ-

152 2316 276 2368 τίαν
301 2316 394 2369 τοῦ
423 2317 631 2387 κόσμου
655 2315 833 2387 ἀμνοῦ.
858 2317 1093 2389 Χριστοῦ
1122 2319 1215 2372 τοῦ
1242 2319 1381 2373 Θεοῦ
1410 2321 1567 2391 ἡμῶν
1593 2322 1733 2375 κατά

153 2408 247 2463 τὸν
287 2407 631 2479 ἀνθρώπινον
677 2409 1004 2480 χαρακτῆρα
1027 2409 1120 2462 καὶ
1148 2412 1205 2462 ἐν
1230 2413 1351 2473 ταῖς
1390 2411 1595 2465 είκόσιν
1625 2412 1733 2465 ἀπὸ

154 2500 251 2554 τοῦ
282 2500 379 2552 νῦν
412 2502 533 2554 ἀντὶ
560 2500 654 2558 τοῦ
693 2501 928 2555 παλαιοῦ
963 2503 1137 2571 ἀμνοῦ
1162 2504 1594 2574 ἀναστηλοῦσοαι
1618 2505 1734 2575 6p!-

155 2595 353 2659 ξομενο
397 2591 464 2645 δι’
493 2592 659 2646 αὑτοῦ
687 2591 748 2645 τὸ
776 2592 874 2663 τῆς
903 2592 1284 2657 ταπεινώσεως
1312 2592 1443 2663 ὕψος
1475 2592 1569 2648 τοῦ
1596 2593 1730 2648 Θεοῦ

154 2684 315 2743 λόγου
351 2682 762 2747 κατανοοῦντες,
805 2684 900 2737 καὶ
930 2685 1068 2756 πρὸς
1099 2685 1321 2754 μνήμην
1354 2686 1451 2754 τῆς
1479 2687 1538 2738 ἐν
1569 2686 1732 2754 σαρκὶ

153 2775 451 2838 πολιτείας,
486 2774 581 2828 τοῦ
619 2792 677 2828 τε
712 2776 918 2839 πάθους
966 2775 1131 2829 αὐτοῦ
1171 2776 1266 2829 καὶ
1318 2776 1413 2830 τοῦ
1464 2778 1730 2847 σωτηρίου

152 2868 388 2925 θανάτου
425 2868 953 2938 χειραγωγούμενοι,
989 2869 1084 2921 καὶ
1129 2869 1227 2939 τῆς
1277 2869 1528 2922 ἐντεῦθεν
1580 2886 1732 2938 γενος

155 2960 329 3028 μένης
382 2958 462 3029 τῷ
509 2959 700 3029 κόσμῳ
748 2958 1202 3028 ἀπολυτρώσεως.
1252 2960 1332 3012 Τά
1384 2960 1440 3013 δὲ
1498 2961 1731 3031 περιττά

152 3050 512 3126 θρυλλήματά
543 3067 603 3102 τε
637 3049 730 3102 καὶ
767 3048 1182 3120 βατταρίσματα
1203 3050 1340 3120 μετά
1368 3050 1539 3103 ταῦτα
1572 3050 1733 3104 c.656-

151 3142 261 3205 λως
294 3140 702 3210 ὲκφωνηθέντα,
749 3141 822 3204 ὡς
873 3141 1004 3212 παρ’
1032 3141 1159 3210 ὑμῖν
1224 3141 1299 3212 μὴ
1343 3140 1727 3211 ἀποδεχθέντα,

155 3233 296 3303 μηδὲ
342 3232 485 3295 κατὰ
529 3232 681 3286 θείαν
721 3234 882 3304 χάριν
931 3233 1259 3301 λαληθέντα,
1288 3234 1522 3287 ἀϐέϐαια
1568 3235 1733 3302 ἠγοῦ-

154 3342 272 3393 μαι.
329 3325 437 3377 Kal.
475 3323 687 3394 χαίρειν
735 3323 943 3387 τούτοις
992 3324 1258 3386 εἰπόντες,
1318 3326 1413 3377 καὶ
1490 3323 1732 3377 ἐκποδὼν

152 3417 538 3487 ποιησάμενοι,
585 3415 998 3486 διαζωννύμεθα
1035 3417 1133 3479 τὰς
1187 3414 1397 3484 ὀσφύας
1436 3417 1595 3485 ἡμῶν
1634 3417 1732 3485 τῆς

147 3509 391 3570 διανοίας
420 3509 479 3561 ὲν
512 3505 762 3577 ἀληθείᾳ,
795 3508 888 3559 καὶ
920 3506 1314 3585 διανιστάμεθα
1361 3492 1478 3578 ἅμα
1511 3509 1621 3569 τοῖς
1642 3508 1733 3559 εὐ-

150 3598 338 3652 σεϐέσι
370 3600 677 3670 προμάχοις
720 3598 819 3667 τῆς
848 3597 1113 3667 ἀληθείας
1159 3600 1371 3661 πιστοῖς
1423 3598 1733 3668 βασιλεῦσιν

147 3690 314 3761 ἡμῶν
366 3691 504 3761 πρὸς
550 3691 745 3743 ἕνωσιν
773 3688 872 3754 τῆς
901 3689 1062 3756 ἀγίας
1109 3688 1204 3742 τοῦ
1254 3689 1389 3742 Θεοῦ
1439 3690 1732 3761 καθολικῆς

161 3784 532 3854 Ἐκκλησίας·
568 3783 663 3846 οὒς
715 3782 812 3836 καὶ
848 3782 1067 3836 σύνοδον
1122 3782 1374 3851 γενέσθαι
1423 3784 1735 3850 οίκουμενι·

149 3876 260 3944 κὴν
293 3875 617 3945 ᾐτησάμεθα
665 3874 761 3925 ἐπὶ
816 3873 1089 3943 παρουσίᾳ
1122 3873 1325 3935 παντὸς
1363 3873 1456 3925 τοῦ
1489 3871 1735 3943 φιλοχρί-

150 3984 287 4022 στου
324 3966 504 4019 αὐτῶν
548 3964 680 4018 λαοῦ
702 3981 715 3995 ·
751 3964 846 4016 καὶ
876 3966 941 4034 τῇ
969 3963 1213 4034 ἡμετέρᾳ
1246 3965 1460 4032 αέτήσει
1492 3964 1735 4026 εὐσεϐῶς

149 4058 488 4112 ἐπένευσανο
516 4056 638 4109 ὅθεν
684 4056 827 4126 ὑμᾶς
875 4056 1005 4117 τοὺς
1045 4073 1063 4105 ι
1088 4054 1611 4125 ὲποικοδομηθέντας
1641 4056 1734 4108 ἐπὶ

146 4147 233 4217 τῷ
265 4146 501 4217 θεμελίῳ
549 4145 660 4198 τῶν
711 4145 1027 4199 ἀποστόλων
1069 4146 1164 4197 καὶ
1212 4145 1529 4214 προφητῶν,
1581 4145 1734 4208 ὄντος

144 4238 554 4307 ἀκρογωνιαίου
615 4232 784 4290 αὑτοῦ
827 4234 1003 4305 Ἰησοῦ
1067 4233 1369 4302 Χριστοῦ,ι
1434 4234 1616 4297 καθὼς
1676 4237 1734 4289 ἐν

146 4332 269 4393 τοῖς
313 4328 548 4398 πρόσθεν
596 4329 830 4399 εῐρηται,
886 4326 1207 4395 συμμάχους
1257 4327 1352 4378 καὶ
1404 4326 1735 4390 συνοπαδοὺς

149 4425 253 4477 καὶ
290 4420 663 4482 συνασπιστάς
705 4419 1018 4489 λαϐόμενοι,
1050 4436 1068 4468 ι
1102 4418 1429 4487 πεποίθησιν
1474 4420 1735 4488 τοιαύτην

1758 3186 1801 3242 C

1836 1941 2037 2010 liguras
2072 1950 2127 1996 et
2156 1941 2399 2007 umbras,
2434 1952 2620 2012 utpote
2650 1944 2897 1999 veritatis
2936 1945 3155 2010 indicia,
3188 1954 3243 2000 et
3271 1962 3413 2015 pra:-

1835 2032 2087 2089 cedentes
2137 2034 2486 2091 characteres
2538 2035 3058 2094 Ecclesiatraditos
3082 2041 3410 2108 salutantes,

1835 2124 2061 2193 gratiam
2115 2124 2322 2178 honore
2366 2123 2707 2192 prmierimus
2753 2135 2807 2180 et
2838 2127 3146 2192 veritatem,
3181 2128 3321 2182 hanc
3350 2135 3412 2182 ut

1834 2210 1972 2283 legis
2015 2213 2406 2283 plenitudinem
2456 2215 2829 2271 admittentes.
2865 2217 2934 2272 Ut
2967 2233 3100 2286 ergo
3134 2218 3404 2288 perfectio

1832 2307 1997 2361 etiam
2034 2322 2129 2376 per
2161 2306 2405 2362 colorum
2432 2309 2779 2376 operationes
2814 2310 2867 2362 in
2898 2310 3143 2364 omnium
3169 2311 3410 2368 vultibus

1833 2399 2175 2468 depingatur,
2226 2399 2598 2453 characterem
2644 2400 2783 2469 Agni
2826 2398 2920 2454 Dei
2973 2401 3145 2457 nostri
3177 2401 3409 2468 Christi,

1834 2494 1926 2562 qui
1977 2494 2116 2548 tollit
2144 2502 2360 2561 peccata
2400 2494 2611 2556 mundi,
2640 2495 2958 2554 secundum
3009 2495 3407 2551 humanitatem

1834 2588 1995 2657 etiam
2036 2586 2090 2639 in
2136 2585 2311 2640 iconis
2349 2600 2416 2638 ex
2458 2584 2565 2640 hoc
2598 2602 2696 2656 pro
2736 2588 2903 2641 vcteri
2936 2602 3079 2659 agno
3117 2588 3411 2646 definimus

1832 2676 2085 2747 depingi:
2120 2692 2216 2745 per
2243 2692 2367 2731 eum
2398 2677 2649 2739 videlicet
2685 2679 3059 2734 celsitudinem
3089 2680 3411 2735 humilitatis

1834 2768 1929 2822 Dei
1959 2768 2119 2823 Verbi
2148 2770 2581 2833 considerantes,
2615 2780 2666 2824 et
2706 2771 2772 2826 ad
2811 2773 3128 2825 memoriam
3165 2788 3407 2828 conver-

1835 2863 2064 2918 sationis
2094 2880 2257 2931 quam
2299 2862 2355 2916 in
2389 2878 2557 2916 carne
2589 2864 2780 2932 gessit,
2811 2864 3081 2932 passionis
3099 2879 3320 2933 quoque
3343 2878 3411 2920 ac

1834 2954 2088 3009 salutatis
2121 2955 2312 3009 tnortis
2362 2955 2483 3022 ejus
2520 2954 2765 3021 adducti,
2805 2964 2968 3024 atque
3014 2954 3408 3025 redemptionis

1834 3064 1955 3117 qua:
1997 3048 2124 3102 hinc
2146 3056 2230 3100 est
2268 3050 2473 3101 mundo
2497 3046 2707 3101 eﬂ‘eeta.
2756 3046 3070 3116 Snperﬂuas
3103 3057 3283 3102 autem
3320 3060 3412 3102 tn-

1835 3142 2226 3196 multuationes
2273 3148 2328 3195 et
2374 3142 2726 3212 garrulitates
2772 3150 2895 3211 post
2928 3141 3044 3196 haec
3102 3142 3410 3197 inconsulte

1837 3231 2228 3301 promulgatas,
2272 3238 2331 3284 ut
2360 3230 2503 3297 apud
2533 3244 2632 3284 vos
2665 3230 2892 3284 minime
2921 3237 3185 3299 receptas,
3234 3244 3409 3297 neque

1833 3339 1931 3392 per
1972 3324 2210 3377 divinam
2264 3323 2495 3389 gratiam
2545 3322 2745 3385 dictas,
2789 3322 2976 3376 irritas
3022 3321 3406 3375 aestimamus:

1832 3425 1884 3469 et
1920 3430 2020 3469 ave
2074 3415 2194 3469 istis
2239 3415 2505 3480 dicentes,
2547 3413 2879 3484 fugaeesquc
2909 3412 3128 3476 facturi,
3166 3413 3411 3482 accingi-

1833 3523 1954 3561 mus
1988 3507 2202 3562 lumbos
2244 3508 2444 3561 mentis
2472 3514 2673 3561 nostrae
2704 3506 2757 3560 in
2807 3507 3056 3569 veritate,
3086 3514 3141 3561 et
3172 3504 3411 3562 suscita-

1834 3616 1956 3653 ntur
1978 3614 2083 3653 una
2107 3614 2230 3654 cum
2261 3600 2367 3669 piis
2382 3609 2435 3653 et
2457 3598 2709 3653 ﬁdelibus
2733 3598 3157 3667 imperatoribus
3180 3599 3406 3662 nostris,

1833 3691 2329 3762 propugnatoribus
2399 3691 2652 3746 videlicet
2714 3692 2979 3757 veritatis,
3028 3690 3095 3744 ad
3145 3691 3407 3744 unitatem

1834 3794 2036 3837 saneta:
2060 3784 2152 3836 Dei
2184 3782 2439 3838 Ecclesia:
2467 3803 2481 3838 :
2518 3800 2547 3837 a
2573 3784 2774 3853 quibus
2800 3796 2853 3837 et
2880 3783 3148 3854 synodum
3188 3783 3412 3837 univer-

1834 3875 2000 3930 salem
2030 3875 2321 3943 petivimus
2343 3875 2395 3928 in
2418 3876 2707 3943 praesentia
2723 3875 2890 3929 totius
2911 3889 3103 3929 eorum
3130 3873 3244 3941 Deo
3262 3888 3410 3927 ama-

1833 3968 1958 4022 bilis
1983 3969 2186 4037 populi,
2214 3976 2268 4022 et
2290 3968 2644 4036 postulationi
2698 3976 2899 4021 nostra:
2952 3967 3038 4036 pie
3070 3974 3403 4020 annuerant.

1836 4057 1990 4113 Unde
2022 4073 2113 4113 vos
2129 4059 2220 4127 qui
2244 4076 2263 4109 ι
2286 4058 2702 4128 ¹διιιιριτιειίίιίειιιί
2726 4057 2858 4112 estis
2895 4070 3065 4124 super
3081 4055 3409 4109 [undamn-

1836 4162 1949 4205 tum
1988 4150 2361 4219 apostolorum
2398 4160 2452 4203 et
2485 4150 2897 4219 prophetarum,
2940 4149 3118 4217 ipsum
3156 4144 3410 4199 videlicet

1834 4255 2108 4295 summum
2130 4248 2184 4294 et
2206 4239 2522 4309 angularem
2548 4239 2781 4307 lapidem
2800 4239 3081 4294 Christum
3103 4235 3288 4291 Jesum
3304 4236 3371 4299 ⁷³,
3386 4254 3405 4287 ο

1845 4331 2304 4399 quemadmodum
2346 4332 2397 4383 in
2432 4330 2864 4400 praecedentibus
2910 4330 3123 4383 dictum
3140 4339 3243 4388 est.
3278 4340 3406 4380 con-

1840 4432 2139 4478 certatorcs
2161 4432 2216 4478 et
2233 4431 2646 4477 consectatorcs
2676 4436 2743 4476 ac
2765 4422 3128 4475 auxiliatores
3179 4433 3409 4473 sumen-

146 4514 353 4582 ἔχομεν
407 4512 507 4583 τὴν
556 4512 691 4582 πρὸς
736 4511 902 4564 Θεόν⁴
939 4510 1036 4578 οὐχ
1084 4510 1167 4561 ὅτι
1218 4510 1391 4562 ἱκανοί
1437 4512 1605 4579 ἐσμεν
1639 4511 1731 4580 ἀφ’

1841 4524 1941 4579 tes,
1968 4513 2407 4568 «Conﬁdentiam
2460 4514 2623 4567 talem
2671 4512 2936 4567 habemus
2976 4512 3042 4565 ad
3083 4510 3409 4563 Dominum:

149 4604 367 4659 ἑαυτῶν
398 4603 719 4672 λογίσασθαί
738 4620 790 4656 τι
814 4602 889 4666 ὡς
920 4601 980 4668 ἐξ
1007 4600 1234 4663 ἑαυτῶν,
1264 4600 1380 4653 ἀλλ’
1409 4602 1442 4671 η
1485 4602 1736 4667 ἱκανότης

150 4697 318 4765 ἡμῶν
348 4698 416 4749 ἐκ
442 4696 535 4749 τοῦ
568 4696 705 4749 Θεοῦ
732 4700 897 4750 ἐστιν.
928 4718 947 4748 ι
982 4699 1107 4752 Ὅτι
1138 4701 1206 4753 τὰ
1235 4701 1571 4771 διερρωγότα
1600 4700 1736 4771 μέλη

150 4789 251 4839 καὶ
270 4784 672 4855 ἀποσχισθέντα
687 4787 765 4849 είς
779 4785 836 4838 ἓν
852 4788 1010 4858 σῶμα
1035 4791 1621 4860 συναρμολογούμενον
1645 4793 1738 4846 καὶ

149 4877 633 4947 συδιὸιϐαζόμενον
656 4879 753 4948 τὴν
768 4878 919 4949 ἀὔξη
931 4898 1011 4933 σιν
1043 4884 1267 4952 ποιήσετ
1279 4900 1355 4944 αι,
1379 4885 1438 4935 ἐν
1461 4877 1543 4946 οἷς
1566 4901 1739 4951 κεφα-

151 4972 220 5042 λή
245 4971 394 5023 ἐστιν
417 4973 445 5023 ὁ
474 4972 739 5042 Χριστός,
761 4972 870 5024 Καὶ
896 4975 1094 5042 μηκέτι
1136 4975 1221 5044 εἴη
1248 4975 1735 5045 διεσκορπισμένα.

231 5064 342 5116 Καὶ
389 5064 574 5116 λοιπὸν
640 5062 899 5134 αἰτοῦμαι
952 5066 1052 5135 τὴν
1108 5066 1384 5137 ὑμετέραν
1453 5069 1737 5139 ἀγιότητα,

149 5156 262 5217 ἕως
295 5155 405 5211 τῶν
432 5155 526 5209 δύο
557 5157 950 5227 τοποτηρητῶν
991 5159 1309 5212 ἀποστεῖλαι
1346 5162 1487 5228 μετά
1546 5161 1740 5232 θεηγό-

156 5261 258 5311 ρον
286 5245 643 5314 γραμματίου
674 5244 847 5315 ὑμῶν,
878 5247 971 5298 καὶ
1007 5247 1061 5299 ετ
1087 5248 1141 5299 τί
1182 5250 1330 5301 ἐστιν
1375 5250 1505 5317 ὑμῖν
1547 5252 1613 5303 ὲκ
1642 5251 1736 5305 τοῦ

150 5335 296 5389 Θεοῦ
328 5337 686 5405 ἐνηχιιύμενον
714 5340 842 5409 περὶ
868 5340 968 5407 τῆς
990 5339 1301 5404 ὑποθέσεως
1320 5343 1543 5412 ταύτης,
1580 5361 1738 5411 φανε-

155 5429 373 5500 ρώσαυτε
408 5432 567 5499 ἡμῖν’
615 5431 690 5494 ὡς
739 5432 1060 5499 ὀφειλόντων
1088 5436 1179 5488 καὶ
1211 5435 1319 5488 τῶν
1348 5439 1735 5507 τοποτηρητῶν

155 5521 339 5589 ὑμῶν,
393 5522 486 5574 καὶ
536 5523 1041 5593 τῶνογραμμάτων
1094 5525 1246 5595 ὑμῶν
1298 5528 1589 5592 συνοδικώς
1641 5531 1735 5581 ἐπὶ

152 5612 322 5677 πᾶσι,
349 5613 459 5666 τῶν
489 5616 588 5683 μὲν
618 5614 871 5684 λαλῆσαι,
897 5617 1005 5668 τῶν
1034 5616 1091 5668 δὲ
1117 5618 1554 5691 ἀναγνωσθῆναι,
1586 5625 1733 5688 ὅπως

146 5702 359 5774 amen,
398 5704 467 5757 τὰ
516 5704 885 5776 διεσχισμένα.
933 5706 1074 5759 Δύτὸ
1102 5709 1211 5778 γάρ
1248 5710 1407 5764 τοῦτο
1456 5714 1547 5767 καὶ
1582 5716 1731 5785 παρὰ

233 5857 284 5890 ’⁸
312 5857 505 5928 Ephes.
546 5875 603 5924 ιι,
627 5858 717 5911 920.
797 5860 841 5889 ⁷⁵
874 5858 915 5911 ll
946 5859 1070 5914 Cor.
1117 5879 1196 5926 ιιι,
1230 5862 1283 5927 ι,
1319 5865 1370 5920 εἰ.

1834 4625 1940 4662 non
1965 4606 2108 4676 quod
2130 4596 2462 4662 sumcientes
2490 4618 2682 4661 sumus
2696 4605 2937 4674 cogitare
2962 4604 3166 4672 aliquid
3186 4620 3214 4656 a
3232 4604 3411 4665 nobis,

1834 4699 1992 4768 quasi
2034 4714 2063 4752 a
2087 4699 2263 4762 nobis,
2285 4698 2377 4751 sed
2405 4695 2725 4757 suﬁicientia
2747 4705 2931 4751 nostra
2950 4711 3017 4751 ex
3043 4694 3150 4749 Deo
3194 4695 3359 4763 est";
3389 4716 3408 4747 ι

1836 4791 1962 4859 quia
1996 4789 2242 4857 disrupta
2275 4788 2521 4841 membra
2568 4794 2622 4841 et
2657 4786 2889 4840 discissa
2918 4786 2969 4838 in
3010 4801 3178 4838 unum
3214 4801 3413 4854 corpus

1835 4888 2178 4948 compactum
2210 4886 2264 4932 et
2286 4894 2595 4933 connexum
2632 4893 2881 4932 crescere
2910 4877 3095 4941 faciet,
3121 4878 3173 4930 in
3208 4879 3415 4946 quibus

1833 4968 2383 5039 caputestChristus,
2412 4978 2465 5022 et
2496 4969 2639 5023 ultra
2658 4969 2773 5039 jam
2801 4985 2909 5023 non
2940 4978 3103 5027 erunt
3136 4970 3412 5038 dispersa.

1909 5062 1984 5114 De
2020 5069 2214 5115 caetero
2257 5076 2516 5131 raganius
2551 5061 2895 5115 sanctitatem
2938 5070 3200 5119 vestram.
3238 5072 3415 5129 usque

1838 5153 1902 5205 ad
1934 5154 2072 5207 duos
2107 5149 2387 5224 [viearios]
2424 5153 2527 5206 loci
2558 5162 2864 5209 servatores
2891 5154 3109 5206 mittere
3138 5166 3267 5208 cum
3293 5148 3416 5205 dei-

1838 5245 1997 5313 quua
2026 5244 2258 5311 epistola
2299 5260 2419 5309 sua,
2455 5252 2509 5297 et
2538 5244 2803 5312 quidquid
2828 5244 2934 5297 sibi
2962 5243 3413 5297 fueritdivinitus

1836 5352 1998 5404 super
2035 5335 2137 5389 hoc
2173 5338 2388 5405 negotio
2441 5338 2761 5403 revelatum,
2794 5336 2954 5391 nobis
3006 5334 3185 5393 facere
3234 5337 3415 5388 mani-

1842 5426 2041 5483 festum
2077 5448 2092 5496 ;
2150 5440 2211 5484 ut
2257 5433 2558 5487 secundum
2593 5434 2738 5501 quod
2760 5431 3001 5486 debitum
3023 5438 3130 5494 est,
3165 5440 3273 5483 tam
3308 5430 3411 5485 loci

1841 5534 2165 5586 servatores,
2204 5540 2369 5594 quam
2428 5527 2622 5580 litterae
2668 5536 2864 5582 vestra
2897 5507 3176 5595 synodicae
3200 5524 3318 5598 sise
3341 5518 3412 5579 ad

1844 5616 2329 5686 loquendum,sive
2343 5620 2410 5674 ad
2443 5617 2732 5689 legendum
2763 5617 2817 5671 in
2840 5616 3099 5672 omnibus
3127 5615 3416 5670 invenian—

1841 5728 1948 5782 tur,
1994 5724 2263 5786 quatenus
2319 5728 2414 5782 ρει·
2465 5712 2568 5766 hoc
2590 5726 2711 5782 qua:
2738 5710 2910 5767 scissa
2934 5716 3082 5774 sunt,
3112 5708 3409 5761 uniautur:
