4092 6438
151 407 283 476 1469

1575 405 1666 465 ΕΡ
1677 401 1985 464 lSIOL/E.

3283 397 3421 465 1470

147 518 242 573 καὶ
309 518 617 590 προφάσεις
671 519 791 573 καθ’
830 516 1092 589 ἑκάστην,
1153 522 1233 582 ὡς
1310 518 1440 582 ἔπος
1516 520 1719 577 εἰπεῖν,

1831 518 1941 569 lant
1978 515 2047 578 ",
2090 532 2108 565 ι
2140 527 2203 567 ac
2239 527 2333 583 per
2370 509 2616 582 singulos
2656 524 2791 579 pene
2821 507 2938 565 dics
2973 508 3289 569 occasiones
3321 528 3420 567 ex-

145 606 355 679 ήμέραν
386 608 796 680 ἐπιζητούντων
841 608 937 661 τοῦ
989 608 1301 663 θανατῶσαι
1337 613 1430 664 καὶ
1459 612 1727 667 ἀπολέσαι

144 701 325 770 ἡμᾶς’
356 703 500 779 χαρᾷ
522 701 601 768 δὲ,
632 700 721 755 διὰ
760 700 861 772 τὴν
884 700 1273 772 ἐκλάμπουσαν
1300 704 1359 755 ὲν
1395 705 1525 774 ὑμῖν
1558 703 1724 775 [ἄλλ.

139 790 200 841 ἐν
247 789 457 862 αὐτοῖς]
496 790 734 844 ἀκτίνων
804 790 962 859 δίκην
1014 790 1256 860 ἡλιακῶν
1304 791 1405 860 τῆς
1439 788 1724 862 ὀρθοδόξου

146 880 387 945 ¹πίστεως
444 882 760 955 ἀκρίϐειαν,
818 884 915 937 καὶ
963 883 1073 936 τῶν
1118 882 1497 936 ἀποστολικῶν
1543 898 1601 933 τε
1634 881 1727 934 καὶ

139 972 434 1043 Πατρικῶν
459 974 753 1046 δογμάτων
770 973 1210 1045 διαφανεστάτην
1236 974 1560 1038 tantum.
1590 972 1727 1042 Περὶ

136 1060 215 1119 ὦν
250 1067 527 1137 εὐκαίρως
576 1069 677 1138 τῆς
730 1066 825 1120 τοῦ
867 1069 1149 1139 προερήτου
1206 1066 1474 1137 Ζαχαρίου
1504 1065 1727 1133 καὶτῆς

135 1155 232 1209 τοῦ
263 1156 427 1225 λόγου
464 1156 652 1228 φωνῆς
681 1158 1009 1227 γεννήτορος
1036 1159 1116 1220 εἰς
1150 1157 1369 1227 μνήμην
1408 1156 1553 1225 ᾠδῆς
1596 1154 1724 1224 ὲλη-

132 1248 381 1312 λυθότες,
409 1247 814 1319 μεγαλοφώνως
842 1247 1057 1319 βοῶμεν
1078 1266 1092 1279 ο
1134 1268 1152 1300 ι
1192 1247 1565 1318 Ἐπεσκέψατο
1579 1248 1726 1317 ἡμᾶς

134 1339 381 1411 ἀνατολὴ
427 1340 701 1412 παμφαὴς
754 1340 813 1407 ἐξ
864 1339 1078 1415 ῦψουςι
1141 1339 1484 1413 θεωρητικῆς
1531 1356 1588 1392 τε
1632 1339 1727 1392 καὶ

136 1430 617 1503 θεοτρονεστάτης
664 1433 927 1497 διανοίας,
974 1436 1087 1497 τοῖς
1135 1437 1193 1486 ὲν
1238 1432 1418 1485 σκότει
1453 1432 1546 1485 καὶ
1601 1431 1726 1498 σκιᾷ

133 1522 399 1598 θανάτου,
434 1526 785 1594 κακοτρόπου
839 1524 1070 1594 πλάνης,
1101 1525 1221 1595 ἦτοι
1263 1524 1561 1595 Ἀραῦικῆς
1600 1523 1721 1576 δυσ·

134 1612 374 1676 σεὸείας,
409 1614 738 1684 καθημένοις
774 1617 932 1686 ήμίν,
966 1615 1061 1669 τοῦ
1103 1615 1431 1669 κατευθῦναι
1462 1616 1588 1676 τοὺς
1606 1630 1720 1684 νοη-

138 1704 412 1775 ματικοῦς
446 1705 606 1777 ήμῶν
649 1707 815 1771 πόδας
849 1709 931 1771 είς
974 1708 1094 1761 ὁδὸν
1129 1707 1227 1760 καὶ
1253 1706 1473 1776 τρίὸους
1520 1707 1717 1779 είρηνι-

145 1795 251 1862 κῆς
278 1797 686 1861 καταστάσεως.
717 1816 736 1848 ι
761 1798 857 1861 Τίς
886 1797 1110 1866 λαλήσει
1146 1797 1240 1861 τὰς
1268 1795 1581 1858 δυναστείας
1622 1797 1727 1848 Κυ-

1833 607 2079 677 quirent,
2124 613 2187 657 ut
2218 618 2318 658 nos
2346 603 2509 658 morti
2543 602 2790 664 tradant,
2821 610 2875 661 et
2904 601 3134 670 perdant
3168 642 3184 666 ,
3219 602 3421 670 gaudio

1830 714 1982 761 vero,
2015 704 2240 767 propter
2279 695 2566 749 veritatem
2591 692 2913 747 orthodoxae
2947 691 3071 747 ﬁdei
3105 707 3226 762 qua:
3258 691 3423 763 fulget

1831 790 1985 844 ineis
2013 789 2277 844 solarium
2312 801 2464 840 more
2497 785 2802 849 radiorum,
2837 783 3420 841 etlucttlentissimam

1829 881 2270 950 cxplanatibuem
2323 878 2746 948 apostolieonttn
2783 878 3105 947 dogmatum
3146 886 3199 932 et
3239 886 3425 948 pater-

1832 988 2049 1027 norum.
2087 971 2164 1026 De
2194 970 2396 1041 quibus
2428 977 2549 1038 apte
2592 969 2909 1037 genitorem'
2944 970 3097 1024 vocis
3130 967 3321 1030 Verbi,
3367 969 3420 1024 id

1828 1073 1930 1131 est,
1977 1063 2295 1134 prophetam
2329 1060 2651 1114 Zachariam
2693 1058 2760 1113 ad
2790 1058 3116 1112 memoriam
3150 1059 3420 1115 reducen-

1830 1169 1933 1219 tes.
1967 1171 2164 1225 magna
2195 1168 2328 1208 voce
2361 1154 2706 1208 clamamus:
2746 1169 2765 1202 ι
2806 1149 3063 1205 Visitavit
3094 1165 3195 1204 uos
3232 1150 3421 1205 oriens

1827 1265 1893 1303 ex
1920 1250 2031 1302 alto
2070 1249 2137 1309 τ’,
2182 1266 2199 1297 ι
2227 1246 2570 1316 splendidius
2627 1244 2871 1299 tlieoriea
2896 1252 2951 1296 et
3000 1243 3183 1298 divina
3236 1242 3421 1313 provi-

1827 1337 2007 1396 dentia
2050 1336 2337 1392 illustrata‘.
2365 1335 2588 1398 mentis,
2622 1334 2676 1387 in
2704 1334 2941 1389 tenebris
2971 1345 3027 1388 et
3052 1335 3248 1388 umbra
3274 1350 3422 1388 mor-

1829 1431 1898 1486 tis
1924 1429 2146 1500 maligni
2179 1427 2405 1489 erroris,
2440 1426 2493 1479 id
2522 1435 2626 1489 est,
2653 1424 2901 1479 Arabicae
2957 1424 3256 1493 impietatis
3281 1464 3296 1489 ,
3333 1442 3423 1481 se-

1805 1517 2029 1571 'deutcs
2054 1556 2069 1579 ,
2114 1515 2180 1569 ad
2233 1513 2551 1584 dirigeudos
2604 1512 2973 1583 iutelligibiles
3004 1514 3168 1582 pedes
3199 1523 3423 1569 nostros

1830 1607 1881 1659 in
1924 1607 2064 1659 viam
2102 1614 2154 1660 et
2185 1605 2411 1660 semitas
2446 1603 2698 1673 pacifera:
2726 1604 3178 1659 constitutionis.
3217 1622 3236 1655 ι
3275 1603 3418 1671 Quis

1830 1698 2086 1765 loquetur
2131 1696 2402 1763 potentias
2461 1695 2675 1749 Domini
2705 1696 2750 1726 ⁸ο
2775 1695 2797 1747 ?
2827 1713 2845 1745 ι
2882 1694 3174 1750 nobiscum
3224 1697 3422 1766 psallat

1829 1787 1999 1842 David
2025 1799 2178 1857 pater
2204 1787 2294 1840 Dei
2329 1805 2343 1853 ;
2384 1805 2401 1836 ‹
2431 1785 2543 1840 Aut
2592 1785 2810 1839 auditas
2839 1784 2999 1840 faciet
3021 1802 3212 1843 omnes
3233 1787 3423 1845 laudes

135 1885 330 1955 ρίουςι
373 1887 735 1958 συμψαλλέτω
776 1888 942 1942 Δαϐὶδ
981 1890 1114 1960 ἡμῖν
1150 1891 1177 1942 ὁ
1227 1887 1551 1957 θεοπάτωρ·
1585 1907 1603 1939 ι
1639 1887 1724 1939 Ἀ-

1826 1881 1946 1952 ejus
1971 1880 2118 1934 °'?t
2157 1880 2420 1951 quoniam
2479 1879 2740 1934 misertus
2792 1888 2880 1935 est
2935 1878 3083 1935 Deus
3146 1880 3421 1951 desperati

132 1977 370 2041 κουστάς
416 1979 637 2049 ποιήσει
671 1980 856 2043 πάσας
904 1980 1003 2043 τάς
1055 1979 1296 2046 αἰνέσεις
1353 1978 1553 2045 aha-05;
1586 1996 1604 2029 ι
1639 1978 1721 2031 ὃτι

128 2070 372 2140 ἠλέησεν
398 2072 433 2123 ό.
451 2070 592 2150 ρεὺς
635 2071 727 2125 τὸν
756 2072 1187 2142 ἀπεγνωσμένον
1229 2072 1359 2125 λαὸν
1397 2070 1587 2135 αὑτοῦ,
1627 2072 1723 2124 καὶ

132 2163 204 2215 τά
234 2162 503 2218 διεστῶτα
542 2166 680 2235 πρὸς
719 2165 850 2237 μίαν
884 2164 1092 2235 συνῆψε
1142 2165 1380 2229 πίστεως
1431 2164 1720 2236 ἁρμονίαν.

139 2273 158 2305 ι
196 2255 317 2308 Ὅτι
351 2254 544 2326 ήγειρε
576 2257 747 2327 κέρας
804 2258 1088 2330 σωτηρίας
1129 2260 1263 2328 ἡμῖν
1288 2276 1305 2308 ι
1346 2260 1439 2312 καὶ
1486 2257 1727 2328 ἀνορθώ-

138 2362 281 2407 σεως
328 2346 386 2398 ὲν
410 2346 544 2417 οἴκῳ
577 2348 669 2400 καὶ
698 2347 933 2418 θεοὸὁχῳ
964 2346 1078 2419 ναῷ
1109 2348 1203 2402 τοῦ
1237 2346 1562 2419 μονογενοῦς
1594 2346 1725 2400 Υίοῦ

136 2439 333 2510 αὐτοῦ,
383 2441 594 2511 Κυρίου
635 2441 692 2494 δὲ
720 2443 815 2497 καὶ
853 2442 992 2497 Θεοῦ
1022 2446 1117 2499 καὶ
1141 2446 1394 2515 Σωτῆρος
1418 2443 1576 2515 ήμῶν
1623 2445 1726 2514 ’1η-

132 2530 231 2583 σοῦ
274 2531 543 2601 Χριστοῦο
578 2532 780 2597 οἵτινές
841 2534 963 2587 ἐστε
1007 2536 1164 2605 ὑμεῖς
1206 2534 1520 2603 ἀγιώτατοι,
1556 2535 1651 2588 καὶ
1678 2535 1726 2588 οἱ

131 2622 204 2674 τὰ
239 2621 471 2694 δεύτερα
521 2624 663 2678 κατά
693 2625 897 2695 θεσμὸν
939 2627 1033 2680 καὶ
1080 2626 1237 2692 τάξιν
1278 2626 1603 2697 Ἐκκλησίας
1634 2626 1731 2695 φέ-

138 2731 325 2783 ροντες
374 2715 528 2786 ὑμῶν
582 2716 901 2787 θεοοτεφείς
934 2718 1287 2788 τροπαιοῦχοι
1335 2719 1427 2771 καὶ
1456 2718 1728 2788 θεοψήφιο

135 2825 257 2860 στοι
305 2808 547 2877 βασιλεῖς
599 2809 759 2881 ήμῶν
790 2811 887 2864 καὶ
915 2810 1177 2864 δεσπόται
1213 2812 1313 2882 τῆς
1341 2811 1681 2882 οἰκουμένης
1706 2828 1720 2842 ·

134 2901 410 2972 ἱερωσύνη
443 2902 553 2971 γὰρ
585 2901 868 2972 βασιλείας
900 2903 1175 2974 ἀγιασμός
1203 2907 1320 2959 ἐστι
1347 2905 1443 2957 καὶ
1471 2905 1730 2958 ἀναστοι-

133 2989 376 3059 χείωσις,
414 2992 511 3044 καὶ
565 2991 813 3062 βασιλεία
868 2991 1173 3062 ἱερωσύνης
1240 2994 1392 3062 ἰσχὺς
1455 2994 1547 3047 καὶ
1596 3010 1728 3065 κρα·

131 3080 377 3150 ταίωμα.
430 3083 567 3153 Περὶ
627 3074 701 3134 ὧν
753 3082 919 3150 σοφός
958 3098 1017 3134 τε
1043 3082 1180 3148 ἄναξ
1209 3083 1303 3135 καὶ
1333 3084 1391 3135 ὲν
1418 3081 1733 3151 βασιλεῦσιν

1827 1974 2012 2045 populi
2049 1973 2159 2039 sui,
2202 1983 2255 2028 et
2288 1973 2546 2028 distantia
2578 1973 2643 2027 ad
2674 1988 2842 2028 unam
2868 1972 2992 2028 fidei
3031 1972 3255 2043 collegit
3287 1973 3419 2029 har-

1826 2069 2091 2122 moniam.
2127 2087 2146 2119 (
2198 2066 2264 2120 Ει
2312 2066 2489 2121 ert-sit
2545 2082 2715 2121 cornu
2756 2067 2951 2123 salutis
2993 2066 3151 2122 nobis
3180 2065 3227 2098 ε’
3256 2106 3272 2131 ,
3312 2085 3331 2119 ι
3368 2074 3423 2121 et

1826 2161 2150 2216 directionis
2186 2159 2241 2213 in
2275 2160 2461 2225 domo,
2489 2170 2541 2214 et
2573 2160 2857 2215 dominum
2890 2161 3189 2229 recipiente
3218 2159 3423 2229 templo

1826 2252 2094 2326 unigeniti
2121 2252 2242 2307 Filii
2282 2252 2390 2318 sui,
2434 2250 2649 2306 Domini
2694 2252 2946 2307 videlicet
2981 2250 3075 2306 Dei
3105 2267 3171 2307 ac
3225 2250 3422 2306 Salva-

1830 2344 1964 2400 toris
1990 2344 2163 2400 nostri
2192 2341 2321 2399 Jesu
2345 2343 2551 2399 Christi
2585 2361 2598 2398 :
2635 2343 2783 2414 quod
2814 2343 2950 2399 estis
2982 2357 3079 2398 vos
3127 2342 3416 2399 sanctissi-

1828 2437 2173 2507 mi",atque
2200 2436 2256 2490 hi
2287 2437 2379 2505 qui
2410 2444 2592 2505 partes
2611 2436 2882 2492 secundas
2912 2434 3173 2490 Ecclesiae
3201 2441 3423 2505 portant

1827 2544 1922 2598 per
1951 2527 2125 2596 legent
2158 2536 2211 2580 et
2240 2528 2487 2581 ordinem
2536 2526 2800 2582 Ecclesia:
2833 2535 3070 2592 nostrae,
3109 2525 3418 2595 triumpha-

1829 2608 1975 2674 tores
2031 2620 2241 2675 scilicet
2309 2634 2373 2673 ae
2433 2618 2700 2674 divinitus
2756 2618 2992 2674 redimiti
3051 2633 3149 2673 seu
3206 2616 3417 2674 decreti

1810 2712 2105 2782 .principes
2138 2712 2308 2766 nostri
2348 2719 2402 2765 et
2434 2710 2641 2765 domini
2678 2721 2950 2766 terrarum
2995 2711 3175 2767 orbis.
3225 2707 3423 2767 Sacer-

1830 2805 2041 2858 dotium
2128 2803 2272 2857 enim
2328 2803 2543 2873 imperii
2595 2803 2962 2858 sanctificatio
3024 2812 3110 2859 est
3150 2813 3232 2860 .et
3285 2819 3422 2860 con-

1833 2897 2083 2959 stitutio,
2112 2904 2166 2951 et
2198 2896 2491 2966 imperium
2523 2896 2818 2950 sacerdotii
2857 2893 3125 2951 fortitudo
3152 2904 3208 2951 et
3230 2895 3420 2952 firma-

1833 2997 2125 3043 mentum:
2173 2988 2243 3043 de
2286 2987 2490 3057 quibus
2560 2990 2778 3058 sapiens
2812 2990 3035 3059 quidam
3077 2990 3334 3061 princeps
3364 2998 3420 3046 et

1843 3082 1900 3136 in
1959 3081 2167 3137 sanctis
2240 3083 2463 3151 regibus
2529 3082 2887 3139 beatissimus
2942 3083 3067 3138 ait:
3114 3082 3416 3139 Maximum

129 3172 311 3239 ἁγίοις
351 3172 460 3243 ἔφη
532 3175 999 3245 μακαριστότατος
1030 3192 1041 3204 ·
1072 3174 1345 3243 Μέγιστον
1380 3174 1551 3245 δῶρον
1600 3175 1724 3238 Θεὸς

1835 3172 2039 3227 donum
2080 3170 2221 3228 Deus
2270 3172 2585 3229 hominibus
2632 3172 2908 3244 praestitit,
2966 3173 3337 3229 sacerdotium
3367 3186 3423 3231 ct

130 3238 460 3333 ἀνθρώποις-
510 3238 786 3337 παρέσχεν
861 3238 1182 3338 ἱερωσύνην⁷
1259 3267 1354 3320 καὶ
1417 3238 1724 3336 βασιλείαν·

1838 3264 2127 3331 imperium
2163 3283 2176 3317 :
2207 3264 2339 3319 illud
2372 3264 2593 3334 quidem
2627 3238 2904 3320 adornans
2939 3275 2992 3321 et
3016 3282 3214 3337 regens
3244 3268 3419 3323 coale-

131 3352 231 3423 τὴν
302 3352 400 3423 μὲν
452 3355 519 3409 τά
568 3356 799 3427 οὐράνια
859 3358 1318 3428 κατακοσμοῦσαν
1363 3359 1458 3411 καὶ
1509 3358 1727 3412 διέπουο

131 3462 253 3511 σαν,
287 3445 382 3517 τήν
412 3446 469 3500 δὲ
495 3446 845 3514 οίακίζουσαν
873 3452 1095 3519 θεσμοῖς
1122 3450 1353 3513 δικαίοις
1388 3450 1455 3504 τά
1486 3450 1723 3517 ἐπίγεια.

129 3538 248 3591 Νῦν
325 3538 544 3609 ἀληθῶς
594 3542 656 3592 τδ
711 3543 1032 3610 μεσότοιχον
1070 3540 1164 3594 τοῦ
1222 3540 1483 3612 φραγμοῦ
1544 3543 1725 3595 διαλέ-

128 3632 322 3694 λυται,
379 3633 475 3685 καὶ
533 3632 825 3705 συμφωνία
885 3633 1177 3705 κατάρχει,
1225 3622 1566 3703 διαφωνίας,
1631 3636 1727 3689 καὶ

130 3708 443 3775 ύποκύπτει
479 3723 675 3779 ἐνώσει
733 3724 1019 3797 διαίρεσις,
1055 3728 1149 3780 καὶ
1198 3726 1430 3799 φροῦδος
1483 3729 1724 3799 κατέστη

125 3813 451 3876 διάστασις·
491 3816 651 3885 καὶή
701 3818 890 3889 εἰρήνη
962 3817 1051 3871 τοῦ
1109 3819 1248 3873 Θεοῦ
1297 3821 1330 3891 ή
1373 3821 1724 3892 ὑπερέχουσα

135 3907 321 3959 πάντα
368 3904 516 3970 νοῦν,
546 3906 789 3977 φαιδρῶς
840 3908 1119 3978 πομπεύει
1163 3909 1244 3980 τῷ
1290 3911 1592 3982 προσώπῳ,
1628 3912 1724 3965 καλ⁵

130 4000 636 4070 παρῤησιαστικῶς
672 3999 1039 4057 πολιτεύεται.
1100 4003 1218 4057 Νῦν
1251 4022 1270 4055 ι
1294 4004 1358 4058 Oi
1398 4003 1722 4074 γενηθέντες

132 4090 295 4158 ἡμεῖς
346 4088 552 4153 ὄνειδος
595 4093 711 4154 τοῖς
770 4090 978 4159 γείτοσι
1054 4093 1151 4147 καὶ
1187 4094 1508 4164 συνομόροις
1540 4095 1719 4164 ήμῶν,

132 4182 521 4252 μυκτηρισμὸς
545 4184 641 4237 καὶ
660 4182 969 4255 χλευασμὸς
1000 4188 1113 4249 τοῖς
1142 4186 1331 4257 κύκλῳ
1353 4187 1530 4259 ήμῶν,
1558 4207 1576 4239 ι
1612 4190 1719 4242 κάκ

123 4271 322 4325 τούτου
356 4273 491 4342 πρὸς
528 4273 632 4343 γῆν
681 4275 992 4344 κεχηνότες,
1021 4275 1100 4338 είς
1142 4276 1406 4345 οὐρανοὺς
1459 4276 1717 4346 ἐκθύμως

126 4359 592 4429 συνανανεύομεν,
625 4362 719 4415 καὶ
767 4360 1060 4431 ψαλμικῶς
1112 4364 1169 4415 ἐν
1217 4363 1538 4432 ἀγαλλιάσει
1586 4367 1716 4419 ἀνα-

124 4450 408 4520 κράζομεν
442 4467 455 4481 ⁸
501 4470 519 4505 ι
551 4452 640 4504 Ἐν
664 4452 840 4523 τούτῳ
898 4452 1091 4521 ἔγνων,
1144 4455 1220 4507 ’ότι
1279 4455 1577 4526 τεθέ).ηκάς
1623 4474 1711 4527 με,

125 4544 209 4594 ὅτι
339 4541 415 4614 μὴ
441 4544 680 4615 ἐπιχαρῇ
709 4543 738 4596 ό
764 4544 957 4615 ἐχθρός
1009 4562 1111 4615 μου
1157 4547 1244 4598 ἐπ’
1280 4547 1424 4617 ὲμοί.
1454 4566 1472 4598 ι
1513 4547 1709 4617 Κάμοῦ
1745 4584 1787 4639 D

122 4634 186 4686 δὲ
214 4631 303 4685 διὰ
333 4632 432 4703 τὴν
461 4633 701 4687 ἀκακίαν
735 4636 829 4688 καὶ
874 4635 1154 4707 ἁπλότητα
1208 4637 1388 4708 πλάνῃ
1443 4642 1711 4709 περιτραέ

120 4724 325 4787 πέντος
354 4724 675 4787 ἀπελάεου,
710 4726 805 4778 καὶ
835 4725 1107 4789 διασώσας
1143 4743 1208 4797 με
1254 4728 1581 4797 ἀνέστησας,
1615 4727 1711 4779 καὶ

118 4816 219 4867 ἐπὶ
246 4815 344 4886 τὴν
390 4816 596 4888 πέτραν
624 4810 725 4884 τῆς
754 4818 1122 4887 ἀποστολικῆς
1184 4818 1420 4885 πίστεως
1444 4820 1570 4881 τοὺς
1603 4837 1712 4888 χω-

117 4907 396 4971 λὰιναντάς
429 4926 531 4978 μου
564 4908 731 4971 πόδας
754 4908 1084 4979 κατέπηξας.

202 4998 392 5053 Ταῦτα
420 5000 515 5052 καὶ
548 4999 616 5054 τά
640 5000 853 5064 τούτοις
878 5000 1116 5071 γράφειν
1141 5001 1289 5071 ἡμᾶς
1324 4998 1539 5072 συνῳδά
1566 5019 1710 5073 παρ-

118 5088 439 5144 εσκεύασαν
495 5091 553 5144 αἱ
606 5091 968 5163 θεοχάρακτοι
996 5092 1173 5149 δέλτοι
1228 5094 1406 5163 ὑμῶν,
1440 5094 1508 5157 ἃς
1556 5111 1716 5148 κανοο

125 5181 270 5251 νικῷ
301 5185 617 5253 κινούμενοι
658 5183 830 5254 νόμῳ,
867 5185 962 5237 καὶ
991 5186 1461 5257 πατροπαραδότῳ
1491 5186 1717 5258 εὐταξίᾳ

121 5273 557 5343 ποδηγούμενοι,
589 5278 703 5339 τοῖς
750 5276 881 5339 τοὺς
936 5277 1329 5340 ἀποστολικοὺς
1385 5277 1606 5349 θρόνους
1640 5277 1717 5331 δι-

120 5362 286 5417 έπειν
312 5365 538 5436 λαχοῦσι
563 5366 651 5420 διά
699 5367 986 5440 ξυνωρίδος
1016 5369 1177 5436 ἀγίας
1203 5370 1297 5423 καὶ
1328 5368 1591 5431 εὐλαὸοῦς
1623 5369 1717 5421 καὶ

120 5456 460 5528 θεοδηγήτου
514 5458 876 5529 πεπόμφατε·
930 5462 1128 5526 οἵτινες
1202 5462 1550 5531 ἀφικόμενοι,
1624 5462 1718 5514 καὶ

116 5548 270 5601 κατά
294 5548 429 5602 Θεοῦ
452 5548 707 5621 βούλησίν
719 5568 775 5605 τε
802 5554 893 5605 καὶ
914 5553 1191 5608 ὲπίνευσιν
1207 5556 1581 5627 ὑπηντηκὸτες
1605 5558 1717 5618 τοῖς

196 5685 251 5720 ⁷⁸
298 5688 443 5745 Psal.
474 5707 526 5744 ιι
555 5736 568 5753 ,
596 5692 650 5745 9.
725 5693 771 5723 "
830 5690 961 5745 Luc.
1007 5708 1045 5757 t,
1080 5692 1166 5746 73.
1244 5697 1289 5729 ⁸ο
1346 5692 1493 5747 Psal.
1560 5708 1647 5756 cv,
1684 5693 1741 5747 ‘2.

1832 3358 1956 3421 stin,
2019 3357 2120 3411 hoc
2151 3372 2280 3411 vero
2309 3357 2625 3427 gubernans
2667 3358 2880 3427 legibus
2910 3358 3077 3428 justis
3111 3359 3415 3416 terrestria.

1834 3450 1993 3506 Nunc
2033 3452 2297 3505 veraciter
2323 3451 2535 3506 medius
2567 3452 2821 3507 maceria:
2851 3454 3034 3522 paries
3067 3452 3281 3509 solutus
3308 3463 3417 3517 est,

1826 3552 1880 3596 et
1911 3541 2205 3597 concordia
2256 3543 2548 3597 discordia:
2593 3544 2959 3614 priucipatur,
2995 3553 3051 3598 et
3081 3526 3406 3599 incurvatur

1827 3632 2022 3687 unitati
2055 3633 2272 3699 divisio,
2304 3643 2355 3688 et
2381 3633 2504 3704 fuga
2533 3633 2680 3704 lapsa
2720 3634 3003 3704 disparuit
3028 3635 3368 3690 dissonantia
3400 3652 3413 3688 :

1824 3735 1878 3779 et
1912 3739 2017 3794 pax
2053 3724 2147 3779 Dei
2174 3739 2297 3794 qua':
2326 3737 2620 3794 exsuperat
2650 3741 2867 3781 omnem
2893 3742 3138 3790 sensum,
3165 3727 3413 3796 jucunde

1825 3818 1974 3873 vultu
2017 3818 2346 3887 triumphat,
2387 3826 2441 3872 et
2478 3816 2804 3873 fiducialiter
2845 3827 3221 3874 conversatur.
3258 3818 3419 3873 Nunc

1825 3924 1926 3965 nos
1986 3929 2005 3961 ι
2057 3910 2150 3980 qui
2202 3909 2332 3965 facti
2383 3909 2664 3965 fueramus
2728 3911 3082 3981 opprobrium
3141 3911 3334 3966 vicinis
3364 3921 3418 3965 et

1823 4000 2076 4056 aﬂinihus
2114 4001 2337 4064 nostris,
2378 4000 2735 4064 subsannatio
2760 4009 2814 4053 et
2868 4000 3074 4054 derisio
3111 3999 3196 4055 his
3238 4000 3410 4070 quiin

1820 4094 2058 4147 circuitu
2092 4104 2281 4148 nostro
2316 4101 2445 4167 sunt
2478 4091 2599 4158 “,1
2634 4106 2698 4144 ac
2723 4106 2821 4160 per
2842 4090 2947 4145 hoc
2975 4090 3041 4144 ad
3065 4100 3264 4145 terram
3297 4106 3411 4160 pra:

1818 4186 2144 4242 confusione
2172 4185 2593 4255 prospicientes,
2630 4184 2699 4238 ad
2730 4184 2900 4239 caelos
2925 4183 3170 4251 unanimi
3202 4184 3409 4238 alacri-

1819 4286 1927 4331 tate
1948 4276 2303 4346 suspicimus.
2325 4287 2377 4330 et
2392 4276 2682 4346 psallentes
2710 4276 2762 4329 in
2786 4275 3153 4330 exsultatione
3186 4276 3405 4344 procla-

1818 4384 2034 4422 mamus
2069 4386 2081 4421 :
2116 4386 2134 4419 ι
2175 4367 2234 4421 lu
2270 4368 2373 4422 hoc
2406 4367 2637 4436 cognovi
2680 4405 2695 4430 ,
2728 4366 2987 4436 quoniam
3032 4365 3253 4420 voluisti
3300 4382 3406 4431 me,

1818 4462 1943 4528 quia
1981 4477 2086 4515 non
2135 4460 2391 4529 gaudebit
2434 4460 2690 4514 inimicus
2730 4453 2885 4513 meus
2933 4473 3096 4529 super
3153 4474 3238 4513 me
3266 4459 3334 4512 ⁸⁵.
3380 4479 3398 4510 ι

1817 4550 1901 4606 Me
1932 4561 2115 4606 autem
2170 4560 2393 4622 propter
2463 4550 2829 4605 innocentiam
2891 4560 2945 4604 et
2992 4550 3401 4619 simplicitatem

1820 4644 2023 4699 erroris
2051 4641 2281 4716 [errore]
2302 4642 2618 4717 titubantem
2652 4642 2964 4713 suscepisti,
2988 4652 3041 4696 ct
3072 4642 3286 4696 salvum
3316 4658 3404 4696 mc

1823 4736 2030 4791 faciens
2062 4737 2320 4800 erexisti,
2353 4744 2408 4789 et
2451 4752 2615 4805 super
2669 4747 2873 4804 petram
2927 4734 3243 4804 apostolica:
3277 4734 3401 4789 lidci

1821 4828 2195 4883 claudicantes
2236 4828 2399 4897 pedes
2432 4842 2581 4881 meos
2617 4826 2864 4881 inlixisti.

1891 5003 2017 5058 Haec
2055 5012 2108 5057 et
2139 5002 2224 5055 his
2263 5000 2609 5057 concinentia
2644 5000 2886 5055 scribere
2927 5014 3027 5054 nos
3063 4998 3308 5054 fecerunt
3332 4999 3415 5053 di-

1826 5097 2028 5150 vinitus
2065 5102 2290 5150 exarata
2348 5093 2629 5147 volumina
2690 5101 2908 5158 vestra,
2968 5105 3092 5162 quae
3142 5092 3411 5145 canonica

1824 5189 1955 5242 moti
1988 5188 2105 5257 lege
2129 5228 2145 5255 ,
2175 5194 2229 5241 et
2277 5191 2525 5256 paterna:
2556 5183 2865 5239 traditionis
2919 5181 3209 5250 disciplina
3232 5180 3405 5239 docti.

1825 5281 1910 5334 liis
1940 5280 2033 5350 qui
2072 5278 2501 5349 apostoliearum
2562 5276 2772 5330 sedium
2827 5274 3183 5328 moderamen
3230 5274 3411 5327 sortiti

1824 5383 1975 5436 sunt,
2020 5388 2114 5442 per
2155 5369 2481 5424 reverendas
2512 5378 2565 5431 et
2602 5384 2631 5421 a
2667 5368 2773 5421 Deo
2799 5364 3042 5421 directas
3078 5365 3229 5435 bigas
3261 5364 3411 5417 misi-

1824 5466 1963 5517 stis:
2005 5463 2099 5532 qui
2142 5463 2542 5532 pervenientes,
2572 5468 2626 5514 εἰ
2682 5474 2779 5529 per
2825 5459 2920 5513 Dei
2981 5458 3318 5511 voluntatem
3344 5470 3411 5510 ac

1825 5568 2015 5610 nutum
2040 5566 2392 5610 occurrentes
2424 5554 2515 5609 Dei
2545 5552 2851 5609 cultoribus
2888 5552 3151 5606 fratribus
3180 5550 3408 5618 nostris,

1818 5692 1858 5723 "
1899 5693 2027 5746 ibid.
2105 5692 2151 5724 “
2194 5692 2327 5746 Luc.
2392 5708 2431 5757 t,
2474 5690 2567 5745 69.
2645 5690 2692 5722 ⁸³
2726 5693 2923 5745 Anast.
2979 5688 3132 5743 verb.
3158 5732 3171 5755 ,
3212 5707 3231 5739 ι
3264 5687 3405 5754 Quia

121 5758 341 5862 ariuma?
366 5763 601 5862 retinnit
652 5762 997 5832 patriarchae,
1025 5778 1150 5818 nam
1195 5764 1430 5832 psimum
1466 5766 1518 5819 in
1562 5763 1799 5821 Ecclesia
1842 5764 2020 5820 locum
2066 5763 2348 5832 possident
2377 5762 2712 5819 sacerdotes.
2750 5780 2767 5812 ι
2847 5764 2894 5793 ει
2926 5760 3067 5816 Ιέιιι.
3096 5761 3402 5822 LxsvutJ.

198 5826 346 5885 Psal.
381 5848 445 5885 ιι.
466 5872 478 5893 ,
507 5832 589 5887 1'3.
