4092 6438
176 367 312 434 1473

1603 368 2007 429 ΕΡΙΒΤΟιΕ.

3315 369 3447 438 μη

192 486 333 540 Ἀλλ’
365 487 414 537 εἰ
439 484 536 554 μὶν
560 485 641 547 εις
662 484 758 548 τὰς
783 486 1070 554 ἡμετέρας
1100 485 1193 536 καὶ
1221 485 1384 552 μόνον
1401 482 1598 552 ψυχὰς,
1627 483 1761 552 ἐφη-

1866 487 1918 538 ἱη
1967 485 2150 541 linem.
2190 486 2295 543 Sed
2321 487 2366 539 si
2418 487 2466 538 in
2511 498 2719 542 vestras
2774 487 3155 542 tantummodo
3213 489 3447 547 animas,

175 595 278 647 μεν
330 577 468 645 πρὸς
528 577 752 640 αὐτοὺς,
790 579 1110 644 συνηντείτο
1172 576 1200 627 ὁ
1225 573 1492 638 κίνδυνος,
1518 570 1664 643 εἶχεν
1694 575 1758 625 ἂν

169 671 200 720 ό
231 669 390 736 λόγος
420 667 576 735 ὑμῶν
627 667 687 718 τὸ
729 667 949 736 βέὸαιον
979 684 992 696 ι
1033 667 1158 719 ἐπεὶ
1190 667 1247 718 δὲ
1288 664 1431 718 κατά
1459 665 1638 717 κοινοῦ
1666 665 1760 716 τοῦ

173 761 274 830 τῆς
292 758 624 829 Ἐκκλησίας
655 759 986 830 προέρχεται
1011 759 1284 828 σώματος,
1307 757 1435 810 ποία
1465 756 1618 810 ἐσται
1640 757 1763 826 όνη-

175 870 262 916 σις
290 871 304 917 ;
341 851 548 922 μᾶλλον
613 841 673 904 δε
701 854 852 904 ποῖον
878 852 978 904 οὐκ
1003 851 1158 903 ἔσται
1196 849 1415 920 βλάϐος,
1469 850 1651 902 κτίσαι
1681 850 1762 900 ol-

173 943 412 1014 κοδομὴν
463 942 785 1014 ὲπίσαθρον,
817 943 912 996 καὶ
940 941 1173 1012 στερροῦ
1206 941 1458 1011 θεμελίου
1493 941 1764 1011 χηρεύου-

175 1052 316 1099 σαν;
357 1036 451 1086 καὶ
507 1033 646 1097 πῶς,
667 1033 876 1101 ἔλεγον,
911 1033 944 1104 ἢ
987 1033 1126 1103 ποίῳ
1173 1032 1451 1104 προσώπῳ
1477 1033 1611 1103 πρὸς
1640 1031 1765 1092 τοὺς

174 1126 594 1188 ἀπεσταλκότας
644 1127 791 1197 ἡμᾶς
825 1125 1169 1195 ὲπανὴξομεν
1194 1164 1208 1186 ,
1236 1124 1628 1194 ἐπιφερόμενοι
1659 1140 1765 1192 μη-

171 1219 266 1270 δὲν
321 1218 430 1270 τῶν
486 1218 630 1270 κατά
692 1216 918 1286 γνώμην
953 1216 1139 1279 αὐτοῖς
1173 1215 1548 1285 ἐλπιζομένων
1577 1232 1591 1279 ;
1620 1213 1764 1283 Πρὸς

172 1308 347 1362 ταῦτα
365 1309 706 1379 ἠπορηκότες
719 1306 1256 1379 ήμεῖςγινώσκοντές
1280 1325 1340 1359 τε
1354 1307 1478 1368 τοὺς
1500 1306 1766 1374 θεοφιλεῖς

175 1399 440 1468 ἀδελφοὺς
465 1400 622 1470 ἡμῶν
663 1401 921 1470 Ἰωάννην
955 1401 1051 1453 καὶ
1078 1399 1284 1468 Θωμᾶν
1314 1397 1464 1469 ζήλῳ
1509 1398 1636 1469 θείῳ
1665 1402 1766 1469 τῆς

174 1490 462 1558 όρθοδόξου
513 1492 968 1561 κεκοσμημένους
1021 1492 1286 1556 πίστεως,
1315 1492 1408 1544 δύο
1466 1493 1638 1560 ἁγίων
1671 1492 1766 1543 καὶ

179 1581 436 1649 μεγάλων
489 1565 846 1651 πατριιαρχῶν
888 1579 1206 1656 όμοψύχους
1247 1579 1764 1656 συγκέλλουςιγενο-

179 1672 400 1740 μένους,
436 1673 497 1724 ού
535 1671 643 1742 μὴν
673 1671 808 1725 ἀλλά
844 1654 937 1725 καὶ
973 1673 1072 1740 τῆς
1104 1671 1390 1739 ἀγιοποιοῦ
1422 1654 1651 1741 ἡσυχίας
1677 1670 1766 1724 δν-

177 1780 275 1825 τας
305 1765 560 1834 ἐραστὰς,
584 1763 796 1835 ἔφημεν
828 1763 963 1834 πρὸς
985 1762 1211 1824 αὐτούς’
1235 1762 1341 1814 Ἴδε
1372 1764 1583 1832 καιρὸς,
1615 1763 1769 1815 ἀδελ-

1865 578 2106 631 diximus
2131 581 2194 631 ad
2223 593 2339 640 eos,
2377 580 2761 634 cohauriretur
2794 581 2839 611 ⁸³
2871 581 3196 650 periculum,
3225 581 3448 637 haberet

1866 669 2007 723 forte
2023 686 2202 725 sermo
2227 680 2407 727 vester
2434 673 2674 740 aliquam
2710 671 3041 726 firmitatem.
3077 676 3141 726 At
3171 688 3300 726 vero
3323 673 3448 741 quia

1866 772 2057 815 contra
2091 778 2386 816 commune
2416 780 2612 832 corpus
2649 763 2896 832 procedit
2933 763 3218 826 Ecclesiae,
3259 763 3444 833 qualis

1865 852 1970 905 erit
1993 853 2312 921 prolectus?
2347 854 2457 906 imo
2485 854 2662 922 qualis
2695 869 2801 907 non
2827 853 2930 906 erit
2954 855 3124 916 laesio,
3154 855 3447 908 aedilicium

1866 953 2182 997 construere
2221 960 2389 1013 super
2425 946 2793 1013 ptttredinem,
2827 956 2880 998 et
2913 944 3070 996 firmo
3099 944 3450 1003 fundamento

1869 1034 2140 1102 privatum
2165 1034 2187 1086 ἲ
2208 1043 2262 1108 et
2293 1035 2589 1103 quomodo,
2623 1036 2916 1104 inquiunt,
2948 1035 3029 1088 vel
3071 1050 3177 1104 qua
3217 1033 3354 1089 facie
3381 1037 3448 1093 ad

1865 1141 1958 1179 cos
1981 1126 2075 1193 qui
2116 1139 2216 1180 nos
2247 1127 2534 1188 miserunt,
2570 1127 2889 1188 redibimus,
2927 1127 3062 1179 nihil
3108 1140 3297 1180 eorum
3329 1141 3449 1194 qua

1867 1217 2167 1270 secundum
2197 1228 2382 1270 votum
2408 1233 2563 1271 suum
2588 1219 2900 1286 Sperabam,
2923 1219 3146 1291 omnino
3181 1216 3449 1271 ferentes?

1866 1304 1948 1358 Ad
1977 1305 2089 1358 [nec
2125 1306 2439 1360 deficientes
2480 1321 2601 1370 nos,
2640 1308 2985 1372 scientesque
3032 1305 3142 1358 Deo
3183 1305 3449 1359 amabiles

1871 1396 2067 1452 fratres
2103 1405 2342 1462 nostros,
2373 1397 2639 1453 Joannem
2667 1399 2871 1451 scilicet
2909 1408 2962 1451 et
2995 1397 3286 1461 'l‘homatn,
3331 1398 3452 1452 zelo

1867 1488 2055 1543 divino
2088 1490 2408 1543 orthodoxa:
2463 1489 2583 1542 fidei
2630 1487 2923 1543 adornatos
2951 1528 2964 1550 ,
3002 1497 3165 1556 atque
3209 1488 3448 1542 duorum

1869 1592 2185 1635 sanctorum
2218 1590 2271 1634 et
2322 1597 2646 1651 magnorum
2679 1580 3124 1653 patriarcharum
3153 1579 3447 1650 syncellos.

1870 1673 2000 1743 quin
2039 1682 2092 1726 et
2117 1672 2537 1727 sanctiﬁcandos
2567 1672 2887 1743 [sanctiﬁci]
2919 1671 3122 1725 silentii
3146 1680 3448 1736 amatores,

1869 1765 2119 1819 diximus
2151 1765 2216 1817 ad
2249 1780 2380 1817 eos:
2425 1763 2562 1817 Ecce
2627 1773 2862 1832 tempus,
2911 1761 3133 1824 fratres,
3162 1770 3451 1830 acceptum

179 1855 272 1921 φοὶ
306 1855 614 1924 πρόσφορος
658 1855 956 1925 σωτηρίας,
992 1853 1088 1907 καὶ
1135 1853 1369 1924 ἡσυχίας
1395 1853 1596 1924 μᾶλλον
1627 1853 1765 1922 ὑψη-

1869 1856 2088 1922 salutis,
2123 1865 2176 1909 ct
2208 1855 2426 1909 silentio
2452 1855 2832 1910 excellentius.
2865 1854 2941 1910 lte
2965 1871 3089 1910 cum
3127 1855 3256 1910 viris
3308 1855 3449 1922 istis,

177 1944 442 2016 λότερνιςξ
465 1944 769 2015 πορεύεσθε
811 1944 909 1997 σὺν
971 1947 1082 2006 τοῖς
1142 1943 1371 2013 ἀνδράσι
1409 1945 1642 2006 τούτοις,
1672 1943 1768 1996 καὶ

176 2033 279 2102 τὴν
298 2033 439 2102 ὑπὲρ
470 2032 651 2101 αὐτῶν
681 2032 991 2101 ἀπολογίαν
1038 2032 1393 2096 ἀναδέξασθε.
1436 2032 1546 2086 Καὶ
1578 2033 1768 2104 διηγή-

179 2122 344 2174 σασθε
375 2122 525 2195 ζώσῃ
554 2124 728 2192 φωνῇ,
762 2121 798 2175 ἃ.
824 2121 912 2174 διὰ
940 2123 1290 2194 γραμμάτων
1338 2123 1606 2196 γνωρίσαι
1654 2125 1769 2186 τοῖς

176 2212 468 2278 δεσπόταις
499 2213 656 2284 ἡμῶν
691 2214 964 2284 παρέλκον
1003 2213 1309 2285 ἡγούμεθα.

250 2307 475 2372 Οἴδατε,
518 2307 665 2366 ὅπως
714 2305 806 2358 διὰ
837 2305 1181 2377 βραχυτάτης
1229 2310 1570 2382 κατηγορίας
1595 2308 1769 2378 ἐξόρι-

179 2411 305 2458 στος
339 2395 563 2462 γέγονεν
597 2394 706 2445 ἀπὸ
750 2393 1027 2463 δισχιλίων
1084 2398 1329 2466 σημείων
1373 2399 1401 2450 ὁ
1429 2396 1523 2450 τὸν
1578 2396 1767 2468 Θρόνον

180 2485 360 2556 λαχὼν
408 2487 617 2539 διέπειν
663 2485 757 2539 τοῦ
801 2486 1130 2556 ἀδελφοθέου
1167 2487 1450 2542 Ἰακώδου.
1499 2489 1766 2560 Ὀπηνίκα

179 2580 238 2633 δὲ
257 2581 319 2632 τὸ
346 2580 440 2632 τοῦ
470 2578 606 2632 Θεοῦ
648 2578 809 2652 ἔργον
835 2579 941 2650 πλη
952 2579 1186 2650 ρὼσητε,
1223 2582 1318 2634 καὶ
1337 2581 1436 2652 τὴν
1458 2581 1766 2652 κρατοῦσαν

179 2672 548 2744 ἀποστολικὴν
579 2673 882 2741 παράδοσιν
915 2673 972 2725 έν
1003 2676 1122 2736 ταῖς
1141 2673 1490 2744 Ἐκκλησίαις
1513 2674 1606 2727 τοῦ
1627 2673 1764 2727 Θεοῦ

180 2769 298 2828 ταῖς
331 2767 451 2819 κατ’
483 2765 760 2833 Αἴγυπτον
792 2765 884 2817 καὶ
909 2765 1108 2834 Συρίαν
1139 2769 1248 2830 τοῖς
1285 2767 1579 2829 δεσπόταις
1609 2769 1765 2837 ἡμῶν

181 2859 511 2928 γνωρίσητε,
567 2857 872 2928 τηνικαῦτα
907 2858 968 2910 τὸ
1027 2859 1368 2928 ποθούμενον
1405 2861 1534 2930 ὑμῖν
1583 2861 1764 2914 ἀσπά-

182 2951 373 3003 σασθε.
412 2951 523 3003 Καὶ
577 2950 694 3012 πῶς
743 2952 926 3020 ἡμεῖς,
981 2951 1346 3016 ἀπεκρίναντο
1372 2990 1387 3012 ,
1423 2951 1631 3005 ἰδιῶται
1671 2953 1764 3004 καὶ

179 3045 421 3112 ἀγνῶτες
450 3044 622 3107 ὄντες,
651 3045 746 3096 καὶ
805 3043 942 3107 πρὸς
972 3042 1071 3111 τὴν
1101 3042 1365 3095 ὑπόθεσιν
1392 3042 1640 3105 ἀσθενῶς
1667 3044 1763 3095 καὶ

183 3135 413 3206 ἀμαθῶς
472 3136 725 3206 ἔχοντες,
787 3133 1274 3204 κατατολμήσομεν
1329 3136 1612 3203 χρήματος
1662 3133 1761 3203 τὴν

182 3199 454 3297 ἡμετέραν
473 3199 573 3279 ύπε
584 3226 902 3296 ρδάλλοντος
923 3199 1154 3294 δύναμιν
1173 3199 1194 3287 -ς
1233 3199 1503 3277 Ἀλλ’-ὁδε
1527 3199 1758 3277 εὐτελῶν
1792 3199 1834 3257 c

182 3321 276 3372 καὶ
313 3319 557 3382 ἰδιωτῶν,
585 3319 916 3387 ἀντέφημεν,
944 3318 1273 3388 ἐνεργήσας,
1297 3318 1406 3370 τῶν
1431 3318 1601 3386 ἁγίων
1628 3319 1762 3369 ἀπο-

185 3411 409 3474 στόλων,
435 3428 507 3481 φη
518 3411 600 3479 μὶ,
631 3412 724 3463 καὶ
756 3410 823 3462 δι’
851 3409 1030 3476 αὐτῶν
1057 3409 1348 3478 ζωγρήσας
1383 3409 1481 3478 τὴν
1509 3408 1764 3478 οἰκουμέ-

183 3517 280 3569 νην
315 3502 495 3551 πᾶσαν
525 3498 660 3568 πρὸς
694 3498 940 3566 ὑπακοὴν
972 3496 1069 3549 τοῦ
1101 3496 1262 3563 λόγου
1289 3497 1387 3565 τῆς
1421 3497 1588 3550 αὑτοῦ
1614 3499 1762 3549 οίκο-

181 3590 396 3659 νομίας,
441 3589 673 3659 Χριστὸς
702 3590 731 3640 ό
757 3589 888 3651 Θεὸς
952 3589 1108 3658 ἡμῶν
1156 3589 1382 3650 δυνατός
1423 3590 1541 3640 ὲστι
1580 3587 1765 3640 δοῦναι

182 3683 313 3752 ὑμῖν
345 3682 500 3750 λόγον
535 3683 592 3733 ὲν
625 3679 826 3744 ἀνοίξει
855 3679 950 3732 τοῦ
983 3679 1254 3750 στόματος
1291 3678 1447 3749 ὑμῶν
1471 3719 1486 3742 ,
1520 3681 1656 3751 πρὸς
1705 3681 1765 3732 τὸ
1788 3707 1816 3723 -

181 3776 577 3846 ἀναπληρῶσαι
626 3775 718 3826 τὸν
780 3774 982 3826 σκοπὸν
1043 3775 1135 3826 καὶ
1190 3774 1447 3844 φρόνημα
1490 3775 1599 3832 τῶν
1629 3777 1764 3846 μήτε

179 3869 487 3937 γράμματα
519 3865 839 3935 δυναμένων
865 3864 1158 3930 δέξασθαι,
1185 3865 1312 3933 μηδ’
1339 3865 1409 3918 αὖ
1441 3865 1765 3935 τολμώντων

179 3960 389 4030 γράψαι
418 3958 450 4028 ἢ
483 3956 681 4029 γρύξαι
712 3974 763 4010 τι
793 3957 922 4026 περὶ
966 3956 1076 4009 τῶν
1123 3956 1404 4010 τοιούτων.
1446 3959 1507 4010 Ol
1553 3957 1612 4010 δὲ
1648 3957 1767 4010 θεο-

183 4049 357 4119 φιλεῖς
378 4050 550 4112 ὄντες,
585 4049 677 4101 καὶ
729 4049 977 4118 ὑπακοῆς
1016 4049 1122 4100 υίοὶ
1149 4048 1470 4117 πεφηνότες,
1507 4048 1766 4117 ἐπείσθη-

187 4159 281 4195 σαν
417 4141 562 4209 λόγῳ
593 4139 771 4210 ἡμῶν,
805 4140 898 4191 καὶ
924 4134 1073 4204 εἶξαν
1117 4141 1182 4208 τῇ
1234 4139 1600 4209 παρακλήσει.
1656 4137 1765 4200 Οὓς

185 4237 307 4304 μετ’
332 4233 584 4295 ὲκτενοῦς
614 4219 1112 4304 προσπεπομφότες
1141 4230 1306 4300 εὐχῆς
1329 4272 1344 4296 ,
1376 4232 1470 4284 καὶ
1498 4234 1670 4300 χαρὰν
1702 4229 1763 4281 ού

179 4327 281 4396 τὴν
309 4325 575 4395 τυχοῦσαν
609 4328 720 4388 τοῖς
747 4322 1100 4378 ἀποσταλεϊσι
1157 4323 1601 4394 προεξενηκότες,
1623 4321 1765 4376 οὔτω

178 4418 588 4486 διεσπάσθημεν
645 4417 740 4469 ἀπ’
781 4415 1028 4485 ἀλλήλων
1078 4416 1220 4485 μετὰ
1265 4416 1468 4484 πολλῆς
1510 4414 1764 4486 δακρύων

1869 1956 1920 2002 et
1942 1964 2039 2017 pro
2060 1948 2140 2002 eis
2153 1947 2456 2017 apologiam
2482 1947 2745 2001 assutnile
2769 1965 2785 2014 ;
2805 1956 2859 2001 et
2874 1957 3127 2002 enarrate
3151 1948 3271 2002 viva
3295 1962 3446 2012 voce,

1869 2057 1990 2111 qua:
2019 2056 2112 2109 per
2136 2041 2344 2092 litteras
2364 2038 2618 2093 intimare
2641 2040 2879 2094 dominis
2900 2041 3104 2094 nostris
3126 2056 3288 2110 supra
3310 2042 3450 2094 vires

1868 2147 1994 2188 esse
2023 2131 2276 2201 conjicim
2287 2146 2369 2184 us.

1942 2304 2128 2360 Nostis
2157 2308 2300 2361 enim
2332 2306 2567 2376 qualiter
2608 2323 2702 2376 per
2735 2308 2988 2378 pusillam
3032 2309 3443 2364 accusationem

1868 2401 2022 2452 exsul
2055 2397 2232 2452 factus
2261 2399 2330 2453 sit
2362 2415 2393 2453 a
2423 2399 2506 2454 bis
2537 2401 2778 2455 millibus
2819 2402 3100 2470 signorum
3133 2401 3220 2455 ille
3261 2404 3350 2473 qui
3381 2404 3450 2457 ad

1869 2488 2162 2556 regendum
2195 2488 2453 2542 thronum
2503 2488 2692 2544 fratris
2739 2490 2952 2544 Domini
2989 2492 3222 2547 sortitus
3252 2502 3334 2546 est
3358 2491 3451 2546 Ja-

1867 2580 2010 2633 cobi.
2040 2581 2179 2633 (lum
2209 2584 2406 2634 'autem
2443 2594 2583 2650 Opus
2610 2581 2703 2636 Dei
2753 2582 3203 2652 adimpIcVeritis,
3242 2593 3296 2638 et
3317 2599 3450 2655 apo-

1867 2657 2116 2722 stolicam
2155 2671 2505 2724 traditionem
2546 2688 2668 2742 quae
2703 2683 2921 2728 tenetur
2953 2675 3008 2727 in
3056 2673 3320 2730 Ecelesiis
3354 2690 3451 2744 per

1867 2759 2162 2831 Egyptum
2194 2771 2246 2814 et
2273 2762 2509 2832 Syriam,
2539 2765 2778 2819 dominis
2822 2767 3028 2819 nostris
3071 2766 3340 2836 cognitam
3374 2765 3451 2819 fe-

1867 2854 2073 2914 ceritis,
2111 2862 2240 2907 tunc
2283 2854 2430 2922 quod
2486 2870 2516 2906 a
2549 2856 2704 2910 vobis
2749 2857 3089 2910 desideratur
3115 2897 3130 2922 ,
3164 2858 3450 2927 amplecti-

1867 2944 2018 2997 mini.
2055 2944 2120 2997 Et
2141 2945 2415 3013 quomodo
2468 2959 2586 3007 nos.
2627 2947 3028 3016 responderunt
3055 2988 3069 3012 ,
3107 2949 3289 3002 idiota:
3322 2965 3448 3003 cum

1866 3037 2040 3089 simus
2069 3045 2123 3089 et
2157 3037 2466 3104 inexpcrtes
2505 3035 2622 3106 [σι’.
2659 3037 2874 3109 ignoti],
2902 3048 2956 3092 et
2987 3040 3053 3091 ad
3085 3051 3290 3093 tantam
3323 3056 3451 3094 cau-

1867 3142 1984 3181 sam
2015 3127 2214 3180 infirmi
2244 3136 2296 3180 et
2330 3127 2557 3192 indocti,
2621 3143 3020 3197 praesumemus
3079 3131 3320 3200 arripere
3353 3149 3450 3186 ne-

1867 3220 2071 3290 gotium
2088 3219 2229 3287 quod
2254 3220 2508 3274 virtutem
2533 3230 2781 3274 nostram
2804 3232 3094 3290 exsuperat
3119 3223 3268 3277 ?Sed
3293 3226 3450 3278 Chri-

1865 3324 1981 3366 stus
2027 3311 2172 3365 Deus
2225 3320 2432 3378 noster,
2462 3314 2554 3381 qui
2605 3327 2701 3381 per
2747 3313 3051 3369 vilissitnos
3082 3325 3135 3369 et
3167 3317 3384 3382 idiotas,
3418 3333 3451 3372 ο

1865 3403 2093 3474 vesngio
2124 3405 2382 3466 diximus,
2416 3411 2734 3473 cooperatus
2767 3413 2871 3469 est,
2909 3417 3150 3472 sanctos,
3186 3407 3438 3477 inquam,

1865 3497 2139 3566 apostolos
2163 3537 2177 3558 ,
2218 3505 2271 3549 et
2309 3490 2418 3564 ’ρει-
2449 3510 2545 3548 eos
2579 3497 2765 3549 orbem
2814 3505 3083 3574 terrarum
3128 3503 3364 3568 captavit
3401 3501 3448 3534 "

1866 3590 1931 3643 ad
1966 3587 2331 3642 obedientiam
2389 3587 2538 3642 verbi
2591 3587 3022 3656 dispensationis
3067 3605 3219 3657 sum,
3259 3599 3450 3659 potens

1865 3686 1949 3732 est
1976 3678 2106 3730 dare
2139 3678 2295 3732 vobis
2354 3693 2664 3732 sermonem
2697 3679 2749 3733 in
2782 3681 3064 3749 apertione
3107 3685 3218 3737 oris
3260 3685 3448 3752 vestri,

1865 3768 1930 3820 ad
1979 3768 2341 3836 supplendum
2395 3769 2750 3823 intentionem
2792 3781 2847 3825 et
2886 3787 3106 3827 sensum
3137 3789 3324 3828 eorum
3354 3779 3448 3846 qui

1867 3875 2043 3928 neque
2069 3859 2275 3914 litteras
2308 3861 2606 3929 quiverunt
2630 3862 2929 3931 suscipere,
2969 3880 3142 3934 neque
3179 3867 3300 3920 ausi
3320 3877 3450 3922 sunt

1866 3951 2128 4017 scribere,
2165 3953 2245 4006 vel
2287 3968 2453 4022 super
2489 3954 2692 4009 talibus
2741 3957 2987 4024 quolibet
3032 3959 3192 4013 modo
3222 3961 3443 4018 mutire.

1865 4042 1966 4110 Qui
2003 4060 2125 4098 eum
2169 4045 2259 4098 Dei
2311 4054 2495 4100 essent
2542 4057 2842 4111 amatores,
2873 4051 3198 4106 ohedientiae
3226 4052 3319 4106 lilii
3348 4070 3446 4122 ap—

1865 4144 2141 4204 parentes,
2173 4135 2498 4189 obedierunt
2528 4136 2692 4192 verbo
2721 4148 2908 4192 nostro
2931 4180 2946 4205 ,
2979 4152 3031 4194 ct
3051 4143 3444 4211 acquieverunt

1865 4226 2161 4280 bortationi
2187 4244 2198 4278 :
2220 4241 2363 4297 quos
2379 4241 2504 4280 cum
2531 4229 2740 4295 prolixa
2763 4231 3146 4298 promittentes
3177 4236 3442 4300 oratione,

1864 4325 1917 4369 et
1947 4317 2203 4385 gaudium
2266 4332 2371 4369 non
2424 4318 2802 4386 qualecunque
2842 4319 2928 4372 his
2961 4320 3057 4389 qui
3097 4321 3250 4376 missi
3295 4333 3444 4387 sunt,

1865 4408 2239 4473 conciliantes,
2288 4409 2466 4463 taliter
2501 4409 2702 4462 divulsi
2752 4426 2943 4465 sumus
2985 4414 3288 4468 ahinvicem
3319 4431 3443 4470 eum

180 4509 413 4578 χύσεως.
464 4509 632 4579 Ἀλλ’,
659 4501 705 4560 ὦ
733 4508 1032 4574 ἁγιώτατοι
1067 4507 1166 4559 καὶ
1207 4506 1615 4577 μακαριώτατοι
1637 4547 1652 4571 ,
1685 4508 1762 4571 ὼς

1867 4503 2034 4554 multa
2070 4502 2435 4572 lacrymarum
2473 4500 2760 4556 effusione.
2795 4503 3016 4569 Verum,
3054 4503 3442 4562 osa'nctissimi

180 4602 394 4670 πρέπον
431 4603 545 4654 ἐστὶ
570 4603 637 4670 τῇ
666 4602 909 4669 πατρικῇ
944 4598 1235 4666 δεσποτεία
1284 4597 1437 4668 ὑμῶν
1463 4641 1476 4662 ,
1508 4599 1759 4667 ἀσμένως

178 4698 302 4756 τοὺς
332 4694 596 4761 ἀδελφοὺς
633 4693 790 4763 ἡμῶν
817 4690 1170 4756 ὑποδέξασθε,
1206 4692 1436 4751 καὶτοῖς
1470 4691 1760 4754 δεσπόταις

178 4789 277 4856 τῆς
307 4787 639 4856 οἰκουμένης
669 4786 802 4854 ἄτερ
849 4785 1117 4853 συστολῆς
1144 4783 1240 4836 καὶ
1280 4783 1624 4854 ἀνθρωπίνου
1664 4785 1762 4850 φό-

182 4877 275 4931 ϐου
312 4877 725 4945 παραστήσατε.
757 4875 949 4938 ’Ἐξετε
980 4874 1086 4944 γάρ
1140 4875 1337 4938 αὐτοὺς
1362 4875 1760 4944 ἐπισταμένους

180 4968 426 5038 ἀκριϐῶς
469 4968 578 5018 τῶν
622 4967 792 5037 τριῶν
827 4965 1203 5019 ἀποστολικῶν
1245 4965 1452 5034 θρόνων
1505 4967 1603 5035 τὴν
1628 4966 1760 5036 όμο-

179 5061 442 5129 νοητικήν
471 5076 527 5111 τε
564 5059 659 5111 καὶ
693 5058 984 5128 σύμφωνον
1018 5057 1331 5128 ὀρθοδοξίαν
1360 5074 1374 5089 ·
1405 5059 1602 5121 οἵτινες
1661 5060 1760 5122 τὰς

183 5152 343 5217 ἁγίας
377 5153 473 5202 καὶ
518 5151 907 5220 οἰκουμενικάς
957 5151 1014 5216 ἒξ
1044 5151 1297 5214 συνόδους
1321 5150 1622 5221 ὁμοερώνως
1656 5169 1759 5222 κη-

187 5242 489 5310 ρύττουσιν,
520 5241 717 5311 ἑτέραν
775 5242 913 5310 πρὸς
964 5241 1214 5307 ταύταις,
1273 5243 1341 5314 ἣν
1378 5245 1474 5296 καὶ
1525 5244 1759 5313 ἑϐδόμην

181 5331 326 5393 τινὲς
351 5331 696 5401 θρυλλοῦσιν,
718 5332 779 5384 ού
812 5333 1189 5402 προσιέμενοι,
1211 5333 1344 5386 ἀλλὰ
1365 5334 1597 5402 πάμπαν
1622 5337 1758 5386 ἀπο-

183 5421 525 5492 ϐαλλόμενοι,
563 5423 638 5482 ὡς
669 5424 760 5475 ἐπὶ
795 5423 1115 5494 καθαιρέσει
1159 5424 1268 5477 τῶν
1298 5424 1677 5477 ἀποστολικῶν
1697 5442 1758 5476 τε

181 5518 277 5570 καὶ
297 5515 693 5570 διδασκαλικῶν
729 5517 1082 5586 παραδόσεων
1127 5516 1631 5588 συναθροισθεῖσαν,
1666 5517 1759 5569 καὶ

180 5604 289 5656 τῶν
328 5604 488 5656 θείων
521 5604 614 5656 καὶ
656 5602 870 5655 σεπτῶν
913 5604 1140 5658 εἰκόνων
1191 5605 1469 5674 ἀναιρέσει
1544 5607 1635 5657 καὶ
1673 5605 1758 5668 ὲξο

252 5742 298 5772 ⁸⁸
333 5741 420 5795 Sic
441 5740 604 5794 etiam
662 5741 714 5792 in
745 5739 954 5804 Graeco,
984 5740 1077 5795 sed
1112 5739 1254 5797 forte
1311 5741 1505 5797 melius
1531 5781 1545 5806 ,
1580 5744 1900 5798 cooriretur.
1941 5741 2113 5795 llttnn.

184 5812 399 5880 melius,
436 5811 738 5882 captivavit.
775 5808 946 5863 Hann.

1865 4603 1920 4645 et
1950 4593 2271 4656 beatissimi,
2309 4601 2360 4646 ut
2389 4593 2546 4648 decet
2565 4601 2846 4664 paternam
2881 4594 3307 4652 dominationem
3344 4610 3442 4654 ve-

1865 4691 2058 4746 stram,
2090 4682 2321 4752 beuigne
2340 4681 2537 4738 fratres
2574 4693 2791 4740 nostros
2818 4688 3102 4756 suscipite,
3132 4700 3184 4743 et
3210 4689 3446 4747 dominis

1864 4773 2014 4828 orbis
2043 4775 2247 4844 absque
2266 4776 2637 4831 subtractione
2667 4777 2746 4830 vel
2775 4779 2969 4831 timore
3011 4779 3291 4834 hominum
3309 4797 3446 4850 prte-

1865 4874 2109 4920 sentate:
2141 4867 2410 4921 habebitis
2439 4868 2583 4922 enim
2636 4883 2732 4922 eos
2777 4871 3015 4924 scientes
3044 4871 3251 4941 liquido
3279 4875 3445 4928 trium

1865 4959 2286 5028 apostolicarum
2321 4960 2531 5013 sedium
2585 4962 2970 5017 concinentem
3013 4973 3067 5018 et
3107 4966 3444 5019 concordan-

1865 5058 1970 5102 tem
2004 5049 2384 5104 orthodoxiam
2413 5070 2426 5104 :
2459 5053 2551 5120 qui
2610 5063 2833 5108 sanctas
2867 5063 2922 5107 et
2971 5055 3308 5110 universales
3348 5072 3445 5112 sex

1864 5141 2102 5210 synodos
2160 5156 2291 5195 voce
2360 5157 2598 5196 consona
2647 5145 2964 5213 praedicant,
3010 5148 3168 5201 aliam
3224 5148 3292 5201 ad
3325 5152 3443 5215 has,

1863 5249 2027 5303 quam
2060 5241 2113 5286 et
2139 5234 2423 5302 septimam
2453 5235 2675 5302 quidam
2708 5239 3052 5292 susurrando
3086 5251 3441 5309 nuncupant,

1863 5326 2173 5379 nullatenus
2234 5323 2626 5388 admittentes,
2665 5328 2776 5380 imo
2835 5329 3011 5382 modis
3055 5331 3309 5386 omnibus
3355 5348 3443 5386 re-

1867 5426 2145 5486 spuentes,
2175 5416 2434 5470 nimirum
2490 5425 2569 5484 ut.
2594 5417 2796 5472 dudum
2849 5420 2901 5472 in
2934 5422 3355 5489 apostolicarum
3390 5433 3447 5478 et

1868 5509 2317 5578 magisterialium
2370 5511 2727 5566 traditionem
2794 5513 3218 5582 dcpositio‘nem,
3279 5527 3446 5587 atque

1870 5616 2149 5655 sacrarum
2184 5616 2248 5656 ac
2290 5604 2683 5658 venerabiliutn
2737 5605 3030 5674 imaginum
3077 5607 3445 5679 interempto-

2228 5741 2272 5773 "
2308 5742 2400 5798 Sic
2428 5743 2591 5798 etiam
2627 5744 2679 5798 in
2708 5745 2916 5814 Graeco,
2959 5746 3053 5802 scd
3085 5755 3264 5803 tamen
3308 5749 3447 5806 forte
