4092 6438
672 390 808 449 1475

1763 390 1823 447 S.
1856 389 2163 448 TABASII
2206 387 2711 446 PATMIARCIL‘E
2752 388 2860 447 (ΞΡ.

3822 387 3927 450 Η.τό

669 510 790 553 nem
821 502 875 549 et
903 494 1588 557 abolitionem,collectam.
1619 493 1731 549 Vos
1760 504 1966 559 autem,
2000 495 2239 550 sanctis-

2345 494 2554 562 αλείψει
2576 512 2590 526 ο
2622 494 2776 564 ὑμεῖς
2810 495 2887 557 δὲ,
2927 495 3259 562 ἁγιώτατοι,
3314 514 3649 569 πεπυρσευρ
3664 502 3777 553 ένοι
3824 504 3923 573 θείς.

634 578 794 651 ,εὶὴιί
853 587 1035 640 divino
1087 586 1345 639 illustrati
1404 586 1521 640 zelo
1548 628 1563 651 ,
1595 597 1996 642 consentaneas
2029 602 2250 656 quoque

667 679 926 731 habentes
954 677 1217 732 divinitus
1240 679 1649 732 conservandos
1674 678 1946 744 dominos,
1972 679 2063 748 qui
2097 678 2250 747 justo

667 768 885 820 decreto
917 765 1011 820 Dei
1040 767 1091 819 in
1119 767 1275 821 vobis
1308 770 1578 837 imperare
1609 769 1954 837 prmordinati
2001 777 2148 834 sunt,
2173 770 2248 823 si-

665 858 779 911 mul
808 859 974 912 etiam
1027 866 1081 911 ct
1125 873 1151 909 a
1188 861 1302 911 Deo
1343 859 1735 927 protegendum
1785 870 1839 913 et
1886 860 2247 915 muniendum

666 962 913 1004 senatum
947 951 1239 1021 praevalcte
1277 959 1331 1003 et
1364 950 1596 1014 viriliter
1624 953 1765 1020 agite
1785 995 1799 1018 ,
1826 960 1877 1004 et
1907 949 2248 1006 conlortetur

665 1058 759 1094 tZO!‘
834 1052 1075 1095 vestrum
1128 1043 1217 1106 θ’,
1274 1056 1491 1096 omnem
1550 1043 1971 1098 inobedientiam
2033 1053 2248 1113 aposto-

665 1134 770 1187 lice
824 1134 1186 1194 ulciscentes.
1228 1141 1281 1188 et
1338 1134 1406 1187 ad
1464 1133 1664 1189 Christi
1725 1134 2087 1189 obedientiam
2149 1150 2246 1189 co-

665 1234 933 1294 aptantes.

735 1316 871 1389 Illud
922 1326 1106 1371 autem
1155 1326 1414 1387 tanquam
1465 1320 1835 1374 necessarium
1869 1334 2033 1389 penes
2058 1320 2245 1388 ponti-

665 1392 874 1463 ﬁcalem
918 1411 1127 1479 apicem
1159 1421 1397 1465 vestrum
1445 1413 1902 1467 commonendum
1952 1412 2241 1478 ducimus;

665 1512 723 1557 ut
750 1502 795 1557 si
828 1500 1166 1570 bcneplacite
1200 1514 1524 1556 cunctorum
1562 1504 1702 1573 regis
1726 1546 1740 1569 ,
1766 1503 1969 1556 Christi
1997 1503 2244 1555 videlicet

668 1584 756 1647 Dei
791 1594 987 1655 nostri.
1010 1601 1061 1647 et
1084 1607 1272 1647 eorum
1292 1594 1383 1662 qui
1409 1609 1530 1647 cum
1556 1608 1622 1646 eo
1643 1608 1869 1659 regnare
1899 1604 2240 1659 meruerunt,

668 1685 758 1739 Dei
795 1685 1002 1739 scilicet
1028 1685 1330 1739 amicorum
1351 1695 1403 1739 et
1426 1685 1879 1752 triumphatorum
1899 1685 2240 1743 dominorum

663 1789 1002 1842 nostrorum,
1050 1776 1336 1852 volueritis
1382 1777 1659 1831 celebrare
1691 1777 1957 1846 synodum
1986 1791 1998 1830 :
2028 1794 2095 1829 ne
2127 1790 2244 1830 mo-

662 1870 799 1923 lesta
863 1868 1018 1921 vobis
1072 1877 1329 1935 appareat
1378 1868 1538 1921 trium
1574 1867 2233 1937 apostolicarumsedium

664 1959 930 2011 almorum
968 1957 1428 2026 patriarcharum,
1486 1965 1539 2012 et
1594 1957 2063 2011 sanctissimorum
2120 1959 2237 2027 epi-

663 2064 978 2118 scoporum,
1009 2048 1103 2117 qui
1136 2049 1241 2102 sub
1272 2048 1405 2117 ipsis
1435 2048 1677 2119 degunt,
1712 2048 1955 2101 absentia
1980 2087 1994 2112 ,
2033 2062 2139 2101 non
2170 2063 2236 2101 ex

663 2146 881 2214 proprio
905 2160 1097 2199 eorum
1145 2144 1400 2199 accidens
1452 2144 1765 2213 proposito,
1800 2144 1891 2198 sed
1934 2159 2003 2198 ex
2047 2153 2237 2197 tenen-

666 2237 799 2289 tium
838 2250 932 2288 seu
986 2234 1386 2288 dominantium
1444 2234 1552 2288 illis
1611 2234 1944 2288 terribilibus
1986 2235 2150 2288 minis
2186 2243 2240 2289 et

663 2329 958 2384 :r-ortil'eris
992 2327 1193 2399 pomis.
1223 2327 1337 2383 lloc
1370 2338 1551 2383 autem
1578 2328 1833 2383 subtilius
1876 2337 1958 2383 est
1984 2329 2237 2383 conside-

662 2422 892 2474 randum
928 2421 1091 2474 etiam
1129 2421 1200 2474 ab
1260 2420 1378 2489 ipsa
1428 2436 1583 2475 sacra
1647 2430 1701 2474 et
1758 2421 2051 2475 universali
2087 2431 2237 2476 sexta

661 2512 892 2583 synodo,
927 2511 981 2565 in
1015 2527 1121 2581 qua
1146 2512 1327 2566 nullus
1361 2526 1548 2566 eorum
1593 2511 1686 2581 qui
1728 2527 1822 2580 per
1854 2500 1994 2566 idem
2030 2521 2239 2582 tempus

663 2602 717 2654 in
764 2602 848 2656 his
880 2602 1127 2670 partibus
1170 2601 1409 2669 episcopi
1449 2610 1625 2666 erant,
1652 2602 1969 2657 convenisse
1991 2614 2238 2671 repertus

663 2698 746 2745 est
779 2700 994 2759 propter
1042 2690 1405 2744 obscenorum
1437 2690 1817 2744 obtinentium.
1862 2689 1968 2744 Sed
2026 2693 2234 2745 nullum

661 2795 727 2834 ex
761 2781 863 2835 hoc
889 2791 1093 2835 sancta:
1120 2780 1349 2835 adhresit
1374 2781 1584 2851 synodo
1626 2781 1991 2850 praeiudicium
2018 2801 2031 2837 :
2063 2799 2237 2851 neque

664 2874 806 2929 vires
830 2875 1019 2928 habuit
1042 2874 1340 2944 prohibitio
1368 2874 1548 2944 aliqua
1575 2875 1845 2928 statuendi
1872 2883 1927 2927 et
1951 2874 2236 2929 manifesta

665 2964 904 3017 faciendi
935 2974 1083 3017 recta
1112 2963 1365 3032 dogmata
1398 2964 1635 3033 pietatis,
1660 2964 1932 3033 prmcipue
1956 2979 2078 3017 cum
2111 2977 2237 3017 san-

663 3058 939 3111 ctissimus
971 3066 1025 3110 et
1058 3055 1395 3125 apostolicus
1429 3071 1564 3124 papa
1613 3054 1895 3110 Romanus
1937 3056 2236 3109 concorda-

662 3149 824 3211 verit,
855 3159 909 3202 et
944 3149 998 3200 in
1049 3162 1111 3200 ea
1147 3147 1402 3201 inventus
1435 3146 1509 3199 sit
1558 3161 1652 3213 per
1680 3146 2061 3213 apocrisiarios
2086 3162 2235 3201 suos.

669 3243 729 3293 Et
751 3254 917 3303 nunc,
952 3238 1302 3315 sanctissimi,
1342 3240 1443 3291 hoc
1460 3252 1583 3291 cum
1627 3237 1831 3291 auxilio
1862 3236 1952 3289 Dei
1987 3238 2239 3292 similiter

665 3333 778 3387 liat.
807 3330 943 3387 Nam
979 3333 1120 3386 sicut
1149 3342 1276 3385 tunc
1305 3330 1449 3383 illius
1475 3331 1607 3383 ﬁdes
1635 3330 1689 3382 in
1725 3330 1875 3384 orbis
1927 3338 2083 3384 terrae
2118 3346 2232 3400 per-

665 3423 852 3477 sonuit
886 3421 1047 3487 ﬁnes,
1084 3422 1156 3473 ita
1210 3430 1263 3474 et
1320 3419 1509 3490 synodi
1545 3434 1663 3487 qua:
1701 3435 1848 3473 nunc
1888 3435 1985 3487 per
2008 3422 2237 3489 gratiam

666 3513 760 3569 Dei
814 3513 1194 3583 congreganda
1245 3522 1327 3565 est
1361 3527 1456 3580 per
1483 3511 1929 3567 interventionem
1974 3522 2238 3581 vestram,

664 3616 719 3660 et
750 3605 866 3674 ejus
894 3604 988 3674 qui
1019 3604 1330 3657 moderatur
1350 3603 1718 3671 apostolorum
1747 3604 2005 3673 principis
2035 3604 2237 3667 sedem,

668 3696 1052 3765 praedicabitur
1092 3696 1145 3748 in
1195 3695 1344 3749 omni
1379 3695 1497 3747 loco
1546 3695 1639 3764 qui
1675 3695 1773 3748 sub
1803 3696 1916 3749 sole
1948 3705 2058 3761 cst;
2091 3697 2239 3750 vide-

668 3788 794 3840 licet
845 3800 968 3855 quae
1001 3784 1281 3855 tyranniee
1311 3784 1592 3837 destructa
1639 3793 1796 3849 sunt,
1834 3785 2071 3853 erigens,
2102 3793 2156 3839 ct
2186 3784 2238 3839 in

667 3878 943 3947 antiquam
1008 3884 1064 3930 et
1124 3874 1479 3944 apostolicam
1515 3876 1819 3931 rel'ormans
1872 3878 2238 3932 traditionem.

668 3972 838 4025 Porro
869 3971 934 4023 ad
963 3970 1318 4024 munitionem
1354 3968 1640 4022 humilium
1684 3967 1991 4021 litterarum
2027 3979 2241 4024 nostra-

670 4079 813 4127 rum,
864 4061 1403 4129 satisfactionemQue
1450 4060 1803 4114 beatitudinis
1852 4061 2242 4117 dominationis

668 4165 879 4218 vestrm,
904 4163 1066 4222 atque
1103 4154 1366 4207 victorum
1423 4161 1475 4205 et
1524 4151 1981 4220 trimnphatornm
2008 4154 2243 4221 impera-

670 4260 850 4303 torum
914 4258 1247 4309 nostrorum,
1301 4244 1683 4313 conspeximus
1754 4245 1915 4299 etiam
1965 4246 2244 4314 exemplar

672 4340 1069 4410 Synodicorum
1094 4338 1364 4392 Theodori
1394 4347 1593 4391 sancta:
1628 4337 1903 4390 memoria:
1933 4334 2112 4390 Patris
2144 4352 2243 4390 no-

670 4429 767 4480 stri
818 4438 870 4479 et
912 4426 1236 4495 patriarcha:
1288 4426 1786 4496 Hierosolymorum
1845 4425 2239 4493 subjiciendum

2354 585 2502 655 ζήλῳ
2541 587 2917 656 ὑπάρχοντες,
2949 586 3271 658 σύμφρονάς
3314 608 3374 642 τε
3408 592 3535 655 τοὺς
3559 594 3760 663 δικαίᾳ
3788 595 3924 665 ένῆῗλὲ

2353 676 2489 729 Θεοῦ
2522 676 2833 746 βασιλεύειν
2882 679 3038 747 ὑμῶν
3081 681 3485 751 προκριθέντας
3533 683 3927 752 θεοξυλάκτιυς

2352 768 2621 831 δεσπότας
2656 768 2889 839 ἔχοντες,
2925 771 3042 841 ἅμα
3068 770 3123 822 δὲ
3150 773 3244 825 καὶ
3261 773 3362 843 τὴν
3390 774 3675 844 θεοσκεπῆ
3709 778 3807 829 καὶ
3836 776 3925 830 θια-

2350 859 2620 928 τείχιστον
2660 859 2990 929 σύγκλητον,
3053 860 3310 931 ἰσχύσατε
3346 864 3440 917 καὶ
3472 866 3827 935 ἀνδρίζεσθε,
3852 873 3926 920 καὶ

2352 950 2735 1020 κραταιούσθω
2770 953 2801 1021 ἡ
2833 951 3034 1022 καρδία
3069 953 3246 1022 ὑμῶν,
3268 958 3451 1009 πᾶσαν
3476 960 3783 1029 παρακοὴν
3816 964 3929 1013 ἀπο.

2353 1041 2619 1104 στολικῶς
2668 1043 3089 1110 διεκδικοῦντες,
3123 1048 3215 1100 καὶ
3265 1051 3343 1110 είς
3400 1049 3503 1119 τὴν
3557 1050 3662 1103 τοῦ
3711 1053 3927 1121 Χριστιῦ

2350 1134 2599 1202 ὑπακοὴν
2629 1133 3093 1205 μεθαρμόζοντες.

2434 1311 2646 1364 Ἐκεῖνο
2697 1311 2753 1363 δὲ
2806 1313 3306 1385 ὑπομιμνήσκομεν
3331 1357 3346 1381 ,
3386 1321 3462 1382 ὡς
3504 1322 3819 1389 ἀναγκαῖον
3844 1326 3929 1395 τὴν

2350 1402 2675 1472 ίεραρχικὴν
2708 1405 2865 1475 ὑμῶν
2905 1406 3182 1475 κορυφὴν,
3220 1409 3336 1476 εῖγε
3387 1412 3615 1483 εὐδοκία
3668 1415 3768 1466 τοῦ
3799 1433 3929 1485 παμ-

2347 1494 2613 1557 ϐασιλέως
2672 1497 2910 1564 Χριστοῦ
2961 1497 3056 1550 τοῦ
3090 1498 3223 1551 θεοῦ
3281 1502 3459 1570 ἡμῶν,
3500 1508 3601 1555 καὶ
3650 1506 3763 1557 τῶν
3800 1508 3931 1575 afui;

2350 1586 2775 1655 συμϐασιλεύειν
2833 1588 3157 1657 ὰξιωμένων
3204 1590 3659 1648 θεοσεὸεστάτων
3697 1598 3795 1649 καὶ
3824 1615 3931 1668 τρο-

2347 1680 2625 1748 παιούχων
2666 1678 2945 1732 δεσποτῶν
2971 1680 3153 1750 ἡμῶν,
3179 1682 3535 1755 βουληθείητε
3561 1690 3929 1760 συγκροτῆται

2349 1768 2587 1829 σύνοδον,
2620 1769 2696 1839 μὴ
2736 1770 2984 1841 ἐπαχθὴς
3042 1772 3169 1841 ὑμῖν
3200 1775 3397 1844 φανείη
3442 1776 3557 1829 τῶν
3604 1779 3785 1846 τριῶν
3818 1782 3931 1830 άπι-

2347 1861 2610 1913 στολικῶν
2641 1859 2847 1931 Θρόνων
2904 1862 3015 1915 τῶν
3060 1865 3380 1932 ἁγιωτάτων
3424 1869 3820 1939 πατριαρχῶν,
3854 1875 3931 1922 καὶ

2344 1954 2453 2006 τῶν
2491 1952 2583 2006 ὑπ’
2608 1953 2806 2015 αὑτοὺς
2853 1955 3167 2009 ὁσιωτάτων
3199 1959 3520 2012 ἐπισκόπων
3558 1962 3592 2029 ἡ
3631 1962 3926 2033 ἀπόλειψις.

2346 2046 2420 2097 Οὑ
2448 2046 2557 2116 γὰρ
2597 2045 2657 2109 ἐξ
2704 2046 2914 2109 οἰκείας
2965 2047 3145 2100 αὑτῶν
3200 2050 3261 2101 τὸ
3293 2050 3553 2119 ἐμποδὼν
3597 2052 3929 2124 προθέσεως,

2344 2138 2477 2191 ἀλλὰ
2509 2139 2609 2207 τῆς
2643 2139 2753 2194 τῶν
2787 2140 3136 2211 κρατούντων
3189 2143 3282 2194 καὶ
3330 2144 3717 2214 κυριευόντων
3768 2147 3932 2200 αὐτῶν

2347 2230 2800 2300 φρικωδεστάτης
2827 2231 3246 2301 ὲπαπειλήσεως
3278 2235 3373 2287 καὶ
3402 2235 3803 2309 θανατηφόροι»
3829 2240 3932 2291 ἑπι-

2344 2325 2642 2392 τιμήσεως.
2685 2323 2858 2377 Τοῦτο
2882 2324 2939 2377 δὲ
2980 2325 3129 2377 ἔστιν
3158 2327 3561 2399 ἀκριϐέστερον
3590 2330 3837 2383 συνιδεῖν
3854 2334 3931 2383 καὶ

2344 2414 2453 2467 ἀπὸ
2488 2414 2587 2484 τῆς
2615 2416 2777 2483 ἁγίας
2811 2416 2907 2468 καὶ
2960 2415 3352 2486 οίκουμενικῆς
3392 2417 3568 2489 ἕκτης
3610 2421 3863 2481 συνόδου,
3887 2426 3934 2474 ἐν

2346 2498 2378 2577 ᾖ
2408 2504 2585 2568 οὐδεὶς
2617 2505 2727 2558 τῶν
2751 2490 2889 2559 κατὰ
2913 2506 3006 2558 τὸν
3035 2504 3228 2576 καιρὸν
3243 2506 3451 2560 ἐκεῖνον
3477 2509 3539 2560 ἐν
3564 2509 3797 2573 τούτοις
3825 2514 3933 2563 ἐπι.

2348 2597 2695 2650 σκοπούντων
2760 2602 2874 2662 τοῖς
2906 2599 3099 2672 μέρεσι
3127 2598 3421 2668 συναχθεὶς
3445 2600 3696 2671 εὓρηται
3736 2602 3827 2655 διά
3850 2606 3935 2672 τὴν

2344 2688 2453 2739 τῶν
2508 2687 2722 2760 μιαρῶν
2776 2690 3158 2757 ἐπικράτειαν,
3204 2689 3345 2742 Ἀλλ’
3376 2690 3499 2743 οὑδὲ
3550 2695 3619 2743 ἐκ
3652 2693 3853 2746 τούτου
3878 2699 3933 2763 τῇ

2344 2780 2474 2849 ἁγίᾳ
2532 2779 2735 2849 συνόδῳ
2794 2770 3077 2851 στρόκριμα
3130 2783 3464 2852 συνεπλάκη,
3528 2784 3646 2835 οὐδ’
3681 2782 3753 2838 αὖ
3808 2803 3937 2855 παρ-

2342 2869 2642 2938 ωμάρτησε
2672 2867 2908 2930 κώλυσίς
2942 2886 3026 2931 τις
3067 2871 3457 2940 συστήσασθαι,
3508 2876 3611 2925 καὶ
3658 2875 3938 2943 κατάδηῖρα

2344 2958 2477 3007 πᾶσι
2534 2960 2758 3027 ποιῆσαι
2799 2957 2869 3009 τὰ
2890 2958 3035 3028 ’ὀρθὰ
3064 2958 3165 3027 τῆς
3192 2960 3471 3022 εὐσεϐείας
3500 2962 3772 3031 δόγματα
3794 2981 3806 2991 '
3841 2966 3935 3032 μά-

2342 3044 2500 3097 λιστα
2527 3046 2621 3097 τοῦ
2646 3048 2952 3113 ἁγιωτάτου
2989 3050 3084 3100 καὶ
3123 3051 3485 3103 ἀποστολικοῦ
3519 3054 3693 3104 πάπα
3726 3054 3939 3123 Ῥώμης

2345 3141 2813 3210 συμφωνήσαντος
2839 3141 2976 3210 αὑτῇ
3020 3142 3114 3193 καὶ
3144 3142 3575 3212 συνευρεθέντος
3613 3145 3715 3197 διὰ
3742 3146 3853 3198 τῶν
3880 3151 3941 3197 οἰ-

2343 3231 2508 3284 κείων
2541 3232 2997 3302 άποκρισιαρίων.
3026 3235 3134 3287 Καὶ
3164 3234 3387 3304 ἀρτίως,
3424 3236 3773 3303 ἁγιώτατοι,
3794 3240 3941 3293 τοῦτο

2340 3323 2550 3390 γένοιτο
2581 3326 2677 3376 σὺν
2704 3323 2843 3394 Θεῷ.
2881 3326 2990 3378 Καὶ
3028 3324 3087 3377 ὃν
3124 3325 3325 3396 τρόπον
3357 3327 3687 3396 τηνικαῦτα
3730 3331 3942 3399 ἐκείνης

2341 3416 2588 3485 ὴπίστις
2619 3419 2698 3479 εἰς
2738 3417 2807 3469 τὰ
2834 3419 2933 3487 τῆς
2975 3417 3302 3488 οἰκουμένης
3361 3418 3641 3489 ἐξήχηται
3708 3424 3942 3493 πέρατα,

2340 3508 2481 3559 οὑτω
2505 3510 2598 3560 καὶ
2635 3508 2730 3577 τῆς
2758 3508 2876 3561 νυνὶ
2911 3508 3415 3580 άΟροισθησομένης
3452 3512 3718 3581 Χριστοῦ
3749 3517 3941 3584 χάριτι

2344 3600 2560 3651 συνόδου
2591 3598 2679 3651 διὰ
2715 3599 2994 3668 μεσιτείας
3017 3600 3171 3669 ὑμῶν
3202 3600 3418 3653 καὶτοῦ
3451 3602 3548 3654 τὸν
3572 3606 3947 3658 άποστολικέν

2342 3689 2531 3758 Θρόνον
2565 3689 2659 3741 τοῦ
2715 3690 3017 3759 κορυεραίου
3075 3690 3387 3757 διέποντος,
3424 3696 3864 3765 κηρυχθήσεται
3896 3700 3947 3748 ἐν

2341 3778 2439 3848 ὅλῃ
2471 3780 2537 3848 τῇ
2571 3778 2659 3846 ὑφ’
2690 3778 2828 3848 ἡλίῳ
2848 3794 2861 3808 ·
2893 3778 3094 3847 δηλαδὴ
3125 3779 3194 3831 τὰ
3224 3780 3577 3851 τυραννικῶς
3626 3799 3946 3851 καταστρα-

2344 3870 2514 3937 φέντα
2540 3868 2878 3941 ἁνορθούσης
2911 3911 2925 3934 ,
2957 3872 3051 3921 καὶ
3080 3871 3159 3931 εἰς
3199 3869 3260 3921 τὸ
3290 3873 3519 3940 ἀρχαῖον
3544 3873 3948 3925 άποκαθιστὼρ

2345 3980 2441 4033 σης
2470 3962 2613 4015 κατὰ
2643 3963 2743 4031 τὴν
2769 3961 3136 4030 ἁποστολικὴν
3167 3963 3489 4032 παράδοσιν,
3524 3964 3687 4035 Πρὸς
3733 3966 3792 4018 δὲ
3824 3965 3947 4034 ὀχύ-

2347 4072 2513 4126 ρωσιν
2539 4054 2648 4106 τῶν
2687 4052 2921 4123 μετρίων
2955 4052 3115 4122 ἡμῶν
3148 4057 3516 4123 γραμμάτων,
3552 4056 3947 4127 π).ηρος;ορί;ν

2342 4164 2398 4200 τε
2425 4149 2522 4216 τῆς
2551 4146 2821 4216 ὑμετέρας
2871 4143 3195 4214 δεσποτικῆς
3241 4147 3677 4215 μακαριότητος,
3711 4151 3811 4200 καὶ
3844 4150 3947 4199 τῶν

2343 4237 2580 4311 νικητῶν
2614 4238 2708 4290 καὶ
2745 4236 3129 4305 τροπαιούχων
3180 4236 3338 4305 ἡμῶν
3373 4237 3678 4305 βασιλέων,
3712 4242 3947 4293 συνεὲδο-

2347 4348 2448 4401 μεν
2502 4330 2598 4382 καὶ
2657 4328 2720 4381 τὸ
2779 4329 2897 4380 ἴσον
2951 4328 3050 4397 τῆς
3103 4327 3388 4396 συνοδικῆς
3436 4328 3863 4399 Θεοδώρουτσῦ
3896 4336 3947 4383 ἐν

2346 4422 2524 4489 ἁγίοις
2552 4418 2768 4489 Πατρὺς
2818 4418 2975 4488 ἡμῶν
3006 4420 3098 4471 καὶ
3144 4419 3487 4489 πατριάρχου
3540 4422 3947 4492 Ἱεροσολύμων

671 4518 758 4572 his
790 4533 910 4587 qua:
941 4518 1145 4587 scripta
1180 4526 1308 4571 sunt
1337 4533 1364 4571 a
1398 4519 1575 4572 nobis.
1609 4516 1761 4571 llunc
1783 4527 1964 4572 autem
1996 4518 2237 4572 libellum

2346 4513 2611 4577 ὑποτάξαι
2634 4515 2747 4575 τοῖς
2786 4513 2875 4579 ὑφ’
2907 4511 3063 4581 ἡμῶν
3086 4514 3368 4580 γραφεῖσι.
3409 4512 3617 4566 Τοῦτον
3644 4515 3709 4567 δὲ
3738 4517 3840 4568 τὸν
3871 4517 3949 4566 ii-

670 4613 970 4665 secundum
1006 4611 1222 4665 solitum
1256 4610 1513 4663 Ecclesia:
1544 4610 1728 4674 ritum,
1753 4611 1892 4663 idem
1918 4618 2120 4663 sancta!
2151 4627 2238 4665 re-

669 4703 1003 4757 cordationis
1033 4703 1252 4770 scripsit
1288 4701 1461 4755 beatis
1492 4709 1546 4755 et
1589 4701 1717 4755 almi
1750 4701 1969 4755 termini
2011 4702 2241 4755 sanctis-

671 4795 824 4849 simis
876 4794 1227 4863 patriarehis,
1265 4794 1475 4847 Cosmze
1534 4792 1741 4847 scilicet
1784 4792 2149 4857 Alexandrite,
2181 4806 2243 4846 ac

670 4885 963 4939 Theodoro
1017 4885 1320 4939 Antiochiae
1361 4883 1849 4953 Theopoleos;qui
1885 4892 1938 4938 et
1966 4884 2243 4952 reciproca

670 4974 941 5045 Synodica
1002 4990 1191 5028 corum
1223 5014 1237 5039 ,
1274 4974 1398 5027 dum
1454 4973 1630 5026 adhuc
1682 4972 1921 5037 viveret,
1971 4975 2242 5042 recepisse

673 5066 1031 5135 dignoscitur.
1085 5067 1388 5121 Incolumes
1468 5081 1564 5119 vos
1640 5080 1737 5130 pro
1805 5064 1959 5119 nobis
2026 5074 2242 5118 orantes

676 5159 937 5213 Dominus
990 5168 1292 5224 Conservet,
1327 5157 1653 5214 sanctissimi
1675 5166 1729 5211 et
1753 5158 2014 5212 divinitus
2070 5157 2241 5209 hono-

674 5264 727 5302 1⁵3
761 5266 796 5301 1.

764 5421 838 5481 ³”2
872 5429 995 5485 Cor.
1044 5448 1151 5495 xu,
1192 5432 1270 5484 l5.

2336 4606 2520 4659 ϐελλον
2542 4605 2683 4658 κατὰ
2711 4605 2799 4657 τὸν
2822 4602 3026 4672 συνήθη
3050 4602 3251 4672 θεσμὸν
3284 4604 3381 4674 τῆς
3413 4605 3757 4675 Ἐκκλησίας
3787 4607 3821 4657 ὁ
3852 4608 3947 4659 αὖ-

2338 4700 2430 4760 τὸς
2456 4700 2516 4749 ὲν
2553 4696 2683 4764 ἁγίᾳ
2710 4699 2776 4765 τῇ
2804 4695 2953 4765 λήξει
2983 4694 3309 4765 γεγράφηκε
3342 4698 3455 4758 τοῖς
3505 4699 3820 4768 μακαρίοις
3859 4700 3951 4750 καὶ

2342 4790 2398 4839 ὲν
2423 4787 2546 4856 beta}
2569 4788 2636 4855 τῇ
2676 4784 2830 4854 λήξει
2886 4784 3213 4850 ἁγιωτάτοις
3276 4782 3678 4852 πατριάρχαις,
3712 4785 3946 4851 Κοσμᾷ,

2344 4878 2524 4948 φαμὲν
2555 4918 2568 4940 ,
2593 4875 2671 4945 τῷ
2716 4874 3148 4945 Ἀλεξανδρείας,
3177 4875 3272 4928 καὶ
3307 4874 3573 4944 Θεοδώρῳ
3613 4876 3699 4944 τῷ
3744 4877 3955 4928 ’Δντιῡ-

2348 4972 2499 5041 χείας
2558 4969 2926 5030 Θεουπόλεως.
2958 4968 3016 5029 ὃς
3072 4968 3166 5020 καὶ
3207 4968 3276 5021 τά
3319 4967 3724 5021 ἀντισυνοδικά
3766 4968 3953 5021 αὐτῶν

2350 5065 2427 5116 ἔτι
2448 5062 2557 5126 ζῶν
2579 5060 3221 5130 ἐδέξατο.ιἚρῤωμένους
3251 5060 3281 5112 ὑ
3291 5062 3397 5129 μᾶς
3424 5060 3519 5112 καὶ
3540 5061 3685 5131 ἡμῖν
3704 5060 3948 5130 εὑκομέο

2350 5170 2475 5216 νους
2523 5155 2551 5205 ὁ
2610 5152 2816 5223 Κύριος
2846 5150 3245 5221 διαφυλάξειεν,
3288 5149 3589 5221 ἁγιώτατοι
3637 5153 3743 5207 καὶ
3770 5151 3953 5205 Occsi-

2354 5263 2535 5317 μητοι.
