4092 6438
166 381 294 445 ΝΠ

901 494 988 558 ς’.

174 579 470 647 Ἀδελφοῖς
503 579 602 631 καὶ
624 580 1117 649 συλπειτουργοῖς
1146 581 1293 636 πᾶσι
1327 580 1448 644 τοῖς
1478 581 1733 633 ὁσιωτά-

227 667 352 712 τοις
372 649 732 719 *ἐπισκόποις
796 648 906 713 τῆς
954 648 1352 719 φιλοχρίστου
1403 649 1729 713 Σικε.ιῶν·,

234 716 522 784 Ταράσιος
543 718 694 783 ἐλέῳ
719 719 868 772 Θεοῦ
899 716 1234 786 ἐπίσκοπος
1248 725 1732 775 Κωνσταντινου-

225 790 461 853 πόλεως
495 787 640 853 νέας
688 788 937 858 Ῥώμης.

223 880 428 942 Οἰτοῖς
476 881 640 944 θείοις
700 881 881 950 σοφῶς
935 884 1344 953 ἐμμελετῶντες
1407 884 1606 954 λόγοις,
1641 884 1736 938 καὶ

159 971 546 1041 ὲρευνητικῶς,
581 971 676 1024 καὶ
701 972 761 1024 ού
797 973 1196 1043 παροδευτικῶς
1244 976 1301 1027 ἐν
1339 976 1522 1038 αὐτοῖς
1574 975 1738 1034 ἐγκύ-

162 1079 405 1128 πτοντες,
423 1065 514 1115 καὶ
541 1063 635 1117 τίον
665 1063 790 1117 νοῦν
817 1065 995 1118 αὐτῶν
1030 1068 1096 1136 τῇ
1117 1067 1364 1139 εὐσεϐείᾳ
1394 1071 1488 1122 καὶ
1510 1073 1575 1140 τῇ
1607 1069 1739 1139 ἀλη-

159 1154 280 1224 θεία
314 1155 764 1226 προσπηγνύντες
792 1196 807 1220 ,
847 1158 1172 1226 φωτίζονται
1235 1178 1351 1224 πως
1410 1163 1738 1232 θαυμαστῶς

157 1245 264 1297 ἀπὸ
296 1246 468 1316 ὀρέων
495 1247 822 1314 αίωνίων,ἐξ
852 1250 1226 1304 ἁποστολικῶν
1257 1255 1613 1323 προφητικῶν
1647 1272 1732 1318 τε,

158 1336 327 1405 φημὶ,
357 1336 451 1389 καὶ
483 1338 766 1405 πατρικῶν
794 1339 1160 1409 διδαγμάτων,
1196 1343 1290 1395 καὶ
1324 1347 1389 1415 τῇ
1425 1345 1585 1418 αίγλῃ
1610 1345 1740 1415 τηλ-

159 1430 448 1499 αυγήσεως
517 1430 860 1500 προορῶνται
895 1432 986 1485 τὸν
1048 1434 1238 1504 κύριον
1293 1437 1523 1490 ἐνώπιον
1575 1437 1740 1491 αὑτοῦ

157 1520 471 1584 διαπαντὸς,
502 1522 596 1574 καὶ
620 1523 708 1574 διὰ
735 1523 834 1592 τῆς
856 1525 1166 1593 πρακτικῆς
1187 1526 1388 1596 ἀρετῆς
1411 1528 1546 1598 πρὸς
1598 1528 1735 1580 θεω-

160 1611 284 1682 ρίαν
313 1607 640 1679 ἀνάγονται·
673 1609 793 1667 εἶτά
820 1630 880 1666 τε
912 1615 1004 1667 καὶ
1055 1615 1156 1686 τὴν
1201 1617 1541 1687 δογματικὴν
1604 1619 1743 1672 διδα.

162 1703 402 1755 σκαλίαν
434 1705 663 1768 ταύταις
693 1705 1116 1775 ἀναμιγνύντες,
1147 1710 1286 1775 σφᾶς
1314 1726 1370 1760 τε
1405 1709 1599 1773 αὐτοὺς
1649 1711 1744 1762 καὶ

159 1794 288 1855 τοὺς
315 1793 512 1857 ἄλλους
544 1795 681 1866 πρὸς
729 1797 829 1866 τὴν
867 1796 1128 1868 ἀλήθειαν
1181 1799 1618 1869 ἐκπαιδεύοντες,
1683 1803 1742 1855 τὸ

159 1881 295 1955 ἦθος
324 1886 419 1938 τοῦ
456 1886 573 1956 βίου
609 1885 957 1958 ῥυθμίζουσι,
994 1890 1088 1943 καὶ
1115 1891 1219 1944 τῶν
1243 1893 1447 1962 γηΐνων
1477 1895 1743 1963 ύπερανα·

159 1976 478 2046 δεῦηκότες,
513 1978 584 2032 τά
605 1979 716 2031 ἄνω
761 1981 1040 2052 φρονοῦσι,
1102 1984 1196 2035 καὶ
1229 1983 1419 2055 ὥσπερ
1450 1985 1513 2038 τὸ
1543 1985 1742 2054 διαφαυ

162 2069 253 2131 νὲς
287 2071 429 2140 ὕδωρ
460 2071 800 2140 ἐκμάσσεται
831 2073 940 2126 τῶν
964 2075 1284 2145 είσρεόντων
1317 2077 1414 2140 τὰς
1439 2076 1589 2146 ὄψεις
1650 2078 1744 2130 καὶ

163 2161 328 2214 αὑτοῦ
354 2162 458 2215 τοῦ·
478 2163 634 2234 ἡλίου
666 2165 756 2219 τὸν
791 2165 988 2220 κύκλον
1030 2167 1122 2220 καὶ
1151 2167 1260 2221 τῶν
1289 2169 1537 2238 οὐρανῶν
1561 2170 1625 2223 τὰ
1647 2171 1745 2223 κύ-

163 2272 251 2324 τη,
293 2254 438 2308 οὕτω
469 2258 564 2310 καὶ
593 2260 747 2312 αὐτοὶ
776 2260 894 2324 νόες
921 2260 1175 2333 καθαροὶ,
1207 2260 1288 2316 νοῒ
1320 2262 1540 2334 καθαρῷ
1579 2281 1746 2334 προσ-

168 2347 511 2418 μιγνύμενοι,
545 2344 661 2403 οἷόν
682 2368 736 2404 τι
763 2352 1058 2422 ἐκμαγεῖον
1089 2353 1182 2405 καὶ
1213 2355 1521 2425 κάτοπτρον
1568 2354 1747 2422 γίνον-

163 2456 252 2492 ται
277 2440 376 2510 τῆς
405 2440 555 2507 θείας
585 2441 761 2514 δόξης,
777 2443 851 2508 ὡς
875 2447 904 2497 ὁ
935 2443 1133 2514 Κύριος
1160 2445 1260 2517 ἔφη
1287 2462 1301 2474 ·
1343 2464 1361 2496 ι
1387 2447 1662 2517 Μακάριοι
1695 2449 1744 2501 oi

166 2533 396 2603 καθαροὶ
415 2536 481 2604 τῇ
507 2536 725 2607 καρδίᾳ,
755 2537 836 2589 ὅτι
867 2537 1024 2589 αὐτοὶ
1054 2537 1146 2590 τὸν
1171 2537 1302 2590 Θεὸν
1329 2537 1546 2606 ὖψονται
1567 2557 1610 2590 Ὶ
1650 2541 1744 2592 καὶ

165 2625 332 2690 ἀξίως
357 2624 514 2676 θῦται
540 2628 636 2678 καὶ
663 2628 830 2696 ίερεῖς
873 2628 968 2679 καὶ
1033 2627 1370 2698 μυστηπόλοι
1429 2628 1744 2698 ἐκλέγονται

167 2716 260 2769 τοῦ
282 2716 408 2768 λαοῦ
449 2717 936 2787 προκαθεζόμενοι,
966 2719 1048 2771 ὅτι
1085 2720 1178 2772 καὶ
1215 2722 1344 2791 περὶ
1376 2720 1560 2774 αὐτῶν
1593 2723 1746 2791 εἴρη-

166 2825 257 2859 ται
283 2826 295 2834 ·
327 2827 344 2858 ι
384 2806 561 2862 Ὅπου
593 2809 696 2860 είσὶ
714 2809 849 2880 δύοῆ
877 2813 1023 2881 τρεῖς
1043 2813 1372 2882 συνηγμένοι
1400 2815 1492 2864 ἐπὶ
1522 2810 1599 2882 τῷ
1629 2812 1745 2864 ὀνό-

169 2899 298 2966 ματί
326 2917 450 2967 μου,
494 2903 609 2952 ἐκεῖ
648 2903 761 2971 sip:
825 2903 881 2954 ὲν
920 2903 1069 2973 μέσῳ
1108 2905 1305 2962 αὐτῶν.
1335 2923 1354 2955 ι
1393 2905 1617 2974 Ἀνδρες
1655 2900 1748 2955 οὖν

166 2989 474 3058 ἐπιθυμιῶν
505 2992 610 3042 τῶν
652 2992 746 3042 τοῦ
792 2992 1122 3060 πνεύματος,
1185 2991 1460 3062 ἀκούομεν
1521 2994 1603 3046 ὅτι
1655 2993 1746 3045 τὸν

169 3081 453 3135 κανοκικδν
481 3081 680 3152 θεσμὸν
727 3083 1088 3150 φυλάττοντες
1145 3084 1560 3155 συναθροίζεσθε
1623 3085 1744 3137 καθ’

1585 381 1987 444 EPISTOLIE.

3279 384 3411 453 1478

2612 467 2675 520 VI

1841 573 2122 629 Fratribus
2173 587 2220 629 et
2273 579 2646 634 comministris
2706 578 2945 632 omnibus
2977 581 3326 636 sanctissimis
3365 596 3416 638 et

1908 646 2104 716 Christi
2138 648 2439 702 amantibus
2468 649 2726 716 episcopis
2759 647 3057 713 Siculorum
3085 691 3098 712 ,
3161 649 3416 705 Tarusins

1908 715 2002 838 ﬁci
2039 718 2378 857 miszgatioue
2410 715 2681 787 epiQscopnt
2712 721 3236 790 Constantinopoleos
3275 739 3418 776 nocte

1958 793 2133 857 υιηω(
2204 827 2217 841 .

1958 804 2089 841 ama:
2118 793 2217 857 (ι).

1908 878 2013 942 Qui
2037 879 2218 934 divina
2248 880 2522 949 sapienter
2549 883 2881 937 meditantur
2911 886 3154 950 oracula,
3177 886 3414 939 curiose-

1838 986 1944 1038 que
1978 972 2068 1025 illa
2089 1013 2103 1036 ,
2153 989 2258 1026 non
2310 971 2715 1042 perfunctorie,
2747 977 3119 1041 considerant,
3151 993 3422 1047 suamque

1841 1070 2077 1116 mentem
2107 1063 2162 1116 iu
2215 1065 2414 1133 pietate
2454 1079 2517 1118 ac
2549 1071 2777 1120 veritate
2803 1067 3066 1136 deligunt,
3125 1065 3163 1120 ii
3229 1067 3424 1121 illumi-

1841 1166 2040 1208 nantur
2067 1156 2389 1210 mirabiliter
2430 1172 2492 1209 ex
2530 1158 2809 1213 montibus
2844 1159 3082 1224 internis,
3110 1175 3173 1215 ex
3207 1171 3424 1229 aposto-

1841 1244 1970 1306 lico,
1998 1246 2241 1315 inquam,
2279 1256 2332 1301 et
2358 1248 2678 1317 preplieticn
2724 1249 3056 1319 l‘atrumque
3086 1251 3421 1321 magisterio,

1843 1349 1908 1391 ac
1935 1337 2227 1404 splendore
2262 1339 2545 1392 radiorum
2576 1339 2696 1409 ejus
2728 1339 3020 1394 Dominum
3044 1356 3229 1394 coram
3256 1341 3422 1397 veluei

1844 1441 2058 1495 semper
2085 1438 2370 1497 spectant,
2413 1438 2466 1483 ct
2500 1444 2596 1498 per
2642 1430 2872 1483 activam
2907 1431 3160 1486 virtutem
3196 1433 3262 1488 ad
3295 1449 3426 1489 eon-

1846 1520 2258 1589 templationcm
2313 1522 2680 1577 deducuntur.
2716 1523 2919 1578 Deinde
2946 1525 3029 1579 liis
3063 1525 3424 1596 dogmaticam

1843 1626 2063 1680 quoque
2095 1613 2461 1668 admiscentes
2515 1615 2818 1669 doctrinam
2883 1618 3208 1686 semetipsos
3265 1621 3431 1689 atq’ue

1845 1705 1982 1759 alios
2012 1705 2077 1758 ad
2102 1707 2382 1759 veritatem
2406 1706 2686 1771 erudiunt,
2711 1708 2832 1760 vita:
2865 1725 3043 1762 mores
3067 1721 3428 1778 componunt,

1845 1807 1900 1851 et
1931 1813 2096 1866 supra
2127 1814 2214 1853 res
2245 1810 2491 1854 terrenas
2527 1799 2675 1864 elati,
2713 1801 2961 1855 caelestia
2990 1813 3266 1872 quaerunt,
3318 1821 3432 1860 ece-

1846 1888 2004 1943 lestia
2029 1890 2246 1958 sapiunt
2275 1907 2287 1943 :
2320 1906 2385 1945 ac
2409 1890 2577 1944 veluti
2600 1907 2739 1960 aqua
2773 1891 2996 1961 limpida
3026 1905 3220 1964 purgat
3243 1895 3431 1949 lavan-

1846 1981 1980 2034 tium
2011 1981 2220 2046 oculos,
2257 1990 2311 2035 et
2352 1981 2526 2051 ipsius
2560 1982 2691 2037 solis
2737 1982 3010 2053 sphaeram
3057 1994 3111 2039 et
3163 1987 3434 2042 caelorum

1845 2090 2104 2138 concava,
2149 2073 2230 2127 sic
2266 2081 2319 2127 et
2345 2074 2465 2128 istae
2493 2090 2644 2144 purae
2662 2085 2891 2141 mentes,
2917 2094 3068 2148 pura:
3089 2082 3258 2134 menti
3286 2098 3432 2136 com.

1845 2165 2041 2229 mistze,
2082 2178 2404 2232 eXpressum
2446 2163 2614 2219 veluti
2647 2165 3007 2220 simulacrum
3041 2170 3433 2239 speculumque

1846 2257 1984 2310 liunt
2006 2256 2190 2327 gloria:
2214 2256 2434 2321 divinae,
2467 2266 2526 2311 ut
2563 2257 2638 2310 ait
2662 2256 3015 2342 Dominuszf
3046 2259 3193 2315 Beati
3227 2263 3434 2317 mundo

1846 2348 2045 2411 corde,
2088 2348 2347 2416 quoniam
2370 2348 2472 2417 ipsi
2515 2347 2686 2402 Deum
2717 2348 3024 2410 videbunt:
3069 2375 3086 2406 ι
3129 2353 3434 2423 meritoque

1847 2439 2138 2494 sacriﬁculi
2169 2450 2222 2494 et
2248 2441 2562 2495 sacerdotes
2593 2449 2648 2494 et
2685 2449 2880 2510 mystae
2907 2441 2972 2495 ad
3007 2443 3188 2511 populi
3223 2458 3433 2512 praesu-

1847 2531 2013 2585 latum
2035 2530 2331 2598 eliguntur,
2365 2531 2491 2599 quia
2515 2531 2581 2584 de
2613 2531 2698 2584 bis
2724 2532 2927 2585 dictum
2948 2531 3052 2586 fuit
3078 2550 3090 2585 :
3117 2551 3136 2584 ι
3176 2533 3272 2588 Ubi
3307 2546 3436 2590 sunt

1847 2621 1954 2674 duo
1988 2621 2070 2674 vel
2098 2629 2206 2674 tres
2235 2621 2442 2674 collecti
2478 2621 2531 2673 in
2565 2621 2783 2675 nomine
2815 2637 2957 2687 meo,
2993 2623 3065 2676 ibi
3091 2639 3211 2678 sum
3243 2625 3294 2680 in
3323 2642 3434 2681 me-

1849 2711 1938 2762 dio
1973 2725 2163 2764 eorum
2192 2709 2262 2761 ".
2300 2728 2316 2759 ι
2344 2709 2387 2763 Ο
2421 2710 2519 2762 viri
2553 2710 2735 2778 itaque
2761 2709 3158 2764 desideriOrum
3187 2712 3435 2780 spiritus,

1849 2799 2160 2856 audivimus
2202 2816 2298 2855 vos
2349 2802 2625 2856 canonica:
2667 2802 2769 2870 legi
2806 2804 3173 2873 obsequentes
3203 2820 3435 2875 congre-

1849 2895 1966 2963 gari
1998 2895 2176 2948 solere
2206 2895 2438 2963 singulis
2472 2895 2631 2948 annis
2681 2895 2752 2947 ob
2800 2896 3209 2965 dijudicandum
3248 2899 3314 2953 de
3339 2914 3436 2953 oc-

1849 2987 2199 3043 currentibus
2227 2988 2278 3039 iu
2313 2987 2565 3041 universa
2590 2997 2768 3041 vestra
2793 2989 3072 3056 provincia
3105 2989 3438 3045 ecclesiasti-

1849 3079 1928 3133 cis
1960 3079 2227 3148 negotiis;
2272 3089 2327 3134 et
2361 3079 2504 3148 quod
2533 3081 2778 3149 apprime
2812 3082 3107 3135 Dominum
3143 3083 3434 3151 invocatis,

167 3174 397 3225 ἕκαστον
421 3174 610 3245 χρόνον
636 3175 731 3227 ὲπῖ
752 3174 813 3227 τὸ
837 3175 1132 3247 διακρίνειν
1161 3177 1228 3229 τὰ
1250 3169 1746 3247 παρατυγχάνοντα

1853 3180 1912 3225 ιιι
1937 3169 2173 3239 Spiritus
2220 3170 2448 3240 gratiam
2481 3171 2534 3224 in
2565 3187 2661 3226 vos
2698 3170 3021 3238 immittens,
3059 3172 3150 3227 det
3190 3185 3434 3228 vestrum

168 3264 597 3332 ὲκκλησιαστικὰ
626 3265 896 3334 κεφάλαια
921 3267 1013 3318 ὲπὶ
1042 3268 1191 3338 πάσῃ
1215 3271 1278 3338 τῇ
1300 3269 1539 3339 ἐπαρχίᾳ
1572 3270 1748 3340 ὑμῶν,

167 3353 264 3404 καὶ
293 3356 508 3416 πάντως
539 3353 880 3407 ἐπικαλεῖσθε
913 3357 1008 3408 τὸν
1036 3357 1259 3427 Κύριον,
1330 3358 1416 3410 ἵνα
1453 3359 1550 3429 τὴν
1593 3361 1750 3430 χάριν

167 3442 262 3496 τοῦ
291 3444 607 3514 Πνεύματος
663 3447 1042 3516 καταπέμπων
1076 3449 1225 3517 ὑμῖν,
1251 3448 1324 3518 δῷ
1353 3451 1569 3519 ἑκάστῳ
1598 3451 1750 3521 ὑμῶν

171 3535 322 3603 λόγον
363 3536 647 3599 συνέσεως,
681 3537 837 3605 λόγον
871 3538 1021 3602 θείας
1057 3539 1279 3610 βουλῆς,
1313 3541 1472 3608 λόγον
1502 3542 1751 3610 φυλακῆς

171 3626 405 3680 ἐντολῶν
442 3628 600 3693 Θεοῦ,
633 3631 793 3698 λόγον
817 3632 1102 3701 τηρήσεως
1154 3632 1454 3684 κανονικῶν
1493 3633 1753 3704 διδαγμά-

169 3735 278 3769 των
325 3721 444 3781 ταῖς
487 3723 781 3790 κοσμικαῖς
833 3722 1079 3791 φροντίσι
1135 3724 1257 3786 ταῖς
1308 3725 1750 3794 ἐναντιουμέναις

170 3813 280 3872 τοῖς
305 3811 698 3881 προστάγμασι·
721 3812 813 3865 τοῦ
843 3813 977 3866 Θεοῦ
1007 3814 1220 3887 χαίρειν
1249 3815 1522 3883 λέγοντες,
1584 3834 1751 3869 πνευ-

174 3900 418 3969 ματικῶς
450 3903 798 3971 πνευματικὰ
830 3905 1178 3974 συγκρίνετε,
1237 3904 1311 3974 μὴ
1357 3905 1750 3977 προκρίναντες

171 3993 239 4044 τά
273 3993 586 4064 ἀνθρώπινα
621 3994 728 4048 τῶν
762 3997 1146 4065 πνευματικῶν
1174 4012 1186 4024 ·
1219 3996 1378 4050 τοῦτο
1402 3997 1509 4066 γὰρ
1542 3999 1753 4069 ἀνθρω-

178 4086 332 4156 πίνης
362 4086 582 4156 χάριτος
609 4085 789 4158 ἔργον,
819 4088 880 4140 ού
925 4087 1025 4157 τῆς
1055 4089 1146 4140 τοῦ
1197 4090 1513 4159 Πνεύματος
1537 4107 1549 4120 ·
1600 4091 1650 4143 τί
1695 4091 1752 4143 δέ

172 4181 275 4232 είσι
316 4179 382 4232 τὰ
419 4179 766 4248 πνευματικά
794 4198 808 4245 ;
834 4179 1196 4248 εύαγγελικαὶ
1233 4182 1565 4250 ἀποφάσεις,
1611 4182 1750 4235 ἀπο-

173 4271 418 4324 στολικαὶ
449 4271 724 4338 διαταγαὶ,
762 4272 830 4324 τὰ
872 4271 981 4323 τῶν
1046 4272 1205 4324 θείων
1263 4273 1504 4325 κανόνων
1564 4272 1752 4327 διατά-

172 4379 358 4431 γματα
377 4378 390 4392 ο
420 4361 575 4424 ἐκτὸς
603 4361 710 4431 γάρ
737 4360 960 4428 τούτων,
987 4361 1164 4432 κρίσις
1193 4361 1621 4434 ἐκκλησιαστικὴ
1653 4362 1756 4416 λοι·
1787 4357 1830 4412 D

169 4453 356 4522 δορίας
387 4453 540 4505 οὐδὲν
570 4453 681 4521 ἔχει
706 4452 889 4506 πλέον.

244 4544 336 4594 Διὸ
365 4544 456 4594 καὶ
487 4544 520 4612 ή
550 4541 680 4610 ἁγία
738 4541 976 4606 σύνοδος,
1018 4543 1050 4608 ἠ
1096 4541 1238 4593 κατὰ
1280 4540 1417 4593 Θεοῦ
1467 4539 1627 4611 χάριν
1657 4543 1752 4594 καὶ

173 4634 429 4687 εὐδοκίαν
459 4632 907 4711 συναθροισθεῖσα
957 4633 1014 4684 ὲν
1045 4631 1250 4701 Νικαίᾳ
1275 4633 1331 4682 ὲν
1382 4633 1492 4692 τοῖς
1539 4632 1752 4701 χρόνοις

173 4725 354 4795 ήμῶν,
383 4726 460 4786 είς
491 4723 558 4792 ὴν
592 4725 684 4774 καὶ
713 4723 761 4774 oi
816 4721 1038 4782 πλείους
1069 4721 1223 4790 ὑμῶν
1277 4721 1556 4791 εύρέθητε,
1616 4721 1755 4791 μετὰ

170 4820 234 4870 τὸ
281 4801 461 4888 δρίσαι
523 4815 842 4887 κρατεῖσθαι
899 4815 998 4885 τὴν
1033 4813 1266 4884 ἀρχαίαν
1324 4814 1627 4884 παράδοσιν
1657 4815 1754 4884 τῆς

171 4911 335 4978 ἁγίας
371 4908 464 4961 τοῦ
493 4908 627 4960 Θεοῦ
677 4905 974 4978 καθὸλικῆς
1018 4905 1366 4976 Ἐκκλησίας,
1395 4905 1754 4974 ἀποδέχεσθαι

172 5002 269 5063 τὰς
299 5001 500 5064 σεπτὰς
528 5001 619 5054 καὶ
652 5001 813 5069 ἁγίας
844 5000 1194 5064 είκόνας,καὶ
1225 4998 1533 5068 ἀναθέματι
1576 5015 1754 5069 παρα-

174 5095 469 5164 πέμπουσα
485 5095 611 5157 τοὺς
632 5094 979 5165 αίρεσιώτας,
1001 5092 1096 5156 οὒς
1115 5093 1160 5144 Χ
1170 5092 1754 5163 ριστιανοκατηγόρους

175 5187 267 5238 καὶ
300 5186 728 5249 Είκονοκλάστας
756 5189 789 5257 ἠ
814 5184 1040 5256 ἀλήθεια
1078 5169 1381 5253 ὠνόμασεν,
1400 5185 1721 5255 ἀπεφήνατο
1741 5203 1753 5215 ·

178 5278 273 5328 καὶ
300 5277 457 5329 αὐτοὶ
492 5276 789 5330 ἐπίστασθε
819 5279 994 5330 πάντα
1018 5278 1084 5330 τὰ
1117 5277 1375 5330 κανονικὰ
1413 5277 1758 5344 διατάγματα

175 5368 596 5441 ὰπαρατρὼτως
655 5369 1042 5440 ἀναμφιϐόλως
1087 5369 1452 5438 φυλάττεσθαι
1495 5371 1590 5422 καὶ
1620 5387 1758 5440 κρα-

173 5461 386 5512 τεῖσθαι
417 5461 666 5531 ἀμείωτα
695 5461 847 5531 παρὰ
876 5461 1094 5515 πάντων
1123 5460 1280 5532 ὑμῶν
1320 5461 1512 5533 ἱερέων
1542 5461 1636 5513 καὶ
1671 5479 1760 5533 pto-

243 5576 284 5606 "
332 5575 524 5633 Matth.
555 5592 709 5641 xvm,
733 5576 821 5630 20.

248 5689 490 5758 (l)7Vide
520 5689 662 5744 dicta
688 5690 926 5743 breviter
953 5705 982 5743 a
1013 5689 1168 5744 nobis
1202 5688 1254 5742 in
1291 5697 1448 5758 parte
1478 5689 1662 5742 Graeca
1698 5704 1750 5756 p.

178 5759 304 5811 163.
339 5757 566 5829 Insuper
598 5763 662 5813 de
677 5761 902 5812 Tarasio
931 5757 1303 5829 Nicephorum
1331 5769 1466 5825 part.
1502 5763 1596 5812 lat.
1621 5775 1670 5827 p.
1699 5759 1751 5822 5,

179 5829 691 5898 cujuslaudabilcm
718 5842 897 5885 actum
939 5831 1009 5884 ibi
1040 5841 1397 5885 memoratum
1441 5829 1625 5898 inique
1666 5845 1752 5882 re-

1856 3262 2150 3332 unicuique
2173 3263 2478 3317 doctrinam
2520 3263 2910 3335 intelligentiae,
2951 3266 3258 3320 doctrinam
3293 3267 3436 3321 divi-

1855 3369 1938 3407 nae
1976 3355 2314 3420 voluntatis,
2373 3355 2680 3409 doctrinam
2738 3358 3000 3412 custodiat
3051 3360 3433 3416 mandatorum

1856 3443 1973 3508 Dei,
2014 3445 2318 3500 doctrinam
2346 3446 2707 3501 observantiae
2729 3463 3002 3502 canonum
3036 3468 3051 3503 :
3082 3460 3136 3505 et
3166 3455 3313 3522 quod
3344 3453 3439 3507 de-

1856 3534 2022 3603 nique
2060 3535 2352 3590 mundanis
2384 3536 2532 3591 euris
2557 3578 2572 3604 ,
2605 3552 2727 3606 quae
2763 3538 2963 3595 divinis
3015 3545 3301 3611 praeceptis
3335 3545 3434 3600 ad-

1854 3637 2168 3689 versantur,
2205 3627 2325 3681 vale
2348 3627 2615 3692 dicentes,
2643 3615 2963 3698 spiritaliter
2986 3633 3249 3701 spiritalia
3286 3638 3438 3707 judi-

1855 3717 1992 3769 catis
2015 3757 2028 3779 ,
2086 3717 2324 3771 humana
2378 3719 2717 3787 spiritalibus
2753 3735 2861 3774 non
2905 3732 3301 3792 anteponentes
3335 3746 3348 3782 :
3382 3729 3437 3782 id

1854 3807 1998 3860 enim
2033 3808 2283 3862 humana:
2314 3809 2502 3880 gratia:
2535 3810 2772 3865 cilicium
2810 3823 2916 3878 est,
2952 3831 3057 3868 non
3093 3816 3238 3871 illius
3269 3834 3434 3887 quam

1856 3898 2093 3968 Spiritus
2118 3900 2230 3954 dat.
2273 3902 2532 3966 Quatnam
2563 3914 2742 3956 autem
2774 3915 2900 3958 sunt
2932 3906 3241 3974 spiritalia?
3272 3925 3439 3964 cvan-

1857 3991 2024 4061 gelica
2067 4008 2257 4062 nempe
2288 4003 2554 4063 praecepta
2578 4036 2592 4060 ,
2627 3996 2937 4064 apostolica:
2991 4001 3439 4068 constitutiones,

1856 4099 2139 4138 sacrorum
2177 4101 2450 4140 canonum
2492 4089 2886 4144 ordinationes.
2925 4091 3146 4160 Absque
3175 4093 3258 4148 bis
3291 4095 3436 4148 enim

1856 4177 2290 4232 ecclesiasticum
2339 4179 2606 4249 judicium
2673 4195 2699 4232 a
2740 4181 3012 4237 maledicti
3073 4196 3267 4239 natura
3328 4203 3445 4241 non

1857 4268 2057 4333 differt,

1926 4536 2268 4606 Quapropter
2298 4546 2484 4592 sancta
2514 4541 2678 4594 etiam
2708 4541 2973 4612 synodus,
3013 4543 3107 4597 Dei
3155 4543 3326 4613 gratia
3373 4562 3441 4598 ac

1855 4628 2195 4696 beneplacito
2217 4627 2411 4684 Nicaea:
2439 4641 2622 4685 nostra
2645 4641 2801 4686 :etate
2831 4642 3182 4703 congregata,
3206 4636 3293 4689 cui
3325 4637 3438 4704 ple-

1856 4720 2012 4788 rique
2048 4720 2211 4774 etiam
2243 4731 2484 4778 vestrum
2517 4723 2860 4790 interfuistis,
2885 4735 3170 4796 postquam
3193 4727 3441 4783 deﬁnivit

1857 4816 2287 4868 conservandam
2319 4831 2441 4870 esse
2472 4828 2708 4871 veterem
2767 4830 2972 4874 sanctae
3008 4819 3102 4874 Dei
3155 4820 3447 4875 catholica:

1856 4906 2114 4962 Ecclesia:
2148 4909 2518 4968 traditionem.
2569 4910 2637 4965 de
2681 4911 3085 4966 venerabilibus
3127 4915 3446 4984 sanctisque

1857 4999 2190 5070 imaginibus
2238 5002 2608 5071 recipiendis,
2675 5004 3008 5059 anathemati
3067 5005 3446 5070 subjiciendos

1858 5106 1980 5147 esse
2007 5093 2322 5157 haereticos,
2348 5112 2487 5165 quos
2520 5096 3130 5167 Christianocategoras
3159 5097 3446 5168 (Christia-

1859 5201 2053 5240 norum
2092 5193 2478 5260 accusatores)
2535 5200 2588 5244 et
2634 5188 3001 5245 lconoclastas
3051 5207 3212 5245 verus
3260 5207 3444 5246 sermo

1862 5280 2127 5343 nominat,
2164 5281 2421 5335 decrevit.
2479 5282 2694 5336 Cuncta
2729 5291 2910 5336 autem
2941 5284 3239 5338 constituta
3267 5283 3442 5337 invio-

1862 5369 2095 5424 labiliter
2131 5383 2180 5426 et
2210 5372 2362 5426 ﬁrme
2393 5374 2652 5428 custodiri
2686 5375 2879 5434 nostis.
2912 5375 3282 5446 integramque
3302 5376 3442 5444 apud

1862 5478 1964 5517 nos
1993 5479 2187 5520 omnes
2240 5467 2572 5522 sacerdotes
2607 5484 2671 5522 ac
2719 5469 3024 5522 monachos
3071 5479 3234 5537 atque
3274 5467 3445 5522 laicos

1903 5689 2148 5745 rebendit
2190 5703 2382 5746 auctor
2418 5693 2679 5747 librorum
2715 5694 3091 5747 Carnlinornm
3124 5691 3214 5745 lib.
3255 5705 3352 5754 ιιι,
3387 5691 3441 5744 ει.

1909 5761 2138 5833 aberant
2188 5774 2367 5816 tamen
2401 5764 2581 5833 aliqua
2622 5765 2957 5819 obscuritate
3003 5764 3084 5817 vel
3133 5761 3442 5830 corruptela

1864 5829 1976 5885 lucc
2007 5829 2327 5897 fragmenta.
