4092 6438
236 412 340 476 1481

246 556 3144 590 W

1135 410 1217 471 IN
1242 409 1346 470 SS.
1399 408 1751 470 DEIPAR/E
1791 408 2513 471 ΡΒᾸΞΞΕΝΤΑΤΙΟΝΕΜ.

3308 406 3436 469 1482

2542 558 2806 569 -—-—-——
2824 555 3431 568 *ῌ-η--υ-Ψ

3145 572 3433 587 _______,.._.

1292 693 1432 747 ΤοΥ
1462 692 1554 747 ΕΝ
1586 692 1811 746 ΑΓΙΟΙΣ
1840 693 2115 747 ΠΑΤΡΟΣ
2139 693 2338 747 ΗΜΩΝ

359 840 894 931 ΤΑΡΑΣΙΟΥ
942 838 1869 931 ΑΡΧΙΕΠΙΣΚΟΠΟΥ
1941 838 3275 929 ΚΩΝΣΤΑΝΤΙΝΟΥΠΟΛΕΩΣ

1562 1011 2092 1131 ΛΟΓΟΣ

1014 1214 1143 1267 ΕΙΣ
1166 1214 1247 1266 ΤΔ
1272 1212 1566 1266 ΕΙΣΟΔΙΑ
1602 1213 1739 1265 ΤΗΣ
1781 1211 2205 1266 ΥΠΕΡΑΓΙΑΣ
2238 1209 2627 1264 ΘΕΟΊὉΚΟΥ.

1372 1472 1648 1532 SANCTI
1682 1473 1954 1530 PATRIS
1991 1471 2267 1531 NOSTRI

329 1630 799 1721 'I‘ARASII
846 1626 1770 1724 ARCHIEPISCOPI
1837 1617 3281 1720 CONSTANTINOPOLITANI

1519 1819 2114 1948 ORATIO

866 2036 947 2098 IN
1007 2034 1112 2097 SS.
1172 2033 1308 2096 DEI
1346 2029 1692 2094 MATREM
1725 2029 1804 2091 IN
1863 2030 2255 2094 TEMPLUM
2304 2030 2769 2095 DEDUCTAM.

795 2307 1172 2377 Εὺλόγησον.

270 2409 353 2464 Α¹.
384 2403 590 2475 Φαιδρὰ
617 2401 712 2456 καὶ
740 2398 1045 2471 παράδοξος
1074 2404 1107 2471 ἡ
1138 2399 1390 2470 παροῦσα
1422 2401 1726 2472 πανήγυρις
1754 2441 1769 2466 ,

203 2500 431 2555 καὶτῶν
487 2494 785 2566 φιλεορτῶν
814 2494 905 2547 τὸν
943 2493 1108 2546 πόθον
1143 2496 1279 2562 πρὸς
1322 2494 1591 2564 ὑμνῳδίαν
1627 2494 1770 2560 ἐγεί-

203 2611 390 2662 ρουσα,
416 2594 448 2663 ἡ
496 2590 594 2658 τῆς
646 2584 1031 2655 Ἀειπαρθένου
1059 2588 1152 2638 καὶ
1178 2586 1443 2638 Θεοτόκου
1476 2588 1534 2639 ἐν
1558 2584 1636 2655 τῷ
1662 2584 1773 2655 ναῷ

205 2686 422 2754 πρῦοδος
448 2699 462 2713 ·
514 2683 753 2750 σήμερον
784 2682 891 2748 γὰρ
942 2681 969 2731 ὁ
1008 2678 1234 2749 οὐρανὸς
1268 2679 1361 2729 καὶ
1401 2681 1433 2747 ή
1475 2680 1545 2747 γῆ
1587 2679 1771 2746 κοινὴν

202 2777 392 2848 ἑορτήν
417 2771 785 2834 ἐκτελοῦντες.
810 2772 1112 2840 ἀμφότεροι
1139 2771 1229 2823 τὸν
1259 2770 1600 2838 Δημιουργὸν
1623 2769 1772 2834 δοξο-

199 2868 418 2936 λογοῦσι
451 2867 541 2918 τὸν
566 2866 630 2917 ἐκ
653 2864 898 2935 βροτειας
932 2863 1145 2929 picem;
1176 2862 1274 2930 τὴν
1305 2860 1566 2915 Οεόπαιδα
1602 2862 1770 2933 κόρην

200 2959 566 3028 ἐκλεξάμενον
600 2957 678 3020 εἰς
702 2956 898 3010 ἑαυτοῦ
929 2954 1371 3022 κατασκήνωσιν.

275 3140 522 3211 Σήμερον
562 3135 657 3189 τοῦ
702 3134 806 3206 πρὸ
835 3133 1052 3186 πάντων
1100 3134 1312 3187 αἰώνων
1355 3132 1777 3203 προορισθέντος

201 3231 509 3305 μυστηρίου
542 3229 636 3282 καὶ
664 3227 763 3280 ἐπ’
794 3228 1040 3296 ἐσχάτων
1070 3224 1437 3295 φακδεροῦσθαι
1471 3225 1775 3295 μέλλοντος,

200 3324 587 3397 εὐτρεπίζεται
619 3320 954 3391 οἰκητήριον.
1004 3318 1251 3388 Σήμερον
1290 3320 1323 3387 ὴ
1357 3318 1415 3384 ἐξ
1445 3316 1780 3385 ἐπαγγελίας

198 3414 457 3485 τεχθείτα
498 3413 556 3479 ἐξ
604 3410 858 3479 Ἰωακεὶμ
906 3410 999 3461 καὶ
1039 3410 1238 3477 Ἀννης
1276 3409 1645 3479 προσφέρεται
1686 3408 1779 3462 ὑπ’

198 3506 404 3565 αὐτῶν,
432 3503 611 3573 τίμιον
640 3500 834 3571 δῶρον,
867 3498 945 3569 τῷ
966 3498 1264 3568 μετέπειτα
1300 3500 1359 3564 ἐξ
1394 3498 1561 3566 αὐτῆς
1584 3498 1780 3568 τεχθῆ-

200 3614 294 3650 ναι
317 3594 691 3663 εὑδοκήσαντι.
717 3590 964 3659 Σήμερον
987 3587 1048 3639 τὸ
1070 3589 1170 3657 τῆς
1201 3589 1375 3660 χαρᾶς
1408 3587 1696 3657 προοίμιον
1724 3588 1780 3638 ἐν

2540 2308 2783 2362 Benedic.

1950 2400 1991 2457 Ι.
2044 2400 2192 2455 Laeta
2243 2410 2407 2471 atque
2450 2401 2788 2455 admirabilis
2832 2400 3093 2454 hodierna
3134 2400 3445 2463 celebritas.

1880 2507 2002 2561 quae.
2029 2492 2306 2547 studiosos
2341 2494 2580 2548 cultores
2611 2494 2876 2547 festorum
2906 2493 3117 2548 dierum
3148 2495 3346 2548 excitat
3381 2498 3447 2547 all

1881 2588 2114 2657 hymnos
2141 2585 2515 2640 concinendos
2538 2626 2553 2651 ,
2589 2596 2904 2656 perpetuam
2941 2585 3216 2656 Virginem
3246 2586 3451 2657 Deique

1881 2676 2109 2733 Matrem
2161 2678 2215 2731 in
2277 2677 2538 2746 templum
2588 2677 3023 2747 progredientem
3076 2678 3448 2748 prosequitur.

1882 2755 2093 2824 Etenim
2136 2770 2296 2824 hodie
2338 2770 2538 2826 caelum
2581 2779 2635 2825 et
2678 2781 2818 2825 terra
2852 2785 3199 2824 communem
3244 2771 3453 2840 agitant

1886 2860 2309 2925 solemnitatem,
2346 2870 2403 2915 et
2439 2860 2772 2930 coniunctim
2808 2861 3031 2915 laudant
3063 2876 3247 2916 rerum
3279 2859 3450 2931 Opill-

1883 2968 2025 3015 cem,
2055 2953 2149 3021 qui
2182 2968 2213 3006 e
2246 2953 2417 3022 stirpe
2443 2953 2758 3008 mortalium
2805 2954 3040 3023 puellam
3060 2994 3077 3021 ,
3100 2968 3224 3024 quae
3255 2952 3348 3009 Dei
3370 2965 3455 3010 est

1884 3040 2018 3104 lilia,
2051 3041 2119 3095 ad
2140 3042 2225 3096 sui
2259 3042 2628 3097 habitaculum
2658 3043 2876 3113 delegit.

1960 3132 2133 3186 llodie
2180 3135 2509 3187 sacramenti
2537 3144 2662 3187 ante
2692 3135 2875 3188 omnia
2924 3136 3122 3189 saecula
3172 3138 3455 3205 praeparati

1886 3226 2043 3291 cujus
2070 3224 2137 3278 ad
2161 3234 2404 3279 extrema
2432 3235 2677 3294 tempora
2716 3226 3102 3281 reservabatur
3131 3226 3453 3283 manifesta-

1886 3316 1984 3378 tio,
2039 3324 2338 3384 apparatur
2370 3314 2732 3371 domicilium.
2769 3316 2941 3372 llodie
2974 3334 3040 3372 ex
3087 3320 3455 3388 promissiOue

1886 3409 2087 3477 genita,
2113 3406 2383 3463 Joachimi
2408 3419 2462 3464 et
2485 3410 2655 3464 Annae
2681 3410 2812 3473 tilia,
2843 3412 2911 3466 ab
2936 3412 3129 3466 iisdem
3155 3413 3456 3482 pretiosum

1888 3516 2087 3554 munus
2118 3500 2194 3554 illi
2222 3500 2469 3567 ollertur,
2498 3502 2592 3571 qui
2620 3511 2807 3570 postea
2835 3504 3148 3573 dignabitur
3171 3506 3240 3559 ab
3267 3520 3328 3559 ea
3360 3522 3457 3575 ge-

1891 3593 2089 3645 nerari.
2114 3591 2285 3647 Hodie
2312 3593 2673 3662 primordium
2702 3594 2902 3648 laetitiae
2924 3595 3214 3650 adducitur
3239 3597 3293 3650 in
3324 3606 3460 3650 tem-

198 3688 281 3757 τῷ
310 3686 420 3756 ναῷ
452 3682 732 3748 εἰσάγεται
760 3679 1123 3750 τριετίζουσα,
1160 3680 1254 3733 καὶ
1280 3679 1537 3749 παρθένοι
1574 3677 1780 3748 ταύτης

1884 3684 2032 3753 plum
2078 3684 2318 3748 trimula,
2351 3700 2515 3755 quam
2551 3686 2795 3755 virgines
2824 3702 2950 3741 cum
2983 3688 3328 3756 lampadibus
3361 3690 3458 3742 de-

201 3783 348 3850 μετὰ
396 3780 696 3850 λαμπάδων
747 3778 1203 3849 προπορεύονται.
1264 3774 1508 3843 Σήμερον
1551 3774 1584 3842 ή
1629 3772 1781 3833 λύσις

198 3874 303 3942 τῆς
332 3870 692 3941 στειρωτικῆς
730 3869 997 3940 κατάρας,
1041 3867 1215 3933 δῶρον
1259 3868 1337 3926 εἰς
1364 3863 1432 3915 τὰ
1474 3865 1640 3931 Ἀγια
1674 3861 1782 3913 τῶν

200 3965 378 4033 ἁγίων
404 3964 758 4034 προσάγεται.
780 3962 1026 4031 Σήμερον
1044 3958 1153 4011 τῶν
1175 3953 1475 4026 προφητῶν
1498 3954 1560 4005 τὸ
1583 3954 1784 4023 κήρυγ-

205 4076 286 4128 μα
309 4099 325 4121 ,
370 4057 474 4109 ὑπὸ
503 4057 597 4108 τοῦ
628 4052 934 4126 ἀρχιερέως
963 4051 1055 4103 καὶ
1081 4049 1363 4120 προφήτου
1397 4047 1673 4118 Ζαχαρίου
1700 4047 1782 4109 εἰς

198 4148 272 4201 τὰ
318 4147 488 4199 ἄδυτα
526 4143 852 4214 ἀνέρχεται·
884 4139 1013 4194 ἔνθα
1040 4138 1203 4199 αὐτὸς
1231 4134 1380 4199 ἅπαξ
1411 4136 1504 4188 τοῦ
1536 4134 1779 4187 ἐνιαυτοῦ

200 4239 327 4310 μετ’
349 4235 632 4296 εὐλαϐείας
658 4234 966 4303 εἰσήρχετο,
990 4227 1128 4299 αὕτη
1164 4226 1404 4298 φαιδρῶς
1429 4225 1582 4296 μετὰ
1599 4224 1781 4286 ἁδείας

200 4326 419 4397 ἡμέρας
452 4327 546 4377 καὶ
571 4323 764 4386 νυκτὸς
792 4320 1106 4385 ἐκαθέζετο.

281 4421 356 4471 15'.
393 4418 489 4480 Τίς
518 4417 618 4469 οὐκ
654 4413 900 4483 ὲκπλαγῇ
928 4412 1063 4484 πρὸς
1086 4412 1146 4464 τὸ
1172 4409 1475 4481 παράδοξον
1505 4409 1736 4478 πρᾶγμα
1762 4423 1777 4473 ;

199 4512 287 4573 τις
316 4511 418 4563 οὐ».
447 4508 807 4578 ἐκπλήττεται
843 4508 936 4558 ἐπὶ
967 4503 1043 4574 τῷ
1072 4502 1361 4573 παραδόξῳ
1394 4499 1630 4570 Θαύματι
1655 4516 1669 4566 ;
1699 4498 1783 4561 τίς

196 4608 306 4659 οὐκ
338 4603 612 4673 ὲκπλαγῇ,
633 4601 847 4672 βλέπων
869 4600 925 4651 ὲν
954 4597 1031 4667 τῷ
1062 4596 1192 4667 ἱερῴ
1220 4593 1656 4665 παρεδρεύουσαν
1680 4592 1775 4661 τὴν

193 4702 317 4761 τοῖς
350 4694 555 4765 ἱερεῦσι
581 4694 867 4763 γεγονυῖαν
890 4691 1181 4760 ἀπρόσιτον
1209 4688 1429 4759 Μαρίαν
1460 4687 1557 4755 τὴν
1585 4684 1782 4753 ἀμίανο

192 4805 295 4839 τον
331 4785 544 4852 ;Τοῦτο
584 4784 684 4852 τῆς
737 4780 870 4851 πρὸς
917 4781 1065 4851 ἡμᾶς
1118 4779 1413 4847 συναφείας
1460 4775 1779 4846 προοίμιον·

193 4876 366 4928 τοῦτο
396 4877 493 4945 τῆς
539 4873 647 4925 τῶν
672 4874 916 4938 ἀγγέλων
950 4869 1089 4939 μετὰ
1116 4867 1420 4938 ἀνθρώπων
1466 4862 1780 4935 συμμίξεως

198 4964 584 5035 προχάραγμα
606 4981 619 4995 ο
653 4965 812 5015 τοῦτο
829 4963 924 5030 τῆς
946 4959 1103 5030 ήμῶν
1128 4959 1518 5020 ἀνακαινίσεως
1541 4956 1781 5026 ὲκσφρά-

194 5029 420 5125 γξσμαλ
470 5029 629 5107 τοῦτο
655 5055 747 5107 τοῦ
783 5029 1159 5121 ἀκανοοέρόρου
1197 5051 1315 5120 βίου
1350 5050 1506 5119 ἡμῶν
1557 5048 1650 5101 καὶ
1683 5051 1780 5117 τῆς
1807 5029 1851 5085 C

191 5149 538 5214 ἀποφάσεως
566 5148 663 5216 τῆς
693 5147 987 5216 προτέρας.
1023 5144 1139 5208 τοῦ,
1168 5142 1624 5210 Ἐπικατάρατος
1650 5142 1687 5207 ἡ
1712 5138 1789 5209 γῆ

189 5238 268 5288 ἐν
295 5237 426 5301 τοῖς
470 5237 666 5305 ἔργοις
698 5253 837 5301 σου,
868 5234 1133 5299 ἀκάνθας
1167 5234 1264 5286 καὶ
1299 5234 1610 5300 τριϐόλους
1639 5233 1786 5285 ἀνα-

189 5326 372 5380 τελεῖ
392 5342 518 5378 σοι·
549 5326 642 5378 καὶ
669 5325 788 5387 τοῦ,
828 5325 931 5378 Ἐν
954 5322 1148 5389 ἱδρῶτι
1176 5322 1281 5375 τοῦ
1314 5320 1639 5388 προσώπου
1670 5334 1788 5372 σου

188 5418 373 5488 τραηῖ
412 5418 519 5470 τὸν
568 5417 754 5485 ἄρτον
795 5433 949 5482 σου,
991 5417 1023 5485 ἡ
1068 5411 1393 5486 μετάλλαξις
1418 5429 1432 5443 ·
1475 5410 1636 5465 τοῦτο
1670 5410 1783 5474 τοῦ,

186 5510 503 5577 Πληθύνω
553 5510 658 5573 τὰς
697 5512 899 5573 λύπας
948 5523 1063 5560 σου
1094 5506 1192 5560 λαὶ
1227 5505 1366 5570 τοὺς
1409 5502 1784 5573 στεναῃιούς

271 5646 295 5676 ⁸
336 5644 476 5699 Gen.
510 5658 593 5707 III,
629 5643 718 5697 l7.
794 5645 816 5674 '
853 5642 984 5697 ibid.
1018 5642 1106 5696 19.

1880 3776 2108 3829 ducent.
2140 3774 2312 3830 Hodie
2356 3778 2411 3830 in
2445 3777 2645 3831 Sancta
2683 3786 3003 3832 sanctorum
3029 3795 3130 3833 ceu
3157 3780 3360 3833 donum
3391 3796 3456 3834 ea

1881 3865 2132 3931 infertur,
2157 3882 2280 3936 quae
2301 3867 2605 3922 sterilitatis
2632 3868 3073 3923 maledictionem
3098 3869 3326 3924 abstulit
3350 3871 3453 3939 (l).

1881 3961 2053 4017 Hodie
2083 3979 2113 4017 a
2139 3962 2417 4032 prophetis
2444 3962 2756 4032 praedicata,
2788 3961 3073 4017 sacerdote
3096 3978 3161 4017 ac
3194 3964 3457 4033 propheta

1881 4052 2145 4108 Zacharia
2206 4054 2526 4120 comitante,
2559 4052 2614 4107 in
2648 4054 2955 4108 sanctiores
2986 4054 3174 4122 templi
3206 4069 3457 4109 recessus

1880 4146 2162 4212 ascendit;
2192 4153 2247 4200 et
2274 4161 2437 4215 quem
2467 4146 2649 4200 locum
2683 4147 2851 4200 semel
2879 4146 2970 4200 ille
3006 4147 3302 4216 quotannis
3331 4163 3455 4201 cum

1881 4245 2027 4290 metu
2058 4236 2265 4302 adibat,
2297 4236 2353 4290 in
2378 4250 2446 4291 eo
2474 4237 2656 4306 puella
2686 4239 2790 4292 ista
2819 4237 2976 4291 hilari
3009 4254 3133 4294 cum
3164 4244 3457 4295 securitate

1880 4327 1974 4381 diu
2004 4334 2276 4395 noctuque
2302 4326 2645 4382 considebat.

1950 4410 2015 4467 ll.
2047 4413 2181 4479 Quis
2226 4413 2305 4468 rei
2340 4417 2583 4469 novitate
2615 4432 2722 4470 non
2764 4417 3153 4487 Obstupescat?
3188 4420 3312 4488 quis
3349 4434 3454 4473 non

1882 4504 2146 4574 suspiciat
2169 4504 2491 4559 inusitatum
2521 4508 2875 4576 prodigium?
2899 4508 3034 4573 Quis
3060 4524 3168 4564 non
3201 4512 3459 4579 percella-

1884 4603 1971 4648 tur
2003 4595 2384 4661 admiratione,
2415 4612 2541 4652 eum
2568 4597 2754 4653 videat
2785 4600 3194 4655 immaculatam
3230 4601 3455 4656 Mariam

1883 4685 1938 4739 in
1961 4685 2134 4741 sacris
2179 4686 2359 4757 adytis
2412 4688 2748 4744 assidentem
2783 4691 2868 4745 vel
2907 4692 3044 4761 ipsis
3079 4693 3456 4750 sacerdotibus

1883 4776 2081 4831 factam
2116 4776 2502 4833 inaccessam?
2536 4778 2650 4836 Hoc
2688 4781 2904 4835 initium
2937 4791 3019 4836 est
3041 4782 3239 4838 divinae
3270 4784 3456 4837 uouis-

1887 4885 2011 4923 cum
2038 4870 2467 4939 conjunctionis.
2491 4870 2619 4927 Haec
2642 4873 2819 4942 prima
2850 4884 2978 4929 sunt
3005 4875 3337 4930 lineamenta
3373 4877 3458 4931 iu-

1886 4970 2018 5017 turze
2050 4964 2187 5016 inter
2217 4964 2439 5034 angelos
2479 4965 2838 5035 hominesque
2871 4969 3171 5022 societatis.
3206 4966 3330 5022 Haec
3363 4988 3460 5024 ex-

1885 5068 2071 5123 pressa
2126 5054 2327 5126 eﬂigies
2378 5066 2579 5113 nostra:
2612 5059 3050 5115 instaurationis.
3084 5060 3210 5115 llam
3258 5072 3455 5115 nostra

1885 5146 2014 5200 vitae
2039 5145 2226 5215 spinas
2255 5146 2478 5203 ferentis
2513 5160 2677 5219 atque
2711 5151 2859 5207 illius
2882 5154 3212 5222 permutatio
3247 5163 3303 5206 et
3332 5168 3455 5206 sen-

1887 5240 2069 5293 tentiae
2092 5240 2221 5294 olim
2259 5242 2424 5296 Iataaz
2464 5241 2753 5296 Maledicta
2801 5254 2946 5297 terra
2981 5245 3036 5296 in
3063 5244 3302 5311 operibus
3338 5245 3460 5297 tuis.

1887 5333 2069 5399 spinas
2112 5342 2160 5385 et
2204 5332 2425 5386 tribulos
2460 5333 2731 5387 submittet
2781 5334 2876 5389 tibi
2924 5336 2978 5399 ¹;
3037 5344 3091 5389 et
3138 5336 3286 5390 illius
3324 5353 3337 5388 :
3396 5334 3461 5388 In

1884 5421 2073 5474 sudore
2102 5423 2275 5475 vultus
2303 5425 2379 5476 tui
2411 5424 2627 5478 vesceris
2660 5440 2794 5493 pane
2823 5425 2866 5479 ⁸.
2901 5422 3027 5479 Haec
3070 5436 3154 5479 est
3188 5435 3334 5479 certa
3373 5441 3447 5477 re-

1889 5512 2130 5578 demptio
2155 5514 2224 5569 ab
2249 5515 2452 5570 inﬂicta
2496 5504 2588 5571 illa
2615 5532 2774 5587 pinna
2803 5536 2816 5572 :
2852 5516 3218 5584 Multiplicubo
3258 5518 3462 5570 dolores

273 5793 359 5863 (I)
395 5790 742 5863 Sterilitalem
791 5807 896 5863 nou
948 5790 1214 5863 .loaehiﬁmi
1267 5797 1321 5843 et
1350 5788 1529 5863 Annae;
1562 5797 1795 5854 tantum,
1839 5788 1931 5843 sel
1972 5800 2024 5842 et
2084 5788 2337 5845 humanae
2357 5803 2575 5861 quoque
2609 5800 2810 5844 naturae
2851 5803 2971 5858 qua:
3003 5787 3068 5840 ad
3117 5784 3340 5838 Marium
3372 5799 3451 5840 us

178 5860 311 5935 que
338 5866 546 5918 nullum
572 5862 809 5915 fructum
841 5862 940 5914 uisi
972 5862 1323 5914 unledictutn
1356 5860 1598 5929 protulit.

568 5961 836 6020 PATROL.
883 5960 997 6022 Gn.
1036 5957 1286 6018 XCVIII

3074 5949 3153 6008 ΙιἹ
