4092 6438
204 394 327 461 M85

1144 394 1221 453 1N
1252 393 1355 454 SS.
1390 391 1741 454 DEIPARE
1788 390 2522 453 PRIESENTATIONEM.

3328 384 3464 449 1486

196 523 364 569 σασα,
405 505 607 574 φυσικῇ
652 503 893 557 διαθέσει
944 504 1173 567 ἄτεκνος
1218 504 1570 573 ὲγνωρίζετο.
1609 502 1772 554 Ὅθεν

1881 499 2544 570 dignoscebatur'exsor's
2578 498 2919 570 concipiendi
2956 498 3118 552 [uitus
3146 495 3459 552 conditione

195 600 282 670 τὴν
305 597 654 667 ἀναχώρησιν
674 595 769 649 τοῦ
793 595 1033 664 συζύγου
1058 597 1415 666 θεωρήσασα,
1442 597 1516 659 ὡς
1548 597 1768 665 τρυγὼν

194 690 505 766 φιλέρημος,
528 691 585 742 ὲν
610 689 689 761 τῷ
715 691 889 760 αὐτῆς
918 691 1235 763 παραδείσῳ
1257 691 1442 761 εὐχαῖς
1471 690 1768 758 ίκετηρίοις

191 785 278 836 τὸν
329 784 563 852 ποιητὴν
613 784 709 836 καί
752 784 1001 853 πλάστην
1038 782 1455 852 ἀνακαλουμένη
1481 824 1497 847 ,
1542 782 1727 849 ἔλεγεν
1754 798 1766 810 ·

190 866 256 930 Ὠ
287 876 461 945 Κύριε
492 874 747 942 Σαϐαὼθ,
774 878 808 929 ὀ
827 874 1166 943 καθήμενος
1192 873 1429 928 ἐπὶτῶν
1453 875 1767 942 Χερουϐὶμ,

192 970 277 1024 καὶ
322 967 682 1037 δοξαζόμενος
757 968 864 1022 ὑπὸ
915 968 1024 1019 τῶν
1080 967 1371 1038 Σεραφίμο
1430 970 1463 1020 ὁ
1517 966 1770 1035 μυριάσι

185 1060 492 1129 μυριάδων
539 1060 793 1128 ἀγγέλων
838 1058 1330 1129 δορυφορούμενος,
1392 1057 1488 1110 καὶ
1539 1056 1771 1126 χιλιάσι

188 1151 472 1221 χιλιάδων
502 1150 777 1221 στρατιῶν
806 1148 1258 1218 δοξολογούμενος
1287 1149 1385 1201 καὶ¹
1429 1146 1769 1219 προσκυνού-

190 1260 345 1313 μενος
381 1259 396 1275 ο
439 1245 466 1296 6
496 1244 589 1297 τὸν
627 1242 799 1311 Ἀδὰμ
824 1242 1040 1305 πλάσας
1070 1244 1140 1312 τῇ
1163 1240 1308 1312 χειρί
1340 1258 1459 1305 σου,
1488 1240 1583 1293 καὶ⁹
1624 1238 1773 1308 αὑτῷ

190 1335 332 1405 ζωὴν
358 1334 534 1396 ἐνθεὶς
562 1337 629 1405 τῇ
665 1334 940 1404 ζωηφόρῳ
972 1350 1067 1387 σου
1101 1333 1396 1405 προστάξει
1439 1333 1529 1386 καὶ
1578 1334 1641 1386 ἐκ
1673 1330 1775 1400 τῆς

189 1426 435 1496 πλευρᾶς
477 1424 643 1478 αὐτοῦ
679 1425 1112 1495 ἀνοικοδομήσας
1159 1427 1393 1492 γυναῖκα
1422 1439 1436 1453 ·
1468 1426 1497 1477 6
1538 1427 1603 1495 τῇ
1634 1426 1771 1493 σοφῇ

191 1531 283 1567 σου
314 1514 533 1584 εὐδοκία
567 1514 804 1583 ποιήσας
835 1512 986 1582 αὐτῷ
1010 1513 1249 1580 ,βοηθὸν
1270 1513 1397 1565 κατ’
1423 1512 1644 1577 αὐτὸν,
1681 1514 1775 1565 καὶ

188 1608 267 1670 εἰς
291 1605 350 1660 ἓν
375 1609 504 1668 τοὺς
532 1604 628 1658 δύο
676 1604 922 1672 συνάψας
952 1620 965 1633 '
1006 1605 1289 1658 Ἔσονται
1317 1606 1372 1658 οἱ
1408 1604 1541 1666 δύο,
1578 1603 1771 1665 εἰπὼν,

188 1699 275 1762 είς
304 1695 501 1764 σάρκα
532 1696 682 1765 μίαν
711 1711 727 1726 ·
769 1698 798 1749 ὁ
823 1694 903 1765 τῷ
937 1694 1223 1764 Ἁϐραάμ,
1258 1696 1338 1765 τῷ
1369 1694 1448 1766 σῷ
1477 1693 1774 1763 θεράποντι

188 1789 285 1841 καὶ
316 1788 653 1858 πατριάρχῃ,
688 1787 1083 1857 δωρησάμενος
1113 1786 1226 1838 υἱὸν
1265 1786 1355 1838 τὸν
1399 1786 1604 1847 Ἰσαάκ,
1636 1787 1776 1855 μετὰ

1875 593 1987 661 ipsa
2024 603 2252 647 naturae.
2294 596 2479 661 itaque
2511 593 2691 648 mariti
2740 592 3123 645 animadverso
3153 588 3206 642 in
3236 588 3457 642 devium

1874 687 2052 739 locum
2078 702 2322 751 secessu,
2347 695 2610 755 tanquam
2638 692 2819 740 tttrtur
2847 695 3116 754 appetens
3144 681 3461 738 solitudinis

1875 779 1927 832 in
1959 779 2116 833 horto
2139 796 2241 835 suo
2262 782 2604 850 supplicibus
2627 779 3037 849 precationilms
3062 776 3329 832 artiﬁcem
3369 792 3427 828 re

1875 887 1995 924 rum
2044 882 2209 942 atque
2249 873 2561 927 effectorem
2606 874 2679 927 ita
2725 871 3049 926 obsecrabat
3100 869 3192 924 :0
3233 868 3466 925 Domine.

1874 962 2237 1029 exercituum,
2268 965 2359 1032 qui
2384 964 2528 1017 sedes
2562 979 2721 1032 super
2747 961 3033 1016 Cherubin!
3064 962 3110 1025 ⁸,
3141 975 3303 1031 quem
3341 961 3448 1032 glo—

1877 1051 2091 1106 riﬁcant
2122 1053 2435 1123 Serapbim,
2464 1056 2553 1109 cui
2581 1062 2775 1124 parent
2795 1054 2862 1107 ad
2893 1052 3260 1107 ministerium
3294 1068 3463 1121 angel-

1875 1142 2051 1197 lorum
2096 1146 2266 1198 decies
2319 1146 2511 1200 millies
2561 1157 2779 1201 centena
2829 1145 3023 1209 millia,
3077 1161 3240 1214 quem
3292 1145 3466 1198 millia

1877 1236 2108 1289 millium
2140 1238 2160 1268 ⁹
2191 1238 2471 1307 agminum
2512 1238 2830 1293 collaudant
2863 1248 2914 1292 et
2952 1247 3287 1293 Venerantur
3314 1280 3326 1303 ,
3374 1237 3467 1308 qui

1876 1329 2143 1383 Adamnm
2194 1341 2284 1383 tua
2335 1346 2500 1384 manu
2550 1332 2795 1394 ﬁnxisti,
2834 1332 3046 1400 ipsique
3096 1332 3263 1384 vitam
3304 1332 3466 1399 jussu

1877 1428 1974 1473 tuo
2022 1420 2240 1475 vivitico
2289 1420 2552 1482 indidisti,
2601 1430 2656 1476 et
2703 1437 2767 1476 ex
2812 1421 2930 1491 ejus
2976 1422 3145 1476 latere
3182 1422 3465 1476 mulierem

1877 1511 2180 1576 ardiﬁcasti,
2216 1514 2308 1583 qui
2343 1529 2440 1583 pro
2473 1524 2562 1568 tua
2595 1514 2829 1584 sapienti
2866 1514 3216 1568 ordinatione
3249 1516 3468 1584 adjuto-

1879 1605 2017 1656 rinm
2047 1604 2146 1656 sibi
2178 1605 2353 1658 simile
2384 1606 2426 1637 '°
2459 1606 2560 1675 ipsi
2600 1606 2796 1669 fecisti,
2830 1617 2883 1660 et
2909 1606 3049 1660 duos
3082 1607 3134 1659 in
3171 1622 3338 1659 unum
3368 1622 3465 1661 co-

1879 1695 2109 1765 pulasti.
2144 1695 2313 1750 Erunt
2346 1736 2360 1761 ,
2395 1698 2685 1768 inquiens,
2721 1699 2826 1751 duo
2859 1700 2912 1752 in
2947 1716 3161 1752 carnem
3192 1717 3352 1753 uuam
3383 1702 3423 1732 “
3450 1742 3465 1764 ,

1879 1787 1979 1855 qui
2034 1787 2350 1843 Abrahamo
2386 1805 2547 1843 servo
2592 1800 2686 1845 tuo
2718 1800 2775 1846 et
2807 1791 3134 1861 patriarclue
3168 1793 3366 1847 dedisti
3398 1793 3464 1847 ﬁ-

189 1880 365 1951 γῆρας
396 1882 492 1933 καὶ
520 1883 662 1950 μετὰ
683 1883 781 1949 τὴν
803 1878 1090 1948 στείρωσιν
1110 1879 1208 1947 τῆς
1231 1879 1470 1950 Σάρρας,
1503 1879 1599 1932 καὶ
1620 1880 1772 1949 ποιή-

1883 1880 2014 1935 lium
2051 1880 2202 1935 illum
2229 1880 2475 1937 lsaacum
2502 1895 2625 1952 post
2650 1892 2989 1939 senectutem
3024 1899 3089 1938 ac
3122 1884 3465 1939 sterilitatem

192 1990 292 2038 σας
345 1975 509 2027 αὐτὸν
554 1973 768 2027 πολλῶν
814 1972 984 2026 ἐθνῶν
1024 1973 1282 2043 πατέρα’
1332 1975 1361 2024 6
1393 1973 1461 2042 τῇ
1494 1969 1776 2040 ὁμωνύμῳ

190 2068 286 2120 καὶ
338 2066 595 2137 ὁμοφύλῳ
636 2083 726 2137 μοι
756 2066 927 2138 Ἀννῃ
966 2066 1333 2137 χαρισάμενος
1366 2066 1456 2117 τὸν
1492 2062 1780 2116 κάλλιστον

191 2159 352 2211 παῖδα
382 2160 477 2212 καὶ
509 2157 659 2230 ίερδν
688 2158 945 2230 Σαμουὴλ
968 2198 984 2223 ,
1021 2157 1098 2221 ὡς
1127 2156 1405 2211 θεόσδοτον
1436 2156 1601 2225 εὐχῆς
1638 2156 1776 2219 υἱὸν,

190 2250 391 2305 καὶτοῦ
407 2251 638 2321 ψεύδους
656 2253 752 2315 καῗι⁵
773 2251 967 2321 μίσους
990 2248 1262 2322 θρίαμϐον
1287 2266 1302 2281 ο
1328 2248 1497 2302 ἔπιδε
1517 2249 1582 2313 ἐξ
1605 2249 1779 2318 ἁγίου

187 2362 304 2397 σου
339 2349 834 2413 κατοικητηρίου,
864 2342 1128 2412 ⁸Υψιστε,
1154 2343 1249 2395 καὶ
1286 2340 1498 2408 ἄνοιξὸν
1550 2358 1641 2411 μοι
1681 2342 1781 2409 τὴν

190 2436 402 2504 μήτραν
434 2432 570 2505 πρὸς
596 2430 948 2500 παιδογονίαν
965 2449 980 2463 ·
1006 2431 1195 2498 δίωξόν
1228 2446 1331 2500 μου
1353 2428 1452 2501 τὴν
1474 2428 1657 2499 λύπην
1678 2427 1781 2498 τῆς

189 2525 555 2598 στειρώσεως,
600 2525 693 2578 καὶ
733 2525 1031 2598 διάρρηξόν
1076 2541 1177 2594 μου
1215 2522 1284 2576 τὰ
1322 2523 1498 2592 δεσμὰ
1529 2523 1629 2590 τῆς
1660 2521 1778 2573 ἀτε-

187 2618 366 2684 κνίας,
422 2620 570 2681 ὅπως
625 2618 687 2670 τὸ
720 2617 1125 2688 γεννησὸμενον
1170 2617 1235 2669 ὲκ
1284 2615 1386 2683 τῆς
1435 2613 1629 2685 δούλης
1681 2630 1776 2665 σου

186 2711 512 2780 βλάστημα,
548 2712 658 2763 εἴτε
710 2709 903 2780 ἄρσεν,
943 2710 1055 2762 εἴτε
1091 2708 1252 2778 θῆλυ,
1299 2707 1473 2778 δῶρον
1516 2706 1778 2777 προσάξω

186 2820 292 2867 σοι,
332 2803 407 2865 ὡς
459 2802 714 2873 θυμίαμα
741 2802 939 2865 εὑῶδες
964 2843 979 2865 ,
1007 2802 1082 2865 ὡς
1115 2799 1363 2870 καθαρὰν
1414 2799 1733 2870 προσφορὰν
1760 2838 1774 2860 ,

182 2894 258 2954 ὡς
281 2894 461 2961 τίμιον
490 2894 683 2964 δῶρον,
717 2893 794 2955 ὡς
828 2892 973 2962 ἱερὸν
1008 2890 1286 2961 ἀνάθημα,
1318 2887 1392 2949 ὡς
1425 2888 1569 2940 θεῖον
1597 2904 1775 2940 κατοι-

183 2989 487 3058 κητήριον,
534 2988 610 3051 ὡς
662 2987 927 3057 ἀμίαντον
992 2984 1249 3055 ἀμνάδα,
1298 2983 1376 3046 ὼς
1424 2982 1772 3052 πρωτότοκον

182 3077 375 3147 ἀμνὸν,
401 3077 477 3142 ὼς
511 3078 632 3131 νέον
669 3077 877 3131 Ἰσαάκ,

1884 1972 2035 2029 Saraa
2061 2016 2076 2042 ,
2103 1976 2467 2046 eumdem‘que
2504 1976 2737 2031 ell‘ecisti
2776 1988 2987 2047 patrem
3014 1978 3311 2031 multarum
3339 1995 3468 2049 gen-

1881 2067 2037 2129 tium,
2072 2067 2164 2137 qui
2201 2067 2373 2121 Anna:
2398 2069 2707 2138 cognomim
2736 2084 2791 2124 et
2818 2070 3003 2124 tribuli
3045 2086 3179 2124 mea:
3208 2071 3465 2140 pulcher-

1880 2160 2082 2213 rimum
2115 2170 2168 2214 et
2197 2175 2416 2215 sacrum
2454 2177 2683 2231 puerum
2715 2160 2937 2217 donasti
2979 2161 3313 2228 Samuclem,
3348 2164 3463 2219 vel-

1885 2250 1963 2304 uti
2042 2250 2210 2306 ﬁlium
2273 2253 2327 2306 in
2394 2254 2862 2324 supplicationum
2918 2256 3149 2324 gratiam
3205 2256 3465 2311 divinitus

1879 2358 2206 2400 concessum
2240 2361 2305 2400 ac
2331 2346 2497 2401 veluti
2530 2347 2869 2417 triumphum
2900 2348 2968 2403 de
2994 2349 3281 2404 mendacio
3306 2350 3464 2404 odio-

1876 2451 1984 2506 que
2014 2447 2349 2506 reportatum
2382 2456 2397 2504 ;
2446 2440 2672 2504 intuere,
2707 2455 2740 2494 o
2785 2439 3091 2507 Altissime,
3119 2446 3181 2496 de
3217 2434 3495 2498 taberna?

1873 2526 1993 2579 culo
2013 2537 2197 2581 sancto
2232 2538 2324 2581 tuo
2360 2529 2426 2595 “,
2457 2531 2608 2600 aperi
2648 2531 2715 2584 ad
2743 2542 3068 2602 conceptum
3105 2532 3309 2590 sobolis
3341 2544 3464 2589 ute-

1878 2632 2002 2670 rum
2042 2633 2250 2685 meum,
2290 2628 2483 2674 excute
2524 2636 2553 2673 a
2587 2637 2674 2675 me
2707 2620 3116 2678 inl'ecunditatis
3150 2640 3466 2687 maerorem.

1876 2716 1931 2762 et
1957 2709 2222 2779 abrumpe
2263 2711 2482 2766 vincula
2530 2729 2665 2768 mea:
2704 2714 3039 2781 sterilitatis,
3080 2726 3141 2771 ut
3186 2725 3373 2771 natum
3400 2736 3467 2772 ex

1877 2816 1963 2856 me
1991 2801 2194 2857 famula
2229 2812 2320 2858 tua
2349 2804 2612 2869 fructum,
2661 2807 2777 2862 sive
2811 2808 3015 2863 ﬁliolus
3040 2809 3129 2864 ille
3156 2810 3321 2864 fuerit
3347 2813 3465 2865 sivi:

1877 2892 2064 2957 ﬁliola,
2101 2911 2302 2949 munus
2354 2897 2451 2950 tibi
2501 2896 2757 2960 oﬂ'eram,
2817 2900 2966 2953 velut
3020 2900 3352 2956 sacriﬁcium
3410 2903 3468 2958 in

1876 2985 2101 3040 odorem
2126 2989 2438 3053 suavitatis,
2466 2989 2616 3044 velut
2646 2990 2977 3045 oblationem
3010 2995 3293 3061 mundam,
3321 2994 3470 3050 velut

1877 3075 2081 3131 donum
2131 3080 2456 3148 pretiosum,
2502 3082 2651 3137 velut
2704 3095 2895 3138 sancte
2941 3086 3253 3141 dedicatum
3302 3089 3475 3144 dona-

179 3171 345 3231 rium,
378 3170 522 3223 velut
560 3170 802 3224 divinam
861 3169 929 3223 ad
987 3166 1404 3222 inbabitandum
1453 3165 1645 3228 aedem,
1680 3164 1828 3218 velut
1868 3181 2063 3238 agnam
2099 3171 2527 3239 immaculatam,
2568 3175 2715 3229 velut
2785 3190 2983 3247 agmtm
3019 3179 3466 3249 primogenitum.

178 3263 325 3316 vt-lut
355 3277 552 3315 novum
592 3263 862 3316 lsaacum.

254 3360 328 3411 E'.
373 3357 530 3409 Οὕτω
560 3356 741 3409 τοίνυν
772 3355 1104 3426 ἀμφοτέροις
1130 3352 1585 3422 ἐπικαλουμένοις
1616 3351 1771 3421 ὤφθη

1951 3348 2016 3404 ν.
2041 3350 2305 3421 Utrisque
2336 3352 2501 3422 igitur
2529 3354 2607 3408 sic
2638 3357 2992 3424 precantibus
3038 3357 3209 3415 astitit
3243 3364 3468 3433 angelus

179 3451 362 3511 αὐτοῖς
406 3448 635 3516 ἄγγελος
668 3446 906 3517 Κυρίου,
938 3445 1037 3514 τῆς
1079 3444 1351 3511 παναγίας
1380 3443 1477 3513 τὴν
1509 3441 1770 3512 σύλληψιν

180 3538 699 3607 εὐαγγελιζόμενος,
732 3537 909 3603 λέγων
930 3554 942 3565 ’
982 3535 1321 3604 Εἰσήκουσεν
1361 3532 1515 3600 ὑμῶν
1548 3533 1574 3584 6
1602 3532 1771 3601 ’Ὑψι-

182 3646 305 3691 στος
336 3627 436 3697 τῆς
466 3628 736 3697 δεήσεως,
769 3627 864 3678 καὶ
908 3627 964 3677 ἐν
999 3624 1165 3692 ὀλίγῳ
1209 3624 1387 3693 χρόνῳ
1420 3622 1637 3688 τέξεσθε
1676 3622 1770 3675 Ου-

179 3721 411 3790 γατέρα,
438 3714 537 3788 τὴν
568 3720 633 3771 ὲκ
663 3717 855 3771 πασῶν
886 3718 1091 3786 γενεῶν
1123 3715 1424 3786 μακαρίαν,
1447 3714 1775 3783 ἐκλελεγμέ-

177 3828 277 3880 νην
325 3812 405 3872 εἰς
454 3808 591 3861 Θεοῦ
646 3810 1093 3878 κατοικητήριον.
1149 3805 1334 3857 Ταῦτα
1386 3804 1481 3857 τοῦ
1534 3805 1770 3872 ἀγγέλου

179 3902 495 3973 περιχαρῶς
538 3899 1069 3970 εὐαγγελιζομένου,
1105 3898 1343 3969 κατῆλθε
1380 3899 1477 3967 μὲν
1513 3898 1771 3968 Ὶωακεὶμ

177 3998 245 4049 ὲκ
274 3994 370 4047 τοῦ
410 3995 569 4065 ὅρους
606 3996 745 4063 μετὰ
774 3995 950 4064 χαρᾶς
986 3993 1081 4047 καὶ
1112 3992 1456 4062 εὐφροσύνης
1499 3992 1726 4060 καρδίας
1754 4008 1768 4021 ·

176 4088 406 4157 γόνιμος
457 4086 515 4140 δὲ
560 4087 693 4158 παρ’
716 4086 907 4138 ἐλπίδα
961 4087 995 4156 ή
1040 4086 1292 4156 ἄκαρπος
1341 4084 1624 4153 ἀνεδείχθη
1672 4084 1772 4153 τῆς

180 4182 385 4249 Ἀννης
422 4179 655 4251 γαστὴρ,
690 4182 753 4232 ὲκ
800 4166 1109 4248 θελήματος
1162 4179 1364 4247 σαρκὸς
1394 4177 1487 4229 καὶ
1515 4180 1579 4229 ἐκ
1615 4176 1771 4245 θελή-

180 4288 357 4339 ματος
383 4271 599 4343 άνδρδς,
633 4272 729 4323 καὶ
757 4272 850 4322 τὸν
884 4270 1075 4339 καιρὸν
1105 4269 1204 4337 τῆς
1230 4270 1649 4338 ἑννεαμηνιαὶας
1673 4270 1770 4321 σύ-

178 4363 393 4432 ξήσεως
427 4362 763 4433 γνωρίσασα,
793 4361 949 4413 ἔτεκε
994 4359 1093 4429 τὴν
1146 4360 1525 4427 πανάχραντον
1558 4358 1769 4428 Παρθέ-

178 4473 274 4507 νον
304 4458 396 4506 καὶ
425 4456 687 4507 Θεοτόκον
720 4454 941 4523 Μαρίαν
968 4493 983 4516 ,
1018 4452 1117 4522 τὴν
1142 4451 1238 4504 τοῦ
1270 4452 1475 4518 κόσμου
1511 4450 1769 4518 πρόξενον

181 4546 485 4616 σωτηρίας.

256 4641 348 4705 εἷ’.
394 4638 505 4690 Καὶ
567 4637 757 4705 μηδεὶς
811 4635 919 4687 τῶν
969 4635 1068 4703 τῆς
1105 4634 1433 4704 Ἐκκλησίας
1483 4635 1767 4704 τροφίμων

178 4734 371 4787 τοῦτον
402 4730 704 4798 είσδέξηται
734 4730 830 4782 τὸν
862 4729 1040 4795 λόγον,
1073 4727 1465 4791 ὑποϐάλλοντα,
1492 4727 1569 4790 ὡς
1598 4729 1771 4780 ἑπτα-

179 4825 415 4895 μηνιαία
459 4825 492 4893 ή
541 4822 825 4894 Παρθένος
863 4820 1083 4890 ἐτέχθη.
1117 4820 1229 4874 Καὶ
1258 4820 1366 4889 γὰρ
1397 4819 1625 4881 πολλοὺς
1664 4818 1772 4870 τῶν

174 4915 437 4983 ἀφρόνων
462 4912 635 4965 ταῦτα
667 4910 1108 4979 φιλονεικοῦντας
1136 4909 1373 4979 ἀκήκοα,
1405 4907 1497 4970 οὓς
1528 4907 1638 4973 ἐγὼ
1663 4908 1772 4960 τῶν

173 5006 430 5057 ἀπίστων
472 5003 689 5073 χείρους
736 4997 876 5053 εἶναι
904 4999 1066 5053 δοκῶ.
1108 4997 1296 5050 Ταῦτα
1340 4997 1449 5068 γὰρ
1480 4999 1771 5066 αἰρετικῶν

170 5096 321 5147 εἰσιν
363 5094 756 5164 ἐφευρήματαο
786 5090 962 5145 ταῦτα
994 5094 1095 5161 τῆς
1135 5090 1460 5160 Ἑκκλησίας
1492 5090 1768 5151 ἀντίθετα,

171 5185 291 5236 τῶν
325 5184 622 5253 ὀρθοδόξων
657 5183 917 5254 ἀλλότρια
943 5198 956 5211 ·
985 5185 1018 5251 ή
1049 5183 1160 5250 γάρ
1197 5178 1472 5251 Παρθένος
1499 5180 1593 5232 καὶ
1637 5179 1765 5233 θεό-

172 5291 325 5340 παις
361 5275 547 5345 Μαρία
573 5275 777 5328 τέλειον
806 5274 898 5325 τὸν
931 5274 1123 5342 χρόνον
1155 5270 1264 5322 τῶν
1293 5270 1451 5322 ἐννέα
1485 5270 1674 5339 μηνῶν
1717 5271 1775 5321 ὲν

170 5370 242 5438 τῇ
287 5370 388 5438 τῆς
414 5370 614 5437 Ἀννης
663 5366 842 5437 κοιλία
894 5366 1223 5432 ἐξετέλεσεν,
1253 5363 1327 5426 ὡς
1357 5366 1391 5434 ή
1423 5363 1582 5432 φύσις
1614 5366 1646 5433 ἡ
1676 5364 1773 5416 ἀν-

169 5462 434 5532 θρωπίνη
481 5462 668 5530 δηλοῖ·
697 5459 831 5513 ἀλλὰ
861 5460 972 5513 τῶν
1009 5458 1259 5527 ἀφρόνων
1292 5459 1358 5509 τά
1388 5456 1637 5526 στόματα
1669 5475 1773 5526 μγ,-

166 5555 306 5607 δένα
344 5554 533 5624 μῶμον
563 5554 696 5623 πρὸς
721 5553 819 5623 τὴν
852 5552 1082 5638 ἄμωμογ
1122 5551 1305 5620 εὑρεῖν
1333 5549 1627 5618 δυνάμενα,
1653 5548 1775 5600 τοῦ-

243 5674 271 5707 ⁸
310 5675 445 5729 ι).ιιι.
478 5690 560 5738 ιιι,
597 5674 687 5728 55.
765 5676 785 5704 ⁹
814 5673 947 5728 Dan.
985 5690 1079 5736 vn,
1115 5671 1199 5723 iO.
1279 5670 1319 5700 ⁸⁸
1346 5669 1483 5723 Gen.
1508 5686 1562 5723 tt.
1606 5669 1688 5723 18.

250 5796 330 5862 (ἓ)
371 5794 679 5862 Snpplenda
711 5792 797 5845 bic
829 5794 1043 5857 negatio
1084 5792 1318 5862 videtur.

244 5857 324 5929 (Β)
387 5857 512 5917 Vtilis
560 5876 760 5931 qtlanla
818 5863 1103 5915 sedulitate
1160 5861 1258 5913 Si.
1327 5857 1514 5931 Patres
1561 5875 1778 5911 multum

172 5955 297 5991 non
334 5938 495 5989 modo
526 5934 728 6003 precati
763 5937 1030 5987 maculam
1052 5950 1171 6000 qua:
1200 5934 1435 5984 animant
1472 5930 1659 5993 inlicit,
1688 5932 1781 5983 sed

1770 5672 1805 5701 “
1844 5672 1979 5727 Gen.
2008 5690 2089 5734 ιιι,
2120 5675 2211 5729 ΕΗ.

1893 3442 2129 3507 Domini,
2155 3443 2247 3513 qui
2276 3446 2639 3500 sanctissima:
2672 3445 2855 3501 Mariae
2887 3462 3212 3521 conceptum
3248 3459 3466 3511 nuntia-

1880 3535 1981 3599 vit,
2019 3535 2273 3604 inquiens
2303 3555 2314 3589 :
2352 3538 2671 3593 Altissimus
2702 3542 2980 3595 exaudivit
3011 3559 3198 3611 preces
3230 3557 3463 3614 vestras,

1880 3642 1945 3683 ac
1981 3629 2127 3683 brevi
2167 3628 2332 3683 ﬁliam
2358 3630 2609 3699 gignetis,
2640 3632 2855 3686 beatam
2901 3634 3070 3700 illam,
3100 3653 3221 3707 qua:
3246 3655 3311 3692 ex
3348 3656 3467 3696 om-

1879 3720 2043 3773 nibus
2090 3721 2537 3790 generationibus
2597 3724 2648 3776 in
2702 3722 2797 3777 Dei
2851 3726 3242 3794 habitationem
3294 3733 3466 3791 electa

1880 3821 1987 3867 est.
2018 3811 2117 3866 Ubi
2162 3814 2307 3867 hunc
2357 3817 2580 3883 angelus
2635 3818 2803 3870 edidit
2856 3818 3135 3877 laetissime.
3186 3827 3462 3893 nuntium,

1873 3899 2196 3958 Joacbimns
2238 3905 2485 3960 miriﬁcis
2535 3908 2748 3976 gaudiis
2790 3908 3027 3979 gestiens
3072 3914 3357 3969 descendit
3396 3919 3464 3973 de

1876 4004 2083 4057 monte,
2108 3994 2263 4049 Anna
2294 4013 2424 4051 vero
2452 4008 2703 4067 uterum,
2749 4002 2842 4069 qui
2874 4004 3079 4059 sterilis
3111 4004 3289 4061 fuerat
3312 4050 3326 4074 ,
3370 4009 3456 4064 fe-

1874 4087 2114 4142 cundum
2145 4099 2370 4157 experta
2410 4099 2495 4144 est
2532 4091 2605 4161 (Ξ)
2635 4108 2699 4145 ex
2750 4098 3037 4151 voluntate
3077 4102 3259 4153 carnis
3310 4112 3364 4156 et
3393 4119 3461 4156 ex

1873 4178 2151 4234 voluntate
2205 4181 2342 4245 viri;
2397 4192 2509 4235 tum
2550 4187 2768 4253 cognita
2820 4197 2941 4256 post
2998 4204 3192 4243 novem
3242 4208 3461 4247 menses

1875 4273 2189 4354 maturitate
2216 4285 2424 4343 partus.
2460 4280 2651 4347 genuit
2693 4281 3066 4335 ἰιιιριιιωπιιιίιιη
3099 4282 3377 4354 Virginem
3406 4297 3463 4342 ct

1877 4363 1967 4416 Dei
2015 4363 2239 4420 Matrem
2298 4367 2521 4421 Mariam
2573 4374 2766 4424 salutis
2819 4378 3134 4430 mortalium
3195 4382 3453 4436 concilia-
3508 4360 3509 4363 Ἴ

1876 4458 2089 4510 tricem.

1947 4637 2033 4695 VI.
2062 4637 2182 4693 Jam
2226 4642 2552 4695 sententiam
2608 4644 2757 4697 illam
2812 4649 3078 4715 spuriam,
3116 4666 3238 4719 quat
3280 4653 3463 4721 perbi-

1878 4730 1965 4784 bet
1992 4732 2223 4799 septimo
2254 4747 2443 4787 mense
2472 4745 2595 4803 post
2617 4746 2943 4806 conceptum
2981 4738 3151 4795 fuisse
3184 4741 3459 4812 Virginem

1875 4820 2134 4887 genitam,
2170 4837 2330 4874 nemo
2379 4822 2431 4875 in
2484 4823 2731 4879 Ecclesia
2776 4826 3075 4885 innutritus
3127 4834 3457 4900 probaverit.

1876 4909 2074 4965 Multos
2103 4913 2247 4965 enim
2285 4911 2468 4969 fatuos
2498 4915 2681 4970 audivi
2709 4917 2776 4971 de
2799 4919 2903 4972 hac
2944 4936 3004 4975 re
3040 4927 3460 4994 contendentes,

1875 5016 2012 5069 quos
2030 5016 2131 5071 ego
2168 5003 2356 5072 judico
2397 5004 2709 5062 inﬁdelibus
2750 5012 3065 5075 deteriores,
3122 5031 3244 5069 cum
3285 5021 3459 5073 liuere-

1877 5094 2109 5148 tirorum
2138 5097 2355 5165 propria
2391 5098 2501 5151 sint
2535 5100 2807 5168 ejusmodi
2838 5104 3077 5160 inventa.
3128 5106 3251 5163 llzec
3280 5110 3463 5165 Ecclr-

1878 5185 1975 5239 siae
2010 5187 2237 5241 adversa
2273 5198 2422 5254 sunt,
2453 5206 2482 5243 a
2511 5200 2656 5246 recte
2681 5195 3046 5251 sentientibus
3071 5202 3232 5269 plane
3258 5204 3458 5257 aliena.

1875 5272 2038 5344 Virgo
2060 5276 2206 5329 enim
2229 5292 2294 5331 ac
2316 5277 2415 5331 Dei
2437 5280 2551 5345 ﬁlia
2582 5280 2747 5335 Maria
2776 5292 3051 5340 maturum
3077 5303 3270 5343 novem
3304 5308 3460 5346 men-

1872 5366 2013 5419 sium
2043 5370 2279 5435 spatium
2329 5370 2381 5423 in
2421 5372 2542 5425 alvo
2576 5375 2767 5428 matris
2820 5378 3075 5441 absolvit,
3112 5390 3175 5435 ut
3222 5387 3463 5452 postulat

1876 5458 2112 5513 humana
2150 5472 2367 5516 natura.
2397 5462 2595 5517 Verum
2630 5468 2922 5523 stultorum
2954 5486 3073 5539 ora,
3099 5492 3221 5543 quae
3254 5480 3457 5531 nullam

1874 5553 2048 5606 labem
2093 5554 2144 5606 in
2182 5555 2389 5609 illibata
2418 5558 2492 5626 (ὃ)
2517 5560 2794 5626 potuerint
2824 5562 3091 5628 invenire,
3126 5573 3458 5625 sententiam

2293 5678 2335 5709 ”
2366 5677 2604 5732 liarueb.
2638 5697 2697 5742 tl,
2734 5683 2815 5736 iii.

1893 5804 1943 5844 et
1978 5797 2239 5884 natpralis
2271 5796 2515 5880 delectus
2540 5803 2906 5869 suspicionem
2943 5824 2970 5858 ιι
3004 5808 3156 5861 beata
3248 5810 3465 5884 Vtrgtne

1895 5867 2315 5932 propulsandam
2352 5867 2688 5928 existimant.
