4092 6438
641 380 662 443 1
673 378 772 443 487

1708 377 1766 433 S-
1827 377 2131 435 TARASII
2177 379 2680 438 PATRIARCHE
2709 381 2818 439 ΟΡ.

3763 383 3868 446 1488

637 488 777 541 hanc
812 485 1107 554 Scriptum
1155 482 1478 537 aﬂinxerunt
1509 497 1536 536 a
1585 497 1714 535 vero
1765 494 2022 553 rectoque
2050 501 2210 539 sensu

2331 506 2404 540 ιον
2430 488 2519 540 τὸν
2542 487 2700 555 λόγον
2719 492 2784 558 τῇ
2815 489 3004 558 Γραφῇ
3037 491 3387 559 περιέθηκαν,
3418 491 3610 559 πόρρω
3638 489 3738 556 τῆς
3765 489 3867 557 dir;-

638 579 954 648 longissime
985 579 1392 631 abhorrentem.
1422 575 1526 628 Sed
1559 589 1658 628 nec
1697 575 1969 644 quispiam
2009 592 2039 629 e
2073 578 2210 630 sim-

638 672 955 738 plicioribus
1004 671 1151 723 illam
1203 669 1388 722 animo
1435 669 1696 731 imbibat;
1756 669 1899 736 quod
1951 669 2097 721 enim
2145 670 2211 722 ad

638 763 1020 829 prudentiores
1083 770 1314 828 spectat,
1362 760 1619 814 existimo
1678 775 1774 814 eos
1830 775 1897 813 ne
1956 773 2213 826 passuros

636 853 876 918 quidem,
910 861 969 906 ut
994 853 1077 906 vel
1103 851 1232 920 ipsis
1255 851 1480 904 auribus
1507 850 1612 903 tale
1637 851 1896 919 quiddam
1923 850 2209 914 hauriant;

635 948 762 1012 quia
796 945 1092 1015 Scriptura:
1123 944 1284 997 verba
1316 944 1562 997 studiose
1601 944 1837 1012 legentes
1859 957 1980 996 eam
2011 942 2214 996 divinis

639 1037 894 1089 sensibus
923 1037 1372 1102 interpretantur,
1413 1034 1535 1088 etsi
1569 1034 1788 1102 quando
1827 1034 1881 1106 in
1920 1033 2035 1101 ipsa
2063 1033 2212 1087 ziza-

639 1128 784 1176 niam
832 1125 899 1177 ab
937 1125 1176 1177 inimicis
1219 1124 1632 1177 disseminatam
1675 1123 1971 1192 reperient,
2009 1135 2066 1178 ut
2116 1125 2213 1178 ﬁlii

639 1215 895 1268 Ecclesiae
925 1217 1140 1283 penitus
1170 1217 1498 1283 exstirpant.

715 1304 822 1358 Vll.
863 1303 967 1359 Sed
1009 1321 1156 1359 nunc
1195 1307 1261 1358 ad
1307 1307 1645 1375 pr0positum
1693 1314 2053 1369 revertamur,
2082 1322 2214 1360 nar-

639 1398 869 1450 rationis
905 1397 1123 1461 seriem,
1157 1409 1321 1466 atque
1347 1413 1408 1450 ea
1443 1413 1562 1466 quae
1603 1399 1668 1451 ad
1716 1399 2058 1451 nativitatem
2089 1413 2216 1466 spe-

639 1497 826 1550 ctant,
872 1499 1250 1557 percurrentes
1297 1500 1460 1558 atque
1513 1490 1867 1559 explicantes.
1898 1490 2032 1543 Cum
2071 1489 2215 1541 enim

641 1581 1000 1646 praenuntiata
1035 1571 1242 1631 exitum
1299 1581 1587 1648 perspicue
1625 1581 1965 1642 habuissent,
2016 1591 2071 1634 et
2112 1582 2214 1633 im-

643 1671 908 1724 maculata
944 1671 1120 1740 puella
1146 1687 1209 1726 ac
1240 1669 1332 1725 Dei
1359 1673 1466 1726 lilia
1497 1673 1572 1742 (4)
1599 1687 1628 1726 a
1654 1673 1819 1741 justis
1851 1672 2138 1726 Joachimo
2166 1681 2221 1726 et

640 1766 794 1820 Anna
849 1761 1041 1816 fuisset.
1084 1764 1384 1834 progenita,
1414 1763 1465 1816 hi
1511 1763 1658 1817 serio
1701 1777 1921 1833 operam
1963 1777 2216 1832 posuere,

2315 580 2463 641 Θείας
2497 580 2594 632 καὶ
2624 579 2718 632 τοῦ
2752 579 2914 648 ὀρθοῦ
2957 581 3244 632 πίπτοντα.
3281 582 3388 632 Καὶ
3425 581 3610 649 μηδεὶς
3665 581 3864 631 καταδέ-

2313 671 2470 741 ξηται
2521 671 2632 723 τῶν
2680 670 3095 741 ἀφελεστὲρων·
3160 673 3285 734 τοὺς
3342 673 3449 742 γὰρ
3498 671 3871 740 εὐφρανοῦντες

2315 763 2619 831 πέπεισμαι
2659 764 2796 829 μηδὲ
2845 763 3041 833 μέχρις
3081 765 3260 816 ἀκοῶν
3302 781 3430 816 ποτε
3462 764 3525 814 τδ
3555 763 3710 831 ῥῆμα
3743 763 3875 814 scito

2315 855 2657 908 ὑπεισελθεῖν
2680 895 2696 920 ,
2728 857 2810 907 ὅτι
2836 857 2905 909 τὰ
2933 856 3036 924 τῆς
3065 857 3104 906 Γ
3109 857 3287 925 ραφῆς
3319 854 3595 924 ἐπιμελῶς
3629 855 3872 919 ἀναγινώ-

2316 963 2555 1009 σκοντες,
2595 949 2812 1016 νοήσεσι
2861 948 3032 1010 θείαις
3064 949 3264 1017 ταύτην
3291 949 3758 1017 ἐφερμηνεὺουσι.
3789 946 3878 996 Καὶ

2313 1038 2442 1092 ὅταν
2485 1038 2543 1089 ἐν
2585 1039 2723 1108 αὐτῇ
2751 1038 3247 1109 ζιζάνιονγεῦρωσιν
3275 1040 3340 1090 ὲκ
3364 1039 3472 1090 τῶν
3500 1038 3720 1108 ἐχθρῶν
3749 1053 3878 1088 σπει-

2317 1127 2570 1198 ρόμενον,
2616 1128 2691 1191 ὡς
2737 1128 2906 1180 τέκνα
2958 1130 3058 1198 τῆς
3093 1129 3415 1199 Ἐκκλησίας
3464 1129 3698 1189 τελείως
3742 1129 3876 1178 ἐκκό·

2313 1232 2560 1270 πτουσιν.

2384 1312 2460 1362 Ζ’.
2497 1311 2636 1362 Ἀλλ’
2669 1312 2762 1363 ἐπὶ
2808 1311 2871 1363 τὸ
2922 1311 3287 1380 προκείμενον
3337 1310 3769 1379 ἐπανέλθωμεν,
3810 1312 3886 1360 τὶν

2317 1404 2506 1473 εἱρμὸν
2534 1405 2636 1472 τῆς
2666 1405 2973 1476 διηγήσεως
2998 1406 3090 1458 καὶ
3117 1406 3214 1475 τῆς
3243 1408 3552 1474 γεννήσεως
3577 1404 3885 1458 διοδεύοντα

2319 1497 2412 1549 καὶ
2442 1496 2798 1566 ἐξηγούμενοι
2817 1515 2831 1526 ·
2869 1500 2976 1551 τῶν
3006 1499 3113 1568 γὰρ
3144 1499 3405 1569 ῥημάτων
3431 1497 3524 1548 διὰ
3560 1496 3889 1566 πραγμάτων

2320 1592 2398 1652 είς
2442 1590 2750 1657 τούμφανὲς
2779 1591 3044 1643 ἐλθόντων
3066 1631 3080 1653 ,
3113 1591 3207 1642 καὶ
3236 1594 3335 1658 τῆς
3373 1588 3613 1658 ἀμώμου
3653 1588 3750 1638 καὶ
3788 1585 3888 1636 θεὸ-

2322 1683 2510 1746 παιδος
2555 1683 2743 1752 κόρης,
2774 1684 2837 1735 ἐκ
2867 1682 2976 1735 τῶν
3011 1682 3236 1735 δικαίων
3275 1681 3533 1750 Ἰωακεὶμ
3577 1682 3680 1733 καὶ
3713 1681 3891 1744 ’Δννης

2320 1776 2728 1844 γεγεννημένης
2753 1815 2768 1838 ,
2802 1776 2896 1828 καὶ
2928 1776 3024 1836 τὰς
3053 1774 3374 1844 ὑποσχέσεις
3403 1773 3587 1826 αὐτῶν
3621 1769 3892 1838 ἐκπληρῶ·

643 1865 700 1906 ιιι
739 1855 1033 1908 liberarent
1063 1855 1316 1925 promissi
1367 1857 1552 1908 tidem.
1599 1854 1766 1923 Igitur
1802 1854 1995 1908 licebat
2033 1852 2220 1908 videre

2331 1882 2413 1918 sat
2467 1841 2902 1931 ἐσπουδακότων,
2952 1862 3020 1937 ἦν
3075 1841 3355 1934 ίδεῖνήτήν
3400 1865 3679 1935 θεόφρονα
3712 1865 3895 1914 Ἅνναν

641 1949 784 2015 piam
814 1947 1024 2000 Annam
1058 1947 1440 2011 exsultantem,
1481 1960 1542 1999 ac
1576 1946 1922 2015 gestientem,
1954 1955 2008 2000 et
2037 1943 2217 2014 Virgi-

642 2054 764 2092 nem
794 2039 944 2093 hisce
978 2037 1159 2093 verbis
1191 2036 1545 2092 festivissime
1581 2038 1995 2107 compcllantem
2037 2054 2050 2090 :
2083 2037 2218 2102 Quis

642 2131 888 2196 dixisset,
909 2131 1038 2194 lilia,
1064 2145 1126 2184 ex
1155 2144 1238 2184 me
1270 2139 1319 2183 te
1352 2130 1710 2199 prodituram,
1735 2146 1856 2197 quae
1881 2132 2034 2185 beata
2063 2146 2218 2186 eom-

640 2233 942 2277 monstreta
981 2239 1040 2277 es
1067 2223 1118 2276 in
1163 2222 1541 2292 generationes
1583 2223 2046 2291 generationum?
2083 2222 2219 2289 Quis

643 2329 694 2372 te
721 2319 860 2372 inter
891 2333 1040 2371 meas
1086 2317 1244 2370 ulnas
1301 2315 1575 2386 aspiciens
1623 2315 1714 2369 lac
1758 2322 2064 2385 sugentem,
2099 2331 2210 2370 non

641 2414 792 2465 illum
827 2410 1147 2472 laudaverit,
1177 2409 1269 2479 qtti
1327 2418 1378 2463 te
1412 2408 1563 2463 dedit
1613 2409 1748 2462 mihi
1787 2408 2138 2463 fecunditatis
2167 2419 2222 2462 et

642 2506 812 2573 piolis
847 2501 1251 2573 experti?Quis
1285 2501 1502 2555 intuens
1537 2502 1651 2554 haec
1679 2501 1846 2554 ubera
1871 2501 2042 2566 lacte,
2071 2501 2220 2569 quod

645 2596 923 2665 nunquam
966 2595 1290 2656 emiserant,
1335 2593 1446 2662 jam
1503 2591 1900 2654 redundantia,
1944 2606 2054 2645 non
2096 2606 2220 2645 eum

645 2687 930 2755 magnifice
955 2685 1159 2749 eﬁ‘erat,
1195 2684 1285 2752 qui
1322 2700 1350 2736 e
1391 2684 1529 2738 duro
1573 2682 1725 2736 silice
1751 2696 1908 2751 aqua:
1938 2683 2220 2736 scatebras

646 2778 845 2833 sitienti
875 2777 1073 2847 populo
1108 2775 1340 2830 elicuit?
1369 2772 1473 2828 Sed
1508 2773 1663 2838 veni,
1695 2773 1827 2836 ﬁlia,
1865 2773 1931 2827 ad
1969 2788 2094 2827 eum
2129 2773 2222 2842 qui

645 2878 696 2922 te
729 2869 860 2921 mihi
910 2867 1168 2936 elargitus
1205 2874 1307 2920 est.
1360 2864 1517 2927 Veni,
1566 2879 1696 2919 arca
1753 2863 2223 2929 sanctiﬁcationis,

647 2961 711 3013 ad
735 2959 1114 3012 misericordiae
1143 2957 1454 3010 Dominum.
1481 2953 1638 3018 Veni,
1664 2965 1817 3024 porta
1849 2953 2047 3006 divina:
2077 2952 2221 3015 vitae,

646 3050 791 3113 veni,
814 3050 1056 3104 thalame
1090 3048 1271 3110 Verbi,
1315 3047 1381 3101 ad
1409 3046 1673 3114 templum
1704 3045 1943 3099 Domini.
1990 3042 2134 3097 lntra
2168 3043 2223 3097 in

2317 1956 2733 2028 ἀγαλλιωμένην
2782 1960 2876 2010 καὶ
2916 1959 3228 2028 σκιρτῶσαν
3280 1959 3374 2011 καὶ
3429 1957 3743 2028 χαριέντως
3778 1955 3897 2022 πρὶς

2318 2047 2416 2116 τὴν
2447 2048 2724 2119 Παρθένον
2753 2047 3021 2116 λέγουσαν
3042 2065 3054 2077 ·
3085 2049 3180 2110 Τίς
3213 2048 3399 2115 έλεγεν
3423 2047 3482 2111 ἐξ
3517 2045 3659 2116 ἐμοῦ
3697 2062 3778 2105 σε,
3814 2043 3895 2094 05-

2319 2158 2510 2214 γατερ,
2544 2143 2829 2214 προελθεῖν
2878 2145 2976 2214 τὴν
3031 2145 3090 2197 ἐν
3139 2146 3357 2212 γενεαῖς
3387 2142 3594 2209 γενεῶν
3629 2140 3900 2210 μακαρίαν

2319 2235 2767 2306 ἀποδειχθεῖσανς
2804 2236 2900 2299 Ti;
2942 2239 3000 2289 ἐν
3043 2239 3156 2300 τοῖς
3192 2235 3414 2298 κόλποις
3446 2252 3551 2304 μου
3585 2233 3818 2301 θεωρῶν
3851 2248 3900 2281 σε

2319 2328 2782 2398 γαλουχουμένην,
2819 2329 2894 2399 μὴ
2921 2329 3147 2392 ,δοξάσει
3189 2329 3281 2380 τὸν
3316 2329 3374 2380 σέ
3414 2345 3507 2396 μοι
3535 2326 3904 2396 χαρισάμενον

2319 2420 2386 2489 τῇ
2421 2420 2610 2489 στείρᾳ
2637 2419 2730 2471 καὶ
2756 2421 3002 2489 ἁτέκνῳ;
3035 2419 3130 2482 Τίς
3152 2419 3280 2480 τοὺς
3314 2420 3554 2486 μαστοὺς
3576 2417 3716 2477 τοὺς
3752 2415 3906 2481 μήπω

2320 2509 2463 2577 γάλα
2498 2509 2801 2578 βλύσαντας
2835 2509 2978 2579 όρῶν
3008 2510 3112 2578 ήδη
3147 2507 3518 2577 πηγάζοντας,
3553 2505 3636 2574 μὴ
3675 2503 3909 2572 μεγαλυ-

2320 2604 2403 2653 νεῖ
2429 2601 2520 2654 τὸν
2554 2602 2613 2667 ἐξ
2642 2602 2950 2671 ἀκροτόμου
2991 2602 3194 2670 πέτρας
3223 2598 3495 2668 βλύσαντα
3524 2597 3593 2649 τά
3627 2596 3805 2648 ὕδατα
3843 2593 3913 2661 τῷ

2321 2693 2544 2761 διψῶντι
2574 2692 2721 2762 λαῷς
2756 2692 2919 2745 Ἀλλά
2952 2693 3132 2761 δεῦρο,
3160 2691 3419 2760 θύγατερ,
3449 2689 3590 2757 πρὸς
3615 2688 3714 2739 τὸν
3746 2689 3803 2738 σέ
3830 2701 3914 2753 μοι

2323 2783 2702 2856 παρασχόντα·
2743 2783 2920 2854 δεῦρο,
2972 2784 3112 2851 πύλη
3151 2783 3250 2852 τῆς
3302 2782 3449 2844 θείας
3495 2779 3689 2847 ζωῆς·
3739 2775 3914 2846 δεῦρο,

2324 2879 2537 2941 παστὰς
2583 2877 2677 2930 τοῦ
2709 2877 2884 2945 Λόγου
2906 2917 2920 2942 ,
2953 2877 3089 2945 πρὸς
3129 2876 3221 2928 τὸν
3252 2875 3380 2927 ναὸν
3416 2873 3658 2943 Κυρίου.
3697 2871 3916 2924 Εῖσελθε

2324 2972 2404 3033 είς
2429 2972 2528 3041 τήν
2565 2971 2740 3042 χαρὰν
2768 2969 2864 3023 τοῦ
2899 2970 3103 3037 Κυρίου
3125 3009 3138 3032 ,
3179 2970 3211 3037 ή
3245 2967 3340 3019 τοῦ
3389 2967 3603 3035 κόσμου
3641 2965 3796 3034 χαρά
3835 2964 3921 3014 καὶ

2325 3065 2672 3132 ἀγαλλίασις·
2721 3064 3030 3116 ἀπόλαυσον
3072 3062 3262 3114 τούτου
3308 3060 3406 3128 τῆς
3435 3046 3812 3126 ὡραιότητοςξ
3842 3058 3923 3108 ὀνο

649 3143 902 3212 gaudium
938 3139 1174 3202 Domini,
1229 3149 1283 3192 tu
1335 3137 1524 3191 mundi
1579 3136 1832 3206 gaudium
1873 3146 1927 3188 et
1972 3134 2218 3189 exsulta-

2331 3175 2433 3228 περ
2461 3159 2595 3227 μετὰ
2653 3156 2846 3226 μικρὸν
2904 3154 3078 3220 τέξεις
3139 3154 3214 3216 ὡς
3267 3153 3596 3222 ἄνθρωπον·
3670 3149 3924 3220 μακαρία

649 3239 745 3290 tio.
780 3234 981 3288 Fruere
1009 3232 1128 3300 ejus
1158 3230 1580 3300 pulchritudine,
1614 3243 1771 3296 quem
1805 3243 1910 3280 non
1947 3226 2020 3280 ita
2048 3227 2221 3280 multo

649 3337 771 3398 post
811 3329 1051 3380 humana
1075 3325 1250 3378 forma
1282 3323 1530 3378 indutum
1562 3321 1759 3392 paries.
1787 3320 1896 3388 Ego
1918 3335 2046 3373 Vero
2069 3319 2224 3373 beata

650 3437 794 3482 sum,
813 3435 935 3489 qua:
958 3418 1082 3472 talis
1107 3417 1226 3469 ﬁlize
1251 3425 1422 3469 mater
1447 3414 1732 3485 praedicor.
1756 3411 2226 3481 Congratulamini

653 3513 809 3576 mihi,
867 3510 1044 3563 tribus
1095 3506 1338 3570 lsraelis,
1399 3505 1658 3574 quoniam
1724 3514 1844 3572 post
1886 3503 2225 3558 sterilitatem

655 3617 826 3660 mater
863 3619 984 3658 sum
1016 3601 1135 3670 ejus
1169 3599 1381 3663 eﬁ‘ecta,
1414 3613 1534 3667 qua:
1569 3604 1743 3650 mater
1791 3594 2055 3648 Altissimi
2082 3603 2221 3649 eon-

656 3700 927 3753 stituetur.
971 3693 1274 3762 Exsurgite,
1311 3691 1546 3760 virgines
1582 3687 1823 3742 ferentes
1853 3687 2150 3755 lampades,
2178 3695 2232 3740 et

657 3792 843 3859 praeite
868 3787 1271 3841 immaculatam
1315 3782 1589 3852 Virginem
1617 3827 1630 3849 ,
1663 3789 1717 3834 et
1742 3781 1834 3834 Dei
1866 3781 2052 3832 tiliam.
2085 3779 2229 3831 Can-

659 3892 764 3936 tate
792 3881 840 3934 ei
866 3882 918 3933 in
953 3879 1129 3944 laude,
1172 3877 1386 3945 psallite
1424 3875 1524 3944 ipsi
1574 3875 1626 3927 in
1659 3874 1890 3935 cithara,
1933 3873 2226 3925 acclamate

656 3975 733 4029 illi
761 3990 886 4028 cum
911 3973 1122 4026 cantico
1145 3969 1433 4040 spirituali,
1457 3967 1716 4036 psalterio
1746 3965 2090 4020 decachordo
2108 3979 2227 4018 eam

657 4068 1024 4138 magniﬁcatc.
1045 4065 1126 4117 'l‘u
1151 4077 1390 4132 quoque,
1411 4059 1574 4112 David
1600 4057 1692 4112 Dei
1718 4057 2051 4126 progenitor,
2076 4057 2230 4124 puel-

657 4162 763 4214 lam
801 4157 960 4212 lauda
987 4154 1288 4226 profectam
1312 4152 1378 4205 dc
1399 4151 1570 4218 stirpe
1593 4157 1707 4213 tua,
1738 4156 1792 4200 et
1819 4147 2228 4216 magniloquum

660 4257 920 4323 hymnum
952 4249 1104 4312 eﬁ‘er,
1140 4247 1220 4301 sic
1274 4243 1622 4313 inquiens":
1656 4240 1815 4301 Audi,
1847 4239 1984 4308 ﬁlia,
2017 4247 2065 4291 et
2095 4239 2231 4302 vide,

658 4357 704 4397 et
731 4344 927 4396 inclina
951 4357 1132 4394 aurem
1174 4350 1340 4399 tuam,
1366 4344 1414 4387 et
1451 4333 1752 4386 obliviscere
1783 4331 2032 4398 populum
2064 4339 2233 4394 tuum,

658 4448 707 4492 ct
761 4437 973 4489 domum
1028 4433 1192 4501 patris
1245 4431 1343 4493 tui,
1385 4437 1434 4481 et
1487 4425 1816 4492 concupiscet
1867 4439 1958 4476 rea:
1999 4423 2233 4476 decorem

662 4541 832 4583 tuum.

733 4620 867 4674 \‘lll.
903 4619 1038 4673 Cum
1073 4618 1185 4670 haac
1218 4615 1430 4682 aliaque
1461 4612 1655 4664 horum
1686 4608 1886 4663 similia
1911 4605 2062 4659 Anna
2108 4621 2231 4676 gra-

662 4719 751 4772 tia:
780 4711 1122 4782 cognominis
1148 4709 1398 4768 dixisset,
1427 4704 1726 4774 pretiosum
1766 4701 1915 4753 illutn
1946 4699 2233 4752 Trinitatis

663 4813 1010 4866 thesaurum,
1045 4813 1154 4857 tres
1211 4814 1382 4853 annos
1439 4805 1622 4851 natam
1695 4792 1970 4860 Virginem
2027 4789 2235 4860 Deique

664 4911 893 4956 matrem
939 4899 991 4951 in
1046 4893 1302 4962 templum
1353 4889 1568 4943 Domini
1619 4887 1925 4940 lmtahunda
1989 4882 2233 4944 deduxit,

663 5003 717 5048 et
773 5007 895 5047 cum
920 4986 1203 5043 Joachimo
1232 4983 1464 5053 hymnos
1498 4981 1548 5032 iu
1599 4978 1899 5046 gratiarum
1963 4973 2233 5026 actionem

666 5085 974 5142 effundens,
1036 5086 1442 5144 convocatoque
1495 5071 1765 5139 virginum
1810 5076 1954 5120 cmtu
2015 5072 2237 5133 gestan-

670 5184 802 5234 tium
835 5175 1002 5236 faces,
1035 5171 1242 5224 aditum
1279 5168 1369 5235 qui
1399 5165 1550 5219 ducit
1579 5164 1643 5215 ail
1669 5160 1868 5214 Sancta
1923 5166 2238 5211 sanctorum

670 5268 974 5337 occupavit.
1004 5265 1180 5333 Atque
1205 5262 1277 5316 ibi
1306 5257 1650 5317 Zachariam,
1676 5253 1876 5323 quippe
1907 5250 1999 5320 qui
2037 5263 2090 5302 et
2123 5262 2246 5316 pro-

672 5365 832 5434 pheta
862 5369 1056 5414 eratet
1087 5354 1344 5412 sacerdos
1378 5361 1433 5406 et
1459 5346 1908 5418 consanguineus
1957 5351 2011 5397 et
2071 5340 2242 5395 admi-

671 5431 842 5512 nister
871 5450 1092 5521 legitimi
1131 5443 1462 5507 testamenti,
1491 5439 1862 5496 venerandum
1893 5433 2025 5490 illud
2051 5431 2242 5501 conju-

742 5562 785 5595 "
816 5560 961 5616 Psal.
998 5574 1143 5619 thv,
1213 5557 1301 5620 ll,
1360 5553 1448 5608 12.

743 5678 819 5746 (4)
852 5676 1168 5746 Cuicunque
1195 5665 1564 5723 ecclesiastica
1597 5656 2102 5746 Graacorumollieia
2126 5668 2250 5746 per:

674 5729 899 5804 solventi
925 5729 1191 5799 constabit
1225 5751 1567 5791 cntumuuem
1590 5749 1708 5786 esse
1738 5731 1980 5804 omnium
2014 5729 2251 5804 orientis

667 5797 1043 5875 Ecclesiarum
1078 5825 1306 5868 morem,
1361 5809 1573 5859 beatam
1610 5803 1904 5875 Virginum
1924 5797 2172 5875 absolute
2199 5805 2252 5849 et

675 5869 1113 5946 avtit'uh‘omasticc
1143 5893 1337 5934 vorare
1365 5875 1586 5938 θεόπαις
1634 5871 1828 5924 Filiam
1868 5869 1981 5923 Dei.

2328 3255 2467 3324 είμὶ,
2497 3255 2579 3306 ὅτι
2624 3253 2881 3322 τοιαύτης
2923 3252 3194 3322 θυγατρὸς
3245 3253 3427 3321 μήτηρ
3476 3249 3882 3318 ἀνηγόρευμαι
3913 3263 3926 3275 ·

2331 3347 2644 3418 συγχάρητέ
2681 3363 2792 3416 μοι,
2831 3346 2996 3412 φυλαὶ
3019 3345 3114 3398 τοῦ
3145 3345 3386 3414 Ἰσραήλ,
3411 3345 3494 3395 ὅτι
3527 3342 3677 3410 μετά
3704 3343 3929 3410 στείρω-

2331 3458 2416 3494 σιν
2448 3441 2631 3510 μήτηρ
2659 3438 3043 3506 ἀναδέδειγμαι
3061 3437 3158 3503 (5),
3179 3438 3299 3505 ἥτις
3326 3435 3796 3503 ἀναδειχθήαεται
3834 3440 3932 3501 μή·

2327 3549 2434 3604 τηρ
2482 3532 2578 3584 τοῦ
2624 3531 2903 3600 Ὑψίστου.
2959 3529 3274 3597 Ἐξάρξατε,
3319 3527 3578 3594 παρθένοι
3624 3526 3934 3594 λαμπαδηο

2331 3628 2509 3696 φόροι,
2540 3625 2633 3678 καὶ
2687 3621 3094 3693 προπορεύεσοε
3141 3618 3451 3688 ἔμπροσθεν
3501 3618 3602 3686 τῆς
3650 3619 3935 3683 ἀμιάντου

2333 3716 2611 3785 Παρθένου
2663 3715 2756 3766 καὶ
2810 3712 3124 3773 θεόπαιδος·
3158 3711 3323 3780 ᾀσατε
3362 3710 3501 3777 αὐτῇ
3558 3711 3620 3760 ἐν
3678 3711 3936 3760 αἰνέσει·

2331 3808 2538 3876 ψάλατε
2567 3807 2703 3875 αὐτῇ
2753 3806 2808 3855 ὲν
2855 3804 3059 3874 κιθάρᾳ
3079 3819 3091 3833 ·
3124 3801 3424 3864 atumem
3453 3801 3596 3868 αὐτῇ
3641 3802 3767 3868 μετ’
3793 3800 3942 3869 ᾠδῆς

2333 3899 2746 3969 πνευματικῆς·
2787 3898 3122 3967 μεγαλύνατε
3166 3898 3224 3947 ἐν
3265 3893 3556 3963 ψαλτηρίῳ
3582 3893 3941 3960 δεκαχόρδῳ,

2337 3989 2523 4054 Δαυῒδ,
2555 3989 2794 4049 αἵνεσον,
2827 3985 3129 4052 Θεοπάτορ,
3159 3983 3256 4054 τὴν
3279 3984 3343 4034 ἐκ
3368 3981 3542 4050 φυλῆς
3575 3996 3680 4032 σου
3712 3981 3943 4032 ἀναδει-

2335 4081 2556 4150 χθεῖσαν
2577 4081 2765 4149 κόρην,
2793 4075 3126 4146 ὑμνολογῶν,
3149 4074 3465 4142 μεγαλογῶν
3488 4072 3944 4141 μεγαλοφωνίας,

2339 4173 2431 4224 καὶ
2460 4170 2663 4236 λέγων·
2707 4169 3021 4227 Ἄκουσον,
3065 4166 3344 4231 θύγατερ,
3375 4161 3470 4213 καὶ
3499 4163 3592 4213 ιδε
3616 4203 3632 4224 ,
3671 4164 3780 4213 καὶ
3817 4161 3945 4212 xl?-

2337 4277 2448 4314 νον
2475 4259 2541 4312 τὸ
2575 4254 2686 4323 οὖς
2718 4273 2856 4319 σου,
2888 4255 2988 4307 καί
3009 4253 3296 4306 ἐπιλάθου
3328 4250 3433 4303 τοῦ
3467 4249 3630 4302 ,λαοῦ
3671 4267 3828 4314 σου,
3853 4253 3948 4300 καὶ

2339 4352 2444 4404 τοῦ
2477 4351 2647 4403 οἷκου
2674 4349 2777 4402 τοῦ
2807 4347 3026 4414 πατρός
3061 4359 3197 4410 σου,
3222 4343 3317 4396 καί
3348 4340 3723 4410 ἐπιθυμήσει
3763 4346 3802 4394 ὁ
3830 4343 3950 4405 ﬁa—

2341 4445 2554 4509 σιλεὺς
2580 4443 2685 4496 τοῦ
2708 4442 2975 4504 κάλλους
3003 4453 3138 4491 σου.

2411 4629 2491 4680 H'.
2527 4623 2711 4676 Ταῦτα
2742 4621 2833 4674 καὶ
2867 4620 2935 4670 τὰ
2967 4616 3174 4676 τούτοις
3227 4616 3388 4682 ὅμοια
3449 4615 3483 4680 ἡ
3538 4613 3958 4682 χαριτὼνυμος

2347 4714 2766 4780 ’Δννα’λέξασα,
2798 4713 2858 4764 τὸ
2895 4711 2994 4777 τῆς
3024 4707 3252 4778 Τριάδος
3285 4704 3595 4774 κειμήλιον,
3663 4703 3961 4770 χαίρουσα

2341 4813 2408 4880 τῇ
2444 4809 2606 4878 σαρκὶ
2638 4803 3014 4875 τριετίζουσαν
3040 4799 3137 4865 τήν
3169 4793 3444 4864 Παρθένον
3498 4792 3599 4842 καὶ
3670 4791 3961 4842 Θεοτόκςν

2343 4903 2422 4963 εἰς
2463 4899 2554 4952 τὸν
2585 4896 2709 4948 ναὸν
2737 4893 2941 4963 Κυρίου
2973 4887 3313 4959 προέπεμψε,
3345 4886 3437 4937 καὶ
3467 4884 3568 4935 σὺν
3629 4880 3711 4950 τῷ
3811 4882 3967 4932 Ἰωα-

2338 4995 2469 5062 κεὶμ
2502 4990 2644 5061 ᾠδὰς
2678 4985 3131 5056 εὐχαριστηρίους
3161 4977 3590 5046 ἀναπέμπουσσ,
3631 4975 3729 5026 καὶ
3779 4973 3968 5038 δῆμςθ

2338 5084 2446 5135 τῶν
2513 5078 2798 5148 παρθένων
2845 5067 3377 5140 λαμπαδηφοροῦντα
3439 5063 3969 5130 συγκαλεσαμέντι.

2343 5171 2610 5228 κατέλαϐε
2663 5171 2732 5221 τὰ
2759 5167 2866 5220 τῶν
2901 5166 3070 5231 ἁγίων
3101 5163 3266 5226 ’Ἅγια
3293 5174 3307 5187 ·
3341 5157 3436 5209 καὶ
3491 5157 3586 5208 τὶν
3659 5156 3970 5223 Ζαχαρία.

2343 5264 2700 5337 χαρμονικοῖς
2733 5259 2954 5330 χείλεσι,
2988 5255 3081 5307 καὶ
3113 5251 3434 5319 ἀγαλλιάσει
3488 5248 3818 5317 στόματος,
3883 5249 3978 5298 ἅτε

2351 5360 2637 5431 προφήτην
2693 5355 2788 5408 καὶ
2821 5352 2971 5420 ίερέα
3027 5349 3118 5402 καὶ
3157 5345 3395 5413 συγγενῆ
3455 5343 3554 5396 καὶ
3624 5340 3979 5410 λειτουργὺν

2351 5454 2448 5524 τῆς
2472 5449 2701 5522 νομικῆς
2733 5445 3019 5515 διαθήκης,
3049 5438 3438 5511 προσεκαλεῖτο
3468 5438 3502 5507 ή
3524 5435 3691 5504 τιμία
3713 5434 3980 5502 ξυνωρὶς

2537 5641 2910 5727 Supplendum
2960 5632 3546 5727 νίὶᾱοίμιγῗταότηςιὲἓί

2356 5702 2524 5777 modi,
2573 5702 2719 5783 v.”g.
2779 5715 2960 5783 μήτηρ
3000 5705 3382 5772 ἀναδέδειγμαι
3407 5702 3546 5773 (τῆς
3584 5702 3864 5770 ἀμώμου
3896 5711 3986 5748 xz:

2359 5787 2637 5848 Usdmtao;
2672 5780 2884 5854 κόρης),
2918 5780 3059 5848 ἥτις.
