4092 6438
199 415 320 490 “89

1101 419 1180 479 ΙΝ
1225 420 1325 480 SS.
1376 416 1727 478 DElPARIE
1780 415 2508 477 PRIESENTATIONEM.

3303 417 3440 480 H90

195 537 288 587 τῶν
335 532 694 602 γεννητόρων,
738 530 951 600 βοῶσαν
992 532 1156 602 Δέχου
1209 532 1309 600 τὴν
1373 531 1596 602 σεμνὴν,
1659 532 1758 600 τὴν

1867 546 1986 601 gum
2045 546 2142 601 par
2176 530 2483 585 laetantibus
2515 529 2673 583 labiis
2707 538 2870 599 atque
2903 529 3014 583 oris
3070 529 3441 584 exsultatione

193 623 688 693 ἀμίαντονοδέχου,
721 621 892 692 ἱερεῦ,
949 623 1046 694 τὴν
1111 623 1444 693 ἀκηλίδωτον
1514 623 1758 676 παστάδα

189 717 275 770 τοῦ
303 716 474 785 Λόγου
504 732 520 748 ο
554 715 736 785 δέχου,
801 719 1076 786 προφῆτα.
1134 717 1194 768 τὸ
1244 715 1605 786 θυμιατήριον
1666 715 1758 768 τοῦ

191 806 352 862 ἁΰλου
386 807 597 875 φωτός·
631 808 808 876 δέχου,
835 807 1030 870 δίκαιε,
1064 806 1126 860 τὸ
1195 808 1545 878 πυρίμορφον
1603 808 1756 881 ἆρμα

186 899 276 954 τοῦ
326 900 583 969 Ὑψίστου
608 916 622 930 ο
652 899 830 970 δέχου,
871 899 1149 970 ἄμεμπτε,
1191 899 1291 970 τὴν
1317 900 1524 970 ὡραίαν
1577 903 1750 970 ἄμπε-

188 993 295 1056 λον,
330 994 452 1062 ἥτις
487 992 784 1062 βλαστήσει
808 991 901 1044 τὸν
930 990 1158 1055 ἀείζωον
1190 991 1384 1062 βότρυν
1416 1006 1430 1020 ⁸
1498 992 1759 1060 εἰσάγαγε

187 1085 356 1152 αὐτὴν
392 1085 472 1146 εἰς
499 1084 568 1136 τὰ
591 1085 846 1138 ὲνδότατα
875 1083 970 1135 τοῦ
1005 1082 1134 1136 ναοῦ
1173 1083 1380 1151 Κυρίου
1411 1099 1424 1114 ο
1484 1084 1759 1153 πρόσφερε

187 1177 355 1246 αὐτὴν
387 1178 466 1240 είς
497 1175 662 1229 τόπον
695 1175 1054 1244 ἁγιάσματος,
1085 1174 1114 1227 ὃ
1133 1173 1534 1242 κατειργάσατο
1558 1175 1762 1242 δ’Ύψι-

190 1283 312 1328 στος
371 1268 450 1327 είς
481 1266 678 1321 ἑαυτοῦ
732 1267 1190 1334 κατασκήνωσινο
1260 1268 1502 1335 ἀνάγαγε
1557 1267 1762 1335 ταύτην

189 1360 268 1421 εις
296 1359 366 1412 τὰ
391 1359 578 1424 ἄδυτα,
605 1358 697 1412 τὸν
726 1359 959 1429 ἀόρατον
993 1361 1050 1411 ὲν
1086 1359 1266 1428 κοιλίᾳ
1291 1357 1582 1428 βαστάζειν
1611 1361 1762 1413 ἐπει-

189 1445 464 1515 γομένηνο
498 1447 802 1518 μακάρισον
829 1447 997 1516 αἶιτὴν
1025 1449 1123 1518 τὴν
1192 1449 1498 1520 μακαρίους
1555 1449 1763 1512 πάντας

191 1535 414 1604 βροτοὺς
443 1536 794 1600 άναδείξασαν
825 1556 841 1570 ο
889 1539 1189 1609 μεγάλυνον
1239 1539 1464 1603 ταύτην,
1526 1540 1626 1610 τὴν
1657 1540 1764 1592 τῶν

191 1627 605 1701 μεγαλουργιῶν
636 1630 771 1683 Θεοῦ
804 1631 1211 1702 ἀναδειχθεῖσαν
1233 1633 1412 1703 βίϐλον
1439 1633 1760 1704 Θεόγραφον·

188 1718 422 1772 ἀνάλαὸε
452 1719 677 1790 ταύτην,
706 1722 804 1791 τῆς
833 1725 895 1773 ἐκ
923 1722 1025 1790 τῆς
1071 1723 1414 1794 προμήτορος
1439 1720 1582 1786 Εῦας
1631 1739 1766 1776 κατ-

189 1810 327 1879 άρας
383 1811 530 1882 ἡμᾶς
585 1812 1010 1876 ἀπαλλάξασαν·
1065 1812 1304 1866 ἄσπασαι
1377 1813 1604 1886 ταύτην,
1664 1814 1763 1886 τὴν

475 1872 605 1955 Θεὸν
657 1872 1035 1976 φιλανθρωπία
1071 1905 1219 1976 ἡμᾶς
1272 1872 1632 1977 συνδήσασαν,
1666 1872 1762 1959 xuii.
1795 1872 1838 1931 Β

187 1993 288 2062 τὴν
317 1993 514 2064 ἔχθραν
541 1994 634 2048 τοῦ
664 1995 842 2064 ὄφεως
878 1996 956 2065 τῷ
987 1997 1156 2066 αὐτῆς
1188 1997 1334 2068 τόκῳ
1385 1997 1718 2052 καθελοῦσαν
1741 2015 1756 2030 ο

188 2085 483 2151 ἀγκάλισαι
519 2087 705 2158 αὐτὴν,
739 2089 837 2158 τὴν
864 2085 922 2153 ἐξ
956 2088 1210 2156 ἀγκαλῶν
1256 2089 1350 2142 τοῦ
1377 2088 1555 2158 ὄφεως
1611 2091 1759 2160 ἡμᾶς

187 2180 588 2249 ἀφαρπάσασαν
621 2195 636 2209 ’
668 2181 1046 2250 προφήτευσον
1075 2181 1206 2251 περὶ
1234 2181 1461 2254 ταύτην,
1519 2183 1619 2256 τὴν
1651 2184 1760 2237 τῶν

186 2273 478 2340 προσητῶν
510 2272 918 2344 ἀναδειχθεῖσαν
952 2274 1257 2345 πλήρωσιν,
1292 2275 1387 2328 καὶ
1417 2277 1516 2346 τῆς
1577 2279 1756 2346 ἐπαγ-

189 2361 373 2428 γελίας
402 2362 537 2416 Θεοῦ
563 2364 699 2434 πρὸς
730 2365 1050 2434 ἀνθρώπους
1088 2367 1566 2436 ἀνακεφαλαίωσιν
1589 2383 1604 2399 ⁸
1661 2369 1760 2440 τὴν

187 2455 462 2524 τράπεζαν
493 2455 588 2510 τοῦ
624 2456 770 2510 θείου
807 2458 998 2528 ἄρτου,
1035 2459 1131 2510 τὸν
1159 2455 1302 2511 οἶνον
1357 2457 1448 2512 τὸν
1486 2459 1755 2530 εὖφρόσυ-

187 2564 294 2610 νον,
346 2547 444 2621 τὴν
475 2550 680 2620 τροφὴν
706 2551 802 2619 τὴν
833 2550 1128 2614 ἀδάπανον,
1165 2550 1264 2620 τὴν
1292 2551 1625 2624 περιστερὰν
1659 2552 1759 2625 τὴν

188 2641 471 2711 ἀκεραίαν,
502 2642 592 2695 τὸν
625 2643 852 2713 οὐρανὸν
881 2642 971 2695 τὸν
1001 2641 1266 2714 ἔμψυχον,
1313 2643 1408 2715 τὴν
1443 2644 1759 2714 πολύφωτον

187 2733 426 2803 λυχνίαν,
456 2736 556 2802 τὴν
582 2735 964 2804 πολυΰμνητον
1025 2735 1266 2806 νύμφην,
1321 2736 1421 2808 τὴν
1473 2738 1760 2792 πολύαινον

189 2826 421 2894 μητέρα,
456 2823 556 2894 τὴν
585 2824 930 2879 θεοπότιστον
963 2827 1167 2893 ἐλαίαν,
1197 2829 1258 2880 τὸ
1284 2828 1426 2882 θεῖον
1452 2828 1636 2899 ὄχημα
1661 2830 1761 2900 τῆς

186 2913 285 2966 τοῦ
333 2915 591 2984 Ὑψίστου
638 2916 974 2987 οἰκονομίας,
1008 2917 1107 2986 τὴν
1164 2917 1370 2989 σκηνὴν
1413 2919 1512 2990 τὴν
1571 2920 1756 2990 ἁγίαν,

189 3001 285 3068 τὴν
340 2999 564 3070 λυχνίαν
618 3001 716 3073 τὴν
768 3003 1179 3073 θεοχάλκευτον,
1237 3006 1336 3078 τὴν
1390 3007 1605 3078 ἀμνάδα
1655 3010 1759 3080 τὴν

188 3091 430 3161 λογικὴν,
464 3092 525 3145 τὸ
580 3093 888 3164 ἱλαστήριον
912 3094 1005 3148 τοῦ
1051 3094 1207 3162 Θεοῦ,
1235 3096 1296 3150 τὸ
1355 3097 1639 3168 κειμήλιον
1698 3099 1760 3154 τὺ

188 3181 416 3244 ἔνδοξον,
453 3182 550 3252 τὴν
579 3183 858 3251 σάλπιγγα
886 3185 984 3253 τὴν
1011 3182 1230 3255 εὔηχον,
1259 3184 1320 3238 τδ
1348 3185 1491 3239 πῖον
1513 3185 1639 3256 ὅρος
1663 3187 1756 3240 καὶ
1783 3221 1827 3280 c

191 3277 613 3343 τετυρωμένον,
642 3276 733 3329 τὸν
762 3275 904 3329 θεῖον
933 3276 1120 3342 πόκον,
1146 3276 1246 3347 τὴν
1287 3277 1576 3350 θεόδρυτον
1608 3279 1761 3349 νεφέ-

188 3364 305 3433 λην,
340 3365 436 3435 τὴν
460 3366 612 3419 πόλιν
635 3366 732 3436 τὴν
755 3366 970 3438 ἔντιμον
995 3409 1010 3433 ,
1035 3370 1096 3422 τι
1128 3371 1316 3440 νοητὸν
1344 3371 1760 3443 καταπέτασμα,

189 3455 279 3507 τὸν
339 3456 687 3521 θεολάξευτον
715 3457 928 3528 λύχνον,
974 3459 1073 3532 τὴν
1098 3461 1343 3531 κλίμακα
1371 3460 1440 3514 δι’
1461 3456 1530 3534 ἧς
1555 3465 1583 3516 ό
1631 3463 1764 3516 Κτί-

191 3564 322 3617 στης
367 3551 479 3611 τοῖς
515 3549 725 3620 βροτοῖς
751 3551 1071 3621 ὀφθήσεται,
1103 3552 1202 3622 τὴν
1239 3551 1428 3624 κλίνην
1453 3553 1552 3626 τὴν
1580 3555 1762 3623 ἁγίαν,

187 3638 247 3690 τὸ
295 3638 501 3708 δοχεῖον
565 3641 664 3710 τῆς
717 3641 1104 3711 χρηστότητος,
1165 3641 1265 3712 τὴν
1314 3641 1423 3695 τῶν
1474 3644 1766 3716 θαυμάτων

187 3728 444 3792 ἄϐυσσον,
474 3718 574 3802 τῆν
615 3732 798 3803 πηγὴν
827 3732 936 3786 τῶν
963 3733 1202 3800 ἀγαθῶν,
1247 3734 1340 3787 τὸν
1369 3735 1567 3790 ἄσυλον
1598 3735 1764 3789 πλοῦ-

186 3838 300 3886 τον,
339 3822 438 3891 τὴν
471 3823 817 3892 πολυώνυμοι
866 3815 960 3877 καὶ
988 3825 1374 3878 πολυποίκιλον
1416 3829 1510 3879 καὶ
1534 3827 1766 3899 άειπαρ-

188 3912 341 3966 θένον
375 3915 656 3968 Θεοτὸκον.
689 3915 908 3986 Ταύτην
933 3916 1196 3984 εἰσάγαγε
1224 3918 1304 3980 είς
1335 3917 1405 3971 τὰ
1431 3917 1602 3986 ’Ἅγια
1657 3917 1767 3971 τῶν

192 4006 386 4072 ἁγίων,
419 4006 623 4076 ταύτην
672 4007 990 4077 προσάγαγε
1045 4007 1124 4078 τῷ
1174 4007 1408 4078 βασιλεῖ,
1467 4009 1542 4073 ὡς
1597 4010 1769 4082 δῶρον

198 4098 515 4168 πολύτιμον,
545 4099 743 4168 ταύτην
763 4100 977 4152 αἴνεσον
1000 4099 1074 4162 ὡς
1115 4100 1360 4170 βασιλίδα
1385 4101 1486 4170 τῆς
1515 4102 1765 4169 κτίσεως,

192 4188 399 4258 ταύτην
445 4190 785 4260 εὐτρέπισον,
826 4189 902 4253 ὡς
931 4191 1192 4244 παλάτιον
1222 4191 1316 4244 τοῦ
1359 4192 1765 4258 παντάνακτος,

186 4279 396 4350 ταύτην
429 4281 814 4350 ὑμνολόγησον,
849 4282 947 4352 τὴν
978 4281 1168 4334 πασῶν
1193 4281 1300 4334 τῶν
1357 4283 1639 4353 παρθένων
1665 4283 1768 4352 φύ-

187 4373 333 4424 λακα
367 4373 563 4425 ἄσυλον
586 4390 598 4402 ·
631 4373 836 4443 ταύτην
883 4374 1311 4445 κατασκήνωσον
1346 4375 1425 4437 εἰς
1457 4375 1585 4426 ναὸν
1645 4392 1763 4444 χειο

188 4463 479 4532 ροποίητον
505 4463 602 4533 τὴν
635 4464 937 4535 γενομένην
975 4464 1099 4517 ναὸν
1156 4465 1398 4535 ἔμψυχον
1453 4464 1546 4518 τοῦ
1593 4467 1768 4534 Λόγου

190 4556 372 4607 πάντα
387 4572 623 4626 τεκτηνα
631 4557 814 4624 μένου.

261 4648 338 4698 6'.
373 4643 537 4700 Λῦται
565 4647 657 4698 τοῦ
699 4646 955 4716 Ἰωακεὶμ
976 4647 1068 4699 καὶ
1123 4647 1220 4716 τῆς
1278 4649 1475 4716 ’Λννης
1546 4649 1600 4702 αί
1630 4665 1764 4720 χαρ-

193 4741 416 4808 μονικαὶ
443 4739 741 4808 δοξολογίαι
770 4755 784 4769 °
819 4733 982 4792 αὗται
1005 4739 1102 4808 τῆς
1146 4741 1496 4809 εὐχαριστίας
1525 4744 1581 4794 αί
1612 4744 1771 4814 ὑμνο-

186 4831 410 4900 λογικαὶ
441 4830 724 4901 θεηγορίαι
767 4847 780 4860 °
811 4825 972 4884 αὗται
1003 4829 1139 4901 πρὸς
1185 4831 1276 4883 τὸν
1329 4834 1614 4902 προφήτην
1666 4835 1769 4888 Ζα-

191 4924 392 4991 καρίαν
423 4925 478 4974 αί
507 4922 976 4992 παρρησιαστικαὶ
1002 4922 1304 4992 μαρτυρίαι
1335 4937 1347 4950 ’
1378 4922 1500 4976 ὅθεν
1525 4925 1554 4976 ό
1587 4925 1770 4995 ἱερεὺς

187 5016 266 5076 ὡς
304 5017 588 5083 προφήτης
619 5013 774 5077 Θεοῦ,
803 5015 894 5066 καί
925 5014 994 5066 τὰ
1021 5013 1130 5065 τῶν
1163 5013 1333 5080 ἁγίων
1360 5015 1526 5082 ’Ἅγια
1549 5016 1608 5068 ὲν
1640 5017 1769 5086 μεθ⁶

187 5107 304 5170 ἐξει
327 5105 461 5156 θεοῦ
511 5103 780 5168 καθελὼν,
809 5105 954 5174 δρῶν
997 5105 1097 5174 τῆς
1129 5105 1410 5174 Παρθένου
1455 5106 1550 5158 τοῦ
1579 5107 1765 5178 ὀμμα-

189 5215 284 5260 τος
315 5197 412 5266 τὴν
464 5195 748 5265 καλλονὴν,
814 5196 910 5248 τοῦ
961 5196 1258 5267 προσώπου
1297 5197 1358 5249 τὸ
1405 5197 1626 5268 ὡραῖον,
1671 5203 1770 5271 τῆς

187 5289 442 5359 γλώττης
473 5289 569 5360 τὴν
607 5289 834 5354 αἶνεσιν,
867 5289 965 5358 τῆς
1006 5289 1186 5359 ψυχῆς
1215 5290 1313 5359 τὴν
1343 5291 1644 5358 εὐγένειαν,
1675 5290 1770 5347 τοῦ

189 5382 312 5450 βίου
347 5381 408 5432 τὸ
435 5381 744 5450 ἄμεμπτον,
798 5381 908 5433 τῶν
942 5380 1120 5432 ποδῶν
1151 5381 1209 5433 τὸ
1249 5381 1507 5452 βάδισμα,
1546 5383 1644 5453 τὴν
1670 5401 1770 5436 κα-

187 5473 458 5541 ταστολὴν
496 5473 588 5525 τοῦ
622 5474 806 5544 ἤθους,
856 5474 947 5526 τοῦ
988 5476 1263 5542 σχήματος
1288 5477 1384 5542 τὴν
1413 5475 1768 5544 εὐπρέπειαν,

189 5563 513 5634 Ιινεύματος
581 5565 734 5632 ἁγίου
812 5563 1092 5634 πλησθεὶς,
1149 5563 1432 5634 ἐξεϐόησεν
1465 5581 1479 5596 ο
1514 5562 1584 5618 Ὤ
1635 5566 1771 5636 κόρη

187 5657 426 5724 ἁμιαντε
451 5672 464 5686 ο
495 5650 538 5709 ὦ
565 5655 801 5725 παρθένε
841 5654 1109 5724 ἁμόλυντε
1141 5672 1153 5684 °
1205 5649 1248 5708 ὦ
1271 5658 1449 5719 νεᾶνις
1482 5658 1732 5725 πάγκαλε
1756 5674 1768 5688 ⁸

186 5743 237 5802 ὦ
274 5747 546 5814 γυναικῶν
577 5747 853 5817 ἀγλὲιῗσμοι
881 5765 892 5776 '
933 5739 975 5800 ἶυ
1006 5747 1318 5819 θυγατέρων
1362 5749 1541 5803 καλλὼ
1555 5767 1725 5820 πισμα
1753 5768 1763 5780 ⁸

272 5914 313 5943 ⁸³
367 5913 508 5967 l‘sal.
548 5929 712 5977 van,
742 5913 791 5967 7.

1859 624 2160 694 appellabat
2209 622 2487 676 clamans:
2521 622 2742 692 Accipe,
2801 638 2834 674 ο
2863 620 3148 686 Zacharia,
3188 633 3437 676 sanctam

1861 708 2270 763 immaculatam
2305 710 2553 776 ;aecipe,
2588 709 3274 771 sacerdos,intemeratum
3310 708 3443 764 Ver-

1860 798 1909 852 bi
1970 801 2304 863 thalamum;
2336 802 2540 870 accipe,
2577 816 2610 854 ο
2637 801 2920 869 propinata,
2961 803 3298 856 thuribulum
3358 803 3440 854 lu-

1860 890 1938 943 cis
1966 892 2033 944 ah
2088 895 2234 944 omni
2305 893 2532 946 materia
2597 904 2858 958 secrete;
2919 895 3125 963 accipe,
3188 912 3221 949 ο
3265 897 3438 964 juSIe,

1861 981 2090 1050 ignitum
2143 998 2365 1037 enrrnm
2428 984 2714 1038 Altissimi.
2788 986 3005 1054 Accipe,
3062 1001 3097 1039 0
3145 987 3436 1055 inculpate,

1861 1073 2106 1127 ﬂoridam
2147 1076 2328 1138 vitem,
2365 1090 2484 1145 qme
2506 1091 2780 1129 racemum
2806 1085 3022 1129 :BlOl‘lltB
3055 1076 3174 1128 vitae
3213 1075 3434 1140 efferet;

1863 1167 2163 1220 intromitte
2191 1168 2334 1220 illam
2370 1169 2421 1219 in
2459 1168 2682 1222 intimos
2707 1182 2953 1223 recessus
2983 1169 3165 1237 templi
3199 1167 3434 1233 Domini;

1864 1257 2002 1311 infer
2031 1259 2174 1311 illam
2227 1258 2278 1311 in
2318 1259 2494 1312 locum
2544 1261 2867 1322 sanctuarii,
2923 1261 3065 1330 quod
3125 1261 3439 1316 Altissimus

1863 1351 1914 1402 in
1946 1351 2028 1403 sui
2058 1350 2397 1403 domicilium
2430 1353 2660 1405 secrevit
2692 1367 2705 1413 ;
2742 1352 2986 1404 inducito
3032 1354 3171 1406 hanc
3201 1353 3254 1406 in
3312 1369 3441 1407 san-

1863 1442 2106 1496 ctissima
2142 1442 2465 1510 penetralia,
2507 1459 2629 1512 qttze
2660 1459 2782 1496 mox
2832 1444 2884 1496 in
2923 1453 3076 1497 utero
3099 1460 3221 1498 cum
3259 1457 3440 1513 porta-

1863 1534 1962 1593 hit.
1993 1535 2085 1604 qui
2135 1534 2308 1590 oculis
2371 1535 2520 1588 cerni
2567 1550 2671 1588 non
2725 1544 2934 1604 potest;
2999 1537 3210 1590 beatam
3265 1538 3438 1606 ipsam

1864 1628 2120 1697 praedica,
2149 1644 2272 1696 quae
2300 1627 2488 1682 beatos
2513 1625 2676 1680 elﬁcit
2713 1643 2906 1682 omnes
2959 1629 3219 1681 mortales
3253 1644 3268 1690 ;
3324 1641 3441 1680 ma-

1865 1718 2057 1788 gniﬁce
2082 1719 2219 1771 hanc
2272 1719 2451 1779 lauda,
2492 1733 2613 1786 qua:
2657 1718 2867 1787 prolata
2900 1725 2984 1772 est
3012 1719 3441 1774 velutdivinitus

1865 1811 2203 1880 conscriptus
2261 1810 2398 1864 liber
2463 1809 2790 1879 magnalium
2853 1809 2966 1864 Dei.
3025 1810 3220 1880 l-Zxcipe
3277 1811 3439 1876 hanc,

1866 1918 1985 1973 qua:
2019 1919 2047 1957 a
2084 1903 2371 1957 maledicto
2421 1905 2472 1956 in
2527 1903 2755 1972 primam
2809 1912 3087 1973 parentem
3121 1901 3283 1958 Evam
3339 1906 3440 1958 itn-

1867 1995 2036 2049 misso
2076 2010 2174 2049 nos
2216 1995 2409 2049 liberat
2440 2011 2454 2060 ;
2491 1995 2848 2065 complectere
2873 1997 3030 2059 hanc,
3057 2011 3177 2065 quae
3200 2012 3299 2051 nos
3316 2011 3438 2050 eum

1866 2085 1976 2141 Deo
2000 2087 2268 2141 eharitatc
2319 2087 2615 2157 colligavit,
2677 2095 2730 2142 et
2781 2087 3126 2142 inimicitiam
3172 2091 3440 2158 serpentis

1865 2177 2054 2233 fraude
2085 2177 2357 2233 inductam
2396 2193 2497 2234 suo
2526 2188 2680 2248 partu
2719 2178 2984 2245 abstulit;
3021 2180 3236 2248 implica
3275 2181 3434 2236 istam

1864 2271 2122 2336 brachiis,
2162 2287 2284 2342 qua:
2312 2287 2411 2326 nos
2460 2271 2530 2326 ab
2575 2271 2810 2341 implexu
2847 2270 3116 2340 serpentis
3148 2271 3438 2328 abstrahit.

1864 2363 1938 2419 De.
1989 2364 2090 2418 hac
2120 2365 2439 2429 vaticinare,
2476 2380 2598 2435 qua:
2643 2365 3081 2435 propheticorum
3152 2365 3440 2419 vaticinim

1863 2472 1983 2511 rum
2042 2456 2480 2526 implementum,
2543 2457 2958 2527 divinarumque
3014 2457 3436 2526 promissionum

1861 2551 2246 2620 compendium
2283 2551 2336 2605 in
2363 2551 2682 2606 seexhibet.
2717 2551 2838 2620 Ipsa
2892 2565 3082 2605 mensa
3125 2549 3292 2604 divini
3345 2567 3443 2620 pa-

1861 2641 1968 2704 nis,
2000 2642 2186 2696 vinum
2213 2642 2542 2705 exhilarans,
2579 2643 2733 2697 cibus
2766 2644 3060 2714 gratuitos,
3095 2643 3347 2698 columba
3381 2647 3444 2696 il-

1864 2733 2053 2798 libata.
2127 2735 2326 2790 cmlum
2388 2735 2714 2798 animatum,
2783 2735 2993 2805 lampas
3049 2735 3208 2790 valde
3258 2735 3440 2800 rutila,

1859 2835 2056 2890 sponsa
2091 2824 2276 2877 mttltis
2326 2824 2545 2894 hymnis
2580 2824 2874 2887 celebrata,
2909 2834 3082 2880 mater
3115 2825 3299 2880 multis
3331 2827 3444 2880 lau-

1859 2912 2020 2968 dibus
2081 2923 2302 2981 ornata,
2355 2916 2497 2971 oliva
2559 2917 2824 2973 divinitus
2878 2918 3127 2990 irrigata,
3185 2919 3435 2974 divinum

1859 3003 2170 3059 vehiculum
2203 3006 2633 3076 dispensationis
2659 3009 2962 3082 _Altissimi,
3031 3010 3440 3066 tabernaculum

1861 3103 2137 3162 sanctum,
2189 3097 2577 3154 candelabrum
2615 3115 2643 3155 a
2680 3099 2789 3156 Deo
2860 3101 3244 3168 fabrefactum,
3303 3120 3443 3173 agna

1861 3187 2163 3250 rationalis,
2221 3189 2661 3260 propitiatorium
2739 3189 2855 3252 Dei.
2898 3209 2992 3247 vas
3037 3194 3440 3251 ina‘stimabile.

1865 3277 2156 3333 thesaurus
2192 3279 2543 3344 honoriﬁcus,
2578 3283 2705 3336 tuba
2747 3284 2988 3338 suaviter
3041 3299 3261 3346 saltans,
3286 3300 3444 3338 mons

1864 3371 2074 3440 pinguis
2109 3381 2158 3423 et
2189 3372 2502 3442 coagulalus
2531 3371 2595 3439 ¹⁸,
2630 3373 2874 3428 divinum
2912 3375 3105 3436 vellus,
3133 3377 3301 3430 nubes
3337 3375 3446 3431 llea

1865 3458 2084 3525 referta,
2115 3461 2246 3515 urbs
2271 3461 2616 3530 admiranda,
2652 3463 2883 3518 anlzeum
2921 3466 3187 3534 spiritale,
3222 3468 3444 3521 lucerna

1865 3549 2126 3605 divinitus
2148 3566 2379 3615 excusa,
2408 3553 2552 3607 scala
2582 3567 2860 3622 perquam
2902 3553 3240 3608 descendens
3275 3556 3446 3608 Crea-

1870 3651 1952 3695 lor
1981 3641 2123 3696 inter
2157 3643 2405 3698 homines
2435 3645 2727 3706 videbitur,
2762 3645 2944 3698 cubile
2990 3655 3265 3708 sanctum,
3329 3662 3446 3714 gra-

1869 3733 1958 3788 tia:
1990 3735 2416 3804 receptaculum,
2455 3737 2847 3791 miraculorum
2878 3738 3128 3808 abyssus,
3172 3737 3292 3792 fons
3343 3739 3444 3791 ho-

1870 3840 2087 3889 norum,
2117 3826 2427 3880 divitiarum
2453 3829 2608 3896 copia
2643 3829 2995 3890 inviolabilis,
3046 3829 3232 3884 multis
3273 3831 3447 3884 nomi-

1869 3917 2032 3972 nibus
2062 3925 2226 3986 alquc
2277 3917 2497 3973 dotibus
2526 3919 2799 3990 insiguala
2825 3931 2880 3975 et
2909 3937 3122 3990 semper
3154 3919 3319 3992 Virgo
3353 3921 3444 3976 Dei

1871 4017 2062 4064 mater.
2098 4007 2249 4063 llanc
2276 4010 2609 4065 introducito
2631 4012 2682 4064 in
2715 4010 2913 4067 Sancta
2938 4022 3275 4079 sanctorum,
3309 4015 3450 4068 hanc

1871 4101 1982 4171 regi
2015 4100 2207 4154 σπῆι-ιο
2242 4111 2500 4172 tanquam
2529 4102 2987 4172 pretiosissimum
3019 4105 3243 4168 dOnum,
3307 4103 3447 4159 hanc.

1871 4192 2033 4246 lauda
2059 4192 2205 4247 velut
2243 4193 2485 4263 reginam
2517 4193 2893 4249 univcrsitatis
2921 4210 3121 4257 rerum,
3153 4195 3293 4247 hanc
3340 4211 3440 4263 ap-

1872 4300 2001 4354 para
2033 4294 2094 4339 ut
2126 4285 2388 4355 palatium
2419 4285 2564 4354 regis
2594 4285 2998 4347 universorum,
3052 4286 3190 4338 han-2
3229 4286 3450 4355 hymnis

1877 4375 2075 4428 extolle
2112 4386 2170 4429 ut
2217 4382 2394 4434 tutum
2444 4371 2758 4443 praesidium
2819 4373 3067 4426 omnium
3133 4373 3402 4441 virginum
3434 4413 3448 4432 ,

1872 4463 2000 4517 huic
2034 4463 2217 4518 sedem
2245 4465 2296 4517 in
2333 4465 2533 4532 templo
2563 4461 2890 4517 manulacto
2924 4465 3123 4533 praebe,
3167 4479 3289 4533 qua:
3317 4473 3451 4518 tem-

1803 4555 1844 4609 D
1873 4556 2021 4626 plum
2059 4555 2359 4610 animatum
2389 4565 2473 4610 est
2510 4553 2670 4610 Verbi
2722 4557 2970 4610 omnium
2994 4556 3312 4610 conditoris.

1946 4647 2037 4701 IX.
2073 4649 2164 4702 Ha:
2196 4647 2416 4702 fuerunt
2445 4648 2512 4702 ab
2546 4645 2832 4701 Joachimo
2859 4656 2913 4701 et
2942 4649 3097 4701 Anna
3122 4647 3284 4702 editae
3313 4647 3449 4701 beta:

1876 4741 2314 4812 praalicationes,
2342 4741 2423 4796 ha:
2453 4739 2561 4793 Deo
2590 4739 2815 4794 reddita:
2839 4755 2964 4793 cum
2989 4741 3289 4811 gratiarum
3354 4755 3450 4793 ac-

1877 4833 2024 4887 tione
2056 4831 2418 4893 laudationes,
2455 4831 2536 4884 ha'.
2563 4830 2700 4899 apud
2748 4831 3071 4900 prophetam
3130 4829 3453 4884 Zachariam

1876 4922 2016 4976 data:
2066 4935 2281 4974 summa
2344 4936 2468 4974 cum
2521 4919 2716 4973 ﬁducia
2777 4919 3209 4974 testiﬁcationes.
3273 4917 3456 4984 Quare.

1878 5012 2156 5072 sacerdos,
2187 5021 2244 5065 ut
2284 5011 2375 5064 Dei
2428 5013 2714 5080 propheta,
2755 5012 2960 5080 quique
3014 5020 3204 5064 tenens
3257 5011 3455 5063 Sancta

1875 5113 2186 5160 sanctorum
2223 5104 2493 5174 particeps
2523 5102 2614 5158 Dei
2658 5113 2796 5169 erat,
2859 5103 3079 5158 intuens
3138 5104 3192 5156 in
3241 5101 3456 5171 Virgine

1875 5207 2125 5267 aspectus
2153 5197 2635 5266 pulchritudinem,
2688 5197 2871 5252 vultus
2910 5197 3188 5258 decorem,
3260 5196 3456 5264 lingttu'

1879 5289 2223 5352 modestiam,
2285 5289 2452 5342 animi
2524 5289 2886 5354 nobilitatem,
2954 5290 3076 5342 vita:
3121 5288 3455 5357 inculpatum

1876 5384 2063 5442 decus.
2101 5381 2298 5451 pedum
2349 5381 2646 5444 incessum,
2707 5395 2920 5434 morum
2978 5379 3454 5450 compositionem,

1877 5475 2182 5527 decentiam
2210 5473 2449 5534 habitus,
2481 5474 2664 5527 alllatu
2694 5474 2869 5528 sancti
2903 5473 3141 5543 Spiritus
3190 5483 3456 5541 concepto

1875 5565 2204 5619 exclamavit
2246 5581 2257 5616 :
2307 5563 2351 5617 Ο
2383 5563 2558 5631 puella
2591 5563 2964 5628 immaculata,
2999 5578 3032 5616 ο
3063 5563 3218 5632 virgo
3257 5563 3454 5631 impol-

1874 5657 2007 5716 luta,
2029 5657 2474 5709 oadolescentula
2494 5655 2898 5718 venustissima,
2929 5670 2963 5708 υ
2985 5655 3272 5708 mulierum
3293 5668 3424 5705 orna
3439 5684 3452 5692 -

1879 5759 2141 5813 mentum,
2189 5748 2418 5804 liliarttm
2467 5748 2630 5813 nitor,
2667 5764 2700 5802 ο
2730 5759 2901 5802 mater
2934 5744 3097 5818 Virgo
3154 5757 3361 5810 sancta,
3399 5759 3452 5799 tu
