4092 6438
187 413 302 481 1493

1073 416 1150 480 ΙΝ
1189 421 1291 480 SS.
1332 418 1684 481 DElPARrE
1723 419 2451 480 PRESENTATIONEM.

3265 410 3403 478 1494

177 549 258 587 σου
288 534 586 602 γεννήσεως
625 534 721 602 τὴν
762 535 1069 603 παρουσίαν
1095 535 1394 604 σημαίνων,
1426 537 1521 590 καὶ
1547 536 1639 587 τὸν
1670 533 1727 598 ἐξ

1852 550 1960 590 :ans
2001 538 2290 590 adventum
2349 547 2638 600 ortumque
2700 531 2820 586 Filii
2882 532 2978 595 ttti,
3037 539 3096 585 et
3142 532 3401 600 populum

176 625 324 678 ἐθνῶν
355 624 484 677 λαὸν
521 625 700 678 καλῶν
730 628 810 685 εἰς
842 626 1217 696 προσκύνησιν
1252 628 1413 697 μέχρι
1471 629 1723 698 περάτων

175 717 264 785 τῆς
290 716 391 786 γῆς
418 734 431 747 ·
471 717 530 770 σὲ
555 718 648 770 καὶ
695 718 725 769 ὁ
757 715 876 769 τῶν
908 717 1235 787 ἐπιθυμιῶν
1287 720 1443 788 ἀνὴρ
1506 719 1731 786 Δανιὴλ

175 805 488 878 ἀνεκήρυξεν
517 808 638 877 ὅρος
674 809 836 877 μέγα,
863 810 919 875 ἐξ
946 804 1006 863 οῦ
1027 809 1261 880 Χριστὸς
1289 811 1318 861 ὁ
1339 813 1729 882 ἀκρογωνιαῖος

173 899 306 960 λίθος
331 900 800 968 ἁποτμηθήσεται.
837 903 929 954 καὶ
954 901 1049 971 τὴν
1080 903 1264 956 εἰκόνα
1297 903 1392 955 τοῦ
1460 903 1734 973 πολυμόρ-

176 1009 267 1057 ῳου
288 992 456 1058 θφεως
483 990 659 1042 ὀλέσει
693 993 785 1044 καὶ
832 992 1156 1063 ὲκλικμήσει
1190 1011 1203 1024 ·
1236 993 1294 1045 σὲ
1346 995 1396 1045 oi
1444 996 1503 1046 ὲν
1561 994 1733 1046 Βαϐυ-

174 1078 291 1131 λῶνι
319 1082 467 1148 τρεῖς
497 1080 689 1142 παῖδες
730 1079 901 1133 τύπον
934 1080 1169 1150 ἔχοντες,
1207 1082 1301 1134 καὶ
1326 1082 1416 1134 τοῦ
1455 1083 1589 1134 Υίοῦ
1639 1099 1732 1134 σου

177 1178 264 1238 τὴν
292 1172 585 1242 ἐπιθυμίαν
624 1173 1078 1241 κατανοήσαντες,
1114 1174 1211 1241 τὴν
1240 1174 1467 1241 κάμινον
1492 1172 1589 1243 τὴν
1640 1174 1734 1224 ἐπ⁹

173 1262 475 1324 ταπλασίως
524 1260 818 1315 καυθεῖσαν
862 1262 1073 1329 διῆλθον
1102 1262 1379 1327 ἀϐλαϐεῖς,
1416 1265 1507 1316 καὶ
1549 1263 1626 1326 ὡς
1678 1266 1736 1315 ἐν

174 1352 388 1421 θαλάμῳ
416 1352 699 1421 χαίροντες
752 1353 912 1421 μέσον
942 1352 1189 1421 ἐχόρευον
1216 1369 1230 1384 ο
1290 1354 1348 1406 σὲ
1426 1354 1738 1423 ’Λϐϐακοὺμ

176 1444 375 1512 Θαιμέιν
398 1443 519 1512 ὅρος
541 1442 815 1510 ὀνομάζει,
849 1442 906 1506 ἐξ
940 1438 1001 1496 οὗ
1038 1442 1299 1512 βασιλέως
1332 1443 1589 1515 σκῆπτρα
1609 1461 1739 1515 κρα-

176 1533 331 1595 ταιῶς
359 1534 740 1596 ἀνατέταλκεν,
774 1536 829 1586 έν
925 1532 1260 1602 σκηνώματα
1286 1534 1556 1587 Αἰθιόπων
1577 1552 1741 1601 πτοη-

179 1623 425 1693 θήσονται
476 1625 570 1677 καὶ
625 1625 820 1695 σκηναὶ
842 1626 946 1694 γῆς
990 1627 1240 1679 Μαδιάν⁸
1272 1628 1329 1679 σὲ
1388 1627 1594 1690 δοξάζω
1643 1627 1740 1697 τὴν

177 1715 427 1783 ἀμίαντον
461 1717 673 1787 ἀμνάδα
707 1734 720 1747 ·
782 1718 840 1769 σὲ
890 1716 1044 1787 ὑμνῶ
1096 1718 1196 1786 τὴν
1243 1718 1695 1787 κεχαριτωμένην
1723 1736 1735 1748 ·

179 1808 232 1856 σέ
262 1806 479 1875 ἀνυμνῶ
513 1807 611 1875 τὴν
639 1809 703 1859 ἐκ
736 1807 923 1858 πασῶν
955 1806 1062 1858 τῶν
1086 1807 1287 1874 γενεῶν
1334 1807 1741 1877 ἀναδειχθείσαν

174 1896 302 1949 Θεοῦ
329 1897 545 1968 νύμφην
574 1914 587 1926 '
622 1898 682 1950 σὲ
707 1898 1002 1968 ἀναμέλπω
1031 1899 1127 1970 τὴν
1184 1899 1301 1951 νέον
1330 1900 1557 1969 οὐρανὸν
1607 1899 1737 1967 μέλ·
1773 1885 1811 1938 Β

174 1990 363 2042 λουσαν
422 1990 853 2059 ἀναδειχθῆναι·
904 1992 961 2043 σε
1025 1991 1283 2061 προσάγω
1334 1990 1409 2054 ὡς
1455 1990 1739 2062 κειμήλιον

176 2080 493 2151 καθαρδνέν
521 2081 599 2150 τῷ
641 2081 754 2151 ναῷ
786 2082 987 2151 Κυρίου
1016 2099 1028 2112 ο
1062 2084 1120 2135 σὲ
1154 2080 1443 2151 μεγαλύνω
1469 2079 1566 2152 τὴν
1612 2082 1736 2134 νέαν

172 2173 466 2241 διαθήκην,
508 2173 563 2225 ἐν
604 2167 748 2244 ᾗπερ
780 2174 808 2223 ὁ
850 2174 1095 2235 Μεσσίας
1141 2174 1374 2243 Χριστὸς
1422 2175 1737 2242 ἐγγραφεὶς,

175 2264 231 2315 τὸ
260 2262 356 2329 μὲν
391 2263 624 2333 γράμμα
659 2262 1003 2316 καταπαύσει
1059 2262 1153 2315 τοῦ
1185 2263 1371 2332 νόμου,
1404 2262 1505 2332 τῆς
1533 2260 1595 2315 δὲ
1641 2263 1737 2333 χά-

178 2372 327 2426 ριτος
373 2355 472 2423 τήν
496 2355 686 2424 κλῆσιν
736 2354 1167 2425 ἐξανατελεζδιά
1196 2355 1290 2407 τοῦ
1321 2355 1699 2425 βαπτίσματος
1726 2370 1741 2385 °

175 2448 263 2498 καὶ
305 2448 403 2515 τῆς
439 2447 536 2513 μὲν
593 2448 898 2518 περιτομῆς
949 2448 1047 2517 τὴν
1087 2448 1243 2499 σκιάν
1276 2448 1545 2518 διακόψει,
1579 2447 1744 2501 τοῦδὲ

177 2540 483 2609 ηνεόματος
516 2540 614 2611 τὴν
647 2542 953 2609 παρουσίαν
986 2544 1097 2603 τοῖς
1127 2543 1183 2594 ὲν
1243 2545 1313 2611 γῇ
1370 2541 1741 2611 καταπέμψει.

241 2715 297 2768 ι’.
330 2714 549 2777 Τούτοις
580 2718 694 2779 τοῖς
729 2717 894 2786 ἱεροῖς
921 2717 1097 2785 λόγοις
1133 2720 1160 2770 ὁ
1189 2719 1474 2789 προφήτης
1625 2721 1748 2773 Μα-

177 2807 294 2874 ρίαν
326 2808 769 2877 κατακοσμήσας,
795 2809 1128 2872 ἀναϐιϐάσας
1156 2812 1327 2881 αὐτὴν
1356 2814 1433 2876 είς
1472 2812 1533 2864 τὸ
1561 2812 1749 2865 θυσιαο

176 2897 413 2965 στήριον,
448 2896 637 2967 Κυρίῳ
673 2898 748 2968 τῷ
778 2898 897 2967 Θεῷ
935 2901 1222 2970 παρέθετο.
1258 2903 1421 2957 Ὅθεν
1471 2904 1520 2955 oi
1560 2906 1750 2975 γεννή-

170 3005 324 3057 τορες
361 2988 614 3059 Ἰωακεὶμ
664 2990 758 3043 καὶ
784 2993 952 3046 ’Λννα
1001 2997 1057 3047 ὲν
1098 2998 1239 3067 χαρᾷ
1286 2998 1514 3068 καρδίας
1554 3001 1619 3051 ἐκ
1656 2999 1749 3052 τοῦ

173 3078 300 3152 ναοῦ
346 3081 713 3151 ὑπέστρεψαν,
760 3083 1129 3154 θαυμάζοντες
1181 3088 1283 3155 τῆς
1335 3089 1612 3158 Παρθένου
1653 3090 1750 3162 τὴν

175 3172 386 3224 σύνεσιν
435 3176 524 3226 καὶ
562 3175 623 3226 τὸ
655 3177 829 3246 πρᾶον
862 3178 954 3230 καὶ
988 3179 1168 3248 ἤπιον.
1213 3178 1527 3251 Ὑπερΰᾶσα
1572 3184 1751 3235 τοίνυν

176 3264 313 3332 αὕτη
341 3263 408 3316 τά
450 3264 556 3317 τῶν
586 3268 793 3336 νηπίων
823 3267 1186 3337 ψελλίσματα,
1232 3269 1307 3335 τῷ
1352 3271 1752 3342 παντοκράτορι

177 3356 487 3424 καταμόνας
519 3356 797 3426 ἐλάτρευε,
824 3361 915 3411 καὶ
938 3359 1142 3430 τροφὴν
1168 3361 1458 3432 οὐρανόθεν
1488 3362 1752 3433 δεχομένη

173 3449 242 3500 δι’
272 3449 505 3516 ἀγγέλου
548 3449 646 3519 τήν
685 3450 793 3502 τῶν
829 3452 1132 3523 ἀνθρώπων
1163 3454 1368 3524 βρῶσιν
1408 3454 1752 3521 ὲϐδελύξατο,

174 3541 270 3593 καὶ
299 3540 376 3610 τῷ
405 3543 514 3611 ναῷ
542 3544 885 3613 καθεκάστην
908 3547 1364 3617 προσεδρεύουσα,
1400 3549 1461 3599 τὸ
1493 3549 1754 3617 κοσμικὺν

176 3633 362 3701 σχῆμα
385 3634 459 3696 ὡς
485 3635 725 3705 ἀράχνης
751 3637 895 3689 ἱστὸν
920 3638 1198 3705 ἐλογίσατο
1216 3656 1228 3668 θ
1259 3641 1352 3691 καὶ
1382 3640 1475 3691 τοῦ
1504 3640 1753 3707 οὐρανίου

171 3722 334 3774 ὃλϐου
379 3724 733 3794 ἐπιτυχοῦσα,
766 3727 858 3779 τὸν
905 3729 1145 3796 ἐπίγειον
1179 3729 1407 3783 πλοῦτον
1444 3732 1750 3801 ⁴ἠρνήσατο·

172 3816 269 3867 καὶ
311 3816 486 3885 χαράν
514 3818 613 3886 τὴν
652 3817 762 3870 τῶν
785 3820 1031 3887 ἀγγέλων
1064 3820 1411 3890 καθεκάστην
1453 3820 1753 3892 θεωροῦσα,

165 3903 283 3956 τῶν
316 3902 410 3957 τοῦ
444 3904 558 3973 βίου
603 3906 899 3975 φροντίδων
947 3908 1194 3978 ἀνωτέρα
1239 3910 1532 3973 ἐδείκνυτο,
1576 3914 1669 3965 καὶ
1696 3914 1758 3966 τὸ

171 3994 404 4065 Πνεῦμα
428 3996 488 4048 τὸ
510 3996 665 4063 ἅγιον
688 4000 931 4061 ἀεννάως
953 3998 1158 4068 ὁρῶσα,
1191 4000 1297 4053 τῶν
1324 4000 1574 4071 πονηρῶν
1599 4019 1759 4056 πνευ-

170 4086 367 4156 μάτων
396 4088 493 4151 τάς
527 4089 813 4157 φάλαγγας
850 4091 1099 4159 ἀοράτως
1132 4093 1433 4162 ἀπήλαυνε.

245 4178 348 4232 IA'.
385 4179 450 4233 Τί
477 4180 586 4251 γάρ
610 4181 877 4251 ἔπραττεν
903 4185 936 4250 ή
964 4181 1239 4252 ῐιαρθένος
1263 4186 1341 4248 είς
1368 4185 1436 4238 τὰ
1464 4186 1628 4253 ’Ἅγια
1650 4188 1751 4240 τῶν

168 4270 352 4335 ἁγίων
381 4288 446 4323 πε
454 4272 775 4341 ριπολοῦσας
804 4273 1023 4343 Τροφὴν
1043 4274 1292 4342 ἀγγέλων
1315 4276 1385 4329 δι’
1406 4277 1635 4345 ἀγγέλου
1651 4281 1760 4330 εἰσ-

165 4360 426 4430 εδέχετοο
458 4366 550 4414 καὶ
587 4363 663 4426 ὡς
692 4363 992 4434 περιστερά
1039 4365 1275 4435 ἀκεραία
1316 4366 1416 4437 τὴν
1461 4368 1759 4439 παρθενίαν

164 4452 445 4522 τηροῦσα,
477 4455 568 4507 τὸν
598 4455 695 4508 τοῦ
723 4455 855 4510 ναοῦ
904 4458 999 4510 καὶ
1031 4458 1262 4528 οὐρανοῦ
1306 4460 1399 4512 καὶ
1434 4461 1538 4529 γῆς
1584 4462 1759 4530 Δημι-

1834 627 2073 695 gentium
2127 642 2327 680 vocans
2365 627 2429 679 ad
2472 627 2637 679 Deum
2666 624 3005 677 adorandum
3040 622 3167 675 inde
3231 637 3405 690 usque

1834 733 1863 770 a
1905 712 2102 773 linibns
2139 728 2293 771 terra:
2321 735 2335 781 ;
2367 726 2417 771 te
2451 719 2613 771 etiam
2652 714 2843 768 Daniel
2869 716 2946 767 vir
2964 712 3345 767 desideriorum
3361 714 3406 743 ⁸⁵

1833 808 2190 875 proclamavit
2229 818 2461 860 montem
2493 808 2764 876 ingentem
2823 805 2890 867 “,
2927 818 2959 857 e
3008 820 3116 871 qtto
3147 800 3403 857 Christus

1835 896 1970 964 lapis
2001 896 2280 966 angularis
2325 895 2698 958 abscindetur,
2731 904 2782 948 et
2825 892 3181 947 simulacrum
3218 889 3403 945 multi-

1838 988 2029 1042 formis
2091 987 2355 1056 serpentis
2406 987 2563 1039 ruina
2622 996 2784 1054 atque
2837 984 3005 1038 exitio
3078 981 3407 1051 dissipabit;

1838 1090 1889 1135 te
1947 1081 2097 1149 pueri
2159 1090 2267 1134 tres
2324 1078 2613 1148 Babylonis
2675 1079 2844 1146 ﬁgura
2897 1074 3308 1135 adumbrantes,
3356 1084 3413 1127 et

1837 1168 2291 1229 exspectationem
2327 1166 2445 1219 Filii
2473 1167 2549 1219 tui
2581 1169 2763 1220 animo
2792 1164 2988 1225 intuiti,
3029 1164 3303 1229 fornacem
3330 1177 3416 1216 se-

1840 1258 2015 1326 ptenis
2045 1258 2313 1313 incendiis
2342 1268 2557 1312 auctam
2615 1257 3070 1325 perambularunt
3118 1255 3296 1316 illaesi,
3358 1263 3415 1306 et

1842 1349 1893 1401 in
1946 1350 2123 1403 medio
2156 1350 2278 1415 igne
2307 1349 2463 1417 quasi
2516 1351 2568 1401 in
2605 1349 2847 1402 thalamo
2898 1348 3003 1400 laeti
3055 1345 3359 1414 gestiebant
3396 1361 3410 1407 ;

1842 1450 1892 1494 te
1922 1438 2175 1494 llabacuc
2198 1439 2441 1493 'l‘hetnan
2492 1448 2727 1492 montem
2762 1431 2994 1506 appellai
3058 1438 3125 1500 ’⁷,
3179 1452 3245 1489 ex
3305 1452 3415 1504 quo

1844 1531 1983 1599 regis
2012 1541 2224 1600 sceptra
2264 1540 2517 1602 potenter
2573 1541 2764 1584 exorta
2799 1539 2950 1586 sunt.
2996 1531 3047 1582 in
3084 1545 3194 1599 quo
3252 1528 3416 1597 trepi-

1842 1624 2059 1678 dationc
2088 1624 2454 1693 percelluntur
2486 1625 2833 1679 tabernacula
2852 1623 3191 1692 Ethiopnm,
3225 1632 3278 1677 et
3302 1632 3419 1676 ten-

1846 1713 1983 1768 toria
2015 1722 2174 1767 terrae
2204 1714 2438 1768 Madian.
2471 1715 2547 1767 Te
2580 1715 2788 1768 honoro
2819 1731 3015 1784 agnam
3082 1713 3403 1768 immacula-

1848 1817 1978 1869 tam,
2015 1816 2065 1861 te
2090 1809 2325 1877 praedico
2349 1811 2519 1877 gratia
2553 1810 2788 1878 plenam,
2831 1817 2881 1861 te
2908 1806 3071 1859 elici-ii
3123 1823 3153 1861 e
3207 1808 3419 1861 cunctis

1842 1901 2289 1970 generationibus
2316 1901 2657 1970 ilesignatam
2696 1899 2787 1954 Dei
2820 1915 3108 1970 Sponsam,
3148 1909 3198 1952 te
3255 1915 3416 1962 cano,

1843 2008 1963 2060 qua:
1999 2008 2122 2045 mox
2158 2007 2358 2047 novum
2416 1993 2622 2046 ('(Billlll
2659 1993 3013 2061 cognosceris
3046 2010 3059 2056 ;
3094 2001 3145 2045 te
3205 1991 3421 2045 adduco

1844 2092 2101 2152 tanquam
2151 2084 2467 2137 thesaurum
2521 2084 2980 2152 pretiosissimum
3047 2086 3097 2136 in
3158 2083 3418 2151 templum

1846 2173 2099 2241 Domini;
2144 2184 2195 2228 te
2224 2176 2424 2229 extollo
2469 2174 2677 2229 Novum
2712 2175 3147 2238 'l‘estatnentum,
3202 2176 3253 2227 in
3310 2192 3420 2244 quo

1843 2266 2071 2323 Messias
2097 2269 2349 2323 Christus
2375 2270 2695 2338 inscriptus,
2731 2269 2856 2323 hinc
2912 2269 3105 2321 litterae
3162 2268 3417 2337 legalium

1845 2360 2005 2415 linem
2039 2362 2298 2431 imponet,
2340 2360 2463 2414 inde
2499 2360 2802 2415 vocationis
2835 2361 3022 2429 gratia:
3060 2360 3274 2413 initium
3337 2360 3418 2413 l'a-

1844 2452 1968 2515 ciet,
2003 2468 2099 2521 per
2133 2452 2459 2519 baptismum
2488 2468 2502 2515 ;
2529 2451 2653 2503 hinc
2687 2450 2934 2503 umbram
2972 2457 3286 2517 perrumpet
3308 2448 3415 2500 eir-

1843 2546 2221 2607 cumcisionis,
2250 2546 2373 2599 inde
2423 2544 2770 2615 pra-sentiam
2835 2543 3077 2612 Spiritus
3129 2540 3423 2609 terrigenis

1845 2640 2134 2693 desursum
2170 2640 2450 2708 largietur.

1919 2730 1985 2783 Χ.
2023 2732 2314 2800 Postquam
2354 2732 2617 2800 propheta
2650 2729 3015 2784 sanctissimis
3062 2728 3211 2781 hisce
3245 2726 3425 2779 laudi-

1850 2823 1949 2878 bus
1978 2823 2200 2877 Mariani
2234 2824 2551 2881 cumnlavit,
2575 2839 2694 2877 eam
2721 2822 2786 2875 ad
2814 2837 3061 2876 summos
3092 2820 3280 2873 altaris
3302 2834 3428 2888 gra-

1848 2916 1951 2970 dus
2004 2916 2290 2970 deductam
2348 2916 2580 2968 Domino
2634 2914 2742 2968 Deo
2794 2914 3010 2968 obtulit.
3059 2911 3426 2977 Quamobrem

1850 3011 2123 3078 genitores
2154 3008 2473 3062 Joachimus
2502 3016 2557 3061 ct
2591 3009 2749 3061 Anna
2802 3008 2924 3061 laeto
2955 3006 3139 3059 animo
3166 3018 3198 3058 e
3230 3002 3430 3072 templo

1852 3103 2082 3171 regressi
2115 3110 2261 3164 sunt,
2296 3101 2538 3171 Virginis
2573 3100 2985 3170 intelligentiam
3021 3110 3076 3153 et
3112 3105 3433 3152 mansuetu-

1855 3196 2034 3249 dinem
2070 3204 2124 3250 et
2155 3196 2541 3265 benignitatem
2577 3196 2931 3249 admirantes.
2982 3191 3102 3262 Ipsa
3141 3205 3306 3261 porro
3349 3188 3433 3241 iii-

1857 3286 2084 3341 l‘antium
2137 3297 2516 3357 printergrcssa
2565 3287 2884 3350 balbuticm,
2918 3285 3131 3339 colebat
3167 3281 3432 3350 Omnipo-

1858 3389 2081 3443 tentem,
2108 3388 2161 3433 et
2192 3379 2583 3433 mitrimentum
2631 3394 2662 3432 e
2693 3379 2832 3432 caelo
2863 3393 2959 3447 per
2997 3375 3249 3443 angelum
3287 3374 3435 3426 acci-

1857 3473 2011 3542 piens
2064 3472 2422 3525 avcrsabatur
2468 3470 2743 3540 vulgarem
2788 3470 2996 3531 cibum,
3031 3478 3087 3522 et
3135 3467 3190 3521 in
3233 3467 3437 3536 templo

1857 3563 2101 3633 quotidie
2134 3563 2352 3617 assidua
2407 3578 2493 3616 res
2530 3563 2716 3616 mundi
2764 3562 3002 3615 caducas
3050 3560 3194 3613 velut
3248 3560 3435 3612 aranei

1858 3655 2020 3708 telam
2074 3654 2379 3724 reputabat,
2436 3661 2490 3706 et
2537 3654 2660 3707 coeli
2708 3668 2839 3722 opes
2889 3661 3139 3705 assecuta
3192 3662 3439 3705 terrenas

1858 3745 2073 3801 divitias
2101 3746 2413 3815 respuebat,
2449 3754 2503 3799 et
2527 3745 2789 3816 gaudium
2826 3745 3149 3815 angelorum
3185 3743 3437 3813 quotidie

1862 3839 2270 3906 contemplans,
2336 3837 2501 3906 hujus
2570 3836 2695 3891 vitae
2769 3835 2917 3890 curis
2973 3836 3313 3905 superiorem
3379 3848 3439 3889 se

1863 3928 2223 3991 monstrabat,
2279 3937 2334 3981 et
2385 3938 2635 3981 sanctum
2703 3925 2971 3995 Spiritum
3033 3935 3295 3994 perpetuo
3353 3926 3439 3978 in-

1865 4022 2041 4072 tuens.
2074 4014 2341 4067 malorum
2373 4014 2663 4083 spirituum
2698 4014 2912 4085 agmina
2954 4014 3303 4068 invisibiliter
3328 4015 3442 4069 itis-

1857 4106 2097 4175 jiciebat.

1931 4197 2023 4252 XI.
2056 4198 2196 4264 Quid
2229 4199 2374 4253 enim
2408 4200 2599 4268 agebat
2634 4197 2799 4268 Virgo
2836 4200 3039 4269 degens
3074 4200 3125 4253 iu
3159 4199 3445 4255 sanctissi-

1863 4291 1968 4346 mis
2000 4291 2185 4361 templi
2211 4291 2431 4363 adytis?
2462 4294 2790 4363 Angelorum
2815 4294 2997 4349 cibum
3030 4295 3099 4349 ab
3129 4295 3321 4365 angelo
3353 4310 3445 4349 ac-

1866 4385 2122 4453 cipiebat,
2148 4394 2203 4439 et
2229 4385 2593 4439 immaculata;
2625 4387 2892 4441 columba:
2923 4387 3121 4442 similis
3151 4387 3446 4457 virginita-

1867 4486 1974 4543 tem
2026 4492 2275 4539 servans,
2318 4477 2505 4547 templi
2556 4486 2610 4531 et
2654 4479 2777 4533 οωιί
2835 4488 3103 4549 terraeque
3156 4478 3337 4548 opiﬁci
3369 4473 3473 4548 (5⁸)-

162 4545 377 4613 ουργὸν
410 4547 526 4615 μετ’
550 4548 905 4619 εὐχαριστίας
942 4554 998 4603 ὲν
1029 4551 1313 4621 παρρησίᾳ
1342 4552 1571 4622 καρδίας
1603 4553 1748 4607 λιτα·

1864 4587 1989 4626 cum
2026 4573 2322 4642 gratiarum
2360 4574 2573 4627 aetionc
2605 4584 2657 4627 et
2683 4573 3011 4629 effusissimo
3039 4575 3209 4629 animi
3248 4575 3447 4629 all‘ectu

162 4633 433 4698 νεῦουσα,
480 4637 705 4705 ἔλεγενο
768 4640 917 4711 ’ᾼσω
966 4658 1071 4705 σοι,
1121 4642 1501 4713 παντόκρατορ
1546 4644 1758 4715 ὖψιστε,

160 4725 254 4775 ὅτι
288 4726 513 4793 ἀφεῖλες
533 4728 625 4781 τὸν
644 4729 945 4800 ὀνειδισμὸν
970 4735 1068 4801 τῆς
1093 4734 1440 4803 προμήτορός
1464 4752 1568 4805 μου
1593 4737 1758 4803 Εὔαςο

163 4818 269 4869 καὶ
306 4818 397 4871 διὰ
437 4821 538 4890 τὴν
567 4821 664 4891 σὴν
694 4822 900 4891 ἄφατον
929 4824 1333 4895 εὐσπλαγχνίαν
1372 4827 1462 4880 τὸν
1496 4832 1761 4903 μονογενῆ

164 4924 273 4959 σου
309 4908 437 4962 Υίὸν
469 4911 682 4980 μέλλεις
710 4915 1067 4986 καταπέμψαι
1090 4918 1181 4970 ἐπὶ
1211 4919 1335 4988 γῆς,
1367 4917 1507 4974 ὥστε
1530 4925 1643 4986 τοῖς
1665 4926 1760 4978 ἀν-

163 5002 426 5069 θρώποις
463 5009 1008 5079 συναναστραφῆναι·
1043 5012 1123 5063 διὸ
1148 5017 1568 5085 κατοικητήριον
1602 5019 1766 5072 αὐτοῦ

160 5094 487 5164 γενήσομαι
520 5098 758 5169 καθαρὸν
789 5104 881 5154 καὶ
914 5104 1197 5172 ἀμίαντον.

244 5184 441 5242 Ὅπου
476 5190 584 5259 γὰρ
612 5193 647 5258 ἠ
674 5193 926 5260 ἁμαρτία
955 5195 1352 5259 ἐπλεόνασεν,
1382 5201 1770 5269 ὑπερεπερίσ-

156 5293 414 5331 σευσεν
445 5280 483 5345 ἡ
517 5282 707 5349 χάρις.
742 5285 839 5337 Διά
873 5288 1130 5353 γυναικὸς
1168 5290 1259 5341 τὸν
1286 5291 1513 5342 θάνατον
1541 5293 1771 5361 ὲκερδή-

158 5384 390 5437 σαμεν·
426 5370 515 5423 δια
544 5377 799 5438 γυναικὸς
840 5377 1000 5430 πάλιν
1035 5380 1372 5432 άνακαινίσει
1406 5382 1473 5434 τά
1509 5382 1763 5452 σύμπαν-

155 5476 235 5511 τα
264 5475 282 5489 ⁶
318 5461 409 5514 διὰ
442 5463 535 5515 τοῦ
565 5466 741 5532 ὄφεως
782 5468 883 5537 τῆς
930 5473 1149 5540 πικρᾶς
1172 5472 1413 5542 γεύσεως
1465 5474 1763 5545 δεδέγμεθα

151 5551 271 5621 τὴν
308 5551 515 5623 βρῶσιν
541 5574 554 5585 ·
590 5558 656 5610 δι’
683 5560 848 5612 αὐτοῦ
873 5561 927 5613 δὲ
951 5563 1112 5617 πάλιν
1140 5564 1240 5633 τὴν
1272 5564 1473 5635 βρῶσιν
1502 5567 1603 5635 τῆς
1628 5566 1764 5621 ἀθα-

190 5695 244 5725 ¹⁵
290 5693 431 5747 Dan.
483 5712 536 5759 ιι,
579 5697 664 5752 ll.

240 5900 349 5973 (δ’)
382 5904 573 5959 I'cxtns
618 5906 704 5962 hic
738 5907 1034 5963 mendosus
1066 5908 1292 5963 videtur.

1867 4664 1942 4717 ita
1974 4664 2311 4733 supplicabat
2339 4681 2350 4715 :
2391 4663 2646 4720 Laudabo
2675 4676 2745 4732 te,
2773 4666 3123 4733 omnipotens
3146 4666 3446 4732 Altissimc,

1868 4755 1963 4824 qui
2013 4755 2202 4823 primze
2254 4756 2532 4825 genitricis
2579 4772 2711 4810 mea:
2754 4754 2878 4814 Eva:
2925 4757 3202 4812 abstulisti
3251 4773 3452 4828 oppro-

1868 4845 2071 4908 brium,
2100 4854 2153 4900 et
2189 4856 2409 4915 propter
2451 4847 2774 4902 inell‘abilem
2810 4849 3249 4905 misericordiam
3298 4859 3451 4905 tuam

1874 4937 2146 4990 missurus
2175 4953 2234 4992 es
2266 4937 2319 4990 in
2353 4947 2552 4992 terram
2583 4939 2778 4993 Filium
2803 4948 2954 4995 tuum
2990 4942 3355 5013 unigenitum,
3394 4951 3452 4997 ut

1870 5044 1994 5082 cum
2021 5029 2334 5084 hominibus
2357 5041 2733 5087 conversetur.
2765 5032 2947 5097 Quare
2982 5035 3247 5089 habitatio
3278 5037 3452 5105 ipsius

1872 5122 1995 5173 liam
2029 5137 2163 5189 pura
2195 5132 2251 5175 et
2280 5124 2651 5179 immaculata.

1944 5210 2011 5263 Et
2045 5226 2196 5275 sane,
2229 5212 2318 5267 ubi
2372 5215 2661 5269 abundavit
2688 5217 2963 5281 delictum,
3004 5216 3456 5285 superabundavit

1873 5303 2049 5371 gratia
2080 5303 2145 5357 ⁸⁸.
2180 5304 2284 5358 Per
2317 5307 2601 5361 mulierem
2633 5320 2861 5363 mortem
2892 5310 3085 5363 lucrati
3114 5326 3327 5375 sumus,
3364 5323 3456 5375 per

1872 5390 2154 5445 mulierem
2215 5393 2470 5449 universa
2520 5396 2634 5465 ipse
2685 5413 2878 5453 rursus
2931 5398 3256 5451 instaurabit
3302 5416 3314 5449 :
3361 5413 3458 5466 per

1872 5490 2180 5549 serpentem
2238 5483 2419 5537 cibum
2483 5486 2795 5555 accepimus
2850 5486 3024 5539 amari
3072 5487 3305 5551 saporis,
3361 5500 3455 5553 per

1873 5570 2050 5639 ipsum
2084 5589 2212 5629 vero
2254 5591 2470 5630 rursum
2518 5593 2805 5633 vescemur
2846 5578 2971 5632 cibo
3003 5577 3451 5632 immortalitatis.

431 5767 441 5777 .
483 5700 677 5781 xnl'l‘.’
775 5702 819 5732 ²⁶
869 5700 1364 5781 ξιιίιί.“1“ι,,υξ’›ιι,55.⁵
1431 5702 1475 5731 ’⁷
1504 5702 1655 5766 Quod
1706 5702 1748 5755 V

1852 5711 1967 5759 atus
2004 5706 2301 5781 “interpres
2334 5708 2561 5777 (llabac.
2618 5727 2698 5777 ιιι,
2741 5713 2793 5781 ὅ)
2858 5712 3036 5777 habet,
3074 5710 3210 5764 Deus
3246 5709 3308 5762 ab
3344 5707 3455 5762 Au-

148 5774 287 5820 stro
327 5767 514 5833 veniet,
544 5766 683 5820 LXX
742 5771 919 5824 vet-sio
947 5770 1177 5824 reddidit
1222 5773 1250 5822 ὁ
1279 5772 1407 5835 θεὸς
1445 5774 1506 5824 ἐκ
1536 5774 1750 5843 Θαιμὰν
1777 5766 1896 5843 ἧῖει

1999 5776 2040 5806 ¹⁴³
2078 5776 2232 5833 llum.
2264 5796 2313 5844 γ,
2342 5781 2430 5833 ‘20.
