4092 6438
692 354 826 419 Μ95

1747 363 1804 419 5.
1845 359 2151 423 TARASII
2196 360 2698 428 PATRIARCILE
2755 369 2865 429 CP.

3802 359 3902 423 14%.

686 460 868 517 Prima
904 479 1095 532 parens
1127 464 1235 520 Eva
1274 467 1501 521 Cainum
1549 468 1599 521 in
1635 470 1809 524 lucem
1846 474 2012 528 edidit
2041 477 2244 530 invidizt

2357 481 2546 542 νασίας
2577 479 3062 551 χορτασθησόμεθα
3086 496 3099 509 °
3133 480 3165 549 ἡ
3197 479 3504 548 προμήτωρ
3541 476 3656 527 Εὕα
3689 470 3820 526 καῖν
3841 492 3902 526 τι-

684 562 739 607 et
764 556 1017 626 nequitiae
1041 557 1379 627 principem;
1414 560 1727 628 upnigenitus
1767 562 1937 617 Filius
1981 574 2108 620 tuus
2147 569 2251 619 erit

688 647 1076 717 primogenitus
1123 649 1245 703 vita:
1292 665 1355 705 ac
1391 653 1827 708 resurrectionis.
1871 655 1916 708 0
1949 657 2248 712 inauditum

688 737 986 806 prodigium
1009 739 1022 792 ι
1057 754 1089 793 o
1116 739 1489 794 admirandam
1519 743 1810 796 novitatem
1834 745 1846 796 ι
1874 759 1906 797 o
1929 746 2246 814 sapientiam

688 828 850 882 nullis
881 829 1061 884 verbis
1087 833 1474 900 comquaudam
1496 833 1509 885 ι

756 916 870 970 XII.
903 916 1023 984 Quo
1067 919 1230 988 igitur
1279 922 1496 976 nomine
1554 922 1778 978 Mariam
1822 926 2250 994 appellabimus?

684 1007 823 1062 Num
857 1010 1054 1064 ctelum
1074 1011 1098 1064 ?
1121 1021 1174 1065 et
1198 1027 1329 1067 sane
1357 1015 1480 1067 οωιί
1517 1024 1782 1086 terraeque
1814 1017 2120 1072 eﬂeetorem
2147 1035 2247 1073 suo

684 1107 841 1153 utero
889 1101 1174 1156 conclusit.
1209 1102 1290 1156 An
1322 1104 1539 1159 solem?
1572 1109 1686 1174 ipsa
1721 1107 1864 1160 enim
1905 1108 2104 1175 septies
2131 1111 2245 1163 sole

684 1190 1272 1258 splendidior'cnitens,
1299 1194 1525 1263 justitire
1548 1195 1726 1250 Solem
1758 1200 2023 1268 concepit.
2055 1203 2136 1251 An
2164 1205 2246 1252 lu-

683 1293 805 1331 nam
823 1281 848 1331 Ἰ
875 1282 1072 1333 etenim
1108 1281 1515 1352 incomparabili
1553 1286 1954 1354 pulchritudine
1979 1290 2242 1356 emicans,

680 1370 959 1424 Christum
1007 1374 1154 1426 omni
1189 1373 1590 1439 pulchritudine
1618 1377 1877 1430 decorum
1913 1380 2135 1448 peperit.
2162 1381 2242 1432 An

683 1461 880 1514 nubem
903 1462 926 1514 ?
949 1463 1145 1516 etenim
1170 1479 1317 1528 eum,
1341 1465 1435 1534 qui
1469 1467 1708 1521 nubibus
1736 1469 1986 1532 vestitur,
2013 1471 2128 1523 suis
2162 1470 2245 1522 ul-

681 1548 768 1602 nis
815 1550 1060 1618 gestavit.
1096 1548 1177 1603 An
1213 1553 1635 1608 candelabrum?
1667 1557 1863 1610 etenim
1907 1557 1960 1610 in
2007 1559 2245 1613 tenebris

678 1644 733 1688 ct
761 1637 950 1690 umbra
998 1639 1190 1693 mortis
1220 1639 1534 1696 sedentibus
1565 1642 1656 1694 lux
1685 1641 1922 1696 refulsit.
1968 1643 2051 1696 Au
2095 1645 2244 1698 thro-

680 1728 848 1782 num?
875 1729 1073 1782 etenim
1111 1744 1233 1784 eum
1264 1731 1355 1801 qui
1397 1731 1449 1784 in
1474 1741 1698 1801 paterno
1724 1734 1921 1788 throno
1953 1735 2243 1790 invisibilis

2351 592 2499 638 τοκε,
2535 575 2731 644 φθόνου
2765 575 2860 628 καὶ
2889 572 3087 632 κακίας
3110 573 3352 641 ἀρχηγόν
3375 589 3386 601 ·
3426 571 3454 622 ὁ
3503 569 3808 637 μονογενής
3840 585 3905 618 σιω

2354 668 2498 732 Υἱὸς,
2528 669 2674 738 ζωῆς
2716 668 2812 721 καὶ
2845 664 3195 728 ἀναστάσεως
3230 663 3521 733 γενήσεται
3560 660 3906 733 πρωτότοκος.

2353 757 2417 807 Ὢ
2455 754 2550 808 τοῦ
2596 755 2899 826 παραδόξου
2930 753 3239 824 Θαύματοςι
3278 751 3324 805 ὣ
3368 756 3467 823 τῆς
3497 752 3704 822 καινῆς
3737 751 3904 816 ἐκπλή-

2352 845 2486 908 ξεως
2512 847 2524 898 ι
2555 845 2600 897 ὣ
2627 849 2727 915 τῆς
2751 845 3032 914 ἀφράστου
3062 844 3286 912 σοφίαςέ

2423 937 2522 990 IB'.
2553 937 2618 990 Τί
2650 933 2743 990 οὖν
2775 937 3079 1007 καλέσομεν
3103 936 3203 1004 τὴν
3230 936 3489 1004 Μαρίανς
3522 934 3797 1004 οὖρανόν;
3841 938 3910 985 καὶ

2349 1028 2456 1095 γὰρ
2484 1028 2576 1080 τὸν
2609 1029 2838 1099 οὐρανοῦ
2875 1028 2968 1080 καὶ
2997 1029 3101 1097 γῆς
3128 1027 3360 1094 ποιητὴν
3403 1029 3460 1078 ἐν
3505 1029 3704 1096 μήτρᾳ
3735 1026 3910 1094 ἐχώρη-

2351 1133 2440 1170 σεν
2462 1133 2473 1146 '
2506 1110 2692 1186 ἦλιονς
2720 1117 2858 1184 αῦτη
2884 1114 2990 1186 γάρ
3015 1114 3111 1167 τοῦ
3137 1115 3289 1184 ἡλίου
3315 1114 3719 1176 ἑπταπλασιως
3747 1131 3911 1180 φωτειι

2348 1208 2541 1276 νοτέρα
2569 1207 2909 1276 ὑπάρχουσα,
2931 1208 3023 1260 τὸν
3049 1206 3201 1276 ἥλιον
3224 1205 3327 1274 τῆς
3355 1204 3720 1273 δικαιοσύνης
3750 1201 3910 1255 ὑπεδέ-

2348 1301 2509 1366 ξατο·
2558 1300 2824 1370 σελήνην;
2885 1298 3023 1368 αῦτη
3081 1299 3190 1368 γὰρ
3232 1299 3293 1351 τ’)
3341 1298 3539 1361 κάλλος
3601 1298 3911 1366 άσόγκριτον

2347 1390 2566 1459 ἔχουσα,
2597 1391 2685 1444 τὸν
2706 1390 2904 1459 ὡραῖον
2940 1389 3126 1442 κάλλει
3158 1391 3395 1457 Χριστὸν
3421 1389 3723 1459 ἀπεκύησε
3746 1407 3757 1418 ·
3784 1389 3914 1455 vae!-

2346 1482 2445 1550 λην
2470 1493 2484 1546 ;
2522 1483 2615 1534 καὶ
2646 1482 2754 1552 γάρ
2783 1479 2872 1534 τὸν
2898 1483 2992 1534 ἐπὶ
3022 1479 3262 1549 νεφελῶν
3285 1479 3481 1548 ὲποχού
3491 1497 3668 1548 μενον
3695 1481 3811 1540 ταῖς
3831 1480 3912 1543 ἁγ-

2346 1572 2538 1634 κάλαις
2570 1571 2837 1624 ἐϐάστασε
2859 1587 2873 1602 ο
2905 1572 3159 1641 λυχνίαν;
3203 1571 3297 1623 καὶ¹
3329 1571 3438 1640 γάρ
3472 1571 3536 1621 τὸ
3579 1570 3710 1638 φῶς
3738 1573 3841 1631 rei;
3869 1573 3913 1621 ὲν

2348 1664 2530 1716 σκότει
2578 1663 2676 1716 καὶ
2731 1664 2858 1733 σκιᾷ
2914 1662 3148 1715 θανάτου
3205 1663 3548 1731 καθημένοις
3610 1661 3909 1730 ἐξέλαμψε·

2347 1755 2570 1824 θρόνον;
2605 1756 2697 1808 καὶ
2729 1754 2837 1825 γὰρ
2869 1754 2960 1806 τὸν
2992 1754 3051 1805 ὲν
3078 1753 3252 1823 θρόνῳ
3281 1752 3357 1823 τῷ
3394 1753 3662 1824 πατρικῷ
3690 1755 3913 1822 ἀοράτως

679 1829 888 1889 regnat,
921 1819 974 1874 in
1007 1820 1212 1890 Spiritu
1237 1831 1428 1881 saneto
1453 1823 1925 1893 circumscriptum
1965 1841 2065 1880 suo
2089 1835 2243 1880 utero

2348 1812 2718 1916 βασιλεῦοντα,
2741 1812 2818 1897 ’ἐν’
2838 1812 3124 1912 Πνεὺματιι
3141 1812 3283 1914 ἁγίῳ
3316 1812 3554 1914 γορηγδν
3592 1812 3912 1908 ὑπεδέξατῶ

679 1912 902 1980 recepit.
930 1912 1012 1965 An
1045 1914 1433 1983 margaritam?
1473 1915 1673 1968 etenim
1706 1916 1878 1970 multo
1913 1917 2246 1985 pretiosissi-

678 2019 820 2057 mam
850 2006 1194 2072 margaritam
1230 2005 1551 2060 mortalibus
1582 2008 1936 2076 comparavit.
1964 2008 2047 2062 An
2081 2023 2243 2077 para-

677 2097 898 2150 disum?
923 2097 1120 2150 etenim
1146 2095 1312 2151 Edem
1341 2097 1427 2158 iis,
1458 2099 1550 2167 qui
1576 2098 1816 2154 damnati
1845 2109 2020 2164 erant,
2050 2101 2246 2169 adape-

677 2189 846 2249 riens,
883 2189 938 2241 in
976 2202 1200 2256 regnum
1226 2203 1321 2243 eos
1359 2189 1564 2243 inducit
1596 2200 1853 2259 perpetuo
1894 2192 2241 2244 duraturum.

674 2281 757 2334 Au
813 2281 1090 2335 montem?
1133 2281 1182 2335 ei
1237 2283 1404 2347 enim,
1439 2299 1547 2351 quo
1580 2283 1807 2351 jubeute
1849 2292 2050 2338 montes
2082 2284 2244 2346 Iunti-

676 2381 801 2438 gant
822 2373 868 2404 ”
893 2372 1222 2428 continuando
1255 2389 1361 2427 non
1388 2373 1492 2428 fuit
1516 2382 1768 2444 angusta.
1793 2376 1871 2428 An
1902 2375 2140 2428 terram?
2165 2384 2244 2428 et-

676 2464 820 2517 a-nim
845 2478 994 2527 eum,
1027 2464 1184 2532 cujus
1209 2474 1346 2518 nutu
1380 2471 1522 2519 terra
1548 2465 1885 2526 concutitur,
1911 2467 2030 2519 sine
2056 2464 2244 2518 dolere

679 2561 833 2609 utero
861 2555 1121 2626 "gestavit.
1153 2556 1234 2609 An
1271 2556 1552 2611 mensam?
1588 2557 1786 2610 etenim
1833 2572 1981 2623 eum,
2015 2558 2108 2625 qui
2143 2571 2242 2610 no-

679 2647 764 2698 his
796 2647 1103 2715 suppeditat
1133 2648 1470 2713 alimentum,
1508 2646 1666 2713 lacte
1689 2655 1934 2702 materno
1965 2649 2240 2704 enutrivit.

678 2741 759 2788 An
803 2735 992 2789 mare?
1041 2750 1164 2788 eum
1214 2734 1381 2800 enim,
1406 2735 1498 2805 qui
1544 2750 1715 2804 aquas
1759 2736 1813 2789 in
1853 2751 2023 2790 unum
2065 2736 2240 2790 locum

678 2824 1048 2894 tongregavit,
1081 2824 1196 2878 suis
1229 2823 1389 2878 labiis
1421 2823 1707 2878 osculavit.

751 2911 888 2966 XIII.
926 2913 1125 2982 Ecquis
1152 2913 1314 2982 igitur
1357 2926 1464 2966 non
1495 2913 1820 2982 percellatur
1851 2912 2112 2981 stupore?
2141 2912 2244 2966 Ec-

676 3004 802 3071 quis
829 3003 1186 3058 admiratione
1211 3002 1420 3058 defixus
1447 3017 1553 3056 non
1579 3003 1855 3057 teneatur?
1874 3002 2011 3068 Quis
2027 3017 2242 3057 summa

676 3111 801 3149 cum
832 3094 1135 3150 reverentia
1177 3109 1285 3148 non
1323 3092 1468 3149 colat
1498 3093 1742 3165 mysterii
1773 3093 2241 3165 magnitudinem?

676 3186 811 3239 Nam
851 3187 896 3241 si
929 3201 1092 3256 opera
1127 3195 1253 3240 ante
1276 3185 1505 3254 gratiam
1550 3164 1760 3253 patrata
1791 3183 2057 3250 ejusmodi
2092 3164 2241 3246 sunt,

677 3293 799 3347 quae
829 3279 1026 3332 mentis
1057 3278 1164 3332 vim
1211 3286 1377 3347 atque
1411 3291 1626 3332 omnem
1663 3276 2050 3345 cogitationem
2084 3288 2244 3329 exce-

676 3370 987 3440 dant;quis
1009 3370 1225 3424 tandem
1257 3369 1454 3440 poterit
1495 3369 1638 3423 edita
1666 3376 1790 3438 post
1818 3368 2049 3437 gratiam
2082 3381 2244 3421 enar-

678 3463 838 3517 tare?
869 3461 926 3515 Si
966 3461 1198 3516 illustria
1231 3471 1376 3523 sunt,
1415 3477 1536 3530 qua:
1567 3460 1633 3514 ad
1673 3463 1922 3513 umbram
1971 3458 2247 3528 pertinent

677 3566 728 3608 et
751 3555 818 3608 ad
843 3543 1012 3622 legem
1045 3555 1405 3622 antiquatam,
1433 3562 1634 3621 quanta
1655 3552 1873 3605 demum
1899 3551 2244 3611 videbuntur,

677 3659 799 3714 quae
821 3644 1108 3698 subsecuta
1133 3652 1263 3697 sunt
1297 3641 1536 3711 Spiritus
1567 3638 2060 3694 manifestationem
2087 3638 2109 3690 ?

747 3735 930 3790 Pudor
957 3747 1187 3804 occupet
1211 3734 1587 3788 haereticorum
1618 3731 1778 3796 ﬁlios,
1809 3729 1900 3798 qui
1934 3724 2122 3784 buccis
2148 3727 2250 3782 im-

681 3826 784 3890 piis
838 3835 894 3879 ct
941 3840 1149 3880 veneno
1209 3825 1424 3880 iniectis
1478 3831 1754 3879 conantur
1811 3822 2087 3893 Virginem
2152 3836 2245 3876 ca-

680 3917 958 3972 lumniari.
997 3914 1246 3974 Gloriosa
1281 3919 1426 3973 enim
1469 3917 1637 3971 Maria
1666 3917 1732 3970 ad
1767 3917 2030 3971 honorem
2059 3929 2243 3970 evecta

679 4009 970 4064 Genitricis
1023 4010 1138 4074 Dei,
1200 4025 1363 4080 quem
1414 4026 1536 4065 cum
1589 4009 1886 4064 secundum
1949 4008 2243 4061 humanam

675 4102 905 4155 formam
930 4102 1267 4172 concepisset
1296 4113 1348 4156 et
1373 4109 1658 4172 gestasset,
1695 4107 1886 4167 praeter
1914 4108 2122 4152 natura:
2157 4112 2246 4151 or-

676 4189 856 4241 dinem
885 4187 1050 4243 Deum
1080 4189 1281 4256 pariter
1306 4197 1361 4244 et
1384 4188 1660 4242 hominem
1684 4187 1910 4256 peperit.
1946 4185 2122 4256 Hujus
2152 4203 2245 4240 ve-

676 4279 973 4334 nerandam
1031 4277 1283 4351 elligiem,
1332 4290 1546 4350 propter
1589 4279 1840 4334 eumdem
1898 4280 2244 4341 honorantes,

676 4367 1098 4439 amplectimur;
1137 4372 1248 4426 imo
1286 4372 1433 4426 illius
1475 4385 1714 4440 quoque,
1748 4378 1934 4439 utpote
1975 4384 2096 4438 qua:
2136 4368 2249 4422 Ma-

2328 1937 2722 2011 ⁹μαργαρίτηνς
2746 1937 2841 1988 καὶ
2868 1937 2978 2006 γὰρ
2999 1937 3089 1988 τὸν
3115 1935 3407 2005 πολύτιμον
3431 1935 3796 2005 μαργαρίτην
3819 1939 3913 1989 τοῖς

2347 2031 2554 2100 βροτοῖς
2581 2030 2907 2099 ἐθησαύρισε
2928 2045 2942 2059 ·
2976 2028 3307 2094 παράδεισον
3331 2047 3344 2093 ;
3377 2027 3612 2095 καὶγὰρ
3641 2029 3744 2098 τὴν
3775 2029 3915 2093 Ἐξιὲμ

2342 2121 2453 2182 τοῖς
2508 2119 2856 2189 κατακρίτοις
2894 2117 3174 2183 ἀνοίξασα,
3207 2117 3345 2188 πρὸς
3377 2116 3671 2186 βασιλείαν
3727 2119 3917 2184 εἰσάγει

2342 2211 2440 2280 τὴν
2481 2211 2568 2263 ἀεὶ
2600 2211 2998 2280 διαμένουσανο
3036 2210 3195 2281 δρος;
3251 2210 3347 2262 καὶ
3392 2210 3503 2278 γάρ
3549 2210 3650 2261 τδν
3716 2211 3784 2262 τά
3830 2210 3919 2276 6m

2343 2302 2631 2354 ποιοῦντα
2696 2301 3083 2361 καπνίζεσθαι
3129 2303 3599 2371 ἀστενοχωρήτως
3663 2303 3919 2371 ἐχώρησε·

2342 2393 2485 2463 γῆν;
2517 2393 2609 2446 καὶ
2639 2394 2745 2463 γὰρ
2779 2394 2869 2446 τὸν
2894 2395 2992 2464 τὴν
3024 2394 3126 2462 γῆν
3159 2393 3420 2445 ποιοῦντα
3447 2395 3692 2463 τρέμειν
3732 2395 3920 2448 ἀνωδύ-

2343 2505 2447 2548 νως
2474 2487 2738 2539 ἐϐάστασε
2765 2503 2778 2515 °
2812 2486 3127 2555 τράπεζανς
3158 2489 3250 2539 καὶ
3297 2491 3407 2557 γὰρ
3440 2488 3534 2538 τὸν
3580 2488 3694 2555 τὴν
3735 2487 3924 2555 τροφὴν

2344 2578 2474 2646 ἡμῖν
2504 2575 2839 2646 χορηγοῦντα
2869 2578 3272 2647 μητροπρεπῶς
3307 2577 3502 2647 ἔθρεψε
3534 2578 3786 2644 γάλακτι
3813 2595 3824 2606 ·
3853 2576 3926 2627 θά-

2343 2668 2546 2722 λασσαν
2567 2685 2581 2734 ;
2610 2669 2706 2722 καὶ
2727 2669 2835 2738 γὰρ
2854 2668 2944 2721 τὸν
2968 2669 3272 2736 συνάγοντα
3300 2670 3367 2722 τά
3394 2670 3569 2721 ῦδατα
3600 2671 3690 2730 εἰς
3713 2670 3928 2736 ἑνότητα

2347 2761 2496 2830 μίαν,
2532 2763 2641 2824 τοῖς
2673 2761 2908 2831 χείλεσιν
2939 2762 3108 2830 αὐτῆς
3141 2763 3447 2830 ἠσπάσατο.

2413 2927 2515 2982 ll".
2539 2923 2635 2990 Τίς
2661 2927 2760 2980 οὑκ
2784 2927 3029 2996 ὲκπλαγῇ
3052 2944 3066 2986 ;
3099 2926 3184 2988 τίς
3216 2924 3277 2979 οὑ
3303 2926 3619 2996 θαυμάσει;
3652 2928 3741 2990 τίς
3769 2928 3829 2980 οὗ
3861 2922 3933 2978 8-s-

2347 3021 2497 3086 ξάσει
2524 3019 2616 3073 τοῦ
2647 3018 2945 3088 μυστηρίου
2967 3020 3028 3070 τὸ
3065 3018 3330 3088 μέγεθοςς
3363 3021 3411 3071 εἰ
3447 3019 3564 3088 γάρ
3597 3020 3673 3072 τὰ
3703 3019 3818 3089 πρὸ
3846 3019 3934 3085 τῆς

2344 3114 2564 3184 χάριτος
2586 3112 2928 3181 γεγενημένα
2954 3109 3197 3171 τοιαῦτα.
3230 3110 3355 3163 νοῦν
3387 3111 3814 3180 ὑπερϐαίνοντα
3837 3112 3933 3162 καὶ

2346 3204 2600 3267 διάνοιαν,
2631 3202 2698 3254 τά
2730 3200 2868 3270 μετὰ
2891 3203 2989 3270 τῆς
3012 3199 3233 3268 χάριτος
3261 3200 3712 3269 παραδειχθέντα
3744 3201 3829 3262 τίς
3857 3202 3938 3267 Ep-

2351 3292 2616 3364 μηνεῦσαι
2648 3291 2904 3356 δὺναται;
2934 3293 2981 3343 εἰ
3008 3291 3102 3342 καὶ
3125 3294 3225 3360 τῆς
3255 3292 3413 3352 σκιᾶς
3441 3292 3538 3342 καὶ
3563 3291 3673 3342 τοῦ
3701 3290 3939 3342 παλαιω-

2347 3386 2530 3446 θέντος
2559 3383 2765 3448 ἔνδοξα,
2796 3383 2864 3435 τὰ
2892 3382 3185 3452 μετέπειτα
3216 3378 3308 3432 τοῦ
3342 3379 3680 3449 Πνεὺματος
3710 3383 3941 3450 ἐμφανι-

2351 3473 2568 3535 σθέντος
2601 3473 2727 3523 ποῖα
2739 3507 2753 3522 .

2423 3738 2876 3809 Αίσχυνέσθωσαν
2897 3733 3192 3807 αἱρετικῶν
3218 3732 3425 3796 παῖδες,
3449 3731 3502 3783 οἱ
3529 3730 3636 3799 τὴν
3664 3729 3946 3796 Παρθένον

2352 3832 2656 3903 βλασφήμῳ
2687 3830 2916 3899 στόματι
2947 3827 3042 3880 καλ⁵
3085 3824 3276 3894 ἰοϐόλῳ
3315 3824 3687 3887 συκοφαντεῖν
3731 3823 3948 3887 traxe-.-

2353 3923 2600 3995 ροῦντες·
2635 3923 2671 3990 ἠ
2694 3921 2802 3990 γὰρ
2835 3917 3041 3981 ἔνδοξος
3070 3915 3280 3983 Μαρία,
3310 3913 3577 3973 Θεοτόκος
3602 3911 3949 3978 ἀναδειχθεῐ-

2352 4031 2441 4076 σα,
2487 4011 2581 4064 καὶ
2632 4008 2908 4080 μορφώσει
2962 4004 3276 4076 ἀνθρωπίνῃ
3325 4003 3487 4055 αὑτὸν
3539 4003 3948 4070 άποκυήσατα,

2352 4103 2536 4160 ἔτεκεν
2570 4100 2861 4171 ὑπερφυῶς
2900 4097 3032 4150 Θεὸν
3060 4093 3196 4165 ὁμοῦ
3241 4093 3335 4146 καὶ
3369 4093 3670 4161 ἄνθρωπον
3691 4109 3704 4121 ·
3753 4089 3950 4143 τοῦτιεν

2350 4196 2441 4246 τὸν
2490 4193 2671 4262 τίμιον
2723 4188 3049 4260 χαρακτῆρα
3096 4183 3363 4255 σχετικῶς
3398 4182 3823 4251 ἀσπαζόμεθα’
3869 4181 3954 4231 ’.αἱ

2357 4283 2462 4352 μὴν
2489 4283 2583 4335 καὶ
2604 4279 2806 4349 ταύτης
2837 4279 2935 4348 τὴν
2961 4276 3259 4347 μόρφωσιν,
3285 4273 3359 4334 ὡς
3381 4271 3613 4340 Μητρὸς
3636 4269 3954 4336 γενομένης

2352 4372 2447 4426 τοῦ
2463 4370 2786 4441 σωματικῶς
2817 4371 2947 4437 ἡμῖν
2965 4367 3349 4436 ὁμιλήσαντος,
3380 4358 3852 4430 προσκυνοῦμεν,
3894 4357 3952 4406 c5

675 4471 759 4516 ter
800 4461 1006 4517 exstitit
1041 4458 1182 4532 ejus,
1219 4461 1311 4532 qui
1355 4462 1652 4516 secundum
1687 4476 1903 4515 carnem
1961 4461 2244 4514 nobiscum

2355 4466 2421 4534 τῇ
2445 4463 2546 4532 ῦλῃ
2574 4462 2670 4531 τὴν
2701 4458 3090 4529 προσκύνησιν,
3126 4455 3327 4522 ἄπαγε,
3369 4450 3782 4519 προσάγοντες·
3823 4448 3958 4499 ἀλλὰ

675 4563 1030 4609 conversatus
1069 4562 1174 4617 est,
1223 4552 1508 4620 imaginem
1558 4552 1705 4605 cultu
1752 4551 1978 4605 relativo
2019 4566 2242 4605 venera-

676 4656 818 4706 mur,
862 4655 970 4695 non
1015 4641 1232 4708 quidem
1277 4641 1519 4694 materia:
1547 4639 1954 4694 venerationem
1987 4639 2060 4708 (id
2100 4640 2244 4708 quod

676 4732 839 4800 absit)
868 4728 1210 4796 adhibentes,
1242 4732 1333 4786 sed
1362 4732 1623 4785 honorem
1655 4732 1951 4786 referentes
1978 4728 2044 4784 ad
2071 4748 2250 4786 exem-

675 4823 814 4890 plar,
849 4832 908 4875 ut
944 4822 1128 4876 divina
1159 4821 1263 4875 ﬁde
1293 4822 1657 4891 percepimus.
1693 4822 1808 4876 Non
1837 4825 1982 4876 enim
2015 4822 2245 4875 formam

674 4913 997 4977 divinitatis,
1024 4922 1087 4966 ut
1110 4929 1205 4966 vos
1232 4914 1358 4967 caeci
1388 4923 1443 4967 et
1464 4913 1696 4982 improbi
1733 4914 2017 4975 dictitatis,
2055 4914 2249 4982 objici—

676 5021 798 5059 mus
848 5003 1044 5069 oculis,
1082 5003 1178 5056 sed
1219 5019 1284 5057 ex
1329 5003 1486 5057 nobis
1528 5012 1864 5072 assumptam
1911 5020 1939 5057 a
1973 5004 2254 5060 Salvatore

676 5111 916 5159 taruem,
947 5111 1054 5165 qua
1081 5095 1170 5149 Ille
1201 5096 1482 5149 nobiscum
1514 5097 1632 5151 sine
1662 5097 1746 5149 sui
1775 5097 2070 5150 mutatione
2098 5097 2250 5160 vixit,

674 5201 738 5240 ac
767 5187 1186 5258 primogenitam
1217 5202 1247 5242 e
1277 5188 1509 5241 mortuis
1544 5188 1836 5241 redivivam
1874 5187 2066 5242 formis
2098 5188 2251 5240 ciliu-

677 5289 887 5346 gcntes,
916 5279 1292 5348 praedicamus.
1327 5279 1552 5348 Propter
1579 5278 1753 5348 ipsum
1787 5291 1990 5343 autem,
2019 5281 2110 5348 qui
2135 5295 2251 5332 car-

677 5385 798 5421 nem
833 5369 1152 5436 assumpsit,
1181 5349 1347 5422 etiam
1380 5370 1681 5439 genitricis,
1715 5378 1773 5423 ut
1797 5371 2019 5423 omnino
2051 5372 2244 5423 imma-

679 5465 868 5514 culatm
890 5460 986 5528 (6),
1018 5461 1244 5531 eﬂigiem
1269 5477 1335 5516 eo
1359 5463 1526 5522 cultu.
1560 5479 1667 5533 quo
1691 5463 1866 5525 decet,
1889 5462 2242 5525 honoramus,

763 5660 809 5690 "
843 5657 988 5714 I‘sal.
1023 5675 1141 5723 cm,
1168 5659 1258 5712 5-2.

2353 4557 2490 4626 πρὸς
2533 4554 2595 4606 τὺ
2626 4551 2979 4622 πρωτότυπον
3013 4549 3110 4617 τὴν
3147 4546 3311 4615 τιμὴν
3340 4544 3806 4613 ἀναπέμποντες,
3849 4540 3959 4590 θεῖ-

2355 4648 2466 4708 κῶς
2489 4645 2961 4709 πεπιστεύκαμεν·
2988 4640 3047 4692 οὑ
3072 4640 3180 4708 γὰρ
3202 4637 3452 4707 θεότητος
3479 4637 3728 4705 μορφὴν,
3767 4631 3960 4689 καῑξένς

2356 4739 2510 4807 ὑμεῖς
2549 4735 2734 4804 τυφλοὶ
2778 4733 2873 4785 καὶ
2919 4731 3223 4800 παράνομοι
3260 4728 3518 4796 φάσκετε,
3565 4726 3960 4793 ἱστοροῦμεν·

2353 4827 2491 4880 ἀλλά
2517 4827 2615 4894 τὴν
2643 4824 2702 4888 ὲξ
2725 4823 2880 4893 ἡμῶν
2907 4819 3344 4892 προσληφθεῖσαν
3365 4816 3442 4885 τῷ
3469 4816 3694 4884 Σωτῆρι
3731 4815 3961 4883 σάρκα,

2352 4918 2418 4971 δι’
2444 4912 2509 4987 ἧς
2544 4918 2676 4987 ἡμῖν
2712 4913 2996 4984 ἀτρέπτως
3019 4911 3283 4980 ὡμίλησε,
3315 4909 3408 4961 καὶ
3437 4909 3503 4958 ὲκ
3533 4907 3762 4975 νεκρῶν
3824 4906 3961 4956 ἀέσ-

2355 5010 2558 5061 στᾶσαν
2602 5006 2945 5074 πρωτότοκον
2979 5001 3398 5064 ἀνατυποῦντες,
3434 5001 3816 5069 κηρύττομεν
3847 5014 3862 5024 ι
3901 4998 3963 5046 δι’

2352 5097 2511 5148 αὑτὸν
2553 5095 2607 5147 δὲ
2641 5095 2733 5146 τὸν
2775 5093 3195 5164 προσειληφότα,
3238 5094 3328 5144 καὶ
3377 5091 3474 5159 τῆς
3512 5088 3842 5154 τεκούσης,
3893 5088 3962 5143 ἐς

2353 5187 2651 5253 πανάγνου.
2684 5185 2780 5253 τὴν
2811 5185 3014 5243 εἰκόνα,
3038 5181 3178 5236 κατά
3205 5183 3266 5234 τὸ
3291 5181 3593 5251 προσῆκον,
3624 5178 3962 5247 σεϐόμεθα·

2352 5279 2482 5345 ἁγία
2523 5279 2629 5343 γὰρ
2661 5276 2827 5336 ὅντως
2859 5273 3018 5341 αῦτη,
3049 5273 3123 5333 ὡς
3161 5272 3250 5323 τὸν
3288 5271 3446 5339 μόνον
3488 5270 3655 5336 ἅγιον
3682 5271 3968 5339 ἀῤῥήτι-μς

2351 5368 2731 5434 ἀποκυήσασα.
2768 5367 2829 5416 Εἰ
2872 5364 2979 5433 γὰρ
3023 5365 3050 5414 ὀ
3094 5362 3224 5423 Θεὸς
3258 5361 3336 5427 τῷ
3378 5360 3642 5428 ’Λϐραᾶμ
3696 5361 3970 5422 ἐνεγκεῖν

2355 5457 2651 5528 προσέταξε
2683 5457 2913 5524 δάμαλιν
2937 5453 3329 5523 τριετίζουσαν,
3359 5453 3449 5503 καὶ
3477 5447 3619 5517 αἶγα
3648 5445 3967 5519 τριετεζου-

749 5815 822 5882 (6)
857 5811 987 5870 Nota
1023 5817 1284 5874 rationem
1319 5814 1600 5882 Deiparam
1629 5813 1835 5868 colendi
1869 5828 1973 5867 non
2009 5826 2035 5866 a
2067 5812 2323 5879 dignitate
2361 5811 2549 5875 ipsius,
2599 5808 2688 5863 sed
2747 5807 2812 5863 ab
2863 5805 3164 5862 innocentia
3214 5819 3258 5861 ei
3297 5805 3542 5866 puritate
3567 5805 3974 5872 claui-nptia-
