4092 6438
196 392 327 460 1491
1130 392 1210 456 IN
1239 397 1339 457 SS.
1383 390 1732 456 DEIPAIH‘Z

1854 393 2489 457 l/ESENTATIONEM-
3284 391 3418 456 1498

197 529 290 561 σαν
318 509 450 581 πρὸς
480 508 814 578 καθαρισμὸν
843 505 952 560 τῶν
973 507 1177 578 ψυχῶν,
1210 509 1324 570 πῶς
1357 511 1388 576 ἡ
1422 507 1692 576 Παρθένος
1718 509 1753 576 ἡ

1857 507 1972 576 Ipsa
1993 507 2136 560 enim
2170 522 2294 560 vere
2319 516 2532 566 sancta,
2565 521 2686 575 qua!
2715 520 2861 566 enin,
2892 503 2984 573 qni
3016 504 3165 558 solus
3199 514 3421 558 sanctus

196 600 571 668 προορισθεῖσα
620 598 727 651 ἀπὸ
773 597 1004 657 κτίσεως
1054 600 1278 665 κόσμου,
1314 598 1408 648 καὶ
1458 597 1521 648 ὲκ
1570 596 1753 646 πασῶν

1855 605 1959 659 est,
1993 611 2190 650 arcana
2242 598 2449 651 ratione
2500 597 2744 664 concepit
2777 595 2884 664 (7)..
2911 594 2974 647 Et
3015 609 3146 647 sane
3193 593 3236 646 si
3282 591 3421 645 Deus

189 688 391 753 γενεῶν
419 687 876 758 προσεκλεχθεῖσα
906 688 984 748 εἰς
1015 688 1431 756 κατοικητήριον
1463 685 1753 755 άμόλυντον

1854 689 2013 757 jussit
2053 689 2421 743 Abrahamum
2469 688 2664 742 alferre
2701 688 2928 741 vitulam
2977 687 3194 740 trimam
3239 693 3294 740 et
3338 699 3424 738 ca-

189 784 277 833 nui
319 781 739 849 προσενεχθεῖσα
784 781 863 842 είς
892 779 1016 832 ναὸν
1044 778 1197 845 ἅγιον
1227 777 1306 848 τῷ
1335 778 1753 848 παντοκράτορι,

1855 778 2050 846 pellam
2089 781 2304 832 trimam
2336 779 2390 832 in
2428 780 2734 833 animarum
2765 777 3166 847 purgationem,
3193 788 3419 844 querno-

186 872 307 939 οὐχὶ
336 871 493 940 τιμία
518 871 610 922 καὶ
639 869 854 938 καθαρὰ
880 870 972 921 καὶ
993 869 1289 938 ἁμόλυντος
1310 867 1638 938 καθέστηκε.
1667 870 1753 921 καὶ

1854 869 1924 922 do
1970 871 2129 940 virgo
2188 886 2218 924 a
2269 872 2544 926 creatione
2607 871 2792 924 mundi
2844 869 3244 939 ρι’ωόθειίητιιθ,
3273 879 3327 920 et
3354 882 3418 918 ex

187 960 472 1029 προσφορὰ
502 961 730 1030 ἄμωμος
768 960 866 1030 τῆς
891 961 1238 1029 ἀνθρωπίνης
1261 960 1505 1027 φύσεως;

1855 962 2109 1016 omnibus
2134 963 2575 1031 generationibus
2594 961 2763 1016 electa
2792 961 2846 1014 in
2879 960 3220 1028 impollutum
3249 957 3422 1010 donti-

187 1075 198 1099 ι
225 1053 402 1116 ilium,
429 1063 482 1107 et
503 1053 859 1120 omnipotenti
888 1053 1067 1106 oblata
1099 1054 1149 1106 in
1182 1053 1384 1121 templo
1439 1063 1651 1115 sancto,
1713 1067 1818 1105 non
1863 1044 2066 1110 honore
2093 1055 2254 1126 digna
2289 1065 2342 1109 et
2377 1072 2511 1125 pura
2535 1065 2589 1110 et
2615 1055 2893 1124 impolluta
2916 1059 3116 1115 exstat,
3141 1059 3194 1104 et
3220 1049 3421 1104 oblatio

190 1147 534 1199 immaculata
570 1147 820 1199 humana:
853 1157 1060 1200 naturae
1084 1145 1184 1214 (8).
1334 1209 1342 1218 .

259 1231 466 1291 ιΔο.-Ὦ
498 1235 764 1289 Ἰουδαίων
801 1238 1119 1304 Συναγωγή,
1150 1237 1197 1288 oi
1231 1236 1328 1306 τὴν
1359 1238 1422 1289 ἐκ
1454 1235 1624 1304 φυλῆς
1653 1235 1752 1304 τῆς

185 1329 460 1399 ὑμετέρας
542 1329 908 1398 ικλαμψὰσαν
985 1329 1262 1398 Παρθένον
1320 1329 1394 1397 μὴ
1473 1328 1755 1396 δεξάμενοι

1925 1236 2064 1291 XIV.
2093 1236 2140 1291 Ο
2169 1235 2450 1305 Synagoga
2472 1234 2802 1296 Iudaeorum,
2832 1234 2923 1304 qui
2960 1232 3235 1304 Virginem
3264 1248 3296 1288 e
3325 1234 3427 1287 tri-

1855 1328 1925 1382 bu
1949 1339 2124 1382 vestra
2154 1327 2494 1395 eﬂ‘ulgentem
2518 1341 2621 1380 non
2643 1328 2733 1380 Dei
2759 1326 2978 1378 Matrem
3000 1325 3289 1388 habuistis,
3310 1325 3420 1379 imo

183 1421 473 1484 Θεοτόκον,
505 1420 641 1473 ἀλλὰ
669 1422 763 1472 καὶ
807 1420 1170 1492 λοιδοροῦντες
1207 1420 1436 1486 ἀναξίως
1469 1421 1561 1471 καὶ
1598 1420 1753 1471 ἀσελ-

1854 1435 1980 1473 vero
2003 1419 2244 1472 convicia
2275 1418 2648 1486 indignissime
2677 1427 2731 1470 et
2788 1416 3056 1485 protervis
3087 1415 3242 1469 labiis
3274 1417 3424 1484 inge-

184 1513 312 1575 γὲσι
353 1510 578 1578 χείλεσι,
607 1511 700 1564 καὶ
723 1511 799 1580 τῷ
821 1511 999 1581 φθόνῳ
1033 1510 1360 1580 κινούμενοι,
1390 1509 1754 1563 καταλαλοῦν-

183 1618 280 1662 τες
311 1602 481 1670 αὐτῆς
513 1600 726 1653 ἀδικίαν
761 1603 856 1652 καὶ⁵
887 1600 1116 1669 ἀνομίαν
1137 1616 1151 1631 ο
1193 1600 1309 1660 πῶς
1335 1601 1427 1654 τὸν
1454 1601 1624 1653 ἀΐδιον
1661 1599 1754 1652 τοῦ

189 1691 404 1760 Ιιατρδς
441 1690 587 1752 Υίὸν,
639 1691 697 1755 ἐξ
741 1691 910 1758 αὐτῆς
965 1691 1052 1743 ἐπ’
1095 1691 1336 1760 ἐσχάτων
1381 1691 1519 1759 μετὰ
1552 1691 1753 1761 σαρκὸς

1853 1511 1995 1569 ritis.
2025 1519 2078 1562 et
2105 1508 2306 1562 invidia
2342 1509 2551 1561 incitati
2586 1507 2762 1562 eidem
2799 1506 3120 1575 injustitiam
3151 1515 3204 1559 et
3239 1507 3418 1570 legum

1856 1605 2222 1667 contemptum
2247 1598 2616 1666 exprobratis;
2647 1599 2921 1666 quomodo
2948 1607 3210 1651 aeternum
3243 1596 3419 1650 Patris

1856 1687 2054 1743 Filium
2087 1689 2155 1742 ab
2183 1689 2299 1757 ipsa
2325 1689 2583 1742 extremis
2615 1690 2950 1756 temporibus
2975 1688 3275 1741 secundum
3304 1703 3428 1741 car-

186 1783 538 1852 γεννηθέντα,
565 1783 662 1851 οὐχ
691 1782 1058 1845 ύπεδέξασθε;
1093 1784 1188 1834 καὶ
1235 1783 1295 1834 οὑ
1341 1784 1500 1852 μόνον
1547 1783 1751 1852 ταύτης

1858 1795 1979 1834 nem
2005 1779 2246 1848 genitum
2272 1779 2688 1848 haudquaquam
2713 1779 3028 1846 recepistis?
3049 1788 3102 1831 et
3126 1795 3229 1831 non
3261 1778 3420 1831 modo

184 1872 285 1938 τῆς
319 1871 495 1939 δόξης,
532 1870 666 1923 ἀλλὰ
695 1872 786 1922 καὶ
827 1869 920 1922 τοῦ
961 1870 1311 1940 γεννηθέντος
1351 1872 1568 1943 ἄμοιροι
1617 1875 1752 1926 καθ-

182 1962 480 2032 εστήκατε,
536 1962 656 2030 οὐχὶ
703 1962 798 2014 τοῦ
842 1963 1283 2033 παραγενομένου
1348 1963 1560 2026 πάντως
1623 1963 1752 2032 ὑμῖν

183 2053 576 2121 φθονήσαντος,
606 2052 744 2105 ἀλλὰ
789 2056 852 2122 τῇ
886 2053 1126 2123 ὑμετέρᾳ
1160 2053 1330 2122 κακία
1360 2053 1749 2118 ἐξοκείλαντες,

184 2146 284 2196 καὶ
311 2145 376 2213 τῇ
403 2125 637 2214 πονηρίᾳ
660 2143 758 2213 τῆς
788 2143 940 2212 ὑμῶν
971 2143 1332 2213 ματαιότητος
1361 2144 1751 2214 ὑπομείναντες

179 2233 454 2299 ἀφθόνως,
490 2234 586 2301 τῆς
630 2233 786 2303 δόξης
832 2233 1154 2303 ἀμφοτέρων
1203 2235 1627 2287 ὲκπεπτώκατεο
1672 2235 1753 2286 διὸ

179 2323 259 2384 ὡς
284 2323 432 2382 ὄντες
461 2323 723 2391 ἄχρηστοι
766 2321 858 2372 καὶ
891 2322 1154 2390 πρότερον
1207 2320 1302 2372 καὶ
1339 2321 1650 2389 μετέπειτα,
1684 2321 1752 2373 τὰ

179 2415 282 2482 τῆς
324 2412 619 2480 βασκανίας
649 2414 803 2483 ὑμῶν
832 2413 1227 2482 ὲγχειρήματα,
1266 2413 1427 2465 παντὶ
1456 2412 1533 2480 τῷ
1560 2411 1752 2480 κόσμῳ

182 2505 397 2572 φανερὰ
425 2502 817 2572 καθεστήκατε,
863 2502 1004 2555 κατὰ
1044 2503 1136 2554 τὸν
1166 2503 1320 2570 λόγον
1356 2501 1446 2553 τοῦ
1479 2503 1748 2570 Σωτῆρος,

178 2593 275 2644 τὸν
313 2594 379 2645 δι’
428 2593 568 2662 ὑμᾶς
614 2591 1081 2662 ἔμφανιζόμενονε
1138 2592 1337 2660 Ἀμὴν,
1386 2593 1550 2660 ἀμὴν
1599 2591 1752 2659 λέγω

179 2683 346 2751 ὑμῖν,
393 2686 446 2736 εί
502 2683 683 2736 τέκνα
733 2683 839 2737 τοῦ
899 2683 1141 2751 Ἀϐραὰμ
1193 2681 1318 2752 ἦτε,
1359 2682 1432 2734 τὰ
1473 2683 1615 2752 ἔργα
1646 2681 1752 2734 τοῦ

195 2773 442 2840 Ἀϐραὰμ
466 2773 716 2826 ἐποιεῖτε
740 2772 846 2824 ἄν·
884 2773 1110 2837 ἐκεῖνος
1140 2775 1248 2840 γὰρ
1278 2773 1410 2839 περί
1442 2772 1585 2840 ἐμοῦ
1613 2771 1751 2825 ἐλά-

178 2863 363 2927 λησε,
415 2861 531 2913 νῦν
553 2860 621 2912 δὲ
647 2861 713 2913 ἐκ
742 2861 846 2914 τοῦ
866 2861 1149 2914 διαϐόλου
1170 2860 1330 2923 ἐστὲ,
1360 2861 1456 2933 καί
1488 2860 1594 2923 τὰς
1621 2859 1748 2910 ἐπι-

177 2951 399 3018 θυμίας
422 2948 528 3002 τοῦ
554 2951 775 3017 πατρὸς
799 2947 968 3016 ὑμῶν
990 2947 1192 3004 θέλετε
1222 2948 1431 3002 ποιεῖν.
1465 2950 1572 3002 Καὶ
1594 2947 1750 3000 ἀλλα-

178 3038 283 3107 χοῦ
335 3041 496 3092 πάλιν
521 3054 534 3068 °
585 3039 682 3106 Μὴ
737 3039 965 3093 δοκεῖτε
1015 3040 1102 3092 ὅτι
1154 3039 1542 3108 κατηγορήσω
1585 3037 1752 3106 ὑμῶν

179 3129 336 3196 πρὸς
368 3129 476 3182 τὸν
505 3129 762 3196 Πατέρα·
791 3129 963 3182 ἔστιν
994 3132 1026 3182 ό
1057 3129 1397 3198 κατηγορῶν
1425 3127 1590 3195 ὑμῶν
1619 3132 1748 3182 Μω-
1778 3112 1821 3169 C

179 3219 326 3286 σῆς,
360 3223 446 3284 εις
471 3219 543 3272 ὃν
570 3220 738 3289 ὑμεῖς
759 3220 1054 3287 ἠλπίκατε
1072 3237 1086 3251 ·
1116 3223 1184 3275 Εί
1223 3221 1329 3290 γὰρ
1357 3221 1753 3275 ἐπιστεύσατε

180 3311 403 3370 Μωσελ
429 3312 824 3364 ἐπιστεύσατε
844 3311 921 3364 ἂν
942 3313 1073 3380 ἐμοί
1090 3328 1102 3340 ⁶
1137 3313 1268 3378 περὶ
1295 3312 1403 3380 γὰρ
1415 3311 1574 3380 ’ἐμοῦ
1600 3311 1751 3364 ἐκεῖ·

178 3415 292 3463 νος
343 3400 586 3468 ἔγραψε.
623 3402 730 3452 Καὶ
783 3401 1099 3470 μετέπειτα·
1157 3403 1226 3454 Et
1271 3403 1382 3454 οὐκ
1422 3397 1611 3470 ἦλθον
1654 3403 1751 3453 καὶ

179 3488 462 3556 ἐλάλησα
512 3491 738 3556 αὐτοῖς,
791 3492 1085 3560 ἁμαρτίαν
1131 3495 1242 3545 οὐκ
1300 3489 1487 3562 εἶχον,
1521 3494 1640 3547 νῦν
1685 3493 1754 3545 δὲ

179 3582 491 3650 πρόφασιν
539 3585 651 3636 οὐκ
703 3583 915 3651 ἔχουσι
975 3582 1109 3650 περί
1155 3581 1266 3650 τῆς
1304 3584 1592 3652 ἁμαρτίας
1639 3585 1746 3637 αὐ-

178 3672 328 3724 τῶν.

259 3762 358 3816 IE'.
407 3764 597 3834 Ἡμεῖς
641 3764 722 3828 δὲ,
777 3764 806 3816 ὁ
862 3764 991 3827 λαὸς
1034 3763 1129 3818 τοῦ
1173 3763 1328 3830 Θεοῦ,
1374 3765 1524 3829 ἔθνος
1574 3767 1748 3835 ἅγιον,

177 3855 496 3922 περιούσιον
548 3854 841 3925 ἄθροισμα,
896 3859 1082 3924 στῖφος
1130 3857 1446 3926 ὀρθοδόξων,
1495 3859 1599 3910 υἱοὶ
1654 3860 1753 3928 τῆς

179 3943 587 4015 κολυμϐήθρας,
633 3945 799 3998 τέκνα
826 3945 924 4016 τῆς
958 3948 1199 4017 χάριτος,
1240 3950 1288 4002 oi
1318 3948 1418 4020 τὴν
1446 3949 1503 4002 ὲν
1528 3948 1606 4018 τῷ
1639 3950 1753 4019 ναῷ

179 4035 409 4102 πρόοδον
440 4035 789 4104 ἑορτάζοντες
809 4035 909 4104 τῆς
940 4036 1240 4106 Παρθένου,
1271 4037 1469 4108 ψυχαῖς
1492 4038 1752 4109 καθαραῖς

180 4126 284 4176 καὶ
329 4126 698 4196 αρῤυπάντοις
744 4127 970 4196 χείλεσι,
1025 4128 1298 4195 γλώσσαις
1353 4128 1751 4198 πολυφθόγγοις

176 4215 279 4267 ἐπὶ
335 4217 505 4286 ταύτῃ
553 4222 618 4284 τῇ
669 4218 975 4287 πανηγύρει
1030 4219 1342 4289 μελῳδικῶς
1378 4219 1750 4290 ἀλαλάξωμεν,

1857 1871 2069 1934 matris,
2101 1871 2192 1925 sed
2216 1879 2270 1925 et
2300 1871 2392 1924 lllii
2431 1870 2615 1939 gloriae
2643 1878 2889 1924 exsortes
2919 1868 3281 1933 remansistis,
3309 1883 3421 1921 non

1857 1962 2012 2031 quasi
2049 1963 2164 2031 ipse
2193 1978 2430 2031 praesens
2461 1962 2634 2016 factus
2663 1977 2761 2017 vos
2799 1963 2910 2016 ullo
2951 1963 3113 2016 modo
3144 1962 3415 2032 reiecerit,

1857 2053 1948 2108 sed
1979 2053 2104 2122 quia
2136 2062 2316 2108 vestra
2352 2054 2554 2107 malitia
2584 2068 2706 2106 eum
2742 2054 3105 2123 repudiastis;
3142 2062 3197 2108 et
3233 2054 3288 2106 in
3318 2054 3421 2107 im-

1855 2144 2126 2213 probitate
2159 2143 2399 2198 stultitiaa
2431 2154 2625 2199 vestrae
2663 2144 3017 2212 pervicaciter
3065 2158 3421 2212 perseverat»

1857 2243 1961 2298 tes,
1990 2235 2060 2289 ab
2088 2235 2371 2305 utriusque
2403 2235 2573 2306 gloria
2600 2235 2912 2290 escidistis!
2959 2236 3127 2304 Igitur
3159 2245 3419 2303 tanquam

1858 2325 2106 2381 homines
2153 2342 2386 2395 nequam
2439 2336 2493 2381 et
2544 2326 2694 2386 olim,
2743 2336 2797 2381 et
2845 2329 3092 2396 posthac,
3140 2327 3192 2379 in
3254 2325 3421 2380 totius

1857 2416 2042 2470 mundi
2077 2416 2196 2470 luce
2219 2417 2528 2470 collocastis
2555 2416 2756 2485 ﬂagitia
2782 2416 3174 2470 malevolentia:
3201 2427 3415 2476 vestrae,

1851 2509 2006 2576 juxta
2037 2507 2332 2561 Salvatoris
2362 2509 2642 2562 oraculum
2672 2508 2956 2577 perspicue
2981 2508 3048 2560 ile
3075 2506 3230 2560 vobis
3252 2505 3420 2575 signi-

1859 2597 2076 2651 ﬁcatum
2111 2615 2124 2652 :
2159 2596 2343 2658 Amen,
2369 2614 2517 2650 anteit
2545 2598 2660 2651 dico
2686 2599 2848 2656 vobis,
2881 2599 2928 2650 si
2961 2598 3060 2664 filii
3093 2596 3318 2650 Abrahae
3344 2613 3422 2650 es-

1858 2688 2000 2752 setis,
2029 2703 2184 2755 opera
2212 2688 2436 2742 Abralue
2462 2689 2739 2757 faceretis;
2773 2689 2862 2743 ille
2895 2691 3033 2742 enim
3059 2691 3125 2743 de
3152 2707 3230 2742 me
3269 2689 3419 2743 ιυοιισο

1859 2789 1942 2834 tus
1989 2790 2105 2844 cst;
2151 2797 2286 2833 nunc
2316 2791 2491 2834 autent
2527 2797 2590 2834 ea:
2622 2781 2833 2834 diabolo
2874 2782 3020 2843 estis,
3061 2791 3111 2835 ct
3155 2781 3419 2844 desideria

1855 2869 2022 2936 patris
2053 2870 2209 2922 vestri
2241 2870 2398 2923 vultis
2426 2870 2595 2936 facere
2625 2871 2689 2927 '°.
2717 2868 2782 2924 Et
2807 2870 2933 2924 alibi
2969 2885 3162 2923 rursus
3195 2888 3208 2922 ε
3239 2867 3419 2923 Nolite

1856 2971 2042 3029 putare
2087 2962 2211 3030 quia
2239 2978 2332 3031 ego
2363 2970 2707 3014 accusaturus
2736 2964 2834 3014 sim
2870 2977 2957 3014 vos
2995 2961 3134 3030 apud
3161 2960 3375 3014 Patrem
3397 2976 3417 3014 :

1856 3057 1931 3102 est
1969 3049 2060 3118 qui
2098 3059 2310 3103 accusat
2348 3066 2434 3104 vos
2471 3049 2697 3120 Moyses,
2725 3052 2779 3102 in
2823 3067 2923 3120 quo
2963 3067 3050 3104 vos
3084 3050 3324 3119 speratis.
3359 3048 3418 3101 Si

1852 3142 1987 3194 enim
2038 3141 2313 3194 crederetis
2351 3140 2542 3210 Moysi,
2579 3142 2857 3195 crederetis
2891 3143 3115 3210 forsitan
3153 3151 3202 3195 ct
3237 3141 3365 3194 mihi
3397 3158 3414 3193 .'

1853 3232 1916 3281 de
1963 3246 2042 3283 me
2087 3231 2224 3284 enim
2275 3231 2364 3284 ille
2396 3232 2603 3300 scripsit
2627 3233 2692 3285 ³¹.
2729 3230 2795 3286 Ει
2827 3248 3018 3287 rursus
3052 3252 3065 3284 :
3101 3230 3160 3286 Si
3198 3249 3302 3286 non
3331 3248 3419 3285 vc-

1853 3322 2064 3387 nisscm,
2100 3331 2149 3375 et
2185 3322 2390 3375 locutus
2417 3323 2633 3391 fuissem
2671 3326 2766 3389 eis,
2809 3335 3080 3391 peccatum
3125 3339 3227 3376 non
3261 3323 3416 3375 liabe-

1855 3422 2003 3477 rent;
2024 3429 2161 3466 nunc
2187 3423 2360 3468 (autem
2379 3415 2768 3468 excusationem
2791 3431 2893 3468 non
2913 3415 3100 3467 habent
3121 3413 3184 3468 de
3206 3421 3417 3482 peccato

1852 3519 1946 3555 suo
1973 3503 2040 3558 ".

1925 3783 2038 3840 XV.
2068 3785 2135 3839 At
2165 3799 2262 3840 nos
2284 3786 2512 3856 populus
2541 3784 2652 3848 Dei,
2678 3801 2809 3856 gens
2835 3795 3043 3852 sancta,
3069 3786 3418 3855 congregatio

1854 3877 2200 3944 acceptabilis
2222 3878 2287 3943 ³³,
2322 3878 2745 3932 orthodoxorum
2786 3879 2950 3942 acies,
2994 3877 3087 3930 lilii
3135 3877 3417 3940 columbae,

1854 3967 2069 4021 soboles
2102 3968 2307 4037 gratiae,
2339 3969 2428 4036 qui
2463 3967 2602 4023 festo
2628 3969 2775 4023 cultu
2801 3970 3014 4038 agimus
3037 3968 3415 4021 deductionem

1855 4053 2091 4127 Virginis
2113 4058 2167 4111 in
2196 4059 2478 4128 templum,
2500 4060 2652 4129 puris
2675 4059 2895 4121 animis,
2916 4059 3214 4127 impollutis
3239 4059 3416 4120 labiis,

1855 4145 2160 4200 multisonis
2193 4145 2392 4216 linguis
2440 4147 2496 4200 in
2534 4148 2635 4202 hac
2666 4147 2978 4202 celebritate
3007 4147 3237 4217 hymnos
3283 4163 3417 4202 sua-

1852 4236 2057 4289 vidicos
2087 4237 2432 4303 extollamus,
2471 4238 2681 4294 illustre
2724 4239 2829 4294 hoc
2863 4237 3085 4300 festum,
3115 4239 3417 4307 principem

178 4305 449 4374 τιμῶντες
504 4307 692 4377 αὐτὴν,
745 4307 820 4369 ὡς
876 4307 936 4360 τὸ
989 4308 1157 4373 είκὺς,
1201 4309 1301 4380 τὴν
1347 4309 1574 4379 φαιδρὰν
1628 4312 1750 4379 ἑορ-

1855 4323 2252 4378 solemnitatem
2293 4327 2497 4396 angelis
2530 4328 2706 4382 laetam
2755 4337 2809 4382 et
2845 4305 3132 4382 hominum
3158 4305 3417 4396 praedira-

179 4397 319 4465 τὴν,
373 4399 473 4466 τὴν
525 4399 745 4468 πρώτην
806 4401 1149 4468 πανήγυριν,
1199 4401 1298 4470 τὴν
1345 4402 1596 4469 ἀγγέλοις
1658 4404 1752 4454 εύ-

1856 4413 2001 4467 tione
2056 4413 2454 4484 dignissimam,
2499 4417 2679 4485 prouti
2727 4431 2821 4486 par
2849 4425 2952 4482 est,
2981 4425 3298 4470 venerantes
3326 4432 3340 4465 :
3365 4424 3420 4470 et

181 4487 450 4554 ῳρόσυνον
503 4490 598 4540 καὶ
641 4488 950 4558 ἀνθρώποις
979 4490 1324 4553 ἀξιέπαινον·
1361 4492 1456 4544 καὶ
1493 4492 1553 4544 τὸ
1577 4493 1753 4559 Xaipa

1855 4504 1982 4556 illud
2016 4502 2119 4557 Are
2153 4503 2418 4561 Gabrielis
2443 4521 2569 4561 cum
2598 4505 2900 4561 reverentia
2930 4515 2984 4562 et
3008 4506 3206 4576 gaudio
3227 4515 3420 4562 sancto

177 4577 278 4629 τοῦ
307 4579 548 4648 Γαϐριὴλ
583 4581 720 4649 μετὰ
751 4581 916 4649 φόϐου
950 4583 1043 4635 καὶ
1068 4585 1239 4651 χαρᾶς
1277 4586 1343 4652 τῇ
1380 4586 1636 4654 πανάγνῳ
1668 4588 1753 4639 ὲκ-

1854 4595 2257 4650 conclamemus
2285 4612 2300 4648 :

180 4670 282 4739 ϐοή
293 4687 474 4738 σωμεν
497 4685 510 4698 ⁸

1228 4738 1256 4749 κ

255 4761 444 4829 Χαῖρε,
473 4761 564 4814 τοῦ
590 4762 800 4832 Πατρὸς
825 4763 858 4832 ή
889 4762 1124 4824 εὐδοκία.
1155 4764 1221 4815 δι’
1241 4759 1309 4836 ἦς
1336 4769 1416 4829 είς
1444 4765 1512 4820 τὰ
1540 4768 1752 4835 πέρατα

187 4851 428 4921 ἐγνώσθη
463 4840 1001 4923 θεογνωσία⁶’χαῖρε,
1033 4855 1127 4906 τοῦ
1159 4856 1286 4907 Υίοῦ
1335 4859 1366 4926 ή
1407 4859 1744 4926 κατοίκησις,

190 4944 241 4990 ὲν
283 4935 317 5014 ᾗ
364 4945 392 4994 ὁ
429 4943 768 5012 σαρκοφόρος
813 4945 1172 5013 προεληλύθει
1222 4951 1401 5016 χαῖρε,
1453 4949 1547 5001 τοῦ
1592 4951 1745 5016 ἁγίου

182 5030 502 5100 Πνεύματος
528 5035 946 5103 κατοικητήριον
973 5035 1210 5106 ἄρρητον
1227 5053 1240 5066 ο
1275 5041 1451 5108 χαῖρε,
1477 5039 1586 5091 τῶν
1611 5042 1748 5092 ἀσω-

185 5120 372 5181 μάτων
398 5124 457 5174 τὸ
489 5124 919 5195 πολυθρύλλητον
954 5125 1137 5196 θαῦμα
1155 5141 1169 5156 '
1204 5131 1382 5198 χαῖρε,
1403 5130 1512 5182 τῶν
1540 5132 1746 5201 Χερου-

181 5209 282 5276 ὄὶμ
337 5212 637 5284 ἁγιωτέραο
689 5216 881 5283 χαῖρε,
939 5214 1045 5267 τῶν
1099 5217 1348 5288 Σεραφὶμ
1409 5218 1744 5291 ἐνδοξοτέρα.

1919 4769 2052 4830 Ave,
2077 4766 2334 4820 delicium
2366 4767 2564 4834 Patris,
2588 4782 2684 4837 per
2713 4782 2876 4837 quam
2912 4767 2978 4822 ad
3012 4767 3235 4822 ultimos
3263 4776 3420 4822 terra

1855 4863 1989 4913 lines
2030 4857 2122 4912 Dei
2155 4859 2394 4929 cognitio
2421 4858 2681 4912 manavit.
2723 4860 2858 4924 Ave,
2896 4859 3018 4912 Filii
3058 4841 3418 4924 domicilium,

1853 4949 1920 5002 de
1956 4964 2064 5017 qna
2099 4947 2187 5001 ille
2218 4963 2383 5002 carne
2409 4948 2636 5002 indutus
2666 4949 2881 5018 prodiit.
2921 4949 3054 5014 Ave,
3085 4949 3258 5002 sancti
3293 4949 3420 5018 Spi-

1853 5042 1990 5095 ritus
2014 5040 2382 5094 habitaculum
2415 5039 2704 5095 ineﬂabile.
2730 5040 2862 5105 Ave,
2886 5057 3243 5111 supernarum
3270 5056 3420 5095 men-

1853 5133 1987 5186 tium
2020 5132 2446 5186 celebratissima
2488 5132 2798 5186 admiratio.
2832 5133 2965 5196 Ave,
3001 5133 3242 5187 sanctior
3281 5132 3420 5187 Clie—

1856 5223 2069 5290 rnhim;
2103 5238 2222 5290 ave,
2247 5225 2534 5295 gloriosior
2552 5222 2840 5295 Scrapbim
2864 5242 2880 5292 ;
2907 5240 3025 5291 ave,
3058 5226 3198 5279 cmlo
3221 5225 3416 5288 latior;

274 5370 320 5455 ξ’
345 5369 502 5424 Joan.
548 5374 766 5455 vnn-1’19
809 5373 992 5455 οιμξι.
1059 5375 1148 5428 Illa
1189 5379 1509 5455 vfrlia,_i'll_e_
1543 5382 1679 5432 enim
1705 5453 1712 5455 Α
1742 5385 1811 5455 fde
1869 5399 1947 5436 me
1977 5383 2182 5436 locutus
2238 5393 2340 5448 est,
2409 5383 2461 5437 in
2499 5383 2785 5455 Evangelio
2835 5385 3084 5455 nuspiam
3143 5383 3414 5454 leguntur.

190 5437 234 5469 ³¹
267 5439 426 5495 Joan.
459 5459 510 5508 v,
546 5441 636 5507 45,
677 5444 791 5503 46.,
847 5445 890 5475 ³¹
913 5444 1075 5499 Joan.
1107 5462 1195 5511 xv,
1218 5448 1307 5500 22.
1358 5437 1426 5480 "'
1453 5448 1557 5503 Tit.
1594 5466 1652 5513 Il,
1696 5453 1779 5505 Μ.

257 5614 889 5706 ςῩξ-ξιριοιςιιιῑεείιιιιιιη
963 5622 1115 5706 apud
1163 5621 1351 5679 Patres
1413 5626 1738 5706 principium
1845 5635 1910 5681 de
1962 5628 2106 5706 nulla
2137 5633 2390 5706 puellula
2432 5633 2642 5706 trienni
2678 5634 2814 5706 adeo
2864 5635 3157 5704 singularis
3207 5638 3412 5706 purilas

179 5685 423 5759 lit-inara-
467 5685 860 5759 ‘przerogativas
916 5707 946 5746 a

214 5693 423 5764 lt-ipara:
478 5693 860 5759 praerogativas
916 5707 946 5746 a
1000 5693 1116 5746 Filii
1163 5695 1531 5764 prterogativis
1567 5693 1739 5750 dimo-

180 5758 396 5810 tiendas
421 5772 560 5810 esse.

1847 5699 2182 5775 pt'mdic_aiiila
2221 5713 2306 5757 est
2343 5712 2415 5775 illi.
2449 5706 2568 5775 κατ’
2598 5705 2789 5772 ἐξοχὴν
2823 5699 3064 5759 innocens
3103 5699 3406 5775 appelletur

1844 5773 2009 5846 lii-ala
2034 5770 2213 5838 Virgo,
2252 5774 2353 5827 nisi
2377 5775 2442 5829 de
2472 5770 2811 5830 immunitate
2840 5793 2868 5830 a
2905 5770 3412 5846 peccato'origimli

255 5826 332 5896 (8)
361 5826 433 5880 De
465 5827 892 5898 singularissima
941 5834 1172 5900 puritate
1217 5850 1390 5894 sermo
1425 5846 1524 5891 est.
1571 5835 1736 5891 l‘orro
1846 5826 2197 5910 intelligatur.
