4158 6564
335 421 438 485 597

1342 425 1403 488 S.
1442 429 1821 490 GIlEGOIlII
1865 430 2378 493 AGRIGENTINI
2420 435 2619 494 VITA.
3138 426 3141 430 ’
3485 437 3588 494 593i

335 528 533 598 ἐλεήσῃ
582 547 663 591 σε.
697 531 902 596 τέκνον,
939 535 1034 588 καὶ
1081 527 1246 588 Scitanti
1290 555 1371 590 σοι
1421 541 1561 594 κατὰ
1609 542 1700 593 τὸν
1740 543 1908 594 κόπον

2037 543 2109 606 ili,
2148 544 2495 605 misereatur,
2529 555 2688 614 teque
2727 561 2823 615 pro
2853 546 3134 600 lab0ribus
3185 545 3290 599 tuis
3337 561 3592 598 remune-

337 638 450 675 σου.
489 620 621 676 Εἶτα
670 626 1028 696 προσέμεινεν
1066 629 1144 696 τῷ
1195 632 1409 699 γέροντι
1457 634 1732 705 τέσσαρας
1787 636 1915 707 χρό-

346 728 492 774 νους,
526 715 779 768 κάκεῖθεν
809 718 1186 788 ἐχρηματίσθη
1243 722 1424 774 πᾶσαν
1476 725 1770 795 ῥητορικὴν
1825 725 1918 778 καὶ

335 806 764 875 γραμματικὴν,
820 808 1134 878 φιλοσοφίαν
1175 811 1270 864 καὶ
1317 813 1684 884 ἀστρονομίαν
1740 832 1917 867 κατα-

341 893 549 962 μαθὼν,
584 895 808 963 γέγονεν
837 897 995 960 ἄλλος
1027 899 1084 965 ἐξ
1117 901 1278 954 ἄλλου
1323 901 1574 972 δεύτερος
1614 903 1919 974 Χρυσόστο-

342 1003 459 1053 μος.
495 986 652 1039 Μετὰ
679 987 738 1039 δὲ
784 989 959 1042 ταῦτα
1011 991 1415 1061 συνταξάμενος
1443 993 1519 1063 τῷ
1548 993 1785 1064 γέροντι,
1825 995 1920 1047 καὶ

338 1077 708 1148 ἐπευξάμενος
749 1081 899 1150 αὺτῷ
929 1082 1200 1136 ἀπέλυσεν
1241 1084 1405 1136 αὐτὸν
1439 1085 1498 1136 ὲν
1537 1086 1748 1156 εἰρήνῃ,
1783 1102 1919 1154 προ-

337 1168 586 1236 δηλώσας
631 1171 780 1242 αὺτῷ
808 1175 836 1225 6
877 1173 1054 1242 γέρων
1079 1175 1207 1237 τοὺς
1234 1177 1595 1246 πειρασμοὺς,
1625 1175 1918 1245 οὓςὲμελ-

340 1259 431 1311 λεν
458 1261 768 1328 ὑπομένειν.
823 1263 934 1316 Καὶ
988 1263 1151 1318 πάλιν
1193 1265 1536 1337 ὑπέστρεψεν
1564 1268 1645 1330 είς
1683 1267 1918 1338 Ἰεροσό-

341 1356 403 1406 λυ
413 1372 510 1422 μα.

412 1449 493 1501 A'.
517 1447 629 1502 Καὶ
657 1448 876 1514 ἐδέξατο
897 1450 1061 1504 αὐτὸν
1075 1453 1103 1505 6
1122 1452 1276 1519 ἅγιος
1307 1453 1594 1524 Μακάριος
1615 1454 1644 1506 6
1661 1453 1920 1524 ἁρχιεπί-

345 1555 545 1602 σκοπος
582 1540 721 1609 μετὰ
750 1543 926 1611 χαρᾶς
955 1543 1176 1612 πολλῆς,
1210 1547 1306 1597 καὶ
1350 1547 1584 1617 ποιήσας
1632 1546 1793 1600 πάλιν
1839 1548 1921 1608 εἰς

355 1630 703 1702 Ἱεροσόλυμα
750 1635 994 1688 ἐνιαυτὸν
1044 1635 1140 1688 ἕνα
1193 1638 1561 1709 κατατρυφῶν
1592 1639 1701 1691 τῶν
1751 1639 1921 1706 ἁγίων

343 1724 451 1808 τῶν
483 1725 662 1777 ἐκεῖσε
703 1725 872 1780 ὄντων
917 1727 1200 1799 πατρικῶν
1233 1730 1466 1802 ἀνδρῶν,
1502 1731 1641 1801 μετὰ
1668 1731 1760 1784 τὸν
1797 1730 1922 1801 χρό-

342 1831 432 1868 νον
495 1818 704 1869 ἐκεῖνον
758 1818 1134 1887 παρεκάλεσεν
1187 1820 1279 1873 τὸν
1321 1821 1777 1892 ἀρχιεπίσκοπον,
1837 1822 1920 1873 ἵνα

343 1907 590 1981 ἀπολύσῃ
618 1908 804 1973 αὑτὸν,
837 1910 934 1964 καὶ
963 1909 1187 1983 εὔξηται
1223 1913 1362 1982 ὑπὲρ
1391 1913 1578 1967 αὑτοῦ.
1613 1915 1723 1967 Καὶ
1751 1915 1918 1966 ὲπευ-
1951 1903 1992 1956 Β

343 2000 575 2069 ξάμενος
604 2002 754 2073 αὐτῷ
791 2005 820 2056 6
851 2006 1280 2075 ἁρχιεπίσκοπος
1319 2007 1414 2060 καὶ
1448 2007 1650 2069 πάντες
1691 2007 1739 2059 οἱ
1772 2007 1919 2072 ἅγιοι

341 2094 620 2145 ἀπέλυσαν
644 2095 808 2147 αὑτὸν
838 2097 973 2163 μετὰ
1005 2099 1198 2167 χαρᾶς.
1243 2098 1498 2168 Ἐξῆλθεν
1525 2099 1578 2151 δὲ
1604 2099 1710 2151 ἀπὸ
1752 2099 1918 2167 Ἰερο-

345 2185 598 2253 σολύμων
633 2190 699 2259 τῇ
727 2187 928 2259 δεκάτῃ
958 2188 1050 2242 τοῦ
1094 2191 1372 2258 Ἀπριλίου
1408 2193 1596 2262 μηνὸς.
1631 2192 1723 2244 καὶ
1753 2191 1923 2262 ᾤχετο

343 2281 424 2342 είς
467 2280 821 2349 Ἀντιόχειαν,
874 2283 1100 2335 κάκεῖσε
1151 2283 1332 2336 λαϐὼν
1371 2284 1582 2337 κελλίον
1632 2284 1782 2354 παρὰ
1825 2281 1921 2336 τοῦ

345 2370 502 2437 ἁγίου
563 2369 864 2423 Εὑσταθίου
912 2371 1006 2424 τοῦ
1054 2374 1488 2443 ἁρχιεπισκὸπου
1543 2374 1652 2429 τῶν
1702 2376 1920 2438 ἐκεῖσε,

344 2463 472 2515 ἔνθα
521 2465 550 2516 6
582 2463 735 2530 ἅγιος
771 2465 959 2535 Πατὴρ
1007 2466 1165 2535 ἡμῶν
1215 2467 1244 2518 6
1290 2468 1472 2538 μέγας
1520 2467 1798 2530 Βασίλειος
1827 2465 1924 2536 τὴν

356 2553 690 2626 Ἐξαήμερον
728 2556 1090 2625 ὲρμήνευσεν,
1137 2559 1340 2628 ἤρξατο
1369 2560 1498 2623 τοὺς
1544 2561 1673 2630 περὶ
1708 2558 1817 2612 τῶν
1842 2559 1926 2612 δο-

349 2648 584 2716 γμάτων
615 2647 966 2702 ὑποτίθεσθαι
992 2649 1203 2718 λόγους,
1248 2649 1387 2704 ὥστε
1417 2651 1492 2722 μὴ
1529 2652 1786 2705 δύνασθαι
1820 2651 1926 2704 τῶν

348 2741 531 2808 σοφῶν
578 2741 679 2809 τῆς
741 2742 1072 2812 Ἀντιοχείας
1121 2742 1584 2814 ἀνταποκριθῆναι
1628 2741 1807 2812 αὐτῷ·
1858 2736 1928 2811 ἦν

348 2833 458 2903 γὰρ
486 2830 625 2902 ἔχων
653 2831 900 2903 χάρισμα
929 2833 1298 2902 πνευματικὸν
1341 2836 1369 2888 6
1407 2835 1568 2906 ἀνήρ.
1601 2833 1843 2902 Ποιήσας
1871 2831 1929 2884 δὲ

348 2926 410 2977 ὲν
459 2925 756 2995 Ἀντιοχείᾳ
783 2925 812 2977 6
838 2925 1142 2996 Γρηγόριος
1176 2926 1421 2992 ἐνιαυτὸν
1447 2926 1563 2989 ἕνα,
1591 2925 1688 2979 καὶ
1717 2924 1930 2992 θαυμα-

349 3017 500 3082 σθεὶς
541 3017 791 3088 μεγάλως
828 3016 922 3070 καὶ
954 3017 1059 3069 ὑπὸ
1101 3017 1319 3070 πάντων
1364 3017 1694 3083 ἐπαινεθεὶς,
1742 3032 1934 3070 συντα-

355 3111 584 3181 ξάμενος
617 3109 695 3180 τῷ
733 3110 1018 3179 ὲπισκόπῳ
1046 3108 1138 3163 καὶ
1171 3112 1285 3172 τοῖς
1331 3109 1601 3176 ἀδελφοῖς,
1635 3108 1932 3162 κατέλαϐεν

2021 647 2192 690 retur.
2222 636 2296 690 Ex
2335 652 2401 691 eo
2432 637 2520 691 die
2546 653 2722 694 annos
2770 649 3010 708 quatuor
3056 638 3197 707 apud
3253 654 3441 692 srncm
3492 638 3593 691 fuit

2019 726 2338 797 Gregorius,
2377 737 2540 797 atque
2570 729 2697 784 inde
2726 730 3018 785 rhetorica:
3049 731 3318 784 universa:
3334 737 3388 784 et
3419 745 3594 801 gram-

2017 821 2231 875 maticae
2279 831 2546 890 praecepta
2592 821 2804 891 hausit,
2869 839 2933 878 ac
2979 823 3384 892 pltilOSOphiam
3431 830 3596 893 alque

2018 915 2412 969 astronomiam
2467 914 2690 970 edidicit
2737 930 2804 969 eo
2856 931 3148 981 successu,
3209 925 3269 970 ut
3328 915 3594 986 paulatim

2019 1013 2283 1071 tanquam
2345 1005 2483 1059 alter
2539 1003 2970 1076 Chrysostomus
3029 1006 3268 1061 evaserit
3318 1004 3417 1075 (4).
3456 1006 3594 1060 Eum

2019 1096 2254 1166 denique
2298 1111 2466 1150 senex
2529 1097 2596 1151 de
2647 1096 2797 1170 [XLV]
2871 1097 3209 1154 discessione
3264 1101 3592 1170 cogitantem

2020 1182 2197 1238 fausta
2232 1184 2413 1238 omnia
2442 1195 2768 1255 apprccatus
2802 1185 3033 1252 dimisit,
3083 1188 3364 1257 przedictis
3409 1189 3599 1244 adver-

2020 1276 2097 1330 sis
2123 1276 2309 1340 rebus,
2339 1292 2478 1345 quas
2500 1287 2616 1332 erat
2635 1278 3044 1334 subiturus.llle
3069 1295 3201 1334 vero
3220 1279 3597 1349 Hierosolyma

2021 1382 2275 1422 reversus
2306 1378 2410 1423 est.

2090 1459 2260 1515 XXX.
2291 1460 2370 1516 Ac
2400 1462 2656 1517 reducem
2706 1478 2831 1518 eum
2871 1473 3098 1520 sanctus
3145 1463 3600 1534 archiepisc0pus

2021 1565 2220 1622 magna
2269 1569 2395 1609 cum
2446 1553 2633 1608 laetitia
2674 1555 2924 1624 accepit,
2973 1564 3028 1610 et
3068 1571 3277 1610 annum
3334 1567 3598 1624 praeterea

2023 1647 2166 1715 apud
2195 1646 2483 1717 seJtahuit
2532 1646 2926 1717 Hierosolymis
2949 1689 2964 1712 ,
3002 1646 3095 1700 ubi
3144 1655 3462 1701 sanctorum
3493 1645 3598 1698 Pa-

2026 1751 2196 1804 trum,
2219 1739 2312 1809 qui
2338 1739 2450 1796 illic
2477 1748 2653 1804 erant,
2687 1739 2949 1794 societate
2987 1738 3288 1808 plurimum
3336 1747 3421 1793 est
3451 1738 3600 1791 dele-

2025 1839 2224 1884 ctatus.
2255 1829 2387 1885 Post
2421 1831 2473 1884 id
2502 1839 2718 1900 tempus
2749 1845 2875 1884 cum
2911 1829 3147 1883 abeundi
3183 1828 3499 1883 facultatem
3530 1827 3600 1881 ab

2023 1921 2440 1990 archiepiscopo
2475 1922 2753 1992 petiisset,
2806 1930 2861 1976 et
2911 1928 2971 1974 ut
3007 1919 3113 1974 sibi
3165 1919 3303 1973 bene
3349 1933 3602 1988 precare-

2021 2016 2113 2062 tur
2142 2009 2256 2080 (5),
2289 2021 2576 2079 rogasset;
2607 2020 2714 2064 tam
2741 2010 2852 2076 ille,
2885 2025 3048 2080 quam
3077 2008 3268 2078 reliqui
3299 2010 3471 2064 sancti
3497 2009 3598 2061 viri

2021 2100 2344 2172 Gregorium
2377 2103 2520 2158 votis
2555 2103 2813 2157 omnibus
2842 2102 3124 2172 prosecuti
3171 2117 3280 2155 non
3312 2100 3433 2156 sine
3463 2115 3600 2171 gau-

2023 2193 2111 2247 dio
2153 2194 2498 2250 dimiserunt.
2557 2195 2815 2250 Discessit
2871 2202 3053 2249 autem
3106 2193 3507 2265 Hierosolymis
3545 2209 3598 2246 tv

2023 2281 2152 2337 ldus
2184 2281 2398 2352 Apriles
2433 2283 2531 2355 (6),
2572 2283 2830 2352 venitque
2860 2282 3230 2338 Antiochiam.
3266 2282 3379 2346 ubi,
3421 2280 3603 2348 hospi-

2025 2373 2100 2427 tio
2127 2383 2381 2442 acceptus
2411 2391 2438 2426 a
2475 2383 2665 2429 sancto
2697 2374 2848 2429 urbis
2867 2375 3015 2429 illius
3041 2373 3457 2444 archiepiscopo
3485 2369 3590 2442 (7),

2024 2465 2080 2518 in
2107 2479 2168 2518 ea
2203 2465 2396 2519 cellula
2429 2467 2713 2531 habitavit,
2741 2466 2794 2520 in
2827 2482 2934 2538 qua
2967 2476 3195 2521 sanctus
3233 2466 3394 2519 Pater
3416 2475 3604 2518 noster

2025 2572 2255 2625 magnus
2311 2557 2544 2614 Basilius
2595 2558 2972 2614 Hexaemeron
3030 2559 3423 2628 interpretatus
3494 2563 3601 2618 est,

2025 2658 2188 2718 atque
2225 2649 2297 2704 ibi
2347 2666 2629 2707 sermones
2671 2653 2738 2708 de
2773 2652 3047 2723 dogmatis
3095 2665 3405 2721 proponere
3436 2649 3605 2719 coepit

2027 2742 2324 2812 ejusmodi,
2355 2753 2416 2798 ut
2459 2745 2553 2814 qui
2601 2745 2906 2801 Antiochiae
2941 2745 3214 2814 sapientes
3261 2743 3605 2798 habebantur

2029 2850 2154 2890 cum
2189 2850 2258 2890 eo
2288 2845 2500 2891 certare
2531 2851 2665 2890 -non
2697 2845 2942 2906 possent.
3001 2835 3283 2906 Sapientia
3321 2834 3466 2889 enim
3526 2831 3603 2887 illi

2030 2925 2279 2996 quaedam
2306 2925 2491 2980 divina
2525 2926 2710 2982 inesse
2758 2928 3047 2982 videbatur
3075 2926 3173 2995 (8).
3207 2925 3381 2980 Porro
3412 2925 3605 2979 Antio-

2033 3018 2170 3072 chiaa
2201 3018 2499 3086 Gregorius
2528 3034 2733 3074 annum
2771 3021 3072 3088 transegit,
3122 3033 3316 3088 magna
3367 3017 3607 3072 admira-

2035 3110 2183 3164 tione
2213 3109 2460 3175 ali‘ecttts,
2494 3121 2548 3188 et
2580 3108 2825 3166 omnium
2868 3111 3123 3166 laudibus
3166 3111 3603 3166 commendatus.

351 3205 411 3257 ἐν
449 3201 1044 3256 Κωνσταντινουπόλει.
1081 3201 1193 3256 Καὶ
1235 3199 1452 3266 ἐδέξατο
1483 3201 1646 3254 αὑτὸν
1685 3202 1714 3253 6
1763 3199 1928 3271 ἡγού-

2038 3201 2164 3256 lnde
2224 3211 2500 3257 annuente
2550 3197 2809 3273 episcopo
2863 3213 2914 3258 et
2970 3201 3236 3258 fratribus
3293 3202 3604 3272 digressus,

424 3356 502 3423 (4)
533 3354 662 3409 Hmc
684 3356 905 3425 quidem
951 3355 1330 3425 Chrysostomi
1365 3355 1653 3424 appellatio
1683 3395 1698 3418 ,
1752 3355 1931 3425 inquit

354 3426 640 3483 Fabricius
666 3426 833 3491 (Bibl.
867 3424 958 3479 Gr.
997 3434 1036 3478 t.
1072 3424 1186 3489 VII,
1229 3443 1277 3480 c.
1316 3427 1402 3490 15,
1441 3443 1492 3489 p.
1537 3426 1687 3494 555),
1725 3424 1928 3494 aliquot

355 3497 565 3553 saeculis
591 3498 704 3564 ipso
736 3499 996 3550 recentior
1023 3505 1123 3559 est,
1157 3505 1212 3548 ut
1242 3505 1390 3550 notat
1412 3497 1645 3550 Savilius
1667 3497 1721 3548 in
1749 3497 1932 3549 limine

358 3579 536 3623 notar.
562 3567 632 3620 ad
662 3566 1122 3636 Chrysostomum;
1154 3567 1330 3635 itaque
1351 3581 1396 3620 et
1426 3568 1702 3622 Sozomeni
1732 3567 1924 3620 codici-

359 3639 453 3692 bus
484 3656 516 3691 α
558 3637 778 3704 juniore
820 3637 999 3706 aliqua
1040 3639 1268 3704 adjecta,
1311 3647 1358 3690 et
1387 3657 1417 3690 a
1467 3637 1670 3690 Valesio
1709 3639 1929 3690 omissa.

360 3708 555 3762 Tamen
589 3725 620 3760 a
647 3717 876 3774 tempore
907 3705 1069 3760 sexta:
1094 3707 1283 3775 synodi
1313 3724 1451 3760 anno
1477 3706 1601 3769 680,
1635 3705 1935 3760 Constanti-

359 3779 536 3846 nopoli
566 3777 844 3831 celebratis
882 3779 1233 3830 communiter
1259 3777 1505 3833 obtinuit.
1554 3776 1773 3841 Verum,
1802 3792 1934 3846 pace

361 3857 638 3903 tantorum
679 3849 922 3901 virorum
964 3850 1215 3905 dixerim.
1256 3864 1363 3901 non
1408 3849 1479 3902 ita
1521 3863 1580 3902 se
1625 3863 1712 3902 res
1746 3849 1932 3902 habet.

361 3917 480 3972 Jam
497 3920 642 3972 enim
680 3919 748 3972 ab
777 3932 921 3971 anno
943 3917 1046 3971 555
1060 3932 1123 3973 ea
1149 3919 1440 3987 appellatio
1457 3921 1849 3988 vulgataerat,
1881 3925 1936 3970 et

363 3991 612 4042 omnium
656 4003 752 4043 ore
781 3988 1182 4058 usurpahatur,
1228 3997 1417 4042 testem
1455 3987 1630 4044 habeo
1674 3987 1930 4058 Vigilium

362 4058 523 4113 Pont.
558 4058 701 4111 Max.
743 4059 796 4111 in
841 4057 1160 4120 Constituto,
1195 4058 1246 4110 in
1283 4073 1390 4126 quo
1434 4059 1548 4112 hinc
1581 4060 1727 4125 leges
1753 4057 1937 4125 (apud

365 4129 534 4183 Hard.
573 4127 730 4184 Cone.
765 4139 805 4181 t.
839 4128 930 4190 ΙΙΙ,
959 4141 1014 4196 p.
1056 4128 1176 4196 58):
1225 4126 1380 4180 Hanc
1410 4139 1583 4181 autem
1617 4128 1852 4196 regulum
1890 4136 1938 4179 et

365 4200 422 4253 in
468 4211 773 4255 sanctorum
805 4196 1031 4251 Joannis
1081 4197 1658 4266 ConstantinOpolitani
1683 4199 1935 4266 episcopi,

365 4286 516 4340 quem
539 4271 994 4340 Chrysostomum
1022 4277 1227 4335 vocant,
1247 4279 1402 4338 atque
1437 4268 1677 4322 Flaviani
1706 4268 1940 4337 ejusdem

367 4338 598 4395 civitatis
624 4338 855 4408 episcopi
874 4340 1171 4392 veneranda
1195 4340 1448 4392 memoria
1471 4348 1678 4392 constat
1698 4355 1810 4392 esse
1827 4355 1938 4392 ser-

367 4355 598 4395 ctmtatts
624 4356 652 4393 ε
693 4355 854 4408 iscopt
874 4355 1171 4392 veneranaa
1195 4355 1448 4392 memoria
1471 4356 1552 4392 σοι

367 4421 565 4465 catam.
599 4355 687 4479 (ί
715 4421 768 4464 et
800 4408 1130 4480 Theodorei,
1167 4410 1220 4462 in
1249 4410 1352 4463 line
1380 4408 1552 4480 Hist.)

465 4481 518 4549 5)
547 4477 683 4535 Gud.
717 4479 772 4544 Ι,
811 4479 905 4532 καὶ
940 4477 1166 4549 εὔξηται
1199 4479 1329 4548 περί
1366 4477 1555 4535 αὐτοῦ.

465 4549 518 4620 6)
542 4549 678 4606 Cod.
715 4550 766 4612 Ι,
797 4552 861 4619 τῇ
903 4549 1080 4603 εἰκάδι
1117 4550 1221 4620 tot]
1258 4549 1560 4620 Ἀπριλίου.

440 4602 520 4690 (7)
557 4602 925 4683 Dele,sod'es,
953 4602 1150 4674 nomen
1174 4602 1471 4682 Eustat'hii,
1497 4602 1701 4674 temere
1721 4619 1947 4689 imperi-
1979 4602 2021 4656 θ

371 4701 534 4761 teque
562 4706 590 4742 a
622 4691 801 4745 scriba
841 4691 1127 4761 insertum.
1159 4691 1296 4756 Quid
1327 4693 1484 4761 enim
1527 4691 1699 4760 magis
1737 4690 1946 4744 discre-

413 4757 512 4815 ai?
558 4761 794 4815 Sanctus
838 4760 1161 4815 Eustathius
1191 4761 1406 4816 concilii
1441 4757 1642 4814 Nic-aeni
1686 4763 1949 4828 tempori—

413 4779 511 4815 Ἆιῖ
558 4779 794 4815 nanetus
838 4779 1161 4815 LUSlallllllS
1191 4779 1406 4816 COBCIIII
1441 4779 1642 4814 LVICiBIH
1686 4779 1947 4828 tempurt—

371 4779 476 4888 Bos
504 4830 755 4890 ﬂorebat.
788 4845 886 4885 nec
913 4831 1052 4900 ultra
1076 4846 1279 4884 annum
1310 4830 1437 4890 557,
1477 4833 1677 4886 vixisse
1706 4840 1947 4900 putatur.

374 4902 465 4964 (V.
495 4902 637 4956 Hist.
674 4901 926 4955 Chronol.
990 4899 1298 4954 Patriarch.
1338 4901 1587 4954 Antioch.
1646 4899 1784 4969 apud
1820 4900 1948 4954 Bol-

375 4972 523 5026 land.
558 4981 596 5026 t.
631 4971 672 5036 Ι,
696 4969 828 5038 Jul.)
878 4971 1057 5024 Alium
1098 4971 1442 5026 Eustathium
1477 4973 1530 5025 in
1564 4971 1719 5026 fastis
1752 4971 1950 5025 Antio-

375 5044 568 5096 chenis
615 5045 814 5094 frustra
847 5057 1098 5110 quaeras;
1146 5053 1202 5095 at
1248 5056 1378 5096 vero
1428 5041 1719 5111 Gregorius
1764 5053 1951 5095 noster

377 5112 722 5167 Antiochiam
753 5113 904 5165 venit
930 5127 1074 5165 anno
1097 5111 1220 5166 586.
1245 5119 1362 5176 Quo
1387 5123 1628 5180 tempore
1651 5111 1948 5166 Ecclesiam

379 5182 526 5236 illam
563 5186 814 5250 regebat,
869 5183 964 5249 qui
1022 5182 1208 5236 multis
1264 5182 1518 5236 laudibus
1585 5182 1654 5236 ab
1720 5180 1951 5249 Evagrio

380 5252 500 5318 (lib.
535 5250 600 5323 ν.
636 5267 684 5304 c.
717 5251 769 5323 6)
805 5251 1136 5319 celebratur,
1192 5253 1486 5322 Gregorius
1518 5251 1558 5306 Ι.
1630 5252 1716 5323 (ν.
1750 5254 1944 5318 Quieti.

383 5322 642 5378 Ora-Chr.
683 5331 721 5376 t.
758 5322 822 5383 li,
853 5339 906 5390 ιι.
940 5323 1087 5390 757.)

457 5393 797 5446 Eustatltiutn
869 5403 1044 5446 tamen
1107 5393 1269 5446 istum
1307 5393 1497 5462 recipit
1552 5393 1694 5446 ultro
1746 5391 1951 5446 Lancia

382 5463 466 5533 (.n.
505 5462 590 5532 lli)
622 5480 732 5531 quo
767 5467 965 5518 seriem
1017 5475 1211 5532 augeat
1271 5465 1702 5532 patriarcharum
1759 5463 1950 5516 Antio-

383 5535 716 5599 chi-norum;
754 5548 850 5587 nec
886 5533 1030 5588 videt
1065 5533 1308 5587 clausum
1353 5550 1477 5588 esse
1523 5535 1727 5599 locum,
1761 5537 1948 5588 sedem

387 5604 533 5656 illam
567 5613 680 5657 tum
722 5612 1028 5671 occupante
1069 5601 1303 5658 Macario
1332 5603 1716 5660 Monotheleta.
1747 5601 1953 5672 Grego-

388 5675 530 5726 rium
567 5675 710 5725 enim
753 5684 1016 5744 nostrum
1054 5674 1399 5728 Antiochiam
1470 5675 1732 5744 migrasse
1764 5682 1952 5728 censet

386 5759 536 5796 anno
588 5743 694 5796 677
743 5742 836 5813 (ιι.
889 5744 1016 5815 15).
1066 5744 1134 5797 At
1179 5758 1360 5806 anno,
1422 5761 1512 5815 qut
1555 5742 1712 5798 ’httnc
1763 5745 1948 5815 proxi-

389 5829 477 5865 me
509 5825 838 5867 consecutus
868 5813 982 5874 est,
1005 5825 1202 5882 scripta
1235 5826 1319 5868 est
1359 5813 1558 5869 [)ivalis
1624 5831 1776 5868 snt-ra
1805 5813 1950 5868 Con-

388 5885 616 5939 stantini
661 5884 925 5956 l’ogonati
961 5885 1027 5940 ad
1070 5885 1279 5940 Donum
1333 5897 1482 5956 pont.
1540 5902 1682 5940 max.
1748 5889 1800 5940 in
1843 5902 1949 5954 qua

2038 3359 2128 3414 ille
2166 3373 2226 3414 se
2293 3368 2618 3428 prazsentem
2658 3358 3026 3424 interrogasse
3079 3352 3314 3413 testatur
3349 3360 3402 3411 in
3462 3358 3608 3428 regia

2039 3431 2171 3483 urbe
2204 3429 2494 3498 Μακάρων
2525 3430 2623 3497 τῆς
2654 3429 3029 3496 Θεουπολιτῶν
3061 3429 3270 3491 πόλεως
3290 3469 3304 3492 ,
3338 3429 3452 3482 sive
3499 3431 3612 3482 An-

2039 3501 2351 3555 tiochenam
2382 3500 2785 3570 patriarcham:
2829 3501 2907 3554 sic
2957 3501 3102 3552 enim
3137 3515 3258 3570 eam
3290 3500 3476 3552 urbem
3513 3515 3608 3567 apv

2039 3569 2769 3639 pellahant:V’eutndetnque
2805 3571 2998 3623 iterum
3049 3578 3102 3623 et
3138 3569 3298 3622 tertio
3345 3577 3612 3639 memorat

2041 3638 2232 3710 (Hard.
2265 3650 2305 3694 t.
2342 3638 2428 3706 Ill,
2463 3655 2518 3709 p.
2551 3639 2734 3707 1045),
2766 3650 3024 3708 tanquam
3058 3639 3270 3708 jamdiu
3292 3638 3608 3708 pontiliratu

2042 3711 2277 3778 potitum
2338 3719 2393 3764 et
2441 3719 2678 3778 veterem
2734 3713 3236 3764 controversiarum
3298 3718 3607 3772 auctorem.

2043 3777 2204 3850 (Vide
2233 3780 2429 3846 Quien.
2467 3780 2562 3834 0r.
2595 3777 2719 3834 Chr.
2751 3789 2792 3832 t.
2829 3779 2891 3845 Il,
2924 3796 2977 3848 p.
3003 3779 3149 3847 749..)

2111 3850 2267 3916 Quod
2303 3851 2368 3904 ad
2399 3850 2659 3903 Basilium
2692 3850 2945 3917 pertinet,
2987 3866 3148 3918 quem
3198 3848 3460 3903 Leontius
3500 3849 3613 3902 An-

2045 3922 2260 3974 tiochiae
2289 3931 2566 3974 versatum
2592 3918 2840 3979 allirmat,
2879 3920 3018 3972 nihil
3066 3920 3134 3974 de
3165 3936 3229 3974 ea
3262 3935 3320 3973 re
3350 3921 3610 3973 dubitan-

2043 3993 2170 4046 dum
2204 3999 2370 4053 esset,
2443 3989 2715 4058 siquidem
2771 4004 2899 4044 vera
2963 3987 3217 4045 Socrates
3279 3990 3610 4058 scripsisset.

2043 4076 2167 4115 cum
2202 4059 2464 4113 Basilium
2501 4073 2784 4129 magnum,
2829 4059 2980 4112 illum
3009 4060 3190 4129 ipsum
3245 4073 3366 4113 esse
3390 4059 3614 4129 _existi-

2046 4132 2216 4185 mavit
2254 4129 2422 4195 (Hist.
2453 4129 2492 4184 l.
2525 4127 2616 4188 vi;
2653 4145 2703 4182 c.
2739 4129 2819 4191 5),
2849 4127 3084 4198 quocum
3116 4128 3314 4182 Joanni
3374 4127 3614 4198 Chryso-

2045 4211 2227 4257 stomo
2251 4199 2492 4254 amicitia
2531 4198 2661 4252 fuit:
2695 4203 2950 4267 quem’et
2981 4198 3035 4252 in
3061 4199 3216 4254 libris
3245 4199 3314 4252 de
3357 4199 3616 4252 sacerdo-

2047 4273 2123 4326 tio
2151 4285 2336 4325 secum
2370 4270 2770 4338 colloquentem
2804 4268 3038 4323 induxit.
3082 4269 3279 4322 Verum
3308 4282 3471 4322 nemo
3501 4268 3611 4335 jam

2048 4342 2267 4412 ignorat
2298 4340 2495 4394 falsum
2528 4353 2649 4392 esse
2691 4338 2997 4412 Socratem,
3035 4348 3090 4393 et
3141 4338 3401 4412 Basilium
3446 4339 3615 4390 multo

2049 4407 2175 4465 aitte
2233 4421 2422 4464 natum
2457 4448 2472 4474 ,
2535 4424 2699 4479 quam
2753 4407 3057 4463 Joannem:
3103 4408 3369 4477 aequalem
3425 4419 3614 4462 contra

2049 4481 2220 4535 fuisse
2247 4480 2510 4535 Basilium
2567 4479 2876 4548 Raphaneze
2931 4479 3412 4548 episc0pum,qui
3471 4493 3617 4548 anno

2050 4552 2174 4614 581,
2211 4551 2421 4621 synodo
2459 4547 3079 4621 Constantinopolitante
3126 4547 3454 4621 subscripsit
3477 4547 3614 4621 {qui

2051 4639 2175 4676 cum
2218 4619 2326 4674 non
2371 4620 2601 4685 multum
2643 4619 2928 4673 Antiochia
2983 4619 3251 4682 distaret,
3287 4619 3400 4670 veri
3429 4619 3618 4686 utique

2050 4692 2288 4760 similius
2317 4699 2423 4760 est,
2466 4705 2590 4744 cum
2628 4690 3020 4760 Chrysostomo
3059 4689 3401 4760 familiariter
3436 4704 3620 4760 versa-

2053 4757 2165 4817 tum
2200 4776 2341 4816 esse.
2377 4759 2482 4815 Sed
2509 4769 2713 4821 tamen,
2743 4757 2870 4812 cum
2925 4758 3168 4814 sciamus
3215 4758 3474 4812 Basilium
3507 4757 3620 4810 Ma-

2050 4847 2217 4903 gnum
2253 4845 2574 4903 peragrasse
2603 4829 2980 4903 Palaestinam,
3012 4830 3197 4903 Gmlen
3227 4827 3619 4903 _e_t_Mesopota-

2051 4897 2342 4963 iniamfin
2386 4897 2509 4970 ipso
2538 4901 2730 4955 itinere
2767 4900 3115 4954 Antiochiam
3154 4899 3386 4952 nobilem
3428 4897 3617 4970 urbem

2052 4990 2151 5028 cur
2183 4967 2422 5025 lustrare
2453 4970 2705 5026 noluisse.
2721 4970 3020 5039 putemus?
3067 4970 3238 5023 Porro
3271 4982 3465 5039 norem
3497 4967 3620 5039 illas

2053 5043 2308 5097 homilias
2372 5035 2772 5111 pulcherrimas
2817 5040 2872 5093 in
2925 5039 3300 5093 Hexaemeron
3349 5053 3376 5089 a
3422 5035 3620 5111 Basilio

2053 5116 2288 5180 scriptas
2345 5105 2534 5166 censet
2587 5111 2888 5180 Garnierus
2946 5119 3074 5163 ante
3113 5105 3661 5180 episcopatumdin‘

2051 5175 2179 5237 Vita
2204 5199 2254 5236 ο.
2293 5183 2385 5248 41,
2421 5198 2474 5235 ιι.
2510 5181 2602 5249 2);
2634 5181 2745 5234 sedi
2776 5179 2864 5233 ubi
2896 5175 3281 5249 composuerit,
3305 5175 3427 5249 nimi
3449 5175 3616 5228 addit.

2052 5253 2132 5310 Ex
2159 5245 2404 5318 tempore
2439 5245 2824 5320 pronuntiatas
2856 5245 3047 5318 putare
3083 5248 3299 5301 videtur
3334 5245 3622 5298 Tillemon-

2054 5327 2162 5377 tius
2190 5324 2250 5390 (t.
2273 5322 2364 5385 ΙΧ,
2396 5337 2448 5388 p.
2475 5321 2634 5391 “289):
2671 5321 2764 5391 sed
2799 5328 2908 5372 tam
2945 5328 3224 5386 comptum
3271 5332 3410 5386 opus
3456 5330 3523 5391 ne
3553 5330 3617 5368 ex

2054 5385 2240 5448 Basilii
2296 5385 2517 5462 quidem
2564 5385 2678 5462 ore
2715 5390 2833 5462 sine
2909 5385 3101 5462 magna
3157 5385 3623 5462 commentatione

2054 5463 2222 5518 ﬂuere
2257 5455 2504 5532 potuisse
2557 5459 2904 5532 crediderim.
2970 5457 3160 5532 Valeat
3209 5458 3376 5532 igitur
3414 5455 3620 5524 aliquid

2053 5528 2271 5588 Leontii
2304 5534 2473 5585 nostri
2503 5531 2914 5589 testimonium,
2967 5537 3021 5581 et
3077 5529 3180 5582 hoc
3247 5528 3439 5581 saltem
3499 5541 3623 5579 rere

2055 5606 2324 5657 aliirmare
2365 5611 2694 5663 statuamus,
2722 5599 2922 5652 famam
2963 5609 3076 5651 tum
3113 5600 3281 5651 fuisse
3337 5607 3390 5650 et
3445 5596 3621 5648 homi-

2054 5691 2185 5729 num
2218 5673 2531 5741 opinionem
2569 5711 2582 5732 ,
2630 5685 2840 5741 ‘revera
2907 5667 3168 5741 Basilium
3206 5667 3510 5741 Antiochiae
3568 5667 3622 5718 in

2054 5738 2389 5805 cellula—illa,
2422 5757 2584 5810 quam
2615 5738 2912 5809 Gregorius
2941 5749 3122 5793 noster
3156 5739 3444 5805 habitavit,
3488 5753 3628 5792 nou-

2056 5817 2204 5870 nulla
2239 5815 2290 5866 in
2321 5812 2696 5866 Hexaemeron
2725 5819 3150 5864 commentatum
3183 5825 3326 5865 esse.

2125 5885 2202 5956 (8)
2229 5883 2366 5940 Cod.
2395 5883 2450 5952 2,
2483 5881 2619 5954 ἔχων
2646 5880 2806 5952 χάριν
2837 5880 3232 5952 πνευματικήν.
