4158 6556
550 376 658 441 603

1542 380 1603 441 S.
1644 380 2026 441 GREGORII
2080 380 2593 443 AGRIGENTINI
2635 386 2830 445 VITA.

3696 376 3798 439 θ’ὶᾷ

553 496 645 560 qui
677 502 761 549 est
782 493 848 547 d'e
868 490 1029 555 Jobo,
1056 492 1231 563 legere
1250 492 1439 564 etrapit.
1468 492 1700 549 Sedebat
1722 504 1900 549 autem
1923 495 2116 564 Grego-

2227 496 2430 559 δέλτον,
2456 499 2659 568 ἤρξατο
2687 499 2778 553 τὸν
2818 497 2945 567 περὶ
2967 494 3059 548 τοῦ
3102 494 3225 550 Ἰὼϐ
3249 494 3404 563 λόγον
3435 490 3525 545 τοῦ
3547 492 3605 544 ιν
3632 490 3805 559 ἁγίοις

554 583 670 637 rius
697 584 879 651 quiete
910 581 1206 637 admodum
1237 599 1303 639 ac
1330 582 1587 649 demisse,
1618 585 1705 651 i-‘zs,
1740 600 1862 655 quae
1889 586 2128 655 profere-

553 674 752 727 bantur
802 675 1041 728 sollicite
1095 675 1373 742 intentus,
1424 688 1477 732 et
1524 677 1792 748 lacrymas
1837 678 1908 742 in,
1942 678 2125 732 sinum

548 778 713 818 suum
760 764 913 834 large
956 763 1243 820 fundebat.
1284 765 1586 837 Postquam
1626 767 2018 837 chartophylax
2056 768 2126 822 ad

547 858 818 911 sermonis
847 857 1008 912 linem
1038 861 1208 925 venit,
1240 869 1626 921 surrexerunt.
1660 871 1719 915 ut
1758 861 1953 915 iterum
1983 862 2128 932 psal-

546 966 667 1003 mos
720 959 1023 1005 canerent:
1058 968 1168 1020 quo
1216 963 1461 1022 tempore
1495 954 1789 1021 Gregorius
1831 955 2023 1010 eodem
2071 955 2124 1009 in

544 1042 667 1096 loco
709 1042 1007 1098 immobilis
1038 1045 1209 1109 stetit,
1246 1047 1423 1101 oculis
1451 1047 1501 1100 in
1535 1058 1735 1102 terram
1770 1048 2014 1117 dejectis,
2062 1062 2127 1102 ac

546 1144 729 1189 mente
772 1136 838 1189 ad
896 1137 1095 1191 coelum
1150 1139 1363 1192 sublata
1397 1155 1555 1208 :quae
1599 1140 1701 1194 viri
1752 1155 1782 1194 a
1817 1141 2125 1209 patriarcha

546 1229 704 1283 missi
753 1230 1143 1294 observabant,
1180 1246 1280 1285 nec
1320 1232 1439 1286 sine
1471 1232 1751 1300 voluptate
1797 1232 2123 1287 suavitatem

544 1324 792 1377 canentis
824 1325 1224 1393 percipiebant,
1265 1335 1320 1379 et
1351 1336 1556 1381 statum
1606 1326 1727 1396 ejus
1767 1334 1823 1380 et
1860 1335 2122 1381 constan-

545 1416 674 1468 tiam
704 1415 1070 1469 mirabantur.

610 1585 852 1641 ΧΧΧΙΙΙ.
895 1588 1176 1658 Completa
1225 1589 1447 1644 demum
1502 1598 1761 1645 consueta
1792 1591 2119 1661 psalmodia,

542 1676 841 1728 consedere
893 1692 1114 1730 rursum
1147 1688 1254 1731 tam
1307 1678 1597 1747 praefectus
1626 1696 1790 1750 quam
1824 1682 2042 1736 diaconi
2089 1698 2121 1737 a

542 1768 851 1833 patriarcha
906 1769 1064 1824 missi
1106 1780 1159 1823 et
1210 1771 1389 1825 caeteri
1440 1772 1567 1825 item
1622 1774 1916 1839 monachi;
1954 1790 2120 1829 tunus

2244 589 2490 643 Ἰωάννου
2520 590 2613 643 τοῦ
2645 590 3054 659 Χρυσοστόμου.
3102 585 3423 649 Ἐκαθέζετο
3450 585 3506 639 δὲ
3540 586 3570 638 ὁ
3600 583 3804 655 Γρηγόο

2232 697 2346 749 pm;
2377 682 2434 732 ἐν
2456 682 2603 751 πάσῃ
2625 682 2827 751 ἡσυχίᾳ
2846 681 2936 732 καὶ
2957 677 3423 748 ταπεινοφροσύνῃ
3445 675 3584 746 μετὰ
3603 679 3802 737 παντὸς

2231 772 2395 838 φόϐου
2423 774 2701 842 προσέχων
2720 775 2833 835 τοῖς
2864 772 3199 841 λεγομένοις,
3220 769 3424 839 ἐκχέων
3455 768 3719 829 ἀνενδεῶς
3743 769 3800 819 τά

2228 862 2437 932 δάκρυα
2474 865 2568 916 ἐπὶ
2601 864 2693 916 τόν
2732 864 2931 916 κόλπον
2956 862 3141 917 αὐτοῦ.
3182 862 3484 931 Πληρὼσας
3521 860 3577 912 δὲ
3609 861 3636 911 ὁ
3666 876 3798 929 χαρ-

2226 953 2463 1021 τοιρύλαξ
2500 954 2590 1005 τὸν
2630 953 2806 1020 λόγον,
2850 953 3154 1021 ἀνέστησαν
3196 952 3358 1005 πάλιν
3382 950 3634 1020 ψάλλειν*
3667 949 3794 1018 ἔστη

2226 1045 2282 1097 δὲ
2333 1048 2360 1098 ὀ
2407 1046 2707 1116 Γρηγόριος
2749 1047 2808 1098 ἐν
2864 1045 2946 1097 ἐνὶ
2985 1044 3136 1113 τόπῳ
3207 1041 3603 1111 ἀμετακίνητος
3646 1039 3796 1092 κάτω

2225 1137 2417 1197 νεύων,
2460 1137 2572 1189 ἄνω
2618 1136 2676 1188 δὲ
2721 1136 2846 1200 τοὺς
2897 1136 3118 1203 νοεροὺς
3162 1132 3471 1202 ὀφθαλμοὺς
3514 1129 3652 1199 ἔχων
3694 1128 3796 1197 τῆς

2226 1231 2472 1299 καρδίας.
2505 1227 2689 1282 Ἦσαν
2717 1228 2775 1281 δὲ
2806 1230 2855 1280 ot
2886 1227 3076 1296 ἄνδρες
3105 1227 3155 1279 οί
3189 1224 3581 1295 πατριαρχικοὶ
3619 1238 3797 1291 παρα-

2222 1322 2551 1393 τηρούμενοι
2578 1321 2760 1383 αὑτὸν,
2789 1321 2960 1392 ἡδέως
2982 1318 3273 1380 ἀκούοντες
3288 1316 3350 1369 τὸ
3380 1315 3483 1385 ἡδὺ
3496 1314 3595 1383 τῆς
3612 1313 3793 1380 ψαλμ-

2222 1415 2389 1483 ῳδίας
2448 1412 2615 1468 αὑτοῦ
2660 1413 2754 1466 καὶ
2795 1413 2856 1465 τὸ
2887 1412 3093 1482 ἥσυχον
3133 1410 3230 1464 καὶ
3263 1407 3661 1478 ἀμετακίνητον
3697 1404 3796 1457 αὑ-

2221 1520 2334 1557 του.

2292 1594 2411 1649 ΛΓ’.
2434 1596 2545 1665 Πλη
2557 1595 2821 1666 ρωθείσης
2836 1589 2928 1648 οὖν
2953 1596 3052 1663 τῆς
3070 1593 3126 1659 ἐξ
3148 1592 3303 1654 ἔθους
3322 1588 3662 1659 ψαλμῳδίας.
3687 1586 3794 1639 πά-

2221 1686 2305 1740 λιν
2333 1687 2707 1759 ἐκαθέσθησαν
2737 1689 2827 1741 ὅτε
2872 1687 3178 1758 ἡγούμενος
3207 1685 3300 1738 καὶ
3325 1685 3374 1736 οἱ
3408 1683 3794 1753 πατριαρχικοὶ

2220 1781 2477 1841 διάκονοι,
2513 1781 2699 1833 λοιπὸν
2718 1781 2774 1834 δέ
2803 1782 2971 1834 κα.ὶοὶ
3008 1779 3188 1832 λοιποὶ
3232 1778 3476 1847 μοναχοὶ,
3522 1776 3703 1844 ἔμεινε
3738 1774 3794 1828 δὲ

543 1857 839 1929 Gregorius
871 1862 923 1915 in
956 1877 1021 1916 co
1063 1865 1309 1919 constitit
1352 1865 1491 1929 loco,
1522 1880 1684 1932 quem
1718 1866 1822 1919 sibi
1870 1882 2116 1935 sumpse-

2223 1873 2397 1936 ἑστὼς
2425 1875 2453 1926 ὁ
2480 1875 2781 1944 Γρηγόριος
2813 1876 2871 1926 ἐν
2910 1872 2986 1943 τῷ
3011 1872 3180 1943 τόπῳ,
3209 1871 3268 1924 ὂν
3291 1866 3359 1939 ἦν
3384 1867 3558 1937 ἐαυτῷ
3582 1867 3791 1937 ὁρίσας.

550 1958 665 2016 rat;
708 1952 797 2005 cui
848 1953 1181 2021 praefectus:
1212 1957 1443 2022 Accede,
1496 1956 1694 2026 inquit,
1747 1958 1822 2011 lili
1868 1958 2116 2028 Gregori,

540 2043 679 2111 lege,
713 2059 921 2115 nosque
949 2046 1165 2114 juvato.
1209 2046 1300 2101 ille
1329 2064 1460 2102 vero
1494 2049 1809 2104 admonenti
1838 2051 2118 2121 respondit

542 2137 768 2191 Statim:
806 2138 878 2193 Ut
916 2139 1098 2208 jubes,
1147 2140 1329 2194 Pater.
1370 2138 1615 2211 Cumque
1647 2143 1866 2202 diaconi
1917 2144 2115 2198 librum

538 2228 801 2300 Theologi
854 2232 909 2285 in
963 2234 1217 2288 manibus
1268 2235 1548 2299 haberent,
1604 2236 1706 2305 ipsi
1756 2238 2114 2303 tradiderunt,

536 2319 845 2390 adjecitque
887 2321 1223 2389 praefectus:
1256 2326 1532 2379 Arcanum
1580 2341 1888 2380 sermonem
1930 2328 2112 2397 legito,

539 2412 632 2467 ﬁli.
673 2413 787 2478 Ille,
831 2416 1147 2487 precatione
1188 2418 1291 2470 rite
1326 2429 1567 2486 peracta,
1618 2418 1851 2472 lectione
1893 2420 2117 2473 inchoa-

544 2505 642 2559 vit.
672 2503 1008 2559 Hzesitaliaut
1046 2522 1177 2560 vero
1212 2508 1448 2572 diaconi,
1482 2508 1549 2563 de
1586 2509 1877 2563 verborum
1914 2510 2117 2564 multo-

542 2614 663 2652 rum
690 2598 1056 2667 explicatione
1097 2601 1341 2667 solliciti,
1376 2618 1439 2657 ac
1478 2618 1576 2671 per
1606 2601 1918 2671 praelectum
1953 2617 2115 2674 roga-

538 2693 690 2757 bant,
727 2702 788 2747 ut
814 2708 1139 2747 arcanorum
1185 2709 1442 2748 versuum
1473 2693 1818 2750 difficultates
1857 2694 2112 2750 solveret.

536 2783 787 2852 Quandiu
822 2793 1005 2841 tamen
1037 2786 1233 2842 beatus
1263 2788 1582 2843 adolescens
1610 2788 1808 2842 librum
1840 2788 2030 2842 habuit
2057 2788 2113 2842 in

537 2877 815 2940 manibus,
841 2878 979 2933 nihil
1005 2878 1139 2949 ipsis
1171 2880 1474 2949 respondit,
1510 2880 1639 2933 illud
1666 2895 1831 2934 unum
1860 2880 2072 2935 locutus
2096 2896 2111 2933 :

532 2968 758 3039 Ignosce
797 2969 969 3032 mihi,
1025 2970 1205 3025 Pater.
1264 2971 1335 3023 At
1384 2971 1616 3024 lectione
1654 2971 1936 3035 absoluta,
1986 2986 2110 3025 cum

535 3069 715 3115 coetus
739 3060 1110 3117 dimitteretur
1138 3103 1152 3127 ,
1206 3072 1260 3117 et
1297 3063 1373 3116 illi
1406 3063 1784 3127 adsedissent,
1829 3062 2115 3132 praefectus

536 3151 896 3222 interpellans
930 3172 943 3206 :
977 3152 1227 3225 Grcgori,
1259 3154 1458 3223 inquit,
1496 3154 1594 3218 fili,
1627 3168 1727 3207 cur
1766 3154 1924 3208 nobis
1955 3167 2113 3207 arca-

536 3260 733 3301 norum
763 3261 1023 3300 versuum
1067 3247 1486 3313 explicationem
1519 3245 1800 3300 invidisti?
1843 3244 1942 3300 Cui
1978 3244 2113 3300 Gre-

536 3343 724 3409 gorius
754 3357 768 3392 :
799 3339 1046 3410 Ignosce,
1101 3339 1299 3407 inquit,
1337 3339 1493 3401 mihi,
1532 3337 1729 3404 Pater;
1764 3338 1930 3393 homo
1966 3339 2112 3392 enim

536 3448 656 3487 sum
687 3432 952 3487 scelestus
975 3447 1039 3485 ac
1068 3432 1227 3501 plane
1255 3432 1430 3485 rudis.
1464 3432 1731 3486 Caeterum
1757 3433 1919 3487 simul
1949 3440 2114 3501 atque

536 3524 827 3595 praefectus
880 3523 1295 3592 obtemperandi
1346 3524 1729 3578 necessitatem
1781 3524 1985 3589 intulit,
2028 3525 2113 3578 vel

535 3616 656 3671 sine
688 3616 851 3682 libro,
888 3630 980 3671 res
1011 3615 1082 3670 ab
1114 3616 1271 3669 initio
1313 3626 1570 3671 accurate
1608 3616 1889 3670 declarare
1924 3618 2111 3686 cmpit,

535 3717 593 3764 et
631 3708 971 3763 Arcanorum
1024 3710 1133 3761 vim
1179 3707 1245 3761 ad
1297 3707 1542 3779 singulos
1588 3722 1778 3762 versus
1817 3722 2111 3776 exponere.

533 3802 784 3872 Cumque
828 3801 935 3856 alia
968 3802 1140 3856 multa
1185 3816 1213 3854 a
1244 3801 1379 3856 viris
1422 3802 1531 3857 illis
1577 3800 1736 3855 beato
1762 3800 1950 3869 jUVeni
1988 3815 2113 3870 pro-

535 3892 644 3947 lata
674 3902 880 3960 essent,
910 3895 1128 3964 singula
1160 3893 1293 3963 ipsis
1316 3905 1507 3963 pacate
1534 3894 1937 3964 tranquilleque
1966 3895 2113 3949 dire-

534 3985 654 4039 mit.
702 3984 805 4040 Ubi
857 3987 1093 4056 denique
1146 3986 1520 4057 interrogandi
1554 4002 1677 4057 quae
1716 3987 1919 4041 vellent
1949 3986 2112 4041 finem

534 4076 825 4145 fecerunt,
873 4080 1085 4135 honore
1125 4081 1176 4135 ei
1231 4080 1417 4135 habito
1467 4095 1531 4135 ac
1585 4080 1762 4135 salute
1804 4081 1985 4146 dicta,
2043 4080 2113 4135 ad

535 4170 1015 4241 archiepiscopum
1065 4173 1272 4227 reversi
1326 4180 1486 4237 sunt,
1534 4171 1720 4225 laetitia
1772 4172 2113 4227 exsultantes

533 4279 602 4319 ac
626 4263 737 4317 Deo
768 4263 983 4319 laudem
1016 4264 1303 4319 reddentes
1335 4264 1406 4319 ob
1434 4279 1497 4318 ea
1529 4264 1741 4330 omnia,
1766 4280 1890 4333 quae
1926 4264 2114 4319 audie-

535 4366 661 4411 rant
696 4356 871 4429 [χιιι]
911 4373 975 4412 ac
1004 4359 1255 4412 viderant
1295 4377 1310 4412 :
1356 4358 1703 4428 ingressique
1754 4358 1960 4423 omnia,
1994 4372 2113 4426 quae

536 4463 569 4502 a
610 4447 874 4517 Gregorio
916 4449 1222 4513 audissent,
1275 4450 1342 4502 ad
1390 4450 1861 4518 archiepiscopum
1912 4452 2111 4504 retule-

541 4545 696 4603 runt,
728 4539 859 4593 illud
900 4540 1185 4603 addentes,
1220 4550 1341 4609 post
1372 4541 1545 4609 ipsius
1569 4541 1964 4611 archiepiscopi
1996 4541 2106 4595 Deo
2136 4525 2185 4584 Ι)

535 4632 761 4686 charam
789 4640 844 4686 et
869 4633 1015 4685 omni
1047 4633 1521 4687 commendatione
1553 4634 1768 4705 dignam
1804 4635 2105 4689 beatitudi-

537 4736 687 4787 nem,
720 4721 897 4775 virum
927 4722 1096 4775 alium
1128 4722 1184 4776 in
1218 4732 1327 4776 tota
1356 4724 1510 4789 urbe,
1542 4726 1635 4794 qui
1665 4722 1929 4794 Gregorio
1954 4740 2107 4779 com-

535 4814 716 4885 parari
747 4824 970 4883 posset,
1005 4814 1279 4869 neminem
1310 4830 1452 4870 esse.

610 4992 856 5048 XXXIV.
886 4991 1013 5048 Haec
1059 5009 1183 5048 cum
1228 4993 1469 5048 audisset
1518 4993 1981 5064 archiepiscopus,
2018 4995 2109 5049 ubi

540 5086 741 5151 illuxit,
784 5087 1049 5141 arcessito
1093 5085 1551 5157 chartophylace,
1600 5084 1924 5156 Gregorium
1955 5087 2023 5142 ad
2053 5103 2111 5143 se

546 5178 602 5231 in
634 5179 777 5233 aedes
805 5177 1146 5247 pontificales
1174 5177 1391 5233 accivit.
1435 5177 1529 5231 llle
1562 5191 1692 5231 vero
1728 5185 1790 5233 ut
1812 5192 1871 5232 se
1918 5178 1988 5233 ab
2021 5194 2112 5233 ar-

539 5270 892 5341 chiepiscopo
940 5270 1126 5326 vocari
1172 5270 1438 5324 intellexit
1476 5269 1827 5324 vehementer
1859 5271 2108 5326 indoluit.

539 5356 667 5415 Inde
686 5360 833 5415 enim
861 5360 1270 5431 quamprimum
1297 5358 1598 5427 discedere,
1618 5368 1671 5415 et
1696 5358 1924 5417 Romam
1942 5361 2109 5433 proli-

612 5541 658 5573 "
678 5541 823 5599 Psal.
860 5558 1129 5614 cxxxvm,
1164 5546 1218 5601 l.

534 5718 659 5788 jure
702 5736 728 5771 a
775 5718 979 5792 Savilio
1023 5730 1078 5777 et
1124 5720 1532 5778 Montfauconio
1572 5724 1787 5792 reiectat
1833 5732 1980 5787 sunt,
2011 5739 2113 5779 nec

538 5794 716 5854 dignm
749 5790 964 5863 habitae,
990 5808 1112 5859 quze
1138 5802 1350 5846 tanlttm
1388 5811 1584 5848 nomen
1620 5790 1956 5863 praeferrent.
1990 5796 2108 5850 Cat-

537 5868 716 5917 tetum
742 5857 860 5915 Jobi
897 5857 1083 5917 laudes
1124 5865 1339 5933 attingit
1374 5857 1797 5936 GlirySOstomus
1832 5866 1894 5919 in
1936 5865 2112 5920 homi-

2222 1965 2332 2017 Καὶ
2387 1964 2535 2032 λέγει
2590 1963 2739 2034 αὐτῷ
2785 1965 2814 2017 ὁ
2871 1962 3205 2033 ἡγούμενοςο
3251 1960 3451 2012 Τέκνον
3502 1957 3791 2028 Γρηγόριε,

2220 2058 2451 2119 εἴσελθε,
2494 2056 2792 2123 ἀνάγνωθι,
2834 2056 2930 2109 καὶ
2973 2054 3255 2124 ὼφέλησον
3296 2053 3463 2123 ἡμᾶς.
3517 2051 3576 2103 '0
3613 2050 3667 2102 δὲ
3701 2050 3791 2101 εύο

2219 2149 2355 2211 θέως
2411 2149 2527 2217 ἃμα
2580 2148 2660 2216 τῷ
2710 2147 2854 2216 λόγῳ
2911 2141 3103 2200 εἶπεν·
3143 2145 3230 2208 Ὠς
3277 2143 3539 2207 κελεύεις,
3587 2140 3787 2210 Πάτερ.

2221 2241 2475 2309 Ἔχοντες
2501 2240 2558 2292 δὲ
2597 2240 2702 2310 πρὸ
2733 2238 2936 2310 χειρῶν
2962 2238 3061 2308 τὴν
3101 2236 3284 2306 βίϐλον
3319 2235 3414 2288 τοῦ
3445 2234 3706 2301 Θεολόγου
3740 2233 3791 2284 oi

2217 2329 2629 2400 πατριαρχικοὶ,
2664 2329 2948 2382 ἐπέδωκαν
2980 2327 3149 2397 αὐτῷ.
3190 2326 3358 2379 Εἶπεν
3387 2326 3443 2378 δὲ
3482 2328 3509 2378 ὀ
3544 2324 3788 2395 ἡγούμεο

2216 2437 2337 2484 νοςο
2369 2422 2472 2473 Τὸν
2506 2422 2818 2491 ἀπόρρητον
2839 2420 2995 2488 λόγον
3030 2418 3323 2487 ἀνάγνωθι,
3350 2418 3558 2472 τέκνον.
3592 2416 3791 2471 Λαϐὼν

2214 2513 2271 2565 δὲ
2304 2512 2487 2582 εὐχὴν,
2532 2513 2731 2582 ἤρξατο
2764 2512 2856 2565 τοῦ
2914 2511 3244 2579 ἀναγνῶναι.
3292 2510 3558 2580 Ἦπόρουν
3586 2509 3643 2562 δὲ
3679 2508 3792 2561 τῶν

2217 2602 2427 2656 πολλῶν
2453 2603 2623 2670 λόγων
2655 2604 2752 2665 τὰς
2776 2602 3085 2666 ἐπιλύσεις,
3117 2603 3213 2656 καὶ
3243 2600 3586 2673 παρεκάλουν
3626 2600 3789 2652 αὐτὸν

2215 2696 2305 2748 διὰ
2333 2695 2424 2747 τοῦ
2464 2696 2771 2765 ἡγουμένου
2803 2696 2852 2748 οἱ
2874 2695 3113 2748 διάκονοι
3142 2693 3330 2747 δοῦναι
3356 2694 3541 2756 αὐτοῖς
3570 2692 3669 2754 τὰς
3696 2689 3790 2741 λύ-

2218 2806 2332 2851 σεις
2364 2788 2472 2840 τῶν
2521 2788 2847 2859 ἀπορρήτων
2892 2787 3190 2858 στοιχείων.
3228 2785 3374 2848 Ἕως
3416 2784 3473 2837 δὲ
3514 2780 3789 2853 εἷχενσὴν

2218 2879 2398 2950 βίϐλον
2427 2881 2453 2932 ὁ
2484 2880 2752 2949 μακάριος
2784 2880 2839 2931 ἐν
2868 2880 2988 2942 ταῖς
3008 2878 3196 2950 χερσὶν
3217 2876 3402 2939 αὐτοῦ,
3428 2875 3574 2928 οὐδὲν
3606 2874 3790 2936 αὐτοῖς

2216 2973 2571 3043 ἁπεκρίνατο,
2622 2972 2782 3042 μόνον
2816 2971 2971 3023 τοῦτο
3022 2971 3226 3039 λέγων’
3260 2968 3623 3039 Συγχώρησόν
3674 2983 3787 3035 μοι,

2216 3065 2398 3135 Πάτερ
2422 3082 2435 3095 ·
2472 3059 2607 3117 Εἶτα
2642 3063 2936 3136 πληρώσας
2963 3062 3062 3133 τὴν
3094 3063 3417 3129 ἀνάγνωσιν,
3449 3062 3540 3113 καὶ
3566 3061 3791 3129 γενομέ-

2140 3179 2185 3238 c
2215 3175 2311 3226 νης
2342 3156 2679 3220 ἀπολύσεως,
2711 3155 3080 3225 ἐκαθέσθησαν
3108 3157 3423 3224 ἀμφότεροι.
3456 3153 3617 3218 Λέγει
3641 3151 3790 3219 αὐτῷ

2215 3248 2244 3300 δ
2289 3247 2618 3318 ἡγούμενοςο
2660 3248 2858 3300 Τέκνον
2909 3246 3196 3317 Γρηγόριε,
3257 3248 3401 3308 τίνος
3452 3245 3640 3296 ’ἐνεκεν
3689 3244 3791 3295 οὐκ

2214 3339 2502 3410 ὠφέλησας
2535 3342 2684 3409 ἡμᾶς
2717 3340 2814 3403 τὰς
2848 3340 3123 3400 ἐπιλύσεις
3151 3338 3257 3391 τῶν
3288 3338 3616 3408 ἀπορρήτων
3645 3352 3791 3388 στοι-

2214 3432 2405 3501 χείων;
2439 3432 2602 3499 Λέγει
2636 3431 2787 3502 αὐτῷ
2839 3432 2869 3483 ό
2920 3430 3221 3501 Γρηγόριος
3249 3447 3261 3458 ·
3287 3429 3649 3499 Συγχὼρησόν
3675 3445 3787 3497 μοι,

2216 3521 2419 3590 Πάτερ,
2449 3522 2734 3591 ἄνθρωπος
2764 3524 2872 3591 γάρ
2910 3522 3026 3591 εἰμι
3076 3521 3397 3591 ἁμαρτωλὸς
3423 3522 3516 3573 καὶ
3551 3518 3787 3587 ἰδιώτης.

2227 3615 2620 3681 Ἀναγκασθεὶς
2658 3614 2715 3668 δὲ
2758 3616 2861 3667 ὑπὸ
2896 3614 2991 3667 τοῦ
3034 3615 3365 3685 ἡγουμένου,
3412 3612 3638 3684 ῆρξατο,
3659 3613 3787 3665 ἄνευ

2217 3707 2401 3776 μέντοι
2449 3707 2547 3776 τῆς
2605 3706 2900 3777 βίϐλου,ἐξ
2947 3707 3201 3777 ἀπαρχῆς
3239 3705 3646 3773 διασαφηνίξων
3696 3702 3791 3755 καὶ

2214 3797 2453 3851 ἐπιλύων
2488 3798 2622 3870 πρὸς
2663 3798 2893 3851 ἕκαστον
2938 3802 3148 3868 στοῖχον
3177 3798 3284 3849 τῶν
3324 3797 3651 3867 ἀπορρήτων
3690 3795 3791 3863 τὴν

2212 3887 2467 3959 δύναμιν.
2513 3889 2715 3942 Λοιπὸν
2737 3890 2793 3941 δὲ
2818 3890 2910 3942 καὶ
2941 3890 3103 3959 ἕτερα
3124 3888 3293 3942 πολλὰ
3333 3888 3702 3958 διαλεχθέντες
3740 3888 3790 3938 oi

2212 3983 2401 4053 ἄνδρες
2436 3982 2514 4051 τῷ
2558 3983 2836 4053 μακαρίῳ,
2866 3982 3041 4034 πάντα
3076 3982 3257 4044 αὐτοῖς
3285 3981 3620 4051 ἀπεκρίνατο
3651 3980 3788 4050 μετὰ

2212 4077 2394 4146 πάσης
2441 4075 2670 4147 ἡσυχίας
2702 4077 2797 4129 καὶ
2830 4077 3152 4145 πραότητος.
3206 4074 3602 4145 Πληρώσαντες
3646 4073 3703 4128 δὲ
3737 4074 3787 4129 οἱ

2211 4171 2405 4240 ἄνδρες
2452 4170 2543 4223 τοῦ
2589 4170 2872 4240 ἐπερωτᾷν
2925 4168 3089 4221 αὑτὸν
3118 4168 3217 4220 ὅσα
3252 4167 3556 4231 ἐϐούλοντο,
3598 4183 3789 4219 συντα-

2213 4262 2440 4331 ξάμενοι
2491 4256 2584 4315 οὖν
2628 4261 2778 4331 αὐτῷ
2833 4263 2900 4331 τῇ
2969 4260 3256 4331 πρεπούσῃ
3311 4262 3473 4329 τιμῇ,
3545 4257 3787 4326 ἀπῆλθον

2213 4353 2350 4424 πρὸς
2380 4354 2468 4405 τὸν
2505 4354 2936 4424 ἀρχιεπίσκοπον
2981 4354 3262 4423 χαίροντες
3286 4392 3301 4415 ,
3338 4352 3454 4421 ἅμα
3499 4353 3595 4407 καὶ
3635 4351 3787 4415 δοξά-

2214 4447 2399 4511 ζοντες
2423 4444 2516 4498 τὸν
2546 4447 2679 4500 Θεὸν
2723 4447 2816 4499 ἐπὶ
2852 4448 3020 4500 πᾶσιν
3051 4442 3133 4509 οἷς
3166 4446 3409 4516 ἤκουσαν
3444 4446 3539 4501 καὶ
3574 4445 3681 4498 ίδον
3708 4445 3786 4506 είς

2209 4537 2302 4590 τὸν
2333 4536 2641 4605 ἄνθρωπον.
2665 4538 2774 4590 Καὶ
2807 4538 3146 4600 εἰσελθόντες
3176 4538 3507 4607 διηγήσαντο
3535 4536 3613 4606 τῷ
3635 4537 3786 4605 ἀρχιιυ

2210 4626 2499 4695 επισκόπῳ
2528 4628 2707 4678 πάντα
2738 4627 2837 4678 ὅσα
2876 4628 3120 4697 ἥκουσαν
3162 4627 3313 4697 παρὰ
3337 4626 3431 4678 τοῦ
3458 4626 3782 4695 Γρηγορίου,

2208 4719 2479 4786 λέγοντες,
2518 4718 2605 4771 Ἐν
2650 4720 2714 4789 τῇ
2763 4717 2917 4770 πόλει
2962 4718 3132 4789 ταύτῃ
3171 4718 3245 4788 μὴ
3289 4712 3429 4769 εἶναι
3462 4717 3645 4787 ὅμοιον
3692 4715 3783 4767 τοῦ

2209 4809 2501 4881 ἀνθρώπου
2528 4810 2717 4863 τούτου
2755 4812 2856 4863 οὐκ
2891 4810 3136 4879 οἴδαμεν,
3177 4810 3337 4879 μόνον
3385 4809 3451 4861 ἂν
3478 4810 3511 4878 ὴ
3546 4808 3786 4879 ὑμετέρα

2212 4900 2545 4971 θεοτήρητος
2578 4900 2671 4952 καὶ
2701 4900 3015 4966 ἀξιέπαινος
3049 4901 3411 4971 μακαριότης.

2284 4991 2407 5046 ΛΔ⁹.
2449 4991 2635 5045 Ταῦτα
2690 4992 2928 5054 ἀκούσας
2972 4994 3000 5045 δ
3046 4992 3501 5062 ἀρχεεπίσκοπος,
3552 4992 3642 5043 ἐπὶ
3690 4990 3786 5058 τὴν

2215 5085 2407 5157 αύριον
2453 5083 2781 5147 ἀποστείλας
2833 5085 2925 5137 τὸν
2970 5084 3357 5154 χαρτοφύλακα
3407 5082 3787 5152 μετεστείλατο

2214 5176 2306 5229 τὸν
2332 5175 2630 5246 Γρηγόριον
2655 5176 2713 5226 ἐν
2736 5179 2814 5245 τῷ
2836 5174 3189 5244 ἐπισκοπείῳ.
3208 5174 3264 5225 Ὀ
3293 5173 3349 5225 δὲ
3383 5172 3627 5243 ἐλυπήθη
3660 5172 3784 5239 σφό-

2216 5268 2318 5340 δρα
2348 5269 2429 5321 διὸ
2456 5269 2714 5322 ἐκάλεσεν
2749 5267 2911 5320 αὐτὸν
2954 5269 2982 5319 ὁ
3010 5264 3459 5336 ἀρχιεπίσκοπος,
3508 5263 3791 5343 Ἐϐούλετο

2216 5362 2325 5433 γὰρ
2359 5362 2447 5418 διὰ
2480 5363 2679 5434 τάχους
2709 5361 2949 5428 ἐξελθεῖν
2984 5359 3215 5426 ἐκεῖθεν,
3250 5359 3343 5412 καὶ
3383 5358 3477 5415 ἐπὶ
3522 5359 3619 5429 τὴν
3664 5356 3787 5411 Ῥώο

2217 5722 2286 5775 lia
2321 5722 2507 5783 etiam,
2543 5736 2663 5790 anc
2699 5727 2945 5788 quartam
2982 5719 3125 5772 illam
3170 5717 3434 5790 sequitur.
3475 5730 3573 5790 nec
3606 5714 3786 5790 minus

2218 5793 2341 5844 aliis
2388 5795 2441 5847 in
2475 5786 2630 5858 locis,
2680 5786 2768 5846 ubi
2803 5791 3147 5860 potissimum
3200 5792 3264 5843 ad
3300 5787 3615 5858 patientiam
3660 5786 3785 5841 hor-

2220 5872 2385 5917 18H".
