4158 6544
348 383 454 447 6θῦ

1338 377 1389 433 S.
1433 376 1819 439 GREGORII
1860 380 2380 443 AGRIGENTINI
2415 383 2614 442 VITA.

3509 381 3615 449 606

349 502 458 554 μην
487 482 1033 554 προσελθῆναι.”Αμα
1064 479 1124 533 δὲ
1151 489 1230 554 τῷ
1261 485 1402 557 λόγῳ
1430 489 1656 557 ἐξῆλθον
1683 492 1778 544 καὶ
1806 493 1925 546 ὲπο-

2027 494 2160 548 cisci
2183 494 2421 548 volebat.
2447 492 2612 548 Ocius
2641 504 2820 548 tamen
2839 503 3101 549 exeuntes
3125 508 3410 564 perrexere
3437 504 3618 562 ambo,

347 576 622 650 ρεύθησαν
656 576 989 647 ἀμφότεροι·
1022 576 1358 642 εἰσελθόντες
1393 579 1483 642 δὲ,
1515 583 1928 652 προσεκύνησεν

345 673 373 725 6
417 667 723 742 Γρηγόριος
767 671 836 740 τῇ
883 670 1174 741 πρεπούσῃ
1207 676 1340 742 τιμῇ
1372 674 1460 725 τὸν
1493 675 1930 746 ἅρχιεπίσκοπον

346 766 561 819 πίπτων
607 765 703 817 ἐπὶ
747 765 1041 835 πρόσωπον
1076 764 1240 818 αὑτοῦ
1292 768 1383 818 ἐπὶ
1415 767 1512 836 τὴν
1541 768 1668 838 γῆν,
1717 769 1834 840 ἅμα
1871 769 1930 825 δὲ

347 857 552 911 κλαίων
585 855 681 909 καὶ
713 855 889 924 λέγων
909 870 921 881 ·
955 843 1318 927 Συγχώρησόν
1364 875 1476 928 μοι,
1507 859 1740 913 δέσποτα
1761 903 1776 925 ,
1814 861 1932 916 Πά-

346 969 443 1018 τερ
489 951 636 1018 ἅγιε,
682 950 780 1007 καὶ
830 949 983 1013 εὖξαι
1033 951 1174 1020 ὑπὲρ
1217 951 1319 1020 τῆς
1357 951 1496 1023 ἐμῆς
1544 952 1928 1024 ὲλεεινότητος,

346 1041 428 1099 ὅτι
477 1041 765 1112 ἄνθρωπός
815 1042 934 1111 εἰμι
979 1041 1303 1111 ἁμαρτωλὸς
1345 1044 1440 1096 καὶ
1489 1044 1766 1106 ταπεινός.
1821 1044 1932 1097 Καὶ

347 1132 587 1195 ἀναστὰς
617 1133 725 1186 ἀπὸ
768 1131 862 1185 τοῦ
908 1131 1161 1201 ἐδάφους,
1198 1133 1330 1202 ἔστη
1375 1132 1608 1189 ἐνώπιον
1641 1134 1733 1186 τοῦ
1767 1134 1930 1205 ἀρχι-

347 1225 649 1277 επισκόπου
709 1225 848 1300 μετὰ
909 1225 1108 1289 παντὸς
1165 1224 1330 1292 φόϐου
1387 1226 1482 1282 καὶ
1532 1226 1777 1296 τρόμου·
1836 1228 1930 1285 καὶ

350 1316 825 1386 περιπτυξέῳενος
867 1318 1029 1370 αὑτὸν
1077 1319 1105 1370 6
1151 1318 1612 1389 ἀρχιεπίσκοπος,
1641 1320 1931 1390 ἠσπάσατο

349 1407 514 1460 αὐτὸν
561 1408 639 1477 τῷ
683 1408 825 1478 ἁγίῳ
876 1409 1143 1478 φιλήματι
1169 1451 1184 1475 ,
1221 1410 1313 1462 καὶ
1340 1410 1487 1477 λέγει
1517 1409 1668 1480 αὐτῷ
1689 1427 1702 1441 ο
1731 1412 1930 1475 Καλῶς

346 1496 531 1571 ἦλθες,
560 1502 773 1564 τέκνον,
801 1502 828 1554 6
852 1501 1022 1564 ὅντως
1046 1501 1252 1572 ἀληθὴς
1282 1503 1470 1567 δοῦλος
1525 1505 1620 1557 τοῦ
1651 1505 1890 1574 Χριστοῦ
1911 1521 1926 1538 ⁸

348 1593 529 1657 καλῶς
577 1593 960 1663 παραγέγονεν
994 1595 1134 1664 πρὸς
1181 1597 1329 1665 ἡμᾶς
1374 1598 1402 1650 6
1435 1597 1773 1667 εὐγρήγορος
1804 1598 1930 1661 νοῦς

347 1685 442 1737 καὶ
469 1683 748 1755 ὀφθαλμὸς
791 1687 892 1755 τῆς
917 1685 1203 1756 ὀρθοδόξου
1241 1688 1538 1759 καθολικῆς
1575 1684 1926 1755 Ἐκκλησίας.

345 1777 459 1834 Καὶ
491 1776 633 1847 μετὰ
662 1778 839 1832 ταῦτα
870 1778 1017 1847 λέγει
1043 1779 1192 1850 αὐτῷ
1213 1796 1225 1811 ³
1261 1780 1434 1834 Πόθεν
1466 1781 1794 1851 παρεγένου,
1836 1783 1928 1834 τέ-

2032 598 2268 653 cumque
2286 587 2350 639 ad
2367 586 2841 655 archiepiscopum
2863 587 3090 657 ingressi
3104 597 3307 643 essent.
3323 583 3618 656 Gregorium

2033 691 2220 732 coram
2255 695 2321 733 eo
2347 679 2400 732 in
2429 688 2627 733 terram
2666 681 3034 749 procumbens
3074 691 3385 735 reverenter
3422 682 3618 736 adora-

2042 769 2140 834 vit,
2171 770 2492 840 obortisque
2522 771 2781 842 lacrymis
2817 773 2898 826 sic
2934 782 3017 825 est
3045 770 3317 826 allocutus
3352 790 3366 825 :
3396 771 3620 842 Ignosce

2032 860 2190 927 mihi,
2240 862 2462 916 domine
2501 871 2555 915 et
2595 861 2758 916 Pater
2797 871 3006 929 sancte,
3055 872 3111 934 et
3153 865 3411 918 miserum
3445 863 3622 918 homi-

2034 969 2156 1007 nem
2191 955 2590 1024 precibusjuva
2617 974 2630 1009 :
2653 956 2919 1010 scelestus
2947 956 3094 1011 enim
3121 971 3241 1010 sum
3265 965 3320 1010 et
3349 957 3613 1024 abjectus..

2033 1045 2170 1100 Tum
2194 1063 2222 1100 ιι
2247 1048 2366 1100 solo
2384 1063 2698 1116 assurgens,
2721 1057 2846 1102 ante
2871 1048 3349 1118 archiepiscopum
3370 1051 3618 1104 consmit

2033 1140 2246 1194 timoris
2270 1155 2335 1193 ac
2355 1141 2674 1194 reverentia:
2696 1141 2910 1208 plenus.
2950 1142 3018 1195 At
3043 1141 3494 1211 archiepisc0pus
3521 1143 3616 1210 ju-

2030 1246 2222 1286 venem
2242 1231 2605 1302 amplexatus,
2629 1242 2686 1286 et
2705 1241 2897 1287 sancto
2913 1235 3101 1287 osculo
3121 1233 3352 1287 salutem
3371 1233 3614 1302 imperti-

2035 1336 2153 1384 tus:
2183 1327 2473 1398 Tempore,
2516 1331 2716 1398 inquit,
2761 1331 2978 1395 venisti,
3007 1331 3103 1397 ﬁli,
3141 1332 3236 1400 qui
3274 1347 3434 1386 verus
3457 1331 3618 1401 plane

2031 1421 2235 1476 Christi
2270 1438 2463 1478 servus
2498 1438 2558 1477 es
2583 1441 2597 1476 :
2626 1433 2868 1491 tempore
2899 1424 2965 1477 ad
2989 1439 3089 1478 nos
3126 1426 3359 1480 accessit
3385 1425 3618 1494 vigilans

2032 1517 2137 1570 ista
2157 1531 2309 1571 mens
2326 1524 2490 1585 atque
2506 1517 2609 1570 iste
2628 1517 2823 1570 oculus
2839 1526 2986 1570 recte
3003 1531 3218 1586 semper
3232 1518 3516 1572 sentientis
3532 1533 3618 1571 ca-

2034 1609 2247 1662 tholica:
2283 1607 2560 1662 Ecclesize.
2588 1606 2726 1661 Tum
2749 1623 2944 1676 rogare
2975 1608 3160 1678 coepit,
3205 1609 3352 1663 unde
3379 1612 3610 1676 veniret,

2030 1711 2082 1753 ct
2111 1715 2224 1768 quo
2251 1699 2660 1770 pergeret?Cui
2687 1700 2776 1753 ille
2805 1717 2818 1752 :
2845 1702 2884 1750 A
2916 1710 3127 1764 sancta,
3159 1701 3359 1770 inquit,
3392 1703 3614 1758 civitate

2031 1795 2096 1847 ad
2133 1804 2238 1847 tua'
2279 1808 2431 1847 sacra
2472 1794 2699 1862 vestigia
2747 1795 2904 1856 veni,
2942 1808 3004 1846 ac
3036 1791 3265 1847 Romam
3308 1797 3517 1865 cogito,
3564 1799 3612 1852 si

347 1886 492 1932 κνον,
528 1872 625 1923 καὶ
655 1870 758 1924 ποῦ
789 1870 1032 1944 πορεύῃ;
1077 1870 1134 1924 Ὀ
1165 1871 1221 1924 δὲ
1251 1872 1402 1939 λέγει
1427 1872 1577 1942 αὐτῷ
1598 1889 1611 1907 ε
1663 1873 1798 1926 Ἀπὸ
1827 1873 1925 1943 τῆς

2034 1886 2297 1940 Dominus
2340 1887 2631 1951 annuerit,
2688 1894 2753 1939 et-
2795 1894 2990 1939 vestrae
3023 1887 3153 1939 mihi
3195 1902 3386 1955 preces
3443 1888 3614 1944 aﬂue-

346 1964 514 2031 ἁγίας
544 1964 757 2027 πόλεως
787 1965 1196 2038 παρεγενόμην,
1223 1965 1481 2022 δέσποτα.
1503 1966 1640 2035 πρὸς
1670 1965 1740 2018 τὰ
1772 1965 1928 2036 τίμια

347 2057 503 2126 ὑμῶν
538 2059 658 2129 ἴχνη
685 2101 700 2123 ,
749 2059 842 2111 καὶ
879 2058 970 2110 ἐπὶ
1007 2057 1107 2127 τὴν
1151 2058 1373 2127 Ῥώμην
1424 2057 1704 2127 βούλομαι,
1759 2059 1854 2109 ἐὰν
1902 2060 1929 2112 6

345 2149 556 2220 Κύριος
600 2150 872 2221 εὐδοκήσῃ
896 2191 910 2214 ,
943 2151 1037 2202 καὶ
1080 2151 1112 2219 ἡ
1161 2149 1557 2219 εὐπρόσδεκτος
1587 2149 1739 2219 ὑμῶν
1771 2151 1924 2220 εὐχή.

344 2243 457 2296 Καὶ
486 2243 721 2311 ποιήσας
751 2242 890 2312 μετὰ
918 2241 1014 2294 τοῦ
1041 2244 1478 2313 ἀρχιεπισκόπου
1503 2244 1718 2314 ἡμέρας
1749 2246 1925 2297 εἴκοσι

346 2337 404 2388 ἐν
436 2335 514 2405 τῷ
542 2335 938 2407 πατριαρχείῳ,
981 2336 1123 2389 πάνυ
1154 2335 1468 2406 ἐθαύμασεν
1494 2339 1521 2390 6
1555 2339 1692 2407 ἀνὴρ
1728 2338 1822 2390 ἐπὶ
1859 2341 1926 2409 τῇ

346 2427 616 2498 καρτερίᾳ
647 2430 747 2497 τῆς
778 2428 1058 2496 ὑπομονῆς
1102 2426 1196 2479 τοῦ
1227 2427 1534 2498 Γρηγορίου
1554 2468 1568 2492 ,
1610 2429 1704 2484 καὶ
1741 2427 1833 2481 ἐπὶ
1860 2431 1925 2498 τῇ

346 2521 611 2589 ἁνενδότῳ
642 2519 808 2573 αὑτοῦ
833 2522 1133 2591 προσευχῇ,
1164 2521 1258 2574 καὶ
1283 2521 1341 2572 ἐν
1367 2523 1433 2591 τῇ
1462 2520 1606 2593 ἄκρᾳ
1630 2516 1930 2593 ἐγκρατείᾳ

347 2613 540 2668 αὐτοῦ.
581 2612 876 2666 Ἀδύνατον
901 2613 1010 2683 γὰρ
1045 2609 1113 2683 ἦν
1156 2612 1306 2683 αὐτῷ
1353 2611 1680 2682 μεταλαϐεῖν
1719 2614 1930 2686 τροφῆς

349 2704 455 2768 ἕως
488 2703 581 2756 τοῦ
625 2704 929 2760 Σαὸϐἀτου.
960 2701 1146 2759 Ἦσαν
1175 2704 1234 2756 δὲ
1279 2703 1402 2758 καθ’
1439 2705 1678 2776 ἑκάστην
1713 2704 1928 2776 ἡμέραν

347 2797 448 2849 καὶ
489 2795 664 2849 νύκτα
707 2795 1009 2866 ἀμφότεροι
1052 2795 1432 2866 διαλεγόμενοι
1479 2795 1616 2866 πρὸς
1663 2797 1929 2868 ἀλλήλους

343 2887 438 2940 τὸν
481 2887 667 2955 λόγον·
716 2886 889 2940 πολλὰ
939 2888 1122 2956 μέντοι
1185 2886 1550 2958 προϐλήματα
1610 2889 1706 2941 καὶ⁸
1749 2905 1930 2959 παρα·

344 2977 617 3047 δείγματα
645 2977 722 3039 είς
757 2977 924 3046 μέσον
959 2977 1186 3044 ἄγοντες
1213 2977 1263 3028 oi
1307 2974 1402 3028 τοῦ
1437 2977 1780 3048 πατριάρχου
1815 2976 1932 3029 διά-

347 3087 500 3124 κονοι
547 3071 576 3123 ὃ
615 3087 674 3122 τε
719 3070 1072 3140 χαρτοφύλαξ
1116 3071 1212 3123 καὶ
1255 3069 1284 3121 6
1312 3069 1588 3140 Μάξιμος.
1616 3065 1795 3122 τΗσαν
1821 3072 1930 3140 γὰρ

2033 1981 2158 2032 rint.
2213 1977 2410 2031 Mansit
2453 1993 2584 2031 vero
2629 1978 2770 2046 apud
2824 1979 3297 2047 archiepiscopum
3335 1981 3387 2032 in
3438 1979 3612 2049 ipsius

2029 2072 2238 2126 :edihus
2285 2071 2401 2126 dies
2448 2070 2634 2138 viginti
2671 2087 2684 2123 :
2721 2069 2933 2138 fuitque
2979 2071 3206 2123 omnino
3260 2070 3612 2125 admirationi

2029 2175 2290 2219 constans
2315 2163 2436 2231 ejus
2461 2163 2740 2231 patientia,
2765 2173 2820 2216 et
2845 2178 3129 2232 nunquam
3169 2165 3462 2216 remissum
3490 2179 3614 2233 pre-

2029 2258 2188 2311 candi
2239 2257 2500 2322 studium,
2537 2266 2591 2311 et
2638 2257 3007 2324 temperantia
3060 2257 3219 2325 plane
3271 2257 3609 2326 singularis:

2029 2367 2208 2422 neque
2230 2353 2376 2407 enim
2410 2352 2554 2424 adigi
2586 2362 2821 2421 poterat,
2853 2363 2912 2406 ut
2939 2352 3123 2406 cibum
3149 2361 3276 2406 ante
3310 2351 3610 2406 Sabbatum

2030 2453 2252 2514 caperet
2283 2444 2420 2514 (i7).
2457 2442 2628 2498 Porro
2655 2444 2849 2497 diebus
2879 2451 2935 2497 et
2973 2442 3232 2498 noctibus
3265 2443 3500 2513 singulis
3533 2447 3612 2497 si-

2030 2538 2142 2592 mul
2182 2545 2338 2590 erant
2367 2536 2480 2604 ipse
2510 2543 2564 2588 et
2593 2533 3378 2605 archiepiscopusdisputandi
3400 2551 3565 2590 causa
3593 2552 3608 2601 ;

2030 2631 2233 2685 multas
2263 2629 2428 2683 etiam
2457 2627 2807 2684 dilIicultaIes
2832 2637 2886 2682 et
2910 2629 3070 2683 varia
3113 2611 3363 2696 exempla
3413 2629 3467 2681 in
3497 2644 3613 2683 tne-

2028 2724 2177 2776 dium
2215 2719 2567 2790 proferebant
2595 2719 2923 2789 patriarchae
2969 2720 3182 2774 diaconi
3218 2719 3613 2790 chartophylax

2029 2821 2083 2868 et
2117 2811 2389 2866 Maximus
2431 2831 2446 2866 :
2475 2811 2530 2864 hi
2574 2812 2720 2865 enim
2751 2811 2860 2865 duo
2897 2812 2951 2864 in
2984 2810 3282 2880 pontiﬁcali
3323 2809 3487 2864 domo
3521 2826 3616 2865 sc.-

2030 2922 2126 2976 per
2155 2921 2348 2960 omnes
2379 2903 2697 2960 eminebant
2733 2921 2748 2958 :
2783 2919 2883 2958 nec
2907 2913 3087 2957 tamen
3120 2902 3190 2957 ab
3221 2902 3288 2956 iis
3313 2902 3610 2972 quidquam

2030 2998 2414 3068 objiciehatur,
2457 2996 2606 3066 quod
2657 2995 2958 3066 Gregorius
2985 3011 3094 3049 non
3137 2996 3610 3064 interpretaretur,

2031 3090 2102 3146 ad
2154 3090 2404 3160 singulos
2443 3104 2636 3143 versus
2679 3089 2825 3159 quod
2856 3103 2995 3158 Opus
3027 3097 3144 3141 erat
3171 3085 3246 3160 [ι]
3284 3085 3610 3156 suhjiciens,

345 3158 495 3216 οὗτοι
541 3163 590 3215 οἱ
623 3163 718 3216 δύο
747 3163 959 3226 πάντας
1006 3163 1102 3216 τοῦ
1128 3165 1484 3216 ὲπισκοπείου
1531 3164 1890 3234 ὑπερέχοντες
1911 3179 1924 3192 ·

2029 3158 2332 3253 eorumque
2361 3158 2799 3252 explanationem
2821 3179 3087 3235 adhibens
3107 3158 3212 3234 non
3229 3158 3356 3233 sine
3372 3177 3610 3246 quadam

345 3255 442 3314 καὶ
465 3255 620 3309 οὐδὲν
643 3250 712 3328 ἦν
743 3254 894 3326 αὑτῷ
941 3255 1081 3326 πρὸς
1113 3257 1290 3309 πάντα
1316 3255 1385 3309 τὰ
1413 3256 1542 3325 παρ’
1578 3255 1755 3309 αὐτῶν
1790 3272 1925 3327 προ-

345 3345 678 3416 ὖαλλὸμενα,
734 3345 771 3400 ἃ.
811 3345 910 3416 οὐχ
955 3346 1255 3416 ὲρμήνευεν
1305 3346 1490 3408 αὐτοῖς
1534 3347 1562 3398 6
1602 3346 1924 3418 Γρηγόριος,

344 3439 688 3509 ὀμοστοίχως
717 3437 946 3500 πείθων,
977 3437 1074 3491 καὶ
1120 3439 1220 3508 τὴν
1247 3437 1454 3491 τούτων
1480 3437 1754 3504 ἀπόδειξιν
1787 3438 1928 3492 κατὰ

344 3532 408 3584 τὸ
437 3531 646 3600 πρέπον
678 3529 1025 3599 ποιούμενος.
1886 3528 1889 3532 ’

414 3624 538 3676 ΛΕ’.
581 3625 691 3676 Καὶ
739 3621 876 3693 μετὰ
910 3622 1126 3693 ἡμέρας
1169 3622 1320 3684 τινὰς
1366 3622 1521 3692 ἠξίου
1563 3623 1590 3675 6
1629 3622 1930 3694 Γρηγόριος

342 3716 433 3769 διὰ
455 3715 550 3768 τοῦ
604 3714 1021 3787 χαρτοφύλακος
1067 3713 1160 3767 τὸν
1205 3716 1660 3785 ἁρχιεπίσκοπον,
1695 3717 1783 3768 ἵνα
1827 3715 1928 3767 ἐπ-

343 3807 646 3878 ευξάμενος
708 3806 958 3878 ἀπολύσῃ
1019 3808 1204 3861 αὐτόν.
1270 3808 1328 3860 ’0
1381 3808 1438 3862 δὲ
1495 3804 1931 3882 ἀρχιεπίσκοπος

343 3900 869 3972 προσκαλεσάμενος
912 3902 1004 3953 τὸν
1053 3901 1379 3972 Γρηγόριον,
1415 3901 1564 3970 λέγει
1608 3901 1791 3972 αὐτῷ’
1829 3902 1932 3955 Τέ-

344 4008 474 4048 κνον
515 3993 811 4064 Γρηγόριε,
857 3991 1075 4058 ἐκδεξαι
1118 3993 1320 4062 ὀλίγον,
1371 3993 1560 4063 ἐπειδὴ
1605 3992 1798 4065 ἐχθρὸς
1839 3995 1930 4046 ὲν-

345 4087 604 4156 έσπειρεν
651 4085 872 4152 ζιζάνια
928 4085 1093 4156 μέσον
1141 4086 1236 4139 τοῦ
1283 4087 1430 4139 σίτου
1483 4087 1584 4154 τῆς
1632 4086 1929 4156 καθολικῆς

357 4178 714 4247 Ἐκκλησίας.
753 4177 811 4231 Ὀ
859 4176 917 4230 δὲ
970 4177 1108 4249 πρὸς
1141 4178 1338 4231 αὐτόν·
1387 4179 1475 4241 Ὠς
1511 4178 1790 4243 κελεύεις,
1837 4179 1927 4233 δέ..

346 4287 546 4325 σποτα.
579 4269 690 4322 Καὶ
717 4269 818 4323 οὐκ
843 4269 1006 4322 ἔασεν
1051 4270 1216 4323 αὐτὸν
1253 4272 1282 4323 6
1316 4272 1747 4342 ἀρχιεπίσκοπος
1775 4271 1928 4336 ἐξελ-

343 4361 479 4424 θεῖν,
511 4360 631 4414 οὐδὲ
659 4359 999 4432 χωρισθῆναι
1031 4360 1127 4414 ἀπ’
1157 4360 1322 4413 αὐτοῦ
1355 4362 1535 4424 πάσας
1561 4362 1659 4425 τὰς
1690 4363 1924 4436 ἡμέρας,

342 4452 410 4516 ἃς
454 4449 520 4524 ῆν
549 4452 608 4504 ὲν
651 4446 1232 4513 Κωνσταντινουπόλει
1273 4454 1300 4507 6
1347 4453 1681 4524 Γρηγὸριοςο
1723 4452 1791 4527 ἦν
1819 4457 1927 4528 γὰρ

339 4543 517 4616 ἡδέως
539 4543 756 4600 ἁκούων
791 4542 960 4598 αὐτοῦ
995 4544 1159 4598 πάνυ.
1192 4547 1501 4615 Διηγήσατο
1537 4546 1594 4600 δὲ
1637 4547 1790 4618 αὐτῷ
1828 4548 1925 4618 τὴν

340 4636 610 4689 δυσωδίαν
659 4637 760 4704 τῆς
810 4637 1075 4708 αἱρέσεως
1126 4638 1227 4710 τὴν
1271 4640 1636 4706 ἀναφανεῖσαν
1671 4641 1775 4693 ὑπὸ
1813 4640 1924 4694 τῶν

339 4727 620 4782 δυσσεὸὦν
635 4731 770 4800 (τοῖς
795 4730 922 4806 περὶ
940 4729 1186 4803 Σέργιον,
1211 4731 1306 4784 καὶ
1324 4731 1524 4803 Κῦρον,
1545 4733 1639 4785 καὶ
1667 4732 1923 4804 Παῦλον).

417 4846 533 4922 (l7)
577 4845 668 4922 A_Ut
724 4846 815 4922 hic
872 4845 1112 4922 Sabbalg
1154 4849 1372 4922 solvere
1409 4848 1922 4922 jejuniumhsolitus

341 4919 548 5006 dicitur.
568 4917 881 5006 Gregorius,
903 4919 997 5006 jsic
1028 4917 1168 5006 inira
1195 4917 1475 5006 (n.._85)in
1506 4935 1658 4973 more
1683 4920 1758 5006 illi
1788 4921 1923 5006 luis-

343 5007 405 5044 se
436 4989 753 5059 pet-hibetur
790 4988 1178 5042 liebdomadem
1207 4991 1470 5058 reliquam
1497 5000 1689 5060 praeter
1717 4990 1922 5045 Sabha-

345 5068 462 5113 tum
497 5058 747 5130 diemque
768 5057 1110 5112 Dominicum
1135 5059 1268 5112 nihil
1286 5061 1555 5130 gustando
1587 5063 1920 5130 transigere:

343 5131 490 5200 quod
515 5128 760 5203 Graecam
786 5130 1239 5203 consuetudinem
1265 5128 1590 5203 sapit._Nam
1625 5147 1722 5203 per
1743 5128 1921 5201 ipsum

344 5198 762 5269 quadragenarii
788 5198 983 5267 jejunii
1009 5268 1012 5269 ν
1035 5208 1248 5268 tempus
1289 5198 1388 5255 nec
1419 5198 1658 5255 Sabbato
1706 5198 1804 5257 nec
1832 5203 1922 5258 die

347 5268 984 5342 DomiuiCo,iejuttabant.
1001 5268 1188 5342 Itaque
1207 5271 1500 5342 hebdomas
1515 5288 1745 5342 (piaeque
1758 5274 1921 5326 πέντε

345 5341 454 5414 τῷν
489 5343 755 5414 νηστειῶν
779 5341 1008 5414 ἡμέρας
1042 5341 1296 5414 habebat.
1340 5341 1919 5414 Germanns’patriar-

344 5413 446 5484 cita
487 5410 1154 5484 _GonstantinopOIitanus
1192 5412 1250 5465 in
1295 5415 1533 5484 primum
1572 5410 1916 5484 rjejuniorum

345 5479 688 5535 Dominicum
721 5497 734 5532 :
770 5481 1090 5549 Μέμνημαι,
1143 5479 1341 5551 inquit,
1392 5485 1488 5536 καὶ
1533 5479 1722 5541 ἄλλοτέ
1785 5501 1917 5537 ποτε

343 5552 717 5623 κατηχηκέναι
771 5552 1107 5623 παραινέσας
1181 5553 1309 5623 ὑμῖν
1366 5555 1425 5606 ὲν
1483 5553 1676 5616 αὐταῖς
1751 5556 1915 5609 πέντε

341 5623 440 5690 τῆς
468 5621 787 5700 έὲἣδομάᾷοέ
841 5621 1082 5700 ᾑμέραις
1111 5621 1414 5700 eictam;
1436 5627 1728 5700 smnia;
1758 5643 1918 5695 μονο-

342 5691 547 5757 φαγίαν
588 5690 950 5756 ἀσπάζεσθαι.
971 5690 1199 5762 Nempe,
1227 5690 1447 5748 Memini
1478 5690 1556 5747 me
1581 5709 1628 5749 et
1657 5690 1794 5750 alias
1823 5715 1914 5750 vo-

341 5765 420 5815 bis
451 5764 766 5835 documenta
790 5763 1052 5835 hortando
1082 5765 1310 5828 dedisse,
1354 5776 1409 5819 ut
1454 5767 1681 5835 quinque
1717 5769 1912 5820 hebdo-

330 5833 516 5890 Media
546 5834 729 5889 diebus
758 5834 900 5897 sacri
918 5831 1107 5901 iejunii
1131 5836 1290 5891 semel
1313 5831 1517 5892 tantum
1546 5831 1719 5891 cibum
1737 5854 1916 5891 attrita-

2027 3276 2312 3348 dignitate.

2100 3628 2320 3685 XXXV.
2370 3628 2640 3683 Caeterum
2671 3635 2798 3697 post
2837 3627 3046 3697 aliquot
3088 3627 3206 3682 dies
3256 3643 3354 3698 per
3392 3627 3612 3683 charto-

2029 3725 2318 3796 phylacem
2373 3721 2654 3792 postulare
2721 3721 3021 3792 Gregorius
3069 3722 3138 3776 ab
3195 3721 3611 3793 archiepiscopo

2032 3815 2221 3885 coepit,
2273 3824 2334 3869 ut
2380 3815 2484 3868 sibi
2521 3813 2837 3870 discedendi
2893 3815 3110 3868 veniam
3147 3814 3322 3869 daret.
3363 3816 3450 3869 Ille
3481 3831 3611 3868 vero

2031 3907 2297 3978 Gregorio
2351 3907 2420 3962 ad
2454 3923 2515 3962 se
2563 3918 2782 3971 vocato,
2813 3907 3096 3976 paululum
3147 3906 3432 3960 immorari
3481 3923 3606 3961 eum

2029 4001 2336 4076 etiamnum
2389 4001 2580 4070 jubet;
2630 4000 2776 4070 quod
2817 3999 3074 4053 inimicus
3129 3999 3294 4052 homo
3339 4001 3391 4052 in
3429 4003 3608 4054 medio

2029 4093 2318 4150 catholicae
2369 4091 2630 4147 Ecclesia:
2678 4090 2862 4144 tritico
2909 4089 3122 4144 zizania
3173 4088 3606 4146 disseminasset.

2028 4183 2129 4238 Cui
2159 4183 2498 4254 Gregorius:
2535 4181 2599 4236 Ut
2625 4182 2807 4250 jubes,
2844 4181 3045 4247 inquit,
3090 4181 3331 4234 domine.
3365 4178 3472 4234 Nec
3493 4181 3606 4250 jam

2027 4291 2152 4331 eum
2202 4274 2647 4344 archiepiscopus
2681 4276 2832 4328 exire
2861 4289 3090 4342 usquam
3118 4286 3279 4341 atque
3305 4274 3374 4328 ab
3397 4289 3463 4326 eo
3489 4275 3606 4326 dis-

2029 4368 2222 4426 cedere
2267 4380 2462 4436 passus
2500 4374 2600 4432 est,
2632 4366 2877 4436 quandiu
2904 4365 3370 4434 Coristantinopoli
3399 4363 3607 4435 Grego-

2029 4459 2146 4513 rius
2180 4457 2404 4514 mansit.
2464 4456 2773 4512 Plurimum
2803 4459 2952 4514 enim
2987 4459 3279 4528 colloquiis
3307 4459 3429 4529 ejus
3459 4459 3606 4512 dele-

1957 4545 2003 4603 D
2029 4555 2311 4617 ctabatur;
2341 4550 2507 4604 simul
2532 4565 2658 4604 eum
2689 4551 2758 4605 de
2791 4551 3052 4621 pestifera
3091 4551 3287 4605 haeresi
3318 4552 3606 4614 edocebat,

2030 4659 2195 4713 quam
2223 4644 2373 4712 impii
2409 4643 2661 4698 homines
2686 4643 3028 4714 ingesserant
3061 4643 3178 4714 (qui
3204 4643 3394 4713 Sergio
3423 4653 3478 4697 et
3506 4641 3610 4712 Cy-

2032 4751 2096 4790 ro
2121 4744 2176 4790 et
2205 4735 2374 4790 Paulo
2397 4735 2694 4792 studebant
2729 4737 2840 4807 (l8)
2872 4736 2915 4804 ).
2944 4735 3144 4790 Multas
3172 4750 3302 4790 vero
3327 4736 3607 4791 orationes

2023 4851 2093 4904 tis
2144 4848 2250 4911 (V.
2281 4850 2444 4905 Allat.
2492 4850 2566 4904 De
2617 4849 2774 4905 Dom.
2835 4858 2885 4901 et
2941 4848 3200 4902 llebdom.
3257 4845 3494 4901 Graec-or.
3549 4861 3601 4911 ι).

2025 4915 2184 4982 ΗΞἸ,
2215 4921 2300 4976 ed.
2327 4923 2518 4976 Colon.
2556 4920 2714 4989 1648)
2735 4962 2750 4986 ,
2783 4921 2904 4973 inde
2931 4934 3059 4972 vero
3087 4919 3285 4971 factum
3320 4915 3602 4989 paulatim,

2028 5003 2086 5046 ut
2133 4993 2354 5062 quidam
2401 4992 2646 5062 religioni
2698 4988 2918 5062 quoque
2949 4992 3245 5062 ducerent,
3305 4988 3600 5062 sabbatum

2028 5055 2165 5117 non'
2198 5079 2434 5127 serxare,
2476 5055 2530 5116 ei
2590 5055 2888 5132 profestum
2948 5060 3146 5132 habere
3177 5077 3190 5111 :
3222 5058 3365 5132 quod
3417 5055 3604 5132 Itonia:

2025 5135 2187 5187 etiam
2230 5133 2368 5203 apud
2419 5128 2632 5202 aliquos
2673 5135 3027 5203 obtinuerat;
3067 5129 3246 5203 Quare
3305 5128 3603 5203 Gregorius

2026 5199 2644 5275 Magnusdilectissimi:
2684 5203 2810 5270 ﬁliis
2841 5201 2950 5275 suis
2989 5199 3253 5275 Romanis
3278 5199 3472 5250 civibus
3524 5199 3603 5252 sic

2024 5269 2192 5328 ediiit
2221 5277 2338 5340 (lib.
2377 5290 2472 5328 xm
2497 5315 2512 5339 ,
2557 5269 2718 5343 epist.
2752 5275 2805 5342 1)
2841 5288 2858 5332 z
2895 5270 3133 5324 Pervenit
3158 5342 3162 5343 ί
3186 5269 3253 5321 ad
3303 5283 3402 5330 me,
3444 5284 3602 5343 quos-

2025 5347 2150 5396 dam
2180 5339 2408 5414 perversi
2434 5339 2654 5413 spiritus
2689 5339 2922 5397 homines
2952 5358 3115 5414 prava
3145 5339 3601 5414 intervosaligua

2023 5425 2072 5466 et
2096 5409 2295 5469 sancta:
2323 5409 2705 5484 ﬁdei-adversa
2739 5415 3040 5474 seminasse,
3084 5413 3162 5464 ita
3193 5410 3329 5484 utin
3352 5409 3435 5484 die
3467 5410 3602 5484 Sab-

2025 5487 2134 5538 bati
2167 5479 2368 5555 aliquid
2393 5487 2598 5552 operari
2625 5487 2978 5555 prohiberent.
3001 5484 3143 5546 Quos
3175 5481 3301 5555 quid
3339 5479 3599 5555 aliudni-

2022 5561 2066 5626 δι
2104 5550 2816 5626 ΑηιίεἸινὶδεῖρναίίίὶἐαιυνεδ
2834 5553 3060 5608 dixerim
3081 5555 3103 5606 1’
3125 5550 3214 5626 qui
3237 5554 3440 5626 ueniens
3461 5551 3598 5602 diem

2024 5625 2322 5681 Sabbatum
2362 5622 2517 5696 atque
2547 5626 2886 5681 Dominicum
2925 5629 2988 5674 ab
3038 5625 3180 5677 omni
3237 5622 3396 5690 faciet
3447 5637 3600 5691 opere

2022 5698 2298 5761 custodiri,
2332 5707 2436 5750 etc.

2093 5769 2206 5836 (18)
2242 5768 2568 5838 Scripserat,
2598 5765 2814 5835 opinor,
2845 5766 3107 5838 Leontius
3135 5763 3297 5838 nilAde
3322 5761 3406 5838 his
3430 5762 3598 5838 aliud,

2019 5833 2194 5909 quam
2223 5840 2312 5894 illa
2342 5833 2702 5910 ι’Διῆγὴσατο
2735 5838 2791 5891 δὲ
2846 5837 2997 5910 αὐτῴ
3055 5835 3156 5902 τὴν
3203 5833 3466 5889 δ·.ισωό.οιν
3503 5837 3598 5902 τῆς
