4158 6520
278 341 385 405 609

1261 342 1324 401 S.
1360 340 1741 402 GBEGORII
1800 341 2313 405 AGRIGENTINI
2368 347 2569 411 νιΤΑ.

3438 352 3542 414 6ἶο

271 476 363 526 τες
387 460 443 515 δὲ
468 460 527 515 ἐν
555 455 636 529 τῷ
674 453 787 527 ναῷ
814 456 917 526 τῆς
951 454 1110 523 ἁγίας
1143 454 1388 527 μεγάλης
1434 456 1675 528 Εἰρήνης
1704 455 1851 509 ἔνδον

1972 473 2117 527 ;nam
2150 460 2340 516 urbem
2371 460 2518 516 illam
2545 461 2657 518 Deo
2684 463 2907 520 charam
2930 465 3217 529 attollitur,
3243 464 3434 535 jussus
3460 475 3547 521 est

272 555 369 624 τῆς
400 550 739 623 θεοτηρήτου
769 546 1213 618 μεγαλοπόλεως,
1239 546 1563 619 προετράπη
1585 549 1614 601 ό
1644 548 1856 618 Γρηγό-

275 664 389 719 ριος
420 645 574 717 παρὰ
606 644 717 697 τῶν
738 640 974 712 Πάτρων
996 640 1088 694 τὸν
1115 639 1303 712 θρόνον
1336 639 1557 712 ἐπέχειν
1584 640 1688 711 τῆς
1713 641 1854 713 Σαρ-

274 738 499 808 δανίκης
553 736 861 805 ἐπισκοπῆς
893 733 1285 797 Κωνσταντίας
1313 733 1415 803 τῆς
1459 731 1712 801 Κύπρου.
1746 727 1857 785 Ἦν

277 832 382 903 γὰρ
411 831 507 885 καὶ
538 828 703 893 αὐτὸς
729 826 988 897 ἀσθενής.
1019 824 1296 893 Ἤρξαντο
1320 825 1414 880 οὖν
1439 827 1541 897 τῆς
1558 825 1859 895 ἀναφανεί-

281 940 381 994 σης
439 922 665 995 δολερᾶς
718 919 990 992 αἱρέσεως
1040 918 1143 991 τὴν
1212 917 1444 991 ζήτησιν
1499 920 1856 991 ποιήσασθαι.

279 1016 455 1071 Πολλὰ
499 1014 597 1083 μὲν
641 1007 735 1067 οὖν
785 1012 835 1067 οἱ
875 1010 1149 1085 ὀρθόδοξοι
1194 1011 1332 1083 πρὸς
1378 1012 1507 1075 τοὺς
1548 1012 1860 1083 αίρετικοὺς

274 1110 626 1180 ἀπεφήναντο
655 1107 714 1159 ὲν
745 1104 931 1177 ἐκείνῃ
954 1106 1021 1175 τῇ
1052 1104 1258 1176 ἡμέρᾳ.
1296 1106 1513 1159 Ἰστατο
1545 1105 1602 1160 δὲ
1643 1106 1673 1159 ό
1719 1106 1862 1178 Γρη..

227 1219 230 1227 '
278 1202 463 1271 γόριος
494 1199 569 1263 ὡς
598 1196 986 1260 εὐτελέστατος
1022 1197 1242 1251 πάντων
1296 1197 1466 1267 μηδὲν
1514 1197 1653 1269 πρὸς
1684 1196 1863 1252 ταῦτα

280 1287 731 1360 ἀποκρινόμενος.
771 1286 881 1340 Καὶ
906 1285 1071 1339 πάλιν
1104 1285 1483 1341 καθεσθέντων
1510 1286 1717 1349 αὐτῶν,
1756 1288 1860 1359 ἧρ-

283 1382 442 1444 ξαντο
477 1382 529 1435 οί
558 1380 829 1451 αἱρετικοὶ
858 1380 1191 1451 πτεροῦσθαι
1221 1379 1364 1433 κατὰ
1391 1378 1503 1432 τῶν
1525 1377 1827 1450 όρθοδόξων
1845 1397 1861 1411 ο

278 1468 346 1545 ἦν
374 1473 483 1545 γὰρ
516 1473 725 1544 πλῆθος
757 1474 917 1528 πολύ.
960 1473 1093 1526 Τότε
1141 1471 1461 1542 ἐπέλαμψεν
1502 1472 1538 1544 ἠ
1569 1472 1664 1526 τοῦ
1703 1474 1863 1541 ἁγίου

279 1565 597 1635 ηνεύματος
628 1567 790 1638 χάρις
821 1564 916 1619 ἐπὶ
948 1564 1041 1618 τὸν
1075 1564 1351 1635 μακάριον
1396 1564 1697 1637 Γρηγόριον
1716 1579 1733 1595 ⁸
1770 1564 1866 1619 καὶ

279 1660 488 1731 ἤρξατο
523 1660 663 1732 μετὰ
705 1663 891 1730 πάσης
937 1660 1172 1730 ἡσυχίας
1217 1659 1568 1727 διαλέγεσθαι
1602 1661 1698 1713 ἐπὶ
1738 1661 1867 1724 τοὺς

282 1755 629 1825 κακόφρονας
657 1751 998 1815 ἐπισκόπους
1034 1752 1166 1823 περὶ
1195 1750 1299 1821 τῆς
1333 1750 1531 1820 ἁγίας,
1568 1750 1864 1822 ἀκράντου,

287 1848 584 1920 όμοουσίου
608 1846 705 1901 καὶ
731 1845 1039 1917 ἁχωρίστου
1063 1844 1317 1915 Τριάδος,
1348 1844 1443 1897 καὶ
1468 1843 1603 1916 πρὸς
1636 1845 1868 1899 ἕκαστον
1898 1825 1944 1885 Β

282 1938 726 2011 ἀπολογούμενος
770 1939 987 2004 αὐτοῖς,
1040 1938 1137 1991 καὶ
1181 1937 1478 2010 ἐπερωτῶν
1524 1938 1724 2003 αὐτοὺς
1760 1938 1871 1993 τῶν

284 2032 598 2102 λεγομένων
627 2030 731 2101 τὴν
764 2013 1043 2094 ἀπόδειξιν
1076 2028 1325 2100 ποιῆσαι.
1373 2030 1562 2101 Ἐδόθη
1614 2030 1669 2084 δὲ
1723 2030 1872 2103 αὐτῷ

287 2124 443 2196 χὺμα
468 2123 661 2193 σοφίας
697 2123 796 2177 καὶ
826 2121 1122 2187 συνέσεως,
1159 2122 1302 2176 ὥστε
1336 2123 1409 2194 μὴ
1436 2123 1733 2194 δυνηθῆναι
1774 2125 1872 2177 αὑ-

285 2215 367 2288 τῷ
385 2217 449 2270 τὸ
476 2214 683 2287 πλῆθος
710 2213 1176 2285 ἀνταποκριθῆναι
1212 2214 1353 2286 πρὸς
1368 2215 1435 2268 τὰ
1462 2216 1594 2285 παρ’
1615 2214 1781 2269 αὐτοῦ
1804 2216 1872 2268 ἐκ

289 2403 467 2449 terum
500 2389 810 2445 Marcianus
857 2403 1182 2442 a‘ronomus
1239 2386 1448 2458 Magnie
1482 2387 1728 2443 ecclesia:
1766 2404 1865 2443 ex-

289 2471 602 2519 struxerant
633 2480 645 2514 :
674 2468 728 2514 et
752 2461 852 2513 hoc
870 2461 1087 2531 quidem
1116 2460 1314 2529 Εἰρήνη
1348 2459 1485 2521 Νέα,
1505 2460 1635 2513 illud
1661 2459 1864 2531 Εἰρήνη

292 2532 506 2589 Παλαιὰ
558 2531 863 2585 dicebatur.
911 2529 986 2585 De
1024 2531 1266 2584 secundo
1305 2540 1481 2583 autem
1534 2531 1622 2583 hic
1655 2529 1867 2584 sermo;

291 2619 417 2659 nem
465 2618 586 2656 esse
625 2599 976 2663 crediderim,
1021 2602 1167 2668 quod
1214 2600 1316 2655 hoc
1345 2599 1692 2655 Justinianus
1724 2601 1863 2669 Aug.

291 2674 553 2743 ampliato
576 2673 713 2743 solo_,
745 2670 1294 2743 tantamuniticentia
1327 2672 1586 2734 restituit,
1622 2680 1701 2735 nt,
1736 2669 1869 2743 Pro-

290 2740 453 2812 copio
484 2753 623 2797 teste
649 2741 751 2810 (De
783 2740 931 2804 (rdif.
965 2740 999 2793 I.
1038 2757 1075 2800 ι,
1110 2743 1263 2812 αὖ),
1307 2750 1429 2812 post
1473 2743 1732 2809 templum
1768 2740 1870 2798 So-

292 2811 557 2885 ph'ianum
598 2812 731 2867 nulli
757 2821 1074 2885 cancrorum
1104 2811 1334 2885 interius
1368 2811 1420 2864 in
1451 2826 1513 2866 ea
1550 2814 1683 2885 urbe
1709 2812 1875 2866 liabe-

290 2881 466 2946 retur,
512 2894 676 2952 atque
708 2883 848 2936 adeo
894 2881 1121 2952 Μεγάλη
1174 2882 1381 2950 Εἰρήνη
1428 2882 1613 2935 vorari
1651 2891 1873 2951 posset;

292 2958 497 3024 quippe
521 2950 664 3024 quod
690 2961 843 3024 vetus
885 2952 1038 3024 illud
1058 2950 1572 3024 Constantinianum
1602 2950 1713 3009 neu
1749 2954 1873 3021 pul-

290 3022 606 3081 eliritudine
638 3023 821 3085 modo,
852 3022 947 3077 sed
970 3022 1135 3075 etiam
1162 3023 1530 3087 magnitudine
1561 3033 1869 3092 superaret.

292 3096 599 3165 Appellatio
629 3094 934 3160 utriusque,
987 3105 1199 3165 ulmea
1233 3094 1452 3165 quidem
1504 3093 1607 3148 fert
1658 3094 1868 3162 opinio,

292 3162 403 3220 non
433 3166 500 3220 ab
525 3166 674 3220 lrene
699 3162 1079 3234 martyre._s_ed
1114 3177 1143 3216 a
1166 3177 1293 3230 pace
1326 3163 1485 3234 ducta
1528 3171 1635 3224 est,
1668 3179 1866 3234 quem-

291 3237 590 3291 admodum
639 3236 748 3289 duo
797 3233 901 3287 alia
953 3232 1151 3287 ibidem
1204 3243 1378 3298 erant,
1435 3232 1635 3302 Sophia
1673 3232 1867 3303 nempe

293 3316 351 3363 et
413 3306 743 3366 Anastasio,
795 3318 1027 3372 quorum
1078 3304 1297 3357 nomina
1349 3304 1569 3374 aliunde
1608 3320 1772 3374 quam
1834 3321 1866 3359 a

294 3378 629 3447 martyribus
653 3378 937 3447 desumpta
967 3388 1089 3429 esse
1130 3374 1491 3447 constat.78ic
1516 3373 1701 3429 Romae
1722 3390 1868 3447 nunc

294 3442 536 3516 quoque,
574 3448 653 3501 sic
677 3454 732 3499 et
765 3444 957 3497 Brixia:
991 3442 1250 3516 templum,
1269 3446 1420 3516 pacis
1453 3454 1539 3500 est
1567 3460 1688 3514 quae
1719 3446 1869 3499 chri-

294 3515 491 3575 Stiana:
520 3516 827 3571 concordiae
859 3523 1207 3568 monumenta
1242 3515 1425 3567 haberi
1456 3516 1672 3569 debent.

280 3596 281 3601 ‘
366 3584 445 3643 Ex
480 3590 582 3642 hoc
605 3597 783 3641 autem
827 3584 1034 3639 Leontii
1074 3584 1193 3637 loco
1224 3583 1570 3639 manifestum
1595 3598 1698 3645 est.
1732 3600 1868 3639 nen-

294 3667 442 3714 trum
476 3660 547 3713 ab
569 3674 634 3711 eo
660 3655 951 3712 concilium
992 3655 1394 3709 wcnmenicum
1429 3655 1727 3725 designari,
1757 3671 1866 3709 non

298 3728 1030 3796 Constantinopolitanuutii
1063 3726 1165 3779 sub
1203 3725 1636 3796 vigilioractum,
1671 3738 1729 3779 ut
1766 3742 1867 3779 vo-

297 3801 442 3855 lebat
466 3794 800 3868 Cajetanus:
834 3811 940 3851 non
965 3794 1627 3868 Constantinopolitanum
1660 3798 1870 3868 m__suh

296 3865 579 3940 Agathone
617 3869 921 3940 indictum,
970 3875 1030 3920 ut
1055 3865 1277 3940 __Lancia
1313 3865 1869 3940 arbi_trahatur._Nam

294 3935 533 4011 primum
574 3939 704 3993 illud
756 3938 999 4011 habitum
1032 3935 1234 4011 dicitur
1264 3938 1655 4011 considentibus
1701 3937 1871 4011 inse-

296 4008 525 4066 cretario
554 4008 935 4064 uenerabilibus
961 4008 1238 4075 episcopis,
1276 4015 1334 4060 ut
1363 4008 1623 4076 scriptum
1661 4016 1743 4062 cst
1768 4008 1873 4060 ini-

296 4084 373 4136 tio
404 4082 594 4148 prima:
613 4079 954 4143 Collationis,
988 4088 1039 4131 et
1067 4087 1383 4131 caeterarum
1407 4078 1557 4141 item,
1592 4077 1696 4132 nisi
1727 4077 1871 4146 quod

296 4153 453 4206 initio
484 4151 726 4218 septimae
767 4149 1009 4203 additum
1039 4155 1138 4212 est,
1172 4148 1226 4201 in
1279 4149 1575 4202 secretario
1599 4148 1871 4202 venerabi-

298 4223 364 4276 lis
399 4221 649 4292 episcopii
689 4220 849 4292 hujus
885 4219 1336 4292 regirecivitatis.
1377 4218 1875 4292 Constantinopoli-

297 4288 486 4347 tanu'm
523 4288 653 4345 vero
678 4290 898 4345 tertium
939 4288 1267 4343 celebratum
1301 4289 1463 4343 estin
1487 4290 1771 4342 secretario
1787 4305 1875 4342 sa-

298 4365 377 4418 cri
396 4362 612 4431 palatii,
638 4366 773 4431 quod
801 4359 1201 4431 cognominatur
1244 4358 1483 4431 Trullus,
1516 4360 1875 4431 quemadmo-

297 4428 429 4487 dum
472 4434 525 4487 in
551 4428 891 4501 singularum
923 4429 1200 4483 actionum
1229 4428 1654 4483 Praefationibus
1691 4429 1875 4485 videre

295 4504 445 4559 licet.

369 4573 485 4641 (2|)
516 4572 650 4628 Cod.
680 4572 735 4636 εὶ,
762 4570 856 4625 τοῦ
888 4571 988 4642 τῆς
1012 4569 1286 4640 Σαρδικῆς
1314 4568 1640 4642 ἐπισκόπου.

371 4638 484 4716 (22)
519 4642 723 4716 Locum
753 4643 899 4716 hunc
926 4638 1179 4696 vexatum
1206 4638 1347 4716 esse,
1393 4639 1615 4716 varians
1663 4638 1872 4716 codicis

298 4710 532 4771 alterius
574 4714 733 4768 lectio
782 4712 987 4767 indirat
1020 4728 1034 4764 :
1066 4727 1165 4765 nec
1207 4712 1386 4765 minus
1433 4710 1674 4763 declarat
1707 4710 1873 4764 Meta-

295 4789 575 4857 phrastes,
607 4785 697 4853 qui
720 4787 852 4857 legit
884 4782 1192 4857 Σαρδονίου.
1238 4778 1570 4857 Quanquam
1612 4789 1791 4834 autem
1820 4789 1877 4835 et

297 4851 558 4912 Sardanii
605 4851 655 4909 et
707 4851 974 4910 Sardonii'
1007 4866 1205 4905 nomen
1242 4866 1395 4921 aeque
1442 4851 1686 4920 ignotum
1756 4862 1871 4917 est;

300 4930 628 4983 alterutrum
676 4938 859 4981 tamen
908 4938 938 4977 a
969 4922 1195 4976 Leontio
1227 4936 1348 4976 esse
1396 4930 1566 4991 puto,
1599 4931 1761 4990 atque
1805 4924 1875 4975 ab

296 5014 368 5053 eo
408 4996 669 5064 scriptum
700 4993 938 5058 essegrbv
978 4993 1165 5062 θρόνον
1200 4989 1415 5062 ἐπέχειν
1453 4989 1547 5064 τοῦ
1579 4989 1871 5064 Σαρδανίου

297 5067 387 5122 vel
438 5061 730 5137 Σαρδονίου
772 5061 1087 5137 ἐπισκόπου
1156 5061 1704 5137 Κωνσταντ-ίαςητῆς
1759 5062 1873 5115 Κύ-

299 5154 466 5207 πρου.
503 5132 617 5191 Hoc
638 5136 855 5205 planius
887 5144 1034 5207 certe
1063 5134 1269 5207 acveri
1296 5142 1381 5207 est
1416 5132 1674 5207 sim_ilius,
1702 5148 1873 5207 quam

304 5202 452 5277 quod
484 5202 682 5261 Lancia
710 5203 1233 5277 excogitavitlDiss.
1275 5204 1342 5255 de
1375 5213 1461 5277 :e_t.
1493 5202 1654 5277 (ἶνας.
1686 5203 1872 5271 Agrig.

300 5272 362 5335 ιι.
397 5280 427 5331 7
461 5291 515 5334 et
538 5279 631 5345 27)
667 5294 679 5331 :
700 5272 925 5347 jussum
969 5276 1177 5347 scilicet
1230 5289 1349 5347 esse
1392 5272 1877 5347 _Gl‘Cg0l'-i_llll_lhllti-

304 5362 483 5405 strttm
520 5342 640 5402 vice
668 5342 813 5417 {uulgi
845 5346 1088 5415 episcopi
1120 5343 1360 5417 Sardicze
1387 5344 1470 5417 _in_
1494 5342 1675 5395 medio
1704 5342 1875 5417 lllyri-

303 5437 371 5478 co
399 5420 539 5485 sitae,
573 5418 660 5473 cui
688 5412 813 5487 jura
843 5412 1137 5487 cessissent
1160 5414 1399 5487 episcopi
1432 5412 1787 5474 Constantini,
1810 5428 1873 5487 ea;

305 5506 417 5561 quo
445 5483 1050 5561 nempeuConstantiam
1076 5485 1298 5561 Barbari
1321 5492 1681 5561 occuparant,
1716 5483 1870 5561 quod

307 5552 409 5615 s'ub
465 5552 715 5614 Heraclio
759 5559 899 5628 Aug.
932 5557 1231 5628 contingit.
1282 5552 1655 5628 (Porphyrog.
1715 5554 1751 5607 l.
1804 5570 1872 5614 ιι.

306 5631 528 5695 Them.)
580 5630 819 5684 Primum
852 5624 1004 5682 enim
1048 5624 1393 5680 Sat-dicensis
1436 5627 1765 5694 episcOpus.
1822 5637 1876 5676 ut

306 5702 427 5769 ipse
459 5700 680 5761 fatetur,
734 5697 1083 5769 metropolita_
1126 5705 1260 5769 erat.
1310 5704 1373 5769 ut
1410 5709 1491 5769 eo
1526 5695 1732 5769 honore
1767 5710 1874 5769 non

307 5765 510 5841 egeret.
545 5769 747 5841 Deinde
774 5765 986 5841 Cyprus
1018 5767 1156 5841 adeo
1187 5766 1410 5841 _Sardica
1438 5765 1703 5841 distabat,
1738 5777 1795 5817 ut
1831 5765 1877 5818 si

310 5834 532 5913 quando
581 5834 872 5913 episcopus
907 5837 1108 5909 aliquis
1153 5837 1273 5907 ejus
1308 5834 1500 5890 insulae
1545 5849 1878 5891 consecrau-

1962 549 2266 622 Cregorius
2299 554 2494 611 sedere
2529 556 2582 611 in
2609 558 2811 615 throno
2843 559 3101 617 Sardanii
3150 562 3391 632 episcopi
3434 561 3546 631 (2|)

1961 642 2301 701 Constantia:
2358 647 2521 719 Cypri
2570 650 2683 720 (2-2)
2732 670 2909 710 :nam
2953 657 3072 727 ejus
3127 673 3347 728 quoque
3395 658 3547 711 urbis

1964 733 2259 805 episcopus
2288 740 2610 807 aegrotabat.
2660 741 2869 801 Exinde
2913 746 3119 818 inquiri
3172 760 3412 818 emptum
3461 754 3547 804 est

1964 825 2020 881 in
2074 826 2478 886 fraudulentam
2509 833 2785 902 haeresim,
2826 835 2949 911 [ιιι]
2995 855 3121 910 qua:
3147 848 3448 910 eruperat:
3482 853 3549 895 ac

1966 921 2139 976 multa
2184 938 2251 978 eo
2281 924 2371 979 die
2409 926 2703 983 orthodoxi
2738 928 2928 986 Patres
2954 931 3219 987 adversus
3262 932 3550 989 haereticos

1965 1012 2333 1083 protulerunt.
2357 1014 2644 1073 Continuit
2665 1027 2846 1075 autem
2880 1036 2937 1075 se
2958 1020 3255 1091 Gregorius
3285 1030 3549 1090 tanquam

1968 1107 2215 1163 omnium
2247 1110 2626 1177 tenuissimus,
2657 1128 2758 1169 nec
2786 1113 3086 1185 quidquam
3121 1117 3187 1170 ad
3217 1131 3283 1170 ea
3317 1131 3551 1183 respon-

1969 1197 2069 1254 dit.
2108 1199 2245 1256 Cum
2273 1217 2493 1257 rursum
2520 1203 2710 1259 Patres
2735 1207 3149 1267 convenissent.
3185 1223 3405 1278 erepere
3436 1209 3551 1261 hae-

1968 1290 2125 1346 retici
2171 1292 2387 1350 animos
2421 1295 2610 1350 tollere
2651 1309 2844 1352 contra
2896 1299 3236 1354 orthodoxos
3285 1318 3298 1355 :
3348 1314 3548 1370 magna

1970 1382 2116 1436 enim
2150 1385 2337 1439 aderat
2373 1388 2686 1443 multitudo.
2733 1387 2872 1443 Tum
2911 1404 3042 1444 vero
3098 1390 3275 1444 sancti
3312 1389 3551 1459 Spiritus

1972 1476 2145 1548 gratia
2175 1477 2232 1531 in
2257 1478 2416 1533 beato
2439 1478 2704 1550 Gregorio
2726 1483 2862 1538 mire
2888 1483 3106 1538 enituit.
3141 1481 3275 1538 Nam
3304 1495 3549 1552 pacatam

1972 1570 2275 1626 orationem
2308 1573 2585 1627 inchoavit
2608 1574 2870 1631 adversus
2920 1576 3064 1630 male
3103 1577 3400 1631 sentientes
3435 1575 3551 1645 epi-

1975 1674 2172 1730 scapos
2193 1660 2260 1716 de
2290 1673 2504 1727 sancta,
2536 1663 2841 1733 impolluta,
2868 1667 3327 1722 consubstantiali
3362 1667 3477 1738 (23)
3498 1678 3555 1722 et

2000 1752 2355 1824 inseparabili
2382 1754 2669 1820 Trinitate,
2695 1773 2760 1812 ac
2786 1759 3118 1829 respondere
3143 1759 3341 1829 cuique
3369 1760 3556 1830 singu-

1974 1844 2129 1901 latim
2189 1846 2381 1917 ctepit,
2428 1854 2484 1902 et
2524 1848 2769 1917 singulos
2822 1849 3130 1917 lacessere,
3182 1859 3243 1905 ut
3279 1866 3343 1905 ea
3370 1890 3386 1916 ,
3433 1866 3556 1921 quas

1974 1936 2314 2005 dicerentur,
2363 1938 2721 2007 explicarent.
2776 1940 2950 1996 Tanta
3004 1957 3137 1996 vero
3167 1942 3243 1996 illi
3300 1942 3427 1996 data
3470 1952 3556 1998 est

1974 2030 2257 2100 sapientiae
2280 2040 2444 2102 atque
2470 2032 2842 2103 intelligentiae
2859 2034 3038 2104 copia,
3064 2044 3125 2089 ut
3147 2050 3213 2090 ex
3237 2050 3303 2090 eo
3324 2048 3552 2091 numero

1974 2122 2110 2178 nihil
2139 2123 2412 2192 quiSpiam
2435 2124 2774 2193 respondere
2799 2135 2989 2194 posset
3023 2125 3091 2180 ad
3129 2140 3192 2181 ea
3221 2125 3552 2191 testimonia,

1973 2231 2097 2287 qua:
2129 2216 2245 2286 ipse
2270 2217 2449 2273 sacris
2472 2232 2505 2274 e
2530 2216 2753 2274 Litteris
2770 2218 3032 2275 afferebat
3061 2219 3194 2292 (24),
3219 2235 3425 2291 oraque
3444 2221 3559 2277 hai-

1974 2390 2075 2446 dns
2105 2400 2272 2464 esset,
2295 2390 2461 2464 nimis
2486 2391 2709 2463 longum
2737 2392 2840 2446 iter
2858 2392 2995 2464 mari
3025 2402 3276 2463 terraque
3306 2393 3559 2464 praescri-

1975 2470 2125 2529 ptum
2151 2463 2278 2531 jure
2300 2462 2595 2529 videretur,
2625 2471 2858 2517 utsuum
2890 2462 2979 2514 ille
3011 2462 3410 2531 metropolitam
3434 2465 3556 2519 adi-

1974 2539 2057 2603 ret
2095 2550 2107 2585 :
2142 2533 2443 2601 praisertim
2483 2548 2607 2587 cum
2655 2534 2782 2586 olim
2813 2532 2996 2603 Cyprii
3048 2538 3234 2587 calent
3275 2536 3342 2588 de
3388 2551 3555 2589 causa

1972 2600 2321 2657 Antiochiam
2354 2603 2524 2674 multo
2566 2603 2749 2658 minus
2787 2600 3146 2674 dissitanrad
3190 2605 3555 2674 patriarcham

1977 2688 2141 2742 suum
2192 2673 2467 2742 prolicisci
2523 2674 2848 2728 recusarint.
2904 2671 2997 2739 (V.
3037 2671 3212 2730 Cone.
3274 2673 3393 2730 Nic.
3431 2690 3555 2729 can.

1973 2741 2066 2814 57,
2114 2741 2347 2814 interpr.
2390 2743 2557 2797 Arab.
2592 2752 2646 2798 et
2691 2743 2859 2814 Cone.
2901 2743 3101 2812 Ephes.
3134 2754 3240 2799 act.
3295 2745 3392 2814 7.).
3443 2746 3557 2800 hinc

1976 2813 2197 2866 demum
2230 2812 2275 2867 a'
2301 2812 2502 2867 Lancia
2540 2829 2647 2867 non
2670 2813 2846 2867 solum
2880 2815 3098 2869 nemine
3138 2812 3363 2870 auctore
3386 2856 3399 2873 .
3430 2816 3558 2869 uul-

1992 2882 2043 2935 lo
2079 2894 2217 2937 teste
2246 2884 2526 2948 dicuntur,
2556 2884 2648 2938 sed
2676 2884 2837 2937 etiam
2869 2896 3057 2938 eoatra
3089 2889 3345 2939 Actorum
3371 2896 3561 2941 aucto-

1970 2952 2227 3025 ritatetn,_
2256 2963 2449 3008 contra
2502 2953 2768 3025 synodum
2794 2954 2983 3025 ipsam
3036 2966 3267 3018 sextam,
3322 2957 3413 3010 cui
3457 2957 3558 3010 ad-

1970 3022 2145 3078 fuisse
2195 3022 2872 3092 Gregorium'contendit.
2935 3023 2993 3079 In
3045 3039 3108 3078 ea
3140 3026 3285 3080 enim
3328 3042 3453 3082 cum
3503 3026 3558 3079 in

1973 3093 2100 3162 aliis
2131 3094 2473 3156 Actionibus,
2507 3102 2622 3147 tum
2656 3094 2709 3148 in
2743 3094 2827 3159 18,
2856 3110 2977 3162 quae
3014 3094 3205 3148 ultima
3248 3095 3370 3162 fuit,
3418 3096 3559 3151 inter

1895 3158 1939 3217 C
1972 3161 2198 3218 Patrum
2249 3164 2681 3231 subscriptiones
2714 3158 2948 3231 septimo
3000 3166 3120 3219 loco
3164 3167 3278 3219 lucc
3312 3158 3555 3220 eminet:

1972 3233 2274 3288 Theodorus
2325 3234 2693 3304 misericordia
2738 3234 2834 3287 Dei
2877 3236 3149 3304 episcopus
3184 3237 3414 3290 civitatis
3440 3236 3561 3290 Tri-

1976 3305 2367 3376 ntithttntornm
2395 3302 2559 3376 Cypri
2586 3304 2805 3376 insulto,
2828 3313 2876 3358 et
2902 3302 3076 3358 locum
3106 3315 3282 3359 tenens
3326 3305 3562 3376 Epipha-

1972 3375 2049 3447 nii
2081 3376 2413 3447 sanctissimi
2446 3374 2955 3447 meiat-chiepiswpi
2981 3377 3147 3447 ipsius
3180 3376 3341 3447 Cypri
3365 3374 3559 3431 insula:

1970 3445 2226 3500 similiter
2267 3445 2595 3514 subsignavi.
2641 3445 2720 3498 Ac
2750 3461 2815 3497 ne
2863 3446 3073 3499 dubitet
3103 3445 3399 3513 quispiam,
3429 3462 3557 3499 nunt

1970 3516 2038 3569 de
2078 3513 2494 3584 archiepiscopo
2523 3513 2871 3584 Constantine
2902 3530 3084 3569 sermo
3106 3516 3196 3575 sit.
3232 3516 3283 3569 in
3338 3517 3557 3570 actione

1974 3583 2040 3639 16
2075 3588 2340 3655 scriptum
2392 3594 2477 3639 est
2510 3604 2523 3639 :
2558 3583 2832 3638 Theodoro
2876 3586 3117 3653 episcopo
3148 3586 3381 3640 civitatis
3432 3585 3559 3640 Tri-

1972 3654 2356 3709 mithuntorum
2383 3656 2557 3708 locum
2592 3664 2999 3723 reprwsentante
3022 3654 3311 3724 Epiphanii
3342 3673 3558 3711 venera—

1973 3725 2093 3779 bilis
2124 3727 2507 3797 archiepiscopi
2535 3724 2865 3797 Constantiw
2908 3726 3096 3780 insqu
3143 3726 3325 3797 Cypri.
3380 3727 3562 3793 Quare

1974 3797 2158 3849 nullus
2224 3796 2452 3849 omnino
2514 3796 2666 3850 locus
2718 3795 3049 3864 relinquitur
3104 3795 3201 3850 vel
3240 3798 3557 3851 Sardicensi

1973 3867 2256 3935 episcopo,
2290 3866 2384 3935 vel
2436 3864 2703 3935 Gregorio
2740 3874 2951 3935 nostro,
3002 3875 3060 3919 ut
3082 3866 3171 3919 ille
3204 3866 3330 3935 jura
3365 3876 3562 3921 nactus

2020 3937 2231 3990 celesiee
2273 3934 2713 3991 Constanti’ensis
2741 3973 2756 4000 ,
2786 3934 2875 3990 hic
2904 3935 3065 3991 istius
3110 3934 3227 3991 vice
3252 3936 3475 3992 functus
3505 3938 3559 3991 in

1973 4006 2315 4078 synodojtlici
2343 4006 2536 4078 possit.

2049 4076 2122 4131 De
2150 4076 2237 4129 illa
2260 4073 2393 4146 urbe
2416 4075 2726 4146 Stephanus
2745 4073 3114 4146 Byzantinus:
3139 4075 3559 4140 Κωνσταντεία,

1975 4146 2173 4215 inquit,
2214 4148 2246 4215 ἡ
2286 4145 2380 4198 νῦν
2407 4148 2465 4199 ὲν
2494 4144 2707 4215 Κύπρῳ
2734 4144 3009 4215 Σαλαμίςο
3045 4146 3295 4213 γίγνεται
3322 4146 3430 4200 ἀπὸ
3458 4150 3561 4215 τῆς

1973 4199 2333 4278 Κῶνστανῖτος
2372 4199 2643 4286 γε-νικῆςδ
2669 4199 3226 4286 Νειιιρέίίὀηεξιιὶιιξα
3261 4199 3380 4286 quia
3422 4199 3566 4269 nunc

1974 4288 2031 4341 in
2069 4287 2243 4355 Cypro
2275 4295 2374 4349 est,
2409 4283 2645 4355 Salamis
2676 4285 2777 4354 fuit
2811 4283 2827 4341 Ξ
2856 4302 3043 4339 nomen
3077 4283 3283 4355 factum
3315 4287 3363 4340 ei
3397 4302 3426 4338 a
3449 4303 3565 4354 pa-

1978 4359 2080 4411 trio
2110 4354 2240 4410 casu
2270 4355 2594 4411 Constantis.
2626 4354 2846 4411 Jamdiu
2874 4369 3055 4410 autem
3079 4354 3174 4411 sic
3223 4357 3556 4422 vocabatur;

1980 4443 2104 4480 nam
2150 4436 2204 4481 et
2259 4424 2625 4497 Hieronymus
2678 4426 2895 4497 scripsit
2949 4428 3201 4494 (Comm.
3237 4427 3325 4497 ‘in
3380 4428 3556 4495 Epist.

1908 4503 1956 4562 ι)
1982 4497 2134 4551 Pauli
2164 4497 2230 4551 ad
2277 4494 2510 4551 Philetn.
2542 4511 2589 4550 c.
2619 4498 2679 4563 ιι)
2711 4514 2724 4549 :
2759 4494 2828 4550 Ει
2877 4500 3184 4565 narigantes
3224 4494 3561 4550 Salaminam

1981 4567 2162 4637 Cypri,
2203 4583 2320 4637 qua:
2348 4583 2485 4625 nunc
2516 4564 2836 4621 Constantia
2895 4564 3115 4621 dicitur.
3146 4569 3327 4630 Quare
3366 4583 3397 4621 a
3428 4567 3563 4621 liliis

1979 4637 2326 4693 Constantini
2356 4637 2537 4705 magni
2579 4651 2778 4691 nomen
2808 4637 3065 4691 habuisse
3098 4638 3389 4691 videbitur.
3426 4637 3561 4691 Exi—

1981 4709 2147 4763 stimo
2181 4718 2384 4771 antem,
2417 4722 2446 4761 a
2476 4706 2801 4761 Constantio
2846 4709 3028 4775 potius
3060 4709 3361 4773 accepisse.
3391 4722 3560 4776 quam

1981 4794 2010 4831 a
2036 4777 2330 4833 Constante
2357 4794 2372 4832 :
2403 4792 2526 4846 nam
2559 4777 2719 4846 hujus
2749 4778 3045 4845 provinciae
3079 4779 3228 4832 fuere
3256 4777 3556 4846 Illyricum,

1979 4849 2158 4911 Italia,
2200 4846 2411 4918 Africa;
2437 4845 2762 4918 Constantii
2817 4857 3009 4902 contra
3050 4850 3199 4911 Asia,
3244 4845 3421 4918 Syria,
3451 4846 3562 4918 ΑΞ.-

1981 4928 2196 4989 gyptus.
2231 4917 2370 4989 Tum
2401 4916 2470 4970 ab
2502 4916 2605 4989 hoc
2636 4917 2848 4980 eodem,
2899 4919 2993 4987 qui
3028 4919 3235 4971 diutius
3260 4916 3565 4989 imperium

1982 4937 2013 4989 ε
2053 4936 2196 4988 ptus.
2240 4936 2370 4971 tum
2401 4936 2470 4970 au
2502 4936 2605 4972 noc
2636 4936 2848 4980 eouem,
2899 4936 2993 4987 qui
3028 4936 3235 4971 uuntus
3268 4936 3565 4985 imperium

1982 4936 2246 5056 obtinuit,
2279 4988 2414 5043 alias
2447 4987 2610 5042 urbes
2648 4989 2929 5043 restitutas
2963 4989 3198 5056 scimus,
3250 4986 3568 5056 Seleucianu

1982 5061 2212 5126 scilicet,
2234 5054 2296 5113 ut
2320 5057 2534 5127 opinor,
2570 5057 2831 5123 Pieriam,
2864 5067 2916 5111 ct
2944 5054 3284 5127 Antaradum
3317 5057 3370 5110 in
3392 5055 3562 5112 Phoe-

1982 5130 2149 5192 nicia,
2194 5126 2371 5199 quam,
2406 5126 2771 5199 Constantiam
2818 5129 3129 5199 appellavit.
3179 5126 3446 5198 (Tillem.
3503 5128 3566 5182 in

1981 5197 2306 5254 Constantio
2345 5208 2447 5253 art.
2487 5198 2572 5261 10,
2625 5199 2690 5251 ad
2723 5214 2815 5251 an.
2848 5197 2996 5266 546.)

2054 5273 2167 5339 (23)
2197 5271 2333 5324 Cod.
2355 5269 2413 5331 2,
2450 5284 2558 5322 non
2592 5267 2753 5322 habet
2774 5268 3083 5339 ὁμοουσίου.

2055 5335 2171 5412 (Ξδ)
2228 5339 2348 5407 Quo
2396 5342 2509 5392 haec
2542 5348 2766 5412 auctore
2800 5338 3004 5412 scribat
3042 5335 3306 5412 Leontius
3332 5375 3347 5401 ,
3397 5336 3569 5406 plane

1984 5407 2197 5480 ignoro,
2232 5424 2469 5477 eumque
2498 5408 2827 5480 nugariuhoc
2850 5407 2988 5480 loco
3039 5407 3311 5476 suspicor,
3352 5421 3416 5480 ac
3440 5420 3567 5480 po-

1985 5476 2094 5537 tius
2127 5497 2248 5552 quin
2287 5476 2528 5552 sibiveri
2556 5477 3149 5552 similiahyidehantur,
3190 5476 3565 5552 comminisci,

1984 5545 2158 5622 quam'
2172 5569 2232 5606 ea
2258 5550 2478 5612 referre,
2509 5563 2631 5616 qua:
2650 5547 2859 5622 ab_aliis
2883 5547 3076 5622 tradita
3104 5547 3422 5622 invenisset.
3440 5545 3569 5622 llaec

1984 5615 2127 5677 enim
2153 5622 2266 5691 jam
2290 5615 2688 5691 tum_amabant
2709 5615 2963 5691 Graeculi,
2990 5633 3018 5670 a
3048 5617 3250 5686 quibus
3273 5617 3565 5691 Leontium

1985 5688 2223 5747 alienum
2254 5705 2363 5745 non
2405 5689 2577 5743 fuisse
2606 5688 2746 5741 infra
2775 5688 2939 5741 etiam
2970 5703 3113 5756 saepe
3138 5688 3565 5757 comperiemus.

1989 5764 2061 5815 De
2108 5760 2381 5818 haereticis
2401 5768 2547 5813 certe
2578 5759 2632 5813 in
2662 5773 2728 5812 eo
2762 5759 2997 5812 concilio
3022 5768 3200 5811 actum
3243 5774 3364 5813 esse
3401 5759 3564 5811 mini-

1987 5849 2075 5891 ntc
2128 5840 2368 5890 constat.
2408 5828 2668 5896 Quinimo
2712 5828 2779 5887 de
2817 5828 3073 5886 Mauritio
3117 5828 3256 5901 Aug.
3312 5831 3405 5901 qui
3449 5842 3569 5886 tum
