4158 6544
351 375 454 437 613

1345 366 1405 423 s.
1441 361 1824 424 GREGORII
1864 358 2376 420 AGRIGENTINI
2408 312 2612 423 Vm.

3516 364 3618 429 614

353 477 679 549 σύγκλητος.
717 471 1124 544 ’Λσπασάμενοί
1154 489 1215 525 τε
1261 471 1426 525 αὐτὸν
1468 473 1671 534 πάντες
1703 471 1752 522 οἱ
1791 469 1932 537 ἅγιοι

2042 466 2192 521 illam
2229 463 2364 539 [ων]
2396 470 2677 539 synodumj
2706 479 3097 536 convenerant,
3145 483 3435 542 postquam
3473 476 3624 531 salu-

352 573 566 643 Πάτρες
588 572 640 625 οἱ
664 572 722 624 ἐν
741 568 926 639 ἐκείνῃ
959 565 1309 629 συνελθόντες
1332 567 1399 637 τῇ
1429 564 1563 635 ἁγίᾳ
1595 563 1817 634 συνόδῳ.
1839 563 1936 616 καὶ

354 665 719 736 ἐπευξάμενοι
766 661 944 732 αὐτῷ,
980 660 1056 724 ὡς
1099 660 1553 732 προειρήκαμεν,
1593 655 1936 727 ὑπέστρεψεν

352 760 585 822 ’ἕκαστος
632 758 714 820 είς
758 756 887 819 τοὺς
933 753 1099 816 ἰδίους
1145 754 1347 816 τόπους
1380 751 1673 821 ,χαίροντες
1716 748 1813 803 καὶ
1853 749 1937 801 αἰ-

353 850 573 913 νοῦντες
627 848 720 901 τὸν
775 846 908 899 Θεὸν
953 844 1045 898 τὸν
1098 843 1372 914 μηδέποτε
1433 839 1763 910 παρορῶντα
1807 837 1936 900 τούς

354 943 685 1013 ἀγαπῶντας
729 940 914 1002 αὐτὸν,
962 938 1057 991 καὶ
1102 934 1465 1007 διατηροῦντα
1504 932 1788 1005 άλώϐητον
1834 930 1935 1001 τήν

354 1034 649 1103 καθολικὴν
690 1030 1039 1097 Ἐκκλησίαν.

425 1127 550 1183 ΔΖ⁸.
594 1122 842 1191 Ἐγένετο
865 1120 923 1172 δὲ
949 1117 1090 1188 μετὰ
1109 1118 1170 1170 τὸ
1192 1118 1402 1181 πάντας
1433 1116 1789 1187 ἀναχωρῆσαι
1809 1114 1936 1178 τοὺς

354 1219 607 1289 Πατέρας
650 1214 715 1266 ἐκ
756 1212 857 1282 τῆς
897 1211 1567 1274 Κωνσταντινουπόλεως,
1601 1211 1658 1262 ὲν
1696 1209 1796 1278 μιᾷ
1824 1206 1935 1260 τῶν

353 1305 579 1381 ἡμερῶν
615 1305 1135 1375 προσκαλεσάμενος
1166 1306 1194 1358 6
1222 1303 1611 1365 εὐσεϐέστατος
1642 1300 1803 1370 ήμῶν
1837 1299 1933 1369 βα-

354 1400 539 1463 σιλεὺς
565 1399 655 1452 τὸν
683 1398 1145 1471 ὰρχιεπίσκοπον,
1187 1396 1336 1465 λέγει
1364 1394 1514 1464 αὐτῷ
1533 1411 1545 1423 ο
1576 1393 1757 1463 Πάτερ
1777 1432 1792 1457 ,
1834 1391 1932 1445 πό-

353 1494 446 1549 θεν
471 1492 851 1561 παραγέγονεν
886 1491 914 1543 6
945 1490 1085 1561 ἀνὴρ
1119 1490 1254 1560 πρὸς
1288 1490 1437 1559 ἡμᾶς
1465 1482 1621 1549 οὗτος
1662 1489 1690 1540 6
1726 1487 1864 1551 νέος,
1905 1486 1934 1537 6

350 1583 575 1658 τοιαύτῃ
615 1584 801 1653 χάριτι
844 1581 1444 1651 κατακεκοσμημένος;
1484 1580 1542 1632 '0
1575 1579 1633 1633 δὲ
1682 1578 1933 1649 ἀρχιεπί-

354 1692 558 1738 σκοπος
615 1674 801 1728 πεσὼν
858 1674 953 1726 ἐπὶ
1004 1672 1298 1743 πρόσωπον
1347 1672 1538 1735 αὐτοῦ,
1590 1670 1666 1741 τῷ
1723 1670 1935 1740 βασιλεῖ

353 1766 792 1839 προσεκύνησεν,
842 1766 938 1818 καὶ
980 1760 1137 1817 εἶπεν
1158 1780 1171 1794 ο
1205 1764 1656 1834 Εὐχαριστοῦμεν
1684 1761 1761 1832 τῷ
1791 1760 1928 1829 Θεῷ,

2038 567 2143 613 tem
2196 560 2247 615 ei
2290 560 2568 625 dixerunt,
2615 570 2802 633 atque,
2846 575 2906 618 ut
2934 564 3210 631 diximus,
3247 568 3383 622 bene
3416 571 3621 639 precati

2036 662 2187 718 sunt,
2231 653 2299 708 ad
2365 655 2524 710 sedes
2582 655 2816 726 quisque
2868 671 3000 712 suas
3023 656 3129 712 lazti
3173 659 3404 723 rediere,
3436 661 3621 717 multis

2036 744 2147 800 Deo
2174 745 2430 801 laudibus
2470 746 2716 813 redditis,
2758 748 2852 819 qui
2901 764 3020 815 eos,
3062 765 3091 805 a
3139 752 3341 818 quibus
3385 764 3621 818 amatur,

2036 853 2320 908 nunquam
2348 838 2594 911 negligit,
2626 848 2682 895 et
2707 840 3034 898 catholicam
3062 842 3362 900 Ecclesiam
3398 846 3622 903 illwsam

2037 944 2238 993 servat.

2107 1116 2373 1173 XXXVII.
2420 1120 2608 1176 Patres
2635 1119 2747 1188 jam
2780 1135 2973 1177 omnes
3004 1120 3478 1191 Constantinopoli
3507 1123 3622 1178 dis-

2038 1220 2342 1274 cesserant,
2389 1227 2512 1267 cum
2545 1213 2921 1282 pientissimus
2965 1214 3260 1283 imperator
3280 1222 3466 1269 noster
3485 1231 3623 1284 quo-

2022 1299 2161 1377 dam
2194 1301 2283 1354 die
2302 1302 2778 1373 archiepiscopum
2801 1304 3108 1369 arcessivit,
3130 1304 3616 1375 interrogavitque,
3700 1366 3703 1383 Δ

2040 1393 2180 1444 unde
2216 1393 2529 1449 advenisset
2564 1396 2649 1450 vir
2700 1396 2790 1451 ille
2832 1395 3078 1452 ﬂorentis
3110 1399 3303 1459 aetatis.
3352 1400 3439 1452 cui
3471 1408 3618 1452 tanta

2036 1484 2302 1540 divinitus
2340 1486 2511 1555 gratia
2546 1486 2671 1541 data
2694 1489 2883 1542 esset?
2922 1488 3020 1543 Cui
3057 1489 3498 1560 archiepiscopus
3526 1506 3621 1545 co-

2035 1593 2153 1631 ram
2185 1592 2251 1631 eo
2276 1579 2641 1647 procumbens
2660 1591 2779 1649 post
2809 1580 3182 1635 adorationem
3204 1581 3438 1651 subjecit
3469 1601 3483 1637 :
3510 1581 3621 1637 Ma-

2038 1685 2195 1738 gnas,
2232 1670 2571 1737 pientissime
2623 1672 2940 1741 imperator,
2988 1672 3100 1727 Deo
3130 1674 3334 1743 gratias
3379 1675 3615 1745 agimus,

2047 1761 2192 1829 quod
2228 1762 2364 1817 titles
2414 1770 2503 1816 tua
2554 1772 2610 1817 et
2638 1763 2841 1817 illibata
2878 1764 3090 1835 religio,
3140 1780 3246 1834 qua
3281 1764 3449 1820 Deum
3478 1767 3619 1823 assi-

352 1856 713 1911 εὐσεσέστατε
746 1854 1097 1924 αὐτοκράτορ
1117 1894 1131 1916 ,
1158 1854 1240 1906 ὅτι
1261 1856 1294 1922 η
1329 1853 1512 1915 πίστις
1534 1852 1627 1904 καὶ
1659 1853 1691 1921 ή
1716 1848 1932 1919 καθαρά

2039 1852 2146 1906 due
2180 1853 2338 1915 colis,
2371 1860 2539 1924 atque
2576 1854 2708 1924 ipsae
2743 1870 2932 1923 preces
2981 1867 3084 1910 tua:
3129 1872 3225 1924 per
3248 1858 3409 1912 hunc
3441 1860 3619 1913 virum

353 1967 449 2003 σου
485 1947 733 2018 λατρεία,
770 1947 838 2017 ἣν
887 1946 1152 2013 κέκτησαι
1186 1944 1417 1997 πάντοτε
1452 1943 1588 2014 πρὸς
1633 1942 1731 1995 τὸν
1777 1939 1930 2005 Θεὸν,

353 2043 449 2098 καὶ
471 2041 605 2111 μόνη
628 2041 661 2109 ή
692 2039 780 2092 διὰ
805 2038 898 2090 σοῦ
925 2038 1058 2109 εὐχὴ
1081 2036 1380 2109 ὲνέφραξεν
1407 2035 1479 2089 τὰ
1504 2035 1613 2087 τῶν
1638 2031 1933 2103 αἱρετικῶν

355 2134 602 2202 στόματα
629 2129 717 2181 διὰ
743 2128 841 2181 τοῦ
876 2127 1171 2201 ἀνθρώπου
1202 2126 1415 2180 τούτου.
1446 2120 1636 2190 Οὗτος,
1672 2124 1931 2189 δέσποτα,

352 2226 507 2290 ξένος
534 2224 705 2287 ἐστὶν,
754 2222 850 2275 καὶ
880 2223 944 2275 ὲκ
970 2222 1068 2291 τῆς
1095 2220 1256 2289 ἁγίας
1284 2219 1491 2281 πόλεως
1530 2216 1764 2271 ἐνταῦθα
1803 2234 1936 2270 κατ-

352 2320 611 2390 ήντησεν.
642 2313 800 2370 Μετὰ
826 2309 919 2366 οὖν
946 2313 1163 2384 ἡμέρας
1187 2312 1376 2379 ὀλίγας
1400 2311 1690 2363 ἐκέλευσεν
1718 2311 1745 2361 6
1776 2309 1932 2380 βασι-

351 2411 479 2475 λεὺς
512 2408 603 2463 τὸν
644 2408 948 2477 Γρηγόριον
996 2407 1054 2458 ὲν
1098 2405 1177 2473 τῷ
1212 2405 1463 2473 παλατίῳ
1499 2403 1931 2475 παραγενέσθαι.

352 2503 466 2559 Καὶ
506 2500 770 2556 εἰσελθὼν
802 2501 942 2571 πρὸς
972 2499 1063 2552 τὸν
1109 2498 1499 2552 εὐσεϐέστατον
1532 2496 1761 2567 βασιλέα
1798 2496 1931 2565 ἔστη

352 2594 665 2667 ἔμπροσθεν
692 2592 881 2658 αὐτοῦ,
912 2592 1006 2645 καὶ
1039 2590 1190 2659 λέγει
1218 2590 1368 2661 αὐτῷ
1393 2592 1420 2642 6
1447 2589 1703 2660 βασιλεύς
1722 2606 1736 2619 ·
1760 2588 1933 2643 Πόθεν

352 2685 737 2757 παραγέγονας
764 2723 781 2748 ,
826 2684 921 2737 καὶ
952 2684 1017 2737 ὲκ
1049 2683 1209 2745 ποίας
1243 2682 1451 2741 πόλεως
1476 2723 1491 2746 ,
1526 2682 1620 2735 καὶ
1660 2685 1725 2735 ὲκ
1776 2681 1930 2735 ποίου

352 2776 485 2830 λαοῦ
522 2770 606 2843 εί;
641 2774 700 2828 '0
729 2774 785 2827 δὲ
814 2774 997 2843 λέγει,
1047 2773 1420 2827 Εὐσεϐέστατε
1452 2774 1827 2845 αὐτοκράτορ,
1850 2776 1931 2826 ’ὲκ

350 2867 593 2924 Σικελῶν
622 2867 896 2938 ἐπαρχίας
937 2867 1037 2937 τῆς
1067 2866 1174 2920 τῶν
1217 2864 1662 2935 Ἀκραγαντίνων
1704 2864 1932 2936 Ἐκκλη-

354 2963 476 3026 σίας
503 2962 741 3032 ὑπάρχει
767 2963 795 3014 6
825 2959 1013 3023 δοῦλός
1040 2977 1159 3023 σου,
1189 2960 1283 3012 καὶ
1320 2959 1611 3029 διεπέρασε
1647 2959 1725 3021 είς
1769 2958 1932 3029 Ἱερο-

353 3054 588 3126 σόλυμα,
620 3052 882 3107 κάκεῖθεν
907 3052 1141 3123 ὡρμήθη
1170 3050 1305 3121 πρὸς
1331 3052 1432 3121 τὴν
1457 3051 1550 3104 τοῦ
1576 3048 1667 3101 σοῦ
1693 3050 1931 3119 κράτους

351 3144 633 3217 περιφανῆ
664 3144 841 3199 πόλιν.
886 3144 944 3196 '0
970 3143 1028 3197 δὲ
1078 3141 1333 3213 βασιλεὺς
1367 3142 1515 3209 λέγει
1546 3140 1727 3212 αὐτῷ’
1764 3140 1930 3194 Εὐλο-
1956 3172 2000 3231 C

351 3239 595 3310 γημένος
624 3238 689 3291 σὺ
708 3276 723 3303 ,
768 3235 1022 3305 ἄνθρωπε
1050 3236 1145 3289 τοῦ
1175 3235 1333 3298 Θεοῦ,
1372 3236 1465 3289 καὶ
1494 3233 1859 3304 εὐλογημένος
1896 3234 1925 3286 6

350 3332 552 3403 τρόπος
593 3348 710 3396 σου,
759 3330 855 3383 καὶ
893 3329 1233 3400 εὐλογημένη
1279 3330 1311 3397 ἡ
1363 3327 1497 3397 πρὸς
1531 3328 1681 3397 ἡμᾶς
1722 3326 1926 3388 εἴσοδος

349 3424 449 3492 τῆς
491 3423 795 3493 παρουσίας
833 3438 980 3475 οσου·
1020 3423 1100 3475 ὅτι
1149 3419 1321 3483 οὕτως
1370 3418 1745 3472 ἀποκαλύπτει
1802 3417 1924 3470 καθ’

351 3515 593 3588 ἑκάστην
625 3516 818 3585 γενεὰν
852 3516 945 3567 καὶ
969 3512 1164 3581 γενεὰν
1200 3513 1480 3582 μυστήρια
1506 3513 1620 3572 τοῖς
1655 3511 1925 3581 φοϐουμέ-

2037 1960 2131 1997 ora
2163 1943 2549 1999 ba't‘eticorum
2582 1947 3003 2001 obstruxerunt.
3046 1948 3216 2003 Porro
3250 1950 3332 2004 vir
3372 1951 3481 2015 hic,
3525 1952 3623 2006 do-

2038 2034 2205 2100 mine,
2240 2035 2443 2105 hospes
2472 2045 2575 2100 est,
2608 2045 2772 2106 atque
2804 2038 2912 2093 huc
2944 2054 3006 2092 ex
3033 2048 3219 2095 sancta
3252 2041 3470 2096 civitate
3496 2058 3621 2112 per-

2034 2126 2203 2179 venit.
2235 2123 2527 2182 Enimvero
2549 2135 2672 2195 post
2697 2128 2907 2196 aliquot
2943 2129 3058 2183 dies
3087 2128 3411 2199 Gregorium
3448 2132 3500 2185 in
3534 2148 3620 2185 re-

2036 2217 2182 2286 giam
2213 2218 2293 2273 ire
2321 2219 2618 2288 imperator
2646 2220 2825 2289 jubet,
2874 2232 2927 2275 et
2981 2237 3165 2275 coram
3198 2224 3496 2281 admissum
3539 2226 3620 2280 sic

2036 2310 2232 2364 aﬂ‘atur
2271 2332 2284 2365 :
2320 2310 2604 2366 Undenam
2648 2313 2939 2376 advenisti,
2979 2325 3035 2369 et
3068 2330 3174 2383 qua
3204 2332 3270 2371 ex
3321 2319 3451 2371 urbe
3481 2335 3620 2386 quo~

2034 2417 2100 2457 ve
2135 2417 2167 2455 e
2210 2403 2415 2473 populo
2441 2406 2549 2459 es?
2581 2404 2679 2458 Cui
2730 2405 2819 2460 ille
2851 2422 2865 2459 :
2902 2404 2980 2459 Ex
3017 2408 3296 2475 provincia
3342 2409 3528 2465 Sicilia
3565 2419 3619 2465 et

2034 2511 2098 2550 ex
2137 2495 2379 2552 Ecclesia
2413 2498 2775 2569 Agrigentina
2802 2509 2885 2555 est
2911 2518 3106 2557 servus
3140 2511 3291 2565 tuus,
3321 2519 3354 2557 o
3383 2504 3616 2573 pientis-

2036 2590 2179 2643 sime
2221 2590 2541 2660 imperator,
2577 2591 2671 2662 qui
2722 2593 3001 2661 pI-ol'ectus
3052 2593 3449 2666 Hierosolyma,
3491 2597 3619 2652 inde

2034 2682 2103 2736 ad
2133 2683 2611 2751 praeclarissimam
2645 2683 2861 2753 imperii
2908 2685 2982 2738 tui
3014 2687 3205 2740 urbem
3252 2688 3467 2742 delatus
3509 2699 3612 2745 est.

2037 2774 2343 2843 Imperator
2394 2790 2523 2829 vero
2560 2794 2572 2828 :
2608 2774 2772 2837 Bene,
2826 2776 3023 2844 inquit,
3088 2778 3183 2831 tibi
3235 2779 3328 2843 sit,
3366 2781 3456 2846 Vvir
3504 2779 3616 2835 Deo

2034 2862 2225 2930 cbare,
2263 2865 2404 2919 bene
2431 2866 2679 2920 moribus
2717 2864 2847 2931 tuis,
2878 2866 3018 2920 bene
3067 2870 3196 2922 item
3231 2870 3486 2924 adventui
3520 2882 3615 2926 tuo

2033 2966 2198 3027 atque
2226 2959 2532 3028 praesentia:
2570 2976 2583 3013 :
2620 2960 3065 3029 quandoquidem
3099 2960 3179 3017 sic
3208 2961 3351 3018 Deus
3384 2965 3615 3034 singulis

2033 3050 2289 3106 aetatibus
2324 3054 2587 3121 mysteria
2617 3067 2717 3106 sua
2750 3052 2816 3107 iis
2849 3053 3073 3119 revelat,
3128 3055 3221 3124 qui
3260 3072 3384 3109 eum
3425 3057 3616 3113 timent

2032 3151 2086 3196 et
2109 3143 2375 3197 voluntati
2401 3144 2522 3213 ejus
2548 3145 2936 3215 obsequuntur
2964 3165 2980 3201 :
3013 3147 3134 3203 laus
3164 3163 3292 3202 vero
3321 3159 3487 3219 atque
3510 3150 3614 3204 ho-

2032 3250 2136 3289 nor
2164 3243 2359 3291 saucto
2396 3238 2605 3291 nomini
2633 3238 2754 3306 ejus
2786 3239 3078 3303 tribuatur,
3114 3239 3207 3309 qui
3234 3240 3428 3297 diebus
3462 3243 3614 3298 hisce

2032 3328 2194 3382 talem
2232 3338 2460 3399 tamque
2491 3330 2618 3392 {sibi
2662 3341 2947 3400 acceptum
2988 3332 3371 3386 administrum
3428 3346 3611 3389 osteno

2032 3417 2132 3481 dit,
2170 3436 2201 3474 a
2234 3436 2345 3489 quo
2381 3422 2555 3476 sancti
2581 3421 2819 3493 Spiritus
2840 3424 3093 3493 praesenti
3123 3440 3225 3492 ope
3254 3423 3478 3481 fraudes
3506 3427 3615 3482 ba:-

2034 3514 2331 3569 reticorum
2364 3514 2628 3584 malaeque
2669 3524 2815 3569 artes
2852 3515 3081 3569 sublatae
3110 3524 3261 3570 sunt.

349 3630 464 3677 νοις
498 3612 686 3676 αὐτὸν,
712 3609 807 3662 καὶ
830 3608 1074 3662 ποιοῦσιν
1095 3608 1154 3659 τὸ
1184 3606 1397 3677 θέλημα
1454 3604 1648 3658 αὐτοῦ.
1714 3604 1861 3674 Πλὴν
1928 3599 2077 3670 αἶνος
2125 3607 2221 3660 καὶ
2267 3606 2398 3671 δόξα
2437 3606 2515 3676 τῷ
2559 3607 2701 3677 ἁγίῳ
2772 3607 2941 3661 αὐτοῦ
3000 3607 3227 3677 ὀνόματι
3271 3608 3350 3678 τῷ
3398 3612 3455 3663 ἐν
3491 3613 3610 3673 ταῖς

351 3707 590 3781 ¹ήμέραις
641 3703 867 3766 ταύταις
937 3702 1282 3769 ἁναδείξαντι
1349 3700 1593 3754 τοιοῦτον
1662 3699 1854 3762 σκεῦος
1899 3694 2225 3773 εὐχάριστον
2265 3700 2357 3754 τὸν
2408 3698 2707 3754 καθελόντα
2756 3700 2865 3754 τῶν
2910 3701 3203 3772 αίρετικῶν
3247 3703 3613 3773 κακοτέχνους

356 3804 602 3877 μηχανὰς
626 3803 714 3856 διὰ
736 3800 838 3871 τῆς
870 3798 963 3853 τοῦ
993 3800 1147 3868 ἁγίου
1178 3798 1317 3851 Πνεύ
1328 3813 1495 3867 ματος
1525 3796 1823 3866 μεσιτείας.

425 3899 557 3953 AH'.
603 3895 792 3949 Ταῦτα
840 3894 936 3947 καὶ
983 3893 1049 3945 τὰ
1117 3891 1342 3944 τοιαῦτα
1397 3889 1780 3958 διαλεγόμενος
1839 3888 1932 3942 ἐπὶ

353 3990 613 4053 πλείστας
643 3987 793 4058 ὥρας
830 3988 858 4038 6
887 3983 1277 4044 εὐσεϐέστατος
1311 3980 1564 4051 βασιλεὺς
1616 3983 1929 4034 Ίουστινια-

352 4081 444 4145 νὸς
479 4080 561 4152 τῷ
612 4078 869 4150 μακαρίῳ
919 4074 1241 4147 Γρηγορίῳ,
1294 4073 1540 4144 ἔχαιρεν·
1581 4072 1610 4124 6
1645 4072 1703 4125 δὲ
1749 4070 1931 4123 πεσὼν

350 4174 448 4228 ἐπὶ
472 4173 765 4244 πρόσωπον
795 4169 961 4226 αὐτοῦ
991 4166 1403 4239 προσεκύνησεν
1440 4163 1516 4238 τῷ
1554 4164 1768 4234 βασιλεῖ
1808 4161 1927 4233 τρί-

351 4283 444 4321 τον
473 4267 567 4320 ὲπὶ
588 4265 685 4336 τὴν
714 4264 851 4334 γῆν·
879 4262 974 4315 καί⁵
1005 4259 1389 4325 ἐξαπέστειλεν
1423 4256 1585 4311 αὐτὸν
1617 4258 1645 4309 6
1673 4255 1931 4325 βασιλεὺς

350 4363 434 4425 τίς
472 4361 564 4415 τὸν
604 4358 1054 4430 άρχιεπίσκοπον.
1108 4353 1219 4407 Καὶ
1275 4352 1511 4421 ποιήσας
1556 4351 1674 4403 ἐκεῖ
1716 4347 1929 4419 ἡμέρας

349 4454 574 4524 ὀλίγας,
605 4452 885 4521 ἀνήγαγεν
915 4447 994 4518 τῷ
1039 4444 1417 4513 εὐσεϐεστάτῳ
1451 4441 1664 4513 βασιλεί
1709 4442 1736 4493 6
1784 4440 1928 4512 Γρη-

2110 3886 2401 3942 XXXVIII.
2440 3887 2568 3943 Hazc
2599 3897 2653 3942 et
2683 3887 2885 3941 similia
2914 3890 2980 3940 ad
3015 3886 3219 3941 multas
3266 3888 3433 3941 horas
3465 3904 3616 3957 pten-

2036 3981 2289 4037 tissimus
2316 3982 2614 4052 imperator
2640 3980 2753 4053 (28)
2795 3996 2920 4034 cum
2952 3980 3115 4034 beato
3146 3978 3407 4049 Gregorio
3434 3979 3614 4033 liben-

2036 4074 2254 4129 tissime
2310 4074 2641 4143 loquebatur
2685 4090 2700 4127 :
2745 4088 2871 4128 cum
2930 4073 3020 4126 hic
3070 4072 3289 4126 demum
3322 4086 3506 4125 coram
3546 4087 3613 4127 eo

2032 4166 2350 4236 procidens,
2393 4165 2776 4236 imperatorem
2811 4175 2892 4220 ter
2944 4178 3121 4233 usque
3170 4164 3236 4217 ad
3272 4164 3450 4216 solum
3483 4164 3613 4218 ado-

2032 4256 2196 4319 ravit,
2230 4272 2297 4311 ac
2353 4255 2622 4313 dimissus
2669 4258 2737 4311 ad
2786 4255 3264 4323 archiepiscopum
3312 4254 3494 4307 rediit.
3537 4255 3617 4308 Ac

2031 4348 2151 4403 dies
2181 4349 2325 4418 apud
2354 4364 2479 4403 eum
2518 4350 2732 4419 aliquot
2776 4356 3179 4412 commoratus,
3221 4363 3318 4417 per
3352 4347 3617 4402 domesti—

2029 4454 2156 4495 cum
2185 4440 2477 4510 quemdam
2497 4442 2845 4511 imperatoris
2875 4439 3213 4494 Marcianum
3258 4439 3371 4511 (29)
3394 4439 3619 4496 nomine

350 4651 461 4691 non
505 4644 592 4687 est
647 4632 1140 4695 dissimulandum,
1182 4632 1236 4685 in
1304 4628 1576 4699 plerisque
1614 4622 1932 4699 Menpiogiis
1965 4625 2009 4679 Ι)
2038 4620 2602 4699 Leontiushnusquam
2628 4618 3615 4699 monotheletarum_hmresimﬂdeﬁ-

351 4707 615 4775 scriptum
664 4718 822 4765 esse,
879 4692 1199 4772 Gregorium
1247 4692 1351 4755 sub
1371 4692 1687 4775 _Justitiiario
1723 4692 1931 4747 Rhino-

350 4768 526 4832 tmeio
554 4774 806 4829 ﬂoruisse
840 4790 859 4846 :_
888 4768 1011 4846 nec'
1032 4776 1225 4826 horum
1265 4768 1645 4846 testimonium
1676 4775 1932 4846 tauquam

351 4846 672 4903 recentioris
718 4844 893 4897 aetatis
926 4845 1084 4910 plane
1129 4842 1519 4911 repudiandum
1558 4837 1727 4911 videri
1767 4850 1932 4911 :_cut_n

350 4919 405 4973 id
452 4918 629 4984 ipsum
690 4915 743 4967 iu
795 4902 1069 4967 Basiiiano
1111 4902 1385 4984 legamus,
1437 4909 1579 4984 quod
1624 4904 1833 4984 saaculo

349 4976 661 5043 confectum
694 4984 865 5040 fuisse
912 4988 1137 5038 scimus.
1166 4976 1369 5037 ‘Verum
1405 4976 1468 5035 et
1508 4977 1640 5032 illud
1676 4976 1926 5031 animad-

349 5057 672 5113 vertendum
714 5064 819 5120 est,
849 5055 1178 5127 breviarium
1207 5054 1331 5107 vita:
1357 5050 1688 5127 Basilianum
1714 5062 1791 5127 _ex
1824 5046 1928 5127 Lef-

348 5128 506 5181 ontio
554 5118 873 5195 expressum
903 5141 1045 5188 esse,
1084 5125 1239 5191 cujus
1288 5121 1533 5189 exempla
1579 5118 1812 5195 jamdiu,
1840 5124 1928 5195 _ut

349 5187 687 5260 monuimus,
706 5187 1216 5268 interpolataScrgii
1234 5209 1298 5268 ac
1312 5187 1629 5268 εωίθῇοτῑιιιι
1649 5187 1935 5268 Mquotbe-

352 5269 585 5323 letarum
606 5257 827 5338 nomina
851 5257 1178 5338 referebant:
1208 5264 1297 5334 qui
1332 5258 1810 5338 su_bConstant_ino
1832 5257 1938 5338 Ροτ

352 5351 558 5408 gonato
593 5338 644 5390 in
674 5337 910 5392 concilio
944 5330 1555 5408 Constantinopolitano
1606 5347 1663 5385 ιιι
1691 5330 1937 5408 damnati

350 5399 520 5464 sunt:
555 5408 755 5463 ibidem
780 5422 906 5461 vero
940 5408 1197 5461 traditum
1228 5399 1421 5469 fuisse,
1454 5412 1652 5458 sectam
1690 5399 1835 5452 illam
1859 5399 1935 5469 fin

353 5480 472 5550 ipsa
504 5478 715 5550 synodo
759 5493 797 5550 a_
817 5476 1089 5550 Gregorio
1133 5487 1323 5531 nostro
1377 5468 1599 5550 strenue
1628 5486 1749 5550 esse
1784 5468 1937 5550 refu-

351 5539 550 5604 tatam:
582 5549 748 5618 Igitur
780 5539 1065 5617 Menoiogii
1090 5557 1311 5619 auctor,
1339 5547 1430 5616 qui
1461 5546 1625 5599 sciret
1673 5539 1938 5619 Justinia-

353 5637 487 5691 num
504 5610 1190 5691 Rhinotmelumaaqualem
1208 5610 1397 5691 eorum
1416 5624 1719 5683 temporum
1740 5610 1929 5691 fuisse,

354 5704 409 5747 et
438 5689 815 5745 Iustinianum
834 5691 886 5743 in
920 5680 1149 5743 Leontio
1177 5688 1418 5755 legisset,
1454 5680 1601 5739 recte
1628 5698 1734 5735 non
1760 5680 1927 5734 alium

354 5776 476 5816 esse
502 5761 788 5830 judicavit,
819 5774 981 5829 quam
1009 5758 1439 5830 lthinotmetum,
1479 5756 1710 5823 aliisque
1740 5767 1928 5805 ausam

354 5832 606 5903 praebuit,
640 5839 700 5887 υι
731 5830 874 5889 idem
904 5830 1114 5886 .litteris
1158 5829 1542 5899 consignatum
1573 5842 1585 5878 :
1616 5838 1927 5895 quanquam

2043 4702 2255 4759 gnarat.
2289 4691 2554 4746 Cancrum
2585 4704 2685 4743 nec
2716 4692 2850 4745 bene
2877 4690 3077 4744 Luucia
3118 4690 3284 4753 (Bias.
3318 4709 3373 4746 n.
3407 4694 3496 4760 ’28)
3519 4692 3617 4746 Ju-

2042 4763 2341 4817 stiuiauum
2381 4764 2525 4816 hunc
2559 4761 2627 4815 ab
2660 4761 2791 4829 ipsis
2814 4762 3028 4815 concilii
3057 4761 3391 4829 temporibus
3422 4764 3614 4832 Augu-

2040 4843 2183 4887 stum
2218 4832 2383 4886 facit:
2407 4848 2567 4901 quem
2587 4833 2985 4886 Constantinus
3027 4839 3180 4902 pater
3210 4843 3299 4885 aut
3335 4848 3621 4902 nunquam

2038 4913 2133 4956 aut
2168 4905 2347 4957 serius
2382 4899 2697 4973 Augustum
2732 4902 3044 4971 appellavit.
3092 4899 3229 4973 Eum
3266 4904 3409 4954 enim
3440 4899 3617 4973 neque

2037 4973 2250 5043 Agatho
2282 4973 2341 5026 P.
2377 4972 2447 5028 M.
2480 4971 2532 5027 in
2566 4974 2893 5027 litterissuis
2915 4987 3154 5040 unquam
3178 4972 3302 5036 ciet,
3331 4971 3616 5043 nequePa-

2034 5042 2146 5098 tres
2180 5044 2397 5098 concilii
2440 5045 2492 5096 in
2543 5043 2771 5097 Actione
2814 5043 2920 5096 ulla
2959 5051 3051 5096 aut
3109 5044 3158 5095 in
3194 5042 3616 5109 prosphonetico

2041 5116 2235 5167 ultimo
2285 5123 2717 5168 commemorant
2754 5130 2768 5167 :
2799 5128 2922 5166 cum
2983 5113 3144 5165 iidem
3205 5112 3425 5166 fratrem
3475 5112 3618 5167 Con-

2044 5185 2265 5239 stantini
2301 5184 2436 5251 Aug.
2469 5199 2682 5250 semper
2716 5185 3081 5237 meminerint.

2113 5256 2225 5387 $28)
2255 5255 2391 5309 Cod.
2428 5256 2477 5335 ᾖ,
2520 5254 2859 5314 ἰουστιανός.

2137 5326 2226 5387 29)
2277 5324 2613 5378 Marcmuum
2663 5323 2859 5387 quemd

2137 5320 2226 5395 29)
2277 5323 2950 5395 Marcianum_quemdam
2991 5331 3259 5395 memorat
3295 5320 3614 5395 Simocatta,

2042 5392 2217 5465 (Hist.
2252 5395 2349 5449 lib.
2384 5411 2465 5457 tu,
2500 5410 2551 5465 cr.
2590 5393 2700 5459 10),
2743 5409 2903 5462 quem
2946 5392 3605 5465 στρατηγὸγῌξψρεὶίειᾼὲν

2040 5460 2118 5534 τῷ
2147 5466 2435 5534 καταλόγῳ
2472 5464 2581 5517 τῶν
2605 5460 2908 5534 πατρίκίων
2939 5460 3087 5526 ὄντα,
3122 5460 3487 5533 περίϐλεπτον
3514 5460 3615 5514 ἆν-

2039 5518 2163 5605 δρα,
2191 5518 2240 5590 id
2264 5518 2377 5597 est,
2399 5518 2599 5599 Ducem
2656 5518 2793 5587 inier
2842 5518 3094 5601 patricios
3143 5518 3615 5605 aliect_um,tvirum

2041 5601 2394 5676 spectabilem.
2428 5608 2602 5675 Atque
2641 5606 2788 5676 hunc
2840 5605 2943 5658 sub
2976 5604 3235 5659 extremis
3280 5602 3482 5658 Justiui
3515 5601 3615 5657 Ju-

2039 5674 2214 5735 nioris
2245 5674 2585 5745 temporibus
2623 5676 2677 5728 in
2715 5674 2990 5730 Orientem
3041 5690 3164 5729 cum
3206 5676 3444 5745 exercitu
3478 5675 3617 5730 mis~

2038 5764 2159 5803 sum
2195 5744 2409 5811 scribit,
2432 5761 2531 5801 nec
2560 5747 2733 5800 multo
2766 5754 2909 5814 post,
2933 5755 3154 5814 propter
3179 5744 3299 5813 ejus
3338 5747 3617 5799 temerita-

2039 5830 2172 5887 tem,
2216 5818 2471 5876 abdicare
2499 5831 2559 5875 se
2590 5818 2797 5874 honore
2817 5816 3056 5888 jussum.
3086 5814 3161 5872 Ea
3189 5824 3315 5874 nota
3366 5816 3616 5886 juvenem
