4158 6524
581 349 688 414 6⁷15

1541 346 1601 405 S.
1644 336 2027 404 GREGORII
2079 336 2593 403 AGRIGENTINI
2644 339 2843 399 VITA.

3740 341 3841 406 616

580 473 653 529 ab
709 469 830 537 ipso
876 460 1221 535 pientissimo
1274 454 1389 533 [tv]
1438 460 1776 531 imperatore
1829 463 2032 533 petiit,
2096 470 2158 516 ut

2268 461 2447 529 γόριος
2479 456 2570 511 διά
2612 470 2760 517 τινος
2801 451 3007 507 οἰκείου
3064 449 3161 505 τοῦ
3210 451 3479 521 βασιλέως
3520 453 3841 525 Μαρκιανοῦ

582 562 690 619 sibi
726 560 952 614 Romam
982 551 1280 624 proﬁcisci,
1308 567 1374 607 ac
1414 564 1639 608 sanctos
1675 562 1731 609 et
1769 554 2160 610 celeberrimos

581 653 860 725 apostolos
889 646 1141 705 venerari
1176 645 1389 700 liceret.
1426 645 1506 701 Ea
1546 655 1728 701 autem
1758 646 1877 716 lege
1902 656 1958 702 et
1983 647 2159 718 impe-

579 755 734 802 rator
771 754 826 799 et
871 741 1329 811 archiepiscopus
1372 738 1529 795 abire
1562 754 1689 794 eum
1741 737 1973 795 Romam
2012 741 2158 811 passi

580 844 727 901 sunt,
757 844 818 890 ut
856 850 1075 890 rursum
1121 832 1657 904 Constantinopolim
1710 834 1933 890 rediret.
1992 834 2162 892 Porro

581 944 709 986 cum
740 926 1019 983 Marciano
1062 926 1304 982 amicitia
1352 935 1409 982 et
1440 927 1781 982 consuetudo
1825 927 1988 982 beato
2022 926 2163 984 Gre-

585 1022 742 1094 gorio
767 1035 1066 1092 permagna
1090 1029 1231 1075 erat.
1259 1020 1506 1075 Tandem
1531 1019 2006 1090 Constantinopoli
2036 1036 2161 1076 cum

583 1112 843 1170 solvisset
874 1111 1201 1183 Gregorius,
1228 1111 1460 1168 Romam
1490 1112 1740 1183 pervenit
1784 1127 1839 1168 st
1882 1114 2163 1172 Kalendas

578 1202 797 1269 Juliasr
813 1204 1168 1273 adoratisque
1209 1213 1530 1260 sanctorum
1567 1218 1632 1258 ac
1675 1202 2161 1258 celeberrimorum

581 1298 954 1367 apostolorum
1006 1297 1296 1366 sepulcris,
1346 1299 1681 1367 etcterisque
1716 1296 1869 1351 urbis
1900 1297 2163 1352 sacrariis

582 1388 856 1455 lustratis,
899 1390 1153 1444 cellulam
1205 1389 1317 1443 sibi
1353 1389 1603 1459 quaesivit
1651 1389 1793 1458 apud
1841 1389 2161 1459 praefectum

582 1481 912 1536 monasterii
958 1480 1150 1535 Sancti
1185 1480 1345 1536 Saliae
1385 1481 1519 1552 (50),
1561 1491 1726 1551 atque
1760 1482 1814 1534 in
1857 1496 1923 1536 eo
1974 1496 2165 1536 mona-

583 1572 756 1628 sterio
783 1572 943 1628 latuit
978 1573 1184 1627 nemini
1219 1582 1406 1635 notus,
1438 1582 1493 1627 et
1521 1588 1551 1626 a
1584 1574 1858 1642 cujusque
1886 1572 2164 1642 colloquio

580 1665 809 1720 omnino
840 1664 1227 1721 abstinens.At
1254 1664 1678 1736 episcopi,quos
1704 1666 1949 1737 pontifex
1986 1664 2164 1719 maxi-

581 1773 709 1812 mus
777 1758 845 1812 ad
918 1760 1188 1828 synodum
1259 1758 1517 1823 miserat,
1561 1758 1809 1829 Gregorii
1866 1759 2161 1813 adventum

581 1858 1021 1914 anteverterant,
1057 1851 1219 1921 eique
1236 1852 1442 1917 omnia,
1468 1866 1594 1921 qua:
1613 1851 1913 1920 Gregorius
1941 1852 2162 1921 egisset,

582 1952 979 2012 exposuerant,
1020 1942 1484 2013 quemadmodum
1529 1943 1742 1999 scilicet
1774 1944 2160 1998 hereticorum

581 2050 681 2091 ora
717 2036 1108 2091 obstruxisset.
1143 2037 1359 2090 Interea
1390 2036 1522 2091 dum
1560 2036 1745 2091 Romae
1780 2036 2001 2107 degeret
2026 2036 2163 2092 Gre-

585 2128 796 2198 gorius,
825 2128 1110 2199 Agrigenti
1129 2129 1422 2199 episcopus
1437 2129 1550 2199 (5i)
1571 2130 1724 2184 illius
1740 2128 1995 2184 Ecclesiae
2013 2144 2164 2183 mor-

581 2228 712 2277 tuus
757 2229 843 2275 est
887 2220 1021 2290 (32).
1069 2220 1150 2276 Ac
1197 2221 1465 2277 seditione
1492 2220 1549 2277 in
1593 2222 1713 2292 ejus
1757 2221 1909 2276 urbis
1960 2220 2162 2291 populo

582 2376 871 2447 designare
899 2375 1110 2448 videtur
1137 2394 1149 2429 :
1179 2376 1363 2446 itaque
1409 2376 1677 2448 suspicari
1721 2376 1869 2443 licet,
1905 2376 2159 2432 eumdem

584 2448 731 2503 hunc
767 2462 911 2507 esse,
957 2447 1049 2516 qui
1084 2447 1321 2501 Mani-itii
1350 2447 1521 2503 aetate
1539 2449 1820 2504 etiamtum
1860 2456 2161 2516 superstes,

584 2516 726 2572 inter
749 2518 1058 2587 spatharios
1074 2518 1187 2572 sive
1214 2527 1549 2586 protectores
1580 2519 1767 2572 lateris
1793 2517 2039 2587 Augusto
2062 2534 2162 2586 ap-

587 2590 873 2657 paruerit:
911 2603 1019 2654 quo
1062 2603 1251 2657 nempe
1297 2589 1455 2641 titulo
1498 2587 1637 2642 inira
1671 2586 1926 2642 donatur.
1976 2586 2163 2655 Neque

585 2662 729 2710 rerum
759 2657 971 2711 ordinis
1004 2657 1166 2725 hujus
1195 2658 1389 2726 exigua
1427 2670 1544 2713 erat
1575 2660 1835 2728 dignitas,
1879 2673 2003 2711 cum
2037 2659 2161 2711 inde

588 2728 794 2794 legatos
839 2730 1001 2781 etiam
1045 2728 1370 2797 quandoque
1410 2728 1651 2783 drlt'ClOS
1695 2736 1926 2785 constet.
1975 2728 2163 2781 Διειιί-

590 2813 717 2860 nus,
745 2798 908 2865 epist.
941 2799 973 2850 9
996 2803 1059 2849 ad
1098 2796 1459 2865 Nicephorum
1496 2800 1635 2866 Aug.
1663 2817 1676 2851 :
1709 2799 1929 2859 Audito,
1965 2798 2162 2867 inquit,

587 2869 813 2922 adventu
842 2870 1119 2938 memorati
1154 2869 1311 2936 legati
1340 2868 1641 2922 dilectionis
1674 2881 1777 2922 ture
1804 2869 2015 2922 Arsacii
2048 2867 2164 2938 glo-

586 2938 720 3009 riosi
768 2937 1075 3009 spatharii.
1151 2954 1464 3009 magnopere
1512 2941 1679 3009 gavisi
1729 2956 1932 2993 sumus.
1986 2937 2166 3007 Atque

586 3008 727 3081 idem
764 3008 989 3061 honoris
1020 3010 1239 3081 gradns
1282 3008 1885 3081 cnaeapixbv_dt§i'oipa
1923 3010 2165 3079 appella-

585 3088 677 3133 tur
712 3080 764 3132 in
796 3078 1150 3132 Orientalium
1185 3078 1484 3148 Synodiea'
1511 3082 1577 3133 ad
1620 3078 2162 3148 Theophilum’Aug.

586 3148 752 3218 (apud
794 3148 1050 3221 ‘Comhef.
1099 3149 1153 3203 in
1186 3148 1394 3217 Manip.
1431 3149 1582 3221 Orig.
1621 3148 1734 3206 (ΣΡ.
1768 3165 1827 3221 γρ.
1866 3150 2015 3219 121),
2052 3165 2162 3219 quo

586 3218 893 3288 pervenire,
950 3218 1055 3272 nisi
1111 3231 1231 3287 post
1281 3218 1602 3275 diuturnam
1634 3218 2014 3281 ambitionem.
2052 3218 2161 3273 non

586 3290 804 3360 licebat,
839 3298 901 3360 _nt
946 3303 1137 3360 eorum
1166 3289 1301 3343 ordo
1336 3291 1577 3352 iudicat.
1626 3292 1721 3360 qui
1782 3291 2164 3360 σπαθαροκαν-

587 3358 790 3430 διδάτοι
820 3358 1141 3430 dicebantur
1174 3377 1188 3412 :
1223 3375 1362 3428 quos
1388 3371 1443 3413 et
1478 3361 1529 3413 in
1560 3358 1809 3430 Gregorii
1856 3361 1922 3423 ιι,
1955 3358 2036 3414 vel
2070 3374 2156 3420 ιιι.

628 3469 642 3483 .
678 3445 752 3481 ιιι.
782 3429 977 3483 litteris
1004 3430 1070 3483 ad
1105 3429 1341 3485 Leonem
1366 3430 1544 3485 lsaur.
1584 3440 1639 3485 et
1672 3429 1725 3484 in
1757 3432 1930 3484 tribus
1964 3430 2159 3483 saltem

628 3469 642 3483 .
678 3445 752 3481 in.
782 3445 977 3483 llllel'ls
1004 3445 1070 3483 au
1105 3445 1341 3485 Leonem
1369 3445 1544 3485 tsaur.
1584 3445 1639 3485 et
1672 3447 1725 3484 ιιι
1757 3445 1930 3484 trtous
1964 3445 2159 3483 saltem

586 3445 766 3571 ἓΙιθιίἰ
784 3499 1045 3571 epistolis
1076 3509 1402 3555 memoratos
1440 3501 1707 3567 invenies.
1745 3499 1842 3571 (V.
1876 3498 2049 3555 Cotel.
2084 3497 2160 3553 Μ.

590 3568 739 3624 Eccl.
770 3566 862 3638 Gr.
891 3578 930 3622 t.
968 3568 1031 3631 ll,
1061 3584 1114 3638 p.
1151 3571 1293 3634 104.)

568 3708 571 3709 ν
662 3640 774 3707 (50)
817 3636 906 3691 Vel
941 3636 1190 3692 haee'una
1226 3642 1283 3693 S.
1317 3638 1478 3693 Sabae
1501 3640 1789 3709 appellatio
1809 3648 1974 3694 totam
2005 3655 2163 3694 aver-

591 3710 659 3762 tit
684 3710 923 3777 tiajetani
961 3711 1285 3763 sententiam
1318 3726 1332 3763 :
1366 3711 1510 3780 quod
1553 3720 1932 3780 argumentum
1968 3725 1997 3763 a
2022 3710 2166 3763 Lan-

589 3780 673 3833 cia
720 3781 1022 3848 neglectum
1072 3795 1191 3833 esse
1219 3778 1407 3833 miror.
1456 3778 1590 3833 Nam
1624 3778 1680 3834 isi
1723 3779 2020 3848 Gregorius
2064 3796 2166 3833 no-

591 3860 702 3904 ster
737 3851 964 3902 Itomam
993 3850 1137 3901 venit
1167 3848 1481 3903 JttStiniano
1528 3852 1666 3918 Aug.
1708 3850 2019 3918 superstite,
2055 3864 2166 3918 quo

590 3928 749 3990 pacto
771 3921 1047 3990 rlIOSpllem
1083 3919 1266 3973 ltorna:
1299 3921 1543 3974 invenire
1591 3921 1765 3989 potuit
1798 3922 2162 3990 hegumenum

593 3990 656 4045 ὃ.
691 3988 868 4053 διῆκε,
903 4006 1025 4043 cum
1061 3992 1233 4046 babas
1266 3991 1471 4045 nullam
1514 3988 1780 4044 coloniam
1810 3988 1961 4044 extra
1996 3990 2167 4043 Palic-

590 4062 788 4113 stinatn
830 4060 1123 4121 emisisset.
1178 4076 1277 4117 nec
1319 4062 1569 4115 monachi
1619 4062 1739 4128 ejus
1788 4060 2014 4114 Romam
2059 4078 2166 4113 mt-

588 4131 781 4199 grandi
803 4146 1024 4184 causam
1051 4133 1333 4185 etiamtum
1356 4132 1713 4187 habuissent?
1741 4129 2007 4185 Nimirum
2031 4130 2168 4186 Gre-

590 4202 779 4271 gorius
816 4202 1044 4255 Romam
1078 4204 1292 4256 venisse
1328 4204 1590 4257 dicendus
1634 4211 1718 4257 est
1757 4218 1847 4255 an.
1892 4202 2018 4262 555.
2057 4219 2167 4270 quo

595 4274 699 4328 iatn
733 4274 1023 4325 concilium
1059 4287 1089 4325 ν
1127 4273 1438 4327 absolutum
1464 4283 1604 4327 erat.
1644 4272 1693 4328 Is
1720 4288 1899 4325 annus
1930 4289 1959 4325 a
1992 4284 2169 4326 mOrte

634 4341 750 4395 abre
804 4343 1094 4413 vicesimus
1142 4344 1353 4411 primus
1393 4344 1787 4397 numerabatur
1814 4360 1829 4397 :
1856 4344 1950 4413 qui
1987 4355 2166 4397 autem

593 4412 739 4481 hunc
764 4412 1020 4481 proxime
1045 4424 1374 4467 consecutus
1408 4423 1510 4473 est.
1557 4429 1735 4469 annos
1777 4412 1899 4478 fuit,
1929 4429 2037 4481 quo
2064 4414 2163 4467 Sa-

591 4480 752 4534 baitze
764 4479 970 4535 Novam
991 4480 1230 4553 Lauram
1255 4482 1394 4552 apud
1423 4483 1797 4553 Hierosolyma
1827 4479 2167 4552 recc—perunt,

592 4565 833 4623 quoque,
865 4552 1038 4623 utan
1063 4539 1303 4623 Cyrinus:
1331 4539 1831 4623 Scythopolitanus,
1875 4539 2027 4617 τέλος
2051 4539 2167 4607 ἐδέέ
2204 4539 2245 4595 D

592 4620 723 4693 ξατο
816 4620 959 4693 κατὰ
988 4621 1085 4691 τῆς
1112 4620 1418 4685 ήεὺσεϐείαξ
1471 4620 1729 4693 πόλεμος,
1770 4623 1821 4676 id
1870 4633 1973 4687 est,
2009 4624 2169 4692 ﬁnem

592 4688 778 4763 (tabuit
807 4689 1020 4763 bellum,
1044 4688 1185 4763 quod
1205 4703 1388 4763 contra
1413 4688 1661 4761 pietatem
1681 4695 1966 4748 excitatura
1994 4688 2169 4763 fuerat

595 4760 675 4831 (in
707 4759 825 4814 Vita
863 4759 1274 4833 Sabee,'n.‘90).
1315 4759 1495 4828 Quare
1532 4773 1656 4817 ante
1687 4765 1934 4833 Gregorii
1965 4759 2169 4818 adven—

593 4830 711 4900 tum
744 4835 1078 4884 monasterio
1130 4830 1477 4886 Sabaitarutn
1511 4830 1901 4888 constituendo
1953 4845 2170 4900 tempus

595 4899 861 4976 Romanis
890 4900 1430 4976 deftti_t_:‘prtesertim
1461 4920 1584 4976 cum
1619 4910 2009 4976 monachorum
2043 4908 2168 4976 luga

594 4972 822 5046 coeperit
854 4987 1002 5046 anno
1031 4971 1135 5046 59G
1170 4987 1280 5041 quo
1311 4989 1405 5027 eos
1433 4975 1720 5046 Georgius
1756 4971 2174 5046 Origeuianus'c

596 5042 1038 5115 blaximaLaura
1072 5042 1263 5115 ejeCIt;
1300 5058 1399 5098 nec
1430 5043 1484 5115 in
1512 5042 1838 5115 longinquas
1857 5042 2040 5099 ierras
2081 5062 2175 5100 su-

598 5113 710 5167 bitt)
763 5112 1111 5186 aufttgerittt,
1140 5113 1234 5186 sed
1290 5116 1370 5175 είς
1417 5114 1479 5167 τὸ
1506 5112 1631 5186 ὃροξ
1676 5115 1786 5167 τῶν
1843 5115 2087 5180 Ἐλαιῶν,
2119 5117 2175 5170 in

499 5250 509 5259 υ
598 5191 825 5259 montem
857 5183 1153 5259 Oliuarum,
1206 5185 1405 5259 deinde
1448 5183 1576 5240 vero
1622 5202 1714 5256 per
1744 5186 2000 5259 regiones,
2035 5189 2175 5259 κατὰ

597 5254 696 5315 τὰς
725 5251 906 5324 χώρας
940 5270 952 5282 ·
994 5262 1053 5308 ιιι
1083 5256 1221 5329 idem
1246 5256 1479 5329 Cyrillus
1509 5251 1730 5329 scripsit
1756 5251 1912 5325 (ibid.
1951 5274 2005 5311 η.
2039 5257 2171 5326 88);

598 5340 854 5399 quorum,
879 5325 1245 5399 quiamagis
1277 5327 1489 5381 dissita:
1518 5325 1705 5383 essent
1753 5339 2027 5399 postremo
2060 5325 2176 5383 adi-

602 5406 705 5459 tas,
735 5396 1152 5449 existimandum
1191 5405 1295 5449 est.

670 5467 737 5517 At
750 5482 879 5518 vero
895 5482 1038 5519 anno
1050 5466 1172 5529 589,
1190 5482 1299 5535 quo
1317 5481 1413 5520 ιιος
1430 5466 1674 5538 Gregorii
1692 5469 1745 5523 in
1771 5469 1956 5523 urbem
1981 5469 2177 5523 adven-

602 5544 718 5590 tum
736 5541 1144 5608 consignamus,
1166 5548 1279 5590 erat
1300 5540 1350 5590 ιιι
1369 5540 1635 5593 Aventino
1653 5539 1798 5593 Cella
1819 5556 1971 5605 nova,
1988 5543 2051 5594 de
2069 5557 2174 5608 qua

601 5615 726 5679 ante
748 5606 953 5679 Leontii
978 5609 1259 5661 historiam
1297 5610 1471 5663 iusius
1499 5610 1880 5675 disseruimus;
1912 5612 1965 5663 in
2004 5606 2178 5679 eaque

601 5676 924 5749 Gregorium
962 5687 1234 5749 versatum
1272 5694 1413 5741 esse,
1450 5681 1605 5734 facile
1633 5683 1868 5749 quisqtte
1891 5676 2172 5736 concedat.

674 5748 786 5815 (5i)
806 5746 942 5820 Cod.
972 5747 1026 5801 2.
1062 5764 1170 5802 non
1195 5750 1354 5802 habet
1382 5746 1665 5820 Θεόδωρον
1686 5746 1978 5820 λεγόμενον
2013 5767 2027 5781 ο
2054 5768 2177 5820 ιιιιευ

601 5824 787 5874 tamen
814 5818 1066 5892 leguntur
1111 5820 1276 5875 etiam
1328 5821 1384 5874 in
1436 5818 1621 5877 codiCe
1660 5818 2002 5879 bibliotheca:
2033 5818 2145 5877 Bon

2185 3188 2232 3251 C

2259 550 2517 620 τοῦνομα,
2546 547 2642 602 τοῦ
2669 545 2929 602 ἀπελθεῖν
2972 544 3135 599 αὑτὸν
3166 545 3225 599 ὲν
3272 545 3461 619 Ῥώμῃ
3484 582 3501 611 ,
3529 548 3627 601 καὶ
3672 565 3842 618 προσ-

2260 641 2522 707 εύξασθαι
2549 641 2632 701 εἰς
2670 638 2801 701 τοὺς
2824 636 3017 706 ἁγίους
3044 636 3142 690 καὶ¹
3185 637 3581 708 πανευφήμους
3612 639 3844 694 ἀποστό-

2260 733 2410 797 λους.
2456 732 2570 787 Καὶ
2615 730 2904 784 ἐκέλευσεν
2940 730 2969 783 ὁ
3017 727 3270 797 βασιλεὺς
3312 728 3429 800 ἅμα
3471 729 3551 801 τῷ
3588 731 3843 803 ἀρχιεπι-

2264 826 2454 893 σκόπῳ
2474 822 2573 877 τοῦ
2602 821 2864 877 ἀπελθεῖν
2891 820 3057 876 αὐτὸν
3082 821 3141 875 ὲν
3174 821 3390 893 Ῥώμῃ,
3427 823 3523 877 καὶ
3557 821 3719 879 πάλιν
3744 826 3844 879 επ.

2263 915 2586 988 ανακάμψαι
2633 913 2799 969 αὑτὸν
2844 912 2903 967 ὲν
2946 912 3537 967 Κωνσταντινουπόλει.
3568 908 3676 967 Ἦν
3713 913 3771 968 δὲ
3814 916 3843 968 ὁ

2262 1005 2582 1078 Μαρκιανὸς
2632 1004 2776 1076 ἔχων
2825 1001 3013 1073 φιλίαν
3061 1003 3158 1055 καὶ
3203 1000 3408 1070 γνῶσιν
3453 1003 3656 1075 πολλὴν
3704 1004 3844 1075 μετὰ

2261 1099 2359 1154 τοῦ
2387 1097 2661 1170 μακαρίου
2688 1094 3018 1168 Γρηγορίου.
3051 1089 3187 1147 Εἶτα
3212 1095 3556 1164 ἀποκινήσας
3591 1097 3657 1151 ἐκ
3696 1097 3845 1151 Κων-

2266 1189 2767 1253 σταντινουπόλεως
2795 1189 2824 1242 6
2851 1186 3155 1257 Γρηγόριος
3179 1185 3488 1240 κατέλαὸεν
3520 1189 3576 1237 ὲν
3600 1191 3666 1260 τῇ
3710 1188 3843 1242 Ῥω-

2267 1283 2443 1354 μαίων
2494 1281 2648 1335 πόλει
2687 1277 2861 1333 εἰκάδι
2906 1274 3101 1347 πρώτῃ
3132 1274 3227 1329 τοῦ
3266 1270 3487 1327 Ἰουνίου
3520 1272 3710 1342 μηνὸς,
3748 1276 3843 1330 καὶ

2264 1371 2651 1444 προσκυνήσας
2690 1370 2818 1433 τοὺς
2869 1367 3078 1436 τάφους
3108 1366 3217 1420 τῶν
3245 1366 3417 1433 ἁγίων
3445 1364 3539 1417 καί
3572 1369 3844 1434 πανευφὴο

2268 1483 2384 1534 μων
2426 1462 2767 1524 ἀποστόλων.
2800 1460 2897 1515 καὶ
2930 1459 3111 1513 πάντα
3137 1457 3303 1511 τόπον
3336 1457 3490 1525 ἅγιον
3527 1456 3618 1511 τὸν
3662 1456 3845 1510 ἐκεῖσε

2263 1553 2609 1628 διαδραμὼν,
2658 1553 2887 1623 αἰτήσας
2935 1550 3147 1604 κελλίον
3180 1549 3336 1617 παρὰ
3377 1547 3474 1602 τοῦ
3533 1546 3844 1617 ἡγουμένου

2262 1648 2356 1701 τοῦ
2390 1644 2758 1718 μοναστηρίου
2792 1644 2887 1700 τοῦ
2933 1642 3119 1711 Ἀγίου
3169 1641 3341 1707 Σάὁα,
3384 1639 3660 1712 ῂσύχασεν
3683 1642 3741 1691 ὲν
3766 1637 3846 1708 τῷ

2264 1740 2414 1811 αὐτῷ
2450 1739 2820 1811 μοναστηρίῳ,
2854 1736 3085 1808 μηδενὸς
3113 1733 3495 1803 γινώσκοντος,
3524 1732 3659 1803 μηδὲ
3694 1732 3846 1785 δυνά-

2271 1852 2433 1906 μενος
2466 1830 2954 1906 παρρησιασθῆναί
2986 1847 3094 1883 τινι
3133 1828 3195 1881 τὸ
3246 1826 3485 1883 σύνολον.
3528 1828 3591 1880 Ol.
3623 1825 3681 1879 δὲ
3724 1826 3845 1880 ἐπί-

2268 1946 2462 1983 σκοποι
2499 1928 2551 1981 οἱ
2592 1924 2994 1987 ἀποσταλέντες
3028 1921 3181 1992 παρὰ
3210 1919 3304 1975 τοῦ
3336 1920 3495 1974 πάπα
3527 1920 3584 1973 ὲν
3610 1921 3678 1992 τῇ
3723 1935 3846 1972 συν-

2264 2028 2394 2098 όδῳ,
2430 2025 2734 2097 προέλαϐον
2776 2024 2869 2078 τὸν
2911 2023 3217 2094 Γρηγόριον
3250 2023 3309 2075 ὲν
3348 2020 3573 2093 Ῥώμῃ,
3620 2020 3717 2073 καὶ
3765 2018 3846 2073 δι-

2266 2127 2549 2199 ηγήσαντο
2573 2125 2754 2178 πάντα
2781 2122 2851 2177 τὰ
2876 2121 3017 2176 κατὰ
3048 2121 3140 2174 τὸν
3160 2119 3462 2191 Γρηγόριον
3475 2119 3555 2190 τῷ
3583 2119 3760 2190 πάπᾳ,
3784 2118 3845 2172 τὺ

2270 2219 2387 2282 πῶς
2416 2216 2713 2289 ὲνέφραξεν
2743 2215 2814 2271 τὰ
2838 2215 2948 2269 τῶν
2982 2212 3281 2285 αἱρετικῶν
3324 2211 3589 2284 στόματα.
3620 2214 3731 2266 Καὶ
3766 2212 3842 2277 ὡς

2265 2375 2624 2445 compagniie.
2653 2384 2715 2430 ιιι
2742 2389 2806 2429 ex
2853 2373 3111 2445 Falconio
3137 2371 3320 2437 didici,
3348 2370 3440 2445 qui
3473 2370 3650 2445 locum
3692 2372 3847 2445 hunc

2267 2442 2488 2499 totidem
2525 2448 2703 2501 verbis
2753 2445 2914 2499 all'ert
2958 2445 3013 2498 in
3066 2442 3475 2498 Commentario
3506 2443 3572 2495 ad
3604 2443 3843 2500 Tabulas

2273 2518 2552 2571 ltuthenas
2604 2515 2988 2584 Gapponianas
3036 2512 3182 2583 (pag.
3236 2512 3364 2584 35);
3407 2527 3722 2584 quanquam
3774 2515 3844 2570 de

2266 2590 2457 2640 codice
2491 2580 2749 2640 admonet
2793 2585 2949 2639 initio
2991 2580 3155 2639 illitth
3182 2592 3237 2637 et
3281 2583 3387 2636 line
3425 2597 3633 2636 carere.
3676 2580 3844 2639 Heta-

2269 2659 2518 2727 phrastt-s
2550 2672 2680 2710 vero
2710 2657 2763 2710 in
2798 2653 3509 2727 aliquorexi-mplarijtabet
3533 2652 3839 2727 Θεοδόσιον,

2271 2722 2348 2781 uti
2381 2744 2440 2781 se
2474 2728 2673 2794 legisse
2714 2722 2950 2781 ostendit
2977 2726 3273 2795 Gregorius
3309 2722 3617 2779 Polidorius
3656 2724 3712 2778 in
3739 2739 3841 2781 suo

2269 2797 2627 2865 Gregoriano,
2661 2813 2782 2865 pag.
2815 2797 2873 2850 5i
2890 2836 2904 2849 .

2340 2862 2452 2939 (32)
2482 2867 2558 2921 Ne
2580 2862 2991 2936 hujos'quiuem
3023 2863 3267 2939 episcopi
3308 2877 3505 2918 nomen
3538 2878 3567 2917 a
3611 2862 3839 2919 Leontio

2266 2937 2411 3005 esse,
2437 2939 2686 2993 codicum
2705 2940 2941 2992 varietas
2964 2953 3070 2989 non
3096 2937 3194 2989 levi
3213 2940 3541 3003 argumento
3561 2945 3681 2999 est;
3712 2951 3835 2990 nam

2266 3019 2319 3065 et
2371 3010 2423 3063 in
2475 3009 2668 3071 altero,
2721 3024 2880 3077 quem
2916 3008 2969 3059 in
3015 3006 3381 3075 descriptione
3435 3004 3596 3074 hujus
3624 3008 3747 3061 vitae
3769 3008 3839 3061 ob

2267 3081 2459 3134 oculos
2506 3079 2693 3142 habui,
2741 3088 2796 3131 et
2839 3077 2895 3131 in
2933 3092 3017 3141 eo,
3069 3092 3178 3143 quo
3211 3091 3344 3130 usus
3390 3085 3473 3128 est
3522 3077 3838 3147 Cajetanus,

2268 3152 2429 3219 plane
2461 3150 2798 3219 desideratur
2827 3166 2841 3200 :
2874 3148 2981 3219 sed
3001 3148 3133 3219 nihil
3152 3147 3342 3219 magis
3375 3149 3643 3219 ostendit,
3672 3164 3836 3215 quam

2264 3217 2528 3288 Gregorii,
2559 3217 2737 3289 Magni
2792 3218 3019 3287 epistola
3052 3217 3119 3289 57
3150 3218 3271 3271 libri
3322 3230 3374 3270 ιν
3427 3232 3592 3285 quam
3632 3218 3720 3289 ille
3769 3220 3838 3273 ad

2266 3287 2671 3344 Maximianum
2689 3290 3005 3356 episcopum
3042 3287 3436 3355 Syracusarum
3485 3290 3648 3342 misit.
3688 3288 3839 3343 δοσι-

2266 3371 2355 3427 pta
2391 3370 2475 3415 est
2498 3361 2614 3413 haec
2635 3360 2863 3426 epistola
2886 3359 2966 3410 vel
2993 3358 3273 3412 sunlinem
3305 3358 3431 3411 anni
3462 3356 3565 3412 595
3600 3360 3678 3412 vel
3710 3372 3841 3413 ante

2268 3430 2639 3499 Septembrem
2663 3434 2788 3481 anni
2813 3429 3090 3495 srquentis
3124 3446 3137 3482 :
3176 3428 3394 3499 praefert
3419 3430 3565 3483 enim
3591 3431 3841 3484 indictio-

2266 3496 2390 3555 nein
2425 3500 2512 3553 12.
2545 3498 2659 3551 lloc
2684 3507 2863 3552 autem
2897 3508 3139 3565 tempore
3178 3496 3470 3567 Gregorius
3512 3510 3701 3553 noster
3727 3500 3840 3554 Ro-

2265 3586 2370 3624 mae
2403 3570 2458 3623 in
2512 3570 2757 3624 custodia
2792 3569 3111 3630 habebatur,
3136 3584 3381 3639 cansam
3416 3584 3597 3625 coram
3658 3570 3841 3639 ponti-

2265 3641 2366 3695 ﬁce
2393 3640 2630 3693 maximo
2660 3640 2903 3692 dicturus
2931 3677 2945 3701 ,
2980 3647 3040 3691 ιιι
3068 3638 3205 3691 infra
3238 3639 3399 3707 leges.
3434 3642 3609 3693 Porro
3642 3638 3839 3695 littera;

2266 3711 2332 3765 ad
2390 3709 2776 3762 Maximianum
2836 3710 3034 3769 inissze,
3087 3710 3230 3777 quod
3279 3711 3326 3764 is
3370 3712 3423 3765 in
3466 3711 3649 3764 Sicilia
3691 3715 3837 3766 vices

2268 3789 2482 3849 gereret
2537 3779 2813 3848 pontiﬁcis
2868 3778 3116 3850 maximi,
3156 3788 3215 3834 ut
3246 3793 3469 3850 apparet
3510 3798 3577 3836 ex
3605 3783 3837 3850 epistola

2268 3847 2321 3915 7,
2352 3851 2425 3905 lib
2454 3867 2515 3921 tt,
2539 3847 2781 3921 ejusdem
2810 3848 2989 3917 magni
3023 3847 3295 3921 Gregorii;
3319 3847 3400 3904 Ea
3434 3867 3573 3921 vero
3588 3847 3712 3906 sunt
3739 3853 3840 3905 bn-

2263 3920 2567 3992 jusmodi;
2613 3918 2815 3987 Euplus
2873 3918 3209 3988 praesentium
3261 3923 3486 3989 portitor
3542 3920 3837 3975 Ensaninm

2268 3990 2626 4062 Agrigentinus
2651 3992 2881 4062 civitatis
2920 3992 3235 4057 episcopum,
3267 4009 3419 4044 suum
3446 3993 3608 4059 fuisse
3642 4008 3838 4044 memo-

2268 4061 2353 4117 rat
2384 4061 2690 4130 genitorem,
2718 4061 3004 4130 matrisque
3030 4077 3140 4114 sua:
3161 4075 3239 4113 res
3272 4063 3413 4131 apud
3437 4080 3553 4116 eum
3579 4062 3837 4129 plurimas

2268 4133 2473 4187 indicat
2509 4133 2782 4184 mansisse.
2811 4130 2997 4195 Quem,
3033 4134 3279 4197 quoniam
3307 4130 3619 4186 intestatum
3643 4135 3837 4186 asserit

2269 4220 2378 4257 esse
2400 4202 2727 4270 defunctum,
2756 4202 2869 4254 ideo
2898 4211 2944 4253 et
2978 4218 3055 4253 res
3082 4211 3348 4256 maternas
3378 4204 3479 4256 sibi
3506 4205 3634 4271 petit
3656 4202 3838 4258 debere

2270 4275 2500 4337 restitui,
2540 4284 2587 4325 et
2620 4288 2742 4323 ante
2779 4273 2907 4323 dicti
2938 4273 3167 4340 episcopi
3189 4275 3358 4341 patris
3385 4275 3470 4327 sui
3517 4291 3569 4326 se
3597 4276 3837 4342 permitti

2270 4343 2623 4398 substantiam
2654 4342 2901 4410 adipisci.
2926 4343 3044 4405 Qua
3078 4343 3142 4395 de
3173 4360 3227 4396 re
3250 4344 3576 4412 fraternitati
3606 4355 3711 4397 tute
3733 4344 3836 4396 hu-

2264 4416 2355 4485 jus
2371 4414 2617 4482 praecepti
2650 4416 2783 4467 serie
2812 4413 3143 4485 deputamus,
3167 4422 3423 4485 quatenus
3446 4416 3720 4484 diligenter
3744 4431 3838 4467 cu-

2273 4494 2348 4538 ret
2380 4486 2670 4545 addiscere,
2698 4493 2745 4536 et
2776 4484 2821 4535 si
2868 4484 2994 4551 quid
3025 4486 3164 4549 apud
3202 4484 3511 4552 pra-dictam
3542 4485 3835 4538 Ecclesium

2273 4556 2336 4607 de
2370 4557 2522 4607 rebus
2573 4555 2759 4607 matris
2793 4555 2958 4622 ipsius
3006 4554 3225 4606 inveniri
3279 4558 3528 4620 potuerit,
3575 4556 3836 4620 siquidem

2270 4626 2401 4696 nihil
2433 4634 2531 4687 est,
2560 4625 2698 4693 quod
2729 4634 2850 4676 ante
2878 4625 3019 4676 dicto
3049 4622 3219 4691 Euplo
3244 4626 3636 4679 rationabiliter
3667 4627 3838 4696 possit

2271 4695 2542 4757 obsistere,
2570 4697 2620 4748 ei
2658 4702 2944 4765 secundum
2974 4710 3124 4745 suam
3154 4695 3319 4760 faciat
3348 4699 3639 4765 portionem
3670 4695 3838 4748 resti-

2274 4768 2373 4818 tai.
2404 4765 2633 4817 Proinde
2662 4773 2709 4817 et
2749 4766 2813 4816 de
2842 4763 2990 4835 rebus
3026 4766 3284 4832 paternis,
3313 4763 3444 4835 quas
3476 4777 3598 4820 ante
3632 4767 3837 4833 episco-

2271 4847 2455 4906 patum
2489 4836 2819 4904 dignoscitur
2853 4833 3113 4898 habuisse,
3148 4838 3190 4887 si
3231 4833 3333 4888 cas‘
3374 4837 3427 4888 in
3449 4837 3540 4904 jus
3585 4835 3835 4889 Ecclesiae

2273 4922 2383 4961 sua:
2412 4908 2641 4975 quolibet
2676 4906 2827 4957 modo
2860 4921 2958 4956 non
2994 4907 3289 4968 transtulit,
3339 4923 3384 4958 ei
3425 4920 3685 4975 quantum
3716 4923 3839 4974 por-

2275 4978 2407 5030 tioni
2427 4977 2541 5045 ejus
2563 4977 2803 5045 legatiter
2825 4978 2926 5028 scit
2954 4987 3264 5043 competere,
3293 4991 3347 5028 ut
3372 4978 3625 5045 satisﬁeri
3647 4979 3835 5043 possit,

2273 5048 2569 5101 immineat.
2597 5046 2740 5100 Nam
2765 5048 2976 5098 omnino
3001 5054 3049 5098 et
3077 5059 3259 5099 contra
3288 5051 3545 5100 rationem
3570 5057 3619 5102 et
3655 5058 3839 5101 contra

2275 5128 2511 5172 nostrum
2556 5117 2811 5186 probatur
2851 5133 2986 5189 esse
3011 5118 3357 5189 propositum,
3402 5119 3447 5171 si
3484 5119 3574 5187 qui
3607 5136 3689 5181 ea,
3723 5133 3840 5189 quae

2268 5189 2415 5259 juste
2433 5199 2753 5257 competunt,
2778 5187 2988 5239 restitui
3019 5204 3081 5239 ac
3107 5188 3356 5256 satisﬁeri
3390 5187 3841 5259 denegemus.'lta

2274 5276 2396 5329 ergo
2425 5260 2537 5313 hac
2562 5260 2876 5329 fraternitas
2919 5269 3012 5309 tua
3040 5259 3257 5329 implere
3287 5260 3517 5327 festinet,
3563 5270 3619 5313 ut
3649 5276 3843 5327 supra-

2275 5327 2471 5399 scripto
2510 5327 2754 5398 portitori
2785 5330 2853 5380 ad
2887 5343 2981 5381 nos
3022 5327 3302 5399 denuo__e:c
3327 5331 3426 5381 hac
3460 5346 3516 5382 re
3563 5329 3708 5382 nulla
3753 5346 3841 5382 re-

2278 5397 2485 5453 meandi
2512 5397 2795 5453 necessitas
2820 5400 3146 5466 imponatur.
3175 5397 3316 5451 Nunt
3334 5402 3472 5469 quod
3487 5400 3650 5453 beata:
3675 5415 3847 5452 recor-

2276 5473 2510 5524 dationis
2558 5473 2797 5523 decessor
2841 5478 3015 5521 noster
3063 5481 3379 5538 praeceptum
3427 5472 3734 5535 direxerat,
3782 5478 3844 5521 ut

2277 5545 2421 5606 lapso
2466 5558 2525 5593 eo
2558 5557 2732 5593 omnes
2780 5555 2859 5592 res
2901 5540 3012 5606 ejus
3062 5538 3311 5593 Ecclesia:
3347 5550 3694 5603 remanerent,
3747 5540 3845 5592 hoc

2278 5615 2391 5664 ideo
2424 5627 2541 5665 eum
2573 5612 2834 5680 credimus
2862 5610 3190 5677 praecepisse,
3227 5627 3288 5663 ne
3305 5628 3395 5680 per
3417 5629 3504 5665 eas
3535 5612 3705 5665 adhuc
3728 5627 3848 5664 am-

2277 5692 2413 5752 p/ms
2447 5683 2722 5750 deperiret.
2750 5679 2908 5733 Nunc
2924 5696 3047 5752 vero
3068 5696 3276 5751 aequum
3298 5679 3406 5735 esse
3440 5698 3750 5751 pensamus,
3782 5691 3845 5734 ut
3924 5736 3927 5737 ,

2278 5751 2449 5821 [ilium
2483 5754 2650 5821 patris
2684 5753 2841 5819 culpa
2887 5766 2991 5804 non
3033 5751 3297 5821 ingravat;
3342 5752 3432 5805 sed
3484 5755 3845 5821 fraternitatis

2279 5840 2382 5879 tua:
2427 5824 2817 5892 dispensatione
2861 5822 3114 5892 quidquid
3146 5824 3193 5876 ei
3221 5822 3464 5890 legaliter
3493 5833 3661 5893 potest
3695 5839 3845 5877 com-
