4158 6556
331 389 434 457 ϐἱἹ

1324 387 1386 446 S.
1429 336 1812 447 GREGORII
1850 385 2372 447 AGRIGENTINI
2421 388 2620 449 VlTA.

3501 388 3605 452 618

332 511 391 563 ἐν
418 505 496 576 τῷ
530 501 735 575 μεταξὺ
767 497 1137 570 διατρίϐοντος
1161 495 1258 549 τοῦ
1283 496 1590 567 Γρηγορίου
1615 500 1672 550 ἐν
1705 497 1914 568 Ῥώμῃ,

2033 513 2237 561 exorta,
2271 499 2363 553 alii
2416 501 2699 569 elegerunt
2741 500 2848 556 sibi
2893 499 3164 556 Sabinum
3200 501 3606 573 presbyterum,

333 598 552 667 ἐγένετο
580 593 916 664 κοιμηθῆναι
942 591 1033 643 τὸν
1063 588 1362 644 ἐπίσκοπον
1411 589 1512 656 τῆς
1553 589 1918 660 Ἀκραγαντί-

333 707 439 743 νων
481 685 813 754 Ἐκκλησίας
860 683 1138 752 Θεόδωρον
1187 680 1501 750 λεγόμενον.
1557 681 1668 734 Καὶ
1700 683 1920 751 ἐγένετο

334 782 526 845 στάσις
565 779 777 851 μεγάλη
813 780 871 831 ἐν
907 774 994 846 τῷ
1011 774 1128 844 λαῷ
1155 773 1373 842 ἐκείνης
1404 773 1506 843 τῆς
1543 775 1752 838 πόλεως
1781 795 1792 808 ο
1827 776 1923 830 καί⁸

331 875 382 926 οἱ
427 875 525 944 μὲν
570 870 854 924 ἐποιοῦντο
895 866 1183 918 ὲπίλεκτον
1235 863 1462 917 Σαϐῖνον
1518 867 1918 937 πρεσϐύτερον,

336 964 516 1034 ἕτεροι
546 963 603 1015 δὲ
632 960 1042 1032 Κρησκεντῖνον
1067 956 1318 1009 διάκονον
1343 971 1357 986 ·
1380 957 1408 1008 6
1437 955 1493 1008 δὲ
1519 953 1734 1020 Εὖπλος
1755 959 1782 1009 ὁ
1802 958 1924 1010 τότε

2017 593 2108 646 alii
2144 593 2567 649 Crescenlinum
2604 595 2921 652 diaconum.
2956 596 3164 667 Euplus
3187 613 3337 662 vero,
3371 598 3460 668 qui
3493 607 3608 653 tum

2025 695 2148 739 erat
2177 686 2624 754 archidiaconus,
2660 698 2711 744 et
2745 688 2878 762 [Lvt]
2917 690 3102 759 populi
3149 705 3279 760 pars
3321 692 3608 761 potissima

2020 787 2131 832 tam
2157 795 2220 835 ex
2257 781 2392 834 urbe
2423 796 2586 850 quam
2616 797 2681 834 ex
2710 797 2862 853 agro,
2888 796 3012 837 eum
3033 797 3090 837 se
3115 784 3249 838 velle
3275 785 3610 854 profiteban-

2022 881 2132 934 tur,
2167 871 2263 940 qui
2296 871 2531 928 Domino
2562 872 2884 942 placuisset,
2914 883 2968 929 et
2995 889 3158 944 quem
3185 875 3287 930 sibi
3325 883 3610 948 acceptum

2025 961 2141 1029 ipse
2181 964 2638 1021 demonstrasset.

334 1056 735 1128 ἀρχιδιὰκονος,
778 1053 870 1103 καὶ
915 1048 979 1102 τὸ
1019 1046 1270 1101 πλεῖστον
1301 1046 1395 1100 τοῦ
1427 1046 1556 1100 λαοῦ
1585 1052 1682 1118 τῆς
1718 1050 1927 1115 πόλεως
1966 1054 2059 1106 καὶ
2123 1055 2226 1124 τῆς
2268 1057 2618 1128 περιοικίδος,
2667 1058 2889 1128 ἔλεγον·
2917 1058 3025 1113 Τοῦ
3072 1060 3278 1132 Κυρίου
3309 1061 3367 1114 τὸ
3402 1061 3613 1132 θέλημα

336 1153 416 1214 εις
445 1149 600 1218 ἡμᾶς’
619 1144 883 1213 γενέσθω,
913 1144 1097 1196 ὅντινα
1133 1140 1382 1212 βούλεται
1410 1140 1786 1212 ἀποκαλύψαι.

409 1244 532 1297 ΛΘ’.
587 1239 712 1292 Ἐπὶ
739 1235 897 1290 τοῦτο
921 1235 980 1289 δὲ
1008 1234 1210 1298 πάντες
1238 1236 1288 1288 oi
1318 1236 1545 1304 λογάδες
1576 1237 1674 1307 τῆς
1701 1237 1920 1307 Ἐκκλη-

342 1337 460 1395 σίας
490 1331 582 1385 καὶ
615 1332 662 1383 οἱ
699 1327 906 1399 πρῶτοι
932 1327 1032 1397 τῆς
1074 1327 1408 1397 περιοικίδας
1442 1327 1802 1405 ἀπέπλευσαν
1827 1329 1924 1382 καὶ

337 1430 674 1495 διεπέρασαν
729 1423 786 1474 ὲν
840 1419 1063 1493 Ῥώμῃ.
1125 1419 1419 1490 ζητοῦντες
1474 1419 1926 1492 χειροτονηθῆναι

338 1521 522 1581 αὐτοῖς
551 1515 849 1570 ἐπίσκοπον
874 1512 1004 1583 παρ’
1031 1512 1199 1565 αὐτοῦ
1232 1512 1414 1567 πάπαο
1447 1515 1678 1567 συνάπιε
1713 1513 1771 1567 δὲ
1825 1514 1927 1568 ab-

337 1615 452 1676 τοῖς
483 1611 578 1663 καὶ
614 1610 643 1662 6
684 1605 939 1677 Χαρίτων
985 1607 1014 1657 6
1056 1604 1242 1675 πατὴρ
1270 1605 1364 1658 τοῦ
1401 1607 1676 1676 μακαρίου
1711 1607 1924 1678 Γρηγο-

345 1707 481 1776 ρίου.
517 1700 682 1763 Γνοὺς
711 1699 769 1753 δὲ
793 1699 822 1750 ὁ
852 1697 1063 1759 πάπας.
1105 1694 1571 1768 ὅτικατήντησαν
1595 1699 1645 1752 οἱ
1677 1699 1798 1753 λαοὶ
1831 1700 1926 1754 καὶ

340 1800 391 1851 οί
420 1795 630 1867 πρῶτοι
650 1794 750 1860 τῆς
773 1789 1014 1854 πόλεως,’
1033 1792 1324 1845 ἐκέλευσεν
1363 1793 1560 1855 αὐτοὺς
1591 1793 1730 1862 πρὸς
1761 1794 1924 1848 αὐτὸν

343 1889 622 1944 ἀπελθεῖν.
656 1888 719 1939 Oi
747 1885 804 1938 δὲ
845 1885 1097 1955 εἰσῆλθον
1119 1924 1134 1948 ,
1171 1887 1262 1938 καὶ
1303 1885 1726 1956 προσεκύνησαν
1756 1888 1924 1958 αὐτῷ,

343 1985 439 2035 καὶ
475 1981 714 2052 ἔστησαν
745 1979 795 2031 oi
842 1978 974 2050 περὶ
1026 1979 1256 2032 Σαὸῖνον
1291 1979 1348 2030 ἐν
1399 1979 1480 2031 ἑνὶ
1521 1979 1693 2050 τόπῳ,
1739 1983 1835 2033 καὶ
1877 1981 1926 2033 οἱ

343 2076 473 2145 περὶ
503 2074 916 2144 Κρησκεντῖνον
958 2074 1016 2124 ἐν
1059 2073 1138 2125 ἐνὶ
1181 2074 1352 2142 τόπῳ,
1393 2073 1442 2123 οἱ
1469 2071 1526 2124 δὲ
1554 2073 1685 2142 περὶ
1714 2069 1928 2127 Εὖπλον

345 2172 438 2222 καὶ
481 2169 609 2228 τοὺς
659 2165 884 2228 λοιποὺς
930 2165 1055 2228 τοὺς
1102 2164 1203 2232 τῆς
1251 2165 1613 2234 περιοικίδος,
1664 2167 1929 2236 ἄρχοντες

344 2259 525 2312 λαῗκο)⁴
570 2258 664 2311 καὶ
707 2256 989 2326 κληρικοὶ,
1038 2256 1214 2309 ὀπίσω
1242 2259 1460 2311 πάντων
1503 2257 1761 2327 ἔστησαν.
1793 2251 1929 2310 Εἶτα

345 2354 497 2420 λέγει
529 2351 714 2413 αὐτοῖς
748 2352 776 2403 6
806 2349 1030 2411 πάπας·
1090 2349 1226 2401 Τίνα
1261 2347 1518 2420 βούλεσθε
1553 2349 1932 2421 χειροτονηθῆ-

346 2465 435 2499 ναι
481 2445 608 2516 ὑμῖν
640 2443 698 2510 ἐξ
734 2443 890 2513 ὑμῶν
937 2441 1271 2510 ὲπίσκοπον;
1317 2444 1379 2496 Οἱ
1410 2444 1467 2497 δὲ
1501 2445 1630 2514 περὶ
1680 2443 1927 2510 Σαϐῖνον,

354 2540 520 2609 ᾔτουν
561 2537 653 2591 τὸν
701 2537 926 2590 Σαϐῖνον
973 2536 1226 2604 λέγοντες
1260 2553 1273 2566 ·
1311 2535 1514 2590 Τοῦτον
1563 2536 1810 2606 Θέλομεν,
1847 2538 1932 2590 δέ-

348 2645 553 2683 σττοτα·
583 2631 631 2684 οἱ
677 2629 806 2701 περὶ
863 2629 1273 2700 Κρησκεντϊνον
1321 2628 1522 2698 ὁμοίως
1568 2629 1794 2700 ᾐτοῦντο
1839 2631 1932 2682 καὶ

348 2724 502 2776 αὐτοὶ
527 2724 733 2776 ἐκεῖνον
756 2763 769 2787 ,
816 2719 1101 2789 λέγοντες⁶
1135 2721 1247 2774 Καὶ
1284 2722 1448 2790 ἡμεῖς
1475 2721 1662 2774 τοῦτον
1707 2722 1933 2791 ἀγαπῶ-

352 2835 472 2887 μεν,
504 2816 760 2870 δέσποτα.
794 2814 906 2868 Καὶ
938 2811 1279 2885 κατέκραξαν
1305 2805 1457 2868 οὗτοι
1482 2813 1680 2878 οὕτως⁹
1720 2816 1815 2869 καὶ
1842 2810 1934 2868 οὗ·

347 2927 433 2964 τοι
467 2909 664 2972 οὕτως.
699 2909 862 2976 Λέγει
891 2907 946 2959 δὲ
979 2909 1006 2960 6
1035 2906 1227 2970 πάπας
1279 2906 1416 2977 πρὸς
1444 2903 1656 2961 Εὗπλον
1685 2909 1932 2978 ἀρχιδιά-

347 3019 505 3057 κονον
557 3002 653 3053 καὶ
697 3000 834 3070 πρὸς
880 2997 974 3051 τὸν
1015 2998 1308 3068 Χαρίτωνα
1347 2998 1444 3052 καὶ⁴
1503 2997 1632 3062 τοὺς
1677 3000 1934 3064 λοιπούς·

364 3094 554 3164 Ὑμεῖς
581 3093 839 3158 δὲ,τέκνα
867 3107 988 3160 μου,
1023 3090 1076 3143 τί
1101 3090 1292 3158 λέγετε
1325 3089 1454 3160 περὶ
1483 3089 1696 3153 τούτου,
1720 3091 1772 3144 τί
1803 3092 1932 3162 ὑμῖν

348 3186 528 3249 δοκεῖς
557 3184 620 3235 Οἱ
647 3182 705 3234 δὲ
733 3181 993 3242 πεσόντες
1020 3181 1114 3232 ἐπὶ
1141 3179 1436 3250 πρόσωπον
1465 3179 1655 3242 αὑτοῦ,
1689 3181 1783 3233 καὶ
1809 3183 1934 3234 ἀνα-
1959 3206 2001 3260 C

351 3279 572 3338 στάντες
614 3273 981 3341 ἀπελογοῦντο
1009 3273 1098 3325 διὰ
1147 3271 1242 3324 τοῦ
1287 3271 1609 3342 Χαρίτωνος
1640 3274 1926 3340 λέγοντεςο

352 3370 535 3438 Πάτερ
587 3364 909 3435 τιμιώτατε,
969 3361 1260 3433 τολμῶμεν
1307 3364 1513 3426 εἰπεῖν,
1563 3364 1644 3416 ὅτι
1689 3382 1708 3415 ι
1744 3363 1932 3427 Οὐδεὶς

351 3459 530 3529 ἑαυτῷ
556 3458 824 3529 λαμϐάνει
865 3459 966 3526 τὴν
1003 3455 1188 3525 τιμὴν,
1228 3455 1344 3508 ἀλλ’
1387 3455 1414 3506 ὁ
1445 3455 1784 3527 καλούμενος
1827 3458 1933 3510 ὑπὸ

350 3553 446 3608 τοῦ
476 3550 636 3606 Θεοῦ.
673 3570 692 3602 ι
729 3549 874 3618 Πλὴν
903 3549 978 3611 ὡς
1006 3548 1256 3618 βούλεται
1291 3551 1318 3602 6
1342 3548 1496 3612 Θεὸς,
1521 3549 1618 3602 καὶ
1651 3549 1684 3619 ἠ
1716 3549 1933 3620 καθαρὰ

352 3647 448 3700 τοῦ
481 3644 671 3716 κυρίου
704 3644 798 3697 καὶ
842 3642 1218 3710 πνευματικοῦ
1267 3641 1423 3712 ἡμῶν
1455 3641 1667 3713 Πατρὸς
1695 3642 1930 3712 εὐπρόσ-

350 3739 539 3799 δεκτος
565 3734 725 3804 εὐχὴ,
750 3734 817 3786 τὰ
849 3733 970 3784 καθ’
989 3734 1136 3803 ἡμᾶς
1168 3732 1503 3802 κυϐερνήσῃ,
1533 3732 1626 3785 καὶ
1657 3730 1768 3802 δῴη
1798 3734 1932 3802 ἡμῖν

352 3831 441 3884 διὰ
474 3830 584 3882 τῶν
607 3826 807 3899 χειρῶν
837 3842 932 3878 σου
967 3825 1203 3894 ποιμένα
1226 3824 1318 3875 τὺν
1348 3823 1632 3890 ὀφείλοντα
1656 3824 1804 3892 ἡμᾶς
1835 3840 1934 3875 κυ-

352 3924 638 3991 ϐερνῆσαι.
658 3921 716 3973 Ὀ
740 3919 796 3971 δὲ
830 3922 1018 3979 uitta;
1056 3915 1570 3987 προσκαλεσάμενος
1596 3916 1718 3978 τοὺς
1745 3915 1934 3984 ὄχλους

351 4019 477 4076 τοὺς
505 4014 634 4085 περὶ
678 4011 901 4065 Σαὸἰνον
933 4012 1026 4063 καὶ
1083 4012 1124 4062 K
1137 4010 1510 4080 ρησκεντῖνον,
1545 4007 1690 4076 λέγει
1717 4009 1897 4072 αὐτοῖς
1917 4024 1931 4038 ο

363 4108 564 4176 Φέρετε
597 4105 714 4175 μεθ’
748 4106 964 4165 ἑαυτοῖς
1004 4101 1198 4172 βουλὴν
1235 4102 1366 4172 μίαν
1393 4101 1627 4170 ἀγαθὴν,
1684 4101 1768 4153 ἵνα
1809 4104 1936 4170 ὁμο-

353 4199 652 4268 γνωμόνως
709 4195 1010 4266 αίτήσησθε
1062 4195 1245 4246 ὅντινα
1298 4193 1600 4263 βούλεσθε,
1655 4192 1934 4262 δεχόμενοι

355 4437 546 4494 petere,
582 4431 952 4494 consequatur.
987 4419 1168 4483 Vides,
1217 4419 1434 4494 opinor,
1469 4419 1934 4494 episco_putn,4qui

356 4489 469 4549 tum
518 4493 796 4562 Agrigenti
837 4495 1144 4543 decesserat
1168 4493 1382 4562 ,_liunc
1421 4491 1596 4562 ipsum
1633 4489 1929 4562 Eusanium

2094 1232 2344 1288 XXXIX.
2374 1235 2505 1289 Post
2536 1235 2651 1290 lucc
2683 1236 2869 1291 selecti
2903 1237 3004 1291 viri
3033 1251 3098 1292 ex
3126 1237 3373 1294 Ecclesia
3403 1241 3611 1312 aliique

2023 1345 2053 1386 e
2088 1329 2316 1385 ὀίωοοεὶ
2356 1329 2630 1399 primores
2662 1329 2890 1385 Romam
2940 1346 3135 1387 omnes
3174 1334 3506 1402 navigarunt
3545 1352 3612 1390 eo

2025 1423 2280 1489 consilio,
2339 1436 2400 1478 ut
2428 1425 2500 1479 ab
2541 1425 2662 1494 ipso
2715 1425 2975 1495 pontiﬁce
3013 1428 3254 1481 maximo
3291 1429 3612 1499 episc0pum

2029 1517 2144 1587 (55)
2200 1517 2304 1571 sibi
2345 1516 2622 1586 designari
2680 1519 3043 1587 postularent.
3089 1519 3376 1575 Profectus
3429 1532 3613 1576 autem

2033 1623 2140 1662 una
2170 1616 2260 1662 est
2291 1607 2517 1662 Charito
2547 1609 2711 1663 etiam
2749 1611 2893 1673 beati
2939 1609 3188 1680 Gregorii
3222 1621 3391 1682 pater.
3430 1611 3617 1668 Enim-

2029 1714 2164 1753 vero
2185 1699 2432 1768 pontifex
2471 1701 2748 1754 maximus
2775 1710 2834 1754 ut
2862 1716 2959 1756 eos
2979 1702 3267 1759 advenisse
3295 1704 3467 1769 novit,
3495 1720 3617 1760 om-

2031 1807 2130 1846 nes
2185 1791 2240 1845 in
2275 1801 2630 1860 conspectum
2667 1807 2829 1848 suum
2885 1793 3075 1849 venire
3116 1796 3283 1865 jussit
3314 1814 3327 1850 :
3361 1797 3454 1866 qui
3489 1811 3614 1853 cum

2031 1883 2261 1953 ingressi
2299 1893 2502 1948 essent,
2537 1898 2776 1954 eumque
2801 1885 3145 1951 adorassent,
3173 1886 3362 1943 Sabini
3393 1889 3615 1959 quidem

2031 1976 2276 2032 fautores
2306 1993 2369 2032 ex
2414 1993 2519 2032 una
2551 1988 2727 2048 parte,
2773 1996 2837 2033 ex
2869 1980 3038 2034 altera
3073 1980 3414 2038 Crescentlni
3459 1999 3615 2041 asse-

2030 2072 2128 2126 CIiB
2175 2071 2565 2136 constiterunt,
2598 2073 2693 2143 qui
2742 2087 2875 2127 vero
2919 2089 3043 2128 cum
3100 2075 3274 2145 Euplo
3308 2078 3619 2132 sentiebant

2031 2165 2322 2234 ca-terique
2355 2181 2548 2220 omnes
2581 2182 2611 2220 e
2643 2166 2868 2222 dimcesi
2893 2168 3164 2237 primores
3189 2169 3372 2240 populi
3403 2180 3456 2226 et
3483 2171 3616 2226 cleri

2032 2255 2291 2311 ultimum
2325 2256 2429 2312 sibi
2459 2258 2639 2312 locqu
2671 2268 3050 2326 sumpserunt.
3081 2257 3201 2313 Jam
3239 2276 3332 2314 eos
3375 2263 3616 2330 pontifex

2032 2345 2306 2400 maximus
2335 2347 2679 2416 interrogans
2715 2363 2728 2400 :
2756 2346 2952 2413 Quem,
2998 2348 3200 2418 inquit,
3229 2365 3259 2404 e
3282 2350 3494 2407 civibus
3522 2367 3617 2408 ve-

2032 2438 2164 2493 stris
2205 2439 2522 2509 episcopum
2567 2439 2724 2494 vobis
2790 2440 3050 2496 constitui
3102 2442 3301 2498 vultis?
3349 2443 3452 2512 Qui
3486 2460 3618 2500 vero

2034 2546 2062 2583 a
2089 2530 2294 2586 Sabino
2313 2543 2488 2596 erant,
2513 2531 2778 2588 Sabinum
2817 2536 3094 2604 petebant,
3115 2536 3378 2608 addentes
3408 2553 3424 2594 :
3458 2536 3616 2594 Hunc

2033 2624 2313 2690 volumus,
2343 2625 2586 2682 domine.
2617 2626 2888 2682 Similiter
2915 2629 3008 2697 qui
3039 2628 3395 2684 Crescentino
3432 2633 3620 2687 stude-

2033 2717 2184 2785 bant,
2208 2718 2361 2772 illum
2397 2719 2499 2774 sibi
2529 2720 2648 2774 dari
2678 2719 3046 2789 postulabant,
3085 2722 3218 2777 illud
3251 2724 3615 2793 pronuntian-

2035 2818 2115 2862 tes
2153 2826 2165 2862 :
2201 2807 2357 2863 Hunc
2385 2823 2485 2864 nos
2511 2825 2785 2875 amamus,
2819 2811 3075 2879 domine;
3113 2815 3264 2884 atqui
3299 2815 3352 2868 hi
3389 2816 3616 2886 quidem

2035 2904 2137 2966 sic,
2173 2903 2251 2957 illi
2284 2903 2365 2958 sic
2395 2904 2726 2961 clamabant.
2771 2904 2912 2960 Tum
2967 2906 3211 2976 pontifex
3240 2910 3515 2965 maximus
3547 2911 3617 2966 ad

2039 2988 2269 3059 Euplum
2302 2990 2748 3047 archidiaconum
2799 3003 2854 3049 et
2897 2996 2963 3049 ad
3004 2996 3356 3053 Cbaritonem
3385 3015 3449 3055 ac
3487 3000 3620 3056 reli-

2036 3097 2178 3150 quos
2206 3097 2508 3138 conversus
2536 3103 2549 3138 :
2579 3083 2690 3140 Vos
2719 3101 2867 3152 vero,
2900 3087 3101 3156 inquit,
3119 3088 3214 3144 ﬁlii
3241 3090 3367 3156 mei,
3389 3093 3519 3163 quid
3545 3093 3617 3149 ad

2036 3175 2149 3229 hinc
2183 3175 2390 3241 dicitis,
2424 3183 2520 3230 aut
2551 3176 2683 3246 quid
2714 3179 2868 3234 vobis
2898 3181 3112 3234 videtur
3135 3181 3159 3236 ?
3185 3183 3254 3236 At
3299 3184 3337 3237 ii
3378 3185 3616 3255 primum

2034 3267 2098 3319 ad
2130 3267 2294 3335 pedes
2333 3267 2630 3337 provoluti,
2665 3279 2779 3324 tum
2817 3281 3100 3342 surgentes
3140 3273 3244 3329 hoc
3276 3290 3374 3345 per
3411 3276 3620 3332 Chari—

2035 3367 2215 3411 tonem
2245 3373 2571 3428 responsum
2617 3358 2815 3414 dedere
2845 3378 2858 3413 :
2899 3359 3011 3416 Nos
3041 3362 3286 3432 quidem,
3325 3363 3488 3420 Pater
3520 3383 3619 3423 ve-

2036 3453 2298 3515 nerande,
2349 3453 2481 3508 illud
2515 3454 2568 3506 in
2609 3469 2706 3508 ore
2760 3455 3022 3511 habemus
3055 3476 3069 3511 :
3107 3475 3126 3509 ι
3182 3457 3293 3514 Nec
3323 3461 3616 3531 quisquam

2033 3545 2203 3599 sumit
2234 3545 2337 3600 sibi
2372 3546 2654 3610 honorem,
2691 3548 2784 3602 sed
2817 3549 2908 3618 qui
2942 3560 3168 3604 vocatur
3208 3567 3236 3606 a
3269 3551 3382 3607 Deo
3415 3554 3550 3626 (54).
3591 3575 3611 3608 ι

2038 3643 2114 3689 Ac
2167 3637 2311 3693 Deus
2363 3648 2528 3700 certe,
2585 3651 2643 3695 ιιι
2693 3643 2826 3705 vult,
2885 3643 3272 3701 accedentibus
3313 3648 3519 3702 domini
3555 3663 3619 3702 ac

2039 3729 2212 3781 Patris
2247 3731 2414 3783 nostri
2454 3733 2726 3798 precibus,
2755 3747 2875 3800 quae
2900 3733 2978 3787 illi
3009 3736 3164 3790 valde
3189 3747 3427 3807 acceptae
3461 3749 3613 3801 sunt,

2039 3837 2239 3876 rcrttm-
2273 3837 2586 3878 nostrarum
2638 3840 2824 3880 curam
2869 3837 3039 3896 geret,
3097 3844 3161 3884 ac
3213 3841 3486 3899 pastorem
3522 3848 3619 3903 per

2038 3931 2232 3970 manus
2270 3925 2394 3972 tuas
2441 3919 2625 3985 dabit,
2687 3934 2718 3973 a
2768 3935 2876 3988 quo
2905 3936 3183 3989 regamur.
3244 3923 3390 3991 Ergo
3437 3927 3618 3992 ponti-

2038 4007 2121 4060 fex
2174 4009 2441 4062 maximus
2485 4011 2744 4063 advocata
2795 4025 2984 4063 eorum
3040 4012 3216 4074 turba,
3264 4014 3357 4082 qui
3414 4013 3616 4069 Sabino

2038 4097 2238 4166 quique
2269 4095 2427 4168 [Lvn]
2456 4096 2811 4152 Crescentino
2861 4100 3114 4155 favebant
3147 4120 3159 4156 :
3189 4103 3369 4158 Unum
3416 4104 3612 4175 inquit,

2045 4189 2336 4244 consilium
2365 4191 2529 4245 simul
2555 4191 2687 4246 inite
2711 4191 2936 4255 bonum,
2959 4205 3016 4246 ut
3041 4197 3318 4249 comuntui
3344 4212 3617 4254 coosensu

2038 4409 2215 4532 ﬁniuit:
2245 4407 2482 4491 .Euplum
2517 4419 2783 4466 memorat
2817 4413 2944 4468 item
2978 4413 3276 4485 Gregorius
3306 4416 3360 4471 in
3391 4417 3618 4490 epistola

2158 4497 2168 4530 l
2213 4496 2257 4532 τι
2291 4496 2327 4532 ι.

2158 4496 2257 4533 IDl‘l
2291 4496 2327 4534 1.

355 4579 479 4619 esse
517 4581 530 4617 :
562 4549 1002 4630 quandoquidem
1036 4569 1092 4614 et
1145 4549 1287 4631 filius
1326 4561 1393 4615 de
1442 4549 1700 4614 'adeunda
1759 4562 1930 4629 patris

2040 4620 2050 4631 .
2107 4549 2218 4630 (55)
2251 4549 2394 4631 ‘Cum
2430 4550 2626 4631 Siculae
2655 4550 2910 4631 Ecclesiae
2933 4569 2996 4608 ea
3024 4563 3181 4611 aetate
3212 4560 3614 4631 metropolitam

356 4635 673 4689 haaredilate
697 4633 765 4685 ab
797 4632 914 4700 ejus
944 4642 1120 4684 morte
1149 4630 1330 4684 statim
1364 4631 1606 4700 cogitare
1631 4631 1882 4684 debuerit
1915 4648 1929 4696 ;

354 4722 403 4756 ei
435 4708 547 4773 ipsa
579 4702 802 4757 Eusanii
833 4717 978 4755 mors
1027 4701 1078 4754 in
1122 4701 1406 4773 superiora
1456 4711 1720 4773 tempora
1745 4701 1933 4773 referri

357 4770 467 4828 non
506 4776 700 4842 possit,
760 4779 1100 4842 repugna_nte
1141 4770 1339 4842 Pelagii
1402 4773 1649 4840 proxime
1691 4770 1931 4826 defuncti

357 4839 597 4905 decreto,
637 4857 749 4911 quo
797 4839 937 4895 bona
990 4839 1236 4901 Eusanii,
1272 4840 1432 4894 simul
1473 4848 1637 4909 atque
1682 4843 1930 4908 obiisset,

359 4915 614 4968 Ecclesia‘
646 4911 1013 4983 Agrigentinus
1033 4911 1510 4983 attribuehantur.
1539 4912 1718 4980 Ipsam
1748 4922 1931 4966 autem

355 4981 801 5038 controversiain
826 4981 1155 5052 Maximiano
1201 4983 1432 5034 delatam
1467 4997 1607 5045 esse,
1644 4997 1754 5052 quo
1800 4991 1934 5036 tem-

355 5070 489 5124 pore
520 5052 814 5122 Gregorius
851 5063 1058 5124 nosten
1078 5051 1262 5124 Romae
1292 5051 1932 5124 detinebatur,declarat

353 5121 520 5178 etiam
545 5121 833 5191 appellatio
857 5121 1108 5176 Ecclesiae
1132 5123 1493 5190 Agrigentina:
1534 5123 1651 5176 sine
1686 5123 1791 5174 ulla
1815 5123 1932 5190 epi-

356 5195 508 5263 scopi
538 5205 835 5256 mentione,
884 5208 915 5245 a
953 5208 1064 5262 quo
1095 5207 1247 5256 sane,
1296 5193 1340 5243 si
1373 5192 1634 5257 amrisset,
1677 5193 1814 5246 bona
1846 5195 1931 5246 illa

357 5263 652 5343 repetenda
679 5277 890 5343 era-tim
996 5331 1046 5343 Η
1116 5330 1154 5343 ﬂ
1300 5336 1331 5343 η
1405 5332 1471 5343 Μ
1571 5332 1618 5343 Η
1786 5333 1794 5343 ,

425 5330 568 5389 Num
601 5350 729 5388 vero
757 5333 964 5402 Euplus
996 5331 1083 5385 hic
1115 5330 1332 5389 Eusanii
1399 5332 1543 5387 filius
1569 5332 1708 5386 idem
1753 5333 1825 5386 sit
1854 5345 1935 5388 at-

355 5422 465 5476 que
499 5406 565 5470 is,
596 5420 756 5475 quem
776 5404 1506 5476 Leontiusarchidiaconum
1543 5405 1799 5472 appellat,
1847 5406 1932 5456 di-

355 5471 591 5548 j'udicari
613 5471 740 5529 'non
793 5483 989 5544 potest.
1016 5471 1202 5541 Neque
1221 5479 1366 5531 enim
1416 5471 1623 5548 nomen
1651 5476 1782 5527 tanti
1811 5489 1935 5528 esse

355 5545 539 5611 debet,
583 5557 641 5601 ut
668 5556 952 5614 pr0pterea
980 5559 1145 5614 unum
1180 5550 1542 5614 eamdemque
1576 5545 1749 5596 virum
1785 5554 1936 5597 utro-

358 5633 466 5686 que
497 5619 552 5671 in
581 5618 703 5672 ioco
739 5613 1014 5686 designari
1054 5614 1382 5686 arbitremur
1416 5613 1760 5685 {praesertim
1808 5631 1932 5668 cum

357 5684 409 5742 id
473 5703 671 5742 nomen
727 5689 781 5742 in
840 5685 1022 5740 Sicilia
1070 5684 1334 5741 familiare
1374 5684 1519 5743 esset
1567 5696 1786 5753 propter
1827 5686 1934 5738 Eu-

359 5762 429 5828 pli
475 5758 734 5830 martyris
769 5756 1146 5830 Cateanensis
1196 5761 1544 5830 memoriam,
1571 5747 1744 5830 cuius
1786 5759 1932 5830 Arta

361 5823 934 5898 vulgavit'Cotelerius
985 5823 1154 5892 (Man.
1209 5825 1353 5881 Eccl.
1401 5829 1496 5884 Gr.
1534 5839 1571 5881 t.
1599 5823 1737 5895 I,'p.
1779 5827 1924 5897 192).).

681 5925 948 5984 PATROL.
992 5922 1081 5980 Gn
1156 5919 1423 5980 XCVIII.

2039 4620 2091 4673 in
2123 4621 2300 4702 insula
2321 4637 2426 4702 non
2456 4624 2736 4702 haberent,
2758 4625 2851 4677 sed
2886 4640 3027 4702 enni
3045 4620 3425 4702 agnoscereni,
3449 4647 3613 4702 quem

2037 4699 2091 4765 et
2126 4686 2490 4765 patriarcbam
2520 4686 2814 4765 habebant,
2842 4686 3154 4765 pontiﬁcem
3187 4686 3508 4765 maxiinuni,
3539 4686 3619 4758 fut

2031 4760 2144 4839 jam
2198 4762 2386 4815 Pirrus
2436 4765 2678 4839 ostendit
2726 4760 2868 4839 (Sic;
2906 4763 3064 4820 Sacr.
3088 4777 3139 4839 _t.
3184 4769 3223 4832 I,
3257 4770 3399 4839 disq.
3431 4760 3528 4838 2)}
3561 4776 3617 4827 in

2038 4832 2422 4954 episcoporum
2454 4832 2744 4900 electione,
2773 4835 2818 4890 si
2845 4834 2985 4888 forte
3026 4837 3209 4892 minus
3241 4832 3614 4906 convenirent,

2039 4917 2066 4953 a
2136 4918 2201 4954 eo
2253 4913 2434 4954 netere
2488 4905 2757 4954 solebant.
2795 4913 2855 4954 ut
2898 4905 3014 4954 inse
3059 4910 3396 4954 enismmnm,
3452 4927 3614 4954 annm

2039 4905 2108 4954 ab
2136 4918 2201 4981 eo
2253 4913 2434 4981 petere
2488 4905 2757 4981 solebant,
2795 4913 2855 4958 ut
2897 4905 3014 4974 ipse
3059 4910 3416 4981 episcopum,
3452 4927 3616 4981 quem

2038 4975 2274 5050 maxime
2297 4974 2549 5050 idoneum
2591 4975 2856 5050 crederet,
2883 4974 3205 5050 auctoritate
3238 4974 3335 5034 sua
3365 4974 3618 5050 designa-

2036 5050 2139 5121 τοι,
2167 5042 2485 5121 E_xen_iplu_in
2500 5045 2658 5121 ‘huic
2689 5047 2867 5121 simile
2897 5047 3128 5121 exhibet
3164 5049 3323 5121 nobis
3370 5042 3618 5121 Gregorii

2037 5111 2213 5188 Magni
2241 5111 2468 5182 epistola
2495 5113 2566 5167 92
2595 5116 2716 5188 libri
2746 5132 2775 5188 v
2798 5157 2812 5180 ,
2843 5116 2910 5169 ad
2950 5117 3159 5172 nobiles
3194 5111 3567 5188 Syracusanos
3599 5139 3614 5175 :

2035 5181 2236 5261 Laudis
2265 5193 2460 5261 vestrw_
2497 5187 2881 5261 testimonium,
2929 5203 3090 5256 quam
3137 5181 3432 5254 direxistis,
3483 5193 3617 5261 gerit

2037 5254 2280 5322 epistola,
2322 5256 2460 5324 quod
2513 5255 2784 5310 electionis
2818 5273 2905 5310 vos
2940 5254 3100 5311 onera
3150 5262 3416 5322 sapienter
3447 5254 3616 5314 dccli-

2037 5340 2189 5397 itasse
2212 5325 2476 5392 signiﬁcat
2511 5364 2524 5378 .
2552 5364 2565 5378 .
2606 5364 2620 5378 .
2648 5327 2735 5397 sed
2755 5330 2881 5396 quia
2904 5344 2935 5380 a
2962 5329 3101 5381 clero
3118 5339 3167 5381 et
3190 5329 3335 5397 plebe
3363 5329 3617 5386 Ecclesia!

2039 5393 2390 5472 Syracusana:
2411 5397 2636 5472 figat/to,
2661 5395 2727 5472 ab
2740 5393 3004 5472 aliquibus
3024 5393 3199 5453 autent
3214 5400 3350 5472 alter
3362 5402 3612 5472 eligitur:

2035 5467 2173 5518 [tunc
2202 5467 2290 5533 qui
2325 5482 2355 5516 a
2383 5465 2522 5517 clero
2550 5474 2598 5519 et
2627 5465 2772 5533 plebe
2809 5468 3003 5522 electus
3026 5478 3124 5532 est,
3169 5471 3238 5523 ad
3289 5487 3382 5524 nos
3423 5465 3614 5526 iterum

2038 5537 2206 5609 venit}
2228 5551 2431 5609 necesse
2446 5544 2557 5609 est,
2586 5546 2641 5588 ut
2664 5538 2897 5606 utrisque
2912 5539 3146 5593 cominus
3171 5544 3611 5609 constitutis,ille,

2036 5604 2584 5679 quiﬂeoAplaeuerit,
2625 5616 2674 5660 et
2717 5604 2901 5679 utilior
2933 5610 3075 5662 visus
3108 5610 3290 5679 fuerit,
3320 5604 3611 5668 ordinetur;

2110 5676 2224 5754 (ῥά)
2267 5673 2551 5754 Ad_lieb_r.
2589 5693 2652 5754 Δν,
2693 5679 2752 5754 4;
2790 5678 2896 5754 Sed
2943 5680 3026 5754 in_
3045 5673 3284 5754 vulgato
3309 5685 3612 5754 exemplari

2039 5746 2296 5815 legimus,
2330 5745 2438 5800 Kal.
2457 5746 2556 5816 οὐχ
2583 5745 2761 5820 ἑαυτῷ
2777 5765 2858 5812 τις
2882 5745 3266 5824 λαμϐάνεῖτὴν
3285 5745 3488 5826 τιμήν,
3505 5765 3612 5810 etc.

3226 5918 3306 5980 20
