4158 6530
559 343 666 409 619

1543 345 1608 408 S.
1661 346 2044 410 GREGORII
2093 348 2608 410 AGRIGENTINI
2647 350 2847 410 VITA.

3727 355 3830 418 6‘20

559 464 856 538 postuletis
887 479 1052 536 quem
1074 464 1262 528 vultis,
1295 476 1346 519 et
1382 467 1670 520 unanimes
1701 468 1806 523 hoc
1821 468 1992 523 etiam
2021 481 2142 538 spe-

2247 469 2404 538 κοινῇ
2455 467 2649 539 γνώμῃ
2708 487 2725 518 ι
2759 470 2854 521 καὶ
2906 480 3214 539 μαρτυρταν
3255 471 3488 541 ἀγαθὴν,
3532 491 3549 524 ι
3599 477 3740 528 κατά
3772 479 3834 529 τὸ

559 561 743 616 ctetis.
780 578 800 611 ι
846 557 915 612 Ut
945 559 1145 614 haheat
1175 558 1380 613 bonum
1415 558 1798 614 testimonium
1831 560 1968 633 (55),
2010 579 2030 613 ι
2071 559 2146 615 si-

557 661 652 709 cut
691 652 956 720 scriptum
984 661 1090 706 est.
1134 651 1203 707 At
1245 651 1320 706 illi
1374 663 1560 722 spreto
1592 653 1848 724 pontiﬁce
1880 652 2142 719 maximo,

560 744 798 812 majores
825 744 1014 798 turbas
1047 743 1217 797 multa
1245 743 1605 799 obtrectando
1640 744 1974 798 excitabant.

628 835 740 892 XL.
786 835 853 892 Ut
879 852 1010 892 vero
1043 837 1287 908 pontifex
1329 839 1611 893 maximus
1645 838 2016 909 impudentem
2047 852 2142 893 eo-

558 948 680 988 rum
711 931 1036 988 seditionem
1068 931 1227 993 vidit,
1259 931 1339 984 ira
1368 929 1630 985 incensus
1656 947 1687 985 e
1710 938 2012 1000 conspectu
2038 945 2142 984 suo

557 1038 752 1079 omnes
781 1023 905 1092 ejici
933 1021 1116 1090 iussit,
1147 1037 1211 1075 ac
1234 1022 1461 1091 rogandi
1493 1036 1657 1075 causa
1688 1022 1754 1075 ad
1787 1037 1845 1076 se
1873 1021 1924 1073 in
1956 1029 2138 1089 poste-

559 1133 682 1170 rum
720 1115 901 1170 redire
943 1115 1136 1170 vetuit.
1182 1114 1325 1168 Idem
1375 1115 1536 1168 tertio
1592 1123 1718 1183 post
1764 1114 1853 1169 die
1903 1114 2139 1183 Euplum

558 1209 1011 1264 archidiaconum
1041 1217 1097 1262 et
1127 1207 1482 1262 Charitonem
1509 1222 1574 1261 ac
1597 1216 1826 1262 caeteros
1856 1221 1887 1260 e
1915 1206 2066 1261 clero
2089 1215 2142 1261 et

561 1303 784 1373 populo,
819 1301 914 1372 qui
950 1317 1075 1378 cum
1116 1301 1201 1356 his
1232 1301 1566 1365 sentiebant,
1605 1302 1950 1367 convocavit,
1985 1311 2040 1356 et
2061 1302 2141 1356 sic

559 1404 645 1450 est
673 1395 872 1450 aﬁ‘atus
908 1412 921 1448 :
957 1392 1147 1462 Vobis,
1202 1392 1426 1452 fratres.
1480 1394 1609 1464 quid
1653 1393 1870 1448 videtur
1915 1393 1983 1448 de
2029 1394 2137 1459 his,

561 1503 701 1557 quos
727 1488 978 1544 seditiosi
1010 1487 1086 1541 illi
1119 1497 1172 1540 et
1199 1487 1501 1542 turbulenti
1535 1486 1789 1542 homines
1814 1487 2141 1556 elegerunt?

561 1582 770 1639 similes
798 1597 991 1636 eorum
1025 1580 1276 1650 profecto
1305 1590 1458 1648 sunt,
1495 1581 1664 1650 inepti
1701 1590 1862 1649 atque
1888 1580 2131 1634 inutiles.

560 1675 995 1731 Archidiaconus
1018 1690 1147 1728 vero
1168 1683 1223 1729 et
1250 1673 1478 1728 Charite
1507 1671 1915 1741 responderunt
1943 1691 1956 1726 :
1990 1676 2139 1741 Upns

565 1769 689 1834 hoc,
720 1768 952 1823 Domine
984 1768 1094 1823 Deo
1129 1768 1479 1829 charissima,
1530 1765 1676 1835 quod
1705 1763 1818 1833 jam
1851 1764 2095 1819 diximus
2121 1804 2136 1830 ,

565 1879 672 1918 non
728 1864 796 1918 ab
856 1862 1081 1916 homine
1133 1875 1308 1930 neque
1355 1875 1452 1929 per
1504 1859 1805 1924 hominem,
1853 1858 1946 1913 sed
2005 1856 2137 1912 Jesu

564 1957 768 2012 Christi
820 1956 1025 2011 indicio
1077 1963 1133 2008 et
1181 1952 1583 2024 signiﬁcatione
1612 1952 1996 2021 complendum
2029 1959 2136 2006 est.

562 2053 751 2120 Itaque
784 2046 928 2103 Deus
958 2049 1097 2116 ipse,
1134 2049 1229 2118 qui
1267 2062 1462 2116 puram
1501 2046 1842 2116 religionem,
1873 2045 1968 2116 qui
1996 2043 2139 2100 a‘ssi-

561 2145 698 2200 duas
738 2157 926 2213 preces
955 2149 1078 2196 tuas
1109 2141 1274 2204 videt,
1310 2139 1445 2209 quid
1474 2140 1575 2194 tibi
1602 2139 1671 2194 de
1700 2138 1862 2194 nobis
1889 2146 2139 2193 statuen-

560 2238 691 2291 dum
724 2237 814 2300 sit,
854 2233 1282 2291 demonstrabit.
1311 2231 1662 2302 Responsum
1690 2230 1933 2302 pontilex
1963 2231 2140 2284 maxi-

562 2344 684 2385 mus
708 2327 1137 2383 commendavit.
1169 2326 1239 2380 At
1265 2340 1390 2380 cum
1419 2325 1489 2379 ob
1519 2324 1659 2380 hanc
1684 2339 1798 2378 rem
1825 2332 2135 2394 angeretur,

562 2439 671 2478 non
725 2422 900 2477 multo
951 2429 1075 2492 post
1123 2420 1360 2490 quadam
1399 2427 1558 2473 nocte
1606 2417 1785 2472 cernit
1831 2416 1885 2472 in
1933 2417 2140 2472 somnis

564 2522 712 2574 viros
740 2517 904 2573 binos
939 2515 1314 2587 apostolorum
1356 2512 1566 2575 habitu,
1598 2511 1690 2579 qui
1722 2510 1804 2565 sic
1843 2524 1969 2564 eum
2003 2508 2143 2563 allo-

563 2620 864 2683 querentur
898 2628 911 2665 :
942 2609 1055 2664 Cur
1095 2607 1284 2662 dolore
1334 2604 1591 2668 afﬁceris,
1635 2603 1784 2673 quod
1827 2601 1896 2658 de
1940 2600 2141 2656 Sicilia!

563 2707 826 2776 episcopo
854 2703 1024 2757 Siculi
1052 2701 1131 2755 illi
1165 2699 1418 2754 homines
1445 2696 1791 2752 dissideant?
1825 2696 1969 2750 Sane
1999 2710 2140 2766 quos

566 2799 602 2852 ii
641 2798 1007 2858 deduxerunt,
1049 2793 1255 2863 indigni
1289 2791 1449 2862 plane
1480 2801 1629 2854 sunt,
1684 2789 1777 2859 qui
1826 2790 2140 2844 initientur.

564 2894 634 2945 At
657 2898 741 2946 est
773 2890 862 2944 hic
887 2888 941 2942 in
971 2887 1110 2942 urbe
1133 2886 1334 2956 hospes
1361 2885 1444 2938 vir
1481 2883 1707 2954 quidam
1739 2883 1886 2953 pius,
1919 2883 2010 2936 cui
2039 2897 2140 2936 no-

566 2999 689 3038 men
730 2979 1054 3052 Grcgorius,
1085 2980 1242 3049 isque
1284 2977 1338 3032 in
1382 2975 1722 3030 monasterio
1765 2973 1950 3030 Sancti
1983 2973 2142 3030 Saba:

566 3077 909 3147 hospitatur;
965 3073 1059 3144 qui
1095 3071 1186 3126 ubi
1227 3070 1458 3132 audivit,
1510 3070 1660 3124 viros
1713 3069 1836 3124 illos
1899 3068 2006 3123 huc
2042 3066 2141 3122 ad-

2245 561 2653 632 γεγραμμένον.
2690 563 2754 614 Οἱ
2800 561 2857 615 δὲ
2903 563 3004 616 οὐκ
3061 564 3347 619 ἐϐούλοντο
3398 569 3704 622 ἐπακοῦσαι
3754 573 3833 640 τῷ

2246 655 2426 726 πὰπᾳ.
2461 654 2596 708 ἀλλά
2628 655 2829 725 μᾶλλον
2873 656 3235 724 ἐθορυϐοῦντο
3267 661 3360 714 ἐπὶ
3409 662 3581 714 πολλὰ
3620 663 3832 732 διελέγ-

2246 763 2456 816 χοντες.

2315 839 2409 893 Μ’.
2464 837 2610 893 Ἰδὼν
2640 839 2696 892 δὲ
2729 840 2757 892 ὁ
2809 839 2998 904 πᾶπας
3026 839 3125 911 τὴν
3173 842 3364 912 ἀναιδῆ
3411 845 3590 897 αὐτῶν
3619 846 3830 914 στάσιν,

2243 931 2520 1004 ὀργισθεὶς
2548 933 2834 986 ἐκέλευσεν
2865 933 3066 995 αὐτοὺς
3114 934 3474 1005 ἐκδιωχθῆναι
3507 938 3614 990 ἀπὸ
3663 957 3832 1009 προσ-

2242 1025 2393 1079 ώπου
2427 1025 2614 1090 αὑτοῦ,
2641 1026 2735 1078 καὶ
2769 1025 2964 1096 μηκέτι
2993 1026 3194 1090 αὐτοὺς
3227 1027 3482 1100 ἔρχεσθαι
3507 1033 3584 1094 εἰς
3607 1033 3830 1104 ξέρὼτη-

2245 1135 2328 1171 σιν
2349 1135 2363 1148 ο
2396 1119 2489 1171 καὶ
2527 1117 2647 1189 μεθ’
2680 1119 2893 1187 ἡμέρας
2921 1121 3070 1188 τρεῖς
3117 1121 3627 1190 προσκαλεσάμενος
3661 1127 3689 1176 ὀ
3727 1125 3832 1177 πά-

2244 1228 2352 1274 πας
2377 1210 2468 1264 τὸν
2497 1210 2875 1282 ἀρχιδιάκονον
2907 1207 3118 1265 Εὗπλον
3148 1213 3244 1265 καὶ
3277 1213 3369 1266 τὸν
3403 1215 3694 1284 Χαρίτωνα
3735 1221 3831 1270 καὶ

2242 1307 2368 1370 τοὺς
2412 1308 2540 1376 περὶ
2593 1307 2792 1368 αὐτοὺς
2829 1305 3125 1376 κληρικούς
3165 1323 3225 1358 τε
3271 1309 3364 1360 καὶ
3407 1307 3648 1381 λαῖκουςζ
3684 1311 3829 1378 λέγει

2242 1402 2427 1464 αὐτοῖς
2447 1417 2461 1431 ·
2503 1400 2683 1470 Ὑμῖν,
2715 1397 2953 1468 ἀδελφοὶ,
2991 1399 3044 1451 τί
3069 1398 3219 1451 δοκεῖ
3247 1399 3376 1469 περὶ
3407 1395 3482 1453 ὧν
3507 1401 3830 1468 ἐπελέξαντο

2240 1485 2388 1545 οὗτοι
2457 1492 2505 1543 οἱ
2567 1489 2886 1561 στασιάρχοι
2944 1488 3042 1541 καὶ
3116 1489 3454 1558 ταραχώδεις
3508 1489 3826 1560 ἇνΟρωποι;

2241 1586 2470 1648 Πάντως
2491 1585 2665 1655 ὅμοιοι
2695 1585 2875 1637 αὐτῶν
2897 1585 3238 1655 ὑπάρχουσιν
3269 1585 3466 1650 ἀφυεῖς
3485 1588 3580 1639 καὶ
3613 1589 3823 1655 ἀνωφεο

2239 1678 2375 1742 λεῖς.
2413 1678 2472 1731 Ὀ
2507 1678 2562 1730 δὲ
2593 1678 2994 1748 ἀρχιδιάκονος,
3018 1678 3114 1730 καλ⁵
3137 1679 3165 1730 ό
3192 1678 3446 1751 Χαρίτων
3474 1678 3575 1750 ἔφη
3596 1695 3609 1709 ·
3639 1681 3823 1733 Θεοτί-

2247 1787 2384 1842 μητε
2417 1771 2676 1834 δέσποτα,
2712 1770 2787 1832 ὡς
2812 1769 2906 1822 καὶ
2936 1770 3279 1841 προέφημεν,
3317 1771 3419 1824 οὐκ
3449 1770 3507 1834 ἐξ
3535 1771 3823 1843 ἀνθρώπου

2244 1863 2338 1916 καὶ
2380 1861 2502 1915 οὐδὲ
2539 1861 2605 1915 δι’
2652 1860 2961 1931 ἀνθρώπου,
3005 1862 3142 1916 ἀλλά
3180 1861 3249 1914 δι’
3283 1862 3679 1932 ἀποκαλύψεως
3724 1866 3822 1934 Ἰη-

2242 1953 2336 2009 σοῦ
2381 1953 2622 2026 Χριστοῦ
2655 1955 2716 2008 τὸ
2746 1955 2906 2026 ἔργον
2937 1954 3120 2022 μέλλει
3159 1953 3520 2025 πληροῦσθαι.
3557 1956 3702 2024 Πλὴν
3737 1957 3823 2012 διὰ

2239 2047 2340 2118 τῆς
2368 2047 2615 2118 καθαρᾶς
2647 2063 2742 2101 σου
2775 2047 3051 2118 λατρείας,
3084 2047 3179 2100 καὶ
3210 2047 3310 2116 τῆς
3341 2047 3478 2116 πρὸς
3506 2048 3638 2102 Θεὸν
3672 2053 3825 2104 ἀνεν-

2239 2140 2393 2193 δότου
2439 2157 2533 2192 σου
2569 2141 2904 2210 προσευχῆς,
2950 2139 3302 2211 ἀποκαλύψαι
3353 2158 3432 2194 σοι
3470 2142 3584 2212 ἔχει
3635 2147 3662 2196 ὁ
3692 2144 3823 2208 Θεὶς

2239 2234 2301 2287 τὸ
2334 2233 2385 2286 τί
2415 2234 2498 2288 δεῖ
2546 2233 2803 2302 γενέσθαι
2833 2236 2911 2297 εἰς
2942 2235 3111 2304 ἡμᾶν.
3155 2235 3262 2286 Καὶ
3297 2235 3586 2288 ἐπαίνεσεν
3625 2237 3821 2300 αὐτοὺς

2239 2328 2268 2380 ὁ
2307 2327 2496 2390 πάπας
2538 2327 2631 2380 ἐπὶ
2678 2329 2746 2397 τῇ
2785 2326 3008 2398 τοιαύτῃ
3057 2327 3238 2379 αὐτῶν
3279 2327 3591 2398 ἀποκρίσει.
3633 2330 3823 2393 Ὀντος

2239 2418 2294 2471 δέ
2321 2418 2414 2472 τοῦ
2448 2419 2605 2472 πάπα
2633 2420 2688 2472 ἐν
2719 2419 2862 2492 λύπῃ
2893 2421 3020 2490 περὶ
3063 2419 3156 2472 τοῦ
3188 2419 3431 2473 τοιούτου
3475 2422 3821 2491 πράγματος,

2244 2513 2362 2585 μεθ’
2393 2515 2606 2587 ἡμέρας
2634 2513 2787 2577 τινὰς
2827 2517 2886 2567 ἐν
2918 2516 3015 2585 μιᾷ
3043 2517 3198 2568 νυκτὶ
3227 2516 3329 2587 ὁρᾷ
3359 2517 3479 2569 κατ’
3504 2516 3636 2587 ὄναρ
3668 2519 3695 2570 ό
3725 2518 3825 2570 πάο

2243 2624 2351 2670 πας
2382 2607 2533 2670 τινάς
2573 2607 2772 2678 ἄνδρας
2811 2606 2905 2661 δύο
2949 2608 3005 2660 ἐν
3052 2609 3288 2676 σχήματι
3348 2609 3692 2678 ἁποστολικῷ
3735 2608 3824 2661 λέο

2241 2717 2440 2770 γοντας
2467 2699 2615 2770 αὐτῷ
2636 2715 2650 2732 ο
2691 2699 2755 2752 Τί
2791 2717 2874 2752 σοι
2903 2700 3120 2768 ἐγένετο
3145 2700 3287 2771 λύπη
3319 2702 3448 2771 περὶ
3475 2700 3583 2754 τῶν
3611 2701 3824 2770 ἀνδρῶν

2242 2791 2350 2845 τῶν
2400 2791 2800 2856 στασιαζόντων
2850 2792 2978 2860 περὶ
3029 2790 3122 2843 τοῦ
3179 2792 3484 2846 ἐπισκόπου
3535 2793 3824 2858 Σικελίας;

2243 2880 2403 2939 Οὗτοι
2430 2883 2489 2935 δὲ
2517 2885 2568 2936 οἱ
2603 2882 2733 2951 παρ’
2759 2881 2934 2936 αὐτῶν
2969 2883 3392 2951 προσαγόμενοι,
3417 2884 3627 2949 ἀνάξιοι
3653 2885 3827 2953 ὑπάρ-

2243 2997 2398 3050 χουσι
2426 2976 2522 3031 τοῦ
2551 2977 2973 3047 ἐγχειρήματος.
3012 2977 3166 3029 Ἔστι
3191 2978 3246 3030 δὲ
3279 2979 3336 3030 ὲν
3368 2981 3434 3048 τῇ
3469 2978 3625 3030 πόλει
3651 2977 3824 3049 ταύτῃ

2243 3073 2381 3142 ἀνήρ
2413 3088 2496 3134 τις
2534 3070 2684 3137 ξένος
2716 3068 2952 3139 εὐλαϐὴς
3002 3069 3302 3140 Γρηγόριος
3333 3070 3644 3139 λεγόμενος,
3678 3070 3825 3132 ὅστις

563 3170 822 3233 venisse,
875 3182 908 3223 ο
954 3164 1288 3220 monasterio
1348 3163 1581 3234 aufugit,
1625 3161 1680 3216 in
1727 3175 1838 3231 quo
1901 3170 2040 3227 erat,
2087 3168 2141 3216 et

2246 3165 2511 3230 ξενίζεται
2570 3164 2630 3216 ἐν
2691 3162 2770 3232 τῷ
2843 3162 3190 3233 μοναστηρίῳ
3248 3161 3342 3214 τοῦ
3414 3162 3600 3230 Ἀγίου
3657 3163 3824 3215 Σάὄα.

565 3265 621 3317 in
665 3262 778 3332 (56)
816 3257 1152 3314 monasterio
1203 3254 1378 3328 [LVIII]
1421 3255 1599 3310 sancti
1647 3253 1862 3309 Erasmi
1915 3254 2027 3325 (57)
2081 3267 2141 3308 se

547 3354 793 3412 .ahdidit.
826 3353 960 3408 Illuc
988 3352 1157 3422 igitur
1183 3350 1338 3404 mitte
1365 3350 1458 3420 qui
1483 3349 1760 3404 hominem
1796 3349 1864 3405 ad
1891 3357 1943 3403 te
1971 3349 2142 3404 dedu-

565 3457 712 3513 cant,
745 3455 910 3517 atque
941 3446 1088 3499 hunc
1112 3459 1238 3497 cum
1274 3443 1570 3513 episcopis,
1618 3445 1711 3513 qui
1742 3443 1884 3512 apud
1915 3452 1966 3498 te
1990 3448 2140 3506 sunt,

565 3548 951 3599 consecratum
983 3539 1037 3592 in
1071 3537 1320 3592 Siciliam
1355 3552 1477 3590 cum
1506 3537 1815 3592 orthodoxo
1847 3537 1965 3607 ejus
1991 3537 2144 3592 urbis

567 3632 767 3703 popqu
796 3629 1068 3702 proﬁcisci
1099 3629 1252 3699 jube.
1278 3629 1338 3683 In
1370 3645 1436 3684 eo
1456 3628 1604 3683 enim
1642 3637 1868 3683 sanctus
1891 3628 1985 3682 Dei
2019 3627 2140 3698 Spi-

567 3726 704 3782 ritus
758 3722 1052 3794 requievit,
1097 3733 1264 3792 atque
1319 3723 1365 3778 is
1423 3731 1530 3784 est,
1578 3737 1740 3790 quem
1792 3720 2142 3790 potissimum

565 3815 762 3871 civitas
792 3814 882 3869 illa
916 3813 1166 3883 requirit.
1212 3814 1337 3868 Ilaec
1382 3828 1506 3866 cum
1550 3812 1839 3876 dixissent,
1883 3811 2142 3879 hominis,

563 3923 730 3978 quem
778 3905 1166 3961 intermedium
1220 3905 1602 3970 adduxerant,
1661 3905 1994 3960 lineamenta
2041 3905 2145 3975 ipsi

567 4000 924 4070 habitumque
955 4000 1350 4064 ostenderunt,
1397 4013 1499 4054 nec
1545 3998 1700 4068 plura
1760 3997 2026 4054 addentes
2074 4013 2142 4054 ex

564 4092 740 4148 oculis
777 4092 898 4162 ejus
924 4103 1291 4148 evanuerunt.

637 4359 777 4414 XLI.
802 4358 1055 4414 Pontifex
1085 4359 1360 4414 maximus
1385 4358 1826 4431 expergefactus,
1847 4375 1970 4415 cum
1999 4370 2146 4417 tutus

567 4462 850 4517 tremeret,
888 4453 1132 4508 Marcum
1170 4454 1444 4521 abbatem,
1496 4455 1591 4525 qui
1635 4464 1748 4509 tum
1791 4453 1933 4510 forte
1965 4455 2018 4510 in
2051 4473 2148 4510 ur-

569 4549 696 4601 bem
734 4555 979 4608 venerat,
1028 4561 1091 4600 ac
1119 4549 1387 4616 primores
1416 4547 1678 4603 Ecclesiae
1710 4549 1776 4604 ad
1807 4566 1867 4604 se
1904 4551 2138 4617 vocavit,

569 4647 624 4692 et
652 4653 774 4708 quat
802 4637 906 4692 sibi
942 4639 994 4692 in
1027 4639 1240 4693 somnis
1272 4639 1388 4693 visa
1417 4648 1624 4704 essent,
1677 4650 1733 4696 et
1779 4651 2042 4711 quantum
2075 4657 2143 4695 ex

571 4729 944 4800 apostolorum
999 4741 1224 4801 aspectu
1269 4731 1664 4798 cohorruisset,
1706 4733 1811 4787 illis
1867 4734 2144 4803 exposuit.

571 4823 672 4877 Cui
705 4820 922 4878 Marcus
955 4824 1126 4879 abbas
1158 4843 1171 4880 :
1210 4823 1405 4892 Deum,
1454 4826 1658 4896 inquit,
1703 4826 1958 4881 laudibus
2003 4826 2145 4881 cele-

573 4915 818 4980 bremus,
852 4912 1010 4970 Pater
1040 4918 1370 4982 venerande,
1402 4918 1499 4989 qui
1529 4933 1720 4989 preces
1746 4927 1870 4973 tuas
1907 4933 2016 4972 non
2050 4934 2146 4972 ne-

647 5093 763 5166 (35)
801 5093 824 5148 l
860 5091 1128 5168 'ljimqn,
1179 5097 1234 5152 7.
1284 5097 1407 5166 Ipsa
1459 5108 1639 5152 autem
1684 5101 1850 5152 verba
1901 5097 2145 5168 Apostoli

575 5165 725 5230 sunt,
759 5168 849 5219 Δεῖ
879 5165 936 5218 δὲ
972 5167 1136 5220 αὐτὸν
1177 5169 1273 5221 καὶ
1305 5165 1612 5238 μαρτυρίαν
1649 5167 1819 5238 καλὴν
1867 5165 2011 5241 ἔχειν
2041 5169 2150 5222 ἀπὸ

575 5236 683 5290 τῶν
724 5235 943 5303 ἔξωθεν.

574 5255 683 5290 των
724 5251 943 5290 εξωυεν.

647 5305 761 5376 (56)
807 5306 1083 5377 Scriptum
1122 5308 1342 5377 quidem
1379 5309 1432 5361 in
1468 5309 1595 5363 cod.
1635 5310 1661 5363 1
1695 5318 1836 5374 erat,
1867 5308 1960 5363 τοῦ⁹
1989 5309 2147 5377 ἁγίου

585 5377 814 5459 Ἑρμοῦ,
846 5392 948 5459 pro
995 5379 1268 5459 ’Epétcpou
1294 5395 1307 5409 ⁸
1344 5380 1438 5459 sed
1472 5379 1688 5459 εει-ᾕρεε,
1723 5382 1942 5459 opinor,
1974 5381 2148 5450 impe-

578 5449 731 5530 ritia,
768 5451 861 5518 qui
889 5465 1013 5530 .non
1044 5449 1452 5530 animadvertit,
1492 5449 2152 5530 syllabam;illic_co_ntra7

577 5519 762 5592 ctione
793 5521 1077 5586 omissam,
1110 5519 1573 5592 quae'fere‘apice
1607 5523 1874 5591 inscripto
1913 5521 2145 5576 indicari

577 5591 718 5664 solet
748 5587 1056 5664 hoc_modo
1098 5591 1323 5664 Ἑρμοῦ.
1363 5587 1550 5663 Neque
1598 5593 1746 5646 enim
1782 5587 2054 5664 ignorum
2094 5594 2147 5646 in

581 5657 717 5731 urbe
747 5657 807 5731 S_.
848 5658 1060 5715 Erasmi
1097 5657 1520 5728 monasterium,
1553 5664 1716 5731 cujus
1752 5657 1858 5716 no'n
1893 5663 2062 5718 semel
2095 5665 2147 5717 in

579 5727 722 5804 libro
760 5727 1070 5804 Pontilieoli
1106 5735 1311 5788 mentio
1345 5735 1421 5788 lit.
1459 5727 1514 5788 In
1555 5727 1830 5788 Adeodato
1871 5735 1963 5804 qui
2016 5750 2150 5802 pon-

578 5799 1167 5875 tificatummaxiinurii
1201 5807 1344 5875 cepit
1369 5805 1638 5860 anno625
1664 5799 1934 5875 legimus:
1968 5799 2072 5859 δέει
2101 5815 2150 5858 et

577 5872 965 5928 monasterium
997 5871 1180 5930 Sancti
1227 5871 1444 5930 Erasmi
1481 5877 1644 5930 situm
1679 5871 1741 5930 iri
1775 5875 1940 5931 Caelio
1977 5889 2150 5931 monte

2257 3255 2518 3318 Ἀκούσας
2542 3254 2598 3307 δὲ
2630 3255 2758 3324 περὶ
2797 3254 2908 3306 τῶν
2952 3254 3164 3325 ἀνδρῶν
3197 3254 3438 3317 ἐκείνων,
3471 3256 3551 3307 ὅτι
3595 3254 3826 3309 ἐνταῦθα

2244 3341 2629 3411 παρεγένοντο,
2678 3341 2893 3414 ἀπέδρα
2921 3344 2987 3397 ἐκ
3018 3342 3114 3396 τοῦ
3148 3344 3537 3415 μοναστηρίου,
3578 3345 3634 3396 ἐν
3665 3339 3708 3412 ᾧ
3734 3340 3826 3414 ἦν,

2245 3435 2337 3489 καὶ
2367 3435 2673 3504 κέκρυπται
2717 3436 2776 3486 ἐν
2813 3433 2892 3504 τῷ
2929 3436 3275 3506 μοναστηρίῳ
3313 3436 3408 3488 τοῦ
3448 3436 3630 3504 Ἀγίου
3673 3436 3831 3508 Ἐρά-

2248 3545 2406 3597 σμου.
2453 3527 2804 3591 Ἀποστείλας
2829 3523 2924 3580 οὖν
2957 3528 3326 3597 μετακαλέσαι
3369 3528 3459 3581 τὸν
3508 3529 3700 3598 ἄνδρα,
3733 3533 3828 3583 καὶ

2243 3620 2434 3672 τοῦτον
2464 3623 2851 3691 χειροτονήσας
2893 3619 3002 3673 τῶν
3039 3620 3138 3673 σὺν
3185 3623 3267 3673 σοὶ
3315 3624 3648 3684 ἐπισκόπων,
3693 3626 3830 3677 ἀπό-

2247 3713 2454 3766 στειλον
2496 3713 2658 3767 αὑτὸν
2700 3715 2759 3767 ἐν
2808 3714 3026 3784 Σικελίᾳ
3071 3714 3209 3784 μετὰ
3253 3715 3348 3767 τοῦ
3398 3715 3678 3786 ὀρθοδόξου
3726 3718 3828 3786 τῆς

2245 3807 2454 3870 πόλεως
2496 3807 2710 3878 ἐκείνης
2752 3806 2902 3860 λαοῦ.
2952 3808 3040 3860 Ἐν
3091 3807 3238 3877 αὐτῷ
3287 3809 3396 3879 γὰρ
3444 3811 3826 3863 ἀναπέπαυται

2244 3900 2306 3952 τὸ
2339 3898 2562 3969 Πνεῦμα
2609 3900 2670 3952 τὸ
2721 3899 2876 3968 ἅγιον
2919 3901 3016 3953 τοῦ
3066 3900 3235 3953 Θεοῦο
3270 3903 3364 3954 καὶ
3393 3901 3570 3954 δέεται
3605 3905 3632 3956 ὁ
3662 3903 3826 3965 τόπος

2245 3991 2452 4053 ἐκεῖνος
2499 3989 2687 4045 αὐτοῦ.
2741 3985 2874 4042 Εἶτα
2920 3989 2996 4052 ὡς
3047 3977 3219 4043 ταῦτα
3267 3990 3486 4059 ἔλεγον,
3539 3991 3828 4055 ὑπέδειξαν

2245 4082 2392 4154 αὐτῷ
2422 4083 2515 4135 καὶ
2548 4083 2639 4135 τὸν
2687 4082 3016 4152 χαρακτῆρα
3058 4082 3152 4134 τοῦ
3183 4083 3376 4153 ἀνδρὸς
3407 4085 3486 4146 εἰς
3531 4085 3693 4154 μέσον
3724 4086 3826 4136 αὺ-

2243 4173 2354 4227 τῶν
2411 4173 2742 4242 φερόμενον·
2801 4171 2975 4226 ταῦτα
3023 4173 3204 4227 αὐτῶν
3260 4175 3544 4239 εἰπόντων,
3601 4177 3826 4244 ἀφανεῖς

2245 4267 2496 4335 ἐγένοντο
2526 4268 2573 4319 οἱ
2608 4265 2800 4336 ἄνδρες
2832 4265 2939 4317 ἀπὸ
2969 4264 3262 4336 προσώπου
3291 4265 3478 4319 αὑτοῦ.

2319 4362 2454 4414 MA’.
2495 4359 2837 4421 Διυπνισθεὶς
2871 4357 2929 4410 δὲ
2969 4359 2998 4411 ὁ
3029 4359 3216 4421 πάπας
3246 4360 3338 4411 καὶ
3373 4359 3636 4430 ἔντρομος
3671 4361 3824 4430 γενό-

2252 4469 2435 4523 μενος,
2470 4449 2988 4521 προσκαλεσάμενος
3011 4449 3103 4502 τὸν
3135 4450 3311 4503 ἀ66ᾶν
3343 4452 3570 4522 Μάρκον
3605 4447 3693 4523 (ἦν
3719 4454 3825 4523 γὰρ

2249 4543 2390 4597 κατά
2421 4541 2726 4612 συγκυρίαν
2770 4539 3031 4594 εἰσελθὼν
3077 4542 3171 4594 καὶ
3217 4542 3380 4606 αὐτὸς
3430 4545 3489 4595 ἐν
3535 4545 3601 4613 τῇ
3626 4543 3824 4609 πόλει),

2247 4635 2340 4690 καὶ
2373 4636 2497 4698 τοὺς
2527 4634 2774 4705 πρώτους
2808 4634 2907 4703 τῆς
2949 4633 3293 4703 Ἑκκλησίας,
3320 4635 3616 4707 διηγήσατο
3643 4639 3826 4698 αὐτοῖς

2247 4726 2317 4780 τὰ
2360 4725 2452 4779 τοῦ
2483 4727 2758 4797 ὁράματος
2807 4725 2903 4778 καὶ
2950 4726 3042 4779 τὸν
3102 4725 3268 4794 φόϐον
3312 4727 3411 4796 τῆς
3461 4727 3826 4796 ἁποστολικῆς

2249 4819 2536 4880 ὀπτασίας,
2573 4820 2666 4872 καὶ
2692 4818 2838 4886 λέγει
2863 4819 3010 4888 αὐτῷ
3035 4819 3064 4871 ὁ
3092 4819 3264 4882 ἁῦὕᾶς
3294 4821 3520 4890 Μάρκος
3540 4837 3555 4852 ο
3592 4822 3830 4890 Εὐλογη-

2251 4914 2344 4976 τὸς
2381 4913 2409 4964 ὁ
2439 4912 2593 4976 Θεὸς,
2627 4911 2809 4981 Πάτερ
2841 4911 3011 4980 τίμιε,
3043 4911 3101 4974 ὃς
3126 4913 3188 4964 οὐ
3216 4911 3410 4981 πάριδε
3451 4913 3550 4983 τὴν
3595 4929 3828 4983 προσευ-

2245 5093 2302 5147 in
2328 5108 2430 5161 quo
2459 5091 2680 5144 crevisse
2711 5092 2851 5144 visus
2882 5097 2972 5153 est
2996 5089 3281 5158 prwdictus
3314 5091 3392 5161 vir
3433 5092 3827 5159 sanctissimus,

2247 5160 2430 5216 multis
2464 5163 2610 5214 novis
2637 5161 2881 5232 wdiﬁciis
2915 5162 3298 5230 augmentavit.
3330 5160 3486 5214 Nunc
3517 5177 3666 5222 vero.
3705 5181 3830 5217 cum

2245 5245 2303 5287 et
2359 5233 2618 5301 templum
2669 5241 2722 5284 et
2773 5235 3167 5286 monasterium
3224 5241 3470 5301 vetustas
3527 5233 3830 5298 deleverit,

2247 5304 2437 5358 Graeca
2468 5300 2723 5371 Superest
2753 5304 3056 5370 inscriptio,
3100 5318 3263 5369 quam
3293 5300 3583 5357 Fahrettus
3609 5306 3830 5370 quidem

2248 5390 2314 5429 ex
2355 5377 2471 5444 ipso
2504 5373 2680 5441 lapide
2721 5389 2971 5427 mancam
3009 5374 3181 5444 edidit
3217 5375 3294 5441 (p.
3336 5373 3460 5434 757,
3505 5390 3558 5426 n.
3601 5374 3749 5444 6:29).
3780 5387 3837 5430 at

2249 5461 2314 5498 ex
2369 5445 2557 5498 codice
2613 5445 2935 5515 monasterii
2959 5513 2967 5515 _
2995 5443 3351 5498 Sublacensis
3387 5447 3672 5515 integram
3711 5443 3832 5515 'jam

2248 5515 2516 5570 habemus
2552 5515 2604 5567 in
2639 5513 2920 5586 Auecdotis
2949 5513 3227 5586 littemriis
3261 5518 3324 5582 (t.
3361 5514 3449 5576 IV,
3486 5513 3537 5581 p.
3570 5516 3695 5586 545)
3719 5513 3832 5571 non

2247 5587 2370 5640 sine
2411 5585 2724 5652 interpretis
2757 5586 2970 5652 antiqui
2997 5584 3192 5638 Latina
3221 5588 3587 5641 translatione
3616 5606 3629 5640 :
3660 5584 3835 5656 quan-

2248 5671 2423 5729 quam
2447 5664 2744 5729 utrumque
2773 5656 3084 5726 exemplum
3127 5657 3239 5711 alio
3266 5668 3388 5728 eget
3420 5658 3742 5729 interprete,
3776 5671 3837 5717 ut

2248 5726 2484 5796 intelligi
2528 5726 2721 5793 possit.

2322 5797 2433 5866 (57)
2477 5799 2533 5850 ln
2567 5798 2689 5850 cod.
2723 5799 2774 5862 I,
2813 5797 2906 5850 τοῦ
2937 5798 3095 5866 ἁγίου
3139 5797 3363 5869 Ἑρμοῦ.
