4158 6548
309 387 406 453 ϐΞῙ

1317 380 1378 442 S.
1405 377 1783 439 GREGORII
1819 375 2326 437 AGRIGENTINI
2374 376 2576 438 VITA.

3471 373 3576 436 (ἱἓὲ

308 502 409 569 χήν
444 511 538 550 σου
571 494 664 548 καὶ
686 494 746 545 τὺ
778 492 925 555 ἔλεος
947 491 1113 545 αὐτοῦ
1137 490 1246 545 άπὸ
1276 490 1392 555 σοῦ,
1420 490 1535 543 ἀλλ’
1571 488 1894 558 ἀπεκάλυψέ

2024 490 2189 555 ﬂexit,
2250 505 2350 544 nec
2407 488 2799 544 misericordia:
2853 504 2966 545 suae
3021 498 3298 558 expertem
3359 498 3409 541 te
3458 503 3581 544 esse

312 609 391 644 σοι
423 590 457 643 ἃ
488 588 743 655 ποιήσεις
784 585 872 637 διὰ
901 583 1011 637 τῶν
1057 582 1231 650 ἁγίων
1258 581 1422 635 αὐτοῦ
1454 583 1512 633 ὲν
1548 580 1626 651 τῷ
1656 582 1895 651 ποιμνίῳ

312 698 426 734 σου.
462 679 572 731 Καὶ
605 674 935 736 ἀποστείλας
981 673 1118 742 αὐτῇ
1162 675 1230 741 τῇ
1282 672 1405 744 ὥρᾳ
1449 673 1542 725 τὸν
1577 688 1900 743 πρωτοπρε-

313 772 571 841 σόύτερον
611 769 709 837 τῆς
753 765 1078 834 Ἐκκῗιησίας
1127 765 1221 817 καὶ
1270 768 1398 827 τοὺς
1441 764 1535 817 δύο
1572 763 1900 826 ἐπισκόπους

310 864 437 925 τοὺς
467 861 831 923 κατελθόντας
861 860 926 912 ὲκ
964 859 1064 928 τῆς
1100 857 1321 910 συνόδου
1355 857 1414 911 ὲν
1444 856 1524 927 τῷ
1556 857 1902 928 μοναστηρίῳ

313 957 407 1010 τοῦ
451 954 631 1023 Ἀγίου
684 952 872 1018 Σάϐα,
918 953 1013 1005 καὶ
1049 952 1125 1024 μὴ
1160 951 1412 1022 εὑρόντες
1444 951 1535 1005 τὸν
1579 950 1902 1022 Γρηγόριον,

315 1049 671 1121 ὲπερώτησαν
716 1045 807 1098 τὸν
839 1047 1170 1116 ἡγούμενον,
1214 1044 1276 1096 τὸ
1314 1046 1364 1096 τί
1399 1042 1624 1111 γέγονεν
1653 1044 1682 1095 6
1710 1042 1849 1113 ἀνὴρ
1878 1045 1905 1096 6

317 1140 393 1193 ὣν
417 1139 674 1192 ἐνταῦθα.
708 1142 772 1189 ὐ
806 1137 864 1190 δὲ
894 1136 1103 1205 ἔλεγεν,
1132 1137 1215 1190 ὅτι
1239 1134 1346 1206 πρὸ
1374 1134 1467 1187 δύο
1494 1135 1717 1206 ἡμερῶν
1746 1134 1905 1206 ἐξῆλ-

320 1235 411 1286 θεν
436 1233 501 1285 ὲκ
528 1230 623 1283 τοῦ
657 1226 1045 1303 μοναστηρίου,
1079 1227 1176 1280 καὶ
1206 1226 1477 1296 ἐπορεύθη
1527 1226 1584 1277 ἐν
1619 1226 1697 1295 τῷ
1741 1242 1909 1296 μονα-

322 1325 527 1397 στηρίῳ
576 1321 669 1375 τοῦ
716 1321 902 1389 Ἀγίου
956 1319 1255 1390 Ἐράσμου.
1305 1319 1417 1371 Καὶ
1465 1318 1689 1388 ἐξῆλθον
1736 1318 1908 1371 ὀπίσω

320 1416 509 1478 αὐτοῦ,
542 1414 639 1467 καὶ
668 1407 826 1482 εὗρον
854 1412 944 1465 τὸν
983 1411 1251 1481 μακάριον
1281 1410 1320 1463 Γ
1327 1409 1583 1481 ρηγόριον
1612 1412 1669 1463 ἐν
1707 1409 1786 1480 τῷ
1816 1427 1910 1479 μο-

322 1506 600 1577 ναστηρίῳ
632 1504 727 1559 τοῦ
772 1503 956 1570 Ἀγίου
1012 1502 1287 1573 Ἐράσμου
1322 1501 1586 1572 μέλλοντα
1614 1502 1775 1556 αὐτὸν
1819 1500 1907 1565 ἐξ·

324 1598 604 1671 ἔρχεσθαι.
653 1596 764 1649 Καὶ
808 1594 932 1649 ἰδὼν
976 1595 1175 1657 αὐτοὺς
1220 1593 1330 1647 ἀπὸ
1376 1591 1650 1664 μακρόθεν
1698 1594 1912 1659 ἐπέγνω

322 1693 451 1753 τούς
482 1688 841 1749 ἐπισκόπους,
862 1687 956 1741 καὶ
989 1684 1301 1756 εἰσδραμὼν
1327 1684 1536 1755 ἐκρύϐη
1563 1685 1620 1737 ὲν
1641 1683 1719 1753 τῷ
1752 1684 1913 1754 κήπῳ

330 1783 491 1852 μέσον
542 1778 649 1833 τῶν
704 1778 906 1845 φυτῶν.
954 1776 1063 1829 Καὶ
1108 1774 1443 1837 εἰσελθόντες
1482 1775 1530 1827 οἱ
1580 1773 1772 1845 ἄνδρες
1818 1775 1915 1825 έπ-

2003 598 2199 651 passus
2243 592 2364 648 est,-
2402 582 2511 635 imo
2536 582 2631 636 tibi
2675 581 2976 636 declaravit
3023 597 3117 651 per
3158 592 3380 636 sanctos
3424 596 3578 645 suos,

2003 689 2124 741 qnie
2176 673 2228 726 in
2282 688 2442 742 grege
2489 681 2584 726 tuo
2623 682 2759 726 ate
2798 672 2914 726 fieri
2968 681 3266 741 oporteret.
3314 673 3409 727 Ille
3451 688 3584 726 vero

2005 765 2190 817 statim
2240 765 2786 833 protopresbyterum
2816 764 3078 819 Ecclesia:
3114 781 3176 819 ac
3202 768 3342 820 duos
3372 766 3585 835 episco-

2006 871 2126 925 pos,
2161 855 2312 924 quia
2345 854 2556 923 synodo
2595 864 2882 918 venerant,
2924 856 2990 908 ad
3027 854 3211 909 Sancti
3260 856 3419 911 Sabm
3466 871 3588 909 mo-

2009 946 2316 1001 nasterium
2352 946 2523 1000 misit.
2557 944 2660 1012 Qui
2690 960 2815 999 cum
2846 946 2920 999 ibi
2945 946 3265 1016 Gregorium
3302 962 3406 1001 non
3432 947 3587 1000 inve-

2010 1042 2242 1104 nissent,
2276 1056 2304 1092 a
2331 1038 2589 1107 praefecto
2618 1038 2880 1093 sciscitati
2913 1047 3061 1103 sunt,
3089 1038 3348 1107 quidnam
3385 1038 3587 1093 fartum

2009 1139 2158 1187 esset
2187 1130 2255 1186 de
2285 1130 2531 1190 homine.
2567 1130 2662 1199 qui
2692 1129 2807 1184 illic
2831 1130 2991 1183 erat?
3038 1129 3372 1200 Auditoque,
3424 1130 3592 1186 biduo

2011 1229 2137 1275 ante
2174 1236 2204 1274 e
2239 1220 2581 1274 monasterio
2607 1220 2704 1273 illo
2737 1218 2961 1283 exiisse,
2995 1230 3047 1274 et
3095 1219 3147 1273 in
3195 1222 3589 1276 monasterium

2012 1315 2203 1370 Sancti
2242 1314 2457 1368 Erasmi
2508 1314 2778 1383 migrasse
2808 1354 2824 1377 ,
2875 1313 3053 1383 ipsum
3112 1315 3320 1377 secuti,
3372 1316 3590 1370 beatum

2013 1407 2337 1477 Gregorium
2384 1408 2437 1460 in
2472 1406 2812 1461 monasterio
2854 1404 3041 1462 Sancti
3095 1406 3306 1464 Erasmi
3368 1409 3593 1463 invene-

2015 1507 2142 1551 runt
2171 1498 2282 1566 jam
2321 1498 2472 1552 abire
2504 1506 2788 1567 parantem
2825 1515 2839 1552 :
2874 1497 2967 1566 qui
3002 1505 3062 1552 ut
3086 1513 3183 1553 eos
3210 1500 3404 1567 procul
3434 1499 3590 1565 vidit,

2012 1600 2067 1646 et
2095 1591 2386 1661 episcOpos
2418 1590 2663 1660 agnovit,
2716 1591 2769 1643 in
2823 1590 3042 1644 hortum
3095 1589 3309 1660 aufugit
3341 1602 3393 1646 et
3448 1592 3594 1646 inter

2015 1684 2241 1738 arbores
2280 1684 2458 1736 latuit.
2502 1683 2573 1736 At
2620 1683 2699 1736 illi
2742 1682 2977 1753 ingressi
3029 1683 3346 1753 praefectum
3400 1694 3597 1755 urgent

2017 1782 2340 1843 rogantque,
2400 1774 2624 1828 ubinam
2664 1776 2749 1828 vir
2807 1776 2898 1830 ille
2948 1776 3055 1839 sit,
3108 1791 3272 1844 quem
3322 1777 3594 1847 hospitem

328 1874 550 1941 ἐσχοντο
570 1870 661 1922 τὸν
693 1867 996 1940 ἡγούμενον
1026 1868 1083 1919 ὲν
1117 1865 1290 1937 ἰσχύει
1323 1864 1576 1933 λέγοντες
1598 1883 1611 1896 '
1645 1867 1711 1917 Τί
1752 1865 1913 1933 γέγο-

2024 1868 2272 1921 habebat.
2299 1866 2601 1923 Praefectus
2626 1869 2889 1923 haesitans
2921 1868 3127 1923 hortari
3157 1884 3271 1934 eos,
3305 1879 3364 1924 ut
3390 1870 3598 1938 paulis«

327 1982 416 2017 νεν
458 1966 485 2017 6
528 1964 668 2033 ἀνὴρ
704 1964 731 2015 ὁ
756 1960 832 2014 ὣν
880 1959 1067 2014 ἐνθάδε
1098 1959 1279 2024 ξένοςς
1319 1958 1378 2012 Ὀ
1425 1959 1482 2012 δὲ
1532 1961 1592 2012 ὲν
1636 1958 1917 2030 ἀμηχανίᾳ

328 2058 655 2127 γενόμενος,
712 2054 1014 2125 παρεκάλει
1081 2054 1265 2117 αὐτοῖς
1322 2050 1522 2122 μικρὸν
1581 2051 1916 2120 ἀνασχέσθαι

329 2149 499 2218 αὐτῷ,
547 2149 694 2210 ὅπως
746 2146 994 2217 ζητήσας
1042 2144 1256 2215 εύρειεν
1310 2144 1496 2208 αὐτὸν,
1544 2142 1638 2196 καὶ
1689 2142 1917 2213 παραδῷ

329 2241 514 2301 αὐτοῖς
543 2238 726 2291 αὐτόν.
758 2234 1054 2289 Κατελθὼν
1082 2235 1139 2287 δὲ
1165 2236 1193 2287 ὁ
1217 2232 1524 2304 ἡγούμενος
1563 2234 1622 2285 ὲν
1647 2233 1725 2302 τῷ
1757 2234 1919 2303 κήπῳ

331 2328 491 2403 ε’ὐρεν
534 2329 697 2384 αὐτὸν
740 2327 1125 2399 κεκρυμμένον
1163 2325 1328 2395 μέσον
1363 2325 1475 2377 τῶν
1517 2324 1789 2394 λαχάνων,
1823 2322 1920 2375 καὶ

266 2436 271 2439 ’
330 2423 725 2492 ἀγανακτήσας
755 2419 904 2490 αὑτῴ
931 2422 959 2471 6
987 2417 1290 2487 ἡγούμενος
1317 2417 1467 2484 λέγει
1493 2432 1508 2446 ο
1538 2411 1609 2469 Ὦ
1639 2415 1916 2485 ἄνθρωπε,

335 2517 497 2569 πόθεν
527 2510 691 2585 ἦλθες
722 2505 846 2576 ὧδε,
889 2510 1172 2579 ἄνθρωπος
1205 2506 1281 2561 ὢν
1310 2508 1415 2561 ὑπὸ
1444 2507 1789 2577 ἐγκλήματος
1828 2507 1921 2559 καὶ

336 2607 670 2677 ζητούμενος
703 2604 809 2657 ὑπὸ
836 2601 1093 2655 τοιούτων
1119 2602 1466 2673 προσώπων;
1512 2597 1759 2656 Ἀνελθε,
1788 2598 1922 2651 ἀπο-

334 2699 593 2769 λογήθητι
623 2699 753 2765 περὶ
778 2696 886 2749 τῶν
918 2694 1278 2765 ἐγκλημάτων
1313 2709 1427 2745 σου.
1491 2691 1549 2743 ὐ
1592 2691 1648 2744 δὲ
1688 2690 1789 2743 οὐκ
1820 2692 1923 2743 άπι

338 2790 535 2863 εκρίθη
574 2788 724 2860 αὐτῷ
759 2789 893 2859 πρὸς
925 2784 1099 2840 ταῦτα
1133 2785 1255 2837 οὐδὲ
1290 2784 1463 2855 ῥῆμα.
1518 2781 1779 2835 Ἀνελθὼν
1812 2782 1868 2834 δὲ
1897 2782 1925 2833 6

339 2885 639 2956 Γρηγόριος
683 2885 740 2935 ὲν
781 2885 849 2953 τῇ
898 2881 1061 2951 αὐλῇ,
1112 2871 1271 2950 εὗρεν
1302 2878 1426 2939 τοὺς
1472 2876 1671 2946 ἄνδρας
1702 2875 1920 2938 καθεζοι

342 2974 556 3044 μένους.
590 2973 700 3026 Καὶ
735 2972 933 3033 ἰδόντες
957 2968 1120 3022 αὐτὸν
1147 2970 1194 3021 οἱ
1216 2967 1527 3031 ἐπίσκοποι,
1562 2964 1655 3018 καὶ
1678 2965 1925 3032 ἐπιγνόν-

337 3084 465 3131 τες,
516 3064 903 3135 εἰσδραμόντες
945 3060 1176 3133 ἔρριψαν
1219 3060 1450 3122 ἑαυτοὺς
1497 3057 1796 3128 ἀμφότεροι
1843 3058 1925 3119 εἰς

338 3157 466 3220 τοίνς
502 3156 670 3219 πόδας
704 3154 871 3210 αὐτοῦ
892 3170 905 3185 ο
928 3155 1148 3224 ἢδεισαν
1178 3151 1283 3224 γὰρ
1302 3151 1363 3205 τὸ
1390 3151 1509 3214 πῶς
1537 3151 1925 3221 προσεκυνεῑτο

340 3251 371 3304 ὁ
418 3218 717 3320 ίρηγόριος
750 3249 858 3301 ὑπὸ
889 3218 998 3303 τεόν
1048 3218 1275 3316 Πατρῶν
1324 3244 1545 3297 πάντων
1582 3218 1697 3298 *τῶν
1745 3243 1805 3295 ὲν
1849 3243 1917 3312 τῇ
1951 3218 1994 3276 C

345 3338 552 3408 rw66q)
582 3338 749 3391 ὄντων
780 3337 838 3388 ἐν
869 3334 1456 3399 Κωνσταντινουπόλει,
1484 3331 1686 3402 ὁμοίως
1723 3332 1781 3386 δὲ
1825 3333 1922 3386 καὶ

343 3427 441 3484 τοῦ
470 3427 860 3483 εὐσεϐεστάτου
890 3426 1153 3496 βασιλέως
1180 3427 1383 3497 πολλὴν
1414 3425 1564 3496 αύτῴ
1598 3415 1921 3496 ποιουμένου

344 3519 534 3589 τιμήν.
568 3515 758 3570 Πεσὼν
794 3517 853 3569 δὲ
882 3515 974 3568 καὶ
1005 3516 1165 3578 αὐτὸς
1194 3514 1287 3567 ἐπὶ
1315 3515 1605 3586 πρόσωπον
1627 3515 1808 3569 αὐτῶν
1834 3513 1923 3566 λέ-

343 3628 432 3681 γει
481 3611 705 3672 αὐτοῖς·
756 3608 1156 3679 Συγχωρήσατέ
1202 3624 1315 3677 μοι,
1363 3608 1507 3675 ἅγιοι
1544 3607 1790 3678 Πάτρες,
1843 3607 1925 3659 ὃτι

348 3702 484 3773 ἀνὴρ
513 3701 836 3773 ἁμαρτωλός
874 3704 1022 3771 εἰμι’
1055 3699 1107 3753 τί
1148 3698 1451 3752 ὲσκύπτετε
1481 3699 1619 3770 πρὸς
1660 3700 1759 3768 τὴν
1786 3701 1923 3768 ἡμε-

348 3796 512 3866 τέραν
552 3795 917 3865 μετριότητα;
969 3793 1032 3846 Οί
1083 3791 1140 3844 δὲ
1179 3791 1511 3854 ἀναστάντες
1557 3788 1927 3859 κατεφίλησαν

349 3889 649 3959 ἀμφότεροι
696 3887 786 3940 τὸν
834 3885 1154 3957 Γρηγόριον,
1190 3885 1283 3936 καὶ
1333 3883 1584 3951 λέγουσιν
1626 3880 1811 3949 αὐτῷ·
1871 3881 1928 3933 '0

350 3982 528 4044 κοινὸς
566 3980 726 4051 ἡμῶν
758 3979 946 4049 Πατὴρ
974 3980 1002 4031 6
1033 3976 1449 4048 ἀρχιπρόεδρος,
1478 3977 1505 4028 6
1528 3975 1617 4029 τὸν
1642 3973 1928 4027 ἀποστολι-

2018 1975 2114 2030 per
2148 1961 2477 2025 sustineant,
2510 1961 2641 2015 dum
2676 1960 2947 2031 inquirat;
2999 1976 3058 2016 se
3085 1962 3260 2025 illum,
3298 1962 3385 2016 tibi
3428 1965 3594 2017 iuve-

2020 2052 2182 2115 uerit,
2221 2052 2355 2120 ipsis
2384 2052 2744 2106 traditurum.
2777 2051 2914 2105 Tum
2952 2053 3005 2105 in
3043 2052 3259 2107 hortum
3292 2054 3595 2119 descendit,

2020 2155 2183 2214 atque
2221 2146 2291 2200 ibi
2319 2160 2444 2199 eum
2476 2147 2619 2200 inter
2645 2146 2795 2200 olera
2826 2147 3084 2201 latentem
3124 2146 3331 2201 invenit
3359 2165 3371 2201 :
3416 2148 3598 2216 itaque

2021 2238 2129 2291 vim
2163 2238 2372 2291 homini
2435 2238 2721 2303 adhibens,
2761 2238 2935 2299 Unde.
2973 2239 3171 2307 inquit,
3225 2243 3329 2294 huc
3376 2244 3595 2301 venisti,

2019 2345 2144 2384 cum
2187 2330 2291 2384 sub
2326 2330 2515 2399 judice
2554 2334 2655 2397 sis,
2708 2340 2857 2386 acte
2899 2331 2999 2384 viri
3053 2332 3189 2387 tales
3233 2334 3601 2402 perquirant?

2021 2422 2185 2475 Abilo
2216 2420 2365 2484 hinc,
2402 2429 2456 2475 et.
2489 2430 2678 2475 contra
2708 2433 3058 2477 accusatores
3091 2432 3215 2478 tuos
3263 2435 3313 2477 te
3340 2422 3595 2479 defende.

2020 2513 2318 2584 Gregorius
2349 2528 2480 2567 vero
2502 2514 2567 2567 ad
2606 2514 2722 2568 Ιιιεο
2754 2528 2825 2568 ne
2853 2514 3079 2568 verbum
3113 2515 3335 2584 quidem
3367 2531 3601 2585 respon-

2023 2607 2122 2663 dit.
2170 2604 2270 2661 Ubi
2301 2606 2521 2660 dentum
2559 2605 2613 2659 in
2642 2606 2824 2661 aulam
2859 2608 3125 2673 ascendit,
3176 2609 3326 2662 viros
3366 2609 3477 2663 illic
3516 2625 3603 2665 se-

2020 2699 2211 2754 dentes
2276 2699 2516 2770 reperit;
2578 2714 2737 2768 quem
2804 2708 2865 2753 ut
2917 2700 3099 2755 videre
3148 2702 3387 2771 episcopi
3438 2714 3603 2773 atque

2022 2805 2317 2859 agnovere,
2342 2800 2700 2846 accurrentes
2729 2790 2913 2854 ambo,
2957 2792 3021 2845 ad
3062 2794 3220 2862 pedes
3248 2791 3366 2860 ejus
3393 2811 3450 2849 se
3472 2810 3600 2865 pro-

2022 2879 2317 2934 volverunt
2345 2896 2360 2933 :
2390 2879 2593 2949 quippe
2636 2880 2887 2934 viderant
2931 2881 3430 2951 Constantinopoli.
3473 2900 3598 2937 eum

2024 2972 2270 3043 synodus
2297 2986 2362 3025 eo
2391 2980 2576 3026 coacta
2602 2981 2770 3036 esset,
2794 2982 3002 3041 quanto
3026 2987 3149 3026 eum
3182 2974 3390 3028 honore
3410 2974 3602 3030 Patres

2023 3078 2214 3119 omnes
2254 3064 2677 3125 venerabantur,
2732 3074 2781 3119 et
2836 3065 3025 3134 quanti
3080 3066 3220 3119 idem
3271 3084 3298 3119 a
3349 3068 3601 3136 piissimo

2025 3156 2188 3209 etiam
2228 3154 2561 3223 imperatore
2597 3155 2780 3210 fiebat.
2816 3154 2990 3209 Porro
3036 3155 3336 3224 Gregorius
3381 3174 3602 3227 quoque

2027 3263 2210 3300 coram
2248 3247 2351 3301 illis
2379 3247 2693 3317 procidens,
2755 3246 3048 3317 Ignoscite,
3076 3248 3276 3318 inquit,
3310 3251 3466 3313 mihi,
3496 3250 3602 3303 Pa-

2029 3348 2141 3393 tres
2194 3340 2398 3405 sancti;
2437 3339 2613 3392 malus
2664 3339 2823 3408 plane
2868 3350 2922 3393 et
2975 3341 3241 3395 scelestus
3289 3356 3389 3410 ego
3439 3357 3597 3397 sum:

2029 3429 2157 3496 quid
2189 3438 2296 3482 tam
2328 3430 2511 3500 exigui
2546 3430 2784 3484 hominis
2815 3445 2983 3486 causa
3022 3446 3118 3485 vos
3167 3433 3491 3488 demittitis?
3520 3433 3600 3489 Illi

2031 3517 2173 3591 [ιιι]
2224 3529 2404 3575 autem
2460 3538 2586 3575 cum
2635 3523 3027 3590 surrexissent,
3078 3523 3401 3594 Gregorium
3440 3528 3603 3581 ambo

2030 3611 2287 3675 osculati,
2322 3612 2434 3665 lucc
2466 3612 2725 3667 addidere
2762 3636 2773 3668 :
2811 3614 3135 3670 Communis
3166 3616 3322 3672 Pater
3359 3634 3421 3672 ac
3450 3621 3603 3688 prin-

2034 3720 2163 3773 ccps
2194 3706 2368 3759 nostri
2404 3707 2637 3769 ordinis,
2692 3708 2785 3776 qui
2829 3710 3136 3777 apostolico
3178 3712 3229 3761 in
3280 3710 3479 3765 throno
3516 3729 3605 3766 se-

2034 3795 2143 3861 det,
2174 3813 2275 3851 nos
2323 3796 2559 3851 famulos
2587 3799 2706 3865 ejus
2743 3800 3081 3856 domesticos
3115 3813 3164 3855 te
3198 3813 3447 3856 vocatum
3498 3806 3605 3858 nii-

2036 3889 2128 3948 sit,
2164 3894 2222 3939 ut
2250 3903 2375 3941 eum
2425 3888 2579 3943 adire
2624 3890 2779 3942 velis.
2818 3891 2980 3944 Paret
3029 3892 3350 3960 Gregorius,
3399 3909 3606 3963 eosque

2038 3977 2308 4045 sequitur.

350 4075 445 4128 κδν
471 4073 609 4144 ἔχων
640 4072 849 4145 θρόνον,
885 4072 952 4124 δι’
987 4070 1145 4141 ἡμῶν
1171 4070 1279 4122 τῶν
1335 4068 1552 4122 οἰκείων
1588 4067 1792 4121 δούλων
1832 4066 1993 4119 αὐτοῦ
2035 4070 2337 4138 προσκαλεί
2367 4087 2426 4122 σε
2476 4070 2568 4123 τοῦ
2604 4070 3009 4141 παραγενέσθαι
3045 4074 3179 4144 πρὸς
3225 4076 3404 4131 αὐτόν.
3468 4077 3524 4132 '0
3549 4079 3607 4133 δὲ

350 4177 481 4230 ἀπιε
512 4165 629 4234 μετ’
658 4164 858 4217 αὐτῶν.

423 4256 556 4310 ΜΒ’.
612 4255 861 4323 Ἐγένετο
908 4254 965 4308 δὲ
1007 4252 1213 4307 τούτων
1245 4251 1649 4323 πορευομένων,
1690 4251 1718 4303 ὁ
1757 4249 1930 4312 ἁὸὁᾶς

353 4350 578 4419 Μάρκος
609 4347 908 4417 διηγήσατο
937 4347 1015 4416 τῷ
1045 4348 1203 4416 πάπα
1237 4343 1305 4398 τὰ
1333 4344 1473 4397 κατὰ
1500 4344 1589 4395 τὸν
1632 4342 1933 4413 Γρηγόριον

2129 4243 2289 4298 XLII.
2325 4246 2395 4297 At
2420 4245 2547 4298 dum
2581 4246 2636 4301 hi
2667 4246 2935 4313 redibant,
2983 4248 3199 4305 Marcus
3238 4252 3405 4306 abbas
3433 4257 3616 4324 ponti-

2041 4333 2127 4388 fici
2178 4332 2418 4387 maximo
2445 4331 2614 4388 totam
2662 4334 2913 4405 Gregorii
2946 4340 3109 4392 vitam
3141 4341 3395 4411 exposuit
3423 4358 3438 4396 :
3471 4359 3611 4412 quo-

352 4442 552 4501 πάντα,
585 4438 679 4490 καὶ
703 4437 801 4507 τὴν
844 4439 909 4491 ὲκ
939 4437 1189 4490 παιδόθεν
1232 4433 1794 4506 άναστροιρὴνάὐτοῦ,
1839 4433 1922 4487 καΊ

2041 4426 2205 4480 modo
2251 4441 2283 4479 a
2330 4426 2563 4494 pueritia
2622 4426 2730 4483 Deo
2791 4443 2850 4483 se
2908 4430 3166 4495 dicasset,
3227 4442 3435 4502 quanta
3490 4436 3612 4502 ejus

352 4532 414 4584 τὸ
441 4532 612 4600 πρᾶον
637 4531 731 4583 καὶ
762 4528 986 4600 ἡσύχιον
1016 4527 1203 4592 αὐτοῦ,
1251 4527 1345 4581 καὶ⁵
1375 4528 1436 4581 τὸ
1476 4527 1591 4589 πῶς
1618 4526 1686 4579 δι’
1716 4526 1929 4579 ἀποκα-

354 4623 566 4692 λύψεως
599 4620 732 4675 Θεοῦ
765 4622 1086 4693 διεπέρασεν
1112 4621 1275 4674 αὐτὸν
1305 4621 1385 4682 είς
1426 4618 1793 4688 Ἱεροσόλυμα.
1824 4618 1932 4672 Καὶ

357 4715 523 4769 πάλιν
556 4716 585 4767 6
618 4715 805 4777 πάπας
837 4715 1136 4785 διηγήσατο
1168 4711 1248 4777 τῷ
1289 4710 1434 4782 ἀὸὃᾷ
1464 4711 1677 4780 Μάρκῳ
1698 4710 1766 4762 τὰ
1788 4726 1932 4779 πρα-

354 4806 552 4877 χθέντα
590 4806 718 4877 παρ’
765 4804 929 4857 αὐτοῦ
963 4806 1019 4857 ὲν
1062 4806 1127 4873 τῇ
1165 4801 1367 4871 συνόδῳ
1399 4803 1458 4853 ἐν
1489 4802 1932 4854 Κωνσταντινου-

357 4898 531 4957 πόλει,
571 4898 631 4950 τὸ
683 4897 802 4959 πῶς
853 4895 1150 4966 ὲνέφραξεν
1191 4893 1259 4946 τὰ
1293 4892 1539 4962 στόματα
1580 4890 1688 4944 τῶν
1730 4892 1932 4961 αἱρετι⁴

355 4988 494 5043 κῶν.
524 4990 639 5043 Καὶ
669 4990 744 5051 ὡς
781 4989 842 5041 τὸ
872 4987 1075 5057 μεταξύ
1109 4983 1406 5039 κατέλαϐον
1436 4984 1485 5037 οἱ
1515 4982 1801 5035 ἐπίσκοποι
1840 4980 1935 5033 καὶ

358 5080 458 5132 σὺν
506 5081 689 5141 αὐτοῖς
737 5081 765 5131 ὀ
798 5078 1117 5148 Γρηγόριος,
1165 5076 1260 5129 καὶ
1310 5073 1566 5127 εἰσελθὼν
1612 5073 1808 5124 ἔπεσεν
1856 5072 1936 5135 εἰς

354 5173 483 5233 τοὺς
513 5172 679 5233 πόδας
712 5170 807 5223 τοῦ
856 5170 1035 5233 πάπα,
1059 5169 1156 5222 καὶ⁹
1202 5166 1352 5235 λέγει
1395 5166 1576 5235 αὐτῷ’
1616 5164 1808 5227 Καλῶς
1835 5159 1932 5235 ἦλ-

359 5263 473 5326 θες,
508 5263 695 5315 τέκνον
722 5261 989 5331 Γρηγόριε
1014 5276 1028 5289 ·
1058 5259 1350 5329 εὐλογητὸς
1380 5261 1408 5311 ὁ
1434 5258 1567 5320 Θεὸς
1611 5258 1639 5309 6
1663 5256 1935 5325 πληροφο-

362 5354 534 5423 ρὴσας
572 5354 719 5422 ἡμᾶς
766 5354 844 5414 εἰς
890 5351 971 5415 σὲ,
1022 5351 1246 5405 τέκνον·
1302 5348 1554 5419 καθάπερ
1598 5346 1933 5417 ἠκούσαμεν,

356 5441 532 5505 οὕτως
568 5442 663 5495 καὶ
692 5442 895 5512 ἴδομεν.
924 5440 1035 5495 Καὶ
1074 5439 1315 5502 ἀναστὰς
1343 5438 1630 5509 ἠσπάσατο
1671 5436 1833 5490 αὑτὸν
1859 5434 1938 5505 τῷ

357 5531 501 5603 ἁγιῳ
543 5534 831 5604 φιλήματι,
880 5533 977 5586 καὶ
1023 5530 1307 5585 ἐκέλευσεν
1357 5529 1520 5583 αὐτὸν
1568 5527 1935 5598 καθεσθῆναι⁹

358 5628 454 5679 καὶ
484 5626 951 5699 περιϐλεψάμενος
975 5626 1003 5677 6
1037 5626 1222 5686 πάπας
1252 5625 1467 5691 ἐπέγνω
1490 5622 1581 5675 τὸν
1616 5625 1937 5695 χαρακτῆρα

359 5718 527 5773 αὑτοῦ
573 5720 663 5775 τὸν
711 5719 1098 5790 ὐποδειχθέντα
1143 5717 1291 5788 αύτῷ
1321 5718 1471 5787 παρὰ
1514 5716 1624 5769 τῶν
1664 5717 1938 5786 φανέντων

356 5811 508 5883 αὐτῷ
535 5814 725 5881 ἁγίων.
759 5812 972 5884 Μικρὸν
1012 5811 1068 5864 δὲ
1110 5809 1411 5872 ἁνανεύσας
1437 5810 1465 5861 6
1496 5807 1791 5880 Γρηγόριος
1831 5807 1936 5879 ὁρᾷ

2039 4520 2409 4575 mansuetudo
2441 4534 2506 4574 ac
2526 4520 2718 4577 lenitas
2744 4531 2888 4577 esset
2920 4540 2933 4577 :
2962 4534 3020 4577 ut
3052 4526 3167 4593 ipse
3198 4541 3320 4579 eum
3349 4527 3612 4581 divinitus

2034 4612 2356 4667 admonitus
2387 4610 2766 4685 Hierosolyma
2813 4615 3153 4670 deduxisset.
3187 4617 3390 4672 Contra
3430 4619 3613 4674 Marco

2034 4704 2217 4758 abbati
2246 4720 2310 4758 ea
2340 4706 2581 4775 pontifex
2608 4707 2883 4762 maximus
2906 4710 3168 4775 narravit,
3194 4726 3319 4777 quae
3341 4711 3614 4765 Constan-

2038 4796 2265 4866 tinopoli
2304 4795 2358 4849 in
2391 4797 2598 4867 synodo
2626 4812 2723 4867 per
2751 4815 2876 4853 eum
2908 4799 3146 4870 perfecta
3185 4803 3419 4864 fuerant,
3448 4816 3614 4873 utque

2035 4887 2155 4955 ejus
2180 4902 2346 4954 opera
2374 4887 2608 4942 haeretici
2633 4891 2858 4943 coerciti
2889 4906 2956 4944 ac
2980 4890 3140 4944 silere
3166 4891 3366 4947 coacti.
3403 4892 3611 4947 Interea

2035 4979 2300 5048 episcopi,
2350 4988 2405 5033 et
2457 4994 2582 5033 cum
2616 4981 2700 5035 his
2732 4980 3048 5051 Gregorius,
3104 4984 3399 5037 advenere.
3457 4984 3609 5037 Hunc

2039 5087 2188 5136 vero,
2219 5073 2311 5127 ubi
2345 5073 2629 5141 ingressus
2660 5074 2726 5128 ad
2757 5075 2923 5143 pedes
2952 5077 3204 5145 procidit,
3253 5078 3333 5130 sic
3367 5076 3610 5145 pontifex

2038 5167 2311 5220 maximus
2360 5167 2629 5221 allocutus
2679 5177 2807 5221 est:
2842 5167 3111 5238 Tempore
3163 5170 3328 5231 ades,
3386 5168 3609 5238 Greguri

2038 5259 2113 5311 ﬁli
2146 5276 2158 5311 :
2193 5257 2300 5311 Deo
2350 5258 2471 5313 laus
2515 5259 2809 5325 tribuatur,
2843 5262 2935 5330 qui
2973 5271 3023 5314 te
3056 5261 3234 5326 nobis,
3290 5260 3386 5322 lili,
3442 5261 3613 5328 probe

2038 5350 2317 5419 cognitum
2356 5364 2476 5404 esse
2503 5349 2675 5404 voluit
2704 5367 2721 5403 :
2750 5367 2883 5406 sane
2909 5368 3248 5421 qumcunque
3274 5353 3341 5406 de
3369 5361 3421 5405 te
3451 5352 3611 5406 audio

2038 5442 2241 5505 vimus,
2278 5458 2343 5495 ea
2382 5452 2436 5495 et
2467 5442 2724 5496 vidimus.
2777 5440 2917 5496 Tum
2967 5459 3200 5513 surgens
3244 5454 3437 5498 sancto
3482 5458 3611 5497 eum

2038 5535 2233 5589 osculo
2265 5534 2548 5596 salutavit.
2601 5542 2657 5588 et
2699 5535 2890 5589 sedere
2930 5535 3133 5603 jussit;
3166 5544 3335 5604 utque
3362 5538 3612 5589 eumdem

2040 5624 2446 5693 contemplatus
2492 5632 2596 5688 est,
2629 5625 2752 5694 ejus
2792 5625 3121 5680 lineamenta
3159 5626 3403 5698 agnovit.
3449 5642 3612 5695 quem

2042 5715 2120 5769 illi
2149 5714 2509 5768 ostenderant
2544 5716 2717 5770 sancti
2745 5716 2868 5780 viri.
2895 5732 3036 5787 quos
3060 5717 3113 5772 in
3144 5718 3353 5771 somnis
3382 5717 3613 5774 viderat.

2044 5806 2345 5877 Gregorius
2383 5822 2516 5863 vero
2568 5821 2692 5864 cum
2742 5811 3022 5881 paululum
3081 5813 3429 5883 respexisset,
3471 5811 3615 5865 videt
