4158 6552
577 351 681 418 62')

1563 346 1622 404 S.
1660 342 2035 404 GREGORII
2083 340 2596 401 AGRIGENTINI
2627 340 2824 401 VITA.

3723 343 3828 406 (ἒἓᾷ

580 483 646 520 ex
675 465 906 518 adverso
939 471 1186 515 sanctum
1230 458 1492 517 Mttt‘t‘ttm,
1528 462 1592 513 ad
1638 476 1801 528 quem
1852 473 2150 528 assurgens

2272 457 2342 509 τὸν
2373 457 2528 524 ὄιγιον
2562 455 2788 524 Μάρκον
2813 453 3044 506 ἐνώπιον
3074 455 3262 519 αύτου,
3287 454 3383 510 καὶ
3417 455 3718 521 ἐξαναστὰς
3741 477 3830 513 τα-

583 560 726 614 illico
757 553 1022 616 accurrit,
1049 561 1103 606 et
1131 551 1198 604 ad
1237 551 1400 620 pedes
1439 553 1558 620 ejus
1587 555 1927 622 provolutus,
1961 549 2149 604 multis

580 666 704 705 cum
735 647 995 714 lacrymis
1031 645 1108 698 ait
1139 662 1151 697 :
1181 641 1428 712 Magnam
1458 652 1550 697 tua
1581 659 1744 698 causa
1785 644 1894 698 Deo
1921 644 2146 712 gratiam

582 741 864 804 habemus,
890 735 1049 790 Pater
1064 733 1406 800 venerande;
1433 743 1488 788 tu
1510 734 1708 803 quippe
1732 733 1927 788 salutis
1950 743 2153 784 nostra:

579 841 773 886 auctor
800 829 950 884 fuisti
985 846 1000 885 :
1035 839 1087 883 te
1119 828 1260 882 duce
1289 825 1474 882 datum
1506 839 1606 892 est,
1639 838 1698 883 ut
1731 829 2019 897 sapientiae
2049 828 2153 881 iter

583 933 848 978 tenerem.
881 921 1021 976 Vere
1047 919 1428 990 prtenuntiasti
1462 920 1578 975 fore
1618 929 1677 974 ut
1715 929 1767 975 te
1812 921 1864 973 in
1899 919 2000 972 hac
2044 918 2154 972 vita

581 1031 680 1086 pro
713 1031 836 1071 meo
879 1015 1153 1071 desiderio
1197 1027 1514 1080 cernerem;
1565 1029 1665 1069 nec
1697 1009 1960 1074 fefellisti,
1995 1008 2156 1063 Pater

581 1119 786 1164 sancte.

652 1199 838 1255 XLHI.
881 1199 1033 1254 Talia
1059 1199 1384 1271 Gregorium
1420 1215 1546 1255 cum
1577 1199 1774 1254 abbate
1815 1212 2157 1254 commemo-

586 1302 798 1346 rantem
839 1308 1090 1346 sermone
1117 1293 1414 1347 admodum
1455 1293 1636 1363 longo,
1664 1291 2015 1345 mirabantur
2037 1305 2156 1344 om-

589 1401 706 1452 nes,
742 1401 804 1438 ac
835 1386 999 1440 simul
1033 1401 1153 1439 cum
1205 1386 1340 1456 ipsis
1382 1384 1603 1440 ﬂebant.
1641 1383 1883 1440 Subinde
1913 1380 2158 1454 pontifex

590 1479 864 1532 maximus
895 1480 1148 1533 secedere
1179 1490 1428 1542 caeteros,
1454 1487 1617 1547 atque
1639 1494 1806 1534 unum
1837 1477 2157 1547 Gregorium

589 1586 712 1625 cum
750 1568 934 1624 Marco
963 1571 1158 1624 abbate
1197 1587 1261 1624 ac
1289 1572 1503 1626 duobus
1542 1570 1818 1640 episc0pis
1850 1569 2160 1623 nonnullis-

591 1676 696 1729 que
724 1661 847 1714 aliis
898 1677 1120 1715 manere
1162 1661 1328 1730 jussit
1358 1681 1371 1716 :
1397 1672 1562 1731 atque
1591 1662 1658 1716 ad
1686 1677 1809 1716 eum
1841 1676 2160 1723 conversus,

593 1752 841 1821 Gregori,
874 1754 1070 1821 inquit,
1103 1755 1198 1819 tili,
1233 1755 1494 1810 Dominus
1516 1764 1702 1809 noster
1723 1753 1882 1809 Jesus
1908 1754 2163 1808 Christus

592 1845 799 1898 sanctis
829 1846 1091 1913 ap05tolis
1122 1847 1240 1913 eius
1291 1847 1359 1900 ad
1409 1861 1509 1900 nos
1542 1847 1827 1910 demissis,
1875 1847 2157 1916 praesidem

594 1948 645 1992 te
687 1939 992 2010 designavit
1033 1948 1258 2002 sanctaa,
1309 1939 1614 2004 catholica,
1663 1955 1872 2008 magnae
1907 1937 2163 1991 Ecclesia:

596 2033 1097 2101 Agrigentinorum,
1149 2042 1210 2087 ut
1258 2033 1519 2102 populum
1557 2033 1708 2086 illum
1757 2041 1943 2101 pastor
1983 2046 2158 2101 regas.

580 2113 806 2190 Quippe
832 2131 881 2176 te
918 2122 1265 2191 potissimum
1298 2123 1450 2177 locus
1497 2122 1586 2176 ille
1630 2123 1881 2191 requirit,
1916 2137 2025 2190 quo
2071 2131 2164 2174 tua

595 2229 761 2282 opera
789 2230 911 2284 qua)
939 2227 1238 2284 supersunt
1277 2216 1463 2284 p0puli
1498 2215 1644 2270 illius
1672 2216 1915 2284 reliquis:
1941 2229 2164 2268 conser-

596 2315 811 2360 uentur.
839 2306 936 2360 Cui
964 2306 1268 2377 Gregorius
1294 2324 1616 2378 responsum
1644 2308 1792 2362 dedit
1819 2307 2160 2377 hujnsmodi:

597 2398 641 2450 0
695 2399 936 2462 domine,
989 2399 1144 2464 mihi,
1178 2414 1388 2469 qumso,
1422 2401 1682 2468 ignosce:
1722 2415 1897 2470 neque
1928 2401 2070 2452 enim
2122 2399 2166 2450 is

597 2505 720 2544 sum
762 2505 884 2559 ego,
935 2490 1030 2559 qui
1076 2501 1186 2544 tam
1235 2491 1518 2545 tremendo
1562 2491 1870 2546 ministerio
1903 2505 2002 2560 par
2044 2504 2166 2542 esse

597 2583 826 2650 possim.
872 2581 1009 2636 Cum
1043 2597 1170 2636 eum
1222 2583 1580 2638 nihilominus
1607 2581 1846 2653 pontifex
1893 2583 2166 2636 maximus

603 2674 935 2742 hortaretur,
972 2689 1041 2728 ne
1067 2674 1237 2729 Deum
1266 2675 1371 2730 sibi
1397 2673 1716 2730 adfuturum
1747 2675 2042 2740 dubitaret,
2081 2683 2166 2726 nt-

601 2781 708 2834 que
739 2766 1077 2820 meminisset
1108 2781 1327 2835 gravem
1380 2767 1448 2822 iis
1492 2782 1710 2836 pmnam
1759 2782 1865 2820 non
1904 2765 2166 2828 defuisse,

600 2857 694 2926 qui
723 2866 1152 2926 repugnassent;
1184 2858 1448 2928 temporis
1489 2857 1593 2913 sibi
1638 2857 1842 2926 aliquid
1871 2857 1988 2910 dari
2031 2856 2168 2911 Gre-

603 2952 789 3019 gorius
811 2950 988 3019 petiit,
1012 2960 1303 3018 antequam
1331 2949 1660 3004 sententiam
1693 2949 1766 3003 illi
1796 2964 1950 3002 suam
1982 2965 2170 3002 rursus

602 3042 857 3111 alvei-iret.
907 3039 1044 3092 Tum
1078 3041 1328 3094 abbatem
1376 3048 1599 3094 secutus
1651 3039 1705 3092 in
1749 3039 1996 3094 cellulam
2047 3039 2170 3108 ejus

2257 548 2393 617 χέως
2437 547 2668 616 ἔδραμεν
2716 549 2808 598 καὶ
2849 546 3072 616 ἔρριψεν
3120 546 3310 598 ἑαυτὸν
3355 548 3448 599 ἐπὶ
3495 549 3620 610 τοὺς
3668 551 3834 614 πόδας

2258 638 2420 692 αὑτοῦ
2467 639 2669 691 κλαίων
2717 640 2809 690 καὶ
2849 637 3059 705 λέγων·
3109 637 3553 710 Εὐχάριστοῦμεν
3602 639 3680 709 τῷ
3717 641 3834 712 Θεῷ

2255 732 2343 785 διὰ
2377 731 2495 793 σού,
2547 733 2729 801 Πάτερ
2777 728 3094 800 τιμιώτατε,
3147 731 3226 783 ὅτι
3258 732 3322 783 σὺ
3353 733 3540 799 ἐγένου
3576 734 3838 804 πρόξενος

2257 823 2356 890 τῆς
2385 823 2660 892 σωτηρίας
2691 822 2848 891 ἡμῶν
2869 838 2881 850 ·
2913 822 3003 875 διὰ
3034 821 3128 873 σού
3161 821 3474 893 ἠξιώθημεν
3510 825 3840 878 καταλαϐεῖν

2260 915 2442 967 πᾶσαν
2473 915 2592 969 ὁδὸν
2625 915 2961 984 ἐπιστήμης.
3020 913 3261 984 Ἀληθῶς
3289 915 3318 967 ὃ
3347 917 3660 984 ἐπηγγείλω
3680 919 3736 969 ἐν
3771 921 3838 988 τῇ

2262 1006 2374 1077 ζωῇ
2408 1007 2582 1078 ταύτῃ
2627 1007 2936 1076 ἐωραθῆναί
2986 1007 3046 1059 σέ
3091 1025 3182 1076 μοι
3211 1008 3301 1059 τὸν
3342 1008 3696 1079 ποθούμενον,
3746 1013 3842 1063 καὶ

2262 1099 2468 1169 ἀψευδῆ
2502 1099 2563 1150 τὸ
2600 1098 2764 1167 ῥηθὲν
2790 1097 2895 1149 ύπὸ
2944 1097 3060 1162 σοῦ,
3092 1099 3272 1168 Πάτερ
3301 1099 3433 1152 ὅσιε.

2336 1189 2469 1244 Ml".
2515 1191 2700 1243 Ταῦτα
2743 1193 2834 1242 ἐπὶ
2880 1189 3142 1250 πλείστας
3186 1189 3335 1259 ὥρας
3384 1191 3768 1261 διαλεγόμενος
3813 1195 3842 1245 6

2263 1283 2563 1354 Γρηγόριος
2590 1281 2665 1351 τῷ
2698 1283 2861 1351 ἀϐϐᾷ,
2895 1281 3206 1350 ἐθαύμαζον
3235 1285 3433 1344 πάντες
3478 1286 3572 1336 καὶ
3620 1286 3843 1339 συνεδάο

2267 1391 2434 1445 κρυον
2474 1375 2678 1437 αὐτοῖς.
2716 1373 2873 1428 Μετὰ
2918 1373 2973 1425 δέ
3012 1373 3208 1437 ταῦτα,
3242 1374 3529 1428 ἐκέλευσεν
3568 1376 3778 1438 πάντας
3815 1380 3844 1430 6

2266 1466 2454 1529 πάπας
2480 1467 2856 1533 ἐξαποστεῖλαι
2885 1467 2992 1518 ἀπὸ
3015 1467 3307 1536 προσώπου
3333 1467 3519 1531 αὑτοῦ,
3555 1470 3648 1522 καὶ
3681 1471 3843 1539 μόνον

2265 1558 2357 1610 τὸν
2401 1558 2703 1630 Γρηγόριον
2739 1559 2832 1611 καὶ
2872 1559 2964 1622 τὴν
2996 1558 3174 1612 ἀὸϐᾶν
3218 1560 3445 1628 Μάρκον
3472 1561 3570 1614 καὶ
3594 1563 3716 1625 τοὺς
3749 1563 3841 1616 δύο

2268 1653 2600 1715 ἐπισκόπους
2647 1652 2742 1706 καὶ
2767 1651 2986 1723 ἐτέρους
3015 1652 3231 1720 ὀλίγους
3261 1655 3453 1723 στῆναι
3493 1657 3590 1708 σὺν
3622 1656 3804 1719 αὐτοῖς
3823 1671 3839 1687 ⁸

2270 1745 2364 1797 καὶ
2398 1743 2915 1815 προσκαλεσάμενος
2958 1746 2986 1796 6
3027 1745 3215 1807 πάπας
3244 1746 3336 1798 τὸν
3371 1746 3670 1817 Γρηγόριον
3696 1747 3844 1812 λέγει

2265 1835 2447 1906 αὐτῷ’
2496 1836 2696 1890 Τέκνον
2744 1836 3051 1906 Γρηγόριε,
3100 1839 3128 1889 6
3176 1837 3380 1906 Κύριος
3423 1837 3578 1907 ἡμῶν
3641 1837 3846 1907 Ἰησοῦς

2264 1927 2499 1998 Χριστὸς
2551 1928 2955 1998 προσκέκληται
3012 1946 3072 1981 σε
3127 1931 3205 1992 είς
3259 1931 3560 1999 ἡγούμενον
3609 1930 3697 1983 διὰ
3747 1932 3847 2000 τῆς

2266 2021 2570 2090 παρουσίας
2600 2037 2711 2074 των
2741 2020 2912 2088 ἁγίων
2941 2021 3110 2074 αὑτοῦ
3151 2022 3462 2074 ἀποστόλων
3504 2025 3584 2085 εἰς
3609 2023 3708 2092 τὴν
3735 2023 3847 2076 τῶν

2279 2112 2718 2183 Ἀκραγαντίνων
2763 2113 2927 2181 ἁγίαν
2974 2111 3267 2183 καθολικὴν
3311 2113 3555 2184 μεγάλην
3617 2113 3886 2185 Ἐκκλη-”

2266 2205 2411 2270 σίαν,
2437 2206 2531 2258 τοῦ
2557 2207 2822 2276 ποιμάναι
2853 2205 2945 2258 τὸν
2971 2206 3099 2259 λαὸν
3129 2207 3356 2259 ἐκεῖνον.
3389 2206 3578 2258 Δέεταί
3605 2224 3699 2260 σου
3738 2207 3848 2278 γὰρ

2265 2299 2292 2350 6
2319 2298 2483 2360 τόπος
2517 2299 2744 2362 ἐκεῖνος,
2775 2299 2863 2352 ἵνα
2891 2298 2980 2352 διὰ
3023 2299 3116 2351 σού
3151 2299 3296 2370 σωθῇ
3335 2301 3396 2352 τὸ
3428 2301 3848 2370 ἐγκατάλειμμα

2266 2389 2361 2444 τοῦ
2389 2389 2520 2442 λαοῦ
2559 2391 2792 2444 ἐκείνου.
2837 2391 2896 2443 '0
2931 2391 2988 2443 δέ
3027 2390 3346 2460 ἀποκριθεὶς
3390 2391 3529 2461 ἔφη·
3577 2392 3847 2457 Δέσποτα,

2269 2481 2626 2554 συγχώρησόν
2673 2499 2800 2553 μοι’
2849 2484 2912 2536 οὐ
2956 2485 3064 2554 γάρ
3098 2484 3212 2553 εἰμι
3259 2485 3409 2547 ἄξιος
3441 2484 3684 2537 τοιούτου
3720 2502 3849 2555 φρι-

2270 2577 2399 2629 κτοῦ
2444 2577 2870 2646 ἐγχειρήματος.
2915 2576 2974 2629 '0
3007 2577 3064 2630 δὲ
3120 2578 3310 2639 πάπας
3355 2579 3490 2646 πρὸς
3539 2578 3702 2630 αὐτὸν
3743 2581 3849 2631 ἀπ-

2269 2668 2524 2740 εκρίνατο
2544 2685 2558 2699 ⁸
2589 2670 2702 2739 Μὴ,
2730 2669 2942 2733 τέκνον,
2973 2669 3242 2740 φοϐήθητι
3269 2669 3358 2721 τὸν
3393 2670 3547 2731 Θεὸν,
3579 2670 3848 2740 μνήσθητι

2269 2762 2417 2824 ὅπως
2466 2762 2515 2812 οί
2561 2759 2629 2812 δι’
2685 2759 2993 2826 ἀντιλογίαν
3042 2759 3345 2828 ὑπέμειναν
3397 2761 3590 2830 ποινὴν
3643 2760 3847 2831 δεινήν.

2275 2855 2417 2924 Ἔφη
2452 2853 2509 2906 δέ
2556 2853 2719 2908 πάλιν
2775 2853 2803 2904 6
2845 2851 3187 2922 ,Γρηγόριος·
3250 2850 3505 2920 Ἐπίσχες
3531 2851 3710 2919 ὀλίγον
3756 2851 3848 2905 τοῦ

2270 2948 2455 3001 δούλου
2493 2963 2609 3010 σου,
2664 2944 2762 2999 καὶ
2802 2943 2965 2996 πάλιν
3000 2941 3378 3012 ἀπολογοῦμαι
3427 2943 3563 3012 πρὸς
3599 2945 3698 3010 τὴν
3749 2945 3848 3013 σὴν

2271 3041 2585 3113 τιμιότητα.
2624 3036 2964 3108 Παραλαϐὼν
2998 3037 3055 3089 δέ
3097 3037 3260 3090 αὐτὸν
3311 3037 3340 3088 6
3377 3036 3572 3102 ἀὸὅᾶς,
3616 3038 3851 3091 ἄπεισαν

601 3133 892 3195 concessit,
941 3130 1056 3204 [ιχ]
1103 3140 1265 3201 atque
1314 3132 1390 3185 ibi
1434 3142 1647 3186 noctem
1677 3141 1844 3184 [Otam
1885 3132 2169 3185 insomnes

2274 3135 2332 3186 ἐν
2375 3131 2453 3201 τῷ
2487 3131 2683 3200 κελλίῳ
2719 3127 2908 3193 αὐτοῦ,
2965 3130 3058 3181 καὶ
3108 3129 3238 3198 ὅλην
3284 3129 3384 3198 τὴν
3430 3127 3604 3182 νύκτα
3653 3130 3850 3184 ἄϋπνοι

603 3227 764 3279 ambo
811 3234 1132 3294 exegerunt.
1179 3223 1404 3279 Volebat
1457 3233 1637 3296 autem
1695 3223 1987 3292 Gregorius
2047 3223 2172 3276 inde

604 3316 866 3384 aufugere
911 3316 962 3368 in
1021 3314 1334 3384 llispaniatn
1381 3312 1518 3382 (58).
1577 3311 1842 3366 Cancrum
1891 3315 2176 3382 ignorabat

603 3410 768 3463 etiam
822 3416 937 3462 tum
991 3421 1267 3477 parentem
1311 3421 1532 3475 quoque
1583 3405 1752 3474 ipsius
1797 3407 1993 3459 ibidem
2051 3424 2175 3461 esse

605 3517 728 3555 cum
771 3502 978 3570 reliquo
1024 3500 1244 3570 pepulo.
1285 3499 1384 3553 Cui
1442 3499 1610 3552 abbas
1640 3517 1652 3552 :
1682 3497 1927 3566 Nostine,
1979 3501 2172 3569 inquit,

609 3592 705 3656 ﬁli,
749 3593 1032 3646 dominum
1079 3591 1427 3645 Charitonem
1474 3602 1678 3660 patrem
1729 3600 1880 3646 tuum
1913 3595 2018 3646 huc
2049 3610 2174 3646 cum

607 3685 821 3738 ceteris
851 3682 1170 3736 orthodoxis
1200 3681 1410 3734 civibus
1434 3681 1740 3745 advenisse,
1768 3692 1822 3735 et
1849 3682 1991 3750 apud
2021 3698 2174 3735 eom-

611 3789 830 3828 munem
881 3785 1157 3842 parentem
1213 3783 1458 3826 nostrum
1513 3773 1822 3842 pontificem
1878 3776 2174 3829 maximum

611 3881 807 3934 magna
860 3880 979 3918 esse
1025 3865 1081 3918 in
1126 3865 1338 3934 gratia?
1373 3863 1497 3919 Ηωο
1539 3875 1597 3918 ut
1641 3866 1815 3920 audiit
1852 3864 2174 3938 Gregorius,

612 3957 844 4010 indoluit
880 3957 1200 4025 plurimum,
1243 3967 1298 4010 et
1329 3956 1511 4027 fugam
1543 3957 1610 4011 ab
1636 3958 1769 4011 urbe
1804 3960 1978 4027 magis
2008 3959 2178 4013 medi-

611 4049 850 4103 tabatur.
903 4050 972 4104 At
1013 4050 1179 4103 abbas
1215 4051 1567 4120 interpellans
1601 4067 1614 4103 :
1648 4050 1811 4113 Cave,
1847 4052 2046 4122 inquit,
2084 4053 2175 4117 fili,

610 4159 679 4198 ne
730 4142 823 4196 Dei
877 4144 1012 4196 iram
1069 4143 1337 4198 accendas
1368 4161 1381 4196 :
1417 4144 1558 4198 nosti
1599 4134 1863 4214 profecto,
1905 4146 2033 4216 quid
2083 4147 2179 4201 tibi

609 4234 738 4287 olim
767 4233 1083 4303 praeceperit
1103 4233 1296 4289 beatus
1323 4234 1412 4287 ille
1439 4249 1626 4301 senex,
1653 4236 1792 4305 apud
1818 4251 1978 4306 quem
2006 4251 2179 4291 annos

609 4336 847 4396 quatuor
875 4337 1126 4382 versatus
1155 4343 1214 4382 es
1247 4345 1260 4381 :
1295 4328 1445 4396 atqui
1493 4328 1608 4396 ipse
1644 4330 1832 4392 etiam,
1885 4339 1944 4382 ut
1984 4341 2180 4384 cietera

609 4419 676 4473 de
715 4427 789 4485 te,
845 4419 920 4474 ita
970 4421 1073 4473 hoc
1110 4435 1328 4488 quoque
1376 4419 1487 4473 Deo
1525 4431 1867 4476 monstrante
1904 4423 2177 4492 cognovit.

2273 3223 2599 3277 διετέλεσαν.
2646 3221 2982 3291 Βουλόμενος
3009 3223 3036 3274 6
3069 3220 3366 3291 Γρηγόριος
3412 3221 3714 3291 ἁποδράσαι
3744 3224 3854 3277 ἀπὸ

2273 3316 2382 3368 τῶν
2410 3317 2591 3368 ἐκεῖσε
2635 3315 2729 3367 ἐπὶ
2761 3314 2861 3384 τὴν
2910 3314 3184 3376 Σπανίαν,
3218 3315 3318 3366 ούκ
3349 3313 3467 3384 ᾔδει
3499 3314 3558 3365 δὲ
3585 3317 3612 3366 ὁ
3639 3316 3850 3386 Γρηγό-

2279 3425 2414 3480 ριος,
2442 3410 2525 3462 ὅτι
2550 3409 2641 3461 καὶ
2666 3411 2694 3460 6
2729 3411 2911 3478 πατὴρ
2937 3405 3102 3459 αὐτοῦ
3133 3407 3249 3458 ἐκεῖ
3284 3401 3352 3477 ἦν
3385 3405 3520 3474 μετά
3545 3405 3641 3459 τοῦ
3663 3406 3853 3460 λοιποῦ

2274 3497 2427 3551 λαοῦ.
2460 3499 2570 3550 Καὶ
2599 3497 2746 3564 λέγει
2798 3496 2948 3566 αὐτῷ
2990 3497 3018 3547 6
3048 3495 3256 3558 ἁὸϐᾶς·
3304 3492 3484 3560 Οἶδας,
3520 3495 3728 3556 τέκνον,
3770 3498 3853 3548 ὅτι

2275 3590 2371 3642 καὶ
2403 3591 2430 3643 ὁ
2468 3588 2626 3660 κύρις
2662 3589 2916 3660 Χαρίτων
2957 3589 2986 3640 6
3018 3591 3204 3658 πατήρ
3241 3603 3334 3639 σου
3379 3581 3481 3640 ὦδε
3515 3589 3854 3657 παρεγένετο

2278 3680 2416 3750 μετά
2445 3680 2554 3733 τῶν
2604 3680 2900 3751 ὀρθοδόξων
2933 3681 3159 3744 λοιπῶν,
3210 3679 3366 3748 φίλος
3411 3679 3486 3732 ὣν
3527 3680 3621 3733 τοῦ
3672 3681 3854 3733 κοινοῦ

2276 3772 2433 3844 ἡμῶν
2461 3774 2672 3843 Πατρὺς
2700 3771 2795 3824 τοῦ
2837 3773 3027 3838 πάπα;
3061 3771 3328 3834 Ἀκούσας
3354 3772 3408 3824 δὲ
3437 3771 3581 3824 πάνυ
3607 3771 3852 3845 ἐλυπήθη

2275 3868 2304 3918 6
2353 3865 2672 3936 Γρηγόριος,
2721 3864 2817 3916 καὶ
2865 3865 3048 3934 ἐζήτει
3097 3863 3399 3933 ἁποδράσαι
3448 3864 3546 3932 τῆς
3613 3864 3852 3934 Ῥώμης.

2280 3959 2386 4012 Καὶ
2418 3958 2565 4027 λέγει
2593 3957 2739 4026 αὐτῷ
2767 3959 2794 4010 6
2823 3957 2999 4020 ἁὸὅᾶς
3035 3959 3258 4028 Μάρκος
3282 3975 3295 3987 ο
3335 3959 3554 4024 Τέκνον,
3596 3959 3668 4029 μὴ
3710 3975 3856 4029 παρ-

2277 4050 2508 4122 οργίζων
2538 4049 2880 4120 παροργίσῃς
2920 4049 3014 4102 τὸν
3054 4051 3187 4101 Θεὸν
3211 4062 3224 4073 ⁶
3255 4045 3403 4114 οἶδας
3437 4051 3542 4120 γὰρ
3582 4051 3640 4102 τὸ
3673 4053 3725 4102 τί
3770 4066 3852 4102 σοι

2278 4141 2578 4193 ἐνετείλατο
2606 4141 2633 4192 6
2664 4139 2933 4210 μακάριος
2964 4139 3139 4209 γέρων
3161 4141 3392 4202 ἐκεῖνος,
3416 4142 3472 4191 ἐν
3574 4141 3699 4201 τοὺς
3730 4139 3855 4190 τέσ-

2279 4251 2451 4305 σαρας
2482 4233 2813 4305 παρέμεινες
2843 4232 3071 4302 χρόνους
3091 4247 3107 4262 ·
3156 4231 3249 4282 καὶ
3281 4231 3441 4292 αὐτὸς
3479 4231 3545 4283 δι’
3579 4230 3854 4284 ἀποκαλύ-

2277 4322 2424 4392 ψεως
2455 4320 2605 4382 θείας
2632 4320 3014 4390 ἐπιστάμενος,
3048 4319 3143 4371 καὶ
3173 4318 3240 4370 τά
3279 4320 3419 4371 κατὰ
3452 4319 3508 4372 σὲ
3545 4319 3851 4387 γινώσκων,

2281 4413 2398 4476 πῶς
2421 4413 2718 4483 τολμήσας,
2754 4411 3042 4479 ἐπαγάγῃς
3066 4410 3244 4479 ἐαυτῷ
3270 4413 3514 4480 κατάραν
3545 4411 3666 4463 ἀντὶ
3706 4411 3858 4464 εὐλο-

611 4511 659 4563 si
701 4510 832 4580 quid
863 4521 1052 4565 contra
1086 4528 1253 4566 ausus
1285 4528 1459 4575 esses,
1497 4515 1592 4568 tibi
1626 4530 1724 4584 pro
1765 4515 1950 4569 divino
1998 4517 2169 4570 favore

2283 4507 2407 4574 γίας
2435 4508 2499 4558 ἐκ
2527 4505 2619 4558 τοῦ
2650 4503 2806 4558 Θεοῦ.
2853 4504 2911 4556 ⁸0
2941 4505 2996 4557 δὲ
3026 4506 3089 4557 ἐκ
3120 4506 3241 4558 τότε
3271 4503 3560 4574 ἡσύχασεν.
3594 4505 3705 4557 Καὶ
3737 4504 3854 4574 μετ’

613 4607 749 4659 iram
781 4614 835 4658 et
866 4605 1035 4657 exitiu
1060 4620 1093 4656 η
1131 4603 1417 4657 imminere
1448 4604 1583 4674 (39).
1626 4606 1707 4659 Ad
1741 4607 1857 4661 hac
1885 4622 2012 4659 vero
2045 4607 2180 4660 Gre-

613 4695 800 4765 gorius
830 4694 1122 4763 acquievit.
1156 4692 1267 4747 Nec
1298 4694 1470 4747 multo
1493 4704 1613 4764 post
1633 4696 1876 4764 pontifex
1908 4699 2179 4751 maximus

615 4787 836 4840 Siculos
875 4800 1066 4840 omnes
1102 4786 1154 4839 in
1201 4787 1424 4838 domum
1459 4786 1824 4854 pontiﬁcalem
1853 4798 2074 4842 coactos
2102 4789 2182 4842 sic

612 4888 696 4934 est
728 4878 994 4932 allocutus
1039 4896 1052 4932 :
1094 4877 1298 4945 Ecquid
1332 4877 1550 4932 demum
1598 4879 1664 4933 de
1697 4880 1974 4933 communi
2007 4883 2180 4936 salute

615 4981 793 5025 vestra
848 4969 1236 5024 deliberastis?
1276 4969 1364 5024 cui
1395 4968 1601 5038 Euplus
1654 4970 2074 5026 archidiaconus
2127 4983 2181 5026 et

612 5063 833 5118 Charito
897 5061 997 5115 boc
1067 5075 1386 5128 responsum
1439 5060 1635 5114 dedere
1675 5080 1689 5115 :
1735 5061 1906 5115 Nobis
1961 5064 2180 5132 quidem

614 5156 748 5210 nihil
800 5166 903 5216 est,
953 5153 1097 5223 quod
1130 5168 1473 5222 opponamns
1507 5153 1657 5222 (40);
1713 5155 1817 5208 hoc
1855 5158 2029 5208 solum
2084 5159 2183 5209 ad-

613 5249 817 5311 dimus,
861 5246 1006 5316 quod
1058 5245 1152 5300 tibi
1207 5244 1352 5299 Deus
1398 5245 1728 5312 ostenderit,
1790 5246 1838 5300 id
1898 5247 1965 5301 de
2025 5248 2185 5303 nobis

613 5341 859 5398 Statuito.

685 5429 876 5486 XLIV.
907 5431 1041 5486 Cum
1089 5439 1274 5484 autem
1327 5427 1572 5499 pontifex
1623 5428 1892 5482 maximus
1933 5445 1963 5484 a
2004 5428 2186 5483 Marco

686 5632 799 5699 (58)
839 5629 1025 5699 Graece
1076 5626 1167 5680 alii
1220 5640 1444 5699 quoque
1492 5624 1734 5699 Σπανίαν
1781 5623 2072 5699 scripsere,
2130 5631 2192 5699 ut

615 5694 818 5758 Paulus
848 5701 912 5754 ad
949 5696 1107 5749 Rom.
1141 5712 1225 5758 xv,
1252 5696 1322 5749 28
1350 5694 1363 5748 ε
1405 5695 1805 5761 Ἀπελεύσομαι
1829 5694 1897 5746 δι’
1927 5695 2079 5761 ὑμῶν
2111 5695 2192 5756 εἰς

614 5777 716 5845 τὴν
744 5768 1013 5825 Σπανίαν.
1059 5768 1379 5836 Stephanus
1422 5766 1489 5819 de
1535 5762 1668 5820 Urb.
1712 5764 1820 5817 Kal.
1863 5763 2193 5835 συνωνύμως

2286 4599 2471 4667 ὀλίγας
2497 4599 2708 4668 ἡμέρας
2745 4597 3030 4650 ἐκέλευσεν
3059 4597 3086 4648 6
3126 4598 3313 4660 πάπας
3360 4597 3566 4658 πάντας
3599 4597 3725 4658 τοὺς
3771 4596 3858 4648 Σι-

2288 4690 2477 4752 κελοὺς
2505 4689 2737 4760 ἀχθῆναι
2783 4691 2839 4741 ἐν
2885 4687 2964 4756 τῷ
3008 4688 3344 4756 ἐπισκοπείῳ
3374 4688 3511 4756 πρὸς
3546 4686 3732 4749 αὐτὸν,
3766 4688 3856 4739 καὶ

2287 4781 2435 4850 λέγει
2475 4783 2692 4844 αὐτοῖς’
2737 4780 2801 4832 Τί
2832 4779 3136 4848 ἐσκέψασθε
3181 4779 3433 4849 περὶτῆς
3473 4781 3658 4849 κοινῆς
3703 4779 3856 4849 ὑμῶν

2290 4873 2596 4943 σωτηρίας;
2637 4871 3050 4941 Ἀποκριθέντες
3079 4871 3137 4923 δέ
3169 4873 3196 4924 6
3229 4869 3438 4934 Εὗπλος
3481 4871 3856 4943 ἀρχιδιάκονος

2288 4965 2383 5016 καὶ
2411 4963 2661 5032 Χαρίτων
2694 4961 2943 5028 λέγουσιν
2971 4960 3050 5031 τῷ
3077 4961 3236 5030 πάπα
3254 4976 3269 4992 '
3322 4962 3520 5031 Ἡμεῖς
3564 4961 3617 5014 τί
3664 4963 3861 5015 ἀπολο-

2288 5049 2680 5118 γήσασθαιούκ
2708 5048 2922 5119 ἔχομεν,
2954 5051 3029 5122 μὴ
3049 5051 3148 5104 ὅσα
3173 5050 3513 5121 ἀποκαλύψει
3543 5068 3626 5104 σοι
3655 5055 3684 5106 6
3705 5053 3858 5118 Θεὸς,

2289 5140 2446 5195 τοῦτο
2475 5140 2702 5211 ποίησον
2732 5143 2813 5204 εἰς
2849 5141 3017 5212 ἡμᾶς.

2364 5425 2498 5482 MA'.
2543 5426 2724 5495 Ἐγνω
2750 5427 2806 5480 δέ
2833 5428 2860 5479 6
2886 5427 3074 5490 πάπας
3097 5427 3187 5481 διὰ
3213 5425 3306 5480 τοῦ
3337 5426 3481 5480 ἀϐϐά
3507 5427 3764 5498 Μάρκου,
3792 5430 3869 5481 ὅτι

2310 5619 2628 5697 Ἰδηρίαᾼέτι
2663 5623 2756 5697 καὶ
2780 5622 2999 5697 -Σπανία
3030 5623 3297 5697 καλεῖται.
3333 5623 3419 5693 (ν.
3474 5626 3758 5697 Ἰϐηρίαι.)

2369 5690 2486 5825 (ὅθζ
2518 5690 2654 5745 Cod.
2685 5692 2740 5766 2,
2775 5693 2993 5758 ἐπάξοις
3030 5694 3208 5763 ἐαυτῷ
3231 5690 3494 5765 κατάραν.

2374 5761 2465 5825 (40
2528 5761 2662 5816 Cod.
2693 5763 2749 5825 2,
2786 5763 3011 5825 Ἕτερον
3043 5782 3097 5816 τι
3126 5765 3494 5825 ἀπολογήσασθ

2374 5761 2486 5834 (40)
2528 5761 2662 5816 Cod.
2693 5763 2749 5828 2,
2786 5763 3011 5834 Ἕτερον
3043 5782 3097 5816 τι
3126 5761 3586 5835 ἀπολογήσασθαι.
