4158 6538
331 403 446 467 6‘25

1335 402 1398 465 S.
1427 400 1806 462 GREGORII
1845 399 2352 462 AGRIGENTINI
2386 400 2582 464 VlTA.

3477 406 3587 466 {3‘26

340 515 521 588 πατὴρ
569 511 637 587 ἦν
682 516 711 569 6
789 514 1045 586 Χαρίτων
1087 513 1181 568 τοῦ
1231 514 1556 586 Γρηγορίου,
1606 517 1702 569 καὶ
1740 514 1914 569 οὐδενὶ

2021 514 2217 567 abbate
2274 515 2545 578 scivisset,
2601 513 2951 569 Cbaritonem
3009 515 3253 586 Gregorii
3307 530 3585 587 parentem

337 609 709 678 ἀπεκάλυψεν,
739 608 876 662 ἀλλὰ
921 607 1278 662 διεσκέπτετο
1308 609 1673 679 ἀμφοτέρους.
1719 609 1815 659 καὶ
1850 601 1918 676 ἦν

339 697 634 769 θαυμάζων
663 697 843 751 αὐτῶν
890 698 988 768 τὴν
1039 697 1353 766 ὁμοιότητα.
1413 690 1547 748 Εἶτα
1591 695 1752 747 πάλιν
1799 691 1916 762 μεθ’

339 793 550 860 ἡμέρας
579 794 730 861 τρεῖς
763 790 1278 860 προσκαλεσάμενος
1321 792 1368 843 δ’
1395 790 1585 852 πάπας
1636 791 1762 851 τοὺς
1817 787 1919 856 τῆς

351 885 793 952 Ἀκραγαντίνων
831 881 1040 944 πόλεως
1076 882 1242 951 ἱερεῖς
1282 898 1341 934 τε
1390 883 1484 934 καὶ
1531 880 1773 944 λαῖκοὺς,
1823 881 1919 932 καὶ

343 979 464 1041 τοὺς
496 979 764 1049 ἄρχοντας
792 977 892 1047 τῆς
915 977 1265 1047 περιοικίδος,
1294 976 1440 1043 λέγει
1464 977 1644 1038 αὐτοῖς
1666 993 1679 1005 ο
1711 975 1919 1036 Πάντες

339 1071 499 1142 ἡμεῖς
553 1069 911 1140 πορευθῶμεν
963 1069 1102 1138 μετὰ
1150 1069 1303 1138 λιτῆς
1346 1068 1401 1121 οἵ
1445 1085 1505 1120 τε
1545 1067 1767 1137 μοναχοὶ
1823 1065 1917 1118 καὶ

338 1164 511 1215 πᾶσαι
551 1160 870 1227 Ἐκκλησίαι
909 1162 1011 1231 τῆς
1048 1161 1257 1223 πόλεως
1290 1163 1348 1214 έν
1378 1159 1455 1228 τῷ
1488 1157 1600 1229 ναῷ
1629 1157 1724 1210 τοῦ
1755 1173 1918 1228 κορυ-

338 1257 497 1323 φαίου
528 1253 637 1306 τῶν
663 1253 982 1306 ἀποστόλων
1005 1271 1017 1284 °
1066 1254 1162 1306 καὶ
1207 1272 1251 1322 ῳ
1299 1254 1365 1306 ἂν
1401 1252 1550 1322 δείξῃ
1580 1253 1608 1303 6
1638 1251 1772 1312 Θεὸς
1820 1267 1917 1319 ση-

343 1349 513 1414 μεῖον,
532 1341 687 1408 οὗτος
721 1346 1035 1399 καθιστάτω
1056 1347 1114 1398 έν
1138 1347 1352 1416 εἰρήνῃ.
1373 1346 1486 1398 Kal
1516 1343 1740 1413 ἐξῆλθεν
1766 1345 1917 1397 πᾶσα

339 1441 372 1510 ή
404 1439 558 1501 πόλις
609 1437 746 1509 μετὰ
788 1439 942 1506 λιτῆς
989 1438 1287 1507 ψάλλοντες
1318 1476 1332 1499 ,
1365 1438 1459 1490 καὶ
1486 1436 1822 1498 εἰσελθόντες
1859 1436 1918 1488 ὲν

464 1528 580 1598 ναῷ
630 1529 725 1582 τοῦ
779 1529 1082 1599 κορυφαίου
1135 1529 1246 1580 τῶν
1302 1529 1617 1582 ἀποστόλων
1681 1528 1914 1598 Πέτρου,

340 1620 664 1690 προετράπη
695 1623 722 1673 ὁ
753 1621 1056 1690 Γρηγόριος
1083 1619 1328 1672 ἀνελθεῖν
1357 1619 1416 1670 ὲν
1453 1619 1530 1687 τῷ
1555 1618 1792 1686 ἄμϐωνι,
1822 1618 1918 1670 καὶ

337 1712 644 1781 διαγγεῖλαι
667 1713 728 1766 τὸ
759 1713 913 1780 ἅγιον
941 1711 1294 1780 Εὐαγγέλιον.
1327 1712 1438 1764 Kal
1465 1711 1780 1780 ἐθαύμασεν
1808 1711 1918 1774 πᾶς

337 1806 366 1859 6
396 1805 525 1869 λαὸς
555 1805 654 1875 τὴν
686 1805 928 1875 ήδύτητα
961 1805 1053 1857 τοῦ
1083 1805 1350 1873 στόματος
1378 1803 1564 1856 αὑτοῦ.
1606 1803 1718 1856 Kal
1758 1803 1917 1873 ποιή-

339 1915 439 1963 σας
467 1899 562 1952 καὶ
592 1897 890 1970 πληρώσας
922 1898 1020 1968 τὴν
1044 1896 1348 1967 συναπτὴν,
1374 1895 1612 1959 ἀναστὰς
1641 1896 1670 1948 6
1705 1896 1912 1963 πάπας,
1949 1873 1989 1928 Β

336 1995 432 2045 καὶ
469 1991 780 2060 σφραγίσας
806 1991 899 2043 τὸν
931 1990 1060 2043 λαὸν
1082 2031 1097 2054 ,
1127 1990 1352 2058 ἐξῆλθεν
1387 1990 1688 2059 περιστερά
1727 1989 1790 2042 ὲκ
1819 1989 1914 2042 τοῦ

335 2083 497 2150 ἀγίου
529 2081 942 2151 θυσιαστηρίου,
990 2081 1086 2134 καὶ
1129 2080 1384 2134 ἐκάθισεν
1413 2079 1506 2133 ἐπὶ
1534 2079 1634 2150 τὴν
1673 2079 1916 2152 κεφαλὴν

334 2174 429 2228 τοῦ
451 2173 782 2244 Γρηγορίου.
816 2173 928 2227 Kal
960 2173 1159 2235 ἰδόντες
1189 2172 1390 2234 πάντες
1412 2170 1796 2242 ἐξεπλάγησαν
1822 2172 1916 2226 ἐπὶ

336 2266 415 2337 τῷ
445 2267 738 2337 παραδόξῳ
763 2266 1005 2336 θαύματι
1033 2264 1112 2336 τῷ
1141 2265 1420 2336 γενομένῳ
1446 2265 1584 2336 πρὸς
1607 2265 1700 2317 τὸν
1735 2265 1916 2334 μακά-

339 2374 473 2427 ριον.
511 2358 587 2412 Οὐ
655 2357 840 2427 μέντοι
877 2355 1174 2427 ἐγνώρισεν
1204 2356 1367 2409 αὑτὸν
1396 2358 1424 2410 6
1461 2356 1647 2427 πατὴρ
1685 2356 1850 2409 αὐτοῦ
1880 2357 1913 2428 ἢ

335 2449 495 2513 ἄλλος
540 2467 626 2513 τις
657 2451 723 2502 bc
751 2450 859 2502 τῶν
887 2450 990 2519 τῆς
1019 2449 1233 2512 πόλεως
1277 2447 1471 2502 αὐτοῦ.
1513 2448 1825 2520 Ἐχάρησαν
1857 2449 1915 2502 δὲ

337 2544 542 2606 πάντες
572 2544 623 2596 oi
657 2543 758 2614 τῆς
788 2543 1000 2606 πόλεως
1046 2543 1235 2606 αὐτοῦ,
1282 2544 1381 2597 καὶ
1415 2543 1710 2613 ἠγάπησαν
1754 2545 1916 2598 αὐτὸν

339 2636 538 2699 πάντες
554 2635 664 2688 ἀπὸ
690 2636 793 2705 τῆς
815 2636 1028 2706 ἡμέρας
1060 2637 1279 2705 ἐκείνης
1307 2638 1358 2689 οἱ
1382 2636 1481 2706 τῆς
1498 2638 1774 2704 Σικελίας,
1794 2640 1914 2708 ἦτοι

335 2729 364 2782 6
404 2728 560 2799 ὄχλος
587 2730 686 2799 τῆς
721 2729 1172 2801 Ἀκραγαντίνων
1204 2730 1494 2800 ἐπαρχίας.
1530 2726 1660 2783 Εἶτα
1688 2731 1780 2783 ἐπὶ
1815 2731 1915 2802 τὴν

336 2820 528 2893 αὗριον
581 2819 1068 2891 συναθροισθέντες
1118 2821 1168 2873 οἱ
1217 2821 1315 2890 τῆς
1364 2821 1584 2873 συνόδου
1625 2823 1914 2875 ἐπίσκοποι

337 2914 758 2984 ἐχειροτόνησαν
785 2913 877 2966 τὸν
907 2913 1210 2985 Γρηγόριον
1234 2913 1530 2966 ἐπίσκοπον
1550 2915 1608 2966 ἐν
1633 2918 1697 2985 τῇ
1717 2915 1916 2984 Ἀκρα-

335 3003 940 3075 γαντίνωνἙκκλησίᾳ,
969 3005 1064 3058 καὶ
1095 3003 1404 3074 παρέλαϐον
1435 3005 1600 3057 αὐτὸν
1631 3005 1914 3076 χαίροντες

335 3099 429 3152 καὶ
471 3097 784 3162 δοξάζοντες
825 3097 918 3150 τὸν
951 3096 1084 3150 Θεὸν
1118 3099 1225 3159 πᾶς
1272 3099 1301 3150 6
1332 3097 1536 3167 κλῆρος
1578 3100 1673 3150 καὶ
1716 3099 1765 3150 οἱ
1814 3099 1914 3162 τῆς

336 3188 668 3260 περιοικίδος
714 3188 997 3259 ἄρχοντες.
1042 3189 1151 3241 Kal
1200 3188 1464 3258 ἐποίησαν
1515 3190 1572 3240 ἐν
1621 3191 1684 3258 τῇ
1723 3189 1913 3262 Ῥώμῃ
1941 3210 1982 3268 C

335 3281 809 3352 χειροτονηθέντος
853 3280 1020 3333 αὑτοῦ
1047 3280 1264 3352 ἡμέρας
1299 3279 1466 3333 δέκα*
1507 3281 1607 3332 οὐκ
1638 3282 1914 3350 ἀπεχωρί-

338 3375 439 3444 σθη
468 3373 526 3426 δὲ
559 3373 745 3435 αὐτοῖς
785 3375 812 3425 ὁ
845 3373 1000 3441 ἅγιος
1041 3372 1238 3435 ἀὸὀᾶς,
1285 3374 1724 3442 ἀναμιμνήσκων
1755 3375 1914 3426 αὐτὸν

334 3467 395 3519 τὺ
429 3465 775 3538 καρτερικῶς
806 3465 1102 3534 ὑπομένειν
1143 3465 1240 3528 τὰς
1294 3464 1595 3534 μελλούσας
1637 3465 1786 3535 αὐτῷ
1817 3469 1914 3518 ἐπ-

336 3557 683 3626 εισέρχεσθαι
711 3557 923 3626 θλίψεις
951 3558 1043 3610 καὶ
1075 3558 1382 3627 συμφοράς.

407 3649 546 3704 ME'.
588 3649 747 3703 Μετὰ
779 3649 837 3702 δὲ
866 3648 1042 3702 ταῦτα
1069 3649 1127 3703 ἐν
1163 3650 1261 3719 μιᾷ
1284 3649 1441 3701 νυκτὶ
1473 3649 1712 3712 ἀναστὰς
1745 3651 1773 3702 6
1804 3651 1915 3702 Χα-

340 3739 504 3809 ρίτων
539 3739 670 3794 ἄπιε
703 3742 761 3793 έν
781 3737 858 3809 τῷ
879 3738 1095 3808 κελλίῳ,
1130 3739 1186 3791 ἐν
1213 3731 1257 3806 ᾧ
1289 3733 1358 3808 ἦν
1384 3738 1676 3809 ἡσυχάζων
1701 3742 1728 3792 6
1758 3739 1913 3807 ἆγιος

336 3832 376 3883 Γ
382 3831 639 3901 ρηγὸριος
678 3831 773 3883 καὶ
795 3832 826 3882 6
856 3829 1010 3898 ἆγιος
1043 3828 1220 3891 ἁὸὁᾶς
1250 3830 1480 3899 Μάρκος
1500 3871 1514 3895 ,
1550 3832 1645 3884 καὶ
1676 3831 1914 3902 κρούσας

337 3920 585 3988 εἰσῆλθεν
618 3922 676 3972 ἐν
706 3920 783 3990 τῷ
826 3919 1046 3990 κελλίῳ,
1090 3919 1182 3972 καὶ
1213 3913 1373 3988 εὗρεν
1417 3920 1759 3990 ἀμφοτέρους
1798 3921 1916 3974 δια-

335 4012 662 4081 λεγομένους
688 4012 759 4065 τά
790 4011 920 4081 περὶ
947 4013 1046 4078 τῆς
1081 4011 1388 4080 σωτηρίας·
1419 4013 1514 4065 καὶ
1543 4012 1726 4066 πεσὼν
1760 4015 1912 4085 παρά

334 4105 462 4166 τοὺς
505 4103 673 4167 πόδας
717 4104 830 4156 τῶν
858 4101 1184 4173 ἀμφοτέρων
1216 4101 1368 4170 λέγει
1415 4103 1600 4167 αὐτοῖς
1620 4117 1635 4133 ⁸
1667 4103 1908 4172 Εὔξασθε

337 4197 478 4269 ὑπὲρ
528 4197 686 4267 ἐμοῦ,
719 4197 929 4265 Πάτρες
976 4195 1154 4261 ἀγιοι,
1205 4196 1288 4247 ὅτι
1335 4194 1504 4266 πολλῇ
1547 4196 1754 4268 ἀθυμίᾳ
1784 4215 1912 4250 συν-

337 4290 534 4358 έχομαι
569 4287 808 4358 περὶτοῦ
838 4287 1030 4340 τέκνου
1070 4304 1194 4356 μου.
1228 4279 1289 4339 οὗ
1312 4287 1593 4343 ἀπώλεσα.
1621 4292 1730 4344 Καὶ
1765 4292 1912 4362 λέγει

335 4381 484 4451 αύτῷ
515 4383 542 4434 6
573 4379 844 4452 μακάριος
875 4379 1106 4449 Μάρκος
1127 4394 1141 4408 ’
1188 4381 1302 4433 Οὐκ
1352 4382 1769 4453 ἐπηγγειλάμην
1804 4403 1908 4448 σοι,

336 4475 464 4545 κύρι
501 4472 780 4543 Χαρίτων,
815 4471 946 4540 περὶ⁵
991 4469 1086 4523 τοῦ
1128 4470 1243 4522 υίοῦ
1293 4487 1411 4534 σου,
1451 4471 1534 4524 ὅτι
1582 4473 1640 4524 ἐν
1684 4477 1750 4545 τῇ
1797 4475 1908 4546 ζωῇ

2018 621 2142 660 esse
2186 604 2410 676 (nemini
2444 607 2662 676 quidem
2695 609 2982 674 indicarat,
3021 611 3112 663 sed
3147 620 3440 682 utrumque
3473 613 3589 678 ipse

2019 698 2418 761 considerabat,
2453 713 2517 752 ac
2540 699 2607 752 de
2637 699 2994 754 similitudine
3015 717 3204 755 eorum
3239 703 3586 774 mirabatur),

2019 791 2180 844 tertio
2231 798 2356 860 post
2423 791 2512 844 die
2570 793 2885 846 convocatis
2945 808 3166 847 rursum
3222 793 3591 864 Agrigentinze

2013 879 2254 934 civitatis
2293 883 2441 935 clero
2503 890 2556 935 et
2592 883 2793 951 populo
2830 892 2885 935 et
2932 883 3186 937 diwcesis
3234 886 3586 953 primoribus,

2019 970 2258 1038 Omnes,
2326 971 2545 1041 inquit,
2615 973 2870 1029 monachi
2943 983 3107 1043 atque
3175 989 3365 1030 omnes
3437 977 3591 1030 urbis

2017 1061 2275 1118 Ecclesiae
2351 1063 2750 1133 supplicatione
2824 1065 3025 1120 indicta
3085 1067 3379 1134 precedent
3437 1070 3593 1122 nobi-

2018 1167 2174 1207 scum
2206 1166 2214 1174 '
2247 1154 2303 1207 in
2380 1155 2641 1224 templum
2692 1155 2955 1226 principis
3029 1159 3398 1226 apostolorum
3449 1177 3462 1212 :
3519 1160 3591 1212 ibi

2017 1260 2182 1313 quem
2213 1245 2354 1301 Deus
2393 1247 2597 1302 indicio
2632 1248 2818 1317 aliquo
2849 1250 3213 1317 designaverit
3243 1251 3377 1322 (41),
3415 1254 3462 1306 is
3493 1268 3593 1320 pa-

2017 1336 2172 1392 cilice
2195 1339 2584 1404 constituetur.
2619 1341 2894 1396 Processit
2916 1353 3096 1397 autem
3123 1345 3374 1398 universa
3399 1346 3592 1400 civitas

2016 1429 2494 1486 obsecrationibus
2527 1444 2582 1488 et
2628 1436 2856 1503 psalmis
2902 1436 3140 1501 intenta;
3178 1447 3340 1506 atque
3393 1439 3484 1492 ubi
3535 1440 3588 1492 in

2019 1523 2279 1592 principis
2305 1526 2678 1594 apostolorum
2709 1528 2966 1597 templum
3000 1530 3263 1596 pervenit,
3289 1532 3481 1600 jussus
3511 1541 3593 1584 cst

2010 1615 2316 1685 Gregorius
2349 1619 2402 1672 in
2430 1622 2721 1676 ambonem
2758 1625 3074 1687 ascendere,
3108 1632 3161 1677 et
3189 1624 3312 1679 inde
3341 1634 3588 1679 sanctum

2016 1707 2368 1777 Evangelium
2395 1712 2757 1780 pronuntiare
2785 1731 2798 1768 ι
2833 1713 2979 1781 quod
3013 1713 3230 1782 quidem
3265 1725 3413 1768 tanta
3441 1717 3594 1770 vocis

2019 1804 2286 1860 suavitate
2321 1805 2472 1871 fecit,
2513 1816 2574 1860 ut
2611 1808 2810 1878 populo
2839 1809 3185 1863 admirationi
3217 1809 3402 1866 fuerit.
3431 1811 3589 1868 Post-

2017 1909 2182 1963 quam
2235 1897 2476 1966 pontifex
2538 1899 2807 1954 maxintus
2863 1902 3229 1970 precationem
3291 1904 3588 1959 solemnem

2017 1988 2252 2043 absolvit
2301 1992 2438 2062 (ιὲ),
2477 2001 2529 2047 et
2566 2008 2862 2048 conversus
2913 1995 2979 2048 ad
3038 1997 3297 2064 ponulum
3347 1997 3591 2053 salutare

2015 2082 2230 2151 signum
2255 2099 2417 2152 super
2437 2101 2560 2138 entn
2585 2086 2773 2142 dextra
2803 2087 3112 2157 descripsit,
3138 2103 3168 2142 e
3186 2061 3401 2143 'sancto
3433 2091 3590 2144 altari

2016 2173 2271 2227 columba
2305 2176 2458 2242 exiit,
2494 2187 2549 2231 et
2593 2178 2645 2230 in
2677 2178 2924 2246 Gregorii
2965 2180 3142 2248 capite
3171 2183 3418 2237 consedit
3451 2183 3587 2253 (45).
3635 2175 3642 2181 ’

2017 2263 2137 2328 Quo
2173 2261 2308 2336 [LM]
2345 2265 2463 2319 viso
2493 2267 2743 2337 prodigio
2793 2278 2902 2322 tam
2953 2270 3214 2338 singulari
3252 2287 3447 2326 omnes
3489 2272 3588 2328 oti-

2017 2356 2306 2424 stupeiacti
2340 2376 2352 2411 :
2385 2358 2709 2428 Gregorium
2748 2369 2927 2416 tamen
2977 2377 3077 2416 nec
3124 2373 3278 2431 pater
3320 2365 3440 2434 ejus
3491 2383 3589 2419 nec

2016 2450 2157 2503 alius
2189 2451 2462 2519 quispiam
2495 2468 2558 2504 ex
2612 2453 2976 2522 Agrigentinis
3026 2457 3266 2522 agnovit.
3302 2455 3372 2510 At
3420 2460 3586 2526 gavisi

2016 2552 2210 2592 omnes
2262 2547 2411 2604 sunt,
2466 2540 2560 2608 qui
2612 2541 2759 2596 cives
2806 2542 2926 2610 ejus
2975 2553 3243 2609 erant,.et
3281 2561 3347 2599 ex
3392 2561 3460 2599 eo
3501 2549 3588 2601 die

2018 2647 2204 2686 amare
2255 2647 2380 2686 cum
2435 2648 2627 2688 omnes
2681 2645 2965 2703 coeperunt
3011 2645 3278 2705 quotquot
3323 2653 3353 2691 e
3404 2637 3584 2694 Sicilia

2014 2731 2189 2787 erant,
2225 2737 2290 2776 ne
2321 2721 2449 2775 dum
2476 2722 2831 2791 Agrigentini.
2860 2722 3126 2776 Postridie
3160 2739 3291 2777 vero
3331 2723 3449 2790 ejus
3475 2726 3582 2778 diei

2016 2826 2232 2865 summo
2264 2828 2424 2866 mane
2451 2813 2562 2866 bini
2593 2814 2858 2882 episcopi,
2890 2814 2980 2877 qui
3015 2829 3043 2867 a
3076 2817 3282 2884 synodo
3306 2825 3586 2882 venerant,

2015 2920 2136 2956 cum
2173 2904 2582 2969 convenissent,
2621 2905 2943 2974 Gregorium
2979 2906 3293 2975 episcopum
3323 2907 3588 2978 Agrigen-

2015 2997 2144 3051 tina:
2179 2995 2440 3051 Ecclesia:
2468 3008 2958 3059 consecraverunt,
2990 3013 3228 3068 eumque
3257 3000 3436 3054 clerus
3469 3016 3588 3054 Oltl-

2017 3093 2102 3142 nis
2153 3099 2208 3142 et
2256 3090 2524 3158 primores
2575 3090 2829 3144 dioecesis
2867 3091 3000 3156 laeti,
3050 3093 3238 3162 gratiis
3279 3091 3390 3147 Deo
3428 3095 3586 3156 actis,

2017 3196 2331 3249 suscepere.
2361 3181 2548 3236 Romaz
2578 3191 2758 3236 autem
2793 3184 2977 3237 decem
3027 3193 3285 3254 praeterea
3319 3187 3437 3241 dies
3470 3199 3592 3256 post

2016 3275 2488 3328 consecrationem
2513 3275 2636 3345 ejus
2668 3283 3002 3341 manserunt,
3029 3278 3358 3345 quibuscum
3385 3289 3438 3333 et
3463 3296 3591 3334 san—

2015 3376 2137 3420 ctns
2191 3367 2357 3420 abbas
2398 3367 2542 3424 fuit.
2591 3367 2682 3436 qui
2737 3378 2791 3422 et
2837 3367 3160 3437 Gregorium
3213 3372 3420 3426 hortari
3481 3390 3587 3428 non

2014 3459 2223 3513 «Ιιιειῐιὶι
2277 3471 2334 3513 ttt
2384 3461 2660 3514 molestias
2717 3468 2770 3514 et
2815 3461 3157 3517 calamitates
3213 3461 3591 3532 impendentes

2015 3549 2144 3603 l'orti
2181 3549 2365 3603 animo
2401 3550 2678 3603 toleraret.

2086 3641 2245 3695 XLV.
2283 3641 2385 3696 Per
2415 3642 2464 3695 id
2503 3651 2717 3710 tempus
2753 3641 2978 3697 Cliarito
3029 3652 3190 3700 nocte
3223 3644 3455 3714 quadam
3491 3663 3611 3700 ex-i

2015 3749 2244 3801 surgens
2267 3739 2332 3786 ad
2362 3733 2611 3787 cellulam
2639 3734 2805 3798 venit,
2829 3735 2882 3788 in
2908 3751 3013 3804 qua
3041 3746 3264 3791 sanctus
3293 3736 3589 3806 Gregorius

2013 3836 2068 3880 et
2100 3836 2321 3879 sanctus
2347 3825 2516 3879 abbas
2540 3825 2758 3879 Marcus
2789 3824 3076 3897 degebant,
3100 3828 3422 3899 pulsataque
3448 3834 3589 3886 ostio

2015 3933 2141 3972 cum
2185 3917 2468 3983 ingressus
2522 3923 2689 3980 esset,
2747 3917 2955 3972 invenit
3010 3918 3201 3972 ambos
3254 3921 3322 3974 de
3370 3923 3589 3990 pietatis

2015 4008 2199 4062 studio
2241 4008 2608 4072 disserentes;
2647 4021 2882 4076 quorum
2938 4008 3005 4062 ad
3057 4009 3221 4078 pedes
3269 4014 3584 4082 procidens,

2016 4101 2144 4167 Deo,
2181 4102 2380 4169 inquit,
2419 4115 2608 4170 preces
2645 4115 2745 4170 pro
2777 4116 2864 4155 me
2899 4100 3131 4167 fundite,
3163 4103 3352 4160 Patres
3385 4110 3586 4176 sancti;

2015 4210 2212 4263 magno
2233 4195 2377 4247 enim
2408 4207 2646 4248 maerore
2671 4194 2934 4249 conﬁcior
2951 4193 3042 4248 ﬁlii
3075 4196 3179 4248 mei
3213 4212 3399 4263 causa,
3421 4215 3584 4269 quem

2012 4289 2191 4342 amisi.
2233 4291 2301 4340 At
2339 4287 2532 4341 beatus
2567 4284 2819 4340 Marcus:
2855 4284 3069 4351 Nonne,
3103 4288 3302 4358 inquit,
3332 4292 3425 4346 tibi
3458 4309 3584 4363 ego,

2012 4379 2260 4442 Cliarito,
2286 4379 2353 4432 de
2385 4377 2495 4431 lilio
2525 4386 2620 4430 tuo
2648 4377 2897 4446 praedixi,
2931 4376 3045 4431 fore
3075 4378 3370 4448 aliquando
3398 4383 3452 4436 in
3485 4383 3589 4439 hae

2015 4474 2144 4534 vita,
2182 4481 2240 4524 ut
2273 4486 2396 4524 eum
2425 4470 2680 4524 videres?
2706 4471 2781 4523 Ita
2816 4471 2976 4539 plane
3012 4483 3115 4536 est,
3149 4475 3430 4542 respondit
3459 4479 3584 4544 ille;

333 4566 510 4639 ταύτῃ
540 4565 768 4635 ὄψεσθαι
801 4563 946 4634 ἔχεις
971 4562 1032 4615 τὸ
1067 4563 1256 4615 τέκνον
1294 4550 1419 4628 σού;
1458 4563 1516 4617 Ὀ
1540 4563 1596 4617 δὲ
1630 4564 1779 4634 λέγει
1816 4568 1912 4620 a6-

2016 4580 2204 4618 verum
2235 4580 2302 4616 ex
2332 4579 2442 4634 quo
2478 4573 2529 4617 te
2564 4564 2652 4616 hic
2691 4563 2820 4626 vidi,
2851 4563 3126 4618 desiderio
3155 4568 3391 4634 quodam
3421 4572 3588 4627 ardeo

332 4660 443 4729 τῷο
476 4659 606 4721 Ναὶ,
641 4658 829 4728 φησὶν,
861 4657 1073 4726 Πάτερ³
1101 4653 1216 4707 ἀλλ’
1243 4656 1333 4724 ἀφ’
1363 4649 1430 4725 ἦς
1459 4657 1676 4727 ἡμέρας
1708 4676 1768 4711 σε
1799 4660 1907 4712 ἴδον

332 4751 603 4816 ἐνταῦθα,
649 4753 792 4804 πάνυ
833 4749 1102 4818 φλέγομαι
1151 4746 1381 4798 ἀκοῦσαι
1417 4746 1574 4814 λόγον
1614 4750 1762 4818 παρὰ
1813 4751 1907 4804 σοῦ

332 4842 723 4915 παραινετικδν
773 4841 906 4910 περὶ
935 4841 1029 4893 τοῦ
1059 4838 1249 4892 τέκνου
1298 4854 1420 4906 μου.
1470 4838 1528 4892 '0
1552 4839 1607 4892 δὲ
1639 4841 1910 4912 μακάριος

404 5029 519 5102 (41)
557 5027 696 5102 God.
721 5028 803 5102 2,
845 5027 941 5082 καὶ
1057 5028 1122 5083 ἂν
1165 5031 1404 5102 ἐπιδείξῃ
1441 5031 1469 5082 6
1496 5029 1650 5102 Θεός.

403 5098 517 5170 (42)
558 5098 734 5170 (ἓντεοί
768 5099 1054 5170 Συναπτὴν
1086 5098 1536 5170 ιιρρεηιιηι,“(;υιιι
1573 5101 1755 5168 plures
1783 5115 1905 5168 pre.-

330 5168 613 5226 cationum
654 5168 923 5232 formulae,
975 5168 1171 5222 altera
1198 5181 1322 5239 post
1371 5172 1618 5234 alteram,
1652 5186 1904 5239 pronun-

335 5247 562 5296 tiantur.
616 5240 672 5292 In
725 5255 915 5312 eorum
974 5240 1310 5312 EnchOIOgio
1361 5240 1607 5295 invenies
1665 5241 1900 5308 (p.9):

331 5313 489 5368 Μετὰ
510 5313 608 5382 τὴν
641 5311 1034 5380 συμπλήρωσιν
1063 5311 1210 5378 λέγει
1229 5311 1276 5366 ίό
1326 5313 1503 5380 ἱερεὺς
1529 5312 1645 5382 τὴν.
1663 5312 1905 5382 μεγάλην

331 5380 643 5454 Συναπτήν,
673 5396 796 5448 quae
827 5390 973 5454 sunt,
997 5396 1180 5449 precos
1213 5399 1311 5452 pro
1344 5397 1496 5452 pace.
1534 5380 1669 5434 Ibid.
1706 5386 1778 5448 (p.
1809 5381 1902 5448 8):

341 5454 544 5523 Ἰερεὺς
579 5453 917 5524 μνημονεύει
960 5453 1017 5504 ὲν
1061 5455 1124 5522 τῇ
1166 5455 1340 5524 μικρᾷ
1383 5454 1650 5524 Συναπτῇί
1683 5454 1900 5524 “ivi?”

328 5521 438 5594 τῶν
475 5522 1027 5594 Απροκεκριμημένων
1058 5521 1424 5594 πατέρνένοιαὶ
1451 5521 1695 5594 ἀδελφῶν
1721 5522 1898 5590 ἡμῶν.

331 5593 440 5647 llas
468 5590 649 5646 Latini
687 5590 1225 5646 Gornn’temorationes
1256 5595 1465 5647 dicunt.
1510 5590 1778 5644 Caeterum
1815 5593 1901 5645 llic

331 5685 358 5717 a
397 5663 627 5717 Leontio
680 5678 870 5731 preces
917 5662 1022 5715 illae
1067 5663 1448 5730 designantur,
1504 5677 1625 5730 quae
1679 5673 1900 5728 peracto

333 5734 626 5797 sacriﬁcio,
666 5733 828 5786 modo
860 5733 1111 5800 singulae,
1159 5735 1320 5785 tnodo
1365 5734 1548 5802 plures
1581 5731 1898 5785 adduntur:

334 5805 426 5861 uni
460 5805 598 5857 ritus
635 5803 996 5872 perantiquus
1045 5815 1146 5865 est,
1203 5812 1257 5856 et
1310 5805 1360 5856 in
1414 5814 1649 5863 utroque
1697 5802 1900 5855 Ordine

335 5873 604 5934 Romano.
637 5873 713 5928 De
746 5876 907 5928 missa
949 5875 1266 5935 vontiﬁcali,
1321 5892 1348 5927 a
1400 5872 1712 5928 .llab'dlonio
1754 5875 1900 5926 edito

2015 4658 2278 4729 singulari
2341 4657 2597 4710 audiendi
2650 4657 2854 4725 aliquid
2890 4671 2919 4708 a
2957 4665 3032 4719 te,
3086 4659 3231 4726 quod
3275 4675 3438 4730 super
3474 4664 3586 4718 tilio

2015 4767 2138 4806 meo
2170 4750 2417 4804 solatium
2454 4747 2665 4802 aderat.
2706 4747 2806 4802 Hic
2841 4749 3030 4803 beatus
3080 4747 3377 4819 Gregorius
3433 4758 3587 4810 valde

2019 4845 2258 4900 suaviter
2296 4851 2581 4908 annuerat,
2615 4858 2675 4896 ea
2709 4857 2737 4896 a
2767 4851 2920 4911 patre
2951 4857 3055 4895 suo
3087 4844 3333 4900 audiens.
3371 4845 3583 4903 Marcus

2011 5030 2310 5084 indicatur.
2346 5028 2501 5099 (0rd.
2538 5046 2576 5094 ι,
2607 5047 2662 5086 n.
2697 5030 2802 5097 21;
2833 5027 2964 5084 0rd.
3001 5047 3058 5091 η,
3095 5047 3151 5085 ιι.
3182 5029 3298 5097 15.)

2081 5100 2191 5168 (45)
2249 5099 2483 5169 Prodigii
2541 5102 2706 5170 hujus
2763 5102 3080 5170 opinionem
3133 5117 3197 5154 ac
3257 5100 3580 5153 memoriam

2007 5173 2153 5241 apud
2214 5170 2601 5239 Agrigentinus
2659 5173 3003 5240 perdurasse,
3060 5171 3267 5225 indicat
3326 5171 3582 5224 columba

2006 5258 2130 5308 quae
2153 5242 2297 5310 apud
2326 5256 2422 5295 eos
2448 5243 2500 5293 in
2533 5241 2780 5311 Gregorii
2812 5242 3142 5310 imaginibus
3166 5241 3386 5310 appingi
3423 5241 3581 5295 solet.

2009 5311 2186 5366 Simili
2221 5312 2401 5381 specie
2433 5312 2724 5381 imaginem
2772 5311 3026 5364 Panormi
3057 5327 3203 5374 esse,
3241 5322 3431 5365 narrat
3461 5312 3582 5364 Pir-

2008 5401 2104 5436 rus
2141 5378 2274 5451 (Sic.
2304 5378 2456 5434 Sacr.
2491 5389 2529 5433 t.
2551 5378 2610 5444 Ἰ,
2648 5380 2771 5434 Not.
2801 5383 2930 5452 Agr.
2959 5398 3013 5433 n.
3049 5381 3138 5451 5);
3170 5381 3273 5434 nisi
3307 5383 3452 5452 quod
3485 5384 3591 5435 κου’

2005 5454 2192 5507 lttmba
2226 5453 2294 5504 ad
2341 5467 2516 5512 aures,
2553 5453 2748 5520 inquit,
2793 5453 3131 5504 insusurrare
3177 5452 3402 5504 videtur.
3442 5451 3580 5504 Tum

2005 5525 2156 5578 addit
2209 5542 2222 5575 :
2276 5520 2526 5584 Quamvis
2577 5522 2687 5576 [nec
2745 5523 2810 5575 sit
2867 5523 3063 5584 species
3117 5523 3291 5574 sancti
3341 5521 3583 5586 Gregorii

2009 5595 2209 5661 Magni,
2248 5593 2383 5660 forte
2424 5607 2539 5644 eam
2587 5595 2761 5658 pictor
2816 5590 3065 5660 Gregorio
3118 5603 3300 5646 nostra
3350 5593 3582 5660 adjicere

2003 5665 2190 5724 voluit,
2229 5665 2281 5714 in
2315 5678 2466 5730 quem
2513 5663 2810 5716 columbum
2859 5663 3133 5731 delapsam
3185 5664 3389 5716 etB/itus
3437 5665 3580 5714 dixr-

2003 5752 2142 5794 mus,
2182 5743 2228 5786 et
2262 5748 2412 5802 quem
2443 5732 2535 5784 alii
2564 5736 2792 5800 pictores
2825 5735 3100 5804 depingere
3131 5732 3277 5786 soliti
3304 5742 3425 5786 sunt
3457 5749 3578 5786 cum

2004 5805 2244 5858 columba
2277 5803 2439 5871 cupiti
2479 5805 2800 5857 imminente.
