4158 6540
576 403 682 470 62⁵1

1573 402 1632 465 S.
1662 401 2039 466 GREGORII
2083 399 2599 464 AGRIGENTINI
2636 405 2836 468 VITA.

3719 409 3830 473 628

575 537 706 579 vero
737 519 909 575 abbas
943 537 957 574 :
995 517 1137 582 Dixi,
1178 519 1374 589 inquit,
1413 519 1530 583 tibi,
1579 520 1770 586 frater,
1803 520 1848 576 si
1888 521 2018 591 quid
2061 520 2150 574 in-

2257 519 2560 592 Γρηγόριος
2578 521 2768 592 ὴνίχθο
2781 520 2902 591 (sic)
2922 521 3065 576 πάνυ
3089 521 3284 594 ἡδέως,
3308 521 3524 576 άκούων
3549 525 3696 593 παρὰ
3732 526 3830 582 τοῦ

573 614 842 672 currisset
869 610 995 666 mali
1029 611 1174 666 lilius
1201 622 1353 676 tuus,
1390 624 1500 666 non
1529 610 1652 668 ideo
1676 611 1848 666 Deum
1882 610 2153 683 lacrynias

574 718 697 762 tuas
731 706 1130 774 neglecturum.
1172 703 1394 770 Veruin,
1441 716 1502 760 ut
1531 706 1892 776 praenuntiavi
1933 705 2052 768 tibi,
2096 705 2151 759 in

573 801 676 854 bac
722 797 834 852 vita
884 808 940 850 ut
991 798 1162 850 tilium
1223 805 1374 850 tuum
1432 796 1638 861 videas,
1685 813 2008 854 concessum
2044 807 2151 852 est.

576 892 751 946 Simul
805 891 998 946 beatus
1030 889 1324 960 Gregorius
1355 889 1650 960 episcopus
1675 905 1800 946 eum
1835 890 2148 960 appellans:

573 983 716 1036 Num
753 995 1034 1053 praeterea,
1069 980 1269 1050 inquit,
1319 979 1542 1034 domine
1585 978 1681 1043 tui,
1718 981 1895 1049 pueri,
1923 995 2084 1049 quem
2121 995 2149 1033 a

577 1083 627 1126 te
657 1071 923 1127 amissum
970 1070 1129 1130 dicis,
1169 1078 1346 1124 mater
1377 1069 1546 1122 vivit?
1589 1069 1690 1123 Cui
1735 1069 1959 1122 Cbarito
1989 1086 2002 1122 ε
2035 1067 2148 1134 Nm,

573 1167 818 1232 domine,
852 1163 945 1218 Dei
975 1176 1201 1216 munere
1231 1161 1386 1228 vivit,
1429 1171 1485 1216 at
1509 1163 1578 1216 ob
1608 1161 1778 1216 lilium
1806 1163 2152 1217 vehementer

575 1257 814 1328 angitur.
852 1254 1094 1309 Rursum
1128 1255 1218 1309 ille
1251 1272 1266 1309 :
1295 1253 1596 1320 Quantum,
1647 1254 1743 1320 ait,
1778 1252 2021 1323 elapsum
2071 1263 2154 1308 est

578 1351 862 1416 temporis,
912 1364 977 1402 ex
1030 1363 1140 1417 quo
1172 1345 1482 1402 amisistis?
1527 1345 1625 1400 llic
1654 1361 1831 1400 vero:
1865 1345 2021 1405 Tres.
2063 1345 2150 1400 in-

574 1441 716 1511 quit,
742 1451 796 1496 et
827 1442 1013 1495 decem
1042 1453 1219 1494 annos
1248 1452 1315 1493 eo
1336 1438 1448 1508 jam
1478 1452 1752 1492 caremus.
1779 1435 1958 1491 Solari
1987 1437 2154 1507 igitur

574 1549 698 1589 eum
733 1533 926 1586 beatus
953 1531 1250 1602 Gregorius
1277 1530 1444 1600 coepit
1484 1546 1649 1600 quam
1690 1529 1996 1600 aptissimis
2026 1544 2150 1584 ver-

573 1625 684 1692 bis,
732 1636 786 1680 et
839 1625 1140 1679 sententias
1190 1623 1455 1693 quasdam
1497 1622 1698 1676 addere
1731 1621 2148 1694 subobscuras:

574 1718 794 1780 deinde,
854 1733 921 1771 ne
951 1715 1166 1785 longior
1192 1717 1318 1776 sim,
1353 1729 1658 1784 exsurgens
1686 1713 1752 1769 ad
1787 1715 1959 1782 patris
1988 1715 2152 1785 pedes

576 1826 635 1865 se
667 1810 888 1880 abjei-it,
923 1823 990 1863 ac
1012 1807 1198 1863 multis
1226 1823 1350 1862 cum
1385 1807 1644 1877 laerymis
1673 1815 1727 1861 et
1748 1806 1875 1860 ﬂetu
1910 1806 2148 1875 ingenti,

574 1901 826 1973 Ignosce,
869 1901 1067 1970 inquit,
1101 1898 1260 1962 mibi,
1293 1909 1470 1969 pater,
1512 1913 1744 1968 quaeque
1770 1898 1822 1951 in
1854 1909 1903 1952 te
1929 1899 2148 1962 admisi,

576 1994 815 2048 remitte.
856 1991 934 2046 Ex
971 1992 1075 2047 hoc
1124 1991 1273 2046 enim
1309 1990 1395 2044 die
1426 1989 1494 2045 de
1527 1991 1740 2044 misello
1774 1989 1883 2044 filio
1913 2001 2006 2044 tuo
2033 1991 2152 2046 sine

574 2101 707 2142 cura
747 2093 799 2139 te
825 2099 945 2139 esse
979 2082 1103 2138 volo
1132 2098 1145 2132 :
1176 2097 1276 2154 ego
1308 2082 1396 2135 ille
1419 2097 1560 2137 sum.
1611 2081 1750 2136 Tum
1795 2097 2026 2153 surgens
2053 2098 2151 2152 pa-

507 2158 519 2170 .
575 2177 676 2233 tris
707 2178 793 2232 sui
813 2176 1015 2231 collum
1042 2175 1364 2244 complexus
1387 2173 1637 2238 inbzesit;
1666 2182 1719 2227 et
1745 2174 1942 2228 ﬂevere
1967 2174 2148 2237 ambo,

575 2281 842 2340 quantum
880 2268 1113 2338 quisque
1152 2283 1251 2338 per
1277 2267 1426 2321 vires
1455 2267 1653 2335 potuit.
1713 2264 1813 2320 Ubi
1861 2281 1990 2320 vero
2039 2282 2154 2321 mo-

576 2367 706 2418 dum
732 2363 966 2432 aliquem
993 2359 1214 2415 ﬂetibus
1232 2373 1490 2430 posuere,
1510 2359 1680 2414 abbas
1701 2358 1916 2413 Marcus
1941 2367 2155 2414 utroru-

577 2471 685 2528 que
736 2452 896 2528 [ιω]
933 2453 1259 2523 alloquens:
1289 2450 1589 2523 Lacrymis,
1621 2451 1720 2517 ait,
1756 2463 1810 2506 et
1856 2453 2153 2522 gemitibus

575 2549 805 2620 parcite,
853 2563 918 2602 ac
968 2547 1185 2601 Iaudem
1238 2545 1421 2614 potius
1460 2545 1574 2600 Deo
1606 2545 1768 2599 ambo
1798 2546 2026 2609 reddite,
2059 2547 2152 2615 qui

575 2657 677 2698 vos
725 2641 887 2696 hodie
915 2653 1025 2694 uno
1054 2637 1250 2692 inloco
1283 2637 1589 2707 conjunxit.
1622 2635 1977 2707 Subjecitqne
2003 2636 2152 2691 Cha-

575 2735 724 2790 rito:
759 2732 974 2789 Gratias
1017 2745 1153 2802 ago,
1207 2728 1401 2794 Pater,
1454 2727 1731 2784 Servatori
1784 2739 1976 2784 nostro
2020 2729 2152 2784 Jesu

578 2827 798 2882 Christo
830 2839 924 2894 per
969 2833 1064 2888 te;
1117 2822 1226 2878 tuis
1267 2836 1393 2876 cum
1437 2821 1690 2890 precibus
1726 2819 2025 2890 perfectum
2056 2823 2152 2890 sit,

579 2920 725 2989 quod
775 2916 935 2971 nobis
981 2914 1311 2985 praadixeras
1350 2929 1363 2966 :
1415 2927 1480 2967 ac
1520 2912 1752 2967 subinde
1801 2915 2154 2969 considentes

581 3023 755 3078 usque
775 3007 842 3061 ad
872 3021 1127 3060 auroram
1156 3005 1223 3060 de
1246 3003 1560 3060 caelestibus
1588 3003 1756 3058 animi
1790 3005 1948 3060 bonis
1977 3006 2150 3060 disse-

579 3106 831 3156 ruerunt.

648 3274 837 3334 XLVI.
880 3273 953 3331 Ut
985 3289 1114 3330 vero
1145 3273 1343 3338 illuxit,
1389 3287 1602 3336 omnes,
1646 3271 1740 3342 qui
1780 3271 1847 3326 ad
1887 3271 2153 3343 Agrigen-

581 3375 752 3427 tinam
781 3369 1082 3425 Ecclesiam
1111 3366 1474 3436 pertinebant,
1506 3365 1819 3435 pontiticem
1852 3366 2151 3420 maximum

581 3465 836 3518 adierunt
878 3460 1230 3527 veneratique
1275 3465 1430 3520 sunt;
1464 3471 1604 3528 quos
1647 3457 1740 3511 ille
1777 3456 1859 3513 sic
1883 3466 1968 3512 est
2013 3458 2154 3512 allo-

581 3565 784 3612 cutus:
817 3551 958 3608 Ecce
984 3550 1051 3606 de
1079 3551 1237 3605 vobis
1264 3549 1409 3616 quod
1454 3565 1520 3604 ex
1557 3549 1648 3604 Dei
1682 3551 1962 3605 voluntate
2000 3559 2152 3616 erat,

579 3645 883 3717 perfectum
924 3652 1028 3704 est,
1055 3639 1516 3710 quemadmodum
1547 3640 1646 3711 ipsi
1679 3655 1746 3694 ex
1771 3641 2035 3712 mysterio
2061 3642 2154 3695 illo

582 3734 846 3807 singulari
879 3730 1238 3802 cognovistis,
1282 3729 1428 3800 quod
1454 3730 1650 3786 diebus
1690 3731 1844 3787 hisce
1881 3734 1934 3786 in
1980 3734 2156 3790 oculis

585 3832 777 3886 vestris
805 3827 1020 3883 enituit.
1041 3823 1140 3880 Hic
1165 3825 1350 3891 utique
1377 3825 1460 3877 vir
1490 3822 1600 3880 Deo
1627 3826 1920 3879 admodum
1952 3827 2154 3881 eliarus

579 3934 664 3979 est
693 3941 707 3978 :
738 3929 979 3976 vestrum
1006 3918 1120 3988 jam
1168 3925 1276 3980 est,
1329 3914 1550 3978 fratres,
1595 3924 1656 3970 ut
1700 3916 1778 3969 illi
1821 3916 2153 3986 optimorum

582 4013 938 4071 consiliorum
969 4009 1176 4064 auctori
1208 4019 1468 4078 tauquam
1493 4009 1631 4078 patri
1663 4017 1974 4062 reverenter
1993 4019 2154 4078 atque

581 4117 828 4163 amanter
861 4103 1098 4174 parcatis
1133 4117 1147 4154 :
1184 4101 1289 4156 hoc
1335 4101 1498 4169 igitur
1530 4098 1756 4154 omnino
1795 4108 2065 4169 prastate,
2098 4112 2154 4156 ut

579 4201 730 4254 dicto
758 4195 878 4267 ejus
909 4207 1127 4263 semper
1167 4189 1453 4245 audientes
1495 4188 1636 4243 sitis.
1669 4188 1916 4256 Cumque
1951 4188 2027 4241 illi
2053 4190 2155 4244 boc

582 4305 776 4347 omnes
818 4285 1154 4355 recepissent
1206 4282 1321 4354 (44)
1383 4297 1442 4337 se
1493 4281 1718 4335 omnino
1773 4281 2151 4351 pl‘iBSlIllIl‘OS,

582 4382 829 4456 pontifex
865 4380 1141 4436 maximus
1170 4390 1296 4432 cum
1329 4375 1472 4429 binis
1495 4373 1790 4444 episcopis,
1825 4375 1918 4444 qui
1945 4375 2154 4445 synodo

582 4475 965 4537 interfuerant,
1001 4473 1180 4527 fausta
1222 4467 1329 4524 illis
1361 4475 1616 4539 precatus
1637 4507 1654 4533 ,
1699 4467 1917 4521 beatum
1949 4467 2153 4536 Grego-

2255 610 2465 679 πατρδς
2512 611 2702 666 αὑτοῦ.
2751 612 2916 680 Λέγει
2965 611 3116 682 αὑτῷ
3146 612 3323 676 άὸὃᾶς
3360 613 3626 685 Μάρκος·
3669 613 3834 670 Είπόν

2255 719 2359 766 σοι,
2403 701 2622 772 άδελφέ,
2661 703 2767 767 ὅτι,
2809 703 2862 756 εί
2905 703 2998 756 ἐπὶ
3027 702 3198 757 κακὸν
3239 702 3502 769 ἐξέδωκεν
3545 705 3741 759 ἐαυτὸν
3770 707 3835 761 τὸ

2251 796 2443 848 τέκνον
2476 811 2596 860 σου,
2640 795 2740 849 οὑκ
2773 795 2841 850 ἂν
2870 797 2898 849 6
2929 794 3064 860 Θεὸς
3095 795 3328 869 παρίδεν
3358 814 3452 850 σου
3483 797 3554 856 τὰ
3599 799 3811 871 δάκρυα

2255 885 2402 956 Πλὴν
2425 885 2501 949 ὡς
2525 886 2945 958 ἐπηγγειλάμην
2973 904 3077 950 σοι,
3113 888 3173 941 ἐν
3200 891 3264 960 τῇ
3291 888 3403 962 ζωῇ
3431 889 3602 961 ταύτῃ
3635 891 3837 945 ειδέναι

2253 974 2399 1045 ἔχεις
2427 975 2490 1029 τὸ
2517 975 2709 1030 τέκνον
2741 993 2858 1031 σου.
2893 976 3058 1045 Λέγει
3086 976 3235 1048 αὑτῷ
3260 979 3288 1032 6
3321 979 3594 1052 μακάριος
3627 981 3833 1053 Γρηγόο

2255 1086 2372 1140 ριος
2413 1071 2442 1123 6
2478 1069 2783 1134 ἐπίσκοπος
2804 1069 2932 1123 τάδε
2959 1085 2974 1100 ⁸
3008 1069 3152 1141 Κύρι
3181 1070 3338 1140 ἐμοῦ,
3369 1070 3434 1142 ζῇ
3458 1074 3492 1144 η
3529 1073 3716 1146 μήτηρ
3740 1073 3835 1127 τοῦ

2252 1161 2466 1228 παιδὸς,
2502 1156 2564 1216 οὗ
2595 1160 2794 1230 λέγεις,
2823 1162 2906 1215 ὅτι
2943 1161 3387 1234 άπολώλ[εκ]ας;
3418 1164 3584 1232 Λέγει
3637 1166 3784 1236 αὑτῷ
3807 1169 3835 1221 6

2252 1253 2540 1324 Χαρίτων·
2583 1255 2713 1320 Nal,
2746 1255 3014 1321 δέσποτα,
3049 1255 3116 1327 ζῇ
3143 1255 3231 1308 διὰ
3252 1256 3348 1309 τοῦ
3378 1255 3537 1322 Θεοῦ,
3561 1257 3654 1310 καὶ
3693 1260 3833 1312 πάνυ

2252 1344 2505 1398 λυπεῖται
2537 1344 2678 1416 ὑπὲρ
2703 1345 2886 1398 αὑτόν.
2915 1343 3080 1413 Λέγει
3104 1343 3277 1415 αὑτῷ·
3301 1345 3476 1398 Πόσον
3503 1345 3696 1416 χρόνον
3721 1347 3834 1416 ἔχει

2252 1437 2346 1503 ἀφ’
2377 1431 2439 1490 οὑ
2470 1436 2785 1503 ὰπόλωλεν;
2816 1436 2981 1503 Λέγει
3030 1437 3202 1506 αὑτῷ·
3241 1437 3404 1507 Τρεῖς
3451 1436 3548 1490 καὶ
3572 1435 3834 1508 δεκαετὴς

2251 1527 2446 1597 χρόνος
2491 1529 2662 1595 ἐστὶν,
2703 1529 2799 1596 ἀφ’
2843 1523 2906 1583 οὑ
2953 1528 3255 1584 ἀπόλωλεν.
3293 1528 3538 1601 Ἤρξατο
3561 1524 3654 1582 οὑν
3685 1529 3835 1599 αὑτῷ

2252 1622 2543 1689 παραινεῖν
2587 1621 2616 1672 6
2675 1623 2947 1693 μακάριος
2994 1620 3300 1691 Γρηγόριος
3352 1621 3606 1690 μεγάλως
3669 1622 3836 1675 αὑτὸν

2253 1711 2751 1782 παραμυθούμενος
2781 1712 2849 1766 δι’
2892 1712 3295 1782 αἱνιγματικῶν
3339 1712 3646 1782 δογμάτων.
3677 1709 3832 1778 Εἶτα,

2253 1806 2342 1858 ἵνα
2373 1805 2658 1875 συντόμως
2691 1805 2850 1871 εἴπω,
2879 1807 3121 1866 ἀναστάς
3147 1807 3175 1858 6
3213 1806 3484 1876 μακάριος
3509 1806 3835 1877 Γρηγόριος,

2253 1898 2482 1970 ἔρριψεν
2531 1899 2723 1953 ἑαυτὸν
2768 1903 2850 1964 είς
2894 1901 3024 1962 τοὺς
3058 1899 3227 1962 πόδας
3281 1900 3377 1952 τοῦ
3425 1901 3634 1972 πατρὸς
3666 1901 3833 1955 αὑτοῦ

2255 1991 2458 2044 κλαίων
2492 1993 2550 2043 ἐν
2591 1991 2764 2063 ίσχύει
2793 1994 2887 2046 καὶ
2915 1992 3092 2061 λέγων
3112 2009 3126 2022 ·
3159 1991 3526 2062 Συγχώρησόν
3570 2010 3684 2061 μοι,
3727 1994 3835 2047 πά-

2252 2102 2374 2155 τερ,
2403 2084 2482 2156 τῷ
2509 2087 2858 2156 ἡμαρτηκότι
2903 2087 2983 2148 είς
3017 2085 3076 2137 σέ
3098 2101 3110 2114 ’
3149 2084 3410 2155 βούλομαι
3455 2085 3565 2153 γάρ
3598 2085 3707 2139 ἀπὸ
3733 2087 3838 2155 τῆς

2254 2177 2471 2248 ἡμέρας
2494 2177 2702 2248 ταύτης
2735 2177 3040 2248 ἀμέριμνόν
3081 2193 3141 2229 σε
3172 2171 3314 2230 εἶναι
3353 2179 3482 2246 περὶ
3510 2176 3604 2230 τοῦ
3641 2177 3836 2231 τέκνου

2256 2287 2350 2323 σου
2389 2269 2483 2323 τοῦ
2528 2269 2796 2322 ἐλεεινοῦο
2829 2267 2942 2336 ἐγὼ
2967 2267 3078 2340 γάρ
3104 2270 3240 2338 εἰμι.
3273 2269 3385 2322 Kal
3415 2271 3658 2332 ἀναστάς
3681 2272 3838 2341 ἐκρε-

2257 2361 2441 2434 μάσθη
2488 2363 2615 2434 περὶ
2665 2362 2755 2414 τὸν
2788 2361 3061 2434 τράχηλον
3102 2360 3198 2414 τοῦ
3235 2362 3444 2431 πατρὸς
3487 2359 3651 2414 αὑτοῦ
3679 2401 3695 2426 ,
3741 2361 3838 2415 καὶ

2254 2455 2527 2507 ἔκλαυσαν
2575 2453 2917 2524 ἀμφότεροι,
2951 2453 3185 2516 ἕκαστος
3233 2452 3339 2516 ἕως
3385 2453 3488 2505 οὑκ
3529 2447 3597 2521 ἦν
3651 2453 3839 2514 αὑτοῖς

2257 2545 2432 2616 ἰσχύς.
2476 2543 2690 2615 Μικρὸν
2738 2544 2794 2597 δὲ
2840 2544 3205 2614 ἀνασχόμενοι
3251 2543 3347 2597 τοῦ
3397 2543 3633 2607 κλαίειν,
3687 2543 3840 2612 λέγει

2253 2640 2439 2702 αὑτοῖς
2487 2638 2516 2690 6
2558 2637 2736 2701 ἀϐεᾶς
2784 2637 3044 2708 Μάρκοςο
3075 2637 3369 2692 Παύσασθε
3401 2637 3496 2690 τοῦ
3523 2636 3837 2706 ὀδύρεσθαι,

2252 2731 2374 2784 δότε
2416 2729 2575 2793 δόξαν
2621 2727 2924 2798 ἀμφότεροι
2968 2727 3048 2798 τῷ
3088 2727 3209 2798 Θεῷ
3254 2729 3335 2798 τῷ
3381 2728 3646 2782 ἐνώσαντι
3693 2729 3842 2799 ὑμᾶς

2258 2827 2497 2894 σήμερον
2538 2821 2632 2874 ἐπὶ
2670 2821 2748 2892 τῷ
2780 2819 2950 2892 αὑτῷ.
2994 2822 3104 2875 Καὶ
3149 2816 3305 2876 εἶπεν
3342 2823 3372 2874 6
3414 2821 3703 2892 Χαρίτων·
3736 2823 3843 2875 Εὑ-

2255 2914 2501 2985 χαριστῶ
2545 2913 2622 2982 τῷ
2654 2912 2868 2983 Σωτῆρι
2919 2914 3078 2984 ἡμῶν
3115 2913 3294 2985 Ἰησοῦ
3338 2915 3562 2986 Χριστῷ
3600 2916 3689 2970 διὰ
3721 2916 3842 2980 σοί),

2257 3009 2458 3078 Πάτερ,
2487 3007 2568 3060 ὃτι
2586 3005 2614 3059 ὃ
2642 3006 2955 3074 ἐπηγγείλω
2983 3008 3137 3076 ἡμῖν,
3167 3007 3234 3060 δι’
3263 3007 3430 3078 εὐχῆς
3456 3025 3550 3060 σου
3583 3009 3842 3080 ἐπληρω-

2257 3117 2374 3162 σας.
2407 3100 2518 3152 Καὶ
2545 3097 2718 3152 ταῦτα
2761 3099 3026 3152 εἰπόντων
3057 3098 3262 3160 αὑτῶν.
3297 3100 3680 3170 ἐκαθέσθησαν
3721 3104 3840 3158 δια-

2257 3189 2545 3259 λεγόμενοι
2573 3187 2644 3240 τά
2672 3187 2803 3260 περὶ
2833 3187 3108 3258 σωτηρίας
3138 3189 3318 3260 ψυχῆς
3345 3189 3452 3254 ἔως
3482 3190 3704 3263 ὖρθρου.

2330 3282 2484 3349 Μςσ.
2525 3280 2748 3350 Πρωῒας
2784 3280 2842 3334 δὲ
2877 3280 3178 3352 γενομένης
3199 3321 3215 3346 ,
3260 3281 3570 3353 προσῆλθον
3604 3283 3843 3349 ἅπαντες

2261 3374 2311 3426 οί
2348 3374 2448 3444 τῆς
2474 3373 2726 3435 Σικελίας
2777 3373 2880 3442 τῆς
2917 3373 3360 3447 Ἀκραγαντίνων
3398 3374 3730 3446 Ἐκκλησίας
3762 3376 3843 3442 είς

2260 3465 2353 3518 τὸν
2382 3467 2591 3529 πάπαν,
2633 3465 2728 3518 καὶ
2766 3463 3187 3534 προσεκύνησαν
3216 3464 3400 3536 αὑτῷ·
3429 3467 3525 3520 καὶ
3557 3467 3707 3537 λέγει
3743 3469 3844 3522 αὑ-

2261 3559 2406 3620 τοῖς·
2472 3557 2607 3610 Ἰδοὺ
2659 3555 2721 3608 τὸ
2769 3555 2984 3626 θέλημα
3038 3555 3132 3608 τοῦ
3181 3554 3319 3610 Θεοῦ
3361 3557 3722 3628 πεπλήρωται
3760 3561 3842 3623 είς

2264 3649 2426 3718 ὑμᾶς,
2455 3647 2530 3711 ὡς
2555 3648 2711 3701 αὑτοὶ⁵
2751 3647 2911 3718 ὑμεῖς
2939 3636 3240 3700 ἐθεάσασθε
3285 3647 3348 3701 τὸ
3389 3649 3696 3721 παράδοξον
3737 3669 3842 3722 μυ-

2265 3742 2489 3812 στήριον
2520 3741 2582 3795 τὸ
2604 3739 2993 3808 ἀποκαλυφθὲν
3023 3741 3082 3792 ἐν
3107 3741 3412 3813 ὀφθαλμοῖς
3439 3743 3594 3814 ὑμῶν
3630 3745 3688 3796 ἐν
3720 3747 3842 3809 ταῖς

2263 3832 2501 3903 ἡμέραις
2541 3833 2791 3894 ταύταις.
2851 3831 2984 3884 ἰδοὺ
3027 3823 3187 3895 οὗτος
3230 3833 3260 3885 6
3308 3833 3464 3904 ἀνὴρ·
3498 3835 3640 3888 πάνυ
3695 3835 3844 3889 ἐστὶν

2261 3922 2514 3992 ἀρέσκων
2547 3923 2623 3993 τῷ
2657 3922 2815 3994 Θεῷο
2850 3922 2945 3976 καὶ
2980 3921 3177 3992 ὑμεῖς,
3222 3922 3464 3993 ἀδελφοὶ,
3515 3924 3840 3978 δουλεύσατε

2263 4014 2412 4084 αὑτῷ
2458 4015 2518 4068 ἐν
2565 4016 2716 4085 φόϐῳ
2759 4015 2852 4069 καὶ
2881 4013 3033 4085 πόθῳ
3075 4013 3152 4078 ὡς
3195 4015 3368 4086 πατρὶ
3417 4015 3839 4086 συμϐουλεύοντι
3918 4022 3944 4044 ⁴

2264 4109 2394 4178 ὑμῖν
2432 4107 2630 4176 ἀγαθά.
2676 4106 2906 4161 Γένεσθε
2950 4103 3044 4161 οὖν
3090 4107 3148 4160 ἐν
3193 4107 3344 4179 πάσῃ
3388 4108 3605 4180 ὑπακοῇ
3650 4108 3834 4163 αὑτοῦ.

2263 4203 2488 4254 Πάντων
2520 4213 2522 4216 '
2549 4196 2642 4253 οὑν
2717 4201 3169 4272 ὑπισχνουμένων
3225 4199 3376 4271 αὑτῷ
3433 4200 3611 4253 πάντα
3665 4200 3841 4255 ταῦτα

2264 4294 2439 4345 ποιεῖν
2466 4293 2524 4344 ἐν
2549 4292 2788 4362 ὑπακοῇ,
2818 4294 2914 4346 καὶ
2943 4293 3118 4348 ταῦτα
3164 4291 3332 4346 εἰπὼν
3363 4292 3550 4355 αὑτοῖς
3573 4295 3601 4346 ὀ
3629 4293 3837 4356 πάπας,

2264 4385 2359 4437 καὶ
2411 4384 2782 4454 ἐπευξάμενος
2807 4385 2990 4449 αὑτοῖς
3033 4386 3150 4456 ἅμα
3188 4383 3297 4438 τῶν
3329 4385 3427 4454 τῆς
3463 4383 3679 4438 συνόδου
3721 4386 3842 4437 ἐπι-

2265 4477 2510 4541 σκόπων,
2567 4475 2884 4548 παρέδωκεν
2928 4479 3021 4531 τὸν
3067 4477 3340 4549 μακάριον
3390 4476 3692 4548 Γρηγὸριον
3726 4479 3839 4538 τοῖς

584 4574 726 4625 rium
770 4569 856 4623 bis
889 4566 1070 4622 verbis
1099 4561 1367 4618 tradidit:
1403 4579 1423 4612 ‹
1463 4559 1732 4614 Dominus
1767 4567 1952 4614 noster
1992 4557 2153 4614 Jesus

2262 4568 2410 4630 λαοῖς
2434 4567 2608 4635 λέγων
2627 4583 2641 4596 ·
2671 4585 2690 4618 ι
2713 4567 2771 4620 '0
2802 4567 3008 4638 Κύριος
3035 4567 3192 4636 ἡμῶν
3229 4565 3436 4636 Ἰησοῦς
3469 4567 3705 4636 Χριστὸς
3726 4565 3836 4636 δῴη

582 4663 842 4718 Christus
887 4658 994 4713 hoc
1033 4656 1190 4711 vobis
1229 4653 1529 4722 indulgeat,
1584 4661 1645 4705 ut
1689 4651 1830 4706 idem
1873 4654 2159 4708 unanimes

585 4754 836 4811 sentiatis
870 4751 938 4806 ad
971 4748 1200 4821 gloriam
1229 4745 1324 4800 Dei
1360 4743 1541 4800 Patris
1568 4759 1694 4799 cum
1731 4755 1921 4799 sancto
1952 4743 2160 4814 Spiritu

584 4847 638 4901 in
677 4843 878 4901 saecula
905 4839 1255 4898 sreculorum.
1302 4839 1498 4891 Amen.
1537 4853 1558 4887 ›
1601 4833 1667 4888 Et
1695 4835 1868 4890 Amen
1903 4837 2161 4892 omnibus

584 4937 936 5000 iterantibus,
970 4949 1067 4989 eos
1097 4931 1157 4986 in
1187 4943 1322 5001 pace
1353 4928 1587 4993 dimisit,
1626 4941 1734 4981 uno
1764 4943 1829 4981 ex
1867 4929 2157 4999 episcopis.

583 5034 673 5088 cui
707 5045 904 5086 nomen
938 5027 1114 5092 Felix,
1150 5023 1433 5092 adjuncto,
1467 5019 1561 5089 qui
1603 5035 1726 5073 eum
1756 5019 1810 5071 in
1841 5019 2035 5074 tlirono
2058 5038 2157 5076 suo

583 5126 898 5182 collocaret.
933 5116 1216 5173 Cliaritoni
1243 5129 1372 5169 vero
1396 5109 1660 5182 subjecit:
1678 5109 1819 5165 Ecce
1846 5110 1989 5164 lilius
2011 5120 2156 5175 tuus,

587 5223 640 5271 in
668 5231 780 5284 quo
809 5223 1070 5268 senectus
1107 5219 1197 5263 tua
1238 5207 1544 5276 requiescet
1582 5223 1595 5259 :
1629 5205 1720 5259 sed
1759 5205 1873 5258 haec
1903 5219 2012 5270 quo
2036 5220 2158 5274 per-

584 5312 842 5368 tinerent,
886 5304 956 5366 ii,
1000 5301 1095 5373 qui
1139 5297 1419 5355 Cbaritoni
1483 5297 1756 5361 astabant,
1813 5311 1920 5350 non
1969 5311 2155 5366 perce-

582 5407 802 5473 perunt.

651 5489 862 5544 XLVII.
898 5485 1018 5541 Jani
1057 5500 1184 5539 vero
1227 5482 1503 5552 navigium
1558 5478 1810 5547 ingressi,
1841 5475 2013 5530 Roma
2041 5477 2154 5530 sol-

581 5593 780 5640 verunt
807 5598 917 5637 xvii
950 5580 1071 5635 Kal.
1111 5577 1480 5646 Septembres,
1510 5590 1575 5627 ac
1605 5572 1658 5626 in
1693 5571 1933 5625 Siciliain
1969 5586 2156 5639 perve-

582 5689 716 5730 nere
747 5685 797 5729 tv
830 5673 956 5729 Idus
982 5671 1355 5741 Septembres,
1377 5667 1520 5738 apud
1549 5663 1879 5718 Panortnum
1901 5661 2156 5730 expositi.

653 5852 766 5926 (Η)
806 5851 938 5908 Cod.
975 5851 1034 5918 2,
1063 5847 1451 5920 ὑποσχομένων
1480 5843 1632 5914 αὑτῴ
1659 5841 1856 5897 πάντα.

2262 4660 2391 4729 ὑμῖν
2423 4660 2582 4728 χάριν
2625 4657 2688 4712 τὸ
2736 4659 2870 4713 αὑτὸ
2916 4661 3133 4730 φρονεῖν
3176 4660 3234 4713 ἐν
3279 4657 3532 4728 ἀλλήλοις
3561 4661 3642 4722 είς
3681 4657 3840 4723 δόξαν

2257 4750 2390 4804 Θεοῦ
2440 4749 2655 4820 Πατρὸς
2689 4751 2787 4804 σὺν
2833 4751 2974 4821 ἁγίῳ
3025 4750 3303 4820 Πνεύματι
3348 4752 3426 4814 είς
3464 4751 3592 4813 τοὺς
3638 4751 3840 4812 αἰῶνας

2257 4842 2364 4893 τῶν
2398 4842 2630 4896 αἰώνων.
2675 4841 2869 4913 Ἀμήν.
2905 4861 2924 4893 ι
2990 4843 3100 4895 Καὶ
3140 4843 3359 4896 πάντων
3387 4841 3448 4894 τὸ
3493 4841 3665 4913 Ἀμὴν
3703 4843 3842 4895 ἀπο-

2258 4931 2577 5002 κριθέντων,
2608 4932 2929 4986 ἀπέστειλεν
2951 4934 3158 5009 ,αὑτοὺς
3180 4936 3238 4986 ἐν
3262 4935 3477 5005 εἰρήνῃ,
3501 4933 3622 4995 δοὺς
3654 4935 3841 4996 αὑτοῖς

2260 5022 2356 5074 ’ένα
2393 5020 2504 5076 τῶν
2546 5021 2864 5074 ἐπισκόπων
2911 5021 3156 5092 τοῦνομα
3203 5021 3414 5091 Φήλικα
3447 5022 3542 5073 ἐπὶ
3582 5022 3649 5090 τῇ
3701 5021 3842 5071 ἁπο-

2260 5114 2594 5166 καταστάσει
2633 5109 2820 5164 αὑτοῦ.
2859 5107 2991 5165 Εἶτα
3041 5112 3188 5180 λέγει
3227 5112 3307 5182 τῷ
3348 5111 3660 5179 Χαρίτωνι·
3709 5109 3841 5162 Ἰδοὺ

2260 5204 2290 5255 6
2322 5204 2435 5266 υἱός
2465 5220 2581 5266 σου,
2611 5202 2669 5263 ὃς
2696 5202 3002 5256 ἀναπαύσει
3035 5205 3095 5256 τὸ
3123 5204 3302 5273 γῆράς
3331 5219 3457 5256 σου’
3492 5201 3665 5254 ταῦτα
3692 5201 3747 5253 δὲ
3778 5199 3841 5252 οὑ

2264 5295 2505 5365 συνῆκαν
2532 5296 2582 5347 οἱ
2615 5297 2743 5364 περί
2775 5296 2866 5348 τὸν
2893 5296 3209 5366 Χαρίτωνα,
3248 5297 3308 5348 τὸ
3333 5297 3382 5347 τί
3410 5296 3594 5358 αὑτοῖς
3631 5294 3842 5362 εἰρήκει

2263 5390 2289 5438 ὁ
2321 5388 2527 5449 πάπας.

2330 5477 2462 5532 MZ'.
2511 5479 2618 5531 Kal
2648 5478 2986 5543 εἰσελθόντες
3014 5481 3071 5532 ὲν
3097 5477 3176 5549 τῷ
3212 5479 3380 5549 πλοίῳ
3409 5480 3754 5548 άπεκίνησαν
3777 5479 3844 5528 ἐκ

2261 5570 2358 5638 τῆς
2393 5568 2609 5640 Ῥώμης
2636 5573 2702 5640 τῇ
2736 5570 2794 5637 ἓξ
2831 5571 2925 5624 καὶ
2953 5570 3154 5641 δεκάτῃ
3183 5571 3276 5623 τοῦ
3306 5571 3620 5637 Αὐγούστου
3647 5570 3839 5640 μηνός.

2265 5661 2581 5714 Κατέλαϐον
2617 5663 2674 5715 δὲ
2704 5662 2802 5734 τὴν
2843 5665 3096 5718 Σικελίαν
3128 5668 3194 5736 τῇ
3223 5663 3425 5733 δεκάτῃ
3466 5661 3558 5715 τοῦ
3587 5663 3840 5730 Σεπτεμ-
