4158 6560
393 381 500 436 δ’ἐξο

1383 381 1444 439 S.
1485 381 1861 441 GREGORII
1914 377 2424 444 AGRIGENTINI
2458 384 2659 446 VITA.

3539 393 3646 455 630

391 494 547 563 δρίου
583 494 770 563 μηνὸς,
805 496 1251 566 καταντήσαντες
1287 500 1346 550 ἐν
1373 503 1438 567 τῇ
1465 500 1829 570 Πανορμιτῶν
1868 502 1960 554 πό-

2069 498 2265 570 Magno
2296 512 2478 556 autem
2525 518 2649 558 cum
2692 502 2902 560 honore
2948 519 3044 562 eos
3091 505 3303 578 accepit
3352 507 3646 581 episcopus

389 586 491 638 λει.
525 587 636 637 Καὶ
673 585 890 650 ἐδέξατο
927 588 1127 652 αὐτοὺς
1158 591 1188 642 ό
1218 590 1515 656 ἐπίσκοπος
1555 592 1656 662 τῆς
1685 595 1962 662 [Ιανορμι-

387 675 499 726 τῶν
529 674 742 738 πόλεως
777 676 916 746 μετὰ
952 678 1154 746 πολλῆς
1194 679 1364 749 τιμῆς
1407 679 1524 750 ἅμα
1564 681 1644 750 τῷ
1691 682 1789 734 σὺν
1814 681 1963 751 αὐτῷ

389 767 597 837 κλήρῳ,
633 768 730 820 καὶ
773 767 869 820 τοῦ
897 768 1030 822 λαοῦ
1061 770 1264 833 παντὸς
1305 771 1404 840 τῆς
1447 771 1678 835 πόλεως,
1723 773 1818 825 καὶ
1851 773 1962 826 τῶν

391 859 772 929 μοναστηρίων
794 861 1011 914 πάντων
1041 862 1251 932 ἀνδρῶν
1279 880 1337 915 τε
1361 864 1454 915 καὶ
1479 864 1776 932 γυναικῶν.
1796 866 1961 935 Ἄκη-

388 952 547 1004 κόασι
580 955 690 1022 γὰρ
725 953 825 1020 τὴν
858 951 951 1004 τοῦ
988 953 1180 1022 ἀνδρὸς
1209 954 1510 1015 πολιτείαν,
1543 957 1637 1009 καὶ
1680 957 1817 1026 μετὰ
1852 958 1960 1010 πά-

389 1060 490 1112 σης
541 1045 718 1113 χαρᾶς
767 1043 932 1096 αὐτὸν
981 1045 1329 1108 ὑπεδέξαντο.
1375 1046 1624 1114 Ἐγένετο
1671 1049 1730 1102 δὲ
1780 1051 1838 1102 ὲν
1882 1049 1962 1120 τῷ

387 1135 651 1188 εἰσελθεῖν
677 1136 839 1188 αὑτὸν
870 1139 928 1188 ὲν
959 1139 1024 1207 τῇ
1067 1137 1223 1190 πόλει
1242 1176 1257 1199 ,
1288 1141 1384 1191 καὶ
1416 1141 1526 1192 ίδοὺ
1559 1141 1702 1210 ἁνήρ
1733 1159 1816 1204 τις
1862 1159 1962 1212 μο-

387 1229 550 1298 ναχὸς
582 1229 780 1298 μεστὸς
809 1229 1020 1301 λέπρας
1049 1233 1108 1282 ὲν
1148 1230 1228 1300 τῷ
1271 1231 1434 1284 αὑτὸν
1465 1231 1681 1302 μέλλειν
1723 1234 1963 1304 εἰσέρχε-

389 1320 512 1371 σθαι
536 1320 594 1370 ὲν
623 1322 689 1389 τῇ
717 1319 984 1391 ἐκκλησίᾳ
1014 1320 1321 1391 είσδραμὼν
1346 1321 1543 1376 ἔπεσεν
1590 1324 1683 1375 ἐπὶ
1710 1323 1836 1387 τοὺς
1862 1327 1962 1378 πόο

385 1413 481 1471 δας
511 1412 676 1464 αὐτοῦ
715 1413 957 1482 κράζων,
1006 1415 1102 1466 καὶ
1136 1414 1344 1482 λέγων’
1389 1415 1643 1486 Ἐλέησόν
1685 1434 1774 1486 με,
1806 1417 1960 1470 δοῦλε

385 1501 481 1553 τοῦ
512 1501 772 1572 Χριστοῦ,
807 1501 902 1555 καὶ
941 1502 1162 1573 δεήθητι
1190 1504 1379 1568 αὐτοῦ,
1413 1505 1500 1558 ἵνα
1532 1506 1814 1574 κουφισθῶ
1853 1508 1962 1560 ἀπὸ

386 1596 487 1663 τῆς
525 1594 793 1662 μάστιγος
839 1593 1080 1665 ταύτης,
1127 1596 1210 1650 ὅτι
1249 1597 1439 1659 δεινῶς
1467 1597 1766 1669 ὀδυνῶμαι.
1799 1600 1858 1652 '0
1903 1600 1960 1652 δὲ

389 1691 524 1760 πρὸς
569 1691 753 1752 αὑτὸν,
787 1691 1008 1754 Τέκνον,
1057 1691 1369 1753 πίστευσον,
1402 1694 1484 1745 ὃτι
1534 1695 1712 1746 πάντα
1758 1690 1962 1746 δυνατὰ

385 1781 465 1849 τῷ
491 1780 609 1848 Θεῷ
628 1795 641 1810 ⁸
673 1780 812 1846 πλὴν
837 1779 980 1846 λέγω
1005 1797 1108 1841 σοι,
1133 1782 1225 1832 ἐπὶ
1264 1780 1341 1849 τῷ
1368 1781 1594 1849 ὀνόματι
1620 1781 1714 1833 τοῦ
1749 1782 1954 1852 Κυρίου

2071 592 2589 650 Panormitanorum
2622 611 2745 652 cum
2771 596 2889 667 ipso
2915 599 3064 654 clero
3085 609 3139 654 et
3169 601 3369 671 papulo
3405 603 3642 662 civitatis

2071 687 2349 752 universo,
2393 697 2556 758 atque
2589 690 2834 744 omnium
2882 693 3343 748 monasteriorum
3390 694 3521 752 viris
3559 696 3642 751 fe-

2070 778 2346 849 minisque
2379 779 2517 852 (45).
2572 780 2751 854 [uni]
2801 779 3015 851 Quippe
3049 786 3218 839 multa
3255 787 3544 843 audierant
3575 790 3642 843 de

2067 870 2172 924 viri
2207 872 2353 939 vita;
2392 873 2575 944 itaque
2621 889 2818 942 magno
2847 875 3009 945 plane
3047 877 3245 946 gaudio
3276 879 3637 936 deducebant.

2067 963 2299 1033 Jamque
2328 966 2517 1019 urbem
2550 967 2956 1036 ingrediebatnr
2978 968 3294 1040 Gregorius,
3325 987 3447 1026 cum
3473 990 3531 1028 se
3561 975 3641 1028 vir

2069 1055 2288 1124 quidam
2336 1057 2636 1111 monachus
2686 1057 2870 1111 intulit
2904 1058 3072 1127 lepris
3105 1059 3338 1124 obsitus,
3389 1073 3442 1117 et
3489 1075 3640 1118 ante-

2067 1163 2230 1216 quam
2280 1148 2368 1202 ille
2421 1150 2474 1202 in
2526 1149 2785 1218 templum
2827 1150 3078 1217 intraret,
3110 1152 3176 1206 ad
3221 1156 3383 1222 pedes
3414 1155 3533 1223 ejus
3583 1171 3642 1210 se

2067 1238 2262 1307 abjecit
2291 1241 2553 1304 clamans,
2605 1255 2657 1296 et
2709 1258 2906 1314 rogare
2957 1245 3124 1314 coepit
3157 1263 3170 1299 :
3207 1247 3374 1300 Serve
3413 1246 3639 1313 Christi,

2067 1331 2328 1385 miserere
2369 1336 2496 1397 mei,
2533 1345 2695 1404 atque
2723 1337 2791 1388 ab
2823 1352 2888 1390 eo
2917 1345 3074 1404 pete,
3129 1345 3189 1390 ut
3239 1352 3327 1391 me
3376 1339 3642 1408 supplicio

2069 1422 2171 1475 hoc
2200 1421 2381 1476 levare
2407 1425 2562 1488 velit,
2613 1441 2723 1494 quo
2768 1426 3005 1494 graviter
3049 1426 3285 1482 crucior.
3339 1424 3509 1492 Quem
3549 1429 3640 1481 ille

2068 1513 2390 1580 respiciens,
2450 1518 2644 1579 Crede,
2677 1517 2872 1586 inquit,
2924 1518 3024 1582 ﬁli,
3076 1521 3262 1572 omnia
3301 1535 3331 1574 a
3370 1519 3481 1574 Deo
3525 1519 3642 1574 ﬁeri

2068 1619 2228 1674 posse
2256 1622 2271 1672 ;
2324 1606 2510 1674 itaque
2538 1607 2635 1662 tibi
2667 1608 2790 1662 dico
2817 1625 2830 1659 :
2859 1606 2915 1662 In
2967 1609 3190 1662 nomine
3219 1607 3436 1664 Domini
3467 1611 3640 1664 nostri

2065 1695 2194 1751 Jesu
2224 1697 2431 1753 Christi
2463 1699 2531 1754 ab
2564 1700 2667 1753 hoc
2701 1700 2788 1754 die
2820 1715 2990 1754 sanus
3020 1710 3140 1756 esto
3172 1717 3236 1754 ex
3281 1702 3495 1766 morbo,
3543 1703 3640 1770 qui

2070 1797 2120 1840 te
2154 1803 2300 1842 nunc
2329 1788 2502 1843 ambit
2528 1799 2690 1858 atque
2721 1789 2850 1844 urit.
2880 1786 2973 1842 llle
2999 1804 3128 1842 vero
3153 1789 3333 1843 subita
3359 1789 3642 1844 sanatione

389 1869 545 1940 ἡμῶν
580 1868 753 1938 Ἰησοῦ
784 1868 1157 1939 Χριστοῦ,ἕσο
1179 1870 1341 1939 ὑγιὴς
1373 1873 1436 1921 ἐκ
1463 1869 1563 1938 τῆς
1599 1871 1959 1942 περιεχούσης

2064 1873 2228 1941 lepris
2255 1885 2520 1944 purgatus
2553 1887 2660 1940 est,
2709 1886 2765 1930 et
2809 1891 3030 1930 carnem
3075 1877 3275 1931 habere
3323 1878 3478 1933 visus
3517 1888 3641 1932 tan-

387 1978 447 2013 σε
475 1961 742 2030 μάστιγος
769 1959 879 2011 ἀπὸ
910 1961 1008 2028 τῆς
1044 1959 1257 2029 ἡμέρας
1288 1958 1512 2029 ταύτης.
1533 1959 1754 2022 Εὐθέως
1783 1961 1839 2013 δὲ
1865 1963 1960 2014 καὶ

386 2053 726 2123 παραχρῆμα
749 2052 1090 2121 ἐκαθαρίσθη
1113 2055 1140 2104 ὁ
1163 2052 1454 2122 ἄνθρωπος
1478 2053 1586 2104 ἀπὸ
1607 2053 1704 2122 τῆς
1730 2052 1958 2124 λέπρας,

386 2143 482 2195 καὶ⁹
529 2143 804 2212 ὲγένετοή
859 2141 999 2211 σὰρξ
1042 2140 1208 2194 αὐτοῦ
1256 2141 1331 2204 ὡς
1380 2143 1669 2212 παιδαρίου
1738 2142 1958 2212 μικροῦ,

385 2232 568 2297 καθώς
601 2250 704 2286 που
745 2234 840 2285 καὶ
885 2232 1022 2303 ἄλλῃ
1051 2233 1360 2303 γέγραπται
1392 2235 1449 2285 ὲν
1476 2236 1589 2296 τοῖς
1632 2233 1956 2296 Βασιλείοις.

389 2326 621 2380 Ἔλαϐεν
649 2325 705 2378 δὲ
736 2324 900 2394 φόϐος
927 2325 1139 2386 πάντας
1172 2325 1263 2376 ἐπὶ
1294 2324 1366 2392 τῷ
1399 2325 1688 2396 παραδόξῳ
1719 2326 1960 2396 θαύματι

383 2419 462 2488 τῷ
490 2417 736 2486 γεγονότι
775 2418 866 2468 ἐπὶ
895 2415 988 2469 τὸν
1029 2415 1282 2486 μοναχὸν,
1317 2420 1410 2470 καὶ
1432 2417 1682 2482 ἐδόξαζον
1709 2419 1800 2471 τὸν
1827 2419 1960 2472 Θεὸν

383 2511 663 2574 λέγοντες·
713 2507 1020 2578 Εὐλογητὸς
1043 2511 1070 2560 ὁ
1101 2509 1230 2571 Θεὸς
1279 2511 1308 2561 ὀ
1341 2510 1510 2562 ποιῶν
1543 2509 1825 2582 θαυμάσια
1862 2513 1959 2583 μό-

384 2618 473 2658 νος
495 2601 584 2652 διὰ
609 2600 717 2653 τῶν
745 2600 1087 2668 ἀγαπώντων
1116 2601 1304 2653 αὐτόν.

457 2693 600 2746 MH'.
630 2693 924 2762 Ἐποίησαν
950 2689 1043 2745 οὖν
1071 2696 1127 2746 ἐν
1151 2693 1229 2764 τῷ
1256 2694 1370 2764 ἰδίῳ
1399 2694 1740 2765 ὲπισκοπείῳ
1764 2693 1842 2765 τῷ
1870 2695 1961 2748 λε-

385 2785 604 2854 γομένῳ
657 2784 750 2836 τοῦ
794 2784 951 2852 ἁγίου
990 2784 1298 2855 Γεωργίου·
1333 2779 1411 2854 ἦν
1430 2784 1539 2853 γὰρ
1584 2783 1816 2838 ἔκπαλαι
1850 2784 1961 2838 τῶν

387 2877 595 2945 χρόνων
617 2876 719 2945 τῆς
755 2877 1196 2946 ’Δκραγαντίνων
1225 2876 1556 2944 Ἐκκλησίας
1579 2875 1639 2928 τὸ
1666 2875 1960 2946 λεγόμενον

387 2969 722 3041 Λιϐερτῖνος.
759 2969 1092 3038 Ποιήσαντες
1134 2966 1228 3022 οὖν
1257 2971 1315 3021 ὲν
1355 2971 1420 3040 τῇ
1460 2969 1820 3040 Ιῐανορμιτῶν
1860 2971 1959 3022 πό-

387 3060 469 3112 λει
502 3061 719 3130 ἡμέρας
750 3063 932 3130 τρεῖς,
975 3061 1494 3132 συνευφραινόμενοι
1529 3062 1668 3132 μετᾲ
1705 3061 1800 3114 τοῦ
1837 3064 1961 3114 ἐπι-

389 3151 595 3203 σκόπου
626 3153 721 3204 καὶ
753 3150 861 3202 τῶν
893 3151 1163 3220 ἀδελφῶν,
1206 3152 1345 3221 μετὰ
1384 3150 1559 3204 ταῦτα
1615 3126 1960 3222 (ξυνταξάμε-

2063 1981 2225 2034 quam
2251 1969 2401 2036 pueri
2426 1969 2642 2034 minuti,
2665 1967 3137 2038 quemadmodum
3163 1967 3302 2020 alias
3344 1969 3642 2037 contigisse

2062 2057 2116 2110 in
2157 2057 2365 2128 Regum
2403 2061 2559 2116 libris
2611 2062 2841 2131 legimus
2867 2061 2940 2114 η.
2993 2059 3162 2113 Porro
3211 2075 3402 2114 omnes
3448 2060 3641 2113 timore

2061 2151 2295 2219 correpti
2327 2161 2475 2214 sunt,
2525 2162 2633 2206 tam
2682 2167 2886 2205 novum
2920 2152 2973 2205 in
3029 2153 3297 2205 monacho
3331 2151 3639 2221 prodigium

2064 2241 2344 2307 mirantes,
2387 2258 2450 2297 ac
2498 2244 2612 2297 Deo
2646 2243 2863 2298 laudem
2902 2242 3228 2308 tribuentes,
3268 2251 3493 2312 eratque
3531 2257 3636 2296 una

2063 2335 2308 2388 omnium
2339 2350 2439 2389 vox
2477 2354 2491 2389 :
2522 2336 2667 2390 Bene
2726 2337 2836 2390 Deo
2881 2335 3151 2400 dicamus,
3182 2334 3275 2404 qui
3325 2349 3468 2388 unus
3499 2336 3638 2388 mira

2061 2440 2157 2494 per
2190 2440 2284 2483 eos
2313 2425 2461 2494 facit,
2492 2443 2522 2480 a
2553 2427 2755 2497 quibus
2781 2438 3016 2482 amatur.

2134 2687 2365 2743 XLVIII.
2405 2688 2653 2744 Mansere
2696 2699 2877 2744 autem
2917 2690 3139 2760 propria
3186 2690 3242 2746 in
3293 2691 3477 2757 domo,
3519 2707 3639 2761 quae

2061 2782 2238 2837 sancti
2297 2780 2512 2851 Georgii
2547 2781 2745 2836 dicitur
2781 2782 2926 2853 (l6),
2967 2791 3023 2837 et
3063 2782 3134 2837 ab
3163 2782 3407 2852 antiquis
3439 2793 3638 2853 tempo-

2063 2875 2215 2929 ribus
2248 2875 2501 2930 Ecclesia:
2534 2874 2907 2944 Agrigentinze
2939 2886 3082 2950 erat,
3109 2874 3426 2931 Libertinus
3453 2877 3639 2946 appel-

2063 2970 2190 3022 lata.
2226 2967 2518 3037 Postquam
2545 2977 2653 3022 tres
2675 2967 2932 3022 Panormi
2962 2969 3078 3023 dies
3099 2968 3299 3028 exacti,
3327 2976 3380 3022 et
3400 2969 3637 3037 episcOpi

2064 3073 2127 3112 ac
2155 3059 2383 3113 fratrum
2407 3059 2665 3113 societate
2693 3074 2888 3113 omnes
2929 3059 3215 3114 exhilarati
3243 3059 3421 3124 fuere,
3451 3061 3640 3115 beatus

2063 3150 2377 3221 Gregorius,
2415 3151 2590 3204 salute
2626 3151 2884 3219 episcopo
2914 3159 2968 3204 et
3016 3150 3278 3206 fratribus
3322 3151 3488 3214 dicta,
3539 3150 3641 3204 Pa-

387 3259 475 3306 νος
525 3245 554 3295 ό
601 3243 872 3313 μακάριος
917 3243 1217 3313 Γρηγόριος
1260 3241 1339 3310 τῷ
1387 3241 1672 3311 ἐπισκόπῳ
1716 3242 1810 3295 καὶ
1849 3246 1958 3305 τοῖς

2064 3258 2314 3296 normum
2362 3242 2601 3312 reliquit,
2661 3251 2714 3296 et
2767 3247 3026 3297 secundo
3081 3259 3216 3298 usus
3264 3256 3446 3308 vento,
3498 3245 3639 3298 intra

288 3376 300 3390 .
392 3335 640 3403 ἀδελφοῖς
667 3375 681 3398 ,
708 3334 934 3400 ἐξῆλθεν
966 3336 1030 3387 ὲκ
1057 3338 1155 3405 τῆς
1201 3334 1558 3404 Πανορμιτών
1592 3335 1802 3398 πόλεως
1844 3335 1962 3388 ἀνέ-

393 3445 495 3498 μου
555 3428 863 3497 ἐπιτηδείου
923 3427 1106 3490 αὐτοῖς
1158 3427 1507 3488 πνεύσαντος.
1554 3429 1665 3480 Καὶ
1712 3428 1960 3498 εἰσῆλθον

388 3519 474 3572 διὰ
515 3518 610 3571 δύο
655 3517 878 3589 ἡμερῶν
908 3519 988 3582 είς
1017 3518 1107 3570 τὸν
1169 3517 1412 3584 ποταμὸν
1451 3517 1532 3580 είς
1564 3517 1624 3568 τὸ
1669 3516 1958 3584 περιπόλιν

388 3611 487 3678 τῆς
561 3610 740 3663 αὐτῶν
789 3610 1225 3680 Ἀκραγαντίνων
1282 3609 1510 3672 πόλεως,
1553 3608 1614 3660 τὸ
1667 3607 1961 3676 λεγόμενον

402 3702 719 3772 Ἐμπόριον,
750 3702 883 3772 περὶ
911 3701 1060 3771 ὥραν
1088 3701 1305 3771 ὀγδόην.
1335 3701 1442 3753 Καὶ
1469 3700 1711 3768 γνωστὸν
1746 3701 1964 3767 ἐγένετο

389 3795 524 3846 πᾶσι
551 3797 663 3857 τοῖς
691 3794 789 3863 τῆς
812 3794 1040 3857 πόλεως,
1059 3794 1140 3846 ὅτι
1170 3795 1218 3845 οἱ
1238 3792 1418 3844 αὐτῶν
1443 3792 1792 3863 κατήντησαν
1821 3793 1961 3862 μετὰ

389 3887 689 3940 ἐπισκόπου
714 3887 1016 3958 Γρηγορίου
1042 3885 1336 3954 λεγομένου
1363 3884 1504 3948 τινός
1524 3902 1537 3914 ·
1573 3885 1669 3937 καὶ
1694 3884 1961 3953 ἔκθαμϐοι

463 4021 508 4052 ιο
535 4020 604 4074 iv
641 4021 774 4092 Reg.
813 4037 868 4087 ν,
909 4020 1000 4076 η.

461 4114 573 4184 (45)
598 4113 871 4183 Antiquus
905 4113 995 4167 hic
1023 4121 1140 4184 erat
1171 4125 1314 4184 mos,
1345 4119 1406 4163 ut
1437 4117 1631 4178 praeter
1659 4111 1960 4184 monachos

395 4181 524 4252 ξρετε
553 4181 716 4238 etiam
746 4181 936 4237 sacra:
979 4183 1220 4250 virgines
1263 4183 1490 4233 honoris
1527 4196 1701 4252 causa
1737 4181 1954 4252 obviam

396 4250 672 4322 prodirent
715 4253 1010 4322 episc0pis,
1061 4262 1119 4308 ut
1168 4253 1339 4322 paulo
1365 4259 1486 4318 post
1511 4250 1786 4322 Agrigenti
1818 4266 1958 4318 quo-

393 4320 499 4392 que
529 4323 730 4378 factum
767 4320 928 4392 leges.
965 4321 1264 4390 Gregorius
1301 4320 1577 4392 Nyssviius
1618 4321 1668 4372 in
1701 4321 1954 4392 epistola,

393 4389 514 4464 qua:
546 4395 705 4447 tertia
734 4389 830 4447 est
854 4394 996 4446 inter
1022 4389 1212 4464 novas,
1245 4406 1368 4460 quae
1398 4406 1426 4440 a
1462 4389 1957 4464 Zaccagnideditee

392 4461 540 4528 sunt,
597 4464 738 4518 idem
775 4464 877 4518 sibi
917 4463 1212 4532 contigisse
1246 4470 1455 4532 narrat,
1489 4475 1614 4532 cum
1659 4461 1724 4513 ad
1749 4461 1955 4532 _l'1ccle-

393 4537 530 4589 siam
571 4549 726 4588 suam
782 4535 897 4588 sive
949 4549 979 4586 a
1032 4529 1266 4586 concilio
1312 4529 1950 4596 Constantinopolitano,

393 4605 600 4658 sive-ab
629 4604 824 4658 exsilio
845 4603 1022 4658 rediit.
1062 4603 1154 4655 Sic
1181 4601 1326 4655 enim
1361 4609 1481 4668 post
1507 4600 1738 4652 reditum
1772 4602 1957 4654 statim

394 4675 459 4727 ad
496 4675 731 4728 amicum
765 4675 1056 4743 quemdam
1088 4673 1354 4743 scripsit_:
1385 4669 1487 4743 :0;
1530 4669 1592 4743 6e
1615 4670 1843 4743 πλησίον
1867 4670 1962 4743 τού

391 4744 541 4797 ἔνδον
575 4740 871 4814 ἐγενόμεθα
918 4745 1010 4795 ἐπὶ
1051 4741 1260 4803 στώου,
1309 4740 1526 4814 δρῶμεν
1571 4740 1748 4814 ῥύακα
1793 4742 1962 4814 πυρὸς

391 4810 926 4885 ἐπὶτὴνὲκκλησίαν
957 4814 1299 4885 είσρέουσαν.
1413 4811 1521 4885 γὰρ
1546 4812 1653 4885 τῷν
1678 4810 1964 4885 παρθένων

393 4884 553 4955 χορὸς
568 4880 680 4946 ’τὰς
715 4880 980 4955 ἐκκηρδς
1013 4880 1301 4955 λαμπάδας
1341 4881 1448 4955 ,διόιΔ
1473 4880 1962 4955 χειρίὸςΑφέρουσαι

395 4949 672 5024 στοιχηδὸν
714 4949 968 5023 ἀλλήλαις
1004 4949 1153 5024 mea
1180 4953 1279 5024 τὴν
1311 4949 1514 5024 εἴσοδον
1541 4952 1637 5020 τῆς
1669 4949 1964 5024 εκκλησίᾳς

392 5019 692 5095 προῄεσαν,
726 5019 845 5086 τοῖς
866 5027 1091 5095 πυρσοῖς
1137 5019 1313 5074 διόλου
1353 5019 1871 5095 καταλαμπόμεναι.
1906 5019 1961 5095 id

393 5091 477 5149 est
512 5091 537 5147 ἶ
568 5094 636 5148 Ut
665 5109 781 5146 vero
813 5091 956 5146 intrii
991 5096 1254 5161 porticum
1273 5091 1570 5160 progressi,
1608 5091 1751 5142 haud
1777 5091 1964 5158 procul

395 5182 428 5217 a
459 5166 638 5217 limine
667 5165 888 5233 fuimus,
927 5165 1159 5217 videmus
1193 5163 1332 5231 ignis
1381 5161 1548 5212 rivum
1588 5162 1647 5233 in
1688 5162 1963 5213 ecclesiam

394 5231 722 5304 inﬂuentem.
794 5233 1065 5301 Virginum
1117 5233 1256 5285 enim
1309 5231 1792 5304 chorus‘ardentes
1839 5247 1964 5304 cera

395 5299 668 5371 lampades
694 5307 749 5357 in
778 5299 1019 5356 manibus
1045 5311 1304 5372 gestantes
1336 5306 1402 5353 ad
1427 5299 1661 5354 ecclesia:
1685 5303 1964 5353 introitum

397 5376 520 5427 aliw
546 5377 666 5429 aliis
688 5377 867 5427 ordine
887 5375 1214 5426 succedentes
1234 5381 1615 5440 processerunt.
1640 5372 1845 5438 facibus
1864 5387 1966 5440 run-

397 5446 664 5515 dequaqne
693 5443 996 5498 emicantes.
1030 5439 1443 5515 Zacc._7Collect.
1476 5439 1552 5492 M.
1598 5440 1658 5493 V.
1692 5457 1742 5515 p_.
1775 5439 1926 5515 564.)

470 5512 602 5580 Quae
641 5516 971 5568 monasteria
1009 5517 1149 5581 apud
1192 5512 1609 5566 Panormitanos
1651 5513 1754 5564 sub
1799 5513 1962 5564 linem

399 5587 587 5639 saeculi
621 5601 673 5638 vi
714 5587 825 5652 jam
872 5586 1165 5637 constituta
1205 5591 1408 5652 essent,
1457 5583 1733 5635 recensuit
1777 5582 1963 5635 Piri-us

404 5657 482 5718 (in
513 5655 639 5709 Not.
672 5651 928 5709 Panorm.
962 5655 1028 5706 ad
1055 5669 1145 5706 an.
1179 5653 1302 5716 590,
1333 5652 1359 5721 ἓ
1385 5651 1440 5706 4)
1473 5668 1485 5703 :
1518 5666 1690 5721 eaque
1719 5653 1961 5720 appella-

405 5730 604 5779 bantur
630 5725 669 5781 Ι.
703 5726 762 5778 S.
799 5725 1096 5788 'l‘heodori,
1124 5721 1184 5776 ll.
1222 5724 1277 5776 S.
1303 5720 1584 5783 Hadriani,
1620 5720 1704 5774 Ill.
1739 5723 1794 5775 ὃ.
1829 5721 1962 5774 ller-

407 5793 648 5863 nue,’lV.
684 5797 782 5848 SS.
810 5795 1028 5848 Maximi
1059 5804 1113 5846 et
1141 5794 1383 5863 Agatlue,
1417 5789 1479 5842 V.
1514 5792 1960 5863 Priecoritannm,

405 5865 492 5920 vel
535 5862 931 5921 Praetutianum
964 5882 976 5919 :
1008 5874 1170 5934 atque
1196 5861 1414 5917 'horum
1457 5861 1700 5914 onmiuin
1748 5862 1800 5914 in
1831 5863 1962 5916 Gre-

2067 3336 2292 3390 biduum
2322 3334 2388 3388 ad
2412 3332 2636 3398 ﬂumen,
2675 3334 2823 3404 quod
2877 3335 3154 3404 Agrigenti
3196 3336 3457 3390 suburbia
3489 3336 3644 3390 alluit

2069 3427 2383 3496 Emporium
2434 3427 2721 3495 appellata,
2780 3425 2912 3479 hora
2967 3427 3072 3480 divi
3128 3437 3318 3481 octava
3375 3430 3642 3496 pervenit.

2069 3517 2433 3586 Agrigentinis
2475 3517 2586 3586 jam
2627 3517 2884 3570 omnibus
2942 3527 3132 3571 notum
3171 3529 3310 3584 erat,
3340 3520 3486 3573 cives
3514 3535 3641 3574 suos

2068 3610 2354 3664 advenisse
2373 3624 2497 3664 cum
2521 3610 2798 3678 episcopo,
2826 3609 2920 3663 cui
2945 3609 3206 3680 Gregorio
3233 3626 3428 3666 nomen
3460 3623 3639 3666 esset:

2068 3717 2176 3769 qua
2209 3701 2277 3755 de
2325 3717 2381 3756 re
2421 3700 2627 3764 mirati,
2691 3703 3047 3755 vehementer
3098 3702 3460 3756 indoluerant.
3506 3702 3638 3756 Nam

2066 3793 2295 3847 alterum
2347 3808 2378 3846 e
2418 3791 2631 3846 duobus
2685 3792 2813 3858 illis,
2855 3808 2995 3862 quos
3050 3793 3492 3857 memoravimus,
3528 3794 3644 3862 epi-

2064 3897 2290 3952 scopum
2321 3897 2481 3936 suum
2513 3882 2758 3936 futurum
2788 3883 3228 3949 arbitrabantur,
3276 3891 3329 3937 et
3358 3893 3641 3952 exspecta-

2061 4107 2198 4178 gorii
2232 4105 2410 4176 Magni
2449 4105 2709 4178 epistolis
2747 4107 2955 4158 mentio
3001 4104 3079 4178 ﬁt.
3130 4104 3300 4178 Porro
3341 4121 3406 4160 ex
3445 4105 3635 4160 iisdem

2057 4177 2246 4244 etiam,
2281 4195 2389 4231 non
2430 4193 2597 4230 unum
2642 4177 2842 4230 ibidem
2884 4177 3391 4230 sanctimonialium
3442 4190 3634 4231 mona-

2060 4249 2288 4303 sterium
2321 4248 2492 4300 fuisse
2531 4255 2767 4300 constat.
2807 4244 2899 4315 (V.
2935 4262 3019 4311 ep.
3055 4248 3110 4308 6,
3145 4248 3237 4300 lib.
3269 4249 3346 4314 v.)

2130 4319 2261 4373 Erat
2289 4334 2416 4372 vero
2447 4315 2704 4370 Panormi
2730 4328 2843 4370 tum
2879 4319 3143 4383 temporis
3173 4317 3490 4385 episcopus,
3522 4333 3630 4372 non

2061 4389 2247 4444 Victor
2282 4390 2392 4450 ille,
2427 4396 2484 4440 ut
2516 4402 2617 4454 ego
2657 4387 2876 4456 quidem
2910 4389 3170 4450 arbitror,
3200 4388 3268 4440 ad
3317 4403 3482 4455 quem
3532 4391 3632 4442 ali-

2062 4472 2198 4530 quot
2226 4457 2958 4530 GregoriiAMagiiiepistglte
2983 4466 3222 4530 exstant,
3257 4465 3354 4530 sed
3375 4460 3634 4513 decessor

2062 4525 2182 4598 ejus
2208 4525 2439 4598 Agatho,
2466 4528 2533 4581 de
2553 4525 2663 4596 quo
2687 4525 3146 4598 illem‘Gregoiius
3164 4530 3281 4580 sine
3307 4529 3414 4582 ulla
3442 4531 3636 4584 mortis

2065 4595 2193 4654 nota
2226 4595 2490 4669 nicminit
2523 4595 2664 4651 libro
2711 4612 2763 4650 ιν
2811 4595 3025 4669 Dialog.
3073 4613 3194 4666 cap.
3243 4599 3349 4669 __57.
3380 4598 3634 4669 Dialogos

2065 4674 2210 4725 enim
2243 4671 2310 4722 ab
2349 4685 2413 4722 eo
2446 4668 2732 4722 absolutos
2782 4668 2928 4721 circa
2985 4682 3189 4738 annuin
3239 4667 3346 4723 593
3388 4667 3634 4738 plerique

2017 4781 2020 4784 λ
2065 4756 2258 4796 Omnes
2296 4739 2533 4793 fatentur
2567 4756 2579 4791 :
2613 4749 2666 4791 at
2687 4749 2878 4808 contra
2907 4741 3081 4806 prima
3123 4736 3630 4808 Gregorii—epistola

2065 4811 2134 4866 ad
2162 4811 2433 4864 Victorem
2465 4809 2633 4862 missa
2661 4817 2747 4862 est
2779 4807 3076 4861 indictione
3104 4809 3191 4872 15,
3223 4809 3276 4862 id
3300 4820 3384 4862 est
3409 4807 3632 4864 biennio

2064 4891 2186 4950 post
2213 4880 2566 4950 seriptionem
2597 4878 3090 4950 Dialogorumilib.
3125 4894 3181 4943 v,
3216 4893 3308 4950 ep.
3336 4877 3412 4946 6).
3443 4881 3632 4948 Itaque

2081 4950 2256 5004 Victor
2285 4945 2427 5018 apud
2454 4949 2668 5002 l’irrum
2698 4945 2775 5018 (iii
2799 4945 2928 5000 Not.
2957 4945 3331 5019 Panorm.)'ab
3355 4945 3502 5003 anno
3528 4945 3632 5004 590

2065 5023 2428 5077 removendus
2459 5020 2690 5072 videtur.

2139 5093 2250 5163 (46)
2286 5090 2392 5144 Pro
2431 5089 2640 5163 Georgii
2681 5087 2892 5163 invenit
2931 5086 3234 5163 _Ca_jetaii_us
3267 5085 3527 5163 Gregorii.
3557 5090 3634 5163 _At

2067 5157 2242 5218 codeii
2290 5172 2518 5228 uterque
2569 5157 2879 5212 Basilianus
2929 5158 3096 5210 habet
3128 5157 3422 5226 ιἐωργίου.
3463 5158 3631 5213 Addes

2066 5249 2227 5303 porro
2249 5233 2352 5285 illa:
2375 5233 2722 5303 ἐπισκοπείον
2763 5228 3125 5303 appellantur,
3150 5231 3294 5296 quod
3316 5232 3368 5279 in
3393 5233 3632 5303 episcopi

2064 5295 2406 5372 Agrigentini
2461 5301 2732 5372 mancipio
2783 5308 2992 5372 essent.
3051 5295 3257 5372 Nomen
3307 5295 3488 5372 autem
3527 5295 3633 5352 illis

2067 5369 2299 5428 inditum
2336 5372 2550 5424 videtur
2580 5388 2608 5424 a
2643 5371 2820 5437 primo
2858 5369 3336 5436 Agrigentiinn'um
3373 5369 3633 5437 episcopo

2066 5459 2112 5497 ei
2165 5443 2566 5513 martyre,_qui
2613 5436 2914 5513 Liber-tinus
2950 5439 3128 5513 dictus
3170 5447 3274 5490 est.
3331 5436 3423 5506 (δ’.
3459 5436 3631 5507 Cajet.

2067 5513 2169 5569 SS.
2204 5508 2324 5568 Sic:
2356 5523 2394 5564 t.
2434 5510 2472 5574 Ι,
2495 5508 2564 5579 ἰ).
2597 5513 2713 5571 ‘20.)
2746 5508 3004 5561 (Iudicem
3041 5508 3226 5560 Pirrus
3257 5525 3440 5564 neseio
3471 5526 3634 5578 queui

2065 5587 2406 5640 bibliotheca:
2444 5583 2717 5636 Vaticana:
2750 5588 3034 5639 memorat,
3066 5595 3117 5630 ιιι
3155 5594 3263 5646 quo
3289 5595 3633 5646 annotatuni,

2064 5657 2207 5709 mdes
2259 5657 2420 5708 hasce
2471 5655 2538 5705 ad
2596 5659 2806 5718 portam
2867 5649 3222 5701 Gai'inensent
3288 5651 3482 5712 fuisse,
3545 5655 3633 5703 ubi

2066 5727 2260 5780 deinde
2293 5723 2551 5791 templum
2597 5723 2653 5775 5.
2694 5719 2956 5789 Gregorio
2991 5721 3230 5774 dicatum
3265 5733 3366 5776 est.
3400 5722 3483 5791 (In
3502 5719 3631 5776 Not.

2064 5797 2253 5867 Agrig.
2291 5810 2346 5850 ιι.
2381 5793 2459 5861 5.)
