4158 6554
512 350 611 415 631

1507 365 1569 423 S.
1607 363 1988 426 GREGORII
2040 365 2549 428 AGRIGENTINI
2584 365 2782 426 VITA.

3664 361 3771 424 632

516 466 668 523 bant.
701 465 744 520 E
768 467 1106 523 monasterio
1137 468 1303 542 igitur
1326 471 1614 530 laudanda:
1644 476 1736 532 Dei
1770 477 1954 533 Matris
1977 477 2090 550 (47)

2218 477 2480 548 ἐνόμενοι
2507 477 2859 548 ἐλυπήθησαν
2903 473 3111 544 σφόδρα
3130 489 3145 500 ·
3181 471 3547 544 προσεδόκων
3571 471 3680 538 γάρ
3705 474 3766 523 ὲν

522 559 738 615 obviam
778 561 909 615 exiit
955 561 1244 634 praefectus
1277 581 1400 620 cum
1437 568 1700 626 fratribus
1727 579 1782 625 et
1822 572 1975 626 omni
1997 587 2092 641 p0-

517 651 666 720 pulo,
709 653 802 721 qui
838 653 892 707 in
929 656 1210 714 suburbiis
1242 666 1380 722 erat,
1426 669 1481 714 et
1514 662 1728 717 beatum
1766 663 2090 735 Gregorium

513 761 544 798 e
588 745 713 797 navi
770 747 1192 804 descendentem
1247 766 1577 822 acceperunt
1627 759 1995 827 supplicantes
2040 768 2096 814 et

516 846 777 892 canentes
832 835 1062 894 Sanctus
1102 840 1245 896 Deus
1293 845 1428 914 (48).
1475 848 1724 918 Cumque
1773 849 1962 906 beatus
2011 854 2086 906 vir

520 928 694 1002 [thv]
747 933 1011 998 stetisset,
1048 944 1103 989 et
1145 937 1364 993 silentio
1413 940 1482 994 ab
1531 956 1596 996 eo
1644 957 1810 996 manu
1865 943 2091 1008 indicto,

519 1037 712 1076 omnes
737 1025 947 1093 pariter
966 1029 1364 1095 constitissent,
1394 1031 1625 1101 Euplum
1645 1035 2093 1089 archidiaconum

521 1112 817 1168 inclamare
859 1115 1049 1184 jussit,
1081 1117 1455 1185 Attendamus,
1496 1131 1548 1174 et
1574 1123 1838 1176 concione
1870 1123 2095 1178 salutari

519 1205 676 1276 signo
732 1207 994 1275 lustrata,
1036 1211 1168 1266 dixit
1202 1229 1215 1264 :
1245 1211 1360 1265 Pax
1411 1216 1688 1278 omnibus;
1730 1216 1819 1269 cui
1864 1198 2097 1285 pOpulus

523 1301 808 1369 respondit
861 1318 874 1354 :
933 1301 1000 1356 Et
1051 1305 1265 1372 spiritui
1329 1315 1460 1372 tuo;
1498 1306 1922 1361 archidiaconus
1968 1324 2097 1363 vero

521 1406 741 1446 rursum
771 1392 1029 1447 clamavit
1065 1410 1081 1448 :
1113 1393 1415 1465 Sapientia.
1457 1396 1597 1450 Tum
1636 1409 1861 1454 sanctus
1892 1399 2098 1472 Grego-

522 1485 639 1537 rius
669 1483 824 1539 ﬂexis
855 1486 1006 1539 humi
1035 1489 1267 1556 genibus
1305 1489 1441 1544 duas
1469 1505 1639 1560 prope
1676 1492 1844 1547 horas
1889 1495 2099 1563 suppli-

523 1577 703 1640 cavit,
757 1592 821 1630 ac
875 1580 1091 1631 demum
1151 1596 1183 1634 a
1231 1582 1346 1636 solo
1402 1598 1668 1653 surgens,
1731 1588 2100 1656 populumque

526 1679 714 1720 rursus
745 1666 973 1721 salutari
1010 1669 1170 1737 signo
1222 1679 1304 1723 ter
1345 1671 1607 1739 lustrans,
1653 1675 1791 1729 elata
1823 1692 1955 1731 voce
1983 1679 2098 1732 ait:

525 1751 664 1808 Bene
689 1755 798 1808 Deo
828 1756 1087 1822 dicamus,
1130 1760 1220 1828 qui
1268 1761 1400 1828 facit
1450 1762 1718 1815 mirabilia
1755 1765 1921 1829 solus,
1963 1782 2102 1818 nunc

2191 569 2298 621 τῶν
2334 568 2427 621 δύο
2456 568 2567 621 τῶν
2607 568 2918 639 λεγομένων
2966 569 3063 621 ἕνα
3111 563 3369 633 γενέσθαι
3420 565 3604 625 αὐτοῖς
3647 564 3770 615 ἐπί-

2194 679 2420 717 σκοπον.
2459 661 2711 731 Ἐξῆλθεν
2743 659 2838 714 οὖν
2866 664 2894 714 6
2926 660 3230 730 ἡγούμενος
3261 658 3355 710 τοῦ
3401 658 3769 728 μοναστηρίου

2193 755 2293 823 τῆς
2338 755 2690 825 πανυμνήτου
2735 753 3000 806 Θεοτόκου
3049 754 3188 822 μετὰ
3226 752 3333 804 τῶν
3378 749 3648 819 ἀδελφῶν,
3678 750 3775 802 καὶ¹

2192 844 2284 898 τοῦ
2327 845 2517 898 λοιποῦ
2564 844 2694 898 λαοῦ
2732 844 2827 897 τοῦ
2876 844 3028 908 ὄντος
3071 845 3129 896 ὲν
3165 842 3244 911 τῷ
3292 841 3634 912 περιπολέῳ·
3681 841 3775 893 καλ⁴

2195 935 2450 998 ἐδέξαντο
2485 935 2575 988 τὸν
2611 936 2883 1006 μακάριον
2933 935 3237 1005 Γρηγόριον
3283 934 3486 996 εύθέως
3532 932 3640 985 άπὸ
3676 931 3775 984 τοῦ

2199 1025 2385 1080 πλοίου
2412 1028 2549 1097 μετὰ
2567 1027 2744 1095 λιτῆς,
2770 1027 3063 1096 ψάλλοντες
3093 1026 3176 1087 τὸ.
3200 1026 3397 1094 Ἄγιος
3431 1027 3464 1079 ὁ
3498 1024 3664 1090 Θεὸς,
3683 1025 3777 1076 καὶ

2199 1121 2330 1181 στάς
2363 1121 2390 1172 6
2442 1120 2712 1191 μακάριος
2756 1122 2814 1173 ὲν
2846 1121 2928 1173 ἐνὶ
2961 1121 3112 1189 τόπῳ
3137 1162 3152 1185 ,
3202 1120 3298 1170 καὶ
3333 1117 3667 1179 κατασείσας
3706 1119 3776 1186 τῇ

2198 1211 2348 1280 χειρὶ
2382 1212 2593 1280 σιωπὴν
2633 1213 2929 1281 γενέσθαι,
2964 1211 3203 1282 ἔστησαν
3233 1211 3290 1263 δὲ
3319 1211 3546 1272 πάντες,
3583 1208 3779 1261 κελεύ-

2201 1320 2298 1365 σας
2323 1305 2400 1373 τῷ
2424 1303 3007 1374 άρχιδιακόνῳΕὖπλῳ
3033 1302 3370 1372 φθέγγεσθαι
3393 1301 3474 1365 τὸ,
3493 1299 3779 1368 Πρόσχω-

2195 1415 2330 1469 μεν,
2364 1399 2460 1451 καὶ
2491 1399 2804 1468 σφραγίσας
2858 1398 2950 1450 τὸν
2997 1397 3148 1461 λαὸν,
3181 1393 3334 1448 εἶπεν
3355 1411 3370 1425 ·
3413 1393 3640 1461 Εἰρήνη
3670 1390 3782 1446 πᾶν

2200 1506 2341 1544 σιφυ
2392 1491 2486 1543 καὶ
2530 1493 2558 1543 6
2607 1490 2770 1552 λαὸςο
2818 1489 2927 1542 Καὶ
2976 1489 3055 1551 τῷ
3096 1486 3392 1556 πνεύματί
3436 1501 3583 1539 σου·
3619 1485 3711 1536 καὶ
3749 1483 3780 1534 6

2202 1583 2586 1654 ἀρχιδιάκονος
2621 1581 2785 1634 πάλιν
2816 1580 2991 1634 εἶπενο
3025 1582 3235 1648 Σοφία.
3269 1579 3396 1640 (del;
3424 1577 3492 1630 τὰ
3515 1577 3717 1645 γόνατα
3753 1577 3782 1628 ὁ

2204 1673 2360 1741 ἅγιος
2394 1673 2696 1746 Γρηγόριος
2724 1674 2816 1725 ἐπὶ
2842 1674 2945 1742 τὴν
2979 1673 3105 1742 γῆν,
3147 1669 3486 1741 προσεύξατο
3511 1669 3604 1721 ἐπὶ
3635 1667 3783 1738 ὤραν

2210 1766 2360 1835 μίαν,
2409 1768 2547 1819 εἴπω
2577 1767 2675 1820 καὶ
2708 1765 2829 1818 δύο·
2891 1767 2988 1818 καὶ
3021 1763 3260 1824 ἀναστάς
3288 1764 3350 1814 ἐκ
3374 1759 3468 1813 τοῦ
3521 1761 3781 1828 ἐδάφους,

527 1859 574 1900 et
608 1862 808 1916 semper
837 1857 885 1901 et
918 1849 972 1902 in
1001 1849 1196 1903 scecula
1226 1851 1562 1906 saeculorum.
1590 1853 1692 1908 Ubi
1719 1870 1909 1910 omnes
1935 1857 2100 1911 Amen

2218 1860 2302 1913 mal
2328 1859 2492 1913 πάλιν
2525 1859 2615 1911 τὸν
2652 1858 2780 1911 λαὸν
2823 1857 3285 1926 κατασφραγίσας
3314 1853 3520 1923 τρίτον,
3550 1853 3788 1922 ἐκφωνεῖ

526 1941 955 2009 responderunt,
998 1943 1066 1995 ad
1115 1944 1280 2012 peJes
1333 1944 1452 2013 ejus
1486 1947 1760 2016 progressi
1804 1957 1936 2003 sunt
1971 1949 2105 2003 ado-

528 2033 684 2087 randi
711 2050 878 2088 causa
908 2052 921 2088 :
956 2035 1046 2088 ille
1074 2052 1206 2091 vero
1249 2037 1494 2108 singulos
1541 2048 1734 2094 sancto
1779 2041 1966 2095 osculo
2016 2058 2107 2096 sa-

530 2125 760 2190 lutabat,
790 2126 1023 2195 grandes
1048 2129 1415 2198 parvulosque
1443 2140 1609 2199 atque
1638 2131 1789 2199 ipsos
1819 2133 2104 2200 lactentes;

529 2218 831 2287 dextraque
860 2219 1006 2273 elata
1041 2220 1175 2276 viris
1219 2237 1283 2275 ac
1312 2223 1638 2278 mulieribus
1665 2224 1804 2279 bene
1838 2227 2107 2294 precaba-

530 2320 638 2365 tur.
673 2311 802 2365 lnde
835 2327 1025 2382 agmen
1061 2315 1126 2367 ad
1171 2316 1563 2370 monasterium
1598 2318 1839 2387 perrexit
1867 2319 2109 2387 psalmos

529 2400 850 2480 concinens,
887 2410 941 2456 et
975 2402 1027 2454 in
1060 2403 1263 2472 templo
1297 2403 1544 2460 Dominae
1576 2416 1780 2462 nostra:
1823 2409 2111 2464 laudanda:

535 2493 626 2545 Dei
667 2493 857 2548 Matris
887 2509 1077 2564 preces
1120 2494 1284 2551 fudit.
1325 2495 1651 2568 Egrediente
1689 2507 1871 2554 autem
1903 2500 2110 2572 Grego-

533 2586 634 2652 rio,
688 2587 754 2640 ad
811 2588 988 2658 ipsum
1046 2589 1230 2659 templi
1279 2591 1480 2646 ostium
1542 2595 1847 2649 monachus
1885 2596 2106 2664 quidam

532 2677 769 2746 procidit
791 2689 918 2734 ante
941 2678 1106 2749 pedes
1135 2681 1254 2751 ejus
1281 2698 1295 2736 :
1320 2699 1480 2753 quem
1509 2684 1800 2754 praefectus
1832 2687 2111 2742 retrahere

532 2779 763 2824 conatus
793 2783 899 2835 est,
929 2786 998 2826 ne
1032 2769 1099 2824 ad
1144 2773 1310 2840 pedes
1355 2775 1476 2844 ejus
1527 2776 2010 2846 appropinquaret.
2043 2778 2112 2831 At

534 2874 759 2916 sanctus
779 2863 865 2918 vir
889 2864 956 2919 ad
987 2881 1111 2922 eum
1155 2882 1480 2932 conversus,
1517 2866 1671 2928 Sine,
1703 2869 1904 2938 inquit,
1933 2871 2108 2936 illum,

536 2953 727 3021 frater,
775 2957 1055 3013 accedere.
1106 2958 1206 3014 Cui
1248 2959 1536 3029 praefectus
1571 2977 1584 3014 :
1624 2959 1853 3015 Insanus
1882 2972 1986 3025 est,
2014 2963 2115 3016 do-

539 3048 712 3112 mine,
762 3057 816 3103 et
862 3058 1048 3106 mutus
1097 3051 1240 3105 idem
1284 3067 1348 3106 ac
1385 3053 1606 3107 surdus.
1655 3052 1955 3119 Gregorius
1981 3071 2114 3109 vero

2205 1949 2378 2012 οὕτως
2402 1965 2416 1979 ⁸
2447 1948 2794 2018 Εὐλογητὸς
2835 1951 2868 2001 ὀ
2899 1948 3043 2013 Θεὸς
3071 1950 3102 2000 ὁ
3133 1944 3322 1998 ποιῶν
3354 1942 3655 2012 θαυμάσια
3676 1944 3785 2011 μό-

2207 2059 2316 2108 νος
2341 2082 2354 2104 ,
2389 2041 2507 2095 ’νῦν
2537 2041 2636 2093 καὶ
2675 2040 2766 2094 ἀεὶ
2812 2040 2910 2095 καὶ
2945 2041 3034 2102 εις
3076 2038 3219 2102 τοὺς
3250 2036 3472 2100 αἰῶνας
3509 2033 3629 2088 τῶν
3655 2034 3790 2086 aldt-

2208 2151 2350 2187 νων.
2380 2134 2489 2186 Καὶ
2525 2133 2746 2186 πάντων
2782 2131 2964 2200 Ἀμὴν
2993 2128 3427 2199 ἀποκριθέντων,
3459 2125 3791 2196 προσελθόν-

2207 2245 2299 2291 τες
2345 2227 2548 2288 πάντες
2599 2223 3019 2296 προσεκύνησαν
3069 2221 3217 2290 αύτῷ
3268 2221 3394 2280 τοὺς
3448 2220 3642 2282 πόδας’
3694 2218 3792 2270 καὶ

2210 2317 2499 2386 ἠσπάσατο
2545 2315 2754 2377 πάντας
2800 2313 2877 2384 τῷ
2929 2313 3071 2382 ἁγίῳ
3113 2313 3384 2380 φιλήματι
3431 2311 3541 2363 άπὸ
3592 2308 3790 2378 μικροῦ

2209 2409 2314 2472 ἓως
2345 2408 2614 2479 μεγάλου,
2645 2407 2847 2477 ὁμοίως
2873 2405 2968 2458 καὶ
2993 2406 3120 2467 τοὺς
3153 2401 3519 2471 θηλάζοντας·
3554 2401 3651 2453 καὶ
3679 2400 3791 2461 θεὶς

2209 2501 2308 2570 τὴν
2353 2502 2513 2571 χεῖρα
2547 2499 2712 2552 αὐτοῦ
2762 2498 2972 2560 πάντας
3009 2495 3307 2565 εὐλόγησεν
3350 2493 3548 2564 ἄνδρας
3592 2509 3650 2544 τε
3699 2492 3793 2544 καὶ

2209 2597 2500 2663 γυναῖκας.
2530 2593 2641 2646 Kal
2675 2590 3019 2660 άπεκίνησαν
3060 2592 3117 2641 ἐν
3153 2589 3232 2659 τῷ
3278 2586 3628 2658 μοναστηρίῳ
3664 2585 3796 2654 ψάλ-

2211 2688 2419 2751 λοντες,
2455 2686 2550 2739 καὶ
2579 2685 2870 2755 εὐξάμενοι
2906 2687 2964 2736 ὲν
2992 2681 3068 2753 τῷ
3097 2679 3211 2750 ναῷ
3239 2682 3338 2750 τῆς
3365 2679 3664 2747 Δεσποίνης
3698 2678 3796 2728 καὶ

2213 2783 2567 2851 πανυμνήτου
2615 2778 2906 2832 Θεοτὸκου.
2962 2775 3072 2827 Kal
3102 2772 3460 2843 ἐξερχομένου
3492 2769 3658 2824 αὑτοῦ
3697 2769 3796 2838 τὴν

2212 2873 2384 2942 θύραν
2417 2868 2886 2939 τῆςἘκκλησίας,
2927 2863 3160 2934 μοναχός
3192 2879 3277 2924 τις
3323 2861 3659 2932 προσέπεσεν
3683 2861 3796 2920 τοῖς

2215 2966 2374 3019 ποσὶν
2409 2961 2576 3017 αὐτοῦ
2600 2980 2613 2993 ·
2643 2963 2671 3013 6
2697 2962 2754 3015 δὲ
2783 2959 3088 3031 ἡγούμενος
3119 2955 3404 3010 ἁπεσείετο
3428 2954 3520 3006 τὸν
3546 2951 3795 3019 ἀδελφὸν,

2216 3061 2312 3113 καὶ
2345 3058 2445 3110 οὐκ
2475 3058 2560 3109 εἴα
2585 3056 2749 3109 αὑτὸν
2779 3053 3035 3117 πελάζειν
3064 3053 3174 3112 τοῖς
3207 3050 3366 3101 ποσὶν
3395 3045 3490 3099 τοῦ
3523 3045 3797 3115 μακαρίου

538 3155 661 3193 cum
713 3142 952 3209 graviter
1003 3143 1356 3212 ingemuisset
1423 3160 1488 3199 ac
1540 3145 1874 3216 lacrymatus
1927 3159 2109 3213 esset,

2218 3149 2542 3221 Γρηγορίου.
2559 3146 2690 3202 Εἶτα
2711 3148 2973 3218 στραφεὶς
2992 3147 3129 3217 πρὸς
3153 3147 3245 3199 τὸν
3270 3143 3573 3215 ἡγούμενον
3601 3144 3630 3194 6
3655 3142 3799 3241 ὅσιος

538 3228 770 3283 sublatis
820 3230 874 3283 in
911 3231 1109 3286 coelum
1160 3229 1412 3288 manibus
1455 3235 1537 3288 sic
1566 3247 1818 3304 precatus
1846 3248 1930 3292 est
1961 3257 1973 3291 :
2009 3238 2114 3292 Do-

542 3321 686 3376 mine
725 3319 854 3376 Jesn
879 3323 1094 3378 Christe
1127 3322 1272 3380 Deus
1307 3335 1513 3390 noster,
1555 3327 1674 3382 coeli
1709 3343 1773 3383 ac
1799 3337 1958 3384 terrae
1981 3347 2115 3386 con-

541 3414 707 3478 ditor,
761 3414 859 3484 qui
911 3417 1196 3483 prtesentia
1235 3428 1326 3472 tua
1367 3429 1554 3473 sancta
1601 3421 1846 3489 leprosos
1885 3425 2115 3488 sanasti,

541 3516 595 3560 et
640 3522 804 3562 aures
857 3508 1154 3564 surdorum
1197 3511 1498 3580 aperuisti,
1553 3521 1606 3565 et
1652 3513 1851 3582 linguae
1903 3515 2117 3569 vincula

542 3597 868 3664 dissolvisti,
903 3609 958 3654 tu
988 3601 1132 3656 idem
1165 3611 1220 3657 et
1258 3619 1478 3657 servum
1507 3604 1652 3658 hunc
1680 3619 1831 3660 tuum
1860 3607 2115 3662 invisibili

545 3693 787 3761 potentia
816 3703 906 3747 tua
935 3703 1126 3750 sanato
1155 3713 1168 3749 :
1201 3704 1258 3750 ut
1295 3696 1698 3751 sanctissimum
1737 3715 1932 3753 nomen
1961 3709 2117 3754 tuum

543 3782 685 3850 apud
719 3798 820 3838 nos
847 3800 1068 3854 quoque
1099 3802 1288 3842 servos
1335 3796 1457 3842 tuos
1503 3798 1767 3858 perpetuo
1793 3791 2115 3846 celebretur.

545 3879 722 3946 Atque
756 3878 842 3934 his
871 3878 1071 3945 dictis,
1118 3879 1342 3936 fratrem
1381 3898 1544 3937 manu
1596 3892 1787 3938 tenens
1837 3887 2119 3948 excitavit,

546 3968 852 4040 adjecitque
894 3989 908 4026 :
959 3971 1021 4026 In
1079 3973 1299 4028 nomine
1339 3972 1555 4029 Domini
1598 3973 1729 4031 Jesu
1772 3975 1996 4043 Christi,
2028 3982 2122 4049 qui

545 4064 848 4118 daemonem
888 4066 1118 4121 surdum
1149 4081 1214 4122 ac
1245 4078 1458 4122 mutum
1494 4085 1524 4124 e
1557 4068 1815 4140 figmento
1842 4089 1944 4126 suo
1974 4074 2125 4128 exire

545 4156 730 4226 jussit.
780 4157 1010 4228 loquere
1059 4170 1207 4214 recte
1245 4170 1410 4230 atque
1446 4161 1598 4227 audi,
1650 4163 1875 4232 Deoqne
1912 4165 2123 4220 laudem

550 4249 786 4314 reddito,
824 4265 853 4305 a
884 4267 996 4320 quo
1029 4253 1288 4308 conditus
1315 4269 1399 4307 es.
1436 4253 1531 4308 llle
1560 4270 1690 4310 vero
1720 4257 1958 4310 clamare
1981 4258 2128 4312 illico

551 4355 616 4397 ac
645 4341 826 4396 dicere
863 4344 1029 4413 cmpit
1063 4361 1076 4397 :
1112 4343 1307 4414 Magna
1344 4354 1437 4400 tua
1472 4361 1664 4414 Opera,
1704 4347 1956 4411 Domine,
2007 4367 2129 4418 quae

553 4450 650 4505 per
684 4435 959 4490 hominem
999 4435 1143 4491 hunc
1171 4435 1379 4503 justum
1421 4441 1660 4508 perfecta
1708 4449 1854 4506 sunt,
1888 4443 1982 4512 qui
2025 4443 2128 4496 hu-

2217 3242 2520 3311 Γρηγόριος
2549 3239 2700 3306 λέγει
2741 3239 2890 3308 αύτῴ
2911 3256 2924 3269 ·
2963 3240 3132 3306 Ἄφες
3164 3237 3361 3299 αὑτὸν,
3391 3233 3607 3303 ἀδελφέ.
3648 3233 3705 3284 ὐ
3742 3230 3802 3283 δέ

2218 3349 2411 3402 φησιν·
2443 3332 2610 3393 Σάλος
2657 3333 2811 3394 ἐστὶ,
2867 3330 3102 3384 δέσποτα
3126 3371 3140 3392 ,
3184 3329 3280 3382 καὶ
3314 3327 3437 3381 οὔτε
3488 3326 3640 3379 λαλεῖ
3676 3322 3801 3376 οὔτε

2219 3423 2432 3476 ἀκούει.
2478 3423 2536 3477 '0
2565 3423 2623 3475 δὲ
2652 3422 2914 3488 στενάξας
2948 3423 3013 3474 ὲκ
3040 3420 3238 3491 βάθους
3265 3420 3360 3473 καλ⁵
3393 3418 3802 3489 δακρύσας,καὶ

2219 3516 2318 3578 τὰς
2349 3518 2540 3585 χεῖρας
2573 3515 2654 3576 είς
2685 3513 2778 3566 τὸν
2809 3513 3038 3584 οὐρανὸν
3065 3513 3298 3583 ἐπάρας,
3333 3510 3669 3580 προσεύξατο
3707 3507 3802 3560 οὖ-

2219 3622 2361 3669 τως·
2398 3604 2571 3676 Κύριε
2612 3604 2789 3674 Ἰησοῦ
2831 3603 3036 3674 Χριστὲ
3065 3603 3093 3656 6
3125 3603 3257 3664 Θεὸς
3287 3601 3446 3673 ἡμῶν
3469 3641 3482 3665 ,
3510 3604 3538 3654 6
3570 3601 3802 3667 ποιήσας

2219 3699 2313 3751 τὸν
2336 3697 2566 3768 οὐρανὸν
2603 3698 2698 3750 καὶ
2725 3696 2826 3767 τὴν
2855 3696 2980 3766 γῆν,
3014 3698 3042 3748 6
3065 3697 3158 3748 ὲπλ.
3189 3697 3256 3765 τῇ
3289 3693 3568 3765 παρουσία
3603 3709 3696 3744 σου
3734 3696 3800 3760 τῇ

2225 3789 2356 3858 ἁγίᾳ
2395 3787 2687 3858 ἰασάμενος
2715 3787 2841 3850 τοὺς
2879 3784 3119 3855 λεπροὺς
3145 3824 3160 3850 ,
3203 3785 3301 3837 καὶ
3331 3779 3446 3837 ῶτα
3482 3781 3686 3850 κωφῶν
3721 3781 3804 3833 δι-

2223 3886 2463 3952 ανοίξας,
2516 3885 2612 3937 καὶ
2639 3885 2872 3952 δεσμοὺς
2902 3881 3154 3950 γλώσσης
3182 3879 3465 3943 ὲπιλύσας,
3505 3878 3668 3940 αὐτὸς
3713 3877 3806 3929 καὶ

2225 3979 2316 4031 τὸν
2336 3977 2521 4030 δοῦλόν
2544 3995 2636 4031 σου
2664 3977 2856 4030 τοῦτον
2883 3977 3032 4028 ἴασαι
3060 3977 3127 4046 τῇ
3159 3974 3389 4044 δυνάμει
3415 3990 3506 4026 σου
3541 3976 3606 4043 τῇ
3638 3972 3806 4041 ἀορά-

2224 4087 2322 4142 τῳ·
2362 4071 2449 4123 ἵνα.
2487 4068 2781 4140 δοξάζηται
2816 4085 2909 4122 σου
2940 4070 3027 4121 ἀεὶ
3058 4069 3120 4121 τὸ
3145 4067 3414 4136 πσνάγιον
3429 4066 3597 4136 ὄνομα
3620 4065 3808 4126 καὶείς

2229 4162 2376 4232 ἡμᾶς
2398 4160 2526 4224 τοὺς
2557 4159 2776 4223 δούλους
2804 4176 2924 4213 σου.
2957 4160 3067 4212 Kal
3098 4157 3276 4212 ταῦτα
3304 4156 3494 4221 εἰπὼν,
3527 4157 3806 4224 κρατήσας

2227 4256 2318 4308 τὸν
2343 4253 2592 4322 ἀδελφὸν,
2626 4252 2820 4323 ἤγειρε
2843 4252 3006 4305 αὐτὸν
3036 4251 3134 4303 καλ¹
3165 4250 3316 4318 λέγει
3343 4249 3493 4318 αὐτῷ
3514 4265 3527 4278 ο
3573 4247 3696 4299 Ἐπὶ
3731 4246 3808 4314 τῷ

2228 4350 2454 4418 ὀνόματι
2481 4345 2576 4400 τοῦ
2601 4347 2810 4416 Κυρίου
2856 4343 3032 4413 Ἰησοῦ
3062 4343 3301 4415 Χριστοῦ
3326 4340 3420 4395 τοῦ
3451 4340 3808 4405 ἐπιτάξαντος

2228 4441 2307 4511 τῷ
2339 4437 2508 4509 κωφῷ
2551 4437 2646 4490 καὶ
2693 4436 2875 4506 ἀλάλῳ
2903 4436 3118 4506 δαίμονι
3152 4435 3392 4501 ἐξελθεῖν
3438 4435 3502 4486 ἐκ
3542 4431 3639 4484 τοῦ
3673 4430 3806 4484 ἰδίου

553 4526 839 4582 militatem
909 4530 1153 4598 respexit
1215 4546 1415 4584 meam.
1480 4532 1944 4604 lnterrogavitque
2001 4551 2114 4589 euu'

2235 4536 2551 4605 πλάσματος
2575 4573 2589 4598 ,
2625 4531 2776 4583 λάλει
2811 4528 2988 4597 ὀρθῶς
3033 4530 3128 4581 καὶ
3172 4527 3359 4586 ἄκουε,
3409 4525 3500 4577 καὶ
3540 4525 3677 4576 αίνει
3717 4523 3808 4574 τὸν

555 4620 747 4674 beatus
779 4619 1102 4690 Gregorius,
1165 4633 1299 4689 quot
1331 4625 1460 4677 anni
1491 4635 1695 4692 essent,
1725 4642 1790 4680 ex
1824 4643 1934 4696 quo
1971 4645 2127 4682 usum

555 4710 811 4778 loquendi
867 4711 1173 4775 amisisset;
1221 4713 1308 4768 cui
1362 4714 1666 4770 monachus
1715 4717 1932 4771 sanitati
1968 4718 2132 4772 resti-

554 4812 707 4856 tutus
743 4803 929 4858 dixit:
965 4803 1118 4859 llaud
1160 4807 1416 4870 memini,
1466 4808 1704 4872 domine,
1743 4825 1870 4862 num
1920 4809 2005 4863 vel
2051 4810 2132 4862 lo-

553 4897 758 4966 quendi
791 4912 954 4953 usum
989 4915 1229 4970 unquam
1265 4901 1547 4955 habuerim
1583 4902 1665 4954 vel
1700 4901 1978 4957 audiendi.
2032 4901 2132 4958 Ve-

559 5006 678 5045 rum
720 4989 1038 5062 praefectus,
1073 5003 1362 5063 postquam
1396 5006 1523 5048 ante
1559 5013 1685 5050 eum
1737 4996 1996 5065 procidit,
2042 5012 2134 5049 ac-

629 5109 762 5232 (ἲἹ).
783 5108 920 5165 Cod.
952 5108 1007 5178 2,
1042 5110 1307 5165 Θεοτόκου
1347 5113 1447 5183 τῆς
1486 5112 1654 5185 οΰσης
1690 5115 1807 5168 ἐκεῖ
1848 5113 1987 5186 μετὰ
2027 5114 2136 5166 τῶν

629 5198 650 5232 ε
687 5197 822 5232 ωων.

557 5179 822 5236 ἀδελφῶν.

632 5197 1010 5322 ῦὲῖωξτωοοε
1042 5255 1345 5323 monachos
1381 5253 1574 5318 fuisse,
1611 5255 1703 5322 qni
1751 5256 1968 5309 obviam
2009 5271 2136 5323 pro-

561 5337 803 5395 cessere,
838 5339 950 5378 non
984 5322 1535 5395 ObscurQ‘Tptca'YtO‘)
1571 5325 1864 5395 significat.
1889 5322 2031 5394 quod
2060 5326 2132 5378 illi

562 5407 761 5466 canere
783 5394 1170 5466 instituerunt.
1198 5392 1344 5466 Nihil
1371 5397 1572 5466 quippe
1597 5392 1934 5466 frequentius
1958 5395 2132 5448 Graeci

566 5464 622 5537 in
655 5464 828 5537 sacris
858 5473 1250 5537 usqurpant,gut
1289 5465 1342 5518 in
1371 5464 1578 5537 Typico
1611 5464 1768 5520 Salia:
1808 5475 1867 5537 et
1907 5467 2030 5518 aliis
2081 5467 2133 5518 in

569 5533 722 5587 libris
760 5533 1055 5590 ritualibtis
1093 5536 1280 5591 videre
1331 5533 1477 5591 licet.
1525 5537 1795 5592 Caeterum
1850 5536 2134 5598 Leontius,

565 5603 652 5656 vel
679 5607 901 5678 cum_de
929 5604 1138 5678 Latinis
1163 5607 1293 5676 agit,
1326 5606 1545 5662 Graecos
1576 5610 1781 5678 passim
1815 5608 2031 5676 attingit
2067 5610 2138 5658 ri-

571 5681 702 5728 tus:
738 5674 1046 5742 cujusmodi
1093 5685 1177 5731 est
1201 5674 1318 5732 'illa
1364 5674 1592 5733 diaconi
1635 5674 1979 5739 admonitio,
2018 5691 2137 5744 quze

573 5757 697 5818 mox
727 5746 1009 5818 sequitur,
1029 5747 1396 5818 Πρόσχωμενο
1431 5757 1486 5802 et
1533 5750 1624 5804 illa
1673 5750 1843 5802 altera
1888 5748 2132 5817 ejusdem

572 5811 688 5870 fere
726 5811 1392 5889 signiﬁcatioriis,'20<p£a,
1428 5835 1550 5890 quae
1597 5820 1652 5874 in
1701 5811 1959 5889 Liturgiis
1993 5833 2137 5888 saepe

2232 4627 2365 4681 Θεὸν
2392 4627 2482 4680 τὸν
2515 4623 2822 4694 ποιήσαντὰ
2850 4639 2928 4677 σε.
2967 4622 3024 4674 Ὀ
3049 4621 3105 4672 δὲ
3130 4619 3333 4681 εὐθέως
3356 4617 3558 4687 ἤρξατο
3587 4613 3809 4686 κράζειν

2235 4723 2328 4776 καὶ
2351 4721 2551 4788 λέγειν’
2588 4717 2820 4785 Μεγάλα
2847 4733 2941 4768 σου
2971 4714 3042 4767 τά
3069 4714 3228 4783 ἔργα,
3272 4711 3464 4780 Κύριε,
3495 4713 3564 4763 τὰ
3593 4710 3680 4763 διὰ
3713 4707 3809 4760 τοῦ

2233 4813 2525 4884 ἀνθρώπου
2554 4811 2745 4864 τούτου
2789 4810 2884 4862 τοῦ
2918 4807 3128 4862 δικαίου
3163 4805 3518 4867 τελεσθέντα,
3568 4803 3662 4856 καὶ
3689 4802 3813 4852 ἐπι-

2236 4901 2581 4970 σκεψάμενον
2609 4899 2708 4969 τὴν
2736 4897 3069 4952 ταπείνωσίν
3111 4914 3237 4967 μου.
3281 4897 3391 4948 Kal
3419 4895 3565 4961 λέγει
3606 4892 3752 4962 αὐτῷ
3786 4893 3815 4943 6

2238 4996 2508 5064 μακάριος
2553 4993 2894 5064 Γρηγόριος·
2953 4991 3102 5044 Ιιόσα
3145 4989 3286 5042 εἰσὶν
3333 4989 3427 5058 ἐτη
3471 4987 3564 5056 ἀφ’
3611 4983 3670 5039 οὗ
3714 4986 3816 5037 οὐκ

2247 5121 2566 5169 occurrunt.
2597 5112 2650 5164 ln
2677 5127 2759 5172 ea,
2785 5127 2907 5176 qum
2936 5107 3318 5177 Chrysostomi
3347 5121 3543 5159 nomen
3577 5103 3811 5177 pra-fert,

2248 5188 2391 5254 leges
2418 5202 2430 5237 :
2464 5184 2577 5237 Kal
2607 5183 2741 5251 μετὰ
2759 5175 2857 5251 τῆν
2887 5175 3281 5254 συμπλήρωσιν
3311 5177 3418 5254 τοῦ*
3437 5177 3757 5254 Τρισαγίουρ
3789 5175 3818 5224 ὸ

2243 5245 2491 5316 διάκονος
2542 5245 2710 5304 ἐλθὼν
2731 5245 3042 5320 ἔμπροσθεν
3073 5245 3174 5314 τῆς
3205 5249 3378 5318 θύρας
3405 5245 3598 5320 λέγει]
3620 5245 3816 5320 ΔΠρὸσω

2244 5343 2449 5395 χωμεν.
2498 5324 2608 5378 Καὶ
2658 5317 2967 5395 ὀηὶερεύςῌ·
3004 5320 3207 5395 Εἰρήνη
3235 5321 3421 5395 πᾶσιν.
3455 5318 3512 5370 '0
3551 5317 3815 5395 διάκονοςο

2245 5381 2436 5464 Ξῖοφία.
2475 5395 2527 5448 Id
2558 5406 2660 5452 est,
2687 5390 2752 5444 Et
2777 5381 3029 5458 completo
3061 5381 3304 5464 Tris/4950
3327 5391 3578 5464 diaconus
3612 5387 3816 5464 veniens

2245 5456 2366 5520 ante
2397 5465 2586 5519 ostium
2628 5463 2755 5516 dicit
2784 5479 2800 5515 :
2837 5456 3237 5537 rijti'titltiiitus:_
3370 5461 3666 5537 sacerdoshr
3703 5456 3819 5537 Pax.

2243 5539 2516 5598 omnibus;
2546 5539 2836 5587 diaconus:
2863 5531 3165 5598 Sapientia.
3202 5529 3256 5583 In
3289 5529 3558 5583 Philotltei
3603 5527 3819 5579 Diamxi

2241 5611 2310 5664 ad
2351 5606 2679 5660 Matutinum
2733 5604 2992 5664 invenies,
3053 5601 3241 5668 Σοφία,
3291 5601 3440 5667 ὀρθοὶ
3492 5598 3817 5664 ἀκούσωμεν

2239 5678 2336 5733 τοῦ
2371 5677 2527 5745 ἁγίου
2555 5673 2909 5745 Εὑαγγῄιίου.
2941 5673 3184 5745 Νρῖηρθε-
3209 5671 3511 5745 Sapientia,
3554 5670 3682 5745 re_cti
3702 5686 3816 5745 nu—

2242 5739 2453 5803 diamiis
2475 5739 2725 5816 sanctum
2747 5739 3114 5816 Evangeliuni.
3144 5741 3276 5796 Vide
3303 5741 3470 5797 Goar.
3502 5741 3553 5794 in
3579 5739 3815 5794 Eucbol.

2244 5838 2297 5891 ρ.
2338 5818 2456 5883 tas,
2501 5833 2556 5871 n.
2599 5813 2684 5866 π.
