4158 6594
534 377 641 441 635

1531 382 1594 442 S.
1634 383 2015 449 GREGORII
2067 389 2576 454 AGRIGENTINI
2601 389 2801 450 VITA.

3689 368 3795 432 636

538 489 711 566 [ωινι]
743 492 1024 562 ingressus
1053 502 1160 556 est,
1196 507 1433 565 eumque
1465 505 1642 553 mater
1683 501 1838 565 vidit,
1882 519 1948 559 ac
1979 521 2112 575 pro-

2228 510 2289 574 b;
2322 505 2488 580 ἦλθεν
2520 509 2548 560 6
2583 507 2851 576 μακάριος
2885 502 2942 553 ἐν
2990 501 3056 569 τῇ
3101 495 3277 561 πόλει,
3327 490 3514 545 ἰδοῦσα
3539 487 3718 580 ἀὑτὸν
3760 487 3794 556 ὴ

537 584 627 639 cul
660 583 1005 648 discernens,
1039 599 1106 638 ex
1140 585 1275 653 ipsis
1313 590 1559 656 parentis
1601 591 1725 660 ejus
1765 594 2113 652 lineamentis

536 675 755 742 agnovit
791 691 804 727 :
843 671 1006 738 Vere,
1060 675 1266 745 inquit,
1302 676 1454 735 ﬁlius
1493 695 1648 738 meus
1679 682 1769 738 hic
1799 694 1904 751 est,
1949 703 2113 756 quem

536 766 830 822 amiseram
861 783 875 820 :
915 783 1016 822 nec
1051 767 1251 823 falsum
1303 773 1465 828 nobis
1499 778 1889 844 praenuntiavit
1922 779 2114 836 beatus

537 859 628 913 ille
660 859 988 924 monachus,
1028 860 1279 914 futurum
1324 871 1541 933 tempus
1585 868 1637 920 in
1685 869 1787 923 hac
1828 871 1960 937 vita,
2005 888 2116 943 quo

536 951 708 1005 tilium
778 961 1033 1006 nostrum
1093 951 1459 1011 intueremur.
1516 957 1850 1028 Progressus
1905 968 2112 1022 interea

537 1041 836 1113 Gregorius
867 1059 990 1097 cum
1006 1047 1510 1116 circumspexisset,
1538 1062 1766 1107 matrem
1801 1055 1932 1111 vidit
1959 1073 2114 1112 suam

539 1134 684 1189 inter
737 1135 1081 1207 presbytidas
1131 1151 1197 1193 ac
1250 1141 1595 1198 diaconissas
1653 1155 1922 1202 astantem
1974 1166 1988 1203 :
2053 1166 2118 1206 ac

537 1226 682 1281 dulci
715 1227 916 1296 gaudio
965 1229 1244 1299 perfusus,
1292 1236 1468 1290 oculis
1512 1237 1578 1291 ad
1624 1239 1819 1292 coelum
1857 1242 2108 1308 sublatis,

540 1318 784 1386 Gratias,
836 1320 1042 1388 inquit,
1079 1323 1176 1377 tibi
1208 1339 1330 1394 ago,
1365 1325 1600 1384 Domine
1635 1331 1706 1384 ini
1734 1329 1863 1387 Jesn
1901 1333 2119 1390 Christe

540 1410 686 1465 Deus
712 1419 922 1477 noster,
965 1413 1058 1483 qui
1097 1414 1320 1484 dignum
1370 1434 1456 1472 me
1504 1425 1818 1488 putaveris,
1869 1432 1927 1478 ut
1967 1427 2121 1494 geni-

540 1503 729 1557 tricem
777 1519 956 1559 meam
998 1505 1261 1561 viderem.
1311 1511 1614 1567 Accessere
1655 1529 1785 1568 vero
1818 1531 2032 1581 omnes,
2066 1529 2120 1574 et

541 1609 726 1648 coram
760 1610 825 1649 eo
857 1597 1205 1662 procidentes
1241 1599 1414 1668 ipsius
1450 1604 1612 1670 pedes
1635 1607 1900 1660 osculata:
1941 1619 2073 1663 sunt
2102 1628 2116 1664 :

541 1686 740 1754 quibus
771 1687 963 1742 beatus
997 1689 1100 1753 vir,
1137 1706 1333 1746 manus
1372 1693 1609 1762 singulis
1636 1696 1948 1764 imponens,
1984 1700 2121 1756 bene

542 1791 795 1850 precatus
829 1790 936 1846 est,
992 1781 1257 1848 Gaudete,
1290 1785 1572 1854 inquiens,
1605 1787 1844 1843 domina:
1888 1800 2118 1858 matres,

2219 576 2400 674 μήτηρ
2440 595 2629 662 αὐτοῦ,
2670 599 2765 651 καὶ
2804 589 3222 661 διασκεψαμένη
3255 586 3421 640 αὐτὸν
3455 576 3562 674 απδ
3594 581 3798 674 μακράΤ

2215 668 2462 756 θενξκαὶ
2507 684 2806 754 ἐπιγνοῦσα
2856 683 2948 735 τὸν
2991 678 3265 750 μακάριον
3313 672 3616 745 Γρηγόριον
3656 668 3798 723 κατὰ

2215 782 2306 836 τὸν
2334 781 2666 852 χαρακτῆρα
2701 778 2797 830 τοῦ
2833 773 3040 844 πατρὸς
3086 768 3278 834 αὐτοῦ,
3328 763 3518 820 εἶπενο
3558 761 3797 833 Ἀληθῶς

2214 875 2406 928 τέκνον
2437 872 2538 944 μού
2575 873 2723 923 ἐστιν
2758 861 2934 930 οὗτος,
2969 865 3028 919 ὃν
3069 860 3349 924 ἀπώλεσα,
3380 858 3476 912 καὶ
3511 854 3744 922 ἀψευδὲς
3769 853 3795 905 6

2216 965 2582 1036 ἐπηγγείλατο
2611 964 2742 1033 ἡμῖν
2787 959 2816 1010 6
2859 957 3130 1028 μακάριος
3172 952 3407 1024 μοναχὸς
3443 951 3677 1036 ἐκεῖνος,
3709 947 3794 998 ὅτι

2216 1035 2401 1126 Ἐνίτῇ
2428 1055 2541 1125 ζωῇ
2577 1053 2750 1124 ταύτῃ
2768 1049 2968 1119 ὄψεσθε
2993 1049 3058 1101 τὸ
3075 1047 3266 1100 τέκνον
3294 1043 3468 1113 ὑμῶν.
3496 1035 3630 1094 Εἶτα
3647 1037 3798 1105 ἐγγί-

2220 1167 2318 1212 σας
2351 1149 2532 1201 αὐτῶν
2568 1150 2596 1200 6
2635 1144 2961 1217 Γρηγόριος,
3001 1141 3098 1193 καὶ
3137 1134 3615 1212 περιϐλεψάμενος
3651 1128 3798 1199 ἐώρα

2217 1242 2316 1310 τὴν
2342 1240 2553 1311 μητέρα
2584 1237 2748 1292 αὐτοῦ
2771 1237 2910 1307 μετὰ
2945 1233 3056 1286 τῶν
3088 1229 3468 1300 πρεσϐυτίδων
3497 1225 3592 1278 καὶ
3615 1223 3798 1276 διακο-

2219 1332 2420 1385 νισσῶν
2447 1330 2832 1401 παρεστῶσαν,
2873 1326 2967 1380 καὶ
2996 1322 3368 1394 ἠγαλλιάσατο
3396 1321 3429 1390 ἠ
3456 1316 3674 1387 καρδία,
3703 1314 3798 1367 καὶ

2219 1425 2298 1483 είς
2329 1423 2421 1476 τὸν
2463 1422 2691 1492 οὐρανὸν
2735 1420 2860 1482 τοὺς
2913 1417 3227 1486 ὀφθαλμοὺς
3273 1411 3559 1473 ἀνατείνας
3610 1408 3792 1476 λέγει·

2234 1512 2568 1583 Ἐυχαριστῶ
2607 1528 2711 1573 σοι,
2759 1509 2931 1580 Κύριέ
2989 1524 3086 1578 μου
3129 1505 3304 1575 Ἰησοῦ
3341 1501 3546 1574 Χριστέ
3588 1501 3616 1552 6
3663 1497 3796 1558 Θεὸς

2218 1605 2397 1675 ἡμῶν,
2427 1605 2455 1654 6
2480 1602 2825 1669 καταξιώσας
2859 1617 2927 1670 με
2956 1598 3262 1668 ἑωρακέναι
3285 1595 3382 1666 τὴν
3412 1588 3680 1645 τεκοῦσαν
3707 1604 3793 1659 με.

2223 1697 2332 1750 Kal
2378 1696 2668 1764 ἐγγίσασαι
2737 1693 2934 1746 ἔπεσον
2978 1692 3073 1745 ἐπὶ
3125 1689 3418 1760 πρόσωπον
3465 1683 3652 1746 αὐτοῦ,
3702 1681 3797 1735 καὶ

2221 1789 2644 1860 προσεκύνησαν
2672 1787 2838 1840 αὑτοῦ
2870 1787 2998 1849 τοὺς
3039 1785 3206 1847 πόδας
3228 1803 3243 1816 ·
3283 1783 3380 1836 καὶ
3420 1775 3735 1852 προσελθὼν
3771 1777 3799 1828 6

540 1887 665 1941 quae.
719 1872 940 1927 virtutis
988 1888 1212 1926 cursum
1265 1877 1481 1946 egregie
1534 1877 1903 1947 implevistis:
1946 1883 2120 1952 gratia

2230 1883 2507 1951 μακάριος
2556 1879 2774 1942 ἐπιθεὶς
2835 1880 2936 1949 μιᾷ
2991 1878 3198 1948 ἑκάστῃ
3241 1874 3423 1928 αὐτῶν
3479 1875 3578 1935 τὰς
3608 1873 3799 1940 χεῖρας

540 1961 699 2016 vobis
730 1972 784 2016 et
811 1978 915 2032 pax
949 1978 978 2016 a
1022 1963 1132 2017 Deo
1163 1962 1322 2018 Patre
1347 1978 1400 2019 et
1430 1965 1558 2021 Jesu
1600 1968 1824 2024 Christo
1861 1972 2124 2043 multipli-

541 2065 718 2110 cetur.
745 2056 992 2125 Cumque
1017 2055 1180 2110 Amen
1210 2057 1294 2112 hae
1334 2063 1768 2128 respondissent,
1794 2065 1860 2117 ad
1891 2075 2122 2120 matrem

543 2162 697 2201 suam
718 2162 1043 2213 conversus,
1074 2148 1256 2211 Salve,
1303 2151 1500 2221 inquit,
1547 2155 1772 2210 domina
1814 2155 2119 2222 Theodote,

553 2249 729 2294 mater
761 2255 902 2303 mea,
937 2241 1172 2311 vitzeque
1203 2243 1368 2312 hujus
1397 2257 1590 2299 auctor
1621 2248 1962 2302 certissima:
1987 2265 2124 2318 quo-

547 2331 709 2386 modo
742 2331 930 2388 vales?
976 2334 1071 2388 llla
1105 2351 1257 2399 vero,
1310 2336 1494 2402 Recte,
1529 2342 1830 2407 respondit,
1868 2343 1960 2395 Dei
2001 2358 2125 2395 mu-

546 2439 696 2488 nere,
752 2424 827 2479 fili
859 2427 930 2481 mi
965 2427 1281 2483 dulcissime
1310 2448 1324 2484 :
1368 2430 1544 2498 gratia
1575 2430 1704 2496 Deo,
1734 2434 1826 2501 qui
1855 2444 1908 2487 te
1937 2435 2123 2501 elegit,

547 2525 601 2569 et
652 2516 781 2572 huic
830 2519 1029 2589 populo
1069 2529 1345 2587 pastorem
1389 2522 1716 2591 designavit.
1753 2523 1891 2578 Tum
1934 2526 2126 2581 beatus

547 2606 850 2678 Gregorius
877 2609 1146 2671 accedens
1177 2612 1410 2679 procidit
1437 2612 1503 2666 ad
1535 2614 1700 2682 pedes
1738 2615 1880 2685 ejus,
1924 2633 2128 2685 eosque

551 2701 862 2763 osculatus,
903 2703 1023 2756 ait;
1076 2702 1274 2758 Preces
1322 2706 1519 2760 adhibe
1572 2707 1682 2761 Deo
1720 2725 1818 2778 pro
1858 2726 1963 2773 me,
2008 2727 2125 2765 mea

553 2799 748 2856 mater,
817 2792 1040 2849 homine
1097 2796 1353 2858 scelesto,
1390 2798 1485 2866 qui
1539 2800 1711 2854 multa
1763 2802 2025 2856 adversus
2077 2810 2128 2856 te

553 2884 799 2952 peccavi,
834 2895 999 2953 atque
1031 2889 1256 2956 ignosce
1292 2889 1456 2958 mihi;
1492 2905 1836 2962 sui-gensque
1875 2894 2128 2947 manibus

552 2989 772 3043 quoque
810 2976 931 3043 ejus
971 2980 1221 3032 osculum
1267 2982 1436 3035 dedit.
1471 2981 1572 3036 Cni
1611 2994 1827 3038 mater:
1871 2983 1952 3038 Tu
1993 2986 2125 3048 imo,

554 3065 751 3135 inquit,
782 3069 878 3132 lili,
927 3084 1025 3137 pro
1062 3086 1147 3125 tne
1179 3070 1348 3126 Deum
1393 3091 1580 3140 exora,
1619 3086 1678 3130 ut
1710 3077 1802 3146 qui
1843 3086 1894 3130 te
1933 3077 2126 3147 genui-

563 3176 702 3224 inus,
739 3161 1107 3218 admissornm
1141 3177 1461 3222 nostrorum
1507 3170 1723 3224 veniam
1759 3171 1910 3225 illius
1949 3170 2127 3224 indul-

554 3251 732 3318 gentia
767 3252 1141 3321 impetremus.

2226 1973 2521 2042 εὐλόγησεν
2547 1973 2736 2033 αὑταῖς
2768 1970 2942 2038 λέγων
2962 1986 2976 2000 ·
3007 1968 3264 2038 Χαίρετε,
3291 1966 3481 2036 κυρίαι
3509 1980 3607 2034 μου
3629 1961 3803 2015 666:1-

2224 2066 2332 2130 δες,
2371 2065 2426 2118 αἱ
2455 2063 2636 2126 καλῶς
2667 2063 2758 2115 τὸν
2793 2063 2995 2132 δρόμον
3035 2060 3191 2132 ὑμῶν
3219 2060 3318 2122 τῆς
3349 2057 3553 2128 ἀρετῆς
3577 2054 3801 2107 τελέσα-

2228 2173 2348 2210 σαι·
2383 2155 2546 2226 χάρις
2581 2155 2712 2225 ὑμῖν
2751 2156 2846 2206 καὶ
2877 2153 3070 2222 εἰρήνη
3118 2149 3452 2219 πληθυνθείη
3501 2148 3614 2200 ἀπὸ
3663 2143 3801 2197 (θεοῦ

2227 2248 2440 2319 Πατρδς
2485 2247 2581 2300 καὶ
2630 2245 2804 2317 Ἰησοῦ
2855 2243 3114 2317 Χριστοῦ.
3167 2244 3276 2295 Ka‘t
3319 2246 3381 2294 τὸ
3425 2239 3602 2309 Ἀμὴν
3624 2237 3803 2290 αὐτῶν

2227 2339 2659 2410 ἀποκριθέντων,
2704 2340 2966 2408 στραφεὶς
3013 2335 3151 2405 πρὸς
3201 2335 3301 2403 τὴν
3367 2334 3582 2402 μητέρα
3639 2329 3802 2382 αὑτοῦ

2225 2435 2373 2503 λέγει
2398 2435 2536 2504 αὐτῇ
2558 2449 2572 2462 ο
2608 2431 2858 2503 Χαίροις,
2894 2429 3062 2499 κυρία
3104 2427 3334 2496 θεοδότη
3365 2427 3459 2479 καί
3492 2424 3667 2495 μῆτερ
3697 2423 3804 2493 ἐμὴ

2226 2527 2443 2597 ἀληθῶς
2477 2526 2617 2580 κατὰ
2648 2527 2826 2595 σάρκα
2848 2540 2862 2554 ⁸
2897 2522 3015 2584 πῶς
3035 2521 3212 2590 ἕχεις;
3257 2520 3322 2572 Ἥ
3347 2520 3404 2572 δὲ
3443 2517 3805 2588 ἀποκριθεῖσα

2227 2619 2374 2686 λέγει
2407 2616 2588 2688 αὐτῷ·
2622 2615 2820 2678 Καλῶς
2845 2614 2933 2667 διὰ
2954 2613 3050 2666 τοῦ
3085 2612 3243 2673 Θεοῦ.
3274 2613 3481 2669 τέκνον,
3507 2609 3640 2680 ἐμὸν
3671 2609 3805 2676 γλυ-

2228 2711 2495 2764 κύτατονο
2549 2708 2842 2778 εὐλογητὸς
2898 2710 2926 2760 6
2976 2706 3111 2769 Θεὸς
3139 2708 3166 2758 ὁ
3205 2703 3564 2773 ἐκλεξάμενος
3613 2718 3671 2754 σε
3711 2699 3807 2752 καὶ

2229 2801 2514 2866 ἀναδείξας
2544 2818 2605 2853 σε
2637 2800 2874 2871 ποιμένα
2902 2799 2996 2852 τοῦ
3036 2797 3168 2850 λαοῦ
3203 2796 3393 2849 αὑτοῦ.
3433 2795 3542 2847 Kal
3574 2792 3808 2865 προσελ-

2231 2893 2338 2946 θὼν
2369 2896 2396 2946 ὁ
2429 2893 2699 2964 μακάριος
2728 2893 2766 2944 Γ
2774 2892 3031 2962 ρηγὸριος
3061 2890 3257 2942 ἔπεσεν
3312 2889 3405 2941 ἐπὶ
3456 2888 3584 2950 τοὺς
3641 2886 3808 2946 πόδας

2230 2986 2423 3054 αὐτῆς,
2473 2985 2568 3038 καὶ
2615 2985 2901 3052 κατεφίλει
2941 2983 3140 3042 αὐτοὺς
3201 2981 3409 3049 λέγων·
3460 2976 3629 3043 Εῦξαι
3668 2976 3810 3048 ὑπὲρ

2231 3077 2387 3146 ἐμοῦ,
2425 3077 2601 3147 μῆτερ
2629 3075 2756 3146 ἐμὴ,
2793 3075 2886 3129 τοῦ
2930 3073 3256 3146 ἀμαρτωλοῦ
3290 3073 3385 3126 τοῦ
3416 3072 3586 3125 πολλὰ
3626 3073 3810 3141 ἠμαρο

2233 3168 2459 3238 τηκότος
2502 3169 2581 3230 εἰς
2612 3167 2691 3229 σὲ,
2728 3169 2820 3220 καὶ
2855 3167 3211 3237 συγχώρησόν
3246 3183 3358 3234 μοι.
3415 3165 3526 3217 Kal
3573 3162 3809 3223 ἀναστὰς

2237 3258 2599 3327 κατεφίλησεν
2632 3259 2802 3328 αὐτῆς
2838 3257 2936 3319 τὰς
2983 3258 3191 3327 χεῖρας.
3226 3255 3335 3307 Kal
3390 3249 3544 3306 εἶπεν
3599 3249 3748 3320 αὐτῷ
3776 3251 3810 3320 ἡ

559 3343 743 3415 μήτηρ
777 3345 942 3399 αὑτοῦ
964 3363 977 3376 ·
1011 3347 1181 3410 Αὐτὸς
1223 3348 1423 3417 μᾶλλον
1459 3345 1612 3415 εὖξαι
1643 3351 1783 3423 ὑπὲρ
1811 3351 1972 3422 ἐμοῦ,
1999 3351 2211 3415 τέκνον,
2243 3350 2390 3412 ὅπως
2457 3348 2781 3428 αξιωθῶμεν
2836 3349 2931 3402 καὶ
2987 3351 3037 3401 oi
3093 3347 3454 3419 γεννήσαντές
3477 3363 3536 3399 σε
3559 3346 3659 3416 τῆς
3682 3360 3813 3413 συγ-

556 3435 845 3506 χωρήσιως
866 3435 974 3488 τῶν
996 3437 1182 3491 κακῶν
1212 3439 1387 3509 ἡμῶν.

628 3525 692 3580 L.
749 3527 987 3596 Populus
1018 3531 1215 3584 exinde
1248 3532 1433 3586 omnis
1469 3533 1710 3597 psalmos
1739 3532 2042 3587 concinens
2071 3532 2126 3585 in

558 3619 819 3688 templum
857 3621 1124 3675 ascendit.
1154 3621 1234 3676 lbi
1267 3621 1397 3676 dum
1429 3623 1515 3676 vir
1545 3633 1764 3678 sanctus
1793 3623 1977 3677 divina
2016 3640 2131 3694 my-

557 3713 724 3767 steria
769 3713 1326 3784 peragit,‘episcopus
1357 3714 1530 3780 Felix,
1567 3716 1660 3785 qui
1711 3731 1834 3770 cum
1864 3731 1931 3770 eo
1958 3715 2130 3770 Roma

557 3815 800 3870 venerat,
850 3814 910 3859 ut
949 3806 1001 3859 in
1044 3807 1244 3861 throno
1292 3807 1611 3873 collocaret,
1656 3806 1966 3861 columbam
1991 3805 2135 3860 videt

557 3894 976 3950 descendentem
1005 3906 1060 3950 et
1083 3897 1198 3951 alas
1223 3912 1388 3967 supra
1420 3898 1638 3953 beatum
1671 3899 1846 3951 virum
1877 3896 2126 3966 panden-

557 3995 665 4038 tem
701 4003 715 4039 :
753 3992 874 4038 erat
917 3985 1180 4040 nimirum
1220 3988 1515 4056 episcopus
1555 3988 1644 4042 ille
1682 3987 1994 4041 divinorum
2034 3985 2132 4039 dn-

555 4093 755 4132 norum
803 4079 1098 4148 particeps.
1149 4078 1324 4133 Porro
1368 4094 1600 4146 omnes,
1644 4095 1674 4134 e
1719 4078 1963 4147 Gregorii
2011 4092 2130 4130 ma-

558 4169 722 4223 nibus
771 4179 1129 4224 sacrosancto
1187 4184 1415 4237 corpore
1461 4179 1518 4224 et
1565 4169 1835 4238 sanguine
1883 4178 2129 4238 accepto,

561 4259 670 4312 Deo
715 4258 932 4313 laudem
979 4260 1280 4314 reddebant
1311 4277 1324 4312 :
1358 4274 1534 4329 eoque
1563 4261 1652 4315 die
1681 4259 1749 4313 ab
1777 4258 1965 4313 eodem
1995 4273 2133 4312 con-

559 4351 705 4404 vivio
731 4353 940 4420 accepti
967 4360 1117 4406 sunt.
1151 4351 1283 4405 Post
1305 4350 1475 4419 quod,
1511 4351 1688 4405 salute
1707 4352 2129 4422 sanctoGi-ego-

563 4443 644 4494 rio
688 4441 856 4504 dicta,
911 4444 1132 4498 domum
1182 4459 1338 4497 suam
1389 4443 1623 4512 quisque
1672 4443 1878 4508 abiere,
1929 4443 2000 4498 ob
2049 4460 2134 4498 re-

561 4543 782 4601 ceptum
828 4535 1144 4600 episcopum
1197 4533 1304 4588 laeti
1357 4533 1578 4602 Deoqne
1629 4535 1790 4604 grati.
1861 4534 2134 4589 Postridie

563 4639 714 4688 vero,
753 4640 866 4693 quo
903 4623 992 4676 die
1025 4626 1353 4680 veneranda:
1399 4642 1463 4680 ac
1491 4626 1755 4681 salutaris
1797 4627 1992 4682 Crueis
2021 4627 2131 4699 (5|)

561 4769 740 4812 tamen
771 4757 1002 4811 feminas
1025 4757 1403 4827 designabant,
1435 4775 1574 4828 quas
1601 4759 1904 4828 presbyteri
1935 4775 2134 4814 uxores

563 4829 927 4884 habuissent:
964 4844 1084 4896 quae
1117 4830 1168 4880 in
1203 4831 1396 4883 libellis
1427 4830 1874 4897 pwnitentialilius
1907 4831 2133 4886 Joannis

562 4899 894 4966 Jejunatoris
928 4909 980 4951 et
1011 4897 1237 4953 Joannis
1281 4900 1530 4953 Monaehi
1571 4899 1789 4952 diaconi
1835 4899 2135 4968 πρεσὸυτὲ-

568 4986 754 5041 ρισσαι
825 4969 1170 5041 appellantur
1219 4990 1230 5023 :
1288 4981 1348 5023 ut
1396 4971 1582 5023 videre
1632 4970 1757 5041 licet
1808 4971 1872 5022 ad
1927 4971 2132 5024 calcent

563 5038 746 5108 operis
777 5039 1021 5109 praeclari
1059 5038 1135 5094 De
1164 5041 1494 5109 poenitentia,
1526 5041 1672 5109 quod
1707 5039 1953 5095 Morinus
1989 5041 2130 5095 idem

564 5109 751 5163 edidit.

637 5178 895 5244 Quantam
938 5178 1101 5251 igitur
1131 5189 1289 5251 erant
1322 5179 1438 5232 ista:
1472 5180 1812 5251 presbytides
1845 5180 1960 5234 sive
1990 5196 2135 5248 pres-

566 5250 788 5319 bytei-w,
815 5264 953 5317 quas
980 5249 1239 5304 Leontius
1264 5261 1451 5305 noster
1473 5249 1910 5304 commemorat?
1945 5252 2133 5319 utique

566 5321 634 5375 de
682 5334 881 5388 genere
927 5321 1390 5382 diaconissarum,
1447 5338 1569 5390 qua:
1620 5331 1800 5374 tamen
1852 5321 1991 5374 inter
2040 5338 2134 5376 eas

567 5391 888 5463 przel'ectura
921 5391 1106 5463 aliqua
1139 5392 1514 5463 fungerentur,
1560 5402 1619 5445 ut
1647 5391 1810 5463 veluti
1851 5391 1984 5444 ordo
2026 5391 2136 5460 pri-

570 5474 705 5530 inus,
739 5459 861 5522 ejus
898 5461 1110 5530 collegii
1156 5469 1360 5514 essmt.
1397 5462 1529 5515 Nam
1567 5471 1682 5515 erat
1715 5459 1835 5530 qua:
1872 5459 2133 5530 tanquam

571 5529 832 5597 magistra
860 5529 1210 5585 admisSionis
1244 5530 1475 5586 feminas
1511 5533 1577 5586 ad
1611 5529 1930 5599 episcopum
1963 5529 2134 5585 dedu-

569 5609 737 5658 ceret.
793 5614 915 5667 quae
967 5602 1017 5653 in
1075 5603 1396 5655 feminarum
1458 5603 1728 5669 baptismo
1775 5603 2134 5666 ministraret,

569 5683 694 5738 qua:
725 5671 933 5740 puellas
967 5670 1308 5735 institueret,
1341 5689 1464 5740 qua:
1497 5674 1779 5726 viduarum
1826 5688 2013 5724 curam
2044 5688 2135 5740 ge-

572 5713 821 5812 rieretiet
839 5739 1179 5812 huiusmodi.
1207 5740 1279 5795 De
1294 5713 1391 5797 ’lii's
1415 5758 1544 5797 sane
1573 5744 1813 5812 loquitur
1835 5758 2010 5795 canon
2044 5713 2130 5805 il,

576 5809 792 5867 concilii
839 5809 1155 5877 Laodiccni,
1213 5813 1346 5883 Περὶ
1376 5814 1468 5865 τοῦ
1506 5815 1578 5881 μὴ
1615 5809 1729 5866 δεῖν
1763 5811 1861 5875 τὰς
1907 5812 2141 5882 λεγομέ-

2297 3527 2380 3580 Ν’.
2409 3524 2522 3578 Καὶ
2563 3523 2702 3594 μετὰ
2731 3523 2906 3577 ταῦτα
2947 3523 3179 3594 ἀνῆλθον
3219 3526 3275 3577 ἐν
3305 3527 3371 3595 τῇ
3405 3523 3670 3595 ἐκκλησία
3702 3523 3809 3586 πᾶς

2230 3621 2257 3672 6
2290 3617 2420 3680 λαὸς
2447 3614 2767 3686 ψάλλοντες.
2807 3615 2918 3669 Καὶ
2965 3616 3286 3680 ἐπιτελέσας
3328 3617 3427 3686 τὴν
3461 3616 3612 3669 θείαν
3641 3633 3812 3685 μυστ-

2232 3709 2500 3778 αγωγίαν,
2523 3709 2624 3779 ὁρᾷ
2648 3709 2676 3760 6
2707 3707 3004 3772 ἐπίσκοπος
3022 3708 3187 3778 Φῆλιξ
3203 3711 3230 3760 6
3252 3707 3423 3760 ἐλθὼν
3451 3710 3549 3761 σὺν
3568 3707 3719 3776 αὑτῷ
3749 3710 3814 3760 ἐκ

2229 3801 2331 3869 τῆς
2362 3795 2578 3866 Ῥώμης
2598 3797 2765 3866 ἐπὶτῇ
2787 3797 3233 3851 ἀποκαταστάσει
3259 3796 3447 3860 αὐτοῦ,
3481 3799 3812 3868 περιστερὰν

2234 3877 2615 3944 κατελθοῦσαν
2636 3889 2734 3940 καὶ
2760 3887 3163 3941 ἐπισκιάσασαν
3185 3888 3275 3941 τὸν
3307 3889 3577 3959 μακάριον
3596 3884 3688 3960 ’ἦν
3701 3889 3812 3957 γὰρ

2233 3986 2261 4036 6
2297 3983 2592 4046 ἐπίσκοπος
2639 3984 2847 4046 ἐκεῖνος
2881 3981 3184 4052 ἠξιωμένος
3212 3983 3454 4053 χάριτος.
3488 3985 3596 4036 Kal
3642 4000 3810 4051 μετα-

2233 4072 2490 4134 λαϐόντες
2520 4071 2722 4133 πάντες
2759 4073 2823 4122 ἐκ
2855 4071 2966 4123 τῶν
3005 4073 3206 4141 χειρῶν
3253 4073 3420 4125 αὐτοῦ
3450 4074 3510 4126 τὸ
3533 4075 3684 4141 ἅγιον
3716 4076 3811 4126 καὶ

2234 4166 2502 4234 ἄχραντον
2535 4165 2698 4234 σῶμα
2743 4166 2838 4216 καὶ
2886 4158 3048 4233 αἷμα,
3095 4166 3347 4230 ἐδόξαζον
3393 4167 3485 4220 τὸν
3517 4167 3683 4220 Θεόν·
3713 4168 3810 4219 καί⁸

2234 4256 2439 4322 ἔφαγεν
2488 4258 2597 4317 πᾶς
2646 4258 2673 4309 6
2728 4256 2854 4317 λαὸς
2885 4257 2944 4307 ὲν
2979 4260 3045 4326 τῇ
3076 4255 3324 4328 τραπέζῃ
3350 4259 3444 4311 τοῦ
3485 4260 3809 4313 ἐπισκόπου.

2235 4347 2347 4398 Kal
2388 4345 2780 4414 συνταξάμενοι
2806 4347 3004 4409 πάντες
3026 4347 3103 4416 τῷ
3132 4349 3272 4418 ἁγίῳ
3305 4349 3608 4420 Γρηγορίῳ,
3635 4350 3813 4419 ἀπῆλ-

2237 4437 2329 4490 θον
2354 4439 2587 4500 ἕκαστος
2614 4440 2695 4500 είς
2722 4438 2812 4490 τὸν
2836 4434 2988 4491 οἷκον
3017 4439 3209 4503 αὐτοῦ,
3242 4443 3530 4511 χαίροντες
3550 4443 3644 4495 καὶ
3659 4443 3814 4508 δοξά-

2236 4529 2421 4591 ζοντες
2457 4528 2549 4581 τὸν
2591 4529 2724 4581 Θεὸν
2761 4529 2889 4599 περὶ
2911 4529 3099 4582 αὑτοῦ.
3146 4531 3268 4583 Ἐπὶ
3300 4533 3401 4600 τὴν
3430 4532 3621 4603 αῦριον
3654 4535 3710 4586 δέ
3738 4529 3807 4604 ἦν

2237 4623 2270 4690 ἡ
2297 4621 2544 4690 ’Υψωσις
2566 4622 2659 4674 τοῦ
2687 4621 2872 4688 τιμίου
2899 4621 2991 4674 καὶ
3007 4622 3272 4684 ζωοποιοῦ
3290 4625 3545 4695 σταυροῦ,
3563 4626 3656 4678 καὶ
3677 4627 3810 4680 πολ-

2240 4773 2335 4830 νας
2355 4753 2744 4830 Messanae},
2779 4755 2897 4830 ἦτοι
2933 4756 3360 4826 προκαθημένας
3392 4762 3448 4810 ὲν
3494 4759 3808 4830 Ἐκκλησία.

2167 4811 2210 4865 Ῐ)
2239 4811 2622 4897 καθίστασθαι.
2657 4811 2824 4897 Δ(ξίιοέι
2862 4811 3239 4897 non'oporle'at
3279 4811 3388 4892 ea},
3419 4845 3536 4897 qua:
3562 4811 3814 4883 dicu'nuir

2237 4895 2552 4963 presbytera:
2589 4893 2666 4947 vel
2713 4893 3082 4962 prwsidcntes,
3138 4899 3194 4950 in
3247 4893 3498 4953 Ecclesiis
3545 4901 3807 4953 ordinari.

2241 4967 2454 5018 idcirco
2504 4980 2631 5018 cum
2672 4980 2863 5018 earum
2894 4968 3098 5019 mentio
3125 4970 3204 5030 lit,
3235 4970 3305 5021 ita
3331 4985 3452 5022 cum
3484 4971 3811 5024 diaconissis

2239 5034 2615 5106 norninantur,
2676 5044 2736 5088 ut
2793 5048 2973 5106 tamen
3027 5038 3203 5106 primo
3253 5039 3374 5091 loco
3430 5051 3808 5094 numerentur.

2239 5105 2327 5178 (ι’.
2361 5105 2532 5158 Cone.
2571 5105 2728 5160 llom.
2777 5107 2880 5178 sub
2927 5103 3086 5176 Gre'g.
3122 5107 3163 5158 ll
3210 5119 3262 5162 et
3310 5109 3410 5162 snb
3444 5108 3699 5178 Zacliar.)
3745 5110 3812 5164 Ut

2235 5176 2382 5229 enim
2420 5178 2750 5246 presbyteris
2795 5177 3038 5240 diaconi,
3091 5177 3173 5232 sic
3209 5179 3314 5233 illis
3355 5176 3810 5234 diaconissm'mi-

2235 5248 2562 5300 nistrabant.

2312 5315 2659 5389 (5|)Hanlus
2711 5317 2801 5370 hic
2851 5314 3064 5370 Leontii
3116 5317 3515 5389 ἁναχρονισμός
3564 5335 3578 5348 °
3632 5335 3810 5389 neque

2238 5388 2383 5440 enim
2431 5387 2626 5442 Crucis
2671 5389 2936 5460 ex‘altataf.
2970 5389 3234 5460 solemnia
3265 5387 3389 5442 tum
3419 5387 3526 5460 ‘agi
3571 5387 3809 5457 priminn

2239 5469 2438 5525 empta,
2479 5474 2544 5511 ex
2579 5473 2690 5527 quo
2727 5457 3013 5529 lleraclius
3037 5459 3177 5526 Aug.
3222 5461 3436 5529 signum
3473 5457 3605 5515 illud
3642 5475 3809 5514 vene-

2238 5530 2497 5590 randum,
2545 5544 2667 5597 rege
2708 5529 2911 5582 Cosroc
2952 5528 3193 5599 devicto,
3246 5533 3450 5599 recepit
3498 5547 3561 5585 ac
3618 5529 3810 5584 Hiero-

2241 5601 2480 5670 Solymas
2511 5602 2803 5670 reportavit
2831 5615 2844 5661 ;
2879 5597 3022 5666 quod
3054 5609 3177 5667 post
3207 5600 3317 5653 haec
3348 5597 3536 5670 utique
3566 5611 3810 5668 tempora

2241 5669 2467 5738 contigit
2515 5684 2660 5720 anno
2699 5669 2824 5730 6‘28,
2862 5684 3048 5720 verum
3091 5686 3152 5721 ca
3204 5672 3271 5723 ab
3318 5669 3808 5738 ipsa’Cnnslantini

2244 5737 2381 5805 Aug.
2446 5748 2603 5790 actate
2660 5739 2990 5808 agebantur,
3045 5740 3236 5792 saltem
3295 5737 3348 5794 in
3407 5741 3662 5806 Oriente,
3713 5757 3810 5793 nec

2245 5811 2417 5861 multo
2459 5809 2636 5861 serius
2685 5819 2863 5861 tamen
2909 5811 3024 5876 ipso
3055 5813 3218 5864 etiam
3255 5811 3304 5864 in
3342 5809 3651 5868 Occidente.
3689 5811 3811 5865 Ca:-
