4158 6530
392 416 496 478 63’!

1393 417 1456 478 S.
1488 417 1864 485 GREGORII
1899 416 2403 479 AGRIGENTINI
2450 421 2642 482 VITA.

3531 421 3640 487 638

390 529 472 582 λοι
526 527 745 599 ἔχοντες
789 526 1036 592 ἀσθενεῖς
1092 531 1188 582 καὶ
1242 529 1732 603 δαιμονιζομένους
1767 530 1967 600 ἔφερον

2074 542 2317 589 exuitataa
2347 535 2543 608 [van]
2586 537 2851 591 memoria
2883 536 3286 602 celebrabatur,
3328 538 3508 596 multi.
3541 539 3638 607 qui

390 620 587 683 αὐτοὺς
615 621 675 675 ἐν
701 623 767 692 τῇ
800 620 1086 692 ἐκκλησίᾳ,
1119 621 1214 675 καὶ
1248 622 1475 694 ἐπετίθη
1514 623 1700 690 αὐτοῖς
1728 624 1828 688 τὰς
1850 627 1966 692 ¹χεῖ--

392 731 490 786 ρας
517 715 546 768 6
582 712 854 784 μακάριος
894 711 1217 785 Γρηγὸριος,
1248 715 1342 767 καὶ
1363 714 1782 786 ἐθεραπεύοντο.
1823 714 1963 768 ὥστε

391 807 598 869 πάντας
635 804 934 875 θαυμάζειν
963 805 1059 858 καὶ
1088 805 1298 874 λέγειν·
1343 807 1588 878 Ἀληθῶς
1621 801 1780 870 οὗτός
1813 809 1963 860 ἐστιν

389 897 823 967 ἀφωμοιωμένος
844 895 942 950 τοῦ
994 897 1055 949 έν
1105 897 1280 967 ἁγίοις
1311 899 1525 970 Πατρὸς
1553 899 1709 970 ἡμῶν
1754 899 1957 970 Γρηγο·

392 988 509 1058 ρίου
532 988 626 1040 τοῦ
663 989 1120 1061 Θαυματουργοῦ.
1164 990 1416 1059 Ἐγένετο
1446 990 1503 1044 δὲ
1536 991 1705 1063 πολλὴ
1727 992 1868 1063 χαρά
1906 993 1964 1046 ὲν

389 1083 455 1152 τῇ
487 1080 640 1134 πόλει
670 1080 853 1152 ἐκείνῃ
885 1083 980 1136 καὶ
1014 1083 1071 1136 ἐν
1103 1081 1200 1155 ὅλῃ
1218 1084 1286 1154 τῇ
1310 1083 1603 1154 περιχώρῳ
1627 1083 1731 1154 τῆς
1754 1101 1965 1155 περιοι-

393 1173 561 1233 κίδος.

465 1262 590 1318 NA'.
640 1264 870 1335 Θεωρῶν
922 1264 978 1318 δὲ
1026 1265 1055 1318 6
1099 1265 1399 1329 ἐπίσκοπος
1448 1267 1476 1319 6
1519 1269 1966 1339 παραγενόμενος

395 1357 512 1426 μετ’
548 1356 712 1408 αὑτοῦ
761 1356 829 1408 τὰ
875 1359 1078 1424 σημεῖα
1119 1357 1188 1409 τὰ
1218 1359 1488 1426 γενόμενα
1535 1359 1622 1411 διὰ
1652 1359 1744 1412 τοῦ
1784 1361 1962 1428 ἁγίου,

393 1449 534 1502 πάνυ
558 1449 869 1520 εὐχαρίστει
894 1448 971 1517 τῷ
1005 1447 1122 1519 Θεῴ
1157 1450 1284 1520 περὶ
1329 1449 1517 1515 αὐτοῦ,
1541 1451 1839 1521 θαυμάζων
1868 1454 1966 1505 αὐ-

393 1540 486 1594 τοῦ
514 1539 612 1611 τὴν
646 1541 901 1609 ἐνάρετον
935 1540 1214 1594 πολιτείαν
1253 1543 1350 1596 καὶ
1396 1543 1456 1597 τὸ
1490 1545 1818 1615 καρτερικὸν
1865 1545 1967 1614 τῆς

393 1634 676 1702 ὑπομονῆς
705 1633 892 1686 αὑτοῦ.
927 1633 1168 1704 Ποιήσας
1208 1635 1266 1688 δὲ
1304 1636 1401 1688 σὺν
1440 1636 1587 1707 αὐτῷ
1615 1639 1643 1691 6
1672 1638 1968 1701 ἐπίσκοπος

397 1726 573 1795 μῆνας
617 1725 678 1789 ἐξ
724 1726 1252 1797 συνευφραινὸμενος
1292 1726 1475 1798 αὐτῷ·
1509 1731 1603 1782 καὶ
1631 1731 1970 1799 συνταξάμε·

394 1835 482 1879 νος
512 1816 663 1886 αὐτῷ
691 1817 787 1871 καὶ
820 1819 986 1870 πᾶσιν
1025 1821 1138 1879 τοῖς
1163 1818 1263 1889 τῆς
1305 1819 1531 1882 πόλεως.
1571 1821 1695 1884 δοὺς
1733 1822 1881 1893 αὐτῷ
1900 1822 1970 1875 τὰ

396 1910 531 1978 πρὸς
555 1910 653 1980 τὴν
683 1909 893 1979 χρείαν,
927 1909 1197 1964 ἀπέλυσεν
1248 1912 1410 1966 αὐτὸν
1442 1916 1500 1966 ἐν
1523 1916 1734 1986 εἰρήνῃ.
1780 1916 1972 1970 Ἐκάθ-

399 2001 509 2053 ισὲν
549 2017 606 2052 τε
644 2001 703 2052 ἐν
729 2003 796 2071 τῇ
826 2000 978 2053 πόλει
997 2003 1024 2054 6
1051 2003 1322 2072 μακάριος
1345 2004 1648 2074 Γρηγὸριος
1667 2009 1972 2077 χειροτονή-

398 2110 496 2156 σας
527 2092 840 2161 ὁμόφρονας
870 2094 1279 2165 πρεσϐυτέρους
1317 2098 1408 2148 καὶ
1437 2095 1750 2160 διακόνουςο
1782 2099 1878 2151 καὶ
1913 2101 1971 2151 ἐν

395 2188 463 2256 τῆ
510 2184 774 2257 παροικίᾳ
822 2186 1112 2252 ἀπέλυσεν,
1155 2188 1532 2258 ἐντελλόμενος
1563 2191 1746 2252 αὐτοῖς
1787 2192 1974 2261 τηρεῖν

397 2281 498 2343 τὰς
529 2278 772 2345 ἐντολὰς,
818 2279 893 2350 μὴ
947 2280 1308 2351 παροργίζειν
1354 2279 1582 2347 πένητα,
1611 2281 1684 2353 μὴ
1722 2284 1974 2353 παρορᾷν

396 2375 526 2437 τοὺς
573 2375 632 2425 ἐν
691 2372 962 2440 ἀνάγκαις
1011 2372 1193 2437 ὄντας.
1222 2374 1394 2436 Αὐτὸς
1437 2375 1493 2426 δὲ
1532 2373 1975 2438 ἀκαταπαύστως

397 2465 524 2526 τοὺς
553 2462 653 2532 τῆς
682 2463 890 2526 πόλεως
931 2463 1138 2528 πάντας
1171 2466 1462 2531 ἐνουθέτει,
1487 2467 1768 2536 ἐκατήχει,
1797 2466 1972 2520 ιέδίδςιι⁴

399 2572 548 2618 σκεν,
596 2555 938 2625 ἐπεμελεῖτο,
995 2557 1134 2627 μήτε
1184 2556 1362 2627 χήραν
1414 2558 1552 2627 μήτε
1593 2558 1831 2627 ὀρφανὸν
1870 2557 1976 2612 ἐῶν

399 2648 789 2716 ἀπρονοήτους,
825 2647 961 2700 ἀλλὰ
1009 2650 1144 2701 πᾶσι
1186 2651 1297 2711 τοῖς
1322 2648 1598 2718 δεομένοις
1623 2651 1879 2720 ἐπαρκῶν
1907 2652 1976 2704 τὰ

404 2741 539 2811 πρὸς
590 2740 687 2810 τὴν
726 2740 934 2812 χρείαν.
969 2742 1080 2810 Τῆς
1109 2759 1168 2794 τε
1203 2742 1534 2813 Ἐκκλησίας
1573 2744 1696 2796 καθ’
1735 2744 1975 2813 ἐκάστην

383 2833 617 2902 ’ἡμέραν
638 2835 761 2896 τοὺς
789 2832 992 2902 ὕμνους
1006 2833 1084 2903 τῷ
1106 2834 1222 2905 Θεῷ
1244 2837 1342 2888 οὐκ
1360 2835 1594 2887 ἐπαύετο
1609 2835 1972 2905 ἀναπέμπων

399 2926 700 2993 νηστείαις,
731 2926 825 2978 καὶ
855 2927 1204 2997 ἀγρυπνίαις,
1233 2927 1326 2979 καὶ
1349 2927 1668 2997 χαμευνίαις
1695 2945 1976 2998 προσκαρ-

400 3015 605 3086 τερῶνο
641 3018 1029 3088 χειροτονήσας
1074 3019 1269 3080 παῖδας
1303 3021 1450 3089 τρεῖς
1497 3019 1780 3083 διακόνους
1817 3020 1977 3072 εὐλα-

401 3109 518 3172 ϐεῖς
577 3108 1085 3180 μαρτυρουμένους,
1124 3109 1318 3172 οἵτινες
1373 3108 1466 3162 καὶ
1514 3108 1604 3161 τὸν
1632 3109 1833 3180 τρόπον
1878 3110 1976 3163 καὶ¹

2069 635 2305 693 aegrotos
2341 629 2488 683 domi
2516 640 2611 683 aut
2651 645 2680 683 a
2715 631 2966 684 daemone
3002 640 3224 684 vexatos
3253 629 3545 695 habebant,
3584 633 3639 686 in

2072 715 2338 785 templum
2385 733 2480 772 eos
2523 719 2800 772 duxerunt
2834 738 2847 773 :
2885 719 3087 787 quibus
3131 734 3255 774 cum
3289 721 3480 775 beatus
3505 720 3644 775 Gre-

2071 807 2260 876 gorius
2307 824 2502 864 manus
2552 810 2926 879 imposuiss-‘t,
2989 810 3196 864 sanitas
3253 811 3462 865 reddita
3519 821 3642 876 est,

2071 899 2403 954 mirantibus
2447 901 2663 955 cunctis
2709 916 2773 955 ac
2823 891 3170 955 dicentibus:
3229 901 3370 956 Vere
3430 903 3520 958 hic
3567 905 3646 957 si-

2071 989 2252 1044 milem
2317 1005 2377 1045 se
2433 991 2617 1060 prodit
2671 1000 2866 1046 sancto
2924 990 3072 1044 Patri
3141 1003 3330 1046 nostro
3383 993 3645 1064 Gregorio

2075 1081 2514 1152 Thaumaturgo.
2546 1085 2624 1136 Ac
2660 1099 2915 1151 magnam
2945 1100 3138 1139 omnes
3167 1093 3274 1139 tam
3309 1086 3454 1140 cives
3475 1103 3640 1156 quam

2075 1175 2289 1228 Iinitimi
2329 1175 2572 1230 laetitiam
2612 1174 2994 1243 pratferebant.
3064 1220 3072 1226 .

2145 1266 2230 1322 LI.
2271 1267 2342 1321 At
2381 1282 2510 1322 vero
2556 1266 2868 1336 cpiscopus,
2911 1267 3004 1334 qui
3053 1265 3377 1336 Gregorium
3424 1281 3645 1324 secutus
3690 1307 3709 1328 .

2075 1355 2272 1420 fuerat,
2307 1367 2387 1410 tot
2415 1357 2517 1410 viri
2548 1357 2812 1426 prodigiis
2844 1357 3127 1426 inspectis,
3162 1373 3386 1426 magnas
3421 1358 3492 1411 oh
3521 1373 3645 1412 enin

2075 1448 2284 1519 gratias
2316 1449 2426 1502 Deo
2452 1449 2682 1520 agebat;
2714 1449 2970 1516 idemque
3000 1450 3166 1502 vitam
3198 1450 3318 1518 ejus
3351 1450 3646 1506 virtutibus

2076 1542 2344 1611 insignem
2395 1551 2450 1595 et
2499 1541 2834 1609 singularem
2883 1541 3199 1610 patientiam
3263 1542 3422 1610 plane
3475 1542 3646 1595 mira-

2073 1632 2237 1687 batur
2276 1632 2412 1701 (5‘2).
2469 1631 2574 1686 Sed
2634 1643 2924 1702 postquam
2975 1649 3067 1686 sex
3123 1649 3244 1686 cum
3302 1649 3368 1687 eo
3434 1648 3647 1688 menses

2075 1732 2263 1777 mutua
2287 1723 2452 1777 animi
2486 1725 2766 1794 voluptate
2794 1736 3040 1779 versatus
3077 1725 3194 1790 fuit,
3235 1726 3409 1780 salute
3439 1725 3646 1794 Grego-

2077 1816 2160 1868 rio
2201 1827 2254 1871 et
2293 1817 2509 1872 cunctis
2541 1817 2757 1872 civilius
2789 1817 2930 1871 dicta
2961 1817 3094 1884 (55),
3149 1833 3379 1886 quaeque
3429 1823 3494 1870 ad
3542 1817 3648 1871 iter

2074 1909 2196 1961 usui
2236 1915 2442 1970 essent,
2480 1909 2745 1978 acceptis,
2793 1909 3196 1962 humanissime
3241 1909 3508 1963 dimissus
3539 1919 3644 1964 est.

2073 2001 2373 2070 Gregorius
2405 2002 2616 2056 interea
2667 2016 2858 2056 sacras
2889 2000 2942 2052 in
2975 2001 3110 2054 urbe
3135 1999 3512 2056 ordinationes
3545 2001 3648 2056 ha-

2075 2092 2213 2154 buit,
2245 2099 2299 2146 et
2333 2093 2624 2162 quosdam,
2657 2092 2751 2161 qui
2789 2106 2912 2145 cum
2951 2105 3016 2146 eo
3052 2093 3384 2156 sentiebant,
3418 2093 3650 2164 presby-

2075 2193 2224 2237 teros
2279 2197 2344 2237 ac
2387 2183 2655 2237 diaconos
2715 2182 2960 2245 creavit;
3015 2183 3217 2250 quibus
3273 2184 3325 2236 iti
3378 2184 3648 2252 paruecias

2074 2276 2258 2332 missis
2289 2275 2565 2346 praecepit,
2601 2283 2662 2328 ut
2700 2274 2954 2328 tnamlata
3006 2286 3313 2339 servarent,
3362 2291 3428 2328 ne
3465 2276 3646 2346 egenti

2074 2376 2502 2429 succenserent,
2567 2381 2634 2419 ne
2701 2381 3082 2435 quemquam,
3147 2368 3241 2435 qui
3317 2367 3648 2421 necessitate

2076 2457 2293 2531 [vam]
2321 2459 2500 2527 aliqua
2533 2468 2898 2525 premeretur,
2947 2456 3312 2526 despicerent.
3363 2458 3484 2526 Ipse
3517 2475 3648 2509 vero

2076 2552 2193 2605 sine
2227 2548 2634 2605 intermissione
2676 2549 2827 2602 cives
2866 2564 3059 2604 omnes
3093 2549 3438 2612 admonebat,
3490 2549 3650 2602 insti-

2078 2641 2280 2704 tuebat,
2307 2640 2586 2702 edocebat,
2621 2639 2878 2706 curabat,
2913 2656 3020 2693 non
3047 2640 3290 2703 viduam,
3321 2655 3428 2694 n0u
3469 2641 3650 2709 pupil—

2076 2736 2188 2789 lum
2231 2733 2414 2802 inopia
2463 2733 2711 2788 laborare
2746 2734 3085 2802 patiebatur,
3133 2733 3400 2801 quidquid
3453 2733 3649 2800 cuique

2079 2828 2450 2880 necessarium
2505 2833 2669 2890 esset,
2728 2824 3058 2880 sufﬁciebat.
3121 2825 3236 2879 Nec
3285 2835 3464 2879 tamen
3529 2826 3648 2880 dies

2076 2917 2385 2988 praeteribat
2423 2916 2592 2979 ullus,
2640 2931 2751 2984 quo
2800 2931 2907 2970 non
2941 2916 3142 2970 divinis
3187 2917 3241 2970 in
3295 2917 3496 2984 templo
3534 2918 3650 2969 lau-

2075 3011 2236 3064 dibus
2265 3022 2484 3078 operam
2513 3007 2686 3067 daret,
2724 3016 2819 3060 aut
2849 3007 3056 3076 jejunia
3081 3018 3136 3062 et
3169 3007 3387 3077 vigilias
3416 3017 3470 3061 et
3497 3008 3648 3062 humi

2077 3101 2310 3158 cubandi
2363 3100 2670 3152 molestiam
2726 3100 2908 3154 minus
2957 3099 3172 3154 fortiter
3226 3101 3502 3154 toleraret.
3571 3099 3645 3154 Ex

400 3205 462 3258 τὸ
490 3204 649 3276 ἔργον
686 3205 867 3258 αὐτῶν
904 3205 1220 3272 ἀπέδειξαν,
1272 3205 1616 3276 Σμάραγδον,
1647 3204 1971 3276 Φιλάδελφον

2079 3197 2167 3258 iis,
2203 3208 2341 3264 quos
2371 3191 2633 3246 diaconos
2675 3190 2823 3257 fecit,
2857 3201 2971 3248 tres
3017 3193 3168 3248 fuere
3205 3195 3358 3262 pueri
3403 3203 3646 3263 spectata

401 3401 546 3472 pisse
586 3409 767 3454 autem
785 3399 1050 3472 videntur
1080 3415 1210 3472 xvni
1268 3398 1388 3454 Kal.
1424 3398 1647 3454 Octobr.
1685 3409 1972 3472 postquam

404 3469 550 3527 anno
581 3472 684 3525 355
719 3471 1074 3523 celeberrimo
1127 3471 1508 3534 episcoporum
1537 3469 1838 3533 conventu,
1873 3469 1976 3522 ldi-

402 3545 508 3597 bus
570 3540 986 3608 Septembribus
1047 3539 1359 3610 dedicatum
1422 3549 1503 3593 est
1576 3539 1974 3610 Hierosolymis

406 3612 753 3682 magniﬁcum
800 3610 929 3662 illud
968 3618 1172 3663 sancta:
1229 3609 1670 3682 Resurrectionis
1705 3609 1972 3682 templum

403 3697 435 3737 a
455 3680 817 3736 constantino
841 3689 1203 3742 ex5trnrtuin,
1234 3680 1301 3733 de
1325 3695 1433 3748 quo
1461 3688 1568 3732 tam
1604 3681 1768 3732 multa
1800 3682 1974 3735 Euse-

406 3754 530 3807 bius
564 3752 683 3820 (lib.
718 3766 799 3811 Ill,
833 3764 862 3802 a
907 3765 958 3803 c.
990 3750 1080 3813 '55,
1114 3759 1163 3802 et
1196 3749 1294 3820 lib.
1331 3765 1404 3820 iv,
1445 3765 1473 3802 a
1507 3765 1555 3820 c.
1595 3750 1723 3818 43);
1758 3761 1974 3818 peracta

404 3818 695 3877 enim-die
747 3820 988 3873 Sabbato
1024 3818 1228 3889 itempli
1280 3819 1657 3882 dedicatione,
1711 3821 1975 3889 postridie

405 3893 552 3954 ldus,
584 3891 678 3960 qui
724 3889 827 3944 fuit
869 3891 986 3942 dies
1021 3888 1358 3960 Dominieus,
1399 3888 1724 3956 proposita,"
1751 3891 1972 3957 opinor,

406 3980 538 4018 crux
569 3958 800 4029 augusta
846 3960 1046 4028 populo
1086 3967 1189 4022 est,
1235 3958 1550 4029 factumque
1584 3961 1976 4029 anniversarias

411 4033 574 4100 hujus
618 4027 948 4084 célebritatis
981 4029 1223 4100 initium.
1251 4027 1426 4100 Video
1451 4027 1681 4100 eniriiin
1715 4027 1974 4083 Chronico

407 4098 768 4180 Alexandrino
803 4100 1068 4180 solemnia
1119 4098 1207 4150 illa
1261 4099 1515 4178 appellari
1558 4098 1837 4179 Ἐγκαίνια
1876 4100 1975 4180 τῆς

419 4172 745 4240 Ἐκκλησίας
786 4169 880 4222 τοῦ
928 4169 1082 4236 ἁγίου
1129 4169 1364 4240 σταυροῦ
1399 4185 1412 4198 ’
1455 4168 1763 4240 quoetiam
1809 4168 1975 4240 perti-

408 4251 540 4298 nent
580 4238 667 4294 illa
710 4240 932 4294 Eusebii
981 4240 1142 4292 verba
1189 4239 1302 4308 (De
1338 4239 1493 4292 laud.
1543 4238 1728 4308 ροηδε.
1769 4254 1819 4293 c.
1856 4238 1923 4307 9)
1959 4255 1971 4292 :

409 4313 544 4367 Κατ’
566 4312 697 4364 αὐτὸ
717 4311 780 4380 δὴ
803 4310 861 4362 τὸ
888 4309 1156 4380 σωτήριον
1175 4303 1496 4380 μαρτύριον,
1518 4303 1664 4380 οἶκον
1685 4303 1976 4380 εὐκτήρίον

409 4382 738 4452 παμμεγέθη
769 4377 956 4452 ’ἔνεῴν-
1113 4377 1266 4443 ἆγιον
1318 4377 1396 4452 τῷ
1454 4378 1706 4452 σωτηρίῳ
1746 4377 1974 4452 ⁸σημείῳ

409 4447 679 4512 πλουσίως
723 4447 822 4503 καὶ
863 4447 1109 4517 δαψιλέσι
1149 4449 1478 4517 κατεκόσμει
1513 4447 1868 4517 φιλοτιμίαις.
1916 4447 1972 4501 Id

406 4535 511 4586 est,
550 4521 626 4574 Ad
663 4521 836 4573 locum
864 4519 1123 4572 Dominici
1154 4519 1377 4584 sepulcri
1406 4518 1676 4570 basilicam
1708 4521 1974 4571 immensa:

409 4593 780 4661 amplitudinis
817 4599 866 4642 et
906 4588 1069 4661 (edem
1113 4605 1320 4661 sacram
1389 4590 1444 4640 in
1483 4589 1731 4661 honorem
1774 4598 1972 4661 sancta:

409 4659 579 4716 cruris
610 4661 751 4714 omni
798 4659 1201 4727 magniﬁcentia:
1236 4674 1417 4727 genere
1449 4659 1742 4711 exornavit.
1787 4659 1971 4726 Itaque

412 4735 465 4786 in
519 4732 822 4797 Menol0gio
871 4717 1053 4782 Sirl'eti
1105 4717 1258 4781 card:
1307 4727 1538 4794 legimus
1585 4728 1774 4780 eodem
1821 4717 1911 4783 die
1955 4750 1966 4785 :

413 4802 683 4858 Eata/latio
715 4801 956 4870 pretiosa:
990 4809 1037 4852 et
1077 4797 1292 4870 vivi/ica:
1317 4797 1499 4870 Crurcis
1529 4799 1624 4852 sub
1655 4799 1970 4866 imperatore

408 4872 754 4927 Constantmo
818 4869 1057 4936 Magno,
1124 4879 1178 4920 ut
1241 4869 1586 4920 historiarum
1631 4878 1969 4922 monumenta

411 4954 689 4996 testantur.
717 4941 985 4994 Caeterum
1015 4941 1060 4991 si
1084 4938 1384 5006 Menologio
1411 4937 1685 4992 Basiliauo
1714 4939 1967 4992 standum

413 5015 485 5067 sit
515 5054 528 5077 ,
562 5027 751 5066 novem
787 5011 947 5063 annis
985 5008 1417 5078 antiquiori’esti
1465 5008 1627 5077 hujus
1663 5008 1769 5061 diei
1815 5010 1967 5078 origo

411 5083 659 5138 habenda
695 5093 797 5135 est.
828 5079 908 5134 Ad
946 5078 1161 5133 Helenae
1203 5077 1348 5132 enim
1395 5077 1533 5147 Aug.
1571 5078 1799 5131 retrahit
1827 5077 1966 5132 teni-

410 5169 544 5222 pus,
600 5167 724 5208 cum
778 5153 1052 5222 inventam
1097 5163 1314 5222 crucem
1363 5147 1632 5222 Macarius
1679 5148 1966 5222 episcopum

414 5216 649 5290 primum
690 5237 754 5274 ex
804 5221 1034 5290 anibone
1076 5220 1276 5290 populo
1323 5216 1634 5290 exposcenti
1668 5219 1962 5290 ostendit;

415 5287 526 5360 quo
557 5294 648 5348 die
675 5287 1170 5362 ἤρξατοκράζεινῤ
1188 5289 1334 5362 λαός⁸
1369 5287 1562 5362 Κύριε,
1594 5287 1838 5362 ἐλέησον,
1866 5288 1966 5362 καὶ

413 5356 665 5431 ἐτυπώοη
695 5356 775 5424 si;
800 5356 1064 5431 Ὕψωσιν.
1114 5358 1275 5431 Carpit
1311 5356 1532 5431 populus
1552 5359 1834 5431 Aclamaret
1856 5356 1964 5431 Do-

414 5437 574 5497 mine,
604 5427 953 5491 misererepet
993 5428 1258 5483 Exaltatw
1306 5429 1490 5482 Crucis
1536 5428 1668 5496 [esto
1707 5427 1963 5497 praelusit.

419 5496 567 5558 Hauc
598 5503 742 5555 enim
793 5514 914 5554 eSse
965 5500 1071 5553 vim
1121 5511 1252 5568 puto
1297 5499 1444 5552 illius
1494 5499 1642 5552 verbi
1676 5496 1964 5565 ἐτυπώθης

417 5589 529 5625 rem
569 5573 813 5627 eamdem
849 5570 1054 5622 codicis
1079 5571 1290 5639 pictura
1321 5570 1562 5623 declarat
1593 5570 1669 5638 (t.
1695 5568 1744 5639 AI,
1775 5583 1824 5637 p.
1853 5568 1967 5638 57).

417 5643 550 5697 Vide
577 5643 740 5696 etiam
771 5637 1249 5707 Evagriumiﬂist.
1280 5639 1407 5692 εισι.
1441 5639 1476 5692 l.
1512 5655 1584 5701 IV,
1605 5637 1659 5691 'c.
1683 5637 1772 5691 Ξϐ.

485 5711 656 5767 Porro
699 5713 753 5764 in
795 5708 1104 5773 Occidente,
1149 5719 1434 5778 postquam
1489 5710 1672 5762 ltoina:
1709 5707 1967 5762 miliﬁcata

417 5794 500 5838 est
539 5782 759 5836 basilica
803 5777 1306 5848 Sessoriana,iquis'
1335 5778 1568 5840 dubitet,
1605 5794 1732 5830 num
1765 5777 1963 5848 ibidem

418 5854 532 5909 dies
560 5855 730 5908 festus
759 5851 1004 5908 exaltatte
1042 5846 1231 5905 Cruci—3
1259 5851 1342 5916 agi
1374 5856 1582 5917 emptus
1611 5848 1815 5903 fuerit?
1845 5846 1946 5902 De-

2078 3407 2208 3452 sunt
2245 3395 2463 3465 quidem
2497 3394 2616 3464 ejus
2640 3393 2819 3465 :etatis
2851 3401 3224 3465 monumenta,
3259 3408 3381 3461 qure
3407 3394 3462 3465 id
3493 3393 3650 3465 evine

2077 3477 2238 3533 cant;
2267 3462 2381 3522 sed
2433 3462 2613 3519 tamen
2655 3467 2708 3519 in
2754 3463 3177 3533 Mat'tyrologiis,
3227 3479 3349 3530 qua:
3394 3462 3645 3532 Gregorii

2079 3539 2249 3591 nostri
2294 3536 2634 3605 temporibus
2685 3535 2992 3604 antiquiora
3043 3533 3325 3605 videntur,
3383 3535 3648 3603 postridie

2079 3609 2204 3662 Idus
2255 3601 2602 3673 Septembres
2655 3601 2918 3673 scriptum
2971 3613 3074 3665 est,
3129 3601 3408 3657 Exaltatio
3445 3613 3649 3657 sancta:

2077 3679 2282 3731 Crucis.
2327 3675 2418 3731 Sic
2455 3676 2508 3730 in
2539 3675 2770 3729 Lucensi
2806 3674 3148 3733 Florentinii,
3199 3675 3251 3726 in
3292 3675 3643 3737 Corheiensi,

2077 3748 2129 3801 in
2163 3748 2348 3801 codice
2375 3747 2574 3815 reginae
2630 3744 2860 3815 Suecite,
2896 3745 2949 3797 in
2985 3744 3106 3815 aliis
3127 3743 3324 3815 etiam.
3366 3745 3458 3812 qui
3497 3756 3649 3797 vetu-

2078 3817 2306 3872 stissimi
2337 3813 2609 3870 habentur
2633 3814 2726 3883 (V.
2762 3813 2956 3867 Soller.
2982 3814 3047 3868 ad
3097 3814 3249 3866 Mart.
3297 3815 3543 3882 Usuar.).
3589 3815 3644 3867 in

2077 3888 2194 3956 ipso
2246 3886 2686 3941 Sacramentario
2719 3883 3064 3956 Gregoriano
3118 3884 3259 3956 idem
3311 3886 3459 3956 legas
3498 3903 3511 3939 :
3547 3900 3648 3956 nec

2078 3953 2130 4010 in
2163 3956 2568 4023 precationibus
2599 3953 2894 4024 quidquam
2924 3953 3086 4019 inest,
3115 3954 3262 4022 quod
3307 3956 3373 4008 ad
3408 3954 3643 4010 Heraclii

2075 4027 2214 4095 Aug.
2247 4027 2448 4080 factum
2482 4025 2668 4078 referri
2696 4025 2884 4095 possit.

2147 4091 2262 4164 (δι’)
2299 4097 2436 4150 Cum
2500 4091 2740 4163 episcopi
2809 4092 2970 4164 hujus
3027 4093 3322 4164 ecclesiam
3378 4091 3642 4148 Leontius

2077 4162 2186 4221 non
2224 4162 2542 4234 prodiderit,
2585 4162 2852 4231 suspicari
2899 4164 3077 4234 liceat,
3128 4179 3251 4216 eum
3303 4162 3474 4234 fuisse
3522 4165 3641 4217 sine

2074 4232 2306 4291 ecclesia
2326 4274 2341 4297 ,
2374 4243 2581 4288 vastata
2617 4234 2830 4288 scilicet
2857 4247 2885 4284 a
2916 4232 3167 4287 barbaris
3196 4235 3349 4295 urbe,
3392 4233 3477 4286 cui
3509 4248 3642 4300 prte-

2073 4314 2192 4360 erat
2236 4323 2250 4359 :
2311 4306 2608 4374 praesertim
2652 4319 2773 4357 cum
2821 4303 2886 4356 ad
2943 4319 3034 4358 sex
3085 4319 3301 4357 menses
3353 4305 3415 4374 in
3453 4303 3640 4358 Sicilia

2075 4373 2324 4429 versatus
2365 4375 2438 4428 sit
2476 4375 2678 4427 nullam
2721 4375 2791 4427 ob
2837 4388 3084 4436 causam,
3121 4389 3241 4441 quae
3271 4373 3452 4440 gravis
3488 4375 3642 4428 vide-

2075 4456 2246 4508 retur,
2279 4459 2513 4514 eun'ique
2539 4444 2777 4514 legitime
2813 4443 2880 4497 ab
2911 4441 3150 4497 Ecclesia
3197 4459 3292 4496 sua
3326 4444 3516 4497 abesse
3539 4444 3638 4498 de»

2075 4517 2327 4570 clararet.
2366 4511 2524 4568 Tales
2565 4511 2692 4566 vero
2734 4515 2885 4567 fuere
2915 4514 3077 4566 etiam
3118 4515 3210 4580 qui
3254 4514 3490 4566 concilio
3530 4514 3642 4568 Ma-

2079 4585 2374 4640 tisconensi
2401 4587 2456 4645 2,
2492 4598 2638 4637 anno
2663 4583 2769 4652 35:85
2794 4584 2969 4636 ultimi
2999 4584 3464 4652 subscripserunt,
3501 4583 3641 4638 Fro-

2002 4635 2051 4694 D
2076 4657 2291 4718 nimius,
2319 4655 2621 4716 Promotus,
2655 4651 3040 4706 Fuustinianus
3067 4635 3314 4723 episcopi,
3355 4665 3411 4708 ut
3443 4635 3638 4709 ibidem

2079 4726 2326 4795 legimus,
2359 4742 2461 4778 non
2506 4723 2751 4777 habentes
2788 4724 2934 4776 sedes
2977 4723 3164 4794 (Hard.
3210 4735 3247 4778 t.
3281 4723 3366 4783 Ill,
3402 4741 3454 4792 p.
3489 4725 3637 4794 466).

2077 4796 2254 4864 Atque
2299 4795 2386 4849 hic
2426 4795 2906 4864 Felixepiscopus
2952 4795 3093 4848 idem
3131 4796 3218 4848 ille
3259 4795 3493 4848 fortasse
3531 4807 3639 4856 est,

2077 4863 2236 4934 quem
2264 4865 2564 4934 Gregorius
2597 4863 2826 4932 Magnus
2871 4866 3036 4933 paqu
3069 4873 3190 4932 post
3231 4866 3281 4917 in
3326 4864 3639 4918 Sardiniam

2077 4936 2228 4990 misit
2261 4940 2330 4987 ad
2365 4936 2732 4989 convertendos
2773 4935 3144 4988 Barbaricinos
3177 4951 3194 4987 :
3229 4936 3385 5002 cujus
3422 4936 3640 5002 quidem

2077 5020 2220 5072 saepe
2274 5006 2540 5070 meminit,
2595 5021 2698 5059 nec
2749 5013 2925 5058 tamen
2983 5021 3221 5072 unquam
3278 5005 3435 5069 cujus
3491 5005 3641 5060 urbis

2075 5077 2362 5144 episcopus
2401 5085 2564 5136 esset,
2617 5076 2863 5144 ascribit,
2927 5075 3152 5144 fratrem
3194 5083 3242 5127 et
3282 5075 3644 5143 coepiscopum

2072 5143 2376 5212 appellasse
2419 5157 2731 5200 contentus.
2780 5143 2934 5214 (Lib.
2975 5161 3048 5209 iv,
3092 5160 3215 5214 epp.
3267 5146 3358 5206 ‘25,
3412 5144 3504 5209 24,
3547 5146 3642 5207 25,

2140 5216 2409 5339 (iomitem
2437 5301 2600 5354 porro
2643 5287 2828 5338 datum
2861 5284 3128 5353 Gregorio
3168 5295 3359 5337 nostro
3405 5282 3638 5339 Felicem

2070 5356 2340 5418 duxerim,
2373 5357 2549 5410 aetatis
2571 5355 2692 5423 ejus
2718 5355 3137 5408 cohonestandas:
3166 5369 3330 5407 causa
3375 5373 3386 5406 :
3435 5370 3637 5407 annum

2069 5426 2217 5480 enim
2247 5437 2358 5480 tum
2390 5427 2582 5496 agebat
2621 5425 2954 5479 tricesimum
2984 5425 3384 5496 priinum,_quo
3425 5440 3637 5496 nempe,

2073 5496 2372 5550 Innocentii
2399 5494 2617 5564 l'pont.
2665 5510 2809 5548 max.
2848 5497 2982 5563 lege,
3034 5509 3196 5562 quam
3253 5494 3306 5546 in
3343 5494 3638 5561 Agathensi

2073 5566 2306 5620 concilio
2344 5567 2607 5619 habemus
2638 5567 2798 5632 (can.
2838 5567 2947 5630 l7),
2984 5565 3153 5618 creari
3184 5565 3306 5631 quis
3347 5568 3637 5633 episcopus

2071 5646 2319 5704 poterat;
2360 5644 2413 5688 et
2444 5651 2554 5702 quo
2591 5635 2830 5706 synodus
2869 5634 3330 5688 Neocazsariensis
3361 5644 3511 5703 (can.
3545 5634 3633 5700 Il)

2071 5707 2413 5827 pi-tlaslbyteros
2465 5707 2632 5774 ipsos,
2685 5720 2786 5759 nec
2831 5706 2993 5760 citius
3041 5707 3299 5768 omnino,
3360 5706 3636 5774 designari

2071 5785 2301 5827 ιὀιλιιιῑ.

2070 5785 2301 5829 volebat.

2133 5845 2243 5916 (55)
2284 5845 2649 5911 Συντὰξασθαι
2686 5843 2955 5914 Hesychia
2985 5854 3068 5900 est
3097 5843 3474 5900 ἀσπάσασθαι.
