4158 6584
489 460 598 522 639

493 580 711 647 pietate,
745 583 801 628 et
835 573 1087 626 moribus
1119 584 1184 624 ac
1212 567 1372 622 factis
1406 567 1514 620 illis
1547 563 1880 635 persimiles,

495 669 719 740 ragdus,
770 662 1157 731 Philadelphus
1199 671 1256 714 et
1299 658 1638 713 Platonicus.
1682 655 1750 709 lli
1783 663 1894 707 tres
1935 666 2072 720 pra:-

494 761 642 816 clara
673 758 796 812 vitae
827 756 947 824 ejus
979 756 1234 809 instituta
1271 752 1516 807 aemulati
1547 759 1698 814 sunt,
1742 757 1800 801 et
1834 763 1900 800 ex
1925 745 2073 800 assi-

477 852 602 924 dua
654 849 1027 920 prodigiorum
1081 844 1547 915 contemplatione
1594 857 1792 912 magno
1853 839 2075 895 virtutis

497 943 684 1000 studio
710 950 1057 996 exarserunt.

569 1055 680 1110 LII.
725 1055 852 1110 Post
887 1056 1005 1109 dies
1036 1055 1246 1124 aliquot
1296 1052 1531 1106 lustrare
1571 1051 1761 1104 urbem
1805 1048 1990 1118 coepit,
2027 1057 2080 1101 et
2157 1049 2159 1052 ’

501 1149 596 1218 qui
633 1149 688 1201 in
727 1163 789 1202 ea
830 1156 1032 1207 essent,
1079 1156 1315 1217 :Pgrotos
1360 1161 1424 1198 ac
1468 1159 1738 1214 pauperes
1795 1150 1961 1209 atque
1997 1139 2079 1192 vi-

501 1241 643 1294 duas
695 1239 950 1294 invisere.
1011 1239 1262 1306 Cumque
1315 1239 1504 1290 urbem
1561 1237 1795 1289 mediam
1859 1233 2076 1296 obiret,

503 1332 823 1401 quicunque
851 1345 1027 1400 mgros
1049 1331 1197 1384 domi
1231 1329 1528 1393 habebant,
1561 1344 1657 1382 eos
1686 1339 1908 1396 propter
1935 1326 2078 1379 viam

504 1423 874 1492 exponebant,
925 1439 1034 1492 qua
1070 1423 1267 1476 beatus
1314 1422 1614 1490 Gregorius
1650 1421 1884 1473 transire
1917 1418 2083 1472 debe-

512 1524 616 1566 ret.
650 1515 767 1583 Ipse
801 1530 931 1568 vero
961 1530 1156 1569 manus
1195 1514 1263 1567 iis
1298 1513 1637 1583 imponebat,
1668 1521 1722 1564 et
1749 1525 2085 1580 quocunque
2164 1517 2167 1519 ’

509 1606 887 1660 detinerentur
919 1607 1132 1673 morbo,
1169 1607 1220 1660 in
1266 1607 1481 1660 Domini
1509 1605 1640 1660 Jesu
1675 1605 1899 1659 nomine
1925 1620 2084 1659 cura-

511 1698 732 1752 bantur.
767 1699 1012 1752 Habebat
1044 1698 1284 1753 Sabinus
1315 1701 1599 1769 presbyter
1625 1698 1844 1752 ﬁliolam
1879 1696 2086 1750 formo-

512 1791 813 1857 sissimam,
860 1794 951 1846 sed
985 1793 1142 1862 cujus
1183 1793 1428 1846 membra
1466 1794 1701 1848 Satanas
1740 1802 1866 1845 ante
1909 1805 2086 1845 annos

1493 438 1959 508 S.GREGORII
2005 426 2514 494 AGRIGENTlNl
2551 422 2748 484 VlTA.

1917 559 2070 610 Sma-
2106 555 2151 610 Α
2179 548 2275 600 καὶ
2307 540 2675 598 Πλατωνικόν.
2695 531 2856 590 Οῦτοι
2878 533 2926 586 οἱ
2953 531 3102 600 τρεῖς
3130 523 3319 584 παῖδες
3342 516 3637 587 ἐζήλωσαν
3673 527 3794 578 την

3649 399 3781 466 640

2175 641 2429 708 ἐνάρετον
2471 634 2638 690 αὑτοῦ
2685 630 2989 684 πολιτείαν,
3025 611 3564 691 προσκαρτεροῦντες
3619 601 3794 658 κατὰ

2177 734 2359 786 πᾶσαν
2390 729 2540 797 ὥραν
2563 727 2633 779 τὰ
2661 721 2792 792 παρ’
2815 715 2981 772 αὑτοῦ
3007 711 3268 784 γινόμενα
3303 703 3578 774 θαύματα.

2250 991 2377 1046 ΝΒ’.
2432 987 2568 1042 Μεθ’
2610 984 2823 1056 ἡμέρας
2853 979 2912 1033 δέ
2958 991 3110 1036 τινας
3147 969 3370 1041 ἐξῆλθεν
3413 966 3442 1017 ό
3491 959 3795 1056 μακάριος

2159 1081 2480 1151 ,θεάσασθαι
2517 1080 2619 1151 τὴν
2673 1075 2827 1128 πόλιν
2885 1071 2976 1124 κα)⁵
3021 1069 3148 1127 τοὺς
3189 1067 3245 1117 ἐν
3297 1062 3436 1129 αὐτῇ
3491 1054 3792 1110 ἀσθενεῖς.

2181 1173 2430 1244 πτωχούς
2483 1189 2542 1224 τε
2580 1170 2675 1222 καὶ
2723 1168 2900 1236 χήρας
2939 1155 3359 1227 ἐπισκέψασθαι.
3404 1145 3794 1220 Διερχόμενός

2182 1285 2239 1320 τε
2273 1267 2376 1319 ἀνὰ
2407 1264 2574 1336 μέσον
2602 1261 2701 1330 τῆς
2733 1257 2964 1332 πόλεως,
2986 1253 3102 1305 ὅσοι
3155 1244 3307 1316 εἶχον
3327 1243 3596 1303 ἀσθενεῖς,
3627 1251 3791 1304 προ⁸

2183 1354 2398 1408 ἐτίθουν
2423 1352 2621 1412 αὐτοὺς
2641 1352 2698 1402 ἐν
2723 1350 2788 1418 τῇ
2819 1342 3050 1412 πλατείᾳ.
3073 1340 3171 1408 τῆς
3202 1335 3433 1396 πόλεως,
3461 1331 3582 1384 ὅθεν
3606 1324 3794 1394 ἔμελ--

2181 1445 2272 1498 λεν
2303 1432 2622 1520 ἐξέρχεσθαοι
2661 1442 2689 1492 6
2732 1416 3006 1509 μακάριος
3041 1431 3364 1502 Γρηγόριος.
3397 1425 3506 1477 Καὶ
3534 1416 3790 1520 ἐπετίθή

2185 1538 2368 1600 αὐτοῖς
2395 1536 2494 1596 τὰς
2527 1535 2736 1607 χεῖρας,
2765 1529 2859 1583 καὶ
2899 1521 3317 1597 ἐθεραπεύοντο,
3346 1519 3442 1584 οἴῳ
3483 1514 3548 1567 ἂν
3578 1509 3792 1565 κατείο

2185 1645 2341 1699 χοντο
2374 1627 2665 1694 νοσήματι,
2695 1621 2788 1674 ἐπὶ
2812 1618 2888 1689 τῷ
2915 1618 3141 1686 ὀνόματι
3187 1612 3281 1666 τοῦ
3314 1609 3525 1679 Κυρίου
3563 1603 3792 1673 Ἰησοῦ.

2183 1695 2294 1773 ὲ*Ην
2323 1719 2378 1772 δὲ
2421 1718 2648 1778 Σαϐῖνος
2687 1715 2717 1767 6
2746 1711 3116 1785 πρεσϐύτερος
3145 1706 3283 1776 ἔχων
3314 1703 3602 1770 θυγάτριον
3629 1695 3795 1748 πάνυ

2187 1813 2407 1884 ὡραῖον,
2431 1811 2459 1863 ὃ
2491 1809 2797 1880 παρέλυσεν
2828 1807 2856 1858 6
2883 1803 3130 1863 Σατανᾶς
3163 1798 3271 1870 πρὸ
3302 1795 3436 1849 ἐτῶν
3458 1793 3615 1846 ἐννέα
3637 1805 3652 1818 ο
3683 1786 3797 1840 καὶ

517 1897 708 1937 novem
764 1884 1096 1948 resolveret;
1161 1901 1282 1954 qme
1332 1902 1455 1938 cum
1508 1886 1562 1938 in
1609 1885 1813 1939 lectulo
1853 1884 2081 1953 jaceret,

2207 1903 2326 1974 ιύτὴ
2371 1902 2685 1962 κατέκειτο,
2715 1897 2882 1968 μηδὲν
2925 1892 3200 1962 δυναμένη
3264 1889 3402 1950 ὅλως
3463 1882 3794 1953 κινηθῆναι,

515 1975 569 2027 in
603 1983 850 2028 neutram
889 1990 948 2030 se
991 1984 1198 2044 partem
1235 1993 1455 2031 movere
1497 1983 1726 2045 poterat,
1758 1985 1920 2044 atque
1949 1974 2086 2027 alio—

518 2081 638 2118 rum
695 2082 797 2136 ope
849 2069 1018 2122 semel
1067 2085 1163 2137 per
1212 2071 1358 2123 diem
1410 2072 1549 2125 latus
1595 2069 1862 2124 mutabat.
1911 2067 2088 2135 Hujus

519 2166 714 2223 mater,
752 2175 876 2229 qua;
907 2171 1121 2229 patrata
1158 2164 1404 2233 prodigia
1456 2165 1726 2226 audierat,
1764 2164 1878 2232 ipsa
1923 2162 2087 2215 etiam

516 2249 684 2302 ﬁliam
741 2251 975 2305 aliorum
1037 2253 1292 2308 manibus
1353 2255 1623 2308 sublatam
1695 2256 1747 2306 in
1808 2252 2090 2321 publicum

517 2343 629 2409 egit
658 2340 793 2410 (54),
840 2357 1073 2412 eamque
1113 2357 1240 2398 ante
1293 2345 1491 2398 domus
1546 2345 1872 2398 vestibulum
1918 2344 2092 2397 collo—

518 2431 750 2486 candam
783 2435 1000 2488 curavit
1031 2453 1043 2488 :
1083 2435 1206 2489 illac
1235 2437 1380 2489 enim
1420 2438 1613 2490 beatus
1649 2435 1947 2505 Gregorius
1977 2442 2094 2488 erat

521 2525 878 2580 transiturus.
917 2524 986 2580 Ut
1016 2543 1146 2581 vero
1185 2527 1272 2581 hic
1306 2530 1370 2581 ad
1416 2527 1608 2582 Sabini
1641 2529 1844 2582 ostium
1895 2542 2095 2597 appro-

524 2615 828 2684 pinquavit,
860 2633 1002 2671 uxor
1029 2619 1150 2687 ejus
1179 2635 1421 2688 egressa,
1456 2620 1522 2673 ad
1555 2619 1700 2674 beati
1731 2620 1831 2673 viri
1861 2619 2097 2689 procidit

523 2705 686 2772 pedes
733 2717 786 2759 et
836 2707 970 2763 ﬁens
1011 2718 1064 2762 et
1114 2711 1360 2765 clamans
1401 2728 1415 2764 :
1464 2711 1557 2766 Dei
1600 2727 1780 2774 serve,
1834 2713 2096 2766 miserere

529 2798 655 2860 mei,
709 2809 762 2851 et
817 2799 1252 2857 incredulitatem
1311 2820 1484 2858 meam
1538 2805 1758 2874 adjuva.
1798 2804 1878 2858 Ad
1929 2821 2094 2875 quam

529 2889 656 2942 ille:
690 2888 830 2956 Quid
867 2894 962 2945 tibi
1003 2903 1106 2958 est,
1129 2895 1286 2982 .tilia?
1317 2895 1388 2949 Ea
1439 2913 1655 2951 rursum
1690 2898 1755 2952 ad
1789 2897 1953 2966 pedes
1980 2898 2099 2966 ejus

526 2985 861 3048 prevoluta:
908 2985 1181 3050 Misi-rere,
1242 2989 1438 3056 inquit,
1475 2991 1602 3052 mei,
1657 3005 1690 3044 ο
1750 2991 1844 3044 Dei
1899 3007 2095 3045 serve:

529 3071 690 3127 ﬁliola
721 3092 839 3129 mea
871 3079 1167 3149 paralytica
1194 3089 1297 3140 est,
1329 3097 1428 3134 nec
1455 3097 1514 3136 se
1545 3083 1656 3137 ullo
1686 3084 1848 3138 modo
1880 3097 2102 3136 movere

529 3176 724 3232 potest.
783 3166 877 3223 Ille
915 3186 1085 3224 vero:
1129 3169 1400 3237 Quocum,
1442 3174 1537 3233 ait,
1586 3175 1702 3243 ipsa
1750 3174 1926 3228 vivis?
1961 3173 2097 3226 Tum

531 3257 774 3314 Sabinus
823 3277 1149 3331 progressus
1178 3266 1243 3318 ad
1279 3265 1527 3335 Gregorii
1570 3268 1734 3335 pedes
1778 3283 1838 3320 se
1879 3267 2098 3337 abjccit,
2127 3246 2170 3302 θ

531 3361 694 3420 atque
742 3353 854 3406 haec
885 3355 1134 3411 addidit:
1190 3357 1354 3412 Serva
1407 3369 1521 3424 tua,
1564 3360 1638 3412 mi
1684 3359 1927 3421 domine,
1965 3376 2106 3415 uxor

533 3459 653 3545 mea
687 3454 790 3498 est.
823 3447 921 3500 Cui
955 3447 1254 3519 Gregorius
1285 3469 1297 3504 :
1331 3450 1631 3516 Quantum,
1666 3453 1865 3522 inquit,
1898 3463 2107 3520 tempo-

536 3540 614 3588 ris
666 3545 769 3599 est,
822 3553 888 3591 ex
935 3555 1045 3606 quo
1094 3540 1146 3593 id
1195 3541 1272 3593 illi
1324 3543 1589 3610 contigit?
1641 3543 1880 3598 Sabinus
1927 3553 2107 3598 autem

538 3641 735 3681 novem
767 3645 892 3684 esse
926 3646 1102 3686 annos
1136 3634 1440 3702 respondit.
1473 3634 1540 3687 At
1579 3645 1806 3690 sanctus
1833 3637 1920 3690 vir
1958 3636 2110 3706 geni-

538 3718 642 3772 bus
686 3720 840 3775 humi
887 3721 1058 3789 ﬁexis,
1113 3724 1167 3778 in
1215 3725 1360 3780 hunc
1409 3728 1630 3781 modum
1681 3736 1933 3796 precatus
1980 3738 2108 3782 est:

539 3810 768 3867 Domine
801 3815 871 3866 mi
904 3812 1033 3869 Jesu
1071 3814 1292 3871 Christe
1323 3817 1491 3880 Deus,
1538 3819 1632 3888 qui
1667 3819 1866 3873 caelum
1915 3828 1967 3872 et
2002 3828 2113 3872 ter-

536 3920 678 3969 ram,
724 3907 818 3976 qui
857 3923 1008 3962 mare
1037 3917 1093 3962 et
1125 3910 1332 3975 omnia,
1371 3925 1494 3980 quae
1528 3911 1582 3965 in
1623 3911 1692 3966 iis
1728 3919 1879 3976 sunt,
1923 3912 2115 3966 cundi-

537 3997 690 4061 disti,
724 4001 932 4070 respice
962 4017 1154 4071 preces
1183 4004 1325 4058 servi
1359 4003 1456 4070 tui,
1491 4019 1687 4074 meque
1716 4003 1841 4057 audi
1877 4018 2112 4072 nequam

541 4090 666 4145 licet
716 4108 780 4147 ac
840 4095 1125 4156 miserum.
1190 4097 1376 4167 itaque
1432 4097 1669 4168 puellam
1739 4097 1879 4151 hanc
1939 4097 2114 4151 sancti

543 4180 784 4250 Spiritus
843 4187 919 4238 tui
979 4187 1178 4243 virtute
1238 4189 1482 4244 invisito.
1540 4190 1649 4244 Nec
1701 4190 1857 4258 plura
1923 4190 2118 4245 effatus

543 4276 807 4339 surrexit,
846 4292 911 4330 ac
945 4279 1124 4347 puella
1156 4281 1315 4351 signo
1349 4283 1577 4337 salutari
1612 4283 1865 4347 lustrata,
1925 4282 1982 4336 In
2019 4300 2119 4336 no-

543 4366 713 4430 mine,
765 4368 967 4438 inquit,
1015 4371 1229 4428 Domini
1285 4375 1457 4428 nostri
1507 4373 1638 4428 Jesu
1671 4375 1898 4440 Christi,
1941 4377 2118 4430 excita

548 4469 620 4524 te,
667 4477 732 4516 ac
783 4466 1016 4534 pedibus
1073 4469 1181 4524 tuis
1234 4469 1450 4525 insiste.
1502 4470 1654 4524 illico
1704 4483 1883 4526 autem
1941 4473 2119 4542 puella

547 4555 807 4620 surrexit,
848 4565 902 4610 et
938 4559 1004 4611 ad
1057 4561 1235 4614 sancti
1270 4562 1525 4630 beatique
1564 4561 1813 4632 Gregorii
1862 4567 2026 4633 pedes
2061 4580 2120 4619 se

547 4646 835 4715 abjiciens.
869 4650 970 4705 Per
1001 4663 1074 4714 te,
1111 4652 1310 4722 inquit,
1343 4654 1584 4719 domine,
1615 4671 1717 4724 ago
1759 4656 1866 4709 Deo
1892 4659 2116 4726 gratias,

548 4742 642 4810 qui
679 4743 752 4795 ob
798 4742 1068 4798 sinceram
1115 4745 1288 4810 illam,
1321 4761 1428 4816 qua
1477 4745 1644 4800 Deum
1689 4748 1848 4813 colis,
1901 4749 2122 4819 religio-

550 4849 675 4890 nem
714 4851 742 4888 a
779 4832 956 4906 [LXIX]
1012 4852 1129 4891 utea
1172 4852 1261 4891 me
1302 4837 1624 4892 inﬁrmitate
1661 4837 1935 4892 liberavit.
1980 4839 2124 4892 Ade-

551 4939 674 4984 rant
705 4944 835 4982 vero
867 4928 1036 4992 cives,
1074 4929 1167 4998 qui
1200 4945 1324 4983 eum
1354 4931 1746 5000 sequebantur,
1785 4946 1978 5000 magna
2011 4930 2122 4983 fre-

553 5021 803 5091 quentia,
853 5037 916 5076 ac
950 5023 1327 5094 prodigiorum
1373 5022 1614 5075 novitate
1659 5023 1971 5090 stupebant.
2020 5021 2123 5076 Ubi

556 5131 775 5170 omnem
809 5116 1000 5170 urbem
1047 5115 1380 5184 peragravit,
1427 5121 1482 5168 et
1526 5115 1780 5184 singulis,
1823 5130 1946 5182 quae
1990 5130 2127 5182 opus

555 5221 734 5274 erant,
785 5210 1098 5274 distribuit;
1147 5210 1214 5262 ad
1252 5209 1514 5277 templum
1566 5223 1820 5261 reversus
1862 5218 1945 5260 est
1993 5206 2128 5260 hora

559 5319 698 5358 nona
741 5305 890 5356 clero
925 5303 1238 5372 populoque
1265 5300 1418 5354 omni
1463 5299 1780 5355 comitante.
1826 5297 1900 5351 lbi
1929 5298 2130 5352 divinis

559 5395 838 5467 mysteriis
865 5395 1126 5465 peractis,
1164 5410 1410 5449 mensam
1449 5392 1705 5462 apposuit
1743 5391 2000 5445 universo
2037 5406 2133 5460 po»

562 5489 715 5559 pulo,
747 5505 906 5544 sacro
935 5489 1115 5543 ordini
1160 5489 1218 5542 in
1257 5488 1449 5559 primis
1477 5497 1532 5541 et
1564 5487 1709 5540 clero
1737 5501 1801 5540 ac
1833 5485 1996 5554 plebi,
2033 5500 2133 5539 nec

567 5580 750 5636 minus
797 5582 975 5637 viduis
1017 5591 1072 5636 et
1118 5581 1386 5635 mendicis
1438 5595 1634 5634 suam:
1692 5578 1988 5648 aderatque
2023 5578 2140 5647 ipse

2190 1995 2240 2046 εί
2273 1995 2347 2062 μὴ
2379 1991 2514 2062 παρ’
2541 1989 2718 2044 ἄλλων
2757 1983 3186 2058 περιεστρέφετο
3216 1976 3364 2042 ἅπαξ
3400 1977 3500 2047 τῆς
3534 1974 3792 2044 ἡμέρας.

2203 2085 2516 2139 Ἀκούσασα
2543 2083 2600 2136 δὲ
2635 2083 2668 2152 ἡ
2711 2081 2894 2151 μήτηρ
2932 2075 3102 2144 αὐτῆς
3119 2075 3188 2127 τὰ
3215 2071 3476 2140 γινόμενα
3498 2066 3794 2135 θαύματα,

2191 2177 2460 2246 ἐξήγαγεν
2491 2173 2585 2226 καὶ
2620 2171 2757 2240 αὑτὴ
2785 2168 2886 2236 τὴν
2917 2165 3198 2235 θυγατέρα
3227 2161 3401 2229 αὐτῆς
3431 2155 3794 2230 βασταζομέ-

2192 2286 2291 2340 νην
2323 2268 2427 2322 ὑπὸ
2467 2266 2676 2321 ἄλλωνο
2713 2262 2811 2317 καὶ
2841 2261 3050 2332 ἔθηκαν
3100 2258 3273 2325 αὐτὴν
3308 2251 3510 2318 ἐξωθεν
3540 2249 3635 2304 τοῦ
3671 2265 3795 2301 πυ-

2192 2361 2422 2423 λαιῶνος
2437 2376 2450 2391 ο
2468 2357 2698 2412 αὐτόθεν
2718 2355 2827 2425 γὰρ
2845 2352 3071 2424 ἔμελλεν
3091 2346 3404 2418 διέρχεσθαι
3441 2347 3469 2397 6
3500 2341 3794 2413 μακάριος

2194 2453 2514 2526 Γρηγόριος.
2540 2444 2671 2502 Είτα
2689 2447 2916 2516 ἐγγίσας
2932 2447 2999 2516 τῇ
3017 2441 3161 2513 πύλῃ
3189 2439 3282 2493 τοῦ
3311 2437 3536 2491 Σαϐίνου
3554 2437 3582 2488 ὁ
3601 2431 3795 2504 μακά-

2199 2524 2333 2616 ριος,
2364 2541 2460 2595 καὶ
2483 2537 2776 2604 ἐξελθοῦσα
2802 2537 2836 2606 ἡ
2871 2535 3009 2604 γυνὴ
3037 2530 3202 2585 αὐτοῦ
3239 2529 3436 2582 ἔπεσεν
3471 2527 3624 2596 παρὰ
3651 2524 3794 2582 τοὺς

2197 2615 2364 2700 πόδας
2389 2635 2484 2688 τοῦ
2519 2630 2788 2704 μακαρίου
2813 2627 3078 2682 κλαίουσα
3097 2624 3192 2678 καὶ
3215 2621 3476 2690 λέγουσα·
3525 2615 3795 2685 Ἐλέησόν

2205 2745 2297 2799 με,
2325 2725 2480 2780 δοῦλε
2512 2721 2607 2776 τοῦ
2645 2719 2806 2782 Θεοῦ,
2856 2717 2953 2770 καὶ
2986 2714 3173 2787 βοήθει
3198 2715 3263 2782 τῇ
3293 2708 3523 2779 ἀπιστίᾳ
3556 2723 3683 2777 μου.
3728 2704 3792 2756 Ὀ

2197 2796 2254 2872 δε
2289 2817 2424 2888 πρὸς
2460 2815 2658 2884 αὐτὴν·
2698 2810 2762 2862 Τί
2787 2807 2936 2861 ἐστίν
2967 2825 3073 2870 σοι,
3103 2805 3375 2874 θύγατερ;
3421 2801 3484 2853 Ἡ
3518 2798 3576 2852 δὲ
3612 2796 3822 2852 πάλιν,

2200 2909 2445 2964 πεσοῦσα
2470 2904 2622 2974 παρά
2642 2903 2772 2964 τοὺς
2811 2900 2982 2962 πόδας
3013 2895 3179 2950 αὐτοῦ
3213 2895 3360 2962 λέγει
3385 2891 3531 2961 αὐτῷ
3551 2907 3564 2920 ·
3597 2888 3794 2956 Ἐλέηο

2204 3003 2295 3056 σόν
2341 3018 2432 3072 με,
2467 2997 2621 3052 δοῦλε
2653 2995 2747 3049 τοῦ
2775 2991 2948 3046 Θεοῦ·
2984 2990 3046 3043 τὸ
3071 2987 3365 3058 θυγάτριόν
3405 3002 3507 3055 μου
3543 2981 3796 3053 παρελύ-

2204 3093 2292 3159 θη,
2329 3091 2421 3144 καὶ
2458 3089 2518 3142 ού
2559 3087 2783 3140 δύναται
2838 3083 2977 3145 ὅλως
3009 3077 3363 3149 σαλευθῆναι.
3413 3076 3471 3127 'U
3493 3073 3552 3126 δέ
3592 3085 3794 3142 φησιν·

2205 3187 2360 3248 Τίνος
2396 3185 2544 3236 ἐστὶν
2577 3179 2808 3250 σύμϐιος
2845 3175 3025 3245 αῦτη;
3069 3174 3126 3226 'O
3185 3172 3242 3224 δέ
3284 3167 3510 3230 Σαϐῖνος
3551 3163 3797 3230 ἐξελθὼν

2204 3278 2397 3330 ἔπεσεν
2427 3275 2581 3344 παρὰ
2606 3275 2732 3334 τοὺς
2761 3271 2930 3331 πόδας
2968 3266 3064 3319 τοῦ
3099 3262 3429 3335 Γρηγορίου,
3467 3259 3560 3312 καὶ
3590 3254 3754 3310 εἶπεν
3777 3269 3795 3286 ο

2205 3367 2374 3437 Δούλη
2419 3384 2534 3429 σου,
2567 3363 2726 3436 κύριέ
2766 3379 2889 3432 μου,
2922 3359 3058 3428 γυνὴ
3095 3356 3194 3426 μού
3235 3357 3406 3415 ἐστιν.
3455 3353 3511 3404 '0
3550 3350 3607 3403 δὲ
3633 3349 3796 3418 λέγει

2207 3458 2357 3529 αὐτῷ
2376 3474 2388 3486 ’
2415 3458 2590 3516 Πόσος
2623 3455 2816 3525 χρόνος
2849 3452 3031 3518 ἐστὶν,
3057 3447 3146 3516 ἀφ’
3181 3438 3240 3499 οῦ
3267 3446 3403 3514 αὐτῇ
3442 3442 3640 3512 συνέϐη
3667 3438 3801 3493 τοῦ-

2205 3570 2298 3618 το;
2350 3550 2410 3604 Ὀ
2464 3550 2522 3602 δὲ
2577 3545 2900 3616 ἀποκριθεὶς
2934 3536 3116 3595 εἶπεν
3162 3537 3351 3591 Ἐννέα
3393 3535 3579 3606 χρόνοι
3627 3534 3798 3596 εἰσὶν,

2206 3645 2465 3707 δέσποτα,
2523 3641 2615 3707 ἀφ’
2651 3632 2714 3692 οὗ
2767 3635 2928 3689 τοῦτο
2973 3635 3200 3702 γέγονεν
3243 3630 3404 3699 αὐτῇ.
3455 3628 3510 3679 '0
3544 3625 3600 3678 δὲ
3636 3623 3801 3692 ἅγιος

2211 3735 2324 3797 θεὶς
2348 3733 2417 3785 τὰ
2447 3731 2650 3800 γόνατα
2684 3725 3023 3800 προσεύξατο
3061 3721 3264 3790 λέγων·
3317 3717 3491 3789 Κύριέ
3541 3731 3642 3785 μου
3685 3715 3802 3784 ἰη-

2213 3829 2307 3882 σοῦ
2339 3825 2567 3896 Χριστὲ,
2600 3824 2628 3876 ὁ
2663 3822 2898 3891 ποιήσας
2923 3820 3015 3871 τόν
3054 3814 3284 3886 οὐρανὸν
3307 3816 3401 3866 καὶ
3423 3813 3522 3881 τὴν
3544 3810 3670 3878 γῆν,
3696 3805 3804 3876 τὴν

2213 3924 2490 3976 θάλασσαν
2544 3919 2640 3971 καὶ
2694 3917 2874 3970 πάντα
2915 3913 2986 3965 τὰ
3035 3913 3093 3963 ἐν
3142 3910 3348 3971 αὐτοῖς,
3384 3904 3533 3958 ἔπιδε
3578 3902 3670 3955 ἐπὶ
3698 3901 3802 3965 τὴν

2214 4009 2522 4082 προσευχὴν
2557 4007 2653 4061 τοῦ
2688 4005 2873 4059 δούλου
2917 4019 3036 4069 σου,
3088 4001 3184 4052 καὶ
3219 3995 3522 4052 ἐπάκουσόν
3571 4008 3672 4062 μου
3702 3989 3803 4042 τοῦ

2207 4089 2549 4175 ¹όιμαρτωλοῦ
2581 4101 2678 4154 καὶ
2728 4095 3008 4161 ταπεινοῦ,
3041 4093 3138 4146 καὶ
3169 4088 3466 4158 ἐπίσκεψαι
3498 4085 3600 4155 τὴν
3634 4081 3806 4138 παῖδα

2215 4173 2420 4267 ταύτην
2465 4197 2531 4264 τῇ
2585 4191 2815 4261 δυνάμει
2844 4187 2939 4241 τοῦ
2973 4187 3133 4255 ἁγίου
3179 4201 3272 4237 σου
3314 4179 3655 4251 Πνεύματος.
3691 4173 3806 4228 Καὶ

2216 4289 2392 4343 ταῦτα
2434 4284 2626 4346 εἰπὼν,
2656 4281 2896 4345 ἀναστὰς
2953 4277 3422 4351 περιεσφράγισεν
3469 4270 3569 4340 τὴν
3607 4269 3803 4338 κόρην,

2220 4383 2315 4435 καὶ
2344 4376 2516 4432 εἶπεν·
2564 4375 2680 4429 Ἐπὶ
2717 4373 2796 4444 τῷ
2825 4372 3051 4442 ὀνόματι
3091 4366 3185 4420 τοῦ
3206 4366 3410 4436 Κυρίου
3439 4360 3597 4432 ἡμῶν
3627 4356 3806 4428 Ἰησοῦ

2221 4470 2459 4544 Χριστοῦ
2481 4469 2694 4538 ἕγειραι
2714 4467 2808 4519 καὶ
2826 4463 2986 4533 στῆθι
3011 4462 3105 4515 ἐπὶ⁸
3118 4460 3246 4522 τοὺς
3266 4457 3430 4519 πόδας
3453 4471 3570 4506 σου.
3589 4450 3808 4512 Εὐθέως

2222 4543 2287 4619 δέ
2329 4566 2419 4618 καὶ
2467 4562 2810 4635 παραχρῆμα
2861 4555 3123 4624 ἐξανέστη
3159 4553 3194 4622 ἡ
3233 4551 3397 4620 κόρη,
3451 4545 3556 4600 καὶ
3613 4543 3810 4596 ἔπεσεν

2224 4658 2378 4729 παρά
2401 4655 2524 4718 τοὺς
2558 4653 2722 4715 πόδας
2748 4649 2843 4703 τοῦ
2877 4648 3040 4717 ἁγίου
3071 4646 3166 4700 καλ⁸
3197 4642 3470 4713 μακαρίου
3502 4635 3810 4709 Γρηγορίου

2220 4751 2488 4819 λέγουσαο
2523 4742 2846 4817 Εὐχαριστῶ
2881 4740 2960 4811 τῷ
3003 4739 3122 4808 Θεῷ
3169 4737 3257 4791 διὰ
3288 4733 3408 4798 σοῦ,
3434 4733 3698 4794 δέσποτα,
3725 4729 3810 4781 δτι

2221 4842 2312 4896 διὰ
2341 4840 2444 4908 τῆς
2475 4839 2576 4907 σῆς
2625 4833 2876 4904 καθαρᾶς
2922 4831 3202 4900 λατρείας,
3241 4821 3310 4898 ἧς
3355 4825 3622 4892 κέκτησαι
3674 4819 3814 4891 πρὸς

2222 4933 2314 4986 τὸν
2345 4932 2499 4994 Θεὸν,
2532 4927 2736 4981 έσωσέν
2768 4943 2836 4996 με
2865 4925 2930 4977 ἐκ
2970 4923 3069 4992 τῆς
3096 4919 3384 4980 ἀσθενείας
3439 4933 3562 4986 μου.
3603 4909 3713 4966 Ἦν
3753 4911 3816 4964 δὲ.

2224 5025 2286 5078 τὸ
2316 5023 2519 5093 πλῆθος
2542 5021 2644 5091 τῆς
2667 5018 2879 5079 πόλεως
2910 5011 3241 5068 ἀκολουθοῦν
3267 5007 3437 5078 αὐτῷ,
3464 5005 3562 5060 καὶ
3593 5003 3811 5072 θαυμά-

2231 5117 2414 5180 ζοντες
2459 5116 2551 5166 ἐπὶ
2601 5112 2672 5165 τὰ
2714 5107 2993 5181 παράδοξα
3035 5106 3104 5159 τὰ
3155 5103 3425 5172 γενόμενα
3473 5099 3565 5152 ὑπ’
3617 5093 3808 5149 αὑτοῦ.

2234 5212 2420 5264 Πᾶσαν
2447 5207 2626 5276 δὲτὴν
2661 5204 2815 5258 πόλιν
2848 5199 3093 5265 διελθὼν,
3126 5197 3218 5251 καὶ
3252 5195 3418 5248 πᾶσιν
3450 5191 3520 5244 τά
3549 5189 3686 5258 πρὸς
3712 5185 3812 5255 τὴν

2233 5302 2423 5373 χρείαν
2468 5298 2760 5368 διανέμων,
2814 5290 3151 5363 ὑπέστρεψεν
3188 5289 3246 5340 ἐν
3287 5287 3351 5356 τῇ
3408 5279 3675 5352 ἐκκλησίᾳ
3719 5278 3818 5345 τὴν

2236 5395 2465 5461 ὲννόιττ,ν
2487 5391 2638 5461 ὥραν
2670 5388 2810 5460 μετά
2836 5385 3039 5447 παντὸς
3059 5382 3151 5436 τοῦ
3188 5380 3394 5449 κλήρου
3423 5376 3518 5430 καὶ
3541 5373 3636 5427 τοῦ
3661 5370 3816 5432 λαοῦ,

2242 5487 2338 5540 καὶ
2374 5485 2472 5554 τὴν
2521 5482 2672 5535 θείαν
2704 5479 3023 5542 ἐπιτελέσας
3059 5471 3472 5546 μυσταγωγίαν,
3505 5466 3820 5536 παρέθηκεν

2246 5576 2526 5648 τράπεζαν
2556 5574 2720 5628 παντὶ
2753 5571 2831 5642 τῷ
2864 5571 3000 5640 λαῷ,
3031 5571 3145 5630 τοῖς
3190 5584 3251 5620 τε
3281 5564 3599 5636 ἱερατικοῖς,
3626 5560 3721 5613 καὶ
3744 5560 3820 5625 τῷ

2151 4605 2194 4659 D

570 5674 740 5729 linteo
794 5675 1158 5744 praecinctus,
1225 5685 1279 5728 et
1322 5689 1429 5727 una
1479 5687 1605 5726 eum
1655 5671 1830 5724 tribus
1893 5669 2144 5723 diaconis

576 5766 830 5825 Erasmo.
880 5766 1239 5836 Philadelpho
1277 5776 1329 5821 et
1372 5765 1658 5818 Platonico
1693 5763 1830 5830 plebi
1876 5763 2147 5816 universae

2251 5669 2461 5739 κλήρῳ,
2499 5667 2594 5720 καὶ
2627 5664 2702 5735 τῷ
2727 5661 2893 5733 κοινῷ
2943 5661 3036 5715 τοῦ
3079 5659 3232 5721 λαοῦ,
3267 5657 3455 5710 λοιπὸν
3485 5654 3542 5707 δὲ
3592 5653 3688 5705 καὶ
3718 5649 3824 5700 τῶν

2254 5759 2440 5832 χηρῶν
2470 5761 2562 5813 καὶ
2590 5757 2698 5810 τῷν
2737 5754 2967 5825 πτωχῶν
3014 5754 3178 5816 ἰδίως.
3211 5748 3320 5804 Ἦν
3355 5749 3409 5802 δὲ
3437 5745 3598 5808 αὐτὸς
3634 5742 3820 5804 διεζω-

651 5906 764 5982 (δι)
803 5908 935 5964 Cod.
971 5907 1034 5975 Ξ,
1089 5903 1502 5976 βασταζομένην
1549 5900 1640 5955 καὶ
1692 5900 1988 5970 αἰρομένην
2039 5899 2142 5951 ὑπὸ
2180 5900 2462 5966 τεσσάρων
2497 5913 2508 5928 ’
2555 5897 2649 5950 καὶ
2694 5893 2918 5962 ἔθηκαν.
