4158 6524
321 363 419 429 διι

1321 369 1380 426 S.
1408 368 1805 427 GREGORII'
1830 364 2343 428 AGRIGENTINI
2384 363 2582 424 VITA.

3479 358 3588 418 ὓιὲ

321 480 516 546 σμένος
562 477 728 546 ῥάκος
768 479 863 530 καὶ
903 478 1163 530 διακονῶν
1198 478 1360 532 παντὶ
1391 478 1469 547 τῷ
1495 478 1608 547 λαῷ
1640 479 1754 548 ἅμα
1779 479 1890 539 τοῖς

2007 475 2367 529 ministrabat.
2420 471 2593 526 Mater
2643 481 2825 526 autem
2876 469 2999 536 ejus
3049 485 3174 523 cum
3221 468 3436 523 ancillis
3467 472 3586 523 suis

319 569 499 638 τρισὶν
525 568 815 629 διακόνοις,
870 569 1151 639 Ἐράσμῳ,
1194 568 1506 639 Φιλαδέλφῳ
1540 571 1633 622 καὶ
1685 569 1901 620 Πλατω-

318 659 476 729 νικῷ.
518 661 580 712 ’Π
612 660 667 711 δὲ
708 662 890 731 μήτηρ
923 659 1085 712 αὑτοῦ
1128 662 1266 729 μετὰ
1296 660 1402 713 τῶν
1432 660 1605 730 αὐτῆς
1633 660 1900 730 θεραπαι-

318 753 478 804 νίδων
513 747 582 823 ἦν
628 752 1045 823 ὲξυπηρετοῦσα
1093 751 1454 814 ἀδιαλείπτως
1497 755 1574 816 εἰς
1603 752 1702 814 τὰς
1733 755 1902 823 χήρας

320 849 414 898 καὶ
434 847 612 898 πᾶσαν
641 846 909 914 πτωχίαν,
935 847 1098 908 ἰδίαις
1123 846 1315 916 χερσὶν
1341 845 1602 898 νίπτουσα
1628 845 1745 908 ἐνὸς
1775 847 1905 899 ἑκα-

320 954 450 990 στου
475 939 655 991 αὐτῶν
698 940 825 1002 τοὺς
856 938 1044 1000 πόδας.
1084 938 1142 991 ’0
1175 938 1232 990 δὲ
1261 937 1513 1009 Χαρίτων
1543 939 1570 990 6
1601 937 1783 1007 πατὴρ
1814 939 1904 989 αὑ-

317 1028 413 1081 τοῦ
453 1029 553 1080 οὐκ
604 1029 872 1096 ἀφίστατο
916 1029 1016 1098 τῆς
1056 1027 1354 1098 ἐκκλησίας
1386 1067 1402 1092 ,
1472 1027 1748 1098 νηστείαις
1810 1028 1905 1082 καὶ

321 1124 678 1192 προσευχαῖς,
718 1121 912 1184 νυκτός
960 1135 1021 1172 τε.
1080 1119 1174 1173 καὶ
1222 1119 1434 1190 ἡμέρας
1488 1118 1766 1188 λατρεύων
1827 1119 1904 1188 τῷ

320 1211 460 1281 Θεῷ,
503 1212 856 1280 ἐνδεδυμένος
901 1210 1140 1283 ρακώδη,
1177 1208 1573 1278 ἀναγινώσκων
1615 1209 1711 1262 καὶ
1760 1209 1906 1278 διερ-

320 1300 551 1370 χόμενος
579 1301 678 1364 τὰς
701 1301 960 1364 Βίϐλουςο
995 1304 1088 1353 καὶ
1121 1301 1440 1371 ἑρμηνεύων
1469 1302 1496 1352 6
1531 1301 1802 1369 μακάριος
1828 1299 1904 1367 τῷ

323 1390 493 1458 πατρὶ
555 1390 859 1460 ὁμοστίχως
890 1390 1024 1459 πρὸς
1051 1390 1306 1444 ἕκαστον.
1334 1385 1444 1441 Ἦν
1485 1390 1540 1442 δὲ
1575 1391 1602 1441 6
1634 1389 1904 1458 μακάριος

323 1479 598 1531 παιδεύων
631 1481 756 1542 τοὺς
805 1479 1084 1542 διακόνους
1132 1482 1188 1532 ὲν
1237 1483 1300 1550 τῇ
1349 1479 1654 1548 ἀναγνώσει
1700 1479 1793 1531 καὶ
1838 1481 1902 1549 τῇ

320 1569 610 1642 ψαλμῳδὶᾳ
658 1572 750 1624 καὶ
807 1573 1126 1642 ἑρμηνείαις
1168 1571 1275 1623 τῶν
1317 1571 1477 1624 θείων
1519 1570 1750 1641 Γραφῶν
1791 1572 1906 1622 Πα-

322 1662 480 1727 λαιᾶς
501 1681 557 1715 τε
590 1663 682 1716 καλ⁸
718 1664 886 1726 Νέας.
927 1663 1116 1733 Ἐδόθη
1148 1664 1202 1716 δὲ
1236 1665 1328 1716 καὶ
1361 1663 1521 1734 χάρις
1561 1663 1653 1715 ἐπὶ
1679 1662 1748 1714 τά
1779 1681 1905 1715 παι-

323 1755 506 1826 δάρια,
538 1755 678 1809 ὥστε
725 1755 1016 1826 προσέχειν
1067 1755 1216 1826 αὑτῷ
1260 1757 1395 1808 πᾶσι
1442 1758 1556 1819 τοῖς
1589 1754 1906 1823 λεγομένοις

2004 569 2226 622 assidue
2273 568 2472 622 viduas
2515 573 2570 618 et
2617 580 2777 618 omne
2807 565 3081 634 egentium
3129 579 3300 630 genus
3333 565 3585 628 curabat,

2005 659 2172 727 pedes
2227 672 2450 726 quoque
2512 656 2854 724 singulorum
2921 655 3176 708 manibus
3227 654 3342 706 suis
3407 655 3588 708 lavare

2004 749 2189 803 Solita.
2227 747 2340 803 Nec
2372 747 2600 802 Charite
2635 746 2882 814 Gregorii
2914 755 3064 813 pater
3103 763 3131 797 a
3173 747 3373 814 templo
3401 745 3585 799 disce-

2004 841 2170 896 debat
2219 859 2234 896 :
2279 839 2504 910 jejnniis
2560 849 2721 907 atque
2781 837 3262 891 obsecrationibus
3312 853 3472 892 nocte
3522 854 3587 892 ac

2006 933 2095 988 die
2126 933 2440 1002 diligentem
2497 930 2606 984 Deo
2651 929 2856 982 cultum
2912 929 3181 991 tribuens,
3221 930 3399 982 lacera
3451 946 3586 984 con-

2008 1032 2192 1078 tentus
2220 1033 2390 1088 veste,
2425 1035 2708 1075 sacrorum
2744 1018 3028 1072 Librorum
3072 1019 3289 1072 lectioni
3324 1019 3539 1073 deditus
3567 1061 3582 1082 ,

2006 1133 2147 1185 quos
2183 1117 2348 1170 etiam
2381 1115 2576 1168 beatus
2605 1112 2686 1164 vir
2732 1127 2826 1179 per
2867 1111 3116 1178 singulos
3144 1109 3410 1163 articulos
3446 1112 3584 1179 patri

2009 1208 2497 1269 interpretabatur.
2537 1203 2866 1270 Quanquam
2911 1202 3050 1254 idem
3101 1203 3426 1270 praecipuam
3464 1203 3586 1256 dia-

2007 1300 2164 1354 eonis
2188 1300 2304 1351 suis
2331 1296 2689 1351 instituendis
2724 1308 2946 1362 operam
2983 1294 3240 1356 navabat,
3280 1301 3338 1346 ut
3368 1301 3422 1346 et
3450 1293 3590 1347 bene

2009 1392 2274 1459 legerent,
2317 1400 2370 1442 et
2404 1388 2642 1457 psalmos
2684 1394 2967 1450 canerent,
3017 1395 3071 1438 et
3112 1385 3328 1438 divinas
3370 1382 3595 1440 Veteris-

2007 1484 2256 1553 Novique
2291 1482 2626 1536 Testamenti
2671 1481 2885 1534 litteras
2929 1480 3443 1547 interpretarentur.
3482 1478 3586 1532 No-

2009 1594 2115 1646 que
2162 1578 2228 1630 iis
2273 1577 2633 1630 incitamenta
2667 1573 2911 1636 defuere,
2962 1574 3262 1640 quominus
3300 1571 3590 1637 diligenter

2010 1670 2076 1723 iis
2116 1670 2482 1729 attenderem,
2523 1682 2643 1736 qua:
2688 1666 2756 1718 ah
2796 1681 2862 1719 eo
2909 1665 3308 1718 tradebantur:
3351 1662 3488 1715 adeo
3529 1667 3593 1713 ut

2011 1775 2118 1813 non
2149 1760 2363 1812 civibus
2395 1758 2600 1815 solum.
2636 1756 2728 1809 sed
2757 1755 3039 1810 iusulariis
3067 1754 3324 1809 Omnibus
3350 1753 3586 1806 admira-

327 1848 465 1916 μετά
510 1848 692 1919 πάσης
752 1847 1064 1918 ἀκριϐείας,
1117 1849 1212 1901 καὶ
1267 1847 1646 1918 θαυμάζεσθαι
1705 1848 1898 1909 αὐτοὺς

2007 1852 2141 1904 tioni
2194 1859 2399 1903 essent.
2452 1849 2630 1918 Atque
2690 1849 2806 1902 lucc
2858 1856 2978 1902 erat
3051 1860 3243 1900 eorum
3297 1843 3587 1911 occupatio

324 1937 428 1988 ὑπὸ
458 1938 675 1990 πάντων
701 1937 809 1990 τῶν
840 1937 1011 1991 ὄντων
1046 1939 1102 1990 ἐν
1136 1940 1202 2008 τῇ
1231 1939 1406 2000 πόλει,
1437 1937 1573 1991 ἀλλά
1599 1937 1695 1990 καὶ
1723 1939 1903 2007 πάσης

321 2027 422 2094 τῆς
453 2031 638 2095 νήσου.
681 2028 868 2081 Ταῦτα
897 2028 954 2081 δὲ
982 2027 1200 2080 ἐποίουν
1225 2028 1405 2091 πάσας
1426 2028 1526 2090 τάς
1560 2028 1792 2099 ἡμέρας.

391 2121 516 2174 ΝΡ.
536 2121 683 2174 Ἰδὼν
711 2121 766 2173 δὲ
799 2123 826 2174 6
861 2121 1168 2191 ἀρχέκακος
1188 2121 1435 2184 διάϐολος
1462 2121 1561 2192 τὴν
1593 2123 1686 2175 τοῦ
1713 2123 1904 2193 ἀνδρὸς

322 2213 567 2283 καθαρὰν
601 2215 696 2268 καὶ
728 2215 1060 2285 ἀκηλίδωτον
1085 2213 1382 2278 πολιτείαν,
1442 2216 1541 2284 οὐχ
1598 2216 1905 2284 ὑπήνεγκεν

322 2307 500 2375 φθόνῳ
551 2307 886 2376 φερόμενος·
934 2306 1187 2376 ἐκίνησεν
1238 2305 1295 2358 δὲ
1338 2306 1580 2377 πόλεμον
1635 2308 1777 2360 κατὰ
1809 2308 1902 2360 τοῦ

319 2397 552 2462 δικαίου,
578 2399 725 2460 ὅπως
765 2398 931 2451 αὑτὸν
959 2399 1068 2451 ἀπὸ
1098 2397 1192 2450 τοῦ
1224 2399 1414 2470 θρόνου
1443 2398 1610 2452 αὑτοῦ
1641 2401 1900 2470 κατεάξῃ.

321 2490 429 2543 Καὶ
461 2490 849 2561 προσυπῆρχον
881 2493 936 2543 ἐν
966 2491 1134 2561 ἔχθρᾳ
1161 2493 1188 2544 ὃ
1211 2509 1270 2544 τε
1298 2491 1523 2555 Σαϐῖνος
1553 2494 1581 2545 6
1611 2493 1908 2562 πρεσϐύτε-

322 2598 434 2649 ρος,
466 2583 561 2634 καὶ
600 2583 1013 2651 Κρησκεντῖνος
1062 2582 1331 2642 διάκονος.
1362 2584 1519 2636 Κατά
1547 2584 1605 2636 δὲ
1637 2585 1737 2647 τὰς
1766 2565 1904 2655 ήμὲέ-

316 2689 422 2746 ’ρας
454 2673 667 2733 ὲκείνας
695 2673 990 2730 ἐφιλίασαν
1030 2673 1166 2742 πρὸς
1211 2675 1492 2744 ἀλλήλους,
1528 2676 1624 2727 καὶ
1653 2676 1812 2729 τοῦτο
1841 2680 1905 2730 ὲκ

318 2763 415 2816 τοῦ
463 2765 772 2834 ἀρχεκάκου
818 2765 1036 2817 Σατανᾶ
1091 2765 1274 2828 αὐτοῖς
1329 2767 1901 2834 παρασκευασθέντος.

322 2855 433 2908 Καὶ
482 2856 1023 2924 συμϐουλευσάμενοι
1081 2855 1199 2925 μετ’
1247 2855 1493 2926 ἀλλήλων
1551 2853 1702 2909 εἷπον
1766 2857 1905 2926 πρὸς

319 2946 584 3010 ἑαυτούς·
621 2948 766 3012 Ἕως
799 2949 930 3001 πότε
969 2951 1127 3018 ἡμεῖς
1170 2949 1383 3017 ἔχωμεν
1427 2943 1564 3002 εἶναι
1603 2949 1904 3020 ὑποχείριοι

318 3037 412 3090 τοῦ
463 3039 754 3110 ἀνθρώπου
789 3040 979 3093 τούτου
1013 3041 1071 3092 ὲν
1111 3040 1188 3110 τῷ
1220 3036 1356 3092 εἶναι
1388 3040 1547 3092 αὑτὸν
1576 3043 1780 3112 γοήτην
1810 3041 1904 3093 καὶ

324 3131 637 3202 φαρμακὸν,
672 3133 767 3185 καὶ
805 3131 894 3184 διὰ
950 3131 1058 3185 τῶν
1106 3131 1349 3201 μαγειῶν
1414 3131 1578 3184 αὑτοῦ
1631 3135 1802 3186 ποιεῖν
1834 3133 1904 3185 τὰ

318 3224 511 3294 ψευδῆ,
543 3223 578 3278 ἃ.
612 3226 760 3278 ποιεῖ
810 3227 925 3289 τοῖς
973 3223 1278 3293 ἀγνώστοις
1325 3223 1638 3294 ἀνθρώποις
1677 3229 1776 3295 τῆς
1809 3227 1902 3279 πόα-

319 3317 454 3382 λεως
507 3318 745 3390 ταύτηςς
781 3320 878 3373 καὶ
928 3319 1028 3371 οὐκ
1086 3317 1428 3387 ἐπιστάμεθα
1461 3319 1520 3370 τὸ
1551 3318 1667 3382 πῶς
1702 3319 1902 3388 ἔφυγεν

323 3413 387 3461 ἐκ
411 3408 519 3462 τῶν
549 3408 724 3470 ἔνθεν,
766 3409 862 3461 καὶ
904 3405 1225 3477 διεπέρασεν
1261 3409 1340 3470 εἰς
1369 3407 1438 3460 τὰ
1470 3407 1620 3478 ἔθνη,
1652 3410 1900 3471 κάκεῖσε,

321 3503 397 3564 ὡς
439 3501 779 3571 ἠκούσαμεν,
831 3499 1170 3571 παρέμεινεν
1216 3498 1272 3551 ἕν
1321 3517 1426 3552 τινι
1475 3501 1753 3571 φαρμακῴ
1809 3501 1906 3554 καὶ

326 3594 520 3665 μάγῳ·
589 3594 845 3647 κάκεῖθεν
883 3593 1145 3664 ἦντλησεν
1176 3594 1357 3646 πᾶσαν
1404 3594 1648 3663 μαγικὴν
1681 3594 1905 3646 κακότε-

323 3701 446 3752 χνον
483 3684 747 3750 ἐπίνοιαν,
782 3685 876 3737 καὶ
901 3683 1172 3750 ὲπιπλανᾷ
1201 3685 1325 3746 τοὺς
1357 3682 1697 3753 ἀνθρώπους,
1732 3683 1905 3750 λέγων

323 3775 399 3836 ὡς
420 3774 644 3843 Σίμωνό
678 3775 871 3845 μάγος,
902 3776 983 3828 ὃτι
1016 3774 1336 3844 ’Ἄνθρωπός
1354 3776 1466 3844 εἰμι
1505 3775 1598 3827 τοῦ
1623 3775 1779 3837 Θεοῦ,
1813 3776 1906 3828 καὶ

324 3866 546 3934 γέγονεν
583 3867 818 3937 δαίμωνς
855 3869 1005 3938 ὁρᾷς,
1050 3867 1130 3918 δτι
1172 3863 1296 3918 οὔτε
1341 3867 1510 3918 ἐσθίει
1551 3866 1674 3918 οὔτε
1738 3869 1904 3931 πίνει,

325 3959 546 4022 πάντως
596 3961 677 4013 ὅτι
724 3962 820 4013 καὶ
849 3961 898 4013 οἱ
925 3959 1180 4029 δαίμονες
1205 3957 1329 4011 οὔτε
1361 3957 1635 4011 ἐσθίουσιν
1669 3958 1791 4012 οὔτε
1821 3960 1908 4012 πί-

308 4069 538 4118 .νουσιν;
585 4053 1010 4123 Ἐρευνησαντες
1055 4051 1112 4104 δὲ
1170 4053 1228 4104 ἐν
1279 4052 1374 4122 ὅλῃ
1416 4054 1480 4121 τῇ
1535 4052 1709 4117 πόλει,
1745 4045 1906 4122 εὗρον

325 4147 390 4196 ἐκ
421 4143 513 4196 τοῦ
548 4144 678 4197 λαοῦ
722 4145 1024 4208 παντὸς,ἐκ
1053 4143 1151 4214 μὲν
1181 4143 1292 4196 τῶν
1328 4143 1606 4212 κληρικῶν
1649 4144 1739 4198 τὸν
1791 4146 1908 4214 ἀρι-

325 4237 462 4304 θμὸν
492 4235 700 4305 ἀνδρῶν
747 4236 1062 4306 τριάκοντα,
1093 4236 1184 4288 καὶ
1209 4235 1429 4298 τούτους
1453 4235 1766 4302 ἁγνώστους
1813 4235 1908 4288 καὶ

326 4327 746 4398 ἀγραμμάτους,
774 4327 848 4398 μὴ
876 4326 1082 4389 εἰδότας
1109 4326 1292 4390 δεξιὰν
1321 4327 1502 4378 αὐτῶν
1531 4327 1564 4397 ἢ
1588 4327 1902 4398 ἀριστεράν·

326 4415 423 4467 καὶ
467 4415 688 4478 λαῖκοὺς
733 4415 826 4468 τὸν
881 4415 1116 4486 ἀριθμὸν
1168 4417 1338 4469 εἴκοσι
1372 4417 1556 4472 πέντε.
1591 4414 1752 4471 Οὗτοι
1785 4436 1908 4470 συν-

2007 1944 2349 2013 quotidiana.

2078 2122 2208 2176 Llll.
2254 2121 2432 2176 Vitam
2478 2138 2608 2177 vero
2651 2121 2828 2174 sancti
2877 2119 2978 2172 viri
3031 2130 3141 2172 tam
3188 2133 3380 2187 puram
3421 2125 3588 2184 atque

2007 2220 2275 2272 illibatam
2331 2219 2562 2272 intuitus
2610 2217 2879 2270 malorum
2931 2213 3022 2268 ille
3069 2221 3261 2266 auctor
3305 2210 3583 2272 diabolus,

2008 2312 2212 2365 invidia
2240 2319 2396 2364 actus
2424 2326 2530 2363 non
2557 2309 2713 2372 tulit;
2751 2325 2815 2361 ac
2845 2307 3044 2360 bellum
3079 2305 3342 2357 adversus
3369 2302 3582 2369 justum

2007 2403 2287 2465 excitavit,
2332 2410 2392 2454 ιιι
2419 2416 2544 2454 eum
2589 2416 2617 2453 a
2665 2400 2864 2454 throno
2895 2395 3232 2451 deturbaret.
3279 2391 3588 2445 Inimicitiae

2005 2505 2164 2548 erant
2197 2493 2340 2546 inter
2371 2491 2634 2545 Sabinum
2666 2491 3044 2558 presbyterum
3071 2495 3124 2539 et
3154 2483 3582 2539 Crescentinum

2006 2585 2329 2637 diaconum.
2363 2584 2431 2636 At
2467 2590 2590 2652 post
2619 2597 2714 2636 eos
2745 2581 2884 2641 dies,
2919 2579 3121 2633 Satana
3155 2575 3434 2631 adnitente
3461 2587 3588 2628 eos-

2008 2695 2117 2746 que
2144 2677 2495 2738 conciliante,
2524 2677 2824 2730 amicitiam
2853 2675 2997 2728 inter
3023 2689 3081 2728 se
3109 2673 3363 2725 inierunt.
3395 2669 3589 2738 Itaque

2008 2769 2076 2822 ad
2133 2769 2549 2822 delibetandttm
2625 2767 2944 2835 congressi,
3014 2765 3198 2818 dicere
3259 2767 3582 2829 cmperunt:

2005 2861 2305 2929 Quousque
2358 2861 2577 2914 tandem
2632 2859 2871 2913 hominis
2925 2873 3025 2911 nos
3082 2856 3244 2921 lmjus
3291 2853 3583 2922 imperium

2008 2952 2268 3015 feremus,
2317 2953 2409 3020 qui
2464 2951 2757 3020 prtestigiis
2809 2966 2875 3004 ac
2932 2947 3211 3004 veneficiis
3260 2945 3585 3005 delectatur,

2005 3053 2060 3097 et
2113 3043 2247 3098 falsa
2303 3043 2535 3110 magicis
2596 3042 2808 3096 artibus
2859 3040 3141 3100 obtrudit,
3206 3036 3590 3107 imperitisque

2009 3134 2172 3202 lmjus
2207 3135 2358 3188 urbis
2410 3133 2728 3188 hominibus
2781 3133 3052 3202 imponit?
3107 3130 3216 3184 Nec.
3262 3147 3392 3185 vero
3441 3129 3583 3182 viam

2006 3226 2370 3284 inveniemus.
2402 3242 2513 3294 quo
2559 3235 2718 3295 pacto
2749 3226 2841 3279 ille
2875 3227 3053 3279 solum
3087 3231 3282 3281 vertat.
3325 3232 3490 3288 atque
3521 3236 3593 3274 eo

2006 3316 2250 3384 gentium
2291 3315 2546 3384 trajiciat,
2594 3315 2707 3378 ubi,
2739 3325 2797 3369 ut
2839 3315 3174 3372 audivimus.
3206 3327 3329 3366 cum
3368 3310 3592 3364 homine

2007 3409 2251 3461 veneﬁco
2285 3418 2339 3462 et
2375 3425 2534 3477 mago
2570 3417 2820 3462 versatus
2863 3417 2968 3470 est,
3023 3418 3076 3461 et
3124 3407 3322 3460 malam
3367 3419 3586 3458 omnem

2007 3516 2292 3568 magorum
2342 3500 2527 3554 hausit
2569 3499 2855 3553 scientiam
2909 3516 2922 3552 :
2969 3514 3076 3568 qua
3140 3513 3284 3551 nunc
3339 3496 3592 3549 homines

2007 3593 2208 3660 decipit
2236 3591 2372 3660 (δῦ),
2414 3591 2506 3645 Dei
2555 3607 2614 3645 se
2658 3591 2944 3645 hominem
2993 3606 3133 3648 esse,
3176 3599 3233 3640 ut
3268 3587 3459 3642 Simon
3501 3588 3590 3639 ille

2008 3701 2222 3754 magus,
2275 3684 2559 3748 dictitans,
2609 3700 2733 3737 cum
2786 3684 2998 3736 daunon
3052 3681 3156 3734 sit?
3215 3681 3474 3744 videsne,
3532 3689 3593 3732 ut

2009 3797 2184 3849 neque
2212 3780 2341 3848 quid
2377 3781 2523 3842 edat,
2560 3793 2737 3848 neque
2783 3778 2951 3840 bibat,
3003 3775 3230 3829 omnino
3279 3781 3338 3827 ut
3381 3772 3590 3826 dmmo-

2009 3888 2106 3926 nes
2139 3887 2316 3938 neque
2354 3871 2520 3922 edunt
2554 3870 2875 3937 quidquam,
2921 3883 3096 3935 neque
3134 3865 3364 3919 bibunt?
3394 3863 3588 3917 'l‘otam

2009 3972 2190 4016 autem
2227 3963 2416 4014 urbem
2473 3961 2728 4023 scrutati,
2780 3976 2844 4012 ex
2893 3959 3154 4011 universo
3190 3957 3389 4024 populo
3436 3955 3590 4008 inve-

2010 4071 2141 4109 nere
2207 4055 2438 4109 clericos
2505 4053 2724 4120 quidem
2802 4065 3034 4104 nmnero
3103 4048 3322 4116 triginta
3385 4061 3594 4112 eosque

2009 4149 2173 4201 rudes
2195 4147 2352 4215 plane
2385 4155 2546 4213 atque
2579 4145 2908 4202 illitteratus,
2933 4157 3054 4211 quae
3090 4143 3276 4192 dextra
3315 4139 3592 4206 ipsorum,

2009 4256 2132 4309 qua:
2165 4239 2390 4293 sinistra
2433 4245 2597 4297 esset,
2647 4239 2990 4298 nescientes;
3029 4233 3272 4302 plebeios
3317 4245 3446 4284 vero
3489 4229 3595 4283 ho-

2011 4332 2187 4386 mines
2219 4330 2465 4398 quinque
2498 4339 2552 4382 et
2590 4329 2804 4396 viginti.
2857 4325 2918 4379 lli
2965 4337 3154 4380 contra
3197 4325 3406 4390 justum
3430 4318 3586 4395 [ιλιι]

2011 4426 2464 4491 conspiraverunt
2506 4420 2572 4473 ad
2625 4436 2749 4474 eum
2801 4436 2864 4473 ex
2922 4419 3057 4472 urbe
3097 4417 3482 4486 expellendum
3535 4425 3591 4469 et

324 4507 566 4577 ωμοσίας
607 4510 723 4578 μετ’
749 4508 995 4580 ἀλλήλων
1034 4509 1273 4562 διέθεντο
1323 4510 1466 4563 κατὰ
1521 4511 1613 4564 τοῦ
1671 4511 1902 4577 δικαίου,

2009 4518 2132 4587 ejus
2164 4517 2288 4569 loco
2321 4513 2619 4568 creandum
2651 4512 2752 4566 sibi
2801 4511 3064 4566 Leucium
3091 4509 3386 4577 quemdam
3422 4513 3591 4560 turre-

326 4599 467 4652 ώστε
498 4600 750 4666 ἐκδιῶξαι
780 4601 940 4654 αὑτὸν
975 4604 1038 4655 ὲκ
1065 4601 1166 4672 τῆς
1201 4601 1432 4667 πόλεως,
1462 4603 1558 4655 καὶ
1586 4604 1904 4674 χειροτονῆ-

329 4707 421 4744 σαι
455 4691 664 4754 ἑαυτοῖς
693 4691 920 4745 Λεύκιόν
973 4709 1098 4746 τινα
1149 4693 1444 4764 αἱρετικὸν,
1483 4695 1905 4765 ἀποπρεσϐύτε-

329 4801 444 4854 ρον,
477 4783 630 4850 ξένον
662 4786 840 4838 ἐκεῖσε
879 4785 1340 4855 παραγενόμενον,
1391 4785 1902 4856 ἀναθεματισθὲντα

401 5029 513 5095 (53)
551 5028 686 5102 god.
726 5029 780 5102 2,
813 5030 906 5082 καὶ
932 5031 1222 5102 ἀποπλανᾷ
1249 5030 1376 5102 τοὺς
1407 5029 1747 5102 ἀνθρώπους.

399 5102 510 5164 (56)
554 5100 710 5154 Unde
759 5101 861 5153 iste
907 5103 1142 5156 Leucius
1197 5100 1380 5164 fuerit,
1426 5100 1590 5169 quam
1651 5104 1899 5158 hmresim

331 5169 564 5242 foverit,
635 5187 758 5242 quze
805 5171 956 5242 illum
1007 5173 1250 5242 synodus
1297 5172 1661 5234 damnaverit,
1715 5176 1902 5229 omnia

329 5241 511 5294 ignota
554 5252 700 5296 sunt.
749 5241 806 5294 lu
859 5241 1083 5295 Decreto
1124 5242 1343 5298 concilii
1397 5242 1650 5301 Romani.
1699 5243 1750 5296 in
1795 5262 1904 5312 quo

331 5323 684 5364 recensentur
730 5312 854 5364 libri
907 5314 1212 5381 upocryplu',
1260 5312 1350 5382 qui
1399 5328 1499 5364 non
1557 5315 1898 5380 recipiuntur,

331 5381 500 5432 notati
539 5398 756 5447 quoque
797 5392 923 5435 sunt
953 5383 1078 5436 libri
1110 5381 1306 5443 omnes,
1349 5399 1476 5450 quos
1515 5383 1640 5452 fecit
1675 5383 1900 5438 Leucius

329 5453 620 5524 discipulus
649 5455 850 5506 diaboli
883 5453 1070 5520 (llard.
1105 5465 1141 5507 t.
1175 5453 1239 5517 ll,
1281 5470 1334 5523 p.
1367 5451 1520 5522 941).
1548 5451 1748 5509 Verqu
1785 5457 1900 5524 ple-

331 5523 486 5590 rique
509 5526 612 5575 sub
636 5524 855 5576 Gelasio
883 5526 1150 5592 prodiisse
1177 5526 1456 5579 decretum
1491 5525 1621 5577 illud
1650 5523 1898 5588 censent,

330 5607 475 5644 anno
517 5594 661 5657 ιςιιιι;
710 5596 930 5662 quidam
975 5596 1254 5662 antiquius
1305 5594 1468 5648 etiam
1519 5611 1642 5647 esse
1685 5597 1897 5650 volunt.

333 5664 471 5715 Sunt
503 5677 788 5730 przeterea,
820 5665 911 5732 qui
941 5663 1200 5718 Leucium
1232 5666 1381 5718 illum
1412 5679 1534 5719 esse
1560 5675 1771 5732 putent,
1805 5667 1897 5734 qui

332 5734 596 5786 Charinus
633 5736 1054 5800 cognominatus
1085 5744 1187 5794 est.
1238 5741 1301 5788 de
1346 5749 1455 5802 quo
1500 5734 1729 5790 Photius
1771 5737 1897 5790 cod.

336 5802 475 5869 1H;
517 5805 565 5858 is
601 5813 780 5859 autem
829 5806 996 5859 multo
1043 5806 1322 5876 antiquior
1357 5803 1576 5861 Gelasio
1603 5805 1724 5871 fuit,
1771 5823 1894 5862 cum

2009 4612 2174 4665 ticum
2215 4625 2278 4662 ac
2309 4606 2624 4662 sacerdotio
2659 4605 2979 4674 spoliatum,
3027 4604 3120 4673 qui
3170 4605 3371 4670 hospes
3403 4600 3458 4652 in
3499 4598 3590 4652 Si-

2007 4701 2188 4756 ciliam
2247 4699 2582 4757 advenerat,
2651 4706 2941 4766 postquam
3001 4711 3124 4748 cum
3180 4701 3368 4746 sancta
3421 4706 3590 4761 syno-

2006 4794 2108 4849 dus
2151 4791 2264 4861 (56)
2315 4805 2379 4844 ex
2439 4789 2687 4842 ﬁnitimis
2741 4788 3064 4844 Laodiceam
3093 4794 3310 4850 coacta,
3360 4783 3589 4839 anathe-

2007 5036 2206 5090 librum
2230 5037 2348 5105 ejus
2371 5035 2603 5105 appellet
2627 5035 2858 5089 Photius
2882 5034 3069 5105 πάσης
3087 5031 3355 5105 αἱρέσεως
3377 5029 3585 5100 πηγήν.

2009 5107 2163 5162 Unus
2192 5102 2275 5160 est
2305 5102 2547 5167 Planius,
2585 5102 2684 5174 qui
2721 5107 2870 5158 illum
2914 5104 3114 5157 suaequ
3142 5119 3188 5174 vt
3221 5102 3426 5154 vixisse
3456 5118 3588 5154 con-

2006 5180 2195 5231 tendat
2225 5180 2301 5243 tin
2344 5177 2481 5231 Inst.
2524 5172 2668 5230 llist.
2701 5176 2827 5230 εδει.
2864 5192 2915 5242 p.
2951 5174 3100 5239 Q75).
3137 5172 3391 5242 Synodus
3424 5186 3588 5243 porro

2007 5241 2337 5309 Laodicena,
2369 5248 2529 5314 cujus
2559 5249 2623 5299 ad
2659 5263 2759 5298 nos
2789 5241 2922 5298 Acta
2961 5241 3278 5312 pervenere,
3319 5258 3424 5296 una
3459 5241 3582 5305 fuit,

2005 5334 2180 5379 eaque
2239 5320 2290 5370 in
2339 5319 2573 5386 Phrygia
2631 5315 2919 5368 Pacatiana
2972 5314 3241 5367 celebrata
3298 5322 3380 5366 est
3441 5327 3587 5386 anno

2004 5390 2110 5443 '57:).
2167 5406 2193 5442 a
2245 5383 2512 5443 Palrihusw
2549 5387 2639 5445 9:2.
2698 5401 2930 5451 quorum
2983 5398 3225 5437 canones
3273 5397 3464 5436 omnes
3517 5383 3585 5434 de

2005 5461 2254 5513 moribus
2298 5461 2474 5527 deque
2527 5456 2894 5527 Eeelesiarutn
2952 5452 3317 5523 regundarum
3369 5453 3581 5506 ratione

2005 5540 2155 5583 sunt.
2189 5529 2324 5582 Alim
2359 5525 2641 5581 ljaodiceze
2671 5525 2863 5596 synodi
2897 5539 3005 5577 non
3033 5531 3454 5596 memorantur;
3484 5537 3584 5576 nec

2002 5600 2096 5668 qui
2136 5600 2392 5669 reliquias
2442 5600 2491 5652 id
2533 5593 2714 5666 genus
2755 5595 3082 5669 racemando
3118 5593 3582 5669 perquisiverunt,

2003 5664 2424 5738 tioruquuod
2483 5664 2676 5729 seiam,
2733 5666 2957 5738 aliquid
2987 5664 3164 5738 adhuc
3216 5665 3268 5738 i_u
3315 5679 3452 5738 rem_
3482 5677 3583 5715 uo-

2003 5752 2173 5793 stiam
2204 5733 2368 5804 nacti,
2409 5736 2616 5793 Leontii
2647 5733 2962 5791 auctoritati
3002 5733 3287 5789 fulcienda:
3319 5734 3581 5803 prodesse

2004 5819 2252 5880 possunt.
