4158 6542
583 351 692 416 643

1568 362 1630 422 S.
1678 363 2057 426 GREGORII
2104 367 2623 432 AGRIGENTINI
2667 372 2862 433 VITA.

3737 383 3838 448 6M

583 482 731 525 male
781 481 1084 525 notaverat.
1131 471 1229 527 llic
1281 492 1497 546 nempe,
1547 496 1863 552 quanquam
1911 485 2050 539 nihil
2095 488 2160 540 de

2263 490 2326 541 ἐκ
2356 491 2454 561 τῆς
2483 491 2648 559 ἁγίας
2692 492 2919 558 τοπικῆς
2955 493 3178 546 συνόδου
3223 494 3529 566 γενομένης
3575 499 3630 550 ὲν
3665 503 3848 555 Λαοδι-

584 576 653 614 eo
696 572 943 616 senserat
990 563 1315 633 Gregorius,
1374 569 1574 625 latebat
1623 575 1765 643 apud
1815 573 2163 631 Theodorum

583 654 876 724 quemdam
917 656 1251 711 Eulostrium
1290 660 1400 731 (57)
1452 663 1505 716 in
1558 665 1700 731 loco,
1742 684 1905 736 quem
1945 671 2166 726 Modio-

584 744 695 800 lum
763 748 1074 817 appellant,
1134 755 1351 806 tertium
1402 755 1515 823 jam
1591 775 1835 816 mensem
1909 772 2165 833 tanquam

584 854 814 908 serpens
873 841 1167 920 abstrusus
1216 863 1229 900 :
1289 857 1454 918 atque
1509 849 1647 906 idem
1701 855 1959 908 invidiam
2014 856 2166 926 justo

586 932 866 988 conﬂavit.

661 1111 792 1166 LIV.
837 1113 900 1167 lli
952 1131 1147 1170 onmcs
1201 1117 1253 1171 in
1307 1121 1599 1177 consilium
1665 1139 1790 1178 cum
1862 1125 2067 1183 Sabino
2113 1142 2166 1185 et

587 1202 948 1286 Crescentino
995 1223 1375 1267 Convenerunt
1406 1232 1418 1267 :
1455 1217 1544 1283 qui
1601 1220 1734 1272 satis
1781 1223 2040 1288 grandem
2085 1225 2164 1278 eis

591 1299 878 1364 pecuniam
917 1300 1206 1367 dederunt,
1247 1311 1307 1357 ut
1353 1317 1603 1363 sanctum
1645 1308 1962 1377 Gregorium
1997 1330 2164 1368 accn-

589 1401 798 1446 sarent.
838 1391 1010 1448 Porro
1054 1395 1249 1450 beatus
1288 1398 1370 1451 vir
1419 1397 1682 1454 Leiicium
1721 1403 1773 1455 in
1821 1402 2043 1459 Oriente
2082 1409 2158 1459 vi-

589 1484 767 1547 derat,
803 1484 1034 1555 ejusque
1085 1490 1356 1544 sententia
1414 1491 1558 1545 circa
1609 1494 1849 1548 divinam
1909 1498 2164 1552 inhuma-

588 1575 865 1628 nationem
917 1585 1161 1639 tentata.
1225 1592 1510 1636 notaverat
1562 1593 1729 1654 atque
1797 1587 1850 1640 in
1907 1591 2161 1644 exsilium

587 1665 898 1733 pellendum
933 1678 1169 1723 curarat.
1207 1669 1438 1738 Exinde,
1482 1685 1537 1727 ut
1582 1674 1718 1740 dixi,
1765 1679 2052 1733 consilium
2087 1681 2163 1734 illi

586 1757 832 1811 inierunt
877 1761 1136 1814 acerbum
1187 1777 1320 1818 sane
1369 1775 1534 1834 atque
1580 1770 1918 1824 crudelitatis
1976 1779 2028 1824 et
2074 1772 2162 1824 fu-

585 1849 750 1913 roris,
785 1859 839 1904 et
863 1852 1090 1907 sceleris
1124 1855 1529 1926 impietatisque
1550 1860 1950 1928 plenissimum.
1980 1866 2163 1920 Puella

583 1953 704 1995 erat
731 1943 783 1996 in
815 1943 949 1998 urbe
994 1948 1370 2014 meretricula,
1416 1954 1637 2006 nomine
1671 1952 1871 2008 Evodia
1900 1956 2033 2027 (58),
2068 1973 2163 2012 ea-

583 2048 692 2102 que
749 2036 932 2104 specie
1018 2038 1413 2106 puleherrima.
1472 2041 1626 2098 Hanc
1681 2044 1836 2114 impii
1911 2046 2163 2104 homines

583 2140 708 2178 cum
775 2141 1294 2198 praeoccupassent,
1365 2133 1445 2188 sic
1499 2134 1854 2205 alloquuntur
1903 2157 1916 2192 :
1972 2139 2160 2196 Fidem

583 2215 723 2269 habe
761 2218 942 2282 nobis,
976 2230 1028 2273 et
1059 2222 1202 2290 quod
1248 2222 1348 2276 tibi
1389 2227 1734 2282 committere
1763 2229 2038 2292 volumus,
2070 2248 2162 2286 ar-

579 2319 780 2360 canum
813 2318 1077 2366 servato:
1122 2329 1378 2384 magnam
1427 2318 1524 2370 tibi
1568 2321 1813 2387 pecunia:
1852 2324 1960 2377 vim
2009 2326 2162 2380 dabi-

581 2411 725 2464 mus,
757 2409 812 2452 ct
861 2401 1014 2457 urbis
1054 2414 1105 2458 te
1141 2406 1376 2474 primam
1425 2406 1716 2466 faciemus.
1758 2411 1970 2479 Quibus
2019 2416 2108 2470 illa
2142 2435 2157 2471 :

577 2487 722 2554 Quid
750 2500 854 2555 est,
891 2493 1088 2564 inquit,
1143 2499 1290 2566 quod
1327 2499 1640 2570 signiﬁcare
1673 2506 1810 2559 mihi
1853 2509 2056 2564 vultis?
2092 2510 2157 2565 lli

578 2596 748 2636 vero:
791 2581 903 2638 lloc
948 2586 1223 2650 volumus,
1266 2592 1542 2660 dixerunt,
1581 2607 1847 2652 utcoram
1899 2602 2158 2674 episcopo

577 2674 816 2730 allirmes
880 2679 1033 2732 illum
1093 2691 1270 2736 tecum
1323 2683 1517 2741 fuisse.
1579 2688 1648 2743 At
1706 2693 1888 2760 puclla
1922 2713 1934 2749 :
1968 2694 2158 2752 Timeo

581 2770 884 2839 hominem,
935 2775 1134 2844 inquit,
1189 2792 1255 2833 ac
1315 2795 1527 2847 vereor,
1581 2795 1642 2838 ut
1685 2786 1977 2856 quisquam
2025 2793 2155 2847 mihi

576 2865 786 2927 credat,
811 2881 944 2919 neve
967 2883 1053 2920 me
1075 2869 1222 2924 cives
1249 2873 1533 2940 occidant;
1570 2891 1695 2931 eum
1714 2881 1858 2934 enim
1893 2892 2155 2954 tanquam

577 2953 830 3023 angelum
860 2972 888 3009 e
913 2959 1053 3012 cmlo
1080 2961 1292 3030 lapsum
1329 2979 1679 3022 venerantur.
1721 2971 1822 3024 Cui
1872 2974 1949 3027 illi
1980 2953 2152 3030 :7Non

578 3047 675 3112 ita,
713 3047 1004 3118 inquiunt;
1035 3052 1333 3109 dummodo
1368 3056 1524 3112 ﬁdem
1563 3073 1789 3130 praestes
1814 3102 1830 3127 ,
1883 3082 1984 3122 nos
2025 3069 2157 3123 ilhc-

2270 583 2413 653 κείᾳ.
2475 586 2566 656 Μὴ
2607 584 2762 647 εἰδὼς
2809 585 2973 637 αὑτὸν
3005 586 3034 638 ὁ
3061 587 3350 658 μακάριος,
3390 588 3471 641 ὃτι
3500 589 3674 642 ἐκεῖσε
3720 610 3848 664 παρ-
3911 595 3916 600 ’

2269 674 2514 741 εγένετο·
2547 670 2616 746 ἦν
2647 674 2703 727 δὲ
2746 677 3130 746 κεκρυμμένος
3171 681 3230 730 ἐν
3271 679 3407 750 οἴκῳ
3454 679 3600 743 τινὸς
3649 683 3848 735 Θεοδώ-

2270 782 2365 836 ρου
2415 766 2766 836 Εύλοστρίου,
2815 767 3046 836 πλησίον
3074 769 3170 822 τοῦ
3206 771 3375 824 τόπου
3412 771 3508 824 τοῦ
3558 772 3846 843 λεγομένου

2266 855 2554 920 Μοδιόλου,
2603 858 2742 928 ἔχων
2791 862 2974 915 ἐκεῖσε
3024 863 3362 933 ἐμφωλεύων
3397 864 3473 926 ὡς
3502 863 3718 934 δράκων
3747 867 3847 936 μῆ-

2267 967 2364 1011 νας
2401 953 2580 1020 τρεῖς·
2613 953 2707 1006 καὶ
2737 954 2899 1018 αὐτὸς
2950 955 3230 1027 διήγειρεν
3283 956 3482 1018 αὐτοὺς
3526 956 3606 1020 εἰς
3655 958 3847 1026 φθόνον

2266 1040 2360 1092 τοῦ
2393 1041 2626 1096 δικαίου.

2338 1133 2462 1188 NA'.
2499 1128 2658 1189 Οὗτοι
2695 1138 2898 1202 πάντες
2931 1139 3427 1192 συνεϐουλεύσαντο
3474 1140 3590 1210 ἅμα
3637 1143 3844 1215 Σαϐίνῳ

2268 1225 2365 1276 καὶ
2393 1227 2812 1297 Κρησκεντίνῳ,
2846 1232 3105 1300 χρήματά
3146 1249 3205 1283 τε
3254 1234 3437 1295 αὐτοῖς
3485 1235 3845 1290 κατεϐάλοντο

2270 1315 2449 1382 ἱκανά,
2479 1319 2624 1381 ὅπως
2671 1319 2834 1372 αὑτὸν
2871 1322 3349 1392 κατηγορήσωσιν.
3379 1318 3488 1375 τΗν
3544 1323 3600 1375 δὲ
3633 1325 3661 1377 6
3695 1325 3846 1392 ἅγιος

2265 1407 2566 1477 Γρηγόριος
2600 1409 2939 1478 θεασάμενος
2969 1413 3059 1464 τὸν
3094 1413 3328 1465 Λεύκιον
3371 1414 3428 1466 ἐν
3459 1416 3523 1483 τῇ
3567 1416 3842 1487 ’Λνατολῇ,

2266 1505 2360 1552 καὶ
2389 1501 2712 1572 προσϐαλὼν
2741 1503 2892 1573 αὐτῷ
2922 1504 3051 1574 περὶ
3079 1505 3178 1571 τῆς
3209 1507 3476 1575 ἐνσάρκου
3509 1508 3841 1578 οἰκονομίας,

2268 1594 2546 1661 ἐφίμωσεν
2601 1596 2769 1648 αὑτὸν
2799 1598 2827 1649 ὁ
2853 1597 3124 1666 μακάριος
3154 1598 3476 1668 Γρηγόριος,
3506 1601 3600 1653 καὶ
3633 1601 3843 1669 φυγάδα

2266 1686 2430 1738 αὑτὸν
2464 1687 2822 1758 κατέστησεν.
2873 1685 3024 1751 Εἶτα,
3072 1690 3149 1752 ὼς
3203 1690 3360 1762 ἔφην,
3394 1691 3722 1761 συμϐούλιον
3757 1709 3844 1746 m-

2267 1777 2398 1846 κρδν
2453 1780 2856 1848 συνεστήσαντο
2898 1780 3018 1833 ὅλον
3066 1781 3257 1851 ἀνελεῆ
3313 1783 3408 1836 καὶ
3459 1783 3843 1852 ἀπάνθρωπον,

2267 1867 2387 1920 ὅλον
2417 1868 2588 1922 δεινὸν
2627 1870 2720 1924 καὶ
2749 1871 3081 1940 πικρότατον
3113 1873 3207 1926 καὶ
3231 1873 3412 1928 ἄθεον.
3447 1869 3556 1926 Ἦν
3587 1875 3648 1928 δέ
3676 1894 3759 1938 τις
3790 1879 3846 1928 ἐν

2264 1961 2328 2027 τῇ
2356 1959 2508 2012 πόλει
2541 1961 2678 2032 κόρη
2715 1964 3098 2034 έταιριζομένη
3141 1966 3356 2019 Εύωδία
3399 1966 3661 2035 τοῦνομα,
3706 1967 3844 2040 καλὴ

2263 2049 2340 2117 τῷ
2376 2049 2507 2102 εἴδει
2539 2051 2768 2122 σφόδρα.
2810 2052 3026 2124 Ταύτην
3072 2055 3554 2126 προχειρισάμενοι
3599 2058 3650 2108 οἱ
3675 2057 3843 2118 ἄθεοι,

2262 2135 2417 2192 εἷπον
2460 2141 2626 2211 αὐτῇ·
2684 2141 2944 2211 Πείσθητι
2977 2142 3133 2214 ἡμῶν
3184 2146 3278 2196 καὶ
3309 2145 3654 2213 συγκατάθου
3695 2148 3844 2216 ἡμῖν,

2261 2231 2398 2302 ὅπερ
2431 2249 2512 2285 σοι
2544 2232 2743 2302 ἔχομεν
2786 2233 3058 2305 Θαρρἦαι
3095 2237 3392 2306 μυστήριον
3413 2251 3428 2266 ·
3457 2235 3552 2289 καὶ
3584 2238 3845 2308 παρέχω-

2264 2325 2362 2394 μέν
2400 2341 2482 2377 σοι
2538 2328 2800 2397 χρήματα
2854 2327 3043 2388 πολλὰ,
3081 2330 3176 2380 καὶ
3223 2327 3470 2398 ποιῶμέν
3518 2345 3579 2381 σε
3623 2327 3846 2398 πρώτην

2259 2416 2357 2485 τῆς
2408 2417 2636 2482 πόλεως.
2680 2417 2746 2471 Ἦ
2783 2420 2840 2472 δὲ
2880 2421 3015 2490 πρὸς
3070 2422 3289 2483 αὐτοὺς,
3325 2420 3411 2484 Τί,
3445 2422 3632 2488 φησὶν,
3676 2423 3844 2482 ἐστὶν,

2259 2509 2286 2562 ὃ
2318 2509 2574 2578 βούλεσθε
2623 2509 2804 2579 λέγειν
2839 2513 2980 2582 πρὸς
3026 2512 3156 2582 ἐμέ;
3209 2513 3272 2564 Οἱ
3311 2512 3370 2565 δέ
3399 2508 3583 2565 εἷπονο
3617 2512 3738 2565 Ἵνα
3769 2513 3845 2566 εῖ-

2261 2619 2369 2673 πῃς
2411 2603 2506 2654 ἐπὶ
2541 2603 2833 2672 πρόσωπον
2873 2605 2968 2656 τοῦ
2998 2605 3320 2668 ἐπισκόπου,
3352 2606 3435 2658 ὅτι
3464 2604 3684 2673 ἐγένετο
3710 2604 3848 2674 μετὰ

2260 2695 2376 2747 σοῦ.
2422 2694 2483 2747 'll
2519 2695 2574 2747 δὲ
2608 2692 2789 2748 εἶπεν·
2825 2695 3104 2766 Φοϐοῦμαι
3141 2697 3236 2750 τὸν
3266 2697 3573 2768 ἄνθρωπον,
3609 2698 3685 2768 μή
3715 2713 3845 2749 ποτε

2259 2787 2356 2839 καὶ
2393 2786 2566 2850 οὐδείς
2616 2805 2706 2856 μοι
2749 2787 3046 2858 πιστεύσῃ.
3089 2791 3184 2843 καὶ
3226 2788 3623 2842 ἀποκτενοῦσίν
3683 2805 3750 2859 με
3797 2789 3846 2840 οἱ

2257 2879 2356 2943 τῆς
2389 2877 2597 2940 πόλεως
2619 2894 2632 2908 ·
2661 2877 2734 2940 ὡς
2767 2881 2874 2948 γάρ
2904 2879 3135 2947 ἄγγελον
3178 2877 3313 2931 Θεοῦ
3366 2878 3620 2932 σέϐονται
3662 2877 3846 2932 αὐτόν.

2262 2970 2327 3020 υἱ
2370 2970 2427 3021 δὲ
2470 2967 2657 3023 εἷπον·
2703 2971 2858 3040 Ούχὶ,
2922 2970 3081 3041 μόνον
3151 2973 3502 3040 συγκατάοου
3552 2973 3709 3042 ἡμῖν,
3754 2969 3848 3024 καὶ

2257 3051 2416 3131 ἡμεῖς
2447 3064 2790 3132 φυλάττομεν
2822 3080 2879 3116 σε
2908 3063 3197 3118 ἄσκυλτον.
3238 3065 3303 3118 Ἦ
3333 3066 3389 3117 δὲ
3431 3063 3846 3133 ἀναγκασοείσα

578 3154 695 3193 sam
739 3149 790 3194 te
827 3143 1226 3200 custodiemus.
1271 3145 1412 3217 Ergo
1453 3161 1641 3205 coacta
1674 3168 1703 3206 a
1740 3157 2010 3222 perversis
2055 3159 2155 3213 ho-

2262 3153 2367 3205 ὑπὸ
2423 3155 2532 3206 τῶν
2583 3155 2919 3225 παρανόμων
2967 3155 3226 3208 συνέθετο
3279 3157 3462 3218 αὐτοῖς
3511 3159 3708 3221 εἰπεῖν,
3747 3157 3846 3209 ὃσα

577 3233 846 3299 minibus,
899 3252 958 3290 se
1003 3252 1068 3290 ea
1117 3238 1386 3293 ditturam
1435 3244 1662 3311 recepit,
1714 3261 1837 3314 quae
1888 3249 1987 3317 ipsi
2046 3253 2159 3305 vel-

579 3327 712 3381 lent.
751 3327 1041 3383 Enimvero
1071 3347 1137 3384 ex
1169 3349 1234 3386 eo
1278 3333 1366 3388 die
1403 3336 1754 3392 occasionem
1788 3339 1864 3394 illi
1899 3358 2153 3412 quaerere

579 3431 886 3487 cmperunt,
930 3422 974 3476 si
1019 3438 1127 3492 qua
1194 3425 1458 3492 daretur,
1529 3429 1595 3482 ad
1648 3431 1884 3499 puellam
1947 3435 1997 3488 in
2043 3437 2160 3499 cpi.

579 3513 731 3582 scepi
801 3515 944 3568 aedes
994 3513 1415 3572 innnittemlam.
1478 3517 1650 3574 Porro
1711 3525 1945 3592 quadam
2004 3539 2160 3581 nocte

579 3605 774 3661 beatus
838 3608 922 3660 vir
989 3607 1044 3662 in
1121 3613 1381 3680 templum
1456 3613 1740 3668 descendit
1800 3634 1922 3670 cum
1986 3619 2160 3688 Euplo

579 3699 969 3756 archidiacono
1052 3711 1108 3756 et
1168 3704 1484 3772 junioribus
1551 3707 1802 3764 diaconis
1885 3711 2155 3777 Erasmo,

580 3790 935 3864 Philadelpho
964 3805 1017 3849 et
1041 3794 1348 3865 Platonico,
1390 3814 1454 3855 ac
1491 3800 1709 3856 duobus
1739 3813 1999 3872 praeterea
2038 3822 2157 3861 mo-

580 3887 773 3940 nachis
809 3886 980 3960 [Lxxt]
1017 3891 1311 3945 admodum
1347 3891 1472 3962 piis,
1525 3905 1585 3948 ut
1629 3910 1694 3948 ex
1741 3912 1894 3952 more
1936 3909 2159 3953 noctur-

579 3991 680 4030 nas
707 3992 898 4046 preces
938 3980 1302 4035 absolverent.
1339 3983 1577 4038 Aderant
1615 3986 1835 4054 quidem
1867 3990 1932 4042 ad
1963 3990 2158 4045 domus

580 4071 908 4137 pontiﬁcalis
955 4083 1141 4140 portas
1189 4075 1397 4128 assidui
1447 4077 1702 4134 custodes
1751 4080 2006 4135 tribunus
2044 4083 2156 4153 (59)

575 4173 634 4217 et
659 4162 1013 4221 danatzanus
1045 4184 1059 4221 :
1089 4175 1145 4221 at
1171 4167 1272 4224 hos
1308 4169 1461 4238 impii
1507 4173 1861 4242 perversique
1906 4175 2157 4231 homines

578 4255 822 4310 Sabinus
847 4271 911 4311 ac
937 4257 1330 4314 Crescentinus
1359 4276 1494 4316 auro
1527 4262 1660 4330 ipsis
1681 4265 1848 4318 etiam
1878 4265 2007 4320 dato
2035 4282 2158 4321 cor-

578 4356 849 4416 ruperant
888 4366 901 4401 :
939 4350 1126 4417 itaque
1165 4361 1352 4417 portas
1386 4362 1740 4420 aperuerunt,
1775 4361 1827 4408 et
1860 4353 2071 4408 aditum
2101 4355 2155 4410 in

575 4439 916 4498 cubiculum.
951 4440 1040 4494 ubi
1073 4451 1297 4496 sanctus
1326 4443 1408 4496 vir
1432 4443 1719 4513 quiescere
1759 4446 1988 4502 solebat.
2021 4449 2156 4505 llluc

577 4531 985 4586 meretriculam
1034 4532 1410 4598 introducunt,
1462 4549 1696 4605 eamque
1742 4536 1797 4590 in
1833 4537 2008 4594 diaeta:
2053 4555 2153 4595 an-
2186 4536 2230 4591 Β

576 4621 705 4693 gulo
737 4622 1029 4676 collocant.

648 4758 764 4834 (51)
801 4759 937 4834 Cod.
998 4761 1052 4824 2,
1113 4759 1391 4830 Θεοδώρου
1466 4760 1915 4832 Ἐνιλλουστρίου.
1980 4764 2153 4834 Cajet.

589 4829 1004 4901 Ἐνιλλοστρίου.

648 4902 779 4974 (58)
805 4901 1198 4974 Metaphrastes
1245 4913 1403 4957 vocat
1449 4902 1710 4974 Εύδοκίαν
1736 4919 1762 4974 ’ν
1807 4903 1902 4957 sed
1937 4903 2155 4974 Cajeta-

577 4971 684 5028 nus
711 4972 875 5027 etiam
908 4973 958 5025 in
990 4973 1274 5027 codicibus
1316 4974 1432 5029 suis
1478 4971 1722 5026 Εὐωδίαν
1755 4973 1982 5029 invenit.
2010 4971 2154 5041 Quid

578 5047 632 5098 in
659 5045 839 5113 primo
866 5043 1055 5097 codice
1091 5041 1368 5114 Basiliano
1411 5045 1674 5113 scriptum
1711 5057 1880 5110 esset,
1921 5049 2155 5114 prodere

576 5129 686 5168 non
721 5129 976 5183 possunt;
1014 5133 1040 5166 τι
1077 5131 1130 5166 ιι.
1163 5113 1232 5166 54
1257 5115 1322 5168 ad
1366 5114 1435 5168 67»
1465 5116 1669 5169 chartae
1712 5113 2106 5172 avulsm’erant
2139 5136 2152 5172 :

579 5198 638 5237 ut
675 5185 862 5239 cedit-.3
887 5200 996 5238 uno
1025 5187 1268 5238 secundo
1298 5185 1558 5239 utendum
1597 5185 1778 5239 inerit.
1815 5188 1884 5240 At
1920 5188 1974 5240 in
2016 5187 2158 5242 Mar-

577 5257 849 5324 tyrologto
887 5254 1075 5309 Siculo
1121 5257 1235 5310 haec
1284 5257 1401 5324 ipsa
1436 5256 1636 5310 Evodia
1687 5258 1992 5324 appellatur
2023 5259 2153 5312 item

629 5326 818 5380 udocia
867 5325 1212 5394 Agrigenlirta
1241 5328 1515 5395 paenitens,
1563 5342 1686 5394 qua:
1726 5328 1928 5382 obiisse
1957 5329 2158 5383 dicitur

615 5398 842 5451 ostridie
877 5395 1006 5467 ldus
1032 5395 1272 5460 Martias,
1309 5406 1365 5450 et
1403 5397 1611 5467 sepulta
1638 5413 1759 5451 esse
1801 5399 1854 5451 in
1900 5400 2152 5453 coenobio

629 5481 829 5521 omano
870 5465 927 5520 S.
962 5465 1211 5522 Czecilize.
1248 5468 1379 5520 Eam
1415 5465 1594 5522 tamen
1636 5467 1978 5522 Bollandiani
2013 5470 2156 5522 inter

577 5537 961 5609 praetermissos
1005 5546 1396 5609 numerarunt,
1438 5547 1912 5606 annotaruntque,
1949 5539 2157 5609 Marty-

580 5607 850 5677 rologium
882 5609 1014 5663 illud
1044 5608 1318 5663 abstinere
1356 5612 1424 5662 ah
1451 5609 1598 5662 omni
1642 5609 1801 5662 titulo
1835 5619 2035 5662 sanctae
2063 5607 2158 5662 aut

581 5678 790 5750 beata:
821 5685 881 5732 ut
924 5689 984 5734 ut
1027 5677 1211 5733 Pirrus
1255 5679 1347 5750 (in
1390 5678 1513 5733 Not.
1562 5679 1773 5749 Agrig.)
1809 5679 2016 5732 beatam
2059 5694 2157 5732 no-

582 5747 773 5802 minet.

657 5816 770 5888 (59)
811 5817 1038 5872 Militare
1079 5818 1399 5872 vocabulum
1430 5817 1534 5872 hoc
1575 5819 1696 5872 loco
1733 5818 1975 5872 tribunus
2004 5819 2147 5874 vide-

584 5899 696 5958 tur,
728 5903 842 5945 non
875 5888 1051 5956 civile,
1088 5889 1154 5943 ad
1191 5889 1585 5957 designandum
1639 5890 2146 5960 excubitorcm,qui

383 6488 442 6498 --ο-
455 6493 470 6498 .-
485 6489 1009 6504 “—-a.._.._—————
1045 6489 1074 6491 κ-

2268 3246 2566 3315 βούλονται.
2595 3241 2775 3300 Ἦσαν
2803 3248 2861 3300 δὲ
2898 3249 2962 3300 ἐκ
3001 3248 3123 3300 τότε
3168 3247 3463 3318 ζητοῦντες
3493 3249 3553 3300 τὸ
3597 3249 3719 3310 πῶς
3751 3247 3840 3300 eii-

2271 3356 2434 3409 ρωσιν
2467 3339 2701 3408 χαλάσαι
2732 3339 2905 3410 αὐτὴν
2934 3340 2991 3392 ἐν
3013 3339 3090 3409 τῷ
3124 3340 3596 3410 ἐπισκοπείῳ.Ἐν
3625 3343 3727 3411 μιᾷ
3752 3335 3846 3393 οῦν

2266 3431 2422 3484 νυκτὶ
2457 3431 2727 3500 κατῆλθεν
2771 3432 2800 3483 ὁ
2847 3432 3120 3502 μακάριος
3173 3433 3230 3485 ἐν
3285 3435 3351 3503 τῇ
3398 3432 3671 3503 ἐκκλησίᾳ
3729 3431 3846 3501 ἅμα

2266 3522 2466 3591 Εῦπλῳ
2487 3522 2847 3594 άρχιδιακόνῳ
2877 3525 2974 3577 καὶ
2995 3523 3106 3577 τῶν
3137 3523 3303 3596 τριῶν
3337 3524 3638 3594 παιδαρίων
3685 3525 3846 3593 Ἐράέ

2268 3631 2430 3681 σμου,
2465 3613 2794 3681 Φιλαδέλφου
2845 3614 2941 3668 κα)⁸
2991 3613 3344 3668 Πλατωνικοῦ
3394 3614 3504 3666 τῶν
3552 3614 3842 3672 διακόνων,

2265 3707 2358 3757 καὶ
2390 3705 2482 3757 δύο
2513 3705 2758 3774 μοναχῶν
2783 3723 2948 3759 τινων
2976 3707 3226 3760 εύλαϐὦν
3249 3707 3536 3780 πληρῶσαι
3569 3708 3670 3769 τὰς
3697 3707 3755 3773 ἐξ
3789 3708 3846 3758 ,ξε

2267 3797 2393 3858 θους
2421 3799 2816 3867 μεσονυκτινὰς
2845 3799 3034 3869 εὐχάς.
3061 3795 3243 3853 Ἦσαν
3271 3800 3329 3853 δὲ
3363 3801 3597 3854 πάντοτε
3635 3801 3844 3868 φυλάτ-

2264 3907 2445 3951 τοντες
2475 3894 2574 3952 τάς
2612 3891 2779 3961 Ούρας
2800 3891 2895 3944 τοῦ
2925 3893 3283 3946 ἐπισκοπείου
3313 3892 3602 3964 τριϐοῦνος
3630 3895 3725 3944 καὶ
3753 3893 3845 3944 δα-

2265 3980 2550 4042 νατζάνος,
2577 3981 2672 4033 καὶ
2701 3981 2993 4045 πείσαντες
3035 3982 3233 4046 αὐτοὺς
3263 3983 3313 4034 οἱ
3346 3982 3495 4034 ἄθεοι
3527 3982 3619 4034 καὶ
3667 3981 3848 4051 παρά·-

2266 4089 2421 4141 νομοι
2443 4071 2669 4137 Σαϐῖνος
2704 4073 2800 4125 καὶ
2831 4074 3234 4143 Κρησκεντῖνος
3282 4073 3489 4125 ἔδωκαν
3519 4072 3613 4124 καὶ
3659 4070 3846 4132 αὐτοῖς

2264 4165 2548 4233 χρήματα,
2568 4163 2663 4216 καὶ
2700 4163 2918 4234 ἤνοιξαν
2954 4164 3053 4228 τὰς
3077 4165 3267 4234 Ούρας,
3296 4166 3352 4217 ἐν
3383 4157 3427 4232 ᾧ
3450 4160 3518 4235 ἦν
3550 4164 3846 4234 ἡσυχάζων

2262 4253 2398 4323 οἴκῳ
2435 4256 2462 4306 ὁ
2507 4253 2810 4324 μακάριοςο
2860 4255 2951 4307 καὶ
2998 4254 3207 4324 χαλῶσι
3249 4254 3350 4326 τὴν
3413 4255 3844 4325 ἑταιριζομένην

2263 4345 2470 4408 ἐκεῖσε,
2507 4346 2603 4399 καὶ
2666 4345 2901 4416 ἔστησαν
2968 4347 3138 4418 αὐτὴν
3188 4349 3246 4401 ἐν
3301 4350 3366 4419 τῇ
3426 4347 3600 4418 γωνίᾳ
3632 4346 3730 4401 τοῦ
3767 4348 3844 4399 οῖ-

2263 4455 2385 4493 κου.

2257 4765 2322 4819 ad
2349 4755 2548 4836 aedium
2577 4765 2974 4834 pontiﬁcalium
3015 4765 3300 4821 introitum
3340 4765 3701 4836 pernoctahat
3731 4785 3744 4820 :
3781 4777 3840 4820 ut

2256 4830 2398 4904 apud
2442 4830 2764 4889 Suetonium
2805 4837 2882 4906 (in
2910 4835 3102 4890 Cland.
3130 4852 3180 4891 c.
3206 4837 3296 4903 4‘2,
3331 4830 3385 4890 ἡ.
3414 4835 3489 4901 6),
3523 4836 3839 4890 Excubitori

2258 4908 2470 4960 tribuno
2497 4909 2706 4976 signum
2730 4907 2794 4958 de
2832 4923 2973 4960 more
2998 4909 3255 4975 poscenti,
3291 4920 3392 4960 etc.
3437 4907 3490 4960 ld
3536 4907 3680 4959 infra
3725 4924 3841 4960 ma—

2257 4976 2516 5030 nifestius
2557 4977 2936 5046 deprehendes
2979 4978 3057 5042 (η.
3089 4977 3204 5042 56),
3251 4978 3339 5031 ubi
3386 4977 3615 5046 tribuni,
3664 4977 3717 5031 id
3757 4985 3842 5032 est

2258 5045 2641 5109 magistratus,
2677 5048 2986 5102 accurrisse
3021 5047 3306 5111 dicuntur,
3347 5057 3401 5100 et
3438 5062 3538 5117 pro
3568 5045 3838 5118 Gregorio

2257 5128 2494 5172 stetisse.

2329 5193 2398 5239 At
2423 5187 2721 5240 Danatzuni
2749 5201 2943 5240 nomen
2970 5185 3110 5255 apud
3137 5184 3540 5242 Grammaticos
3561 5201 3835 5257 nusquam

2257 5267 2513 5328 apparet;
2544 5258 2792 5329 vestigia
2825 5268 3032 5329 tamen
3056 5258 3234 5329 hujus
3260 5259 3413 5329 vocis
3463 5258 3516 5310 in
3563 5257 3836 5329 Hesychio

2258 5327 2350 5398 me
2383 5328 2650 5398 reperisse
2697 5338 2851 5396 puto,
2894 5327 2985 5380 ubi
3023 5327 3184 5381 habet
3217 5327 3476 5398 δηνάσαςί
3500 5338 3553 5382 et
3599 5327 3837 5398 explicat

2255 5397 2582 5464 διεξελθών,
2646 5399 2698 5450 id
2757 5407 2842 5452 est
2905 5398 2995 5466 qui
3059 5397 3389 5464 pertransiit.
3454 5397 3627 5451 Siculi
3672 5397 3835 5453 enim

2261 5470 2455 5523 Dorico
2493 5482 2648 5521 more
2685 5467 2922 5528 δανάσας
2963 5470 3348 5536 pmnuntiasse
3396 5469 3624 5536 putandi
3682 5481 3831 5528 sunt.

2258 5548 2423 5608 atque
2448 5539 2574 5591 hinc
2595 5538 2889 5608 deduxisse
2910 5537 3206 5602 δανάζανον
3229 5554 3258 5591 a
3282 5537 3520 5602 δανάζω.
3543 5539 3630 5592 cui
3657 5537 3835 5591 Leon-

2259 5607 2369 5663 tius
2396 5625 2426 5658 τ
2458 5609 2797 5662 interseruit.
2827 5607 3001 5661 Reddi
3033 5619 3211 5662 autem
3244 5619 3418 5677 potest
3449 5609 3830 5672 cubicularius,

2257 5681 2343 5733 vel
2373 5681 2554 5747 potius
2585 5678 2838 5748 magister
2873 5677 3236 5739 admissionis,
3281 5681 3374 5744 qui
3410 5680 3476 5732 ad
3512 5680 3830 5747 episcopum

2257 5749 2570 5810 deduceret,
2605 5757 2658 5802 et
2705 5749 2823 5803 sine
2866 5764 2978 5816 quo
3027 5764 3190 5802 nemo
3235 5748 3388 5802 illum
3426 5749 3576 5803 adire
3624 5761 3827 5818 passer.

2258 5819 2340 5889 Ab
2387 5819 2577 5872 eodem
2625 5821 2789 5889 verbo
2835 5835 2956 5872 esse
3005 5820 3215 5874 videtur
3258 5819 3488 5889 δανάκη,
3532 5819 3831 5888 portorium

2255 5888 2540 5944 Charontis
2571 5890 2714 5958 apud
2744 5888 2990 5944 Suidatu.
