4158 6530
310 383 417 448 645

1302 387 1362 444 S.
1411 384 1786 444 GREGORII
1830 381 2342 444 AGRIGENTINI
2393 381 2593 442 VITA.

3485 383 3604 446 645'

387 493 521 552 NE'.
561 497 864 567 Πληρώσας
891 491 984 549 οὖν
1017 498 1044 547 ό
1072 495 1227 564 ἅγιος
1251 495 1346 549 τοῦ
1380 497 1516 550 θεοῦ
1545 497 1661 567 ἅμα
1681 497 1790 548 τῶν
1812 496 1904 549 σὺν

2089 491 2196 548 LV.
2242 491 2454 547 Interea
2484 492 2801 562 Gregorius,
2850 493 3230 547 obsecratione
3259 507 3384 547 cum
3423 494 3590 548 sociis

315 591 468 661 αὐτῷ
485 588 584 651 τάς
614 587 803 658 εὐχὰς,
836 588 1068 658 ἀνῆλθεν
1090 590 1147 640 ὲν
1168 588 1244 658 τῷ
1277 591 1542 642 ἐπισκοπε
1553 589 1637 658 ίῳ,
1661 591 1754 640 καὶ
1771 587 1907 641 καθ-

319 682 542 744 ίσαντος
585 679 775 742 αὐτοῦ,
805 680 1073 748 ἐζήτησεν
1114 679 1433 750 ἐπιδοθῆναι
1475 681 1624 757 αὐτῴ
1665 679 1903 752 βιϐλίον·

322 776 417 828 καὶ
442 774 650 846 ήρξατο
680 772 1086 841 ἀναγινώσκειν
1115 773 1204 825 τὸν
1241 773 1357 841 βίον
1409 774 1503 826 καὶ
1550 772 1650 842 τὴν
1704 773 1909 842 ὑπομο-

321 871 420 937 νὴν
450 867 544 920 τοῦ
579 869 636 918 ἐν
669 865 849 934 ἁγίοις
894 866 1106 935 Πατρὸς
1142 867 1298 935 ήμῶν
1334 867 1582 919 Ἰωάννου
1620 865 1713 918 τοῦ
1755 867 1907 936 Χρυ-

326 957 617 1027 σοστόμου.
663 957 914 1024 Ἐγένετο
958 956 1015 1008 δὲ
1067 957 1125 1008 ἐν
1179 956 1256 1027 τῷ
1292 957 1459 1011 αὐτὸν
1509 957 1907 1026 ἀναγινώσκειν

325 1052 416 1105 τὸν
443 1051 558 1122 βίον
592 1050 688 1102 καὶ
717 1050 1070 1119 εὐχαριστεῖν
1096 1049 1176 1119 τῷ
1207 1049 1349 1120 Θεῷ,
1382 1051 1416 1121 ἡ
1465 1051 1602 1122 κόρη
1645 1052 1908 1120 ἀφύπνω-

327 1158 440 1202 σεν,
474 1139 550 1210 μὴ
597 1139 772 1193 εἰδυῖα
824 1141 908 1192 ὅτι
963 1140 1195 1211 ἁνῆλθέν
1233 1158 1322 1204 τις
1367 1143 1426 1194 ἐν
1472 1142 1549 1212 τῷ
1581 1143 1735 1212 οἴκῳ.
1781 1143 1910 1196 Ἐπ-

327 1234 557 1304 έτρεψεν
578 1233 636 1285 δὲ
659 1232 740 1303 τῷ
773 1232 1140 1304 ἀρχιδιακόνῳ
1180 1234 1516 1303 κρουσθῆναι
1545 1234 1606 1288 τὸ
1627 1236 1787 1302 ξύλον
1812 1236 1906 1288 τοῦ

325 1324 524 1396 ὄρθρου
570 1322 678 1376 τῶν
713 1324 954 1377 ἐωθινῶν
980 1341 993 1354 ·
1037 1326 1242 1389 εὐθέως
1279 1326 1339 1378 δὲ
1378 1327 1632 1396 φωνήσας
1663 1328 1729 1380 τὰ
1773 1344 1906 1380 παιο

325 1416 508 1486 δάρια,
541 1416 811 1484 κατῆλθον
834 1415 996 1470 πάλιν
1027 1417 1331 1487 ἀμφότεροι
1355 1418 1435 1479 είς
1457 1419 1558 1488 τὴν
1583 1419 1906 1489 ἐκκλησίαν,

326 1510 422 1560 καὶ
449 1509 682 1578 ποιήσας
697 1509 795 1572 τάς
812 1509 1129 1580 πρεπούσας
1154 1510 1320 1579 εὐχὰς
1343 1511 1711 1580 συνηθροίσθη
1744 1513 1853 1574 πᾶς
1879 1513 1907 1564 ὁ

328 1599 530 1670 κλῆρος
557 1602 653 1652 σὺν
695 1599 774 1670 τῷ
823 1599 996 1670 λοιπῴ
1029 1600 1176 1670 λαῷο
1207 1600 1380 1662 οὕτως
1407 1601 1517 1672 γάρ
1540 1598 1608 1673 ἦν
1639 1602 1908 1656 νουθετῶν

327 1693 526 1754 αὐτοὺς
555 1692 583 1744 ὁ
617 1693 910 1762 μακάριος.
969 1692 1273 1763 Πληρώσας
1299 1690 1393 1747 οῦν
1423 1695 1514 1746 τὸν
1557 1693 1772 1765 ὄρθρον,
1815 1695 1908 1748 καὶ

327 1784 625 1852 γενομένης
685 1782 1003 1846 ἀπολύσεως
1039 1822 1054 1845 ,
1134 1782 1367 1852 ἀνῆλθεν
1442 1784 1502 1835 ἐν
1559 1784 1636 1854 τῷ
1680 1786 1906 1837 ἐπισκο·

2012 595 2252 656 peraeta,
2294 586 2347 639 in
2381 585 2604 640 domum
2656 601 2810 639 suam
2860 587 3040 649 rediit,
3083 601 3318 655 cumque
3349 587 3592 642 assedis-

2011 688 2116 741 εει,
2145 678 2346 732 librum
2378 676 2481 731 sibi
2514 677 2628 732 dari
2672 678 2976 741 postulavit
3004 696 3016 730 :
3060 694 3123 731 ac
3155 679 3324 732 vitam
3371 691 3424 734 et
3456 695 3594 749 pra:-

2009 771 2158 824 clara
2192 770 2469 839 patientiw
2497 772 2742 839 exempla
2779 771 2952 824 sancti
2985 769 3165 824 Patris
3213 773 3383 827 nostri
3422 770 3592 827 Joan-

2011 865 2096 918 nis
2121 862 2501 934 Cbrysostomi
2535 862 2715 932 legere
2743 863 2999 919 instituit.
3029 864 3242 918 Accidit
3274 881 3422 932 vero,
3458 867 3589 920 dum

2012 955 2100 1008 ille
2135 953 2306 1005 vitam
2341 953 2566 1022 legeret,
2600 963 2656 1006 et
2688 952 2797 1006 Deo
2824 955 3033 1022 gratias
3067 964 3272 1024 ageret,
3305 965 3363 1009 ut
3405 957 3591 1026 puella

2011 1044 2461 1107 obdormisceret,
2496 1059 2595 1097 nec
2623 1046 2789 1098 ullum
2824 1046 2876 1098 in
2907 1046 3128 1100 domum
3171 1050 3388 1103 venisse
3420 1051 3592 1104 senti-

2011 1145 2113 1192 ret.
2167 1136 2389 1191 Mandat
2435 1137 2668 1191 subinde
2711 1136 3006 1204 Gregorius
3055 1139 3472 1209 archidiaCono,
3530 1156 3592 1196 nt

2010 1227 2192 1281 tabula
2217 1227 2427 1296 pulsata
2457 1226 2672 1296 signum
2693 1228 2782 1280 det
2804 1228 3082 1282 matutinae
3099 1230 3412 1298 psalmodiac
3434 1231 3545 1302 (60)
3575 1250 3588 1287 :

2010 1332 2074 1372 ac
2104 1318 2287 1389 pueris
2318 1318 2466 1372 illico
2505 1318 2736 1384 vocatis,
2772 1335 2992 1374 rursum
3025 1321 3189 1374 ambo
3224 1324 3276 1374 in
3323 1324 3587 1392 templum

2010 1409 2392 1465 descendunt:
2427 1424 2540 1478 quo
2572 1411 2637 1464 ad
2670 1421 2968 1465 consuetas
3001 1427 3193 1482 preces
3234 1421 3288 1467 et
3319 1414 3498 1469 clerus
3537 1425 3591 1469 et

2012 1501 2248 1572 populus
2297 1501 2613 1571 frequentes
2661 1518 2990 1558 convenere.
3049 1506 3120 1558 [te
3168 1505 3270 1558 hoc
3313 1507 3457 1560 enim
3492 1523 3588 1562 eos

2016 1594 2209 1648 beatus
2262 1593 2344 1645 vir
2393 1594 2774 1648 admonuerat.
2832 1595 2964 1649 Fine
3015 1596 3101 1650 bis
3161 1596 3459 1666 imposito,
3525 1615 3589 1653 ac

2010 1683 2328 1739 discedendi
2371 1695 2638 1755 potestate
2687 1685 2850 1750 facta,
2890 1687 2943 1740 in
2993 1689 3137 1742 :edes
3187 1705 3316 1745 suas
3351 1691 3467 1760 ipse
3504 1707 3590 1744 re-

2014 1793 2208 1832 versus
2245 1789 2352 1842 est,
2389 1789 2656 1848 sequente
2686 1794 2809 1833 eum
2853 1781 3051 1849 populo
3079 1783 3362 1848 universo,
3407 1792 3465 1839 ut
3501 1785 3587 1837 in-

337 1875 498 1944 πείῳ,
535 1877 631 1928 καὶ
664 1876 774 1938 πᾶς
804 1876 833 1928 ὁ
867 1875 995 1938 λαὸς
1031 1876 1148 1946 μετ’
1179 1875 1346 1928 αὐτοῦ
1377 1876 1610 1930 ἀκοῦσαι
1635 1877 1735 1948 τὴν
1762 1877 1904 1930 διδα-

2015 1868 2361 1922 stitutionem
2391 1869 2511 1938 ejus
2551 1869 2787 1924 audiret.
2823 1869 2957 1924 Nam
3009 1873 3155 1928 hunc
3185 1877 3428 1944 quotidie
3471 1893 3586 1929 mo-

330 1968 559 2021 σκαλίαν
613 1968 800 2022 αὐτοῦ.
859 1968 1045 2031 Οῦτως
1096 1968 1206 2038 γὰρ
1262 1971 1438 2022 ἐποίει
1490 1971 1614 2022 καθ’
1673 1970 1908 2037 ἑκάστην

326 2056 560 2126 ἡμέραν,
610 2055 999 2123 ἀναγινώσκων
1043 2056 1122 2125 τῷ
1164 2055 1279 2128 λαῷ
1316 2057 1455 2128 μετά
1493 2059 1592 2129 τὴν
1641 2059 1909 2112 ἀπόλυσιν

325 2149 424 2216 τῆς
455 2147 754 2218 ἐκκλησίας
796 2150 865 2200 τὰ
915 2148 1262 2202 συντείνοντα
1298 2150 1382 2212 είς
1410 2149 1705 2218 ὠφέλειαν.
1741 2151 1908 2204 Αὐτοὶ⁵

325 2242 382 2294 δὲ
407 2242 458 2292 ot
496 2242 768 2303 κάκιστοι,
829 2243 875 2293 οἱ
916 2242 1013 2310 τῆς
1053 2239 1233 2304 δολίας
1284 2242 1502 2310 ἐκείνης
1563 2242 1903 2312 συμϐουλίας

324 2332 659 2394 διδάσκαλοι,
710 2332 948 2402 ἔστησαν
995 2332 1398 2402 κεχωρισμένοι
1449 2335 1513 2387 ἐκ
1559 2333 1654 2387 τοῦ
1715 2334 1905 2388 λοιποῦ

325 2425 606 2495 ὀρθοδόξου
639 2424 735 2477 καὶ
765 2423 1042 2494 ὁμοψύχου
1071 2423 1224 2489 λαοῦ,
1261 2426 1357 2476 καὶ
1389 2423 1656 2496 ἀλλήλους
1676 2427 1907 2496 ἐτήρουν

325 2518 399 2582 ὡς
439 2517 604 2588 θῆρες
659 2517 866 2586 ἄγριοι,
907 2517 1305 2585 τεταραγμένοι
1352 2516 1495 2570 κατά
1545 2517 1638 2570 τοῦ
1671 2517 1904 2582 δικαίου,

327 2609 422 2662 καί
446 2609 548 2661 οὐκ
575 2607 828 2671 ἐδέξαντο
858 2609 1001 2660 κατά
1025 2608 1084 2658 τὸ
1111 2606 1230 2670 ἔθος
1278 2609 1646 2679 ἐπιτραπῆναι
1683 2609 1902 2672 αὐτοὺς,

328 2705 423 2757 καὶ
455 2702 628 2767 οῦτως
650 2701 935 2763 εἰσελθεῖν,
969 2699 1098 2752 ἔνθα
1128 2695 1194 2769 ἦν
1228 2699 1256 2751 ὁ
1291 2701 1584 2771 μακάριος,
1629 2701 1906 2772 Εἰσπηδή-

329 2813 519 2857 σαντες
552 2793 608 2846 δὲ
641 2794 690 2848 οἱ
735 2792 943 2864 ἀνίεροι
983 2794 1210 2855 Σαϐῖνος
1250 2792 1344 2844 καὶ
1375 2795 1780 2863 Κρησκεντῖνος
1812 2795 1906 2847 καὶ

326 2889 503 2958 ἕτεροι
534 2886 668 2939 δέκα
702 2889 798 2939 σὺν
830 2887 1039 2950 αὐτοῖς,
1071 2885 1169 2938 καὶ
1200 2886 1574 2956 κρατήσαντες
1621 2886 1723 2955 τὴν
1758 2887 1907 2938 ἐταιο

332 2983 626 3053 ριζομένην
675 2982 868 3052 κόρην,
924 2981 1161 3049 ἔστησαν
1218 2979 1530 3050 ἔμπροσθεν
1579 2980 1673 3033 τοῦ
1725 2978 1903 3046 ἁγίου,

325 3075 422 3128 καὶ
473 3075 714 3144 ἔκραξαν
748 3073 962 3144 μεγάλῃ
1007 3075 1072 3143 τῇ
1104 3074 1292 3142 φωνῇ·
1318 3071 1506 3135 Δεῦτε,
1534 3071 1652 3124 λαοὶ
1681 3072 1900 3134 πάντες,

327 3168 466 3221 ίδετε
512 3167 572 3219 τὺ
629 3167 886 3236 ἀθέμιτον
929 3167 1163 3236 πρᾶγμα
1208 3166 1269 3218 τὸ
1311 3165 1558 3235 πραχθὲν
1609 3164 1759 3234 παρὰ
1807 3164 1902 3218 τοῦ

327 3257 627 3310 ἐπισκόπου
666 3255 847 3325 ήμῶν,
887 3256 946 3308 ὃν
980 3255 1242 3323 ἐλέγομεν
1273 3251 1411 3308 εἶναι
1443 3253 1613 3318 ἀξιον,
1650 3255 1759 3307 ἀπὸ
1805 3253 1901 3307 τοῦ

2008 3166 2326 3225 patratum;
2377 3174 2538 3223 quem
2591 3164 2811 3230 quidem
2859 3164 3080 3232 dignum
3128 3166 3576 3233 appellabamus,

2008 3249 2099 3302 sed
2145 3249 2260 3318 jam
2317 3251 2601 3320 indignum
2653 3253 2814 3322 plane
2867 3254 3100 3308 dicimus
3149 3255 3255 3308 isto
3299 3256 3583 3325 apostolici

326 3257 627 3310 ἐπισκόπου
666 3255 847 3326 ήμῶν,
887 3256 946 3308 ὃν
980 3255 1242 3323 ἐλέγομεν
1273 3251 1411 3308 εἶναι
1443 3253 1613 3318 ἀξιον,
1650 3255 1759 3307 ἀπὸ
1805 3253 1901 3307 τοῦ

327 3348 420 3401 νῦν
446 3349 500 3401 δὲ
529 3349 759 3417 λέγομεν
796 3347 960 3400 αὐτὸν
994 3347 1210 3411 ἀνάξιον
1232 3343 1372 3400 εἶναι
1401 3345 1497 3399 τοῦ
1534 3346 1901 3400 ἀποστολικοῦ

327 3443 540 3511 θρόνου.
575 3441 808 3493 Ἔλαϐεν
852 3441 910 3493 δὲ
953 3439 1117 3507 φόϐος
1156 3439 1423 3502 ἅπαντας,
1455 3441 1548 3492 καὶ
1577 3440 1803 3509 ἔμειναν
1828 3439 1904 3502 ὡς

327 3532 463 3585 λίθοι
491 3533 719 3602 ἄφωνοι,
756 3531 830 3603 μὴ
862 3531 1151 3601 δυνάμενοι
1185 3530 1523 3599 φθέγξασθαι
1551 3531 1686 3603 πρὸς
1712 3531 1902 3584 οὐδένα

330 3623 504 3695 ῥῆμα.
546 3623 845 3678 Ἐπέϐαλον
878 3622 935 3674 δὲ
978 3623 1075 3684 τὰς
1113 3625 1300 3693 χεῖρας
1341 3622 1436 3673 ἐπὶ
1473 3621 1566 3674 τὸν
1607 3621 1900 3693 μακάριον,

329 3717 424 3770 καὶ
461 3714 662 3788 ἔσυραν
693 3715 858 3770 αὐτὸν
888 3715 992 3779 ἔξω
1020 3716 1080 3767 ἐν
1106 3717 1172 3785 τῇ
1222 3714 1356 3782 αὑλῇ
1381 3713 1475 3766 τοῦ
1506 3712 1860 3766 ἐπισκοπείου
1882 3730 1894 3742 ·

327 3807 422 3860 καὶ
458 3807 569 3860 πᾶν
611 3805 673 3858 τὸ
722 3805 925 3874 πλῆθος
967 3803 1063 3857 τοῦ
1097 3804 1226 3856 λαοῦ
1265 3805 1481 3856 ἔκλαιον
1527 3805 1618 3857 τὸν
1665 3803 1894 3862 δίκαιον,

326 3898 422 3950 καὶ
454 3899 754 3952 ἐκόπτοντο
782 3896 874 3949 ἐπὶ
913 3900 980 3967 τῇ
1017 3897 1285 3967 γενομένῃ
1319 3895 1405 3948 ἐπ’
1437 3895 1589 3965 αὐτῷ
1620 3896 1896 3965 συμφορᾷ.

397 3988 540 4056 NG".
566 3987 966 4058 Προσελθόντες
981 3987 1038 4040 δὲ
1067 3989 1115 4039 οἱ
1146 3985 1418 4057 τριεοῦνοι
1439 3987 1535 4040 καὶ
1563 3987 1613 4038 οἱ
1644 3985 1904 4057 ἄρχοντες

323 4079 427 4149 τῆς
447 4079 656 4142 πόλεως
685 4077 980 4148 ἠρώτησαν
1005 4078 1103 4145 τὴν
1130 4077 1556 4147 ἑταιριζομένην
1579 4077 1768 4146 κόρην·
1792 4077 1903 4130 Ναὶ

328 4173 392 4225 σὺ
436 4171 562 4238 λέγε
609 4171 670 4223 τὺ
717 4169 940 4241 ἀληθὲς,
975 4171 1025 4221 εἰ
1058 4170 1278 4236 ἐγένετο
1312 4169 1452 4236 μετὰ
1491 4167 1584 4221 σοῦ
1619 4170 1648 4222 ὁ
1673 4168 1902 4221 ἐπίσκο-

325 4280 466 4328 πος;
510 4262 574 4315 Ἦ
601 4262 656 4315 δὲ
694 4263 786 4314 ἐπὶ
835 4262 1053 4314 πάντων
1097 4258 1456 4328 ἀπεκρίνατο·
1507 4259 1638 4323 Ναὶ,
1684 4259 1904 4322 ἐγένετο

327 4354 446 4425 μετ’
472 4353 608 4424 ἐμοῦ
637 4357 706 4425 τῇ
737 4354 890 4405 νυκτὶ
923 4351 1117 4422 ταύτῃ.
1162 4351 1219 4404 Ὀ
1247 4351 1303 4403 δὲ
1329 4349 1706 4422 ἀρχιδιάκονος
1731 4351 1826 4404 καὶ
1853 4351 1904 4403 οἱ

328 4448 550 4516 μοναχοὶ
592 4445 820 4517 ⁴ἠρώτων
851 4443 1041 4513 αὐτήν·
1077 4443 1212 4514 Ποία
1245 4441 1366 4514 ὥρᾳ
1394 4441 1610 4510 ἐγένετο
1639 4443 1775 4512 μετά
1807 4442 1901 4495 σοῦ

2011 1976 2126 2016 rem
2160 1961 2442 2027 servabat,
2489 1971 2550 2016 ut
2590 1964 2986 2032 supplicatione
3026 1966 3079 2019 in
3109 1969 3308 2036 templo
3341 1968 3587 2022 absoluta

2010 2055 2218 2125 aliquid
2250 2056 2456 2125 populo
2487 2055 2712 2126 legeret,
2760 2059 2905 2113 unde
2947 2058 3035 2113 ille
3073 2058 3252 2129 juvari
3286 2071 3487 2130 posset.
3519 2064 3589 2114 At

2014 2148 2244 2218 pessimi
2277 2149 2550 2216 homines,
2586 2149 2918 2205 fraudulenti
2951 2152 3098 2207 illius
3132 2156 3344 2208 consilii
3394 2165 3587 2210 aucto-

2009 2253 2118 2304 res,
2147 2248 2304 2294 extra
2337 2248 2542 2295 emtum
2571 2243 2864 2296 orthodoxi
2896 2252 3061 2313 atque
3097 2247 3372 2301 unanimis
3403 2250 3586 2316 populi

2008 2331 2416 2395 constiterunt,
2492 2343 2663 2402 seque
2717 2333 2951 2388 invicem
3017 2345 3274 2404 tanquam
3343 2348 3586 2405 agrestes

2009 2426 2138 2482 ferae
2169 2427 2562 2494 observabant,
2614 2438 2804 2482 contra
2835 2429 3045 2498 justum
3079 2431 3256 2484 virum
3287 2433 3582 2498 commoti;

2009 2533 2110 2572 nec
2143 2518 2311 2580 intus,
2345 2518 2437 2572 ubi
2464 2518 2659 2574 beatus
2687 2517 2984 2589 Gregorius
3006 2529 3145 2584 erat,
3176 2537 3236 2575 se
3257 2537 3324 2576 ex
3355 2537 3586 2578 consue-

2011 2609 2199 2663 tudine
2229 2609 2423 2677 deduci
2458 2610 2606 2678 passi
2640 2621 2790 2664 sunt.
2822 2609 3130 2668 lnsilientes
3155 2628 3286 2667 vero
3329 2615 3582 2685 sacrilegi

2008 2702 2085 2756 illi
2113 2704 2242 2767 duo,
2271 2702 2508 2758 Sabinus
2548 2714 2602 2758 et
2642 2703 3066 2771 Crescentinus,
3127 2715 3180 2760 et
3224 2721 3347 2762 cum
3393 2707 3460 2761 iis
3493 2707 3586 2761 alii

2007 2795 2217 2860 decem,
2254 2811 2376 2849 cum
2411 2795 2820 2849 meretriculam
2852 2796 3363 2865 apprehendissent.
3399 2814 3583 2854 coram

2007 2893 2200 2940 sancto
2240 2887 2360 2940 viro
2389 2901 2510 2940 eam
2545 2895 2871 2951 statuerunt,
2907 2887 3102 2961 [Lxxn]
3136 2898 3190 2944 et
3220 2906 3415 2960 magna
3457 2907 3587 2946 voce

2007 2976 2351 3038 clamantes,
2407 2977 2564 3047 Agite
2608 2979 2752 3044 huc,
2813 2981 3062 3047 aiebant,
3115 2983 3299 3051 pepuli
3354 2999 3582 3048 omnes,

2009 3078 2172 3136 atque
2197 3067 2426 3137 aspicite
2459 3069 2708 3139 iniquum
2745 3070 2962 3126 facinus
3000 3073 3068 3126 ab
3097 3075 3355 3143 episcopo
3393 3084 3584 3128 nostro

2008 3166 2326 3225 patratum;
2377 3174 2538 3223 quem
2591 3161 2811 3230 quidem
2859 3162 3080 3232 dignum
3128 3166 3576 3233 appellabamus,

2008 3343 2187 3394 tln'oni
2223 3343 2449 3397 honore.
2490 3344 2628 3398 Tum
2672 3359 2804 3398 vero
2846 3346 3011 3398 timor
3040 3361 3232 3400 omnes
3275 3349 3580 3417 occupavit,

2006 3447 2069 3486 ac
2105 3433 2251 3487 velut
2277 3450 2407 3488 saxa
2437 3436 2556 3489 sine
2587 3450 2720 3490 voce
2755 3437 2980 3502 haesere,
3019 3449 3076 3491 ut
3105 3454 3170 3493 ne
3204 3443 3422 3493 verbum
3456 3443 3581 3510 qui-

2006 3525 2129 3579 dem
2164 3527 2229 3579 ad
2262 3541 2593 3596 quemquam
2627 3512 2875 3598 proferre
2904 3540 3148 3597 possent.
3177 3533 3245 3584 At
3279 3533 3352 3586 illi
3387 3550 3582 3589 manus

2007 3617 2167 3671 beato
2200 3619 2320 3671 viro
2361 3617 2620 3685 injecere,
2666 3634 2903 3688 eumque
2943 3619 3090 3674 foras
3121 3623 3172 3675 in
3209 3622 3407 3677 azclium
3446 3639 3582 3692 pon-

2007 3710 2292 3764 tiﬁcalium
2337 3709 2517 3763 aulam
2575 3719 2886 3777 traxerunt,
2949 3721 3060 3768 tota
3108 3716 3289 3783 populi
3337 3716 3582 3770 multitu-

2005 3800 2133 3852 dine
2161 3800 2296 3868 justi
2347 3799 2519 3855 vicem
2564 3801 2816 3866 dellente,
2863 3813 2916 3857 et
2962 3804 3164 3858 illatam
3211 3806 3579 3861 calamitatem

2005 3892 2348 3961 deplorante.

2078 3981 2212 4036 LVI.
2253 3983 2534 4037 Advenere
2573 3992 2755 4037 autem
2806 3983 3011 4038 tribuni
3048 3991 3102 4037 et
3139 3985 3436 4041 archontes
3487 4003 3581 4041 ur-

2005 4076 2109 4136 bis,
2145 4073 2239 4144 qui
2284 4075 2688 4129 meretriculam
2726 4076 3135 4147 interrogantes
3173 4079 3358 4133 dicere
3397 4076 3580 4146 jusse-

2005 4177 2156 4234 runt,
2228 4183 2360 4221 num
2419 4181 2610 4222 revera
2681 4185 2806 4224 cum
2859 4171 3117 4240 episcopo
3176 4171 3291 4242 ipsa
3362 4170 3577 4228 fuisset.

2005 4259 2137 4325 Quae
2167 4272 2351 4313 coram
2395 4259 2651 4315 omnibus
2694 4262 2998 4329 respondit,
3056 4263 3282 4316 omnino
3317 4262 3467 4316 illum
3517 4281 3580 4319 ra

2006 4357 2171 4404 nocte
2213 4363 2397 4404 secum
2451 4348 2645 4406 fuisse.
2681 4351 2750 4405 At
2784 4351 3208 4407 archidiaconus
3241 4363 3294 4406 et
3322 4353 3578 4408 monachi

2005 4440 2074 4492 ab
2125 4439 2313 4494 eadem
2367 4441 2644 4508 petebant,
2700 4457 2809 4512 qua
2864 4443 3046 4499 noctis
3100 4444 3234 4497 hora
3289 4444 3581 4514 episcopus

324 4542 422 4608 τῆς
481 4538 714 4601 νυκτός;
761 4535 918 4589 Ἡδὲ
981 4531 1166 4588 εἶπεν·
1229 4535 1385 4588 Μετά
1440 4533 1510 4587 τὰ
1545 4533 1897 4588 ἀποδείπνιαο

2007 4547 2131 4588 cum
2165 4547 2230 4586 ea
2259 4531 2500 4587 fuisset?
2530 4531 2832 4605 Respondit
2869 4547 3050 4591 autem
3088 4554 3101 4591 :
3139 4536 3182 4589 A
3219 4552 3373 4593 creua
3407 4557 3420 4593 :
3453 4553 3579 4593 nam

323 4628 497 4692 οὓτως
532 4631 638 4698 γὰρ
679 4625 744 4698 ἦν
781 4625 1214 4696 προϐιϐασθεῖσα
1265 4625 1372 4678 ὑπὸ
1409 4625 1516 4678 τῶν
1562 4625 1897 4696 παρανόμων

397 4829 513 4901 (60)
551 4827 797 4897 Gregorii
845 4826 1019 4901 nostri
1065 4833 1224 4880 aetate
1250 4824 1509 4901 pontium
1551 4838 1718 4901 sacra
1763 4830 1907 4876 tem-

324 4893 542 4973 ploruin
574 4893 900 4973 asra_po_puli
944 4894 1500 4973 convocandiuca‘usa
1537 4893 1602 4973 in
1653 4909 1755 4973 usu
1784 4907 1908 4947 esse

325 4963 629 5040 coeperant.
675 4963 904 5040 Quique
945 4968 1226 5020 inventum
1275 4965 1408 5040 illud
1456 4963 1906 5040 antiquissimum

327 5035 559 5104 faciunt,
599 5035 899 5092 Sabiniano
945 5049 1096 5106 pont.
1131 5051 1276 5089 max.
1311 5035 1583 5098 tribuunt,
1613 5035 1704 5103 qui
1752 5050 1908 5106 crea-

327 5125 416 5166 tus
457 5103 552 5164 est
577 5125 722 5162 anno
753 5108 878 5173 604,
926 5103 1051 5161 cum
1105 5107 1401 5170 Gregorius
1451 5113 1641 5157 noster
1691 5103 1908 5172 pontiﬁ~

325 5192 484 5236 catus
533 5181 616 5234 sui
664 5195 868 5232 annum
918 5189 1101 5247 ageret
1152 5178 1250 5241 M;
1303 5175 1369 5247 de
1420 5191 1542 5247 quo
1582 5183 1906 5247 argumento

327 5251 586 5373 legentélés
629 5250 724 5304 tibi
769 5251 914 5303 Bona
957 5243 1261 5302 cardinalis
1303 5243 1448 5299 Rer.’
1478 5245 1687 5314 Liturg.
1735 5244 1829 5298 lib.
1864 5260 1904 5305 ι,

328 5337 449 5373 ean.
565 5361 578 5373 .

328 5337 449 5376 can.
487 5323 578 5376 20.

395 5338 671 5461 ιιέιεέουοιιὶή
706 5390 951 5460 populus
983 5387 1283 5461 vocandus.
1318 5385 1407 5439 ubi
1443 5385 1624 5461 clerus
1650 5390 1746 5436 aut
1780 5398 1898 5436 mo-

328 5454 877 5530 nacbi'congregandi
907 5471 1112 5524 essent,
1146 5459 1518 5534 instrumento
1546 5454 1722 5524 ligneo
1746 5462 1905 5534 antea

325 5544 538 5605 veteres
588 5523 743 5585 ttsos'
760 5547 882 5584 esse
923 5537 1139 5585 constat
1161 5567 1192 5605 ,_
1223 5536 1277 5580 et
1320 5526 1372 5580 in
1417 5523 1640 5605 ()riente
1670 5523 1903 5605 quidem

329 5604 536 5658 diutius
585 5605 789 5663 etiam,
837 5616 1003 5669 quam
1052 5591 1196 5668 apud
1250 5612 1371 5651 nos.
1426 5598 1483 5669 ιιι
1529 5591 1905 5669 concilioNi-

331 5689 482 5729 emno
509 5672 569 5738 ll,
602 5682 707 5726 act.
738 5671 792 5734 4,
835 5664 888 5725 in
920 5664 1205 5724 Relatione
1238 5667 1630 5738 miraculorum
1757 5664 1904 5716 Ana-

330 5745 482 5800 stasii
532 5733 820 5812 martyris,
881 5756 1049 5812 quam
1099 5739 1225 5812 legit
1271 5737 1594 5812 Euthymius
1636 5733 1902 5812 diaconus

328 5829 426 5883 pro
461 5806 720 5884 episcopo
756 5806 1009 5875 Gottbiae,
1041 5806 1429 5864 liwc'invenies
1459 5825 1472 5861 :
1520 5806 1898 5869 Ἀναστάντες,

2007 4623 2176 4680 utsic
2209 4622 2588 4695 responderet.
2626 4627 2843 4684 scelesti
2876 4629 2956 4683 illi
2986 4640 3442 4700 praemonuerant.
3487 4631 3582 4687 Hic

2009 4823 2079 4877 τά
2100 4841 2157 4898 τε
2193 4823 2315 4898 ἱερά
2354 4823 2890 4898 Editaonpdvavtsg,
2906 4825 3376 4898 συνηθροίσθησαν
3407 4827 3581 4882 ἃπαν-

2008 4895 2186 4966 τεςέν
2216 4895 2294 4964 τῷ
2336 4896 2632 4966 πανσέπτῳ
2672 4894 2785 4963 ναῷ
2831 4895 2933 4965 τῆς
2965 4894 3266 4949 Θεοτόκουί
3303 4897 3435 4950 Cum
3462 4913 3582 4949 sur-

2009 4965 2290 5030 rexissent,
2337 4977 2385 5019 et
2435 4965 2611 5046 sacra
2645 4966 3583 5046 lignanpercussisse‘nt,_congregati

2008 5045 2127 5086 sunt
2194 5051 2370 5088 omnes
2426 5037 2482 5089 in
2538 5035 2821 5089 venerabili
2886 5037 3075 5104 templo
3134 5035 3416 5104 Cenitricis
3457 5035 3576 5092 Dei.

2011 5103 2200 5175 (Apud
2239 5106 2406 5160 Hard.
2443 5115 2480 5160 t.
2518 5105 2608 5169 IV,
2641 5123 2694 5175 p.
2729 5105 2879 5174 I75.)
2913 5103 3051 5160 Tum
3079 5107 3130 5161 in
3160 5104 3327 5160 Prata
3353 5103 3581 5161 Joannis

2007 5174 2244 5247 Moschi,
2265 5192 2315 5230 e.
2346 5175 2402 5240 2,
2443 5174 2706 5247 scriptum
2739 5187 2841 5240 est,
2879 5178 3227 5247 Κρούσαντος
3254 5176 3347 5228 τοῦ
3385 5193 3579 5247 κανον-

2008 5244 2174 5314 ἀρχου
2199 5245 2261 5298 τὸ
2287 5246 2466 5312 ξύλον,
2483 5249 2568 5314 ἐφ’
2591 5242 2635 5315 ᾧ
2653 5248 2862 5305 πάντας
2877 5242 3004 5310 τοὺς
3031 5247 3293 5314 ἀδελφοὺς
3312 5245 3580 5316 συναχθῆ-

2007 5332 2116 5388 ναι.
2153 5316 2206 5369 Id
2256 5328 2358 5377 est,
2390 5316 2740 5388 Canonarcjta
2794 5316 2997 5386 lignum
3045 5319 3287 5388 pulsante
3309 5317 3380 5388 ad
3401 5331 3579 5369 omnes

2006 5385 2198 5452 fratres
2226 5388 2635 5456 congregandos.
2663 5385 2772 5441 Nec
2801 5385 2904 5441 alia
2934 5385 3130 5442 desunt
3154 5387 3424 5455 exempla,
3457 5401 3582 5456 qua:

2005 5456 2188 5526 afferri
2235 5455 2465 5524 possint.
2510 5455 2662 5526 (Vid.
2718 5457 2926 5513 Tbeod.
2975 5458 3130 5512 Stud.
3179 5457 3346 5511 iamb.
3382 5455 3489 5522 10,7
3523 5458 3581 5511 in

1965 5549 1972 5560 ι
2003 5525 2361 5596 Canonurch.)
2398 5525 2570 5582 Graeci
2611 5543 2743 5582 vero
2784 5529 3060 5596 sequioris
3099 5528 3199 5580 aevi
3236 5527 3475 5582 tabulam
3510 5529 3577 5580 il-

2003 5595 2108 5650 lam
2145 5597 2405 5678 peculiari
2456 5599 2684 5678 nomine
2727 5595 3022 5660 donarunt.
3068 5599 3441 5678 σημαντήριον
3487 5607 3581 5652 aut.

2001 5667 2470 5737 χειροσήμαντρον
2509 5669 2847 5737 appellantes
2890 5686 2904 5722 :
2949 5669 3092 5735 quod
3147 5667 3576 5723 instrumentum

2000 5736 2264 5812 describit
2322 5736 2691 5812 Hieronymus
2769 5739 2977 5806 Magius
3026 5755 3076 5794 c.
3129 5738 3196 5792 15
3256 5741 3377 5812 ejus
3429 5740 3576 5807 libri,

1999 5821 2162 5876 quem
2197 5807 2272 5862 De
2303 5807 2677 5864 tintinnabulis
2709 5812 2952 5880 scripsit.
