4158 6530
552 390 650 452 647

1538 377 1596 438 S.
1647 371 2022 435 GREGORII
2061 366 2572 430 AGBIGENTINI
2616 362 2813 426 VITA.

3706 350 3816 416 65.8

552 514 686 554 vero
729 492 980 550 monachi
1011 500 1064 544 et
1095 489 1516 543 archidiaconus
1547 497 1599 538 et
1643 483 1856 538 diaconi
1898 493 2007 536 tres
2044 496 2132 532 re-

2241 481 2434 546 λὲγειν.
2470 478 2536 529 (li
2567 475 2622 528 δὲ
2657 472 2878 544 μοναχοὶ
2901 467 2997 522 καὶ
3025 469 3053 520 6
3085 465 3463 537 άρχιδιάκονος
3493 464 3588 517 καὶ
3616 463 3666 516 oi
3700 463 3813 517 λοι-

554 590 689 660 quui
721 599 1034 642 assrverare
1075 597 1139 636 ac
1170 581 1351 633 dicere
1381 598 1393 632 :
1437 577 1578 630 Vivit
1614 577 1898 636 Dominus,
1953 572 2127 641 puella

553 685 670 737 hac
702 695 889 733 verum
921 693 1028 730 non
1060 673 1287 744 profert.
1328 673 1431 726 Sed
1470 685 1666 724 manus
1710 669 1798 722 illa
1838 667 2123 721 hominum

553 775 948 828 sceleratorum
1005 782 1317 837 opponere,
1387 763 1684 817 familiares
1745 777 1839 814 eos
1886 758 2125 828 episcopi

551 882 699 927 esse,
756 879 857 917 nec
913 863 1069 916 tidem
1126 861 1258 930 ipsis
1318 859 1536 922 haberi,
1591 853 1855 924 quidquid
1913 851 1981 905 de
2034 852 2128 904 illo

552 961 759 1014 dicant.
811 956 948 1008 Cum
1008 969 1136 1007 vero
1195 967 1340 1004 unus
1379 965 1410 1003 e
1446 948 1696 1003 diaconis
1743 944 2129 1012 Philadelphus

556 1049 779 1105 nomine
825 1046 1196 1115 respondisset
1243 1063 1256 1096 :
1310 1061 1327 1093 ι
1363 1041 1508 1094 Muta
1563 1040 1696 1093 fiant
1735 1038 1874 1091 labia
1916 1037 2127 1099 dolosa,

553 1159 674 1213 qua:
702 1141 1002 1210 loquuntur
1033 1138 1297 1204 adversus
1320 1134 1529 1202 justum
1567 1131 1909 1200 iniquitatem
1945 1128 1996 1181 in
2040 1142 2131 1179 su-

553 1232 740 1299 perbia
785 1238 841 1282 et
895 1225 1300 1293 contemptione
1325 1223 1366 1253 "’
1394 1262 1409 1286 ,
1453 1241 1470 1273 ι
1511 1222 1803 1291 prosiliens
1833 1218 2129 1286 sacrilegus

552 1321 945 1376 Crescentinus
1019 1315 1297 1370 maxillam
1361 1312 1727 1367 adolescentis
1792 1308 2061 1380 percussit
2113 1324 2126 1360 :

555 1413 697 1481 quod
745 1412 978 1480 populus
1023 1407 1208 1462 omnis
1257 1407 1568 1475 indignatus
1619 1420 1728 1457 non
1783 1404 1924 1467 tulit,
1973 1410 2028 1454 et
2077 1401 2129 1453 in

558 1520 682 1557 eum
718 1503 961 1554 clamans
994 1518 1006 1553 :
1043 1498 1182 1563 Quid
1215 1509 1294 1558 tu,
1322 1496 1546 1560 nefarie,
1579 1495 1973 1548 adolescentem
2008 1507 2130 1560 per-

555 1590 745 1646 eutis?
779 1591 1042 1657 impetum
1086 1585 1236 1649 fecit,
1277 1584 1504 1654 jamjam
1563 1584 1868 1636 occisurus.
1903 1581 1970 1632 At
2000 1595 2130 1634 san-

555 1692 678 1736 ctus
724 1682 806 1734 vir
841 1679 906 1733 ad
956 1680 1215 1748 populum
1263 1691 1562 1730 conversus
1607 1672 1882 1728 dehortari
1929 1671 2127 1738 οωυίι,

557 1790 648 1828 ac:
673 1774 867 1836 Sinite,
887 1772 1084 1839 inquit,
1114 1769 1307 1822 fratres
1331 1777 1382 1820 et
1407 1766 1612 1820 domini
1645 1766 1772 1827 mei,
1801 1775 1860 1817 ut
1887 1762 2132 1833 perficiat

2236 573 2330 625 ποὶ
2376 572 2524 639 τρεῖς
2569 567 2810 619 διάκονοι
2840 558 3244 630 διισχυρίξοντο
3270 559 3522 626 λέγοντες
3543 570 3558 585 °
3591 558 3668 625 Ζῇ
3701 553 3816 610 Κύ-

2239 661 2456 734 ριος,ού
2487 657 2790 726 φθέγγεται
2835 651 3093 722 ἀληθὲςὴ
3133 649 3268 718 κόρη
3331 647 3494 718 αὕτη.
3550 647 3818 714 Λέγουσιν

2235 755 2295 805 τὸ
2328 751 2566 822 πονηρὸν
2626 749 2903 818 συνέδριον
2937 745 3045 797 τῶν
3089 741 3423 812 παρανόμων
3460 755 3474 769 ·
3522 739 3715 808 Ὑμεῖς
3764 739 3816 792 oi.

2235 848 2472 900 οἰκιακοὶ
2500 843 2665 896 αὑτοῦ
2705 844 2765 894 ού
2814 837 3139 892 πιστεύεσθε
3165 836 3308 889 ὃὲὰν
3341 834 3532 902 εἴπητε
3565 834 3694 902 περὶ
3725 832 3820 885 αὐ-

2236 938 2350 991 τοῦ.
2393 935 2738 1008 Ἀποκριθεὶς
2763 933 2820 986 δὲ
2850 927 2932 993 εἷς
2965 932 3030 983 ὲκ
3059 929 3167 981 τῶν
3193 927 3456 980 διακόνων
3484 925 3817 991 Φιλάδελφος

2236 1032 2484 1101 ὀνόματι,
2518 1030 2697 1096 λέγει·
2729 1045 2748 1079 ι
2778 1024 2991 1077 νΑλαλα
3028 1021 3316 1092 γενηθήτω
3344 1019 3414 1072 τὰ
3449 1019 3602 1090 χείλη
3631 1018 3700 1070 τὰ
3727 1018 3816 1070 ὁὸ-

2236 1123 2348 1184 λια,
2375 1121 2447 1173 τὰ
2469 1120 2730 1173 λαλοῦντα
2761 1117 2904 1169 κατὰ
2928 1114 3023 1166 τοῦ
3057 1112 3272 1166 δικαίου
3304 1110 3536 1180 ἀνομίαν
3567 1112 3623 1163 ὲν
3648 1104 3825 1179 ὑπερ-ι’

2237 1214 2445 1285 ηφανξᾳ
2473 1213 2571 1266 καὶ
2607 1208 2977 1276 ὲξουδενώσει.
3034 1225 3054 1258 ι
3091 1203 3420 1275 Εὶσδραμὼν
3445 1203 3502 1255 δὲ
3535 1205 3562 1256 6
3601 1203 3817 1272 ἀνὶερος

2236 1307 2662 1376 Κρησκεντῖνος,
2716 1301 2913 1363 ἔτυψεν
2963 1300 3056 1351 τὸν
3113 1297 3278 1351 παῖδα
3327 1297 3432 1349 ὑπὸ
3463 1295 3564 1366 τὴν
3592 1295 3817 1359 σιαγόνα

2237 1399 2402 1452 αὐτοῦ
2427 1416 2439 1429 ·
2469 1399 2564 1450 καὶ
2596 1397 2798 1464 ἀνέστη
2844 1396 2950 1456 πᾶς
2979 1396 3006 1445 ὁ
3036 1392 3161 1455 λαὸς
3218 1390 3312 1442 ἐπὶ
3352 1389 3444 1442 τὸν
3497 1389 3816 1456 παράνομον

2236 1491 2330 1544 τοῦ
2358 1491 2680 1543 ἀποκτεῖναι
2711 1487 2892 1550 αὐτὸν,
2926 1487 3206 1552 λέγοντες·
3243 1482 3335 1548 Μὴ
3358 1481 3527 1534 τύπτε
3556 1480 3650 1534 τὸν
3683 1482 3815 1532 παῖς

2235 1583 2321 1644 δα,
2357 1581 2726 1651 ἐπικατάρατε
2758 1579 3014 1649 ἄνθρωπε
3039 1595 3051 1606 ·
3085 1579 3180 1630 καὶ
3212 1574 3479 1645 ὥρμησαν
3506 1572 3691 1625 ἐπάνω
3715 1571 3816 1624 αύ-

2235 1675 2351 1728 τοῦ.
2390 1676 2499 1728 Καὶ
2529 1673 2794 1743 στραφεὶς
2831 1674 2859 1725 6
2884 1672 3038 1739 ἅγιος
3067 1669 3205 1740 πρὸς
3239 1671 3332 1720 τὸν
3372 1667 3524 1730 λαὸν,
3564 1665 3815 1736 παρεκά-

2237 1767 2320 1819 λει
2349 1768 2532 1830 αὑτὸν,
2557 1766 2729 1833 λέγων
2750 1779 2763 1792 ·
2806 1768 3008 1834 Ἅφετε
3039 1765 3223 1826 αὑτὸν,
3257 1761 3479 1831 ἀδελφοὶ
3513 1763 3608 1814 καὶ
3634 1759 3816 1830 κύριοί

557 1868 703 1938 quod
753 1866 885 1919 vult.
941 1862 1078 1916 Nam
1126 1877 1272 1915 nunc
1307 1860 1526 1928 quidem
1577 1869 1789 1928 patrem
1839 1856 1925 1909 ille
1973 1870 2131 1909 suum

2242 1876 2362 1929 μου,
2407 1858 2496 1912 ἵνα
2541 1861 2673 1928 ποιῇ
2728 1857 2756 1910 ὃ
2809 1857 3099 1927 βούλεται·
3133 1856 3161 1907 ὁ
3194 1854 3302 1925 γὰρ
3356 1853 3538 1923 πατὴρ
3572 1851 3738 1905 αὑτοῦ
3787 1852 3817 1903 6

560 1960 843 2014 diabolum
877 1958 1186 2025 adjutorem
1221 1954 1400 2007 habet.
1433 1954 1502 2005 At
1541 1961 1730 2020 postea
1763 1949 1976 2002 ruinam
2015 1949 2133 2014 ejus

560 2067 813 2121 magnam
843 2047 1122 2102 videbitis.
1155 2047 1426 2100 Cmterum
1462 2044 1701 2113 pepulus
1734 2041 1914 2095 omnis
1947 2040 1998 2093 in
2029 2039 2134 2092 du-

557 2144 876 2198 bitationem
915 2140 1080 2194 etiam
1123 2147 1438 2206 metumque
1465 2136 1632 2198 venit,
1670 2150 1736 2187 ne
1772 2148 1899 2186 vera
1930 2139 2132 2193 essent,

557 2253 678 2305 qua:
725 2235 793 2288 ab
834 2233 940 2286 illis
990 2230 1357 2293 dicebantur;
1417 2229 1598 2296 itaque
1646 2225 1898 2294 sacrilegi
1952 2223 2028 2276 illi
2080 2230 2138 2277 et

563 2328 786 2397 maligni
842 2325 1090 2380 Immines
1149 2323 1591 2393 pr.evaluerunt,
1651 2329 1705 2374 et
1762 2317 2024 2387 Gregorio
2082 2315 2136 2368 in

557 2422 863 2476 rustodiam
927 2416 1224 2485 conjecto,
1296 2429 1362 2468 ne
1416 2412 1674 2481 fugeret,
1738 2425 1903 2464 nervo
1972 2407 2136 2462 etiam

560 2511 905 2566 vinciendum
959 2516 1249 2570 curarunt,
1315 2521 1381 2559 eo
1444 2505 1497 2557 in
1561 2504 1701 2566 loco,
1763 2501 1856 2554 ubi
1917 2501 2138 2554 clausus

562 2608 741 2658 fuerat
791 2610 1016 2656 sanctus
1072 2597 1370 2666 Gregorius
1425 2596 1718 2663 episcopus
1775 2593 2140 2663 Lilybaetana-

565 2704 686 2748 rnm
721 2694 856 2762 (6i),
899 2691 994 2759 qui
1029 2691 1228 2744 ibidem
1268 2689 1591 2754 martyrium
1633 2686 1782 2749 fecit,
1825 2701 1854 2738 a
1889 2682 2139 2754 Tyrcano

563 2799 799 2858 tyranno
848 2785 1028 2854 capite
1074 2783 1391 2836 damnatus.
1440 2775 1653 2850 [Lxxul]
1706 2775 1976 2830 Universa
2009 2788 2140 2828 vero

565 2879 720 2932 urbis
758 2876 1052 2930 multitudo
1085 2874 1150 2927 ad
1183 2886 1461 2926 carcerem
1507 2879 1832 2938 congrrgata
1877 2879 1982 2929 est,
2033 2867 2137 2919 im-

567 2968 953 3038 pellebantque
989 2965 1216 3026 ostium,
1255 2963 1298 3016 si
1347 2958 1681 3029 perfringere
1718 2966 1938 3026 possent
1969 2972 1982 3008 :
2016 2956 2139 3025 qui-

561 3061 688 3112 dam
719 3059 884 3110 etiam
923 3053 1122 3108 ferreis
1163 3052 1413 3106 vectibus
1446 3051 1646 3114 allatis,
1680 3064 1956 3102 carcerem
1990 3049 2138 3101 labe-

562 3151 701 3202 facta
711 3163 768 3200 re
805 3146 1168 3200 conabantur.

634 3239 792 3294 LVII.
833 3237 1065 3307 Jamque
1094 3236 1170 3290 rei
1201 3233 1346 3289 fama
1380 3234 1448 3287 ad
1487 3233 1744 3286 finitimos
1776 3246 1995 3301 quoque
2027 3246 2142 3300 prr-

561 3338 788 3385 venerat
820 3347 834 3382 :
866 3329 960 3398 qui
1010 3327 1242 3381 consilio
1293 3327 1449 3388 inito,
1497 3327 1563 3378 ad
1611 3325 1874 3378 Sabinum
1915 3333 1969 3376 et
2010 3325 2141 3377 Cre-

565 3423 877 3477 scentinum
917 3430 972 3474 et
1012 3433 1203 3472 omnes
1233 3418 1549 3486 conjuratos
1591 3431 1621 3470 θ
1664 3416 1841 3469 medio
1876 3415 2143 3468 tollendos

565 3513 980 3583 conspirarunt.
1013 3510 1126 3563 Nisi
1157 3511 1304 3578 quod
1353 3519 1578 3563 sanctus
1613 3508 1912 3577 Gregorius
1943 3509 2142 3562 dehor-

568 3607 670 3659 tari
699 3620 792 3659 eos
823 3619 928 3657 non
968 3603 1182 3658 destitit
1213 3621 1224 3654 :
1253 3601 1331 3656 Ne
1362 3602 1496 3672 quid
1547 3601 1673 3666 tale,
1730 3601 2008 3669 inquiens,
2048 3602 2144 3655 lilii

568 3698 701 3752 mihi
725 3695 1062 3758 charissimi,
1089 3703 1282 3747 contra
1314 3708 1409 3746 eos
1439 3693 1690 3746 audeatis
1721 3709 1733 3745 :
1759 3691 1971 3746 Domini
1996 3695 2141 3748 enim

569 3790 676 3846 mei
711 3789 866 3852 ultio,
915 3785 1112 3841 fratres
1143 3803 1157 3840 :
1188 3785 1658 3854 quandoquidem,
1695 3793 1753 3836 ut
1791 3784 2002 3849 dicunt,
2050 3801 2146 3838 ne-

569 3897 732 3953 quam
784 3881 947 3934 homo
995 3892 1182 3932 revera
1229 3891 1375 3930 sum.
1425 3875 1523 3928 Cui
1572 3876 1803 3944 pepulus
1856 3877 2144 3932 universus

571 3974 910 4044 respondens
938 3971 1014 4024 ait
1043 3988 1056 4023 :
1089 3969 1543 4031 'l‘ransferantur,
1576 3967 1736 4022 Pater
1769 3979 1978 4033 sancte,
2013 3987 2143 4038 pec-

568 4079 687 4121 cata
719 4080 810 4121 tua
841 4066 1014 4119 innos
1036 4072 1089 4119 et
1120 4062 1336 4129 in,lilios
1366 4072 1606 4116 nostros.
1642 4060 1735 4115 ille
1761 4077 1955 4116 rursus
1991 4082 2006 4117 :
2040 4062 2140 4128 Ne,

568 4177 777 4230 quaeso,
813 4158 907 4211 lilii
947 4155 1284 4218 clrarissimi,
1319 4168 1387 4207 ne
1418 4169 1615 4208 manus
1645 4163 1856 4208 vestras
1905 4154 1971 4208 iis
2019 4156 2145 4224 inji-

567 4253 766 4318 ciatis;
823 4251 927 4304 hoc
970 4259 1182 4303 tantum
1240 4255 1459 4308 cavete,
1516 4245 1744 4308 fratres,
1797 4262 1866 4300 ne
1922 4249 2143 4315 quando

568 4359 756 4396 necem
801 4340 934 4394 mihi
989 4339 1248 4394 inferant.
1285 4338 1439 4403 Quod
1483 4352 1548 4391 eo
1599 4339 1832 4392 consilio
1876 4339 2046 4406 dixit,
2086 4351 2140 4394 ut

567 4435 832 4488 Certiores
863 4431 1088 4492 faceret,
1129 4430 1406 4485 Christum
1438 4430 1502 4482 ad
1537 4428 1712 4497 ipsius
1737 4430 1956 4484 tutelam
1987 4432 2141 4487 advi-

645 4591 684 4621 ”
722 4589 867 4645 Psal.
903 4605 1031 4658 xxx,
1063 4590 1149 4645 18.

2237 1950 2481 2014 διάϐολος
2541 1953 2797 2021 συνεργεῖ
2853 1949 3005 2019 αὐτῷ
3058 1948 3194 2021 πρὸς
3245 1947 3306 2000 τὸ
3349 1947 3543 2016 παρόν.
3579 1944 3817 2000 Μετὰδὲ

2236 2041 2414 2096 ταῦτα
2446 2044 2856 2112 ἀναφανήσεται
2899 2043 2931 2112 ἡ
2962 2041 3172 2104 πτῶσις
3192 2041 3357 2094 αὐτοῦ
3388 2039 3617 2109 μεγάλη.
3647 2036 3816 2090 Πάλιν

2237 2133 2296 2186 δὲ
2327 2131 2568 2202 ἐφοεήθη
2613 2133 2721 2195 πᾶς
2766 2133 2794 2184 ὁ
2841 2132 2987 2193 λαὸς,
3026 2131 3457 2200 διαὶογιζόμενοι
3501 2129 3636 2199 πρὸς
3692 2130 3817 2180 tau-

2238 2225 2384 2287 τοὺς,
2413 2227 2487 2294 μή
2525 2241 2658 2278 ποτε
2688 2223 2862 2292 ἀληθῆ
2887 2220 3026 2276 εἶναι
3057 2224 3126 2275 τὰ
3153 2223 3282 2290 παρ’
3313 2223 3496 2276 αὐτῶν
3521 2222 3813 2290 λεγόμενα.

2239 2317 2358 2371 Καὶ
2416 2317 2791 2386 ὑπερίσχυσαν
2839 2317 2889 2368 οἱ
2935 2315 3142 2386 ἁνίεροι
3187 2318 3281 2368 καί
3328 2314 3818 2384 κακόφρονεςοκαὶ

2239 2411 2434 2465 ἔϐαλον
2465 2412 2624 2464 αὑτὸν
2663 2412 2720 2463 ἐν
2741 2413 2807 2480 τῇ
2849 2409 3087 2480 φυλακῇ,
3119 2411 3214 2462 καὶ
3244 2409 3618 2479 ἠσφαλίσαντο
3652 2407 3817 2460 αὑτὸν

2240 2508 2298 2559 ὲν
2346 2505 2424 2575 τῷ
2455 2505 2618 2575 ξύλῳ,
2654 2504 2781 2556 ἔνθα
2835 2500 2900 2574 ἦν
2941 2502 3329 2572 κεκλεισμένος
3359 2505 3386 2553 ὁ
3417 2501 3570 2567 ἅγιος
3618 2499 3820 2568 Γρηγό-

2244 2615 2357 2668 ριος
2386 2601 2414 2650 ὀ
2448 2598 2746 2658 ἐπίσκοπος
2797 2597 2894 2664 τῆς
2944 2595 3250 2649 Λιλυϐιτῶν
3303 2593 3536 2653 πόλεως,
3565 2593 3594 2644 6
3635 2592 3818 2642 ἐκεῖσε

2243 2691 2622 2759 μαρτυρήσας,
2682 2690 2776 2742 καὶ
2820 2688 2924 2740 ὑπὸ
2973 2687 3068 2739 τοῦ
3119 2686 3309 2754 ξίφους
3349 2683 3659 2745 τελειωθεὶς
3712 2681 3820 2735 ὑπὸ

2241 2782 2526 2851 Τυρκάνου
2580 2781 2675 2833 τοῦ
2711 2781 2996 2851 τυράννου.
3035 2779 3219 2831 ’Ἀπαν
3274 2777 3331 2830 δὲ
3385 2777 3444 2828 τὸ
3492 2776 3694 2846 πλῆθος
3720 2773 3819 2828 τοῦ

2239 2873 2370 2926 λαοῦ
2425 2874 2524 2942 τῆς
2575 2873 2785 2935 πόλεως
2848 2872 3213 2941 συνηθροίσθη
3271 2868 3376 2932 ἕξω
3407 2869 3508 2937 τῆς
3543 2867 3816 2936 φυλακῆς,

2240 2970 2332 3019 καὶ
2364 2967 2735 3036 προσέκρουον
2768 2968 2830 3033 τῇ
2879 2963 3018 3034 θύρᾳ
3047 2962 3365 3032 βωυλόμενοι
3403 2959 3569 3030 αὐτὴν
3605 2959 3819 3032 συντρε-

2239 3062 2368 3128 ψαι·
2397 3060 2544 3112 ἄλλοι
2570 3059 2626 3110 δὲ
2666 3059 2896 3128 μοχλοὺς
2941 3056 3194 3126 σιδηροῦς
3237 3055 3560 3122 ἐνέγκαντες
3591 3054 3816 3123 ἐζήτουν

2245 3150 2502 3214 κατεάξαι
2527 3150 2625 3220 τὴν
2660 3150 2934 3219 φυλακήν.

2314 3243 2438 3295 ΝΖ’.
2480 3241 2844 3302 ’Λκούσαντες
2874 3241 2930 3293 δὲ
2959 3240 3008 3292 οἱ
3042 3239 3143 3309 τῆς
3168 3237 3516 3309 περιοικίδος,
3551 3238 3818 3307 συνήχθη-

2247 3352 2344 3387 σαν
2371 3335 2463 3386 ἐπὶ
2491 3335 2550 3386 τὸ
2584 3335 2905 3386 ἀποκτεῖναι
2935 3334 3062 3395 τοὺς
3106 3332 3399 3391 κακίστους
3431 3331 3526 3383 καὶ
3563 3331 3816 3399 άνιέρους

2244 3428 2470 3482 Σαϐῖνον
2503 3429 2597 3480 καὶ
2629 3429 3058 3498 Κρησκεντῖνον,
3091 3425 3186 3477 καὶ
3213 3425 3274 3476 τὸ
3301 3423 3422 3478 κατ’
3453 3424 3653 3486 αὐτοὺς
3689 3439 3815 3474 συν-

2246 3521 2446 3592 έδριον.
2500 3522 2556 3573 Ὀ
2593 3521 2649 3572 δὲ
2693 3521 2848 3587 ἅγιος
2895 3519 3197 3590 Γρηγόριος
3243 3517 3545 3588 παρεκάλει
3593 3517 3812 3576 αὐτοὺς,

2244 3613 2423 3680 λέγων
2443 3625 2455 3640 ⁸
2507 3612 2600 3682 Μὴ
2626 3653 2640 3676 ,
2691 3612 2860 3664 τέκνα
2895 3628 2996 3681 μου
3028 3611 3286 3679 ἀγαπητά
3311 3654 3325 3675 ,
3379 3609 3544 3679 μηδὲν
3573 3606 3815 3660 τοιοῦτον

2245 3706 2491 3774 πράξητε
2541 3705 2622 3766 εἰς
2666 3702 2864 3766 αὐτούς
2891 3720 2903 3732 ·
2949 3701 3046 3756 τοῦ
3091 3702 3297 3772 Κυρίου
3329 3719 3427 3772 μου
3462 3702 3571 3770 γὰρ
3611 3698 3818 3770 ἡὲκδί-

2244 3814 2426 3865 κησις,
2447 3796 2693 3864 ἀδελφοί·
2727 3795 2940 3866 ἐπειδὴ,
2973 3795 3048 3858 ὡς
3081 3793 3353 3862 λέγουσιν,
3384 3794 3524 3862 ἀνὴρ
3554 3793 3816 3860 ἀμαρτω-

2245 3888 2335 3951 λός
2386 3889 2503 3958 εἰμι
2547 3887 2763 3957 ἀληθῶς
2811 3888 2922 3940 ναξ.
2978 3884 3382 3956 Ἀπεκρίθησαν
3437 3884 3492 3936 δὲ
3547 3883 3693 3936 ἅπαν
3755 3881 3816 3933 τὸ

2246 3981 2444 4051 πλῆθος
2468 3979 2562 4032 τοῦ
2593 3979 2749 4044 λαοῦ,
2780 3979 2877 4032 καὶ
2910 3975 3062 4032 εἷπον
3085 3977 3237 4047 αὑτῷ
3257 3994 3270 4006 ο
3306 3975 3697 4046 Γενηθήτωσαν
3727 3975 3815 4040 ἐφ’

2246 4074 2393 4142 ἡμᾶς
2429 4076 2484 4126 αἱ
2519 4071 2788 4143 ἁμαρτίαι
2821 4088 2940 4136 σου,
2984 4071 3166 4142 Πάτερ
3201 4070 3355 4137 ἆγιε,
3390 4069 3484 4120 καὶ
3511 4068 3603 4118 ἐπὶ
3631 4065 3698 4118 τά
3731 4067 3817 4117 τέ-

2244 4183 2349 4219 κνα
2391 4165 2574 4236 ἡμῶν.
2627 4164 2685 4218 '0
2729 4165 2786 4217 δὲ
2827 4164 2989 4218 πάλιν
3041 4163 3178 4233 πρὸς
3221 4164 3416 4223 αὐτοὺς
3450 4158 3811 4228 ἁπεκρίνατο·

2248 4257 2364 4328 Μὴ,
2395 4258 2562 4309 τέκνα
2597 4273 2699 4322 μου
2734 4255 3018 4326 ἀγαπητὰ,
3052 4254 3356 4325 παρακαλῶ
3387 4254 3554 4322 ὑμᾶς,
3591 4251 3664 4320 μὴ
3693 4252 3811 4301 ἐπι-

2245 4350 2450 4420 ϐάλητε
2487 4349 2585 4413 τὰς
2621 4353 2808 4420 χεῖρας
2856 4349 3011 4419 ὑμῶν
3055 4349 3141 4401 ἐπ’
3187 4346 3414 4410 αύτούς·
3463 4347 3603 4416 πλὴν
3643 4361 3814 4414 προσ-

2249 4441 2470 4514 μείνατέ
2523 4460 2644 4512 μοι,
2698 4443 2955 4510 ἀδελφοὶ,
2997 4443 3070 4511 μή
3121 4459 3238 4503 πως
3287 4439 3680 4492 ἀποκτείνωσιν
3723 4455 3809 4506 με.

643 4753 756 4825 (Gl)
797 4751 881 4828 De
910 4751 1462 4828 Gregorio_martyre
1503 4761 1558 4805 et
1594 4753 1852 4828 e_p_iscopo
1903 4754 2134 4828 Lilybae-
2169 4765 2215 4819 ι)
2243 4776 2364 4813 cum
2393 4801 2408 4824 ,
2480 4759 2638 4828 eique
2693 4757 3009 4828 interfuisse
3060 4755 3429 4828 Eustachium
3464 4754 3810 4828 pepisc0pum

573 4820 702 4876 lano
739 4820 1020 4894 'quidquid
1065 4833 1119 4876 et
1151 4820 1466 4894 iGajetanus
1512 4832 1565 4894 et
1608 4820 1800 4877 Pii-rus
1845 4820 2136 4894 scripsere,

572 4894 784 4949 Leontii
816 4893 988 4946 nostri
1014 4893 1195 4947 verbis
1226 4904 1279 4945 et
1319 4893 1640 4947 auctoritate
1676 4903 1848 4946 totum
1893 4893 2138 4948 innixum

571 4975 680 5019 est.
719 4965 826 5018 Nec
851 4965 974 5032 plus
997 4963 1199 5031 aliquid
1243 4962 1426 5016 Daniel
1453 4962 1860 5031 l’apebrocbius
1884 4967 2095 5019 extudit
2125 4985 2137 5019 :

573 5037 668 5090 sed
708 5035 774 5089 ad
823 5033 1070 5103 Cajetani
1114 5036 1647 5103 animadversiones,
1675 5035 1884 5088 elevata
1928 5036 2141 5090 Leontii

577 5109 702 5170 Me,
746 5102 944 5173 adjecit.
987 5106 1099 5156 Inee
1130 5123 1144 5157 ε
1181 5102 1304 5156 Non
1343 5103 1460 5155 ideo
1497 5113 1669 5174 tamen
1710 5107 1902 5170 ausim,
1943 5108 2142 5174 passim

576 5172 841 5244 receptum
887 5192 920 5228 a
958 5174 1153 5228 Siculis
1199 5183 1440 5227 sanctum
1492 5172 1876 5242 Lilybetanum
1926 5172 2143 5246 prorsus

575 5261 868 5315 expungere
913 5255 968 5297 ut
1014 5246 1278 5313 ﬁctilium,
1335 5260 1458 5315 cunt
1503 5247 1792 5298 verosimile
1836 5247 1977 5310 sit,‘
2009 5249 2137 5308 isti,

577 5312 1068 5384 qu'am'suspectam
1111 5316 1358 5382 facimus,
1419 5312 1548 5384 lfin
1579 5331 1816 5368 verorum
1849 5315 1986 5370 alios
2018 5332 2144 5368 san—

579 5395 794 5525 τιοῗὲιὶι)
833 5382 1045 5440 nomina
1087 5385 1366 5437 admisceri
1413 5382 1560 5453 (Jun.
1613 5396 1652 5438 t.
1701 5385 1740 5449 I,
1793 5390 1859 5439 ad
1903 5388 2044 5442 diem
2087 5386 2141 5451 5,

580 5469 635 5522 ιι.
805 5494 818 5508 .

655 5522 783 5592 Εςὰ
808 5539 938 5578 vero
981 5524 1090 5578 duo
1131 5525 1219 5577 illa
1247 5533 1475 5595 tantum
1507 5526 1808 5590 annotabo,
1855 5541 1976 5595 quae
2019 5525 2145 5581 huic

582 5595 1002 5682 narratiunculae
1027 5594 1279 5682 polinilril
1311 5597 1534 5682 favent:
1571 5599 1806 5682 primum
1848 5594 1952 5659 est,
1993 5596 2143 5682 Lily-

584 5664 686 5716 baei
720 5665 1003 5733 episcopos
1027 5665 1195 5719 fuisse
1227 5665 1338 5731 jam
1381 5666 1452 5718 ab
1484 5680 1628 5719 anno
1658 5664 1969 5719 Christiano
1995 5664 2138 5730 1‘25;

584 5735 689 5787 sub
715 5748 779 5786 ea
811 5734 956 5788 enim
1006 5745 1247 5803 tempora
1287 5743 1467 5788 actum
1517 5738 1569 5787 in
1616 5733 1801 5788 Sicilia
1847 5735 2140 5789 concilium

584 5805 850 5859 adversus
893 5803 1279 5859 Heraeleoncm
1320 5819 1351 5858 e
1380 5803 1650 5859 Valentini
1699 5807 1886 5859 schola
1927 5807 2141 5861 haereti-

2245 4825 2680 4900 Lilybzetanum,
2767 4845 2831 4900 ex
2901 4827 3091 4880 Hilarii
3162 4825 3506 4900 Er'agrr'rentis
3572 4830 3813 4900 ostendit

2241 4895 2496 4953 Bal'uzius
2531 4897 2692 4965 (Nov.
2732 4899 2832 4954 cel.
2877 4914 3023 4951 conc.
3069 4912 3120 4965 p.
3163 4895 3240 4958 5).
3282 4897 3651 4967 Alter-umest
3680 4896 3815 4967 Tyr-

2241 4973 2361 5023 cam'
2429 4986 2623 5024 nomen
2709 4970 2763 5022 in
2814 4972 2980 5022 .Actis
3042 4975 3345 5031 martyrum
3423 4966 3645 5020 minime
3713 4966 3815 5022 no-

2240 5057 2366 5093 vum
2407 5056 2551 5103 esse,
2594 5047 2648 5091 et
2686 5039 2827 5108 apud
2871 5038 3090 5108 Surium
3120 5041 3181 5104 (ι.
3215 5034 3299 5108 Vl,
3339 5050 3483 5108 nono
3511 5033 3630 5089 Kal.
3666 5036 3813 5106 Jan.)

2243 5120 2463 5164 exstare
2491 5105 2806 5179 przeclaram
2849 5111 3020 5179 sancti
3055 5105 3301 5179 Gregorii
3344 5107 3642 5179 presbyteri
3677 5105 3817 5178 Spo-

2245 5183 2398 5234 letini
2426 5175 2834 5234 confessionem
2879 5195 2908 5231 a
2951 5175 3300 5230 Tillemontio
3334 5177 3496 5228 etiam
3540 5175 3814 5232 laudatam

2245 5254 2306 5317 (ι.
2351 5253 2409 5303 νε.
2445 5266 2499 5320 p.
2531 5251 2678 5319 155),
2721 5251 2772 5302 in
2814 5265 2919 5316 qua
2947 5247 3229 5318 'l‘yrcanus
3268 5245 3488 5320 quidam
3522 5263 3663 5320 saepe
3704 5267 3818 5301 me-

2247 5315 2514 5384 moratur,
2542 5315 2920 5390 qui'tanquam
2944 5315 3109 5387 ju’dex
3135 5331 3259 5370 cum
3286 5315 3481 5390 lflacco
3504 5318 3762 5385 praefecto
3787 5336 3818 5374 a

2247 5384 2578 5444 Maximiano
2598 5390 2736 5459 Aug.
2763 5384 3045 5458 Spoletum
3070 5384 3627 5459 contraCbristianos
3651 5391 3820 5445 misso

2248 5463 2401 5516 sedet
2438 5476 2535 5528 pro
2575 5457 2856 5523 tribunali,
2889 5459 3212 5529 Gregorium
3260 5457 3580 5525 interrogat,
3617 5462 3818 5529 arguit,

2250 5533 2512 5585 damnat:
2558 5546 2622 5584 ac
2663 5532 2880 5583 demum
2925 5528 3425 5600 martyriscorpus
3455 5528 3820 5584 Abundantlai

2251 5603 2464 5657 femina:
2500 5601 2828 5654 Cbristianaa
2868 5597 3304 5667 aureis'triginla
3335 5597 3578 5666 quinque
3610 5603 3815 5654 vendit.

2250 5673 2428 5793 atque
2461 5673 2573 5726 haec
2599 5673 2714 5740 ipsa
2748 5672 2800 5725 in
2827 5671 3034 5726 Adonis
3067 5667 3452 5737 Martyrologio
3477 5672 3721 5739 reperies
3764 5686 3818 5724 ix

2299 5759 2326 5793 fl
2355 5781 2368 5793 .
2429 5759 2519 5793 an.

2299 5748 2368 5795 al.
2397 5748 2519 5797 Jan.
