4158 6534
586 373 684 439 651

1578 379 1639 439 8.
1680 376 2061 441 GREGORII
2109 376 2624 439 AGRIGENTINI
2673 380 2871 442 VJTA.

3747 384 3858 448 652

586 509 725 556 tium
752 501 842 558 ille
870 501 1156 557 advenerit
1187 518 1251 559 ac
1270 504 1335 559 de
1361 505 1697 576 lejudieium
1729 510 1925 578 egerit,
1960 510 2074 579 ipse
2099 510 2147 564 (lt

2266 509 2361 563 τοῦ
2406 511 2798 567 ἀποστολικοῦ·
2857 512 3054 568 τούτου
3099 516 3399 586 ἐρχομένου
3451 517 3740 588 ἀνακρῖναι
3784 527 3852 578 τὰ

586 604 638 651 te
668 601 895 658 statuet,
919 595 1062 665 quod
1091 596 1260 651 volet.
1284 595 1533 669 Namque
1559 602 1848 671 epistolam
1877 619 2067 659 revera
2091 604 2159 659 ad

580 704 705 742 eum
754 689 1112 758 scripserant,
1165 707 1274 760 qua
1323 696 1502 761 ipsum
1557 693 1754 752 adesse
1785 696 2157 765 postulabant.

583 780 714 835 Erat
764 781 910 835 enim
967 782 1111 851 apud
1164 784 1625 855 Pliilosopltianos
1679 787 2024 858 navigiorum
2076 788 2159 842 in-

579 875 967 929 struendorum
1016 892 1223 943 causa,
1269 892 1392 947 qua:
1422 877 1654 933 Romam
1698 881 1954 951 navigare
1992 882 2159 938 debe-

578 966 734 1020 bant.
784 964 857 1021 Ut
894 968 1254 1039 Agrigentum
1305 971 1513 1041 legatus
1554 973 1741 1038 venit,
1787 973 2054 1044 postridie
2102 977 2156 1029 in

579 1060 781 1123 forum,
818 1063 961 1129 quod
995 1062 1050 1117 in
1089 1062 1267 1117 media
1312 1063 1449 1118 urbe
1500 1073 1607 1129 est,
1643 1068 1937 1122 convenire
1966 1081 2158 1124 omnes

574 1152 771 1222 jussit;
803 1169 1040 1223 cumque
1076 1158 1441 1218 consedisset,
1478 1160 1777 1221 mandavit,
1816 1169 1876 1213 ut
1905 1160 2093 1230 justus
2128 1176 2160 1217 ο

576 1245 828 1300 custodia
870 1245 1278 1301 adduceretur:
1308 1263 1469 1317 quem
1516 1249 1695 1304 omnis
1731 1251 2025 1305 multitudo
2065 1268 2158 1306 us-

575 1354 682 1407 que
712 1340 778 1393 ad
819 1339 983 1409 legati
1014 1339 1253 1394 tribunal
1282 1350 1467 1395 secuta
1503 1353 1610 1397 est.
1639 1343 1939 1398 Admonuit
1972 1353 2155 1399 autem

577 1429 827 1484 tribunos
874 1440 930 1484 ct
963 1430 1234 1500 primores
1276 1432 1468 1496 urbis,
1511 1442 1570 1487 ut
1602 1435 1878 1499 sederent,
1913 1446 2080 1505 atque
2127 1451 2158 1491 e

575 1522 709 1575 sella
734 1522 946 1592 justum
981 1524 1385 1593 interrogarent
1418 1543 1430 1579 :
1462 1526 1553 1595 qui
1589 1526 1779 1582 sedere
1808 1537 2153 1590 recusarunt,

573 1622 627 1667 et
651 1615 755 1669 hoc
777 1614 855 1668 illi
884 1629 1214 1684 responsum
1238 1614 1472 1671 dedere:
1498 1615 1607 1671 Nos
1628 1626 1720 1671 tua
1746 1619 1966 1687 quidem
1992 1634 2156 1673 causa

576 1720 755 1775 neque
795 1714 1010 1761 stamus
1036 1721 1214 1776 neque
1254 1706 1536 1771 sedemus,
1568 1724 1757 1762 verum
1785 1711 1911 1780 quia
1950 1710 2042 1764 hic
2075 1711 2156 1764 vi-

572 1796 768 1852 demus
802 1806 1083 1867 pastorem
1113 1806 1362 1853 nostrum
1395 1808 1449 1853 et
1478 1810 1687 1869 patrem
1716 1810 1773 1856 et
1810 1802 2153 1871 magistrum,

2263 604 2405 658 κατὰ
2436 604 2518 670 σὲ,
2561 609 2693 677 ποιῇ
2722 609 2803 670 εἰς
2832 608 2913 674 σὲ,
2948 607 3024 670 ώς
3052 606 3323 678 βούλεται.
3353 604 3539 663 Ἦσαν
3569 612 3678 685 γάρ
3712 616 3821 669 ἀπο

2264 695 2575 760 στείλαντες
2600 698 2737 768 πρὸς
2775 699 2937 752 αὑτὸν
2971 700 3278 771 γράμματα
3315 702 3410 756 τοῦ
3443 708 3852 775 παραγενέσθαι

2261 787 2447 842 αὐτόν.
2474 783 2583 843 Ἦν
2609 788 2720 860 γὰρ
2749 791 2807 843 ἐν
2834 793 2947 854 τοῖς
2992 792 3222 862 μέρεσιν
3252 792 3663 864 Φιλοσοφιανῶν
3705 799 3849 853 ἐτοι-

2263 877 2574 947 μαςόμενος
2601 878 2700 947 τὴν
2727 878 2918 949 χρείαν
2935 879 3043 931 τῶν
3068 879 3274 932 πλοίων
3296 896 3311 912 ο
3341 877 3483 951 ἦσαν
3506 882 3616 954 γὰρ
3640 886 3848 956 ἕτοιμοι

2259 961 2354 1014 τοῦ
2395 962 2743 1017 ἀποπλεῦσαι
2782 968 2841 1018 ἐν
2869 968 2934 1036 τῇ
2975 965 3186 1039 Ῥώμῃ.
3220 963 3356 1023 Εῐτα
3389 976 3848 1042 παραγενομένου

2260 1054 2355 1106 τοῦ
2406 1053 2637 1127 ἐξάρχου
2691 1057 2750 1109 ἐν
2779 1061 2844 1127 τῇ
2890 1059 3333 1129 Ἀκραγαντίνων
3378 1062 3572 1128 πόλει,
3623 1066 3716 1118 ἐπὶ
3748 1066 3848 1137 τὴν

2261 1146 2455 1217 αῦριον
2483 1148 2774 1203 ἐκέλευσεν
2800 1151 3261 1221 συναθροισθῆναι
3286 1153 3495 1219 πάντας
3514 1156 3573 1208 ἐν
3591 1157 3669 1228 τῷ
3695 1160 3846 1229 φόρῳ

2262 1238 2427 1308 μέσον
2462 1239 2562 1308 τῆς
2593 1240 2805 1305 πόλεως
2825 1257 2839 1271 ο
2875 1242 2971 1295 καὶ
3015 1242 3282 1312 καθίσας,
3333 1247 3622 1301 ἐκέλευσεν
3648 1251 3741 1303 τὸν
3766 1249 3844 1304 δί-

2259 1337 2414 1384 καιον
2456 1332 2692 1402 ἀχθῆναι
2724 1336 2787 1388 ἐκ
2822 1335 2921 1406 τῆς
2959 1335 3241 1407 φυλακῆςο
3278 1339 3563 1408 ἠκολούθει
3601 1342 3657 1395 δὲ
3692 1344 3844 1415 αὐτῷ

2259 1422 2404 1474 ἂπαν
2447 1420 2508 1473 τὸ
2551 1422 2761 1492 πλῆθος
2797 1424 2899 1493 τῆς
2939 1425 3149 1487 πόλεως
3175 1426 3423 1493 ἐλθόντες
3453 1429 3581 1483 ἔνθα
3614 1428 3680 1502 ῆν
3707 1435 3843 1487 καθ-

2258 1512 2459 1581 ήμενος
2481 1512 2509 1564 6
2533 1512 2781 1584 ἔξαρχος.
2827 1515 3164 1588 Ἐπέτρεψεν
3190 1517 3244 1570 δὲ
3272 1522 3386 1583 τοῖς
3416 1522 3719 1592 τριϐούνοις
3743 1525 3841 1579 καὶ

2255 1607 2368 1668 τοῖς
2416 1606 2659 1677 πρώτοις
2709 1608 2808 1679 τῆς
2857 1609 3069 1673 πόλεως
3100 1611 3472 1682 καθεσθῆναι,
3531 1618 3623 1669 καὶ
3664 1617 3839 1683 οὕτως

2257 1696 2625 1767 ἁνακριθῆναι
2669 1699 2763 1752 τὸν
2796 1699 3027 1755 δίκαιον.
3058 1703 3122 1755 Οί
3167 1702 3223 1755 δὲ
3265 1705 3365 1757 οὐκ
3395 1706 3687 1779 ἠνέσχοντο
3711 1712 3836 1764 καθ-

2258 1788 2520 1860 εσθῆναι,
2560 1790 2679 1844 ἁλλ’
2721 1792 3092 1862 ἀπεκρίναντο
3129 1795 3276 1867 αὐτῷ
3308 1797 3591 1865 λέγοντες·
3648 1802 3837 1873 Ἡμεῖς

573 1903 668 1956 per
695 1903 857 1958 quem
908 1888 961 1942 in
994 1888 1213 1943 Domini
1237 1887 1366 1944 Jcsu
1395 1888 1601 1945 Christi
1636 1892 1861 1946 nomine
1903 1894 2004 1947 bac
2034 1893 2147 1962 ipsa

2258 1879 2446 1935 ἕνεκεν
2487 1883 2581 1936 σοῦ
2629 1882 2755 1937 οὕτε
2801 1886 3079 1955 στήκομεν
3120 1886 3247 1941 οὔτε
3295 1889 3674 1961 καθεζόμεθα,
3720 1896 3836 1948 ἀλλ’

572 1981 625 2033 in
660 1981 794 2035 urbe
833 1988 912 2035 tot
937 1981 1181 2051 prodigia
1212 1990 1420 2051 patrata
1468 1992 1617 2038 sunt.
1655 1983 1898 2050 Quorum
1928 1985 2147 2052 quidem

573 2072 742 2128 multa
791 2082 848 2127 tu
896 2074 1010 2142 ipse
1056 2074 1227 2128 oculis
1281 2074 1465 2129 vidisti
1516 2075 1650 2129 tuis.
1698 2076 1769 2129 At
1817 2074 1963 2131 dicat
2011 2092 2151 2131 ux0r

572 2165 757 2219 Sabini
807 2167 991 2235 hujus,
1029 2182 1190 2236 quem
1220 2166 1415 2221 Judam
1456 2168 1689 2222 alterum
1738 2168 2034 2224 lscarioten
2087 2186 2149 2225 ac

571 2257 903 2325 proditorem
952 2257 1078 2325 jure
1124 2257 1351 2312 dixeris.
1400 2257 1479 2313 'l‘u
1532 2273 1661 2311 vero
1704 2274 1829 2313 cum
1886 2260 2151 2316 diaconus

570 2351 647 2403 sis
681 2349 792 2420 (64)
828 2350 1137 2406 communis
1170 2349 1348 2405 Patris
1385 2351 1558 2405 nostri
1590 2352 1869 2419 pontiﬁcis
1902 2354 2146 2417 maximi,

572 2438 762 2514 [1.xva
797 2456 904 2495 non
935 2440 1102 2495 debes
1136 2441 1188 2494 in
1217 2456 1383 2495 causa
1409 2442 1509 2495 viri
1540 2441 2145 2512 bujusmodijudicare,

571 2546 750 2598 neque
781 2544 877 2598 par
915 2538 1001 2583 est
1049 2530 1168 2583 sine
1214 2528 1427 2600 synodo
1474 2530 1617 2584 hunc
1647 2540 1775 2584 ante
1820 2542 1870 2585 te
1901 2532 2146 2601 produci,

572 2621 857 2691 multoque
884 2620 1072 2675 minus
1096 2620 1163 2674 de
1186 2635 1254 2674 eo
1285 2621 1611 2674 sententiam
1646 2619 1795 2673 ferri.

640 2905 777 2961 LIX.
819 2905 945 2961 Hmc
973 2920 1097 2960 cum
1141 2903 1209 2959 ab
1247 2902 1605 2958 archontibus
1642 2903 1884 2957 audisset
1914 2903 2145 2973 legatus,

572 3000 764 3052 timere
796 2997 987 3065 coepit,
1025 3011 1091 3049 ne
1132 2995 1184 3048 in
1224 2995 1401 3064 ipsum
1445 2994 1818 3063 insurgerent,
1863 3010 1927 3048 ae
1967 3003 2147 3048 morte

571 3090 865 3143 adicerent.
920 3086 1104 3153 Quare
1155 3086 1348 3141 relicto
1398 3085 1540 3150 loco,
1585 3088 1675 3140 ubi
1727 3087 1973 3152 sedebat,
2026 3088 2146 3156 ipse

570 3196 790 3249 quoque
834 3181 1010 3241 stetit,
1058 3188 1113 3231 et
1156 3177 1439 3245 sacrilegis
1484 3177 1799 3231 hominibus
1850 3176 2053 3232 Sabino
2095 3185 2150 3231 et

572 3272 929 3324 Crescentino
977 3269 1307 3338 appellatis:
1340 3267 1656 3332 Producite,
1708 3268 1907 3336 inquit,
1945 3268 1997 3321 in
2046 3284 2151 3322 me-

570 3364 723 3415 dium
760 3361 1022 3430 puellam,
1059 3377 1297 3429 quacum
1345 3360 1663 3429 episcopum
1704 3368 1944 3414 vestrum
1979 3359 2151 3415 fuisse

572 3454 877 3508 allirmatis.
931 3452 1121 3507 Virum
1172 3453 1318 3505 enim
1357 3453 1504 3506 hunc
1554 3461 1611 3505 et
1654 3452 1800 3521 pium
1853 3462 1907 3507 et
1949 3455 2148 3507 bonum

570 3564 694 3601 esse
722 3562 824 3600 nos
857 3548 1110 3601 novimus
1141 3562 1154 3599 :
1190 3555 1451 3600 Caeterum
1485 3545 1614 3613 quid
1639 3545 1705 3598 de
1732 3546 1850 3613 ejus
1882 3561 2050 3600 causa
2082 3548 2149 3601 ad

572 3639 855 3692 dominum
912 3648 1159 3691 nostrum
1217 3639 1529 3707 pontilicem
1587 3638 1888 3691 maximum
1948 3639 2150 3693 referre

572 3734 890 3789 debeamus.
918 3731 1045 3784 hinc
1064 3746 1484 3801 cognoscemus.
1511 3720 1783 3785 Produeta
1814 3746 1943 3785 vero
1970 3732 2148 3801 puella

569 3834 653 3876 est
688 3840 848 3891 :qua:
907 3831 1147 3876 tremens
1208 3823 1260 3875 iu
1314 3823 1560 3875 omnium
1623 3833 1913 3891 conspectu
1974 3825 2144 3878 stetit.

572 3917 748 3983 Atque
797 3916 937 3968 hanc
986 3914 1199 3984 legatus
1253 3913 1601 3983 interrogans
1645 3931 1658 3968 :
1716 3910 2014 3977 Vcrumne,
2064 3916 2150 3969 in-

571 4013 709 4077 quit,
752 4019 857 4071 est,
906 4008 1051 4076 quod
1087 4022 1121 4059 a
1156 4015 1210 4060 te
1257 4005 1481 4070 dicitur,
1522 4005 1841 4075 episcopum
1883 4006 2027 4062 hunc
2068 4018 2148 4063 te-

570 4118 697 4155 cum
735 4100 1142 4155 concubuisse?
1173 4098 1273 4154 Cui
1315 4098 1404 4152 illa
1440 4100 1518 4152 ait
1546 4116 1560 4153 :
1593 4097 1706 4164 Nae,
1740 4098 1981 4163 domine,
2028 4117 2145 4155 me-

569 4209 696 4247 cum
731 4192 853 4245 fuit.
887 4190 1061 4261 thue
1094 4192 1210 4244 haec
1240 4190 1540 4259 respondit,
1568 4201 1882 4259 portentum
1912 4191 2058 4246 illico
2092 4194 2143 4245 iu

569 4300 633 4337 en
679 4297 937 4352 magnum
981 4280 1190 4335 exstitit
1222 4296 1236 4333 :
1268 4280 1469 4349 quippe
1506 4280 1777 4333 acerrimo
1823 4296 1852 4333 a
1900 4281 2145 4336 daemone

567 4386 842 4444 correpta,
870 4373 1112 4443 provolvi
1139 4386 1325 4426 coram
1350 4372 1606 4425 omnibus
1634 4372 1799 4441 ccepit
1828 4388 1892 4425 ac
1920 4388 2144 4443 spumas

570 4470 627 4521 in
663 4482 758 4521 ore
797 4480 959 4535 agere
993 4464 1059 4518 ad
1105 4464 1268 4532 pedes
1306 4464 1445 4516 beati
1478 4462 1605 4516 viri.
1640 4462 1777 4515 Tum
1810 4478 1941 4515 vero
1974 4479 2142 4531 expa-

2257 1972 2493 2042 ὁρῶντες
2526 1974 2615 2027 τὸν
2642 1977 2879 2046 ποιμένα
2909 1977 3092 2048 ἡμῶν,
3124 1981 3338 2050 πατέρα
3369 1984 3462 2036 καὶ
3491 1984 3836 2050 διδάσκαλον.

2258 2064 2355 2115 καὶ
2387 2069 2585 2135 σημεῖα
2613 2067 2783 2121 πολλὰ
2809 2068 3063 2133 δείξαντα
3105 2071 3196 2126 διὰ
3217 2074 3311 2126 τοῦ
3337 2074 3602 2144 ὀνόματος
3626 2079 3838 2150 Κυρίου

2268 2156 2443 2227 Ἰησοῦ
2490 2159 2728 2228 Χριστοῦ
2764 2162 2821 2214 ἐν
2847 2164 2913 2232 τῇ
2959 2162 3111 2215 πόλει
3146 2163 3342 2237 ταύτῃ.
3386 2168 3498 2221 Καὶ
3527 2169 3692 2234 αὐτὸς
3727 2173 3837 2226 τῶν

2256 2250 2468 2303 πολλῶν
2500 2251 2777 2322 αὐτόπτης
2805 2254 3060 2323 γέγονας.
3095 2257 3253 2311 Εἴποι
3281 2260 3313 2328 ἡ
3347 2260 3484 2331 γυνὴ
3520 2261 3710 2317 τούτου
3742 2263 3835 2317 τοῦ

2255 2340 2481 2395 Σαϐίνου
2535 2344 2627 2395 καὶ
2676 2344 2931 2417 δευτέρου
2983 2345 3153 2400 Ἰούδα
3197 2349 3292 2403 τοῦ
3342 2351 3694 2423 Ἰσκαριώτου
3739 2358 3836 2410 καὶ

2257 2435 2543 2505 προδότου.
2575 2437 2646 2489 Σὺ
2675 2436 2733 2488 δὲ
2763 2438 2927 2501 αὐτὸς
2955 2438 3206 2502 διάκονος
3239 2440 3316 2493 ὢν
3344 2442 3440 2495 τοῦ
3468 2445 3652 2498 κοινοῦ
3676 2447 3836 2517 ἡμῶν

2254 2530 2463 2600 πατρὸς
2508 2531 2602 2585 τοῦ
2651 2534 2840 2595 πάπα,
2884 2535 3006 2587 οὐδὲ
3058 2539 3275 2605 πρέπον
3328 2540 3478 2593 ἐστίν
3531 2558 3617 2594 σοι
3664 2543 3837 2613 ἄνδρα

2252 2623 2497 2676 τοιοῦτον
2530 2625 2844 2695 ἀνακρῖναι,
2880 2626 3003 2678 οὑδέ
3036 2628 3204 2682 πάλιν
3232 2630 3491 2701 ἁρμόδιόν
3523 2634 3671 2686 ἐστιν
3703 2635 3833 2687 ἄνευ

2257 2716 2475 2769 συνόδου
2505 2716 2696 2770 τοῦτον
2729 2716 3045 2789 ἔμπροσθέν
3081 2738 3176 2774 σου
3207 2722 3601 2793 παρίστασθαι,
3634 2726 3835 2798 μᾶλλον

2253 2807 2312 2862 δὲ
2346 2807 2440 2860 καὶ
2468 2807 2880 2879 ἀνακρίνεσθαι.

2324 2900 2454 2955 ΝΘθ.
2494 2899 2679 2954 Ταῦτα
2710 2899 2954 2963 ἀκούσας
2983 2902 3135 2972 παρὰ
3170 2904 3280 2957 τῶν
3307 2903 3590 2976 ἀρχόντων
3617 2909 3648 2961 6
3674 2908 3839 2981 ἔξαρ-

2255 3008 2349 3060 χος
2392 2991 2634 3062 ἐφοϐήθη
2657 3033 2671 3058 ,
2722 2994 2797 3064 μή
2853 3011 2974 3055 πως
3005 2994 3383 3049 ἐπαναστῶσιν
3411 2998 3498 3051 ἐπ’
3525 2999 3707 3065 αὐτὸν,
3739 3001 3837 3054 καὶ

2254 3083 2655 3137 ἀποκτείνωσιν
2676 3085 2859 3139 αὐτόν.
2888 3087 2999 3139 Καὶ
3034 3089 3272 3151 ἀναστὰς
3303 3088 3414 3143 ἀπὸ
3439 3089 3532 3143 τοῦ
3561 3092 3752 3156 τόπου,
3773 3089 3836 3149 οῦ

2255 3174 2568 3241 ἐκαθέζετο,
2598 3176 2731 3245 ἔστη
2765 3178 2859 3231 καὶ
2890 3180 3074 3241 αὐτὸς,
3111 3180 3206 3232 καὶ
3245 3181 3767 3255 προσκαλεσάμενος
3804 3188 3835 3239 6

2254 3266 2489 3338 ἔξαρχος
2530 3269 2657 3331 τοὺς
2698 3270 2950 3338 ἀνιέρους
2994 3270 3223 3324 Σαϐῖνον
3264 3273 3358 3325 καὶ
3406 3274 3830 3343 Κρησκεντῖνον,

2252 3357 2401 3425 λέγει
2429 3360 2643 3424 αὐτοῖς’
2688 3363 2950 3431 Ἀγάγετε
2978 3366 3060 3426 είς
3085 3363 3249 3433 μέσον
3289 3365 3388 3435 τὴν
3428 3367 3619 3438 κόρην,
3652 3371 3718 3439 ἣν
3751 3369 3836 3422 λέ-

2252 3466 2397 3517 γετε,
2443 3452 2526 3504 ὅτι
2577 3453 2794 3521 ἐγένετο
2835 3456 2863 3507 6
2907 3456 3203 3520 ἐπίσκοπος
3245 3457 3419 3525 ὑμῶν.
3468 3459 3664 3530 Ἡμεῖς
3713 3460 3833 3532 γὰρ

2251 3542 2595 3614 γινώσκομεν
2622 3544 2796 3617 ἄνδρα
2826 3548 3027 3617 εὐλαϐῆ
3054 3548 3219 3601 αὑτὸν
3242 3544 3381 3603 εἶναι
3410 3552 3503 3604 καὶ
3537 3553 3830 3623 χρήσιμον*

2252 3634 2340 3687 ἵνα
2372 3634 2428 3687 δὲ
2454 3635 2639 3689 λοιπὸν
2669 3636 2864 3705 γνώσω
2895 3638 2956 3691 τὸ
2978 3639 3095 3703 πῶς
3124 3640 3387 3709 ἀναγάγω
3414 3641 3496 3710 τῷ
3526 3643 3702 3714 κυρίῳ
3728 3661 3831 3712 μου

2250 3724 2326 3796 τῷ
2368 3727 2526 3797 πάπᾳ.
2559 3726 2627 3779 τὰ
2655 3729 2796 3781 κατὰ
2827 3728 3136 3799 ἄνθρωπον.
3170 3731 3423 3799 Ἥγαγον
3462 3731 3519 3784 δὲ
3549 3734 3629 3795 είς
3666 3733 3831 3803 μέσον

2249 3818 2349 3888 τὴν
2396 3819 2667 3890 κόρηνοή
2717 3818 2775 3871 δὲ
2821 3818 2952 3890 ἔστη
3001 3820 3282 3892 τρέμουσα
3317 3823 3547 3877 ἐνώπιον
3586 3824 3825 3879 πάντων.

2249 3906 2383 3962 Εἶτα
2425 3909 2572 3979 λέγει
2599 3911 2738 3983 αὐτῇ
2777 3913 2805 3964 6
2852 3909 3110 3983 ἔξαρχος·
3156 3913 3382 3985 Ἀληθές
3414 3916 3563 3969 ἐστιν
3591 3915 3653 3969 τὸ
3678 3917 3831 3988 παρὰ

2250 4002 2344 4055 σοῦ
2376 4002 2685 4072 λεγόμενον,
2733 4004 2815 4056 ὅτι
2842 4003 3110 4075 ἐκοιμήθη
3149 4008 3287 4074 μετὰ
3319 4006 3414 4059 σοῦ
3459 4009 3487 4060 6
3522 4006 3829 4073 ἐπίσκοπος

2248 4091 2440 4162 οῦτοςς
2483 4098 2549 4150 Ἠ
2600 4097 2656 4150 δέ
2700 4094 2889 4151 εἶπενο
2924 4097 3074 4161 Ναὶ,
3110 4098 3387 4166 δέσποτα,
3440 4100 3656 4168 ἐγένετο
3705 4101 3824 4171 μετ’

2247 4188 2399 4260 ἐμοῦ.
2440 4189 2528 4241 Ἐν
2568 4188 2625 4243 δὲ
2660 4189 2739 4260 τῷ
2770 4190 3147 4261 ἀποκριθῆναι
3181 4190 3350 4262 αὐτὴν
3378 4191 3576 4259 ταῦτα,
3625 4194 3822 4262 αἴφνης

2247 4281 2463 4348 ἐγένετο
2486 4282 2564 4343 εἰς
2579 4280 2744 4349 αὐτὴν
2771 4281 2957 4352 θαῦμα
2985 4281 3131 4351 μέγα
3150 4299 3164 4312 ’
3194 4282 3484 4354 ἐκυριεύθη
3510 4284 3617 4337 ὑπὸ
3641 4285 3823 4354 δαίμο-

2245 4388 2333 4434 νος
2356 4370 2621 4441 χαλεποῦ,
2652 4371 2748 4424 καὶ
2768 4371 2972 4444 ῆρξατο
3010 4373 3243 4427 ἐνώπιον
3285 4374 3505 4427 πάντων
3540 4375 3823 4429 κυλίεσθαι

2245 4465 2341 4518 καὶ
2370 4463 2626 4534 ἁφρίζειν
2658 4464 2764 4516 ὑπὸ
2790 4465 2917 4529 τοὺς
2945 4466 3111 4529 πόδας
3137 4465 3232 4518 τοῦ
3260 4466 3554 4537 μακαρίου.
3593 4467 3823 4519 Ἔλαϐεν

571 4572 792 4612 vescere
824 4570 1018 4611 omnes
1055 4564 1221 4623 atque
1269 4553 1527 4619 clamare,
1563 4551 1747 4607 Fidem
1797 4554 1934 4607 bnbe
1970 4554 2146 4617 nobis,

2253 4557 2310 4608 δὲ
2355 4556 2522 4625 φόϐος
2554 4555 2798 4622 πάντας,
2852 4558 2947 4610 καὶ
2975 4556 3206 4626 ἔκραζον
3236 4558 3488 4627 λέγοντες
3508 4575 3521 4588 ⁸
3558 4560 3824 4630 Πείθομέν
3912 4634 3917 4643 Ι

568 4652 812 4714 domine,
842 4648 1040 4701 falsum
1094 4647 1184 4701 isti
1229 4646 1436 4701 crimen
1468 4645 1766 4714 objiciunt.
1816 4644 2015 4699 Contra
2052 4661 2144 4698 sa-

568 4742 755 4812 crilegi
810 4739 1156 4810 impudenter
1208 4736 1482 4793 adversati
1529 4736 1771 4801 aiebant,
1803 4734 2002 4789 Nonne
2046 4752 2143 4791 uos

567 4835 827 4895 diximus,
863 4845 1082 4900 magum
1125 4828 1272 4882 lumc
1301 4840 1423 4881 esse
1454 4839 1518 4879 ac
1545 4823 1880 4877 veneﬁcum?
1908 4821 1985 4875 Ne
2010 4836 2141 4876 vero

567 4926 783 4994 longior
810 4924 938 4986 sim,
970 4926 1162 4976 beatus
1189 4918 1489 4988 Gregorius
1518 4916 1599 4969 sic
1629 4915 1863 4983 legatum
1900 4914 2099 4967 affatur
2124 4933 2139 4970 :

568 5015 649 5069 'l‘u
681 5016 861 5074 homo.
910 5013 956 5066 si
988 5014 1091 5077 vis,
1137 5024 1361 5066 causam
1396 5008 1461 5061 ad
1502 5005 1811 5077 pontificem
1849 5006 2141 5059 maximum

567 5106 742 5171 defer,
790 5115 845 5158 et
894 5103 1129 5157 vinculis
1177 5100 1459 5155 astrictum
1528 5097 1734 5153 domini
1783 5097 1865 5151 tui
1910 5097 2144 5152 navibus

640 5261 752 5332 (64)
794 5258 1096 5332 Diaconum
1148 5257 1353 5311 tribuni
1406 5256 1679 5332 appella_nt
1728 5255 1990 5332 legatum,
2041 5256 2134 5324 qui

569 5327 782 5388 tantum
816 5330 1230 5402 hypodiaconus
1249 5337 1410 5404 _erat,
1433 5327 1690 5394 γενικῶς,
1724 5328 1941 5404 ορὶιιοΓ,
1974 5333 2137 5404 atque

567 5415 626 5458 ut
658 5403 798 5456 intra
824 5396 1206 5470 episcoporum
1241 5398 1500 5452 Ordinem
1531 5413 1590 5452 se
1621 5412 1741 5470 esse
1771 5396 2130 5470 meminisset.

566 5473 792 5527 Factum
819 5466 1332 5525 deinde—diaconum
1382 5470 1586 5522 scimus
1626 5468 1694 5521 ab
1726 5467 1844 5536 ipso
1873 5466 2136 5535 Gregorio

570 5544 785 5613 Magno,
824 5543 916 5611 qui
954 5542 1021 5597 de
1065 5558 1131 5596 eo
1181 5541 1268 5613 sic
1297 5540 1519 5613 scripsit
1555 5539 1620 5592 ad
1655 5537 1988 5607 Cyprianum
2020 5538 2138 5613 dia-

566 5608 764 5667 con'um
791 5608 909 5679 (lib.
933 5628 986 5676 ν,
1019 5613 1178 5679 epist.
1207 5610 1297 5677 54)
1330 5630 1342 5664 :
1372 5609 1667 5662 Benenatus
1698 5613 1937 5679 [rateret
1964 5608 2139 5675 coepi-

566 5699 753 5751 scopus
785 5677 962 5737 noster
1002 5677 1301 5735 Ciceronem
1342 5682 1628 5751 quemdam
1673 5677 2010 5751 monachum,
2038 5678 2138 5751 qui

565 5749 665 5822 pro
708 5754 818 5822 suis
861 5752 1156 5807 excessibus
1190 5769 1222 5804 a
1270 5750 1615 5822 dilectissimo
1651 5749 1764 5817 ﬁlio
1803 5757 1981 5800 nostra
2011 5749 2103 5822 diu
2134 5784 2135 5787 η

567 5819 698 5882 bona
722 5821 906 5889 Petro,
939 5834 1062 5877 tunc
1094 5830 1267 5877 autem
1300 5819 1624 5873 subdiacoua
1656 5828 1705 5872 et
1740 5829 1937 5872 rectore
1963 5821 2139 5889 patri-

2252 4663 2312 4698 σε
2332 4686 2347 4711 ,
2379 4646 2636 4711 δέσποτα,
2687 4646 2771 4698 ὅτι
2799 4645 2970 4717 ψευδῆ
3003 4646 3171 4700 αὐτοῦ
3200 4648 3623 4719 κατηγοροῦσιν.
3665 4650 3726 4703 Ol
3764 4649 3821 4702 δὲ

2249 4736 2456 4808 ἀνίεροι
2485 4736 2968 4806 ἀναισχυντοῦντες
2995 4737 3211 4806 ἔλεγον·
3244 4740 3358 4791 Οὐκ
3389 4740 3617 4808 εἴπομεν
3639 4741 3821 4809 ἡμεῖς,

2250 4827 2332 4880 ὅτι
2359 4828 2532 4898 μάγος
2556 4829 2705 4880 ἐστὶν
2733 4827 2831 4881 καὶ
2863 4829 3188 4900 φαρμακός;
3222 4831 3333 4883 Καὶ
3358 4830 3568 4894 ἁπλῶς,
3608 4832 3693 4883 ἵνα
3731 4830 3823 4883 τὸν

2246 4919 2405 4987 λόγον
2438 4918 2703 4989 σύντομον
2756 4920 2917 4985 εἴπω,
2956 4920 3104 4988 λέγει
3149 4924 3177 4974 6
3221 4923 3494 4993 μακάριος
3523 4922 3823 4993 Γρηγόριος

2250 5010 2389 5081 πρὸς
2410 5010 2502 5065 τὸν
2529 5011 2757 5081 ἔξαρχον
2777 5027 2792 5040 '
2822 5011 3134 5083 Ἄνθρωπε,
3166 5014 3254 5077 σὺ,
3284 5016 3332 5066 εἰ
3361 5013 3547 5085 βούλῃ,
3581 5014 3823 5081 ἀνάγαγε

2248 5102 2318 5156 τὰ
2346 5104 2465 5156 κατ’
2496 5102 2596 5173 ἐμὲ
2625 5102 2703 5173 τῷ
2732 5102 2921 5172 πάπᾳ,
2963 5103 3062 5157 καὶ⁸
3096 5105 3371 5176 δεσμήσας
3402 5104 3723 5158 ἀπόστειλόν
3754 5120 3822 5173 με

2244 5261 2410 5314 monii
2443 5262 2746 5326 nostri,etc.
2781 5261 2963 5329 Atque
2986 5262 3075 5315 hic
3106 5270 3247 5316 idem
3280 5271 3383 5327 est,
3419 5278 3659 5332 quocum
3685 5264 3823 5318 Gre-

2246 5332 2435 5397 gorius
2472 5332 2543 5402 Ain
2591 5332 2830 5402 Dialogis
2873 5333 3137 5401 loquitur.
3182 5333 3271 5386 ubi
3315 5335 3479 5388 etiam
3524 5334 3614 5387 ille
3666 5349 3724 5386 se
3770 5335 3821 5387 in

2246 5400 2634 5473 Siciliajuisse
2676 5400 3085 5473 tes'taturf(lib.
3128 5419 3202 5469 Iv,
3245 5418 3294 5456 c.
3345 5403 3458 5473 57).
3504 5404 3822 5473 Appellatur

2247 5472 2388 5525 infra
2441 5471 2677 5525 Tiberius
2725 5475 2803 5543 (η.
2854 5472 2942 5542 66)
2977 5471 3159 5542 ἐηιιοι]
3200 5473 3318 5542 ejus
3363 5471 3677 5542 przenonien
3727 5483 3824 5527 aut

2245 5556 2546 5611 cognomen
2582 5542 2755 5596 fuisse
2793 5543 3056 5609 dicerem,
3087 5544 3192 5597 nisi
3231 5554 3343 5597 tum
3388 5545 3605 5598 unicam
3634 5548 3822 5612 appel—

2244 5612 2506 5667 lationem
2540 5614 2592 5666 iu
2625 5628 2723 5668 usu
2762 5613 2933 5667 fuisse
2955 5623 3254 5668 constaret.
3289 5613 3393 5668 Sed
3419 5614 3530 5681 jam
3561 5616 3820 5677 vidimus,

2244 5700 2410 5752 quam
2470 5699 2663 5752 parum
2718 5683 2772 5737 in
2836 5684 2937 5739 bac
2997 5686 3225 5740 historia
3284 5685 3600 5740 nominibus
3654 5686 3815 5738 liden~

2243 5754 2374 5807 dum
2407 5753 2496 5808 sil.

3242 5838 3265 5865 θ
