4158 6514
365 382 472 447 653

1345 389 1404 449 S.
1447 386 1825 450 GREGORII
1868 389 2379 452 AGRIGENTINI
2428 393 2626 455 VlTA.

3507 391 3619 458 65.6

369 491 509 563 μετὰ
537 489 646 544 τῶν
677 489 1016 545 δεσποτικῶν
1051 491 1274 556 πλοίων,
1308 494 1418 558 ἵνα,
1451 493 1528 558 ὡς
1553 495 1744 563 καιρός
1771 497 1940 558 ἐστιν,

2057 498 2371 562 ,ransmitte,
2389 509 2447 553 ut
2462 499 2592 554 dum
2616 511 2829 572 tempus
2841 501 3132 572 propitium
3146 510 3250 567 est,
3269 515 3334 557 eo
3347 502 3482 558 salvi
3503 521 3624 575 per-

364 583 762 654 διασωθῶμενο
812 584 1076 639 ἀδύνατον
1120 587 1230 657 γάρ
1262 589 1411 640 ἐστιν
1457 588 1592 658 ἡμῖν
1621 589 1814 657 στῆναι
1854 589 1943 640 ἐν·

363 680 558 745 ταῦθα,
580 679 688 744 ἕως
704 674 768 733 οὗ
796 680 857 732 τὸ
877 679 1325 751 χρεωστούμενον
1352 680 1433 743 εἰς
1457 681 1608 750 ἡμᾶς
1636 678 1942 750 πληρῶται.

374 771 437 824 ΊΙ
469 772 526 825 δέ
561 771 701 842 γυνὴ
735 772 832 824 τοῦ
881 772 1112 826 Σαϐίνου
1147 772 1264 842 ἃμα
1299 772 1400 842 τῆς
1429 773 1601 843 αὐτῆς
1647 772 1943 842 θυγατρίῳ,

364 863 460 916 καὶ
487 862 639 918 ἄλλοι
674 863 884 927 πολλοὶ,
914 866 1011 916 καὶ
1039 865 1066 916 6
1097 864 1230 916 ποτέ
1256 863 1453 928 ἄλαλος
1481 865 1576 916 καὶ
1603 863 1788 933 κωφὸς
1821 863 1944 916 ἐπι-

364 971 503 1008 πτον
545 957 698 1025 παρὰ
727 957 854 1019 τοὺς
885 957 1052 1019 πόδας
1091 955 1188 1008 τοῦ
1224 956 1499 1026 μακαρίου
1531 956 1813 1020 κλαίοντες
1851 955 1948 1009 καὶ

364 1047 655 1116 λέγοντες·
690 1048 950 1118 Ἐλέησον
990 1047 1162 1119 ἡμᾶς,
1202 1046 1359 1101 δοῦλε
1400 1048 1494 1102 τοῦ
1528 1047 1687 1116 Θεοῦ,
1731 1049 1826 1103 καὶ
1871 1048 1946 1118 μὴ

370 1141 794 1210 μνησικακήσῃς
821 1140 903 1204 εἰς
936 1141 1107 1211 ἡμᾶς,
1145 1139 1282 1210 μηδὲ
1323 1140 1569 1212 μνησθῇς
1591 1141 1702 1194 τῶν
1736 1139 1943 1202 κακῶν,

365 1230 442 1292 ὼς
467 1229 712 1300 ἔπραξαν
743 1231 823 1292 εἰς
854 1230 915 1282 σὲ
950 1230 1000 1282 oi
1032 1230 1240 1301 ἀνίεροι
1269 1223 1438 1285 οὗτοι.
1470 1232 1782 1301 Στραφεϊσα
1817 1229 1876 1283 δὲ
1913 1231 1945 1300 ή

366 1323 507 1394 γυνὴ
536 1323 634 1375 τοῦ
662 1322 896 1375 Σαϐίνου
937 1322 1089 1390 λέγει
1122 1323 1272 1394 αὐτῷ
1292 1324 1564 1377 ’Ἀπόστα
1583 1326 1648 1377 ἐκ
1678 1323 1772 1377 τοῦ
1793 1325 1946 1376 οῐκου

373 1434 476 1485 μου
505 1417 616 1469 ἀπὸ
639 1417 739 1486 τῆς
761 1417 1006 1486 σήμερον
1033 1415 1271 1487 ἡμέρας,
1301 1416 1388 1469 ἵνα
1417 1415 1469 1468 τί
1507 1415 1820 1470 ἐϐουλεύσω
1852 1434 1948 1469 πο·-

368 1508 536 1580 νηρὺν
579 1509 725 1563 κατὰ
752 1508 844 1561 τοῦ
879 1508 1092 1562 δικαίου
1123 1508 1337 1574 τούτου,
1393 1509 1487 1562 τοῦ
1526 1511 1823 1581 ίασαμένου
1859 1510 1951 1564 διὰ

375 1603 547 1673 μόνης
590 1602 902 1672 προσευχῆς
950 1600 1118 1654 αὐτοῦ
1159 1600 1392 1656 ἐνώπιον
1425 1601 1632 1668 παντὸς
1673 1602 1768 1656 τοῦ
1815 1602 1948 1656 λαοῦ

371 1695 560 1748 τούτου
589 1693 652 1746 τὸ
691 1692 982 1766 θυγάτριον
1030 1693 1224 1765 ήμῶνς
1268 1695 1507 1749 Ἀπόστα
1557 1696 1654 1750 ἀπ’
1698 1694 1868 1765 ἐμοῦ,
1913 1695 1947 1764 ἢ

372 1787 618 1858 ἐμαυτὴν
661 1786 1085 1858 διαχειρίζομαι.
1133 1788 1439 1842 Συνέπεσεν
1467 1788 1524 1841 δὲ
1557 1789 1587 1841 6
1615 1789 1841 1852 Σαϐῖνος
1871 1787 1950 1858 τῷ

373 1878 653 1951 προσώπῳ
671 1920 686 1944 ,
722 1879 816 1932 καὶ
850 1879 1067 1949 ἔμεινεν
1095 1879 1173 1943 ὡς
1198 1879 1344 1943 λίθος
1373 1879 1608 1949 ἄφωνος.
1641 1877 1807 1934 Εἶπεν
1838 1880 1895 1935 δέ
1921 1881 1950 1933 6

375 1975 529 2041 ἅγιος
546 1971 847 2046 Γρηγόριος
861 1971 938 2042 τῷ
962 1971 1177 2042 ἐξάρχῳ
1195 1989 1210 2002 ’
1229 1971 1448 2043 Ἐπειδὴ
1469 1971 1652 2039 αὐτὸς,
1671 1973 1946 2044 ἄνθρωπε,

372 2065 605 2135 μηδενός
629 2081 688 2117 σε
713 2065 1165 2136 καταστήσαντος
1191 2066 1387 2136 κριτὴν
1416 2065 1510 2118 καὶ
1541 2065 1804 2137 δικαστὴν
1828 2065 1950 2122 κατῗ

372 2158 495 2228 ἐμὲ,
539 2155 833 2227 ἐπιτρέψαι
879 2155 1137 2209 ἀπελθεῖν
1194 2173 1260 2226 με
1309 2158 1368 2210 ἐν
1418 2159 1484 2229 τῇ
1539 2156 1796 2226 φυλακῇ,
1855 2160 1952 2212 καὶ

372 2249 778 2319 ἀσφαλισθῆναι
816 2266 884 2319 με
918 2249 976 2301 ἐν
1004 2249 1085 2320 τῷ
1127 2249 1290 2320 ξύλῳ,
1336 2249 1442 2313 ἕως
1485 2245 1548 2303 οὗ
1581 2249 1852 2320 σκέψησαι
1885 2251 1953 2304 τὰ

374 2343 504 2412 περὶ
545 2339 701 2412 ἐμοῦ,
752 2337 940 2402 καθὼς
977 2339 1196 2392 ἐποίουν
1237 2341 1286 2392 οἱ
1316 2340 1414 2393 ἀπ’
1454 2340 1630 2412 ἀρχῆς
1669 2339 1948 2410 τύραννοι.

371 2435 508 2488 ’τότε
557 2434 707 2502 λέγει
754 2431 906 2503 αὐτῷ
966 2433 996 2485 6
1047 2432 1307 2504 ἔξαρχος·
1361 2431 1476 2485 Οὐκ
1521 2431 1632 2502 ἐγὼ
1668 2431 1952 2503 ἐπιτρέπω

371 2524 776 2596 ἁσφαλισθῆναί
811 2540 900 2576 σεο
935 2523 1052 2577 ἀλλ’
1082 2527 1130 2577 οί
1159 2523 1544 2589 διαϐάλλοντές
1577 2541 1658 2590 σε,
1695 2526 1851 2580 αὐτοί
1891 2543 1952 2578 σε

372 2617 791 2687 ἀσφαλίζονται.
831 2616 1120 2686 Ἐκίνησεν
1151 2616 1208 2669 δὲ
1237 2617 1266 2669 6
1299 2616 1573 2687 μακάριος
1606 2618 1701 2686 ἀφ’
1731 2618 1950 2683 ἑαυτοῦ,

373 2710 473 2763 καὶ
499 2709 628 2764 ἄπιε
660 2711 717 2763 ἐν
743 2711 808 2780 τῇ
836 2708 1054 2779 φυλακῇ
1073 2722 1086 2737 ⁸
1117 2709 1300 2761 πᾶσαν
1327 2707 1385 2760 δὲ
1422 2708 1521 2778 τὴν
1553 2709 1724 2762 νύκτα
1749 2709 1954 2773 ἄϋπνος

370 2802 603 2858 διετέλει
643 2804 671 2856 6
711 2788 982 2872 μακάριος
1014 2801 1130 2871 ἅμα
1177 2798 1273 2854 τοῦ
1303 2800 1683 2870 ἀρχιδιακόνου
1714 2802 1808 2855 καὶ
1843 2802 1955 2854 τῶν

374 2895 581 2948 λοιπῶν
609 2893 876 2946 διακόνων
905 2892 1207 2964 Ἐράσμου,
1233 2893 1564 2964 Φιλαδέλφου
1599 2892 1696 2946 καὶ
1727 2894 1953 2947 Πλατω-

373 2987 525 3040 νικοῦ
571 2985 906 3056 ψάλλοντες,
957 2985 1052 3038 καὶ
1093 2984 1485 3052 ἀναγινώσκων
1527 2985 1723 3049 αὐτὸς,
1772 2985 1954 3057 φέρων

374 3085 501 3136 ἄνευ
535 3080 718 3151 βίϐλου
738 3097 754 3112 ο
786 3080 888 3132 οὐκ
914 3079 1102 3132 εἴασαν
1131 3078 1240 3148 γὰρ
1275 3077 1442 3130 αὐτὸν
1487 3077 1717 3132 ἐκϐάλοιι
1763 3080 1826 3132 ἐκ
1858 3077 1952 3130 τοῦ

375 3175 698 3227 ἐπισκοπίου
729 3172 902 3226 οὐδέν.

2047 589 2351 644 veniamus.
2384 588 2572 660 Neque
2609 593 2753 646 enim
2782 594 2896 649 fieri
2930 603 3129 664 potest,
3164 603 3224 649 ut
3247 594 3334 650 bic
3370 611 3472 651 nos
3500 606 3624 652 tan-

2047 679 2140 735 diu
2165 681 2546 748 immoremur,
2575 684 2704 739 dum
2731 687 3007 756 negotium
3033 687 3137 742 hoc
3165 696 3415 742 nostrum
3442 698 3624 745 trans-

2048 780 2228 825 actum
2262 774 2353 826 sit.
2388 773 2536 828 Uxor
2571 790 2703 829 vero
2753 776 2937 830 Sabini
2973 793 3097 832 cum
3129 779 3290 832 ﬁliola
3320 795 3420 835 sua
3443 791 3496 836 et
3533 783 3625 836 alii

2053 862 2228 922 nutlti,
2266 862 2317 915 in
2352 864 2543 931 primis
2595 866 2702 928 ille,
2737 867 2828 934 qui
2879 876 3064 921 mutus
3095 868 3271 922 fuerat
3303 880 3357 923 ct
3400 873 3623 934 surdus.

2047 955 2112 1006 ad
2143 956 2284 1010 beati
2324 957 2424 1010 viri
2459 957 2622 1026 pedes
2651 961 3005 1028 procidebant
3037 961 3250 1027 ﬂentes,
3277 979 3512 1036 eumque
3547 968 3627 1020 sic

2051 1048 2475 1118 alloquebantur
2518 1068 2532 1104 :
2569 1050 2824 1106 Misereat
2860 1065 2913 1107 te
2957 1053 3153 1116 nostri,
3190 1053 3283 1110 Dei
3333 1071 3511 1118 serve.
3561 1073 3628 1110 ne

2050 1140 2148 1194 tibi
2178 1140 2397 1210 injuriae
2448 1151 2648 1197 nostra:
2677 1145 2863 1197 animo
2911 1144 3295 1213 obversentur,
3339 1164 3471 1203 neve
3511 1166 3628 1203 ma.

2052 1233 2228 1286 lorum
2255 1233 2599 1299 memineris,
2623 1251 2746 1305 quae
2769 1235 2866 1291 tibi
2896 1237 3146 1307 sacrilegi
3180 1240 3269 1292 isti
3303 1240 3625 1298 intulerunt.

2051 1323 2173 1378 Mox
2208 1324 2473 1381 Sabinum
2506 1329 2703 1382 intuita
2737 1344 2914 1383 uxor:
2946 1328 3141 1395 Domo,
3168 1333 3364 1402 inquit,
3408 1349 3528 1406 mea
3559 1336 3630 1390 ab

2055 1418 2157 1470 hoc
2189 1416 2278 1472 die
2303 1419 2542 1476 extorris
2569 1431 2690 1476 esto
2725 1438 2738 1475 :
2767 1421 2896 1491 quid
2918 1433 2971 1474 tu
3004 1424 3301 1491 pessimum
3332 1425 3470 1480 inire
3496 1441 3629 1480 con-

2051 1507 2234 1561 silium
2268 1525 2438 1565 ausus
2485 1525 2544 1564 es
2587 1511 2849 1565 adversus
2898 1511 3042 1566 hunc
3093 1513 3328 1580 justum,
3362 1515 3456 1584 qui
3487 1514 3631 1568 filio-

2057 1597 2164 1652 lam
2215 1609 2460 1654 nostram
2513 1601 2637 1656 unis
2695 1602 2949 1670 precibus
2991 1617 3176 1658 coram
3227 1606 3376 1660 omni
3430 1606 3630 1676 populo

2059 1691 2362 1745 valetudini
2407 1692 2684 1747 restituit?
2713 1692 2942 1749 Discede
2989 1711 3018 1750 a
3071 1713 3178 1761 me,
3211 1706 3306 1752 aut
3349 1712 3450 1768 ego
3492 1699 3628 1753 mihi

2054 1797 2253 1838 manus
2288 1784 2486 1839 infero.
2517 1784 2811 1840 Enimvero
2837 1787 3077 1843 Sabinus
3108 1793 3257 1844 vultu
3287 1791 3544 1856 concidit,
3576 1802 3630 1846 et

2053 1877 2170 1932 saxi
2201 1877 2380 1933 instar
2417 1879 2728 1943 obmutuit;
2760 1888 2814 1933 et
2840 1893 3066 1935 sanctus
3093 1881 3396 1952 Gregorius
3431 1885 3513 1938 sic
3549 1886 3628 1939 le-

2051 1979 2237 2040 gatum
2271 1969 2474 2024 affatur
2504 1988 2517 2025 :
2544 1970 2814 2037 Quoniam
2839 1980 2910 2038 te,
2940 1972 3127 2038 homo,
3159 1975 3421 2030 arbitrum
3446 1991 3630 2031 causa:

2053 2077 2184 2113 mea;
2210 2058 2521 2130 judicemve
2561 2075 2724 2115 nemo
2773 2061 3085 2127 constituit,
3113 2063 3243 2132 jube
3275 2079 3362 2118 me
3405 2065 3532 2139 ban
3572 2067 3629 2122 in

2052 2152 2356 2205 custodiam
2415 2151 2631 2215 redire,
2693 2148 2906 2223 [Lxxvi]
2957 2168 3238 2222 nervoque
3286 2156 3626 2226 constringi,

2049 2243 2226 2298 donec
2257 2244 2324 2298 de
2367 2258 2533 2300 causa
2580 2257 2928 2314 cognoscas:
2961 2244 3052 2313 qtti
3091 2246 3220 2299 olim
3266 2255 3628 2317 tyrannorum

2054 2349 2174 2391 mos
2219 2335 2320 2390 fuit
2346 2336 2485 2408 (65).
2525 2337 2627 2392 Cui
2678 2338 2890 2407 legatus
2922 2357 2936 2392 :
2967 2336 3084 2391 Non
3116 2353 3236 2406 ego,
3269 2339 3467 2408 inquit,
3500 2355 3626 2394 con-

2053 2425 2246 2492 stringi
2289 2434 2342 2480 te
2369 2426 2574 2496 jubeo;
2629 2429 2721 2482 sed
2755 2429 2849 2497 qui
2900 2437 2951 2482 te
2997 2429 3384 2496 criminantur,
3424 2431 3525 2501 ipsi
3577 2441 3628 2487 te

2051 2517 2470 2572 custodiendum
2513 2527 2728 2573 curant.
2761 2520 2844 2574 Ab
2881 2534 2946 2575 eo
2995 2521 3158 2583 igitur
3188 2524 3470 2592 digressus
3497 2525 3626 2580 bea-

2053 2617 2138 2661 tus
2169 2608 2254 2661 vir
2291 2609 2342 2662 in
2377 2624 2653 2665 carcerem
2696 2612 2853 2678 abiit,
2890 2622 3053 2682 atque
3095 2615 3369 2669 ibitotam
3404 2626 3621 2672 noctem

2054 2701 2297 2756 traduxit
2354 2703 2623 2758 insomnis
2670 2719 2793 2758 cum
2847 2706 3236 2761 archidiacono
3285 2718 3340 2762 et
3397 2709 3624 2780 reliquis

2053 2791 2308 2848 diaconis
2347 2792 2598 2862 Erasmo,
2642 2795 3001 2866 Philadelpho
3053 2807 3107 2852 et
3149 2798 3454 2866 Platonico,
3507 2803 3630 2871 qui-

2055 2885 2284 2938 buscum
2318 2886 2560 2955 psalmos
2600 2887 2820 2954 cecinit,
2863 2899 2962 2943 aut
3011 2889 3264 2944 lectionis
3298 2891 3419 2946 loco
3458 2891 3626 2946 multa

2054 2979 2373 3032 memoriter
2406 2979 2784 3048 pronuntiavit
2816 2981 2939 3038 sine
2967 2983 3127 3038 libro.
3159 2981 3348 3054 Neque
3384 2983 3529 3039 enim
3560 2981 3628 3038 ex

2053 3069 2266 3125 aedibus
2300 3069 2479 3124 eﬁ‘erri
2519 3071 2590 3125 ab
2618 3088 2684 3126 eo
2715 3073 3015 3144 quidquam
3053 3074 3203 3144 passi
3231 3083 3380 3130 sunt.
3544 3074 3545 3078 “

449 3261 525 3316 Ξ⁹.
565 3261 723 3316 Μετὰ
751 3261 809 3315 δέ
838 3259 1014 3316 ταῦτα
1046 3260 1436 3331 μετεστείλατο
1476 3261 1504 3314 6
1549 3259 1703 3328 ἅγιος
1746 3260 1954 3330 Γρηγό-

2132 3246 2244 3301 LX.
2290 3240 2784 3316 Legatum'deinde
2833 3250 3122 3307 arcessivit
3167 3265 3390 3309 sanctus
3423 3241 3630 3322 Grego-

383 3370 498 3423 ριος
526 3351 616 3404 τὸν
648 3351 880 3421 ἔξαρχον
915 3354 974 3403 ἐν
1001 3353 1067 3421 τῇ
1105 3350 1343 3420 φυλακῇ,
1370 3349 1464 3402 καὶ
1493 3349 1640 3416 λέγει
1669 3348 1820 3418 αὐτῷ
1839 3363 1851 3376 ·
1891 3350 1958 3400 Ὃ

381 3444 619 3515 βουλήσῃ
658 3445 739 3506 είς
766 3443 912 3514 ἡμᾶς
945 3443 1212 3512 ποιῆσαι,
1241 3440 1300 3493 ἐν
1333 3441 1491 3511 τάχει
1518 3441 1762 3510 ποίησον.
1807 3439 1866 3491 Ὀ
1903 3439 1959 3494 δὲ

377 3538 608 3609 ἔξαρχος
653 3535 803 3603 λέγει
848 3535 1035 3605 αὐτῷ’
1076 3532 1219 3602 Ἐγὼ
1279 3532 1540 3604 βούλομαί
1588 3549 1647 3586 σε
1694 3532 1811 3603 ἄμα
1849 3531 1958 3584 τῶν

382 3630 491 3683 σῶν
530 3627 858 3699 κατηγόρων
900 3627 1222 3680 ἀποστεῖλαι
1256 3627 1313 3678 ἐν
1349 3625 1537 3696 Ῥώμῃ
1571 3623 1708 3695 πρὸς
1743 3623 1835 3677 τὸν
1863 3622 1960 3676 κύ-

385 3722 499 3792 ριόν
552 3737 654 3791 μου
707 3720 800 3774 τὸν
845 3719 1034 3773 πάπαν
1063 3760 1077 3780 ,
1126 3719 1218 3774 τὸν
1266 3717 1626 3774 ἀποστολικδν
1694 3716 1960 3786 ἐπέχοντα

382 3813 593 3882 θρόνον.
632 3814 690 3865 Ὀ
734 3812 792 3865 δὲ
841 3811 977 3882 πρὸς
1029 3812 1194 3864 αὑτὸν
1247 3811 1613 3882 ἁπεκρίνατο·
1657 3807 1764 3860 Ναὶ
1804 3805 1961 3876 κάγὼ

380 3905 540 3960 τοῦτο
567 3905 706 3960 αίτῶ
737 3905 987 3976 ποιῆσαι,
1015 3903 1111 3957 καὶ
1144 3903 1461 3956 ἀποστεῖλαι
1497 3919 1563 3972 με
1593 3899 1746 3954 ἐνθεν
1776 3901 1834 3955 ἐν
1857 3901 1957 3953 τά-

381 4017 487 4069 χει.
543 3997 852 4069 Γενομένης
900 3996 958 4050 δὲ
1006 3995 1292 4065 ἑσπέρας,
1337 3993 1715 4068 παρεκάλεσεν
1744 3995 1774 4046 6
1807 3993 1962 4062 ἅγιος

380 4090 686 4162 Γρηγὸριος
733 4089 824 4142 τὸν
869 4089 1122 4158 ἔξαρχον,
1171 4089 1229 4139 ἐν
1275 4087 1385 4157 ὅσῳ
1435 4086 1464 4138 6
1505 4085 1633 4148 λαὸς
1678 4084 1961 4155 ἠρέμησεν

378 4183 583 4251 ὀλίγον,
615 4180 846 4235 ἐκϐἁλαι
895 4181 1059 4233 αὐτὸν
1106 4179 1196 4232 διὰ
1234 4178 1336 4248 τῆς
1371 4178 1606 4246 πλαγίας
1651 4176 1829 4246 πύλης
1861 4177 1960 4245 τῆς

383 4275 694 4347 βλεπούσης
726 4275 818 4327 ἐπὶ
849 4273 947 4342 τὴν
979 4271 1273 4337 Θάλασσαν,
1309 4270 1405 4323 καὶ
1435 4267 1768 4338 παραδοῦναι
1798 4266 1961 4320 αὐτὸν

382 4371 461 4432 εἰς
489 4368 558 4421 τὰ
599 4367 761 4419 πλοῖα
804 4367 898 4418 τοῦ
933 4366 1110 4418 πὰπα.
1150 4361 1415 4433 ’Ἑμελλον
1439 4360 1548 4432 γὰρ
1582 4360 1866 4413 ἀποκινεῖν
1901 4359 1960 4409 ἐν

381 4463 518 4530 αὐτῇ
551 4462 616 4530 τῇ
649 4459 808 4512 νυκτὶ
845 4460 910 4510 ἐκ
947 4457 1042 4509 τοῦ
1075 4453 1346 4524 ποταμοῦ.
1381 4451 1682 4521 Ἐξήγαγέν
1709 4467 1767 4504 τε
1797 4450 1960 4504 αὐτὸν

2062 3342 2176 3394 ritts
2206 3341 2274 3394 ad
2316 3357 2615 3407 carcerem,
2647 3343 2988 3413 rogavitque,
3021 3353 3084 3398 ut
3111 3345 3261 3414 quod
3289 3348 3356 3401 de
3395 3347 3517 3416 ipso
3550 3346 3633 3400 fa-

2059 3431 2310 3486 ciendum
2340 3432 2442 3486 sibi
2478 3433 2782 3498 statuisset,
2817 3433 3223 3504 quamprimum
3257 3434 3481 3491 faceret.
3521 3436 3634 3506 Ego

2060 3540 2210 3588 vero,
2239 3524 2416 3594 inquit
2443 3525 2555 3590 ille,
2583 3525 2946 3580 deliberatum
2971 3527 3169 3591 habeo,
3195 3526 3424 3582 Romam
3451 3538 3503 3583 te
3519 3528 3633 3600 (66)

2059 3631 2183 3671 cum
2226 3617 2642 3672 accusatoribus
2669 3619 2780 3674 tuis
2810 3617 2877 3672 ad
2909 3618 3196 3674 dominum
3243 3636 3421 3674 meum
3454 3624 3634 3692 ponti-

2060 3708 2215 3764 ficem
2269 3709 2569 3763 niaximum
2626 3711 2809 3764 throni
2855 3712 3146 3780 apostolici
3183 3713 3452 3767 liaaredem
3507 3714 3636 3766 mit-

2060 3811 2195 3856 tere.
2225 3800 2323 3855 Cui
2361 3812 2588 3857 sanctus
2616 3802 2698 3855 vir
2728 3803 3012 3871 respondit
3040 3821 3054 3858 :
3086 3803 3142 3857 Id
3176 3803 3351 3872 ipsum
3386 3803 3635 3872 profecto

2061 3906 2122 3949 ut.
2157 3894 2329 3949 facias
2366 3904 2514 3964 peto,
2557 3909 2751 3964 meque
2783 3895 2911 3949 hinc
2947 3897 3059 3950 cito
3090 3896 3358 3951 dimittas.
3396 3897 3512 3951 Sub
3543 3912 3636 3951 vc-

2061 4001 2278 4057 Sperain
2310 4001 2442 4040 vero
2475 3985 2712 4055 legatum
2763 3985 3012 4041 hortatus
3033 3996 3140 4050 est,
3188 3987 3633 4056 quandoquidem

2062 4080 2296 4150 populus
2330 4079 2613 4147 paululum
2649 4079 3059 4147 conquieverat,
3094 4088 3151 4132 ut
3179 4093 3303 4132 eum
3336 4095 3432 4148 per
3463 4082 3636 4147 posti-

2061 4188 2185 4226 cum
2217 4172 2512 4231 emitteret,
2545 4169 2689 4238 quod
2722 4183 2872 4224 mare
2902 4170 3248 4238 respiciebat,
3279 4177 3333 4221 et
3361 4169 3634 4239 pontificis

2063 4263 2289 4317 maximi
2334 4261 2569 4316 navibus
2607 4262 2933 4332 imponeret.
2973 4260 3110 4314 Nam
3146 4276 3209 4315 ea
3251 4260 3367 4331 ipsa
3401 4272 3560 4316 nocte
3602 4280 3634 4318 a

2061 4353 2285 4408 ﬂumine
2316 4354 2529 4409 solvere
2558 4352 2852 4408 debebant.
2882 4353 3084 4408 Eduxit
3113 4362 3298 4408 autem
3335 4369 3460 4410 eum
3489 4355 3637 4426 lega-

2066 4456 2152 4502 tus
2184 4462 2308 4501 cum
2353 4445 2776 4501 accusatoribus
2817 4445 2941 4514 ejus
2969 4443 3174 4500 Sabino
3200 4457 3254 4500 et
3279 4444 3638 4501 Crescentino

376 4555 408 4604 ὁ
435 4554 665 4623 ἔξαρχος
701 4553 798 4605 σὺν
846 4551 956 4602 τῶν
1002 4548 1332 4619 κατηγόρων
1378 4545 1545 4599 αὑτοῦ
1589 4543 1817 4597 Σαϐίνου
1863 4541 1954 4594 καὶ

2062 4557 2127 4599 ac
2170 4541 2356 4596 decem
2403 4540 2528 4596 aliis
2563 4558 2576 4594 :
2607 4539 2700 4608 qui
2748 4539 2816 4592 ad
2868 4539 3026 4593 littus
3067 4539 3494 4600 descenderunt,
3543 4539 3636 4593 ubi

379 4646 812 4716 Κρησκεντίνου,
838 4641 931 4694 καὶ
962 4642 1166 4712 ἐτέρων
1201 4640 1334 4693 δέκα
1364 4641 1462 4692 σὺν
1488 4637 1656 4707 αὐτῷ.
1684 4637 1795 4690 Καὶ
1823 4654 1956 4689 κατ-

377 4736 539 4807 ἦλθον
582 4736 662 4797 εἰς
707 4733 800 4786 τὸν
829 4730 1097 4799 αἰγιαλὸν,
1133 4729 1263 4783 ἔνθα
1301 4727 1371 4781 τὰ
1407 4726 1569 4781 πλοῖα
1595 4721 1736 4796 ἦσαν
1768 4723 1955 4795 βουλό-

453 4929 563 4999 (65)
610 4927 826 4982 Dictum
859 4925 967 4999 hoc
1002 4923 1137 4999 satis
1165 4921 1478 4999 aculeatum
1521 4928 1628 4999 est,
1656 4928 1716 4971 ut
1743 4916 1958 4999 Leontii

378 4988 563 5067 potius
590 5039 604 5062 ,
661 5014 826 5068 quam
867 4994 1117 5064 Gregorii
1159 4993 1388 5068 nomine
1436 4989 1708 5058 prolatum
1749 4988 1958 5068 malim.

379 5059 568 5138 Neque
592 5059 729 5122 'ver'o
760 5069 967 5139 legatus
985 5059 1332 5139 reprehendi
1367 5069 1598 5139 poterat,
1639 5059 1786 5128 quod
1823 5059 1959 5139 alie-

385 5131 568 5194 nis'se
615 5131 844 5208 negotiis
890 5131 1244 5208 immisceret.
1288 5131 1414 5208 Haec
1461 5131 1606 5208 enim
1638 5131 1963 5208 ampontitice

381 5210 625 5263 maximo
683 5197 935 5260 mandata
1002 5205 1406 5277 halicbat_:{ut
1457 5197 1718 5277 Gregorii
1765 5197 1960 5277 _Magni

381 5279 627 5347 epistola:
674 5285 964 5347 testantur.
1012 5274 1286 5347 Pergenti,
1329 5269 1529 5347 inquit.
1563 5265 1658 5347 [ibi
1708 5267 1775 5347 ad
1824 5265 1964 5321 Sici-

382 5339 514 5402 liam
547 5345 881 5418 Capitulare,
916 5345 1052 5413 quod
1078 5339 1220 5418 dedi,
1256 5341 1467 5418 assidue
1498 5339 1960 5418 relegendo-areu,

383 5429 440 5474 ut
487 5409 638 5472 cura'
667 5409 1059 5470 maxima'esse
1095 5414 1158 5467 de
1207 5415 1464 5482 episcopis
1512 5410 1698 5482 debeat
1746 5409 1864 5482 (lib'.
1907 5423 1961 5470 ι,

383 5492 544 5558 epist.
581 5487 693 5557 56).
727 5487 938 5558 Rursus
969 5501 982 5536 :
1019 5483 1094 5536 De
1123 5479 1290 5558 lapsis
1322 5479 1689 5558 sacerdou'bus
1729 5479 1807 5558 vel
1833 5493 1964 5547 quo-

385 5550 509 5613 libet
539 5575 604 5612 ea:
641 5550 778 5611 clero
821 5555 1094 5607 observare
1128 5550 1468 5617 te'volumus,
1516 5560 1573 5603 ut
1602 5553 1657 5603 in
1702 5550 1850 5602 rebus
1879 5564 1967 5600 eo-

386 5648 503 5682 rum
523 5628 673 5683 nulla
695 5626 1147 5681 contaminatione
1165 5623 1435 5676 miscearis
1457 5622 1573 5686 (lib.
1598 5637 1636 5684 ι,
1659 5621 1824 5684 epist.
1850 5618 1962 5686 M).

387 5699 444 5754 In
477 5702 581 5753 alia
616 5715 630 5753 :
664 5697 932 5752 Prwterea
968 5695 1064 5747 hoc
1091 5693 1186 5746 tibi
1208 5692 1568 5760 indagandum
1591 5690 1846 5743 mandare
1876 5705 1968 5740 cn-

387 5772 640 5833 ravimus,
696 5769 876 5830 veleri,
917 5780 1034 5835 ante
1074 5763 1194 5832 jam
1238 5760 1967 5835 inoleverat,consuetudine

387 5830 698 5910 postposita,
725 5850 781 5893 ut
804 5841 846 5893 si
867 5830 984 5906 qua:
1016 5830 1252 5889 cibitates
1274 5834 1327 5887 in
1342 5831 1612 5900 provincia
1649 5830 1849 5884 Sicilire
1872 5845 1966 5896 pro

2060 4647 2228 4687 naves
2255 4640 2434 4694 erant,
2465 4629 2874 4701 quamprimum
2910 4630 3029 4684 vela
3061 4627 3307 4684 factum.
3334 4629 3404 4683 At
3428 4627 3638 4700 Grego-

2060 4723 2198 4775 rium
2231 4731 2485 4792 parentcs
2512 4722 2634 4789 ejus
2658 4720 3028 4790 sequebantur
3059 4719 3366 4788 plorantes;
3397 4732 3635 4786 quorum

2059 4921 2284 4991 peccatis
2316 4936 2408 4989 per
2452 4918 2788 4991 sacerdotum
2815 4916 3002 4991 lapsus
3029 4915 3352 4991 a_pastor_ali
3385 4915 3636 4991 regimine

2062 4985 2248 5048 cacare
2276 4985 2586 5052 noscuntur,
2622 4989 2686 5040 de
2712 4989 2850 5040 clero
2875 4985 3237 5038 Ecclesiarum
3265 4987 3523 5053 ipsarum,
3558 4985 3635 5038 vel

2061 5081 2126 5118 ex
2167 5061 2526 5120 monasteriis,
2567 5059 2726 5126 siqui
2760 5057 2907 5126 digni
2954 5055 3022 5108 ad
3052 5055 3434 5126 sacerdotalem
3462 5056 3638 5108 locum

2061 5131 2544 5204 possautinveniri,
2573 5124 2857 5204 perspicias
2898 5126 3017 5188 (lib.
3051 5126 3286 5204 t,_i:pist.
3326 5124 3435 5204 18).

2135 5202 2245 5273 (66)
2283 5200 2422 5255 Νυιιι
2456 5194 2664 5273 litteras
2693 5194 2888 5273 Petrus
2915 5213 2944 5273 ιι
2976 5194 3228 5273 pontifice
3263 5194 3502 5273 masitno
3521 5196 3634 5264 jam

2064 5264 2409 5343 accepisset,
2464 5271 2665 5343 quibus
2716 5267 3040 5343 Gregorium
3092 5264 3510 5343 Agrigentinum
3572 5279 3638 5319 ac

2064 5333 2214 5400 duos'
2259 5333 2403 5397 alios
2451 5333 2736 5410 episcopos
2765 5333 3012 5410 _Homam
3069 5333 3280 5410 mittere
3321 5333 3636 5410 jubebatur,

2065 5416 2334 5470 afﬁrmare
2363 5404 2708 5477 non'audeo.
2749 5407 3029 5477 Angustias
3055 5405 3202 5477 enim
3249 5404 3510 5477 temporis
3538 5419 3638 5459 ex-

2067 5485 2288 5540 cludere
2315 5481 2590 5534 videntur.
2629 5476 2734 5532 Sed
2767 5475 3064 5543 Gregorius
3097 5475 3325 5542 Magnus
3355 5475 3502 5529 Julio
3544 5484 3641 5528 aut

2066 5558 2314 5624 Augusto
2335 5549 2487 5624 anni
2503 5550 2600 5604 591
2637 5550 2718 5601 sic
2744 5547 2833 5624 _ad
2868 5546 3250 5624 eumnscripsit
3279 5563 3291 5598 :
3325 5544 3639 5624 Gregorium

2066 5614 2185 5679 vero
2215 5619 2619 5692 Agrigentinum
2647 5627 2697 5672 et
2732 5615 2974 5692 Leonem‘
2993 5614 3341 5692 Catanensem
3368 5629 3414 5670 et
3435 5614 3442 5615 ί
3462 5615 3638 5692 Victo-

2068 5711 2176 5749 rem
2211 5686 2655 5746 Panormitanum
2697 5703 2788 5758 per
2833 5687 3010 5740 omnia
3050 5702 3141 5738 nos
3163 5686 3406 5758 columns
3437 5686 3505 5740 ad
3544 5700 3642 5740 nos

2068 5775 2190 5820 ante
2218 5764 2436 5817 hiemem
2460 5756 2724 5830 proﬁcisci
2755 5759 2872 5829 (lib.
2901 5774 2943 5819 ι,
2971 5758 3130 5827 epist.
3161 5756 3272 5827 7'2).
