4158 6522
625 344 726 409 δίιῆ

1616 347 1678 408 S.
1719 349 2096 410 GREGORII
2131 349 2642 410 AGRIGENTINI
2682 349 2878 410 VITA.

3763 347 3868 412 656

625 457 744 526 ipse
765 453 832 511 ad
874 452 1038 526 pedes
1075 455 1387 527 procidens,
1417 455 1708 512 obsecrare
1739 463 1820 513 sic
1859 459 2024 529 coepit
2055 476 2069 513 :
2097 457 2191 524 Ne,

2301 475 2436 527 μενά
2463 460 2816 528 ἀποκινῆσαι.
2845 457 3156 512 Ἠκολούθει
3186 458 3242 512 δὲ
3268 459 3418 528 αὒτῷ
3442 459 3469 511 ό
3499 457 3871 528 πατὴράὖτοῦ

621 561 825 617 quaeso,
855 562 970 600 mea
1002 561 1191 613 causa,
1219 548 1425 601 domini
1464 548 1590 614 mei,
1622 549 1700 603 sic
1728 550 1978 618 lugeatis.
1996 549 2181 621 Neque

619 641 766 694 enim
794 637 1056 694 Dominus
1078 655 1232 694 meus
1249 639 1410 695 Jesus
1430 641 1688 696 Christus
1712 642 2081 712 nequidquam
2107 657 2194 694 me

619 728 676 782 in
720 728 1181 786 calutnniatorum
1212 746 1460 786 meorum
1499 748 1696 788 manus
1728 733 1955 789 dedidit.
1994 732 2192 788 Verum

618 835 830 889 preces,
880 837 978 877 vos
1031 838 1150 888 oro,
1185 839 1284 893 pro
1335 840 1420 878 tne
1451 827 1688 882 scelesto
1719 827 1940 882 homine
1980 828 2190 893 iterate,

615 927 727 981 quo
751 912 895 970 Deus
923 915 1054 968 mihi
1081 917 1310 970 crimina
1366 934 1487 986 qua:
1513 919 1706 974 admisi
1737 920 1907 974 multa
1931 921 2191 974 remittat.

621 1003 744 1059 Haec
769 1020 835 1060 eo
862 1006 1097 1071 dicente,
1149 1009 1360 1078 legatus
1392 1026 1561 1063 unum
1603 1025 1633 1064 e
1669 1013 2024 1067 naviculariis
2063 1012 2196 1066 Pro-

619 1098 836 1166 copium
872 1099 1201 1168 appellatum
1239 1104 1456 1166 accivit,
1489 1104 1649 1172 eique
1677 1103 1992 1174 episcopum
2030 1106 2198 1160 ttadi-

617 1193 734 1256 dit;
767 1193 1051 1261 eidemque
1081 1194 1398 1249 relationem
1435 1194 1602 1258 dedit,
1643 1211 1810 1265 quam
1843 1196 1960 1265 ipse
2000 1198 2192 1250 adver.

618 1299 712 1335 sus
740 1291 990 1338 sanctum
1035 1283 1212 1338 virum
1247 1284 1312 1340 ad
1351 1285 1664 1355 pontiﬁcem
1711 1287 2013 1340 maximum
2057 1288 2192 1343 serio

619 1383 822 1442 pserat,
859 1375 1031 1443 signis
1070 1375 1246 1445 ipsius
1272 1377 1432 1446 legati
1463 1387 1517 1431 et
1557 1377 1934 1446 improborum
1973 1395 2196 1434 accusa-

619 1477 795 1520 torum
820 1467 1188 1537 obsignatam.
1215 1467 1498 1523 Neminem
1531 1485 1658 1523 vero
1689 1470 1856 1524 alium
1885 1487 2008 1525 cum
2035 1473 2195 1527 beato

623 1559 740 1610 viro
771 1558 1042 1627 proﬁcisci
1074 1560 1219 1628 passi
1253 1572 1404 1625 sunt,
1441 1577 1606 1630 qttam
1642 1562 1987 1617 Platonicum
2026 1579 2191 1617 unum

617 1665 647 1702 e
679 1651 922 1705 diaconis
951 1652 1089 1720 ejus.
1125 1649 1224 1706 Hic
1259 1653 1495 1722 legatum
1535 1663 1588 1708 et
1625 1655 1929 1724 sacrilegos
1963 1653 2194 1726 [Lxxvn]

620 1743 744 1797 illos
792 1760 1015 1799 monere
1061 1755 1285 1799 sanctus
1328 1743 1626 1816 Gregorius
1669 1762 1779 1801 non
1823 1748 2185 1818 praztermisit,

2296 551 2390 602 καὶ
2421 552 2454 623 ὴ
2488 551 2670 622 μήτηρ
2717 551 2884 604 αὑτοῦ
2933 552 3238 613 κλαίοντες.
3283 551 3341 602 ὐ
3380 551 3436 602 δὲ
3487 549 3671 602 πεσὼν
3721 555 3872 622 παρὰ

2293 641 2421 703 τοὺς
2456 641 2625 704 πόδας
2669 641 3016 711 ἀμφοτέρων,
3049 641 3355 710 παρεκάλει
3397 641 3581 702 αὑτοί;
3607 656 3622 670 ο
3657 641 3749 710 Μὴ
3781 642 3872 694 0‘5-

2294 749 2403 798 τως
2451 732 2669 786 κλαίετε
2709 732 2796 786 ἐπ’
2831 733 2992 803 ἐμοὶ,
3039 731 3220 802 κύριοί
3269 749 3404 802 μου·
3454 733 3482 784 6
3526 731 3636 802 γὰρ
3667 731 3873 801 Κύριός

2299 841 2401 894 μου
2449 823 2662 895 Ἰησοῦς
2715 824 2952 894 Χριστὸς
3000 825 3060 876 οὐ
3130 825 3204 894 μὴ
3267 841 3333 893 με
3389 822 3733 892 ἐγκαταλίπῃ
3793 825 3875 886 είς

2295 918 2487 988 χεῖρας
2518 916 2628 969 τῶν
2660 915 3144 986 συκοφαντούντων
3183 932 3248 984 με
3274 915 3503 986 δωρεάν.
3546 915 3691 985 Πλὴν
3717 912 3872 984 εὔχεο

2297 1010 2391 1062 σθε
2427 1010 2568 1080 ὑπὲρ
2602 1008 2763 1080 ἐμοῦ,
2793 1007 3118 1078 παρακαλῶ,
3149 1008 3244 1060 τοῦ
3286 1007 3634 1080 ἁμαρτωλοῦ,
3667 1008 3815 1068 ὅπως
3843 1008 3872 1058 6

2295 1100 2430 1164 Θεὸς
2467 1103 2798 1173 συγχωρήσῃ
2835 1119 2924 1172 μοι
2953 1101 3023 1154 τὰ
3059 1101 3231 1154 πολλά
3267 1118 3368 1171 μου
3400 1101 3568 1154 κακά.
3603 1100 3786 1153 Ταῦτα
3813 1099 3870 1153 δὲ

2295 1192 2548 1259 λέγοντος
2593 1191 2760 1246 αὐτοῦ
2787 1231 2802 1256 ,
2837 1192 3094 1262 φωνήσας
3136 1191 3164 1243 6
3208 1191 3436 1262 ἔξαρχος
3470 1191 3566 1243 ’ένα
3593 1190 3703 1244 τῶν
3742 1209 3871 1244 ναυ-

2297 1285 2515 1354 κλήρων
2556 1283 2665 1338 τῶν
2697 1283 2899 1336 πλοίων
2946 1283 3258 1354 Ιιροκόπιον
3287 1283 3605 1353 λεγόμενον,
3641 1284 3875 1353 παραδίο

2294 1378 2456 1430 δωσιν
2491 1376 2641 1447 αὐτῷ
2685 1377 2778 1430 τὸν
2827 1367 3149 1441 ἐπίσκοπον,
3202 1377 3298 1428 καὶ
3341 1375 3558 1428 δίδωσιν
3599 1375 3746 1444 αὐτῷ
3779 1377 3873 1427 καὶ

2296 1470 2397 1538 τὴν
2442 1470 2574 1539 παρ’
2606 1467 2773 1521 αὑτοῦ
2825 1470 3133 1537 γραφεῖσαν
3162 1465 3444 1534 ἀναφορὰν
3475 1465 3611 1536 πρὸς
3643 1465 3734 1518 τὸν
3767 1467 3871 1520 πά-

2297 1574 2404 1609 παν
2431 1560 2573 1609 κατά
2598 1557 2692 1608 τοῦ
2721 1557 2877 1624 ἁγίου
2910 1555 3141 1626 ἔχουσαν
3167 1555 3467 1625 σφραγίδας
3499 1555 3661 1608 αὐτοῦ
3695 1573 3754 1608 τε
3775 1556 3870 1608 τοῦ

2296 1645 2527 1716 ἐξάρχου
2549 1645 2646 1698 καὶ
2668 1644 2775 1698 τῶν
2803 1646 3140 1716 παρανόμων
3170 1646 3515 1716 κατηγόρων.
3544 1646 3658 1699 Οὐκ
3685 1647 3871 1698 εἴασαν

2297 1737 2354 1791 δὲ
2385 1737 2659 1792 συνελθεῖν
2687 1738 2767 1809 τῷ
2800 1739 3087 1810 μακαρίῳ,
3133 1739 3180 1790 εί
3211 1737 3286 1807 μὴ
3315 1739 3472 1808 μόνον
3497 1738 3593 1790 ἕνα
3617 1738 3724 1790 τῶν
3753 1737 3870 1791 δια-

620 1836 866 1890 viderent
899 1835 1027 1906 ipsi,
1070 1838 1157 1892 cui
1204 1836 1507 1892 Ecclesiam
1560 1837 1651 1893 Dei
1703 1839 2186 1896 administrandam

2303 1831 2476 1884 κόνων
2511 1831 2880 1887 Πλατωνικόν.
2933 1833 3096 1899 Λέγει
3128 1831 3184 1883 δὲ
3220 1832 3248 1882 6
3276 1830 3428 1899 ἆγιος
3462 1831 3758 1902 Γρηγόριος
3795 1830 3872 1900 τῷ

619 1928 1024 1982 omnmitterent
1077 1945 1200 1984 :ne
1258 1929 1404 1984 illam
1461 1940 1718 2000 tanquam
1778 1933 1896 2003 apri
1939 1933 2196 1988 devasta-

620 2032 742 2074 rent
773 2037 789 2074 :
819 2036 916 2075 eos
953 2022 1022 2075 de
1071 2021 1174 2076 hoc
1213 2023 1265 2076 in
1295 2022 1489 2092 judicii
1521 2024 1610 2077 die
1642 2027 1909 2080 rationem
1945 2023 2057 2079 Deo
2087 2025 2202 2078 red.

619 2112 848 2165 dituros.
876 2109 974 2164 Cui
1009 2112 1220 2182 legatus
1252 2129 1267 2166 :
1295 2112 1644 2178 Curatorem,
1680 2115 1876 2184 inquit,
1911 2129 2009 2170 nos
2037 2114 2198 2168 rebus

619 2205 877 2258 omnibus
906 2205 1338 2274 designavitnus,
1367 2209 1460 2276 qui
1495 2208 1582 2276 pie
1609 2207 1824 2278 singula
1850 2207 2200 2262 administra-

620 2297 699 2351 bit
729 2296 840 2368 ((37)
873 2316 886 2352 :
918 2299 1050 2366 quin
1087 2308 1179 2354 tuo
1225 2299 1346 2353 loco
1375 2299 1488 2368 jam
1521 2300 1753 2368 populus
1779 2300 1989 2355 creavit
2020 2301 2194 2355 virum

621 2391 778 2457 plane
809 2389 1056 2459 dignum,
1094 2391 1186 2460 qni
1235 2390 1288 2444 in
1320 2405 1386 2445 ea
1425 2391 1556 2446 sede
1583 2392 1972 2447 constituatur.
2020 2393 2198 2462 Atque

623 2483 738 2535 haec
765 2481 896 2536 dum
926 2483 994 2536 ah
1026 2482 1109 2536 bis
1141 2481 1474 2546 dicerentur,
1506 2483 1726 2538 advenit
1754 2486 2192 2548 archidiaconus,

621 2586 685 2625 ac
715 2572 878 2626 simul
907 2572 1125 2628 diaconi
1156 2572 1264 2628 duo
1289 2572 1553 2629 Erasmus
1578 2583 1631 2629 et
1663 2575 2070 2646 Philadelphus,
2101 2576 2194 2645 qui

623 2666 860 2734 legatum
893 2673 948 2718 et.
981 2665 1278 2734 sacrilegos
1318 2665 1443 2720 illos
1478 2663 1744 2718 Sabinum
1787 2675 1844 2720 et
1888 2666 2196 2722 Crescenti-

623 2771 752 2809 num
785 2756 1069 2824 rogabant,
1107 2765 1163 2809 ut
1191 2755 1293 2809 sibi
1327 2770 1452 2809 cum
1495 2754 1656 2810 Patre
1687 2770 1754 2811 ac
1789 2757 2050 2828 magistro
2093 2772 2195 2812 suo

620 2846 853 2902 abeundi
887 2857 1132 2916 potestas
1161 2849 1331 2900 tieret.
1358 2845 1567 2911 Quibus
1591 2846 1666 2900 illi
1695 2862 1762 2902 ne
1790 2862 1952 2902 aures
1973 2847 2194 2917 quidem

623 2938 988 3003 praebuerunt.
1036 2937 1223 3008 Itaque
1260 2954 1291 2992 a
1343 2939 1528 2993 littore
1579 2948 1792 2994 tantum
1836 2939 2190 2994 clamabant:

621 3027 754 3083 Tuis
789 3046 890 3084 nos
923 3031 1175 3097 precibus
1209 3031 1428 3098 adjuva,
1467 3031 1627 3086 Pater
1676 3039 1897 3097 sancte;
1933 3030 2022 3087 ille
2065 3046 2193 3087 vero

2301 1922 2518 1994 ἐξάρχω
2548 1923 2644 1976 καὶ⁵
2673 1925 2787 1986 τοῖς
2811 1922 3053 1994 ἀνιέροις
3082 1923 3314 1986 ἐκείνοις
3335 1939 3348 1950 ο
3384 1924 3641 1988 Βλέπετε,
3660 1924 3870 1994 ἀνθρω-

2301 2026 2415 2076 ποι,
2448 2010 2510 2062 τό
2541 2010 2659 2073 πῶς
2697 2009 2956 2079 βούλεσθε
2981 2010 3205 2064 διοικεῖν
3233 2011 3333 2082 τὴν
3361 2013 3455 2064 τοῦ
3490 2011 3624 2064 Θεοῦ
3653 2014 3874 2083 Ἐκκλη-

2302 2102 2453 2154 σίαν⁶
2493 2101 2570 2172 μὴ
2606 2100 3092 2172 καταλυμαίνησθε
3122 2103 3293 2172 αὐτὴν
3325 2102 3401 2166 ὡς
3445 2106 3620 2173 μονιοὶ
3651 2105 3866 2174 ἄγριόι·

2298 2195 2394 2248 καὶ
2425 2193 2649 2264 μέλλετε
2677 2194 2755 2264 τῷ
2781 2193 2901 2263 Θεῴ
2930 2197 2988 2246 ἐν
3011 2195 3196 2267 ἡμέρᾳ
3243 2197 3479 2265 κρίσεως
3516 2199 3645 2267 περὶ
3677 2198 3868 2252 τούτου

2295 2286 2394 2357 τὴν
2422 2286 2579 2356 δίκην
2606 2286 3054 2357 εἰσπράττεσθαι.
3081 2287 3138 2340 '0
3165 2289 3222 2341 δὲ
3258 2289 3483 2359 ἔξαρχος
3516 2289 3663 2358 λέγει
3695 2293 3867 2361 αὐτῷ’

2309 2377 2500 2448 Ἡμεῖς
2535 2377 2732 2449 ἔχομεν
2760 2378 3105 2448 καταστῆσαι
3137 2381 3422 2450 οἰκονόμον
3462 2383 3541 2444 εἰς
3570 2384 3747 2437 πάντα
3777 2385 3869 2437 τὸν

2295 2471 2491 2540 ἔχοντα
2529 2471 2804 2542 διοικῆσαι
2837 2471 2906 2524 τὰ
2933 2471 3055 2525 κατ’
3087 2473 3261 2542 αὐτὴν
3293 2473 3532 2537 εὐσεϐῶς
3553 2490 3566 2503 ο
3617 2476 3707 2527 καὶ
3749 2478 3869 2530 ἀντὶ

2298 2561 2394 2616 σοῦ
2421 2557 2566 2616 οὗτοι
2609 2564 2659 2614 οί
2699 2563 2818 2616 λαοὶ
2845 2561 3185 2631 ἐψηφίσαντο
3219 2562 3388 2633 ἄνδρα
3429 2564 3578 2628 ἄξιον
3605 2565 3696 2618 τὸν
3718 2567 3870 2634 ὀφεί-

2295 2656 2460 2710 λοντα
2495 2655 2833 2726 καθεσθῆναι
2863 2655 2958 2708 ἐπὶ
2989 2655 3085 2709 τοῦ
3116 2655 3328 2726 θρόνου.
3351 2657 3461 2710 Καὶ
3493 2657 3667 2711 ταῦτα
3689 2661 3868 2713 αὐτῶν

2297 2748 2588 2812 εἰπόντων,
2621 2746 2928 2817 προσῆλθεν
2963 2749 2989 2800 6
3013 2746 3394 2818 ἀρχιδιάκονος
3423 2749 3518 2802 καὶ
3543 2751 3592 2801 οἱ
3624 2751 3717 2802 δύο
3755 2751 3870 2807 διὰ-

2295 2856 2442 2893 κονοι
2477 2841 2760 2910 Ἔρασμος
2791 2840 2884 2892 καὶ
2928 2839 3256 2906 Φιλάδελφος
3295 2839 3740 2910 παρακαλοῦντες
3776 2842 3872 2894 τὸν

2294 2929 2524 3001 ἔξαρχον
2557 2931 2793 2993 καὶτοὺς
2823 2931 3070 3002 ἀνιέρους
3102 2930 3326 2984 Σαϐῖνον
3351 2930 3444 2982 καὶ
3467 2931 3869 3000 Κρησκεντῖνον

2293 3022 2542 3090 λέγοντες
2563 3039 2576 3052 ·
2617 3023 2844 3076 Ἐάσατε
2879 3025 3025 3094 ἡμᾶς
3079 3023 3336 3076 ἀπελθεῖν
3362 3023 3496 3094 μετά
3529 3024 3624 3076 τοῦ
3657 3025 3869 3095 Πατρός

621 3123 759 3175 bene
803 3123 870 3176 iis
901 3131 1176 3188 precatus,
1211 3131 1263 3174 et
1294 3123 1522 3176 salutari
1553 3137 1648 3176 eos
1679 3123 1837 3190 signo
1869 3136 1899 3176 e
1947 3123 2068 3176 navi
2104 3123 2190 3176 (li-

2294 3115 2452 3186 ήμῶν
2479 3116 2574 3168 καὶ
2593 3115 2936 3169 διδασκάλου.
2978 3117 3040 3169 Οί
3074 3116 3129 3168 ἑὲ
3153 3117 3273 3169 οὐδὲ
3299 3116 3531 3170 ἀκοῦσαι
3557 3119 3736 3170 αὐτῶν
3761 3120 3870 3172 οὐδ’

623 3215 885 3268 mittens:
918 3214 1151 3286 Pergite,
1195 3215 1394 3286 inquit,
1439 3215 1494 3270 in
1523 3230 1656 3286 pace
1685 3233 1699 3268 :
1727 3214 1980 3270 Christus
2023 3216 2192 3283 enim,

622 3304 718 3360 lilii
751 3307 877 3371 mei,
918 3322 1016 3382 vos
1057 3308 1329 3372 tuebitur,
1353 3307 1661 3377 chorosque
1691 3307 1929 3363 habebit.
1967 3307 2037 3362 lis
2068 3323 2197 3362 vero

620 3397 795 3454 Amen
818 3398 1276 3468 respondentibus
1301 3414 1468 3453 naves
1487 3400 1598 3468 jam
1624 3400 2010 3464 discesserant,
2037 3409 2196 3455 nocte

615 3489 728 3558 jam
780 3490 1054 3542 inchoata.
1099 3488 1364 3558 Sacrilegi
1410 3503 1542 3542 vero
1589 3489 1666 3542 illi
1714 3501 1964 3543 sanctum
2015 3490 2195 3543 virum

620 3595 744 3635 cum
786 3579 963 3648 legato
1000 3579 1341 3642 deridebant,
1375 3579 1470 3648 qui
1503 3579 1796 3648 perniciem
1833 3595 1986 3634 suam
2023 3581 2190 3633 miser

621 3685 730 3726 non
769 3669 1015 3733 deﬁeret.
1061 3681 1116 3726 et
1161 3671 1228 3724 de
1278 3670 1346 3725 iis
1380 3669 1673 3735 laboraret,
1720 3686 1844 3741 quae
1907 3687 2187 3738 nunquam

620 3764 852 3834 posthac
881 3763 1099 3817 visurus
1126 3771 1295 3817 esset.

2293 3210 2428 3272 ὅλως
2456 3209 2766 3278 ἠνέσχοντο.
2801 3209 2978 3262 Μόνον
3006 3207 3114 3260 ἀπὸ
3142 3209 3240 3278 τῆς
3271 3209 3374 3276 γῆς
3405 3208 3658 3279 ἔκραζον,
3682 3211 3871 3278 λεγον-

2293 3319 2419 3365 τεςο
2458 3298 2624 3367 Εὖξαι
2657 3301 2795 3372 ὑπὲρ
2831 3301 3012 3371 ἡμῶν,
3061 3303 3243 3372 Πάτερ
3279 3301 3424 3369 ἅγιε.
3454 3304 3513 3356 '0
3543 3304 3600 3358 δὲ
3641 3304 3871 3370 ἐπευξά-

2297 3413 2458 3467 μενος
2503 3396 2688 3458 αὑτοῖς
2730 3395 2825 3446 καὶ
2873 3395 3332 3464 κατασφραγίσας
3381 3395 3577 3460 αὐτοὺς
3625 3398 3736 3450 ἀπὸ
3774 3397 3869 3451 τοῦ

2295 3488 2509 3552 πλοίου,
2558 3486 2850 3546 ἀπέλυσεν,
2886 3485 3062 3555 λέγων
3093 3502 3107 3516 ⁸
3143 3487 3448 3561 Πορεύεσθε
3479 3493 3537 3542 ὲν
3571 3493 3764 3562 εἰρήνῃ
3790 3509 3802 3521 ·
3841 3494 3870 3545 6

2295 3579 2530 3650 Χριστὸς
2564 3579 2673 3650 γὰρ
2707 3581 2849 3649 ὑμᾶς
2893 3579 3258 3649 διατηρήσει,
3287 3581 3456 3635 τέκνα
3491 3599 3614 3652 μου,
3657 3585 3738 3647 είς
3768 3585 3870 3653 τὴν

2295 3672 2518 3740 ἀγάπην
2549 3669 2736 3724 αὑτοῦ.
2761 3671 2804 3723 Τ
2807 3671 2882 3724 ὦν
2913 3671 2970 3723 δὲ
2997 3671 3058 3722 τὸ
3097 3671 3268 3741 Ἀμὴν
3300 3673 3734 3744 ἀποκριθέντων,
3763 3678 3869 3729 ἀπο

2296 3762 2558 3832 εκίνησαν
2588 3760 2792 3824 εὐθέως
2828 3761 2898 3812 τὰ
2926 3759 3088 3812 πλοῖα
3107 3800 3123 3824 ,
3158 3760 3400 3831 ἑσπέρας
3425 3761 3592 3832 οὔσης
3626 3763 3864 3834 βαθείας.

620 3858 683 3909 Ui
714 3856 770 3908 δὲ
805 3854 1011 3926 ἀνίεροι
1059 3855 1261 3908 ἐκεῖνοι
1302 3854 1614 3924 κατεγέλων
1677 3853 1842 3910 αὑτοῦ
1903 3854 2023 3925 ἃμα
2085 3854 2165 3925 τῷ
2230 3853 2466 3925 ὲξάρχῳ,
2512 3852 2804 3921 λέγοντεςο
2845 3853 2904 3906 ὐ
2951 3853 3138 3918 ἄθλιος
3180 3855 3242 3908 οὐ
3294 3854 3485 3926 θρηνεῖ
3516 3856 3615 3926 τὴν
3672 3857 3866 3911 ἑαυτοῦ

619 3947 914 4013 ἀπώλειαν,
957 3947 1094 4000 ἀλλὰ
1119 3947 1224 4000 τῶν
1255 3945 1408 4000 ἐνθεν
1439 3946 1716 4018 φροντίζει
1759 3945 1796 4000 ἃ.
1833 3946 1896 4000 οὐ
1939 3947 2016 4017 μή
2048 3963 2180 4002 ποτε
2219 3945 2504 4014 θεάσηται.

689 4037 826 4094 LXI.
865 4037 1012 4094 Nihil
1051 4040 1259 4094 interea
1303 4039 1510 4094 urbana
1553 4040 1704 4110 plebs
1738 4047 2008 4101 senserat,
2053 4037 2189 4092 nihil

619 4134 821 4190 tribuni
860 4143 958 4187 aut
991 4132 1279 4187 archontes
1305 4133 1373 4188 de
1399 4131 1542 4188 beati
1571 4133 1676 4186 viri
1711 4132 1956 4188 discessu
1987 4140 2042 4186 ct
2091 4145 2188 4184 na-

621 4225 891 4293 vigatione
940 4234 1224 4279 noverant.
1275 4223 1501 4279 Diaconi
1555 4234 1737 4280 autem
1789 4225 1855 4279 ad
1909 4239 2186 4280 carcerem

621 4316 850 4380 rediere,
895 4324 1055 4383 atque
1107 4316 1220 4368 illic
1265 4325 1482 4371 noctein
1527 4327 1853 4385 exegerunt.
1904 4315 2016 4369 Sub
2063 4314 2188 4383 galli

619 4415 841 4460 cantum
881 4405 1063 4460 omnis
1089 4407 1156 4459 ad
1185 4421 1461 4461 carcerem
1507 4407 1801 4462 multitudo
1831 4408 2104 4472 convenit,
2137 4420 2190 4460 et

2362 4035 2484 4088 ΞΝ.
2525 4035 2640 4088 Οὐκ
2676 4034 2794 4105 ᾔδει
2821 4033 2876 4086 δὲ
2905 4033 2968 4086 τὸ
2995 4033 3199 4105 πλῆθος
3229 4034 3320 4088 τοῦ
3351 4034 3482 4088 λαοῦ
3512 4037 3610 4108 τῆς
3637 4038 3864 4105 πόλεως,

2291 4124 2416 4178 οὔτε
2445 4127 2495 4179 οί
2525 4124 2802 4196 τριὸοῦνοι
2831 4124 2925 4178 καὶ
2951 4125 3000 4176 οἱ
3038 4125 3298 4197 ἄρχοντες
3326 4125 3388 4178 τὸ
3429 4126 3544 4190 πῶς
3588 4127 3805 4195 ἐξῆλθεν
3837 4133 3866 4182 ὁ

2295 4217 2588 4287 μακάριος,
2619 4217 2715 4268 καὶ
2741 4213 2994 4284 εἰσῆλθεν
3026 4217 3085 4268 ἐν
3109 4215 3186 4285 τῷ
3212 4217 3404 4287 πλοίῳ.
3446 4219 3508 4270 Οί
3539 4218 3598 4271 δὲ
3627 4219 3865 4274 διάκονοι

2291 4303 2538 4375 ἀπῆλθον
2581 4306 2641 4356 ἐν
2685 4307 2750 4375 τῇ
2796 4305 3046 4374 φυλακῇ,
3093 4308 3314 4359 κάκεῖσε
3345 4306 3569 4376 ἔμειναν
3605 4312 3670 4379 τῇ
3711 4314 3866 4363 νυκτὶ

2291 4393 2500 4463 ἐκείνῃ.
2548 4393 2685 4463 Περὶ
2723 4393 2779 4446 δὲ
2825 4393 3300 4464 ἀλεκτοροφωνίαν
3345 4397 3587 4468 συνήχθη
3619 4398 3766 4452 ἅπαν
3805 4403 3865 4454 τὸ

621 4508 745 4548 cum
781 4507 843 4548 ea
876 4493 1081 4547 tribuni
1119 4503 1283 4564 atque
1318 4495 1612 4551 archontes
1643 4511 1659 4548 :
1688 4499 1780 4566 qui
1815 4512 1939 4551 cum
1971 4497 2187 4551 beatum

2294 4484 2502 4555 πλῆθος
2539 4484 2637 4537 τοῦ
2675 4484 2804 4538 λαοῦ
2837 4487 2894 4537 ὲν
2932 4488 2998 4557 τῇ
3037 4486 3250 4558 φυλακῇ
3284 4487 3398 4557 ἃμα
3430 4488 3540 4540 τῶν
3568 4492 3864 4560 τριϐούνων

624 4584 797 4638 \irnm
843 4598 946 4638 non
993 4585 1352 4650 invenissent,
1403 4587 1727 4641 tumultuari
1763 4598 2069 4659 ceperunt,
2111 4588 2191 4642 la-

621 4679 928 4746 mentisque
965 4685 1020 4732 et
1049 4677 1384 4734 clamoribus
1419 4678 1602 4734 ell'erri
1629 4689 1820 4735 contra
1869 4681 2188 4750 sacrilegam

617 4767 902 4824 hominum
925 4766 1413 4836 conspirationem,
1433 4781 1499 4821 ac
1521 4776 1712 4821 contra
1734 4767 1966 4837 legatum
1990 4768 2188 4836 ipsum,

617 4856 749 4926 quid
786 4856 855 4911 de
882 4856 1107 4911 domino
1156 4873 1280 4923 suo,
1319 4855 1451 4928 quid
1497 4858 1564 4912 de
1601 4857 1808 4928 optimo
1854 4866 2074 4928 pastore
2112 4856 2191 4910 la-

618 4961 766 5004 ctutn
821 4959 1000 5014 esset,
1057 4965 1187 5004 num
1243 4950 1483 5018 ipsorum
1542 4949 1798 5004 manibus
1856 4950 2188 5013 iuteriisset,

617 5049 945 5107 quaerentes.
973 5039 1183 5106 Quibus
1202 5039 1291 5093 ille
1321 5041 1696 5109 respondens:
1725 5039 1840 5094 Non
1863 5043 1957 5104 ita,
1993 5040 2188 5109 inquit,

622 5130 837 5195 fratres,
873 5147 976 5184 non
1015 5132 1065 5184 id
1097 5130 1301 5186 factum
1336 5143 1438 5197 est,
1475 5135 1620 5202 quod
1652 5149 1749 5188 vos
1778 5134 1845 5186 de
1889 5149 1956 5186 eo
1985 5135 2190 5200 COgila-

619 5226 690 5279 tis
722 5242 737 5278 :
770 5223 865 5279 sed
907 5225 1041 5294 ipse,
1081 5237 1140 5277 ut
1178 5239 1210 5278 a
1256 5239 1342 5278 me
1372 5228 1700 5291 postularat,
1748 5235 1944 5293 sponte
1981 5240 2078 5279 sua
2121 5224 2191 5279 ad

690 5419 801 5489 (67)
841 5419 1160 5476 Curatorem
1201 5421 1367 5484 hunc,
1398 5421 1714 5491 quicunque
1759 5421 1940 5481 fuerit,
1969 5420 2060 5491 diu
2103 5435 2191 5474 so-

619 5489 732 5543 lum
763 5491 938 5542 delata
981 5491 1265 5544 ruratione
1303 5489 1450 5560 fungi
1499 5509 1604 5545 non
1626 5489 1729 5546 'est
1758 5507 1952 5560 passus
1982 5490 2186 5559 Grego-

621 5565 736 5613 rius
786 5560 1027 5628 Magnus.
1071 5561 1201 5614 Nam
1243 5563 1496 5630 episcopo
1547 5563 1812 5617 Triocala:
1866 5562 2187 5614 visitationis

618 5632 1134 5701 curamgcouunisit.
1198 5630 1406 5684 Desunt
1447 5634 1661 5701 quidem
1709 5633 1940 5694 litterae,
1989 5633 2188 5699 quibus

624 5699 917 5771 lacclesipm
956 5701 1099 5753 illam
1133 5701 1284 5754 obire
1311 5699 1555 5770 jusserit,
1582 5703 2042 5771 quemadmodum
2068 5703 2186 5754 alia:

619 5781 782 5823 etiam
815 5769 1222 5838 desiderantur,
1254 5769 1390 5842 quas
1420 5789 1450 5827 a
1483 5769 1750 5845 Gregorio
1794 5774 2031 5842 scriptas
2062 5788 2184 5828 esse

2292 4577 2387 4630 καὶ
2418 4577 2528 4628 τῶν
2560 4575 2862 4646 ἀρχόντων,
2894 4579 2988 4630 καὶ
3023 4579 3098 4648 μὴ
3143 4577 3394 4648 εὑρόντες
3441 4579 3532 4632 τὸν
3569 4582 3861 4652 μακάριον,

2290 4671 2528 4743 ἧρξαντο
2553 4669 2928 4742 ταράσσεσθαι
2957 4672 3050 4724 καὶ
3077 4669 3350 4734 ὀλολύζειν
3374 4672 3468 4725 καὶ
3496 4675 3865 4744 κατακράζειν

2290 4764 2435 4816 κατά
2474 4762 2570 4815 τοῦ
2599 4763 2817 4833 ἀνιέρου
2854 4762 3134 4832 συνεδρίου
3165 4762 3376 4815 ἐκείνου
3397 4778 3411 4794 ο
3458 4761 3646 4816 λοιπόν
3677 4763 3733 4816 δὲ
3771 4766 3864 4816 καὶ

2292 4855 2430 4908 κατὰ
2478 4853 2574 4906 τοῦ
2619 4854 2873 4924 ἐξάρχου,
2931 4852 3215 4920 λέγοντες·
3266 4853 3330 4905 Τί
3385 4855 3721 4923 πεποιήκατε
3774 4856 3865 4905 τὸν

2291 4946 2479 5016 κύριον
2529 4943 2710 5014 ἡμῶν,
2734 4945 2824 4995 τὸν
2854 4942 3016 4996 καλὸν
3045 4944 3252 5012 νομέας
3287 4945 3393 5012 ἄρα
3425 4945 3751 5012 πεφόνευται
3777 4943 3865 5011 ὑφ’

2290 5036 2478 5105 ὺμῶν;
2522 5036 2578 5088 Ὀ
2613 5035 2669 5087 δὲ
2700 5035 2882 5097 αὐτοῖς
2909 5017 3246 5104 ἀπεκρίνατο
3268 5049 3282 5063 ⁶
3316 5035 3486 5103 ουχὶ,
3517 5034 3760 5104 ἀδελφοὶ,
3791 5038 3866 5104 μὴ

2290 5129 2521 5197 γένοιτο,
2573 5125 2648 5190 ὼς
2695 5128 2851 5196 ὑμεῖς
2915 5125 3242 5193 ἐνθυμεῖσθε
3298 5125 3457 5178 τοῦτο
3503 5126 3760 5195 γενέσθαι
3809 5129 3868 5178 ὲν

2291 5219 2476 5292 αὐτῷ·
2509 5218 2628 5272 ἀλλ’
2661 5218 2824 5282 αὐτὸς
2875 5219 3106 5288 αἰτήσας
3141 5219 3323 5288 ἡμᾶς,
3356 5218 3663 5292 ἀνέδραμεν
3690 5221 3868 5292 οἰκείᾳ

2291 5419 2639 5493 manifestum
2671 5430 2777 5486 est,
2809 5424 2954 5492 quod
2985 5425 3096 5492 jam
3129 5423 3538 5492 Papehrochius
3576 5426 3652 5493 (in
3689 5426 3864 5479 Catal.

2291 5488 2449 5564 l’ont.
2493 5493 2558 5545 ad
2605 5493 2696 5546 Gr.
2744 5488 2841 5564 6L)-
2895 5488 3174 5548 adnotavit
3212 5488 3230 5546 Ξ
3264 5495 3355 5546 sed
3414 5488 3592 5548 tanien
3638 5512 3717 5549 ea:
3765 5497 3869 5549 hoc

2291 5561 2468 5627 ipsum
2523 5561 2828 5620 testantur,
2854 5581 2990 5630 quas
3038 5567 3234 5634 eidem”
3266 5566 3522 5633 episcopo
3572 5565 3870 5634 Gicgurius

2291 5634 2481 5694 misit,
2549 5643 2607 5684 tit
2658 5650 2720 5686 cx
2776 5635 3145 5704 Agrigentinze
3201 5633 3454 5687 Ecclesia:
3513 5633 3867 5704 proventibus

2289 5714 2564 5775 quartam
2596 5714 2815 5775 ppattem
2869 5707 2922 5757 in
2972 5706 3292 5758 visitationis
3327 5707 3670 5775 rstipendiuin
3727 5709 3868 5757 οεδι-

2291 5781 2482 5842 gnaret
2531 5772 2650 5844 \lib.
2696 5790 2748 5839 γ,
2799 5777 2960 5844 epist.
2997 5776 3084 5847 1‘2)
3123 5795 3134 5830 :
3166 5790 3287 5836 qua:
3321 5772 3463 5830 infra
3493 5778 3861 5838 proferentur.
