  <div class='ocr_page' id='page_1' title='image "/cluster/home/n/w/nwhite01/storage/ocr_20150623/98/hvd.32044015586951/340.png"; bbox 0 0 4158 6524; ppageno 0'>
   <div class='ocr_carea' id='block_1_1' title="bbox 319 391 425 453">
    <p class='ocr_par' dir='ltr' id='par_1_1' title="bbox 319 391 425 453">
     <span class='ocr_line' id='line_1_1' title="bbox 319 391 425 453; baseline 0.019 -2"><span class='ocrx_word' id='word_1_1' title='bbox 319 391 425 453; x_wconf 83' lang='grc'><strong>657</strong></span> 
     </span>
    </p>
   </div>
   <div class='ocr_carea' id='block_1_2' title="bbox 1343 403 2579 468">
    <p class='ocr_par' dir='ltr' id='par_1_2' title="bbox 1343 403 2579 468">
     <span class='ocr_line' id='line_1_2' title="bbox 1343 403 2579 468; baseline 0.002 -6"><span class='ocrx_word' id='word_1_2' title='bbox 1343 403 1403 463; x_wconf 82' lang='grc'><strong>8.</strong></span> <span class='ocrx_word' id='word_1_3' title='bbox 1430 404 1804 468; x_wconf 81' lang='lat' dir='ltr'><strong>GREGORII</strong></span> <span class='ocrx_word' id='word_1_4' title='bbox 1845 407 2315 466; x_wconf 79' lang='lat' dir='ltr'><strong>AGRIGENTIN</strong></span> <span class='ocrx_word' id='word_1_5' title='bbox 2325 407 2349 464; x_wconf 93' lang='grc' dir='ltr'>Ι</span> <span class='ocrx_word' id='word_1_6' title='bbox 2383 405 2579 465; x_wconf 81' lang='lat' dir='ltr'><strong>VlTA.</strong></span> 
     </span>
    </p>
   </div>
   <div class='ocr_carea' id='block_1_3' title="bbox 3469 402 3573 463">
    <p class='ocr_par' dir='ltr' id='par_1_3' title="bbox 3469 402 3573 463">
     <span class='ocr_line' id='line_1_3' title="bbox 3469 402 3573 463; baseline 0.019 -2"><span class='ocrx_word' id='word_1_7' title='bbox 3469 402 3573 463; x_wconf 84' lang='lat'><strong>658</strong></span> 
     </span>
    </p>
   </div>
   <div class='ocr_carea' id='block_1_4' title="bbox 325 502 1909 586">
    <p class='ocr_par' dir='ltr' id='par_1_4' title="bbox 325 502 1902 586">
     <span class='ocr_line' id='line_1_4' title="bbox 325 502 1902 586; baseline 0.01 -33"><span class='ocrx_word' id='word_1_8' title='bbox 325 502 490 571; x_wconf 69' lang='grc' dir='ltr'>βουλῇ</span> <span class='ocrx_word' id='word_1_9' title='bbox 521 503 658 572; x_wconf 80' lang='grc' dir='ltr'>πρὸς</span> <span class='ocrx_word' id='word_1_10' title='bbox 685 504 776 558; x_wconf 71' lang='grc' dir='ltr'>τὸν</span> <span class='ocrx_word' id='word_1_11' title='bbox 817 507 1006 578; x_wconf 73' lang='grc' dir='ltr'>κύριόν</span> <span class='ocrx_word' id='word_1_12' title='bbox 1054 528 1156 580; x_wconf 86' lang='grc' dir='ltr'>μου</span> <span class='ocrx_word' id='word_1_13' title='bbox 1185 510 1275 563; x_wconf 72' lang='grc' dir='ltr'>τὸν</span> <span class='ocrx_word' id='word_1_14' title='bbox 1305 511 1513 568; x_wconf 86' lang='grc' dir='ltr'>πάπαν.</span> <span class='ocrx_word' id='word_1_15' title='bbox 1542 515 1603 567; x_wconf 87' lang='grc' dir='ltr'>Οί</span> <span class='ocrx_word' id='word_1_16' title='bbox 1638 515 1697 568; x_wconf 80' lang='grc' dir='ltr'><strong>δὲ</strong></span> <span class='ocrx_word' id='word_1_17' title='bbox 1732 531 1902 586; x_wconf 87' lang='grc' dir='ltr'>προσ-</span> 
     </span>
    </p>
   </div>
   <div class='ocr_carea' id='block_1_5' title="bbox 2015 502 3575 586">
    <p class='ocr_par' dir='ltr' id='par_1_5' title="bbox 2015 512 3575 583">
     <span class='ocr_line' id='line_1_5' title="bbox 2015 512 3575 583; baseline 0 -16"><span class='ocrx_word' id='word_1_18' title='bbox 2015 515 2290 568; x_wconf 83' lang='lat' dir='ltr'><strong>dominum</strong></span> <span class='ocrx_word' id='word_1_19' title='bbox 2340 530 2519 568; x_wconf 88' lang='lat' dir='ltr'><strong>meum</strong></span> <span class='ocrx_word' id='word_1_20' title='bbox 2574 514 2880 583; x_wconf 81' lang='lat' dir='ltr'><strong>pontiﬁcem</strong></span> <span class='ocrx_word' id='word_1_21' title='bbox 2941 513 3236 569; x_wconf 75' lang='lat' dir='ltr'><strong>niaximum</strong></span> <span class='ocrx_word' id='word_1_22' title='bbox 3294 512 3575 582; x_wconf 79' lang='lat' dir='ltr'><strong>profectus</strong></span> 
     </span>
    </p>
   </div>
   <div class='ocr_carea' id='block_1_6' title="bbox 323 592 1900 670">
    <p class='ocr_par' dir='ltr' id='par_1_6' title="bbox 323 592 1900 670">
     <span class='ocr_line' id='line_1_6' title="bbox 323 592 1900 670; baseline 0.008 -24"><span class='ocrx_word' id='word_1_23' title='bbox 323 592 690 664; x_wconf 77' lang='grc' dir='ltr'>καλισάμενοι</span> <span class='ocrx_word' id='word_1_24' title='bbox 719 597 810 650; x_wconf 73' lang='grc' dir='ltr'>τὸν</span> <span class='ocrx_word' id='word_1_25' title='bbox 841 600 1219 670; x_wconf 83' lang='grc' dir='ltr'>ἀρχιδιάκονον</span> <span class='ocrx_word' id='word_1_26' title='bbox 1255 601 1465 657; x_wconf 74' lang='grc' dir='ltr'>Εὕπλον</span> <span class='ocrx_word' id='word_1_27' title='bbox 1510 607 1605 658; x_wconf 72' lang='grc' dir='ltr'><strong>καὶ</strong></span> <span class='ocrx_word' id='word_1_28' title='bbox 1637 607 1762 669; x_wconf 75' lang='grc' dir='ltr'>τοὺς</span> <span class='ocrx_word' id='word_1_29' title='bbox 1803 607 1900 660; x_wconf 75' lang='grc' dir='ltr'><strong>σὺν</strong></span> 
     </span>
    </p>
   </div>
   <div class='ocr_carea' id='block_1_7' title="bbox 322 683 1900 764">
    <p class='ocr_par' dir='ltr' id='par_1_7' title="bbox 322 683 1900 764">
     <span class='ocr_line' id='line_1_7' title="bbox 322 683 1900 764; baseline 0.01 -31"><span class='ocrx_word' id='word_1_30' title='bbox 322 683 527 746; x_wconf 77' lang='grc' dir='ltr'>αὐτοῖς,</span> <span class='ocrx_word' id='word_1_31' title='bbox 561 683 919 742; x_wconf 79' lang='grc' dir='ltr'><strong>ἐπυνθάνοντο</strong></span> <span class='ocrx_word' id='word_1_32' title='bbox 956 691 1084 761; x_wconf 88' lang='grc' dir='ltr'>παρ’</span> <span class='ocrx_word' id='word_1_33' title='bbox 1121 692 1321 757; x_wconf 72' lang='grc' dir='ltr'>αὐτῶν,</span> <span class='ocrx_word' id='word_1_34' title='bbox 1351 695 1399 746; x_wconf 79' lang='grc' dir='ltr'><strong>εί</strong></span> <span class='ocrx_word' id='word_1_35' title='bbox 1435 693 1632 764; x_wconf 87' lang='grc' dir='ltr'>ἀληθές</span> <span class='ocrx_word' id='word_1_36' title='bbox 1657 697 1804 749; x_wconf 81' lang='grc' dir='ltr'>ἐστιν</span> <span class='ocrx_word' id='word_1_37' title='bbox 1831 696 1900 749; x_wconf 77' lang='grc' dir='ltr'>τὰ</span> 
     </span>
    </p>
   </div>
   <div class='ocr_carea' id='block_1_8' title="bbox 321 774 1898 855">
    <p class='ocr_par' dir='ltr' id='par_1_8' title="bbox 321 774 1898 855">
     <span class='ocr_line' id='line_1_8' title="bbox 321 774 1898 855; baseline 0.011 -31"><span class='ocrx_word' id='word_1_38' title='bbox 321 774 595 843; x_wconf 80' lang='grc' dir='ltr'>λεγόμενα</span> <span class='ocrx_word' id='word_1_39' title='bbox 627 778 755 847; x_wconf 84' lang='grc' dir='ltr'>παρ’</span> <span class='ocrx_word' id='word_1_40' title='bbox 778 779 980 833; x_wconf 78' lang='grc' dir='ltr'>αὐτῶν.</span> <span class='ocrx_word' id='word_1_41' title='bbox 1014 783 1076 833; x_wconf 82' lang='lat' dir='ltr'><strong>Ui</strong></span> <span class='ocrx_word' id='word_1_42' title='bbox 1105 781 1183 847; x_wconf 83' lang='grc' dir='ltr'><strong>δὲ,</strong></span> <span class='ocrx_word' id='word_1_43' title='bbox 1210 784 1336 846; x_wconf 75' lang='grc' dir='ltr'>Ναὶ,</span> <span class='ocrx_word' id='word_1_44' title='bbox 1370 786 1560 854; x_wconf 63' lang='grc' dir='ltr'>φασιν,</span> <span class='ocrx_word' id='word_1_45' title='bbox 1586 785 1661 851; x_wconf 84' lang='grc' dir='ltr'><strong>ὡς</strong></span> <span class='ocrx_word' id='word_1_46' title='bbox 1688 786 1832 855; x_wconf 81' lang='grc' dir='ltr'>λέγει</span> <span class='ocrx_word' id='word_1_47' title='bbox 1870 789 1898 842; x_wconf 85' lang='grc' dir='ltr'><strong>ὁ</strong></span> 
     </span>
    </p>
   </div>
   <div class='ocr_carea' id='block_1_9' title="bbox 321 862 1898 949">
    <p class='ocr_par' dir='ltr' id='par_1_9' title="bbox 321 862 1898 949">
     <span class='ocr_line' id='line_1_9' title="bbox 321 862 1898 949; baseline 0.012 -35"><span class='ocrx_word' id='word_1_48' title='bbox 321 862 583 934; x_wconf 78' lang='grc' dir='ltr'>ἔξαρχος,</span> <span class='ocrx_word' id='word_1_49' title='bbox 615 866 790 932; x_wconf 72' lang='grc' dir='ltr'>οὕτως</span> <span class='ocrx_word' id='word_1_50' title='bbox 836 870 1074 938; x_wconf 87' lang='grc' dir='ltr'>ἐγένετο.</span> <span class='ocrx_word' id='word_1_51' title='bbox 1126 875 1397 939; x_wconf 84' lang='grc' dir='ltr'>Λαϐόντες</span> <span class='ocrx_word' id='word_1_52' title='bbox 1437 879 1494 932; x_wconf 86' lang='grc' dir='ltr'>δὲ</span> <span class='ocrx_word' id='word_1_53' title='bbox 1533 879 1643 949; x_wconf 82' lang='grc' dir='ltr'>πῦρ</span> <span class='ocrx_word' id='word_1_54' title='bbox 1687 881 1736 933; x_wconf 78' lang='lat' dir='ltr'><strong>oi</strong></span> <span class='ocrx_word' id='word_1_55' title='bbox 1778 881 1898 933; x_wconf 75' lang='grc' dir='ltr'>λαοὶ</span> 
     </span>
    </p>
   </div>
   <div class='ocr_carea' id='block_1_10' title="bbox 321 959 1894 1041">
    <p class='ocr_par' dir='ltr' id='par_1_10' title="bbox 321 959 1894 1041">
     <span class='ocr_line' id='line_1_10' title="bbox 321 959 1894 1041; baseline 0.012 -35"><span class='ocrx_word' id='word_1_56' title='bbox 321 959 542 1020; x_wconf 68' lang='grc' dir='ltr'>πάντες,</span> <span class='ocrx_word' id='word_1_57' title='bbox 577 959 888 1030; x_wconf 78' lang='grc' dir='ltr'><strong>ἐνέπρησαν</strong></span> <span class='ocrx_word' id='word_1_58' title='bbox 917 964 1043 1026; x_wconf 81' lang='grc' dir='ltr'>τοὺς</span> <span class='ocrx_word' id='word_1_59' title='bbox 1069 966 1252 1030; x_wconf 84' lang='grc' dir='ltr'>οίκους</span> <span class='ocrx_word' id='word_1_60' title='bbox 1283 968 1390 1021; x_wconf 81' lang='grc' dir='ltr'>τῶν</span> <span class='ocrx_word' id='word_1_61' title='bbox 1414 971 1648 1041; x_wconf 78' lang='grc' dir='ltr'><strong>ἀνιέρων</strong></span> <span class='ocrx_word' id='word_1_62' title='bbox 1670 972 1894 1025; x_wconf 89' lang='grc' dir='ltr'>Σαϐίνου</span> 
     </span>
    </p>
   </div>
   <div class='ocr_carea' id='block_1_11' title="bbox 321 1046 1894 1130">
    <p class='ocr_par' dir='ltr' id='par_1_11' title="bbox 321 1046 1894 1130">
     <span class='ocr_line' id='line_1_11' title="bbox 321 1046 1894 1130; baseline 0.011 -34"><span class='ocrx_word' id='word_1_63' title='bbox 321 1046 416 1098; x_wconf 70' lang='grc' dir='ltr'>καὶ</span> <span class='ocrx_word' id='word_1_64' title='bbox 463 1047 905 1117; x_wconf 81' lang='grc' dir='ltr'>Κρησκεντίνου·</span> <span class='ocrx_word' id='word_1_65' title='bbox 951 1056 1046 1107; x_wconf 72' lang='grc' dir='ltr'>καὶ</span> <span class='ocrx_word' id='word_1_66' title='bbox 1099 1056 1404 1127; x_wconf 81' lang='grc' dir='ltr'><strong>συνέδραμε</strong></span> <span class='ocrx_word' id='word_1_67' title='bbox 1447 1061 1507 1113; x_wconf 82' lang='grc' dir='ltr'><strong>τὸ</strong></span> <span class='ocrx_word' id='word_1_68' title='bbox 1555 1059 1757 1130; x_wconf 78' lang='grc' dir='ltr'>πλῆθος</span> <span class='ocrx_word' id='word_1_69' title='bbox 1800 1062 1894 1114; x_wconf 83' lang='grc' dir='ltr'>τοῦ</span> 
     </span>
    </p>
   </div>
   <div class='ocr_carea' id='block_1_12' title="bbox 320 1137 1892 1223">
    <p class='ocr_par' dir='ltr' id='par_1_12' title="bbox 320 1137 1892 1223">
     <span class='ocr_line' id='line_1_12' title="bbox 320 1137 1892 1223; baseline 0.014 -36"><span class='ocrx_word' id='word_1_70' title='bbox 320 1137 447 1189; x_wconf 80' lang='grc' dir='ltr'>λαοῦ</span> <span class='ocrx_word' id='word_1_71' title='bbox 482 1141 578 1190; x_wconf 81' lang='grc' dir='ltr'>τοῦ</span> <span class='ocrx_word' id='word_1_72' title='bbox 608 1143 928 1197; x_wconf 85' lang='grc' dir='ltr'>ἀποκτεῖναι</span> <span class='ocrx_word' id='word_1_73' title='bbox 957 1147 1048 1198; x_wconf 83' lang='grc' dir='ltr'>τὸν</span> <span class='ocrx_word' id='word_1_74' title='bbox 1079 1149 1302 1202; x_wconf 80' lang='grc' dir='ltr'>Σαϐῖνον</span> <span class='ocrx_word' id='word_1_75' title='bbox 1338 1153 1432 1204; x_wconf 79' lang='grc' dir='ltr'>καὶ</span> <span class='ocrx_word' id='word_1_76' title='bbox 1471 1154 1892 1223; x_wconf 85' lang='grc' dir='ltr'>Κρησκεντῖνον.</span> 
     </span>
    </p>
   </div>
   <div class='ocr_carea' id='block_1_13' title="bbox 321 1231 1896 1316">
    <p class='ocr_par' dir='ltr' id='par_1_13' title="bbox 321 1231 1896 1316">
     <span class='ocr_line' id='line_1_13' title="bbox 321 1231 1896 1316; baseline 0.011 -34"><span class='ocrx_word' id='word_1_77' title='bbox 321 1232 431 1284; x_wconf 74' lang='grc' dir='ltr'><strong>Καὶ</strong></span> <span class='ocrx_word' id='word_1_78' title='bbox 464 1231 667 1301; x_wconf 77' lang='grc' dir='ltr'>ἔφυγον</span> <span class='ocrx_word' id='word_1_79' title='bbox 695 1236 775 1298; x_wconf 78' lang='grc' dir='ltr'>εἰς</span> <span class='ocrx_word' id='word_1_80' title='bbox 819 1237 916 1306; x_wconf 81' lang='grc' dir='ltr'>τὴν</span> <span class='ocrx_word' id='word_1_81' title='bbox 961 1239 1256 1311; x_wconf 74' lang='grc' dir='ltr'>ἐκκλησίαν</span> <span class='ocrx_word' id='word_1_82' title='bbox 1288 1243 1381 1296; x_wconf 74' lang='grc' dir='ltr'><strong>καὶ</strong></span> <span class='ocrx_word' id='word_1_83' title='bbox 1417 1245 1760 1316; x_wconf 79' lang='grc' dir='ltr'>κατέδραμον</span> <span class='ocrx_word' id='word_1_84' title='bbox 1799 1248 1896 1300; x_wconf 79' lang='grc' dir='ltr'>αὑ-</span> 
     </span>
    </p>
   </div>
   <div class='ocr_carea' id='block_1_14' title="bbox 318 1325 1895 1409">
    <p class='ocr_par' dir='ltr' id='par_1_14' title="bbox 318 1325 1895 1409">
     <span class='ocr_line' id='line_1_14' title="bbox 318 1325 1895 1409; baseline 0.011 -35"><span class='ocrx_word' id='word_1_85' title='bbox 318 1325 451 1386; x_wconf 79' lang='grc' dir='ltr'>τοῖς.</span> <span class='ocrx_word' id='word_1_86' title='bbox 484 1325 825 1397; x_wconf 82' lang='grc' dir='ltr'>Συνήντησεν</span> <span class='ocrx_word' id='word_1_87' title='bbox 851 1330 908 1382; x_wconf 84' lang='grc' dir='ltr'><strong>δὲ</strong></span> <span class='ocrx_word' id='word_1_88' title='bbox 938 1332 1125 1394; x_wconf 80' lang='grc' dir='ltr'>αὐτοῖς</span> <span class='ocrx_word' id='word_1_89' title='bbox 1156 1335 1184 1385; x_wconf 87' lang='grc' dir='ltr'><em>ὁ</em></span> <span class='ocrx_word' id='word_1_90' title='bbox 1207 1335 1466 1403; x_wconf 85' lang='grc' dir='ltr'>Χαρίτων</span> <span class='ocrx_word' id='word_1_91' title='bbox 1492 1338 1572 1398; x_wconf 81' lang='grc' dir='ltr'><strong>εἰς</strong></span> <span class='ocrx_word' id='word_1_92' title='bbox 1593 1337 1690 1409; x_wconf 77' lang='grc' dir='ltr'>τὴν</span> <span class='ocrx_word' id='word_1_93' title='bbox 1722 1338 1895 1409; x_wconf 77' lang='grc' dir='ltr'>πύλην</span> 
     </span>
    </p>
   </div>
   <div class='ocr_carea' id='block_1_15' title="bbox 317 1415 1895 1500">
    <p class='ocr_par' dir='ltr' id='par_1_15' title="bbox 317 1415 1895 1500">
     <span class='ocr_line' id='line_1_15' title="bbox 317 1415 1895 1500; baseline 0.011 -34"><span class='ocrx_word' id='word_1_94' title='bbox 317 1415 416 1484; x_wconf 73' lang='grc' dir='ltr'>τῆς</span> <span class='ocrx_word' id='word_1_95' title='bbox 470 1417 792 1487; x_wconf 80' lang='grc' dir='ltr'>ἐκκλησίας,</span> <span class='ocrx_word' id='word_1_96' title='bbox 832 1423 928 1474; x_wconf 73' lang='grc' dir='ltr'><strong>καὶ</strong></span> <span class='ocrx_word' id='word_1_97' title='bbox 986 1425 1290 1494; x_wconf 81' lang='grc' dir='ltr'>παρεκάλει</span> <span class='ocrx_word' id='word_1_98' title='bbox 1323 1429 1527 1491; x_wconf 76' lang='grc' dir='ltr'>αὐτοῖς,</span> <span class='ocrx_word' id='word_1_99' title='bbox 1558 1430 1763 1496; x_wconf 83' lang='grc' dir='ltr'>λέγων·</span> <span class='ocrx_word' id='word_1_100' title='bbox 1801 1429 1895 1500; x_wconf 81' lang='grc' dir='ltr'><strong>Μὴ</strong></span> 
     </span>
    </p>
   </div>
   <div class='ocr_carea' id='block_1_16' title="bbox 317 1506 1894 1592">
    <p class='ocr_par' dir='ltr' id='par_1_16' title="bbox 317 1506 1894 1592">
     <span class='ocr_line' id='line_1_16' title="bbox 317 1506 1894 1592; baseline 0.01 -34"><span class='ocrx_word' id='word_1_101' title='bbox 317 1506 554 1574; x_wconf 69' lang='grc' dir='ltr'>ἀδελφοὶ,</span> <span class='ocrx_word' id='word_1_102' title='bbox 587 1512 914 1580; x_wconf 83' lang='grc' dir='ltr'>παρακαλῶ,</span> <span class='ocrx_word' id='word_1_103' title='bbox 950 1513 1025 1584; x_wconf 83' lang='grc' dir='ltr'><strong>μὴ</strong></span> <span class='ocrx_word' id='word_1_104' title='bbox 1055 1517 1468 1571; x_wconf 74' lang='grc' dir='ltr'>ἀποκτανθῶσιν</span> <span class='ocrx_word' id='word_1_105' title='bbox 1493 1521 1540 1573; x_wconf 80' lang='lat' dir='ltr'><strong>oi</strong></span> <span class='ocrx_word' id='word_1_106' title='bbox 1568 1523 1775 1592; x_wconf 88' lang='grc' dir='ltr'>ἀνίεροι</span> <span class='ocrx_word' id='word_1_107' title='bbox 1803 1515 1894 1575; x_wconf 73' lang='grc' dir='ltr'>οὖ-</span> 
     </span>
    </p>
   </div>
   <div class='ocr_carea' id='block_1_17' title="bbox 318 1600 1894 1682">
    <p class='ocr_par' dir='ltr' id='par_1_17' title="bbox 318 1600 1894 1682">
     <span class='ocr_line' id='line_1_17' title="bbox 318 1600 1894 1682; baseline 0.012 -33"><span class='ocrx_word' id='word_1_108' title='bbox 318 1614 436 1651; x_wconf 76' lang='grc' dir='ltr'>τοιο</span> <span class='ocrx_word' id='word_1_109' title='bbox 471 1600 544 1670; x_wconf 85' lang='grc' dir='ltr'><strong>μή</strong></span> <span class='ocrx_word' id='word_1_110' title='bbox 583 1619 700 1663; x_wconf 80' lang='grc' dir='ltr'><strong>πως</strong></span> <span class='ocrx_word' id='word_1_111' title='bbox 737 1605 834 1657; x_wconf 76' lang='grc' dir='ltr'>καὶ</span> <span class='ocrx_word' id='word_1_112' title='bbox 882 1605 1055 1676; x_wconf 86' lang='grc' dir='ltr'>ἀληθῆ</span> <span class='ocrx_word' id='word_1_113' title='bbox 1103 1611 1239 1662; x_wconf 79' lang='grc' dir='ltr'>εἰσιν</span> <span class='ocrx_word' id='word_1_114' title='bbox 1271 1610 1342 1662; x_wconf 87' lang='grc' dir='ltr'><strong>τά</strong></span> <span class='ocrx_word' id='word_1_115' title='bbox 1385 1615 1515 1682; x_wconf 80' lang='grc' dir='ltr'>παρ’</span> <span class='ocrx_word' id='word_1_116' title='bbox 1545 1613 1723 1667; x_wconf 75' lang='grc' dir='ltr'>αὐτῶν</span> <span class='ocrx_word' id='word_1_117' title='bbox 1761 1632 1894 1668; x_wconf 83' lang='grc' dir='ltr'>κατ-</span> 
     </span>
    </p>
   </div>
   <div class='ocr_carea' id='block_1_18' title="bbox 315 1690 1891 1776">
    <p class='ocr_par' dir='ltr' id='par_1_18' title="bbox 315 1690 1891 1776">
     <span class='ocr_line' id='line_1_18' title="bbox 315 1690 1891 1776; baseline 0.013 -37"><span class='ocrx_word' id='word_1_118' title='bbox 315 1690 668 1760; x_wconf 82' lang='grc' dir='ltr'>ηγορούμενα</span> <span class='ocrx_word' id='word_1_119' title='bbox 716 1698 858 1747; x_wconf 83' lang='grc' dir='ltr'><strong>κατά</strong></span> <span class='ocrx_word' id='word_1_120' title='bbox 898 1697 993 1750; x_wconf 82' lang='grc' dir='ltr'><strong>τοῦ</strong></span> <span class='ocrx_word' id='word_1_121' title='bbox 1037 1701 1336 1754; x_wconf 77' lang='grc' dir='ltr'>ἐπισκόπου</span> <span class='ocrx_word' id='word_1_122' title='bbox 1386 1704 1561 1772; x_wconf 78' lang='grc' dir='ltr'>ὑμῶν,</span> <span class='ocrx_word' id='word_1_123' title='bbox 1607 1706 1704 1758; x_wconf 75' lang='grc' dir='ltr'><strong>καὶ</strong></span> <span class='ocrx_word' id='word_1_124' title='bbox 1733 1708 1891 1776; x_wconf 85' lang='grc' dir='ltr'>εὑρε-</span> 
     </span>
    </p>
   </div>
   <div class='ocr_carea' id='block_1_19' title="bbox 320 1781 1891 1866">
    <p class='ocr_par' dir='ltr' id='par_1_19' title="bbox 320 1781 1891 1866">
     <span class='ocr_line' id='line_1_19' title="bbox 320 1781 1891 1866; baseline 0.012 -35"><span class='ocrx_word' id='word_1_125' title='bbox 320 1781 448 1848; x_wconf 79' lang='grc' dir='ltr'>θῆτε</span> <span class='ocrx_word' id='word_1_126' title='bbox 481 1784 575 1836; x_wconf 70' lang='grc' dir='ltr'>καὶ</span> <span class='ocrx_word' id='word_1_127' title='bbox 601 1785 755 1839; x_wconf 74' lang='grc' dir='ltr'>αὐτοὶ</span> <span class='ocrx_word' id='word_1_128' title='bbox 782 1786 856 1850; x_wconf 87' lang='grc' dir='ltr'>ὡς</span> <span class='ocrx_word' id='word_1_129' title='bbox 886 1791 1363 1860; x_wconf 82' lang='grc' dir='ltr'>κατακρινόμενοι.</span> <span class='ocrx_word' id='word_1_130' title='bbox 1395 1796 1457 1846; x_wconf 85' lang='lat' dir='ltr'><strong>Ol</strong></span> <span class='ocrx_word' id='word_1_131' title='bbox 1494 1795 1550 1848; x_wconf 83' lang='grc' dir='ltr'><strong>δὲ</strong></span> <span class='ocrx_word' id='word_1_132' title='bbox 1576 1797 1891 1866; x_wconf 74' lang='grc' dir='ltr'>ὑπήκουσαν</span> 
     </span>
    </p>
   </div>
   <div class='ocr_carea' id='block_1_20' title="bbox 2005 605 3573 674">
    <p class='ocr_par' dir='ltr' id='par_1_20' title="bbox 2005 605 3573 674">
     <span class='ocr_line' id='line_1_20' title="bbox 2005 605 3573 674; baseline 0 -16"><span class='ocrx_word' id='word_1_133' title='bbox 2005 615 2108 660; x_wconf 88' lang='lat' dir='ltr'><strong>est.</strong></span> <span class='ocrx_word' id='word_1_134' title='bbox 2157 605 2234 658; x_wconf 85' lang='lat' dir='ltr'><strong>Illi</strong></span> <span class='ocrx_word' id='word_1_135' title='bbox 2267 605 2445 659; x_wconf 85' lang='lat' dir='ltr'><strong>accito</strong></span> <span class='ocrx_word' id='word_1_136' title='bbox 2491 605 2881 660; x_wconf 86' lang='lat' dir='ltr'><strong>arcliidiacouo</strong></span> <span class='ocrx_word' id='word_1_137' title='bbox 2913 615 2966 659; x_wconf 89' lang='lat' dir='ltr'><strong>et</strong></span> <span class='ocrx_word' id='word_1_138' title='bbox 3007 606 3099 674; x_wconf 97' lang='lat' dir='ltr'><strong>qui</strong></span> <span class='ocrx_word' id='word_1_139' title='bbox 3131 621 3256 659; x_wconf 90' lang='lat' dir='ltr'><strong>cum</strong></span> <span class='ocrx_word' id='word_1_140' title='bbox 3286 619 3352 659; x_wconf 89' lang='lat' dir='ltr'><strong>eo</strong></span> <span class='ocrx_word' id='word_1_141' title='bbox 3392 617 3573 667; x_wconf 86' lang='lat' dir='ltr'><strong>erant,</strong></span> 
     </span>
    </p>
   </div>
   <div class='ocr_carea' id='block_1_21' title="bbox 2007 694 3574 765">
    <p class='ocr_par' dir='ltr' id='par_1_21' title="bbox 2007 694 3574 765">
     <span class='ocr_line' id='line_1_21' title="bbox 2007 694 3574 765; baseline 0 -17"><span class='ocrx_word' id='word_1_142' title='bbox 2007 694 2418 764; x_wconf 80' lang='lat' dir='ltr'><strong>iiiterrogarunt</strong></span> <span class='ocrx_word' id='word_1_143' title='bbox 2485 710 2602 761; x_wconf 91' lang='lat' dir='ltr'><strong>eos,</strong></span> <span class='ocrx_word' id='word_1_144' title='bbox 2639 711 2837 750; x_wconf 88' lang='lat' dir='ltr'><strong>verane</strong></span> <span class='ocrx_word' id='word_1_145' title='bbox 2880 707 3085 758; x_wconf 83' lang='lat' dir='ltr'><strong>essent,</strong></span> <span class='ocrx_word' id='word_1_146' title='bbox 3117 713 3238 765; x_wconf 72' lang='lat' dir='ltr'><strong>qua:</strong></span> <span class='ocrx_word' id='word_1_147' title='bbox 3269 696 3338 749; x_wconf 87' lang='lat' dir='ltr'><strong>ab</strong></span> <span class='ocrx_word' id='word_1_148' title='bbox 3377 696 3464 750; x_wconf 87' lang='lat' dir='ltr'><strong>his</strong></span> <span class='ocrx_word' id='word_1_149' title='bbox 3489 696 3574 749; x_wconf 85' lang='lat' dir='ltr'><strong>di-</strong></span> 
     </span>
    </p>
   </div>
   <div class='ocr_carea' id='block_1_22' title="bbox 2003 787 3577 856">
    <p class='ocr_par' dir='ltr' id='par_1_22' title="bbox 2003 787 3577 856">
     <span class='ocr_line' id='line_1_22' title="bbox 2003 787 3577 856; baseline -0.001 -15"><span class='ocrx_word' id='word_1_150' title='bbox 2003 797 2260 841; x_wconf 90' lang='lat' dir='ltr'><strong>cerentur</strong></span> <span class='ocrx_word' id='word_1_151' title='bbox 2292 805 2304 840; x_wconf 90' lang='lat'><strong>:</strong></span> <span class='ocrx_word' id='word_1_152' title='bbox 2337 787 2428 856; x_wconf 88' lang='lat' dir='ltr'><strong>qui</strong></span> <span class='ocrx_word' id='word_1_153' title='bbox 2479 801 2589 840; x_wconf 90' lang='lat' dir='ltr'><strong>rem</strong></span> <span class='ocrx_word' id='word_1_154' title='bbox 2623 787 2696 840; x_wconf 86' lang='lat' dir='ltr'><strong>ita</strong></span> <span class='ocrx_word' id='word_1_155' title='bbox 2728 801 2788 841; x_wconf 88' lang='lat' dir='ltr'><strong>se</strong></span> <span class='ocrx_word' id='word_1_156' title='bbox 2834 787 3033 841; x_wconf 88' lang='lat' dir='ltr'><strong>habere</strong></span> <span class='ocrx_word' id='word_1_157' title='bbox 3069 788 3482 846; x_wconf 78' lang='lat' dir='ltr'><strong>conﬁrmarunt,</strong></span> <span class='ocrx_word' id='word_1_158' title='bbox 3520 798 3577 840; x_wconf 90' lang='lat' dir='ltr'><strong>ut</strong></span> 
     </span>
    </p>
   </div>
   <div class='ocr_carea' id='block_1_23' title="bbox 2004 877 3578 946">
    <p class='ocr_par' dir='ltr' id='par_1_23' title="bbox 2004 877 3578 946">
     <span class='ocr_line' id='line_1_23' title="bbox 2004 877 3578 946; baseline -0.001 -16"><span class='ocrx_word' id='word_1_159' title='bbox 2004 877 2215 944; x_wconf 87' lang='lat' dir='ltr'><strong>legatus</strong></span> <span class='ocrx_word' id='word_1_160' title='bbox 2238 878 2470 932; x_wconf 86' lang='lat' dir='ltr'><strong>dixerat.</strong></span> <span class='ocrx_word' id='word_1_161' title='bbox 2502 877 2572 932; x_wconf 78' lang='lat' dir='ltr'><strong>At</strong></span> <span class='ocrx_word' id='word_1_162' title='bbox 2597 879 2830 946; x_wconf 88' lang='lat' dir='ltr'><strong>populus</strong></span> <span class='ocrx_word' id='word_1_163' title='bbox 2855 879 3145 932; x_wconf 88' lang='lat' dir='ltr'><strong>universus</strong></span> <span class='ocrx_word' id='word_1_164' title='bbox 3178 878 3388 931; x_wconf 77' lang='lat' dir='ltr'><strong>facibus</strong></span> <span class='ocrx_word' id='word_1_165' title='bbox 3420 879 3578 931; x_wconf 85' lang='lat' dir='ltr'><strong>abre-</strong></span> 
     </span>
    </p>
   </div>
   <div class='ocr_carea' id='block_1_24' title="bbox 2004 969 3575 1040">
    <p class='ocr_par' dir='ltr' id='par_1_24' title="bbox 2004 969 3575 1040">
     <span class='ocr_line' id='line_1_24' title="bbox 2004 969 3575 1040; baseline -0.002 -16"><span class='ocrx_word' id='word_1_166' title='bbox 2004 971 2110 1040; x_wconf 91' lang='lat' dir='ltr'><strong>ptis</strong></span> <span class='ocrx_word' id='word_1_167' title='bbox 2143 971 2536 1039; x_wconf 84' lang='lat' dir='ltr'><strong>sacrilegorum</strong></span> <span class='ocrx_word' id='word_1_168' title='bbox 2587 969 2870 1023; x_wconf 83' lang='lat' dir='ltr'><strong>hominum</strong></span> <span class='ocrx_word' id='word_1_169' title='bbox 2915 969 3100 1022; x_wconf 90' lang='lat' dir='ltr'><strong>Sabini</strong></span> <span class='ocrx_word' id='word_1_170' title='bbox 3145 979 3199 1024; x_wconf 90' lang='lat' dir='ltr'><strong>et</strong></span> <span class='ocrx_word' id='word_1_171' title='bbox 3239 970 3575 1023; x_wconf 79' lang='lat' dir='ltr'><strong>Crescentini</strong></span> 
     </span>
    </p>
   </div>
   <div class='ocr_carea' id='block_1_25' title="bbox 2003 1058 3576 1129">
    <p class='ocr_par' dir='ltr' id='par_1_25' title="bbox 2003 1058 3576 1129">
     <span class='ocr_line' id='line_1_25' title="bbox 2003 1058 3576 1129; baseline -0.001 -15"><span class='ocrx_word' id='word_1_172' title='bbox 2003 1062 2199 1114; x_wconf 89' lang='lat' dir='ltr'><strong>domos</strong></span> <span class='ocrx_word' id='word_1_173' title='bbox 2225 1058 2503 1124; x_wconf 74' lang='lat' dir='ltr'><strong>incendit;</strong></span> <span class='ocrx_word' id='word_1_174' title='bbox 2540 1069 2652 1114; x_wconf 89' lang='lat' dir='ltr'><strong>tum</strong></span> <span class='ocrx_word' id='word_1_175' title='bbox 2684 1061 2831 1129; x_wconf 87' lang='lat' dir='ltr'><strong>ipsos</strong></span> <span class='ocrx_word' id='word_1_176' title='bbox 2853 1075 3070 1128; x_wconf 89' lang='lat' dir='ltr'><strong>quoque</strong></span> <span class='ocrx_word' id='word_1_177' title='bbox 3098 1061 3346 1114; x_wconf 86' lang='lat' dir='ltr'><strong>occidere</strong></span> <span class='ocrx_word' id='word_1_178' title='bbox 3383 1072 3576 1114; x_wconf 83' lang='lat' dir='ltr'><strong>conata</strong></span> 
     </span>
    </p>
   </div>
   <div class='ocr_carea' id='block_1_26' title="bbox 2003 1148 3575 1222">
    <p class='ocr_par' dir='ltr' id='par_1_26' title="bbox 2003 1148 3575 1222">
     <span class='ocr_line' id='line_1_26' title="bbox 2003 1148 3575 1222; baseline 0 -18"><span class='ocrx_word' id='word_1_179' title='bbox 2003 1163 2106 1215; x_wconf 87' lang='lat' dir='ltr'><strong>est,</strong></span> <span class='ocrx_word' id='word_1_180' title='bbox 2157 1159 2211 1204; x_wconf 88' lang='lat' dir='ltr'><strong>et</strong></span> <span class='ocrx_word' id='word_1_181' title='bbox 2251 1153 2304 1204; x_wconf 89' lang='lat' dir='ltr'><strong>in</strong></span> <span class='ocrx_word' id='word_1_182' title='bbox 2355 1151 2615 1219; x_wconf 91' lang='lat' dir='ltr'><strong>templum</strong></span> <span class='ocrx_word' id='word_1_183' title='bbox 2657 1148 2927 1218; x_wconf 76' lang='lat' dir='ltr'><strong>fugientes</strong></span> <span class='ocrx_word' id='word_1_184' title='bbox 2973 1149 3222 1204; x_wconf 88' lang='lat' dir='ltr'><strong>incessit.</strong></span> <span class='ocrx_word' id='word_1_185' title='bbox 3279 1149 3575 1222; x_wconf 66' lang='lat' dir='ltr'><strong>[Lsxxvm]</strong></span> 
     </span>
    </p>
   </div>
   <div class='ocr_carea' id='block_1_27' title="bbox 2007 1241 3580 1312">
    <p class='ocr_par' dir='ltr' id='par_1_27' title="bbox 2007 1241 3580 1312">
     <span class='ocr_line' id='line_1_27' title="bbox 2007 1241 3580 1312; baseline 0.003 -17"><span class='ocrx_word' id='word_1_186' title='bbox 2007 1243 2203 1296; x_wconf 78' lang='lat' dir='ltr'><strong>Verum</strong></span> <span class='ocrx_word' id='word_1_187' title='bbox 2228 1241 2454 1296; x_wconf 88' lang='lat' dir='ltr'><strong>Cliarito</strong></span> <span class='ocrx_word' id='word_1_188' title='bbox 2485 1242 2590 1295; x_wconf 86' lang='lat' dir='ltr'><strong>illis</strong></span> <span class='ocrx_word' id='word_1_189' title='bbox 2630 1257 2689 1296; x_wconf 89' lang='lat' dir='ltr'><strong>se</strong></span> <span class='ocrx_word' id='word_1_190' title='bbox 2740 1242 2805 1295; x_wconf 91' lang='lat' dir='ltr'><strong>ad</strong></span> <span class='ocrx_word' id='word_1_191' title='bbox 2849 1242 3033 1312; x_wconf 83' lang='lat' dir='ltr'><strong>templi</strong></span> <span class='ocrx_word' id='word_1_192' title='bbox 3072 1253 3282 1310; x_wconf 86' lang='lat' dir='ltr'><strong>portam</strong></span> <span class='ocrx_word' id='word_1_193' title='bbox 3323 1246 3580 1311; x_wconf 90' lang='lat' dir='ltr'><strong>opposuit</strong></span> 
     </span>
    </p>
   </div>
   <div class='ocr_carea' id='block_1_28' title="bbox 2001 1329 3578 1398">
    <p class='ocr_par' dir='ltr' id='par_1_28' title="bbox 2001 1329 3578 1398">
     <span class='ocr_line' id='line_1_28' title="bbox 2001 1329 3578 1398; baseline -0.002 -13"><span class='ocrx_word' id='word_1_194' title='bbox 2001 1341 2056 1385; x_wconf 90' lang='lat' dir='ltr'><strong>et</strong></span> <span class='ocrx_word' id='word_1_195' title='bbox 2103 1331 2400 1386; x_wconf 89' lang='lat' dir='ltr'><strong>obsecrans</strong></span> <span class='ocrx_word' id='word_1_196' title='bbox 2445 1341 2498 1386; x_wconf 90' lang='lat' dir='ltr'><strong>et</strong></span> <span class='ocrx_word' id='word_1_197' title='bbox 2528 1331 2772 1384; x_wconf 89' lang='lat' dir='ltr'><strong>clamans</strong></span> <span class='ocrx_word' id='word_1_198' title='bbox 2805 1346 2818 1382; x_wconf 92' lang='lat'><strong>:</strong></span> <span class='ocrx_word' id='word_1_199' title='bbox 2847 1331 2920 1384; x_wconf 82' lang='lat' dir='ltr'><strong>Ne</strong></span> <span class='ocrx_word' id='word_1_200' title='bbox 2973 1345 3158 1398; x_wconf 84' lang='lat' dir='ltr'><strong>qiueso</strong></span> <span class='ocrx_word' id='word_1_201' title='bbox 3180 1369 3193 1392; x_wconf 91' lang='lat'><strong>,</strong></span> <span class='ocrx_word' id='word_1_202' title='bbox 3225 1329 3456 1392; x_wconf 80' lang='lat' dir='ltr'><strong>fratres,</strong></span> <span class='ocrx_word' id='word_1_203' title='bbox 3513 1347 3578 1383; x_wconf 86' lang='lat' dir='ltr'><strong>ne</strong></span> 
     </span>
    </p>
   </div>
   <div class='ocr_carea' id='block_1_29' title="bbox 2002 1419 3574 1489">
    <p class='ocr_par' dir='ltr' id='par_1_29' title="bbox 2002 1419 3574 1489">
     <span class='ocr_line' id='line_1_29' title="bbox 2002 1419 3574 1489; baseline -0.001 -15"><span class='ocrx_word' id='word_1_204' title='bbox 2002 1437 2165 1474; x_wconf 89' lang='lat' dir='ltr'><strong>manu</strong></span> <span class='ocrx_word' id='word_1_205' title='bbox 2227 1431 2404 1475; x_wconf 88' lang='lat' dir='ltr'><strong>vestra</strong></span> <span class='ocrx_word' id='word_1_206' title='bbox 2466 1421 2721 1486; x_wconf 82' lang='lat' dir='ltr'><strong>sacrilegi</strong></span> <span class='ocrx_word' id='word_1_207' title='bbox 2783 1420 2869 1473; x_wconf 88' lang='lat' dir='ltr'><strong>isti</strong></span> <span class='ocrx_word' id='word_1_208' title='bbox 2929 1419 3296 1489; x_wconf 89' lang='lat' dir='ltr'><strong>procumbant</strong></span> <span class='ocrx_word' id='word_1_209' title='bbox 3343 1438 3356 1474; x_wconf 92' lang='lat'><strong>:</strong></span> <span class='ocrx_word' id='word_1_210' title='bbox 3410 1421 3574 1474; x_wconf 88' lang='lat' dir='ltr'><strong>nolite</strong></span> 
     </span>
    </p>
   </div>
   <div class='ocr_carea' id='block_1_30' title="bbox 1999 1510 3576 1580">
    <p class='ocr_par' dir='ltr' id='par_1_30' title="bbox 1999 1510 3576 1580">
     <span class='ocr_line' id='line_1_30' title="bbox 1999 1510 3576 1580; baseline -0.003 -16"><span class='ocrx_word' id='word_1_211' title='bbox 1999 1512 2364 1576; x_wconf 88' lang='lat' dir='ltr'><strong>committere,</strong></span> <span class='ocrx_word' id='word_1_212' title='bbox 2407 1519 2464 1564; x_wconf 93' lang='lat' dir='ltr'><strong>ut</strong></span> <span class='ocrx_word' id='word_1_213' title='bbox 2497 1510 2737 1580; x_wconf 85' lang='lat' dir='ltr'><strong>episcopi</strong></span> <span class='ocrx_word' id='word_1_214' title='bbox 2778 1510 2944 1564; x_wconf 84' lang='lat' dir='ltr'><strong>vestri</strong></span> <span class='ocrx_word' id='word_1_215' title='bbox 2994 1510 3376 1564; x_wconf 82' lang='lat' dir='ltr'><strong>criminatores</strong></span> <span class='ocrx_word' id='word_1_216' title='bbox 3419 1525 3576 1564; x_wconf 84' lang='lat' dir='ltr'><strong>vera-</strong></span> 
     </span>
    </p>
   </div>
   <div class='ocr_carea' id='block_1_31' title="bbox 2000 1600 3579 1670">
    <p class='ocr_par' dir='ltr' id='par_1_31' title="bbox 2000 1600 3579 1670">
     <span class='ocr_line' id='line_1_31' title="bbox 2000 1600 3579 1670; baseline -0.002 -14"><span class='ocrx_word' id='word_1_217' title='bbox 2000 1618 2090 1657; x_wconf 86' lang='lat' dir='ltr'><strong>ces</strong></span> <span class='ocrx_word' id='word_1_218' title='bbox 2143 1602 2471 1668; x_wconf 81' lang='lat' dir='ltr'><strong>habeantur,</strong></span> <span class='ocrx_word' id='word_1_219' title='bbox 2525 1616 2727 1670; x_wconf 82' lang='lat' dir='ltr'><strong>vosque</strong></span> <span class='ocrx_word' id='word_1_220' title='bbox 2784 1600 3137 1655; x_wconf 86' lang='lat' dir='ltr'><strong>accusatione</strong></span> <span class='ocrx_word' id='word_1_221' title='bbox 3186 1600 3333 1667; x_wconf 65' lang='lat' dir='ltr'><strong>digiti</strong></span> <span class='ocrx_word' id='word_1_222' title='bbox 3393 1600 3579 1653; x_wconf 83' lang='lat' dir='ltr'><strong>videa-</strong></span> 
     </span>
    </p>
   </div>
   <div class='ocr_carea' id='block_1_32' title="bbox 1999 1693 3576 1760">
    <p class='ocr_par' dir='ltr' id='par_1_32' title="bbox 1999 1693 3576 1760">
     <span class='ocr_line' id='line_1_32' title="bbox 1999 1693 3576 1760; baseline -0.001 -13"><span class='ocrx_word' id='word_1_223' title='bbox 1999 1695 2152 1748; x_wconf 87' lang='lat' dir='ltr'><strong>mini.</strong></span> <span class='ocrx_word' id='word_1_224' title='bbox 2203 1695 2414 1760; x_wconf 82' lang='lat' dir='ltr'><strong>Quibus</strong></span> <span class='ocrx_word' id='word_1_225' title='bbox 2469 1693 2797 1749; x_wconf 87' lang='lat' dir='ltr'><strong>Cliaritouis</strong></span> <span class='ocrx_word' id='word_1_226' title='bbox 2842 1694 3008 1748; x_wconf 86' lang='lat' dir='ltr'><strong>dictis</strong></span> <span class='ocrx_word' id='word_1_227' title='bbox 3058 1694 3134 1746; x_wconf 91' lang='lat' dir='ltr'><strong>illi</strong></span> <span class='ocrx_word' id='word_1_228' title='bbox 3191 1693 3576 1746; x_wconf 80' lang='lat' dir='ltr'><strong>auscultantes</strong></span> 
     </span>
    </p>
   </div>
   <div class='ocr_carea' id='block_1_33' title="bbox 2005 1786 3574 1856">
    <p class='ocr_par' dir='ltr' id='par_1_33' title="bbox 2005 1786 3574 1856">
     <span class='ocr_line' id='line_1_33' title="bbox 2005 1786 3574 1856; baseline -0.002 -17"><span class='ocrx_word' id='word_1_229' title='bbox 2005 1796 2346 1841; x_wconf 87' lang='lat' dir='ltr'><strong>recesserunt</strong></span> <span class='ocrx_word' id='word_1_230' title='bbox 2379 1805 2392 1840; x_wconf 89' lang='lat'><strong>:</strong></span> <span class='ocrx_word' id='word_1_231' title='bbox 2426 1786 2634 1856; x_wconf 82' lang='lat' dir='ltr'><strong>legatus</strong></span> <span class='ocrx_word' id='word_1_232' title='bbox 2667 1787 2828 1839; x_wconf 90' lang='lat' dir='ltr'><strong>etiam</strong></span> <span class='ocrx_word' id='word_1_233' title='bbox 2859 1800 2917 1839; x_wconf 90' lang='lat' dir='ltr'><strong>se</strong></span> <span class='ocrx_word' id='word_1_234' title='bbox 2950 1786 3019 1839; x_wconf 91' lang='lat' dir='ltr'><strong>ab</strong></span> <span class='ocrx_word' id='word_1_235' title='bbox 3053 1800 3244 1838; x_wconf 91' lang='lat' dir='ltr'><strong>eorum</strong></span> <span class='ocrx_word' id='word_1_236' title='bbox 3276 1793 3574 1852; x_wconf 68' lang='lat' dir='ltr'><strong>conspectu</strong></span> 
     </span>
    </p>
   </div>
   <div class='ocr_carea' id='block_1_34' title="bbox 319 1872 1909 1956">
    <p class='ocr_par' dir='ltr' id='par_1_34' title="bbox 319 1874 1894 1954">
     <span class='ocr_line' id='line_1_34' title="bbox 319 1874 1894 1954; baseline 0.008 -27"><span class='ocrx_word' id='word_1_237' title='bbox 319 1874 412 1927; x_wconf 80' lang='grc' dir='ltr'>τοῦ</span> <span class='ocrx_word' id='word_1_238' title='bbox 447 1877 780 1946; x_wconf 79' lang='grc' dir='ltr'>Χαρίτωνος,</span> <span class='ocrx_word' id='word_1_239' title='bbox 815 1881 909 1933; x_wconf 77' lang='grc' dir='ltr'><strong>καὶ</strong></span> <span class='ocrx_word' id='word_1_240' title='bbox 942 1883 1397 1954; x_wconf 78' lang='grc' dir='ltr'>ἀπεστράφησαν.</span> <span class='ocrx_word' id='word_1_241' title='bbox 1429 1887 1670 1954; x_wconf 81' lang='grc' dir='ltr'>Ἐφυγεν</span> <span class='ocrx_word' id='word_1_242' title='bbox 1709 1887 1765 1940; x_wconf 80' lang='grc' dir='ltr'><strong>δὲ</strong></span> <span class='ocrx_word' id='word_1_243' title='bbox 1802 1891 1894 1942; x_wconf 73' lang='grc' dir='ltr'><strong>καὶ</strong></span> 
     </span>
    </p>
   </div>
   <div class='ocr_carea' id='block_1_35' title="bbox 2015 1872 3576 1956">
    <p class='ocr_par' dir='ltr' id='par_1_35' title="bbox 2015 1875 3576 1956">
     <span class='ocr_line' id='line_1_35' title="bbox 2015 1875 3576 1956; baseline -0.003 -24"><span class='ocrx_word' id='word_1_244' title='bbox 2015 1889 2053 1932; x_wconf 66' lang='grc' dir='ltr'><strong>ιι</strong></span> <span class='ocrx_word' id='word_1_245' title='bbox 2081 1879 2198 1948; x_wconf 89' lang='lat' dir='ltr'><strong>ipsa</strong></span> <span class='ocrx_word' id='word_1_246' title='bbox 2227 1893 2292 1932; x_wconf 81' lang='lat' dir='ltr'><strong>ex</strong></span> <span class='ocrx_word' id='word_1_247' title='bbox 2337 1878 2796 1956; x_wconf 31' lang='lat' dir='ltr'><strong>urbe‘proripuit,</strong></span> <span class='ocrx_word' id='word_1_248' title='bbox 2840 1886 3003 1946; x_wconf 87' lang='lat' dir='ltr'><strong>atque</strong></span> <span class='ocrx_word' id='word_1_249' title='bbox 3033 1877 3086 1930; x_wconf 92' lang='lat' dir='ltr'><strong>in</strong></span> <span class='ocrx_word' id='word_1_250' title='bbox 3119 1875 3576 1946; x_wconf 83' lang='lat' dir='ltr'><strong>Pliilosophiano-</strong></span> 
     </span>
    </p>
   </div>
   <div class='ocr_carea' id='block_1_36' title="bbox 319 1967 1896 2050">
    <p class='ocr_par' dir='ltr' id='par_1_36' title="bbox 319 1967 1896 2050">
     <span class='ocr_line' id='line_1_36' title="bbox 319 1967 1896 2050; baseline 0.012 -33"><span class='ocrx_word' id='word_1_251' title='bbox 319 1970 347 2018; x_wconf 79' lang='grc' dir='ltr'><strong>ὸ</strong></span> <span class='ocrx_word' id='word_1_252' title='bbox 388 1967 610 2039; x_wconf 80' lang='grc' dir='ltr'>ἔξαρχος</span> <span class='ocrx_word' id='word_1_253' title='bbox 638 1972 744 2023; x_wconf 82' lang='grc' dir='ltr'><strong>ἀπὸ</strong></span> <span class='ocrx_word' id='word_1_254' title='bbox 777 1974 1073 2043; x_wconf 82' lang='grc' dir='ltr'>προσώπου</span> <span class='ocrx_word' id='word_1_255' title='bbox 1105 1976 1284 2029; x_wconf 71' lang='grc' dir='ltr'>αὐτῶν</span> <span class='ocrx_word' id='word_1_256' title='bbox 1315 1979 1378 2031; x_wconf 85' lang='grc' dir='ltr'><strong>ἐκ</strong></span> <span class='ocrx_word' id='word_1_257' title='bbox 1402 1979 1498 2050; x_wconf 76' lang='grc' dir='ltr'>τῆς</span> <span class='ocrx_word' id='word_1_258' title='bbox 1526 1980 1733 2044; x_wconf 80' lang='grc' dir='ltr'>πόλεως</span> <span class='ocrx_word' id='word_1_259' title='bbox 1753 1999 1767 2013; x_wconf 87' lang='grc'><strong>·</strong></span> <span class='ocrx_word' id='word_1_260' title='bbox 1802 1985 1896 2036; x_wconf 76' lang='grc' dir='ltr'><strong>καὶ</strong></span> 
     </span>
    </p>
   </div>
   <div class='ocr_carea' id='block_1_37' title="bbox 321 2055 1378 2134">
    <p class='ocr_par' dir='ltr' id='par_1_37' title="bbox 321 2055 1378 2134">
     <span class='ocr_line' id='line_1_37' title="bbox 321 2055 1378 2134; baseline 0.011 -27"><span class='ocrx_word' id='word_1_261' title='bbox 321 2055 552 2125; x_wconf 82' lang='grc' dir='ltr'>ἀνῆλθεν</span> <span class='ocrx_word' id='word_1_262' title='bbox 579 2061 638 2111; x_wconf 85' lang='grc' dir='ltr'><strong>ἐν</strong></span> <span class='ocrx_word' id='word_1_263' title='bbox 665 2063 730 2131; x_wconf 83' lang='grc' dir='ltr'>τῇ</span> <span class='ocrx_word' id='word_1_264' title='bbox 767 2061 929 2134; x_wconf 80' lang='grc' dir='ltr'><strong>κώμῃ</strong></span> <span class='ocrx_word' id='word_1_265' title='bbox 957 2064 1378 2133; x_wconf 78' lang='grc' dir='ltr'>Φιλοσοφιανῶν.</span> 
     </span>
    </p>
   </div>
   <div class='ocr_carea' id='block_1_38' title="bbox 403 2149 1898 2229">
    <p class='ocr_par' dir='ltr' id='par_1_38' title="bbox 403 2149 1898 2229">
     <span class='ocr_line' id='line_1_38' title="bbox 403 2149 1898 2229; baseline 0.008 -27"><span class='ocrx_word' id='word_1_266' title='bbox 403 2149 521 2206; x_wconf 88' lang='grc' dir='ltr'><strong>ΞΒ’.</strong></span> <span class='ocrx_word' id='word_1_267' title='bbox 554 2151 643 2214; x_wconf 81' lang='grc' dir='ltr'>Ὠς</span> <span class='ocrx_word' id='word_1_268' title='bbox 674 2151 730 2204; x_wconf 86' lang='grc' dir='ltr'><strong>δὲ</strong></span> <span class='ocrx_word' id='word_1_269' title='bbox 755 2153 992 2222; x_wconf 73' lang='grc' dir='ltr'>ἤκουσεν</span> <span class='ocrx_word' id='word_1_270' title='bbox 1020 2155 1082 2209; x_wconf 84' lang='grc' dir='ltr'><strong>τὸ</strong></span> <span class='ocrx_word' id='word_1_271' title='bbox 1115 2157 1321 2226; x_wconf 83' lang='grc' dir='ltr'>πλῆθος</span> <span class='ocrx_word' id='word_1_272' title='bbox 1349 2157 1445 2210; x_wconf 81' lang='grc' dir='ltr'>τοῦ</span> <span class='ocrx_word' id='word_1_273' title='bbox 1472 2159 1603 2212; x_wconf 85' lang='grc' dir='ltr'><strong>λαοῦ</strong></span> <span class='ocrx_word' id='word_1_274' title='bbox 1631 2160 1898 2229; x_wconf 76' lang='grc' dir='ltr'>τὸνλόγον</span> 
     </span>
    </p>
   </div>
   <div class='ocr_carea' id='block_1_39' title="bbox 324 2239 1901 2318">
    <p class='ocr_par' dir='ltr' id='par_1_39' title="bbox 324 2239 1901 2318">
     <span class='ocr_line' id='line_1_39' title="bbox 324 2239 1901 2318; baseline 0.003 -21"><span class='ocrx_word' id='word_1_275' title='bbox 324 2245 418 2298; x_wconf 78' lang='grc' dir='ltr'>τοῦ</span> <span class='ocrx_word' id='word_1_276' title='bbox 446 2243 783 2314; x_wconf 80' lang='grc' dir='ltr'>Χαρίτωνος,</span> <span class='ocrx_word' id='word_1_277' title='bbox 819 2243 879 2294; x_wconf 87' lang='grc' dir='ltr'>ὃν</span> <span class='ocrx_word' id='word_1_278' title='bbox 911 2239 1064 2297; x_wconf 74' lang='grc' dir='ltr'>εἶπεν</span> <span class='ocrx_word' id='word_1_279' title='bbox 1094 2246 1304 2309; x_wconf 77' lang='grc' dir='ltr'>αὐτοῖς,</span> <span class='ocrx_word' id='word_1_280' title='bbox 1347 2249 1571 2317; x_wconf 80' lang='grc' dir='ltr'>ἀνέσχον</span> <span class='ocrx_word' id='word_1_281' title='bbox 1603 2249 1798 2318; x_wconf 83' lang='grc' dir='ltr'>μικρὸν</span> <span class='ocrx_word' id='word_1_282' title='bbox 1836 2251 1901 2302; x_wconf 80' lang='grc' dir='ltr'><strong>ἐκ</strong></span> 
     </span>
    </p>
   </div>
   <div class='ocr_carea' id='block_1_40' title="bbox 324 2334 1900 2405">
    <p class='ocr_par' dir='ltr' id='par_1_40' title="bbox 324 2334 1900 2405">
     <span class='ocr_line' id='line_1_40' title="bbox 324 2334 1900 2405; baseline 0.001 -15"><span class='ocrx_word' id='word_1_283' title='bbox 324 2338 418 2389; x_wconf 76' lang='grc' dir='ltr'>τοῦ</span> <span class='ocrx_word' id='word_1_284' title='bbox 457 2334 697 2404; x_wconf 80' lang='grc' dir='ltr'>πονηροῦ</span> <span class='ocrx_word' id='word_1_285' title='bbox 735 2335 1044 2405; x_wconf 79' lang='grc' dir='ltr'>συνεδρίου,</span> <span class='ocrx_word' id='word_1_286' title='bbox 1092 2339 1188 2390; x_wconf 72' lang='grc' dir='ltr'><strong>καὶ</strong></span> <span class='ocrx_word' id='word_1_287' title='bbox 1217 2338 1401 2391; x_wconf 78' lang='grc' dir='ltr'>οὐκέτι</span> <span class='ocrx_word' id='word_1_288' title='bbox 1431 2340 1628 2401; x_wconf 79' lang='grc' dir='ltr'>αὐτοὺς</span> <span class='ocrx_word' id='word_1_289' title='bbox 1655 2340 1900 2394; x_wconf 79' lang='grc' dir='ltr'>ἐδίωκον.</span> 
     </span>
    </p>
   </div>
   <div class='ocr_carea' id='block_1_41' title="bbox 338 2427 1902 2502">
    <p class='ocr_par' dir='ltr' id='par_1_41' title="bbox 338 2427 1902 2502">
     <span class='ocr_line' id='line_1_41' title="bbox 338 2427 1902 2502; baseline 0.002 -20"><span class='ocrx_word' id='word_1_290' title='bbox 338 2429 503 2482; x_wconf 77' lang='grc' dir='ltr'>Ἀλλὰ</span> <span class='ocrx_word' id='word_1_291' title='bbox 545 2430 698 2498; x_wconf 84' lang='grc' dir='ltr'>κοινῇ</span> <span class='ocrx_word' id='word_1_292' title='bbox 751 2427 949 2498; x_wconf 78' lang='grc' dir='ltr'>γνώμῃ</span> <span class='ocrx_word' id='word_1_293' title='bbox 999 2431 1047 2482; x_wconf 86' lang='grc' dir='ltr'>οἱ</span> <span class='ocrx_word' id='word_1_294' title='bbox 1097 2428 1356 2501; x_wconf 82' lang='grc' dir='ltr'>ἄρχοντες</span> <span class='ocrx_word' id='word_1_295' title='bbox 1397 2431 1492 2484; x_wconf 73' lang='grc' dir='ltr'>καὶ</span> <span class='ocrx_word' id='word_1_296' title='bbox 1538 2433 1586 2483; x_wconf 85' lang='grc' dir='ltr'><strong>οἱ</strong></span> <span class='ocrx_word' id='word_1_297' title='bbox 1632 2432 1902 2502; x_wconf 82' lang='grc' dir='ltr'>τριϐοὖνοι</span> 
     </span>
    </p>
   </div>
   <div class='ocr_carea' id='block_1_42' title="bbox 330 2521 1906 2594">
    <p class='ocr_par' dir='ltr' id='par_1_42' title="bbox 330 2521 1906 2594">
     <span class='ocr_line' id='line_1_42' title="bbox 330 2521 1906 2594; baseline 0.003 -20"><span class='ocrx_word' id='word_1_298' title='bbox 330 2521 600 2589; x_wconf 82' lang='grc' dir='ltr'>κατῆλθον</span> <span class='ocrx_word' id='word_1_299' title='bbox 625 2523 682 2574; x_wconf 87' lang='grc' dir='ltr'><strong>ἐν</strong></span> <span class='ocrx_word' id='word_1_300' title='bbox 703 2523 769 2590; x_wconf 80' lang='grc' dir='ltr'>τῇ</span> <span class='ocrx_word' id='word_1_301' title='bbox 795 2522 863 2572; x_wconf 86' lang='grc' dir='ltr'><strong>Συ</strong></span> <span class='ocrx_word' id='word_1_302' title='bbox 873 2521 1186 2591; x_wconf 76' lang='grc' dir='ltr'>ρακουσέων</span> <span class='ocrx_word' id='word_1_303' title='bbox 1210 2524 1362 2576; x_wconf 76' lang='grc' dir='ltr'>πόλει</span> <span class='ocrx_word' id='word_1_304' title='bbox 1394 2525 1531 2592; x_wconf 76' lang='grc' dir='ltr'>πρὸς</span> <span class='ocrx_word' id='word_1_305' title='bbox 1556 2523 1647 2577; x_wconf 81' lang='grc' dir='ltr'>τὸν</span> <span class='ocrx_word' id='word_1_306' title='bbox 1670 2525 1906 2594; x_wconf 81' lang='grc' dir='ltr'>ἄρχοντα</span> 
     </span>
    </p>
   </div>
   <div class='ocr_carea' id='block_1_43' title="bbox 331 2611 1907 2685">
    <p class='ocr_par' dir='ltr' id='par_1_43' title="bbox 331 2611 1907 2685">
     <span class='ocr_line' id='line_1_43' title="bbox 331 2611 1907 2685; baseline 0.001 -18"><span class='ocrx_word' id='word_1_307' title='bbox 331 2618 430 2684; x_wconf 82' lang='grc' dir='ltr'><strong>τῆς</strong></span> <span class='ocrx_word' id='word_1_308' title='bbox 466 2611 738 2676; x_wconf 84' lang='grc' dir='ltr'>Σικελίας,</span> <span class='ocrx_word' id='word_1_309' title='bbox 785 2613 974 2665; x_wconf 77' lang='grc' dir='ltr'>λοιπὸν</span> <span class='ocrx_word' id='word_1_310' title='bbox 1019 2614 1075 2666; x_wconf 79' lang='grc' dir='ltr'><strong>δὲ</strong></span> <span class='ocrx_word' id='word_1_311' title='bbox 1129 2615 1223 2667; x_wconf 69' lang='grc' dir='ltr'><strong>καὶ</strong></span> <span class='ocrx_word' id='word_1_312' title='bbox 1274 2615 1409 2685; x_wconf 85' lang='grc' dir='ltr'>πρὸς</span> <span class='ocrx_word' id='word_1_313' title='bbox 1455 2616 1548 2667; x_wconf 81' lang='grc' dir='ltr'><strong>τὸν</strong></span> <span class='ocrx_word' id='word_1_314' title='bbox 1606 2615 1907 2681; x_wconf 84' lang='grc' dir='ltr'>ἁγιώτατον</span> 
     </span>
    </p>
   </div>
   <div class='ocr_carea' id='block_1_44' title="bbox 332 2701 1912 2776">
    <p class='ocr_par' dir='ltr' id='par_1_44' title="bbox 332 2701 1912 2776">
     <span class='ocr_line' id='line_1_44' title="bbox 332 2701 1912 2776; baseline 0.001 -20"><span class='ocrx_word' id='word_1_315' title='bbox 332 2702 762 2772; x_wconf 84' lang='grc' dir='ltr'>ἀρχιεπίσκοπον</span> <span class='ocrx_word' id='word_1_316' title='bbox 805 2701 905 2771; x_wconf 79' lang='grc' dir='ltr'>τῆς</span> <span class='ocrx_word' id='word_1_317' title='bbox 949 2701 1118 2772; x_wconf 79' lang='grc' dir='ltr'>αὐτῆς</span> <span class='ocrx_word' id='word_1_318' title='bbox 1155 2703 1396 2765; x_wconf 82' lang='grc' dir='ltr'>πόλεως’</span> <span class='ocrx_word' id='word_1_319' title='bbox 1448 2704 1541 2756; x_wconf 80' lang='grc' dir='ltr'><strong>καὶ</strong></span> <span class='ocrx_word' id='word_1_320' title='bbox 1580 2704 1912 2776; x_wconf 78' lang='grc' dir='ltr'>διηγήσαντο</span> 
     </span>
    </p>
   </div>
   <div class='ocr_carea' id='block_1_45' title="bbox 333 2793 1912 2867">
    <p class='ocr_par' dir='ltr' id='par_1_45' title="bbox 333 2793 1912 2867">
     <span class='ocr_line' id='line_1_45' title="bbox 333 2793 1912 2867; baseline 0.001 -19"><span class='ocrx_word' id='word_1_321' title='bbox 333 2797 519 2858; x_wconf 79' lang='grc' dir='ltr'>αὐτοῖς</span> <span class='ocrx_word' id='word_1_322' title='bbox 548 2794 728 2848; x_wconf 80' lang='grc' dir='ltr'>πάντα</span> <span class='ocrx_word' id='word_1_323' title='bbox 764 2793 834 2846; x_wconf 71' lang='grc' dir='ltr'>τὰ</span> <span class='ocrx_word' id='word_1_324' title='bbox 859 2793 1145 2863; x_wconf 84' lang='grc' dir='ltr'>συμϐάντα</span> <span class='ocrx_word' id='word_1_325' title='bbox 1191 2795 1266 2865; x_wconf 80' lang='grc' dir='ltr'>τῷ</span> <span class='ocrx_word' id='word_1_326' title='bbox 1303 2796 1443 2864; x_wconf 77' lang='grc' dir='ltr'>ἁγίῳ</span> <span class='ocrx_word' id='word_1_327' title='bbox 1469 2797 1777 2867; x_wconf 81' lang='grc' dir='ltr'>Γρηγορίῳ,</span> <span class='ocrx_word' id='word_1_328' title='bbox 1817 2797 1912 2849; x_wconf 75' lang='grc' dir='ltr'><strong>καὶ</strong></span> 
     </span>
    </p>
   </div>
   <div class='ocr_carea' id='block_1_46' title="bbox 331 2883 1913 2957">
    <p class='ocr_par' dir='ltr' id='par_1_46' title="bbox 331 2883 1913 2957">
     <span class='ocr_line' id='line_1_46' title="bbox 331 2883 1913 2957; baseline 0 -17"><span class='ocrx_word' id='word_1_329' title='bbox 331 2887 434 2956; x_wconf 80' lang='grc' dir='ltr'>τὴν</span> <span class='ocrx_word' id='word_1_330' title='bbox 467 2886 658 2940; x_wconf 79' lang='grc' dir='ltr'>στάσιν</span> <span class='ocrx_word' id='word_1_331' title='bbox 689 2884 783 2940; x_wconf 78' lang='grc' dir='ltr'>τοῦ</span> <span class='ocrx_word' id='word_1_332' title='bbox 818 2885 1039 2955; x_wconf 79' lang='grc' dir='ltr'>ἀνιέρου</span> <span class='ocrx_word' id='word_1_333' title='bbox 1070 2883 1198 2938; x_wconf 79' lang='grc' dir='ltr'><strong>λαοῦ</strong></span> <span class='ocrx_word' id='word_1_334' title='bbox 1235 2887 1466 2941; x_wconf 80' lang='grc' dir='ltr'>ἐκείνου.</span> <span class='ocrx_word' id='word_1_335' title='bbox 1513 2888 1624 2940; x_wconf 69' lang='grc' dir='ltr'><strong>Καὶ</strong></span> <span class='ocrx_word' id='word_1_336' title='bbox 1671 2889 1913 2957; x_wconf 76' lang='grc' dir='ltr'>ἐθαύμαο</span> 
     </span>
    </p>
   </div>
   <div class='ocr_carea' id='block_1_47' title="bbox 335 2977 1915 3048">
    <p class='ocr_par' dir='ltr' id='par_1_47' title="bbox 335 2977 1915 3048">
     <span class='ocr_line' id='line_1_47' title="bbox 335 2977 1915 3048; baseline 0.001 -17"><span class='ocrx_word' id='word_1_337' title='bbox 335 2994 426 3031; x_wconf 83' lang='grc' dir='ltr'><strong>σεν</strong></span> <span class='ocrx_word' id='word_1_338' title='bbox 455 2979 484 3029; x_wconf 86' lang='grc' dir='ltr'>ὁ</span> <span class='ocrx_word' id='word_1_339' title='bbox 511 2977 697 3048; x_wconf 83' lang='grc' dir='ltr'>ἄρχων</span> <span class='ocrx_word' id='word_1_340' title='bbox 727 2977 826 3030; x_wconf 70' lang='grc' dir='ltr'><strong>σὺν</strong></span> <span class='ocrx_word' id='word_1_341' title='bbox 847 2977 926 3047; x_wconf 86' lang='grc' dir='ltr'>τῷ</span> <span class='ocrx_word' id='word_1_342' title='bbox 953 2979 1258 3046; x_wconf 83' lang='grc' dir='ltr'>ὲπισκόπῳ,</span> <span class='ocrx_word' id='word_1_343' title='bbox 1282 2980 1376 3031; x_wconf 76' lang='grc' dir='ltr'><strong>καὶ</strong></span> <span class='ocrx_word' id='word_1_344' title='bbox 1401 2980 1509 3042; x_wconf 77' lang='grc' dir='ltr'>πᾶς</span> <span class='ocrx_word' id='word_1_345' title='bbox 1529 2979 1557 3030; x_wconf 83' lang='grc' dir='ltr'>ὁ</span> <span class='ocrx_word' id='word_1_346' title='bbox 1578 2977 1915 3042; x_wconf 72' lang='grc' dir='ltr'>λαός.⁷Ησαν</span> 
     </span>
    </p>
   </div>
   <div class='ocr_carea' id='block_1_48' title="bbox 335 3069 1916 3142">
    <p class='ocr_par' dir='ltr' id='par_1_48' title="bbox 335 3069 1916 3142">
     <span class='ocr_line' id='line_1_48' title="bbox 335 3069 1916 3142; baseline 0.003 -20"><span class='ocrx_word' id='word_1_347' title='bbox 335 3071 446 3142; x_wconf 82' lang='grc' dir='ltr'><strong>γὰρ</strong></span> <span class='ocrx_word' id='word_1_348' title='bbox 479 3070 714 3139; x_wconf 78' lang='grc' dir='ltr'>γνωστοὶ</span> <span class='ocrx_word' id='word_1_349' title='bbox 738 3070 943 3133; x_wconf 85' lang='grc' dir='ltr'>πάντες</span> <span class='ocrx_word' id='word_1_350' title='bbox 975 3069 1055 3142; x_wconf 79' lang='grc' dir='ltr'>τῷ</span> <span class='ocrx_word' id='word_1_351' title='bbox 1088 3071 1365 3142; x_wconf 83' lang='grc' dir='ltr'>μακαρίῳ,</span> <span class='ocrx_word' id='word_1_352' title='bbox 1399 3071 1494 3123; x_wconf 67' lang='grc' dir='ltr'>καὶ</span> <span class='ocrx_word' id='word_1_353' title='bbox 1523 3071 1916 3142; x_wconf 80' lang='grc' dir='ltr'>ὲμπλήσθησαν</span> 
     </span>
    </p>
   </div>
   <div class='ocr_carea' id='block_1_49' title="bbox 1999 1971 2796 2041">
    <p class='ocr_par' dir='ltr' id='par_1_49' title="bbox 1999 1971 2796 2041">
     <span class='ocr_line' id='line_1_49' title="bbox 1999 1971 2796 2041; baseline -0.003 -17"><span class='ocrx_word' id='word_1_354' title='bbox 1999 1986 2121 2025; x_wconf 89' lang='lat' dir='ltr'><strong>rum</strong></span> <span class='ocrx_word' id='word_1_355' title='bbox 2152 1971 2429 2041; x_wconf 81' lang='lat' dir='ltr'><strong>regionem</strong></span> <span class='ocrx_word' id='word_1_356' title='bbox 2460 1971 2796 2040; x_wconf 80' lang='lat' dir='ltr'><strong>remigravit.</strong></span> 
     </span>
    </p>
   </div>
   <div class='ocr_carea' id='block_1_50' title="bbox 2073 2147 3568 2219">
    <p class='ocr_par' dir='ltr' id='par_1_50' title="bbox 2073 2147 3568 2219">
     <span class='ocr_line' id='line_1_50' title="bbox 2073 2147 3568 2219; baseline 0.001 -17"><span class='ocrx_word' id='word_1_357' title='bbox 2073 2147 2232 2203; x_wconf 77' lang='lat' dir='ltr'><strong>LXII.</strong></span> <span class='ocrx_word' id='word_1_358' title='bbox 2273 2147 2345 2203; x_wconf 88' lang='lat' dir='ltr'><strong>Ut</strong></span> <span class='ocrx_word' id='word_1_359' title='bbox 2395 2163 2524 2203; x_wconf 91' lang='lat' dir='ltr'><strong>vero</strong></span> <span class='ocrx_word' id='word_1_360' title='bbox 2576 2161 2630 2203; x_wconf 91' lang='lat' dir='ltr'><strong>et</strong></span> <span class='ocrx_word' id='word_1_361' title='bbox 2677 2149 2887 2219; x_wconf 88' lang='lat' dir='ltr'><strong>reliqua</strong></span> <span class='ocrx_word' id='word_1_362' title='bbox 2938 2149 3118 2219; x_wconf 88' lang='lat' dir='ltr'><strong>plebs,</strong></span> <span class='ocrx_word' id='word_1_363' title='bbox 3166 2149 3346 2218; x_wconf 87' lang='lat' dir='ltr'><strong>qualis</strong></span> <span class='ocrx_word' id='word_1_364' title='bbox 3395 2147 3568 2204; x_wconf 78' lang='lat' dir='ltr'><strong>fuisse</strong></span> 
     </span>
    </p>
   </div>
   <div class='ocr_carea' id='block_1_51' title="bbox 2002 2239 3572 2311">
    <p class='ocr_par' dir='ltr' id='par_1_51' title="bbox 2002 2239 3572 2311">
     <span class='ocr_line' id='line_1_51' title="bbox 2002 2239 3572 2311; baseline -0.001 -17"><span class='ocrx_word' id='word_1_365' title='bbox 2002 2239 2314 2294; x_wconf 86' lang='lat' dir='ltr'><strong>Cbaritniiis</strong></span> <span class='ocrx_word' id='word_1_366' title='bbox 2344 2255 2526 2294; x_wconf 88' lang='lat' dir='ltr'><strong>sermo</strong></span> <span class='ocrx_word' id='word_1_367' title='bbox 2555 2240 2844 2302; x_wconf 84' lang='lat' dir='ltr'><strong>intellexit,</strong></span> <span class='ocrx_word' id='word_1_368' title='bbox 2887 2242 3165 2311; x_wconf 88' lang='lat' dir='ltr'><strong>paululum</strong></span> <span class='ocrx_word' id='word_1_369' title='bbox 3197 2241 3470 2296; x_wconf 90' lang='lat' dir='ltr'><strong>continuit</strong></span> <span class='ocrx_word' id='word_1_370' title='bbox 3512 2257 3572 2295; x_wconf 87' lang='lat' dir='ltr'><strong>se</strong></span> 
     </span>
    </p>
   </div>
   <div class='ocr_carea' id='block_1_52' title="bbox 2006 2331 3580 2402">
    <p class='ocr_par' dir='ltr' id='par_1_52' title="bbox 2006 2331 3580 2402">
     <span class='ocr_line' id='line_1_52' title="bbox 2006 2331 3580 2402; baseline 0 -17"><span class='ocrx_word' id='word_1_371' title='bbox 2006 2347 2106 2385; x_wconf 91' lang='lat' dir='ltr'><strong>nec</strong></span> <span class='ocrx_word' id='word_1_372' title='bbox 2134 2333 2245 2401; x_wconf 88' lang='lat' dir='ltr'><strong>jam</strong></span> <span class='ocrx_word' id='word_1_373' title='bbox 2275 2332 2502 2400; x_wconf 90' lang='lat' dir='ltr'><strong>impium</strong></span> <span class='ocrx_word' id='word_1_374' title='bbox 2531 2331 2683 2385; x_wconf 91' lang='lat' dir='ltr'><strong>illum</strong></span> <span class='ocrx_word' id='word_1_375' title='bbox 2710 2333 2995 2386; x_wconf 85' lang='lat' dir='ltr'><strong>hominum</strong></span> <span class='ocrx_word' id='word_1_376' title='bbox 3034 2342 3362 2388; x_wconf 89' lang='lat' dir='ltr'><strong>conventuin</strong></span> <span class='ocrx_word' id='word_1_377' title='bbox 3389 2349 3580 2402; x_wconf 81' lang='lat' dir='ltr'><strong>urgere</strong></span> 
     </span>
    </p>
   </div>
   <div class='ocr_carea' id='block_1_53' title="bbox 2007 2424 3582 2480">
    <p class='ocr_par' dir='ltr' id='par_1_53' title="bbox 2007 2424 3582 2480">
     <span class='ocr_line' id='line_1_53' title="bbox 2007 2424 3582 2480; baseline 0 -2"><span class='ocrx_word' id='word_1_378' title='bbox 2007 2424 2226 2480; x_wconf 86' lang='lat' dir='ltr'><strong>institit.</strong></span> <span class='ocrx_word' id='word_1_379' title='bbox 2259 2424 2329 2477; x_wconf 86' lang='lat' dir='ltr'><strong>At</strong></span> <span class='ocrx_word' id='word_1_380' title='bbox 2361 2440 2488 2478; x_wconf 91' lang='lat' dir='ltr'><strong>vero</strong></span> <span class='ocrx_word' id='word_1_381' title='bbox 2516 2427 2808 2479; x_wconf 89' lang='lat' dir='ltr'><strong>archontes</strong></span> <span class='ocrx_word' id='word_1_382' title='bbox 2836 2433 2888 2479; x_wconf 87' lang='lat' dir='ltr'><strong>et</strong></span> <span class='ocrx_word' id='word_1_383' title='bbox 2916 2425 3122 2479; x_wconf 90' lang='lat' dir='ltr'><strong>tribuni</strong></span> <span class='ocrx_word' id='word_1_384' title='bbox 3154 2425 3428 2479; x_wconf 86' lang='lat' dir='ltr'><strong>communi</strong></span> <span class='ocrx_word' id='word_1_385' title='bbox 3452 2440 3582 2478; x_wconf 86' lang='lat' dir='ltr'><strong>cou-</strong></span> 
     </span>
    </p>
   </div>
   <div class='ocr_carea' id='block_1_54' title="bbox 2009 2514 3581 2586">
    <p class='ocr_par' dir='ltr' id='par_1_54' title="bbox 2009 2514 3581 2586">
     <span class='ocr_line' id='line_1_54' title="bbox 2009 2514 3581 2586; baseline -0.001 -16"><span class='ocrx_word' id='word_1_386' title='bbox 2009 2531 2171 2570; x_wconf 90' lang='lat' dir='ltr'><strong>sensu</strong></span> <span class='ocrx_word' id='word_1_387' title='bbox 2213 2514 2516 2586; x_wconf 78' lang='lat' dir='ltr'><strong>Syracusas</strong></span> <span class='ocrx_word' id='word_1_388' title='bbox 2567 2515 2634 2569; x_wconf 89' lang='lat' dir='ltr'><strong>ad</strong></span> <span class='ocrx_word' id='word_1_389' title='bbox 2681 2525 2966 2584; x_wconf 65' lang='lat' dir='ltr'><strong>praetorem</strong></span> <span class='ocrx_word' id='word_1_390' title='bbox 3017 2515 3220 2570; x_wconf 72' lang='lat' dir='ltr'><strong>Sicilia:</strong></span> <span class='ocrx_word' id='word_1_391' title='bbox 3249 2515 3386 2583; x_wconf 75' lang='lat'><strong>(68),</strong></span> <span class='ocrx_word' id='word_1_392' title='bbox 3419 2524 3581 2584; x_wconf 84' lang='lat' dir='ltr'><strong>atque</strong></span> 
     </span>
    </p>
   </div>
   <div class='ocr_carea' id='block_1_55' title="bbox 2009 2607 3580 2678">
    <p class='ocr_par' dir='ltr' id='par_1_55' title="bbox 2009 2607 3580 2678">
     <span class='ocr_line' id='line_1_55' title="bbox 2009 2607 3580 2678; baseline -0.001 -16"><span class='ocrx_word' id='word_1_393' title='bbox 2009 2608 2076 2662; x_wconf 88' lang='lat' dir='ltr'><strong>ad</strong></span> <span class='ocrx_word' id='word_1_394' title='bbox 2140 2607 2318 2676; x_wconf 86' lang='lat' dir='ltr'><strong>ipsum</strong></span> <span class='ocrx_word' id='word_1_395' title='bbox 2367 2607 2778 2661; x_wconf 85' lang='lat' dir='ltr'><strong>sanctissimum</strong></span> <span class='ocrx_word' id='word_1_396' title='bbox 2836 2608 2956 2675; x_wconf 86' lang='lat' dir='ltr'><strong>ejus</strong></span> <span class='ocrx_word' id='word_1_397' title='bbox 3011 2609 3166 2663; x_wconf 88' lang='lat' dir='ltr'><strong>urbis</strong></span> <span class='ocrx_word' id='word_1_398' title='bbox 3213 2609 3580 2678; x_wconf 85' lang='lat' dir='ltr'><strong>archiepisco-</strong></span> 
     </span>
    </p>
   </div>
   <div class='ocr_carea' id='block_1_56' title="bbox 2010 2699 3583 2770">
    <p class='ocr_par' dir='ltr' id='par_1_56' title="bbox 2010 2699 3583 2770">
     <span class='ocr_line' id='line_1_56' title="bbox 2010 2699 3583 2770; baseline 0.001 -18"><span class='ocrx_word' id='word_1_399' title='bbox 2010 2715 2140 2770; x_wconf 90' lang='lat' dir='ltr'><strong>pum</strong></span> <span class='ocrx_word' id='word_1_400' title='bbox 2173 2700 2286 2768; x_wconf 82' lang='lat'><strong>(69)</strong></span> <span class='ocrx_word' id='word_1_401' title='bbox 2312 2699 2542 2768; x_wconf 81' lang='lat' dir='ltr'><strong>profecti</strong></span> <span class='ocrx_word' id='word_1_402' title='bbox 2581 2708 2710 2753; x_wconf 90' lang='lat' dir='ltr'><strong>sunt</strong></span> <span class='ocrx_word' id='word_1_403' title='bbox 2739 2717 2752 2753; x_wconf 90' lang='lat'><strong>:</strong></span> <span class='ocrx_word' id='word_1_404' title='bbox 2777 2700 2963 2766; x_wconf 86' lang='lat' dir='ltr'><strong>eisque</strong></span> <span class='ocrx_word' id='word_1_405' title='bbox 3003 2701 3183 2754; x_wconf 90' lang='lat' dir='ltr'><strong>omnia</strong></span> <span class='ocrx_word' id='word_1_406' title='bbox 3217 2717 3339 2770; x_wconf 63' lang='lat' dir='ltr'><strong>quae</strong></span> <span class='ocrx_word' id='word_1_407' title='bbox 3390 2714 3583 2755; x_wconf 76' lang='lat' dir='ltr'><strong>saneto</strong></span> 
     </span>
    </p>
   </div>
   <div class='ocr_carea' id='block_1_57' title="bbox 2013 2787 3584 2860">
    <p class='ocr_par' dir='ltr' id='par_1_57' title="bbox 2013 2787 3584 2860">
     <span class='ocr_line' id='line_1_57' title="bbox 2013 2787 3584 2860; baseline 0.001 -18"><span class='ocrx_word' id='word_1_408' title='bbox 2013 2787 2274 2858; x_wconf 78' lang='lat' dir='ltr'><strong>Gregorio</strong></span> <span class='ocrx_word' id='word_1_409' title='bbox 2312 2789 2674 2860; x_wconf 77' lang='lat' dir='ltr'><strong>contigerant,</strong></span> <span class='ocrx_word' id='word_1_410' title='bbox 2727 2803 2792 2843; x_wconf 89' lang='lat' dir='ltr'><strong>ac</strong></span> <span class='ocrx_word' id='word_1_411' title='bbox 2831 2789 3108 2843; x_wconf 81' lang='lat' dir='ltr'><strong>sceleratae</strong></span> <span class='ocrx_word' id='word_1_412' title='bbox 3150 2790 3294 2844; x_wconf 89' lang='lat' dir='ltr'><strong>illius</strong></span> <span class='ocrx_word' id='word_1_413' title='bbox 3324 2788 3584 2844; x_wconf 80' lang='lat' dir='ltr'><strong>factionis</strong></span> 
     </span>
    </p>
   </div>
   <div class='ocr_carea' id='block_1_58' title="bbox 2016 2881 3582 2952">
    <p class='ocr_par' dir='ltr' id='par_1_58' title="bbox 2016 2881 3582 2952">
     <span class='ocr_line' id='line_1_58' title="bbox 2016 2881 3582 2952; baseline -0.001 -18"><span class='ocrx_word' id='word_1_414' title='bbox 2016 2883 2306 2937; x_wconf 87' lang='lat' dir='ltr'><strong>tumultum</strong></span> <span class='ocrx_word' id='word_1_415' title='bbox 2338 2890 2734 2952; x_wconf 76' lang='lat' dir='ltr'><strong>exposuerunt.</strong></span> <span class='ocrx_word' id='word_1_416' title='bbox 2760 2881 2894 2948; x_wconf 67' lang='lat' dir='ltr'><strong>Quae</strong></span> <span class='ocrx_word' id='word_1_417' title='bbox 2923 2898 3008 2936; x_wconf 87' lang='lat' dir='ltr'><strong>res</strong></span> <span class='ocrx_word' id='word_1_418' title='bbox 3037 2891 3144 2935; x_wconf 91' lang='lat' dir='ltr'><strong>tam</strong></span> <span class='ocrx_word' id='word_1_419' title='bbox 3177 2882 3392 2951; x_wconf 60' lang='lat' dir='ltr'><strong>prastori</strong></span> <span class='ocrx_word' id='word_1_420' title='bbox 3420 2898 3582 2950; x_wconf 91' lang='lat' dir='ltr'><strong>quam</strong></span> 
     </span>
    </p>
   </div>
   <div class='ocr_carea' id='block_1_59' title="bbox 2015 2973 3584 3044">
    <p class='ocr_par' dir='ltr' id='par_1_59' title="bbox 2015 2973 3584 3044">
     <span class='ocr_line' id='line_1_59' title="bbox 2015 2973 3584 3044; baseline -0.001 -16"><span class='ocrx_word' id='word_1_421' title='bbox 2015 2975 2274 3044; x_wconf 89' lang='lat' dir='ltr'><strong>episcopo</strong></span> <span class='ocrx_word' id='word_1_422' title='bbox 2305 2983 2360 3030; x_wconf 90' lang='lat' dir='ltr'><strong>et</strong></span> <span class='ocrx_word' id='word_1_423' title='bbox 2393 2974 2540 3029; x_wconf 88' lang='lat' dir='ltr'><strong>omni</strong></span> <span class='ocrx_word' id='word_1_424' title='bbox 2577 2976 2779 3044; x_wconf 79' lang='lat' dir='ltr'><strong>papulo</strong></span> <span class='ocrx_word' id='word_1_425' title='bbox 2807 2974 3156 3028; x_wconf 84' lang='lat' dir='ltr'><strong>admirationi</strong></span> <span class='ocrx_word' id='word_1_426' title='bbox 3191 2973 3293 3030; x_wconf 82' lang='lat' dir='ltr'><strong>fuit</strong></span> <span class='ocrx_word' id='word_1_427' title='bbox 3327 2993 3340 3030; x_wconf 92' lang='lat'><strong>:</strong></span> <span class='ocrx_word' id='word_1_428' title='bbox 3372 2983 3426 3029; x_wconf 92' lang='lat' dir='ltr'><strong>et</strong></span> <span class='ocrx_word' id='word_1_429' title='bbox 3459 2976 3584 3044; x_wconf 86' lang='lat' dir='ltr'><strong>quia</strong></span> 
     </span>
    </p>
   </div>
   <div class='ocr_carea' id='block_1_60' title="bbox 2017 3072 3588 3142">
    <p class='ocr_par' dir='ltr' id='par_1_60' title="bbox 2017 3072 3588 3142">
     <span class='ocr_line' id='line_1_60' title="bbox 2017 3072 3588 3142; baseline -0.001 -14"><span class='ocrx_word' id='word_1_430' title='bbox 2017 3072 2340 3142; x_wconf 79' lang='lat' dir='ltr'><strong>Gregorium</strong></span> <span class='ocrx_word' id='word_1_431' title='bbox 2376 3072 2616 3126; x_wconf 87' lang='lat' dir='ltr'><strong>universi</strong></span> <span class='ocrx_word' id='word_1_432' title='bbox 2668 3079 2955 3135; x_wconf 85' lang='lat' dir='ltr'><strong>noverant,</strong></span> <span class='ocrx_word' id='word_1_433' title='bbox 3005 3072 3356 3127; x_wconf 83' lang='lat' dir='ltr'><strong>vehementer</strong></span> <span class='ocrx_word' id='word_1_434' title='bbox 3404 3072 3588 3126; x_wconf 88' lang='lat' dir='ltr'><strong>obstu-</strong></span> 
     </span>
    </p>
   </div>
   <div class='ocr_carea' id='block_1_61' title="bbox 340 3162 1909 3263">
    <p class='ocr_par' dir='ltr' id='par_1_61' title="bbox 340 3162 1909 3234">
     <span class='ocr_line' id='line_1_61' title="bbox 340 3162 1909 3234; baseline 0 -20"><span class='ocrx_word' id='word_1_435' title='bbox 340 3163 563 3233; x_wconf 71' lang='grc' dir='ltr'>σφόδρα.</span> <span class='ocrx_word' id='word_1_436' title='bbox 583 3162 889 3234; x_wconf 79' lang='grc' dir='ltr'>ᾘτήσαντο</span> <span class='ocrx_word' id='word_1_437' title='bbox 926 3162 982 3215; x_wconf 85' lang='grc' dir='ltr'><strong>δὲ</strong></span> <span class='ocrx_word' id='word_1_438' title='bbox 1013 3162 1176 3216; x_wconf 84' lang='grc' dir='ltr'>αὑτὸν</span> <span class='ocrx_word' id='word_1_439' title='bbox 1205 3164 1254 3214; x_wconf 86' lang='lat' dir='ltr'><strong>oi</strong></span> <span class='ocrx_word' id='word_1_440' title='bbox 1290 3164 1554 3232; x_wconf 84' lang='grc' dir='ltr'>ἄρχοντες</span> <span class='ocrx_word' id='word_1_441' title='bbox 1591 3166 1684 3216; x_wconf 73' lang='grc' dir='ltr'><strong>καὶ</strong></span> <span class='ocrx_word' id='word_1_442' title='bbox 1714 3165 1762 3215; x_wconf 80' lang='grc' dir='ltr'>οἱ</span> <span class='ocrx_word' id='word_1_443' title='bbox 1801 3181 1909 3234; x_wconf 87' lang='grc' dir='ltr'>τρι-</span> 
     </span>
    </p>
   </div>
   <div class='ocr_carea' id='block_1_62' title="bbox 2015 3162 3590 3263">
    <p class='ocr_par' dir='ltr' id='par_1_62' title="bbox 2021 3162 3590 3232">
     <span class='ocr_line' id='line_1_62' title="bbox 2021 3162 3590 3232; baseline 0.001 -15"><span class='ocrx_word' id='word_1_444' title='bbox 2021 3173 2280 3232; x_wconf 87' lang='lat' dir='ltr'><strong>puerunt.</strong></span> <span class='ocrx_word' id='word_1_445' title='bbox 2319 3162 2598 3232; x_wconf 73' lang='lat' dir='ltr'><strong>Rogarunt</strong></span> <span class='ocrx_word' id='word_1_446' title='bbox 2652 3171 2830 3216; x_wconf 88' lang='lat' dir='ltr'><strong>autem</strong></span> <span class='ocrx_word' id='word_1_447' title='bbox 2866 3172 3156 3232; x_wconf 70' lang='lat' dir='ltr'><strong>praetorem</strong></span> <span class='ocrx_word' id='word_1_448' title='bbox 3188 3164 3486 3218; x_wconf 85' lang='lat' dir='ltr'><strong>archontes</strong></span> <span class='ocrx_word' id='word_1_449' title='bbox 3525 3180 3590 3219; x_wconf 90' lang='lat' dir='ltr'><strong>ac</strong></span> 
     </span>
    </p>
   </div>
   <div class='ocr_carea' id='block_1_63' title="bbox 339 3254 1908 3323">
    <p class='ocr_par' dir='ltr' id='par_1_63' title="bbox 339 3254 1908 3323">
     <span class='ocr_line' id='line_1_63' title="bbox 339 3254 1908 3323; baseline 0.003 -18"><span class='ocrx_word' id='word_1_450' title='bbox 339 3254 519 3307; x_wconf 79' lang='grc' dir='ltr'>ϐοῦνοι</span> <span class='ocrx_word' id='word_1_451' title='bbox 559 3254 873 3307; x_wconf 80' lang='grc' dir='ltr'>ἀποστεῖλαι</span> <span class='ocrx_word' id='word_1_452' title='bbox 909 3255 1002 3307; x_wconf 72' lang='grc' dir='ltr'><strong>καὶ</strong></span> <span class='ocrx_word' id='word_1_453' title='bbox 1033 3255 1545 3323; x_wconf 77' lang='grc' dir='ltr'>κατασφαλίσασθαι</span> <span class='ocrx_word' id='word_1_454' title='bbox 1590 3256 1652 3308; x_wconf 85' lang='grc' dir='ltr'><strong>τὸ</strong></span> <span class='ocrx_word' id='word_1_455' title='bbox 1685 3257 1908 3309; x_wconf 84' lang='grc' dir='ltr'>ἐπισκο-</span> 
     </span>
    </p>
   </div>
   <div class='ocr_carea' id='block_1_64' title="bbox 339 3343 1910 3415">
    <p class='ocr_par' dir='ltr' id='par_1_64' title="bbox 339 3343 1910 3415">
     <span class='ocr_line' id='line_1_64' title="bbox 339 3343 1910 3415; baseline 0.001 -19"><span class='ocrx_word' id='word_1_456' title='bbox 339 3347 512 3398; x_wconf 86' lang='grc' dir='ltr'>πεῖον.</span> <span class='ocrx_word' id='word_1_457' title='bbox 552 3343 610 3398; x_wconf 84' lang='grc' dir='ltr'>Ὀ</span> <span class='ocrx_word' id='word_1_458' title='bbox 654 3344 711 3397; x_wconf 79' lang='grc' dir='ltr'><strong>δὲ</strong></span> <span class='ocrx_word' id='word_1_459' title='bbox 743 3345 928 3415; x_wconf 79' lang='grc' dir='ltr'>ἄρχων</span> <span class='ocrx_word' id='word_1_460' title='bbox 965 3344 1066 3413; x_wconf 79' lang='grc' dir='ltr'>τῆς</span> <span class='ocrx_word' id='word_1_461' title='bbox 1100 3345 1350 3406; x_wconf 83' lang='grc' dir='ltr'>Σικελίας</span> <span class='ocrx_word' id='word_1_462' title='bbox 1392 3345 1488 3397; x_wconf 79' lang='grc' dir='ltr'>καὶ</span> <span class='ocrx_word' id='word_1_463' title='bbox 1536 3347 1564 3398; x_wconf 83' lang='grc' dir='ltr'><strong>ὁ</strong></span> <span class='ocrx_word' id='word_1_464' title='bbox 1611 3347 1910 3406; x_wconf 79' lang='grc' dir='ltr'>ἐπίσκοπος</span> 
     </span>
    </p>
   </div>
   <div class='ocr_carea' id='block_1_65' title="bbox 336 3436 1910 3508">
    <p class='ocr_par' dir='ltr' id='par_1_65' title="bbox 336 3436 1910 3508">
     <span class='ocr_line' id='line_1_65' title="bbox 336 3436 1910 3508; baseline 0.001 -20"><span class='ocrx_word' id='word_1_465' title='bbox 336 3436 669 3490; x_wconf 84' lang='grc' dir='ltr'>ἀπέστειλαν</span> <span class='ocrx_word' id='word_1_466' title='bbox 700 3437 903 3508; x_wconf 82' lang='grc' dir='ltr'>ἄνδρας</span> <span class='ocrx_word' id='word_1_467' title='bbox 934 3437 1200 3500; x_wconf 82' lang='grc' dir='ltr'>εὐσεϐεῖς,</span> <span class='ocrx_word' id='word_1_468' title='bbox 1247 3439 1274 3490; x_wconf 85' lang='grc' dir='ltr'>ὁ</span> <span class='ocrx_word' id='word_1_469' title='bbox 1299 3437 1396 3506; x_wconf 81' lang='grc' dir='ltr'>μὲν</span> <span class='ocrx_word' id='word_1_470' title='bbox 1431 3437 1726 3500; x_wconf 84' lang='grc' dir='ltr'>ἐπίσκοπος</span> <span class='ocrx_word' id='word_1_471' title='bbox 1751 3438 1910 3506; x_wconf 84' lang='grc' dir='ltr'>ἀρχι-</span> 
     </span>
    </p>
   </div>
   <div class='ocr_carea' id='block_1_66' title="bbox 333 3525 1912 3597">
    <p class='ocr_par' dir='ltr' id='par_1_66' title="bbox 333 3525 1912 3597">
     <span class='ocr_line' id='line_1_66' title="bbox 333 3525 1912 3597; baseline 0 -18"><span class='ocrx_word' id='word_1_472' title='bbox 333 3529 582 3580; x_wconf 82' lang='grc' dir='ltr'>διάκονον</span> <span class='ocrx_word' id='word_1_473' title='bbox 614 3525 803 3590; x_wconf 80' lang='grc' dir='ltr'>αὐτοῦ,</span> <span class='ocrx_word' id='word_1_474' title='bbox 825 3529 854 3579; x_wconf 85' lang='grc' dir='ltr'><em>ὸ</em></span> <span class='ocrx_word' id='word_1_475' title='bbox 881 3527 939 3580; x_wconf 82' lang='grc' dir='ltr'><strong>δὲ</strong></span> <span class='ocrx_word' id='word_1_476' title='bbox 977 3527 1163 3597; x_wconf 83' lang='grc' dir='ltr'>ἄρχων</span> <span class='ocrx_word' id='word_1_477' title='bbox 1188 3527 1400 3580; x_wconf 72' lang='grc' dir='ltr'>Παῦλον</span> <span class='ocrx_word' id='word_1_478' title='bbox 1433 3544 1555 3580; x_wconf 86' lang='grc' dir='ltr'>τινα</span> <span class='ocrx_word' id='word_1_479' title='bbox 1580 3527 1716 3596; x_wconf 84' lang='grc' dir='ltr'><strong>μετά</strong></span> <span class='ocrx_word' id='word_1_480' title='bbox 1746 3543 1912 3597; x_wconf 74' lang='grc' dir='ltr'>στρα-</span> 
     </span>
    </p>
   </div>
   <div class='ocr_carea' id='block_1_67' title="bbox 333 3617 1913 3688">
    <p class='ocr_par' dir='ltr' id='par_1_67' title="bbox 333 3617 1913 3688">
     <span class='ocr_line' id='line_1_67' title="bbox 333 3617 1913 3688; baseline -0.001 -16"><span class='ocrx_word' id='word_1_481' title='bbox 333 3617 562 3672; x_wconf 83' lang='grc' dir='ltr'>τοπέδου</span> <span class='ocrx_word' id='word_1_482' title='bbox 592 3617 684 3671; x_wconf 80' lang='grc' dir='ltr'><strong>τὸν</strong></span> <span class='ocrx_word' id='word_1_483' title='bbox 715 3619 948 3688; x_wconf 77' lang='grc' dir='ltr'>ἀριθμὸν</span> <span class='ocrx_word' id='word_1_484' title='bbox 985 3619 1275 3672; x_wconf 74' lang='grc' dir='ltr'>διακοσίων</span> <span class='ocrx_word' id='word_1_485' title='bbox 1299 3637 1311 3649; x_wconf 76' lang='grc' dir='ltr'><strong><em>ο</em></strong></span> <span class='ocrx_word' id='word_1_486' title='bbox 1369 3620 1462 3671; x_wconf 81' lang='grc' dir='ltr'>καὶ</span> <span class='ocrx_word' id='word_1_487' title='bbox 1503 3617 1734 3686; x_wconf 79' lang='grc' dir='ltr'>ἀνῆλθον</span> <span class='ocrx_word' id='word_1_488' title='bbox 1775 3617 1913 3687; x_wconf 83' lang='grc' dir='ltr'><strong>μετά</strong></span> 
     </span>
    </p>
   </div>
   <div class='ocr_carea' id='block_1_68' title="bbox 336 3708 1907 3780">
    <p class='ocr_par' dir='ltr' id='par_1_68' title="bbox 336 3708 1907 3780">
     <span class='ocr_line' id='line_1_68' title="bbox 336 3708 1907 3780; baseline 0 -18"><span class='ocrx_word' id='word_1_489' title='bbox 336 3710 445 3770; x_wconf 81' lang='grc' dir='ltr'>τῶν</span> <span class='ocrx_word' id='word_1_490' title='bbox 468 3708 766 3778; x_wconf 88' lang='grc' dir='ltr'>τριϐοὐνων</span> <span class='ocrx_word' id='word_1_491' title='bbox 803 3710 863 3762; x_wconf 86' lang='grc' dir='ltr'><strong>ἐν</strong></span> <span class='ocrx_word' id='word_1_492' title='bbox 893 3712 959 3780; x_wconf 87' lang='grc' dir='ltr'>τῇ</span> <span class='ocrx_word' id='word_1_493' title='bbox 998 3710 1438 3778; x_wconf 82' lang='grc' dir='ltr'>’Λκραγαντίνων</span> <span class='ocrx_word' id='word_1_494' title='bbox 1471 3710 1642 3774; x_wconf 72' lang='grc' dir='ltr'>πόλει,</span> <span class='ocrx_word' id='word_1_495' title='bbox 1687 3710 1780 3761; x_wconf 74' lang='grc' dir='ltr'><strong>καὶ</strong></span> <span class='ocrx_word' id='word_1_496' title='bbox 1814 3711 1907 3762; x_wconf 82' lang='grc' dir='ltr'>ἐπ-</span> 
     </span>
    </p>
   </div>
   <div class='ocr_carea' id='block_1_69' title="bbox 338 3798 1909 3870">
    <p class='ocr_par' dir='ltr' id='par_1_69' title="bbox 338 3798 1909 3870">
     <span class='ocr_line' id='line_1_69' title="bbox 338 3798 1909 3870; baseline -0.002 -18"><span class='ocrx_word' id='word_1_497' title='bbox 338 3799 740 3869; x_wconf 81' lang='grc' dir='ltr'>εσφραγίσαντο</span> <span class='ocrx_word' id='word_1_498' title='bbox 764 3798 901 3869; x_wconf 82' lang='grc' dir='ltr'>μετὰ</span> <span class='ocrx_word' id='word_1_499' title='bbox 933 3801 1112 3870; x_wconf 84' lang='grc' dir='ltr'>πάσης</span> <span class='ocrx_word' id='word_1_500' title='bbox 1139 3799 1424 3870; x_wconf 79' lang='grc' dir='ltr'>ἀκριϐείας</span> <span class='ocrx_word' id='word_1_501' title='bbox 1451 3800 1512 3852; x_wconf 85' lang='grc' dir='ltr'><strong>τὸ</strong></span> <span class='ocrx_word' id='word_1_502' title='bbox 1541 3799 1909 3859; x_wconf 84' lang='grc' dir='ltr'>ἐπισκοπεῖον,</span> 
     </span>
    </p>
   </div>
   <div class='ocr_carea' id='block_1_70' title="bbox 339 3889 1913 3962">
    <p class='ocr_par' dir='ltr' id='par_1_70' title="bbox 339 3889 1913 3962">
     <span class='ocr_line' id='line_1_70' title="bbox 339 3889 1913 3962; baseline -0.001 -19"><span class='ocrx_word' id='word_1_503' title='bbox 339 3894 431 3945; x_wconf 79' lang='grc' dir='ltr'>καὶ</span> <span class='ocrx_word' id='word_1_504' title='bbox 472 3890 800 3962; x_wconf 78' lang='grc' dir='ltr'>παρέδωκαν</span> <span class='ocrx_word' id='word_1_505' title='bbox 832 3889 909 3960; x_wconf 79' lang='grc' dir='ltr'><strong>τῷ</strong></span> <span class='ocrx_word' id='word_1_506' title='bbox 942 3891 1308 3961; x_wconf 78' lang='grc' dir='ltr'>ἀρχιδιακὸνῳ</span> <span class='ocrx_word' id='word_1_507' title='bbox 1343 3889 1562 3960; x_wconf 71' lang='grc' dir='ltr'>Εὗπλῳ.</span> <span class='ocrx_word' id='word_1_508' title='bbox 1613 3889 1831 3942; x_wconf 79' lang='grc' dir='ltr'>Τούτων</span> <span class='ocrx_word' id='word_1_509' title='bbox 1857 3890 1913 3942; x_wconf 85' lang='grc' dir='ltr'>δὲ</span> 
     </span>
    </p>
   </div>
   <div class='ocr_carea' id='block_1_71' title="bbox 337 3978 1913 4054">
    <p class='ocr_par' dir='ltr' id='par_1_71' title="bbox 337 3978 1913 4054">
     <span class='ocr_line' id='line_1_71' title="bbox 337 3978 1913 4054; baseline -0.001 -17"><span class='ocrx_word' id='word_1_510' title='bbox 337 3985 811 4054; x_wconf 80' lang='grc' dir='ltr'>ἀναχωρησάντων</span> <span class='ocrx_word' id='word_1_511' title='bbox 835 3983 1184 4052; x_wconf 85' lang='grc' dir='ltr'>συνήχθησαν</span> <span class='ocrx_word' id='word_1_512' title='bbox 1202 3985 1248 4034; x_wconf 81' lang='grc' dir='ltr'><strong>οἱ</strong></span> <span class='ocrx_word' id='word_1_513' title='bbox 1277 3982 1483 4051; x_wconf 87' lang='grc' dir='ltr'>ἀνίεροι</span> <span class='ocrx_word' id='word_1_514' title='bbox 1510 3985 1708 4036; x_wconf 84' lang='grc' dir='ltr'>ἐκεῖνοι</span> <span class='ocrx_word' id='word_1_515' title='bbox 1729 3999 1743 4013; x_wconf 89' lang='grc'><strong>·</strong></span> <span class='ocrx_word' id='word_1_516' title='bbox 1771 3978 1913 4053; x_wconf 78' lang='grc' dir='ltr'>ἦσαν</span> 
     </span>
    </p>
   </div>
   <div class='ocr_carea' id='block_1_72' title="bbox 339 4073 1912 4146">
    <p class='ocr_par' dir='ltr' id='par_1_72' title="bbox 339 4073 1912 4146">
     <span class='ocr_line' id='line_1_72' title="bbox 339 4073 1912 4146; baseline -0.001 -19"><span class='ocrx_word' id='word_1_517' title='bbox 339 4075 449 4146; x_wconf 80' lang='grc' dir='ltr'><strong>γὰρ</strong></span> <span class='ocrx_word' id='word_1_518' title='bbox 475 4075 704 4136; x_wconf 79' lang='grc' dir='ltr'>ἑαυτοὺς</span> <span class='ocrx_word' id='word_1_519' title='bbox 741 4073 1274 4144; x_wconf 73' lang='grc' dir='ltr'>κατασφαλιζὸμενοι</span> <span class='ocrx_word' id='word_1_520' title='bbox 1296 4113 1311 4136; x_wconf 85' lang='grc'><strong>,</strong></span> <span class='ocrx_word' id='word_1_521' title='bbox 1343 4074 1439 4126; x_wconf 69' lang='grc' dir='ltr'><strong>καὶ</strong></span> <span class='ocrx_word' id='word_1_522' title='bbox 1469 4073 1750 4137; x_wconf 76' lang='grc' dir='ltr'>ποιοῦντες</span> <span class='ocrx_word' id='word_1_523' title='bbox 1786 4092 1912 4126; x_wconf 80' lang='grc' dir='ltr'>συν-</span> 
     </span>
    </p>
   </div>
   <div class='ocr_carea' id='block_1_73' title="bbox 339 4164 1916 4237">
    <p class='ocr_par' dir='ltr' id='par_1_73' title="bbox 339 4164 1916 4237">
     <span class='ocr_line' id='line_1_73' title="bbox 339 4164 1916 4237; baseline -0.001 -17"><span class='ocrx_word' id='word_1_524' title='bbox 339 4167 568 4237; x_wconf 83' lang='grc' dir='ltr'>ομοσίαν</span> <span class='ocrx_word' id='word_1_525' title='bbox 602 4165 718 4233; x_wconf 83' lang='grc' dir='ltr'>μετ’</span> <span class='ocrx_word' id='word_1_526' title='bbox 745 4166 994 4234; x_wconf 77' lang='grc' dir='ltr'>ἀλλήλων</span> <span class='ocrx_word' id='word_1_527' title='bbox 1038 4164 1132 4218; x_wconf 83' lang='grc' dir='ltr'>τοῦ</span> <span class='ocrx_word' id='word_1_528' title='bbox 1168 4164 1241 4233; x_wconf 79' lang='grc' dir='ltr'><strong>μὴ</strong></span> <span class='ocrx_word' id='word_1_529' title='bbox 1273 4165 1429 4218; x_wconf 84' lang='grc' dir='ltr'>ἐάσαι</span> <span class='ocrx_word' id='word_1_530' title='bbox 1487 4166 1577 4216; x_wconf 78' lang='grc' dir='ltr'>τὸν</span> <span class='ocrx_word' id='word_1_531' title='bbox 1606 4165 1916 4235; x_wconf 78' lang='grc' dir='ltr'>ἀρχιδιάκοο</span> 
     </span>
    </p>
   </div>
   <div class='ocr_carea' id='block_1_74' title="bbox 342 4257 1916 4328">
    <p class='ocr_par' dir='ltr' id='par_1_74' title="bbox 342 4257 1916 4328">
     <span class='ocr_line' id='line_1_74' title="bbox 342 4257 1916 4328; baseline -0.001 -17"><span class='ocrx_word' id='word_1_532' title='bbox 342 4278 431 4313; x_wconf 87' lang='grc' dir='ltr'><strong>νον</strong></span> <span class='ocrx_word' id='word_1_533' title='bbox 475 4259 687 4314; x_wconf 74' lang='grc' dir='ltr'>Εὔπλον</span> <span class='ocrx_word' id='word_1_534' title='bbox 736 4259 998 4312; x_wconf 73' lang='grc' dir='ltr'>εἰσελθεῖν</span> <span class='ocrx_word' id='word_1_535' title='bbox 1035 4261 1092 4310; x_wconf 84' lang='grc' dir='ltr'><strong>ὲν</strong></span> <span class='ocrx_word' id='word_1_536' title='bbox 1137 4257 1214 4328; x_wconf 79' lang='grc' dir='ltr'>τῷ</span> <span class='ocrx_word' id='word_1_537' title='bbox 1257 4257 1616 4326; x_wconf 84' lang='grc' dir='ltr'>ἐπισκοπείῳ,</span> <span class='ocrx_word' id='word_1_538' title='bbox 1663 4257 1776 4310; x_wconf 77' lang='grc' dir='ltr'>ἀλλ’</span> <span class='ocrx_word' id='word_1_539' title='bbox 1827 4259 1916 4310; x_wconf 81' lang='grc' dir='ltr'><strong>ἑν-</strong></span> 
     </span>
    </p>
   </div>
   <div class='ocr_carea' id='block_1_75' title="bbox 342 4349 1916 4424">
    <p class='ocr_par' dir='ltr' id='par_1_75' title="bbox 342 4349 1916 4424">
     <span class='ocr_line' id='line_1_75' title="bbox 342 4349 1916 4424; baseline -0.001 -20"><span class='ocrx_word' id='word_1_540' title='bbox 342 4352 594 4424; x_wconf 81' lang='grc' dir='ltr'>εδρεῦσαι</span> <span class='ocrx_word' id='word_1_541' title='bbox 623 4351 721 4406; x_wconf 78' lang='grc' dir='ltr'>καὶ</span> <span class='ocrx_word' id='word_1_542' title='bbox 752 4352 1069 4404; x_wconf 84' lang='grc' dir='ltr'>ἀποκτεῖναι</span> <span class='ocrx_word' id='word_1_543' title='bbox 1096 4350 1261 4403; x_wconf 71' lang='grc' dir='ltr'>αὑτὸν</span> <span class='ocrx_word' id='word_1_544' title='bbox 1293 4351 1351 4402; x_wconf 82' lang='grc' dir='ltr'><strong>ἐν</strong></span> <span class='ocrx_word' id='word_1_545' title='bbox 1381 4351 1558 4404; x_wconf 82' lang='grc' dir='ltr'>νυκτί.</span> <span class='ocrx_word' id='word_1_546' title='bbox 1577 4350 1635 4401; x_wconf 87' lang='lat'><strong>&#39;0</strong></span> <span class='ocrx_word' id='word_1_547' title='bbox 1663 4349 1719 4401; x_wconf 83' lang='grc' dir='ltr'>δὲ</span> <span class='ocrx_word' id='word_1_548' title='bbox 1743 4349 1916 4403; x_wconf 82' lang='grc' dir='ltr'>ταῦτα</span> 
     </span>
    </p>
   </div>
   <div class='ocr_carea' id='block_1_76' title="bbox 2019 3255 3589 3326">
    <p class='ocr_par' dir='ltr' id='par_1_76' title="bbox 2019 3255 3589 3326">
     <span class='ocr_line' id='line_1_76' title="bbox 2019 3255 3589 3326; baseline -0.001 -17"><span class='ocrx_word' id='word_1_549' title='bbox 2019 3256 2247 3323; x_wconf 90' lang='lat' dir='ltr'><strong>tribuni,</strong></span> <span class='ocrx_word' id='word_1_550' title='bbox 2287 3267 2346 3310; x_wconf 92' lang='lat' dir='ltr'><strong>ut</strong></span> <span class='ocrx_word' id='word_1_551' title='bbox 2372 3255 2728 3326; x_wconf 74' lang='lat' dir='ltr'><strong>Agrigentum</strong></span> <span class='ocrx_word' id='word_1_552' title='bbox 2765 3255 3006 3311; x_wconf 87' lang='lat' dir='ltr'><strong>mitteret</strong></span> <span class='ocrx_word' id='word_1_553' title='bbox 3037 3257 3131 3326; x_wconf 86' lang='lat' dir='ltr'><strong>qui</strong></span> <span class='ocrx_word' id='word_1_554' title='bbox 3168 3256 3387 3310; x_wconf 90' lang='lat' dir='ltr'><strong>domum</strong></span> <span class='ocrx_word' id='word_1_555' title='bbox 3419 3257 3589 3326; x_wconf 87' lang='lat' dir='ltr'><strong>ponti-</strong></span> 
     </span>
    </p>
   </div>
   <div class='ocr_carea' id='block_1_77' title="bbox 2017 3345 3588 3416">
    <p class='ocr_par' dir='ltr' id='par_1_77' title="bbox 2017 3345 3588 3416">
     <span class='ocr_line' id='line_1_77' title="bbox 2017 3345 3588 3416; baseline -0.002 -15"><span class='ocrx_word' id='word_1_556' title='bbox 2017 3346 2227 3401; x_wconf 86' lang='lat' dir='ltr'><strong>llcalein</strong></span> <span class='ocrx_word' id='word_1_557' title='bbox 2257 3355 2428 3400; x_wconf 89' lang='lat' dir='ltr'><strong>tutam</strong></span> <span class='ocrx_word' id='word_1_558' title='bbox 2453 3345 2764 3400; x_wconf 80' lang='lat' dir='ltr'><strong>redderent.</strong></span> <span class='ocrx_word' id='word_1_559' title='bbox 2807 3345 2897 3399; x_wconf 88' lang='lat' dir='ltr'><strong>Ille</strong></span> <span class='ocrx_word' id='word_1_560' title='bbox 2931 3361 3058 3398; x_wconf 86' lang='lat' dir='ltr'><strong>vero</strong></span> <span class='ocrx_word' id='word_1_561' title='bbox 3084 3362 3147 3400; x_wconf 90' lang='lat' dir='ltr'><strong>ac</strong></span> <span class='ocrx_word' id='word_1_562' title='bbox 3178 3347 3342 3401; x_wconf 85' lang='lat' dir='ltr'><strong>simul</strong></span> <span class='ocrx_word' id='word_1_563' title='bbox 3377 3349 3588 3416; x_wconf 85' lang='lat' dir='ltr'><strong>episeo-</strong></span> 
     </span>
    </p>
   </div>
   <div class='ocr_carea' id='block_1_78' title="bbox 2019 3438 3590 3510">
    <p class='ocr_par' dir='ltr' id='par_1_78' title="bbox 2019 3438 3590 3510">
     <span class='ocr_line' id='line_1_78' title="bbox 2019 3438 3590 3510; baseline -0.003 -16"><span class='ocrx_word' id='word_1_564' title='bbox 2019 3455 2122 3510; x_wconf 92' lang='lat' dir='ltr'><strong>pus</strong></span> <span class='ocrx_word' id='word_1_565' title='bbox 2153 3441 2273 3509; x_wconf 90' lang='lat' dir='ltr'><strong>pios</strong></span> <span class='ocrx_word' id='word_1_566' title='bbox 2309 3438 2454 3492; x_wconf 89' lang='lat' dir='ltr'><strong>viros</strong></span> <span class='ocrx_word' id='word_1_567' title='bbox 2499 3439 2847 3508; x_wconf 87' lang='lat' dir='ltr'><strong>delegarunt,</strong></span> <span class='ocrx_word' id='word_1_568' title='bbox 2897 3440 3343 3492; x_wconf 85' lang='lat' dir='ltr'><strong>archidiaconuin</strong></span> <span class='ocrx_word' id='word_1_569' title='bbox 3397 3455 3590 3508; x_wconf 81' lang='lat' dir='ltr'><strong>nempe</strong></span> 
     </span>
    </p>
   </div>
   <div class='ocr_carea' id='block_1_79' title="bbox 2020 3530 3587 3601">
    <p class='ocr_par' dir='ltr' id='par_1_79' title="bbox 2020 3530 3587 3601">
     <span class='ocr_line' id='line_1_79' title="bbox 2020 3530 3587 3601; baseline -0.003 -13"><span class='ocrx_word' id='word_1_570' title='bbox 2020 3548 2181 3588; x_wconf 88' lang='lat' dir='ltr'><strong>suum</strong></span> <span class='ocrx_word' id='word_1_571' title='bbox 2223 3532 2537 3601; x_wconf 84' lang='lat' dir='ltr'><strong>episcopus,</strong></span> <span class='ocrx_word' id='word_1_572' title='bbox 2572 3543 2772 3600; x_wconf 56' lang='lat' dir='ltr'><strong>prator</strong></span> <span class='ocrx_word' id='word_1_573' title='bbox 2813 3541 2993 3585; x_wconf 88' lang='lat' dir='ltr'><strong>autem</strong></span> <span class='ocrx_word' id='word_1_574' title='bbox 3035 3530 3261 3585; x_wconf 81' lang='lat' dir='ltr'><strong>Paulum</strong></span> <span class='ocrx_word' id='word_1_575' title='bbox 3294 3533 3587 3600; x_wconf 82' lang='lat' dir='ltr'><strong>quemdam</strong></span> 
     </span>
    </p>
   </div>
   <div class='ocr_carea' id='block_1_80' title="bbox 2020 3625 3588 3694">
    <p class='ocr_par' dir='ltr' id='par_1_80' title="bbox 2020 3625 3588 3694">
     <span class='ocr_line' id='line_1_80' title="bbox 2020 3625 3588 3694; baseline -0.002 -13"><span class='ocrx_word' id='word_1_576' title='bbox 2020 3642 2145 3682; x_wconf 85' lang='lat' dir='ltr'><strong>cum</strong></span> <span class='ocrx_word' id='word_1_577' title='bbox 2197 3628 2566 3680; x_wconf 88' lang='lat' dir='ltr'><strong>ducentorum</strong></span> <span class='ocrx_word' id='word_1_578' title='bbox 2614 3636 2954 3680; x_wconf 89' lang='lat' dir='ltr'><strong>armatorum</strong></span> <span class='ocrx_word' id='word_1_579' title='bbox 3011 3625 3236 3680; x_wconf 88' lang='lat' dir='ltr'><strong>cohorte</strong></span> <span class='ocrx_word' id='word_1_580' title='bbox 3275 3625 3414 3694; x_wconf 90' lang='lat' dir='ltr'><strong>:qui</strong></span> <span class='ocrx_word' id='word_1_581' title='bbox 3464 3640 3588 3678; x_wconf 83' lang='lat' dir='ltr'><strong>cum</strong></span> 
     </span>
    </p>
   </div>
   <div class='ocr_carea' id='block_1_81' title="bbox 2023 3717 3589 3788">
    <p class='ocr_par' dir='ltr' id='par_1_81' title="bbox 2023 3717 3589 3788">
     <span class='ocr_line' id='line_1_81' title="bbox 2023 3717 3589 3788; baseline -0.001 -16"><span class='ocrx_word' id='word_1_582' title='bbox 2023 3717 2257 3772; x_wconf 88' lang='lat' dir='ltr'><strong>tribunis</strong></span> <span class='ocrx_word' id='word_1_583' title='bbox 2286 3717 2639 3788; x_wconf 84' lang='lat' dir='ltr'><strong>Agrigentum</strong></span> <span class='ocrx_word' id='word_1_584' title='bbox 2677 3719 2930 3788; x_wconf 90' lang='lat' dir='ltr'><strong>ingressi,</strong></span> <span class='ocrx_word' id='word_1_585' title='bbox 2962 3719 3186 3772; x_wconf 90' lang='lat' dir='ltr'><strong>domum</strong></span> <span class='ocrx_word' id='word_1_586' title='bbox 3222 3717 3589 3786; x_wconf 67' lang='lat' dir='ltr'><strong>pontificalem</strong></span> 
     </span>
    </p>
   </div>
   <div class='ocr_carea' id='block_1_82' title="bbox 2021 3809 3592 3879">
    <p class='ocr_par' dir='ltr' id='par_1_82' title="bbox 2021 3809 3592 3879">
     <span class='ocr_line' id='line_1_82' title="bbox 2021 3809 3592 3879; baseline -0.002 -15"><span class='ocrx_word' id='word_1_587' title='bbox 2021 3809 2438 3878; x_wconf 83' lang='lat' dir='ltr'><strong>diligentissime</strong></span> <span class='ocrx_word' id='word_1_588' title='bbox 2465 3809 2846 3878; x_wconf 77' lang='lat' dir='ltr'><strong>obsignarunt,</strong></span> <span class='ocrx_word' id='word_1_589' title='bbox 2879 3825 3108 3879; x_wconf 83' lang='lat' dir='ltr'><strong>eamque</strong></span> <span class='ocrx_word' id='word_1_590' title='bbox 3136 3810 3288 3879; x_wconf 81' lang='lat' dir='ltr'><strong>Enpli</strong></span> <span class='ocrx_word' id='word_1_591' title='bbox 3319 3811 3592 3863; x_wconf 79' lang='lat' dir='ltr'><strong>archidia-</strong></span> 
     </span>
    </p>
   </div>
   <div class='ocr_carea' id='block_1_83' title="bbox 2023 3889 3590 3970">
    <p class='ocr_par' dir='ltr' id='par_1_83' title="bbox 2023 3889 3590 3970">
     <span class='ocr_line' id='line_1_83' title="bbox 2023 3889 3590 3970; baseline 0 -17"><span class='ocrx_word' id='word_1_592' title='bbox 2023 3889 2146 3953; x_wconf 86' lang='lat' dir='ltr'><strong>coiii</strong></span> <span class='ocrx_word' id='word_1_593' title='bbox 2179 3899 2362 3954; x_wconf 73' lang='lat' dir='ltr'><strong>tutelae</strong></span> <span class='ocrx_word' id='word_1_594' title='bbox 2401 3899 2821 3952; x_wconf 87' lang='lat' dir='ltr'><strong>commiserunt.</strong></span> <span class='ocrx_word' id='word_1_595' title='bbox 2852 3899 2920 3952; x_wconf 87' lang='lat' dir='ltr'><strong>At</strong></span> <span class='ocrx_word' id='word_1_596' title='bbox 2960 3901 3050 3951; x_wconf 89' lang='lat' dir='ltr'><strong>ubi</strong></span> <span class='ocrx_word' id='word_1_597' title='bbox 3105 3898 3181 3952; x_wconf 88' lang='lat' dir='ltr'><strong>illi</strong></span> <span class='ocrx_word' id='word_1_598' title='bbox 3221 3916 3279 3953; x_wconf 92' lang='lat' dir='ltr'><strong>se</strong></span> <span class='ocrx_word' id='word_1_599' title='bbox 3315 3916 3590 3970; x_wconf 74' lang='lat' dir='ltr'><strong>reci-pere,</strong></span> 
     </span>
    </p>
   </div>
   <div class='ocr_carea' id='block_1_84' title="bbox 2023 3990 3589 4062">
    <p class='ocr_par' dir='ltr' id='par_1_84' title="bbox 2023 3990 3589 4062">
     <span class='ocr_line' id='line_1_84' title="bbox 2023 3990 3589 4062; baseline -0.001 -17"><span class='ocrx_word' id='word_1_600' title='bbox 2023 3991 2301 4061; x_wconf 69' lang='lat' dir='ltr'><strong>sacrilega:</strong></span> <span class='ocrx_word' id='word_1_601' title='bbox 2324 3990 2580 4046; x_wconf 78' lang='lat' dir='ltr'><strong>factionis</strong></span> <span class='ocrx_word' id='word_1_602' title='bbox 2611 3991 2864 4046; x_wconf 88' lang='lat' dir='ltr'><strong>homines</strong></span> <span class='ocrx_word' id='word_1_603' title='bbox 2894 4009 3086 4049; x_wconf 89' lang='lat' dir='ltr'><strong>rursus</strong></span> <span class='ocrx_word' id='word_1_604' title='bbox 3114 3992 3390 4062; x_wconf 81' lang='lat' dir='ltr'><strong>congressi</strong></span> <span class='ocrx_word' id='word_1_605' title='bbox 3422 4002 3549 4044; x_wconf 87' lang='lat' dir='ltr'><strong>sunt</strong></span> <span class='ocrx_word' id='word_1_606' title='bbox 3575 4009 3589 4044; x_wconf 85' lang='lat'>:</span> 
     </span>
    </p>
   </div>
   <div class='ocr_carea' id='block_1_85' title="bbox 2022 4081 3592 4153">
    <p class='ocr_par' dir='ltr' id='par_1_85' title="bbox 2022 4081 3592 4153">
     <span class='ocr_line' id='line_1_85' title="bbox 2022 4081 3592 4153; baseline -0.001 -15"><span class='ocrx_word' id='word_1_607' title='bbox 2022 4084 2223 4153; x_wconf 87' lang='lat' dir='ltr'><strong>quippe</strong></span> <span class='ocrx_word' id='word_1_608' title='bbox 2257 4098 2315 4138; x_wconf 91' lang='lat' dir='ltr'><strong>se</strong></span> <span class='ocrx_word' id='word_1_609' title='bbox 2343 4082 2547 4136; x_wconf 89' lang='lat' dir='ltr'><strong>interea</strong></span> <span class='ocrx_word' id='word_1_610' title='bbox 2575 4081 2932 4148; x_wconf 86' lang='lat' dir='ltr'><strong>abdiderant;</strong></span> <span class='ocrx_word' id='word_1_611' title='bbox 2966 4083 3215 4152; x_wconf 88' lang='lat' dir='ltr'><strong>interque</strong></span> <span class='ocrx_word' id='word_1_612' title='bbox 3245 4099 3302 4138; x_wconf 89' lang='lat' dir='ltr'><strong>se</strong></span> <span class='ocrx_word' id='word_1_613' title='bbox 3333 4083 3592 4150; x_wconf 63' lang='lat' dir='ltr'><strong>conjurao</strong></span> 
     </span>
    </p>
   </div>
   <div class='ocr_carea' id='block_1_86' title="bbox 2023 4173 3593 4243">
    <p class='ocr_par' dir='ltr' id='par_1_86' title="bbox 2023 4173 3593 4243">
     <span class='ocr_line' id='line_1_86' title="bbox 2023 4173 3593 4243; baseline -0.001 -15"><span class='ocrx_word' id='word_1_614' title='bbox 2023 4184 2171 4240; x_wconf 88' lang='lat' dir='ltr'><strong>runt,</strong></span> <span class='ocrx_word' id='word_1_615' title='bbox 2207 4183 2264 4227; x_wconf 92' lang='lat' dir='ltr'><strong>ut</strong></span> <span class='ocrx_word' id='word_1_616' title='bbox 2309 4173 2540 4242; x_wconf 83' lang='lat' dir='ltr'><strong>Euplum</strong></span> <span class='ocrx_word' id='word_1_617' title='bbox 2581 4173 3028 4228; x_wconf 87' lang='lat' dir='ltr'><strong>archidiaconum</strong></span> <span class='ocrx_word' id='word_1_618' title='bbox 3065 4190 3094 4228; x_wconf 90' lang='lat' dir='ltr'><strong>a</strong></span> <span class='ocrx_word' id='word_1_619' title='bbox 3135 4176 3334 4228; x_wconf 88' lang='lat' dir='ltr'><strong>domus</strong></span> <span class='ocrx_word' id='word_1_620' title='bbox 3373 4176 3593 4243; x_wconf 86' lang='lat' dir='ltr'><strong>pontili-</strong></span> 
     </span>
    </p>
   </div>
   <div class='ocr_carea' id='block_1_87' title="bbox 2023 4265 3594 4335">
    <p class='ocr_par' dir='ltr' id='par_1_87' title="bbox 2023 4265 3594 4335">
     <span class='ocr_line' id='line_1_87' title="bbox 2023 4265 3594 4335; baseline -0.002 -15"><span class='ocrx_word' id='word_1_621' title='bbox 2023 4267 2157 4320; x_wconf 89' lang='lat' dir='ltr'><strong>ealis</strong></span> <span class='ocrx_word' id='word_1_622' title='bbox 2210 4265 2457 4334; x_wconf 87' lang='lat' dir='ltr'><strong>ingressu</strong></span> <span class='ocrx_word' id='word_1_623' title='bbox 2512 4265 2906 4334; x_wconf 84' lang='lat' dir='ltr'><strong>prohiberent,</strong></span> <span class='ocrx_word' id='word_1_624' title='bbox 2958 4275 3012 4319; x_wconf 89' lang='lat' dir='ltr'><strong>et</strong></span> <span class='ocrx_word' id='word_1_625' title='bbox 3057 4267 3235 4334; x_wconf 82' lang='lat' dir='ltr'><strong>ipsum</strong></span> <span class='ocrx_word' id='word_1_626' title='bbox 3289 4275 3450 4320; x_wconf 87' lang='lat' dir='ltr'><strong>noctu</strong></span> <span class='ocrx_word' id='word_1_627' title='bbox 3499 4282 3594 4335; x_wconf 74' lang='lat' dir='ltr'><strong>per</strong></span> 
     </span>
    </p>
   </div>
   <div class='ocr_carea' id='block_1_88' title="bbox 2023 4355 3592 4412">
    <p class='ocr_par' dir='ltr' id='par_1_88' title="bbox 2023 4355 3592 4412">
     <span class='ocr_line' id='line_1_88' title="bbox 2023 4355 3592 4412; baseline 0.001 -3"><span class='ocrx_word' id='word_1_628' title='bbox 2023 4355 2253 4409; x_wconf 86' lang='lat' dir='ltr'><strong>insidias</strong></span> <span class='ocrx_word' id='word_1_629' title='bbox 2278 4355 2344 4408; x_wconf 88' lang='lat' dir='ltr'><strong>de</strong></span> <span class='ocrx_word' id='word_1_630' title='bbox 2376 4355 2559 4409; x_wconf 91' lang='lat' dir='ltr'><strong>medio</strong></span> <span class='ocrx_word' id='word_1_631' title='bbox 2591 4355 2866 4410; x_wconf 89' lang='lat' dir='ltr'><strong>tollerent.</strong></span> <span class='ocrx_word' id='word_1_632' title='bbox 2895 4355 3022 4411; x_wconf 66' lang='lat' dir='ltr'><strong>llaec</strong></span> <span class='ocrx_word' id='word_1_633' title='bbox 3051 4373 3178 4410; x_wconf 90' lang='lat' dir='ltr'><strong>vero</strong></span> <span class='ocrx_word' id='word_1_634' title='bbox 3209 4356 3296 4412; x_wconf 92' lang='lat' dir='ltr'><strong>ille</strong></span> <span class='ocrx_word' id='word_1_635' title='bbox 3329 4367 3387 4410; x_wconf 92' lang='lat' dir='ltr'><strong>ut</strong></span> <span class='ocrx_word' id='word_1_636' title='bbox 3423 4360 3592 4411; x_wconf 77' lang='lat' dir='ltr'><strong>resci-</strong></span> 
     </span>
    </p>
   </div>
   <div class='ocr_carea' id='block_1_89' title="bbox 416 4549 3594 4626">
    <p class='ocr_par' dir='ltr' id='par_1_89' title="bbox 416 4549 3594 4626">
     <span class='ocr_line' id='line_1_89' title="bbox 416 4549 3594 4626; baseline 0.002 -20"><span class='ocrx_word' id='word_1_637' title='bbox 416 4551 528 4618; x_wconf 85' lang='lat'><strong>(68)</strong></span> <span class='ocrx_word' id='word_1_638' title='bbox 558 4552 776 4626; x_wconf 76' lang='lat' dir='ltr'><strong>_Pr.&#39;etor</strong></span> <span class='ocrx_word' id='word_1_639' title='bbox 809 4561 928 4604; x_wconf 85' lang='lat' dir='ltr'><strong>erat</strong></span> <span class='ocrx_word' id='word_1_640' title='bbox 960 4551 1196 4626; x_wconf 72' lang='lat' dir='ltr'><strong>_Sicili;e_</strong></span> <span class='ocrx_word' id='word_1_641' title='bbox 1219 4567 1286 4626; x_wconf 78' lang='lat' dir='ltr'><strong>eo</strong></span> <span class='ocrx_word' id='word_1_642' title='bbox 1338 4565 1484 4626; x_wconf 81' lang='lat' dir='ltr'><strong>anno</strong></span> <span class='ocrx_word' id='word_1_643' title='bbox 1521 4549 1800 4626; x_wconf 64' lang='lat' dir='ltr'><strong>Justinus,</strong></span> <span class='ocrx_word' id='word_1_644' title='bbox 1845 4555 1912 4608; x_wconf 90' lang='lat' dir='ltr'><strong>ad</strong></span> <span class='ocrx_word' id='word_1_645' title='bbox 1946 4559 1992 4616; x_wconf 84' lang='grc' dir='ltr'><strong>Ι)</strong></span> <span class='ocrx_word' id='word_1_646' title='bbox 2018 4557 2284 4626; x_wconf 76' lang='lat' dir='ltr'><strong>religionis</strong></span> <span class='ocrx_word' id='word_1_647' title='bbox 2310 4556 2488 4609; x_wconf 83' lang='lat' dir='ltr'><strong>habitu</strong></span> <span class='ocrx_word' id='word_1_648' title='bbox 2520 4565 2779 4618; x_wconf 84' lang='lat' dir='ltr'><strong>censetur,</strong></span> <span class='ocrx_word' id='word_1_649' title='bbox 2811 4555 3143 4622; x_wconf 75' lang='lat' dir='ltr'><strong>fraternitati</strong></span> <span class='ocrx_word' id='word_1_650' title='bbox 3174 4564 3277 4609; x_wconf 77' lang='lat' dir='ltr'><strong>tua:</strong></span> <span class='ocrx_word' id='word_1_651' title='bbox 3315 4571 3380 4608; x_wconf 80' lang='lat' dir='ltr'><strong>ea:</strong></span> <span class='ocrx_word' id='word_1_652' title='bbox 3413 4568 3594 4612; x_wconf 82' lang='lat' dir='ltr'><strong>nostra</strong></span> 
     </span>
    </p>
   </div>
   <div class='ocr_carea' id='block_1_90' title="bbox 345 4620 1909 4691">
    <p class='ocr_par' dir='ltr' id='par_1_90' title="bbox 345 4620 1909 4691">
     <span class='ocr_line' id='line_1_90' title="bbox 345 4620 1909 4691; baseline 0.002 -17"><span class='ocrx_word' id='word_1_653' title='bbox 345 4637 506 4691; x_wconf 85' lang='lat' dir='ltr'><strong>quem</strong></span> <span class='ocrx_word' id='word_1_654' title='bbox 538 4624 660 4675; x_wconf 68' lang='lat' dir='ltr'><strong>dua:</strong></span> <span class='ocrx_word' id='word_1_655' title='bbox 689 4631 908 4675; x_wconf 78' lang='lat' dir='ltr'><strong>exstant</strong></span> <span class='ocrx_word' id='word_1_656' title='bbox 951 4620 1200 4684; x_wconf 79' lang='lat' dir='ltr'><strong>Gregorii</strong></span> <span class='ocrx_word' id='word_1_657' title='bbox 1240 4622 1417 4690; x_wconf 78' lang='lat' dir='ltr'><strong>Magni</strong></span> <span class='ocrx_word' id='word_1_658' title='bbox 1453 4621 1696 4688; x_wconf 62' lang='lat' dir='ltr'><strong>epistolae</strong></span> <span class='ocrx_word' id='word_1_659' title='bbox 1723 4622 1843 4689; x_wconf 89' lang='lat' dir='ltr'><strong>(lib.</strong></span> <span class='ocrx_word' id='word_1_660' title='bbox 1873 4641 1909 4687; x_wconf 92' lang='lat' dir='ltr'><strong>i,</strong></span> 
     </span>
    </p>
   </div>
   <div class='ocr_carea' id='block_1_91' title="bbox 346 4691 1920 4762">
    <p class='ocr_par' dir='ltr' id='par_1_91' title="bbox 346 4691 1920 4762">
     <span class='ocr_line' id='line_1_91' title="bbox 346 4691 1920 4762; baseline 0.003 -18"><span class='ocrx_word' id='word_1_661' title='bbox 346 4693 506 4757; x_wconf 83' lang='lat' dir='ltr'><strong>epist.</strong></span> <span class='ocrx_word' id='word_1_662' title='bbox 546 4691 616 4755; x_wconf 68' lang='lat'><strong>2;</strong></span> <span class='ocrx_word' id='word_1_663' title='bbox 645 4693 738 4745; x_wconf 91' lang='lat' dir='ltr'><strong>lib.</strong></span> <span class='ocrx_word' id='word_1_664' title='bbox 770 4709 829 4750; x_wconf 89' lang='lat' dir='ltr'><strong>ii.</strong></span> <span class='ocrx_word' id='word_1_665' title='bbox 868 4693 1026 4759; x_wconf 79' lang='lat' dir='ltr'><strong>epist.</strong></span> <span class='ocrx_word' id='word_1_666' title='bbox 1065 4693 1153 4756; x_wconf 76' lang='grc'><strong>55)</strong></span> <span class='ocrx_word' id='word_1_667' title='bbox 1188 4711 1200 4744; x_wconf 86' lang='lat'><strong>:</strong></span> <span class='ocrx_word' id='word_1_668' title='bbox 1229 4692 1275 4745; x_wconf 90' lang='lat' dir='ltr'><strong>is</strong></span> <span class='ocrx_word' id='word_1_669' title='bbox 1313 4703 1426 4744; x_wconf 91' lang='lat' dir='ltr'><strong>tum</strong></span> <span class='ocrx_word' id='word_1_670' title='bbox 1461 4692 1598 4745; x_wconf 83' lang='lat' dir='ltr'><strong>forte</strong></span> <span class='ocrx_word' id='word_1_671' title='bbox 1631 4691 1920 4762; x_wconf 84' lang='lat' dir='ltr'><strong>Syracusis</strong></span> 
     </span>
    </p>
   </div>
   <div class='ocr_carea' id='block_1_92' title="bbox 347 4762 1921 4831">
    <p class='ocr_par' dir='ltr' id='par_1_92' title="bbox 347 4762 1921 4831">
     <span class='ocr_line' id='line_1_92' title="bbox 347 4762 1921 4831; baseline 0.001 -16"><span class='ocrx_word' id='word_1_672' title='bbox 347 4763 525 4816; x_wconf 82' lang='lat' dir='ltr'><strong>I&#39;oruni</strong></span> <span class='ocrx_word' id='word_1_673' title='bbox 567 4765 782 4831; x_wconf 75' lang='lat' dir='ltr'><strong>agebat,</strong></span> <span class='ocrx_word' id='word_1_674' title='bbox 817 4763 898 4814; x_wconf 87' lang='lat' dir='ltr'><strong>vel</strong></span> <span class='ocrx_word' id='word_1_675' title='bbox 922 4763 1084 4816; x_wconf 85' lang='lat' dir='ltr'><strong>etiam</strong></span> <span class='ocrx_word' id='word_1_676' title='bbox 1116 4763 1429 4830; x_wconf 73' lang='lat' dir='ltr'><strong>przrtorium</strong></span> <span class='ocrx_word' id='word_1_677' title='bbox 1475 4762 1526 4813; x_wconf 91' lang='lat' dir='ltr'><strong>in</strong></span> <span class='ocrx_word' id='word_1_678' title='bbox 1555 4776 1618 4814; x_wconf 85' lang='lat' dir='ltr'><strong>ea</strong></span> <span class='ocrx_word' id='word_1_679' title='bbox 1647 4762 1780 4816; x_wconf 88' lang='lat' dir='ltr'><strong>urbe</strong></span> <span class='ocrx_word' id='word_1_680' title='bbox 1819 4765 1921 4816; x_wconf 82' lang='lat' dir='ltr'><strong>ba-</strong></span> 
     </span>
    </p>
   </div>
   <div class='ocr_carea' id='block_1_93' title="bbox 349 4831 1921 4902">
    <p class='ocr_par' dir='ltr' id='par_1_93' title="bbox 349 4831 1921 4902">
     <span class='ocr_line' id='line_1_93' title="bbox 349 4831 1921 4902; baseline 0.001 -16"><span class='ocrx_word' id='word_1_681' title='bbox 349 4833 528 4886; x_wconf 81' lang='lat' dir='ltr'><strong>bebat.</strong></span> <span class='ocrx_word' id='word_1_682' title='bbox 563 4833 727 4885; x_wconf 86' lang='lat' dir='ltr'><strong>Erant</strong></span> <span class='ocrx_word' id='word_1_683' title='bbox 755 4835 900 4885; x_wconf 89' lang='lat' dir='ltr'><strong>enim</strong></span> <span class='ocrx_word' id='word_1_684' title='bbox 946 4831 1230 4902; x_wconf 72' lang='lat' dir='ltr'><strong>Syracusae</strong></span> <span class='ocrx_word' id='word_1_685' title='bbox 1273 4843 1385 4885; x_wconf 88' lang='lat' dir='ltr'><strong>tum</strong></span> <span class='ocrx_word' id='word_1_686' title='bbox 1417 4847 1633 4900; x_wconf 89' lang='lat' dir='ltr'><strong>quoque</strong></span> <span class='ocrx_word' id='word_1_687' title='bbox 1664 4832 1921 4900; x_wconf 90' lang='lat' dir='ltr'><strong>primaria</strong></span> 
     </span>
    </p>
   </div>
   <div class='ocr_carea' id='block_1_94' title="bbox 347 4903 1923 4970">
    <p class='ocr_par' dir='ltr' id='par_1_94' title="bbox 347 4903 1923 4970">
     <span class='ocr_line' id='line_1_94' title="bbox 347 4903 1923 4970; baseline -0.001 -13"><span class='ocrx_word' id='word_1_688' title='bbox 347 4904 576 4964; x_wconf 84' lang='lat' dir='ltr'><strong>civitas;</strong></span> <span class='ocrx_word' id='word_1_689' title='bbox 613 4911 869 4970; x_wconf 70' lang='lat' dir='ltr'><strong>praetores</strong></span> <span class='ocrx_word' id='word_1_690' title='bbox 924 4918 1076 4968; x_wconf 86' lang='lat' dir='ltr'><strong>vero,</strong></span> <span class='ocrx_word' id='word_1_691' title='bbox 1115 4903 1304 4966; x_wconf 87' lang='lat' dir='ltr'><strong>veteri,</strong></span> <span class='ocrx_word' id='word_1_692' title='bbox 1339 4912 1398 4954; x_wconf 91' lang='lat' dir='ltr'><strong>ut</strong></span> <span class='ocrx_word' id='word_1_693' title='bbox 1437 4903 1655 4970; x_wconf 88' lang='lat' dir='ltr'><strong>opinor,</strong></span> <span class='ocrx_word' id='word_1_694' title='bbox 1689 4917 1923 4957; x_wconf 90' lang='lat' dir='ltr'><strong>consue-</strong></span> 
     </span>
    </p>
   </div>
   <div class='ocr_carea' id='block_1_95' title="bbox 347 4973 1920 5041">
    <p class='ocr_par' dir='ltr' id='par_1_95' title="bbox 347 4973 1920 5041">
     <span class='ocr_line' id='line_1_95' title="bbox 347 4973 1920 5041; baseline 0.001 -15"><span class='ocrx_word' id='word_1_695' title='bbox 347 4975 539 5026; x_wconf 88' lang='lat' dir='ltr'><strong>tudine</strong></span> <span class='ocrx_word' id='word_1_696' title='bbox 569 4975 676 5036; x_wconf 83' lang='lat' dir='ltr'><strong>jani</strong></span> <span class='ocrx_word' id='word_1_697' title='bbox 730 4973 954 5034; x_wconf 83' lang='lat' dir='ltr'><strong>omissa,</strong></span> <span class='ocrx_word' id='word_1_698' title='bbox 1000 4973 1334 5040; x_wconf 82' lang='lat' dir='ltr'><strong>provinciam</strong></span> <span class='ocrx_word' id='word_1_699' title='bbox 1389 4975 1725 5033; x_wconf 84' lang='lat' dir='ltr'><strong>universam,</strong></span> <span class='ocrx_word' id='word_1_700' title='bbox 1757 4988 1920 5041; x_wconf 91' lang='lat' dir='ltr'><strong>quam</strong></span> 
     </span>
    </p>
   </div>
   <div class='ocr_carea' id='block_1_96' title="bbox 349 5041 1922 5111">
    <p class='ocr_par' dir='ltr' id='par_1_96' title="bbox 349 5041 1922 5111">
     <span class='ocr_line' id='line_1_96' title="bbox 349 5041 1922 5111; baseline 0 -15"><span class='ocrx_word' id='word_1_701' title='bbox 349 5044 514 5111; x_wconf 79' lang='lat' dir='ltr'><strong>prisci</strong></span> <span class='ocrx_word' id='word_1_702' title='bbox 538 5043 614 5095; x_wconf 87' lang='lat' dir='ltr'><strong>illi</strong></span> <span class='ocrx_word' id='word_1_703' title='bbox 639 5041 870 5096; x_wconf 73' lang='lat' dir='ltr'><strong>Romani</strong></span> <span class='ocrx_word' id='word_1_704' title='bbox 890 5053 1258 5097; x_wconf 86' lang='lat' dir='ltr'><strong>conveniuum</strong></span> <span class='ocrx_word' id='word_1_705' title='bbox 1283 5041 1732 5096; x_wconf 80' lang='lat' dir='ltr'><strong>celebrandarum</strong></span> <span class='ocrx_word' id='word_1_706' title='bbox 1757 5059 1922 5098; x_wconf 89' lang='lat' dir='ltr'><strong>causa</strong></span> 
     </span>
    </p>
   </div>
   <div class='ocr_carea' id='block_1_97' title="bbox 350 5112 1546 5182">
    <p class='ocr_par' dir='ltr' id='par_1_97' title="bbox 350 5112 1546 5182">
     <span class='ocr_line' id='line_1_97' title="bbox 350 5112 1546 5182; baseline -0.003 -15"><span class='ocrx_word' id='word_1_707' title='bbox 350 5114 597 5173; x_wconf 89' lang='lat' dir='ltr'><strong>obibant.</strong></span> <span class='ocrx_word' id='word_1_708' title='bbox 642 5129 747 5166; x_wconf 88' lang='lat' dir='ltr'><strong>una</strong></span> <span class='ocrx_word' id='word_1_709' title='bbox 783 5129 848 5164; x_wconf 78' lang='lat' dir='ltr'><strong>ex</strong></span> <span class='ocrx_word' id='word_1_710' title='bbox 894 5115 1028 5166; x_wconf 85' lang='lat' dir='ltr'><strong>urbe</strong></span> <span class='ocrx_word' id='word_1_711' title='bbox 1058 5129 1244 5182; x_wconf 72' lang='lat' dir='ltr'><strong>regere</strong></span> <span class='ocrx_word' id='word_1_712' title='bbox 1267 5112 1546 5182; x_wconf 77' lang='lat' dir='ltr'><strong>solebant.</strong></span> 
     </span>
    </p>
   </div>
   <div class='ocr_carea' id='block_1_98' title="bbox 423 5181 1923 5253">
    <p class='ocr_par' dir='ltr' id='par_1_98' title="bbox 423 5181 1923 5253">
     <span class='ocr_line' id='line_1_98' title="bbox 423 5181 1923 5253; baseline 0.002 -18"><span class='ocrx_word' id='word_1_713' title='bbox 423 5184 535 5235; x_wconf 82' lang='lat' dir='ltr'><strong>Gnr</strong></span> <span class='ocrx_word' id='word_1_714' title='bbox 563 5193 744 5236; x_wconf 89' lang='lat' dir='ltr'><strong>autem</strong></span> <span class='ocrx_word' id='word_1_715' title='bbox 775 5181 1214 5253; x_wconf 29' lang='lat' dir='ltr'><strong>Agrigentiui’ad</strong></span> <span class='ocrx_word' id='word_1_716' title='bbox 1259 5181 1664 5252; x_wconf 85' lang='lat' dir='ltr'><strong>Syracusanum</strong></span> <span class='ocrx_word' id='word_1_717' title='bbox 1701 5196 1923 5250; x_wconf 87' lang='lat' dir='ltr'><strong>quoque</strong></span> 
     </span>
    </p>
   </div>
   <div class='ocr_carea' id='block_1_99' title="bbox 351 5253 1919 5322">
    <p class='ocr_par' dir='ltr' id='par_1_99' title="bbox 351 5253 1919 5322">
     <span class='ocr_line' id='line_1_99' title="bbox 351 5253 1919 5322; baseline -0.002 -14"><span class='ocrx_word' id='word_1_718' title='bbox 351 5253 669 5322; x_wconf 84' lang='lat' dir='ltr'><strong>episcopum</strong></span> <span class='ocrx_word' id='word_1_719' title='bbox 704 5270 816 5305; x_wconf 88' lang='lat' dir='ltr'><strong>rem</strong></span> <span class='ocrx_word' id='word_1_720' title='bbox 853 5255 1168 5316; x_wconf 86' lang='lat' dir='ltr'><strong>detulerint,</strong></span> <span class='ocrx_word' id='word_1_721' title='bbox 1199 5269 1262 5306; x_wconf 89' lang='lat' dir='ltr'><strong>ea</strong></span> <span class='ocrx_word' id='word_1_722' title='bbox 1296 5253 1466 5306; x_wconf 78' lang='lat' dir='ltr'><strong>I&#39;uiSse</strong></span> <span class='ocrx_word' id='word_1_723' title='bbox 1499 5267 1662 5304; x_wconf 84' lang='lat' dir='ltr'><strong>causa</strong></span> <span class='ocrx_word' id='word_1_724' title='bbox 1689 5253 1919 5322; x_wconf 85' lang='lat' dir='ltr'><strong>videtur,</strong></span> 
     </span>
    </p>
   </div>
   <div class='ocr_carea' id='block_1_100' title="bbox 319 5321 1925 5390">
    <p class='ocr_par' dir='ltr' id='par_1_100' title="bbox 319 5321 1925 5390">
     <span class='ocr_line' id='line_1_100' title="bbox 319 5321 1925 5390; baseline 0.001 -15"><span class='ocrx_word' id='word_1_725' title='bbox 319 5321 500 5389; x_wconf 84' lang='lat' dir='ltr'><strong>‘qnod</strong></span> <span class='ocrx_word' id='word_1_726' title='bbox 540 5326 638 5376; x_wconf 88' lang='lat' dir='ltr'><strong>hoc</strong></span> <span class='ocrx_word' id='word_1_727' title='bbox 670 5323 786 5390; x_wconf 89' lang='lat' dir='ltr'><strong>ipso</strong></span> <span class='ocrx_word' id='word_1_728' title='bbox 820 5339 964 5376; x_wconf 92' lang='lat' dir='ltr'><strong>anno</strong></span> <span class='ocrx_word' id='word_1_729' title='bbox 1000 5323 1123 5386; x_wconf 78' lang='grc'><strong>591,</strong></span> <span class='ocrx_word' id='word_1_730' title='bbox 1161 5338 1346 5378; x_wconf 90' lang='lat' dir='ltr'><strong>mense</strong></span> <span class='ocrx_word' id='word_1_731' title='bbox 1392 5321 1622 5378; x_wconf 82' lang='lat' dir='ltr'><strong>Octobri,</strong></span> <span class='ocrx_word' id='word_1_732' title='bbox 1669 5332 1727 5375; x_wconf 93' lang='lat' dir='ltr'><strong>ut</strong></span> <span class='ocrx_word' id='word_1_733' title='bbox 1763 5321 1925 5376; x_wconf 87' lang='lat' dir='ltr'><strong>habet</strong></span> 
     </span>
    </p>
   </div>
   <div class='ocr_carea' id='block_1_101' title="bbox 355 5390 1924 5456">
    <p class='ocr_par' dir='ltr' id='par_1_101' title="bbox 355 5390 1924 5456">
     <span class='ocr_line' id='line_1_101' title="bbox 355 5390 1924 5456; baseline -0.001 -9"><span class='ocrx_word' id='word_1_734' title='bbox 355 5393 527 5447; x_wconf 73' lang='lat' dir='ltr'><strong>codex</strong></span> <span class='ocrx_word' id='word_1_735' title='bbox 575 5392 767 5454; x_wconf 84' lang='lat' dir='ltr'><strong>Vatic.,</strong></span> <span class='ocrx_word' id='word_1_736' title='bbox 803 5408 907 5444; x_wconf 89' lang='lat' dir='ltr'><strong>non</strong></span> <span class='ocrx_word' id='word_1_737' title='bbox 943 5394 1234 5456; x_wconf 81' lang='lat' dir='ltr'><strong>Deccmbri,</strong></span> <span class='ocrx_word' id='word_1_738' title='bbox 1257 5402 1314 5446; x_wconf 92' lang='lat' dir='ltr'><strong>ut</strong></span> <span class='ocrx_word' id='word_1_739' title='bbox 1345 5394 1508 5445; x_wconf 88' lang='lat' dir='ltr'><strong>estin</strong></span> <span class='ocrx_word' id='word_1_740' title='bbox 1547 5390 1707 5444; x_wconf 85' lang='lat' dir='ltr'><strong>editis</strong></span> <span class='ocrx_word' id='word_1_741' title='bbox 1736 5405 1924 5445; x_wconf 75' lang='lat' dir='ltr'><strong>exem-</strong></span> 
     </span>
    </p>
   </div>
   <div class='ocr_carea' id='block_1_102' title="bbox 358 5460 1924 5532">
    <p class='ocr_par' dir='ltr' id='par_1_102' title="bbox 358 5460 1924 5532">
     <span class='ocr_line' id='line_1_102' title="bbox 358 5460 1924 5532; baseline 0 -18"><span class='ocrx_word' id='word_1_742' title='bbox 358 5463 622 5531; x_wconf 72' lang='lat' dir='ltr'><strong>plaribus,</strong></span> <span class='ocrx_word' id='word_1_743' title='bbox 675 5462 1000 5517; x_wconf 73' lang='lat' dir='ltr'><strong>Maximiano</strong></span> <span class='ocrx_word' id='word_1_744' title='bbox 1039 5465 1294 5531; x_wconf 86' lang='lat' dir='ltr'><strong>episcopo</strong></span> <span class='ocrx_word' id='word_1_745' title='bbox 1332 5465 1678 5532; x_wconf 75' lang='lat' dir='ltr'><strong>Syracusano</strong></span> <span class='ocrx_word' id='word_1_746' title='bbox 1719 5460 1924 5532; x_wconf 77' lang='lat' dir='ltr'><strong>Grego-</strong></span> 
     </span>
    </p>
   </div>
   <div class='ocr_carea' id='block_1_103' title="bbox 357 5532 1923 5602">
    <p class='ocr_par' dir='ltr' id='par_1_103' title="bbox 357 5532 1923 5602">
     <span class='ocr_line' id='line_1_103' title="bbox 357 5532 1923 5602; baseline 0 -18"><span class='ocrx_word' id='word_1_747' title='bbox 357 5535 475 5586; x_wconf 84' lang='lat' dir='ltr'><strong>rius</strong></span> <span class='ocrx_word' id='word_1_748' title='bbox 520 5532 748 5602; x_wconf 82' lang='lat' dir='ltr'><strong>Magniis</strong></span> <span class='ocrx_word' id='word_1_749' title='bbox 797 5533 947 5584; x_wconf 81' lang='lat' dir='ltr'><strong>vices</strong></span> <span class='ocrx_word' id='word_1_750' title='bbox 994 5549 1124 5586; x_wconf 87' lang='lat' dir='ltr'><strong>suas</strong></span> <span class='ocrx_word' id='word_1_751' title='bbox 1176 5549 1270 5592; x_wconf 83' lang='lat' dir='ltr'><strong>per</strong></span> <span class='ocrx_word' id='word_1_752' title='bbox 1329 5533 1571 5602; x_wconf 80' lang='lat' dir='ltr'><strong>Siciliain</strong></span> <span class='ocrx_word' id='word_1_753' title='bbox 1627 5537 1923 5587; x_wconf 76' lang='lat' dir='ltr'><strong>commisit.</strong></span> 
     </span>
    </p>
   </div>
   <div class='ocr_carea' id='block_1_104' title="bbox 361 5601 1924 5669">
    <p class='ocr_par' dir='ltr' id='par_1_104' title="bbox 361 5601 1924 5669">
     <span class='ocr_line' id='line_1_104' title="bbox 361 5601 1924 5669; baseline 0.003 -17"><span class='ocrx_word' id='word_1_754' title='bbox 361 5601 630 5667; x_wconf 63' lang='lat' dir='ltr'><strong>Proinde,</strong></span> <span class='ocrx_word' id='word_1_755' title='bbox 669 5604 846 5669; x_wconf 87' lang='lat' dir='ltr'><strong>inquit</strong></span> <span class='ocrx_word' id='word_1_756' title='bbox 893 5603 1010 5667; x_wconf 89' lang='lat' dir='ltr'><strong>(lib.</strong></span> <span class='ocrx_word' id='word_1_757' title='bbox 1064 5619 1124 5663; x_wconf 90' lang='lat' dir='ltr'><strong>ii,</strong></span> <span class='ocrx_word' id='word_1_758' title='bbox 1173 5604 1332 5668; x_wconf 83' lang='lat' dir='ltr'><strong>epist.</strong></span> <span class='ocrx_word' id='word_1_759' title='bbox 1382 5601 1456 5667; x_wconf 70' lang='lat'><strong>7),</strong></span> <span class='ocrx_word' id='word_1_760' title='bbox 1504 5615 1660 5669; x_wconf 77' lang='lat' dir='ltr'><strong>super</strong></span> <span class='ocrx_word' id='word_1_761' title='bbox 1708 5613 1924 5658; x_wconf 82' lang='lat' dir='ltr'><strong>cunctas</strong></span> 
     </span>
    </p>
   </div>
   <div class='ocr_carea' id='block_1_105' title="bbox 363 5669 1927 5726">
    <p class='ocr_par' dir='ltr' id='par_1_105' title="bbox 363 5669 1927 5726">
     <span class='ocr_line' id='line_1_105' title="bbox 363 5669 1927 5726; baseline 0.003 -4"><span class='ocrx_word' id='word_1_762' title='bbox 363 5673 562 5726; x_wconf 68' lang='lat' dir='ltr'><strong>Sicilia:</strong></span> <span class='ocrx_word' id='word_1_763' title='bbox 610 5671 879 5726; x_wconf 76' lang='lat' dir='ltr'><strong>Ecclesias</strong></span> <span class='ocrx_word' id='word_1_764' title='bbox 919 5673 1401 5726; x_wconf 80' lang='lat' dir='ltr'><strong>revereiidissimum</strong></span> <span class='ocrx_word' id='word_1_765' title='bbox 1445 5685 1492 5726; x_wconf 86' lang='lat' dir='ltr'><strong>te</strong></span> <span class='ocrx_word' id='word_1_766' title='bbox 1539 5687 1705 5723; x_wconf 80' lang='lat' dir='ltr'><strong>virum</strong></span> <span class='ocrx_word' id='word_1_767' title='bbox 1751 5669 1927 5726; x_wconf 74' lang='lat' dir='ltr'><strong>Maxi-</strong></span> 
     </span>
    </p>
   </div>
   <div class='ocr_carea' id='block_1_106' title="bbox 364 5739 1923 5810">
    <p class='ocr_par' dir='ltr' id='par_1_106' title="bbox 364 5739 1923 5810">
     <span class='ocr_line' id='line_1_106' title="bbox 364 5739 1923 5810; baseline 0.003 -19"><span class='ocrx_word' id='word_1_768' title='bbox 364 5742 596 5795; x_wconf 81' lang='lat' dir='ltr'><strong>miunum</strong></span> <span class='ocrx_word' id='word_1_769' title='bbox 630 5744 851 5810; x_wconf 75' lang='lat' dir='ltr'><strong>fratrem</strong></span> <span class='ocrx_word' id='word_1_770' title='bbox 895 5754 942 5796; x_wconf 87' lang='lat' dir='ltr'><strong>et</strong></span> <span class='ocrx_word' id='word_1_771' title='bbox 966 5744 1322 5809; x_wconf 78' lang='lat' dir='ltr'><strong>coepiscopum</strong></span> <span class='ocrx_word' id='word_1_772' title='bbox 1363 5755 1598 5795; x_wconf 74' lang='lat' dir='ltr'><strong>nosti-itm</strong></span> <span class='ocrx_word' id='word_1_773' title='bbox 1644 5739 1748 5792; x_wconf 81' lang='lat' dir='ltr'><strong>vice</strong></span> <span class='ocrx_word' id='word_1_774' title='bbox 1785 5745 1923 5798; x_wconf 72' lang='lat' dir='ltr'><strong>sedis</strong></span> 
     </span>
    </p>
   </div>
   <div class='ocr_carea' id='block_1_107' title="bbox 366 5812 1926 5882">
    <p class='ocr_par' dir='ltr' id='par_1_107' title="bbox 366 5812 1926 5882">
     <span class='ocr_line' id='line_1_107' title="bbox 366 5812 1926 5882; baseline 0.003 -17"><span class='ocrx_word' id='word_1_775' title='bbox 366 5813 667 5877; x_wconf 69' lang='lat' dir='ltr'><strong>apostolicae</strong></span> <span class='ocrx_word' id='word_1_776' title='bbox 706 5814 1008 5866; x_wconf 82' lang='lat' dir='ltr'><strong>ministrare</strong></span> <span class='ocrx_word' id='word_1_777' title='bbox 1043 5814 1414 5868; x_wconf 80' lang='lat' dir='ltr'><strong>decernimus:</strong></span> <span class='ocrx_word' id='word_1_778' title='bbox 1449 5827 1501 5866; x_wconf 89' lang='lat' dir='ltr'><strong>ut</strong></span> <span class='ocrx_word' id='word_1_779' title='bbox 1539 5812 1770 5882; x_wconf 68' lang='lat' dir='ltr'><strong>quisi/ws</strong></span> <span class='ocrx_word' id='word_1_780' title='bbox 1816 5813 1926 5868; x_wconf 85' lang='lat' dir='ltr'><strong>illic</strong></span> 
     </span>
    </p>
   </div>
   <div class='ocr_carea' id='block_1_108' title="bbox 2023 4626 3593 4695">
    <p class='ocr_par' dir='ltr' id='par_1_108' title="bbox 2023 4626 3593 4695">
     <span class='ocr_line' id='line_1_108' title="bbox 2023 4626 3593 4695; baseline 0.001 -14"><span class='ocrx_word' id='word_1_781' title='bbox 2023 4629 2341 4681; x_wconf 83' lang='lat' dir='ltr'><strong>auctoritate</strong></span> <span class='ocrx_word' id='word_1_782' title='bbox 2369 4627 2661 4695; x_wconf 84' lang='lat' dir='ltr'><strong>siibjuceat.</strong></span> <span class='ocrx_word' id='word_1_783' title='bbox 2698 4626 3013 4680; x_wconf 78' lang='lat' dir='ltr'><strong>Maximiani</strong></span> <span class='ocrx_word' id='word_1_784' title='bbox 3046 4636 3223 4680; x_wconf 85' lang='lat' dir='ltr'><strong>autem</strong></span> <span class='ocrx_word' id='word_1_785' title='bbox 3251 4627 3593 4682; x_wconf 61' lang='lat' dir='ltr'><strong>archidiaco-</strong></span> 
     </span>
    </p>
   </div>
   <div class='ocr_carea' id='block_1_109' title="bbox 2023 4696 3592 4765">
    <p class='ocr_par' dir='ltr' id='par_1_109' title="bbox 2023 4696 3592 4765">
     <span class='ocr_line' id='line_1_109' title="bbox 2023 4696 3592 4765; baseline -0.001 -13"><span class='ocrx_word' id='word_1_786' title='bbox 2023 4714 2124 4752; x_wconf 87' lang='lat' dir='ltr'><strong>nus</strong></span> <span class='ocrx_word' id='word_1_787' title='bbox 2157 4708 2274 4750; x_wconf 87' lang='lat' dir='ltr'><strong>erat</strong></span> <span class='ocrx_word' id='word_1_788' title='bbox 2305 4697 2537 4749; x_wconf 58' lang='lat' dir='ltr'><strong>fortasse</strong></span> <span class='ocrx_word' id='word_1_789' title='bbox 2567 4696 2774 4765; x_wconf 82' lang='lat' dir='ltr'><strong>Agatho</strong></span> <span class='ocrx_word' id='word_1_790' title='bbox 2804 4696 2915 4756; x_wconf 86' lang='lat' dir='ltr'><strong>ille,</strong></span> <span class='ocrx_word' id='word_1_791' title='bbox 2949 4712 3110 4765; x_wconf 90' lang='lat' dir='ltr'><strong>quem</strong></span> <span class='ocrx_word' id='word_1_792' title='bbox 3147 4707 3268 4764; x_wconf 90' lang='lat' dir='ltr'><strong>post</strong></span> <span class='ocrx_word' id='word_1_793' title='bbox 3298 4697 3416 4764; x_wconf 84' lang='lat' dir='ltr'><strong>ejus</strong></span> <span class='ocrx_word' id='word_1_794' title='bbox 3446 4716 3592 4751; x_wconf 84' lang='lat' dir='ltr'><strong>inor-</strong></span> 
     </span>
    </p>
   </div>
   <div class='ocr_carea' id='block_1_110' title="bbox 2023 4766 3590 4837">
    <p class='ocr_par' dir='ltr' id='par_1_110' title="bbox 2023 4766 3590 4837">
     <span class='ocr_line' id='line_1_110' title="bbox 2023 4766 3590 4837; baseline -0.002 -15"><span class='ocrx_word' id='word_1_795' title='bbox 2023 4777 2130 4822; x_wconf 86' lang='lat' dir='ltr'><strong>tem</strong></span> <span class='ocrx_word' id='word_1_796' title='bbox 2153 4769 2622 4837; x_wconf 81' lang='lat' dir='ltr'><strong>Syracusanorum</strong></span> <span class='ocrx_word' id='word_1_797' title='bbox 2649 4782 2778 4837; x_wconf 61' lang='lat' dir='ltr'><strong>pars</strong></span> <span class='ocrx_word' id='word_1_798' title='bbox 2790 4767 3106 4836; x_wconf 83' lang='lat' dir='ltr'><strong>episeOpum</strong></span> <span class='ocrx_word' id='word_1_799' title='bbox 3129 4767 3389 4836; x_wconf 81' lang='lat' dir='ltr'><strong>poscebat</strong></span> <span class='ocrx_word' id='word_1_800' title='bbox 3407 4766 3590 4834; x_wconf 73' lang='lat' dir='ltr'><strong>(Greg.</strong></span> 
     </span>
    </p>
   </div>
   <div class='ocr_carea' id='block_1_111' title="bbox 2025 4834 3591 4906">
    <p class='ocr_par' dir='ltr' id='par_1_111' title="bbox 2025 4834 3591 4906">
     <span class='ocr_line' id='line_1_111' title="bbox 2025 4834 3591 4906; baseline 0 -15"><span class='ocrx_word' id='word_1_801' title='bbox 2025 4839 2122 4892; x_wconf 91' lang='lat' dir='ltr'><strong>lib.</strong></span> <span class='ocrx_word' id='word_1_802' title='bbox 2156 4834 2207 4900; x_wconf 70' lang='grc' dir='ltr'><strong>ν,</strong></span> <span class='ocrx_word' id='word_1_803' title='bbox 2241 4839 2406 4904; x_wconf 85' lang='lat' dir='ltr'><strong>epist.</strong></span> <span class='ocrx_word' id='word_1_804' title='bbox 2439 4837 2553 4904; x_wconf 67' lang='lat'><strong>9.2).</strong></span> <span class='ocrx_word' id='word_1_805' title='bbox 2587 4852 2710 4890; x_wconf 91' lang='lat' dir='ltr'><strong>cum</strong></span> <span class='ocrx_word' id='word_1_806' title='bbox 2737 4834 3034 4905; x_wconf 66' lang='lat' dir='ltr'><strong>Traianum</strong></span> <span class='ocrx_word' id='word_1_807' title='bbox 3081 4834 3458 4906; x_wconf 78' lang='lat' dir='ltr'><strong>presbyterum</strong></span> <span class='ocrx_word' id='word_1_808' title='bbox 3504 4841 3591 4891; x_wconf 84' lang='lat' dir='ltr'><strong>alii</strong></span> 
     </span>
    </p>
   </div>
   <div class='ocr_carea' id='block_1_112' title="bbox 2024 4905 3589 4977">
    <p class='ocr_par' dir='ltr' id='par_1_112' title="bbox 2024 4905 3589 4977">
     <span class='ocr_line' id='line_1_112' title="bbox 2024 4905 3589 4977; baseline -0.001 -17"><span class='ocrx_word' id='word_1_809' title='bbox 2024 4918 2398 4977; x_wconf 68' lang='lat' dir='ltr'><strong>pneoptai&#39;ent</strong></span> <span class='ocrx_word' id='word_1_810' title='bbox 2425 4908 2589 4970; x_wconf 88' lang='lat' dir='ltr'><strong>(idem</strong></span> <span class='ocrx_word' id='word_1_811' title='bbox 2623 4908 2720 4977; x_wconf 65' lang='lat' dir='ltr'><strong>lib.</strong></span> <span class='ocrx_word' id='word_1_812' title='bbox 2760 4922 2811 4968; x_wconf 83' lang='grc' dir='ltr'><strong>ν,</strong></span> <span class='ocrx_word' id='word_1_813' title='bbox 2847 4915 3007 4974; x_wconf 89' lang='lat' dir='ltr'><strong>epist.</strong></span> <span class='ocrx_word' id='word_1_814' title='bbox 3044 4905 3156 4971; x_wconf 77' lang='grc' dir='ltr'><strong>Π),</strong></span> <span class='ocrx_word' id='word_1_815' title='bbox 3189 4905 3422 4974; x_wconf 85' lang='lat' dir='ltr'><strong>quorum</strong></span> <span class='ocrx_word' id='word_1_816' title='bbox 3460 4925 3589 4959; x_wconf 91' lang='lat' dir='ltr'><strong>neu-</strong></span> 
     </span>
    </p>
   </div>
   <div class='ocr_carea' id='block_1_113' title="bbox 2023 4975 3592 5040">
    <p class='ocr_par' dir='ltr' id='par_1_113' title="bbox 2023 4975 3592 5040">
     <span class='ocr_line' id='line_1_113' title="bbox 2023 4975 3592 5040; baseline 0.001 -9"><span class='ocrx_word' id='word_1_817' title='bbox 2023 4975 2108 5031; x_wconf 80' lang='lat' dir='ltr'><strong>iro</strong></span> <span class='ocrx_word' id='word_1_818' title='bbox 2141 4979 2333 5040; x_wconf 69' lang='lat' dir='ltr'><strong>electo,</strong></span> <span class='ocrx_word' id='word_1_819' title='bbox 2377 4975 2552 5031; x_wconf 73' lang='lat' dir='ltr'><strong>I’aeius</strong></span> <span class='ocrx_word' id='word_1_820' title='bbox 2591 4985 2672 5030; x_wconf 80' lang='lat' dir='ltr'><strong>est</strong></span> <span class='ocrx_word' id='word_1_821' title='bbox 2698 4975 2939 5031; x_wconf 81' lang='lat' dir='ltr'><strong>Joannes</strong></span> <span class='ocrx_word' id='word_1_822' title='bbox 2977 4977 3398 5031; x_wconf 85' lang='lat' dir='ltr'><strong>archidiaconus</strong></span> <span class='ocrx_word' id='word_1_823' title='bbox 3430 4978 3592 5033; x_wconf 68' lang='lat' dir='ltr'><strong>(lata-</strong></span> 
     </span>
    </p>
   </div>
   <div class='ocr_carea' id='block_1_114' title="bbox 2024 5046 2800 5116">
    <p class='ocr_par' dir='ltr' id='par_1_114' title="bbox 2024 5046 2800 5116">
     <span class='ocr_line' id='line_1_114' title="bbox 2024 5046 2800 5116; baseline -0.005 -14"><span class='ocrx_word' id='word_1_824' title='bbox 2024 5051 2210 5103; x_wconf 86' lang='lat' dir='ltr'><strong>nensis</strong></span> <span class='ocrx_word' id='word_1_825' title='bbox 2239 5049 2357 5116; x_wconf 89' lang='lat' dir='ltr'><strong>(lib.</strong></span> <span class='ocrx_word' id='word_1_826' title='bbox 2390 5063 2462 5110; x_wconf 73' lang='grc' dir='ltr'>γι,</span> <span class='ocrx_word' id='word_1_827' title='bbox 2503 5047 2661 5113; x_wconf 80' lang='lat' dir='ltr'><strong>epist.</strong></span> <span class='ocrx_word' id='word_1_828' title='bbox 2691 5046 2800 5110; x_wconf 80' lang='grc'><strong>18).</strong></span> 
     </span>
    </p>
   </div>
   <div class='ocr_carea' id='block_1_115' title="bbox 2096 5115 3594 5184">
    <p class='ocr_par' dir='ltr' id='par_1_115' title="bbox 2096 5115 3594 5184">
     <span class='ocr_line' id='line_1_115' title="bbox 2096 5115 3594 5184; baseline -0.001 -12"><span class='ocrx_word' id='word_1_829' title='bbox 2096 5115 2322 5172; x_wconf 85' lang='lat' dir='ltr'><strong>Paulum</strong></span> <span class='ocrx_word' id='word_1_830' title='bbox 2367 5117 2602 5184; x_wconf 88' lang='lat' dir='ltr'><strong>denique</strong></span> <span class='ocrx_word' id='word_1_831' title='bbox 2660 5116 2852 5179; x_wconf 74' lang='lat' dir='ltr'><strong>illiilli,</strong></span> <span class='ocrx_word' id='word_1_832' title='bbox 2893 5129 3053 5184; x_wconf 87' lang='lat' dir='ltr'><strong>quem</strong></span> <span class='ocrx_word' id='word_1_833' title='bbox 3106 5127 3301 5184; x_wconf 76' lang='lat' dir='ltr'><strong>prtetor</strong></span> <span class='ocrx_word' id='word_1_834' title='bbox 3345 5115 3594 5171; x_wconf 81' lang='lat' dir='ltr'><strong>Justinus</strong></span> 
     </span>
    </p>
   </div>
   <div class='ocr_carea' id='block_1_116' title="bbox 2023 5184 3593 5255">
    <p class='ocr_par' dir='ltr' id='par_1_116' title="bbox 2023 5184 3593 5255">
     <span class='ocr_line' id='line_1_116' title="bbox 2023 5184 3593 5255; baseline -0.001 -15"><span class='ocrx_word' id='word_1_835' title='bbox 2023 5187 2376 5255; x_wconf 76' lang='lat' dir='ltr'><strong>Agrigentum</strong></span> <span class='ocrx_word' id='word_1_836' title='bbox 2428 5203 2552 5239; x_wconf 91' lang='lat' dir='ltr'><strong>cum</strong></span> <span class='ocrx_word' id='word_1_837' title='bbox 2597 5186 2847 5238; x_wconf 71' lang='lat' dir='ltr'><strong>ducentis</strong></span> <span class='ocrx_word' id='word_1_838' title='bbox 2892 5186 3158 5239; x_wconf 85' lang='lat' dir='ltr'><strong>militibus</strong></span> <span class='ocrx_word' id='word_1_839' title='bbox 3209 5187 3377 5251; x_wconf 78' lang='lat' dir='ltr'><strong>misit,</strong></span> <span class='ocrx_word' id='word_1_840' title='bbox 3421 5184 3593 5255; x_wconf 79' lang='lat' dir='ltr'><strong>fuisse</strong></span> 
     </span>
    </p>
   </div>
   <div class='ocr_carea' id='block_1_117' title="bbox 2023 5254 3594 5325">
    <p class='ocr_par' dir='ltr' id='par_1_117' title="bbox 2023 5254 3594 5325">
     <span class='ocr_line' id='line_1_117' title="bbox 2023 5254 3594 5325; baseline -0.003 -14"><span class='ocrx_word' id='word_1_841' title='bbox 2023 5254 2332 5325; x_wconf 85' lang='lat' dir='ltr'><strong>eninputo,</strong></span> <span class='ocrx_word' id='word_1_842' title='bbox 2373 5273 2534 5324; x_wconf 89' lang='lat' dir='ltr'><strong>quem</strong></span> <span class='ocrx_word' id='word_1_843' title='bbox 2566 5255 2860 5324; x_wconf 78' lang='lat' dir='ltr'><strong>Gregorius</strong></span> <span class='ocrx_word' id='word_1_844' title='bbox 2895 5255 3119 5323; x_wconf 77' lang='lat' dir='ltr'><strong>Magnus</strong></span> <span class='ocrx_word' id='word_1_845' title='bbox 3159 5255 3391 5309; x_wconf 82' lang='lat' dir='ltr'><strong>Paulum</strong></span> <span class='ocrx_word' id='word_1_846' title='bbox 3429 5254 3594 5308; x_wconf 85' lang='lat' dir='ltr'><strong>Scho-</strong></span> 
     </span>
    </p>
   </div>
   <div class='ocr_carea' id='block_1_118' title="bbox 2025 5325 3593 5395">
    <p class='ocr_par' dir='ltr' id='par_1_118' title="bbox 2025 5325 3593 5395">
     <span class='ocr_line' id='line_1_118' title="bbox 2025 5325 3593 5395; baseline 0.001 -16"><span class='ocrx_word' id='word_1_847' title='bbox 2025 5328 2272 5381; x_wconf 70' lang='lat' dir='ltr'><strong>lasticnni</strong></span> <span class='ocrx_word' id='word_1_848' title='bbox 2325 5326 2594 5395; x_wconf 84' lang='lat' dir='ltr'><strong>appellat,</strong></span> <span class='ocrx_word' id='word_1_849' title='bbox 2639 5326 2728 5378; x_wconf 88' lang='lat' dir='ltr'><strong>cui</strong></span> <span class='ocrx_word' id='word_1_850' title='bbox 2777 5335 2830 5378; x_wconf 85' lang='lat' dir='ltr'><strong>et</strong></span> <span class='ocrx_word' id='word_1_851' title='bbox 2879 5325 3017 5379; x_wconf 83' lang='lat' dir='ltr'><strong>duas</strong></span> <span class='ocrx_word' id='word_1_852' title='bbox 3067 5327 3288 5395; x_wconf 82' lang='lat' dir='ltr'><strong>scripsit</strong></span> <span class='ocrx_word' id='word_1_853' title='bbox 3335 5325 3593 5394; x_wconf 78' lang='lat' dir='ltr'><strong>epistolas</strong></span> 
     </span>
    </p>
   </div>
   <div class='ocr_carea' id='block_1_119' title="bbox 2027 5393 3594 5465">
    <p class='ocr_par' dir='ltr' id='par_1_119' title="bbox 2027 5393 3594 5465">
     <span class='ocr_line' id='line_1_119' title="bbox 2027 5393 3594 5465; baseline 0.001 -17"><span class='ocrx_word' id='word_1_854' title='bbox 2027 5400 2144 5463; x_wconf 89' lang='lat' dir='ltr'><strong>(lib.</strong></span> <span class='ocrx_word' id='word_1_855' title='bbox 2183 5414 2220 5457; x_wconf 86' lang='grc' dir='ltr'><strong>ι,</strong></span> <span class='ocrx_word' id='word_1_856' title='bbox 2273 5393 2432 5465; x_wconf 59' lang='lat' dir='ltr'><strong>epist.</strong></span> <span class='ocrx_word' id='word_1_857' title='bbox 2469 5397 2545 5459; x_wconf 72' lang='lat'><strong>3&#39;,</strong></span> <span class='ocrx_word' id='word_1_858' title='bbox 2583 5395 2656 5448; x_wconf 92' lang='lat' dir='ltr'><strong>lib</strong></span> <span class='ocrx_word' id='word_1_859' title='bbox 2715 5395 3025 5465; x_wconf 5' lang='lat' dir='ltr'><strong>xrv,gepist.</strong></span> <span class='ocrx_word' id='word_1_860' title='bbox 3066 5397 3125 5461; x_wconf 90' lang='lat' dir='ltr'><strong>i).</strong></span> <span class='ocrx_word' id='word_1_861' title='bbox 3177 5393 3305 5448; x_wconf 86' lang='lat' dir='ltr'><strong>Erat</strong></span> <span class='ocrx_word' id='word_1_862' title='bbox 3372 5393 3480 5453; x_wconf 85' lang='lat' dir='ltr'><strong>hic.</strong></span> <span class='ocrx_word' id='word_1_863' title='bbox 3537 5406 3594 5449; x_wconf 89' lang='lat' dir='ltr'><strong>ut</strong></span> 
     </span>
    </p>
   </div>
   <div class='ocr_carea' id='block_1_120' title="bbox 2027 5463 3593 5537">
    <p class='ocr_par' dir='ltr' id='par_1_120' title="bbox 2027 5463 3593 5537">
     <span class='ocr_line' id='line_1_120' title="bbox 2027 5463 3593 5537; baseline -0.002 -19"><span class='ocrx_word' id='word_1_864' title='bbox 2027 5478 2274 5537; x_wconf 87' lang='lat' dir='ltr'><strong>apparet,</strong></span> <span class='ocrx_word' id='word_1_865' title='bbox 2307 5463 2356 5519; x_wconf 88' lang='lat' dir='ltr'><strong>in</strong></span> <span class='ocrx_word' id='word_1_866' title='bbox 2385 5467 2610 5519; x_wconf 84' lang='lat' dir='ltr'><strong>cohorte</strong></span> <span class='ocrx_word' id='word_1_867' title='bbox 2635 5463 2903 5537; x_wconf 62' lang='lat' dir='ltr'><strong>purioris,</strong></span> <span class='ocrx_word' id='word_1_868' title='bbox 2936 5473 2990 5537; x_wconf 64' lang='lat' dir='ltr'><strong>et</strong></span> <span class='ocrx_word' id='word_1_869' title='bbox 3013 5465 3064 5516; x_wconf 90' lang='lat' dir='ltr'><strong>iii</strong></span> <span class='ocrx_word' id='word_1_870' title='bbox 3093 5481 3379 5537; x_wconf 58' lang='lat' dir='ltr'><strong>causai-uni</strong></span> <span class='ocrx_word' id='word_1_871' title='bbox 3407 5470 3593 5534; x_wconf 81' lang='lat' dir='ltr'><strong>cogni-</strong></span> 
     </span>
    </p>
   </div>
   <div class='ocr_carea' id='block_1_121' title="bbox 2027 5533 3588 5602">
    <p class='ocr_par' dir='ltr' id='par_1_121' title="bbox 2027 5533 3588 5602">
     <span class='ocr_line' id='line_1_121' title="bbox 2027 5533 3588 5602; baseline -0.001 -13"><span class='ocrx_word' id='word_1_872' title='bbox 2027 5533 2172 5591; x_wconf 42' lang='lat' dir='ltr'><strong>tio-ne</strong></span> <span class='ocrx_word' id='word_1_873' title='bbox 2221 5551 2490 5597; x_wconf 87' lang='lat' dir='ltr'><strong>assessor,</strong></span> <span class='ocrx_word' id='word_1_874' title='bbox 2525 5551 2683 5602; x_wconf 84' lang='lat' dir='ltr'><strong>quem</strong></span> <span class='ocrx_word' id='word_1_875' title='bbox 2724 5533 3020 5601; x_wconf 71' lang='lat' dir='ltr'><strong>Gregorius</strong></span> <span class='ocrx_word' id='word_1_876' title='bbox 3060 5553 3086 5583; x_wconf 89' lang='lat' dir='ltr'><strong>a</strong></span> <span class='ocrx_word' id='word_1_877' title='bbox 3119 5535 3328 5602; x_wconf 82' lang='lat' dir='ltr'><strong>justitia</strong></span> <span class='ocrx_word' id='word_1_878' title='bbox 3365 5536 3588 5588; x_wconf 87' lang='lat' dir='ltr'><strong>laudat:</strong></span> 
     </span>
    </p>
   </div>
   <div class='ocr_carea' id='block_1_122' title="bbox 2029 5603 3592 5673">
    <p class='ocr_par' dir='ltr' id='par_1_122' title="bbox 2029 5603 3592 5673">
     <span class='ocr_line' id='line_1_122' title="bbox 2029 5603 3592 5673; baseline 0 -15"><span class='ocrx_word' id='word_1_879' title='bbox 2029 5607 2168 5671; x_wconf 81' lang='lat' dir='ltr'><strong>Quia</strong></span> <span class='ocrx_word' id='word_1_880' title='bbox 2204 5607 2375 5668; x_wconf 86' lang='lat' dir='ltr'><strong>illum,</strong></span> <span class='ocrx_word' id='word_1_881' title='bbox 2409 5607 2583 5672; x_wconf 88' lang='lat' dir='ltr'><strong>inquit</strong></span> <span class='ocrx_word' id='word_1_882' title='bbox 2613 5605 2728 5673; x_wconf 90' lang='lat' dir='ltr'><strong>(lib.</strong></span> <span class='ocrx_word' id='word_1_883' title='bbox 2759 5619 2867 5669; x_wconf 79' lang='lat' dir='ltr'><strong>xrv,</strong></span> <span class='ocrx_word' id='word_1_884' title='bbox 2901 5605 3055 5666; x_wconf 81' lang='lat' dir='ltr'><strong>epist.</strong></span> <span class='ocrx_word' id='word_1_885' title='bbox 3088 5603 3160 5669; x_wconf 80' lang='grc'><strong>1),</strong></span> <span class='ocrx_word' id='word_1_886' title='bbox 3197 5606 3334 5656; x_wconf 74' lang='lat' dir='ltr'><strong>vobis</strong></span> <span class='ocrx_word' id='word_1_887' title='bbox 3374 5623 3464 5673; x_wconf 86' lang='lat' dir='ltr'><strong>per</strong></span> <span class='ocrx_word' id='word_1_888' title='bbox 3497 5605 3592 5658; x_wconf 85' lang='lat' dir='ltr'><strong>lioc</strong></span> 
     </span>
    </p>
   </div>
   <div class='ocr_carea' id='block_1_123' title="bbox 2026 5673 3592 5746">
    <p class='ocr_par' dir='ltr' id='par_1_123' title="bbox 2026 5673 3592 5746">
     <span class='ocr_line' id='line_1_123' title="bbox 2026 5673 3592 5746; baseline 0.001 -17"><span class='ocrx_word' id='word_1_889' title='bbox 2026 5675 2338 5746; x_wconf 82' lang='lat' dir='ltr'><strong>placabilem</strong></span> <span class='ocrx_word' id='word_1_890' title='bbox 2374 5675 2611 5733; x_wconf 80' lang='lat' dir='ltr'><strong>redditis,</strong></span> <span class='ocrx_word' id='word_1_891' title='bbox 2633 5685 2824 5746; x_wconf 81' lang='lat' dir='ltr'><strong>contra</strong></span> <span class='ocrx_word' id='word_1_892' title='bbox 2854 5673 3006 5742; x_wconf 82' lang='lat' dir='ltr'><strong>cujus</strong></span> <span class='ocrx_word' id='word_1_893' title='bbox 3041 5676 3278 5729; x_wconf 82' lang='lat' dir='ltr'><strong>inimicos</strong></span> <span class='ocrx_word' id='word_1_894' title='bbox 3311 5677 3409 5731; x_wconf 80' lang='lat' dir='ltr'><strong>zeli</strong></span> <span class='ocrx_word' id='word_1_895' title='bbox 3437 5678 3592 5730; x_wconf 79' lang='lat' dir='ltr'><strong>vestri</strong></span> 
     </span>
    </p>
   </div>
   <div class='ocr_carea' id='block_1_124' title="bbox 2029 5745 2687 5802">
    <p class='ocr_par' dir='ltr' id='par_1_124' title="bbox 2029 5745 2687 5802">
     <span class='ocr_line' id='line_1_124' title="bbox 2029 5745 2687 5802; baseline -0.011 -1"><span class='ocrx_word' id='word_1_896' title='bbox 2029 5748 2388 5802; x_wconf 77' lang='lat' dir='ltr'><strong>rectitudinem</strong></span> <span class='ocrx_word' id='word_1_897' title='bbox 2417 5745 2687 5798; x_wconf 70' lang='lat' dir='ltr'><strong>exercetis.</strong></span> 
     </span>
    </p>
   </div>
   <div class='ocr_carea' id='block_1_125' title="bbox 2099 5815 3043 5886">
    <p class='ocr_par' dir='ltr' id='par_1_125' title="bbox 2099 5815 3043 5886">
     <span class='ocr_line' id='line_1_125' title="bbox 2099 5815 3043 5886; baseline -0.003 -16"><span class='ocrx_word' id='word_1_898' title='bbox 2099 5817 2212 5885; x_wconf 70' lang='lat'><strong>(09)</strong></span> <span class='ocrx_word' id='word_1_899' title='bbox 2252 5817 2542 5886; x_wconf 79' lang='lat' dir='ltr'><strong>Cajetanus</strong></span> <span class='ocrx_word' id='word_1_900' title='bbox 2569 5815 2862 5868; x_wconf 76' lang='grc' dir='ltr'>ἐπίσκοπον</span> <span class='ocrx_word' id='word_1_901' title='bbox 2897 5815 3043 5882; x_wconf 75' lang='lat' dir='ltr'><strong>legit.</strong></span> 
     </span>
    </p>
   </div>
  </div>
