4158 6558
534 427 641 491 659

1523 428 1582 487 S.
1621 426 2000 488 GREGORII
2041 425 2555 489 AGRIGENTINI
2585 427 2784 489 VITA.

3681 428 3789 491 660

536 537 634 593 vit.
659 533 846 589 urbem
880 531 1125 602 reliquit,
1169 531 1384 604 fuitis]
1428 548 1495 587 ac
1537 535 1722 588 tandiu
1763 535 1942 598 latuit,
1979 535 2106 588 dtuu

2236 537 2476 599 ικούσας,
2525 536 2879 606 ἀνεχώρησεν
2925 535 2990 588 ἐκ
3043 535 3142 604 τῆς
3193 534 3425 598 πόλεως,
3471 535 3567 588 καὶ
3621 536 3789 606 ἐκρύ-

533 628 724 682 iiratus
773 625 1069 694 episcopus
1106 625 1228 695 ejus
1277 625 1499 681 rediret.
1539 625 1778 680 Sabinus
1819 638 2010 680 contra
2054 635 2108 680 ct

533 719 924 776 Crescentinus
947 733 1074 771 cum
1113 717 1340 772 asseclis
1370 717 1486 772 suis
1512 717 1773 772 Leucium
1801 719 2107 787 improbum

533 809 812 863 hominem
845 816 900 861 et
945 807 1263 860 liarreticum
1299 807 1617 861 iuducentes
1655 809 1706 861 in
1738 809 1903 862 domo
1940 811 2114 877 potiti-

532 900 672 954 ticali
735 899 1207 954 collocaruutzet
1255 901 1384 969 quia
1431 898 1657 954 Charito
1711 903 2005 955 archontes
2059 912 2113 956 ct

531 993 791 1062 pupulum
837 1008 901 1046 ac
947 992 1205 1046 tribunos
1251 994 1666 1054 cohortabatur,
1717 1009 1818 1047 nec
1864 995 2114 1050 dubitare

533 1085 766 1151 sinebat,
797 1084 937 1148 fore,
983 1084 1093 1140 Deo
1151 1086 1231 1140 sic
1262 1085 1506 1155 iubente,
1551 1095 1610 1139 ut
1650 1087 1742 1141 ille
1787 1103 2006 1141 rursum
2058 1088 2110 1141 in

533 1178 724 1231 urbem
779 1187 1168 1241 reverteretur,
1215 1179 1413 1233 exinde
1454 1179 1589 1232 nihil
1634 1179 1684 1232 hi
1717 1183 1980 1234 adversus
2025 1198 2117 1236 sa-

532 1267 770 1338 crilegos
803 1269 928 1323 illos
955 1269 1129 1323 moliti
1167 1277 1318 1324 sunt.
1354 1269 1541 1340 Itaque
1579 1282 1835 1342 tauquam
1871 1283 2116 1341 agrestes

535 1360 664 1414 fera:
691 1361 992 1417 Ecclesiam
1023 1360 1137 1420 Dei.
1161 1373 1223 1416 ut
1251 1363 1430 1423 libuit.
1458 1363 1854 1418 distraxerunt.
1887 1363 2112 1418 Romam

537 1464 718 1509 autem
754 1463 812 1510 ut
853 1457 1102 1521 pervenit
1138 1457 1334 1511 beatus
1381 1458 1485 1522 vir,
1520 1458 1845 1512 relationem
1873 1457 2116 1529 pontifici

540 1545 784 1599 maximo
827 1547 1201 1600 navicularius
1230 1547 1474 1602 tradidit.
1511 1547 1604 1602 Ille
1653 1557 1712 1602 ut
1740 1548 1887 1619 legit,
1914 1559 1967 1603 et
1998 1566 2119 1617 qum

541 1637 594 1688 in
629 1650 692 1690 ea
720 1646 908 1690 contra
936 1635 1143 1703 justum
1180 1637 1356 1691 virum
1393 1639 1578 1709 inique
1612 1643 1845 1695 conlicta
1879 1656 2118 1710 expone-

540 1727 763 1793 bantur,
807 1730 1050 1797 percepit
1083 1728 1219 1796 (70),
1259 1731 1500 1799 graviter
1536 1732 1588 1785 in
1618 1747 1742 1787 eum
1780 1733 2117 1803 indignatus,

543 1833 610 1872 ne
653 1817 848 1873 faciem
902 1821 1120 1891 quidem
1172 1822 1292 1890 ejus
1349 1823 1595 1891 aspicere
1640 1823 1836 1887 voluit,
1887 1839 2122 1893 eumque

543 1927 740 1982 magna
788 1927 912 1966 cum
974 1913 1273 1983 ignominia
1323 1924 1557 1969 tractum
1612 1917 1665 1969 in
1719 1932 1994 1972 carcerem
2040 1918 2120 1972 ire

540 2005 729 2073 jussit,
773 2013 827 2060 et
854 2006 1090 2060 vinculis
1130 2007 1392 2075 gravibus
1429 2023 1707 2078 nervoque
1745 2008 1995 2078 astringi,
2028 2022 2122 2060 ca-

552 2104 676 2150 tena
741 2099 996 2153 manibus
1035 2098 1381 2168 pedibusque
1436 2099 1660 2166 injecta.
1717 2098 1821 2165 Qui
1879 2099 2006 2152 dum
2067 2099 2120 2151 in

549 2203 825 2243 carcerem
865 2189 1064 2244 ductus
1090 2190 1421 2249 traheretur,
1462 2189 1570 2243 Deo
1604 2189 1794 2243 laudes
1844 2189 2120 2252 reddebat,

547 2275 786 2341 Gratias,
811 2278 1086 2348 inquiens,
1131 2279 1224 2333 tibi
1255 2295 1377 2348 ago,
1397 2278 1626 2333 Domine
1657 2278 1729 2332 mi
1757 2277 1884 2332 Jesu
1909 2277 2126 2332 Christe

552 2370 714 2434 licus,
758 2371 899 2441 quod
932 2387 1025 2426 me
1059 2373 1284 2441 dignum
1322 2372 1627 2441 putaveris,
1658 2371 1751 2442 qui
1803 2371 1978 2425 sancti
2020 2387 2120 2423 uo-

551 2462 718 2518 minis
747 2463 824 2518 tui
864 2478 1030 2519 causa
1065 2468 1182 2519 lucc
1219 2465 1484 2530 subirem,
1515 2480 1828 2534 quanquam
1867 2463 2124 2533 exiguum

552 2554 606 2610 id
637 2565 721 2610 est
753 2571 864 2626 prte
899 2571 1150 2610 meorum
1202 2557 1498 2610 criminum
1547 2555 1946 2626 magnitudine.
1994 2554 2128 2610 Car-

553 2649 695 2703 ceris
740 2665 873 2705 vero
919 2651 1136 2704 custodi
1196 2649 1453 2704 mandata
1499 2650 1711 2705 dedere
1746 2648 2007 2710 ministri.
2061 2666 2129 2702 ne

557 2756 801 2812 unquam
831 2756 955 2796 eum
988 2743 1226 2798 vinculis
1263 2742 1518 2806 solveret,
1559 2757 1797 2811 eumque
1839 2741 1920 2796 sic
1944 2741 2130 2797 solita-

557 2836 702 2890 rium
751 2835 1090 2906 reliquerunt
1119 2854 1133 2890 :
1166 2852 1290 2890 nam
1320 2837 1609 2891 diaconum
1659 2836 1787 2890 alibi
1814 2834 2001 2907 [LXXX]
2043 2836 2130 2888 in-

557 2929 700 2985 cludi
728 2928 970 2998 pontifex
1005 2929 1276 2986 maximus
1313 2929 1481 3000 jussit
1512 2930 1647 3000 (7i).
1689 2927 1802 2983 ileu
1833 2944 1994 2998 quam
2040 2944 2134 2997 pa-

547 3037 680 3084 rum
711 3023 794 3077 sui
824 3038 1071 3093 compos,
1099 3025 1202 3077 heu
1233 3039 1396 3094 quam
1425 3033 1543 3078 erat
1563 3023 1733 3077 durus
1764 3038 1827 3077 ac
1862 3022 2132 3091 suspicio-

561 3130 678 3178 sus,
735 3113 829 3174 aui
883 3124 997 3170 tum
1053 3130 1324 3169 summam
1381 3113 1750 3183 apostolorum
1802 3112 1986 3169 sedem
2021 3112 2132 3180 (72)

636 3335 755 3408 (70)
787 3337 1107 3408 Quanquam
1145 3338 1477 3408 ignoramus
1527 3337 1672 3390 unde
1715 3336 1848 3408 inec
1887 3334 2136 3408 hauserit

567 3405 852 3473 Leontius,
885 3405 1154 3476 suspicari
1187 3405 1375 3463 tamen
1419 3409 1564 3470 licet,
1596 3424 1625 3460 e
1655 3405 1904 3460 maledici
1960 3405 2135 3459 homi-

567 3477 653 3530 nis
689 3477 1089 3531 commeutarid
1128 3489 1344 3547 sumpta
1391 3493 1548 3547 esse.
1573 3477 1665 3547 qui
1698 3492 1762 3530 ex
1804 3491 1994 3547 eorum
2030 3490 2135 3528 nu-

566 3559 718 3618 mero
742 3556 908 3618 esset,
939 3563 1078 3616 quos
1091 3545 1358 3618 Gregorii
1379 3546 1555 3617 Magni
1581 3545 1859 3618 memoriae
1894 3545 2139 3618 infensos

569 3615 738 3671 fuisse
775 3615 1002 3672 scimus.
1035 3617 1124 3686 (V.
1155 3615 1296 3673 inter
1329 3615 1531 3684 Script.
1580 3616 1700 3686 Rer.
1731 3615 1862 3670 Ital.
1899 3615 2135 3686 Piolom.

571 3685 804 3741 Lucens.
844 3687 940 3741 lib.
975 3684 1052 3749 xi,
1086 3703 1137 3743 c.
1175 3688 1263 3755 lO,
1296 3689 1349 3743 in
1383 3699 1420 3742 t.
1450 3686 1566 3756 XI.)
1600 3685 1737 3741 Nam
1780 3686 1906 3752 quis
1935 3684 2141 3754 Grego-

572 3757 655 3809 rio
685 3756 879 3827 Magno
901 3759 1008 3827 Avel
1038 3759 1454 3814 mansuetudine
1485 3758 1572 3812 vel
1616 3757 1955 3827 humanitate
1997 3770 2140 3824 prai-

573 3825 838 3882 stantior?
868 3825 1013 3881 Nihil
1047 3837 1195 3883 certe
1227 3829 1400 3893 magis
1440 3830 1494 3882 in
1525 3827 1772 3898 epistolis
1815 3826 1940 3893 ejus
1978 3835 2140 3880 ciete-

576 3898 762 3965 risque
804 3899 1026 3966 scriptis
1053 3899 1251 3954 elucet.
1306 3899 1413 3954 Sed
1449 3897 1576 3968 quia
1606 3897 1805 3953 vindex
1837 3897 2144 3968 idemerat

575 3968 854 4038 vitiorum,
893 3978 946 4023 et
989 3969 1165 4038 legum
1199 3966 1482 4025 sacrarum
1517 3976 1724 4038 custos.
1764 3977 1821 4022 et
1861 3966 2144 4038 dignitatis

574 4035 836 4093 Ecclesiae.
860 4035 1120 4105 assertor,
1150 4039 1429 4109 displicuit
1469 4037 1753 4107 improbis.
1787 4046 1841 4093 et
1863 4037 2144 4109 obtrecta-

575 4118 753 4180 torum
811 4111 1056 4180 convicia
1120 4106 1254 4164 non'
1277 4107 1463 4180 effugit
1499 4127 1511 4163 :
1540 4106 1722 4178 itaque
1768 4116 1818 4163 et
1856 4106 2023 4180 facia_
2044 4121 2144 4180 sua

575 4177 904 4249 quandoque
923 4179 1214 4235 defendere
1240 4175 1464 4235 coacfus
1485 4191 1569 4234 est
1593 4197 1608 4233 :
1636 4175 1700 4232 ut
1737 4193 1873 4249 cum
1893 4176 1959 4230 ad
1993 4175 2148 4249 Salo-

577 4245 916 4303 nitanos'ob
974 4249 1268 4304 Maximum
1314 4251 1368 4304 iu
1419 4266 1483 4305 ea
1527 4249 1769 4304 Ecclesia
1806 4247 1986 4300 minus
2019 4245 2149 4313 legi-

579 4321 708 4390 time
763 4317 1107 4390 designatum
1167 4321 1485 4390 episc0pum
1549 4317 1771 4388 scripsit
1826 4317 1914 4390 his
1964 4316 2146 4390 verbis

581 4389 699 4457 (lib.
732 4401 808 4452 v1,
847 4386 1010 4459 epist.
1056 4389 1144 4455 26)
1173 4386 1462 4445 {Pervenit
1508 4391 1578 4442 ad
1607 4386 1707 4453 me,
1755 4389 1891 4458 quod
1929 4386 2148 4459 quidam

580 4473 835 4526 perversa:
869 4457 1054 4513 mentis
1098 4459 1352 4523 homines.
1391 4470 1449 4513 ut
1484 4457 1776 4513 dilectionis
1814 4467 1998 4512 vestra:
2031 4457 2150 4509 ani-

585 4544 696 4582 mos
741 4529 1096 4592 vulnerarent,
1147 4529 1288 4584 vobis
1321 4530 1597 4584 insinuare
1637 4529 1812 4582 conati
1841 4535 1986 4590 sunt,
2021 4526 2148 4596 quia

583 4614 674 4663 ego
707 4607 894 4653 contra
945 4598 1240 4652 Maximum
1274 4606 1502 4670 quodam
1541 4597 1660 4670 odio
1687 4613 1918 4670 movear,
1961 4606 2012 4649 et
2049 4613 2148 4648 non

588 4670 755 4738 "‘“955
790 4684 905 4737 9"“?
928 4670 1204 4730 σαηοηίεα.
1234 4669 1322 4722 sed
1363 4687 1444 4734 ea,
1475 4686 1591 4738 qua:
1618 4669 1814 4736 furoris
1837 4675 1981 4727 sunt,
2007 4681 2155 4738 exse:

586 4736 691 4806 qui
718 4741 1103 4808 concupiscam.
1139 4738 1241 4794 Sed
1276 4741 1412 4792 absit
1444 4736 1576 4804 liac,~
1598 4741 1734 4790 absit
1767 4756 1799 4790 a
1842 4736 2158 4808 sacerdotali

589 4807 788 4870 animo,
835 4821 893 4879 ut
952 4811 1006 4862 in
1047 4809 1277 4879 qualibet
1323 4826 1487 4862 causa
1531 4811 1740 4877 privato
1794 4807 1910 4879 zelo
1952 4823 2157 4879 mouea-

592 4890 698 4949 tur,
729 4888 836 4949 etc.
867 4878 1039 4933 l’orro
1059 4876 1113 4932 ἐἰ
1149 4878 1412 4949 Gregorio
1447 4876 1537 4932 ille
1571 4890 1761 4932 nostro
1788 4877 1950 4946 paulo
1979 4876 2157 4929 infen-

591 4948 704 5002 sior
734 4947 860 5012 fuit,
902 4959 956 5002 et
994 4947 1375 5002 accusatorum
1404 4949 1733 5003 testimoniis
1763 4949 2020 5014 deceptus
2054 4956 2156 5008 est,

591 5018 852 5073 momenti
904 5018 1108 5088 aliquid
1154 5019 1408 5073 habuisse
1443 5019 1654 5072 videtur
1688 5020 1866 5086 ipsutn
1910 5015 2161 5088 crimina-

593 5091 757 5160 tionis
779 5105 973 5160 genus,
1000 5087 1062 5160 et
1089 5090 1216 5158 quia
1239 5090 1621 5160 gravissimum
1649 5099 1789 5153 erat,
1818 5103 1872 5141 et
1895 5087 2020 5160 quia
2048 5087 2158 5160 jam

592 5169 646 5211 et
671 5156 902 5230 alioi'otn
937 5156 1140 5214 Siciliae
1165 5161 1548 5230 episcoporum
1579 5159 1754 5230 delata
1786 5158 2003 5230 nomina
2043 5156 2160 5209 fue-

599 5240 742 5294 rant,
776 5228 977 5300 Leonis
1011 5228 1222 5300 scilicet
1249 5229 1571 5290 Catauensis
1606 5229 1785 5300 (epist.
1823 5229 1913 5289 55,
1947 5229 2160 5300 lih._u),

595 5310 648 5352 et
687 5299 988 5369 Agathonis
1029 5299 1360 5370 Liparitani,
1408 5301 1500 5368 qui
1549 5296 1961 5370 etporitilicatu
2011 5296 2162 5370 abire

593 5367 784 5435 jussus
809 5369 986 5425 fuerat
1016 5367 1199 5440 (epist.
1244 5370 1333 5432 55,
1377 5367 1472 5423 lib.
1510 5371 1612 5440 in).
1647 5367 1985 5440 Prodentlum
2015 5367 2160 5440 enim

597 5441 820 5510 aliquod
850 5437 1156 5496 severitatis
1177 5440 1485 5510 exemplum
1522 5437 1826 5510 videbatur,
1860 5453 1926 5490 ne
1946 5437 2159 5510 malum

604 5507 767 5580 Istius
793 5519 1054 5580 serperet,
1086 5507 1388 5580 cacterique
1416 5509 1657 5578 episcopi
1691 5525 1880 5580 parum
1914 5507 2018 5580 sibi
2052 5521 2162 5558 me-

605 5579 865 5650 tuendum
886 5578 1310 5635 arbitrarentur}
1362 5578 1468 5634 Sed
1505 5590 1683 5633 tamen
1712 5579 2032 5650 Gregorium
2067 5592 2163 5628 uo-

603 5648 777 5702 strum
809 5659 878 5703 ab
909 5666 974 5703 eo
1004 5651 1055 5703 in
1091 5666 1366 5705 carcerem
1407 5650 1709 5720 conjectum
1738 5666 1856 5703 esse
1889 5665 1951 5702 ac
1977 5648 2162 5720 vincu-

605 5722 672 5772 lis
719 5721 1047 5784 astrictum,
1112 5721 1257 5775 credi
1308 5717 1532 5775 omnino
1587 5735 1692 5772 non
1742 5728 1935 5788 potest.
1991 5717 2159 5788 Scio,

604 5789 834 5844 clericos
881 5791 1172 5859 aliquando
1218 5791 1287 5845 ab
1333 5791 1606 5860 episcopis
1643 5789 1697 5842 in
1733 5786 2033 5843 custodiam
2073 5786 2158 5838 da-

609 5870 694 5914 tos
725 5879 739 5914 :
774 5860 930 5916 docet
968 5861 1020 5914 id
1046 5877 1148 5915 nos
1177 5862 1340 5917 etiam
1375 5859 1664 5931 GregOrius
1696 5859 1918 5929 Magnus
1959 5862 2012 5913 in
2047 5871 2158 5926 epi-

2179 4577 2228 4639 D

2212 648 2378 684 πτετο
2409 631 2516 694 ἕως
2553 630 2656 700 τῆς
2704 629 2969 683 ἐπανόδου
3020 629 3116 682 τοῦ
3163 628 3440 699 μακαρίου
3482 631 3789 684 ἐπισκόπου

2211 723 2399 780 αὐτοῦ.
2442 722 2502 776 '0
2526 721 2584 776 δὲ
2616 722 2842 784 Σαϐῖνος
2885 721 2982 776 καὶ
3021 723 3426 792 Κρησκενττνος
3460 721 3556 776 καὶ
3578 723 3626 775 οἱ
3660 725 3794 792 περὶ

2211 815 2412 878 αὐτοὺς
2453 813 2757 884 ἀγαγόντες
2790 814 2881 868 τὸν
2911 814 3231 884 παράνομον
3262 813 3497 868 Λεύκιον
3527 814 3618 866 τὸν
3643 816 3795 884 αἱρε-

2213 906 2387 970 τικὺν,
2423 904 2608 960 ἔθεντο
2634 905 2800 959 αὑτὸν
2835 907 2894 959 ἐν
2923 905 3002 976 τῷ
3031 904 3373 975 ἑπισκοπείῳ
3393 923 3409 936 ο
3438 905 3485 958 οἱ
3516 905 3572 958 δὲ
3594 906 3794 975 ἄρχοντ

2213 1015 2306 1062 τες
2354 999 2449 1052 καὶ
2478 998 2530 1050 οἱ
2571 997 2695 1052 λαοὶ
2737 998 2833 1052 καὶ
2879 999 2930 1050 οἱ
2989 996 3264 1067 τριόοὖνοι
3314 995 3795 1069 παρακαλούμενοι

2217 1089 2322 1143 ὑπὸ
2336 1089 2430 1142 τοῦ
2449 1090 2766 1161 Χαρίτωνος
2791 1089 2884 1144 καὶ
2911 1089 3422 1161 πληροφορούμενοι
3446 1089 3578 1158 παρ’
3601 1088 3793 1149 αὐτοῦ,

2215 1183 2299 1236 ὃτι
2337 1181 2431 1236 τοῦ
2462 1180 2600 1236 Θεοῦ
2652 1181 2970 1246 κελεύοντος
3019 1181 3182 1236 πάλιν
3217 1180 3504 1234 ἐπανιέναι
3539 1180 3702 1233 αὐτὸν
3735 1181 3797 1232 ὲν

2216 1275 2284 1345 τῇ
2315 1273 2492 1338 πόλει,
2515 1272 2701 1327 λοιπὸν
2727 1273 2994 1326 ἐνέδωκαν
3015 1273 3079 1325 ὲκ
3100 1272 3211 1325 τῶν
3235 1272 3486 1342 ἀνιέρων.
3533 1271 3644 1324 Καὶ
3673 1270 3794 1323 τότε

2216 1364 2292 1426 ὼς
2322 1363 2507 1434 ἄγριοι
2541 1364 2708 1434 θῆρες
2741 1364 3186 1435 κατενεμήσαντο
3213 1364 3313 1433 τὴν
3346 1362 3676 1432 Ἐκκλησίαν
3697 1362 3795 1414 τοῦ

2218 1451 2354 1505 Θεοῦ
2375 1492 2389 1514 ,
2420 1453 2495 1516 ὡς
2525 1453 2922 1524 ἐϐουλήθησαν.
2951 1453 3263 1514 Φθὰσαντος
3301 1452 3358 1505 δὲ
3391 1451 3484 1505 τοῦ
3518 1451 3796 1523 μακαρίου

2220 1545 2278 1596 ἐν
2315 1544 2522 1617 Ῥώμῃ,
2557 1545 2831 1598 ἐπέδωκεν
2871 1547 2900 1598 ὁ
2929 1545 3230 1616 ναύκληρος
3272 1544 3372 1616 τὴν
3403 1544 3681 1614 ἀναφορὰν
3720 1544 3797 1612 τῷ

2220 1637 2398 1708 πάπᾳ.
2438 1637 2733 1704 Ἀναγνοὺς
2765 1637 2824 1689 δὲ
2857 1637 2952 1690 καὶ
2993 1638 3154 1704 γνοὺς
3195 1639 3262 1688 τὰ
3308 1637 3365 1689 ὲν
3394 1637 3531 1706 αὐτῇ
3563 1635 3798 1705 ἐμφερό-

2226 1744 2362 1797 μενα
2388 1727 2529 1780 κατὰ
2550 1727 2643 1780 τοῦ
2673 1727 2882 1780 δικαίου
2909 1727 3076 1798 ψευδῆ
3102 1732 3194 1780 καὶ
3216 1728 3455 1798 ἀθέμιτα
3471 1727 3796 1797 πράγματα,

2224 1819 2321 1872 καὶ
2347 1819 2520 1889 θυμοῦ
2565 1819 2828 1890 πλησθεὶς
2857 1821 2976 1873 κατ’
3018 1820 3210 1882 αὑτοῦ,
3261 1819 3383 1872 οὐδὲ
3414 1820 3475 1872 τὸ
3505 1820 3799 1887 πρόσωπον

2152 1900 2192 1952 Β
2221 1910 2387 1964 αύτοῦ
2430 1911 2710 1984 ἠϐουλήθη
2755 1912 3075 1976 θεάσασθαι,
3127 1912 3241 1966 ἀλλ’
3295 1913 3582 1966 ἐκέλευσεν
3635 1911 3799 1964 αὑτὸν

2225 2003 2343 2074 μετ’
2371 2003 2597 2074 ἀτιμίας
2650 2003 2853 2074 πολλῆς
2888 2005 3187 2075 συρόμενον
3221 2005 3313 2058 ἐπὶ
3355 2006 3422 2074 τῇ
3469 2005 3662 2073 εἱρκτῇ
3693 2004 3800 2056 ἀπ-

2222 2095 2421 2157 ελθεῖν,
2454 2095 2548 2148 καὶ
2575 2096 2633 2147 ἐν
2659 2095 2841 2166 δεσμῷ
2871 2095 3030 2165 βαρεῖ
3051 2098 3107 2148 ὲν
3131 2095 3207 2166 τῷ
3232 2096 3372 2167 ξύλῳ
3395 2095 3799 2165 ἀσφαλισθῆναι

2227 2189 2432 2260 σιδήρῳ
2459 2191 2647 2260 χεῖρας
2675 2191 2771 2242 καί¹
2802 2191 2992 2252 πόδας.
3039 2189 3098 2242 '0
3127 2190 3182 2244 δὲ
3213 2189 3516 2260 συρόμενος
3555 2189 3650 2241 καὶ
3681 2185 3802 2256 βαλο

2224 2280 2450 2350 λόμενος
2485 2283 2543 2334 ὲν
2568 2284 2634 2353 τῇ
2671 2283 2861 2352 εἱρκτῇ
2904 2281 3120 2345 ἐδόξαζε
3166 2282 3258 2336 τὸν
3301 2281 3432 2333 Θεὸν
3462 2279 3666 2348 λέγων·
3705 2279 3804 2330 Εὑ-

2226 2373 2472 2443 χαριστῶ
2515 2391 2619 2438 σοι,
2648 2373 2821 2443 Κύριέ
2866 2391 2967 2444 μου
3021 2373 3196 2444 Ἰησοῦ
3241 2374 3444 2445 Χριστὲ
3494 2373 3522 2426 ὁ
3574 2372 3725 2436 Θεὸς,
3773 2376 3803 2425 ὁ

2227 2465 2576 2531 καταξιώσας
2613 2483 2679 2537 με
2711 2466 2797 2520 διὰ
2821 2468 2883 2520 τὸ
2908 2467 3080 2535 ὄνομά
3109 2483 3204 2520 σου
3247 2468 3308 2519 τὸ
3338 2466 3494 2534 ἅγιον
3530 2465 3802 2533 καταντῆ-

2231 2579 2323 2614 σαι
2370 2561 2451 2622 είς
2481 2559 2702 2626 ταῦτα,
2750 2559 2856 2613 κᾶν
2907 2559 3109 2627 ὀλίγον,
3165 2558 3252 2611 διὰ
3291 2557 3392 2620 τάς
3445 2556 3646 2620 πολλάς
3701 2572 3804 2625 μου

2231 2653 2534 2723 ἁμαρτίας.
2589 2651 2974 2725 Παρήγγειλαν
3018 2652 3075 2705 δὲ
3114 2651 3192 2721 τῷ
3232 2648 3645 2721 δεσμοφύλακι,
3680 2647 3802 2719 μηδ’

2229 2746 2366 2810 ὅλως
2397 2747 2560 2800 αὐτὸν
2590 2744 2750 2799 λῦσαι
2790 2744 2885 2799 τοῦ
2927 2743 3129 2814 δεσμοῦ
3150 2783 3166 2809 ,
3206 2742 3349 2797 οὕτω
3384 2741 3612 2810 ἀφέντες
3641 2739 3805 2795 αὑτὸν

2231 2834 2369 2891 εἶναι
2403 2838 2565 2908 μόνον
2586 2855 2601 2871 ·
2644 2837 2736 2891 τὸν
2765 2837 2821 2891 δὲ
2867 2838 3112 2891 διάκονον
3155 2834 3442 2890 ἐκέλευσεν
3475 2835 3504 2886 ό
3530 2833 3715 2895 πάπας
3747 2832 3806 2882 ὲν

2234 2931 2406 3000 ἑτέρῳ
2453 2933 2605 3002 τόπῳ
2642 2931 3062 3000 ἀσφαλισθῆναι.
3099 2931 3163 2980 Ὢ
3205 2928 3304 2997 τῆς
3351 2926 3576 2990 ἀνοίας,
3631 2925 3675 2978 ὣ
3708 2926 3806 2992 τῆς

2235 3022 2615 3091 ἀσπλαγχνίας
2638 3062 2654 3085 ,
2685 3020 2731 3074 ὣ
2761 3021 2860 3090 τῆς
2887 3019 3112 3082 κακίας,
3156 3014 3224 3090 ἦς
3258 3018 3613 3088 πεπλήρωται
3651 3019 3678 3068 ὁ
3717 3016 3807 3067 τὸν

2238 3114 2458 3186 πρῶτον
2489 3113 2703 3184 ἐπέχων
2739 3112 2848 3166 τῶν
2895 3111 3207 3166 ἀποστόλων
3245 3110 3456 3182 θρόνον,
3493 3110 3568 3179 μὴ
3607 3107 3807 3178 μᾶλλον

2235 3351 2370 3406 stola
2415 3351 2482 3422 ad
2512 3348 2842 3422 Cyprianum
2877 3347 3316 3422 dia_conum_(lib.
3349 3362 3406 3411 v,
3456 3363 3511 3399 n.
3543 3342 3637 3422 ξ’)Ξ)
3666 3363 3679 3398 :
3713 3343 3809 3397 sed

2237 3422 2342 3476 hoc
2367 3415 2605 3489 primum
2628 3421 2697 3476 de
2728 3420 3004 3490 episcopis
3037 3435 3146 3474 non
3177 3415 3432 3490 legimus,
3453 3415 3565 3490 qui
3603 3431 3670 3468 ne
3698 3425 3809 3468 tum

2237 3487 2478 3560 quidem,
2506 3505 2632 3546 cum
2666 3490 2737 3544 ob
2763 3487 2996 3544 crimina
3028 3487 3247 3560 honore;
3268 3503 3328 3542 se
3363 3487 3812 3560 abdicare_coge-

2237 3554 2457 3624 bantur,
2500 3561 2606 3614 nisi
2648 3560 2700 3613 in
2743 3559 3076 3614 monasteria
3113 3559 3249 3612 mitti
3302 3557 3575 3611 solebant.
3612 3554 3812 3608 Deinde

2238 3632 2343 3686 illa:
2378 3631 2506 3700 ipsa:
2535 3630 2860 3685 clericorum
2904 3630 3175 3700 custodiae
3205 3644 3442 3700 carceres
3483 3643 3589 3679 non
3633 3635 3810 3700 ciant,

2241 3693 2418 3770 neque
2460 3702 2569 3756 illic
2595 3716 2798 3755 nervus
2825 3709 2922 3754 aut
2951 3699 3244 3769 compedes
3278 3697 3620 3770 visebantur.
3664 3693 3817 3769 Facit

2240 3768 2351 3826 huc
2381 3773 2530 3826 locus
2572 3771 2804 3841 insignis
2839 3768 3088 3839 epistolte
3114 3769 3363 3841 Gregorii
3402 3768 3442 3821 ll
3475 3776 3811 3841 pout.__m’ax.

2241 3844 2307 3896 ad
2333 3841 2578 3920 _Leonem
2607 3837 2887 3920 Isauriini,
2920 3841 2975 3894 iu
3009 3856 3116 3920 qua
3143 3837 3381 3920 ostendit
3408 3853 3573 3919 quam
3586 3837 3815 3920 “diversa

2244 3913 2455 3966 ratione
2511 3912 2567 3965 in
2625 3912 2903 3965 maleﬁcos
2945 3909 3384 3965 animadvertant
3427 3909 3819 3976 pontilicesiet

2244 3999 2423 4051 reges.
2463 3983 2538 4036 Ea
2566 3991 2654 4035 est
2683 3982 2927 4037 secunda
2966 3981 3346 4051 epistularum.
3377 3975 3746 4051 qtiaa__c0iiciii_i
3776 3990 3814 4027 ll

2244 4045 2447 4106 Nicteni
2475 4053 2607 4106 Acta
2635 4052 2951 4120 prieceduut
2975 4045 3164 4120 (ilard.
3196 4063 3234 4104 t.
3260 4047 3353 4110 ιν,
3381 4045 3556 4120 p.15)
3577 4065 3600 4120 _:
3642 4045 3816 4120 Vides,

2244 4125 2550 4190 imperator,
2585 4116 2897 4190 pontiﬁcum
2931 4116 3394 4188 et'imperatoruni
3422 4116 3743 4190 discrimen?
3771 4116 3819 4168 si

2243 4189 2506 4262 quispiam
2548 4189 2595 4246 te
2633 4189 2927 4262 offenderit,
2954 4191 3166 4245 domum
3195 4190 3309 4260 ejus
3341 4189 3576 4262 publicas
3613 4194 3819 4262 etspo-

2246 4255 2372 4326 lius,
2411 4263 2580 4317 solam
2628 4255 2709 4314 illi
2745 4255 2920 4315 vitam
2947 4255 3287 4331 relinquens:
3318 4260 3628 4326 tandemque
3669 4255 3821 4331 illum

2245 4325 2407 4389 etiam
2447 4333 2525 4386 vel
2577 4333 2854 4398 suspendio
2907 4325 3200 4396 necum-vel
3246 4332 3417 4400 capite
3455 4325 3690 4400 truncas,
3743 4325 3819 4377 vel

2250 4405 2468 4473 relegas,
2500 4418 2717 4472 eumque
2749 4403 2898 4472 longe
2927 4420 2958 4454 a
2992 4401 3168 4473 liberis
3189 4412 3235 4456 et
3269 4401 3332 4473 ab
3361 4399 3606 4473 omnibus
3631 4412 3823 4473 cogita:

2249 4478 2314 4526 tis
2353 4464 2401 4526 Et
2449 4464 2642 4525 amicis
2677 4473 2787 4526 suis
2826 4464 3104 4525 timendas.
3137 4471 3418 4540 Pontiﬁces
3454 4484 3555 4520 non
3589 4468 3703 4540 ita;
3733 4464 3822 4517 sed

2256 4545 2346 4596 ubi
2390 4544 2617 4612 peccarit
2640 4543 2758 4611 quis
2804 4552 2854 4596 et
2904 4543 3172 4612 confessus
3201 4536 3383 4612 fuerit,
3433 4536 3701 4605 suspentlii
3746 4539 3827 4588 vel

2263 4611 2646 4686 antputationis
2707 4613 2902 4686 capitis
2955 4615 3066 4666 loco
3119 4611 3467 4681 Evangelium
3519 4617 3569 4660 et
3621 4621 3825 4686 crucem

2259 4684 2372 4751 ejus
2421 4683 2704 4736 cervicibus
2746 4685 3144 4752 circumponunt
3175 4698 3192 4735 :
3221 4695 3437 4748 eumque
3476 4690 3726 4746 tanquam
3775 4683 3829 4754 in

2261 4770 2544 4818 carcerem,
2567 4755 2620 4805 in
2642 4755 2924 4806 secretaria
2946 4768 3319 4822 sacrorumque
3345 4764 3587 4822 vasorum
3614 4762 3830 4822 teram:

2261 4817 2567 4895 conjiciunt,
2607 4825 2663 4876 in
2692 4823 2945 4878 Ecclesia:
2977 4817 3314 4895 diaconia'et
3361 4821 3416 4872 in
3458 4817 3830 4895 caiechumena

2261 4888 2506 4965 ablegant
2529 4888 2634 4965 :Varc
2660 4895 2940 4947 visceribus
2967 4894 3082 4965 ejus
3101 4893 3368 4965 jejunitim
3401 4889 3668 4965 oculisque
3695 4888 3833 4955 vigi-

2253 4959 2446 5022 lias'et
2477 4964 2840 5018 laudationem
2871 4965 2952 5018 ori
2988 4959 3252 5016 indicunt.
3288 4960 3523 5027 Cumque
3550 4959 3707 5026 probe
3741 4973 3833 5007 ca-

2261 5036 2528 5105 stigarint,
2571 5035 2826 5104 probeque
2870 5036 3007 5102 fame
3053 5033 3358 5103 afﬂixerint,
3408 5041 3524 5105 tum.
3538 5029 3834 5105 pretiosum

2263 5098 2351 5177 illi
2379 5098 2592 5158 Domini
2626 5098 2813 5174 corpus
2843 5098 3174 5173 impartiuiit,
3210 5115 3262 5177 et
3285 5110 3469 5177 sancto
3507 5098 3661 5177 illum
3705 5111 3836 5177 san-7

2263 5176 2418 5246 guine
2439 5185 2619 5245 potant
2654 5191 2672 5228 :
2701 5169 2748 5229 et
2773 5193 2891 5228 cum
2919 5169 3191 5246 illuminas
3215 5169 3483 5246 electionis
3507 5169 3834 5246 restituerint

2264 5241 2325 5298 ac
2356 5241 2639 5299 immunem
2668 5247 2890 5315 peccati,
2916 5247 2992 5299 sic
3019 5245 3086 5298 ad
3118 5243 3402 5296 Dominum
3428 5253 3620 5309 purum
3654 5241 3835 5290 inson-

2265 5327 2465 5386 temque
2494 5325 2882 5386 transmittunt.

2337 5380 2447 5457 (Ἡ)
2488 5385 2672 5441 Graeca
2719 5403 2750 5440 a
2801 5401 2952 5439 num.
2991 5383 3079 5447 62,
3125 5385 3192 5437 ad
3225 5383 3374 5457 hunc
3419 5383 3624 5457 locum.
3667 5380 3835 5448 quod,

2264 5453 2470 5510 chartis
2527 5457 2753 5516 avulsis.
2796 5458 2848 5509 iu
2907 5465 3141 5525 utroque
3194 5455 3383 5509 codice
3432 5453 3835 5525 Basilianoimm

2264 5529 2536 5588 deessent,
2578 5527 2845 5595 descripsi
2884 5542 2915 5581 e
2945 5518 3133 5580 codice
3165 5527 3424 5580 Vaticano
3455 5540 3510 5576 n.
3539 5521 3664 5595 3107.
3707 5518 3840 5581 QN?“

2267 5612 2392 5649 vero
2437 5591 2962 5664 sequuntur—usque
3015 5598 3080 5650 ad
3135 5613 3288 5649 tium.
3322 5596 3412 5658 65,
3442 5609 3504 5647 ea
3542 5591 3839 5660 Cajctauus

2266 5665 2366 5721 sibi
2399 5667 2695 5720 Outitteutla
2733 5669 2957 5736 putavit.

2335 5736 2445 5807 (7'2)
2486 5737 2620 5792 Cod.
2659 5731 2830 5792 Velie.
2869 5738 2955 5790 τὸν
2986 5734 3345 5789 ἁποστολικὺν
3377 5731 3587 5803 θρόνον.
