4158 6546
364 376 459 442 661

1363 395 1425 456 s.
1457 397 1833 460 GREGORII
1871 402 2382 469 AGRIGENTINI
2417 409 2618 471 VITA.
2714 380 2716 382 ’

3508 408 3614 471 662

359 492 489 586 τοὺς
519 491 940 586 ἁμαρτάνοντας
968 496 1060 553 διὰ
1089 503 1488 574 παρακλήσεως
1514 509 1608 562 καὶ
1635 513 1943 583 προσευχῆς

2046 514 2330 571 obtinebat
2363 526 2457 572 :ut
2482 517 2866 586 delinquentes
2905 532 3014 572 non
3060 525 3168 571 tam
3201 515 3398 570 solatio
3428 517 3612 584 aliquo

359 581 683 654 θεραπεύων
710 628 726 653 ,
768 589 801 658 ἢ
839 590 1042 660 μᾶλλον
1071 595 1152 657 εἰς
1200 596 1512 665 ἀπόγνωσιν
1540 581 1936 675 ἀπωσάμενοςο

361 676 454 770 καί
499 675 678 770 τοῦτο,
726 679 801 750 μὴ
851 682 1213 756 ἐπερωτήσας
1256 690 1354 744 καὶ
1402 693 1566 761 γνοὺς
1615 697 1755 766 μετὰ
1783 701 1941 770 ἀκρι-

358 766 536 863 ϐείας,
565 769 661 822 καὶ
703 775 1044 844 καταμαθὼν
1076 779 1139 833 τὸ
1167 781 1391 852 ἀληθές.
1429 785 1572 840 Ἀλλ’
1613 789 1764 858 ὅμως
1801 766 1938 863 ὀργὴ

359 861 456 955 καὶ.
481 864 786 934 φρονίμους
815 868 1116 926 ἀπόλλυσιν
1138 889 1152 904 °
1177 875 1335 929 τοῦτο
1354 877 1412 931 δὲ
1439 879 1666 948 γέγονεν
1685 883 1746 936 τὸ
1772 861 1940 955 ταραέ

359 950 556 1023 χθῆναι
586 957 749 1011 αὑτὸν
780 962 844 1014 ἐκ
870 961 964 1016 τοῦ
988 965 1303 1036 ἀρχεκάκου
1335 969 1553 1041 ἐχθροῦ.

429 1131 549 1188 ΞΓθ.
585 1137 782 1232 Ὀντος
833 1141 892 1195 δὲ
943 1144 1040 1199 τοῦ
1090 1149 1368 1219 μακαρίου
1417 1152 1722 1227 Γρηγορίου
1763 1160 1822 1213 ἐν
1859 1161 1936 1232 τῷ

357 1225 738 1302 δεσμωτηρίῳ,
769 1234 827 1285 ἐν
850 1235 928 1306 τῷ
953 1237 1097 1309 ξύλῳ
1122 1243 1503 1314 πεπεδημένον
1542 1225 1804 1322 σιδήροις,
1844 1225 1937 1308 καὶ

361 1324 824 1419 προσευχομένου,
841 1330 974 1400 περὶ
993 1331 1055 1384 τὸ
1075 1336 1447 1403 μεσονύκτιον,
1467 1341 1585 1408 φῶς
1630 1345 1771 1413 μέγα
1790 1364 1937 1419 περι·

361 1412 606 1513 ελαμψεν
626 1419 686 1471 τὺ
707 1420 1106 1496 δεσμωτήριον,
1130 1428 1223 1482 καὶ
1249 1430 1358 1484 ἰδοὺ
1381 1433 1575 1505 ἄνδρες
1595 1412 1691 1490 δύο
1715 1412 1936 1513 φοϐεροὶ

358 1507 674 1602 ἐπέστησαν
699 1515 778 1584 τῷ
811 1519 1070 1590 μακαρίῳ
1101 1522 1159 1573 ἐν
1187 1525 1429 1595 σχήματι
1460 1507 1823 1602 ἀποστολικῷ,
1849 1507 1936 1588 λέ-

356 1595 546 1696 γοντες
566 1603 716 1696 αὐτῷ
737 1623 751 1636 ·
771 1607 1020 1680 Χαίροις,
1046 1611 1334 1684 Γρηγόριε,
1349 1617 1502 1671 δοῦλε
1521 1595 1936 1696 Χριστοῦ,ήγα-

355 1692 572 1760 πημένε
608 1695 702 1748 καὶ
730 1697 887 1768 ἡμῶν
932 1701 1235 1773 Γρηγόριε·
1266 1709 1294 1760 6
1329 1710 1563 1778 Χριστὸς
1613 1692 1935 1775 ἀπέστειλεν

355 1785 506 1854 ἡμᾶς
531 1785 690 1842 λύσαι
739 1808 799 1844 σε
847 1793 910 1846 ἐκ
949 1795 1057 1850 τῶν
1093 1797 1329 1869 δεσμῶν,
1374 1798 1450 1858 ὧν
1489 1807 1691 1873 ἀδίκως
1722 1811 1931 1869 δέδεσαι

359 1875 466 1974 ύπὺ
489 1877 770 1974 τοῦᾼπάπα
791 1900 803 1912 ·
837 1885 930 1937 καὶ
960 1887 1121 1957 ἡμεῖς
1139 1891 1425 1964 χαίροντες
1452 1900 1518 1969 τῇ
1543 1902 1810 1974 καρτερίᾳ
1829 1905 1927 1974 τῆς

359 1967 642 2066 ὑπομονῆς
669 1990 781 2036 σου,
812 1985 1322 2056 συνευφραινόμεθὰ
1359 2006 1442 2043 σοι
1463 1967 1594 2045 ’⁷δεῖ
1753 1967 1846 2050 κάξ
1871 1967 1928 2052 ἐν

355 2061 423 2130 τῇ
443 2062 620 2156 πόλει
650 2067 822 2141 ταύτῃ
851 2071 1019 2128 πολλά
1053 2080 1256 2147 σημεῖα
1291 2084 1547 2149 γενέσθαι
1575 2061 1639 2156 τῇ
1675 2061 1770 2141 τοῦ
1798 2107 1931 2142 παν-

357 2154 517 2248 αγίου
548 2159 869 2232 Πνεῦματος
899 2166 1082 2237 χάριτι
1111 2169 1198 2224 διὰ
1231 2172 1345 2227 σοῦ.
1383 2177 1490 2228 Καὶ
1526 2154 1794 2248 ἁψάμενοι
1822 2182 1930 2235 τῶν

354 2247 573 2318 δεσμῶν
599 2252 932 2311 ἀπέσπασαν
979 2261 1043 2313 ἐκ
1071 2262 1181 2315 τῶν
1220 2266 1420 2336 χειρῶν
1465 2247 1652 2322 αὐτοῦ
1677 2274 1770 2325 καὶ
1824 2274 1932 2328 τῶν

357 2341 557 2395 ποδῶν.
592 2345 703 2398 Καὶ
733 2347 990 2414 ἀναστάς,
1041 2352 1238 2409 ἔπεσεν
1280 2360 1434 2429 παρὰ
1475 2362 1601 2427 τοὺς
1638 2366 1804 2429 πόδας
1832 2369 1929 2420 αύ-

356 2433 502 2494 τῶν,
536 2437 630 2490 καὶ
675 2442 1045 2516 κατεφίλησεν
1075 2446 1273 2510 αὐτοὺς
1298 2489 1312 2512 ,
1353 2449 1559 2520 λέγων·
1612 2457 1932 2530 Εύχαριστῶ

356 2523 598 2617 τῷῨΘεῷ
644 2528 712 2583 δι’
753 2523 936 2602 ὑμᾶς,
991 2535 1136 2604 ἅγιοι
1188 2540 1404 2610 άληθῶς
1447 2523 1793 2617 ἠγαπημένοι
1841 2552 1933 2604 καὶ

359 2614 651 2672 ἀπόστολοι
697 2621 792 2675 τοῦ
842 2624 1051 2694 Κυρίου
1110 2629 1320 2698 Ἰησοῦ,
1351 2633 1418 2686 οοὶ
1462 2634 1561 2706 τὴν
1608 2614 1932 2710 οίκουμὲνην

359 2712 543 2766 πᾶσαν
588 2717 955 2784 φωτίσαντες,
999 2721 1108 2774 ίδοὺ
1160 2725 1253 2777 καὶ
1293 2727 1373 2789 εἰς
1414 2727 1512 2798 τὴν
1553 2729 1741 2783 δούλου
1778 2734 1933 2803 ὑμῶν

360 2802 708 2873 σμικρότητα
770 2810 1146 2878 παρεγένεσθε
1202 2815 1299 2868 τοῦ
1359 2818 1642 2888 ἰατρεῦσαι
1705 2802 1826 2892 μου
1873 2827 1934 2878 τὺ

358 2892 582 2986 τραῦμα
623 2896 726 2965 τῆς
784 2899 994 2972 ψυχῆς,
1045 2906 1096 2957 oi
1143 2905 1220 2976 τῷ
1267 2909 1486 2982 φοϐερῷ
1536 2915 1935 2986 παριστάμενοι

361 2981 556 3055 θρόνῳ.
591 2988 774 3044 Ταῦτα
811 2991 868 3044 δὲ
906 2995 1088 3049 αὐτῶν
1120 2999 1404 3067 εἰπόντων,
1434 2981 1527 3056 καὶ
1552 2981 1936 3078 ἀσπασάμενοι

360 3079 545 3145 αὑτὸν,
578 3081 804 3153 ἀφανεῖς
828 3086 1106 3154 ἐγένοντο·
1135 3091 1475 3165 διερχόμενοι
1501 3097 1558 3150 δὲ
1595 3101 1644 3152 οί
1672 3101 1817 3169 ἆγιοι
1841 3101 1936 3155 λύ-

363 3187 558 3276 σαντες
593 3176 688 3276 καὶ
710 3177 803 3230 τὸν
827 3181 1207 3276 ,Πλατωνικὸν,
1240 3187 1334 3242 καὶ
1368 3189 1693 3251 ἐκϐαλόντες
1718 3195 1776 3245 ἐν
1801 3189 1845 3262 ᾧ
1869 3190 1938 3266 ἦν
1966 3218 2010 3276 C

363 3262 516 3335 τόπῳ
547 3267 957 3341 κεκλεισμένος,
990 3275 1362 3348 ὀδηγήσαντες
1399 3282 1560 3336 αὑτὸν
1593 3283 1698 3348 ἕως
1723 3280 1783 3340 οὗ
1812 3262 1938 3358 ἦνό

369 3359 642 3429 μακάριος
675 3362 982 3436 Γρηγόριος
1003 3408 1018 3432 ,
1059 3371 1300 3441 ἀπῆλθον
1345 3375 1442 3428 ἀπ’
1467 3376 1658 3430 αὐτοῦ.
1701 3378 1850 3433 Ἰδὼν
1883 3381 1941 3434 δὲ

365 3449 531 3542 αύτδν
552 3454 970 3542 όΑ-Πλατωνικδς,
1001 3461 1140 3516 πάνυ
1167 3465 1568 3538 εὐχαρίστησεν
1593 3471 1670 3541 τῷ
1693 3471 1833 3542 Θεῷ.

433 3540 552 3600 ΞΔἍ
572 3539 680 3600 Ἦν
699 3547 756 3636 δέ
778 3551 806 3602 ό
833 3550 1177 3623 δεσμοφύλαξ
1207 3557 1345 3628 ἔχων
1364 3560 1476 3613 υἱὸν
1508 3539 1941 3636 μονογενῆ-ἐτῶν

365 3633 562 3728 είκοσι,
607 3635 666 3699 ὃς
712 3635 861 3709 εἶχεν
899 3643 1118 3714 πνεῦμα
1163 3648 1404 3717 χαλεπὸν
1447 3651 1686 3722 σφόδρα,
1735 3633 1830 3708 καὶ
1873 3653 1942 3728 ἦν

366 3724 728 3797 ἐλαυνόμενος
763 3731 868 3785 ὑπὸ
902 3734 996 3788 τοῦ
1025 3736 1312 3808 δαίμονος,
1342 3741 1438 3794 καὶ
1478 3743 1748 3813 μηδέποτε
1778 3724 1942 3802 δυνά-

372 3831 533 3885 μενος
581 3821 925 3893 κρατηθῆναι
974 3825 1079 3880 ὑπό
1121 3844 1285 3892 τινος.
1335 3832 1798 3906 Κατασυγκυρίαν
1849 3833 1942 3892 οὖν

369 3911 510 3964 κατά
544 3912 748 3979 ταύτας
783 3917 884 3980 τὰς
921 3919 1135 3991 ἡμέρας
1162 3917 1230 3992 ἦν
1268 3923 1431 3977 αὑτὸν
1463 3928 1747 3998 κρατήσας
1778 3931 1806 3996 6
1834 3948 1942 3984 πα-

368 4000 472 4072 τὴρ
499 4004 704 4072 αὑτοῦ,
745 4009 841 4062 καὶ
869 4009 1174 4082 δεσμεύσας
1214 4014 1439 4068 ἁλύσεσι
1474 4019 1575 4082 τὰς
1619 4022 1812 4090 χεῖρας
1849 4023 1943 4076 καὶ

368 4093 497 4158 τοὺς
524 4097 690 4160 πόδας
715 4100 810 4153 καὶ
833 4101 924 4155 τὸν
942 4103 1211 4174 τράχηλον
1235 4107 1293 4158 ἐν
1315 4106 1453 4161 κίονι
1478 4107 1594 4162 ὄντι
1625 4112 1684 4164 ἐν
1707 4111 1787 4182 τῷ
1809 4113 1943 4184 οἴκῳ

369 4185 556 4241 αὐτοῦ.
593 4190 701 4243 Καὶ
731 4194 798 4262 τῇ
829 4195 985 4247 νυκτὶ
1015 4195 1200 4267 ἐκείνῃ
1227 4197 1526 4270 διαρρήξας
1565 4203 1594 4254 6
1628 4201 1839 4274 δαίμων
1876 4205 1944 4259 τὰ

369 4274 547 4346 δεσμά
574 4279 668 4332 τοῦ
696 4281 906 4348 παιδὸς,
937 4285 1033 4337 καὶ
1067 4284 1345 4355 βαστάσας
1372 4289 1535 4343 αὐτὸν
1567 4294 1594 4345 ό
1617 4291 1826 4361 δαίμων
1862 4295 1943 4358 είς

371 4369 464 4424 τὸν
521 4372 658 4440 ἀέρα
708 4377 1084 4448 προσέρῤηξεν
1129 4380 1292 4432 αὐτὸν
1331 4383 1411 4445 είς
1454 4383 1580 4448 τοὺς
1628 4385 1796 4448 πόδας
1847 4386 1942 4440 τοῦ

375 4466 650 4535 μακαρίου
704 4468 762 4520 ἐν
804 4471 870 4539 τῇ
931 4471 1177 4541 φυλακῇ,
1229 4472 1356 4526 ἔνθα
1402 4473 1635 4547 ἕστηκεν
1687 4475 1942 4545 ψάλλων,

375 4556 698 4626 βουλόμενος
723 4560 886 4612 αὑτὸν
917 4563 1278 4634 προστρῖψαι,
1309 4565 1404 4618 καὶ
1434 4567 1808 4639 ἀποσχολῆσαι
1844 4569 1944 4624 αὑ·
1977 4556 2020 4609 D

371 4649 465 4698 τὸν
524 4647 626 4717 τῆς
691 4650 903 4721 εὐχῆς⁸
968 4654 1062 4706 καὶ
1125 4653 1371 4709 ἐκυλίετο
1431 4657 1700 4727 ἀφρίζων.
1762 4660 1822 4713 '0
1888 4659 1947 4712 δὲ

375 4739 531 4809 ἅγιος
572 4743 666 4795 καὶ
712 4744 984 4813 μακάριος
1023 4748 1103 4809 είς
1139 4748 1232 4800 τὸν
1269 4749 1496 4818 οὐρανὸν
1540 4751 1678 4819 ἄρας
1708 4751 1806 4815 τὰς
1837 4755 1954 4822 χεῖ-

379 4849 479 4901 ρας
515 4833 684 4887 αὐτοῦ
725 4831 918 4889 εἴπεν·
966 4837 1164 4909 Κύριε,
1203 4840 1232 4891 ὁ
1277 4840 1409 4904 Θεὸς
1448 4841 1542 4894 τοῦ
1583 4843 1816 4912 ούρανοῦ
1854 4844 1949 4897 καὶ

373 4925 474 4995 τῆς
507 4925 612 4995 γῆς
644 4928 741 4981 καὶ
784 4930 965 5001 πάσης
1009 4930 1109 5000 τῆς
1145 4932 1374 4995 κτίσεως
1399 4973 1415 4998 ,
1466 4934 1614 4986 ἴασαι
1642 4933 1734 4987 τὸν
1760 4934 1946 4987 δοῦλόν

376 5034 472 5070 σου
497 5017 686 5071 τοῦτον
713 5019 800 5075 διὰ
823 5020 927 5092 τῆς
951 5021 1060 5075 τῶν
1085 5023 1257 5091 άγίων
1299 5041 1394 5077 σου
1450 5026 1766 5080 ἀποστόλων
1807 5043 1951 5096 παρο

375 5111 590 5173 ουσίας.
627 5107 757 5166 Εἶτα
779 5112 928 5182 λέγει
960 5114 1037 5184 τῷ
1058 5115 1275 5184 δαίμονι
1295 5132 1309 5147 ’
1341 5116 1464 5168 Ἐπὶ
1494 5116 1573 5187 τῷ
1604 5118 1830 5188 ὀνόματι
1855 5115 1957 5170 τοῦ.

377 5203 588 5273 Κυρίου
629 5205 786 5274 ήμῶν
836 5207 1010 5278 Ἰησοῦ
1056 5208 1292 5280 Χριστοῦ
1330 5207 1534 5272 ἔξελθε,
1573 5209 1788 5280 πνεῦμα
1812 5209 1951 5264 ἀκά-

379 5295 600 5365 θαρτον,
619 5296 729 5350 ἀπὸ
757 5297 853 5351 τοῦ
883 5299 1204 5370 πλάσματος
1240 5300 1336 5353 τοῦ
1381 5300 1539 5355 Θεοῦ.
1570 5301 1678 5353 Καὶ
1706 5302 1844 5372 αὐτῇ
1881 5304 1948 5372 τῇ

378 5387 500 5457 ὥρᾳ
530 5386 758 5458 ἐξῆλθεν
788 5390 897 5443 ἀπὸ
923 5391 1019 5444 τοῦ
1049 5393 1339 5462 παιδαρίου
1367 5394 1394 5444 ὁ
1423 5393 1656 5463 δαίμων,
1680 5394 1775 5446 καὶ
1800 5393 1954 5462 ἔμειν-

379 5495 471 5531 νεν
505 5479 582 5542 ὡς
611 5479 825 5550 νεκρός.
863 5482 974 5534 Καὶ
1000 5484 1282 5554 κρατήσας
1310 5484 1473 5538 αὑτὸν
1501 5485 1601 5556 τῆς
1629 5484 1810 5549 δεξιᾶς
1839 5502 1955 5553 χει-

387 5572 477 5643 ρὸς
501 5613 516 5637 ,
552 5572 776 5643 ῆγειρεν
805 5574 1000 5639 αὐτὸν,
1037 5575 1210 5644 λέγων
1231 5593 1243 5605 ·
1287 5577 1519 5631 ’Λνάστα
1539 5615 1554 5641 ,
1595 5575 1786 5629 τέκνον
1807 5615 1822 5641 ,
1862 5577 1954 5630 καὶ

456 5751 569 5822 (73)
610 5751 747 5808 Cod.
783 5751 954 5807 Vatic.
986 5751 1077 5822 καὶ
1108 5751 1343 5822 μάλιστα
1376 5752 1499 5814 τοὺς
1539 5749 1958 5822 ἀμαρτάνοντας

386 5818 475 5879 διὰ
504 5818 810 5894 προσευχῆς
849 5840 906 5876 τε
950 5821 1044 5875 καὶ⁸
1088 5818 1484 5892 παρακλήσεως
1531 5818 1875 5892 θεραπεύειν,
1923 5818 1956 5887 ἢ

2045 617 2266 661 curaret
2296 616 2350 662 et
2374 609 2651 677 precibus,
2681 625 2844 678 quam
2879 609 3176 676 rejiriendo
3215 608 3281 662 ad
3316 611 3612 678 desperan-

2041 698 2171 754 dum
2209 699 2515 770 impelleret
2542 701 2690 773 (75)!
2718 702 3018 770 praesertim
3063 717 3186 756 cum
3236 717 3412 768 neque
3444 701 3612 754 inter-

2042 790 2252 859 rogarit
2279 807 2638 862 quemquam,
2683 808 2859 862 neque
2895 808 3086 846 verum
3121 805 3374 846 accurate
3408 808 3613 861 cogno-

2039 880 2184 934 verit
2230 880 2570 937 didiceritve.
2625 881 2880 936 Sedenim
2929 881 3010 935 ira
3079 881 3370 948 prudentes
3447 882 3611 933 etiam

2039 972 2258 1040 perimit
2289 991 2302 1028 :
2331 983 2658 1043 tantumque
2693 974 2746 1027 in
2788 989 2856 1028 eo
2895 972 3321 1044 perturbationis
3361 974 3428 1026 ab
3460 973 3613 1027 hoste

2039 1063 2183 1118 malo
2211 1076 2264 1119 et
2294 1063 2566 1118 malorum
2600 1073 2826 1120 auctore
2861 1065 3159 1119 excitatum
3187 1073 3292 1118 est.

2107 1155 2290 1210 LXIII.
2332 1157 2468 1210 Cum
2505 1171 2636 1211 vero
2667 1157 2719 1210 in
2759 1171 2980 1210 carcere
3007 1166 3154 1211 esset
3183 1156 3375 1210 beatus
3408 1153 3612 1220 Grego-

2039 1248 2176 1311 rius,
2211 1263 2275 1303 ac
2301 1248 2476 1304 ferrea
2518 1249 2850 1303 constrictus
2887 1249 3169 1318 compede,
3207 1246 3612 1318 precationibus

2036 1353 2260 1408 operam
2297 1339 2472 1403 daret,
2522 1340 2702 1394 media
2751 1351 2909 1394 nocte
2951 1339 3040 1393 lux
3095 1355 3286 1406 magna
3336 1353 3610 1393 carcerem

2039 1440 2212 1485 totum
2247 1430 2543 1486 illustravit
2582 1453 2593 1487 :
2621 1446 2685 1486 ac
2719 1433 2822 1486 viri
2855 1435 2964 1485 duo
2995 1432 3214 1486 verendi
3251 1430 3439 1484 habitu
3475 1445 3612 1499 apo-

2037 1526 2232 1581 stolico
2260 1537 2387 1582 ante
2436 1543 2561 1581 eum
2605 1528 2992 1594 constiterunt,
3023 1526 3114 1597 qui
3159 1543 3283 1580 eum
3331 1524 3610 1595 appellan-

2038 1628 2120 1674 tes
2153 1639 2166 1675 :
2193 1619 2375 1686 Salve,
2404 1621 2616 1685 dixere,
2643 1621 2872 1691 Gregori
2908 1637 3061 1676 serve
3084 1619 3308 1683 Christi,
3345 1619 3613 1688 nobisque

2037 1714 2364 1769 charissime
2408 1731 2421 1767 :
2472 1713 2728 1768 Christus
2778 1729 2880 1768 nos
2921 1713 3106 1778 misit,
3163 1720 3222 1764 ut
3282 1721 3332 1765 te
3377 1710 3612 1764 vinculis

2036 1807 2392 1872 solveremus,
2422 1807 2622 1877 quibus
2653 1815 2703 1860 te
2735 1804 2977 1876 pontifex
3007 1805 3285 1858 maximus
3315 1804 3612 1857 immeren-

2035 1909 2141 1954 tem
2180 1899 2388 1954 addixit
2416 1918 2428 1953 :
2457 1899 2708 1954 laetamur
2734 1898 3016 1952 enimvero
3041 1896 3112 1950 ob
3166 1895 3534 1949 constantiam
3559 1901 3612 1946 et

2035 1993 2350 2063 patientiam
2387 2003 2562 2055 tuam,
2601 1991 2810 2060 tibique
2841 1989 3206 2060 gratulamur,
3238 1987 3379 2056 quod
3421 1986 3476 2040 in
3512 1986 3613 2038 hac

2035 2097 2253 2154 tutoque
2296 2086 2430 2138 urbe
2470 2083 2647 2139 sancti
2691 2081 2931 2152 Spiritus
2961 2079 3132 2149 gratia
3160 2078 3409 2149 prodigia
3443 2092 3536 2146 per
3562 2084 3614 2130 te

2038 2177 2208 2231 multa
2245 2177 2393 2230 lient.
2436 2173 2575 2228 Tum
2603 2174 2824 2228 vincula
2859 2169 3329 2241 apprehendentes
3362 2185 3392 2222 e
3433 2166 3611 2220 mani-

2037 2269 2140 2323 bus
2188 2267 2309 2337 ejus
2356 2281 2421 2321 ac
2468 2266 2698 2335 pedibus
2745 2264 3121 2318 detraxerunt.
3171 2260 3262 2316 Ille
3311 2274 3434 2314 cum
3488 2273 3613 2311 sur-

2037 2360 2292 2421 rexisset,
2334 2358 2399 2412 ad
2446 2373 2636 2412 eorum
2672 2357 2904 2428 procidit
2937 2355 3122 2424 pedes,
3159 2353 3363 2421 hosque
3405 2349 3611 2402 oscula-

2042 2462 2128 2508 tus
2162 2468 2176 2504 :
2207 2451 2447 2515 Gratias,
2498 2450 2696 2520 inquit,
2736 2465 2837 2519 ago
2885 2449 2992 2500 Deo
3049 2461 3143 2514 per
3173 2459 3290 2508 vos,
3341 2457 3373 2495 ο
3415 2441 3612 2505 sancti,

2040 2559 2072 2598 ο
2107 2543 2326 2597 Domini
2359 2541 2488 2596 Jesu
2517 2556 2645 2596 vere
2671 2541 2852 2594 dilecti
2887 2537 3145 2607 apostoli,
3176 2537 3270 2605 qui
3308 2543 3479 2588 totum
3508 2543 3611 2586 ter.

2041 2651 2226 2690 rarum
2283 2634 2472 2689 orbem
2533 2635 2654 2688 luce
2714 2642 2895 2686 vestra
2953 2627 3274 2697 implevistis
3329 2645 3341 2680 :
3386 2641 3512 2679 erce
3561 2634 3614 2676 et

2040 2733 2294 2799 exiguum
2330 2729 2475 2783 hunc
2503 2712 2723 2781 servum
2770 2735 3009 2780 vestrum
3045 2722 3313 2782 ntiserati,
3345 2720 3410 2773 ad
3434 2718 3602 2772 animi

2041 2825 2164 2893 ejus
2202 2822 2404 2875 vulnus
2451 2820 2754 2874 sanandum
2801 2817 3028 2882 adestis,
3077 2831 3197 2877 vos,
3235 2813 3326 2884 qui
3378 2810 3612 2864 verendo

2044 2914 2356 2984 insignique
2396 2912 2596 2966 throno
2643 2910 2864 2965 sedetis.
2906 2909 3037 2964 Post
3069 2923 3211 2977 quae,
3249 2905 3424 2960 salute
3455 2903 3614 2955 beato

2043 3007 2161 3060 viro
2188 3007 2353 3070 dicta,
2386 3011 2748 3066 evanuerunt,
2775 3014 2939 3073 atque
2969 3003 3035 3056 ad
3063 2999 3402 3055 Platonicum
3436 2996 3613 3048 direr-

2047 3108 2265 3162 tentes,
2307 3099 2486 3168 ipsum
2537 3111 2756 3166 quoque
2803 3095 3128 3156 solverunt,
3174 3091 3538 3156 eductumque
3582 3099 3614 3137 e

2045 3192 2183 3256 loco,
2234 3191 2326 3244 ubi
2375 3190 2618 3244 inclusus
2668 3199 2809 3252 erat,
2853 3202 2960 3240 non
3010 3194 3137 3239 ante
3184 3179 3413 3252 digressi
3463 3185 3610 3240 sunt,

2043 3300 2208 3355 quam
2242 3286 2308 3339 ad
2336 3283 2519 3337 locum
2549 3281 2930 3342 deduxissent,
2971 3278 3062 3332 ubi
3090 3277 3284 3331 beatus
3315 3270 3612 3340 Gregorius

2045 3377 2384 3432 versabatur.
2431 3376 2602 3440 Quem
2652 3381 2712 3426 ut
2762 3369 3080 3425 Platonicus
3125 3367 3358 3438 aspexit,
3409 3362 3614 3430 gratias

2047 3471 2155 3524 Deo
2188 3484 2330 3539 quas
2365 3467 2542 3535 potuit
2581 3464 2849 3519 maximas
2885 3461 3142 3517 reddidit.

2113 3559 2298 3616 LXIV.
2338 3559 2586 3615 Ilabebat
2611 3575 2741 3612 vero
2781 3557 3020 3612 carceris
3053 3563 3239 3609 custos
3281 3551 3452 3605 tilium
3491 3548 3615 3602 uni-

2043 3669 2234 3724 genam
2273 3668 2543 3706 annorum
2583 3648 2799 3720 viginti,
2831 3648 3076 3718 pessimo
3130 3661 3160 3698 a
3208 3643 3403 3712 spiritu
3451 3655 3616 3694 vexa-

2046 3753 2180 3806 tum,
2210 3757 2370 3811 quem
2397 3742 2610 3794 daemon
2645 3750 2794 3793 tanta
2825 3739 2876 3791 vi
2909 3737 3170 3807 agitabat,
3203 3745 3261 3788 ut
3291 3747 3416 3787 eum
3453 3744 3618 3783 neruo

2044 3849 2296 3887 coercere
2345 3848 2586 3902 unquam
2636 3841 2840 3901 posset.
2887 3829 3160 3885 Caeterum
3212 3841 3308 3896 per
3362 3839 3458 3879 eos
3499 3823 3616 3876 dies

2043 3935 2198 3994 pater
2226 3924 2345 3993 ejus
2377 3924 2518 3978 forte
2539 3923 2994 3993 apprehenderat,
3028 3930 3082 3975 et
3121 3917 3375 3972 manibus
3405 3916 3524 3983 ejus
3553 3927 3618 3968 ae

2046 4016 2275 4086 pedibus
2321 4024 2486 4085 atque
2528 4016 2671 4069 collo
2713 4022 2905 4069 catena
2949 4011 3286 4074 constrictis,
3325 4007 3614 4068 columine,

2044 4125 2164 4179 quze
2192 4108 2339 4163 domi
2365 4116 2504 4173 erat,
2530 4108 2804 4177 alligarat.
2834 4109 2902 4159 At
2922 4113 3082 4158 nocte
3112 4103 3200 4156 illa
3228 4103 3466 4163 daemon,
3490 4113 3614 4152 cum

2046 4200 2200 4271 pueri
2232 4199 2451 4254 vincula
2483 4200 2836 4268 diffregisset,
2881 4197 3157 4252 sublatum
3191 4194 3246 4246 in
3285 4205 3464 4246 aerem
3493 4198 3618 4243 ante

2046 4295 2212 4366 pedes
2240 4294 2382 4350 beati
2411 4294 2516 4348 viri
2544 4293 2841 4363 prostravit
2870 4291 2924 4344 in
2954 4291 3074 4360 ipso
3101 4303 3342 4352 carcere,
3377 4285 3466 4338 ubi
3503 4293 3616 4338 tum

2047 4385 2292 4455 psalmos
2322 4383 2578 4450 canebat,
2622 4397 2731 4449 quo
2774 4395 2970 4449 nempe
3000 4378 3156 4433 illum
3203 4383 3478 4434 attereret,
3511 4382 3564 4426 et
3588 4391 3617 4426 a

2049 4475 2299 4546 precibus
2347 4481 2651 4529 revocaret.
2701 4471 2844 4526 Puer
2875 4483 3006 4524 vero
3058 4466 3513 4538 provolvebatur,
3564 4474 3618 4516 et

2050 4582 2274 4639 spumas
2307 4567 2583 4621 vomebat.
2627 4563 2768 4619 Tum
2820 4571 3044 4616 sanctus
3089 4561 3174 4614 vir
3204 4557 3340 4625 (74),
3390 4555 3620 4610 sublatis

2049 4659 2116 4713 ad
2148 4659 2346 4714 cmlum
2380 4658 2634 4712 manibus
2665 4674 2679 4711 :
2719 4655 2970 4720 Domine,
2991 4654 3191 4722 inquit,
3235 4651 3376 4704 Deus
3410 4648 3533 4702 cteli
3569 4656 3624 4699 et

2049 4764 2208 4807 terra:
2254 4767 2318 4806 ac
2374 4765 2558 4804 rerum
2614 4747 2884 4810 omnium,
2935 4747 3006 4800 ob
3058 4754 3282 4799 sanctos
3330 4750 3472 4806 tuos,
3531 4741 3622 4810 qui

2051 4843 2214 4896 modo
2277 4841 2412 4896 mihi
2471 4841 2810 4905 adfuerunt,
2871 4837 3152 4906 apostolos
3206 4849 3427 4889 servum
3479 4833 3625 4885 hunc

2053 4944 2204 4990 tuum
2239 4942 2456 4987 sanato.
2489 4931 2702 5004 [cxxxt]
2743 4931 2944 4985 Deinde
2975 4927 3210 4983 daemoni
3237 4926 3316 4979 sic
3350 4926 3584 4992 imperat.

2053 5023 2109 5078 In
2145 5025 2366 5078 nomine
2389 5023 2602 5076 Domini
2624 5021 2796 5075 nostri
2819 5019 2948 5074 Jesu
2973 5017 3179 5073 Christi
3207 5015 3315 5075 exi,
3348 5013 3625 5066 immumle

2053 5118 2303 5188 spiritus,
2333 5133 2364 5170 e
2396 5116 2652 5185 ﬁgmento
2685 5113 2802 5168 Dei.
2836 5113 2912 5168 Ac
2937 5111 3123 5165 subito
3148 5121 3378 5178 puerum
3413 5105 3624 5159 diemon

2056 5209 2314 5280 reliquit:
2345 5223 2506 5278 quem
2543 5206 2739 5261 beatus
2769 5204 2868 5270 vir,
2910 5218 3033 5258 cum
3076 5212 3335 5269 tanquam
3380 5206 3626 5249 mortuus

2053 5303 2294 5371 iaceret,
2345 5301 2536 5355 dextra
2590 5299 2708 5369 ejus
2749 5296 3125 5366 apprehensa,
3171 5291 3471 5354 excitavit,
3526 5304 3625 5348 ac,

2055 5393 2252 5464 Surge,
2301 5391 2460 5453 dixit,
2494 5391 2594 5456 ﬁli,
2643 5399 2696 5444 et
2735 5387 2846 5441 Deo
2897 5387 3160 5440 honorem
3204 5383 3392 5447 redde,
3438 5381 3531 5450 qni
3579 5389 3626 5432 te

2056 5485 2316 5555 respexit.
2358 5483 2567 5538 Interea
2599 5493 2752 5548 pater
2783 5479 3161 5534 adolescentis
3186 5493 3310 5533 cum
3348 5473 3624 5530 swrrexis»

2060 5589 2163 5643 set,
2213 5594 2316 5634 nec
2368 5576 2536 5630 lilium
2577 5571 2874 5643 quaerendo
2926 5572 3237 5632 invenisset,
3292 5568 3486 5622 faciem
3526 5565 3626 5619 sibi

2062 5752 2139 5814 είς
2164 5749 2476 5819 ἀπόγνωσιν
2505 5744 2821 5819 ἐμϐάλλειν.
2976 5810 2999 5819 -
3041 5809 3074 5819 Α
3146 5808 3170 5819 _

2133 5802 2246 5890 (71)
2283 5802 2415 5876 Cod.
2447 5818 2502 5882 2,
2539 5802 2606 5870 ’⁸0
2645 5817 2702 5871 δὲ
2729 5802 2881 5884 ἅγιος
2911 5810 3001 5864 τοῦ
3037 5808 3170 5862 Θεοῦ
3209 5808 3298 5862 καὶ
3339 5802 3626 5876 μακάριος.
