4158 6532
541 413 646 478 66'}

1522 431 1581 491 S.
1623 431 1995 494 GREGORII
2034 429 2542 498 AGRIGENTINI
2582 439 2778 500 VITA.

3670 433 3774 500 664

541 529 768 583 tundere
793 537 845 583 et
873 527 1110 587 clamare
1136 532 1303 605 οωρίι
1336 555 1349 590 :
1384 533 1498 591 Heu
1533 556 1619 593 me
1645 540 1938 596 miserum!
1966 527 2098 614 quid

2205 545 2291 609 δὸς
2312 545 2469 612 δόξαν
2493 546 2573 616 τῷ
2599 545 2718 616 Θεῷ
2742 543 2820 614 τῷ
2843 542 3273 613 ἐπισκεψαμένῳ
3305 560 3388 600 σε.
3428 544 3692 608 Ἀναστάς
3715 545 3774 600 δέ

535 619 604 672 de
644 619 754 671 lilio
785 635 908 673 meo
933 618 1136 676 factum
1169 625 1288 679 est?
1327 624 1566 682 Omnino
1597 646 1724 684 eum
1759 631 1969 688 daemon
2018 639 2099 691 vel

535 708 590 763 in
637 724 878 780 praeceps
933 713 1019 766 vel
1067 715 1122 768 in
1156 730 1354 785 aquam
1407 729 1592 774 actum
1642 725 1890 778 cnecavit
1923 741 1937 779 :
1971 727 2101 796 quid

536 801 836 869 putandum
891 804 986 872 sit,
1031 808 1235 862 nescio.
1270 807 1394 864 Hzee
1439 811 1571 866 dum
1612 811 1819 868 diceret
1863 819 2100 874 carceris

535 904 744 958 custos,
787 896 965 952 oculis
1017 900 1355 958 circumlatis
1404 903 1550 960 fores
1598 907 1834 964 carceris
1882 918 2102 980 apertas

533 984 700 1052 videt,
738 1003 1104 1061 magnamque
1145 992 1198 1046 in
1233 1009 1298 1048 eo
1331 995 1506 1050 lucem
1553 997 1840 1068 splendere
1869 1019 1884 1056 :
1916 1002 2102 1072 itaque

533 1078 822 1134 lamentari
851 1097 1094 1146 rursum,
1145 1100 1210 1140 ac
1241 1101 1301 1142 se
1333 1087 1594 1142 miserum
1639 1090 1825 1145 dicere
1853 1107 2102 1161 pcenam-

529 1188 637 1241 que
674 1184 936 1232 metuere.
989 1176 1123 1231 Nam
1157 1194 1266 1248 quo
1312 1195 1400 1234 me
1437 1189 1618 1250 pacto,
1671 1182 1870 1248 aiebat,
1914 1186 2102 1240 delen-

531 1266 677 1325 dam,
710 1263 830 1332 ejus
866 1267 1102 1322 hominis
1133 1284 1322 1335 causa,
1356 1288 1514 1341 quem
1541 1273 1650 1328 illic
1677 1274 1966 1329 habebam.
1994 1276 2098 1331 Sed

529 1372 652 1410 cum
689 1373 749 1411 se
797 1357 1132 1425 inclinasset,
1181 1373 1431 1416 Sanctum
1464 1364 1639 1418 virum
1682 1376 1917 1421 stantem
1968 1368 2102 1424 vidit

529 1461 582 1502 et
615 1451 856 1520 psalmos
894 1462 1205 1520 canentem,
1249 1472 1488 1526 cumque
1527 1473 1592 1511 eo
1635 1459 1806 1513 lilium
1843 1477 2006 1515 suum
2045 1469 2100 1515 et

528 1537 866 1595 Platonicum
911 1558 1088 1597 :nam
1139 1553 1191 1596 et
1231 1561 1366 1615 puer
1419 1548 1509 1600 ille
1556 1549 1762 1605 litteras
1810 1553 2098 1615 didicerat,

528 1632 631 1686 nisi
662 1634 807 1702 quod
846 1650 1022 1690 annos
1055 1652 1150 1690 sex
1194 1638 1247 1690 in
1281 1639 1548 1695 daemonis
1593 1644 1870 1712 mancipio
1901 1643 2096 1699 fuerat.

527 1723 698 1777 l’orro
736 1727 978 1781 carceris
1024 1737 1210 1784 custos
1259 1729 1429 1784 tilium
1468 1730 1702 1788 intuitus
1753 1735 1997 1804 agnovit,
2035 1751 2099 1790 ac

524 1813 722 1885 raptim
770 1817 822 1870 in
857 1832 1130 1874 carcerem
1163 1821 1460 1892 ingressus,
1494 1821 1764 1894 ad'pedes
1795 1826 1937 1881 beati
1968 1825 2100 1882 Gre-

522 1908 664 1976 gorii
692 1910 951 1980 procidit,
998 1911 1078 1968 sic
1114 1928 1240 1967 eum
1275 1915 1465 1972 multis
1495 1933 1622 1971 cum
1647 1917 1906 1989 lacrymis
1953 1920 2094 1973 allo-

522 2017 696 2070 quens
733 2019 745 2056 :
776 2001 1028 2058 Misereat
1057 2013 1107 2060 te
1140 2006 1268 2070 mei,
1299 2023 1331 2062 ο
1364 2005 1459 2062 Dei
1487 2024 1663 2072 serve,
1703 2018 1760 2064 et
1792 2025 1913 2079 quae
1956 2010 2008 2063 in
2041 2019 2094 2064 te

524 2093 744 2158 admisi,
777 2096 989 2151 remitte
1023 2097 1178 2159 mihi,
1207 2099 1422 2169 quippe
1447 2100 1540 2170 qui
1588 2101 1841 2157 manibus
1881 2101 2017 2156 meis
2045 2111 2095 2156 te

525 2189 761 2246 vinculis
793 2190 1094 2262 astringere
1135 2207 1304 2247 ausus
1335 2193 1462 2249 sim.
1498 2193 1638 2247 Vere
1667 2194 1835 2258 enim,
1873 2194 2095 2249 domine

522 2281 619 2344 mi,
668 2291 722 2334 tu
771 2282 865 2335 Dei
913 2291 1059 2338 totus
1103 2298 1186 2337 es.
1236 2281 1414 2354 Atque
1451 2284 1520 2339 ab
1558 2299 1622 2338 eo
1652 2285 1742 2340 die
1779 2283 1938 2340 beato
1976 2285 2094 2338 viro

522 2371 840 2428 ministrare
865 2373 1049 2444 etrapit,
1090 2374 1249 2444 eique
1280 2376 1514 2430 interdiu
1560 2385 1836 2445 noctuque
1859 2376 2093 2430 astabat.

520 2483 622 2530 πος
647 2461 716 2520 εί.
753 2469 865 2521 Καὶ
889 2469 997 2521 ἀπὸ
1036 2468 1136 2538 τῆς
1161 2469 1377 2540 ἡμέρας
1415 2470 1664 2540 ἐκείνης,
1690 2474 1786 2524 καὶ
1828 2472 1914 2524 ἐπ’
1964 2473 2145 2526 ἐκεῖνα

519 2567 892 2635 παραστηκων
921 2563 1072 2634 αύτῴ
1095 2566 1314 2638 ἡμέρας
1337 2567 1432 2622 καὶ
1454 2568 1668 2632 νυκτός.

592 2651 750 2708 LXV.
789 2652 958 2710 Multo
1004 2665 1128 2725 post
1171 2665 1416 2727 tempore
1465 2659 1626 2712 vidua
1682 2660 1970 2729 quaedam,
2025 2659 2092 2713 ad

518 2761 683 2814 quanti
733 2747 1109 2818 prodigiorum
1156 2747 1304 2803 fatua
1352 2759 1694 2819 pervenerat,
1748 2749 1817 2806 ad
1872 2752 2093 2806 beatum

518 2838 696 2890 virum
744 2838 796 2892 in
830 2853 1104 2894 carcerem
1134 2840 1304 2904 venit,
1350 2857 1586 2912 eumque
1622 2842 1758 2898 ﬂens
1793 2857 1986 2913 rOgare
2015 2843 2095 2897 sic

519 2929 718 2998 erepit:
751 2927 1004 2986 Filiolam
1033 2931 1229 2998 habeo,
1265 2951 1297 2987 υ
1327 2933 1420 2988 Dei
1449 2948 1628 2999 serve,
1656 2933 1970 3004 unigenam,
1999 2936 2094 2989 sed

519 3037 646 3090 quae
677 3021 904 3078 incurva
929 3035 1034 3090 est,
1063 3040 1164 3081 nec
1187 3026 1382 3081 coalqu
1414 3027 1698 3096 suspicere
1731 3027 1958 3080 omnino
1992 3042 2094 3096 po-

521 3124 649 3168 test.
686 3114 786 3168 Cui
820 3127 1046 3174 sanctus
1076 3119 1178 3184 vir,
1228 3119 1361 3181 lloc,
1426 3136 1461 3173 ι)
1505 3119 1723 3187 mulier,
1755 3119 1966 3188 inquit,
1999 3119 2094 3175 Dei

2203 639 2232 689 6
2261 638 2452 706 Πατὴρ
2490 637 2583 690 τοῦ
2609 637 2896 689 νεανίσκου
2923 675 2938 700 ,
2983 635 3224 704 ζητήσας
3254 635 3419 689 αὑτὸν
3453 636 3546 688 καὶ
3576 636 3650 705 μὴ
3680 639 3773 689 εύ-

2207 727 2337 797 ρὼν,
2371 727 2571 798 ἤρξατο
2596 727 2659 780 τὸ
2691 727 2982 797 πρόσωπον
3010 726 3175 779 αὑτοῦ
3202 726 3426 780 τύπτειν
3452 728 3548 780 καὶ
3571 727 3793 796 λέγειν’

2203 821 2363 887 Οῖμοι
2389 819 2466 887 τῷ
2492 818 2658 888 ἀθλίῳ
2678 858 2692 878 ,
2723 819 2776 870 τί
2815 818 3039 885 γέγονεν
3065 817 3126 869 τὸ
3150 817 3338 870 τέκνον
3382 835 3520 887 μους
3558 817 3774 881 πάντως

2201 911 2231 962 6
2259 911 2470 981 δαίμων
2494 911 2655 963 αὑτὸν
2683 910 2979 976 ἀπέπνιξεν
3013 909 3045 980 ἦ
3075 910 3134 961 ἐν
3169 909 3402 979 κρημνῷ
3436 909 3470 978 ἢ
3506 911 3564 961 ἐν
3596 909 3772 974 ὕδατι,

2201 1001 2264 1054 τὺ
2293 1002 2346 1054 τί
2381 1001 2704 1068 λογίσασθαι
2734 1001 2834 1054 οὐκ
2873 997 3009 1054 οἶδα.
3065 994 3200 1052 Εἶτα
3229 1000 3306 1062 ὼς
3345 999 3520 1053 ταῦτα
3562 999 3768 1067 ἔλεγεν,

2202 1091 2674 1163 περιϐλεψάμενος
2695 1094 2724 1145 ὁ
2755 1089 3102 1162 δεσμοφύλαξ
3129 1090 3326 1161 θεωρεῖ
3353 1091 3452 1154 τὰς
3479 1091 3649 1161 θύρας
3673 1092 3772 1160 τῆς

2203 1186 2451 1255 φυλακῆς
2484 1183 2837 1253 ἀνεῳγμένας
2860 1224 2876 1248 ,
2925 1183 3019 1236 καὶ
3048 1182 3163 1250 φῶς
3197 1182 3336 1252 μέγα
3372 1183 3430 1234 ἐν
3459 1182 3538 1251 τῷ
3561 1183 3773 1252 δεσμω-

2200 1275 2398 1347 τηρίῳ,
2444 1275 2541 1328 καὶ
2572 1274 2774 1346 ἤρξατο
2823 1275 3084 1346 κράζεινο
3136 1273 3272 1328 Ούαί
3319 1290 3412 1344 μοι
3453 1273 3533 1343 τῷ
3577 1272 3768 1341 ἀθλίῳ,

2200 1366 2334 1437 τιμὴ
2388 1367 2484 1419 σὺν
2524 1365 2680 1436 ἐμοί’
2727 1365 2912 1436 πῶςῆ
2964 1365 3016 1416 τί
3060 1364 3472 1433 ἀπολογήσομαι
3520 1362 3649 1431 περὶ
3675 1359 3769 1412 τοῦ

2200 1457 2488 1530 ἀνθρώπου
2513 1457 2704 1510 τούτου
2727 1456 2821 1510 τοῦ
2863 1458 3013 1522 ὄντος
3041 1457 3225 1510 ἐνθάδε
3251 1473 3266 1523 ;
3305 1456 3412 1508 Καὶ
3436 1453 3768 1526 παρακύψας

2203 1549 2310 1602 ῖδεν
2341 1549 2434 1601 τὸν
2463 1548 2620 1616 ἅγιον
2648 1550 2918 1620 στήκοντα
2945 1548 3040 1601 καὶ
3065 1547 3358 1618 ψάλλοντα,
3395 1547 3489 1599 καὶ
3521 1547 3612 1599 τὸν
3655 1545 3769 1597 υἱὸν

2201 1639 2367 1696 αὐτοῦ
2400 1640 2495 1692 σὺν
2522 1639 2670 1711 αύτῷ
2696 1641 2790 1694 καὶ
2819 1641 2911 1693 τὸν
2941 1640 3310 1694 Πλατωνικόν.
3336 1634 3445 1691 Ἦν
3477 1638 3585 1708 γάρ
3616 1638 3711 1690 καὶ
3743 1638 3771 1689 6

2199 1731 2312 1795 υίὸς
2329 1731 2492 1784 αὑτοῦ
2510 1731 2967 1801 πεπαιδευμένος·
2986 1731 3048 1795 ἓξ
3063 1730 3172 1801 γὰρ
3194 1729 3419 1800 χρόνους
3438 1724 3582 1798 εἶχεν
3607 1727 3769 1778 ἐλαυ-

2200 1823 2426 1892 νόμενος
2456 1822 2561 1875 ὑπὸ
2590 1820 2682 1874 τοῦ
2725 1821 2999 1892 δαίμονος.
3031 1822 3382 1891 Σκεψάμενος
3423 1820 3480 1873 δὲ
3515 1821 3542 1872 6
3571 1820 3771 1887 δεσμο-

2200 1913 2400 1982 φύλαξ,
2432 1913 2527 1967 καὶ
2555 1913 2832 1983 γνωρίσας
2861 1913 2953 1966 τὸν
2989 1913 3102 1967 υἱὸν
3130 1913 3317 1976 αὑτοῦ,
3361 1912 3638 1984 δρομαίως
3666 1912 3772 1962 εἱσ-

2200 2003 2370 2058 ελθὼν
2401 2005 2459 2056 ἐν
2487 2007 2554 2076 τῇ
2586 2004 2802 2075 φυλακῇ
2829 2046 2843 2070 ,
2888 2004 3086 2059 ἔπεσεν
3115 2005 3265 2076 παρὰ
3304 2007 3432 2068 τοὺς
3474 2004 3638 2066 πόδας
3675 2000 3770 2056 τοῦ

2201 2095 2472 2166 μακαρίου
2506 2097 2812 2167 Γρηγορίου
2833 2134 2849 2158 ,
2877 2096 3081 2150 κλαίων
3133 2099 3224 2149 καὶ
3261 2095 3468 2164 λέγων·
3517 2093 3770 2166 Ἐλέησόν

2199 2204 2288 2256 με,
2325 2185 2476 2240 δοῦλε
2507 2189 2602 2240 τοῦ
2629 2187 2786 2252 Θεοῦ,
2833 2191 2925 2241 καὶ
2965 2187 3322 2260 συγχώρησόν
3357 2205 3446 2258 μοι
3490 2186 3526 2240 ἃ.
3556 2183 3774 2257 ἔπραξα.

2196 2287 2277 2348 είς
2307 2285 2400 2338 σέ·
2423 2283 2520 2336 καὶ
2543 2284 2812 2338 ἐπέϐαλον
2841 2284 2933 2336 ἐπ)⁸
2962 2285 3089 2348 τοὺς
3122 2283 3356 2354 δεσμούς
3397 2299 3492 2336 σου
3532 2281 3628 2345 τὰς
3655 2284 3771 2352 χεῖ-

2199 2377 2299 2447 ράς
2333 2392 2455 2446 μου.
2499 2374 2745 2446 Ἀληθῶς
2771 2375 2905 2443 γὰρ,
2933 2374 3093 2445 κύριέ
3128 2391 3252 2444 μου,
3279 2375 3373 2430 τοῦ
3402 2373 3534 2425 Θεοῦ
3559 2373 3769 2444 ἀνθρω-

2194 2467 2262 2543 ἧν
2318 2470 2678 2544 ἐξυπηρετῶν
2727 2471 2756 2522 6
2805 2469 3153 2540 δεσμοφύλαξ
3200 2469 3280 2540 τῷ
3332 2470 3620 2540 μακαρίῳ,
3675 2467 3770 2522 καὶ

2262 2653 2381 2710 ΞΕ’.
2407 2655 2563 2708 Μετά
2598 2653 2656 2706 δὲ
2695 2653 2864 2708 πολὺν
2889 2653 3096 2724 ¹¹χρόνον
3124 2651 3364 2714 ἀκούσας
3401 2667 3486 2712 τις
3521 2649 3665 2719 χήρα
3698 2645 3769 2699 τά

2195 2749 2421 2817 σημεῖα,
2455 2746 2490 2800 ἃ
2523 2746 2697 2799 ἐποίει
2744 2747 2774 2800 6
2820 2745 3113 2816 μακάριος,
3145 2744 3241 2798 καὶ
3283 2742 3566 2814 δραμοῦσα
3607 2743 3666 2793 ἐν
3699 2742 3767 2809 τῇ

2196 2837 2434 2908 φυλακῇ,
2477 2836 2778 2906 παρεκάλει
2812 2837 2902 2889 τὸν
2947 2836 3215 2907 μακάριον
3250 2834 3514 2887 κλαίουσα
3557 2832 3654 2884 καὶ
3682 2831 3769 2884 λέ-

2195 2945 2398 2996 γουσα’
2433 2927 2596 2981 Δοῦλε
2623 2926 2716 2982 τοῦ
2745 2926 2904 2991 Θεοῦ,
2935 2925 3228 2997 θυγάτριόν
3275 2941 3366 2994 μοι
3403 2923 3636 2992 ὑπάρχει
3671 2938 3768 2990 μο-

2195 3023 2432 3088 νογενὲς,
2471 3022 2566 3074 καὶ
2605 3019 2753 3074 ἔστιν
2798 3019 3189 3088 συγκύπτουσα
3227 3017 3335 3081 ἀεὶ,
3388 3015 3480 3068 καὶ
3529 3016 3604 3084 μὴ
3635 3015 3772 3067 ἀνα-

2195 3112 2514 3168 νεύουσατὺ
2547 3112 2786 3167 σύνολον.
2830 3110 2890 3166 Ὀ
2919 3110 2977 3164 δὲ
3011 3112 3164 3179 ἅγιος
3194 3108 3341 3175 λέγει
3372 3107 3508 3176 αύτῇ
3531 3123 3544 3136 ⁸
3579 3103 3769 3165 Τοῦτο,

521 3207 694 3263 solius
717 3223 856 3277 opus
881 3217 987 3273 est,
1026 3208 1120 3280 qui
1149 3209 1316 3265 verbo
1348 3210 1577 3264 salutem
1628 3211 1758 3266 dare
1801 3219 1998 3281 potest,
2039 3219 2096 3266 ut

2202 3205 2377 3274 γύναι,
2424 3203 2520 3257 τοῦ
2565 3203 2700 3257 Θεοῦ
2747 3204 2910 3274 μόνου
2948 3202 3108 3274 ἔργον
3156 3201 3328 3264 ἐστὶν,
3372 3199 3451 3269 τῷ
3485 3197 3772 3267 δυναμένῳ

521 3310 575 3351 et
609 3299 739 3352 olim
773 3302 1049 3356 incurvam
1076 3303 1359 3357 mulierem
1383 3303 1576 3358 erexit.
1601 3302 1696 3357 llla
1717 3318 1850 3358 vero
1872 3305 2092 3358 domum

525 3387 787 3459 profecta,
824 3390 987 3444 ﬁliam
1029 3393 1096 3447 ad
1137 3393 1299 3464 pedes
1334 3395 1508 3449 sancti
1553 3395 1802 3463 Gregorii
1849 3395 2096 3462 adduxit,

523 3481 594 3535 ab
630 3497 807 3552 quue
853 3485 1156 3550 contendit,
1201 3495 1258 3540 ut
1287 3501 1479 3556 preces
1523 3501 1623 3556 pro
1668 3487 1783 3558 ipsa
1819 3486 2096 3543 funderet.

523 3573 788 3638 Quicum
852 3590 1030 3644 genua
1083 3576 1343 3640 ﬂexisset,
1384 3577 1554 3633 Deum
1607 3580 1924 3650 supplicans
1981 3581 2096 3634 ait:

529 3665 758 3722 Domine
786 3665 930 3722 Deus
953 3669 1321 3740 omnipotens,
1353 3669 1445 3740 qui
1487 3671 1638 3727 solus
1684 3683 1910 3730 sanctus
1939 3683 2102 3742 atque

527 3760 1095 3830 incomprehensibilis
1137 3779 1216 3825 es,
1262 3779 1403 3817 unus
1451 3765 1828 3836 prodigiorum
1875 3781 2102 3834 magno-

529 3868 652 3908 rum
683 3853 932 3919 ell‘ector,
967 3855 1110 3909 servi
1157 3857 1233 3910 tui
1284 3855 1493 3925 respice
1529 3872 1738 3926 preces,
1772 3866 1826 3912 et
1866 3859 2099 3928 puellam

530 3943 674 3999 hanc
714 3944 972 4000 invisibili
999 3945 1087 3999 illa
1112 3947 1349 4002 dexterae
1379 3958 1484 4002 tuae
1529 3950 1769 4019 potentia
1805 3950 2100 4004 valetudini

530 4041 794 4094 restitue:
841 4048 898 4093 ut
945 4037 1297 4095 manifestqu
1339 4042 1411 4096 sit
1473 4051 1526 4095 te
1563 4058 1733 4097 unum
1779 4058 1901 4098 esse
1932 4043 2102 4097 Deum

529 4145 738 4193 verum,
793 4128 1238 4192 misericordem,
1283 4129 1604 4200 placabilem
1647 4131 1717 4184 iis
1766 4131 1860 4200 qui
1934 4140 1986 4184 te
2032 4144 2100 4183 ex

529 4219 1011 4282 animoiuvocant,
1040 4228 1290 4275 sanctum
1314 4221 1551 4292 denique
1581 4221 1633 4274 in
1666 4221 1884 4276 szecula.
1910 4223 2103 4275 Amen.

530 4313 708 4384 Atque
758 4313 846 4370 his
872 4313 1123 4383 prolatis,
1160 4331 1416 4384 surgens,
1448 4317 1624 4386 puella
1679 4316 1906 4373 salutari
1951 4317 2108 4386 signo

532 4407 856 4468 lustrata,et
884 4404 1089 4462 Christi
1113 4407 1226 4462 veri
1263 4407 1356 4464 Dei
1385 4409 1554 4464 nostri
1572 4410 1794 4464 nomine
1821 4409 2104 4463 invocato:

532 4499 753 4562 Insiste,
810 4499 1009 4568 inquit,
1064 4501 1294 4571 pedibus
1345 4501 1492 4570 tuis;
1540 4518 1602 4556 ea
1663 4518 1794 4557 vero
1836 4503 2108 4572 extemplo

531 4590 708 4644 erexit
757 4605 880 4646 sese
913 4606 979 4646 ac
1019 4590 1188 4658 stetit,
1231 4593 1465 4648 sanitate
1499 4604 1737 4663 recepta.
1785 4592 1934 4661 Quas
1977 4607 2107 4647 Vero

535 4693 711 4736 mater
727 4682 847 4752 ejus
867 4682 1181 4740 Deolaudes
1203 4700 1310 4738 non
1341 4687 1611 4740 reddidit?
1632 4685 1765 4753 Qum
1797 4696 1852 4741 et
1881 4686 2105 4741 domum

533 4790 657 4829 cum
677 4773 788 4830 ﬁlia
819 4790 1060 4842 reVersa,
1090 4791 1187 4846 per
1216 4777 1405 4832 urbem
1429 4778 1738 4834 universam
1764 4777 2107 4850 Dciprodigia

535 4865 768 4942 [Luxu]
800 4884 898 4939 per
940 4867 1157 4924 beatum
1182 4868 1504 4941 Gregorium
1537 4880 1747 4940 patrata
1795 4871 2106 4926 celebravit.

534 4963 782 5032 Cumque
810 4977 931 5017 eam
964 4962 1129 5018 vicini
1157 4962 1574 5034 interrogarent,
1620 4962 1744 5033 quis
1791 4963 1954 5017 tiliam
1989 4961 2108 5031 ejus

537 5064 808 5116 sanasset,
849 5051 1062 5124 Hospes
1091 5055 1336 5124 quidam,
1387 5055 1772 5125 respondebat,
1817 5054 2108 5124 episcopus

536 5145 779 5208 Siculus,
815 5161 979 5216 quem
1005 5146 1194 5200 dicunt
1219 5145 1321 5200 sub
1353 5144 1536 5216 judice
1558 5159 1699 5208 esse,
1731 5159 1908 5215 eoque
1928 5144 2108 5198 uomi-

537 5253 608 5313 ue
633 5237 842 5294 carceri
870 5237 1123 5292 addictus
1151 5246 1255 5292 est.

607 5477 794 5535 LXVI.
831 5479 951 5533 Alia
978 5479 1260 5534 enimvero
1292 5478 1342 5530 id
1378 5492 1551 5547 genus
1580 5478 1750 5530 multa
1783 5489 2006 5534 sanctus
2029 5483 2110 5535 vir

538 5571 591 5625 iu
651 5587 873 5627 carcere
927 5572 1072 5638 fecit,
1123 5573 1529 5643 multorumque
1602 5573 1824 5626 morbos
1875 5575 2106 5628 curavit.

535 5664 724 5721 Serius
755 5675 937 5720 autem
963 5667 1078 5721 sive
1101 5675 1226 5736 post
1265 5681 1470 5720 annum
1507 5666 1619 5737 (75)
1653 5667 1894 5736 pontifex
1929 5668 2108 5721 maxi-

607 5809 720 5881 (⁵15)
747 5807 861 5865 Non
885 5809 1085 5881 antique
1112 5805 1670 5881 Gregorius‘blagnus
1721 5823 1964 5881 causam
1992 5808 2106 5877 epi-

543 5877 710 5954 scopi
729 5880 901 5938 nostri
925 5877 1236 5949 neglexerat
1264 5887 1358 5933 aut
1382 5877 1583 5935 oblitus
1613 5878 1826 5934 fuerat:
1875 5879 1968 5934 sed
2015 5895 2106 5934 ac-

2201 3294 2372 3350 σῶσαι
2394 3295 2557 3366 λόγῳ,
2583 3295 2658 3357 ὼς
2687 3295 2779 3348 καί
2811 3311 2938 3348 ποτε
2961 3294 3059 3361 τὴν
3089 3291 3504 3361 συγκύπτουσαν
3531 3291 3774 3359 ἀνόρθω-

2201 3403 2290 3439 σεν
2317 3388 2574 3456 γυναῖκα.
2620 3384 2955 3438 Ἀπελθοῦσα
2987 3384 3042 3437 δὲ
3068 3386 3101 3456 ἡ
3125 3385 3285 3452 γυνὴ,
3313 3385 3519 3453 ἤγαγεν
3545 3380 3644 3450 τὴν
3679 3379 3774 3432 θυ-

2199 3481 2406 3549 γατέρα
2431 3479 2600 3549 αὐτῆς
2623 3477 2924 3548 παράτοὺς
2951 3476 3117 3538 πόδας
3144 3475 3238 3528 τοῦ
3262 3475 3418 3542 άγὲου
3441 3470 3772 3542 Γρηγορίουο

2201 3569 2296 3624 καὶ
2327 3568 2626 3639 παρεκάλει
2652 3569 2832 3632 αὑτὸν,
2871 3569 3018 3630 ὅπως
3064 3565 3358 3636 ἐπεύξηται
3407 3564 3564 3634 αὐτῇ.
3607 3562 3666 3615 Ὁ
3718 3561 3776 3614 δὲ

2201 3663 2388 3724 κλίνας
2425 3661 2496 3713 τὰ
2536 3661 2741 3728 γόνατα
2780 3658 2968 3725 αὐτοῦ,
2999 3658 3242 3711 ἱκέτευεν
3271 3657 3359 3709 τὸν
3383 3654 3538 3718 Θεὸν,
3568 3652 3773 3720 λέγων’

2202 3749 2375 3820 Κύριε
2411 3751 2440 3802 6
2469 3749 2600 3813 Θεὸς
2634 3749 3052 3819 παντοκράτωρ,
3080 3747 3108 3800 6
3144 3747 3303 3818 μόνος
3334 3744 3486 3814 ἆγιος
3519 3743 3613 3797 καὶ
3641 3747 3780 3798 ἀκα-

2200 3840 2496 3912 τάληπτος,
2529 3843 2557 3893 6
2584 3841 2755 3894 ποιῶν
2789 3839 3072 3910 θαυμάσια
3101 3836 3334 3908 μεγάλα,
3365 3833 3656 3905 ἐπίϐλεψον
3684 3833 3778 3886 ἐπὶ

2201 3935 2299 4004 τὴν
2339 3933 2648 4006 προσευχὴν
2684 3931 2778 3985 τοῦ
2805 3931 2992 3986 δούλου
3029 3949 3146 3993 σου,
3173 3930 3267 3983 καὶ
3301 3928 3450 3981 ῐασαι
3481 3926 3582 3999 τὴν
3611 3925 3778 3980 παῖδα

2203 4024 2406 4095 ταύτην
2446 4027 2513 4096 τῇ
2541 4023 2768 4094 δυνάμει
2799 4039 2892 4075 σου
2939 4024 3006 4093 τῇ
3039 4021 3256 4091 ἀοράτῳ
3300 4019 3395 4073 καὶ
3429 4018 3776 4088 πνευματικῇ

2203 4121 2387 4192 δεξιᾷ,
2422 4122 2508 4174 ἵνα
2532 4120 2740 4190 δειχθῇ,
2776 4119 2860 4172 ὃτι
2903 4119 2968 4172 σὺ
3004 4118 3164 4188 μόνος
3199 4116 3335 4180 Θεὸς
3369 4113 3646 4184 ἀληθινὸς,
3685 4111 3776 4164 εῦ-

2209 4214 2520 4284 σπλαγχνος
2542 4214 2636 4265 καὶ
2661 4213 2885 4282 εύήκοος
2908 4213 3019 4272 τοῖς
3042 4207 3489 4278 ἐπικαλουμένοις
3514 4223 3573 4259 σε
3603 4207 3661 4257 ἐν
3683 4203 3776 4275 ὅλῃ

2207 4305 2427 4376 καρδίᾳ,
2469 4305 2550 4357 ὅτι
2581 4303 2736 4372 ἆγιος
2765 4299 2816 4356 εί
2843 4303 2924 4364 είς
2951 4301 3077 4364 τοὺς
3103 4299 3329 4362 αἰῶνας.
3369 4299 3563 4369 Ἀμήν.
3596 4297 3781 4349 Ταῦτα

2207 4398 2265 4453 δὲ
2301 4395 2466 4452 αὐτοῦ
2497 4395 2764 4459 εἰπόντος,
2803 4392 3042 4456 ἀναστάς
3072 4394 3169 4446 καὶ
3198 4390 3648 4460 κατασφραγίσας
3683 4389 3781 4441 αὑ-

2209 4489 2307 4560 τὴν
2358 4487 2450 4540 ἐπὶ
2504 4483 2583 4555 τῷ
2626 4484 2852 4554 ὀνόματι
2900 4481 3139 4552 Χριστοῦ
3195 4481 3290 4534 τοῦ
3335 4478 3591 4551 ἀληθινοῦ
3644 4477 3781 4531 Θεοῦ

2139 4561 2183 4618 Ῐ)
2212 4577 2390 4650 ἡμῶν,
2433 4574 2689 4636 Ἀνάστα,
2723 4571 2892 4640 λέγει,
2926 4571 3019 4623 ἐπὶ
3046 4570 3173 4632 τοὺς
3201 4568 3365 4630 πόδας
3397 4582 3521 4620 σου·
3549 4567 3582 4636 ἡ
3611 4564 3671 4618 δὲ
3694 4565 3784 4616 εύ-

2211 4671 2349 4732 θέως
2382 4667 2476 4722 καὶ
2504 4665 2848 4736 παραχρῆμα
2886 4661 3169 4732 ἀνορθώθη
3203 4660 3298 4712 καὶ
3328 4659 3458 4728 ἐστη
3495 4657 3674 4727 ὑγιής.
3719 4654 3783 4708 Ἦ

2209 4759 2265 4815 δὲ
2319 4762 2503 4830 μήτηρ
2558 4758 2730 4828 αὐτῆς
2768 4756 3020 4822 ἐδόξασεν
3053 4755 3146 4808 τὸν
3197 4753 3349 4816 Θεὸν,
3400 4753 3495 4804 καὶ
3539 4748 3784 4820 ἀπῆλθεν

2214 4852 2351 4923 μετά
2374 4852 2472 4919 τῆς
2497 4847 2766 4918 θυγατρὸς
2792 4847 2962 4916 αὐτῆς
2985 4849 3064 4908 είς
3085 4845 3174 4897 τὸν
3195 4840 3344 4897 οἷκον
3378 4842 3568 4910 αὐτῆς,
3594 4840 3787 4907 διαφη-

2214 4941 2447 5013 μίζουσα
2491 4941 2550 4992 ἐν
2578 4939 2676 5012 ὅλῃ
2709 4941 2776 5007 τῇ
2824 4935 3011 5007 Ῥώμῃ
3043 4935 3113 4989 τὰ
3149 4933 3411 5005 μεγαλεῖα
3439 4931 3531 4984 τοῦ
3564 4927 3720 4991 Θεοῦ,
3751 4927 3789 4981 ἂ.

2211 5034 2466 5102 ἐποίησεν
2505 5033 2623 5101 μετ’
2655 5032 2826 5100 αὐτῆς
2872 5027 2962 5082 διὰ
3007 5025 3102 5080 τοῦ
3149 5025 3426 5096 μακαρίου
3458 5021 3786 5094 Γρηγορίου.

2217 5126 2440 5193 Ἔλεγον
2469 5120 2562 5178 οῦν
2595 5124 2734 5193 αύτῇ
2774 5123 2824 5174 οἱ
2859 5120 3098 5174 σύνοικοι
3129 5117 3322 5186 αὐτῆς,
3358 5115 3456 5178 Τίς
3496 5115 3685 5168 ἰάσατο
3728 5111 3791 5163 τὸ

2212 5214 2503 5284 θυγάτριόν
2533 5231 2657 5277 σου;
2702 5212 2766 5265 Ἡ
2799 5212 2856 5265 δὲ
2885 5211 3070 5278 ἔλεγεν
3151 5209 3312 5270 Ξένος
3360 5225 3443 5271 τις
3492 5205 3791 5263 ἐπίσκοπος

2212 5305 2454 5370 Σικελὸς,
2481 5305 2541 5358 ὃν
2575 5304 2796 5373 λέγουσι
2829 5303 3164 5374 κατάκριτον
3188 5295 3352 5365 εἶναι,
3381 5299 3476 5351 καὶ
3509 5296 3598 5350 διὰ
3632 5294 3791 5349 τοῦτο

2213 5397 2593 5467 ἐγκέκλεισται
2615 5397 2673 5448 ἐν
2699 5398 2764 5466 τῇ
2792 5395 3030 5465 φυλακῇ.

2283 5491 2419 5558 EG’.
2446 5488 2633 5543 Ταῦτα
2660 5489 2719 5542 δὲ
2750 5489 2844 5542 xui.
2870 5488 3006 5541 ἄλλα
3055 5487 3232 5541 ἐποίει
3277 5483 3446 5539 πολλὰ
3483 5485 3512 5537 6
3545 5481 3698 5550 ἅγιος
3733 5480 3791 5531 ἐν

2213 5587 2279 5653 τῇ
2313 5583 2549 5652 φυλακῇ,
2584 5580 2676 5634 καὶ
2717 5580 2945 5643 πολλοὺς
2971 5579 3366 5650 ἐθεράπευσεν.
3403 5575 3556 5632 Μετὰ
3582 5574 3639 5626 δὲ
3665 5572 3792 5643 χρό-

2213 5692 2304 5727 νον
2342 5673 2509 5726 πολὺν
2538 5673 2706 5743 ἤγουν
2739 5671 2984 5724 ἐνιαυτὸν
3011 5671 3107 5722 ἕνα
3142 5668 3385 5740 ἐμνήσθη
3423 5668 3452 5719 6
3477 5665 3666 5725 πάπας
3698 5659 3792 5712 τοῦ

2214 5816 2502 5864 cnsatores
2526 5802 2731 5872 potius,
2761 5817 2886 5856 cum
2918 5800 3020 5854 sibi
3057 5808 3382 5872 metuerent.
3412 5812 3525 5872 rem
3548 5795 3794 5872 quotidie

2212 5867 2618 5934 dilIerebant'ac
2649 5873 3145 5944 procrastinabant.
3165 5868 3411 5926 Declarat
3443 5870 3544 5924 hoc
3566 5867 3795 5936 epistola
