4158 6558
383 443 487 500 665

1354 444 1416 504 S.
1449 445 1831 507 GREGORII
1873 450 2384 510 AGRIGENTINI
2420 447 2621 508 Vl'l‘A.

3537 443 3642 505 666

381 550 708 623 Γρηγορίου,
735 553 830 605 καὶ
857 551 1184 615 ἀποστείλας
1238 554 1448 622 ἤγαγεν
1481 556 1573 609 τὸν
1601 557 1775 612 ἀϐὁᾶν
1810 559 1962 630 Μάρ-

2067 577 2190 614 mus
2229 560 2296 614 de
2327 559 2595 629 Gregorio
2645 554 2963 610 recordatus
2993 565 3098 615 est,
3134 563 3189 608 et
3239 552 3416 605 Marco
3446 551 3643 604 abbate

381 660 478 696 κον
507 643 572 696 ἐκ
593 643 687 696 τοῦ
717 646 1088 717 μοναστηρίου
1111 647 1277 700 αὐτοῦ
1308 648 1443 718 πρὸς
1469 649 1654 714 αὐτὸν,
1687 654 1782 704 καὶ
1810 651 1959 722 λέγει

382 732 560 806 αὐτῷ·
599 731 782 798 Οἶδας,
813 736 1031 806 ἀδελφὲ,
1064 739 1146 791 ὅτι
1197 741 1224 792 6
1259 741 1558 805 ἐπίσκοπος
1588 743 1889 815 Γρηγόριος
1933 747 1961 797 6

380 827 482 896 τῆς
533 827 974 898 Ἀκραγαντίνων
1026 830 1356 900 Ἐκκλησίας
1397 833 1584 887 ἐνθάδε
1635 835 1777 906 ἤχθη
1826 837 1962 906 πρὸς

383 920 529 988 ἡμᾶς
559 919 798 990 δέσμιος,
827 923 922 974 καὶ
950 922 1259 978 κέκλεισται
1287 927 1344 977 ὲν
1382 926 1460 997 τῷ
1497 928 1858 999 δεσμωτηρίῳ
1884 929 1962 999 τῷ

385 1010 635 1082 σκοτινῷ,
664 1015 1139 1086 κατηγορούμενος
1166 1017 1255 1071 διὰ
1291 1019 1537 1090 μοιχείαν
1563 1036 1577 1084 ;
1623 1020 1680 1073 '0
1699 1020 1756 1074 δὲ
1786 1021 1962 1084 ἀσϐἄς

385 1103 612 1173 Μάρκος
639 1105 957 1176 ἀποκριθεὶς
991 1106 1138 1176 λέγει
1167 1109 1244 1180 τῷ
1267 1110 1446 1180 πάπαο
1486 1111 1703 1164 Γένοιτο
1732 1115 1765 1182 ἡ
1805 1114 1962 1182 μερίς

388 1212 489 1264 μου
516 1197 601 1247 ἐπ’
631 1196 796 1249 αὑτοῦ
828 1199 885 1250 ἐν
904 1201 968 1268 τῇ
997 1200 1181 1270 ἡμέρᾳ
1217 1201 1424 1272 φοϐερᾷ
1445 1201 1540 1254 τοῦ
1574 1203 1781 1274 Κυρίου
1805 1207 1962 1277 ἡμῶν

398 1286 572 1354 Ἰησοῦ
596 1288 855 1355 Χριστοῦ.
895 1291 952 1342 '0
973 1290 1029 1342 δὲ
1054 1293 1238 1356 πάπας
1259 1294 1500 1357 ἀκούσας
1522 1295 1716 1357 ταῦτα,
1739 1297 1964 1367 ἠλλοιώ-

387 1377 451 1449 θη
480 1378 558 1448 τῷ
581 1381 881 1452 προσώπῳ,
915 1385 1007 1435 καὶ
1034 1383 1184 1451 λέγει
1207 1385 1359 1456 αὐτῷ
1382 1401 1394 1414 °
1432 1386 1537 1439 Ἴδε
1567 1387 1666 1458 τὴν
1692 1390 1962 1460 πεμφθεῖ-

389 1470 487 1522 σάν
517 1488 606 1540 μοι
658 1473 938 1545 ἀναφορὰν
971 1476 1098 1546 περὶ
1124 1475 1288 1528 αὐτοῦ
1320 1477 1469 1548 παρὰ
1493 1478 1586 1532 τοῦ
1613 1480 1841 1550 ἐξάρχου
1868 1483 1961 1534 Τι-

387 1562 591 1633 ϐερίου,
621 1565 679 1616 ὃν
711 1566 908 1636 ἔχομεν
949 1569 1007 1620 ὲν
1041 1571 1153 1630 τοῖς
1190 1569 1414 1640 μέρεσιν
1461 1571 1559 1641 τῆς
1593 1573 1864 1638 Σικελίας.
1903 1575 1963 1628 '0

387 1655 443 1708 δὲ
478 1655 652 1720 άϐὄᾶς
681 1658 948 1726 ἀναγνοὺς
975 1658 1071 1730 τὴν
1096 1660 1397 1730 ἀναφορὰν.
1435 1664 1842 1734 ὑπεμειδίασεν,
1872 1668 1964 1720 καὶ

389 1746 595 1818 κράξας
654 1752 803 1820 φωνῇ
856 1751 1066 1824 μεγάλῃ
1111 1751 1297 1821 λέγει’
1345 1757 1419 1826 Ζῇ
1462 1756 1684 1827 Κύριος,
1709 1759 1962 1823 δέσποτα,

389 1840 684 1906 ἁσφάλισον
729 1843 916 1907 αὐτὸν,
951 1844 1054 1907 ἕως
1092 1846 1154 1898 σὺ
1191 1844 1467 1915 βούλεσαι,
1501 1850 1607 1914 ’έως
1653 1847 1712 1905 οὗ
1749 1853 1964 1906 σύνοδον

388 1933 821 2006 ὲπισυναγάγῃς,
855 1936 948 1988 καὶ
984 1937 1164 1990 πάντα
1216 1939 1534 2010 φανερῶσαί
1592 1959 1671 1994 σοι
1728 1943 1842 2014 ἔχει
1894 1945 1963 1998 τά

388 2026 506 2077 κατ’
541 2025 722 2080 αὐτόν.
768 2027 922 2080 Ἐπεὶ⁵
961 2031 988 2082 6
1023 2029 1309 2102 ἄνθρωπος
1346 2037 1552 2096 ἐκεῖνος
1583 2023 1770 2106 Πατήρ
1816 2038 1962 2090 ἐστιν

387 2116 682 2184 ἐφάμιλλος
714 2118 822 2171 τῶν
858 2126 1242 2193 σημειοφόρων
1273 2125 1381 2178 τῶν
1410 2126 1682 2196 μεγάλων,
1710 2128 1785 2192 ὡς
1815 2131 1908 2183 καὶ
1936 2132 1964 2184 6

387 2207 564 2270 κοινὸς
615 2209 772 2278 ἡμῶν
823 2212 1012 2283 Πατὴρ
1062 2215 1376 2270 ἐπίσταται.
1407 2220 1570 2284 Λέγει
1605 2222 1632 2272 ὀ
1662 2220 1850 2283 πάπας
1885 2221 1963 2292 τῷ

389 2301 610 2370 μοναχῷ
631 2318 644 2330 °
682 2305 790 2357 Ναὶ
814 2300 952 2368 οἶδα,
984 2308 1066 2359 ὅτι
1093 2309 1252 2378 χάρις
1276 2305 1344 2380 ἦν
1375 2313 1432 2362 ἐν
1461 2311 1612 2382 αὐτῴ
1641 2313 1701 2366 τὺ
1725 2313 1956 2384 πρῶτον

384 2391 497 2443 ἀλλ’
534 2395 880 2467 ἁμαρτήσας,
913 2399 1124 2470 ἀπέστη
1158 2403 1252 2454 ἀπ’
1299 2402 1464 2455 αὐτοῦ
1501 2406 1532 2474 ὴ
1587 2404 1766 2474 χάρις.
1806 2405 1864 2458 ’0
1905 2405 1963 2458 δὲ

385 2482 560 2543 ἁδόἅς
583 2484 729 2553 λέγει
755 2503 770 2517 ·
810 2488 1079 2553 Δέσποτα,
1104 2489 1246 2557 ἔγνω
1273 2493 1475 2563 Κύριος
1511 2493 1637 2557 τοὺς
1673 2494 1832 2556 ὄντας
1861 2496 1957 2548 αὑ-

385 2574 500 2646 τοῧι
533 2577 696 2644 Λέγει
739 2581 890 2650 αὐτῷ
923 2584 950 2635 6
986 2584 1174 2650 πάπας
1199 2602 1212 2615 ο
1246 2583 1377 2636 Εἶτα
1427 2585 1480 2637 τί
1525 2585 1788 2655 ποιοῦμεν
1834 2589 1962 2657 περὶ

384 2666 573 2733 αὑτοῦ,
615 2669 668 2721 τί
721 2672 1152 2741 συμϐουλεύεις;
1200 2676 1258 2728 '0
1299 2676 1357 2728 δὲ
1410 2677 1644 2746 μοναχδς
1684 2677 1832 2745 λέγει
1883 2676 1962 2749 τῷ

385 2759 578 2830 πάπᾳ·
619 2762 886 2816 Ἀκουσόν
947 2783 1071 2833 μου,
1108 2768 1365 2829 δέσποτα,
1407 2769 1503 2822 καὶ
1539 2769 1689 2834 δέξαι
1731 2771 1963 2842 συμϐουο

384 2849 502 2901 λίαν
537 2851 632 2904 τοῦ
659 2853 846 2907 δούλου
874 2873 988 2911 σου.
1029 2858 1217 2928 Ἡμεῖς
1250 2861 1308 2912 οὑ
1338 2860 1614 2930 δυνάμεθα
1644 2863 1806 2915 αὐτὸν
1840 2864 1961 2932 κρί-

385 2959 472 2994 ναι
501 2944 628 2996 ἄνευ
660 2947 971 3018 συμϐουλῆς
1002 2949 1096 3003 τοῦ
1135 2952 1567 3021 ἀρχιεπισκόπου
1605 2956 1960 3010 Κωνσταντι-

385 3035 713 3101 νουπὸλεως,
762 3037 946 3092 λοιπὸν
988 3041 1046 3094 δὲ
1089 3043 1186 3096 καὶ
1227 3043 1320 3096 τοῦ
1361 3046 1752 3102 εὐσεϐεστάτου
1804 3049 1961 3119 ἡμῶν

390 3125 671 3195 βασιλέως.
715 3129 1067 3195 Ἀποστείλας
1096 3130 1188 3186 οὖν
1223 3137 1278 3187 ἐν
1308 3136 1526 3208 Σικελίᾳ
1557 3141 1799 3209 ἀνάγαγε
1833 3144 1960 3205 τοὺς

391 3221 726 3292 κατηγόρους
771 3222 958 3289 αὑτοῦ,
1005 3225 1190 3279 λοιπὸν
1233 3228 1291 3281 δὲ
1327 3231 1421 3282 καὶ
1460 3231 1529 3301 ἣν
1571 3232 1839 3301 λέγουσιν,
1876 3235 1959 3287 ὅτι

393 3310 730 3380 ἐμοίχευσεν,
759 3321 986 3382 γυναῖκα
1007 3335 1020 3349 ο
1073 3320 1166 3371 καὶ
1198 3319 1288 3373 ἔσο
1318 3322 1516 3387 αὐτοὺς
1566 3305 1965 3396 κατασςίιαλιζὸ-

396 3419 555 3471 μενος
581 3405 840 3476 φέροντας
875 3411 968 3462 καὶ
997 3410 1056 3462 ὃν
1086 3410 1427 3482 ἐψηφίσαντο
1463 3415 1784 3480 ἐπίσκοπον,
1828 3420 1964 3491 ὅπερ

389 3494 492 3547 οὐκ
517 3495 664 3548 ἔστιν
687 3497 832 3562 ἄξιον
865 3500 957 3553 τοῦ
992 3503 1265 3566 γενέσθαι.
1292 3505 1400 3559 Καὶ
1429 3505 1483 3558 εί
1508 3525 1562 3560 τι
1592 3509 1620 3561 ὁ
1651 3508 1785 3572 Θεὸς
1817 3511 1964 3584 δείξῃ

393 3603 497 3654 σοι,
525 3587 685 3641 τοῦτο
705 3592 955 3663 ποίησον,
984 3596 1012 3647 ὁ
1042 3594 1345 3663 ἁγιώτατος
1373 3599 1529 3668 ἡμῶν
1560 3602 1772 3673 Πατήρ.
1811 3604 1870 3658 Ὀ
1910 3605 1968 3658 δὲ

392 3678 578 3742 πάπας
605 3681 973 3752 ἀπεκρίνατο·
1015 3689 1221 3758 Ἀγαθὴ
1267 3692 1300 3761 ὴ
1343 3691 1508 3764 βουλή
1542 3711 1661 3759 σου,
1713 3697 1780 3768 ἣν
1815 3696 1968 3750 ἐϐου-

391 3769 588 3835 λεύσω,
621 3774 824 3845 Πάτερ.
861 3778 970 3831 Καὶ
1002 3779 1247 3852 καθήσεις
1271 3784 1300 3836 6
1324 3785 1534 3848 πάπας,
1559 3787 1798 3858 ἔγραψεν
1834 3790 1968 3842 ἀνα-

393 3863 564 3932 φοράν
615 3864 696 3935 τῷ
745 3867 1120 3941 εὑσεόεστάτῳ
1182 3873 1392 3942 βασιλεῖ
1458 3875 1765 3948 Ἰουστιανῷ
1827 3877 1970 3931 κατὰ

393 3956 680 4026 ἀκρίϐειαν
739 3961 807 4014 τὰ
857 3962 996 4016 κατὰ
1034 3963 1126 4016 τὸν
1168 3964 1476 4035 ἄνθρωπον,
1532 3966 1714 4020 λοιπὸν
1770 3967 1828 4020 δὲ
1877 3969 1970 4020 καὶ

395 4051 532 4122 πρὸς
560 4052 655 4105 τὸν
684 4053 983 4122 ἁγιώτατον
1014 4057 1442 4127 ἀρχιεπίσκοπον
1479 4059 1578 4127 τῆς
1618 4061 1969 4112 Κωνσταντι-

394 4141 720 4206 νουπόλεως.
752 4145 861 4198 Καὶ
888 4146 1402 4218 προσκαλεσάμενος
1439 4148 1568 4212 τοὺς
1615 4147 1709 4201 δύο
1744 4147 1971 4201 ἐπισκό-

393 4338 515 4408 ejus
548 4339 617 4394 ad
643 4337 1033 4414 Maximianum
1075 4342 1817 4414 episcopomwSyracusarum
1851 4346 1967 4414 (lib.

400 4425 497 4482 In,
533 4425 589 4462 ιι.
653 4411 779 4479 1‘2):
835 4409 1072 4471 Pridem,
1108 4409 1316 4482 inquit,
1381 4409 1734 4468 Frateruitati
1789 4409 1972 4472 vestrae

395 4481 732 4553 scripseram,
768 4491 828 4553 ut
857 4498 944 4534 eos
976 4482 1068 4550 qui
1108 4481 1358 4538 aduersus
1421 4482 1731 4553 Gregorium
1767 4487 1970 4552 episco-

394 4547 520 4614 pum
557 4547 913 4628 .Qg-rigentinte
945 4547 1176 4628 civitatis
1193 4553 1373 4628 aliqua
1399 4547 1666 4628 dixerant,
1686 4556 1756 4628 ad
1784 4547 1973 4609 Roma-

397 4635 517 4672 nam
547 4621 814 4673 civitatem
849 4623 1204 4676 transmittere
1234 4623 1506 4680 deberetis.
1545 4624 1698 4690 Quod
1739 4635 1786 4678 et
1829 4642 1967 4680 nunc
2000 4623 2044 4678 D

395 4690 790 4761 utinstantius
834 4691 951 4758 ﬁeri
1000 4691 1201 4752 debeat,
1233 4695 1576 4761 praesentibus
1620 4695 1970 4750 adhortantur

393 4759 650 4834 epistolis.
681 4757 1108 4834 Unde’personas
1139 4757 1282 4831 ipsas
1315 4773 1605 4834 cwteraque
1633 4765 1966 4828 documenta,

395 4827 452 4880 id
480 4839 556 4883 est
596 4841 739 4904 gesta
767 4841 816 4883 et
852 4827 1298 4904 petitiones,'qute
1343 4834 1474 4887 data
1516 4827 1672 4898 sunt,
1723 4827 1968 4904 festinate

393 4915 512 4952 cum
566 4899 830 4976 celeritate
885 4899 1280 4976 transmittere."
1331 4919 1422 4956 nec
1472 4921 1674 4956 moram
1723 4899 1968 4976 aliquam

389 4971 888 5046 excusationemque
909 4973 1367 5046 perquiripenitus
1395 4976 1750 5046 permittimus
1781 4992 1799 5029 :
1821 4971 1968 5046 'qua-

395 5052 545 5092 tenus
573 5041 648 5093 eis
672 5041 725 5093 in
750 5039 1066 5102 Romanam,
1119 5039 1256 5095 sicut
1299 5039 1548 5105 diximus,
1580 5039 1966 5099 civitatem'sub

393 5107 1308 5183 celeritatetransmissis,sciamus,
1348 5114 1473 5183 quid
1517 5115 1812 5169 auxiliante
1853 5116 1966 5168 Do-

394 5178 534 5233 mino
559 5183 621 5233 de
657 5197 880 5249 persona
912 5181 1179 5235 salubrius
1219 5183 1331 5252 ejus
1360 5178 1638 5246 disponere
1664 5185 1962 5240 debeamus.

464 5271 578 5340 (76)
611 5271 884 5339 Quaerenti
937 5274 1070 5328 mihi
1103 5291 1350 5338 causam,
1390 5290 1488 5330 cur
1534 5274 1751 5332 Marcus
1793 5278 1966 5333 abbas

392 5344 704 5415 cenSuisse_
742 5343 958 5415 dicatur
1007 5345 1273 5410 judicium
1326 5345 1393 5398 de
1454 5344 1715 5415 Gregorio
1777 5358 1966 5402 nostro

394 5411 514 5482 sine
555 5413 954 5482 archiepiscopi
988 5411 1588 5479 ConstantinOpolitani
1627 5425 1680 5470 et
1728 5415 1964 5472 Mauritii

392 5481 532 5549 Aug.
580 5498 852 5538 consensu
888 5481 933 5554 γε
988 5487 1244 5554 pontifice
1291 5488 1528 5538 maximo
1573 5485 1963 5542 instituendum

394 5566 671 5624 nonesse,
709 5568 815 5624 non
836 5553 965 5624 alia
987 5553 1167 5608 afferri
1201 5569 1360 5623 posse
1387 5555 1496 5607 visa
1523 5566 1626 5619 est,
1647 5571 1810 5624 quam
1839 5557 1967 5612 Gre-

395 5620 532 5688 gorii
569 5620 740 5695 ipsius
773 5623 918 5695 inita
949 5620 1254 5695 jam__apud
1292 5633 1584 5690 utrumque
1612 5620 1805 5695 gratia,
1839 5643 1964 5681 cum

396 5705 590 5758 netnpe
637 5691 1109 5764 Constantinopoli
1153 5691 1359 5746 annum
1395 5703 1447 5745 et
1490 5691 1707 5749 menSes
1758 5697 1967 5764 aliquot.

394 5770 768 5832 commoratus
806 5773 909 5816 est.
944 5763 1136 5832 Aliqua
1161 5765 1302 5816 enim
1331 5778 1518 5818 eorum
1552 5766 1798 5820 habenda
1827 5763 1964 5820 ratio

388 5829 703 5902 videbatur,
730 5847 796 5886 ne
819 5833 872 5885 in
899 5829 1228 5902 ejus,'quem
1262 5833 1536 5896 amabant,
1571 5835 1815 5902 periculo
1850 5837 1965 5889 nul-

396 5898 508 5954 lum
545 5900 738 5956 ofﬁciis
773 5906 886 5959 suis
919 5898 1098 5958 locum
1134 5901 1302 5958 fuisse
1334 5902 1486 5972 queri
1519 5898 1760 5972 possent.
1790 5906 1962 5961 Caete-

2063 670 2092 705 e
2122 650 2452 706 monasterio
2486 651 2605 719 ejus
2634 649 2930 714 arcessito,
2960 651 3039 705 sic
3068 663 3192 703 eum
3227 644 3435 712 rogavit
3463 660 3477 696 :
3530 641 3642 694 No-

2061 746 2235 810 stine,
2271 745 2438 798 frater
2461 785 2475 809 ,
2519 745 2626 799 huc
2680 744 2746 798 ad
2783 761 2882 800 nos
2913 746 2966 798 in
3000 738 3230 796 vinculis
3263 738 3490 790 missum
3520 749 3643 788 esse

2063 838 2382 908 Gregorium
2421 837 2678 891 Ecclesia:
2715 836 3082 908 Agrigentina:
3112 832 3453 900 episc0pum,
3481 842 3641 881 eum--

2062 949 2166 1001 que
2195 931 2368 1001 stupri
2413 931 2650 985 delatum
2682 931 2971 985 tenebroso
3010 929 3064 982 in
3097 940 3315 981 carcere
3366 920 3644 975 detineri?

2062 1023 2160 1078 Cui
2194 1023 2364 1078 abbas
2400 1023 2615 1076 Marcus
2650 1023 3022 1091 respondens:
3066 1016 3307 1078 Utinam,
3349 1012 3546 1082 inquit,
3584 1010 3638 1064 iu

2064 1114 2346 1168 tremendo
2409 1114 2500 1168 illo
2549 1111 2761 1166 Domini
2808 1112 2977 1167 nostri
3007 1109 3134 1164 Jesu
3179 1105 3379 1161 Christi
3415 1104 3503 1157 die
3548 1118 3640 1154 ea-

2064 1207 2308 1259 rumdem
2335 1219 2459 1259 cum
2486 1218 2550 1257 eo
2581 1203 2817 1272 partium
2853 1202 2954 1256 sim
2983 1202 2995 1254 Ξ
3047 1199 3170 1254 Haec
3197 1194 3436 1266 pontifex
3463 1192 3638 1245 maxi-

2065 1314 2186 1352 mus
2215 1307 2274 1351 ut
2319 1297 2525 1356 audiit,
2569 1295 2722 1348 vultu
2767 1293 3066 1364 expalluit,
3107 1301 3200 1343 et:
3247 1288 3387 1356 Age,
3430 1282 3636 1351 inquit,

2064 1391 2380 1443 relationem
2427 1386 2549 1441 vide
2581 1385 2738 1440 nobis
2775 1401 2804 1439 a
2839 1383 3060 1438 Tiberio
3097 1382 3320 1435 missam
3343 1420 3358 1444 ,
3387 1392 3547 1446 quem
3583 1375 3638 1427 in

2067 1481 2254 1536 Sicilia
2285 1481 2521 1550 legatum
2552 1478 2844 1532 habemus.
2883 1479 2953 1530 At
2985 1490 3110 1528 vero
3145 1473 3331 1534 abbas,
3377 1470 3640 1523 relatione

2065 1574 2299 1643 perlecta
2320 1613 2335 1636 ,
2369 1571 2615 1634 subrisit,
2634 1579 2687 1623 et
2715 1570 3054 1630 exclamans,
3090 1567 3221 1621 dixit
3242 1578 3437 1632 u‘iagna
3464 1576 3597 1615 voce
3624 1577 3638 1614 :

2066 1662 2211 1717 Vivit
2235 1663 2521 1725 Dominus,
2551 1677 2584 1716 ο
2608 1660 2786 1722 Pater,
2822 1661 2968 1713 illum
2996 1659 3154 1723 habe,
3185 1657 3231 1711 si
3249 1657 3356 1719 vis,
3387 1654 3438 1707 in
3463 1663 3644 1707 custo-

2065 1757 2176 1818 dia,
2203 1757 2331 1808 dum
2384 1755 2649 1824 synodum
2682 1769 2879 1822 cogas;
2912 1763 3023 1804 tum
3052 1750 3139 1802 ille
3169 1748 3352 1802 omnia
3378 1746 3495 1809 tibi,
3521 1759 3642 1811 qua:

2067 1849 2132 1902 ad
2179 1864 2238 1902 se
2279 1849 2584 1916 pertinent,
2623 1845 2960 1900 tlt’Clal‘ﬂltll:
2999 1843 3080 1897 vir
3110 1841 3253 1894 cnim
3282 1849 3364 1893 est
3396 1846 3636 1890 veterum

1999 1920 2035 1972 Β
2065 1940 2285 1992 Patrum
2321 1937 2604 1990 annulator
2628 1975 2643 2000 ,
2675 1952 2861 1988 eorum
2897 1934 3240 2003 potissimum
3264 1970 3279 1996 ,
3323 1929 3416 1998 qui
3456 1926 3640 1997 proli-

2066 2030 2170 2096 giis
2201 2029 2574 2082 inclaruerunt
2601 2067 2616 2091 ,
2663 2027 2808 2097 quod
2851 2042 2949 2079 nec
2974 2025 3284 2079 Communis
3316 2035 3510 2090 parens
3543 2033 3642 2071 no-

2066 2129 2177 2174 ster
2207 2119 2440 2187 ignorat.
2466 2116 2566 2172 Cui
2599 2116 2839 2187 pontifex
2865 2116 3169 2169 maximus:
3200 2112 3336 2168 Novi
3365 2110 3639 2180 equidem,

2065 2210 2284 2280 inquit,
2334 2209 2484 2262 illurn
2523 2209 2654 2262 olim
2710 2209 2822 2263 Deo
2871 2209 3096 2262 charum
3145 2216 3308 2276 atque
3356 2211 3638 2272 acceptum

2064 2301 2234 2355 fuisse
2262 2318 2275 2354 :
2308 2317 2496 2354 verum
2531 2301 2583 2354 in
2615 2300 2824 2354 crimen
2859 2301 3178 2369 prolapsus,
3217 2298 3388 2367 gratia
3415 2295 3636 2350 excidit.

2063 2391 2246 2446 Abbas
2276 2407 2449 2446 vero:
2497 2390 2611 2445 Scit
2656 2391 2955 2453 Dominus,
3001 2391 3211 2458 inquit,
3256 2404 3288 2441 o
3321 2387 3514 2448 Pater,
3548 2385 3636 2452 Qui

2064 2483 2174 2536 sint
2200 2483 2342 2553 ejus.
2377 2482 2515 2536 Tum
2549 2481 2789 2552 pontifex
2819 2483 3092 2536 uiaxinius
3123 2481 3370 2534 abbatem
3404 2479 3636 2531 interro-

2064 2576 2234 2645 gavit,
2270 2575 2400 2645 quid
2435 2575 2502 2630 de
2523 2591 2589 2630 eo
2623 2574 2934 2629 faciendum
2973 2584 3262 2639 censeret;
3308 2573 3477 2626 abbas
3507 2586 3637 2624 vero
3717 2599 3726 2645 ς

2063 2671 2142 2725 sic
2165 2676 2248 2724 est
2272 2684 2505 2735 exorsus
2529 2685 2543 2721 :
2575 2667 2762 2722 Pratbe
2785 2667 2916 2720 mihi
2949 2683 3129 2730 aures,
3157 2665 3398 2726 domine,
3421 2673 3474 2718 et
3496 2663 3634 2718 servi
3709 2669 3717 2724 ς’

2063 2765 2142 2820 ιιιί
2175 2763 2470 2819 consilium
2507 2763 2696 2834 proba.
2729 2761 3004 2818 Judicium
3044 2762 3110 2816 de
3156 2776 3222 2816 eo
3263 2760 3500 2823 institui,
3553 2773 3640 2811 ar-
3710 2769 3714 2776 ’

2062 2859 2411 2928 cbiepisc0po
2450 2857 3060 2927 Constantinopolitano
3097 2865 3150 2910 et
3185 2854 3433 2925 piissimo
3465 2854 3638 2921 impe-

2062 2960 2242 3006 ratore
2289 2957 2478 3004 nostro
2521 2949 2845 3003 inconsultis
2881 2946 2992 3018 (76)
3021 2988 3036 3012 ,
3080 2946 3305 3000 omnino
3350 2961 3457 2999 non
3493 2945 3635 2997 licet.

2061 3042 2212 3097 Mitte
2241 3058 2406 3113 porro
2458 3044 2512 3097 in
2563 3042 2844 3107 Siciliam,
2891 3042 2984 3112 qui
3023 3048 3372 3094 accusatores
3415 3037 3534 3107 ejus
3577 3053 3642 3090 ac

2063 3137 2344 3190 mulierem
2412 3134 2586 3205 ipsam
2646 3149 2884 3202 (“lacum
2940 3133 3130 3186 dicunt
3181 3127 3439 3202 [Lxxxut]
3490 3127 3642 3180 illum

2010 3268 2031 3290 τ
2062 3229 2261 3293 coisse,
2293 3226 2586 3291 deducant,
2612 3233 2666 3279 et
2692 3227 2791 3280 hos
2817 3224 2980 3280 simul
3015 3239 3139 3288 cum
3173 3222 3450 3291 episcopo,
3483 3234 3644 3288 qm'lll

2017 3306 2034 3327 ’
2067 3326 2259 3370 contra
2303 3314 2385 3369 fas
2414 3322 2710 3380 crearunt,
2760 3314 2812 3366 in
2855 3313 3104 3369 custodia
3151 3312 3367 3365 habeto.
3407 3309 3547 3362 Tum
3599 3308 3643 3361 si

2068 3411 2198 3481 quid
2228 3409 2374 3464 aliud
2403 3409 2499 3462 tibi
2529 3407 2672 3462 Deus
2699 3407 3033 3472 ostenderit,
3065 3405 3115 3460 id
3139 3420 3376 3473 quoque,
3412 3403 3647 3457 sanctis-

2068 3503 2207 3556 sime
2245 3515 2442 3571 parens
2476 3509 2682 3562 noster,
2733 3497 2921 3552 facito.
2957 3497 3165 3551 Placuit
3211 3494 3422 3548 abbatis
3464 3494 3638 3548 consi-

2068 3593 2200 3646 lium
2231 3588 2471 3660 pontifici
2509 3589 2750 3643 maximo
2773 3631 2788 3655 ,
2823 3587 2916 3658 qui
2957 3589 3140 3642 statim
3166 3586 3435 3652 consedit,
3468 3595 3522 3639 et
3554 3601 3646 3638 ac-

2067 3691 2320 3738 curatam
2358 3682 2426 3736 de
2456 3682 2556 3735 viri
2589 3697 2755 3737 causa
2800 3681 3121 3736 relationem
3169 3679 3490 3748 perscripsit
3536 3689 3644 3729 tam

2069 3776 2134 3829 ad
2162 3774 2467 3844 piissimum
2498 3773 2884 3843 imperatorem
2906 3773 3018 3843 (77)
3045 3788 3208 3842 quam
3259 3773 3325 3824 ad
3359 3770 3642 3824 sanctissi.

2072 3883 2220 3920 unum
2255 3866 2735 3936 archiepiscopum
2777 3865 3472 3935 Constantinopolitanum.
3506 3861 3646 3916 Tum

2069 3959 2258 4013 accitis
2310 3958 2453 4011 binis
2507 3958 2827 4028 episcopis,
2879 3959 2973 4028 qui
3028 3975 3151 4012 cum
3203 3967 3396 4011 sancto
3441 3955 3646 4024 Grego-

2070 4051 2152 4104 rio
2187 4049 2484 4104 adfuerant
2529 4051 2760 4120 synodo,
2785 4065 2880 4104 eos
2913 4051 3110 4104 viatico
3139 4050 3426 4113 instruxit;
3454 4047 3648 4120 deinde

2071 4142 2298 4196 comites
2323 4140 2462 4196 duos
2498 4139 2609 4212 (78)
2639 4181 2656 4206 ,
2683 4141 2831 4196 viros
2861 4141 3064 4212 probos
3085 4179 3102 4204 ,
3137 4139 3192 4193 in
3232 4137 3475 4194 Siciliam
3500 4135 3650 4190 misit

2071 4359 2192 4398 rum
2218 4341 2310 4413 jus
2342 4341 2754 4412 archiepiscopo
2786 4342 2861 4397 illi
2890 4343 3103 4398 nullum
3137 4350 3368 4413 erat,gut
3399 4340 3452 4394 in
3480 4354 3646 4395 causa

2071 4411 2338 4484 ejus,‘qui
2371 4411 2697 4482 patriarchze
2719 4413 2973 4484 Romano
3010 4417 3254 4484 parebat,
3282 4411 3497 4484 judices
3525 4413 3651 4484 mit:

2073 4481 2229 4545 telet,
2263 4481 2536 4538 aut’reum
2563 4483 2850 4553 ampliaret
2878 4501 2890 4537 :
2934 4481 3110 4554 neque
3138 4482 3366 4552 Augusti
3397 4482 3509 4554 hoc,
3532 4481 3646 4554 Asibi

2076 4554 2417 4618 tribuebant,
2474 4565 2530 4607 ut
2573 4549 2690 4608 sine
2747 4555 2992 4622 ipsorum
3021 4549 3315 4622 'permissu
3365 4549 3650 4622 pontifices

2077 4625 2300 4695 maximi
2358 4625 2425 4678 de
2479 4624 2750 4693 episcopis
2795 4640 3128 4695 cognoscere
3170 4631 3267 4678 aut
3302 4624 3649 4695 sententiam

2074 4694 2216 4748 ferre
2247 4710 2354 4747 non
2382 4702 2641 4762 possent:
2675 4695 2777 4749 nisi
2823 4693 2968 4748 forte
3008 4694 3267 4749 Ecclesia:
3298 4694 3350 4746 in
3381 4693 3648 4759 singulari

2071 4780 2261 4836 eorum
2291 4763 2456 4817 tutela
2483 4773 2688 4827 essent,
2717 4766 2769 4818 in
2798 4782 2906 4835 qua
2939 4781 3068 4820 num
3093 4765 3449 4836 Agrigentum
3481 4763 3646 4824 foret,

2072 4849 2413 4903 ignoramus.

2141 4927 2254 4996 (77)
2292 4925 2428 4981 Cod.
2460 4927 2516 4990 ‘2,
2543 4926 2750 4996 βασιλεῖ
2786 4926 3173 4995 Ίουστινιανῷ.

2141 4998 2253 5066 (78)
2281 4997 2418 5052 Dicti
2457 4999 2558 5053 hac
2589 5007 2746 5052 attate
2783 4999 2999 5050 comites
3062 4998 3375 5065 quicunque
3419 5010 3650 5048 munere

2070 5067 2263 5144 aliquo
2313 5068 2532 5144 publico
2592 5067 2988 5144 fungerentur,
3055 5077 3356 5144 ut__eorum
3418 5081 3647 5144 munera

2069 5135 2344 5214 Comitivte
2373 5137 2558 5214 (ρης.
2700 5135 2800 5191 lib.
2842 5139 3064 5214 μερίδι,
3101 5137 3215 5214 ίῖι),
3251 5151 3496 5214 quarum
3527 5135 3651 5214 alite

2070 5208 2328 5274 majores,
2366 5206 2800 5262 alite’minores.
2844 5208 2987 5260 Nihil
3044 5206 3100 5260 in
3147 5206 3354 5261 Codice
3408 5206 3652 5259 occurrit

2069 5277 2432 5353 frequentius,
2475 5279 2552 5330 uti
2602 5286 2809 5353 norunt
2861 5277 2954 5353 qui
2997 5277 3111 5353 [nec
3146 5286 3429 5353 tractant:
3481 5276 3648 5353 multa

2066 5349 2230 5423 etiam
2257 5349 2323 5402 de
2351 5349 2436 5401 his
2474 5347 2616 5423 apud
2647 5345 3018 5423 Pancirolium
3056 5348 3108 5400 in
3145 5345 3346 5423 Notitia
3381 5347 3648 5423 invenies.

2067 5417 2203 5471 Illud
2230 5432 2332 5485 ego
2355 5419 2651 5485 annotabo,
2692 5433 2892 5472 nomen
2943 5419 3325 5485 ipsumgetiatn
3358 5416 3462 5485 sub
3495 5416 3651 5485 novis

2066 5483 2327 5555 Augustis
2358 5488 2412 5541 in
2448 5484 2743 5541 Occidente
2781 5483 3065 5541 mansisse.
3099 5483 3233 5538 Nam
3280 5487 3361 5539 sic
3395 5484 3650 5555 Ludovi-

2066 5554 2175 5612 cus
2202 5556 2334 5610 Pius
2385 5559 2618 5612 comites
2665 5556 2899 5627 appellat
2935 5558 2987 5610 in
3037 5555 3338 5623 Capitulari
3383 5554 3440 5617 2,
3487 5570 3541 5607 ιι.
3579 5554 3647 5608 6:

2079 5627 2230 5680 Vobis
2257 5642 2378 5680 vero
2409 5627 2689 5681 comitibus
2729 5628 2977 5692 dicimus,
3010 5641 3197 5695 vosque
3235 5641 3645 5688 commonemus,

2063 5699 2189 5765 quia
2231 5697 2301 5748 ad
2350 5708 2575 5751 vestrum
2627 5697 2978 5750 ministerium
3028 5697 3255 5748 maxime
3301 5699 3545 5762 pertinet,
3593 5707 3648 5747 ut

2065 5767 2405 5820 reuerentiam
2453 5777 2502 5820 et
2555 5768 2800 5820 honorent
2845 5779 3043 5820 sancite
3089 5767 3183 5819 Dei
3219 5766 3470 5821 Ecclesitr
3499 5767 3648 5818 exhi-

2065 5837 2252 5896 beatis,
2278 5844 2326 5887 et
2351 5853 2464 5888 cum
2495 5838 2754 5905 episcopis
2784 5837 2966 5890 vestris
2997 5840 3327 5890 concorditer
3357 5837 3560 5897 vivatis,
3598 5847 3648 5886 et

2063 5907 2135 5960 eis
2179 5905 2507 5973 adjutorium
2555 5908 2623 5960 ad
2679 5923 2830 5961 suum
2885 5909 3236 5962 ministerium
3287 5909 3646 5974 peraaendum
3717 5946 3735 5952 .-
