4158 6576
507 393 610 455 667

1493 395 1556 455 S.
1587 393 1964 454 GREGORII
2024 395 2541 457 AGRIGENTINI
2583 394 2782 457 VITA.

3669 389 3776 454 668

507 519 630 558 cum
654 500 923 556 mandatis
947 500 1014 554 ad
1037 499 1318 554 Tiberium
1349 500 1585 572 legatum
1617 512 1672 558 et
1702 503 1766 557 ad
1791 518 2083 558 commune

2189 521 2322 570 πους
2351 505 2478 569 τοὺς
2503 503 2769 575 προόντας
2800 502 2860 554 ἐν
2889 501 2955 572 τῇ
2988 497 3194 568 συνόδῳ
3223 497 3340 569 ἅμα
3367 496 3447 568 τῷ
3473 496 3612 568 ἁγίῳ
3645 499 3776 569 Γρη-

506 603 562 649 et
589 593 880 648 archontes
913 606 976 646 ac
1010 591 1256 646 tribunos
1290 592 1678 663 Agrigentinos
1702 635 1716 654 .
1759 603 1820 648 ut
1850 609 2080 648 accusa-

509 695 654 740 tores
699 683 938 754 episcopi
988 681 1218 738 Romam
1252 686 1438 740 venire
1481 687 1905 756 compellerent,
1947 701 2082 740 una-

506 794 613 848 que
656 777 1034 832 mulierculam
1100 778 1152 832 in
1195 794 1304 848 qua
1377 781 1670 849 episcopus
1717 779 2082 835 offendisset:

507 873 816 943 adjecitque
844 873 896 927 in
929 873 1144 939 litteris,
1180 889 1248 927 ne
1277 875 1361 927 vel
1397 890 1539 928 unus
1567 885 1955 929 accusatorum
1986 873 2086 928 de-

509 965 869 1027 sideraretur,
904 977 1072 1035 utque
1099 981 1222 1020 curn
1255 966 1338 1021 his
1360 967 1649 1036 episcopus
1668 982 1889 1038 quoque
1912 966 2089 1022 disce-

507 1052 683 1116 deret,
720 1070 882 1124 quem
910 1055 986 1108 illi
1015 1055 1311 1109 creandum
1341 1066 1689 1111 curaverant.

2179 597 2371 666 γορίῳ,
2403 595 2524 659 δοὺς
2556 595 2742 658 αὐτοῖς
2767 592 2840 648 τὰ
2864 592 3000 664 πρὸς
3029 591 3128 660 τὴν
3159 591 3351 660 χρείαν
3376 589 3585 658 ἐφόδια,
3613 590 3776 645 πάλιν

2179 687 2236 741 δὲ
2276 688 2370 742 δύο
2417 687 2664 758 κόμητάς
2694 702 2845 748 τινας
2872 683 3182 755 χρησίμους
3238 681 3561 735 ἀπέστειλεν
3597 683 3656 734 ἐν
3686 684 3774 735 Σιο-

2185 780 2339 849 κελίᾳ
2376 780 2516 850 μετὰ
2545 776 2850 839 κελεύσεως
2878 774 3044 829 αὐτοῦ
3075 775 3213 845 πρὸς
3243 773 3334 826 τὸν
3366 773 3594 844 ἔξαρχον
3612 773 3773 827 Τιϐέ-

2188 889 2300 942 ριον
2345 871 2613 934 Σικελίας,
2651 870 2745 923 καὶ
2777 868 2915 939 πρὸς
2953 866 3013 920 τὸ
3041 865 3220 920 κοινὸν
3251 867 3452 930 παντὸς
3484 867 3579 921 τοῦ
3614 867 3768 930 λαοῦ,

2184 961 2452 1032 ἄρχοντάς
2484 980 2549 1020 ,τε
2581 963 2674 1015 καὶ
2709 959 3049 1032 τριϐούνους,
3087 958 3182 1011 τοῦ
3213 958 3441 1026 ἀγαγεῖν
3473 962 3600 1025 τοὺς
3639 977 3771 1014 κατα

2187 1052 2421 1122 ηγόρους
2451 1052 2545 1106 τοῦ
2575 1051 2876 1106 ἐπισκόπου
2909 1051 2968 1103 ἐν
3005 1049 3214 1122 Ῥώμῃ,
3247 1049 3423 1102 καὶτὸ
3445 1051 3689 1118 γύναιον,
3715 1052 3774 1105 ἐν

506 1140 552 1216 ᾧ
599 1147 916 1218 παρέπεσεν
960 1149 988 1202 6
1053 1148 1372 1212 ἐπίσκοπος.
1407 1149 1626 1220 γράψας
1678 1150 1758 1220 τῷ
1820 1147 1936 1218 λαῷ
2002 1143 2189 1206 παντὶ,
2245 1143 2334 1198 ἵνα
2392 1145 2466 1215 μὴ
2517 1143 2738 1215 διαλίπῃ
2765 1137 2846 1207 εἷς
2892 1141 2988 1195 καὶ
3047 1143 3207 1212 μόνος
3253 1139 3363 1192 τῶν
3411 1143 3768 1213 κατηγόρωνο

510 1241 730 1308 ἐνέγκαι
767 1240 823 1294 δὲ
875 1241 971 1294 σὺν
1003 1241 1187 1305 αὐτοῖς
1229 1243 1324 1296 καὶ
1371 1243 1430 1296 ὃν
1480 1243 1815 1314 ἐψηφίσαντο
1862 1241 2085 1310 ποιῆσαι
2122 1236 2420 1290 ἐπίσκοπον
2447 1238 2683 1300 ἑαυτοῖς.

580 1327 788 1383 LXVII.
832 1329 1047 1400 Egressi
1098 1340 1280 1387 autem
1333 1344 1460 1388 sunt
1492 1333 1663 1386 Roma
1703 1332 1813 1387 duo
1857 1331 2086 1386 comites

512 1432 638 1492 post
683 1431 928 1478 sanctam
972 1423 1368 1492 Pentecosten,
1409 1436 1464 1480 et
1510 1426 1754 1480 Siciliam
1799 1426 2088 1494 ipsumque

510 1513 859 1586 Agrigentum
891 1524 1186 1571 tenuerunt
1217 1533 1267 1571 vi
1292 1516 1418 1573 ldus
1444 1517 1615 1572 Julias
1637 1517 1771 1587 (79).
1800 1516 1963 1572 Forte
1984 1515 2086 1570 ihi-

511 1605 634 1661 dem
677 1607 886 1677 legatus
924 1624 1143 1678 quoque
1184 1595 1509 1664 versabatur
1543 1626 1555 1662 :
1612 1610 1658 1664 is
1707 1609 1914 1664 litteras
1955 1623 2081 1662 cum

512 1697 812 1767 accepisset
838 1698 1187 1769 legissetque,
1215 1701 1445 1756 comites
1480 1711 1560 1754 ter
1589 1700 1656 1754 ad
1685 1709 1886 1754 terram
1910 1715 2084 1770 usque

510 1799 830 1855 veneratus,
856 1791 1157 1862 respondit,
1188 1807 1310 1860 qua:
1335 1791 1589 1846 dominus
1612 1792 1731 1860 ejus
1769 1791 2084 1861 praescribe-

2262 1325 2378 1380 EZ'.
2426 1325 2682 1394 Ἐξῆλθον
2726 1323 2786 1377 δὲ
2837 1324 2887 1378 οἱ
2931 1325 3174 1394 κόμητες
3219 1326 3327 1378 ἀπὸ
3368 1325 3591 1395 Ῥώμης
3635 1325 3774 1394 μετὰ

2191 1417 2290 1488 τὴν
2331 1417 2493 1486 ἁγίαν
2528 1415 2927 1487 Πεντηκοστὴν,
2963 1416 3059 1468 καὶ
3106 1417 3414 1470 κατέλαϐον
3457 1416 3515 1469 ἐν
3549 1417 3770 1488 Σικελίᾳ.

2191 1511 2258 1579 τῇ
2289 1509 2490 1580 δεκάτῃ
2521 1507 2616 1561 τοῦ
2658 1507 2878 1560 Ἰουλίου
2921 1507 3089 1578 μηνὸς
3124 1510 3182 1560 ἐν
3223 1511 3289 1579 τῇ
3333 1509 3770 1578 Ἀκραγαντίνων

2192 1601 2368 1656 πόλει.
2403 1601 2562 1655 Κατὰ
2594 1600 2898 1673 συγκυρίαν
2934 1599 2992 1652 δὲ
3020 1599 3217 1670 εὑρέθη
3266 1599 3363 1653 καὶ
3399 1603 3427 1653 6
3452 1599 3679 1670 ἔξαρχος
3713 1600 3769 1651 ἐν

2189 1697 2300 1757 τοῖς
2358 1696 2558 1747 ἐκεῖσε.
2597 1692 2903 1763 Δεξάμενος
2948 1691 3042 1744 οὖν
3071 1693 3172 1761 τὴν
3209 1692 3485 1755 κέλευσιν,
3514 1691 3608 1744 καὶ
3635 1693 3769 1744 ἁνα-

2190 1788 2352 1853 γνοὺς
2393 1787 2422 1838 6
2465 1785 2717 1854 ἔξαρχος,
2757 1785 2850 1836 καὶ
2888 1787 3274 1852 προσκυνήσας
3309 1784 3494 1854 τρίτον
3549 1784 3642 1836 ἐπὶ
3671 1785 3770 1852 τὴν

511 1890 628 1946 ret,
663 1882 846 1936 omnia
897 1882 949 1936 in
977 1891 1232 1953 promptu
1269 1882 1384 1953 jam
1417 1898 1558 1938 esse.
1588 1883 1659 1936 At
1687 1898 1814 1937 vero
1843 1882 2084 1951 episcopi

2190 1875 2294 1944 γῆν
2321 1876 2446 1936 τοὺς
2469 1874 2562 1928 δύο
2593 1874 2862 1944 κόμητας,
2899 1868 3084 1926 είπενο
3111 1873 3359 1940 Γέγονεν,
3386 1873 3463 1937 ὡς
3506 1871 3768 1935 ἐπέταξεν

512 1973 691 2028 serius
712 1973 1244 2044 Constantinopolim
1271 1984 1657 2044 pervenerunt.
1684 1972 1810 2044 Ipso
1830 1973 1973 2028 enim
1995 1973 2082 2028 die

510 2067 788 2135 appulere,
813 2082 924 2136 quo
952 2067 1200 2123 exaltatae
1232 2068 1423 2123 Crucis
1446 2068 1709 2124 solemnia
1733 2069 2083 2122 celebraban-

513 2168 620 2212 tur.
645 2157 714 2213 Ut
744 2159 988 2227 epistola:
1020 2160 1090 2213 ab
1124 2160 1210 2215 his
1232 2161 1442 2215 tradita:
1467 2167 1615 2226 sunt,
1646 2159 1812 2214 altera
1839 2157 2079 2232 [Lxxxw]

510 2266 706 2320 nempe
734 2251 984 2320 piissimo
1015 2252 1353 2321 imperatori,
1401 2253 1574 2308 altera
1617 2253 1962 2308 sanctissimo
1989 2268 2082 2306 ar-

509 2343 862 2413 chiepiscopo
891 2336 1524 2413 Constantinopolitano,
1559 2355 1729 2415 utque
1753 2328 1906 2400 suanm
1937 2352 2082 2399 uter-

509 2451 618 2504 que
665 2435 810 2505 legit,
847 2445 898 2490 et
925 2451 1045 2505 qua:
1079 2437 1378 2506 perscripta
1407 2445 1565 2492 erant
1602 2437 1890 2506 cognovit,
1922 2438 2083 2491 ambo

508 2528 684 2602 vicem
727 2528 904 2582 sancti
954 2527 1052 2580 viri
1086 2528 1324 2598 graviter
1355 2528 1671 2593 doluerunt,
1714 2531 1859 2598 quod
1898 2529 2081 2582 tandiu

512 2621 756 2674 carceris
810 2621 1092 2690 angustias
1144 2621 1444 2676 toleraret:
1483 2639 1582 2676 nec
1627 2631 1804 2676 tamen
1838 2622 2082 2675 animum

510 2713 770 2768 inducere
799 2722 1113 2781 potuerunt,
1143 2723 1200 2767 ut
1235 2729 1360 2768 vera
1392 2722 1682 2783 putarent,
1717 2731 1837 2784 (pia:
1857 2714 1924 2769 de
1955 2729 2085 2768 san--

512 2819 600 2862 rto
639 2810 908 2878 beatoque
943 2807 1211 2879 Gregorio
1272 2824 1301 2860 a
1336 2807 1590 2876 pontiﬁce
1620 2807 1859 2860 maximo
1886 2805 2086 2860 refere—

510 2903 734 2957 bantur.
779 2901 979 2956 Paucis
1024 2912 1150 2970 post
1204 2901 1420 2964 diebus,
1455 2900 1754 2968 imperator
1800 2899 2086 2968 episcopos

513 3011 638 3050 cum
695 2995 966 3049 mandatis
1013 2995 1191 3049 redire
1241 2994 1448 3063 jussit,
1508 2993 1707 3064 quibus
1755 2992 2086 3047 Marcianum

515 3087 850 3156 spatharium
882 3103 1044 3143 suum
1095 3089 1349 3142 comitem
1380 3087 1547 3141 dedit.
1581 3085 1780 3141 Eodem
1813 3087 1974 3140 modo
1996 3102 2087 3140 ar-

513 3181 896 3250 chiepiscopus
925 3195 1048 3236 cum
1081 3179 1459 3235 arcessivisset
1481 3178 1796 3246 episcopum
1838 3178 2085 3249 Ancyrae,

517 3273 834 3341 episcopum
862 3272 1042 3342 Cyzici
1071 3282 1124 3325 et
1149 3272 1467 3340 episcopum
1499 3267 1748 3325 Corinthi
1804 3267 1939 3338 (80),
1991 3281 2088 3322 eos

518 3363 742 3418 Romam
776 3364 996 3434 legavit,
1025 3373 1080 3417 et
1114 3363 1530 3417 Constantinum
1554 3361 1844 3416 diaconum
1869 3361 2090 3416 charto-

516 3457 796 3526 phylacem
823 3471 948 3510 cum
979 3456 1047 3509 iis
1071 3455 1341 3525 proficisci
1371 3454 1538 3508 voluit
1573 3471 1586 3506 :
1619 3453 1920 3522 quiomnes
1947 3452 2086 3507 idem

519 3547 793 3615 navigium
827 3562 951 3602 cum
993 3545 1274 3601 Marciano
1313 3547 1773 3601 conscenderunt.
1831 3546 1957 3598 H:ec
1990 3561 2089 3598 au-

519 3651 626 3693 tem
659 3639 791 3708 ipsis
821 3639 1072 3692 mandata
1093 3638 1377 3706 piissimus
1404 3637 1702 3705 imperator
1735 3637 1880 3690 dedit
1914 3655 1928 3690 :
1963 3637 2092 3690 l’er—

519 3729 649 3801 gite,
681 3730 870 3784 Patres
894 3731 1176 3795 sancti,ac
1206 3730 1473 3801 synodum
1506 3745 1672 3798 quam
1706 3729 2092 3783 sanctissimus

521 3820 680 3876 Pater
721 3819 964 3890 pontifex
1000 3821 1276 3875 maximus
1316 3821 1550 3882 vocavit,
1603 3819 1893 3884 celebrate,
1943 3833 2093 3873 com-

522 3913 699 3968 munis
726 3912 903 3968 Patris
938 3911 1130 3978 nostri,
1169 3913 1263 3981 qui
1302 3913 1488 3967 urbem
1524 3914 1664 3967 hanc
1706 3911 1813 3966 Deo
1861 3911 2085 3965 charam

521 4004 678 4073 regit,
720 4005 936 4059 nomine
981 4004 1383 4058 convenientes.
1426 4005 1482 4058 In
1508 4020 1572 4058 eo
1609 4020 1868 4060 consrssu
1911 4005 2077 4061 Deum

522 4105 822 4150 metuentes
849 4096 1032 4149 omnia
1063 4094 1416 4165 adjudicium
1445 4103 1729 4160 revocate;
1766 4095 1832 4149 de
1861 4096 2092 4152 rintliere

520 4292 821 4365 prmbeatis,
849 4301 910 4365 et
939 4302 994 4365 ut
1023 4309 1110 4346 vos
1136 4295 1236 4362 ipsi
1266 4295 1325 4365 in
1351 4295 1658 4348 ministeriis
1693 4296 1878 4349 vestris
1911 4312 2094 4365 pacem

519 4372 570 4416 et
583 4363 861 4435 justitiam
885 4362 1118 4435 faciatis,
1147 4373 1252 4435 etc.
1289 4363 1542 4420 Fortasse
1571 4375 1751 4420 autem
1796 4366 1890 4435 qui
1911 4362 2094 4421 semel

521 4447 747 4487 munere
775 4433 993 4505 publico
1017 4433 1186 4505 functi
1216 4435 1468 4499 fuissent,
1505 4436 1668 4489 etiam
1702 4433 1825 4505 post
1851 4437 2090 4494 curatiu-

523 4517 646 4575 nem
695 4503 910 4555 comites
958 4504 1272 4575 audiebant,
1303 4574 1306 4575 ν
1336 4505 1560 4560 honoris
1605 4503 1772 4570 ergo:
1823 4517 1983 4575 atque
2025 4522 2092 4561 ex

2185 1970 2212 2021 6
2255 1966 2446 2038 κύριός
2473 1983 2598 2037 μου,
2638 1966 2840 2019 πάντα.
2871 1966 2935 2020 Οἱ
2961 1965 3018 2018 δὲ
3050 1965 3337 2020 ἐπίσκοποι
3363 1965 3650 2036 ὲχρὸνισαν
3674 1964 3768 2017 τοῦ

2184 2059 2389 2128 φθᾶσαι
2441 2058 2500 2108 ὲν
2547 2055 3156 2108 Κωνσταντινουπόλει·
3213 2058 3562 2126 κατήντησαν
3607 2054 3663 2106 δὲ
3699 2057 3764 2123 τῇ

2195 2149 2431 2220 ’Υψώσει
2448 2147 2542 2201 τοῦ
2564 2146 2747 2218 τιμίου
2773 2146 3029 2216 σταυροῦ,
3044 2146 3137 2199 καὶ
3153 2145 3435 2199 ἐπέδωκαν
3452 2146 3768 2214 ἀμφοτέρας

2182 2242 2283 2306 τὰς
2327 2240 2627 2312 ἀναφορὰς,
2658 2238 2735 2309 τῷ
2762 2256 2821 2291 τε
2863 2238 3239 2308 εύσεϐεστάτῳ
3271 2237 3500 2308 βασιλεῖ,
3548 2239 3645 2289 καὶ
3689 2236 3768 2306 τῷ

2183 2335 2469 2404 ἁγιωτάτῳ
2497 2331 2914 2404 ἁρχιεπισκὸπῳ
2942 2329 3586 2390 Κωνσταντινουπὸλεως.
3619 2328 3767 2380 Ἀνα-

2183 2428 2403 2497 γνόντες
2439 2427 2497 2480 δὲ
2537 2427 2638 2490 τὰς
2680 2424 2979 2496 ἀναφορὰς,
3012 2425 3040 2476 ὅ
3074 2441 3134 2476 τε
3169 2423 3561 2487 εὐσεϐέστατος
3609 2421 3765 2493 βασιο

2185 2522 2333 2584 λεὺς,
2363 2520 2457 2573 καὶ
2485 2521 2512 2572 ὁ
2546 2519 2995 2590 ἀρχιεπίσκοπος,
3031 2517 3127 2570 καὶ
3157 2517 3375 2585 γνόντες
3412 2516 3513 2586 τὴν
3535 2515 3768 2583 δύναμιν

2185 2614 2293 2668 τῶν
2350 2616 2408 2666 ὲν
2463 2614 2654 2676 αὑταῖς
2699 2611 3124 2683 γεγραμμένων,
3169 2609 3521 2682 ἐλυπήθησαν
3562 2608 3769 2679 σφόδρα

2187 2706 2487 2775 ἀμφότεροι
2523 2704 2650 2774 περὶ
2677 2703 2772 2756 τοῦ
2799 2703 2978 2772 ἁγίου,
3012 2703 3093 2754 ὅτι
3141 2699 3394 2754 τοσοῦτον
3433 2700 3624 2770 χρόνον
3669 2699 3767 2768 ἐγ-

2187 2792 2497 2846 κεκλεῖσθαι
2531 2794 2595 2862 τῇ
2625 2792 2862 2862 φυλακῇ.
2897 2792 3017 2846 Οὐδ’
3043 2790 3181 2853 ὅλως
3218 2791 3275 2843 δὲ
3301 2789 3459 2842 τοῦτο
3498 2789 3767 2860 ἡδυνάτη-

2192 2900 2291 2936 σαν
2325 2884 2612 2937 πιστεῦσαι
2653 2885 2722 2938 τὰ
2751 2885 2904 2955 παρὰ
2934 2883 3028 2936 τοῦ
3074 2884 3232 2937 πὰπα
3262 2883 3444 2944 αὐτοῖς
3472 2882 3768 2952 ἁνεχθέντα

2191 2975 2318 3046 περὶ
2351 2975 2443 3028 τοῦ
2477 2975 2632 3044 ἁγίου
2665 2976 2760 3029 καὶ
2792 2974 3060 3046 μακαρίου
3092 2975 3418 3046 Γρηγορίου.
3459 2973 3595 3028 Μεθ’
3630 2973 3768 3044 ἠμέ-

2195 3085 2291 3138 ρας
2330 3067 2390 3120 δέ
2429 3085 2582 3132 τινας
2614 3067 2900 3121 ἐκέλευσεν
2929 3071 2957 3121 6
2989 3067 3242 3138 βασιλεὺς
3277 3067 3594 3121 ἀποστεῖλαι
3641 3067 3768 3128 τοὺς

2192 3159 2527 3224 ἐπισκόπους
2559 3161 2699 3232 μετὰ
2725 3160 3052 3224 κελεύσεως,
3075 3161 3402 3222 ἀποστείλας
3433 3160 3551 3230 μετ’
3573 3159 3770 3219 αὐτοὺς

2115 3242 2161 3308 C
2190 3251 2282 3302 xui.
2303 3251 2632 3320 ,Μαρκιανὸν
2658 3251 2750 3304 τὸν
2779 3251 3086 3323 σπαθάριον
3108 3252 3295 3306 αὑτοῦ.
3335 3252 3565 3321 Ὁμοίως
3588 3251 3646 3304 δὲ
3676 3250 3773 3302 καὶ

2191 3343 2220 3396 ὁ
2271 3342 2701 3416 ἀρχιεπίσκοπος
2765 3345 3279 3417 προσκαλεσάμενος
3331 3343 3423 3396 τὸν
3471 3344 3771 3396 ἐπίσκοπον

2205 3437 2478 3509 Ἀγκύρας
2529 3439 2620 3491 καὶ
2662 3439 2752 3491 τὸν
2783 3439 3086 3491 ἐπίσκοπον
3119 3437 3364 3501 Κυζίκου
3399 3436 3493 3488 καὶ
3529 3434 3619 3488 τὸν
3651 3435 3772 3487 ἐπί-

2195 3546 2395 3582 σκοπον
2426 3530 2714 3600 Κορίνθου,
2743 3529 3066 3583 ἀπέστειλεν
3090 3529 3286 3590 αὐτοὺς
3315 3529 3372 3579 ὲν
3399 3525 3594 3598 Ῥώμῃ
3619 3543 3633 3557 ·
3674 3526 3775 3580 σὺν

2193 3617 2402 3682 τούτοις
2447 3618 2501 3671 δὲ
2541 3619 2638 3671 καὶ
2672 3619 2764 3670 τὸν
2813 3617 3208 3689 χαρτοερύλακα
3243 3617 3654 3670 Κωνσταντῖνον
3682 3617 3774 3668 τὸν

2193 3709 2461 3772 διάκονον,
2486 3710 2582 3762 καὶ
2605 3708 3088 3781 συναθροισθέντες
3112 3708 3355 3771 ἅπαντες
3383 3710 3440 3760 ἐν
3465 3706 3544 3778 τῷ
3581 3708 3772 3777 πλοίῳ,

2193 3798 2338 3851 οἵτε
2383 3799 2671 3852 ἐπίσκοποι
2727 3801 2822 3853 καὶ
2873 3802 2901 3852 6
2946 3799 3296 3868 Μαρκιανόςο
3334 3800 3429 3852 καὶ
3472 3799 3775 3851 ἐνετείλατο

2194 3891 2376 3955 αὐτοῖς
2415 3893 2443 3944 ὁ
2481 3892 2870 3953 εὐσεϐέστατος
2902 3892 3160 3963 βασιλεὺς
3198 3891 3406 3960 λέγων’
3451 3889 3772 3953 Ἀπέλθατε,

2195 3983 2408 4053 Πάτρες
2433 3983 2602 4050 ἆγιοι,
2635 3986 2726 4037 καὶ
2751 3985 3064 4056 κροτήσατε
3097 3983 3312 4037 σύνοδον
3337 3983 3500 4051 ἁγίαν
3525 3982 3773 4035 κελεύσει

2194 4075 2288 4128 τοῦ
2319 4077 2620 4146 ἁγιωτάτου
2655 4078 2829 4141 πάπα,
2862 4077 2957 4130 καὶ
3005 4076 3196 4129 τούτου
3242 4074 3337 4128 τοῦ
3388 4074 3570 4127 κοινοῦ
3613 4074 3772 4144 ἡμῶν

2197 4307 2339 4353 trum
2377 4298 2561 4353 Sicilia
2608 4297 3141 4366 decessisse,.quam
3189 4294 3486 4364 Gregorius
3534 4304 3772 4364 optarat,

2195 4369 2387 4423 mirari
2423 4384 2532 4422 non
2580 4367 2881 4423 debemus:
2913 4379 3032 4422 erat
3065 4369 3211 4423 enim
3251 4377 3443 4420 natura
3473 4367 3656 4434 segnis
3709 4381 3775 4420 ac

2197 4440 2416 4494 lentus:
2454 4455 2562 4508 qua
2589 4455 2711 4492 eum
2743 4440 2808 4493 de
2839 4455 2894 4492 re
2922 4437 3217 4507 Gregorius
3249 4451 3356 4490 non
3387 4437 3554 4508 semel
3579 4435 3774 4508 festive

2199 4504 2538 4578 perstrinxit.
2579 4508 2720 4576 (Lib.
2750 4526 2788 4574 ι,
2820 4509 2980 4578 epist.
3018 4504 3118 4576 32;
3158 4508 3232 4561 lib
3264 4523 3349 4571 ιιι,
3381 4505 3544 4575 epist.
3576 4504 3594 4557 Ι
3627 4514 3682 4560 et
3706 4505 3778 4560 .ίο

525 4571 717 4625 horum
751 4587 980 4627 numero
1011 4574 1246 4630 erant.hi
1282 4574 1412 4640 duo,
1445 4577 1538 4646 qui
1573 4577 1628 4630 in
1662 4571 1909 4630 Siciliain
1936 4577 2091 4633 missi
2125 4585 2166 4640 D
2197 4571 2327 4644 etc.)

522 4651 670 4695 sunt.

593 4711 667 4766 De
705 4711 863 4781 legati
896 4711 1116 4767 nomine
1161 4713 1275 4768 dixi
1326 4714 1611 4782 superius:
1644 4730 1828 4768 verum
1862 4716 2095 4771 addubi-

522 4791 638 4855 tare
697 4783 842 4846 licet,
898 4799 1025 4836 num
1079 4785 1272 4840 Petrus
1326 4785 1734 4855 hypodiacouus
1789 4785 1842 4838 in
1906 4786 2095 4842 Sicilia

521 4853 686 4908 etiam
725 4863 836 4906 tum
876 4863 1056 4907 esset:
1091 4855 1216 4908 inde
1260 4853 1404 4908 enim
1437 4871 1560 4909 eum
1608 4866 1929 4909 evocaverat
1957 4857 2094 4912 Gre-

522 4925 710 4990 gorius
767 4923 1014 4993 Magnus,
1065 4940 1129 4979 ac
1194 4941 1252 4979 se
1306 4941 1502 4993 cupere
1557 4925 1976 4993 significaverat,
2035 4936 2095 4981 ut

525 4995 752 5047 Romam
792 5010 856 5064 se,
885 4994 1029 5064 circa
1071 4996 1194 5050 ldus
1229 4994 1576 5064 Septembres
1608 4995 1916 5058 conferret,
1951 5013 2096 5052 anno

525 5065 737 5119 scilicet
768 5063 871 5119 592
896 5081 908 5116 :
943 5062 1128 5128 Stude,
1160 5066 1207 5119 si
1235 5062 1342 5120 Deo
1365 5065 1646 5133 placuerit,
1678 5075 1735 5119 ut
1757 5067 1811 5118 in
1837 5067 1979 5121 hanc
2006 5085 2098 5121 ur-

525 5136 637 5188 bem
687 5145 808 5188 ante
854 5134 1088 5206 natalem
1131 5135 1267 5190 beati
1318 5135 1572 5206 Cypriani
1626 5147 1901 5191 transeas:
1941 5155 2002 5192 ne
2031 5153 2098 5192 ea?

523 5206 694 5279 signa,
727 5206 863 5279 quod
895 5205 1078 5279 diebus
1113 5207 1230 5279 istis
1268 5205 1405 5260 mari
1439 5223 1640 5273 semper
1670 5208 1924 5279 imminet,
1957 5210 2097 5279 quod

525 5275 690 5346 absit,
741 5275 981 5346 aliquod,
1011 5276 1303 5346 perieulum
1353 5279 1516 5346 possit
1570 5277 1772 5330 evenire
1837 5275 1978 5339 (lib.
2033 5295 2094 5344 Il,

524 5345 684 5413 epist.
715 5346 826 5415 52).
853 5345 987 5399 Illud
1015 5355 1163 5400 certe
1191 5348 1530 5416 exploratum
1554 5356 1659 5406 est,
1678 5348 1780 5400 hoc
1804 5348 1921 5414 ipso
1951 5365 2097 5402 anno

525 5432 637 5487 quo
669 5416 980 5487 comitesin
1023 5416 1208 5471 Sicilia
1240 5419 1517 5487 accepisse
1546 5417 1769 5478 dicitur,
1808 5419 2014 5472 litteras
2046 5421 2096 5474 ei

528 5484 557 5540 a
597 5484 860 5557 Gregorio
898 5486 1101 5557 Magno
1141 5489 1340 5542 missas
1371 5484 1511 5542 'cum
1547 5487 1903 5552 inscriptione
1937 5489 2097 5542 Petro

527 5555 843 5627 subdiaeotto
869 5555 1173 5622 Campania:
1204 5558 1320 5626 (lib.
1359 5575 1438 5620 Ill,
1479 5557 1638 5627 epist.
1668 5557 1790 5624 40);
1823 5574 1946 5626 qua:
1973 5577 2096 5614 cum

528 5626 1304 5699 scripta;fuerintindictione
1344 5628 1430 5692 il,
1463 5626 1590 5699 ante
1632 5626 1938 5696 Augustum
1977 5631 2097 5699 ejus

531 5697 662 5749 anni
727 5695 914 5751 Sicilia
967 5697 1274 5768 decessisse
1326 5698 1602 5768 putandus
1651 5695 1770 5768 est:
1802 5699 1845 5752 si
1878 5695 2097 5766 quidem

535 5777 827 5835 utrumque
857 5767 996 5821 tueri
1044 5768 1294 5831 velimus,
1326 5767 1578 5822 eumdem
1627 5767 1819 5823 eodem
1870 5786 2013 5822 anno
2045 5779 2099 5823 et

537 5839 589 5893 in
615 5836 802 5894 Sicilia
830 5845 884 5894 et
913 5837 968 5892 in
998 5835 1298 5907 Campania
1328 5838 1517 5894 fuisse.
1555 5839 1748 5895 Serius
1783 5849 1960 5894 autem
1997 5841 2099 5896 Pe-

2269 4643 2380 4718 (79)
2419 4647 2639 4701 Devinm
2685 4646 2787 4718 iter
2818 4661 2918 4700 nec
2965 4643 3278 4718 festinatum
3322 4644 3516 4699 fecisse
3546 4644 3778 4718 comites

2193 4715 2411 4773 dicendi
2447 4727 2595 4778 sunt.
2629 4717 2721 4785 qui
2752 4726 2859 4770 tam
2887 4733 3010 4770 sero
3041 4717 3091 4768 in
3125 4717 3369 4769 Siciliam
3402 4715 3771 4784 pervenerint.

2193 4788 2404 4843 Pascha
2440 4789 2585 4841 enim
2619 4784 2684 4841 eo
2729 4803 2894 4847 anno,
2943 4787 3036 4856 qui
3073 4784 3334 4856 fuit75975,
3383 4798 3565 4856 actum
3599 4793 3683 4838 est
3723 4801 3773 4843 tv

2194 4859 2310 4912 Kal.
2347 4859 2518 4926 April.
2563 4858 2736 4925 Atque
2788 4857 2924 4909 adeo
2963 4854 3334 4926 profectionis
3363 4856 3479 4910 dies
3507 4854 3609 4926 fuit
3655 4863 3768 4922 post

2196 4946 2281 4983 xv:
2331 4923 2448 4983 Kal.
2492 4923 2706 4988 lunias,
2742 4943 2850 4992 quo
2899 4923 2988 4979 die
3033 4925 3357 4979 Pentecoste
3405 4934 3546 4979 erat.
3588 4923 3779 4992 Itaque

2194 4998 2655 5070 quinquagesimo
2681 4998 2873 5070 quinto
2911 4996 3125 5070 itineris
3154 4996 3627 5070 die__ap_pule_runt.

2273 5063 2384 5140 (86)
2419 5063 2559 5134 Quid
2605 5063 2852 5140 hic'facit
2899 5067 3191 5135 episcOpus
3231 5064 3526 5140 Corinthi?
3565 5063 3777 5140 nuilum

2195 5158 2259 5196 ea
2281 5132 2613 5208 tempestate
2634 5137 2725 5206 jus
2777 5139 2829 5190 in
2872 5132 3002 5208 cum
3035 5132 3152 5208 erat
3179 5136 3596 5208 archiepiscopo
3627 5132 3775 5186 Con-

2197 5204 2712 5278 stantinopolitano:
2735 5206 2962 5278 parebat
2987 5207 3129 5278 enim
3153 5205 3477 5278 patriarchae
3502 5204 3772 5278 Romam),

2198 5295 2256 5336 ut
2308 5275 2554 5348 Gregorii
2621 5277 2828 5348 Magni
2858 5276 3129 5348 epistolae
3170 5275 3773 5348 ostendunt___(lib.___t,

2163 5373 2174 5382 δ
2198 5354 2358 5418 epist.
2392 5343 2493 5414 “I7;
2526 5349 2620 5402 lib.
2656 5343 2909 5418 Iniepist.
2945 5347 3046 5418 594;
3079 5346 3172 5400 lib.
3204 5361 3256 5408 v,
3290 5346 3449 5418 epist.
3474 5343 3550 5418 5%
3574 5343 3770 5418 e_t_57)'

2198 5413 2296 5490 pro
2351 5413 2615 5490 Κορίνθου
2661 5417 2962 5484 scripserat
3013 5416 3246 5469 fortasse
3294 5413 3557 5490 Leontius
3601 5415 3766 5490 Κίου·

2199 5483 2394 5546 scriba:
2434 5483 2630 5542 'vocem
2679 5483 3017 5542 contractam
3067 5501 3188 5540 esse
3228 5485 3514 5552 suspicati,
3561 5483 3756 5536 extule

2199 5572 2328 5615 runt
2381 5559 2671 5628 Κορίνθου,
2723 5558 2868 5628 quod
2927 5556 3122 5610 deinde
3183 5557 3363 5610 caeteri
3429 5563 3774 5628 receperunt.

2200 5632 2372 5684 Porro
2403 5625 2527 5682 Cius
2551 5628 2809 5698 oppidum
2841 5627 3102 5696 Bithynae
3131 5635 3269 5691 erat,
3303 5640 3399 5698 nec
3423 5625 3776 5698 adeoprocul

2201 5719 2230 5756 a
2263 5701 2482 5770 CyziCn,
2513 5694 2720 5770 nt'non
2764 5701 2889 5750 inde
2927 5694 3112 5770 cigus,
3153 5712 3316 5770 quam
3356 5694 3622 5770 Corintho
3660 5694 3775 5760 epi-

2203 5764 2402 5841 scopus
2446 5769 2661 5841 evocari
2727 5779 2928 5841 posset.
2981 5764 3316 5838 Theogiiius,
3351 5764 3772 5835 Ciiepiscopus,

2205 5838 2368 5898 sexta:
2394 5839 2605 5911 synodo
2633 5838 2898 5892 interfuit.
