4158 6554
425 423 531 486 669

1413 432 1472 490 S.
1517 432 1896 494 GREGORII
1933 433 2450 514 AGRIGENTINI
2491 435 2689 496 VlTA.

3581 433 3689 500 670

424 537 637 611 Πατρδς
691 538 788 608 τῆς
837 539 1071 594 ἐνταῦθα
1120 541 1521 597 θεοσκεπάστου
1567 545 1724 614 ήμῶν
1772 546 1996 607 πόλεως.

2110 544 2289 614 deque
2323 547 2737 600 accusatoribus
2763 547 2844 602 sic
2881 548 3214 616 cognoscite,
3259 555 3450 601 utnon
3499 561 3682 600 rerum

423 633 533 684 Καὶ
587 630 951 702 καθήσαντεε,
1009 633 1148 703 μετά
1196 633 1366 703 φόϐου
1414 635 1551 688 Θεοῦ
1609 636 2003 704 ἀνακρίναντες

423 725 619 788 πάντα,
651 724 744 777 καὶ
775 724 836 775 τὸ
863 723 1086 790 γύναιον
1121 725 1215 777 καὶ
1246 727 1373 789 τοὺς
1407 728 1769 796 κατηγόρους,
1800 727 1895 780 καὶ⁹
1928 727 2002 797 μὴ

422 815 563 870 κατὰ
588 816 883 887 πρόσωπόν
909 835 960 870 τι
989 816 1254 889 πράξητε,
1284 819 1402 872 ἀλλ’
1432 819 1508 883 ὡς
1537 820 1677 892 αὐτὴ
1713 822 1746 890 ἡ
1771 819 2003 888 δύναμις

420 911 518 979 τῆς
539 911 799 978 ἀληθείας
826 911 1093 978 ἔγκειται,
1129 911 1303 976 οὕτως
1331 913 1676 984 διοικήσατε·
1701 911 1797 967 xui.
1825 912 1874 965 οἳ
1903 913 2002 984 μὲν

423 1002 801 1069 συκοφαντῶσι
831 1003 924 1054 τὸν
954 1003 1145 1074 ἄνδρα,
1175 1003 1290 1056 ὅσοι
1318 1004 1666 1058 ὑποπέσωσιν
1695 1003 1900 1070 λαϊκοὶ,
1923 1001 2002 1072 τῷ

424 1092 738 1161 φιλευσεῦεῖ
781 1095 942 1164 ἡμῶν
982 1096 1131 1165 νόμῳ
1180 1097 1490 1166 παράδοτεο
1552 1097 1644 1149 ἐπὶ
1681 1097 1861 1166 τούτῳ
1893 1095 2004 1166 γὰρ

421 1185 822 1256 ἀποστέλλομεν
852 1187 943 1240 τὸν
979 1187 1284 1258 σπαθὰριον
1323 1189 1479 1256 ἡμῶν
1501 1203 1518 1220 ο
1549 1187 1663 1240 ὅσοι
1713 1188 1772 1240 δὲ
1812 1189 2004 1258 κληρι-

420 1277 508 1329 κοὶ
531 1276 870 1342 ὑποπέσωσι,
898 1279 975 1350 τῷ
1003 1279 1132 1350 θείῳ
1172 1280 1264 1332 καὶ
1295 1281 1424 1351 ἱερῷ
1447 1279 1633 1333 κανόνι
1661 1279 2002 1332 ἀποδίδοσθε

420 1369 815 1436 παρεγγυάσας
844 1371 1042 1435 αὐτοὺς
1073 1370 1168 1424 τοῦ
1201 1372 1499 1440 ἀναγαγεῖν
1543 1370 1634 1424 τὸν
1662 1371 1832 1442 ἄνδρα
1867 1376 2001 1441 προ,

419 1478 519 1513 αυτ
528 1477 605 1513 ον.

491 1552 617 1605 ΞίΡ.
652 1552 990 1618 Ἐξελθόντες
1016 1555 1072 1609 δὲ
1108 1554 1405 1626 ἀμφότεροι
1436 1553 1542 1607 ἀπὸ
1568 1555 2004 1607 Κωνσταντινου-

422 1645 630 1708 πόλεως
659 1644 798 1699 οἵτε
831 1646 1119 1699 ἐπίσκοποι
1153 1648 1246 1699 καὶ
1276 1648 1304 1698 ὁ
1344 1645 1646 1713 σπαθάριος
1685 1643 1792 1697 ἀπὸ
1826 1661 1999 1714 προσ-

420 1741 570 1791 ώπου
604 1737 699 1792 τοῦ
733 1739 1022 1810 βασιλέως,
1055 1740 1353 1794 κατέλαὸον
1375 1740 1474 1809 τὴν
1519 1737 1759 1808 Ῥώμην,
1785 1738 1860 1799 ὡς
1891 1737 2000 1790 ἀπὸ

421 1830 650 1884 σταδίων
691 1830 972 1885 δεκαοκτώ
993 1849 1008 1862 '
1041 1833 1240 1903 συνέϐη
1275 1832 1331 1886 δὲ
1367 1831 1444 1902 τῷ
1477 1829 1782 1901 Μαρκιανῷ
1815 1830 2000 1900 ἀρῥω·

422 1924 613 1993 στῆσαι
639 1922 950 1995 ἀρῤωστίαν
977 1923 1159 1995 δεινὴν
1207 1924 1302 1977 καὶ
1339 1923 1587 1994 βαρεῖαν.
1629 1921 1910 1988 Ἐγένοντο
1941 1921 1998 1972 δὲ

417 2014 477 2064 ἐν
507 2013 655 2085 λύπῃ
683 2013 850 2083 πολλῇ
895 2014 945 2066 οἱ
979 2013 1271 2066 ἐπίσκοποι
1315 2013 1408 2065 καὶ
1452 2013 1651 2074 πάντες
1693 2011 1743 2063 οἱ
1777 2010 1873 2063 σὺν
1902 2010 2000 2062 αὑ-

416 2108 550 2167 τοῖς.
579 2103 736 2157 Μετὰ
774 2104 829 2156 δὲ
864 2105 1112 2173 ἀνάγκης
1155 2105 1354 2170 πολλῆς
1387 2103 1633 2174 εἰσῆλθον
1678 2105 1736 2157 ὲν
1774 2103 1958 2176 Ῥώμῃ
1981 2121 1996 2134 ·

416 2191 558 2265 ἦσαν
609 2197 666 2250 δὲ
710 2198 913 2263 πάντες
956 2197 1289 2266 λυπούμενοι
1338 2200 1467 2269 περὶ
1523 2197 1613 2251 τοῦ
1653 2199 1994 2270 Μαρκιανοῦ.

415 2288 572 2341 Μετά
614 2287 672 2341 δὲ
717 2287 930 2359 ἡμέρας
970 2289 1102 2342 δέκα
1147 2288 1382 2360 ἤμελλεν
1420 2288 1713 2360 τελευτᾷν·
1746 2291 1836 2342 καὶ
1870 2293 1998 2362 περὶ

413 2378 568 2449 ἡλίου
604 2378 815 2450 δυσμὰς
844 2380 952 2434 ἰδοὺ
987 2379 1147 2451 γυνὴ,
1190 2375 1258 2452 ἦς
1301 2381 1363 2434 τὸ
1408 2381 1700 2450 θυγάτριον
1744 2383 1932 2436 ἰάσατο
1970 2384 1998 2434 ὁ

415 2473 570 2540 ἆγιος
590 2473 912 2545 Γρηγόριος,
937 2473 1260 2546 διερχομένη
1283 2473 1517 2545 ἤκουσεν
1539 2475 1879 2545 ὀδυρομένων
1902 2475 1998 2528 καὶ

413 2564 758 2635 θρηνούντων
794 2565 886 2620 τὸν
926 2567 1263 2634 Μαρκιανόν.
1303 2567 1369 2620 Ἠ
1409 2567 1465 2620 δὲ
1495 2566 1634 2637 γυνὴ
1663 2567 1997 2622 ἐπυνθάνετο

414 2657 547 2727 παρ’
587 2656 767 2711 αὐτῶν
816 2657 962 2720 τίνος
1019 2657 1204 2710 ἕνεκεν
1265 2659 1531 2711 κόπτεται
1582 2657 1652 2711 τά
1708 2659 1992 2731 παιδάρια.

426 2748 778 2817 ’Λποκριθεὶς
806 2748 864 2801 δὲ
905 2744 985 2811 εἷς
1025 2749 1086 2814 ἐξ
1113 2749 1294 2802 αὐτῶν
1325 2748 1475 2818 λέγει
1517 2750 1689 2822 αὑτῇο
1721 2752 1936 2821 Ἀμμα,
1968 2755 1996 2806 ὁ

414 2839 603 2910 κύριος
637 2839 794 2911 ἡμῶν
836 2842 918 2903 είς
950 2840 1048 2911 τὴν
1079 2841 1316 2911 ἐσχάτην
1348 2845 1515 2913 πνοήν
1546 2845 1714 2905 ἐστιν,
1748 2844 1845 2896 καὶ
1872 2843 1996 2897 τοῦ-

411 2948 504 2984 τον
559 2929 885 3002 θρηνοῦμεν.
921 2931 1090 3000 Λέγει
1142 2933 1328 2994 αὐτοῖς
1373 2933 1406 3000 ἠ
1455 2932 1631 3003 γυνή·
1677 2933 1993 2987 Βαστάσατε

413 3023 575 3078 αὑτὸν
611 3024 750 3093 μετὰ
776 3025 876 3094 τῆς
906 3024 1115 3093 κλίνης.
1143 3026 1240 3077 καὶ
1271 3023 1676 3095 ἀκολουθήσατέ
1703 3043 1815 3095 μοι,
1839 3026 1995 3095 κάγὼ

413 3117 542 3185 ὑμῖν
593 3116 858 3182 ὑποδείξω
912 3115 1082 3183 ἄνδρα
1114 3115 1291 3184 ἅγιον,
1327 3117 1386 3180 ὃς
1425 3117 1632 3172 ἰάσεται
1670 3119 1762 3170 τὸν
1806 3118 1994 3189 κύριον

2107 638 2365 707 speciem,
2391 640 2484 693 sed
2517 640 2804 694 veritatem
2838 641 3010 710 ipsam
3042 641 3214 695 secuti
3248 639 3571 694 videamini.
3607 641 3686 694 Ac

2104 729 2172 784 de
2199 731 2300 784 viri
2352 731 2887 795 calumniatoribus,
2931 733 3024 800 qui
3071 733 3309 787 convicti
3366 731 3591 794 fuerint,
3638 729 3686 785 si

2105 818 2229 872 laici
2266 819 2416 882 sint,
2458 820 2631 874 sacris
2680 821 2892 890 legibus
2941 823 3146 876 castris
3196 823 3425 878 subesse
3471 822 3686 888 :ogite;

2107 927 2230 964 nam
2276 911 2376 964 bac
2403 914 2468 965 de
2490 927 2656 966 causa
2688 913 3028 982 spatharium
3060 922 3308 966 nostrum
3361 912 3631 966 mittimus
3668 929 3683 965 :

2103 1003 2147 1058 si
2177 1003 2384 1067 clerici,
2419 1019 2538 1057 eam
2592 1004 2777 1058 subire
2817 1019 3036 1074 poenam
3063 1005 3272 1073 jubete,
3301 1019 3468 1073 quam
3497 1001 3686 1056 Eccle—

2105 1095 2198 1150 sia:
2247 1110 2488 1149 canones
2541 1095 3016 1165 praascripserunt.
3066 1094 3408 1149 Postremum
3451 1110 3481 1148 e
3529 1108 3686 1146 man-

2106 1187 2250 1242 datis
2296 1186 2416 1256 ejus
2451 1185 2574 1253 fuit,
2618 1196 2678 1242 ut
2726 1196 2977 1242 sanctum
3029 1187 3205 1240 virum
3245 1187 3311 1240 ad
3361 1201 3487 1240 eum
3514 1185 3685 1240 dedu-

2105 1289 2310 1334 cercnt.

2179 1541 2412 1597 LXVIII.
2443 1541 2560 1597 Jam
2595 1558 2727 1598 vero
2764 1541 2978 1598 dimissi
3012 1542 3080 1594 ab
3112 1541 3441 1608 imperatore
3477 1546 3532 1590 et
3569 1533 3685 1604 epi-

2105 1637 2254 1705 scopi
2285 1645 2338 1689 et
2382 1637 2717 1704 spalbarius,
2760 1632 3237 1701 ConstantinOpoli
3277 1631 3438 1685 siuiul
3491 1643 3685 1682 oumes

2104 1729 2406 1784 solverunt.
2436 1730 2505 1784 At
2535 1744 2658 1784 cum
2685 1727 2925 1782 secunda
2947 1726 3042 1792 usi
3079 1725 3454 1794 narigatione,
3488 1725 3558 1774 ab
3589 1737 3682 1772 ur-

2110 1823 2177 1896 be
2229 1822 2400 1876 Roma
2444 1837 2552 1875 non
2582 1821 2706 1890 plus
2759 1820 3226 1888 abessent‘quam
3274 1815 3448 1870 stadia
3491 1815 3680 1866 dcccm

2103 1924 2250 1976 crto,
2283 1912 2595 1967 Marcianus
2631 1913 2683 1965 in
2718 1928 2938 1982 gravem
2976 1911 3270 1964 admodum
3316 1923 3378 1962 ac
3408 1906 3680 1976 periculo-

2101 2023 2219 2059 sum
2261 2005 2453 2061 incidit
2495 2005 2770 2059 morbum.
2801 2003 2969 2074 Cujus
2997 2002 3074 2056 rei
3107 2017 3272 2057 causa
3307 2008 3412 2053 tam
3437 1996 3680 2068 episcopi

2101 2116 2263 2170 quam
2293 2100 2472 2154 caeteri
2504 2114 2718 2160 omnes,
2749 2113 2889 2168 quos
2931 2112 3118 2150 secum
3152 2094 3447 2154 habebant,
3485 2106 3682 2159 magno

2099 2191 2288 2243 dolore
2313 2189 2488 2243 allecti
2519 2199 2669 2243 sunt.
2691 2187 2857 2258 Egrc
2879 2188 3098 2242 domum
3132 2187 3184 2240 in
3209 2185 3394 2238 urbem
3427 2181 3677 2252 ingressi,

2099 2283 2358 2338 Marciani
2389 2285 2563 2338 vicem
2603 2298 2792 2337 omnes
2840 2283 3026 2336 dolere
3067 2280 3381 2350 pergebant.
3427 2277 3518 2331 Ille
3550 2289 3682 2330 vero

2099 2387 2225 2446 post
2251 2377 2441 2433 decem
2476 2378 2594 2432 dies
2623 2377 2676 2429 iu
2711 2375 2964 2430 ultimum
3003 2375 3128 2428 vitae
3165 2373 3459 2427 discrimen
3510 2368 3676 2422 venit.

2098 2469 2300 2524 Verum
2333 2470 2434 2524 sub
2455 2469 2588 2524 solis
2615 2484 2892 2532 occasum,
2915 2481 3041 2521 ecce
3070 2464 3286 2528 mulier,
3322 2462 3479 2530 cujus
3510 2461 3675 2515 filiam

2096 2573 2321 2618 sanctus
2352 2562 2650 2631 Gregorius
2681 2568 2990 2624 sanaverat,
3022 2559 3299 2627 planctum
3341 2571 3554 2618 eorum,
3583 2557 3676 2623 qui

2098 2639 2440 2710 Marcianum
2502 2653 2965 2716 lamentabantur,
3017 2648 3385 2718 pertransiens
3415 2647 3623 2701 audivit
3660 2665 3674 2700 :

2096 2749 2276 2813 Quare
2332 2746 2710 2815 interrogavit,
2761 2745 2918 2812 cujus
2963 2757 3126 2796 causa
3189 2740 3342 2808 pueri
3382 2737 3682 2810 lugerent?

2097 2843 2342 2906 Quorum
2387 2855 2532 2894 unus
2580 2839 2661 2894 sic
2695 2837 2768 2891 illi
2806 2835 3128 2906 respondit:
3161 2832 3334 2888 lleius
3387 2840 3594 2892 noster,
3642 2844 3679 2885 0

2098 2933 2238 2986 bona
2275 2941 2448 2985 mater
2477 2930 2612 3001 (8i),
2637 2930 2871 2983 animam
2893 2928 3002 2996 agit
3036 2943 3048 2978 :
3079 2925 3222 2978 lmnc
3250 2937 3349 2978 nos
3377 2923 3675 2993 ploramus.

2097 3025 2186 3079 llla
2220 3040 2346 3078 vero
2369 3039 2558 3078 omnes
2583 3019 2806 3093 [Lxxxv]
2835 3019 3192 3088 compellans,
3218 3015 3359 3081 Quin
3394 3030 3543 3072 eum.
3576 3015 3673 3078 ait,

2094 3131 2218 3169 cum
2251 3113 2447 3168 lectulo
2488 3128 2590 3167 suo
2645 3110 2834 3172 tollite,
2895 3124 2959 3162 ac
3002 3123 3090 3161 me
3142 3106 3435 3176 sequimini
3472 3121 3486 3158 :
3522 3104 3675 3158 vobis

414 3211 590 3277 ὑμῶν.
621 3211 731 3263 Καὶ
765 3211 842 3273 ὡς
875 3211 933 3262 ὲν
962 3208 1040 3280 τῷ
1073 3211 1277 3278 μεταξὺ
1309 3211 1622 3278 ἐσκότασεν,
1658 3215 1751 3265 καὶ
1779 3214 1995 3280 ἐγένετο

2100 3222 2197 3276 ego
2239 3207 2415 3260 virum
2477 3212 2727 3259 sanctum
2768 3201 3176 3264 demonstrabo,
3216 3199 3307 3270 qui
3341 3199 3532 3253 Iterum
3579 3213 3670 3252 ve-

417 3304 628 3370 ἑσπέρα
661 3301 871 3365 βαθεῖα,
905 3301 1016 3372 ἡδὲ
1043 3303 1180 3373 γυνὴ
1219 3304 1529 3371 ἀνάγκασεν
1561 3305 1758 3367 αὐτοὺς
1793 3304 1982 3374 βαστά-

418 3413 510 3449 σαι
546 3395 643 3466 τὴν
684 3393 873 3466 κλίνην
915 3395 1013 3447 σὺν
1049 3395 1145 3447 τοῦ
1178 3395 1370 3464 ἀνδρὸς
1400 3395 1495 3449 καὶ
1528 3396 1644 3466 μετ’
1676 3395 1849 3462 αὐτῆς
1883 3398 1992 3450 ἀπ-

413 3487 608 3541 ελθεῖν.
639 3487 704 3540 Οἱ
734 3486 790 3539 δὲ
820 3486 1134 3550 ἀνελθόντες
1162 3488 1218 3539 ὲν
1256 3487 1333 3557 τῷ
1357 3488 1492 3558 οἴκῳ
1524 3487 1854 3560 περιέδησαν
1889 3489 1988 3541 αὐ-

409 3583 504 3634 τόν
526 3600 539 3613 ο
578 3581 740 3643 αὐτὸς
767 3579 824 3632 δὲ
860 3575 929 3650 ἦν
962 3579 1334 3650 ὀλοφυρμένος
1380 3581 1458 3652 τῷ
1488 3581 1729 3652 πυρετῷ,
1765 3581 1860 3634 καὶ
1893 3582 1994 3634 οὐκ

410 3677 548 3739 οἶδε,
581 3673 639 3727 τὸ
671 3675 723 3728 τί
755 3673 904 3743 αὐτῷ
931 3676 1148 3728 ἐποίουν
1175 3677 1224 3728 οἱ
1254 3675 1442 3738 παῖδες
1469 3674 1649 3728 αὐτοῦ.
1685 3674 1995 3729 Βαστάσαν-

411 3785 502 3830 τες
533 3767 591 3819 δὲ
621 3767 782 3820 αὐτὸν
811 3766 881 3819 τὰ
910 3767 1194 3837 παιδάρια,
1228 3767 1438 3838 ἤγαγον
1483 3769 1563 3832 είς
1595 3770 1692 3839 τὴν
1723 3769 1991 3838 φυλακὴν,

415 3859 544 3912 ἔνθα
567 3855 634 3930 ἦν
657 3862 684 3912 ὁ
716 3859 986 3930 μακάριος
1006 3859 1327 3931 Γρηγόριος.
1356 3861 1466 3912 Καὶ
1489 3861 1874 3929 εἰσαγαγόντες
1897 3863 1995 3914 αὐ-

417 3951 508 4005 τὸν
538 3951 680 4004 ἔνδον
718 3952 820 4020 τῆς
858 3953 1127 4022 φυλακῆς,
1160 3950 1281 4004 ίδὼν
1312 3953 1474 4006 αὑτὸν
1512 3954 1540 4006 ὁ
1573 3956 1844 4024 μακάριος
1867 3954 1995 4025 ἀδη-

420 4043 706 4114 μονοῦντα,
763 4043 1027 4098 ἔκλαυσεν
1083 4044 1170 4097 ἐπ’
1198 4043 1367 4114 αὐτῷ,
1421 4043 1528 4107 ἓως
1583 4045 1682 4097 οὐκ
1733 4040 1801 4114 ἦν
1846 4043 1996 4114 αὐτῷ

421 4137 604 4206 ίσχύςο
643 4139 736 4191 καὶ
764 4138 1023 4207 φωνήσας
1049 4136 1212 4190 αὑτὸν
1239 4136 1386 4202 ἅπαξ
1417 4136 1510 4188 καὶ
1533 4137 1633 4200 δὶς,
1665 4136 1819 4188 οὐδὲν
1845 4136 1994 4207 αὐτῷ

417 4227 785 4300 ἀποκριθῆναι
824 4229 1064 4298 ἴσχυσεν,
1098 4227 1221 4281 οὐδὲ
1252 4226 1469 4294 ἐπέγνω
1505 4227 1668 4280 αὐτὸν
1701 4229 1764 4280 ὲκ
1793 4227 1995 4297 πολλῆς

417 4321 667 4391 συνοχῆς,
715 4315 784 4392 ἧς
828 4320 1125 4390 συνείχετο.
1171 4321 1226 4373 Ὀ
1268 4319 1326 4372 δὲ
1365 4320 1633 4390 μακάριος
1681 4318 1996 4390 προσελθὼν

414 4411 687 4480 ἐπέθηκεν
720 4410 869 4482 αὑτῷ
915 4412 1014 4481 τὴν
1061 4414 1240 4483 χεῖρα,
1294 4411 1418 4474 δοὺς
1457 4409 1607 4481 αὐτῷ
1651 4410 1748 4474 τὰς
1780 4410 1996 4475 ὲξέθους

415 4502 600 4571 εὐχάς.
633 4503 742 4556 Καὶ
778 4502 894 4572 μετ’
938 4501 1117 4570 ὀλίγον
1165 4501 1439 4573 ἡσύχασεν
1487 4502 1518 4554 ὁ
1546 4501 1865 4571 Μαρκιανὸς
1899 4507 1996 4555 καί⁵

2100 3306 2274 3351 strmn
2338 3295 2571 3348 sanabit.
2609 3292 2821 3347 Interea
2863 3309 2987 3347 cum
3044 3292 3278 3346 tenebrae
3314 3289 3426 3358 jam
3471 3296 3674 3349 essent,

2097 3390 2273 3458 coegit
2294 3404 2387 3442 eos
2418 3389 2615 3441 mulier
2640 3386 2738 3439 viri
2760 3386 2958 3440 lectqu
2990 3384 3176 3438 tollere
3202 3398 3265 3437 ac
3282 3397 3467 3436 secum
3489 3381 3672 3435 abire:

2098 3485 2279 3552 itaque
2309 3483 2531 3536 domum
2586 3481 2840 3550 ingrcssi,
2891 3478 3226 3532 Marcianum
3275 3475 3674 3545 obligaverunt,

2097 3577 2338 3645 quicum
2389 3574 2525 3628 febri
2577 3581 2856 3635 aestuaret,
2889 3571 3115 3624 minime
3155 3569 3346 3632 sensit,
3391 3567 3522 3638 quid
3570 3566 3677 3622 sibi

2099 3667 2250 3736 pueri
2295 3666 2556 3718 facerent.
2588 3664 2726 3717 Tum
2773 3663 3135 3717 succollantes
3180 3661 3370 3714 herum
3408 3675 3582 3728 usque
3608 3658 3678 3712 ad

2100 3771 2376 3810 carcerem
2411 3763 2780 3824 gestaverunt,
2831 3753 2882 3806 in
2919 3768 3028 3823 quo
3048 3753 3242 3807 beatus
3269 3750 3564 3820 Gregorius
3591 3749 3678 3802 de-

2097 3848 2276 3916 gebat.
2316 3845 2386 3900 Ut
2420 3861 2569 3908 vero,
2601 3847 2668 3900 iis
2694 3847 2746 3900 in
2771 3859 3048 3900 carcerem
3077 3843 3360 3913 ingressis,
3397 3839 3530 3894 vidit
3559 3839 3680 3893 beao

2101 3949 2189 3993 tus
2216 3939 2296 3991 vir
2317 3937 2651 3992 Marcianum
2687 3938 2880 3992 morbo
2920 3934 3312 4002 doloribusque
3342 3929 3674 3996 confectum,

2099 4039 2283 4084 tenere
2319 4029 2582 4100 lacrytnas
2615 4044 2722 4082 non
2757 4027 2971 4096 potuit,
3007 4040 3072 4079 ac
3112 4023 3363 4077 flebiliter
3408 4022 3676 4076 lamenta-

2099 4133 2186 4176 tus
2229 4131 2312 4177 cst
2344 4144 2357 4177 :
2395 4121 2592 4176 deinde
2620 4120 2934 4174 inclamavit
2961 4133 3084 4173 cum
3117 4115 3287 4170 semel
3326 4130 3391 4168 ac
3423 4114 3508 4168 bis
3538 4129 3556 4168 :
3585 4112 3676 4182 qui

2100 4225 2278 4268 tamen
2333 4231 2433 4267 nec
2471 4213 2801 4283 respondere
2848 4212 2924 4265 illi
2978 4209 3278 4280 quidquam
3325 4205 3520 4276 potuit,
3575 4217 3679 4258 nec

2099 4304 2298 4374 ipsum,
2331 4304 2381 4357 vi
2415 4303 2588 4357 morbi
2613 4319 2723 4373 quo
2747 4302 3068 4373 angebatur,
3113 4305 3478 4362 cxsteruatus,
3505 4309 3676 4364 agno-

2097 4398 2193 4450 vit.
2228 4397 2370 4466 Ergo
2393 4397 2654 4450 accedens
2689 4396 2862 4464 magis
2887 4395 3080 4448 beatus
3102 4392 3187 4445 vir
3215 4405 3436 4444 manum
3469 4388 3546 4441 illi
3577 4387 3679 4440 im-

2099 4489 2301 4558 posuit,
2334 4499 2390 4542 et
2422 4499 2714 4543 consuetas
2733 4487 2941 4543 addidit
2970 4499 3181 4556 preces.
3215 4482 3334 4536 Non
3369 4481 3537 4535 multo
3557 4488 3679 4548 post

416 4595 775 4664 ἀφύπνωσενο
815 4590 884 4666 ἦν
917 4593 1029 4664 γὰρ
1057 4593 1195 4665 ἔχων
1232 4595 1447 4666 ἡμέρας
1470 4591 1642 4646 εἴκοσι
1676 4593 1837 4647 πέντε
1871 4595 1995 4666 μηδ’

2101 4583 2382 4651 quiescere
2413 4580 2725 4636 Marcianus
2767 4589 2931 4650 atque
2971 4577 3298 4633 obdormire-
3327 4576 3510 4644 ccepit,
3547 4588 3672 4628 cum

413 4689 550 4752 ὅλως
583 4686 918 4759 κοιμηθῆναι
961 4686 1228 4756 δυνηθείς.
1260 4685 1662 4757 Προσελθὸντες
1694 4685 1748 4737 δὲ
1787 4688 1835 4738 οἱ
1869 4689 1996 4739 παῖ-

415 4780 504 4842 δες
566 4778 759 4843 αὐτοῦ,
825 4777 1117 4840 πίπτοντες
1183 4777 1336 4847 παρὰ
1397 4776 1750 4839 τοὺς.πόδας
1801 4775 1993 4838 αὐτοῦ,

418 4871 695 4933 κλαίοντες
735 4871 832 4924 καὶ
871 4869 1153 4937 λέγοντες’
1191 4869 1444 4938 Ἐλέησον
1483 4871 1651 4940 ἡμᾶς,
1695 4868 1849 4922 δοῦλε
1901 4869 1995 4922 τοῦ

415 4964 575 5026 Θεοῦ,
599 4964 696 5018 καὶ
726 4964 880 5029 εὖξαι
907 4963 1048 5034 ὑπὲρ
1075 4961 1170 5016 τοῦ
1209 4961 1403 5032 κυρίου
1427 4962 1583 5032 ἡμῶν
1611 4963 1706 5015 καὶ
1739 4961 1834 5014 σοῦ
1859 4964 1998 5032 ἠγα-

418 5056 662 5125 πημένου
697 5056 871 5125 φίλου.
915 5056 974 5109 '0
1003 5055 1060 5109 δὲ
1103 5055 1241 5126 πρὸς
1286 5055 1515 5118 αὐτούς⁸
1549 5055 1727 5108 Τέκνα
1778 5072 1902 5124 μου,
1936 5054 1997 5106 τὸ

418 5146 631 5215 θέλημα
678 5147 771 5199 τοῦ
823 5146 1025 5218 Κυρίου
1059 5145 1300 5215 γενέσθω
1352 5146 1448 5197 καὶ
1486 5146 1565 5206 είς
1594 5144 1756 5197 αὐτὸν
1792 5146 1887 5197 καὶ
1918 5146 1999 5207 είς

418 5239 586 5305 ἡμᾶς.
621 5238 757 5307 Περὶ¹
791 5237 849 5291 δὲ
879 5237 941 5291 τὸ
973 5236 1327 5308 μεσονύκτιον
1352 5235 1659 5308 προσῆλθον
1703 5237 1774 5286 τὰ
1801 5234 1997 5287 παιδά-

421 5345 534 5399 ρια,
563 5330 656 5382 καὶ
677 5331 1054 5400 κρατήσαντες
1080 5329 1264 5392 αὐτὸν,
1299 5329 1408 5382 ἰδοὺ
1435 5328 1533 5380 οὐκ
1555 5323 1623 5396 ἦν
1651 5327 1707 5379 ὲν
1725 5327 1874 5396 αὐτῷ
1901 5325 1998 5379 πυ-

422 5419 598 5490 ρετδς,
628 5421 722 5474 καὶ
748 5420 998 5484 ἐδόξαζον
1025 5419 1118 5473 τὸν
1147 5421 1300 5474 Θεόν.
1346 5420 1403 5473 Ὁ
1429 5419 1485 5472 δὲ
1514 5418 1670 5486 ἆγιος
1697 5418 1997 5488 Γρηγόριος

500 5595 612 5663 (81)
642 5597 698 5648 lu
739 5596 944 5651 Moschi
977 5597 1143 5650 Prata
1185 5615 1292 5652 non
1326 5599 1488 5652 semel
1533 5599 1777 5653 occurrit
1807 5598 1998 5665 hujus-

422 5667 571 5720 modi
620 5667 859 5722 formula
917 5668 969 5720 in
1020 5669 1239 5722 feminis
1283 5670 1637 5736 appellandis,
1689 5669 1755 5722 iis
1806 5671 1992 5730 etiam,

421 5751 545 5804 quae
585 5739 771 5809 procul
811 5755 841 5792 a
883 5739 1229 5809 monasteriis
1275 5743 1441 5791 vitam
1484 5742 1759 5807 degerent.
1794 5739 1994 5809 Διηγή-

423 5822 556 5878 (ξατο
587 5807 646 5860 δὲ
678 5811 813 5878 ἡμῖν
863 5811 896 5878 ἡ
941 5807 1082 5874 αὑτὴ
1115 5808 1339 5878 Ἀμμας
1385 5811 1629 5878 Δαμιανὴ
1674 5811 1766 5861 καὶ
1816 5807 1992 5862 τοῦτο.

424 5874 680 5932 Narravit
700 5874 894 5932 autem
922 5879 1069 5932 nobis
1101 5874 1280 5932 eadem
1332 5874 1502 5931 Mater
1549 5874 1806 5933 Damiaua
1837 5879 1995 5932 etiam

2093 4674 2205 4745 jam
2255 4671 2549 4728 vicesimus
2576 4673 2801 4743 quintus
2832 4671 2949 4724 dies
2994 4679 3159 4731 esset,
3199 4681 3265 4721 ex
3299 4680 3406 4734 quo
3450 4679 3676 4718 somnus

2098 4789 2222 4827 eum
2287 4771 2513 4826 omnino
2548 4767 2871 4837 reliquerat.
2907 4761 3061 4818 Servi
3101 4776 3231 4813 vero
3276 4758 3419 4812 illius
3458 4755 3523 4809 ad
3549 4772 3677 4809 san-

2099 4877 2244 4921 ctmn
2280 4865 2459 4918 virum
2495 4861 2769 4926 conversi,
2796 4858 3090 4930 procidunt
3120 4855 3187 4910 ad
3220 4853 3385 4924 pedes
3427 4851 3568 4920 ejus,
3613 4865 3677 4903 ac

2099 4960 2289 5014 ﬂentes
2327 4975 2340 5010 :
2372 4955 2654 5019 Miserere,
2685 4952 2964 5021 inquiunt,
3005 4948 3199 5009 nostri,
3232 4963 3264 4996 (ι
3296 4945 3384 4997 Dei
3419 4958 3596 5005 serve,
3625 4953 3678 4996 et

2100 5051 2297 5106 adhibe
2345 5063 2538 5119 preces
2571 5061 2669 5116 pro
2717 5046 2847 5098 luero
2893 5051 3103 5104 nostro,
3152 5040 3456 5106 eodemque
3501 5036 3679 5089 amico

2103 5142 2197 5196 tibi
2241 5140 2588 5195 cbarissimo.
2627 5135 2837 5202 Quibus
2876 5134 2963 5187 ille
2995 5148 3010 5185 :
3041 5131 3186 5193 Filii,
3219 5130 3416 5198 inquit,
3444 5128 3571 5188 mei,
3613 5128 3679 5180 de

2100 5250 2166 5289 eo
2195 5233 2370 5302 deque
2397 5231 2555 5285 nobis
2579 5229 2724 5299 quod
2756 5226 3017 5281 Dominus
3046 5223 3261 5282 statuit,
3297 5221 3348 5274 id
3387 5221 3499 5272 liat.
3556 5217 3678 5271 Cir-

2100 5343 2164 5382 ca
2215 5325 2447 5379 mediam
2481 5329 2696 5377 noctem
2733 5332 3016 5373 accessere
3063 5316 3262 5369 iterum
3317 5311 3492 5381 pueri,
3523 5326 3677 5362 Clim-

2100 5436 2206 5491 que
2229 5421 2419 5474 berum
2447 5415 2770 5486 tetigissent,
2797 5413 2917 5468 sine
2941 5410 3077 5466 febri
3108 5425 3233 5464 eum
3265 5421 3383 5461 esse
3400 5405 3674 5460 sentiunt:

2101 5605 2196 5656 hoc
2233 5601 2396 5669 (apud
2427 5599 2603 5652 Cotel.
2643 5596 2717 5650 M.
2741 5594 2900 5669 Eccl.
2932 5592 3094 5669 Cr._t.
3134 5585 3482 5669 ll,__p_.‘405):
3517 5585 3679 5669 cujus

2105 5655 2380 5727 Damiaine
2435 5669 2577 5722 filius
2628 5667 2791 5736 paulo
2840 5672 2962 5738 post
3028 5665 3115 5732 (p.
3183 5655 3678 5738 4(lZ)_appelI:it.ur

2102 5746 2479 5810 Atlicnogenes
2539 5729 3189 5804 Pet'rat'unt'epist-opus.
3253 5729 3358 5784 Τοῦ
3408 5729 3526 5780 υἱοῦ
3579 5729 3678 5795 τῆς

2103 5817 2326 5884 ἴΑμμας
2357 5812 2653 5881 Δαμιανῆς.
