4158 6536
578 389 637 456 ἶι
1514 398 1553 456 8
1637 398 2013 459 GREGORII
2047 396 2561 459 AGRIGENTINI
2599 396 2793 457 VlTA.

3697 389 3809 450 δ’ἵὲ

533 521 659 573 (μω
701 519 787 560 res
831 504 954 559 illos
982 505 1050 559 ad
1092 504 1284 561 laudes
1334 503 1446 559 Deo
1497 507 1798 565 reddendas
1828 510 2102 565 excitavit.

2211 510 2348 583 πρὸς
2409 508 2641 570 αὐτούς’
2712 508 2914 574 Ἀφετε
2973 501 3390 557 ἀναπαύσασθαι
3445 498 3534 554 τὸν
3605 498 3809 567 κύριον

541 603 645 652 tios
676 606 854 651 autem
889 607 1113 651 sanctus
1149 596 1445 667 Gregorius
1485 602 1787 667 admonuit,
1824 615 1885 655 ut
1916 603 2105 656 herum

534 704 697 746 suum
752 689 1033 755 quiescere
1079 690 1323 745 sinerent
1361 710 1374 744 :
1422 691 1536 760 ipse
1580 702 1791 747 noctem
1843 694 2105 764 reliquam

539 781 802 834 insomnis
822 781 1085 849 transegit
1115 780 1223 835 Deo
1258 784 1601 851 supplicans,
1634 794 1691 839 ut
1723 800 1929 854 aegrum
1960 786 2108 841 saui-

534 875 633 930 tati
665 875 995 937 restitueret,
1026 884 1188 943 atque
1219 877 1272 928 in
1307 876 1389 927 his
1421 878 1673 944 precibus
1712 893 1886 946 usque
1916 878 1982 931 ad
2012 894 2107 932 au-

536 982 715 1020 roram
764 967 1150 1036 perseveravit.
1205 966 1447 1021 Subinde
1498 969 1765 1022 matutina
1812 970 2107 1039 psalmodia

539 1061 812 1121 inchoata,
862 1060 963 1113 sub
1010 1059 1170 1112 linem
1206 1059 1645 1130 quinquagesimi
1694 1062 1926 1130 psalmi,
1976 1062 2103 1115 dum

534 1162 762 1205 sanctus
802 1152 884 1205 vir
938 1152 1063 1204 thus
1098 1149 1211 1220 (8‘2)
1247 1151 1489 1205 adoleret
1524 1152 1661 1219 (85),
1702 1153 1904 1206 exsiliit
1951 1168 1981 1207 e
2030 1153 2101 1206 le-

537 1252 624 1297 rto
649 1244 974 1306 Marcianus,
1000 1257 1063 1296 ac
1087 1242 1303 1296 beatum
1325 1244 1499 1295 virum
1524 1245 1925 1313 contemplatus
1945 1260 2108 1313 agno-

537 1336 659 1388 vit:
696 1335 876 1402 itaque
934 1350 1230 1389 accurrens
1263 1347 1327 1386 ac
1386 1334 1551 1403 pedes
1595 1336 1713 1403 ejus
1766 1337 2104 1403 complexus,

534 1424 783 1479 osculum
816 1424 897 1478 his
927 1424 1094 1487 dedit,
1131 1424 1417 1494 ipsumque
1441 1426 1677 1479 adorans
1700 1426 1775 1478 ait
1807 1442 1820 1477 :
1857 1426 1971 1495 Ago
1996 1426 2107 1480 Deo

538 1516 739 1585 gratias
768 1530 859 1584 per
890 1525 960 1579 te,
990 1514 1147 1570 Pater
1174 1516 1382 1581 sancte,
1410 1517 1500 1585 qui
1538 1518 1644 1571 tuis
1674 1516 1927 1585 precibus
1975 1532 2107 1571 exo-

535 1618 687 1663 ratus
743 1623 828 1661 me
861 1607 1172 1660 valetudine
1206 1611 1411 1660 donare
1456 1608 1714 1676 dignatus
1758 1618 1864 1663 est.
1910 1607 2107 1661 Mansit

540 1708 666 1746 vero
695 1694 834 1761 apud
864 1709 986 1746 eum
1021 1692 1330 1747 Marcianus
1348 1709 1471 1747 cum
1494 1696 1676 1763 pueris
1703 1697 1841 1758 suis,
1871 1712 1933 1749 ac
1962 1696 2107 1764 psal-

538 1802 654 1840 neos
682 1786 842 1838 simul
876 1786 1144 1848 cecinere,
1181 1795 1236 1839 et
1258 1786 1536 1839 Servatori
1568 1787 1813 1839 onmium
1846 1787 1953 1841 Deo
1984 1788 2102 1840 lau-

536 1878 630 1932 des
659 1877 985 1930 tribuerunt.
1020 1874 1264 1947 [tum]
1300 1875 1396 1930 llis
1438 1878 1675 1945 peractis
1711 1894 1834 1932 cum
1867 1879 2104 1933 assedis-

536 1978 677 2033 sent,
701 1978 753 2023 et
780 1970 1087 2025 Marcianus
1118 1970 1431 2033 miraretur,
1459 1972 1603 2039 quod
1634 1981 1854 2026 sanctus
1886 1974 1967 2025 vir
1993 1982 2101 2025 tam

536 2062 827 2115 tenebroso
870 2061 922 2114 in
976 2061 1094 2115 loco
1150 2060 1445 2114 conclusus
1482 2061 1695 2129 fuisset,
1738 2080 1927 2129 rogare
1976 2080 2100 2117 eum

532 2151 828 2219 Gregorius
857 2152 935 2203 sic
962 2150 1125 2219 coepit
1158 2168 1173 2203 :
1222 2149 1512 2215 Quomodo
1554 2162 1605 2206 te
1655 2154 1842 2217 habes,
1880 2154 2103 2209 Domine

506 2242 806 2301 Marciane
835 2243 1033 2296 Christi
1064 2246 1399 2321 serveiqui
1449 2256 1633 2300 nostra
1679 2263 1842 2302 causa
1893 2256 2101 2302 tantum

531 2336 743 2388 itineris
782 2335 1098 2403 susceperis
1149 2352 1271 2389 cum
1328 2339 1690 2394 sanctissimis
1722 2340 1992 2411 episcopis
2032 2344 2103 2397 ob

529 2428 761 2480 crimina
792 2442 911 2481 mea
949 2439 1127 2481 tecum
1164 2428 1558 2485 laborantibus.
1582 2430 1682 2485 Cui
1707 2432 1795 2485 ille
1827 2450 1839 2484 :
1874 2432 2036 2499 Bene,
2067 2450 2101 2489 ο

534 2519 641 2571 Deo
671 2520 851 2580 chare,
888 2534 953 2571 ex
991 2518 1092 2571 hac
1118 2519 1248 2572 hora
1285 2535 1378 2587 per
1411 2531 1531 2575 tuas
1559 2537 1763 2589 preces.

605 2605 789 2662 LXIX.
832 2608 901 2661 At
934 2623 1063 2662 vero
1089 2607 1329 2663 Orientis
1360 2611 1621 2679 episcopi,
1666 2612 1758 2680 qui
1801 2628 1922 2666 cum
1961 2613 2101 2668 Mar-

527 2700 689 2751 ciano
731 2710 1011 2763 venerant,
1053 2702 1219 2755 sirnul
1253 2713 1415 2770 atque
1461 2703 1770 2771 experrecti
1806 2704 1975 2768 luere,
2003 2708 2102 2759 do-

531 2807 706 2853 mum,
751 2792 803 2845 in
853 2808 961 2862 qua
1004 2795 1321 2862 spatharius
1372 2794 1754 2858 decumhebat,
1798 2797 2095 2853 adierunt:

530 2899 640 2951 quo
671 2899 777 2937 non
810 2884 1053 2948 invento,
1087 2884 1283 2940 faciem
1315 2886 1417 2941 sibi
1450 2888 1677 2940 tundere
1706 2898 2019 2956 empcrunt,
2047 2899 2102 2945 et

533 2971 644 3026 Heu
672 2973 931 3037 clamare,
959 2974 1089 3043 quid
1117 2975 1318 3030 factum
1347 2984 1432 3029 est
1452 2976 1543 3043 qui
1564 2975 1845 3029 nobiscum
1880 2977 1985 3031 huc
2014 2992 2104 3031 ve-

531 3065 646 3117 nit?
675 3065 847 3130 Qnam
874 3067 1285 3121 excusationem
1309 3066 1534 3122 domino
1570 3077 1757 3121 nostro
1789 3068 2098 3137 imperatori

2211 601 2385 670 ὑμῶν.
2424 600 2613 652 Πᾶσαν
2648 596 2706 649 δέ
2734 595 2833 666 τὴν
2863 594 3033 647 νύκτα
3059 594 3261 654 ἄϋπνος
3287 590 3514 645 διετέλει
3543 606 3806 660 προσευ-

2209 693 2439 761 χόμενος
2488 688 2566 759 τῷ
2596 687 2736 757 Θεῷ,
2766 687 2913 749 ὅπως
2966 685 3129 739 αὐτὸν
3194 685 3451 753 ἰάσηται·
3504 682 3692 735 ταῦτα
3745 680 3807 732 δὲ

2210 784 2462 851 ἐποίησεν
2491 782 2597 844 ’ἐως
2624 779 2845 849 ὄρθρου.
2882 778 3207 848 Ἀρξάμενοι
3233 776 3290 828 δέ
3316 774 3411 828 τοῦ
3441 773 3675 828 ἑωθινοῦ
3706 772 3806 841 δρο

2210 874 2364 943 θρου,
2398 873 2492 925 καὶ
2521 873 2601 935 είς
2622 872 2682 923 τὸ
2712 871 2865 933 τέλος
2886 871 2979 923 τοῦ
3004 867 3391 939 πεντηκοστοῦ,
3425 865 3806 934 θυμιάξοντος

2207 966 2303 1019 τοῦ
2340 965 2521 1034 ἁγίου,
2556 964 2909 1034 ἀπεπήδησεν
2954 963 3063 1015 ἀπὸ
3105 963 3203 1031 τῆς
3243 960 3450 1028 κλίνης,
3484 960 3581 1012 καὶ
3615 975 3802 1009 κατα-

2208 1056 2405 1129 νοήσας
2450 1057 2539 1110 τὸν
2592 1056 2861 1125 μακάριον
2905 1058 2933 1108 6
2969 1054 3284 1123 Μαρκιανὸς
3319 1053 3534 1120 ἐπέγνω
3578 1050 3758 1103 αὐτόν
3786 1065 3799 1077 ·

2210 1151 2303 1203 καὶ
2332 1147 2556 1221 δραμὼν
2582 1150 2888 1219 ἐκράτησεν
2914 1146 3078 1199 αὐτοῦ
3106 1146 3231 1209 τοὺς
3266 1144 3454 1207 πόδας,
3482 1142 3574 1195 καὶ
3610 1156 3801 1211 προσ-

2208 1244 2470 1311 εκύνησεν
2512 1240 2661 1310 αὐτῷ
2702 1238 3014 1307 κατατιλῶν
3053 1238 3248 1300 αὐτοὺς
3293 1236 3387 1289 καὶ
3428 1236 3605 1303 λέγων
3634 1252 3647 1265 ·
3700 1232 3803 1283 Εὐ-

2209 1334 2450 1404 χαριστῶ
2479 1333 2555 1403 τῷ
2581 1331 2699 1401 Θεῷ
2724 1332 2811 1384 διὰ
2840 1330 2954 1394 σοῦ,
2992 1330 3175 1399 Πάτερ
3209 1329 3353 1397 ἅγιε,
3377 1328 3405 1380 6
3434 1324 3801 1392 καταξιώσας

2212 1444 2280 1495 με
2305 1426 2392 1479 διὰ
2422 1426 2533 1478 τῶν
2564 1424 2738 1495 εὐχῶν
2771 1441 2865 1476 σου
2898 1425 3082 1492 τυχεῖν
3113 1421 3350 1491 ῥώσεως.
3386 1421 3555 1489 Ἕστη
3592 1418 3655 1471 δὲ
3696 1418 3800 1469 σὺν

2207 1518 2358 1587 αὐτῴ
2382 1519 2411 1569 6
2440 1517 2760 1589 Μαρκιανὸς
2788 1516 2905 1587 ἃμα
2942 1514 3050 1567 τῶν
3086 1513 3386 1583 παιδαρίων
3413 1510 3604 1569 αὐτοῦ,
3650 1509 3799 1578 ψάλ-

2207 1612 2389 1673 λοντες
2421 1612 2534 1679 ἅμα
2564 1612 2658 1664 καὶ
2692 1606 3141 1679 εὐχαριστοῦντες
3164 1605 3243 1673 τῷ
3270 1605 3485 1674 Σωτῆρι
3513 1602 3627 1655 τῶν
3653 1602 3799 1654 δλων

2207 1701 2348 1770 Θεῷ.
2405 1700 2708 1769 Γενομένης
2754 1700 2809 1751 δὲ
2856 1697 3171 1759 ἀπολύσεως
3219 1694 3621 1762 ἐκαθέσθησαν.
3682 1692 3799 1744 Καὶ

2208 1788 2517 1859 ἐθαύμασεν
2564 1790 2591 1839 ό
2630 1787 2964 1857 Μαρκιανὸς,
3006 1789 3062 1839 ὲν
3095 1786 3233 1855 ποίῳ
3261 1786 3409 1855 τόπῳ
3441 1782 3681 1853 σκοτινῷ
3727 1778 3799 1853 ἦν

2208 1880 2594 1949 κεκλεισμένος
2645 1880 2673 1930 6
2726 1879 2898 1946 ἆγιος.
2930 1873 3062 1928 Εἶτα
3090 1876 3237 1944 λέγει
3288 1875 3367 1945 τῷ
3397 1873 3714 1944 Μαρκιανῷ
3768 1876 3797 1927 6

2206 1972 2389 2037 ἅγιος·
2424 1968 2729 2037 [1ὦςὲχεις,
2760 1967 2885 2036 κύρι
2911 1966 3215 2038 Ἀῖαρκιανέ,
3243 1964 3395 2017 δοῦλε
3425 1964 3670 2035 Χριστοῦ
3701 1982 3716 2029 ;
3767 1967 3796 2016 6

2202 2060 2267 2113 δι’
2308 2060 2456 2130 ἡμᾶς
2510 2062 2762 2112 τοσοῦτον
2811 2059 2985 2129 μῆκος
3041 2057 3163 2111 ὀδοῦ
3220 2058 3476 2120 διανύσας
3520 2059 3642 2128 ἅμα
3680 2058 3796 2109 τῶν

2204 2151 2526 2218 ἁγιωτάτων
2576 2150 2891 2202 ἐπισκόπων
2929 2148 3038 2201 τῶν
3088 2149 3184 2202 σὺν
3236 2151 3318 2200 σοι
3363 2148 3453 2205 διὰ
3498 2148 3597 2211 τὰς
3644 2148 3792 2219 ἐμὰς

2206 2241 2481 2311 ἁμαρτίας
2531 2241 2914 2303 κοπιάσαντες.
2970 2239 3133 2306 Λέγει
3187 2238 3336 2308 αὐτῷ
3364 2242 3392 2292 6
3424 2239 3751 2308 Μαρκιανός
3776 2255 3789 2267 ·

2204 2332 2398 2395 Καλῶς
2443 2331 2551 2385 ἀπὸ
2587 2330 2682 2384 τοῦ
2721 2330 2837 2395 νῦν,
2868 2332 2990 2400 ἆγιε
3031 2331 3124 2384 τοῦ
3154 2331 3313 2393 Θεοῦ,
3348 2332 3440 2384 δια
3468 2331 3573 2383 τῶν
3604 2331 3791 2400 εὐχῶν

2202 2441 2319 2477 σου.

2269 2624 2390 2678 ΞΘ’.
2426 2625 2780 2685 ’Δναστὰντες
2804 2618 2899 2676 οὖν
2935 2623 2983 2674 οί
3008 2620 3109 2690 τῆς
3138 2622 3429 2692 Ἀνατολῆς
3460 2620 3787 2683 ἐπίσκοποι,

2199 2719 2249 2768 οἱ
2283 2716 2712 2786 παραγενόμενοι
2757 2716 2896 2786 μετὰ
2938 2715 3031 2767 τοῦ
3062 2714 3404 2784 Μαρκιανοῦ,
3440 2714 3691 2785 ἀπῆλθον
3726 2716 3787 2765 ἐν
3822 2712 3829 2721 ’

2199 2808 2277 2877 τῷ
2298 2811 2451 2878 οίκῳ,
2487 2810 2544 2861 ἐν
2568 2801 2612 2874 ᾧ
2638 2805 2705 2876 ἦν
2738 2809 2767 2860 6
2791 2807 3095 2876 σπαθάριος
3119 2823 3133 2836 ⁶
3163 2808 3260 2860 καὶ
3294 2807 3371 2878 μὴ
3402 2806 3656 2876 εὑρόντες
3688 2806 3789 2860 αὐ-

2199 2897 2311 2959 τὸν,
2342 2898 2579 2967 ῆρξαντο
2606 2894 2831 2947 τύπτειν
2854 2894 2921 2946 τὰ
2952 2894 3221 2963 πρόσωπα
3251 2892 3463 2945 ἑαυτῶν
3494 2892 3785 2960 λέγοντεςο

2202 2987 2267 3039 Τί
2294 2987 2519 3054 γέγονεν
2552 2987 2703 3055 ἡμῖν,
2734 2984 2838 3037 ποῦ
2870 2986 2896 3037 6
2930 2985 3026 3036 σὺν
3055 2985 3188 3053 ἡμῖν
3226 2979 3536 3048 κατελθὼν;
3566 2979 3621 3032 τί
3648 2980 3783 3033 ἀποι

2201 3079 2332 3149 λογη
2344 3078 2547 3148 σόμεθα
2567 3077 2646 3146 τῷ
2674 3078 2847 3146 κυρίῳ
2880 3077 2912 3146 ἡ
2923 3074 3038 3145 μῶν
3059 3074 3136 3145 τῷ
3161 3074 3374 3145 βασιλεῖ
3406 3072 3534 3142 περὶ
3565 3067 3664 3124 τοῦ
3686 3071 3791 3123 ἀνι-

528 3154 835 3220 aﬂ‘eremns,
862 3156 955 3225 qui
980 3156 1158 3211 virum
1186 3158 1333 3212 hunc
1360 3158 1521 3212 unice
1561 3160 1816 3213 amabat?
1846 3161 1981 3214 Ecce
2006 3177 2099 3215 ve-

2205 3172 2328 3241 δρὸς
2355 3171 2451 3224 τοῦ
2491 3171 2642 3232 ὄντος
2690 3168 2855 3222 αὐτοῦ
2889 3167 3209 3235 ἁγαπητοῦ;
3246 3166 3355 3219 Καὶ
3401 3166 3511 3218 ἰδοὺ
3556 3159 3637 3225 εἷς
3660 3161 3773 3214 τῶν

530 3262 592 3300 ro
618 3261 901 3301 servorum
948 3264 1090 3303 unus
1114 3265 1144 3302 e
1176 3265 1401 3304 carcere
1437 3250 1708 3312 veniebat,
1744 3252 1834 3319 qui
1880 3253 1959 3306 sic
1991 3254 2106 3321 epi-

528 3354 725 3408 sc0pos
756 3339 950 3395 affatus
974 3352 1056 3395 est
1085 3360 1097 3394 :
1126 3340 1202 3395 Ne
1233 3357 1329 3397 vos
1365 3341 1590 3396 maerori
1624 3343 1857 3409 dedatis,
1892 3344 2102 3398 domini

533 3431 671 3497 mei;
709 3431 874 3486 herus
919 3433 1120 3502 quippe
1171 3448 1346 3496 meus,
1387 3433 1573 3486 divino
1608 3449 1835 3488 munere
1862 3450 1958 3503 per
1985 3437 2103 3504 pias

533 3539 721 3590 preces
754 3525 931 3578 sancti
968 3526 1115 3579 illius
1144 3524 1381 3594 episcopi
1425 3524 1659 3594 hospitis
1710 3526 1799 3580 hic
1840 3526 1892 3578 in
1923 3536 2106 3580 custo-

529 3617 674 3670 diam
702 3618 911 3679 ll‘atllli,
943 3616 1103 3686 cujus
1135 3632 1358 3672 causam
1399 3632 1496 3671 vos
1533 3617 1639 3671 huc
1674 3618 1979 3686 jndicatum
2014 3636 2105 3673 ve-

532 3709 712 3773 nistis,
735 3710 1025 3763 sanitatem
1048 3710 1275 3777 recepit,
1294 3718 1349 3762 et
1377 3724 1499 3762 cum
1528 3710 1646 3777 ipso
1678 3711 1733 3764 iu
1754 3726 1976 3765 carcere
1998 3721 2101 3775 est,

533 3818 631 3854 nec
666 3801 735 3853 ab
765 3817 830 3854 eo
856 3802 1067 3869 sejuugi
1108 3802 1241 3855 vult.
1289 3800 1384 3856 His
1427 3801 1648 3865 auditis,
1692 3813 1745 3855 et
1771 3803 1959 3871 gratiis
1996 3803 2104 3858 Deo

531 3890 669 3944 actis
712 3890 963 3943 celeriter
1008 3905 1241 3959 puerum
1292 3900 1637 3960 sequuuntur
1677 3892 1915 3963 episcopi
1944 3902 2105 3961 atque

529 3982 596 4034 ad
623 3996 900 4036 carcerem
940 3984 1183 4037 veniunt.
1216 3983 1290 4040 Ut
1314 3984 1505 4053 pedem
1552 3985 1804 4051 intulere,
1843 3998 2095 4040 sanctum

529 4073 854 4145 Gregorium
912 4075 1222 4142 inveniunt,
1254 4086 1308 4132 et
1360 4093 1484 4132 cum
1523 4080 1704 4149 pueris
1745 4078 2102 4145 Marcianum,

527 4167 620 4235 qui
642 4168 804 4221 tundo
832 4167 1073 4221 animam
1098 4168 1313 4236 agebat,
1356 4170 1708 4225 incolumem.
1736 4169 2101 4241 Coutemplati

528 4272 657 4310 vero
679 4257 1024 4326 Gregorium,
1056 4269 1416 4328 agnoverunt.
1464 4271 1517 4314 et
1543 4261 1609 4314 ad
1647 4261 1807 4329 pedes
1841 4262 1960 4331 ejus
1993 4271 2104 4317 sta-

530 4348 624 4401 tim
657 4349 949 4415 provoluti,
984 4348 1062 4403 sic
1101 4365 1226 4403 eum
1254 4350 1698 4418 compellarunt:
1735 4350 1871 4407 Vere
1912 4365 1964 4405 tu
2001 4352 2103 4407 Do-

531 4439 678 4490 mino
697 4448 955 4507 acceptus
972 4456 1050 4497 es.
1071 4440 1512 4508 quandoquidem
1543 4441 1755 4496 Domini
1778 4445 1951 4498 nostri
1972 4443 2099 4499 Jesu

2209 3262 2512 3332 παιδαρίων
2536 3260 2871 3329 παρεγένετο
2902 3261 2966 3311 ἐκ
3000 3259 3098 3327 τῆς
3130 3258 3395 3326 φυλακῆς,
3428 3257 3521 3308 καὶ
3542 3257 3785 3323 ἁποκρι·

2208 3348 2321 3412 θεὶς
2361 3350 2509 3417 λέγει
2558 3351 2670 3410 τοῖς
2725 3348 3045 3409 ἐπισκόποις
3072 3363 3086 3377 ·
3121 3346 3213 3415 Μὴ
3260 3344 3558 3415 λυπηθῆτε,
3599 3342 3785 3411 κύριοί

2210 3457 2337 3508 μου,
2364 3441 2444 3493 ὅτι
2494 3440 2581 3491 διὰ
2626 3440 2718 3492 τοῦ
2747 3438 2881 3491 Θεοῦ
2929 3438 2957 3489 ὁ
2999 3436 3187 3507 κύριός
3218 3454 3317 3506 μου
3357 3436 3443 3489 διὰ
3473 3436 3580 3488 τῶν
3609 3434 3786 3501 ἁγίων

2206 3531 2381 3599 εὐχῶν
2416 3532 2507 3583 τοῦ
2538 3531 2693 3597 ἁγίου
2723 3529 3023 3582 ἐπισκόπου
3052 3529 3261 3581 ἐκείνου
3299 3527 3394 3579 τοῦ
3430 3526 3579 3587 ὄντος
3615 3528 3675 3577 ἐν
3712 3529 3781 3594 τῇ

2208 3624 2416 3691 φυλακῇ
2458 3622 2550 3673 τοῦ
2596 3622 2769 3688 ξένου,
2816 3621 2883 3673 δι’
2920 3620 2981 3673 ὃν
3015 3619 3383 3691 παρεγένεσθε
3423 3617 3652 3670 ἐνταῦθα
3686 3618 3781 3670 τοῦ

2206 3714 2390 3782 κρίναι
2420 3713 2603 3775 αὐτὸν,
2636 3713 2796 3783 ὑγιὴς
2823 3712 3070 3780 γέγονεν,
3113 3712 3208 3764 καὶ
3236 3711 3332 3763 σὺν
3360 3708 3506 3778 αὐτῷ
3536 3710 3686 3777 μένει
3723 3712 3781 3759 ἐν

2204 3807 2269 3875 τῇ
2305 3805 2541 3874 φυλακῇ,
2572 3805 2664 3857 καὶ
2690 3805 2751 3855 οὐ
2785 3803 3032 3873 βούλεται
3062 3804 3218 3856 ἐάσαι
3267 3802 3444 3856 αὐτόν,
3495 3799 3681 3853 Ταῦτα
3724 3800 3783 3851 δὲ

2205 3896 2537 3959 ἀκούσαντες
2565 3900 2616 3949 οἱ
2648 3896 2935 3949 ἐπίσκοποι
2962 3895 3361 3965 εὐχαρίστησαν
3392 3892 3469 3963 τῷ
3502 3892 3619 3962 Θεῴ
3643 3908 3657 3923 ο
3686 3893 3783 3944 καὶ

2205 3989 2591 4059 διαδραμόντες
2637 3990 2733 4041 σὺν
2762 3988 2842 4056 τῷ
2878 3988 3169 4058 παιδαρίῳ,
3200 3982 3362 4057 ἦλθον
3394 3985 3497 4049 ἕως
3542 3985 3640 4053 τῆς
3682 4001 3784 4052 φυ-

2204 4082 2416 4149 λακῆς’
2479 4082 2575 4132 καὶ
2628 4080 2962 4141 εἰσελθόντες
3004 4080 3062 4131 ἐν
3104 4081 3170 4148 τῇ
3219 4077 3430 4147 φυλακῇ
3477 4070 3633 4146 εὖρον
3690 4075 3780 4127 τὸν

2206 4172 2360 4240 ἆγιον
2394 4171 2694 4241 Γρηγόριον
2726 4170 2821 4223 καὶ
2853 4169 2945 4223 τὸν
2972 4169 3289 4239 Μαρκιανὺν
3315 4168 3411 4220 σὺν
3444 4167 3552 4220 τῶν
3580 4168 3779 4220 παιδα-

2207 4263 2334 4329 ρίων
2385 4262 2571 4327 αὐτοῦ,
2608 4263 2701 4315 καὶ
2737 4261 2827 4313 τὸν
2872 4259 3003 4312 ποτὲ
3050 4258 3495 4328 δαιμονιζόμενον
3537 4256 3777 4309 ίαθέντα.

2204 4357 2314 4408 Καὶ
2343 4355 2538 4417 ἰδόντες
2567 4354 2882 4419 ἐπέγνωσαν
2912 4352 3094 4417 αὐτὸν,
3134 4351 3227 4403 καὶ
3252 4350 3553 4420 δραμόντες
3582 4349 3780 4401 ἔπεσον

2204 4448 2352 4516 παρὰ
2380 4448 2503 4509 τοὺς
2533 4447 2701 4509 πόδας
2737 4443 2925 4508 αὐτοῦ,
2960 4443 3211 4511 λέγοντες
3242 4440 3389 4510 αὐτῴ
3408 4456 3422 4470 ·
3468 4439 3780 4509 Εὐλογημέο

527 4529 727 4583 Christi
756 4530 924 4599 gratia
944 4539 994 4583 et
1012 4532 1183 4586 sancti
1210 4530 1447 4600 Spiritus
1465 4547 1586 4599 ope,
1607 4532 1935 4589 insanabiles
1954 4552 2100 4589 mor-

2204 4556 2288 4601 vo;
2315 4534 2365 4590 εἷ
2402 4539 2466 4591 σὺ
2492 4537 2567 4607 τῷ
2602 4536 2809 4607 Κυρίῳ,
2841 4536 2924 4588 δτι
2955 4535 3043 4587 διὰ
3071 4535 3170 4604 τῆς
3196 4533 3416 4603 χάριτος
3447 4531 3540 4584 τοῦ
3570 4532 3779 4601 Κυρίου

530 4620 630 4675 hos
646 4634 839 4673 curare
858 4630 1028 4687 poles.
1053 4620 1264 4686 Quibus
1297 4621 1415 4675 ille:
1447 4619 1663 4675 Salvete
1687 4632 1740 4676 et
1759 4638 1876 4687 vos,
1896 4624 2094 4692 inquit,

534 4711 764 4765 Domino
798 4717 1061 4779 prapitio,
1093 4726 1308 4776 omnes,
1345 4726 1378 4764 ο
1413 4712 1715 4775 catholicae,
1752 4728 1915 4783 quam
1955 4716 2097 4769 Deus

530 4820 691 4857 unam
716 4813 882 4869 amat,
911 4803 1167 4856 Ecclesia:
1210 4803 1482 4857 columna:
1511 4812 1673 4871 atque
1710 4804 1891 4860 bases.
1918 4804 2099 4872 Quor-

530 4910 649 4949 sum
672 4903 880 4948 tantum
903 4893 1272 4947 molestiarum
1310 4901 1496 4947 nostra
1544 4907 1709 4946 causa
1738 4897 2097 4965 suscepistis?

530 4986 698 5041 Nobis
723 4985 968 5055 quidem,
1002 4999 1036 5039 ο
1066 4984 1293 5049 domini,
1328 4983 1465 5039 satis
1496 4993 1615 5037 erat
1655 4982 1921 5053 judicium
1955 4988 2095 5056 ejus,

599 5146 717 5219 (82)
731 5142 1217 5219 Prtetersacriticii
1239 5152 1475 5219 tempus,
1494 5142 1678 5219 thuris
1697 5144 1945 5219 adolendi
1972 5161 2100 5199 con-

530 5215 870 5273 suetudinem
917 5215 1221 5267 obtinuisse
1270 5215 1433 5267 etiam
1475 5215 1603 5267 dum
1652 5215 1951 5282 psalmodia
1984 5232 2101 5284 per-

530 5298 802 5357 ageretur,
824 5286 1028 5338 indicat
1042 5300 1259 5357 quoque
1275 5284 1511 5357 Cyrillus
1534 5285 2014 5357 Scythopolitanus
2045 5290 2097 5341 iu

535 5353 652 5411 Vita
709 5356 864 5409 Salue
916 5360 995 5417 (ιι.
1024 5356 1113 5416 45,
1162 5353 1522 5423 Αρωίίϐοιρι.
1558 5353 1754 5422 ι.⁷ΙΙι)ἐ
1789 5356 1897 5408 Καὶ
1939 5359 2099 5423 γνοὺς

531 5430 694 5481 πόθεν
742 5431 770 5481 6
815 5427 915 5493 τῆς
952 5425 1269 5495 ψαλμῳδίας
1295 5422 1447 5496 ἦχος,
1478 5426 1751 5491 ἐξυπνίζει
1778 5424 1871 5477 τὸν
1912 5422 2103 5480 κανον-

532 5500 738 5568 ἀρχην,
784 5498 877 5568 καὶ
942 5499 1086 5549 ποιεῖ
1129 5496 1291 5568 αὐτδν
1336 5496 1604 5564 κροῦσαι·
1651 5497 1745 5549 καὶ
1781 5496 2099 5568 ἀπέρχεται

534 5566 673 5635 μετὰ
714 5567 1149 5634 θυμιάματος....
1207 5566 1273 5620 Et
1330 5567 1622 5637 intelligens
1682 5567 1819 5619 unde
1875 5569 2103 5620 oriretur

532 5638 843 5703 psalmodia:
874 5652 1051 5698 sonus,
1084 5640 1465 5690 canonarcltam
1494 5638 1867 5707 expergefacit.
1898 5654 1959 5689 ac
1982 5637 2101 5706 pul-

533 5723 652 5760 sare
674 5708 863 5771 jubet;
904 5716 1013 5759 tum
1045 5709 1155 5759 abit
1201 5725 1318 5760 cum
1355 5708 1663 5775 tiu/linteata.
1697 5708 1837 5773 Quin
1871 5718 1923 5760 et
1955 5707 2099 5760 Lati-

537 5792 729 5831 norum
763 5778 898 5833 ritus
931 5778 1016 5832 hic
1046 5780 1496 5847 fuit.quanquam
1533 5780 1706 5831 rarius
1760 5795 1921 5844 qttam
1954 5785 2095 5847 apul

2199 4624 2356 4693 ἡμῶν
2401 4623 2576 4691 Ἰησοῦ
2630 4622 2867 4693 Χριστοῦ
2920 4626 3013 4675 καὶ
3052 4625 3119 4693 τῇ
3171 4622 3458 4690 συνεργείᾳ
3491 4620 3583 4672 τοῦ
3619 4620 3777 4688 ἁγίου

2199 4714 2515 4784 Πνεύματος
2566 4714 2891 4783 θεραπεύειν
2920 4714 3219 4784 δυνάμενος
3262 4712 3410 4780 πάθη
3459 4712 3674 4765 ἀνίατα.
3723 4712 3778 4761 ὐ

2197 4808 2253 4860 δὲ
2299 4808 2433 4878 πρὸς
2473 4807 2669 4871 αὐτοὺς
2714 4806 3051 4877 ἀπεκρίνατο
3075 4823 3087 4835 °
3122 4807 3359 4877 Χαίρετε
3399 4804 3494 4856 καὶ
3526 4803 3686 4871 ὑμεῖς
3720 4805 3776 4854 ἐν

2201 4904 2391 4972 Κυρίῳ
2420 4902 2621 4965 πάντες
2644 4902 2693 4954 οἱ
2718 4902 2899 4955 στόλοι
2926 4903 3021 4955 καὶ
3054 4901 3332 4970 ἑδραίωμα
3356 4902 3452 4969 τῆς
3481 4897 3776 4965 καθολικῆς

2200 4996 2295 5048 καὶ
2319 4996 2488 5065 μόνης
2516 4994 2610 5047 τοῦ
2644 4993 2777 5046 Θεοῦ
2814 4992 3158 5063 Ἑκκλησίας.
3193 4990 3258 5044 Τί
3290 4989 3604 5061 ,ἐσκύλθητε
3638 4988 3776 5060 πρὸς

2202 5149 2424 5204 (ἔπερσε
2447 5160 2761 5215 usurpatus.
2789 5146 2949 5201 Liber
2970 5146 3302 5200 Pontiﬁcalis
3337 5147 3388 5198 in
3417 5144 3694 5215 Stephano
3732 5143 3769 5195 V

2202 5223 2279 5288 (ιι.
2330 5221 2437 5289 10),
2492 5213 2603 5273 hzec
2648 5220 2847 5271 habet:
2888 5218 3021 5271 Cum
3064 5218 3120 5269 in
3164 5218 3388 5269 basilica
3437 5216 3575 5268 beati
3630 5213 3770 5289 Petri

2200 5291 2559 5359 apostolorum
2585 5290 2859 5359 principis,
2889 5290 2979 5341 ubi
3009 5304 3158 5341 sacro
3190 5289 3296 5355 ipse
3326 5301 3539 5359 corpore
3572 5288 3769 5359 requie-

2200 5355 2325 5421 scit,
2354 5355 2594 5412 cerneret
2634 5359 2903 5412 nocturnis
2937 5359 3178 5411 laudibus
3221 5360 3303 5409 vix
3340 5355 3497 5409 semel
3544 5355 3768 5421 (Itymltt~

2203 5431 2359 5483 matis
2412 5431 2678 5482 incensum
2738 5429 2939 5496 offerri,
2988 5428 3239 5490 instituit,
3293 5437 3351 5478 ut
3384 5443 3475 5495 per
3534 5426 3768 5491 singulos

2203 5501 2445 5553 lectiones
2476 5511 2523 5551 et
2561 5502 2890 5565 responsoria
2929 5498 3225 5550 adolentur.
3260 5496 3426 5550 Porro
3464 5498 3769 5561 Stephanus

2204 5572 2576 5638 puntilicatum
2610 5570 2906 5621 maximum
2932 5570 3071 5634 cepit
3100 5582 3244 5620 anno
3272 5566 3395 5631 885,
3426 5578 3481 5621 at
3514 5567 3650 5619 ritus
3685 5566 3769 5615 illc

2200 5642 2407 5712 jannlju
2440 5641 2783 5712 aliquatenus
2810 5640 2995 5712 itrusu
3029 5650 3166 5712 erat_.

2277 5710 2387 5780 (85)
2419 5712 2550 5762 Lod.
2588 5708 2635 5771 l,
2666 5707 3034 5778 θαυμάζοντος
3069 5708 3162 5759 τοῦ
3183 5708 3360 5774 ἁγίου.
