4158 6566
416 372 522 436 673

1407 375 1466 432 S-
1507 372 1886 434 GREGORII
1920 375 2434 437 AGRIGENTINI
2468 377 2667 437 VITA.

3585 385 3697 447 674

417 485 514 554 τὴν
567 485 846 556 ἡμετέραν
895 485 1258 555 μετριότητα;
1319 487 1473 554 ἡμῖν,
1516 485 1798 552 δεσπόται,
1834 488 1995 558 ἢρκει

2099 487 2194 557 qui
2231 487 2597 558 apostolicum
2623 487 2712 544 hic
2751 488 2962 546 obtinet
2994 478 3276 559 thronum,
3312 494 3430 548 sive
3473 495 3561 550 ille
3588 499 3680 552 ab‘

419 577 511 632 καὶ
544 580 579 648 ἡ
611 577 792 647 κρίσις
835 576 930 630 τοῦ
962 578 1155 648 κυρίου
1212 594 1314 648 μου
1362 577 1458 631 τοῦ
1507 577 1601 632 τὸν
1644 579 2004 634 άποστολικδν

417 670 710 741 ἐπέχοντος
758 670 968 741 θρόνον,
1021 672 1054 742 ἢ
1090 671 1446 736 δικαιοῦντος,
1494 673 1528 744 ἢ
1580 673 2006 744 κατακρίνοντός

420 779 508 832 με.
558 763 975 836 ’Λποκριθέντες
1021 765 1080 817 δὲ
1113 766 1163 818 οἱ
1207 767 1519 830 ἐπίσκοποι,
1554 761 1744 820 εἷπον·
1790 767 2005 820 Γένοιτο

416 857 551 926 ἡμῖν
581 856 640 908 ὲν
672 858 755 909 σοὶ
799 859 1204 929 κατακριθῆναι
1233 861 1292 912 ὲν
1323 859 1509 930 ἡμέρᾳ
1534 860 1789 929 κρίσεως,
1821 861 2006 929 Πάτερ

418 947 563 1015 ἃγιε.
615 949 674 1001 '0
705 948 763 1002 δὲ
801 949 962 1004 πάλιν
989 951 1129 1021 πρὸς
1156 950 1357 1013 αὐτοὺς
1384 952 1751 1022 ἀπεκρίνατο·
1785 951 2005 1021 Συγχω-

423 1036 628 1107 ρήσατέ
664 1054 778 1106 μοι,
812 1039 1027 1110 Πάτρες
1061 1040 1227 1107 ἅγιοι,
1259 1039 1337 1110 τῷ
1368 1040 1697 1112 ἁμαρτωλῷ.
1733 1041 1920 1094 Ταῦτα
1947 1041 2006 1096 δὲ

419 1128 601 1182 αὐτῶν
640 1129 926 1192 εἰπόντων.
979 1131 1378 1202 ἐκαθέσθησαν,
1410 1134 1506 1186 καὶ
1539 1133 1864 1203 ἐθαύμασαν
1911 1135 2006 1193 κοιλ⁹

421 1221 577 1272 αὐτοὶ
597 1221 692 1273 τὸν
721 1221 894 1275 δεινὸν
916 1223 1084 1276 τόπον
1114 1227 1324 1278 ἐκεῖνον
1356 1224 1454 1278 τοῦ
1482 1225 1882 1296 δεσμωτηρίου,
1911 1226 2006 1280 καὶ

422 1308 593 1366 εἷπονο
623 1313 796 1378 Πόσος
821 1316 1013 1386 χρόνος
1035 1317 1206 1382 ἐστὶν,
1227 1318 1320 1386 ἀφ’
1339 1311 1403 1370 οῦ
1430 1317 1620 1372 ἐνθάδε
1645 1318 2004 1392 ὲδεσμεύθης,

417 1403 698 1469 δέσποτα;
748 1405 806 1458 '0
844 1407 901 1459 δὲ
937 1404 1090 1461 εἶπεν
1110 1424 1123 1437 ·
1155 1407 1317 1479 Διετῆ
1347 1410 1540 1480 χρόνον
1569 1411 1803 1466 ἐνταῦθα
1831 1411 2004 1483 ἐπλη-

426 1493 680 1566 ρὼσαμεν
715 1499 810 1550 καὶ
840 1500 1118 1572 τέσσαρας
1158 1503 1356 1572 μῆνας.
1391 1505 1453 1556 Οί
1503 1503 1561 1556 δὲ
1615 1505 2007 1577 ἠγανάκτησαν

423 1589 564 1641 κατὰ
595 1587 688 1641 τοῦ
721 1590 896 1654 πάπα,
923 1591 1005 1643 ὅτι
1039 1591 1297 1646 τοσοῦτον
1322 1594 1513 1664 χρόνον
1541 1595 1642 1650 οὐκ
1665 1597 2008 1669 ἐπεσκέψατο

421 1677 512 1730 τὸν
571 1679 860 1750 ἄνθρωπον
909 1682 1003 1734 τοῦ
1055 1683 1212 1748 Θεοῦ,
1261 1685 1384 1739 οὐδὲ
1432 1685 1596 1740 πάλιν
1633 1687 1910 1762 ἠϐουλήθη
1944 1690 2008 1744 τὸ

423 1767 662 1835 ἀσφαλὲς
694 1770 824 1838 περὶ
852 1770 1018 1824 αὑτοῦ
1056 1772 1373 1844 ἐρευνῆσαι.
1416 1775 1830 1848 Ἠϐουλὴθησαν
1870 1779 1927 1833 δὲ
1956 1781 2006 1833 οί

2105 579 2388 638 soluturus
2437 597 2526 637 me
2573 593 2756 648 esset,
2820 584 2938 640 sive
2995 587 3384 645 damnaturus.
3443 590 3692 663 Cumque

2103 671 2348 742 episcopi
2385 673 2800 742 respondissent
2827 686 3016 746 optare
3059 695 3137 744 se,
3191 690 3251 734 ut
3289 680 3342 736 in
3368 682 3560 750 judicii
3601 685 3694 739 die

2112 775 2324 830 parem,
2382 771 2547 830 atque
2577 764 2722 832 ipse,
2769 766 3096 822 sententiam
3137 769 3408 838 subirent,
3446 772 3533 826 hic
3558 788 3683 828 Con-

2107 864 2186 909 tra
2219 863 2483 922 rogasset,
2526 862 2587 908 ut
2616 856 2721 909 sibi
2799 856 3005 912 homini
3043 861 3277 916 scelesto
3323 863 3688 933 ignoscerent,

2105 959 2216 999 una
2257 959 2452 1000 omnes
2503 946 2898 1003 consederunt.
2953 946 3090 1004 Tum
3146 951 3247 1010 illi.
3288 955 3526 1009 carceris
3567 956 3692 1024 ejus

2106 1036 2364 1106 squalore
2379 1051 2488 1092 non
2513 1051 2706 1106 parum
2731 1038 3012 1106 commoti,
3039 1039 3450 1110 interregarunt
3472 1085 3486 1109 ,
3515 1060 3693 1114 quan-

2107 1127 2202 1181 diu
2238 1127 2438 1182 ibidem
2476 1127 2530 1181 in
2573 1128 2806 1182 vinculis
2845 1128 3079 1187 fuisset?
3114 1132 3316 1201 quibus
3346 1132 3642 1204 Gregorius
3668 1177 3689 1200 ,

2116 1214 2430 1281 Biennium,
2461 1215 2662 1286 inquit,
2697 1224 2751 1270 et
2781 1232 3001 1273 menses
3044 1229 3282 1288 quatuor
3314 1221 3404 1276 hic
3445 1223 3691 1292 implevi-

2108 1325 2250 1365 mus;
2290 1309 2371 1363 Illi
2408 1325 2540 1363 vero
2584 1309 2880 1379 indignari,
2919 1313 3066 1382 quod
3121 1314 3369 1382 pontifex
3413 1320 3686 1374 maximus

2106 1410 2217 1456 tam
2251 1402 2401 1471 pium
2433 1401 2712 1456 hominem
2738 1403 2927 1458 tandiu
2963 1405 3314 1473 neglexisset,
3346 1423 3446 1461 nec
3475 1410 3540 1462 de
3568 1425 3682 1478 per-

2107 1493 2406 1548 scrutanda
2435 1493 2666 1548 veritate
2692 1495 2992 1565 quidquam
3015 1496 3488 1553 laborasset.Cum
3503 1511 3688 1555 autem

2107 1592 2162 1638 et
2185 1584 2425 1654 episcopi
2451 1593 2504 1640 et
2530 1585 2839 1640 Marcianus
2892 1587 3071 1656 ipsum
3130 1604 3162 1642 e
3204 1603 3427 1644 carcere
3457 1594 3692 1646 educere

2109 1677 2455 1742 statuissent,
2489 1692 2598 1732 non
2633 1676 2757 1731 tulit
2792 1677 2906 1746 (84)
2930 1677 3245 1748 Gregorius,
3273 1695 3476 1751 eosque
3495 1682 3576 1738 sic
3607 1687 3691 1737 al-

2108 1769 2328 1824 locutus
2361 1781 2447 1824 est
2479 1787 2493 1823 :
2525 1769 2666 1824 Num
2707 1785 2803 1840 par
2831 1780 2937 1836 est,
2990 1781 3284 1842 antequam
3335 1787 3692 1831 accusatores

423 1859 716 1916 ἐπίσκοποι
747 1863 841 1916 καὶ
865 1865 893 1916 6
921 1866 1238 1937 Μαρκιανὸς
1263 1868 1492 1939 ἐκεάλαι
1515 1871 1680 1925 αὑτὸν
1702 1875 1766 1926 ἐκ
1787 1875 1891 1945 τῆς
1911 1893 1995 1945 φυ-

2113 1863 2221 1917 mei
2263 1862 2604 1925 advenerint,
2655 1871 2710 1918 et
2737 1878 2903 1924 causa
2951 1864 3108 1920 vobis
3163 1880 3280 1920 mea
3335 1867 3552 1936 cognita
3591 1869 3684 1927 sit.

425 1951 622 2022 λακῆς.
659 1954 722 2008 ’0.
749 1956 805 2008 δὲ
833 1957 935 2009 οὐκ
962 1957 1222 2027 ἠνέσχετο
1250 1959 1343 2012 ὑπ’
1370 1961 1572 2028 αὐτῶν,
1601 1963 1716 2016 ἀλλ’
1743 1962 1896 2018 εἶπεν
1919 1967 2011 2020 αὐ-

424 2047 538 2109 τοῖς
560 2061 574 2074 ⁸
610 2047 756 2110 Ἕως
807 2042 870 2102 οῦ
907 2050 1287 2105 καταλάὸωσιν
1333 2054 1384 2104 οἱ
1412 2055 1710 2125 κατήγοροί
1757 2073 1882 2126 μου,
1915 2060 2009 2112 καὶ

428 2138 575 2210 ίδητε
602 2139 671 2193 τά
701 2140 822 2193 κατ’
853 2142 974 2211 ἐμὲ,
1008 2143 1126 2205 πῶς
1162 2143 1386 2198 δυνατόν
1431 2147 1578 2199 ἐστιν
1612 2148 1871 2215 ἐξελθεῖν,
1905 2151 2008 2205 πά-

424 2228 508 2282 λιν
537 2230 608 2283 δὲ-
626 2234 720 2284 καὶ
757 2232 887 2286 ἄνευ
919 2234 1226 2306 ἐπιτροπῆς
1254 2235 1351 2290 τοῦ
1382 2239 1541 2292 πάπα
1567 2255 1581 2303 ;

495 2323 570 2378 0'.
611 2322 882 2392 Ἀπῆλθον
918 2325 976 2378 δὲ
1008 2327 1208 2390 πάντες
1235 2329 1315 2392 είς
1335 2328 1428 2382 τὸν
1453 2331 1664 2396 πάπαν,
1694 2333 1788 2387 καὶ
1818 2333 2006 2405 διηγή-

426 2430 557 2465 σατο
586 2413 751 2498 αὐτῷ.
779 2417 807 2468 6
840 2418 1179 2486 Μαρκιανὸς,
1213 2421 1274 2474 τὸ
1305 2421 1422 2485 πῶς
1464 2424 1627 2476 αὑτὸν
1657 2428 2006 2496 παραχρῆμα

429 2505 619 2558 ἰάσατο
661 2509 690 2558 6
723 2509 1012 2578 μακάριος,
1053 2511 1217 2564 αὐτοῦ
1252 2514 1325 2583 μὴ
1357 2515 1592 2579 εἰδότοςο
1632 2517 1694 2569 τὸ
1739 2517 1856 2582 πῶς
1900 2519 2005 2572 άπ-

423 2595 584 2666 ῆλθεν
615 2599 672 2651 ὲν
697 2599 773 2668 τῷ
813 2601 1174 2674 δεσμωτηρίῳ
1204 2604 1604 2675 βασταζόμενος
1631 2611 1689 2662 ὲν
1716 2613 1781 2682 τῇ
1813 2611 1999 2684 κλίνῃ·

425 2689 516 2741 καὶ
556 2690 1071 2759 προσκαλεσάμενος
1101 2695 1198 2748 ἕνα
1225 2695 1332 2750 τῶν
1357 2698 1657 2771 παιδαρίων
1695 2701 1884 2767 αὑτοῦ,
1912 2703 2002 2756 λέ·-

425 2792 512 2842 γει
553 2779 703 2848 αὑτῴ
726 2795 741 2809 ·
777 2781 909 2833 Εἰπὲ
938 2783 998 2833 τὸ
1027 2783 1144 2842 πῶς
1170 2786 1294 2854 ἐμοὶ
1319 2786 1574 2860 ἑξηγῆσω
1607 2793 1735 2863 περὶ
1765 2793 1864 2862 τῆς
1902 2810 2002 2862 γυ-

424 2960 560 3027 γυνὴ
610 2961 894 3031 ἐλάλησεν,
953 2966 1048 3017 καὶ
1103 2967 1482 3040 ἠκολούθησαν
1535 2973 1673 3044 αὐτῇ
1738 2975 1843 3038 ἕως
1905 2977 1999 3031 τοῦ

420 3052 823 3122 δεσμωτηρίου,
857 3056 951 3108 καὶ
981 3057 1248 3127 ἐπέθηκεν
1285 3061 1434 3132 αὐτῷ
1460 3063 1558 3126 τὰς
1589 3069 1778 3136 χεῖρας
1801 3085 1817 3100 ο
1849 3071 1943 3122 καὶ
1972 3071 2000 3122 6

428 3144 502 3212 μὴ
534 3143 790 3208 ὑπνώσας
831 3146 993 3200 πέντε
1026 3150 1116 3201 καὶ
1157 3149 1331 3204 εἴκοσι
1372 3153 1603 3223 ἡμέρας,
1646 3159 1927 3228 ἀπέφυγεν
1963 3164 1994 3234 ή

427 3231 622 3302 βαρεῖα
645 3233 818 3298 νόσος,
844 3237 910 3306 ἢν
943 3234 1109 3308 εἶχεν.
1145 3241 1254 3293 Καὶ
1276 3241 1449 3298 ταῦτα
1482 3247 1722 3312 ἀκούσας
1751 3253 1778 3304 6
1813 3253 1999 3317 πάπας

427 3327 522 3373 καὶ
570 3325 627 3376 ὲν
677 3327 927 3381 ἐκστάσει
984 3331 1290 3398 γενόμενος,
1343 3335 1640 3390 συνέπεσεν
1684 3342 1750 3411 τῇ
1799 3345 1998 3416 καρδίᾳ

425 3412 670 3478 ἀκούσας
697 3418 764 3470 τὰ
789 3420 1066 3488 παράδοξα
1089 3423 1157 3475 τά
1186 3425 1334 3495 παρὰ
1367 3427 1462 3480 τοῦ
1493 3429 1684 3502 ἀνδρὸς
1707 3412 1994 3505 γενόμενα-

425 3505 574 3556 πᾶσα
612 3507 720 3578 γὰρ
748 3510 780 3579 ἡ
812 3509 966 3575 πόλις
995 3513 1212 3567 σέϐοντο
1239 3517 1399 3570 αὑτὸν
1432 3519 1508 3582 ὼς
1542 3522 1636 3575 ἕνα
1667 3524 1775 3576 τῶν
1808 3527 1996 3595 ἁγίων.

424 3593 580 3650 Κατὰ
615 3596 672 3650 δὲ
707 3598 807 3662 τὰς
840 3602 1054 3672 ἡμέρας
1085 3606 1299 3670 ἐκείνας
1337 3609 1585 3680 εἰσῆλθον
1613 3614 1761 3679 ξύλα-
1789 3593 1875 3668 διά
1903 3617 1997 3670 τοῦ

424 3688 670 3756 ποταμοῦ
731 3691 823 3744 τὸν
878 3694 1110 3765 ἀριθμὸν
1165 3699 1298 3753 δέκα
1352 3703 1492 3757 πάνυ
1537 3706 1712 3776 ὡραῖα
1769 3710 1995 3780 σφόδρα,

422 3778 704 3846 ὀφείλοντα
732 3785 1170 3857 ἀποκομισθῆναι
1219 3794 1298 3855 είς
1325 3795 1451 3858 τοὺς
1485 3797 1672 3862 ἁγίους
1712 3801 1803 3852 καὶ
1833 3801 1995 3855 σεϐα-

426 3872 617 3940 σμίους
652 3875 836 3940 οίκους
866 3879 976 3932 τῶν
1003 3881 1174 3948 ἁγίων
1208 3884 1302 3936 καὶ
1339 3890 1652 3958 κορυφαίων
1683 3892 1996 3946 ἀποστόλων

426 3963 629 4035 Πέτρου
652 3969 748 4021 καὶ
775 3969 1008 4024 Παύλου.
1048 3975 1300 4044 Ἀνῆλθον
1337 3977 1392 4031 δὲ
1426 3981 1494 4033 τὰ
1522 3981 1653 4046 ξύλα
1693 3984 1797 4047 ἕως
1831 3986 1996 4053 μέσον

422 4055 516 4110 τοῦ
543 4061 812 4129 ποταμοῦ,
843 4065 936 4116 καὶ
963 4067 1266 4137 ἐρῤίζωσαν
1296 4072 1354 4124 έν
1381 4073 1461 4124 ἐνὶ
1485 4076 1654 4144 τόπῳ,
1684 4079 1776 4130 καὶ
1805 4078 1995 4150 ὥσπερ

420 4145 562 4209 τινὸς
589 4148 809 4220 σιδήρου
840 4154 872 4223 ἢ
909 4154 1156 4222 μολίϐδου
1199 4160 1338 4214 αὑτά
1381 4163 1798 4232 ἐδραιώσαντος,
1830 4145 1996 4240 ἑκράλ-

417 4254 589 4308 τησαν
629 4243 738 4294 ἀπὺ
783 4244 876 4298 τοῦ
929 4247 1127 4318 μέρους
1156 4251 1368 4318 τούτου,
1403 4258 1493 4308 καὶ
1533 4257 1636 4319 ἕως
1663 4260 1756 4313 τοῦ
1792 4262 1994 4334 μέρους

417 4330 646 4392 ἐκείνου,
679 4334 817 4387 ὥστε
873 4338 946 4408 μὴ
990 4339 1247 4395 δύνασθαι
1301 4345 1369 4398 τὰ
1415 4346 1575 4400 πλοῖα
1622 4351 1988 4422 εἰσέρχεσθαι,

420 4425 554 4492 μήτε
593 4424 926 4496 ἐξέρχεσθαι.
955 4433 1064 4485 Καὶ
1107 4433 1282 4504 θλίψις
1312 4438 1482 4509 πολλὴ
1518 4436 1584 4511 ἦν
1610 4443 1669 4495 ἐν
1700 4448 1766 4516 τῇ
1804 4446 1988 4519 Ῥώμῃ

2113 1969 2199 2008 me
2228 1955 2356 2010 hinc
2392 1954 2563 2020 exire,
2599 1956 2899 2022 praesertim
2954 1971 3079 2010 cum
3133 1957 3428 2025 pontificis,
3460 1961 3689 2014 maximi

2111 2046 2382 2114 permissu
2409 2060 2625 2100 caream
2650 2045 2673 2097 ?

2181 2331 2450 2405 [Lxxxvn]
2484 2331 2648 2386 LXX.
2699 2332 2902 2389 Omnes
2953 2335 3118 2404 igitur
3161 2337 3469 2406 pontiﬁcem
3510 2342 3688 2394 maxi-

2111 2441 2260 2478 mum
2293 2425 2548 2480 adierunt
2579 2443 2592 2478 :
2624 2427 2711 2479 cui
2745 2424 3060 2482 Marcianus
3087 2430 3360 2495 exposuit,
3389 2445 3498 2498 quo
3526 2441 3688 2500 pacto

2111 2516 2227 2584 ipse
2258 2530 2287 2569 a
2321 2515 2481 2569 beato
2513 2515 2650 2578 viro,
2684 2530 2808 2570 cum
2852 2517 2988 2570 nihil
3025 2528 3233 2582 nosset,
3273 2523 3550 2588 extemplo
3595 2538 3682 2575 sa-

2109 2618 2270 2662 natus
2297 2619 2446 2662 esset
2476 2626 2488 2660 :
2522 2617 2692 2676 utque
2735 2608 2788 2661 in
2823 2623 3097 2662 carcerem
3135 2624 3235 2680 suo
3260 2610 3313 2663 in
3356 2611 3556 2664 lectulo
3583 2612 3680 2666 de-

2108 2700 2250 2754 latus
2291 2700 2546 2754 venisset.
2610 2697 2922 2769 Vocatoqne
2970 2714 3078 2754 uno
3116 2715 3146 2754 e
3196 2701 3389 2766 servis,
3458 2719 3686 2757 narrare

2105 2792 2292 2861 jussit,
2321 2807 2442 2860 qua:
2461 2791 2564 2860 ipsi
2595 2791 2662 2845 de
2689 2792 2922 2846 muliere
2950 2793 3228 2846 retulerat.
3265 2793 3366 2859 Qui
3406 2799 3685 2863 exposuit,

2107 2882 2384 2951 quomodo
2409 2895 2506 2936 eos
2529 2881 2727 2936 mulier
2754 2881 2988 2936 allocuta
3009 2891 3176 2948 esset,
3201 2898 3433 2953 eamque
3461 2885 3560 2952 ipsi
3590 2903 3687 2941 us-

2105 2987 2211 3041 que
2248 2971 2313 3025 ad
2341 2985 2614 3026 carcerem
2644 2984 2830 3026 essent
2859 2975 3032 3027 secuti
3073 2990 3088 3026 :
3135 2983 3303 3042 utque
3338 2977 3592 3030 manibus
3621 2981 3669 3030 ei

2105 3079 2134 3117 a
2171 3064 2332 3118 beato
2363 3064 2481 3117 viro
2522 3065 2812 3132 impositis,
2835 3074 2958 3134 post
2983 3066 3172 3135 viginti
3207 3067 3446 3138 quinque
3468 3071 3682 3124 dierum

2106 3158 2342 3227 vigiliam
2373 3197 2389 3222 ,
2441 3159 2626 3228 gravis
2675 3159 2767 3213 ille
2797 3201 2812 3226 ,
2864 3176 2976 3229 quo
3033 3165 3400 3230 premebatur,
3453 3167 3683 3220 morbus

2108 3249 2442 3304 Mart-ianum
2493 3251 2822 3320 reliquisset.
2857 3253 2925 3306 At
2983 3254 3226 3321 pontifex
3273 3258 3544 3311 niaximns
3594 3259 3677 3312 his

2101 3344 2306 3398 auditis
2328 3343 2739 3412 obstupefactus
2781 3346 2970 3398 animo
3022 3348 3284 3410 concidit,
3331 3359 3475 3404 tanta
3531 3353 3682 3405 scili-

2101 3445 2187 3490 cet
2227 3436 2477 3504 prodigia
2521 3445 2784 3506 reputans
2823 3451 2852 3490 a
2886 3436 3005 3491 viro
3036 3449 3268 3507 patrata,
3313 3443 3385 3496 ob
3411 3458 3533 3512 qua:
3559 3445 3674 3514 jam

2103 3529 2233 3583 urbs
2264 3539 2375 3583 tota
2417 3528 2470 3582 in
2506 3538 2820 3583 sanctorum
2853 3530 3094 3584 virorum
3135 3549 3365 3587 numero
3410 3552 3534 3591 eum
3578 3539 3677 3592 ha-

2101 3622 2284 3676 bebat.
2333 3620 2434 3674 Per
2465 3635 2559 3675 eos
2599 3629 2779 3674 autem
2833 3622 2950 3677 dies
2994 3622 3218 3679 iltttnine
3270 3629 3506 3682 advectae
3547 3640 3676 3684 sunt

2099 3714 2285 3768 trabes
2347 3728 2574 3768 numero
2615 3715 2800 3768 dcerem
2861 3715 3227 3784 pulcherrirna
3292 3723 3474 3788 specie
3521 3724 3669 3794 (85),

2099 3819 2220 3872 quae
2260 3802 2555 3858 inferenda:
2584 3813 2741 3857 erant
2776 3806 2828 3857 in
2859 3813 3164 3862 veneranda
3222 3813 3418 3880 templa
3459 3824 3673 3868 sancto-

2101 3911 2221 3949 rum
2278 3896 2584 3965 principum
2639 3897 3010 3964 apostolorum
3062 3897 3205 3952 Petri
3250 3915 3301 3954 et
3357 3905 3532 3958 l-‘anli.
3582 3907 3671 3960 liae

2100 3987 2283 4039 trabes
2308 4001 2430 4039 cum
2465 3985 2701 4039 medium
2735 3987 2834 4040 iter
2858 3987 2949 4042 ditt
2981 3992 3312 4054 tenuissent,
3345 3997 3579 4063 quodam
3616 4000 3668 4052 in

2099 4078 2219 4132 loco
2253 4077 2547 4142 haeserunt,
2607 4094 2671 4132 ac
2713 4080 2861 4133 velut
2896 4079 3044 4134 ferro
3095 4093 3190 4136 aut
3236 4085 3458 4152 plumbo
3495 4092 3670 4159 depri-

2098 4184 2393 4236 merentur,
2434 4173 2563 4228 hinc
2591 4173 2716 4227 inde
2755 4174 2927 4244 ripam
2981 4187 3270 4249 utramque
3305 4191 3546 4247 tenuere,
3588 4197 3672 4247 nt‘,

2096 4263 2243 4318 aditu
2279 4265 2597 4330 intercluso,
2645 4282 2821 4334 neque
2847 4267 3053 4338 ingredi
3085 4285 3263 4339 neque
3292 4277 3472 4344 egre-li
3511 4282 3670 4332 navi—

2095 4357 2179 4426 gia
2210 4367 2454 4425 possent.
2504 4355 2676 4426 Cujus
2703 4358 2777 4411 rei
2803 4374 2968 4414 causa
3010 4377 3119 4415 non
3151 4365 3445 4420 mediocris
3483 4367 3667 4427 nonne

2095 4449 2470 4502 consternatio
2493 4459 2630 4504 erat.
2673 4449 2806 4505 Nam
2845 4465 2990 4520 saepe
3013 4454 3231 4520 quidem
3269 4459 3667 4527 supplicatione

416 4511 600 4567 ἕνεκεν
625 4517 816 4570 τούτου
833 4535 846 4547 ·
875 4521 1137 4587 πολλάκις
1162 4527 1266 4596 γάρ
1299 4529 1567 4598 κατῆλθον
1595 4531 1711 4602 ἅμα
1735 4536 1812 4605 τῷ
1832 4538 1991 4610 πάπα

2098 4540 2341 4594 instituta
2380 4556 2503 4594 rum
2545 4541 2798 4609 pontifice
2832 4543 3072 4597 maximo
3127 4560 3534 4614 processerant.
3570 4560 3665 4610 sed

416 4607 554 4674 μετὰ
579 4607 753 4679 λιτῆς,
788 4612 883 4664 καὶ
918 4615 1018 4668 οὑκ
1053 4615 1279 4686 ἴσχυσαν
1307 4622 1526 4690 κινῆσαι
1568 4627 1727 4681 αὐτά.
1765 4607 1988 4700 Ἔλεγον

409 4696 466 4749 δὲ
508 4699 556 4750 οἱ
586 4701 684 4769 τῆς
725 4703 951 4768 πόλεως,
988 4706 1155 4760 Δεῦτε
1194 4713 1670 4785 παρακαλέσωμεν
1700 4717 1791 4771 τὸν
1819 4719 1987 4789 ἄνδρα

410 4787 595 4844 τοῦτον
621 4793 710 4845 τὸν
733 4793 960 4862 δίκαιον,
999 4797 1084 4851 ἵνα
1107 4799 1196 4855 διὰ
1219 4801 1320 4872 τῆς
1353 4804 1518 4875 εὐχῆς
1549 4807 1716 4861 αὑτοῦ
1744 4809 1986 4881 δυνηθῶ-

623 4968 762 5050 god.-
790 4972 909 5050 2,6
939 4974 995 5050 δὲ
1017 4976 1125 5050 οὐκ
1145 4977 1410 5050 έϐουλήθη
1433 4981 1524 5036 ὑπ’
1549 4984 1750 5038 αὐτῶν.

625 5039 898 5128 Quidquid
932 5045 998 5098 de
1027 5048 1262 5128 trabium
1302 5038 1496 5128 h'ar'um
1518 5058 1803 5128 prodigio,
1838 5061 1982 5128 quod

409 5105 546 5187 intra
577 5105 834 5188 Leontius
868 5125 1072 5188 narrat,
1108 5121 1453 5176 sentiendum
1484 5105 1982 5188 δεῇῥδὲῖοιεὶνέἷῆἑ

402 5178 580 5270 ξιιξμι,
603 5183 934 5270 ηιὲξιῑὶοιιεηι
971 5178 1166 5270 dehis
1201 5205 1323 5244 esse
1354 5193 1407 5270 in
1456 5178 1977 5270 epistOIis

408 5247 605 5317 Magni.
648 5249 908 5325 _Sic_enim
958 5258 1022 5308 ad
1062 5260 1296 5325 Arogem
1339 5247 1980 5324 dttcer'niBer—tev'e'tt'tlano:

407 5321 776 5400 rnmscripsit
811 5323 927 5400 (lib.
947 5341 1060 5400 Δκη,
1094 5321 1272 5400 epistL
1295 5331 1421 5400 2i):
1462 5321 1773 5390 Iudicemus
1801 5321 1978 5395 autem

403 5398 614 5478 prqpter
648 5390 914 5478 bl'cclesias
938 5390 1204 5476 beatorum
1237 5390 1382 5454 Petri
1402 5414 1453 5478 εξ
1487 5404 1648 5478 Ponti
1674 5390 1976 5478 aliquantae

404 5457 552 5510 nobis
583 5461 754 5514 trabes
783 5467 1106 5519 necessarias
1135 5486 1244 5522 esse
1263 5487 1280 5522 :
1313 5483 1360 5524 el
1395 5475 1509 5527 ideo
1540 5475 1734 5530 Savino
1760 5457 1978 5534 subdiu:

401 5543 535 5580 cono
574 5534 1114 5608 nostroinjunximus
1154 5540 1217 5592 de
1263 5544 1504 5608 partibus
1529 5545 1835 5600 Brnliorum
1871 5551 1976 5604 ali-

401 5612 629 5684 quantus
657 5603 980 5684 incidet-aha
1011 5621 1189 5684 usque.
1210 5603 1278 5661 ad
1309 5629 1453 5665 mare
1495 5617 1548 5666 in
1585 5617 1756 5669 locum
1795 5603 1976 5684 aptum

403 5673 612 5758 trp/aere
647 5672 850 5758 deberit:
884 5672 1122 5758 littrsttt'n
1148 5677 1398 5758 Gregorio
1429 5685 1640 5758 cuidam
1667 5672 1977 5758 expirtéfeclo

405 5741 559 5820 (didii.
585 5741 753 5820 epist.
777 5743 869 5810 22)
888 5759 906 5796 :
940 5743 1006 5796 Et
1033 5745 1147 5798 ideo
1175 5741 1301 5820 quin
1328 5751 1379 5802 in
1415 5755 1684 5820 prwdictis
1729 5741 1976 5813 laniem;

405 5813 580 5862 trabes
611 5814 824 5867 omnino
859 5827 980 5867 sunt
1031 5813 1360 5882 necesian'az,
1403 5813 1557 5893 atque
1608 5828 1802 5881 Sat-lno
1851 5833 1976 5882 sub-

2093 4633 2273 4686 trabcs
2299 4647 2644 4686 commovere
2672 4648 2778 4686 non
2809 4644 3120 4702 potuerant.
3165 4637 3398 4695 Aiehant
3428 4659 3556 4699 vero
3587 4651 3664 4701 ci-

2090 4720 2444 4788 vcs:Quidni
2477 4723 2808 4780 advocemus
2848 4725 3026 4781 virum
3069 4728 3211 4783 hunc
3244 4731 3475 4800 justum,
3514 4742 3660 4793 utad

2089 4817 2208 4886 ejus
2235 4831 2425 4886 preces
2463 4816 2726 4872 dimoveri
2755 4819 2934 4874 trabes
2971 4820 3089 4876 ista:
3125 4825 3337 4892 possint
3363 4828 3386 4882 ἲ
3414 4825 3525 4884 Nec
3556 4833 3656 4886 mi-

2084 4996 2335 5080 diacono,
2361 5005 2418 5048 ut
2447 4997 2660 5080 inierim
2688 5016 2848 5080 neque
2874 5001 2943 5080 ad
2967 5005 3147 5080 uiginti
3173 5008 3399 5062 incidere
3428 5013 3657 5080 festinet,

2081 5077 2129 5143 et
2163 5066 2232 5118 ad
2272 5083 2426 5143 mare
2449 5066 2886 5143 trultererdebeat,
2917 5066 3286 5142 irriti—urimur;
3318 5066 3536 5143 paterno
3571 5066 3660 5136 sa:

2083 5137 2313 5216 latentes
2344 5137 2820 5216 aﬂ‘ectuupetimus,
2866 5137 2922 5216 nt
2962 5137 3132 5214 gloria
3163 5137 3331 5202 vestro
3362 5152 3425 5203 de
3455 5171 3658 5216 posses-

2080 5207 2335 5284 {iani-bus.
2364 5210 2634 5284 quas-illic
2667 5212 2720 5262 in
2753 5207 3125 5284 entpltytéosim
3167 5218 3347 5284 Imber,
3382 5207 3481 5276 hac
3521 5225 3573 5276 in
3602 5242 3656 5276 re

2079 5277 2314 5330 homines
2343 5295 2459 5354 cunt
2495 5278 2656 5354 bobus
2687 5284 2797 5334 suis
2826 5277 2988 5351 faciat
3037 5287 3266 5354 prabere
3297 5277 3514 5346 solatia.
3551 5294 3654 5348 Dc-

2080 5362 2229 5432 rplnm
2263 5355 2388 5428 et.a
2423 5348 2698 5432 Stephano
2740 5348 2996 5422 episcopo
3020 5348 3270 5432 eamdem
3316 5378 3471 5430 opem
3521 5368 3653 5432 petit

2078 5417 2233 5496 (ibid.
2268 5418 2428 5485 epist.
2445 5419 2544 5496 2‘5)
2568 5439 2580 5470 :
2609 5417 2889 5496 enimvero
2919 5417 3026 5477 tres
3049 5427 3138 5496 ine
3164 5417 3405 5496 epistolae
3436 5435 3486 5485 in
3515 5417 3653 5489 libro

2077 5487 2404 5568 duodecimo
2443 5490 2735 5568 leguntur.
2784 5494 2877 5568 qui
2926 5495 3137 5568 pra-fert
3191 5487 3542 5556 indictione":
3594 5487 3648 5568 5,

2077 5565 2242 5635 atque
2275 5557 2410 5610 adco
2451 5560 2516 5610 ad
2556 5575 2758 5635 annum
2781 5557 3105 5635 Cragon-iani
3140 5573 3485 5635 pontitimtus
3519 5557 3651 5628 mil

2078 5626 2348 5698 decimum
2402 5636 2649 5696 spectare
2704 5626 2991 5686 videnttir:
3052 5626 3152 5691 sed
3207 5650 3385 5694 tamen
3446 5626 3648 5698 nullam

2081 5694 2284 5778 habept
2317 5694 2576 5778 temporis
2615 5698 2772 5778 illius
2809 5716 2989 5758 notam
3019 5724 3031 5759 :
3069 5715 3146 5774 ut,
3186 5694 3647 5778 quemadmodum

2084 5774 2162 5842 tot
2193 5766 2312 5817 aliae
2337 5782 2366 5817 a
2394 5765 2660 5842 Maurinis
2700 5771 2822 5824 loco
2855 5789 3012 5827 nume
3043 5765 3302 5840 sunt,'sic
3337 5765 3648 5842 ίέιέιέειιῌῶ

2083 5834 2138 5886 in
2169 5851 2370 5888 annum
2397 5841 2427 5889 2’.
2459 5839 2846 5897 transferenda:
2887 5834 3187 5903 videantur.
