4158 6532
360 385 465 452 677

1346 393 1408 456 S.
1443 390 1823 454 GREGORII
1872 386 2396 449 AGRIGENTINI
2449 389 2647 451 VITA.
3518 391 3624 456 678

360 501 582 570 γνόντες
623 501 683 554 τὸ
719 497 820 554 ποῦ
850 497 918 574 ἦν
943 502 972 553 ὁ
995 501 1155 570 ἆγιος
1184 502 1510 575 Γρηγόριος,
1543 503 1785 572 ἀπῆλθον
1809 501 1946 572 πρὸς

2052 499 2274 553 advena:
2307 515 2430 553 cum
2465 500 2768 565 novissent,
2827 517 2938 572 qtto
2983 501 3106 557 loco
3156 510 3385 556 sanctus
3422 499 3629 574 Grego-

359 592 524 647 αύτὺν
555 593 614 645 ὲν
647 594 714 663 τῇ
744 593 957 662 φυλακῇ
987 608 1001 622 ’
1050 589 1194 665 ἦσαν
1231 595 1288 648 δὲ
1331 597 1451 649 ἐκεῖ
1479 597 1574 650 καὶ
1602 599 1651 650 οἱ
1677 599 1776 666 τῆς
1792 596 1948 649 Ἀνα-

358 685 516 756 τολῆς
548 685 840 738 ἐπίσκοποι
868 686 964 739 καὶ
995 687 1024 740 6
1057 687 1385 758 σπαθάριος.
1421 689 1531 742 Καὶ
1561 686 1948 758 προσελθόντες

360 779 672 851 ἐκράτησαν
701 778 867 830 αὑτοῦ
896 777 996 841 τὰς
1029 781 1220 849 χεῖρας
1258 779 1353 833 καὶ
1381 781 1507 843 τοὺς
1531 781 1698 842 πόδας
1730 778 1947 834 κλαίον-

359 887 451 934 τες
485 870 583 924 καὶ
620 869 904 937 λέγοντες³
937 869 1243 941 Εὐλογητὸς
1276 871 1305 923 6
1331 870 1463 934 Θεὸς
1488 872 1516 924 6
1548 872 1624 942 μὴ
1656 872 1946 942 συγχωρή-

359 977 460 1024 σας
486 961 960 1032 ἀπορφανισθῆναι
986 962 1082 1014 τοῦ
1108 962 1476 1034 ἡγαπημένου
1503 964 1537 1032 ή
1548 962 1665 1034 μῶν
1697 963 1910 1034 Πατρός
1929 978 1944 993 '

359 1050 440 1104 διὸ
473 1053 634 1124 ἡμεῖς
666 1053 867 1117 πάντες
901 1053 1112 1122 ἕτοιμοι
1140 1054 1278 1123 μετὰ
1301 1055 1396 1108 σοῦ
1426 1056 1524 1109 καὶ
1559 1057 1640 1118 εἰς
1681 1055 1826 1126 ζωὴν
1854 1056 1948 1110 καὶ

357 1143 438 1206 εἰς
473 1144 735 1198 θάνατον·
781 1144 926 1216 ὑπὲρ
971 1145 1066 1198 σοῦ
1094 1145 1157 1198 τὸ
1183 1142 1324 1216 αἷμα
1360 1147 1518 1218 ἡμῶν
1556 1148 1822 1218 ἐκχέομεν
1850 1149 1946 1201 τοῦ

360 1235 811 1306 ὑπερμαχοῦντος
841 1236 982 1306 ὑπὲρ
994 1237 1094 1306 τῆς
1121 1236 1379 1307 ἀληθείας
1397 1237 1578 1308 μόνου.
1604 1237 1779 1301 Πολὺς
1812 1237 1947 1309 θρῆ-

358 1328 447 1391 νός
487 1329 637 1380 ἐστιν
665 1328 723 1380 ἐν
755 1329 820 1398 τῇ
864 1327 1018 1380 πόλει
1059 1345 1174 1392 σου⁹
1212 1328 1417 1399 Πάτερ,
1449 1327 1580 1396 περὶ
1613 1325 1729 1381 σοῦ.
1761 1326 1947 1381 Ταῦτα

359 1420 451 1473 καὶ
474 1418 544 1472 τὰ
565 1418 790 1471 τοιαῦτα
823 1419 960 1488 μετὰ
987 1417 1237 1487 δακρύων
1291 1418 1641 1488 ἀπεφήναντο
1661 1434 1675 1449 ο
1722 1419 1949 1473 ἀκούον-

356 1529 448 1575 τες
489 1511 547 1565 δὲ
594 1514 642 1565 οἱ
679 1511 972 1564 ἐπίσκοποι
1026 1510 1120 1564 καὶ
1169 1513 1198 1564 6
1246 1510 1566 1582 Μαρκιανὸς
1616 1510 1946 1584 δακρύοντες

356 1604 686 1676 ἐθαύμαζον.
719 1603 797 1673 Τῇ
829 1603 1062 1674 δευτέρᾳ⁴
1099 1602 1156 1655 δὲ
1198 1602 1488 1655 ἐκέλευσεν
1521 1603 1550 1656 6
1590 1605 1782 1666 πάπας
1811 1604 1948 1658 καθ-

357 1700 583 1768 εσθῆναι
606 1696 704 1767 τὴν
734 1695 954 1748 σύνοδον
985 1697 1044 1747 ὲν
1071 1694 1149 1765 τῷ
1181 1695 1364 1766 μικρῷ
1387 1696 1752 1768 τριϐουναλίῳ
1786 1699 1843 1750 ἐν
1870 1697 1948 1768 τῷ

359 1791 472 1862 ναῷ
492 1790 589 1844 τοῦ
612 1789 770 1857 ἁγίου
800 1787 1125 1844 Ἱππολύτου
1159 1787 1392 1858 πλησίον
1424 1788 1518 1842 τοῦ
1541 1789 1940 1861 δεσμωτηρίου,

360 1884 488 1937 ἔνθα
522 1878 592 1956 ἦν
635 1883 663 1934 6
695 1880 850 1949 ἅγιος
886 1879 1211 1952 Γρηγόριος.
1247 1880 1533 1951 Κατῆλθον
1567 1881 1624 1934 δὲ
1655 1880 1858 1944 πάντες
1894 1882 1945 1933 οἱ

360 1974 648 2028 ἐπίσκοποι
680 1971 797 2040 ἅμα
827 1970 906 2040 τῷ
942 1971 1103 2042 πάπᾳ
1146 1971 1286 2040 μετὰ
1318 1971 1495 2042 λιτῆς,
1526 1966 1669 2042 ἦσαν
1706 1973 1815 2042 γὰρ
1853 1972 1944 2026 τὸν

360 2063 592 2136 ἀριθμὸν
613 2061 807 2116 ἑκατὸν
827 2062 1189 2131 πεντήκοντα,
1210 2063 1302 2116 καὶ
1326 2064 1374 2116 οἰ
1403 2064 1503 2134 τῆς
1535 2063 1824 2134 ’Λνατολῆς
1850 2063 1944 2117 καὶ

358 2157 389 2207 6
445 2152 818 2224 χαρτοφύλαξ·
869 2150 1058 2204 λοιπὸν
1114 2152 1170 2206 δὲ
1215 2153 1310 2206 καὶ
1357 2154 1426 2207 τὰ
1461 2156 1804 2224 μοναστήρια
1845 2157 1946 2226 τῆς

371 2247 662 2315 Ῥωμαίων
723 2243 934 2306 πόλεως
989 2245 1189 2308 πάντα,
1248 2245 1344 2298 καὶ
1396 2247 1458 2299 τὸ
1505 2247 1805 2317 ἱερατικὸν,
1847 2249 1944 2302 καὶ

361 2338 487 2401 λαὸς
535 2337 704 2401 πολὺς
757 2337 985 2408 σφόδρα,
1021 2337 1163 2390 ὥστε
1212 2337 1288 2409 μὴ
1343 2341 1663 2411 χωρηθῆναι
1718 2343 1777 2394 ὲν
1828 2345 1944 2406 τοῖς

361 2432 565 2484 ἐκεῖσε.

431 2523 553 2576 Ol".
597 2521 950 2585 Εἰσελθόντος
999 2522 1057 2574 δὲ
1102 2522 1198 2575 καὶ
1249 2523 1800 2595 κατασφραγίσαντος
1847 2523 1940 2577 τοῦ

362 2617 544 2680 πάπα,
583 2613 992 2684 ἐκαθέσθησαν
1047 2614 1144 2666 καὶ
1187 2613 1478 2669 ἐκέλευσεν
1533 2617 1943 2687 παραγενέσθαι

362 2709 491 2770 τοὺς
526 2704 872 2776 κατηγόρους
907 2702 1001 2757 τοῦ
1035 2704 1193 2772 ἁγίου
1242 2705 1572 2777 Γρηγορξου.
1629 2709 1943 2777 Παραγενο-

367 2798 546 2868 μένων
575 2797 632 2850 δὲ
667 2795 849 2848 αὐτῶν
881 2795 972 2847 τὸν
1003 2796 1238 2865 ἀριθμὸν
1266 2796 1463 2849 ἑκατὸν
1503 2796 1657 2862 δέκα,
1705 2799 1942 2871 ἔστησαν

365 2893 424 2944 ἐν
455 2889 684 2961 μεσόθεν
721 2889 823 2959 τῆς
865 2889 1028 2958 ἁγίας
1071 2888 1319 2942 συνόδου.
1351 2883 1460 2942 ’Ἦν
1491 2889 1548 2942 δὲ
1581 2893 1608 2943 6
1641 2890 1887 2954 διάκονος
1915 2894 1943 2945 6

367 2982 762 3053 πατριαρχικὸς
795 2981 823 3033 ὁ
853 2982 948 3035 καὶ
988 2979 1337 3052 χαρτοφύλαξ
1365 2981 1668 3044 ἀποσώζων
1707 2984 1798 3037 τὸν
1845 2985 1944 3055 τῆς

370 3073 992 3137 Κωνσταντινουπόλεως
1056 3066 1492 3142 ἀρχιεπισκόπού
1538 3073 1747 3144 θρόνον.
1796 3077 1946 3129 Ἐχέ-

368 3168 564 3221 λευσαν
585 3167 642 3220 δὲ
671 3165 992 3220 ἀποστεῖλαι
1026 3164 1362 3228 ἐπισκόπους
1393 3167 1545 3234 τρεῖς
1582 3167 1678 3219 καὶ
1706 3168 1944 3238 πρεσϐυο

367 3259 560 3328 τέρους
586 3258 746 3311 πέντε
779 3258 874 3309 καὶ
899 3255 992 3308 τδν
1018 3255 1194 3309 ἁῦὅᾶν
1231 3256 1460 3325 Μάρκον
1487 3256 1581 3308 τοῦ
1619 3257 1826 3326 ἁγάγαι
1855 3259 1946 3312 τὸν

369 3351 578 3403 δίκαιον
603 3349 738 3420 πρὸς
768 3349 963 3411 αὐτοὺς
987 3348 1050 3400 ἐκ
1079 3347 1179 3418 τῆς
1205 3346 1477 3416 φυλακῆς.
1511 3349 1573 3402 Oi
1597 3347 1652 3400 δὲ
1685 3349 1948 3404 ἀπελθόν-

369 3459 462 3506 τες
498 3437 657 3510 εὖρον
691 3439 853 3492 αὐτὸν
884 3436 1365 3506 ἀναγινώσκοντα’
1400 3432 1469 3506 ἦν
1503 3437 1612 3509 γὰρ
1657 3437 1774 3509 ὥρα
1823 3440 1946 3493 δευ-

369 3533 502 3602 τέρα
536 3531 638 3602 τῆς
663 3531 874 3601 ἡμέρας
896 3546 910 3560 ·
948 3531 1046 3584 καὶ
1072 3527 1491 3601 προσεκύνησαν
1522 3531 1712 3596 αὐτὸν,
1739 3532 1835 3585 καὶ
1859 3534 1948 3586 αὑ·

366 3627 457 3688 τὸς
491 3623 690 3688 αὐτούς
715 3641 728 3656 ο
757 3628 848 3677 καὶ
876 3622 1029 3677 εἷπον
1059 3623 1209 3694 αύτῷ
1233 3641 1246 3654 ⁸
1278 3626 1571 3691 Κέλευσον,
1604 3626 1807 3697 Πάτερ,
1839 3630 1950 3680 sic-

369 3717 545 3771 ελθεῖν
596 3719 678 3780 εἰς
722 3716 820 3788 τὴν
863 3716 1022 3783 ἁγίαν
1054 3716 1291 3772 σύνοδον.
1321 3719 1483 3786 Λέγει
1525 3717 1674 3789 αὐτῷ
1721 3720 1749 3773 6
1795 3719 1949 3787 ἅγιος

369 3810 635 3880 Μάρκος·
671 3808 896 3880 Χαξροις
939 3810 998 3860 ἐν
1037 3807 1248 3878 κυρίῳ,
1289 3809 1518 3881 ἁθλητὰ,
1556 3830 1575 3862 ι
1615 3811 1821 3866 τύπτου
1855 3815 1949 3866 καὶ

371 3901 519 3962 νίκα,
551 3918 568 3950 ι
607 3899 682 3964 ὡς
711 3900 806 3952 καί
838 3917 938 3952 που
970 3899 1104 3969 ἄλλῃ
1139 3902 1472 3972 γέγραπται.
1523 3901 1863 3967 Ἐξελθόντες
1893 3904 1949 3956 δὲ

373 3991 616 4062 ἀπῆλθον
644 3991 774 4045 ἔνθα
819 3987 887 4062 ἦν
917 3993 950 4062 ἡ
987 3991 1203 4055 σύνοδος
1225 4007 1242 4023 ο
1279 3993 1374 4044 καὶ
1400 3993 1658 4048 εἰσελθὼν
1698 3996 1726 4047 ὁ
1768 3995 1948 4064 μακά-

379 4101 493 4154 ριος
525 4083 932 4156 προσεκύνησεν
964 4083 1162 4147 αὐτοὺς
1201 4085 1385 4156 τρίτον
1429 4086 1522 4138 ἐπὶ
1565 4085 1668 4156 τὴν
1703 4087 1822 4157 γῆν,
1856 4090 1950 4141 καὶ

373 4177 615 4240 ἀναστὰς
645 4177 773 4247 ἔστη
817 4176 1129 4248 ἔμπροσθεν
1157 4177 1265 4230 τῶν
1295 4177 1633 4244 ἐπισκόπων,
1659 4181 1719 4232 ἐν
1749 4181 1950 4250 ἠσυχίᾳ

373 4269 470 4323 καὶ
500 4272 559 4322 ὲν
589 4269 742 4340 φόὸῳ
773 4269 954 4340 πολλῷ
989 4270 1396 4343 παρισταμένου
1432 4271 1636 4335 αὐτοῖς.
1672 4273 1734 4326 Oi
1761 4273 1816 4325 δὲ
1851 4273 1951 4343 τῆς

387 4361 678 4431 Ἀνατολῆς
707 4360 998 4414 ἐπίσκοποι
1025 4360 1123 4414 καὶ
1156 4363 1184 4413 6
1208 4361 1586 4432 ἀρχιδιάκονος
1615 4363 1828 4434 ὲξέχεον
1855 4365 1950 4417 δά-

377 4470 521 4523 κρυα
543 4452 711 4506 πολλὰ
735 4453 972 4523 ὁρῶντες
998 4455 1425 4524 παραστήκοντα
1450 4453 1542 4507 τὸν
1574 4455 1750 4522 ἅγιον.
1784 4457 1952 4527 Προσ-

2052 590 2170 645 rius
2201 599 2541 654 versaretur,
2566 608 2691 646 eum
2723 592 3073 649 incarcerem
3102 602 3502 658 convenerunt,
3532 596 3628 650 ubi

2049 691 2100 734 et
2154 680 2396 738 Orientis
2427 685 2671 754 episcopi
2723 694 2778 739 et
2827 686 3146 755 spatharius
3196 694 3334 741 erat.
3387 685 3627 756 lngressi

2051 788 2248 828 manus
2277 773 2398 843 ejus
2433 777 2709 844 pedesque
2731 777 3030 846 amplexari
3053 793 3117 832 ac
3139 778 3270 833 ﬂere
3314 787 3624 848 coeperunt,

2050 872 2168 918 tum
2223 865 2304 920 sic
2327 880 2453 919 eum
2483 863 2635 919 aﬂari
2678 885 2691 921 :
2722 866 2866 920 Bene
2891 869 2998 923 Deo
3040 869 3315 936 dicamus,
3355 871 3446 940 qui
3480 870 3628 956 orbi-

2049 966 2212 1013 tatem
2246 965 2494 1012 nostram
2529 959 2842 1024 miseratus,
2869 959 3256 1014 charissimum
3275 961 3491 1014 Patrem
3522 975 3625 1015 no-

2047 1059 2221 1104 strum
2259 1050 2520 1104 servavit.
2553 1048 2669 1104 Tua
2715 1066 2817 1106 DOS
2853 1067 3022 1106 causa
3065 1051 3118 1105 in
3163 1053 3329 1106 vitam
3362 1061 3627 1107 mortem-

2048 1157 2155 1211 que
2181 1144 2356 1212 parati
2381 1155 2558 1198 tecum
2585 1159 2798 1208 sumus,
2831 1159 2930 1214 pro
2963 1153 3016 1198 te.
3043 1145 3366 1210 sanguinem
3393 1144 3627 1198 eﬂ‘undi-

2049 1248 2170 1286 mus
2203 1243 2480 1296 nostrum,
2535 1234 2628 1303 qui
2663 1233 2814 1288 solus
2849 1248 2947 1304 pro
2991 1235 3221 1288 veritate
3258 1234 3505 1290 dimicas.
3534 1234 3629 1290 Est

2051 1339 2179 1378 vero
2221 1323 2465 1396 [Lxxthl
2499 1325 2551 1379 in
2607 1325 2744 1380 urbe
2770 1340 2994 1395 quoque
3035 1335 3157 1390 tua,
3185 1327 3366 1394 Pater,
3398 1342 3628 1396 magnus

2049 1415 2118 1469 ob
2159 1426 2208 1469 te
2239 1417 2440 1470 luctus.
2469 1415 2593 1470 Haec
2623 1417 2699 1470 illi
2724 1424 2776 1469 et
2807 1416 3009 1470 similia
3043 1432 3167 1470 cum
3194 1418 3449 1486 lacrymis
3477 1429 3627 1472 retu-

2049 1505 2231 1560 lerunt
2279 1525 2292 1559 :
2346 1524 2468 1574 ane
2507 1507 2751 1577 epiSt-Opi
2804 1517 2857 1560 et
2896 1507 3209 1562 Marcianus
3255 1509 3540 1564 audientes
3573 1521 3629 1564 et

2047 1597 2249 1653 ﬂebant
2273 1611 2326 1654 et
2356 1601 2718 1656 mirabantur.
2749 1601 2818 1656 Ut
2846 1615 2978 1656 vero
3012 1601 3250 1656 indictus
3286 1602 3628 1668 illuxitdies,

2048 1690 2288 1759 pontifex
2344 1694 2620 1746 maximus
2665 1694 2937 1763 synodum
2990 1694 3057 1748 ad
3102 1695 3345 1748 tribuum
3399 1711 3625 1764 parvum

2051 1781 2164 1852 (89)
2214 1781 2267 1835 in
2328 1783 2504 1837 sancti
2549 1782 2823 1854 Hippolyti
2879 1788 3140 1854 templum
3191 1788 3427 1849 vocarit,
3480 1789 3626 1856 quod

2057 1875 2263 1929 carceri
2307 1877 2613 1945 proximum
2659 1886 2799 1943 erat,
2837 1877 2890 1931 in
2923 1894 3033 1948 quo
3072 1887 3298 1934 sanctus
3331 1879 3629 1950 Gregorius

2052 1965 2302 2036 degebat.
2349 1965 2758 2036 Supplicatione
2807 1977 2990 2023 autem
3043 1970 3292 2024 instituta
3321 1986 3630 2026 convenere

2051 2073 2177 2112 cmn
2211 2058 2467 2126 pontiﬁce
2493 2059 2732 2113 maxime
2761 2074 2952 2114 omnes
2978 2061 3218 2130 epiSCOpi
3243 2077 3468 2116 numero
3498 2078 3626 2116 cen-

2052 2156 2169 2203 tum
2203 2151 2624 2220 quinquaginta,
2663 2167 2901 2222 cumque
2933 2152 3018 2207 his
3039 2153 3275 2222 episc0pi
3307 2153 3548 2210 Orientis
3576 2165 3631 2211 et

2056 2242 2474 2313 chartephylax,
2507 2253 2671 2314 atque
2707 2244 2854 2300 urbis
2884 2246 3048 2299 etiam
3085 2246 3418 2301 monasteria
3447 2250 3649 2302 omnia.

2050 2344 2103 2387 et
2133 2335 2269 2387 ordo
2312 2335 2688 2399 sacerdotum,
2735 2351 2800 2390 ac
2839 2336 2996 2391 tnulti
3033 2339 3198 2392 etiam
3245 2354 3276 2392 e
3303 2339 3526 2408 populo,
3571 2349 3630 2393 ut

2050 2440 2147 2478 eos
2173 2425 2325 2480 locus
2355 2427 2444 2480 ille
2474 2444 2582 2481 non
2617 2439 2855 2498 caperet.

2124 2515 2357 2572 LXXIII.
2393 2518 2688 2589 Postquam
2737 2519 2982 2590 pontifex
3028 2523 3303 2578 maximus
3347 2525 3630 2594 ingressus

2050 2609 2277 2664 salutari
2323 2625 2420 2664 eos
2472 2611 2631 2674 signo
2678 2611 2952 2676 lustravit,
2997 2614 3316 2668 consedere.
3365 2614 3457 2668 Ille
3501 2631 3632 2671 vero

2050 2701 2228 2756 sancti
2270 2701 2520 2772 Gregorii
2582 2712 2934 2760 accusatores
2979 2704 3254 2761 introduci
3303 2707 3473 2776 jussit
3522 2724 3628 2762 nu-

2051 2809 2204 2848 mero
2243 2807 2460 2849 centum
2487 2805 2538 2850 et
2570 2797 2754 2852 decem
2790 2815 2803 2851 :
2843 2798 2937 2867 qui
2965 2797 3018 2852 in
3042 2799 3222 2855 medio
3257 2810 3458 2857 sanctae
3488 2819 3621 2874 syn-

2049 2886 2139 2941 odi
2199 2888 2584 2942 constiterunt.
2663 2887 2901 2944 Diacono
2974 2902 3154 2946 autem
3220 2893 3628 2967 chartophylaci

2051 2978 2210 3034 sedes
2257 2980 2651 3050 archiepiscopi
2700 2981 3303 3054 Constantinopolitani
3365 2989 3628 3045 attributa

2053 3067 2252 3131 fuerat,
2287 3071 2447 3140 cujus
2478 3071 2658 3125 locqu
2689 3073 2930 3127 tenebat.
2961 3073 3168 3130 Exinde
3203 3078 3486 3147 episcopos
3516 3089 3630 3134 tres

2051 3179 2117 3218 ac
2152 3166 2500 3235 presbyteros
2531 3167 2777 3237 quinque
2807 3183 2933 3222 cum
2967 3168 3150 3225 Marco
3175 3173 3371 3228 abbate
3408 3176 3628 3230 mitten-

2049 3258 2150 3312 dos
2180 3266 2537 3322 censuerunt,
2565 3259 2660 3328 qui
2709 3269 2962 3315 sanctum
3007 3262 3184 3318 virum
3218 3280 3249 3318 e
3280 3281 3504 3322 carcere
3531 3268 3630 3323 ad-

2049 3349 2332 3403 ducerent.
2384 3348 2487 3415 Qui
2523 3365 2647 3404 eum
2702 3365 2769 3404 eo
2822 3351 3049 3420 profecti
3099 3365 3304 3423 essent,
3363 3359 3627 3428 legentem

2049 3441 2397 3495 invenerunt.
2460 3440 2590 3496 Erat
2635 3442 2780 3496 enim
2845 3444 2978 3498 hora
3028 3445 3136 3500 diei
3186 3451 3450 3504 secunda.
3501 3451 3630 3508 Post

2050 3546 2241 3589 mutua
2278 3535 2477 3598 ollicia,
2510 3536 2590 3590 sic
2639 3551 2763 3590 eum
2814 3537 3173 3606 alloquuntur
3209 3558 3222 3593 :
3273 3542 3352 3596 Ait
3383 3553 3628 3599 sanetam

2049 3627 2317 3696 synodum
2361 3629 2640 3692 accedere,
2677 3626 2860 3692 Pater,
2901 3645 2967 3684 ne
3015 3633 3272 3699 graveris.
3311 3634 3630 3704 Adjecitque

2050 3729 2276 3774 sanctus
2307 3718 2524 3774 Marcus
2561 3739 2574 3775 :
2607 3719 2766 3775 Salve
2799 3721 2904 3775 Deo
2930 3724 3184 3792 propitio,
3217 3725 3439 3788 athleta,
3477 3747 3498 3779 ε
3530 3743 3630 3781 va-

2052 3811 2179 3879 pula
2205 3821 2260 3864 et
2292 3815 2448 3865 vince
2483 3811 2616 3882 (90),
2646 3832 2665 3864 »
2693 3812 2881 3882 utjam
2906 3814 3044 3870 alias
3074 3816 3337 3884 scriptum
3367 3826 3468 3874 est.
3499 3818 3630 3873 Inde

2051 3915 2179 3953 vero
2209 3901 2413 3971 egressi
2442 3902 2509 3957 ad
2535 3903 2804 3972 synodum
2835 3904 3062 3959 veniunt
3099 3923 3113 3958 :
3143 3921 3253 3974 quo
3287 3907 3630 3965 introductus

2051 3991 2242 4046 beatus
2289 3993 2374 4044 vir
2408 4001 2489 4047 ter
2541 4008 2734 4048 omnes
2787 3994 2853 4048 ad
2888 4003 3088 4049 terram
3141 4011 3315 4065 usque
3358 4002 3626 4061 adoravit.

2053 4092 2168 4136 tum
2231 4097 2463 4153 surgens
2509 4098 2694 4138 coram
2748 4085 3021 4154 episcopis
3069 4088 3337 4152 constitit,
3380 4104 3626 4160 pacatum

2052 4175 2296 4228 animum
2348 4189 2410 4228 ac
2455 4186 2792 4230 reverentem
2825 4193 2934 4246 prae
2957 4193 3016 4233 se
3048 4177 3251 4234 ferens.
3281 4183 3350 4236 At
3395 4183 3630 4240 Orientis

2052 4266 2294 4336 episcopi
2347 4275 2399 4320 et
2438 4267 2864 4324 archidiaconus
2917 4269 3150 4325 ubertim
3192 4272 3428 4338 flebant,
3481 4278 3627 4346 quod

2054 4367 2305 4412 sanctum
2354 4358 2533 4412 virum
2591 4369 2827 4414 stantem
2869 4364 3135 4418 viderent.
3168 4363 3467 4435 Appellatis
3497 4385 3629 4425 vero

2053 4451 2335 4520 sacrilegis
2385 4452 2517 4506 viris
2570 4451 2776 4507 Sabino
2821 4462 2875 4508 et
2924 4454 3298 4522 Crescentiuo,
3348 4459 3427 4514 sic
3457 4476 3552 4516 eos
3598 4477 3630 4516 e

377 4546 751 4616 καλεσάμενος
779 4545 837 4598 δὲ
862 4545 988 4608 τοὺς
1017 4545 1264 4616 ἀνιέρους
1295 4545 1520 4598 Σαϐῖνον
1550 4547 1645 4599 καὶ
1674 4547 1949 4619 Κρησκεν-

2061 4544 2261 4597 throno
2291 4558 2390 4598 suo
2423 4543 2666 4614 pontifex
2703 4545 2976 4600 maximus
3029 4557 3227 4618 rogat:
3263 4549 3521 4616 Quaenam
3552 4563 3635 4609 est

449 4771 732 4843 (89)7Erat
760 4771 980 4840 quidem
1033 4772 1222 4825 Romus
1270 4771 1422 4843 locus
1455 4770 1716 4843 Tribunal
1749 4773 1952 4838 dictus,

379 4841 1435 4914 quemPhilostorgiusineluetgtnslll.
1466 4842 1618 4914 ecct.,
1653 4842 1686 4895 Ι.
1716 4858 1791 4914 ῃ,
1823 4858 1871 4914 ο.
1899 4844 1954 4914 ὅ)

379 4912 572 4993 eodem
617 4912 780 4993 modo
817 4912 1096 4993 appellat;
1159 4911 1355 4993 ‘§v_et'§i_'
1393 4912 1674 4993 λεγομένῳ
1725 4911 1957 4993 Τριϐουὲ

381 4982 715 5052 ναλίῳήηόρ
769 4997 880 5050 quo
948 4983 1117 5036 multa
1177 4981 1428 5037 Valesius
1481 4982 1548 5036 ad
1605 4981 1955 5036 Ammianum

383 5056 461 5122 (p.
494 5049 644 5122 516))
677 5049 874 5105 Verum
899 5052 989 5105 hic
1023 5067 1332 5106 sermonem
1362 5067 1483 5106 esse
1514 5061 1647 5120 puto
1681 5054 1748 5105 de
1772 5053 1956 5122 templi

383 5131 562 5190 parte,
594 5135 756 5188 quam
809 5131 865 5176 et
915 5122 1146 5175 absidem
1177 5122 1464 5183 vocabant,
1519 5124 1568 5173 in
1620 5137 1725 5190 qua
1766 5138 1960 5191 nempe

387 5193 624 5245 tribunal
677 5192 949 5258 pontiﬁcis
998 5191 1220 5245 maximi
1254 5200 1516 5255 exstaret,
1554 5198 1614 5244 ut
1648 5191 1834 5244 Romae
1863 5193 1961 5245 ad-

386 5264 496 5316 huc
514 5260 754 5329 antiquis
785 5262 1111 5330 quibusdam
1141 5263 1192 5315 in
1247 5261 1460 5328 templis
1489 5261 1673 5314 videre
1702 5263 1827 5314 licet
1861 5279 1873 5314 :
1907 5272 1961 5316 et

383 5333 514 5400 quia
540 5331 664 5384 aliis
689 5331 742 5383 itt
766 5332 980 5402 templis
1009 5333 1390 5402 ainpliorerat
1414 5345 1734 5402 consessus,
1757 5332 1960 5385 idcirco

385 5402 628 5454 tribunal
654 5402 757 5454 hoc
783 5417 813 5453 a
845 5400 1070 5456 Leontio
1100 5400 1296 5470 μικρόν
1322 5415 1443 5454 esse
1467 5401 1695 5454 dictum.
1726 5403 1795 5453 At
1827 5401 1959 5455 illud

385 5472 702 5540 obscurius,
743 5471 964 5523 ubinam
998 5472 1057 5524 S.
1103 5471 1373 5540 Hippolyti
1410 5472 1671 5540 templum
1708 5482 1869 5534 esset,
1905 5473 1957 5525 in

385 5539 534 5609 quod
574 5540 822 5610 synodus
859 5541 1180 5595 convenisse
1212 5539 1566 5610 perhibetur.
1614 5539 1746 5593 Nam
1787 5541 1855 5595 de
1895 5557 1945 5595 et

388 5608 535 5679 loqui
568 5608 874 5670 Leontium,
907 5611 1051 5678 quod
1093 5611 1146 5662 in
1187 5625 1382 5676 eampo
1427 5608 1640 5663 Verane
1678 5621 1815 5668 erat.
1845 5623 1898 5664 et
1929 5626 1958 5664 a

387 5680 688 5749 Prudentio
727 5679 975 5734 versibus
1026 5680 1361 5733 celebratum
1396 5691 1482 5734 est
1526 5680 1846 5749 (l’eristeph.
1905 5681 1957 5733 in

385 5747 542 5804 Pass.
581 5750 637 5802 S.
676 5749 937 5820 Hippol.),
969 5750 1195 5803 omnino
1220 5749 1430 5803 admitti
1467 5765 1574 5803 non
1603 5747 1782 5805 debet.
1821 5750 1958 5803 (lum

387 5821 534 5874 ettitu
569 5830 722 5876 extra
767 5820 955 5875 urbem
988 5827 1156 5882 esset,
1189 5834 1251 5875 ac
1285 5834 1451 5889 prope
1495 5820 1759 5890 insignem
1811 5821 1957 5874 illaut

2059 4773 2117 4830 S.
2145 4771 2422 4826 Laurentii
2469 4772 2663 4835 aedem,
2705 4773 2900 4827 ibidem
2955 4785 3009 4830 et
3039 4788 3312 4829 carcerem
3348 4775 3517 4832 fuisse
3548 4778 3632 4832 fa-

2058 4845 2278 4896 tendum
2307 4852 2473 4906 esset,
2510 4858 2668 4910 quem
2702 4851 2852 4897 extra
2891 4846 3078 4899 urbem
3113 4844 3284 4900 fuisse
3327 4862 3488 4900 nemo
3519 4864 3635 4902 ere-

2056 4913 2162 4967 det.
2201 4911 2320 4966 Fuit
2371 4920 2551 4964 tamen
2608 4913 2902 4980 aliquando
2950 4914 3088 4968 intra
3120 4917 3307 4968 urbem
3355 4919 3496 4971 {edes
3526 4918 3630 4973 alia

2149 4982 2437 5053 Hippolyto
2459 4997 2612 5053 saera
2639 4983 2742 5036 sub
2781 4984 3047 5049 Quirinali
3081 5000 3248 5053 prope
3269 4985 3628 5041 Alumnorum

2057 5051 2756 5121 Maronitarumdomum,
2797 5069 2960 5121 quam
3018 5051 3354 5108 anno‘lfi87
3394 5056 3630 5110 dirutam

2059 5136 2180 5175 esse
2226 5122 2415 5176 scribit
2458 5119 2846 5190 Marangonius
2900 5124 3055 5187 (delle
3108 5124 3240 5176 (iose
3284 5123 3477 5178 Gemit.
3522 5137 3634 5179 tra-

2059 5202 2225 5258 Sport.
2278 5193 2345 5244 ad
2390 5207 2486 5244 uso
2531 5208 2703 5254 sacro.
2741 5209 2789 5247 ς.
2840 5193 2929 5259 8-1,
2983 5209 3034 5261 p.
3071 5195 3217 5261 445).
3264 5195 3527 5248 (ictorum
3568 5199 3635 5249 de

2061 5262 2206 5315 illius
2240 5264 2372 5330 :edis
2405 5262 2731 5330 antiquitate
2753 5263 2885 5316 nihil
2923 5263 3054 5315 mihi
3091 5265 3428 5330 exploratum
3458 5275 3561 5318 est.

2134 5332 2246 5400 (90)
2279 5329 2436 5400 Unde
2466 5329 2572 5386 hoc
2617 5334 2821 5388 dictum
2860 5334 3101 5386 hauserit
3133 5329 3367 5396 Marcus,
3403 5349 3510 5387 nou
3549 5352 3634 5388 re-

2061 5399 2234 5470 perio.
2271 5399 2526 5457 Fortasse
2559 5402 2736 5457 locum
2786 5405 2936 5458 illum
2970 5403 3089 5457 libri
3124 5403 3414 5470 Sapientia:
3436 5415 3514 5470 (χ,
3545 5406 3635 5471 12)

2062 5471 2304 5524 indicare
2328 5473 2500 5525 voluit
2530 5491 2542 5526 :
2577 5473 2855 5527 Certamen
2883 5476 3018 5541 forte
3045 5473 3185 5525 dedit
3239 5475 3341 5535 illi,
3383 5487 3439 5526 ut
3464 5477 3636 5528 vince-

2062 5551 2164 5602 ret,
2189 5552 2236 5612 et
2266 5543 2444 5605 sciret,
2476 5544 2725 5611 quoniam
2759 5545 2992 5596 omnium
3017 5544 3283 5611 potentior
3321 5556 3396 5596 est
3427 5546 3635 5612 sapien-

2063 5612 2159 5664 tia.
2200 5611 2470 5684 lllacnim
2506 5612 2736 5684 formula
2777 5614 2852 5676 ὡς
2880 5613 2975 5665 καί
3002 5631 3103 5666 που
3133 5613 3264 5682 ἄλλῃ
3296 5611 3627 5684 γέγραπται,

2064 5681 2316 5751 usurpari
2357 5681 2468 5734 fere
2505 5682 2676 5742 solet.
2711 5699 2834 5736 cum
2886 5685 3038 5738 locus
3075 5681 3270 5751 aliquis
3321 5681 3626 5739 divinarum

2064 5749 2782 5823 Litterarumsigniﬁcatur,
2810 5755 2953 5823 quod
2986 5749 3209 5808 Leontio
3238 5755 3338 5823 ipsi
3368 5756 3630 5809 lamiliare

2065 5837 2206 5883 esse,
2239 5822 2488 5890 superius
2517 5822 2771 5880 vidimus.
2833 5822 2841 5823 ί
2993 5847 2998 5850 ·
