4158 6584
515 331 621 393 6'79

1501 325 1561 383 S.
1592 323 1970 384 GREGORII
2003 321 2516 383 AGRlGENTINI
2582 320 2780 381 VITA.

3677 319 3784 383 680

517 438 850 503 criminatio,
873 450 1036 506 quam
1075 443 1265 489 contra
1307 432 1627 501 episcopum
1661 442 1903 485 vestrum
1943 429 2101 483 aﬂer-

2221 433 2348 481 τίνον
2375 429 2469 491 καὶ
2501 428 2626 490 τοὺς
2657 430 2786 496 περὶ
2816 424 3034 488 αὐτοὺς,
3070 422 3215 490 λέγει
3246 424 3274 476 6
3301 424 3392 476 τὸν
3425 423 3784 479 ἀποστολικόν

519 533 637 589 tis?
680 531 781 585 Cui
838 525 1083 596 sacrilegi
1138 526 1216 578 illi
1260 524 1718 595 responderunt:
1772 521 1950 584 Hunc,
2000 522 2100 573 do-

518 627 687 689 mine,
739 637 863 677 cum
915 618 1092 689 puella
1143 617 1598 671 concumbeutem
1631 614 1964 669 invenimus.
2011 611 2102 666 Ille

517 731 795 773 rursum:
832 711 1010 766 Vosne
1060 713 1239 780 ipsum
1295 709 1527 771 vidistis,
1580 723 1648 761 an
1710 707 1887 777 puella
1945 705 2102 760 vobis

520 804 826 862 nuntiavit?
879 803 944 856 Hi
974 816 1106 856 vero
1139 800 1348 869 majore
1399 798 1736 868 impudentia
1771 799 2104 868 responden-

522 909 604 951 tes
637 918 649 951 :
683 894 801 967 [xc]
832 891 1091 962 lngressi,
1117 889 1392 958 inquiunt,
1420 888 1664 952 domine,
1696 897 1754 941 nt
1778 896 2102 942 consuetum

519 989 597 1043 illi
638 988 900 1041 honorem
957 983 1305 1045 haberemus,
1340 981 1518 1049 ipsum
1553 989 1609 1035 et
1642 980 1879 1048 puellam
1922 981 1976 1032 in
2013 995 2106 1033 eo-

523 1083 644 1136 dem
678 1079 935 1134 eubieulo
967 1077 1307 1130 dormientes
1340 1073 1453 1142 (91)
1492 1073 1838 1138 invenimus;
1871 1085 2106 1141 cumque

525 1174 757 1243 puellam
795 1166 1374 1240 appreliendissemus,
1411 1165 1522 1217 haec
1545 1179 1734 1217 verum
1774 1145 1933 1216 nobis
1961 1163 2106 1217 fassa

523 1275 626 1327 est,
679 1279 743 1318 ac
793 1263 940 1316 vetiti
991 1258 1321 1313 concubitus
1375 1257 1581 1310 crimen
1627 1255 1973 1311 confessione
2009 1270 2107 1309 sua

524 1370 710 1408 coram
742 1353 922 1422 legato
953 1359 1046 1404 tuo
1075 1357 1127 1402 et
1163 1346 1434 1416 frequenti
1473 1346 1674 1415 popqu
1716 1343 2063 1399 confirmavit
2091 1359 2104 1396 :

525 1447 824 1513 eademque
867 1442 938 1495 ob
973 1440 1279 1493 admissum
1315 1437 1498 1491 scelus
1529 1439 1597 1490 ab
1644 1450 1711 1489 eo
1740 1435 1830 1488 die
1871 1434 1937 1487 ad
1972 1435 2111 1488 hanc

525 1539 669 1591 diem
695 1537 747 1588 in
771 1533 1033 1588 damonis
1063 1531 1338 1600 mancipio
1361 1541 1464 1584 est.
1493 1528 1629 1582 Tum
1656 1527 1899 1597 episcopi
1921 1526 2111 1580 Orien-

527 1633 600 1687 tis
627 1633 776 1701 ipsos
807 1628 1172 1696 interpellant,
1212 1635 1266 1680 et
1301 1624 1499 1678 Protus
1534 1625 1856 1693 Aneyranus
1889 1620 1999 1691 (92)
2033 1621 2110 1674 sic

531 1726 825 1791 interrogat
855 1740 868 1774 :
911 1722 954 1773 0
986 1716 1200 1772 scelesti
1250 1715 1468 1784 Deoquc
1495 1713 1646 1768 exosi
1679 1710 1831 1766 Judae
1871 1711 2112 1764 imitato-

2202 521 2416 590 ἐπέχων
2452 519 2672 590 θρόνονο
2721 518 2820 580 Τίς
2851 518 2884 585 ἡ
2919 517 3246 585 κατηγορία,
3295 516 3362 586 ἢν
3389 520 3595 569 ποιεῖτε
3641 521 3782 572 κατὰ

2200 613 2296 666 τοῦ
2351 612 2651 665 ἐπισκόπου
2694 609 2884 681 ύμῶν;
2924 611 2986 661 Οί
3032 609 3088 660 δὲ
3129 608 3336 678 ἁνίεροι
3378 610 3781 682 ἀπεκρίθησαν,

2201 706 2456 774 λέγοντες
2477 723 2491 735 ·
2527 706 2794 767 Δέσποτα,
2827 703 3061 772 εῦρομεν
3094 703 3256 755 αὑτὸν
3306 707 3444 772 μετά
3476 706 3574 775 τῆς
3615 707 3784 776 κόρης

2206 798 2616 866 συγγινόμενόν.
2642 797 2804 862 Λέγει
2828 796 3014 858 αὐτοῖς
3035 813 3048 826 ·
3098 794 3288 863 Ὑμεῖς
3322 798 3483 849 αὑτὸν
3522 797 3711 860 εἴδετε,
3747 798 3781 868 ἦ

2203 890 2236 959 ἡ
2281 888 2417 958 κόρη
2442 888 2572 956 ύμῖν
2601 887 2896 957 ἐλάλησενς
2928 889 2992 939 Οἱ
3023 886 3081 940 δὲ
3111 887 3273 940 πάλιν
3300 889 3787 959 ἀναισχυντοῦντες

2206 975 2397 1032 εἷπον’
2449 978 2827 1050 Εἰσὴλοομεν,
2887 978 3143 1042 δέσποτα,
3209 981 3352 1034 κατὰ
3413 980 3513 1052 τὴν
3578 980 3783 1052 συνήθη

2205 1069 2579 1142 προσκύνησιν
2615 1071 2751 1142 πρὸς
2781 1070 2966 1136 αὐτὸν,
2995 1072 3089 1125 κοι¹ι⁸
3132 1071 3367 1142 εὕρομεν
3397 1073 3555 1126 αὑτὸν
3593 1075 3690 1126 σὺν
3715 1077 3782 1144 τῇ

2207 1164 2346 1235 κόρῃ
2372 1165 2758 1234 κοιμωμένους
2787 1165 2843 1215 ἐν
2869 1164 2947 1234 τῷ
2973 1163 3193 1218 κοιτῶνι
3228 1162 3395 1217 αὐτοῦ
3415 1181 3428 1194 ·
3456 1163 3552 1216 καὶ
3577 1165 3787 1235 κρατή-

2211 1272 2404 1318 σαντες
2432 1257 2601 1324 αὐτὴν
2631 1256 2968 1326 όμολόγησεν
3002 1257 3133 1325 ἡμῖν
3165 1256 3226 1308 τὸ
3252 1255 3472 1326 ἀληθὲς,
3510 1257 3787 1326 ποιήσασα

2211 1346 2610 1416 συγκατάθεσιν
2636 1350 2733 1417 τῆς
2766 1348 3086 1418 παρανόμου
3116 1349 3295 1400 αὐτῶν
3327 1348 3545 1416 μίξεως,
3571 1347 3665 1399 ἐπὶ
3693 1348 3787 1400 τοῦ

2210 1439 2443 1510 ἐξάρχου
2473 1441 2569 1493 καὶ
2599 1439 2744 1493 λαῶν
2780 1439 2991 1493 πολλῶν
3019 1458 3032 1470 ·
3075 1443 3169 1493 καὶ
3205 1439 3293 1492 διὰ
3334 1440 3434 1512 τὴν
3473 1439 3790 1509 παράνομον

2211 1532 2378 1601 αὐτῆς
2410 1531 2610 1602 πρᾶξιν
2631 1533 2697 1584 ἐκ
2725 1532 2845 1582 τότε
2873 1531 2966 1584 καὶ
2987 1529 3082 1583 νῦν
3112 1531 3218 1583 ὑπὸ
3247 1530 3500 1600 δαίμονος
3535 1529 3790 1599 ὲκυριεύο

2213 1624 2303 1694 Θη.
2350 1625 2618 1693 Λέγουσιν
2671 1623 2868 1696 αὐτοῖς,
2906 1624 2954 1674 οί
2997 1623 3096 1690 τῆς
3139 1622 3432 1691 Ἀνατολῆς
3479 1623 3788 1681 ἐπίσκοποι,

2217 1717 2440 1786 Πρῶτος
2465 1718 2493 1768 6
2520 1718 2620 1786 τῆς
2651 1715 2924 1786 Ἀγκύρας
2945 1733 2958 1746 ο
2992 1714 3306 1784 Παράνομοι
3336 1714 3429 1766 καὶ
3459 1713 3793 1781 θεοκατάρα-

533 1832 640 1877 res,
677 1815 800 1868 idne
863 1813 1070 1866 crimen
1121 1808 1328 1861 malitia
1365 1816 1544 1860 vestra
1590 1803 1876 1866 confinxit,
1909 1818 1977 1856 an
2011 1800 2110 1854 viri

2221 1826 2316 1873 τοι,
2348 1811 2396 1861 οἱ
2440 1808 2730 1861 Ἰουδαϊκὸν
2765 1807 2980 1876 ἔχοντες
3011 1806 3265 1876 φρόνημα
3289 1821 3302 1834 °
3355 1807 3389 1876 ἡ
3431 1805 3584 1876 ὑμῶν
3616 1821 3793 1873 παρα·

534 1907 698 1972 bujns
746 1905 880 1974 justi
938 1905 1114 1973 pietas
1153 1898 1412 1952 admisit?
1463 1897 1664 1951 Contra
1700 1895 1948 1964 sacrilegi
1991 1893 2106 1947 illi:

531 1997 788 2060 Omnino,
821 1994 1091 2062 inquittnt,
1125 1991 1384 2060 puellam,
1412 2004 1444 2040 ο
1480 1987 1708 2052 domini,
1760 1986 1816 2039 in
1871 1985 2111 2038 medium

534 2076 830 2159 producite,
865 2095 1138 2154 utcunque
1185 2098 1246 2136 ea
1297 2083 1440 2134 labet
1475 2097 1539 2134 ae
1591 2093 1814 2147 Spumas
1860 2087 2002 2146 agat,
2054 2086 2112 2130 ut

535 2181 690 2235 vobis
728 2177 1040 2232 videntibus
1091 2175 1255 2228 istum
1292 2182 1576 2241 coarguat.
1609 2170 1790 2225 Missis
1828 2170 1993 2238 igitur
2021 2169 2112 2238 qui

458 2295 461 2299 -
533 2274 767 2342 puellam
799 2269 1156 2333 adducerent,
1185 2282 1370 2321 coram
1406 2276 1594 2318 sancta
1621 2263 1827 2334 synodo
1852 2262 2113 2331 producta

532 2378 636 2431 est,
666 2364 880 2418 duobus
913 2363 979 2415 de
1013 2375 1176 2429 grege
1205 2359 1668 2413 calumniatorum
1705 2371 1824 2410 eam
1856 2370 2115 2408 coercen-

534 2459 679 2512 tibus
711 2476 722 2510 :
756 2471 875 2526 quze
897 2455 1047 2508 stetit
1075 2460 1289 2506 mutato
1317 2452 1490 2516 vultu,
1518 2466 1617 2503 nec
1649 2449 1740 2502 tibi
1772 2458 1917 2502 esset
1946 2463 2114 2515 agno-

534 2552 630 2602 vil.
669 2547 775 2601 Sed
810 2544 1049 2615 pontifex
1086 2543 1358 2596 maximus
1395 2540 1815 2595 accusatoribus
1851 2541 1926 2593 ait
1960 2559 1972 2593 :
2008 2537 2118 2592 Ve—

536 2656 658 2694 rum
695 2654 792 2692 vos
838 2637 1019 2701 edite;
1056 2649 1179 2688 nam
1233 2634 1358 2687 buie
1416 2650 1521 2686 non
1572 2632 1873 2698 credimus,
1921 2647 2019 2684 nec
2052 2630 2118 2684 de

537 2731 870 2787 dmmouiaco
906 2743 969 2782 ac
1012 2727 1221 2781 furioso
1249 2725 1513 2792 indicium
1566 2729 1640 2778 lit.
1699 2723 1918 2777 Addunt
1946 2722 2119 2775 sacri-

539 2828 639 2893 legi
677 2824 749 2876 illi
793 2839 808 2878 :
842 2822 1021 2889 ipsum
1061 2819 1225 2872 etiatn
1263 2817 1512 2871 criminis
1560 2827 1836 2869 auctorem
1886 2815 2117 2866 interro-

538 2927 680 2986 gate,
720 2912 996 2984 quomodo
1041 2927 1098 2964 se
1135 2908 1407 2962 defendat.
1457 2905 1754 2975 Gregorius
1790 2918 1917 2958 vero
1946 2901 2120 2955 oculis

537 3009 894 3070 circumlatis,
936 3003 1010 3056 ita
1063 3017 1158 3055 eos
1191 3000 1387 3053 allatus
1412 3008 1492 3052 est
1521 3016 1535 3052 :
1572 3018 1589 3049 ε
1627 2999 1926 3066 Surgt-ntes
1954 3005 2121 3050 testes

541 3100 736 3168 iniqui,
761 3111 883 3165 qua:
910 3094 1229 3162 ignorabam
1283 3089 1693 3158 interrogabant
1718 3105 1825 3152 me,
1859 3089 2122 3142 retribue-

540 3193 671 3246 bant
699 3188 994 3244 mihi’mala
1027 3201 1126 3255 pro
1171 3184 1329 3238 bouis
1361 3183 1496 3253 (95).
1531 3201 1548 3233 ι
1586 3182 1782 3234 Verum
1819 3179 1981 3242 Deus,
2010 3179 2122 3234 fra-

542 3293 674 3345 tres,
710 3283 814 3335 hoc
851 3280 1007 3333 vobis
1055 3276 1269 3331 fat-inus
1312 3276 1575 3328 remittat.
1613 3272 1740 3327 Haec
1785 3287 1850 3325 eo
1892 3272 2125 3344 dicente,

544 3373 741 3425 mulier
773 3383 1034 3438 spumans
1082 3381 1147 3422 ac
1195 3367 1329 3420 flens
1375 3373 1502 3418 ante
1544 3363 1684 3418 beati
1733 3362 1833 3416 viri
1867 3363 2028 3430 pedes
2072 3363 2124 3416 iu

543 3465 711 3518 altum
739 3478 768 3515 a
799 3462 1046 3514 diemone
1079 3457 1290 3513 sublata
1318 3465 1421 3510 est.
1457 3454 1547 3509 ille
1570 3470 1697 3508 vero
1722 3457 1900 3510 oculis
1929 3457 1992 3509 ad
2019 3438 2128 3510 ete-

546 3561 656 3609 lum
687 3553 905 3616 erectis,
943 3553 1140 3604 tacitus
1166 3550 1231 3602 ad
1265 3549 1454 3601 borani
1491 3547 1835 3615 suppliravit,
1873 3549 2129 3602 omnibus

547 3643 718 3696 aciein
753 3641 804 3693 in
840 3655 962 3692 eum
1021 3637 1427 3691 intendentibus
1475 3653 1489 3690 :
1541 3637 1898 3706 absolutaque
1937 3654 2128 3707 preca-

547 3737 693 3790 tione
717 3734 994 3786 silentiuin
1026 3729 1283 3798 abrupit:
1319 3729 1374 3782 lit
1419 3729 1473 3781 in
1508 3731 1751 3793 nomine,
1784 3730 1984 3800 inquit,
2022 3735 2127 3786 llo-

549 3827 680 3878 ntiui
734 3823 825 3875 Dei
863 3822 1172 3876 Servatoris
1204 3818 1378 3872 nostri
1426 3817 1554 3872 Jesn
1587 3819 1810 3885 Christi,
1854 3831 1906 3874 et
1943 3837 2128 3876 coram

548 3918 755 3972 sanctis
785 3914 1146 3980 maximisque
1177 3911 1436 3979 apostolis
1474 3919 1637 3980 atque
1671 3912 1742 3965 ob
1778 3927 1966 3982 preces
1997 3927 2129 3966 san-

548 4023 782 4073 ctorum,
835 4007 927 4077 qui
983 4005 1070 4059 bic
1116 4004 1337 4067 adsunt,
1392 4003 1636 4068 Patrum,
1687 4004 1796 4067 exi,
1853 4003 2131 4058 immunde

551 4103 794 4170 spiritus,
827 4114 856 4154 e
887 4100 1146 4167 figmento
1183 4096 1296 4161 Dei,
1328 4108 1385 4149 ιιι
1414 4095 1527 4148 base
1559 4094 1754 4149 mentis
1783 4109 1913 4150 sana
1942 4111 2128 4150 verum

551 4195 618 4248 de
653 4207 740 4247 me
762 4191 1075 4260 eloquatur.

2214 1902 2376 1970 νομία
2409 1899 2568 1953 τοῦτο
2589 1900 2869 1970 ἐποίησεν,
2902 1897 2936 1968 ἢ
2961 1901 2994 1969 ἡ
3027 1897 3118 1951 τοῦ
3149 1898 3358 1951 δικαίου
3381 1898 3575 1966 ἀνδρὸς
3603 1898 3790 1950 τούτου

2215 1992 2496 2055 εύσέὸειας
2531 1991 2796 2059 Λέγουσιν
2820 1990 3006 2053 αὐτοῖς
3038 1990 3088 2042 οἱ
3121 1991 3326 2060 ἀνίεροι
3350 2007 3364 2020 °
3387 1991 3564 2054 Ὅλως
3597 1993 3792 2059 φέρετε

2215 2083 2382 2153 αὐτὴν
2409 2083 2487 2146 εἰς
2521 2083 2712 2153 μέσον,
2750 2082 3038 2143 δεσπόται,
3065 2081 3182 2146 πῶς
3215 2085 3405 2134 πίπτει
3431 2083 3524 2135 καὶ
3550 2085 3791 2154 ἀφρίζει,

2217 2176 2305 2230 ἵνα
2353 2175 2499 2247 ἴδητε
2547 2176 2695 2237 ὅπως
2739 2174 2903 2228 αὑτὸν
2952 2175 3171 2244 ἐλέγξῃ.
3235 2174 3680 2238 ’Λποστείλαντες
3735 2176 3794 2229 δὲ

2215 2265 2422 2335 ἤγαγον
2451 2264 2552 2335 τὴν
2582 2266 2754 2336 κόρην
2781 2263 3013 2317 ἐνώπιον
3048 2264 3146 2333 τῆς
3188 2265 3350 2333 ἁγίας
3383 2267 3625 2330 συνόδου,
3654 2284 3795 2335 κρα-

2217 2356 2484 2424 τουμένην
2537 2355 2758 2407 ὑπὸδύο
2803 2357 2868 2408 ἐκ
2912 2357 3006 2408 τοῦ
3049 2355 3290 2427 πονηροῦ
3343 2357 3623 2427 συνεδρίου
3649 2373 3660 2385 ·
3699 2359 3795 2410 καὶ

2217 2451 2417 2521 ἐστάθη
2445 2451 2794 2521 ἁλλοιωμένῳ
2817 2451 2894 2520 τῷ
2921 2454 3221 2523 προσώπῳ,
3257 2453 3330 2523 μὴ
3363 2453 3567 2521 γνοῦσα
3598 2454 3658 2506 τὸ
3686 2453 3793 2505 ποῦ

2218 2544 2468 2614 είστήκῃ.
2510 2544 2673 2611 Λέγει
2697 2544 2878 2606 αὐτοῖς
2909 2545 2936 2596 ό
2966 2545 3154 2607 πάπας
3175 2562 3188 2574 ·
3224 2545 3430 2598 Εἴπατε
3465 2545 3526 2598 τὸ
3554 2545 3750 2614 ἀληθές
3774 2558 3792 2573 ⁶

2217 2635 2422 2705 ταύτης
2471 2635 2579 2706 γὰρ
2624 2637 2785 2705 ἡμεῖς
2829 2637 2891 2688 οὐ
2943 2637 3310 2706 πιστεύομεν·
3351 2638 3796 2708 δαιμονιζόμενος

2218 2728 2326 2800 γὰρ
2374 2728 2471 2782 καὶ
2515 2731 2840 2798 μαινόμενος
2900 2728 3000 2780 οῦκ
3048 2729 3422 2799 ἀνακρίνεται.
3460 2731 3723 2796 Λέγουσιν
3742 2730 3797 2782 οἱ

2219 2821 2455 2891 ὰνίεροι·
2495 2821 2839 2892 Ἐρωτήσατε
2879 2820 2974 2872 καὶ
3006 2821 3094 2872 τὸν
3121 2821 3181 2874 τὸ
3212 2822 3448 2893 πονηρὸν
3471 2824 3794 2892 ποιήσαντα,

2220 2914 2366 2977 ὅπως
2413 2914 2542 2986 εἴπῃ
2590 2914 2660 2966 τὰ
2710 2911 2830 2966 κατ’
2855 2913 3060 2978 αὑτόν;
3113 2913 3170 2966 Ὁ
3215 2915 3272 2967 δὲ
3329 2916 3797 2985 περιϐλεψάμενος

2222 3004 2574 3072 λέγειαύτοῖς
2599 3021 2611 3034 ·
2654 3023 2672 3056 ι
2713 3005 3072 3068 Ἀναστὰντες
3107 3023 3199 3075 μοι
3232 3006 3508 3077 μάρτυρες
3539 3010 3732 3070 ἄδικοι,
3761 3008 3800 3063 ἃ.

2149 3131 2196 3192 c
2224 3097 2324 3148 οῦκ
2348 3095 2666 3163 ἐγίνωσκον,
2711 3097 2944 3167 ἠρώτων,
2979 3114 3070 3166 με,
3110 3098 3532 3152 ἁνταπεδίδοσάν
3569 3117 3660 3168 μοι
3703 3116 3800 3151 πο-

2227 3187 2367 3259 νηρὰ
2418 3189 2538 3241 ἀντὶ
2589 3189 2830 3256 ἀγαθῶν.
2869 3209 2884 3239 ι
2925 3189 3090 3260 Πλὴν,
3133 3190 3374 3259 ἀδελφοὶ,
3424 3193 3452 3244 6
3493 3191 3625 3256 Θεὸς
3672 3193 3800 3262 ὑμῖν

2230 3281 2558 3352 συγχωρήσῃ
2585 3281 2646 3333 τὸ
2673 3281 2858 3352 δρᾶμα
2894 3283 3076 3336 τοῦτο.
3111 3283 3296 3336 Ταῦτα
3340 3282 3396 3335 δὲ
3427 3284 3590 3337 αὐτοῦ
3621 3283 3801 3338 εἰπόν-

2227 3390 2330 3433 τοζ.
2373 3373 2610 3443 ὲπεδάρη
2659 3375 2763 3426 ὑπὸ
2808 3374 2901 3427 τοῦ
2939 3375 3192 3443 δαίμονος
3240 3377 3273 3444 ἡ
3311 3376 3446 3446 γυνὴ
3497 3377 3804 3446 ἀφρίςουσα

2228 3467 2322 3517 καὶ
2354 3465 2616 3518 κλαίουσα
2651 3467 2800 3534 παρὰ
2830 3468 2957 3529 τοὺς
2995 3467 3162 3529 πόδας
3210 3467 3302 3519 τοῦ
3338 3468 3633 3536 μακαρίου.
3671 3467 3800 3519 Τὰτε

2227 3558 2256 3610 6
2303 3557 2573 3629 μακάριος
2614 3559 2711 3610 καὶ
2751 3559 2906 3623 ἅγιος
2937 3557 3029 3608 τοῦ
3058 3557 3193 3610 Θεοῦ
3222 3559 3346 3620 τοὺς
3367 3558 3676 3628 ὀφθαλμοὺς
3725 3560 3802 3619 είς

2227 3650 2320 3701 τὸν
2349 3649 2578 3718 οὐρανὸν
2609 3649 2844 3716 ἐπάρας,
2874 3649 2929 3698 ἐν
2958 3647 3137 3718 ἐαυτῷ
3169 3648 3507 3718 προσεύξατο
3538 3650 3629 3700 ἐπὶ
3658 3646 3808 3716 ὥραν

2233 3741 2383 3810 μίαν,
2416 3741 2634 3792 πάντων
2659 3739 2822 3791 αὑτὸν
2858 3739 3211 3802 ἀτενιζόντων
3232 3755 3245 3767 ο
3281 3741 3374 3792 καὶ
3413 3741 3708 3811 πληρώσας
3748 3744 3807 3792 ὲν

2229 3831 2428 3902 ἑαυτῷ,
2457 3831 2608 3898 λέγει
2631 3845 2645 3858 '
2687 3830 2810 3882 Ἐπὶ
2841 3830 2919 3900 τῷ
2941 3831 3165 3897 ὀνόματι
3196 3830 3288 3883 τοῦ
3315 3832 3521 3901 Κυρίου
3553 3831 3648 3884 καὶ⁵
3672 3833 3805 3882 Θεοῦ

2230 3925 2326 3978 καὶ
2370 3923 2622 3991 Σωτῆρος
2671 3925 2830 3993 ἡμῶν
2869 3923 3045 3994 Ἰησοῦ
3099 3922 3362 3993 Χριστοῦ.
3407 3926 3501 3977 καὶ
3550 3927 3614 3994 τῇ
3671 3942 3811 3995 παρ-

2229 4017 2386 4084 ουσία
2434 4016 2539 4068 τῶν
2595 4016 2766 4082 ἁγίων
2823 4016 2917 4068 καὶ
2978 4017 3291 4086 κορυφαίων
3339 4017 3675 4081 ἀποστόλων,
3719 4020 3808 4070 καὶ

2229 4111 2321 4163 διὰ
2361 4110 2471 4161 τῶν
2525 4107 2702 4177 εύχῶν
2756 4108 2864 4159 τῶν
2911 4108 3086 4174 ἁγίων
3127 4108 3236 4160 τῶν
3285 4109 3512 4178 Πάτρων
3565 4110 3805 4170 πάντων,

2230 4203 2436 4273 δαίμων
2491 4201 2795 4270 ἀκάθαρτε,
2845 4200 3029 4265 ἔξελθε
3078 4201 3186 4253 ἀπὸ
3232 4201 3324 4252 τοῦ
3356 4201 3672 4270 πλάσματος
3713 4201 3809 4254 τοῦ

2230 4300 2391 4362 Θεοῦ,
2444 4299 2533 4351 ἵνα
2587 4297 2940 4367 σωφρονοῦσα
2995 4297 3293 4366 φθέγξηται
3343 4299 3403 4348 τὸ
3443 4298 3637 4366 ἀληθὲς
3682 4298 3808 4366 περὶ

2233 4391 2391 4460 ἐμοῦ.

626 4465 857 4526 LXXIV.
893 4465 1042 4519 lllieo
1093 4473 1272 4517 autem
1319 4459 1542 4527 spiritus
1582 4473 1701 4511 eam
1748 4455 1889 4510 male
1926 4468 2120 4508 vexans

2266 4455 2276 4460 ‘
2305 4484 2423 4536 ΟΧ.
2455 4482 2675 4544 Εὐθέως
2711 4483 2765 4534 δὲ
2810 4485 2905 4534 καὶ
2940 4483 3284 4551 παραχρῆμα
3321 4481 3604 4550 σπαράξαν
3641 4482 3811 4550 αὐτὴν

556 4563 800 4632 reliquit,
852 4558 1131 4628 iacuitque
1181 4552 1357 4621 puella
1415 4562 1675 4619 tanquam
1734 4558 1968 4601 mortua.
2027 4544 2130 4597 Sed

557 4672 674 4711 eam
713 4652 1009 4719 Gregorius
1048 4663 1207 4701 manu
1246 4644 1585 4713 apprehensa
1617 4640 1907 4704 excitavit;
1950 4639 2133 4706 itaque

558 4762 743 4802 eorum
793 4742 1047 4797 omnibus
1091 4737 1356 4794 constitit.
1406 4735 1581 4802 Ipsam
1628 4732 1794 4800 igitur
1833 4731 2134 4797 interroga-

559 4850 707 4901 runt,
743 4851 850 4906 quo
895 4833 1113 4886 nomine
1162 4828 1556 4898 appellaretur;
1605 4837 1727 4892 quae
1769 4822 1891 4874 ait:
1933 4818 2133 4871 Evodia

561 4945 743 4984 vocor.
775 4924 910 4978 Tum
940 4921 1325 4990 cbartopbylax
1360 4936 1371 4970 :
1408 4916 1570 4979 Num,
1612 4913 1809 4984 inquit,
1843 4927 1876 4965 ο
1913 4910 2129 4972 mulier,

631 5064 739 5134 (9i)
769 5062 902 5134 Cod.
1014 5060 1106 5111 καὶ
1146 5057 1380 5126 εῦρομεν
1403 5052 1571 5121 αὐτὴν
1605 5048 1952 5119 κοιμωμένην
1977 5047 2033 5098 ὲν
2058 5045 2135 5116 τῷ

558 5130 780 5190 κοιτῶνι
806 5130 990 5184 αὑτοῦ.

637 5185 745 5271 ἶ99.)
787 5197 1434 5271 iluuci’rotumfrustra
1477 5192 1605 5246 alibi
1647 5202 1881 5269 quieras.
1927 5185 2135 5239 Indices

559 5259 823 5330 llarduini
874 5270 1079 5323 nullum
1141 5269 1341 5320 turbent
1401 5264 1620 5316 Protum
1673 5259 2010 5330 episcopum:
2041 5270 2136 5330 ne-

557 5324 700 5399 dum
720 5324 1091 5411 Ancyrannm.
1123 5337 1294 5411 Locus
1325 5331 1661 5411 taitie_ti_littic
1686 5324 1768 5382 est
1802 5324 1945 5411 apud
1972 5324 2137 5411 Quie:

559 5396 692 5467 tium
732 5396 961 5482 (Orident.
1004 5408 1222 5482 Curat.
1273 5406 1316 5482 1.
1365 5403 1574 5482 ιιι-ΕΒ.)
1609 5401 1751 5482 inter
1795 5396 2138 5482 ‘Paulnmﬂet

558 5465 839 5538 ﬁat—orietur
881 5499 894 5534 :
931 5465 1054 5534 nam
1112 5479 1198 5530 ille
1234 5477 1334 5529 sub
1368 5465 1602 5526 'Tiberio
1641 5468 2002 5538 Constantino
2039 5465 2135 5516 flo~

560 5537 691 5612 ruit,
722 5553 808 5606 hic
829 5552 932 5604 sub
961 5549 1324 5604 Constantino
1354 5544 1628 5608 Pogouato
1653 5554 1667 5588 :
1696 5547 1752 5612 u_t
1773 5537 2138 5612 interutrum-

560 5606 810 5688 qne'bini
857 5623 1047 5674 saltem
1089 5616 1329 5688 episcopi
1366 5606 1967 5688 Ancyranzeggcelesiaa
1999 5620 2137 5672 prae-

563 5676 733 5745 fuisse
765 5690 990 5760 putandi
1019 5676 1147 5743 sint.
1179 5676 1425 5760 Mortuus
1445 5676 1588 5735 enim
1618 5686 1700 5731 est
1721 5676 2137 5760 Tiberius-auito

561 5762 689 5826 586,
738 5745 1030 5830 imperium
1072 5759 1213 5828 cepit
1260 5756 1571 5824 Pogonatus
1606 5763 1748 5802 anno
1782 5745 1912 5811 668;
1958 5745 2139 5797 Plato-

2235 4574 2296 4627 τὸ
2328 4575 2546 4643 πνεῦμα
2587 4572 2812 4641 ἐξῆλθεν
2846 4573 2941 4626 ἀπ’
2972 4573 3182 4641 αύτῆςο
3233 4574 3448 4642 ἔμεινεν
3491 4573 3550 4626 δὲ
3590 4575 3622 4644 ἡ
3675 4574 3809 4643 κόρη

2237 4665 2419 4734 ἐκείνη
2453 4665 2528 4728 ὡς
2564 4665 2756 4736 νεκρά.
2795 4666 2904 4716 Καὶ
2956 4669 3235 4736 κρατήσας
3269 4666 3438 4734 αὐτὴν
3479 4665 3576 4734 τῆς
3611 4667 3808 4735 χειρὸς,

2237 4758 2458 4826 ἤγειρεν
2519 4756 2712 4826 αὐτὴν,
2771 4757 2864 4809 καὶ
2919 4756 3174 4810 σταθεῖσα
3225 4759 3255 4826 ἠ
3317 4758 3452 4827 κόρη
3502 4758 3810 4827 ἔμπροσθεν

2238 4849 2478 4909 πάντων,
2524 4847 2816 4916 ἠρώτησαν
2869 4850 3056 4919 αὐτὴν,
3093 4851 3143 4902 τί
3187 4850 3246 4901 τὸ
3275 4851 3445 4918 ὄνομα
3491 4867 3619 4915 σου;
3666 4851 3727 4902 Ἢ
3757 4851 3812 4903 6‘:

2238 4939 2363 5015 ἔφη,
2398 4939 2609 4992 Εύωδία
2642 4939 2935 5009 καλοῦμαι.
2983 4942 3144 5008 Λέγει
3191 4941 3327 5011 αὐτῇ
3368 4944 3396 4993 6
3443 4940 3809 5011 χαρτοφύλαξ.

2240 5093 2359 5156 nem
2388 5086 2590 5156 tamen
2628 5076 2826 5156 fuissth
2877 5081 2966 5147 qui
3027 5081 3152 5134 huic
3196 5083 3403 5150 synodo
3439 5081 3698 5138 Romanae
3731 5086 3811 5136 iu-

2239 5150 2729 5232 tet-l'ttit,.tt01tttiliil
2787 5153 3080 5232 haesitans.
3112 5153 3368 5220 opinatus
3414 5162 3492 5205 est
3545 5153 3809 5218 Quieuus.

2240 5218 2560 5282 Gregorium
2596 5227 2837 5271 nostrum
2883 5218 3368 5274 lilonotbel'etarunt
3425 5233 3581 5276 aetate
3615 5226 3814 5278 vixisse

2243 5297 2414 5346 ratus,
2451 5301 2613 5352 quam
2649 5295 2790 5354 apud
2827 5287 3046 5342 Suriutn
3088 5290 3316 5343 indit-ari
3350 5293 3576 5346 viderat.

2308 5355 2420 5422 (95)
2459 5355 2658 5430 Psaltu.
2697 5374 2878 5423 xxxrv,
2932 5359 3018 5414 Η.
3055 5360 3140 5414 12.
3172 5361 3275 5413 Sed
3328 5362 3465 5430 apud
3500 5362 3636 5417 LXX
3679 5366 3815 5417 scri-

2242 5435 2390 5492 ptum
2419 5435 2523 5491 est,
2569 5426 2925 5501 Ἀναστὰντες
2966 5430 3242 5500 μάρτυρες
3272 5426 3465 5496 ἄδικοι,
3499 5431 3534 5485 ἃ
3565 5435 3665 5486 οὐκ
3703 5436 3814 5501 ἐγί-

2239 5495 2807 5575 νωσκονκὲςτηριξιτων
2853 5515 2918 5564 με
2945 5495 3418 5575 ’ἀνταπεδίδοσαν
3456 5519 3544 5570 μοι
3606 5495 3819 5574 πονηρὰ

2239 5569 2361 5617 ἀντὶ
2415 5565 2611 5618 καλῶν.
2668 5567 2935 5621 Cmterum
2999 5573 3051 5621 in
3120 5571 3238 5622 Aldi
3277 5565 3466 5625 codice
3520 5589 3626 5626 non
3669 5565 3820 5628 deest

2242 5652 2352 5714 μοι,
2381 5645 2434 5714 et
2461 5637 2514 5714 in
2546 5637 3467 5714 .Alexairdriuoexemplarilegitur
3497 5644 3727 5714 ἠρώτων
3768 5656 3824 5699 et

2240 5705 2363 5757 ἀντὶ
2387 5705 2630 5771 ἀγαυῶν,
2662 5718 2716 5760 ut
2748 5705 3218 5764 Leontius'noster
3250 5705 3433 5765 habet.
