4158 6540
289 429 385 495 681

1289 428 1354 487 S.
1388 421 1769 487 GREGORII
1806 411 2321 486 AGRIGENTINI
2345 419 2544 484 VlTA.

289 541 440 616 Ἀρά
463 560 548 612 γε,
568 539 752 612 γύναι,
772 540 1067 594 ἐπίστασαι
1095 531 1184 591 τδν
1215 537 1516 590 ἐπίσκοπον
1541 537 1640 608 τῆς
1667 535 1877 598 πόλεώς

2001 534 2135 588 trbis
2187 542 2294 588 tute
2349 533 2669 602 episcopum
2705 531 2890 587 nosti?
2935 528 3033 585 Cui
3082 528 3169 584 illa
3221 547 3235 586 :
3285 519 3557 594 Profecm,

291 657 432 703 σου;
469 639 632 705 Λέγει
667 634 817 704 αὐτῷ
857 635 890 706 ή
927 634 1067 704 κόρη
1093 649 1106 662 ·
1147 631 1279 695 Ναὶ,
1310 625 1568 695 δέσποτα,
1595 631 1690 684 καὶ
1731 631 1875 683 πάνυ

289 731 457 786 αὐτὸν
487 729 788 798 ἐπίσταμαι
815 743 829 756 ⁸
861 725 1126 790 πολλάκις
1152 724 1261 794 γάρ
1291 722 1563 795 ἐθεώρουν
1597 719 1760 778 αὑτὸν
1795 723 1877 776 δι-

291 822 590 896 ερχόμενον
620 821 715 874 καὶ
741 821 1210 889 ἐπισκεπτόμενον
1234 817 1442 880 πάντας
1468 817 1595 880 τοὺς
1627 811 1880 886 πτωχοὺς

291 919 393 988 τῆς
419 913 650 978 πόλεως,
684 913 780 966 καὶ
815 913 937 975 ταῖς
964 911 1164 982 χήραις
1197 910 1294 963 καὶ
1321 908 1578 979 ὀρφανοῖς
1621 906 1880 978 παρέχων

294 1008 363 1062 τά
399 1008 536 1078 πρὸς
579 1005 680 1077 τὴν
724 1005 937 1076 χρείαν.
971 1004 1146 1072 Κάγὼ
1175 1004 1313 1074 αὑτὴ
1363 1003 1397 1073 ή
1437 1001 1600 1055 ἀθλία
1648 1003 1880 1055 πάντοτε

295 1099 427 1172 παρ’
460 1097 629 1153 αὐτοῦ
676 1098 943 1168 ἐδεχόμην
971 1095 1342 1166 ἐλεημοσύνην
1387 1095 1537 1166 παρὰ
1581 1092 1676 1146 τοῦ
1718 1109 1880 1146 τετα-

295 1193 501 1262 γμένου
537 1192 617 1254 εἰς
646 1191 706 1243 τὸ
734 1191 1023 1243 διακονεῖν.
1049 1177 1315 1256 λέγουσιν
1343 1187 1480 1257 αὐτῇ
1508 1185 1674 1240 πάλιν
1718 1184 1846 1238 τάδε
1867 1199 1882 1216 ·

303 1286 401 1347 Σὺ,
435 1284 620 1352 γύναι,
666 1283 840 1351 ἔγνως
881 1281 973 1334 τὸν
1007 1281 1177 1350 ἄνδρα
1213 1277 1512 1346 ἐπιμίξεως
1559 1277 1884 1346 σωματικῆς

298 1379 592 1446 γενόμενον
627 1374 769 1446 μετὰ
802 1374 932 1439 σοῦ;
977 1372 1041 1426 Ἦ
1066 1372 1122 1425 δέ
1151 1369 1455 1435 στενάξασα
1479 1371 1544 1422 ἐκ
1567 1369 1764 1439 βάθους
1789 1368 1884 1421 καὶ

298 1471 640 1544 δακρύσασα,
670 1471 854 1541 ἄρασα
896 1469 996 1539 τὴν
1042 1467 1228 1537 φωνὴν
1278 1467 1359 1528 είς
1394 1465 1547 1534 ὕψος,
1589 1460 1776 1517 εἷπεψ
1806 1466 1882 1534 Ζῇ

298 1566 507 1636 Κύριος
554 1565 664 1617 τῶν
703 1563 1010 1634 δυνάμεων,
1039 1562 1140 1614 οὐκ
1187 1556 1304 1613 οἶδα
1332 1557 1424 1612 τὸν
1454 1558 1739 1628 ἄνθρωπον
1764 1557 1888 1610 τοῦ-

300 1677 418 1722 τον,
452 1659 536 1722 τίς
567 1659 736 1718 ἐστιν,
765 1655 950 1717 καθὼς
971 1653 1124 1706 αὐτοὶ
1159 1653 1422 1723 εἰρήκατε
1448 1651 1739 1720 γενόμενον
1768 1649 1886 1718 μετ’

305 1752 442 1824 ἐμοῦ
470 1770 484 1783 ·
516 1750 650 1805 ἀλλὰ
680 1748 906 1812 Σαὸῖνος
942 1748 1036 1801 καὶ⁹
1061 1747 1464 1818 Κρησκεντῖνος
1503 1735 1649 1798 οῦτοι
1673 1745 1720 1796 οἱ
1747 1761 1886 1814 παρ-

304 1846 600 1916 εστηκότες
658 1841 972 1914 ἔμπροσθεν
1027 1839 1207 1910 ὑμῶν,
1253 1838 1408 1892 αὐτοί
1455 1855 1522 1908 με
1568 1838 1888 1908 ἠνάγκασαν
1921 1882 1962 1937 Β

304 1937 687 2006 κατηγορῆσαι
718 1934 810 1987 τὸν
849 1933 1058 1987 δίκαιον
1096 1931 1322 1985 τοῦτον
1350 1931 1608 2002 χρήματα
1652 1931 1761 2001 γάρ
1795 1948 1886 2000 μοι

303 2027 672 2082 κατεδάλοντο
699 2021 882 2085 ἱκανὰ,
911 2023 1023 2086 ἵνα,
1047 2022 1123 2084 ὡς
1155 2016 1330 2086 εἶπον,
1359 2019 1670 2090 κατελέγξω
1702 2021 1888 2085 αὐτὸν,

303 2114 508 2176 ἀδίκως
546 2113 1010 2182 παρανομήσασα,
1037 2108 1384 2180 ἀπατηθεῖσα
1426 2109 1531 2164 ὑπὸ
1563 2111 1674 2162 τῶν
1711 2127 1893 2182 παρα-

305 2202 490 2270 νόμων
529 2200 742 2270 ἀνδρῶν
772 2200 1000 2254 τούτων.
1049 2189 1446 2255 Ἀνταποδώσει
1472 2203 1657 2262 αὐτοῖς
1687 2201 1892 2272 Κύριος

309 2295 338 2346 0
366 2293 496 2356 Θεὸς
528 2293 628 2364 τὴν
651 2293 928 2364 ἁμαρτίαν
955 2294 1055 2364 τῆς
1079 2293 1222 2364 ἐμῆς
1247 2293 1455 2365 ψυχῆς*
1490 2296 1571 2357 είς
1600 2293 1708 2362 γὰρ
1739 2295 1890 2365 διετῆ

312 2384 500 2457 χρόνον
532 2387 626 2438 καὶ
661 2385 837 2455 μῆνας
867 2385 926 2452 ἒξ
957 2385 1325 2457 ἐϐασανίσθην
1351 2385 1458 2439 ὑπὸ
1486 2385 1580 2438 τοῦ
1613 2385 1891 2456 δαίμονος.

313 2477 497 2531 Ταῦτα
522 2469 579 2530 δέ
609 2475 840 2530 εἰποῦσα
867 2476 1123 2531 σταθεῖσα
1153 2478 1251 2532 καὶ
1282 2477 1731 2548 περιϐλεψαμένη
1752 2479 1893 2532 πάν-

309 2584 408 2629 τας
453 2569 580 2632 τοὺς
610 2567 966 2632 ἐπισκόπους,
1003 2567 1098 2621 καὶ
1140 2569 1254 2640 μετ’
1285 2568 1469 2638 ὀλίγον
1510 2569 1896 2639 κατανοήσασα

308 2661 403 2714 τὸν
437 2660 590 2730 ἅγιον
622 2659 946 2730 Γρηγόριον,
986 2661 1202 2729 ἐπέγνω
1236 2660 1436 2714 αὐτόν·
1475 2661 1570 2714 καὶ
1612 2661 1896 2732 δραμοῦσα

315 2749 470 2821 παρὰ
498 2751 623 2813 τοὺς
651 2750 816 2813 πόδας
853 2748 1046 2813 αὑτοῦ,
1083 2749 1348 2804 κλαίουσα
1377 2749 1562 2819 ἔλεγεν
1592 2752 1649 2804 ἐν
1683 2750 1857 2820 ἰσχύει
1879 2767 1894 2782 ο

326 2841 581 2909 Ἐλέησόν
630 2858 718 2912 με,
750 2840 907 2894 δοῦλε
941 2840 1034 2894 τοῦ
1064 2841 1222 2907 Θεοῦ,
1270 2843 1366 2896 καὶ
1402 2843 1760 2915 συγχώρησόν
1806 2861 1897 2914 μοι

313 2933 380 3003 τῇ
407 2934 638 3003 ταπεινῇ
669 2929 730 2985 τὸ
766 2933 1086 3002 παράνομον
1115 2933 1210 2985 καὶ
1253 2932 1514 3004 ἀθέμιτον
1546 2935 1895 3006 συμϐούλιον,

313 3025 342 3075 ὃ
365 3026 599 3094 ἐποίησα
628 3027 708 3088 είς
742 3025 821 3078 σέ.
854 3027 930 3096 Ζῇ
963 3017 1166 3094 Κύριος
1195 3026 1223 3078 ὁ
1249 3025 1382 3090 Θεός
1413 3045 1538 3097 μου,
1566 3029 1629 3081 οὐ
1657 3029 1732 3099 μὴ
1765 3030 1901 3082 ἁνα-

316 3115 429 3169 στῶ
462 3119 526 3168 ἐκ
559 3116 667 3168 τῶν
697 3108 873 3169 ποδῶν
903 3133 1019 3180 σου,
1048 3117 1154 3180 ἕως
1183 3111 1243 3172 οῦ
1284 3117 1383 3188 τὴν
1415 3119 1766 3191 συγχώρησίν
1808 3139 1899 3193 μοι

1977 627 2220 688 domine,
2260 625 2429 695 probe
2461 623 2614 678 illum
2653 622 2785 695 [xei]
2819 623 2943 677 novi
2979 641 2992 676 :
3025 638 3167 692 saepe
3197 615 3343 675 enim
3377 621 3558 692 ipsum

1979 717 2249 781 videbam,
2286 732 2412 772 cum
2458 717 2647 770 urbem
2689 717 2884 778 obiret.
2939 711 2993 770 et
3026 713 3216 771 Omnes
3245 709 3399 769 urbis
3433 711 3562 785 ege-

1980 827 2084 867 nos
2123 810 2402 875 inviseret,
2435 825 2500 864 ac
2526 810 2704 864 viduis
2735 807 3063 879 pupillisque
3112 802 3380 878 quidquid
3423 824 3563 878 opus

1978 913 2127 959 esset
2159 902 2568 973 suppeditaret;
2619 901 2752 970 quin
2806 910 2861 955 et
2895 916 2994 970 ego
3045 899 3244 954 misera
3279 906 3370 970 per
3399 915 3562 954 cura-

1986 1007 2156 1050 torem
2182 995 2303 1065 ejus
2332 994 2526 1064 stipem
2559 994 2629 1049 ab
2659 1009 2725 1048 eo
2754 993 2999 1064 quotidie
3027 994 3232 1063 accepi.
3273 993 3403 1046 Eam
3435 993 3563 1045 vero

1984 1103 2203 1143 rursum
2261 1088 2596 1158 interrogant
2649 1105 2662 1142 :
2710 1087 2780 1139 At
2809 1087 2953 1140 enim
2996 1094 3076 1151 tu,
3112 1081 3332 1148 mulier,
3387 1084 3563 1138 virum

1987 1179 2134 1234 hunc
2171 1193 2467 1248 congressu
2519 1178 2766 1248 corporis
2801 1193 2907 1231 una
2955 1186 3134 1232 tecum
3171 1175 3341 1230 fuisse
3384 1176 3567 1231 nosti?

1987 1266 2087 1326 Hic
2111 1272 2200 1325 illa
2231 1272 2298 1326 ab
2325 1271 2436 1324 imo
2462 1279 2682 1338 pectOre
2719 1269 3004 1336 suspirans
3046 1284 3108 1323 ac
3143 1267 3451 1338 lacrymaus
3480 1267 3568 1321 iu-

1987 1365 2133 1433 genti
2161 1380 2292 1419 voce
2322 1363 2577 1418 clamavit
2611 1381 2624 1416 :
2664 1361 2809 1416 Vivit
2842 1353 3108 1416 Dominus
3143 1353 3428 1424 virtutum,
3468 1361 3568 1415 ho-

1988 1453 2189 1510 minem
2219 1471 2319 1532 ego
2354 1456 2521 1518 hunc,
2549 1451 2672 1526 quis
2711 1456 2799 1521 sit,
2834 1464 3104 1524 quatenus
3144 1469 3358 1507 mecum
3403 1453 3572 1509 fuisse

1987 1557 2087 1615 vos
2114 1537 2352 1606 dixistis,
2389 1540 2500 1598 non
2527 1543 2668 1607 vidi;
2697 1539 2888 1598 verum
2943 1543 3178 1598 Sabinus
3208 1552 3261 1597 et
3306 1542 3570 1598 Crescen—

1991 1631 2175 1700 tinus,
2219 1634 2313 1705 qui
2345 1645 2471 1692 ante
2503 1653 2601 1691 vos
2634 1648 2846 1701 astant,
2885 1631 2958 1691 illi
2997 1638 3100 1706 ipsi
3132 1654 3220 1692 me
3268 1638 3327 1692 ut
3360 1635 3570 1709 justum

1994 1729 2139 1783 hunc
2173 1745 2489 1784 accusarem
2534 1731 2834 1799 adegerunt
2868 1747 2882 1784 :
2926 1733 3212 1800 pecuniam
3252 1733 3396 1788 enim
3440 1733 3574 1788 mihi

1993 1821 2128 1876 satis
2155 1823 2413 1891 grandem
2451 1817 2671 1888 dedere,
2705 1839 2836 1893 quo,
2879 1833 2936 1878 ut
2961 1823 3094 1888 dixi,
3130 1840 3253 1879 eum
3284 1827 3575 1896 redargue-

1994 1926 2109 1965 rem
2144 1910 2279 1981 (94),
2329 1911 2592 1980 iujustum
2635 1928 2766 1968 ausa
2805 1909 3039 1976 facinus,
3079 1925 3137 1968 ut
3171 1929 3256 1969 me
3291 1915 3576 1972 hominum

1993 2003 2222 2057 istorum
2253 2001 2514 2072 iniquitas
2541 2004 2592 2056 in
2629 2003 2874 2058 fraudem
2907 2005 3097 2060 illexit.
3128 2005 3198 2060 At
3231 2003 3437 2062 crium
3476 2012 3577 2063 hoc

1997 2111 2175 2148 meum
2231 2093 2497 2151 Dominus
2553 2095 2698 2151 Deus
2754 2097 2867 2167 pari
2921 2097 3026 2152 illis
3078 2114 3237 2168 poma
3297 2101 3574 2168 rependet.

1992 2178 2128 2242 Nam
2162 2204 2263 2260 ego
2297 2189 2517 2259 quidem
2569 2185 2850 2244 biennium
2897 2202 2951 2243 et
2993 2207 3210 2246 menses
3255 2188 3348 2247 sex
3391 2209 3419 2244 a
3470 2195 3576 2246 dte-

1995 2295 2158 2335 mone
2187 2282 2498 2336 excruciata
2536 2297 2677 2336 sum.
2727 2281 2823 2336 llis
2847 2283 3009 2337 dictis
3042 2299 3164 2337 cum
3193 2292 3344 2337 stans
3386 2285 3578 2339 oculos

1996 2367 2421 2427 circumtulisset
2451 2367 2519 2427 ad
2550 2383 2742 2427 omnes
2769 2374 3078 2443 episcopos,
3113 2375 3277 2443 paulo
3311 2384 3431 2444 post
3454 2374 3578 2428 san-

1995 2473 2144 2518 ctum
2178 2463 2496 2535 Gregorium
2524 2466 2885 2536 contemplata
2923 2468 3161 2537 agnovit,
3195 2477 3357 2537 atque
3387 2483 3581 2524 accur-

1996 2571 2125 2611 rens
2157 2556 2224 2610 ad
2255 2557 2417 2626 pedes
2445 2556 2586 2627 ejus,
2619 2558 2806 2613 multis
2838 2575 2960 2612 cum
3005 2559 3260 2630 lacrymis
3289 2571 3344 2614 et
3383 2559 3581 2630 magno

1997 2648 2164 2703 animi
2189 2645 2376 2702 dolore
2406 2651 2488 2704 sic
2511 2665 2636 2703 eum
2668 2645 2753 2704 est
2783 2651 3017 2705 allocuta
3049 2668 3063 2704 :
3091 2647 3342 2706 Misereat
3368 2662 3418 2706 te
3450 2654 3576 2720 mei,

1997 2756 2032 2794 ο
2074 2733 2170 2795 Dei
2205 2739 2382 2806 serve,
2435 2755 2500 2796 ac
2550 2735 2816 2811 injustum
2866 2743 3225 2813 iniquumque
3264 2740 3577 2812 consilium,

1997 2834 2144 2900 quod
2179 2834 2230 2888 in
2264 2844 2314 2890 te
2343 2825 2724 2903 suscepi,mihi
2747 2832 2950 2889 infelici
2983 2843 3036 2889 et
3059 2833 3288 2904 abjectae
3311 2838 3580 2892 remittas.

2005 2925 2146 2982 Vivit
2179 2929 2440 2984 Dominus
2464 2929 2612 2984 Deus
2648 2944 2822 2992 meus,
2855 2944 2886 2982 a
2933 2923 3160 2998 pedibus
3187 2943 3290 2998 ego
3331 2921 3438 2985 tuis
3472 2946 3582 2985 nou

2001 3031 2128 3076 ante
2157 3013 2471 3083 abscedam,
2504 3037 2670 3092 quam
2703 3014 2837 3075 mihi
2874 3021 3062 3092 ﬂagitii
3095 3013 3197 3077 mei
3231 3019 3444 3076 veniam
3469 3021 3498 3077 εἰ
3533 3023 3585 3077 te.

2001 3099 2192 3165 datam.
2255 3105 2560 3168 reuunties.
2609 3112 2979 3177 Quamobrem
3051 3129 3117 3166 ne
3183 3109 3586 3172 animadvertas

315 3203 656 3280 ἀπαγγείλῃς
682 3209 785 3278 τῆς
805 3209 1131 3280 παρανόμης
1165 3228 1266 3280 μου
1299 3189 1571 3281 πράξεως.
1715 3213 1791 3282 μὴ
1809 3189 1897 3264 *ἐν-

2006 3215 2143 3272 neve
2162 3195 2497 3263 memineris,
2523 3189 2682 3254 Pater
2703 3199 2913 3266 sancte,
2934 3217 3056 3270 quae
3079 3217 3108 3256 a
3128 3217 3214 3258 mc
3238 3203 3376 3258 mala
3393 3199 3584 3261 contra

316 3301 540 3370 νοήσῃς,
556 3299 690 3371 μηδὲ
715 3301 962 3371 μνησθῇς
988 3301 1100 3355 τῶν
1127 3303 1258 3374 παρ’
1285 3302 1420 3374 ἐμοῦ
1448 3303 1797 3374 πραχθέντων
1822 3305 1902 3367 είς

320 3392 381 3445 σέ
413 3391 624 3454 κακῶν,
657 3387 842 3466 Πάτερ
877 3388 1021 3462 ἅγιε.

390 3483 512 3536 OE'.
553 3482 742 3538 Ταῦτα
771 3484 827 3538 δὲ
847 3485 942 3539 ἐπὶ
970 3486 1232 3552 πλείστας
1255 3486 1405 3560 ὥρας
1438 3487 1796 3560 διαλεγομένη
1825 3487 1903 3559 τῷ

317 3577 464 3650 άγίῳ
490 3580 524 3648 ἡ
549 3578 707 3650 κόρη,
736 3574 1060 3648 ἀποκριθεὶς
1090 3582 1119 3634 0
1139 3579 1295 3649 ἅγιος
1317 3581 1464 3650 λέγει
1497 3582 1635 3654 αὐτῇ
1663 3599 1677 3614 ο
1708 3578 1778 3634 Ὦ
1806 3581 1901 3650 γύ-

319 3689 430 3733 ναι,
465 3673 566 3724 οὐκ
595 3667 744 3724 ἔστιν
768 3672 902 3740 ἡμῖν
943 3672 1006 3724 τὸ
1038 3673 1491 3742 ἐπαγγείλασθαι,
1522 3675 1599 3738 ὡς
1639 3673 1704 3727 σὺ
1747 3675 1904 3746 νομί-

320 3763 458 3828 ζεις,
489 3765 538 3816 εἰ
574 3761 648 3833 μὴ
679 3759 839 3833 μόνον
868 3763 963 3817 τοῦ
992 3765 1436 3837 φιλοικτίρμονος
1467 3767 1560 3821 καὶ
1589 3753 1902 3840 φιλανθρώ-

321 3851 425 3910 που
457 3847 591 3910 Θεοῦ
618 3855 777 3926 ἡμῶν
802 3871 816 3887 ’
854 3857 1017 3920 αὐτὸς
1045 3858 1156 3929 γὰρ
1187 3861 1334 3913 ἰᾶται
1362 3861 1432 3914 τὰ
1469 3861 1765 3931 τραύματα
1795 3862 1903 3915 τῶν

318 3950 506 4022 ψυχῶν
533 3948 713 4020 ήμῶν,
735 3949 765 4000 0
795 3949 864 4002 τὰ
904 3949 1051 4020 πάθη
1095 3938 1163 4003 δι’
1191 3951 1349 4022 ἡμῶν
1376 3953 1644 4016 ἑκουσίως
1673 3953 1906 4021 ὑπομεί-

318 4062 438 4108 νας,
460 4042 551 4096 καὶ
568 4039 856 4109 γινώσκων
885 4041 982 4111 τῆς
1012 4045 1215 4115 σαρκὸς
1243 4045 1312 4098 τὰ
1344 4044 1512 4114 πάθη,
1538 4043 1613 4106 ώς
1634 4043 1901 4114 πλάστης,

319 4142 413 4194 καὶ
437 4141 798 4212 ἐνδυσάμενος
829 4139 1021 4210 αὐτήν.
1049 4136 1219 4208 Πλὴν,
1247 4137 1434 4205 γύναι,
1452 4134 1564 4206 δῴη
1588 4137 1719 4206 ἡμῖν
1742 4133 1906 4198 αὐτὸς

322 4233 670 4304 συγχώρησιν
700 4232 845 4287 κατὰ
875 4233 941 4286 τά
970 4233 1248 4302 αἰτήματα
1271 4229 1448 4301 ήμῶν,
1481 4229 1573 4281 καὶ
1604 4228 1904 4300 καθαρίσαι

316 4329 470 4395 ἡμᾶς
502 4328 612 4381 ἀπὸ
643 4327 826 4396 πάσης
862 4324 1158 4395 ἁμαρτίας,
1193 4323 1274 4375 ὅτι
1307 4321 1472 4384 αὑτός
1498 4322 1648 4374 ἐστιν
1678 4322 1707 4372 0
1734 4322 1904 4392 αἴρων

319 4415 423 4484 τὴν
458 4415 736 4484 ἁμαρτίαν
781 4413 878 4466 τοῦ
914 4413 1145 4480 κόσμου.
1189 4411 1301 4465 Kal.
1352 4411 1633 4481 κρατήσας
1682 4411 1904 4482 ήγειρεν

320 4507 513 4577 αὑτήν.
564 4507 816 4576 Ἐγένετο
846 4500 904 4559 δὲ
934 4504 1097 4574 φόΰος
1129 4503 1221 4557 ἐπὶ
1245 4501 1457 4566 πάντας
1481 4504 1609 4566 τοὺς
1648 4502 1807 4567 ὄντας
1845 4504 1904 4557 ἐν

2009 3300 2059 3344 te
2093 3289 2332 3344 admissa
2360 3288 2491 3346 sint.

2078 3491 2291 3549 LXXV.
2329 3494 2456 3550 Haec
2501 3494 2576 3548 illi
2621 3495 2785 3550 etiam
2849 3506 3012 3566 atque
3044 3497 3210 3552 etiam
3265 3498 3586 3554 edisserenti

2005 3583 2086 3639 sic
2112 3585 2348 3655 denique
2373 3595 2598 3640 sanctus
2629 3587 2709 3640 vir
2738 3587 3016 3656 respondit
3045 3604 3060 3639 :
3105 3582 3388 3653 Nostrum,
3413 3604 3445 3642 ο
3469 3606 3590 3644 mu-

2004 3677 2126 3741 lier,
2159 3694 2269 3732 non
2304 3688 2408 3744 est,
2440 3679 2586 3733 sicut
2617 3688 2671 3734 tu
2729 3691 2910 3749 putas,
2956 3681 3269 3735 renuntiare
3315 3681 3461 3752 quod
3494 3699 3590 3738 cu-

2005 3770 2114 3839 pis,
2145 3771 2237 3824 sed
2269 3770 2366 3825 Dei
2404 3771 2572 3826 unius
2602 3772 2773 3825 nostri
2805 3772 3138 3842 indulgentis
3166 3789 3229 3828 ac
3253 3774 3588 3830 miserentis.

2006 3859 2126 3930 Ipse
2158 3862 2303 3916 enim
2339 3863 2647 3917 animorum
2681 3873 2998 3918 nostrorum
3027 3864 3250 3919 vulnera
3280 3874 3461 3928 sanat,
3492 3869 3586 3936 qui

2004 3953 2346 4009 voluntarios
2374 3969 2474 4023 pro
2519 3956 2679 4009 nobis
2713 3957 2887 4010 subiit
2919 3956 3218 4020 cruciatus,
3264 3967 3318 4012 et
3361 3958 3587 4013 humani

2006 4045 2244 4115 generis,
2280 4046 2426 4115 quod
2469 4046 2714 4101 condidit
2749 4048 2890 4102 idem
2931 4060 3096 4119 atque
3129 4050 3325 4115 induit,
3359 4051 3587 4107 aﬂ'ectus

2005 4138 2178 4192 novit.
2217 4138 2487 4193 Gtt-terum
2517 4141 2610 4194 det
2653 4139 2769 4209 ipse
2799 4141 2981 4205 nobis,
3013 4156 3047 4195 ο
3086 4142 3305 4206 mulier,
3345 4145 3586 4207 veniam,

2006 4245 2170 4299 quam
2200 4230 2399 4300 singuli
2452 4233 2708 4300 petimus,
2743 4248 2953 4302 uosque
2983 4233 3051 4287 ab
3084 4235 3232 4288 omni
3273 4235 3395 4290 labe
3426 4251 3589 4288 mutt-

2006 4321 2346 4392 det;quippe
2372 4323 2487 4393 ipse
2510 4333 2614 4388 est,
2640 4325 2734 4394 qui
2767 4326 2907 4379 tollit
2933 4335 3153 4395 peccata
3183 4327 3395 4380 mundi.
3425 4327 3592 4381 Eam-

2006 4430 2114 4484 que
2141 4423 2331 4495 tenens
2355 4417 2633 4472 excitavit.
2667 4416 2870 4474 Omnes
2890 4434 3040 4482 vero,
3071 4418 3163 4487 qui
3194 4419 3249 4471 in
3282 4428 3470 4472 sancta
3499 4419 3588 4473 illa

2009 4507 2220 4576 synodo
2270 4516 2443 4571 erant,
2492 4509 2656 4562 timor
2689 4509 2849 4579 cepit,
2909 4509 3118 4578 fuitque
3173 4510 3417 4564 omnium
3459 4525 3588 4576 vox,

319 4601 386 4668 τῇ
415 4569 546 4670 ἁγίᾳ
583 4569 788 4668 συνόδῳ
819 4569 1022 4668 ἐκείνῃ,
1055 4596 1197 4650 ὥστε
1237 4596 1417 4664 λέγειν
1460 4595 1671 4659 πάντας
1694 4612 1708 4626 ο
1739 4596 1897 4649 Εὐλο-

2010 4569 2120 4654 Deo
2170 4581 2359 4656 laudes
2395 4569 2731 4664 tribuendas,
2755 4569 2871 4672 .qui
2925 4569 3080 4657 talein
3138 4603 3245 4658 sibi
3278 4569 3588 4673 cperariuni

321 4691 490 4758 γητὸς
521 4694 548 4744 0
573 4690 704 4754 Θεὸς
733 4691 842 4743 τῶν
879 4689 1104 4759 πατρῶν
1137 4689 1317 4760 ἡμῶν,
1351 4690 1432 4742 ὅτι
1475 4687 1714 4741 τοιοῦτον
1741 4689 1905 4758 ἐργά-

321 4801 423 4853 την
454 4782 635 4852 ἐαυτῷ
673 4783 701 4834 0
734 4781 867 4845 Θεὸς
905 4779 1273 4852 ἐφανέρωσεν,
1308 4780 1405 4834 καὶ
1438 4778 1707 4845 ἀνέδειξεν
1744 4784 1801 4834 ἐν
1827 4779 1906 4851 τῷ

322 4877 517 4946 κόσμῳ
549 4877 606 4928 ἐν
635 4877 758 4937 ταῖς
799 4865 1057 4944 ἐσχάταις
1086 4873 1322 4944 ἡμέραις
1348 4873 1598 4936 ταύταις.
1635 4872 1822 4926 Ταῦτα
1849 4873 1907 4925 δὲ

322 4970 506 5022 αὐτῶν
537 4968 825 5030 εἰπόντων,
858 4967 1196 5036 ἀπεκίνησαν
1226 4968 1322 5020 καὶ
1346 4966 1589 5038 ἀπῆλθον
1623 4969 1681 5020 ἐν
1713 4971 1778 5038 τῇ
1812 4971 1907 5020 ἐκέ

322 5060 548 5131 κλησία,
578 5060 674 5138 καλ
714 5058 812 5129 τὴν
847 5054 994 5112 θείαν
1024 5057 1441 5123 ἐπιτελέσαντες
1494 5061 1904 5129 μυσταγωγίαν,

323 5155 420 5207 καὶ
445 5151 842 5223 μεταλαΰόντες
869 5151 964 5204 τοῦ
996 5153 1266 5222 ἁχράντου
1298 5149 1549 5222 σώματος
1579 5152 1672 5204 τοῦ
1700 5141 1906 5224 Κυρίου

324 5244 483 5314 ἡμῶν
525 5244 699 5314 Ἰησοῦ
724 5244 985 5316 Χριστοῦ,
1017 5244 1221 5312 ἔφαγον
1254 5244 1418 5314 ἄρτον
1450 5246 1508 5296 ἐν
1535 5242 1784 5318 τραπέζῃ
1812 5245 1907 5299 τοῦ

325 5338 483 5388 πάπα
517 5336 574 5387 ἐν
609 5337 675 5405 τῇ
702 5335 887 5404 ήμέρα
911 5335 1098 5406 ἐκείνῃ
1127 5334 1181 5386 οἴ
1202 5327 1260 5386 τε
1289 5333 1578 5386 ἐπίσκοποι
1610 5324 1712 5403 τῆς
1753 5336 1910 5388 Ἀνα-

324 5427 509 5496 τολῆς,
540 5428 632 5479 καὶ
665 5420 694 5480 0
735 5426 1060 5494 σπαθάριος,
1089 5427 1183 5480 καὶ
1213 5419 1242 5477 δ
1271 5425 1430 5494 ’ἆγιος
1461 5425 1782 5499 Γρηγόριος,
1817 5429 1911 5481 καὶ

325 5519 356 5571 0
370 5535 440 5588 χα
451 5516 744 5588 ρτοφύλαξ.
775 5512 884 5570 Ἦν
904 5516 958 5569 δὲ
979 5519 1008 5569 0
1027 5517 1182 5584 ἅγιος
1207 5517 1509 5588 Γρηγόριος
1529 5517 1679 5588 ἄρτῳ
1704 5519 1911 5589 βραχυο

323 5609 474 5674 τάεῳ
509 5610 872 5681 ἀρκούμενος,
907 5609 1000 5663 καὶ
1029 5608 1282 5679 λαχάνοις
1323 5611 1452 5663 ἄνευ
1491 5610 1692 5664 ἐλαίου.
1741 5611 1912 5664 Ἐκεῖ-

326 5701 420 5759 θεν
463 5703 522 5757 δὲ
572 5702 878 5768 ἐξελθόντες
932 5701 1153 5770 ἔμειναν
1209 5702 1507 5774 ἀμφότεροι
1554 5704 1612 5755 ἐν
1650 5703 1728 5772 τῷ
1773 5703 1910 5775 ἅμα,

399 5883 508 5957 (94)
537 5884 671 5942 Cod.
707 5887 756 5951 1,
788 5887 895 5952 ἵνα,
930 5884 1005 5948 ὡς
1036 5879 1208 5946 εἷπον,
1236 5881 1564 5948 καταπλέξω
1585 5881 1769 5937 αὐτόν.

693 5997 970 6059 ΡΑτηοῐη
1017 5998 1134 6057 GR.
1183 5993 1467 6058 XCVI".

2007 4694 2360 4762 prodidisset,
2406 4697 2930 4765 eumque-extremis
2958 4697 3066 4749 illis
3096 4696 3288 4750 diebus
3317 4697 3437 4751 orbi
3472 4713 3590 4751 ma—

2007 4773 2342 4839 uifeStass‘et.
2375 4785 2623 4856 Dumque
2655 4787 2770 4840 haec
2805 4787 3068 4849 dicerent,
3097 4787 3376 4842 discedere
3407 4804 3589 4858 tmpe-

2009 4882 2158 4936 ruut,
2220 4886 2386 4945 atque
2427 4876 2480 4930 in
2527 4879 2791 4948 templum
2835 4879 3064 4950 ingressi
3123 4895 3277 4934 sacra
3330 4880 3585 4950 mysteria

2007 4980 2265 5037 peregere
2293 4978 2346 5022 et
2373 4969 2724 5025 immaculato
2746 4986 2977 5041 corpore
3017 4971 3228 5027 Domini
3259 4973 3432 5026 nostri
3459 4971 3590 5026 Jesu
3671 4963 3676 4968 ’

2010 5059 2213 5114 Cltrisﬁ
2267 5049 2456 5115 refecti
2509 5075 2655 5116 sunt.
2695 5064 2891 5118 Eodem
2928 5065 3014 5119 die
3045 5066 3284 5134 pontifex
3318 5061 3592 5120 maximus

2009 5149 2299 5220 episcopos
2349 5147 2620 5213 Orientis,
2656 5152 3020 5220 spatltarium,
3068 5163 3319 5208 sanctum
3389 5143 3595 5222 Grego-

2013 5243 2154 5296 rium
2203 5253 2258 5297 et
2309 5243 2785 5312 chartOpltylacem
2833 5244 3088 5298 convivio
3121 5244 3380 5315 accepit:
3423 5245 3599 5314 quan-

2014 5347 2173 5407 quam
2224 5343 2450 5391 sanctus
2495 5333 2796 5404 Gregorius
2838 5335 3037 5407 exiguo
3078 5351 3218 5405 pane
3264 5346 3318 5390 et
3355 5331 3599 5390 oleribus

2014 5427 2132 5482 sine
2165 5427 2286 5482 oleo
2317 5434 2608 5480 contentus
2651 5423 2771 5480 fuit.
2816 5416 2944 5480 lude
2973 5419 3202 5496 egressi,
3237 5417 3486 5482 mansere
3515 5423 3598 5482 isi-

2015 5521 2128 5574 mul
2189 5520 2330 5587 apud
2383 5517 2667 5587 episcopos
2724 5515 3022 5586 Gregorius
3073 5527 3128 5572 et
3177 5518 3492 5587 spatltarius
3545 5527 3602 5574 et

2015 5613 2412 5684 chartophylax
2455 5627 2470 5668 :
2518 5625 2580 5664 ac
2615 5607 2798 5683 [scut]
2842 5620 3052 5664 noctem
3103 5619 3275 5663 tutam
3325 5609 3600 5664 insomnes

2016 5704 2309 5760 traduxere
2353 5697 2576 5774 singuli,
2613 5717 2752 5772 quos
2798 5699 2928 5766 dixi,
2969 5695 3304 5756 admirantes
3333 5699 3443 5756 tam
3484 5697 3602 5773 epio

3121 5984 3201 6045 22

3453 413 3560 481 682
3651 407 3653 410 ’
