4158 6538
327 401 436 469 685

1333 407 1392 466 S.
1429 405 1808 466 GREGORII
1847 403 2362 465 AGRIGENTINI
2411 406 2609 466 VlTA.

3503 396 3607 455 (336

331 537 448 578 ποι.
481 497 578 572 καὶ
630 522 659 573 6
690 519 936 584 διάκονος
989 522 1018 572 6
1065 517 1444 590 χαρτοφύλαξ,
1499 517 1596 571 καὶ
1636 521 1665 571 6
1707 518 1915 571 σπάθαις

2035 517 2359 572 idmirabilis
2395 512 2534 572 visa.
2569 515 2757 587 Neque
2785 517 2935 571 enim
2967 517 3034 571 de
3058 515 3145 569 his
3174 513 3469 584 quidquam
3495 513 3607 581 epi-

334 627 478 682 ριος,
510 610 608 666 καὶ
637 612 840 676 πάντες
885 611 1270 682 ἐξεπλάγησαν
1293 651 1308 675 ,
1365 615 1459 665 καὶ
1494 613 1637 666 πάνυ
1673 609 1916 680 ἐθαύμα-

2021 609 2171 678 scopi
2196 609 2264 663 ab
2289 610 2399 663 ullo
2431 611 2737 664 audierant.

330 703 422 769 ζον
474 708 540 776 τῇ
595 705 888 776 παραδόξῳ
939 705 1192 774 διηγήσει
1236 704 1330 758 τοῦ
1381 705 1595 775 ἀνδρός.
1651 701 1876 756 Οὐδέπω
1914 701 2023 772 γάρ
2055 696 2196 772 ἦσαν
2230 701 2402 755 ταῦτα
2446 702 2780 765 ἀκούσαντες
2811 702 2859 754 oi
2894 701 3185 755 ἐπίσκοποι
3239 698 3391 770 παρά
3441 714 3607 760 τινος.

402 820 522 873 ΟΖ¹.
547 817 734 872 Ταῦτα
764 818 958 884 εἰπὼν,
984 818 1133 888 λέγει
1154 820 1340 884 αὐτοῖς
1367 822 1396 875 6
1423 823 1614 884 πάπας
1639 834 1654 850 °
1684 817 1749 871 Τί
1785 817 1918 888 πρὸς

330 911 503 968 ταῦτα
536 913 935 984 ἀποκρίνεσθες
969 914 1162 968 εἴπατε
1203 915 1230 968 ὃ
1273 915 1549 985 βούλεσθε.
1587 917 1649 969 Οἱ
1682 915 1739 968 δὲ
1768 914 1920 967 οὐδὲν

331 1007 517 1078 ἕτερον
543 1006 930 1076 ἀπεκρίναντο,
958 1009 1008 1061 εί
1035 1009 1110 1078 μὴ
1132 1007 1362 1080 ἔρριψαν
1387 1009 1611 1072 ἑαυτοὺς
1640 1008 1730 1059 ἐπὶ
1758 1006 1920 1076 πρόσ-

331 1115 500 1160 ωπον,
534 1099 814 1161 κλαίοντες
857 1098 951 1152 καὶ
981 1098 1234 1168 λέγοντες
1262 1102 1324 1153 τό
1351 1117 1365 1131 ο
1396 1102 1575 1168 Κύριε
1615 1095 1881 1168 ἐλέησον
1903 1114 1918 1128 ·

334 1190 657 1262 ἡμάρτομεν
680 1191 772 1243 καὶ
796 1192 1153 1262 ἠνομήσαμεν
1177 1193 1319 1246 κατά
1345 1191 1436 1245 τοῦ
1468 1190 1676 1245 δικαίου
1708 1187 1923 1258 ἀνθρώ-

336 1299 438 1333 που
469 1280 684 1333 τούτου.
728 1282 790 1332 Oi
833 1280 890 1334 δὲ
935 1281 1228 1336 ἐπίσκοποι
1258 1283 1551 1337 ἐκέλευσαν
1579 1283 1778 1346 αὐτοὺς
1807 1283 1924 1336 δια-

335 1374 700 1445 χωρισθῆναι,
747 1373 875 1434 τοὺς
910 1374 1008 1443 μὲν
1052 1373 1276 1438 λαῖκοὺς
1308 1377 1365 1427 ἐν
1393 1376 1473 1427 ἑνὶ
1509 1375 1666 1446 μέρει
1708 1375 1923 1444 στῆναι,

336 1467 463 1529 τοὺς
495 1465 550 1518 δὲ
580 1465 878 1535 κληρικοὺς
908 1467 965 1518 ἐν
993 1465 1166 1536 ἐτέρῳ
1191 1481 1206 1496 ·
1236 1466 1333 1520 καὶ
1360 1465 1568 1520 ἔδωκαν
1593 1468 1711 1519 κατ’
1743 1466 1924 1519 αὐτῶν

337 1559 610 1627 ἀπόφασιν
643 1558 693 1610 oi
725 1556 1015 1610 ἐπίσκοποι
1051 1557 1255 1620 πάντες
1294 1557 1396 1626 τῆς
1435 1557 1652 1610 συνόδου
1702 1558 1798 1610 σὺν
1846 1557 1926 1628 τῷ

340 1651 498 1720 πάπᾳ
521 1665 534 1678 ο
567 1649 660 1702 τὸν
691 1650 790 1719 μὲν
820 1643 1047 1703 Σαϐῖνον
1085 1648 1432 1720 ἐξορισθῆναι
1480 1653 1539 1702 ἐν
1587 1653 1700 1714 τοῖς
1733 1651 1926 1722 μέρεσι

339 1741 438 1809 τῆς
466 1740 650 1810 Θρᾴκη
661 1757 707 1802 ς,
732 1739 823 1792 τὸν
849 1739 904 1792 δέ
929 1741 1333 1810 Κρησκεντῖνον
1360 1740 1706 1811 ἐξορισθῆναι
1730 1744 1785 1794 ἐν
1815 1745 1928 1806 τοῖς

346 1832 537 1903 μέρεσι
566 1831 661 1901 τῆς
696 1829 937 1892 Σπανίας
957 1846 972 1861 ο
1003 1831 1131 1894 τοὺς
1162 1830 1220 1883 δὲ
1254 1830 1476 1896 λοιποὺς
1503 1832 1796 1904 κληρικοὺς
1821 1835 1930 1887 δια-

343 1925 619 1994 σπαρῆναι
658 1925 714 1976 ἐν
759 1923 1047 1994 Ῥαυέννῃ.
1078 1919 1260 1977 ’Ἦσαν
1294 1923 1350 1977 δέ
1375 1924 1652 1996 κληρικοὶ,
1678 1925 1755 1990 ὼς
1792 1943 1928 1996 προ-

342 2017 578 2087 έφημεν,
610 2016 930 2088 τριάκοντα,
970 2017 1066 2070 κα)⁸
1089 2014 1268 2068 λαῖκοὶ
1292 2016 1643 2088 ὀγδοήκοντα,
1676 2017 1770 2070 καὶ
1799 2016 1930 2087 ὥρια

2099 813 2356 868 LXXVII.
2401 815 2537 870 Cum
2584 816 2674 870 ille
2715 817 2964 879 dixisset,
2998 816 3062 868 ad
3095 825 3444 870 accusatores
3474 829 3612 868 con-

2021 924 2217 964 versus
2274 908 2518 978 pontifex
2573 910 2894 964 maximus:
2935 909 3098 976 Quid,
3134 909 3331 978 inquit,
3379 909 3446 962 ad
3499 909 3614 963 haec

2023 999 2415 1070 respondetis?
2448 1002 2593 1056 edite
2626 1003 2771 1070 quod
2800 1002 2951 1056 libet.
2977 1003 3046 1055 At
3079 1002 3152 1056 illi
3187 1019 3254 1056 ne
3286 1002 3453 1056 verbo
3487 1001 3613 1069 qui-

2023 1093 2144 1148 dem
2174 1093 2410 1164 prolato,
2437 1102 2492 1148 et
2529 1095 2684 1149 vultu
2729 1095 2992 1159 demisso,
3028 1095 3348 1162 ahjecerunt
3389 1110 3448 1149 se
3477 1093 3614 1148 lien.-

2024 1195 2106 1241 tes
2159 1196 2211 1241 et
2260 1187 2619 1242 inclamantes
2661 1207 2673 1242 :
2730 1186 2984 1251 Domine,
3039 1187 3317 1252 miserere;
3367 1187 3615 1255 peccavi-

2025 1295 2172 1340 mus,
2223 1279 2411 1349 inique
2456 1279 2668 1349 egimus
2709 1280 2974 1335 adversus
3031 1280 3305 1333 hominem
3341 1279 3486 1333 hunc
3526 1277 3617 1348 ju-

2027 1379 2196 1425 stum.
2256 1371 2514 1441 Episcopi
2571 1387 2701 1426 vero
2760 1373 3000 1440 separari
3055 1387 3151 1426 eos
3205 1373 3511 1440 jusserunt,
3561 1379 3617 1424 et

2026 1460 2196 1515 laicos
2230 1462 2450 1531 quidem
2482 1463 2536 1516 in
2583 1462 2766 1517 locum
2795 1479 2988 1528 unum,
3028 1463 3083 1517 iu
3123 1463 3351 1517 alterum
3386 1462 3619 1516 clericos

2004 1551 2243 1609 'deduci.
2298 1553 2506 1610 Deinde
2539 1556 2926 1626 perrogatione
2981 1555 3150 1618 facta,
3202 1571 3394 1612 omnes
3422 1555 3615 1627 synodi

2025 1645 2272 1716 episcopi
2319 1661 2445 1700 cum
2512 1647 2773 1716 pontiﬁce
2845 1649 3086 1702 maximo
3141 1658 3506 1713 censuerunt,
3561 1657 3620 1701 ut

2031 1735 2266 1791 Sabinus
2310 1738 2467 1792 exsul
2510 1738 2562 1792 in
2601 1737 2893 1792 Thraciam
2940 1740 3268 1804 mitteretur,
3312 1739 3620 1795 Crescenti-

2031 1845 2135 1883 nus
2164 1829 2218 1882 iu
2251 1827 2514 1899 Hispania
2548 1831 2848 1895 exsularet,
2872 1831 3064 1901 reliqui
3089 1832 3272 1886 clerici
3304 1831 3618 1886 Ravennam

2030 1920 2261 1990 dispersi
2323 1923 2658 1978 secederent.
2717 1922 2884 1978 Erant
2937 1935 3118 1978 autem
3174 1925 3380 1991 clerici,
3427 1934 3484 1980 ut
3505 1926 3618 1995 jam

2033 2015 2294 2080 diximus,
2353 2016 2578 2086 triginta
2624 2035 2637 2070 :
2681 2016 2807 2070 laici
2865 2026 3052 2072 contra
3113 2018 3431 2088 octoginta;
3480 2034 3620 2087 quos

344 2130 444 2164 σαν
475 2113 570 2165 καὶ
600 2113 798 2174 αὐτοὺς
829 2112 1086 2164 ἀπελθεῖν
1115 2113 1173 2164 ἐν
1203 2113 1271 2182 τῇ
1299 2111 1409 2165 τῶν
1433 2111 1727 2165 Βασκάνων
1753 2113 1927 2183 χώρᾳ.

2036 2106 2161 2160 item
2200 2108 2250 2160 in
2291 2105 2603 2162 Vasconum
2637 2109 2748 2176 (96)
2786 2109 3060 2180 regionem
3098 2111 3392 2165 mittendos
3430 2111 3618 2166 decre-

342 2203 485 2265 Τοὺς
516 2202 574 2254 δέ
610 2202 718 2254 τῶν
759 2201 966 2254 λαῖκῶν
1003 2201 1290 2256 ἐκέλευσεν
1344 2203 1373 2254 6
1420 2201 1722 2271 σπαθάριος
1767 2203 1824 2254 ἐν
1855 2201 1932 2270 τῷ

344 2291 710 2363 δεσμωτηρίῳ
753 2292 1177 2361 ἀσφαλισθῆναι,
1202 2291 1299 2346 καὶ
1331 2291 1476 2344 κατὰ
1509 2291 1601 2344 τὸν
1635 2291 1930 2362 φιλευσεὸἦ

345 2381 510 2449 νόμον
534 2380 853 2435 ὑποπεσεῖν.
885 2379 1301 2452 Παραλαϐόντες
1329 2380 1387 2433 δὲ
1411 2383 1457 2434 oi
1483 2381 1812 2452 στρατιῶται
1837 2381 1931 2434 τοῦ

347 2474 659 2541 ἀπαγαγεῖν
690 2473 889 2536 αὐτοὺς
920 2475 978 2526 ἐν
1005 2475 1071 2544 τῇ
1107 2473 1346 2544 φυλακῇ,
1377 2473 1612 2546 ἤρξαντο
1657 2475 1932 2539 ὀλολύζειν

347 2566 406 2618 ὲν
443 2565 640 2635 ἰσχυρᾷ
681 2567 832 2635 φωνῇ
880 2565 1209 2636 κράζοντες·
1263 2565 1517 2638 Ἐλέησον
1563 2568 1733 2637 ἡμᾶς,
1779 2566 1933 2620 δοῦλε

346 2657 509 2723 Θεοῦ,
576 2658 649 2727 μὴ
705 2655 994 2729 άποδώσῃς
1051 2659 1198 2728 ἡμᾶς
1248 2659 1326 2723 είς
1380 2661 1568 2730 χεῖρας
1614 2659 1933 2731 ἀλλοτρίων,

348 2755 732 2824 παρακάλεσον
758 2754 858 2823 τὴν
887 2751 1049 2822 ἁγίαν
1079 2751 1299 2806 σύνοδον
1322 2751 1388 2805 δι’
1407 2753 1554 2823 ἡμᾶς
1584 2753 1679 2806 καὶ
1700 2753 1790 2805 τὸν
1815 2753 1935 2822 φιλ-

347 2843 554 2914 ευσεόἧ
611 2843 891 2914 βασιλικόν
917 2860 932 2876 ο
981 2841 1306 2913 ἡμάρτομεν
1342 2845 1422 2906 είς
1455 2845 1536 2906 σὲ,
1579 2844 1935 2916 συγχώρησον

346 2941 484 3009 ἡμῖν
517 2936 618 2990 κᾶν
652 2935 854 3005 ὀλίγον.
893 2935 1081 2989 Ταῦτα
1113 2935 1171 2988 δὲ
1199 2936 1442 2999 ἀκούσας
1485 2938 1514 2989 6
1547 2935 1700 3006 ἅγιος
1728 2938 1938 3008 Γρηγό-

351 3048 486 3102 ριος,
517 3028 723 3101 ἤρξατο
745 3029 971 3082 τύπτειν
1005 3028 1066 3080 τὸ
1101 3027 1390 3098 πρόσωπον
1410 3027 1575 3081 αὐτοῦ
1604 3029 1807 3083 κλαίων
1839 3031 1936 3083 καὶ

349 3121 568 3175 πίπτων
633 3121 785 3190 παρά
835 3120 962 3183 τοὺς
1017 3119 1186 3182 πόδας
1223 3117 1316 3171 τοῦ
1366 3119 1524 3173 πάπα
1572 3119 1808 3173 καὶτῶν
1837 3121 1936 3191 τῆς

362 3213 654 3282 Ἀνατολῆς
703 3211 1021 3264 ἐπισκόπων
1062 3212 1156 3265 καὶ
1188 3211 1430 3274 πάντων,
1470 3212 1683 3282 λέγων·
1737 3213 1936 3285 Κύριοι

354 3324 457 3378 μου
494 3306 710 3377 Πάτρες
741 3305 836 3358 καὶ
872 3304 1294 3376 συλλειτουργοὶ,
1331 3306 1674 3360 ἐπακούσατὲ
1709 3323 1811 3376 μου
1839 3304 1934 3360 τοῦ

2034 2209 2248 2252 verunt.
2285 2195 2390 2250 Sed
2422 2197 2594 2252 laicos
2624 2198 2938 2266 spatharius
2966 2200 3022 2252 in
3060 2215 3336 2254 carcerein
3365 2202 3618 2256 concludi

2030 2286 2212 2357 jussit,
2245 2298 2297 2341 et
2327 2290 2499 2344 sacris
2531 2290 2743 2358 imperii
2776 2291 2984 2362 legibus
3009 2280 3235 2348 subesse
3257 2295 3448 2349 voluit.
3480 2295 3616 2348 Dum

2035 2395 2164 2434 vero
2199 2380 2399 2434 milites
2432 2397 2528 2436 eos
2561 2382 2846 2450 cogebant,
2881 2393 2939 2436 ut
2978 2384 3031 2437 in
3075 2400 3350 2440 carcerem
3387 2386 3620 2440 deduce-

2037 2481 2176 2532 rent,
2213 2487 2406 2540 magna
2439 2487 2573 2526 voce
2607 2473 2893 2527 lamentari
2922 2483 2976 2528 et
3010 2476 3248 2530 clamare
3293 2488 3574 2546 coeperunt
3603 2497 3617 2532 :

2036 2558 2288 2614 Misereat
2319 2571 2370 2614 te
2401 2563 2598 2626 nostri,
2640 2561 2732 2616 Dei
2779 2579 2954 2627 serve,
2986 2581 3054 2620 ne
3101 2567 3154 2619 in
3185 2567 3392 2622 alienas
3425 2585 3621 2625 manus

2037 2669 2140 2708 nos
2172 2655 2407 2718 dederis,
2432 2664 2488 2710 tu
2521 2666 2770 2712 sanctam
2801 2659 3072 2728 synodum
3103 2669 3156 2714 et
3181 2661 3488 2730 piissimum
3515 2664 3620 2716 im-

2037 2747 2303 2814 peratoris
2337 2747 2722 2823 administrum
2771 2751 2928 2805 nobis
2973 2752 3186 2820 placato
3219 2772 3232 2808 :
3270 2753 3534 2824 ﬂagitium
3565 2756 3621 2810 in

2039 2843 2089 2886 te
2120 2833 2463 2900 admisimus,
2513 2853 2804 2907 parumper
2851 2840 3153 2894 etiamnum
3188 2842 3408 2913 ignosce
3443 2845 3618 2901 nobis.

2037 2925 2169 2991 Quae
2197 2938 2257 2981 ut
2287 2928 2501 2983 audivit
2533 2940 2755 2985 sanctus
2792 2929 3109 3001 Gregorius,
3139 2933 3332 2990 faciem
3361 2937 3462 2990 sibi
3496 2946 3622 2992 tun-

2036 3016 2161 3071 dere
2188 3035 2252 3072 ac
2275 3018 2402 3074 ﬂere
2426 3022 2611 3090 εωρὶι,
2635 3023 3035 3093 procidensque
3061 3025 3127 3082 ad
3149 3026 3313 3094 pedes
3344 3029 3621 3098 pontiﬁcis

2037 3110 2261 3165 maximi
2296 3122 2459 3182 atque
2492 3114 2873 3185 episcoporum
2909 3116 3149 3174 Orientis
3191 3129 3622 3193 caeterorumque

2036 3205 2306 3270 omnium,
2337 3206 2418 3261 sic
2447 3208 2642 3264 allatus
2676 3219 2758 3263 est
2789 3226 2804 3263 :
2840 3210 3055 3265 Domini
3095 3212 3204 3266 mei
3232 3213 3420 3269 l’atres
3449 3225 3505 3271 et
3527 3233 3620 3271 sa-

2037 3311 2255 3350 crorum
2304 3298 2464 3364 socii,
2509 3299 2633 3353 date
2667 3300 2772 3354 hoc
2821 3301 2954 3355 mihi
3007 3317 3168 3357 servo
3222 3315 3426 3373 vestro,
3463 3308 3610 3372 date,

349 3398 538 3455 δούλου
563 3397 739 3468 ὑμῶν,
775 3395 1141 3460 ἐπακούσιτε,
1178 3396 1272 3451 καὶ
1305 3396 1382 3468 μὴ
1415 3397 1512 3470 τὴν
1541 3399 1680 3469 ἐμὴν
1709 3398 1930 3468 ἐκδίκη-

2036 3405 2245 3458 quteso,
2276 3399 2337 3445 ut
2362 3392 2565 3445 nullam
2595 3392 2664 3446 ab
2689 3393 2841 3447 hisce
2867 3393 3183 3450 hominibus
3213 3395 3476 3452 ultionem
3501 3414 3624 3454 mea

352 3507 440 3542 σιν
472 3489 737 3558 ποιήσητε
767 3488 845 3547 είς
881 3486 1009 3550 τοὺς
1039 3484 1240 3555 ἄνδρας
1269 3485 1512 3548 τούτους.
1547 3485 1653 3538 Τοῦ
1679 3487 1788 3556 γὰρ
1815 3486 1931 3537 Κυ-

356 3579 474 3648 ρίου
509 3576 673 3648 μόνου
703 3578 736 3646 ἡ
769 3572 1072 3643 ἐκδίκησις,
1092 3572 1275 3636 καθὼς
1295 3573 1603 3644 γέγραπται
1625 3591 1639 3603 ·
1673 3593 1692 3625 ι
1729 3573 1866 3645 Ἐμὴ
1899 3576 1933 3646 ἡ

353 3669 658 3738 ἐκδίκησις,
701 3665 812 3734 ἐγὼ
859 3664 1248 3732 ἀνταποδώσω,
1283 3684 1303 3718 ι
1345 3665 1491 3734 λέγει
1531 3665 1753 3735 Κύριος.
1801 3667 1932 3733 Καὶ,

360 3782 378 3812 ι
403 3759 561 3830 Αὐτῷ
588 3758 798 3830 κάμψει
827 3759 936 3812 πᾶν
976 3758 1108 3826 γόνυ
1135 3757 1494 3828 ἐπουρανίων,
1527 3759 1621 3811 καὶ
1654 3758 1934 3826 ἐπιγείων,

354 3853 449 3905 καὶ
469 3849 864 3921 καταχθονίων.
901 3869 919 3901 ι
950 3849 1062 3902 Καὶ
1093 3848 1161 3902 τὰ
1187 3847 1282 3902 νῦν
1307 3848 1545 3901 δυσωπῶ
1571 3851 1750 3902 πᾶσαν
1780 3849 1809 3902 ὑ
1820 3851 1936 3918 μῶν

354 3941 454 4012 τὴν
474 3941 858 3995 θεοσύλλεκτον
878 3939 1171 4011 ὁμήγυριν,
1197 3939 1361 4010 μηδὲν
1381 3939 1575 3993 παθεῖν
1593 3941 1720 4004 τοὺς
1740 3940 1938 4012 ἄνδρας

354 4035 596 4105 πονηρὸν
641 4034 830 4087 ἕνεκεν
870 4036 970 4102 τῆς
1009 4033 1149 4104 ἐμῆς
1189 4032 1586 4103 ἐλεεινότητος·
1635 4033 1784 4099 ἄξιος
1829 4038 1938 4108 γάρ

356 4128 474 4196 εἰμι
507 4125 687 4197 πάσης
725 4124 1063 4188 παιδεύσεως
1089 4126 1118 4177 6
1147 4124 1315 4188 τάλας
1343 4125 1474 4194 ἐγώ.
1522 4121 1580 4180 Ὀ
1610 4125 1742 4189 Θεὸς
1774 4129 1882 4199 γάρ
1911 4131 1940 4182 6

357 4219 580 4272 πάντων
607 4217 800 4287 ἔφορος
825 4220 891 4289 τῇ
927 4217 1033 4287 ίδίᾳ
1069 4216 1446 4288 εὐσπλαγχνῑᾳ
1479 4218 1940 4289 ἐμακροθύμησεν

357 4307 454 4359 ἐπὶ
479 4309 590 4370 τοῖς
623 4305 750 4376 παρ’
775 4303 911 4374 ἐμοῦ
943 4306 1375 4375 πεπραγμένοις,
1407 4308 1502 4358 καὶ
1538 4308 1807 4377 ἐκάλυψεν
1838 4328 1940 4380 μου

357 4400 420 4452 τὸ
452 4398 720 4469 ἀδίκημα.
766 4396 953 4460 Οὕτως
993 4398 1088 4450 καὶ
1129 4397 1286 4450 αὐτοὶ
1325 4397 1687 4468 διαφυλάξατε
1718 4401 1942 4465 τούτους

358 4491 637 4555 ἀϐλαϐεῖς.
675 4490 861 4546 Ταῦτα
901 4489 1234 4562 ἀκούσαντες
1267 4492 1315 4542 οἱ
1342 4489 1439 4561 τῆς
1469 4492 1686 4546 συνόδου
1719 4495 1942 4547 ἐπίσκο-

2037 3498 2204 3538 causa
2238 3483 2488 3554 exigatis.
2531 3483 2665 3538 Nam
2702 3485 2915 3538 Domini
2948 3486 3113 3541 unius
3142 3487 3278 3542 ultio
3311 3487 3482 3561 [χειν]
3515 3500 3620 3555 εει,

2040 3582 2098 3628 ιιι
2117 3574 2377 3642 scriptum
2400 3574 2596 3628 nostis:
2631 3592 2649 3625 ι
2674 3573 2790 3628 Mea
2813 3575 2966 3638 ultio,
2993 3589 3094 3644 ego
3118 3576 3415 3631 retribuam
3433 3577 3570 3650 (97),
3597 3600 3615 3632 ι

2037 3665 2170 3720 dicit
2205 3666 2486 3720 Dominus.
2533 3683 2551 3716 ι
2587 3666 2654 3720 Et
2677 3665 2782 3736 ipsi
2810 3667 3130 3720 curvabitur
3150 3683 3314 3722 omne
3336 3685 3477 3739 genu
3519 3686 3624 3727 cm-

2037 3757 2277 3819 lestium,
2311 3759 2654 3813 terrestrium
2707 3767 2762 3813 et
2794 3757 3133 3814 infernorum
3187 3761 3320 3830 (98).
3354 3783 3372 3815 ι
3414 3763 3622 3829 Quam-

2039 3847 2226 3900 obrem
2259 3854 2433 3900 totum
2470 3847 2620 3901 hunc
2656 3857 2859 3900 coetum
2892 3856 3134 3906 vestrum
3167 3863 3197 3902 a
3231 3847 3341 3903 Deo
3370 3861 3619 3907 coactum

2041 3953 2174 4006 rogo
2214 3947 2379 4007 atque
2418 3937 2669 4000 obsecro,
2702 3953 2770 3992 ne
2798 3937 2946 3993 viros
2979 3939 3116 3995 istos
3145 3949 3254 3994 tam
3303 3943 3489 3998 miseri
3525 3946 3624 3999 ho-

2043 4029 2208 4083 minis
2236 4043 2403 4084 causa
2434 4029 2563 4082 mali
2609 4029 2909 4099 quidquam
2942 4031 3128 4086 subire
3171 4032 3320 4087 velit.
3353 4031 3487 4089 Nam
3519 4052 3622 4106 ego

2041 4119 2261 4189 quidem
2310 4118 2498 4174 infelix
2531 4121 2711 4176 omnis
2740 4135 2872 4191 egeo
2903 4120 3204 4190 disciplina:
3232 4140 3246 4175 :
3288 4121 3432 4180 Deus
3468 4142 3618 4192 vero,

2043 4213 2137 4280 qui
2171 4211 2354 4266 omnia
2383 4212 2550 4276 videt,
2581 4212 2884 4266 clementia:
2905 4227 3021 4267 suae
3045 4214 3359 4279 obsecutus,
3385 4217 3620 4274 admisSa

2042 4319 2163 4358 mea
2196 4304 2464 4374 patienter
2494 4304 2736 4373 pertulit,
2765 4314 2818 4359 et
2843 4305 3046 4359 scelera
3080 4306 3304 4362 obtexit.
3329 4309 3420 4364 Sic
3449 4321 3502 4365 et
3527 4328 3622 4365 vos

2044 4412 2242 4450 noxam
2276 4397 2345 4450 ab
2384 4395 2805 4464 his‘prohibete.
2844 4395 2939 4451 His
2969 4398 3169 4456 audith
3201 4398 3622 4472 illacrymarunt

2045 4489 2238 4560 synodi
2267 4489 2507 4558 episcopi
2534 4497 2586 4542 et
2610 4487 2852 4558 pontifex
2880 4493 3176 4559 maximus,
3206 4492 3370 4563 eique
3400 4511 3620 4564 ι·εειιοιιο

437 4736 551 4817 (96)
585 4735 862 4821 Σοεοοιιεε
896 4749 1036 4798 esse,
1077 4734 1169 4804 qui
1206 4733 1486 4797 Βασκάνες
1517 4735 1608 4788 hic
1656 4735 1936 4818 dicuntur,
1972 4767 2017 4821 ι)
2049 4740 2268 4821 fuerat:
2305 4739 2443 4804 Quia
2491 4757 2636 4821 ergo,
2686 4741 2884 4821 inquit,
2930 4752 3093 4821 tenue
3144 4745 3388 4811 nequitia:
3419 4747 3617 4821 malum

361 4809 573 4878 putavit
595 4806 910 4878 Cajetanns,
939 4821 1100 4878 quem
1137 4815 1356 4878 secutus
1388 4821 1509 4859 sum
1539 4825 1551 4860 :
1586 4822 1763 4878 neque
1792 4809 1938 4862 enim

364 4877 560 4933 melior
594 4877 723 4930 mihi
758 4877 1136 4944 interpretatio
1165 4877 1218 4928 in
1251 4887 1503 4944 promptu
1530 4887 1665 4930 erat.
1695 4877 1833 4942 Quia
1857 4889 1939 4931 ta-

365 4965 488 5003 men
513 4947 889 5016 Crescentiuu,
924 4946 1102 4999 exsilii
1138 4961 1326 5010 causa,
1363 4946 1622 5016 Hispania
1657 4949 1937 5015 assignata

361 5029 467 5082 est,
512 5018 562 5070 in
597 5034 702 5086 qna
735 5029 789 5069 ct
842 5014 1114 5070 Vascones
1150 5014 1545 5087 censebantur,
1597 5027 1804 5085 partem
1842 5035 1938 5087 po-

362 5090 474 5142 tius
509 5087 816 5154 Aquitaniae
844 5087 1184 5154 designatam
1220 5086 1316 5157 hic_
1335 5096 1484 5150 puto,
1513 5103 1676 5155 quam
1709 5104 1803 5157 per
1826 5086 1939 5143 haec

365 5169 610 5225 tempora
670 5159 962 5221 Vascones,
995 5155 1590 5226 superatisPyremeis,
1621 5155 1733 5226 jam
1775 5174 1940 5213 occu-

361 5237 630 5298 paverunt
666 5246 679 5280 :
709 5244 738 5281 a
778 5227 982 5298 quibus
1022 5235 1206 5298 postea
1238 5225 1506 5298 AVaseonia
1545 5225 1662 5282 sive
1701 5226 1938 5283 Cuasco-

362 5295 454 5351 hia
491 5299 636 5352 dicta
663 5309 764 5352 est.
792 5297 867 5351 De
895 5298 998 5368 illis
1022 5295 1321 5368 Gregorius
1341 5297 1683 5352 Turonensis
1705 5301 1824 5368 (lib.
1857 5317 1932 5362 ix,

362 5384 414 5422 c.
451 5369 504 5435 7)
536 5387 548 5421 :
590 5368 849 5421 Vascones
887 5367 952 5418 de
982 5366 1242 5419 montibus
1275 5377 1672 5436 prorumpentes
1695 5366 1751 5422 in
1774 5369 1937 5436 plana

361 5438 719 5499 descendunt.
779 5440 955 5492 vineas
1005 5453 1259 5507 agrosque
1307 5437 1705 5507 depopulantes.
1765 5441 1937 5496 Porro

360 5511 819 5563 calumniatormn
866 5506 1050 5576 pinna
1081 5506 1330 5577 Gregorii
1373 5506 1554 5578 Magni
1599 5521 1759 5564 aelate
1787 5511 1936 5564 exsi-

362 5579 495 5632 lium
538 5579 650 5632 fere
687 5589 839 5646 erat,
901 5585 1157 5649 quamet
1215 5581 1401 5633 clerici
1459 5579 1789 5649 quandoque
1833 5598 1928 5634 su-

362 5649 534 5715 biere,
565 5650 759 5703 nedum
792 5649 937 5702 laici.
967 5648 1105 5702 Audi
1147 5649 1314 5712 enim,
1348 5649 1476 5714 quid
1510 5651 1598 5704 ille
1629 5648 1933 5704 ad'Anthe-

363 5722 534 5788 mium
573 5721 964 5774 subdiaconum
1003 5717 1317 5785 Campaniae
1354 5722 1637 5788 scripserit
1672 5722 1727 5774 in
1764 5737 1928 5776 causa

364 5787 534 5843 Hilari
573 5791 948 5860 hypodiaconi
986 5789 1348 5860 Neapolitani,
1377 5787 1764 5858 qui’Joannem
1817 5794 1934 5844 ilia-

361 5875 564 5915 conuin
613 5859 754 5932 apud
800 5859 1153 5915 Paschasiqu
1202 5859 1518 5929 episcopum
1565 5862 1933 5917 calumniatus

2047 4812 2159 4884 sine
2184 4812 2344 4881 digna
2381 4828 2484 4863 non
2509 4814 2656 4884 debet
2689 4813 2886 4866 ultione
2916 4816 3162 4876 transire,
3199 4817 3619 4884 suprascriptum

2047 4881 2268 4948 fratrem
2306 4895 2544 4934 nostrum
2578 4882 2924 4937 Paschasinm
2960 4884 3194 4936 voluntas
3227 4881 3520 4946 admoneri,
3561 4897 3618 4939 ut

2039 4952 2276 5026 eumdem
2314 4951 2563 5026 Hilarum
2583 4956 2750 5026 prius
2778 4954 3215 5026 subdiaconatus,
3241 4972 3342 5024 quo
3369 4957 3618 5026 indignus

2040 5023 2301 5091 fungitur,
2333 5025 2500 5092 privet
2528 5024 2716 5093 ofﬁcio,
2751 5035 2906 5092 atque
2938 5025 3232 5076 verberibus
3254 5023 3502 5092 ’publice'
3527 5043 3620 5079 ca-

2040 5096 2316 5160 stigatum,
2379 5095 2542 5164 faciat
2600 5096 2653 5145 in
2715 5095 3286 5164 exsiliumideporlari
3349 5096 3469 5164 (lib.
3538 5113 3614 5157 XI,

2039 5165 2266 5220 epistola
2299 5163 2410 5231 71).
2451 5164 2623 5218 Aﬂ'ert
2663 5165 2778 5218 haec
2827 5167 2941 5230 ipsa
2975 5163 3214 5219 Joannes
3256 5163 3526 5220 DiaConus
3562 5169 3614 5220 in

2045 5233 2162 5288 Vita
2199 5232 2444 5302 Gregorii
2477 5236 2595 5303 (lib.
2633 5250 2704 5299 ιν,
2735 5251 2788 5289 u.
2823 5235 2937 5301 3i),
2979 5235 3180 5303 quibus
3212 5235 3317 5289 alia
3351 5237 3618 5290 severita-

2041 5307 2109 5359 tis
2141 5304 2262 5370 ejus
2287 5312 2477 5357 contra
2507 5303 2674 5358 falsos
2700 5305 2970 5358 delatores
2996 5307 3240 5373 exempla
3271 5308 3564 5361 subnectit.

2108 5373 2218 5450 (97)
2245 5373 2466 5450 Denter.
2489 5389 2668 5450 xxxti,
2690 5374 2784 5439 55;
2812 5384 2867 5427 at
2890 5373 3031 5428 LXX
3054 5377 3253 5430 habent
3277 5377 3402 5430 :‘Ev
3431 5378 3618 5450 ἡμέρᾳ

2036 5445 2370 5513 ἐκδικήσεως
2399 5442 2787 5497 ἀνταποδώσω.

2108 5516 2222 5583 (98)
2252 5513 2330 5585 Ex
2363 5514 2533 5568 Paulo
2560 5515 2642 5585 ad
2669 5513 2902 5585 Philipp.
2953 5531 3011 5579 ιι,
3069 5516 3159 5576 10.
3198 5516 3291 5584 qui
3326 5516 3549 5585 scripsit
3597 5534 3612 5572 :

2039 5584 2156 5657 Ἵνα
2185 5587 2241 5636 ἐν
2263 5584 2591 5657 τῷλόνόματι
2633 5584 2810 5652 Ἰησοῦ
2838 5586 2945 5638 πᾶν
2971 5585 3104 5657 ,γόνυ
3143 5585 3335 5656 κάμψῃ
3377 5584 3616 5657 ἐπουρα-

2038 5655 2188 5719 νίων,
2226 5655 2320 5708 καὶ
2345 5655 2625 5724 ἐπιγείων,
2662 5657 2758 5709 καὶ
2783 5655 3173 5724 καταχθονίων.
3209 5655 3620 5724 (ὶυὶβνωὶγιὲταῑ

2039 5727 2236 5798 Isaias,
2266 5725 2360 5792 qui
2409 5730 2508 5798 ait.
2553 5744 2603 5778 υ.
2642 5743 2765 5789 XLV,
2809 5743 2857 5779 v.
2888 5727 2958 5798 24
2988 5744 3018 5798 ηε
3057 5728 3196 5798 Ὅτι
3235 5729 3358 5795 ἐμοὶ
3411 5727 3622 5798 κάμψει

2040 5798 2148 5852 πᾶν
2177 5797 2326 5865 γόνυ,
2367 5798 2458 5850 καὶ
2491 5797 2705 5867 ὀμεῖται
2733 5798 2882 5850 πᾶσα
2906 5797 3126 5865 γλῶσσα
3157 5797 3245 5852 τὸν
3273 5798 3424 5851 Θεόν.
