4158 6536
516 364 621 426 687

1497 376 1556 438 S.
1596 377 1978 440 GREGORII
2027 378 2541 441 AGRIGENTINI
2571 378 2748 439 VITA

3657 368 3763 429 688

515 490 637 529 sum
668 474 769 529 hoc
796 471 1063 529 dederunt
1090 494 1104 530 :
1135 475 1191 531 Si
1220 492 1344 533 cum
1376 480 1464 535 his
1493 490 1550 536 tu
1576 499 1795 553 quoque
1823 486 1983 553 petis,
2015 501 2083 539 ne

2198 503 2282 539 ποι
2313 486 2411 539 σὺν
2442 484 2518 555 τῷ
2542 486 2699 557 πάπᾳ
2728 482 3032 555 ἐδάκρυσαν
3061 483 3155 538 καὶ
3180 476 3361 536 εἴτι-ον⁸
3387 482 3449 534 Εἰ
3475 480 3634 542 αὐτὸς
3667 480 3763 534 σὺν

514 565 644 633 quid
677 564 974 631 patiantur,
1002 566 1267 638 nihiljam
1301 571 1369 626 ad
1396 587 1496 627 nos
1517 576 1769 643 pertinet.
1798 575 1931 630 Nam
1961 578 2090 632 illud

515 655 735 724 quidem
767 671 894 711 vere
920 658 1182 729 scriptum
1214 670 1320 727 est,
1364 665 1581 720 Domini
1609 667 1775 723 unius
1829 668 2086 723 ultionem

511 766 654 806 esse.
714 751 882 823 Igitur
917 752 1058 823 jussi
1090 752 1293 809 milites
1314 755 1589 812 dimittere
1620 773 1735 823 eos,
1768 775 1876 829 quo
1900 775 2091 815 rursus

510 843 702 897 eodem
734 858 925 900 omnes
967 845 1342 901 convenirent.
1386 847 1597 903 Accidit
1636 865 1789 913 vero,
1820 850 1947 904 dum
1982 866 2091 905 uno

510 933 566 987 iu
595 935 716 990 loco
740 950 931 991 omnes
962 945 1163 1001 essent,
1201 947 1262 992 ut
1306 940 1543 1008 procella
1585 942 1881 1011 improviso
1908 957 2093 996 erum-

510 1036 679 1095 peret,
710 1036 763 1083 et
811 1028 965 1085 locus
998 1030 1109 1096 ille,
1156 1031 1211 1085 in
1251 1048 1361 1102 quo
1404 1045 1749 1091 accusatores
1793 1044 1967 1101 erant,
2000 1035 2094 1090 ob-

511 1132 845 1177 scuraretur.
871 1121 1075 1179 Ventus
1101 1139 1265 1193 porro
1293 1142 1324 1180 e
1348 1135 1491 1181 terra
1512 1126 1661 1193 exiit,
1686 1137 1740 1183 et
1761 1127 1896 1183 adeo
1920 1126 2088 1183 densa

512 1213 689 1284 caligo
719 1229 911 1271 omnes
943 1218 1094 1281 texit,
1127 1227 1188 1273 ut
1241 1227 1383 1273 terra
1442 1219 1744 1286 dehiscere,
1793 1234 1999 1290 eosque
2032 1219 2089 1274 in

510 1306 828 1375 voraginem
867 1307 1154 1377 abreptura
1186 1324 1307 1364 esse
1336 1309 1613 1363 videretur
1658 1328 1672 1363 :
1705 1326 1877 1380 quare
1904 1310 2088 1366 omnis

511 1411 730 1467 quoque
776 1399 1015 1468 synodus
1044 1410 1338 1465 commota,
1372 1401 1605 1456 sublatis
1645 1401 1713 1456 ad
1745 1402 1944 1458 coelum
1980 1419 2093 1458 ma-

511 1490 674 1544 nibus
697 1490 1041 1545 inclamavit:
1064 1491 1306 1557 Domine,
1332 1495 1597 1548 miserere.
1619 1494 1688 1548 At
1710 1494 1787 1550 rei
1808 1496 1985 1550 exitus
2004 1497 2091 1551 hic

512 1580 636 1636 fuit.
676 1581 846 1637 Paulo
877 1592 1000 1652 post
1031 1584 1227 1655 caligo,
1268 1600 1387 1655 qua:
1413 1585 1521 1641 illis
1553 1585 1895 1651 incubuerat,
1926 1586 2092 1641 dissi-

513 1684 637 1742 pata
666 1684 769 1737 est,
799 1684 853 1730 at
898 1676 1079 1730 vultus
1117 1692 1306 1732 eorum
1361 1678 1635 1747 nigrantes
1678 1688 2089 1748 apparuerunt;

514 1768 878 1835 quorumdam
904 1784 1033 1822 vero
1058 1776 1167 1822 tota
1198 1768 1367 1824 facies
1388 1771 1615 1823 omnino
1638 1771 1917 1841 nigruerat
1936 1770 2045 1839 (99)
2071 1787 2087 1823 :

516 1858 703 1912 Sabini
738 1860 791 1912 in
830 1860 1020 1929 primis
1048 1870 1102 1915 et
1128 1861 1463 1917 Crescentini
1516 1863 1857 1933 aliorumque
1885 1864 2088 1917 multo-

515 1967 660 2015 rum,
689 1953 886 2023 quibus
941 1965 1200 2023 praaterea
1240 1956 1381 2011 labia
1421 1973 1639 2027 quoque
1689 1958 1826 2012 adeo
1870 1958 2091 2013 diducta

516 2053 668 2109 sunt,
704 2053 762 2098 ut
792 2047 877 2099 vix
909 2062 971 2100 ea
1002 2056 1206 2102 tantum
1250 2048 1520 2103 adducere
1556 2058 1798 2118 possent,
1828 2060 2091 2120 quantum

515 2136 580 2188 ad
612 2137 945 2203 loquendum
982 2154 1120 2209 opus
1151 2149 1319 2195 esset.
1358 2139 1562 2195 Ultimo
1594 2141 1695 2195 hoc
1718 2142 1967 2212 prodigio
2006 2141 2094 2195 di-

514 2227 641 2282 vina
675 2229 726 2282 in
758 2240 1109 2286 accusatores
1138 2231 1217 2286 ira
1255 2233 1591 2302 conquievit.
1638 2233 1819 2300 Quare
1853 2234 2096 2305 synodus

517 2322 772 2375 universa
800 2321 1054 2377 clamavit
1102 2341 1117 2377 :
1161 2322 1316 2379 Nunc
1359 2326 1595 2395 denique
1634 2326 1899 2381 Dominus
1949 2327 2097 2381 chri-

518 2424 661 2466 stum
707 2412 784 2482 (ι)
829 2429 987 2468 suum
1033 2429 1300 2482 servasse,
1347 2432 1491 2471 nunc
1518 2418 1716 2472 ecmlo
1761 2427 1950 2472 sancto
1995 2432 2096 2474 suo

518 2518 708 2571 preces
736 2504 857 2572 ejus
900 2506 1214 2561 exaudiisse
1254 2507 1406 2562 visus
1434 2516 1537 2563 est.
1564 2506 1791 2579 Magnus
1838 2507 2097 2565 Dominus

518 2607 721 2661 noster,
750 2607 805 2651 et
831 2613 1027 2667 magna
1065 2599 1239 2655 virtus
1264 2600 1414 2669 ejus;
1462 2610 1516 2656 et
1551 2618 1658 2656 non
1688 2610 1772 2656 est
1805 2600 2098 2670 investiga-

519 2685 596 2740 tio
624 2687 838 2741 consilii
866 2688 1006 2758 ejus.
1057 2687 1197 2744 Vere
1230 2704 1463 2760 magnus
1485 2700 1537 2746 et
1584 2691 1871 2748 laudabilis
1911 2691 2095 2759 nimis,

519 2785 573 2832 et
608 2780 1001 2848 magnitudinis
1058 2780 1180 2849 ejus
1227 2796 1336 2836 non
1374 2790 1459 2837 est
1509 2782 1652 2839 finis.
1685 2782 1831 2839 Bene
1873 2784 2100 2841 Domino

520 2869 766 2925 dicamus
816 2869 925 2925 Deo
957 2878 1171 2935 nostro,
1221 2872 1315 2941 qui
1361 2873 1549 2927 omnia
1595 2874 1848 2931 utilitatis
1898 2885 2100 2931 nostrae

521 2975 686 3016 causa
716 2960 876 3029 facit;
920 2962 1037 3032 ipse
1065 2963 1212 3017 enim
1251 2964 1433 3020 noscit
1459 2966 1551 3035 qui
1585 2981 1710 3021 eum
1746 2976 1953 3035 amant,
1979 2969 2102 3038 qui-

520 3068 627 3124 que
653 3053 919 3109 voluntati
967 3056 1087 3125 ejus
1126 3057 1524 3127 obsequuntur,
1574 3073 1639 3114 ac
1689 3069 1868 3115 servat
1895 3076 2011 3123 eos,
2048 3070 2101 3116 et

2191 578 2375 639 αὐτοῖς
2422 577 2596 639 αίτεῖς
2644 576 2744 645 τὴν
2785 575 3055 629 ἀπάθειαν
3085 574 3281 635 αὐτῶν,
3318 572 3478 644 ἡμεῖς
3532 572 3765 641 πρᾶγμα

2189 667 2289 719 οὐκ
2331 666 2528 735 ἔχομεν
2553 681 2567 695 υ
2603 664 2760 717 τοῦτο
2786 665 2893 735 γὰρ
2933 662 3147 735 άληθῶς
3175 662 3508 731 γέγραπται,
3554 660 3635 713 ὅτι
3667 658 3762 713 τοῦ

2191 758 2397 828 Κυρίου
2428 759 2461 827 ἡ
2486 757 2766 825 ἐκδίκησις
2794 760 2977 825 μόνου.
3006 756 3116 809 Kal.
3139 753 3422 806 ἐκέλευσεν
3445 751 3641 813 αὐτοὺς
3661 753 3765 819 ἁφ-

2195 846 2332 898 ιέναι
2367 846 2497 909 τοὺς
2542 845 2900 917 στρατιώτας,
2934 846 3030 898 καὶ
3075 844 3236 897 πάλιν
3273 845 3330 895 ἐν
3374 841 3450 913 τῷ
3485 842 3601 912 ἅμα
3645 858 3769 894 συν-

2192 937 2548 1008 αθροισθῆναι
2572 938 2836 1001 ἅπαντας.
2878 937 3121 1005 Ἐγένετο
3142 936 3199 989 δὲ
3224 936 3281 988 ἐν
3304 934 3381 1005 τῷ
3407 934 3602 996 αὐτοὺς
3624 929 3765 987 εἶναι

2192 1029 2251 1082 ἐν
2300 1029 2381 1081 ἐνὶ
2425 1029 2598 1099 τόπῳ,
2636 1029 2858 1098 γέγονεν
2906 1030 3103 1099 αἴφνης
3160 1026 3358 1095 λαίλαψ
3402 1025 3624 1096 ἀνέμου,
3671 1026 3766 1078 καὶ

2191 1121 2486 1176 ἐσκότασεν
2519 1123 2548 1175 ὁ
2578 1122 2759 1187 τόπος,
2801 1123 2858 1175 ἐν
2889 1114 2934 1189 ᾧ
2973 1123 3188 1176 ἵσταντο
3224 1121 3274 1175 οἱ
3303 1121 3600 1191 κατήγοροι
3626 1136 3637 1148 ·
3670 1119 3767 1171 καὶ

2195 1214 2305 1268 ίδοὺ
2333 1214 2529 1285 ἄνεμος
2555 1214 2775 1284 ἐξῆλθεν
2799 1215 2863 1268 ἐκ
2885 1215 2984 1285 τῆς
3006 1214 3132 1284 γῆς,
3162 1215 3256 1267 καὶ
3278 1213 3548 1283 ἐκάλυψεν
3570 1212 3767 1274 αὐτοὺς

2192 1308 2403 1370 πάντας
2431 1308 2628 1377 γνόφος
2658 1307 2923 1371 σκοτινὸς,
2957 1306 3097 1360 ὥστε
3144 1307 3351 1369 πάντας
3388 1306 3586 1374 λέγειν,
3618 1306 3697 1358 ὅτι
3732 1307 3765 1373 ἠ

2192 1401 2266 1470 γῆ
2294 1400 2484 1471 ἔχανεν
2512 1401 2608 1453 καὶ
2636 1399 2897 1453 κατέπιεν
2926 1398 3146 1464 αὐτούς.
3181 1400 3289 1453 Kal.
3320 1400 3469 1452 πᾶσα
3493 1400 3527 1468 ἡ
3553 1397 3767 1459 σύνοδος

2192 1495 2273 1559 είς
2301 1492 2399 1547 τὸν
2422 1492 2651 1564 οὐρανὸν
2688 1491 2787 1556 τὰς
2820 1484 3008 1563 χεῖρας
3039 1494 3271 1564 ἄραντες
3298 1490 3552 1563 ἔκραζον,
3582 1489 3767 1558 λέγον-

2191 1604 2283 1651 τες
2306 1587 2387 1639 τόσ
2407 1587 2582 1655 Κύριε
2601 1585 2880 1653 ἐλέησον.
2900 1586 3011 1638 Kal
3033 1586 3092 1638 τὸ
3114 1585 3176 1656 δὴ
3204 1585 3397 1653 πέρας,
3441 1585 3559 1653 μετ’
3588 1582 3767 1650 ὀλίγον

2191 1675 2469 1747 διεσχίσθη
2505 1677 2533 1729 ό
2574 1676 2771 1743 γνόφος
2813 1672 3090 1728 ἐπάνωθεν
3115 1673 3326 1727 αὐτῶν
3358 1672 3449 1725 καὶ
3489 1671 3767 1740 ἐφάνησαν

2192 1770 2261 1824 τὰ
2296 1768 2565 1837 πρόσωπα
2601 1767 2781 1822 αὐτῶν
2826 1766 3273 1837 μεμελανωμένα,
3305 1765 3413 1819 τῶν
3442 1765 3497 1818 δὲ
3524 1765 3620 1817 καὶ
3648 1762 3767 1817 ὁλό-

2190 1862 2369 1934 κληρα
2388 1862 2455 1915 τὰ
2473 1861 2741 1930 πρόσωπα
2756 1860 2935 1914 αὐτῶν
2960 1860 3276 1930 ἐμελανώθη
3287 1878 3405 1913 σαν.
3436 1859 3663 1911 Σαϐίνου
3686 1857 3765 1915 δὲ,

2190 1955 2285 2010 καὶ
2313 1954 2744 2025 Κρησκεντίνου,
2794 1955 2889 2007 καὶ
2920 1953 3122 2025 ἐτέρων
3153 1951 3364 2005 πολλῶν
3406 1952 3466 2004 οὐ
3504 1950 3663 2021 μόνον
3700 1949 3770 2003 τὰ

2190 2048 2458 2120 πρόσωπα
2499 2046 2678 2100 αὐτῶν
2717 2044 3156 2116 ἐμελανώθησαν,
3189 2044 3325 2099 ἀλλὰ
3372 2042 3466 2096 καὶ
3506 2042 3575 2095 τὰ
3613 2041 3765 2111 χείλη

2192 2141 2373 2195 αὐτῶν
2425 2138 2861 2210 κατηνέχθησαν,
2904 2138 3044 2191 ὥστε
3089 2138 3242 2207 μόλις
3275 2139 3472 2200 αὐτοὺς
3508 2136 3768 2190 δύνασθαι

2193 2231 2550 2304 περισφίγξαι
2576 2232 2714 2284 αὐτὰ
2745 2231 2829 2295 εἱς
2849 2231 2910 2283 τὸ
2936 2230 3189 2299 λαλῆσαι.
3220 2230 3422 2284 Τούτου
3452 2230 3507 2284 δέ
3538 2229 3767 2297 γενομέ-

2194 2340 2285 2377 νου
2328 2322 2422 2376 τοῦ
2464 2321 2692 2393 σημείου
2740 2320 3025 2392 ἐτελειώθη
3066 2321 3201 2393 όργὴ
3240 2324 3318 2386 είς
3362 2323 3489 2384 τοὺς
3530 2321 3767 2391 κατηγό-

2198 2433 2345 2487 ρους.
2379 2414 2649 2485 Ἔκραξεν
2676 2415 2825 2467 πᾶσα
2853 2415 2885 2483 ή
2918 2413 3132 2475 σύνοδος
3161 2413 3394 2481 λέγουσα
3414 2431 3427 2445 ·
3460 2414 3575 2467 Νῦν
3602 2414 3769 2481 ἐγνώ-

2196 2520 2392 2571 καμεν,
2421 2504 2503 2556 ὅτι
2555 2501 2756 2556 ἔσωσεν
2796 2502 3001 2571 Κύριος
3048 2503 3141 2557 τὸν
3181 2504 3401 2573 χριστὸν
3444 2504 3629 2563 αὐτοῦ,
3674 2504 3769 2557 καὶ

2197 2593 2503 2662 ἐπήκουσεν
2556 2590 2721 2645 αὐτοῦ
2754 2591 2812 2657 ἐξ
2845 2593 3073 2661 οὐρανοῦ
3107 2595 3261 2661 ἁγίου
3294 2595 3479 2649 αὑτοῦ.
3523 2595 3711 2661 Μέγας
3740 2597 3769 2648 ό

2198 2681 2404 2748 Κύριος
2436 2683 2614 2752 ἡμῶν,
2656 2682 2751 2736 καὶ
2793 2684 2999 2755 μεγάλη
3034 2686 3066 2754 ἡ
3112 2686 3266 2754 ἰσχὺς
3300 2685 3463 2739 αὐτοῦ
3486 2702 3501 2716 ο
3539 2687 3631 2738 καὶ
3667 2686 3768 2739 οὐκ

2197 2772 2347 2827 ἔστιν
2372 2771 2718 2844 ἐξερεύνησις
2748 2774 2849 2841 τῆς
2868 2774 3184 2843 φρονήσεως
3208 2774 3372 2827 αὐτοῦ
3396 2793 3409 2807 ’
3437 2775 3651 2845 ἀληθῶς
3681 2766 3772 2845 μ’έ-

2198 2882 2301 2934 γας
2323 2864 2419 2918 καὶ
2443 2864 2653 2927 αἰνετὸς
2678 2863 2902 2935 σφόδρα,
2927 2864 3021 2917 καὶ
3049 2864 3150 2931 τῆς
3184 2865 3573 2935 μεγαλωσύνης
3602 2865 3766 2919 αὑτοῦ

2199 2958 2300 3012 οὐκ
2330 2957 2478 3010 ἐστιν
2510 2956 2705 3027 πέρας.
2736 2955 3038 3027 Εὐλογητὸς
3074 2956 3278 3025 Κύριος
3307 2958 3335 3011 ό
3366 2958 3499 3022 Θεὸς
3542 2961 3571 3025 ἠ
3584 2958 3700 3027 μῶν
3741 2961 3771 3013 ό

2201 3048 2379 3101 πάντα
2411 3047 2546 3118 πρὸς
2596 3046 2656 3099 τὸ
2698 3046 2974 3116 συμφέρον
3013 3046 3399 3117 ἐργαζόμενος.
3452 3049 3624 3113 Δὺτὸς
3662 3050 3770 3120 γὰρ

522 3147 589 3201 de
620 3146 964 3204 inimicorum
996 3165 1165 3205 manu
1210 3160 1372 3221 atque
1419 3165 1487 3205 ex
1529 3152 1678 3206 omni
1708 3153 1998 3208 afﬂictione
2030 3154 2097 3208 li-

2200 3143 2458 3209 γινώσκει
2483 3140 2609 3201 τοὺς
2636 3139 2966 3206 ἀγαπῶντας
2988 3140 3171 3200 αὐτὸν,
3209 3142 3301 3195 καλ⁸
3329 3141 3455 3204 τοὺς
3484 3142 3769 3205 ποιοῦντας

525 3240 695 3295 berat.
725 3239 843 3310 Ipse
873 3241 1141 3317 justitiam
1177 3243 1445 3311 impertit,
1485 3243 1601 3313 ipse
1649 3245 1909 3316 mysteria
1958 3261 2103 3301 reve-

523 3330 623 3393 lat,
661 3329 778 3401 ipse
811 3334 1187 3389 metuentibus
1220 3350 1343 3390 eum
1399 3335 1629 3390 salutem
1660 3335 1849 3403 affert;
1887 3353 2103 3409 semper

525 3422 669 3476 enim
703 3437 869 3493 prepe
914 3433 999 3479 est
1054 3426 1439 3483 invocantibus
1472 3443 1599 3481 eum
1653 3427 1706 3482 in
1759 3428 2007 3494 veritate,
2046 3440 2098 3484 et

525 3529 617 3569 eos
648 3512 797 3587 [xcv]
840 3515 1089 3571 celeriter
1120 3517 1425 3582 ulciscitur,
1474 3520 1619 3590 quod
1668 3519 1787 3576 sine
1827 3521 2101 3577 intermis-

528 3606 680 3663 sione
705 3607 945 3662 clamant
973 3608 1040 3663 ad
1070 3624 1194 3663 eum
1227 3610 1316 3665 die
1344 3625 1408 3664 ac
1440 3620 1617 3666 nocte.

600 3846 884 3904 LXXVIII.
918 3851 1097 3920 Atque
1128 3852 1213 3907 his
1238 3852 1484 3922 prolatis,
1541 3866 1821 3910 accessere
1858 3858 1924 3909 ad
1954 3870 2099 3919 eum,

529 3950 584 3995 et
629 3941 694 3996 ad
734 3942 896 4011 pedes
941 3945 1213 4013 provoluti
1272 3945 1529 3999 dixerunt
1565 3963 1579 4001 :
1627 3944 1827 4001 Preces
1883 3946 2098 4010 adhibe,

531 4034 691 4088 Pater
728 4044 936 4101 sancte,
974 4052 1073 4105 pro
1107 4036 1286 4103 nobis,
1321 4037 1408 4106 qui
1466 4054 1607 4093 unus
1645 4040 1907 4094 extremis
1956 4040 2104 4095 hisce

531 4126 866 4195 temporibus
895 4126 1111 4181 invicta
1162 4128 1437 4198 patientiae
1486 4130 1663 4183 virum
1725 4138 1777 4184 te
1811 4130 2016 4199 prodis,
2049 4139 2104 4184 et

532 4217 732 4273 Christi
769 4233 832 4273 ac
862 4217 1259 4288 discipulorum
1295 4220 1416 4289 ejus
1454 4220 1788 4277 imitatorem
1820 4237 1835 4277 :
1897 4238 2016 4292 age,
2050 4230 2103 4276 te

531 4310 908 4376 obsecramus,
939 4310 1194 4380 precibus
1224 4325 1325 4366 nos
1359 4312 1466 4366 tuis
1501 4312 1637 4365 habe
1659 4314 2101 4367 commendatos.

531 4400 627 4454 Ille
654 4416 783 4455 vero
818 4400 969 4455 humi
1001 4411 1328 4471 prostratus,
1362 4404 1526 4472 pedes
1562 4403 1901 4473 singulorum
1937 4421 2104 4459 oscu-

2198 3230 2259 3282 τὸ
2292 3229 2505 3300 θέλημα
2536 3229 2721 3292 αὐτοῦ,
2755 3229 2849 3282 καὶ
2881 3228 3043 3293 σώζει
3068 3230 3286 3293 αὐτοὺς,
3320 3231 3417 3285 καὶ
3448 3232 3634 3302 ῥύεται
3670 3233 3769 3285 αὐ-

2199 3320 2325 3382 τοὺς
2353 3322 2415 3373 ἐκ
2435 3321 2617 3393 χειρὸς
2646 3319 2857 3391 ἐχθρῶν
2885 3319 3067 3373 αὐτῶν
3098 3321 3192 3373 καὶ
3220 3321 3284 3375 ἐκ
3310 3322 3490 3392 πάσης
3518 3322 3768 3391 θλίψεως.

2199 3410 2371 3474 Αὐτὸς
2416 3412 2632 3471 δικαιοῖ,
2689 3412 2853 3475 αὐτὸς
2903 3414 3278 3468 ἀποκαλύπτει
3331 3415 3624 3482 μυστήρια,
3678 3412 3773 3465 καὶ

2200 3504 2347 3556 ποιεῖ
2375 3503 2648 3573 σωτηρίαν
2668 3506 2787 3568 τοῖς
2822 3504 3183 3577 φοϐουμένοις
3215 3504 3399 3559 αὐτόν.
3443 3505 3639 3572 Ἐγγὺς
3663 3503 3772 3573 γάρ

2200 3597 2348 3649 ἐστιν
2375 3595 2605 3649 πάντοτε
2639 3598 2751 3660 τοῖς
2776 3597 3226 3667 ἐπικαλουμένοις
3250 3597 3412 3651 αὐτὸν
3441 3597 3500 3650 ἐν
3525 3595 3770 3667 ἀληθείᾳ,

2200 3690 2296 3742 καὶ
2323 3688 2424 3758 τὴν
2456 3689 2737 3760 ἐκδίκησιν
2762 3689 2939 3743 αὐτῶν
2984 3693 3129 3744 ποιεῖ
3159 3692 3218 3743 ὲν
3247 3689 3424 3759 τάχει,
3450 3690 3534 3743 ὅτι
3563 3688 3774 3744 ἁνενδό-

2200 3790 2307 3836 τως
2334 3776 2498 3844 βοῶσι
2523 3777 2664 3848 πρὸς
2691 3777 2850 3833 αὐτὸν
2882 3780 2914 3847 ἡ
2924 3779 2991 3848 μέ
3001 3797 3097 3849 ρας
3120 3780 3212 3833 καὶ
3236 3780 3453 3843 νυκτός.

2270 3866 2399 3919 OH'.
2436 3867 2547 3919 Kal.
2593 3867 2764 3921 ταῦτα
2811 3868 2989 3921 αὐτῶν
3035 3868 3328 3934 εἰπόντων,
3387 3868 3776 3940 προσελθόντες

2201 3956 2431 4012 ἔπιπτον
2469 3957 2620 4028 παρὰ
2665 3961 2792 4023 τοὺς
2838 3960 3003 4025 πόδας
3052 3960 3244 4021 αὐτοῦ,
3282 3952 3568 4027 λέγοντες·
3610 3956 3776 4026 Εῦξαι

2203 4050 2341 4121 ὑπὲρ
2365 4050 2542 4119 ήμῶν,
2570 4050 2749 4122 Πάτερ
2782 4050 2924 4118 ἅγιε.
2950 4053 3031 4105 ὅτι
3063 4054 3121 4105 ὲν
3145 4056 3265 4114 ταῖς
3294 4052 3528 4121 ἡμέραις
3553 4052 3777 4114 ταύταις

2200 4145 2321 4207 ταῖς
2356 4144 2609 4212 ἐσχάταις
2659 4144 2722 4196 σὺ
2762 4143 2923 4211 μόνος
2955 4143 3207 4215 ἐδείχθης
3239 4145 3478 4215 ἐργάτης
3507 4144 3607 4212 τῆς
3640 4144 3776 4196 ὑπο-

2206 4236 2394 4303 μονῆς,
2421 4236 2514 4287 καὶ
2542 4234 2727 4298 δοῦλος
2752 4235 2990 4303 Χριστοῦ
3026 4236 3119 4290 καὶ
3152 4238 3261 4288 τῶν
3299 4235 3558 4305 μαθητῶν
3587 4232 3775 4289 αὐτοῦ.

2203 4322 2643 4393 Παρακαλοῦμεν
2666 4323 2722 4376 δέ
2747 4342 2827 4389 σε,
2855 4324 3015 4394 εῦχου
3043 4323 3185 4395 ὑπὲρ
3214 4322 3390 4393 ἡμῶν,
3416 4322 3595 4393 εὔχου.
3638 4323 3695 4375 '0
3720 4322 3779 4376 δὲ

2206 4414 2387 4470 πεσὼν
2420 4415 2513 4468 ἐπὶ
2542 4417 2833 4486 πρόσωπον
2863 4415 3050 4479 αὑτοῦ,
3077 4414 3485 4488 προσεκύνησεν
3513 4414 3630 4478 ἐνὸς
3657 4415 3780 4468 ἑκά-

527 4492 769 4557 labatur,
805 4507 891 4555 ac,
943 4489 1075 4557 Vos,
1129 4492 1330 4557 aiebat,
1384 4494 1647 4563 ignoscite
1698 4497 1854 4560 mihi,
1913 4496 2097 4551 Patres

2209 4526 2333 4562 στου
2375 4507 2555 4562 αὐτῶν
2587 4510 2712 4571 τοὺς
2745 4507 2933 4573 πόδας,
2966 4508 3140 4577 λέγων
3162 4523 3177 4539 ·
3230 4504 3631 4577 Συγχωρήσατέ
3666 4524 3777 4575 μοι,

533 4586 747 4638 sancti:
782 4600 883 4654 ego
914 4586 1057 4640 enim
1106 4602 1227 4641 sum
1264 4587 1498 4648 vermis,
1538 4596 1592 4641 et
1621 4604 1726 4641 non
1782 4589 1968 4653 homo,
2004 4606 2104 4658 op-

534 4684 816 4755 probrium
851 4684 1129 4738 hominum
1178 4692 1233 4739 et
1282 4684 1515 4753 abjectio
1549 4686 1813 4739 omnium.
1851 4685 1960 4741 Vos
2006 4702 2105 4756 po-

528 4778 645 4831 tius
676 4776 994 4830 tenuitatem
1032 4792 1206 4832 meam
1247 4777 1500 4848 precibus
1537 4779 1733 4835 vestris
1782 4789 2103 4834 sustentate.

531 4869 761 4938 Jamque
815 4883 1006 4923 omnes
1061 4877 1252 4923 sancto
1302 4869 1453 4923 illum
1506 4870 1696 4925 osculo
1746 4870 2105 4926 salutabant:

534 4965 735 5033 quippe
763 4971 875 5017 tota
906 4977 973 5017 ex
1000 4962 1132 5017 urbe
1167 4962 1269 5016 viri
1323 4961 1648 5032 feminaque
1697 4978 1820 5017 cum
1860 4963 2108 5018 lactenti-

535 5057 636 5111 hus
696 5056 882 5125 pueris
954 5063 1341 5121 convenerant,
1408 5064 1798 5109 accusatorum
1862 5056 2107 5125 prodigio

533 5147 698 5202 exciti
729 5164 743 5201 :
776 5155 830 5201 et
863 5162 957 5200 ora
990 5161 1178 5200 eorum
1209 5145 1477 5215 nigrantia
1516 5145 1883 5215 obstupefacti
1924 5146 2105 5200 intue-

522 5241 755 5296 bantur.
810 5236 1050 5293 Rursum
1102 5235 1298 5292 deinde
1345 5235 1584 5307 episcopi
1642 5236 1711 5289 ad
1773 5236 1929 5291 sedes
1979 5250 2107 5290 suas

609 5378 736 5448 (99),
765 5377 962 5443 Quidni
1002 5377 1414 5445 Agrigentinum
1490 5378 1727 5445 aliquem
1758 5416 1771 5438 ,
1826 5391 2104 5448 ammnum

531 5446 838 5509 hominem,
878 5448 1105 5502 Leontio
1147 5457 1333 5502 nostro
1368 5448 1716 5515 imposuisse,
1753 5455 1807 5499 et
1852 5446 2103 5499 fabellam

542 5520 683 5572 hanc
714 5520 1025 5573 venditnsse
1063 5518 1481 5573 existimemus?
1514 5517 1791 5587 Agrigenti
1844 5515 2103 5579 fortasse,

540 5590 708 5651 utfit,
758 5588 977 5642 familia:
1031 5590 1238 5657 aliquot
1284 5604 1346 5641 ex
1386 5588 1563 5641 Africa
1615 5597 1867 5657 extorres
1922 5587 2102 5639 sedem

542 5660 803 5723 ﬁxerant;
839 5676 902 5712 ex
936 5656 1393 5728 iisqueprognati
1433 5659 1583 5728 fusca
1615 5656 1774 5719 facie,
1805 5657 1973 5728 labris
2006 5657 2105 5728 im-

543 5729 769 5785 modicis
806 5727 1057 5800 parente’s
1089 5727 1413 5800 atquegavos
1448 5727 1775 5781 referebant.
1819 5727 1933 5800 llos
1986 5727 2100 5795 pla-

543 5816 647 5855 nus
677 5800 783 5867 ille,
808 5798 892 5857 ‘ut
922 5800 1123 5856 coloris
1160 5809 1215 5855 et
1244 5798 1431 5854 forma:
1464 5813 1685 5853 causam
1731 5798 2005 5864 redderet,
2038 5813 2102 5851 ex

2208 4601 2421 4669 Πάτρες
2454 4601 2599 4668 ἆγιοι
2624 4614 2637 4628 ·
2675 4598 2785 4667 ἐγὼ
2829 4599 2939 4669 γάρ
2981 4601 3096 4669 είμι
3143 4599 3380 4667 σκώληξ,
3429 4600 3525 4651 καὶ
3554 4598 3653 4650 οὐκ
3688 4597 3780 4650 ἄν·

2208 4690 2443 4761 θρωπος,
2471 4690 2675 4752 ὄνειδος
2704 4690 3010 4759 ἀνθρώπων
3044 4690 3140 4743 καὶ
3165 4690 3503 4759 ἐξουθένημα
3526 4688 3743 4741 πάντων
3762 4703 3778 4717 ·

2208 4782 2361 4835 αὐτοὶ
2402 4782 2599 4851 μᾶλλον
2635 4780 2860 4850 εὔχεσθε
2908 4781 3051 4851 ὑπὲρ
3096 4781 3198 4850 τῆς
3230 4780 3369 4849 ἐμῆς
3405 4780 3778 4850 μετριότητος.

2220 4873 2563 4929 Ἦσπάσαντο
2585 4873 2640 4926 δὲ
2666 4874 2826 4925 αὐτὸν
2851 4872 3049 4935 πάντες
3073 4871 3150 4942 τῷ
3178 4871 3317 4941 ἁγίῳ
3348 4871 3635 4940 φιλήματι.
3667 4870 3782 4923 Πᾶ-

2210 4985 2277 5021 σα
2310 4966 2417 5037 γὰρ
2442 4969 2474 5036 ἡ
2508 4966 2661 5029 πόλις
2686 4960 2753 5035 ’ἦν
2780 4964 3211 5035 συνηθροισμένη
3239 4963 3448 5033 ἀνδρῶν
3472 4979 3530 5015 τε
3560 4961 3656 5016 καὶ
3690 4979 3783 5030 γυ-

2206 5058 2427 5119 ναικῶν,
2458 5058 2551 5111 καὶ
2584 5058 2689 5119 ’έως
2716 5056 2911 5127 μικροῦ
2941 5056 3270 5127 θηλάζοντος
3311 5054 3403 5106 ἐπὶ
3428 5052 3507 5123 τῷ
3534 5054 3783 5121 γεγονότι

2209 5150 2419 5220 σημείῳ
2458 5151 2537 5207 εἰς
2579 5149 2705 5213 τοὺς
2744 5149 3104 5218 κατηγόρους.
3142 5147 3249 5199 Καὶ
3296 5142 3437 5217 ἦσαν
3471 5145 3784 5215 θαυμάζον-

2206 5243 2406 5310 τες,ὼς
2436 5240 2705 5312 ἐθεώρουν
2734 5240 3167 5312 μεμελανωμένα
3195 5238 3375 5292 αὐτῶν
3400 5238 3469 5292 τὰ
3490 5234 3780 5309 πρόσωπα.

2207 5393 2394 5432 eorum
2422 5392 2619 5445 genere
2658 5390 2780 5431 esse
2823 5374 2981 5437 dixit,
3029 5371 3120 5441 qui
3172 5370 3493 5445 Gregorium
3532 5376 3781 5421 nostrum

2208 5441 2579 5509 accusasusent,
2622 5462 2686 5500 ac
2733 5446 2894 5499 simul
2948 5452 3220 5498 ostentum
3265 5441 3402 5494 istud
3437 5447 3782 5492 commentus

2207 5527 2310 5577 est.
2368 5518 2514 5588 quod
2566 5518 2729 5570 homo
2764 5516 2989 5588 minime
3039 5513 3245 5588 malus,
3278 5520 3329 5564 et
3375 5509 3628 5588 historiae
3668 5522 3783 5588 suae

2210 5577 2567 5657 producenda:
2596 5595 2757 5655 atque
2780 5585 3037 5657 ornandae
3085 5582 3339 5651 cupidus,
3371 5579 3534 5634 facile
3570 5577 3781 5640 hausit,

2209 5656 2377 5719 utque
2403 5657 2673 5720 audierat,
2705 5656 2975 5724 exposuit.

2284 5729 2359 5800 (1)
2388 5728 2460 5782 Ex
2491 5728 2627 5798 psal.
2670 5720 2873 5789 xtx,7;
2910 5735 2958 5777 et
2999 5740 3063 5777 ex
3098 5723 3218 5777 aliis
3249 5720 3502 5790 carptim.
