4158 6550
519 415 618 482 691

1509 423 1570 482 S.
1602 421 1978 484 GREGORII
2018 423 2528 486 AGRIGENTINI
2575 427 2772 490 VlTA.

3663 431 3770 498 692

521 527 634 586 Di-o
661 537 937 595 acceptam
972 530 1370 600 arcessivisset,
1405 549 1579 606 eaque
1612 537 1665 591 in
1712 541 1978 611 synodum
2015 541 2099 596 iti-

2206 542 2465 610 :pt).60£0‘l.
2529 546 2638 598 Καὶ
2679 546 3102 630 προσκυνήσασα
3145 544 3240 598 καὶ
3292 544 3530 601 λαϐοῦσα
3579 549 3768 621 εὐχὴν,

520 619 772 674 traducta
801 619 1084 674 adorasset
1123 635 1314 676 omnes
1345 637 1408 677 ac
1436 625 1540 679 sibi
1576 624 1714 680 bene
1745 629 2093 695 precantibus

516 709 833 772 annuisset,
886 709 972 764 his
1019 711 1107 766 ille
1136 713 1318 767 verbis
1373 730 1494 770 eam
1542 724 1624 771 est
1655 717 1899 774 aﬂ‘utus:
1943 719 2094 774 Hanc

519 800 616 853 tibi
648 801 902 868 puellam,
927 799 1146 856 domina
1199 815 1392 869 mater,
1421 809 1766 872 ccmmendo,
1809 822 1871 865 ut
1899 811 2095 866 anima:

521 891 695 959 ipsius
746 907 932 945 curam
986 909 1164 961 geras,
1221 909 1452 964 eamque
1507 897 1559 950 in
1613 899 1700 952 die
1731 898 1968 964 Domini,
2000 901 2094 970 qui

520 983 823 1036 mercedem
849 985 1076 1038 daturus
1105 993 1205 1050 est,
1243 985 1649 1041 iininaculatam
1681 992 1960 1046 restituas.
1992 991 2094 1046 Cui

521 1075 653 1128 illa:
687 1073 800 1139 Sic,
844 1076 1042 1146 inquit,
1071 1077 1310 1140 domine,
1344 1079 1454 1142 fiat,
1494 1079 1568 1132 uti
1611 1081 1790 1149 juhes.
1827 1082 1906 1135 Ac
1958 1083 2096 1137 bene

521 1165 595 1218 illi
624 1168 976 1235 precantibus
1003 1170 1238 1234 cunctis,
1270 1171 1501 1238 puellam
1528 1171 1834 1227 diaconissa
1866 1176 2093 1243 accepit,

519 1268 684 1326 atque
719 1259 770 1310 in
822 1260 1212 1313 monasterium
1255 1261 1480 1314 deduxit
1517 1277 1532 1315 ε
1576 1262 1664 1315 ubi
1699 1278 1874 1316 annos
1905 1265 2094 1334 viginti

519 1346 661 1402 duos
687 1349 863 1418 exegit
899 1351 1141 1403 moribus
1175 1352 1530 1406 emendandis
1557 1363 1612 1406 et
1639 1355 1837 1409 erratis
1869 1357 2097 1424 expian-

520 1440 608 1495 dis
639 1441 844 1494 intenta
881 1460 894 1494 :
930 1457 993 1495 ac
1037 1443 1332 1496 multarum
1365 1445 1665 1512 palmarum
1707 1446 1898 1500 victrix
1930 1462 2098 1502 occu-

520 1531 660 1584 buit.

590 1622 805 1679 LXXX.
871 1624 1006 1679 Cum
1065 1624 1176 1694 jam
1235 1625 1368 1680 hora
1423 1637 1568 1682 esset
1616 1644 1793 1692 nona,
1853 1630 2098 1699 pontifex

520 1721 795 1774 maximus
850 1730 1098 1775 sanctum
1136 1718 1456 1790 Gregorium
1496 1722 1749 1776 hortatus
1782 1731 1886 1790 est,
1915 1730 1973 1776 ut
2015 1724 2097 1777 di»

520 1812 648 1866 vina
687 1813 945 1883 mysteria
980 1821 1263 1882 perageret
1311 1812 1408 1883 (4).
1463 1811 1584 1879 Quo
1626 1823 1868 1884 tempore
1905 1813 2094 1888 [xcvn]

2198 630 2326 702 ἔστη
2351 632 2661 704 ἔμπροσθεν
2687 635 2788 705 τῆς
2817 637 3038 690 συνόδου
3058 651 3072 664 ·
3104 639 3199 689 καὶ
3226 635 3375 706 λέγει
3421 639 3562 709 αὐτῇ
3603 643 3632 692 ὁ
3661 643 3770 696 πά-

2199 738 2335 786 παςο
2361 722 2579 792 Ταύτην
2613 741 2695 777 σοι
2721 725 2818 794 τὴν
2843 727 3010 780 παῖδα
3032 726 3398 797 παρατίθημι,
3424 730 3569 798 κυρὰ
3589 729 3769 800 ἅμμα,

2199 810 2286 862 ἵνα
2339 810 2678 883 ὲπιμελήσῃς
2725 814 2826 884 τῆς
2883 813 3062 885 ψυχῆς
3119 815 3312 885 αὐτῆς,
3367 816 3463 869 καὶ
3511 819 3771 890 παραδῷς

2197 899 2428 954 ἄσπιλον
2453 903 2512 954 ὲν
2535 905 2602 972 τῇ
2626 903 2809 974 ἡμέρᾳ
2836 905 2930 957 τοῦ
2955 905 3184 976 Κυρίου,
3213 905 3309 958 καὶ
3333 907 3464 976 παρ’
3488 907 3654 962 αὑτοῦ
3680 909 3772 964 τὸν

2201 987 2391 1057 μισθὸν
2419 990 2671 1061 κομίσῃς.
2702 992 2772 1044 Ἠ
2800 992 2857 1045 δὲ
2889 987 3062 1045 εἶπενο
3095 993 3328 1056 Γένοιτο,
3360 994 3536 1063 κύριε,
3568 995 3644 1060 ὡς
3675 1015 3770 1051 κε-

2199 1080 2394 1144 λεύεις.
2435 1084 2546 1136 Καὶ
2589 1083 2808 1138 πάντων
2843 1085 2978 1157 αὐτῇ
3019 1086 3425 1156 ὲπευξαμένων,
3460 1089 3772 1158 παρέλαϐεν

2197 1173 2366 1244 αὐτὴν
2413 1175 2446 1244 ἡ
2476 1173 2742 1239 διάκονος,
2776 1177 2872 1229 καὶ
2909 1177 3037 1230 ἆπιε
3066 1179 3123 1230 ἐν
3157 1179 3234 1248 τῷ
3270 1183 3618 1253 μοναστηρίῳ
3653 1183 3773 1253 μετ’

2198 1267 2396 1336 αὐτῆς·
2433 1268 2656 1320 κάκεῖσε
2687 1268 2957 1338 διέτριψεν
2985 1269 3080 1341 ἔτη
3113 1269 3285 1324 εἴκοσι
3313 1273 3407 1326 δύο
3432 1275 3489 1327 ἐν
3519 1275 3773 1347 μετανοίᾳ

2198 1359 2289 1421 καὶ
2318 1357 2718 1428 ἐξομολογήσει,
2757 1361 2849 1413 καὶ
2888 1359 3105 1428 ἀγῶνας
3150 1363 3380 1427 πολλοὺς
3419 1365 3768 1438 ένδειξαμένη

2199 1451 2570 1522 ἐτελεύτησεν.

2269 1627 2349 1679 H'.
2386 1627 2497 1698 Τῆς
2527 1629 2758 1698 ὲννὰτης
2785 1629 2841 1682 δὲ
2870 1629 3177 1702 φθασάσης,
3215 1634 3588 1705 προετρέψατο
3615 1637 3646 1689 ὁ
3667 1637 3773 1689 πά-

2199 1733 2306 1779 πας
2360 1717 2449 1770 τὸν
2513 1719 2780 1790 μακάριον
2833 1721 3133 1794 Γρηγόριον
3177 1723 3271 1776 τοῦ
3319 1725 3631 1780 ἐπιτελέσαι
3674 1728 3772 1799 τὴν

2201 1805 2350 1858 θείαν
2390 1809 2797 1877 μυσταγωγίαν.
2832 1811 2896 1864 Οἱ
2929 1812 2983 1864 δὲ
3024 1812 3122 1883 τῆς
3152 1813 3444 1884 Ἀνατολῆς
3485 1816 3772 1871 ἐπίσκοποι

523 1902 762 1957 Orientis
800 1902 1040 1970 episcopi
1068 1902 1266 1971 aliique
1308 1918 1338 1956 e
1373 1901 1582 1972 synodo
1614 1901 1878 1971 Spiritum
1907 1884 2100 1973 gratiae

2206 1897 2296 1948 καὶ
2321 1896 2472 1950 ἄλλοι
2504 1899 2567 1951 ἐκ
2596 1899 2692 1969 τῆς
2723 1901 2940 1956 συνόδου
2976 1901 3271 1958 ἐθεάσαντο
3301 1905 3519 1976 πνεῦμα
3546 1907 3644 1978 τῆς
3670 1909 3768 1979 χά-

522 1994 777 2049 viderunt
821 2003 1009 2048 sancto
1055 1995 1173 2049 viro
1204 1995 1787 2064 superimminentem;
1819 1995 1966 2066 quod
1992 1995 2101 2052 illis

525 2085 834 2140 sanctitatis
862 2085 982 2156 ejus
1004 2101 1280 2140 summum
1310 2095 1690 2157 argumentum
1722 2086 1824 2141 fuit
1850 2105 1864 2141 :
1896 2103 2020 2141 nam
2047 2096 2103 2142 et

527 2179 632 2249 ipsi
667 2178 776 2233 Deo
819 2179 1112 2234 admodum
1147 2179 1352 2248 accepti
1391 2189 1568 2244 erant,
1633 2180 1918 2249 sanctique
1978 2179 2102 2249 Spi-

527 2269 665 2325 ritus
723 2271 1035 2340 participes.
1086 2269 1160 2324 Ut
1191 2286 1320 2326 vero
1367 2279 1618 2326 sanctum
1675 2270 1885 2324 Domini
1928 2271 2102 2326 nostri

523 2358 651 2415 Jesu
680 2360 882 2415 Christi
907 2377 1105 2431 corpus
1135 2377 1198 2416 ac
1226 2364 1523 2432 pretiosum
1557 2365 1876 2432 sanguinem
1900 2379 1930 2418 e
1959 2365 2103 2419 beati

526 2451 772 2520 Gregorii
829 2454 1082 2508 manibus
1130 2463 1485 2523 acceperunt,
1541 2455 1724 2509 cibum
1782 2456 1977 2510 deinde
2034 2456 2100 2511 ad

525 2543 800 2612 pontiticis
844 2545 1067 2598 maximi
1108 2560 1353 2598 mensam
1412 2561 1718 2614 sumpsere,
1752 2555 1864 2600 tum
1905 2548 2104 2616 quietis

526 2649 694 2687 causa
753 2633 995 2703 episcopi
1049 2634 1299 2688 eumdem
1355 2651 1545 2688 omnes
1578 2636 1631 2688 in
1685 2638 1861 2690 locum
1900 2637 2102 2691 reversi

529 2732 679 2779 sunt.
713 2722 938 2778 Noctem
977 2733 1156 2780 tamen
1190 2735 1358 2779 totam
1395 2743 1569 2796 usque
1599 2727 1664 2780 ad
1697 2728 1870 2782 lucem
1914 2729 2102 2798 vigila-

530 2830 677 2886 runt,
711 2821 775 2874 de
811 2821 1089 2874 communi
1121 2821 1296 2876 salute
1341 2837 1404 2877 ac
1433 2823 1500 2876 de
1530 2823 1646 2876 utili
1679 2824 1894 2893 pietatis
1923 2825 2104 2879 studio

529 2910 882 2964 disserentes.
907 2911 1096 2964 Primo
1130 2919 1310 2965 autem
1338 2911 1582 2966 diluculo
1616 2910 1936 2983 Gregorium
1969 2928 2106 2982 pon-

531 2997 662 3051 tifex
689 2999 963 3053 maximus
985 3000 1292 3065 arcessivit,
1316 3008 1370 3055 et
1393 3001 1538 3056 hunc
1558 3018 1682 3056 cum
1706 3019 1770 3057 eo
1797 3018 2102 3057 sermonem

529 3092 720 3146 habuit
749 3109 761 3144 :
787 3092 948 3156 Audi,
983 3091 1080 3158 Iili,
1111 3107 1380 3161 exponam
1417 3093 1562 3147 enim
1597 3095 1692 3148 tibi
1726 3095 1877 3149 urbis
1909 3105 2106 3149 nostra}

532 3185 920 3252 calamitatem,
975 3202 1140 3256 quam
1181 3187 1366 3256 utique
1399 3198 1621 3258 propter
1669 3189 1869 3256 ﬂagitia
1920 3199 2105 3244 nostra

533 3279 823 3349 contigisse
860 3279 1055 3334 lateor.
1116 3278 1321 3336 Trabes
1359 3282 1605 3351 quaedam
1659 3298 1752 3351 per
1775 3283 1973 3337 llunien
2010 3286 2106 3337 ιλιι-ι

534 3372 872 3426 vehebantur
916 3372 984 3426 ad
1043 3373 1272 3428 Sanctos
1321 3374 1630 3442 Apostolos.
1667 3373 1757 3428 liae
1809 3376 1862 3428 in
1919 3377 2105 3430 urbem

534 3473 914 3532 pervenerant,
948 3480 1070 3518 cum
1107 3465 1287 3518 medio
1323 3466 1374 3517 in
1410 3466 1632 3519 ﬂumine
1669 3476 1923 3536 tanquam
1957 3484 2108 3522 com-

537 3565 706 3623 pactzn
742 3564 835 3609 ant
884 3556 1030 3609 ferro
1067 3555 1187 3610 fixae
1220 3557 1602 3610 constiterunt.
1637 3557 1824 3627 Itaque
1860 3559 2106 3614 clausum

536 3647 590 3698 in
622 3645 810 3699 urbem
839 3645 1046 3699 aditum
1077 3646 1363 3712 habemus,
1399 3655 1456 3699 ut
1487 3663 1662 3716 neque
1694 3649 1898 3717 ingredi
1935 3666 2110 3720 neque

535 3738 716 3805 egredi
753 3737 965 3806 navigia
1007 3737 1255 3806 possint;
1291 3752 1353 3791 ea
1391 3753 1478 3792 res
1508 3740 1652 3792 cives
1684 3740 1978 3808 plurimum
2010 3758 2109 3796 an-

536 3831 612 3896 git
649 3846 663 3880 :
697 3844 822 3882 nam
873 3844 1015 3899 sazpe
1055 3845 1252 3884 manus
1301 3830 1663 3894 admovimns,
1715 3847 1814 3885 nec
1861 3848 1957 3886 eas
1985 3849 2110 3902 per-

538 3921 754 3973 trahere
784 3936 1024 3988 unquam
1068 3923 1368 3989 potuimus.
1406 3921 1695 3977 Enimvero
1723 3925 1982 3993 quoniam
2021 3925 2110 3980 hic

536 4025 634 4064 vos
667 4012 820 4076 estis,
859 4012 1090 4066 obsecro
1137 4027 1254 4076 vos,
1289 4022 1350 4066 tit
1398 4027 1464 4067 eo
1513 4029 1688 4082 IlSqtle
1732 4017 1990 4070 accedere
2041 4032 2111 4071 ne

536 4104 870 4176 gravemini;
925 4120 1085 4172 spero
1137 4105 1282 4158 enim
1335 4103 1470 4168 fore,
1525 4116 1584 4158 ut
1624 4103 1890 4161 Dominus
1920 4122 2110 4176 preces

537 4205 748 4252 vestras
778 4197 1051 4251 exaudiat.
1094 4195 1193 4250 Cui
1226 4195 1519 4266 Gregorius
1550 4199 1883 4266 respondens
1918 4218 1931 4253 :
1981 4197 2110 4254 Om-

538 4289 690 4350 nino,
715 4285 914 4354 inquit,
945 4287 1209 4355 utjuhes,
1259 4303 1458 4356 parens
1511 4299 1698 4343 noster
1744 4290 2108 4346 sanctissime.

537 4377 764 4447 Signum
795 4377 960 4448 igitur
993 4378 1174 4433 tabula
1207 4379 1322 4433 dari
1354 4377 1598 4449 pontifex
1628 4381 2108 4450 maximttsjussit,

538 4522 670 4565 tam.
721 4511 806 4587 ln‘
833 4513 1041 4587 synodo
1091 4513 1234 4587 enim
1297 4513 1542 4587 Romana
1600 4515 1702 4569 sub
1755 4515 2108 4587 Symmacho,
2140 4531 2186 4587 ι)

539 4598 684 4655 anno
709 4581 812 4655 {99
843 4581 1076 4655 decretis
1109 4586 1441 4655 subscripsit
1492 4581 1812 4638 Marcianus
1840 4586 2110 4655 presbyter

542 4652 682 4725 t_ituli
723 4650 932 4725 Sancta:
978 4651 1228 4725 Cazcilite,
1290 4663 1349 4725 ut
1401 4655 1597 4706 deinde
1637 4655 1688 4725 in
1743 4650 1952 4725 synodo
1997 4650 2108 4725 sub

540 4721 802 4788 Gregorio
848 4721 1042 4792 Magno
1079 4723 1260 4776 Victor
1290 4722 1503 4778 Sancta’
1531 4721 1788 4778 chiliw:
1813 4725 1886 4778 De
1920 4722 2112 4780 monii-

542 4791 728 4862 sterio_
761 4807 863 4861 ego
923 4791 1132 4846 tantum
1169 4793 1437 4847 afﬁrmare
1471 4809 1717 4862 possum,
1777 4811 1963 4850 revera
2000 4797 2112 4852 illic

542 4871 670 4915 ante
706 4860 988 4916 Paschalis
1019 4863 1039 4916 ι
1070 4873 1282 4916 aetatem
1320 4860 1488 4917 fuisse
1519 4866 1600 4916 vel
1637 4865 1875 4919 virorum
1908 4866 1991 4919 vel
2033 4867 2112 4922 fe-

543 4932 816 5002 minarum
849 4950 862 4985 :
891 4933 1094 4986 indicat
1141 4934 1284 4986 enim
1314 4934 1429 5002 ipse
1463 4933 1515 4986 in
1558 4935 1787 5002 epistola
1825 4935 1900 4988 De
1931 4939 2112 4991 inven-

543 5004 680 5072 tione
704 5001 1048 5069 reliquiarum
1077 5011 1273 5056 sancta:
1294 5001 1524 5056 Cazcilite
1553 5001 1720 5072 (apud
1748 5005 1912 5060 Hard.
1945 5007 2108 5062 Cone.

543 5082 584 5124 t.
608 5071 699 5136 Ν,
721 5088 773 5144 p.
800 5073 982 5143 1225).
1016 5074 1119 5127 Sed
1145 5083 1321 5144 tamen
1355 5075 1497 5127 haud
1523 5071 1681 5128 facile
1705 5084 1951 5144 apparet,
1979 5080 2113 5132 viri-

513 5208 518 5214 .
546 5159 613 5216 ne
643 5159 710 5196 an
735 5143 948 5216 femina:
977 5152 1136 5216 antea
1172 5143 1490 5216 incolerent,
1514 5161 1577 5199 ac
1602 5143 1876 5215 nttm’ipse
1899 5151 2111 5216 primus

548 5214 693 5268 viros
751 5214 1046 5278 induxerit,
1080 5230 1146 5265 an
1186 5222 1398 5268 veteres
1432 5215 1638 5268 incolas
1677 5214 1979 5270 retinuerit.
2020 5219 2112 5273 Sic

543 5285 710 5348 enim,
746 5293 1028 5352 postquam
1058 5285 1124 5337 de
1156 5285 1354 5348 templo
1385 5301 1414 5338 a
1447 5301 1505 5338 se
1537 5286 1786 5339 restituto
1815 5287 1973 5349 divit,
2007 5304 2111 5342 cre-

547 5364 658 5407 tcra
683 5355 1015 5422 qtiaaibidein
1049 5353 1274 5422 perfecit
1303 5367 1522 5408 enarrat
1557 5373 1569 5409 :
1606 5355 1787 5425 Ibique
1806 5359 1873 5408 ad
1899 5357 2111 5411 laudem

543 5425 810 5477 Creatoris
851 5425 1149 5477 instaurate
1202 5428 1522 5478 monasterio
1571 5427 1838 5478 beatorum
1887 5429 2112 5482 Andrea’

545 5495 770 5561 apostoli
817 5505 864 5547 et
897 5495 1133 5564 Gregorii
1162 5496 1477 5564 confessoris
1501 5536 1514 5558 ,
1553 5512 1748 5548 necnon
1777 5497 1830 5548 in
1861 5497 2110 5551 honorem

549 5575 848 5636 sanctarum
875 5567 1134 5634 virginum
1157 5575 1207 5618 et
1237 5578 1528 5635 martyrum
1552 5567 1768 5636 Agatlne
1787 5576 1836 5619 et
1855 5567 2108 5634 chiliw,

545 5634 689 5700 infra
721 5634 1005 5689 Ecclesium
1037 5637 1088 5686 in
1119 5636 1252 5695 loco,
1286 5634 1386 5705 qui
1409 5634 1614 5690 dicitur
1640 5637 1806 5690 Collis
1839 5637 2107 5704 jacentis:

546 5707 599 5754 in
629 5721 729 5774 quo
761 5706 1134 5778 monachorum
1189 5707 1299 5761 Deo
1327 5708 1662 5762 servientium
1717 5710 2108 5778 congregationi

547 5777 785 5847 unanimi
835 5779 1192 5830 constituimus
1241 5794 1335 5845 pro
1365 5779 1686 5847 quotidianis
1740 5777 2009 5841 laudibus,
2058 5790 2107 5832 et

541 5861 635 5916 pro
685 5846 917 5899 subsidio
959 5855 1007 5898 et
1061 5846 1400 5901 luminarium
1431 5849 1840 5914 continuatione,
1877 5865 1966 5902 seu
2002 5850 2108 5903 uti-

2206 2008 2352 2063 ριτος
2401 1995 2834 2064 κατασκηνῶσαν
2865 1997 2954 2050 τὸν
2987 1997 3162 2067 ἅγιον,
3195 2002 3288 2054 καὶ
3323 2001 3775 2075 έπληροφορήθη-

2207 2099 2305 2135 σαν
2336 2085 2415 2145 εἰς
2451 2084 2614 2136 αὐτόν
2643 2102 2656 2116 ·
2685 2081 2826 2156 ἦσαν
2873 2088 2982 2159 γὰρ
3021 2089 3173 2142 αὐτοὶ
3199 2091 3497 2162 ἠξιωμένοι
3527 2095 3774 2164 χάριτος.

2203 2176 2297 2227 καὶ
2325 2175 2640 2246 Πνεύματος
2673 2178 2830 2246 ἁγίου
2871 2181 3216 2250 μετέχοντες.
3249 2184 3696 2256 Κοινωνήσαντες
3716 2169 3798 2240 δι’

2201 2267 2296 2318 τού
2322 2268 2479 2336 ἁγίου
2510 2268 2764 2339 σώματος
2801 2271 3013 2324 καὶτοῦ
3057 2275 3241 2342 τιμίου
3281 2276 3512 2345 αἵματος
3543 2276 3636 2329 τοῦ
3663 2277 3774 2330 Κυ-

2207 2360 2322 2431 ρίου
2358 2359 2518 2430 ἡμῶν
2557 2360 2728 2430 Ἰησοῦ
2761 2363 2998 2433 Χριστοῦ
3029 2364 3117 2417 διὰ
3143 2365 3342 2436 χειρῶν
3377 2366 3470 2420 τοῦ
3503 2371 3775 2439 μακαρίου

2204 2451 2528 2520 Γρηγορίου,
2563 2452 2767 2522 ἔφαγον
2795 2453 2958 2525 ἄρτον
2989 2456 3046 2508 ὲν
3087 2459 3154 2527 τῇ
3189 2458 3439 2531 τραπέζῃ
3466 2459 3564 2513 τοῦ
3595 2462 3774 2526 πάπα,

2204 2543 2298 2595 καὶ
2330 2543 2701 2612 ἐκοιμήθησαν
2745 2545 2801 2596 ὲν
2845 2543 2922 2614 τῷ
2975 2545 3090 2615 ἃμα
3130 2547 3178 2599 oi
3219 2548 3530 2602 ἐπίσκοποι.
3588 2551 3777 2604 Πᾶσαν

2203 2631 2258 2684 δὲ
2289 2632 2387 2704 τὴν
2412 2633 2580 2686 νύκτα
2611 2634 2805 2688 ἇῦπνοι
2834 2635 3140 2690 διετέλεσαν
3166 2639 3272 2702 ἕως
3301 2640 3500 2710 ὄρθρου
3530 2641 3777 2710 διαλεγό-

2208 2741 2360 2793 μενοι
2391 2727 2519 2796 περὶ
2559 2727 2831 2798 σωτηρίας
2863 2731 2933 2781 τὰ
2988 2731 3330 2784 συντείνοντα
3369 2733 3447 2795 είς
3485 2732 3775 2803 ὠφέλειαν.

2207 2818 2427 2888 Πρωῒας
2473 2817 2530 2870 δὲ
2598 2819 2898 2891 γενομένης
2957 2821 3480 2893 προσκαλεσάμενος
3514 2827 3543 2878 ὁ
3590 2825 3779 2888 πάπας

2205 2910 2295 2962 τὸν
2353 2911 2688 2981 Γρηγὸριον,
2721 2912 2868 2980 λέγει
2897 2912 3045 2983 αὑτῷ
3067 2929 3080 2942 ·
3117 2915 3406 2982 Ἀκουσον,
3433 2917 3653 2979 τέκνον,
3687 2918 3782 2971 καὶ⁹

2205 3001 2542 3072 διηγήσομαί
2574 3021 2658 3056 σοι
2696 3003 2756 3056 τὸ
2799 3005 3014 3074 συμϐὰν
3042 3007 3174 3076 ἡμῖν
3203 3009 3261 3060 έν
3300 3011 3367 3080 τῇ
3400 3008 3553 3062 πόλει
3583 3010 3778 3082 ταύτῃ,

2210 3095 2304 3146 καὶ
2335 3093 2492 3146 τοῦτο
2535 3094 2678 3163 λέγω
2714 3094 2801 3148 διὰ
2844 3095 2944 3160 τὰς
2978 3098 3253 3170 ἡμετέρας
3296 3100 3596 3172 ἁμαρτίας.
3636 3099 3781 3154 Ξύλα

2134 3177 2176 3234 C
2211 3187 2561 3256 ἀνεφάνησαν
2607 3186 2967 3256 εἰσερχόμενα
3012 3187 3103 3240 διὰ
3135 3189 3228 3242 τοῦ
3264 3189 3510 3260 ποταμοῦ
3547 3193 3625 3254 εἰς
3655 3193 3779 3255 τοὺς

2221 3275 2437 3343 Ἀγίους
2485 3275 2842 3337 Ἀποστόλους
2863 3293 2876 3305 ·
2907 3279 2999 3328 καὶ
3022 3276 3374 3330 εἰσελθόντων
3395 3279 3594 3346 αὐτῶν,
3623 3279 3783 3349 ἔστης

2211 3387 2310 3422 σαν
2343 3369 2506 3438 μέσον
2533 3368 2624 3421 τοῦ
2659 3369 2904 3440 ποταμοῦ
2952 3369 3028 3432 ὡς
3063 3371 3369 3439 πεπηγότα,
3401 3371 3433 3442 ἦ
3461 3372 3535 3433 ὡς
3568 3371 3673 3424 ὑπὸ
3701 3388 3782 3424 σι·

2209 3461 2374 3531 δήρου
2405 3461 2808 3530 ἁσιραλισθέντα
2835 3477 2846 3488 ·
2877 3461 2970 3514 καὶ
3015 3463 3383 3532 κεκράτηνται
3413 3462 3504 3515 ὑπ’
3541 3463 3781 3534 αύτῶνή

2208 3553 2412 3616 εἴσοδος
2431 3553 2530 3624 τῆς
2557 3553 2763 3616 πόλεως
2789 3553 2882 3605 καὶ
2922 3556 2954 3624 ἡ
2994 3553 3101 3606 τῶν
3125 3553 3342 3617 πλοίων,
3376 3555 3468 3606 καὶ
3506 3554 3628 3607 οὔτε
3664 3557 3775 3607 εἰσ⁶

2209 3644 2466 3714 ἐρχονται
2489 3645 2556 3697 τὰ
2582 3645 2762 3709 πλοῖα,
2789 3643 2914 3698 οὕτε
2941 3645 3249 3716 ἐξέρχονται
3271 3661 3284 3675 ο
3317 3645 3410 3697 καὶ
3439 3644 3586 3698 ἔστιν
3613 3645 3780 3716 πολλὴ

2210 3734 2386 3802 θλίψις
2415 3737 2472 3788 έν
2503 3737 2567 3806 τῇ
2592 3735 2744 3788 πόλει
2795 3735 2978 3787 ἕνεκεν
3015 3736 3229 3790 τούτου.
3261 3735 3528 3800 Πολλάκις
3558 3737 3666 3805 γὰρ
3695 3735 3782 3787 δο-

2210 3827 2547 3894 κιμάσαντες
2571 3827 2671 3879 οὐκ
2707 3826 3009 3897 ἰσχύσαμεν
3045 3827 3270 3881 ἑλκύσαι
3321 3827 3481 3880 αὑτά.
3520 3826 3660 3879 Ἀλλ’
3688 3821 3782 3879 οὖν

2208 3919 2378 3971 ὄντων
2433 3919 2587 3988 ὑμῶν
2640 3917 2912 3981 ἐνταῦθα,
2942 3919 3246 3988 παρακαλῶ
3297 3917 3591 3988 πυλθῆναι
3635 3917 3781 3987 ὑμᾶς

2209 4011 2314 4073 ἕως
2371 4013 2552 4063 ἐκεῖσε
2580 4052 2596 4077 ,
2631 4011 2725 4063 καὶ
2771 4009 2860 4062 διὰ
2894 4010 3001 4063 τῶν
3033 4010 3211 4082 εὐχῶν
3237 4010 3391 4080 ὑμῶν
3417 4010 3780 4063 ἐπακούσεται

2211 4103 2364 4170 ὑμῶν
2387 4105 2415 4156 ὁ
2445 4102 2667 4171 Κύριος.
2713 4102 2770 4156 '0
2795 4102 2850 4155 δὲ
2880 4101 3198 4172 ἀποκριθεὶς
3236 4097 3388 4154 εἶπεν
3412 4115 3426 4129 ·
3460 4102 3546 4163 Ὠς
3571 4098 3782 4152 κελεύει

2211 4196 2244 4264 ἡ
2280 4194 2373 4247 τοῦ
2401 4193 2580 4246 κοινοῦ
2606 4193 2764 4264 ἡμῶν
2797 4191 3010 4265 Πατρὸς
3042 4192 3341 4263 ἁγιωσύνη.
3389 4191 3705 4244 Ἐκέλευσεν
3723 4190 3781 4243 δὲ

2214 4288 2242 4338 ὁ
2282 4285 2469 4347 πάπας
2513 4284 2844 4354 κρουσθῆναι
2877 4284 2937 4336 τὸ
2973 4283 3148 4348 ξύλον,
3188 4287 3282 4336 καὶ
3322 4281 3781 4353 συναθροισθῆναι

2212 4381 2394 4432 πᾶσαν
2415 4378 2515 4448 τὴν
2547 4377 2705 4430 πόλιν
2732 4377 2826 4430 καὶ
2863 4376 2933 4430 τὰ
2961 4377 3318 4447 μοναστήρια,
3351 4377 3447 4429 καὶ⁹
3480 4377 3657 4428 πάντα
3690 4372 3782 4425 τὸν

2216 4514 2366 4568 litate
2392 4523 2442 4568 et
2469 4512 2729 4581 stipendio
2755 4512 3132 4566 monac/torum
3158 4513 3251 4564 diu
3279 4520 3535 4580 noctuque
3559 4507 3781 4561 Domino

2214 4584 2324 4638 Deo
2354 4593 2531 4638 nostro
2579 4583 2847 4636 devotione
2876 4582 3052 4637 debita
3091 4581 3468 4652 persolvendis.
3504 4581 3783 4634 Pertinettt

2213 4666 2394 4710 autem
2421 4657 2532 4707 haec
2564 4653 2630 4706 ad
2656 4669 2859 4708 annum
2885 4655 3006 4708 82L

2285 4726 2362 4795 (ι)
2396 4723 2608 4800 Similia
2637 4741 2694 4778 se
2717 4725 3037 4800 priestnisse
3059 4721 3354 4800 Gregorius
3390 4719 3778 4800 M_agnus_cum

2213 4791 2395 4850 Leone
2447 4791 3063 4862 epismpoCatanensi,
3114 4794 3346 4862 scripsit
3383 4794 3447 4844 ad
3503 4791 3780 4862 Justinutn

2213 4860 2498 4936 przetoreni
2531 4860 2753 4928 Siciliae,
2790 4871 3072 4931 postquam
3103 4878 3295 4936 nempe
3319 4861 3560 4936 ARotnam
3590 4860 3781 4912 eodem

2213 4932 2323 5006 quo
2364 4943 2549 5006 noster
2580 4945 2821 5001 tempore
2859 4943 3104 5006 vocatus,
3145 4947 3202 4984 se
3234 4933 3284 5006 i_n
3312 4932 3522 4998 judicio
3560 4943 3784 4998 purgas-

2213 5003 2333 5061 Set:
2365 5004 2626 5069 Quoniam
2653 5007 2836 5074 igitur,
2873 5004 3070 5074 inquit,
3110 5003 3352 5065 quietiam
3392 5011 3576 5052 contra
3605 5013 3782 5074 sacer-

2213 5075 2390 5129 dotale
2442 5071 2768 5142 prepositith
2813 5074 2875 5125 de
2919 5071 3089 5125 Leone
3151 5074 3316 5139 fratre
3376 5079 3425 5123 et
3485 5071 3782 5136 coepiscopo

2214 5157 2394 5198 nostro
2427 5147 2640 5197 sinister
2674 5160 2856 5197 rumor
2883 5154 3196 5210 asperserat,
3225 5151 3403 5193 utrum
3433 5156 3551 5193 cera
3586 5145 3778 5198 essent,

2212 5218 2458 5269 districta
2503 5213 2975 5287 diutiusqfecimus
3017 5212 3357 5287 inquisitione
3401 5210 3672 5287 perquiri;
3704 5216 3784 5287 _¢t

2213 5288 2414 5339 nullum
2445 5287 2498 5338 in
2534 5301 2593 5338 eo
2629 5287 2691 5338 de
2722 5281 2812 5343 iis,
2857 5299 2974 5353 quat
3012 5284 3155 5335 dicta
3189 5281 3420 5350 fuerant,
3458 5281 3665 5348 culpam
3697 5281 3782 5329 in-

2212 5359 2466 5410 venimus.
2505 5356 2607 5411 Sed
2638 5373 2701 5409 ne
2734 5355 2858 5424 quid
2892 5356 3154 5408 videretur
3180 5353 3574 5429 omissum,_aut
3602 5356 3782 5429 nostro

2211 5429 2462 5495 potuisset
2492 5427 2708 5479 dubium
2734 5420 2881 5500 cordi
2921 5439 3207 5500 remanere,
3238 5423 3306 5475 ad
3345 5421 3483 5500 beati
3515 5420 3674 5500 lfetri.
3693 5433 3784 5500 sa-

2213 5486 2570 5551 cratissimum
2602 5513 2788 5565 corpus
2828 5497 3218 5565 districtacum
3267 5509 3332 5546 ex
3382 5489 3674 5565 abundanti
3703 5486 3786 5554 fe-

2213 5572 2377 5622 cimus
2407 5562 2739 5622 sacramenta
2769 5566 3015 5638 prtcbe’re.
3053 5563 3255 5638 Quibus
3285 5562 3558 5638 praestitis,
3592 5572 3785 5638 magna

2212 5655 2395 5692 sumus
2435 5632 2786 5691 exsultatione
2839 5637 3024 5712 gavisi,
3048 5635 3206 5712 _qn0d
3237 5632 3785 5712 liujusntodinefrperi-

2214 5719 2385 5762 mento
2448 5710 2748 5763 innocentia
2817 5699 2928 5773 ejus
2980 5699 3239 5761 evidenter
3299 5699 3487 5757 enituit
3541 5699 3658 5768 (lib.
3713 5710 3781 5763 lt,

2213 5783 2372 5849 epist.
2403 5779 2512 5847 55).
