4158 6556
356 433 462 496 693

1337 447 1399 505 S.
1442 448 1819 512 GREGORII
1860 450 2376 512 AGRIGENTlNl
2432 452 2625 514 VI'l‘A.

3519 448 3624 511 694

356 541 484 594 λαὸν
537 543 597 597 ἐν
643 545 722 614 τῷ
769 546 1052 619 σεϐασμίῳ
1100 551 1214 623 ναῷ
1263 555 1360 608 τοῦ
1405 559 1574 626 ’ἁγίου
1630 562 1934 616 ἀποστόλου

2051 571 2091 616 at
2149 563 2427 617 civitatem
2478 579 2697 617 omnem
2744 577 2810 616 ac
2860 559 3193 616 monasteria
3248 554 3622 627 populumque

355 635 452 688 καὶ
481 637 783 706 κορυφαίου
816 639 1048 712 Πέτρου.
1086 643 1197 695 Καὶ
1251 648 1489 718 συνήχθη
1528 651 1678 704 πᾶσα
1708 654 1742 722 ἡ
1780 651 1936 714 πόλις

355 726 499 779 κατὰ
526 725 588 778 τὸ
626 727 961 801 ἐπάγγελμα
986 730 1082 784 τοῦ
1112 734 1294 789 πάπα.
1339 739 1450 791 Kal.
1481 739 1705 809 ἐξῆλθον
1737 742 1936 807 πάντες

353 819 404 870 οἱ
431 819 726 872 ἐπίσκοποι
771 821 915 892 μετὰ
945 821 1100 897 λιτῆς
1123 824 1229 890 ἓως
1258 821 1321 882 οὗ
1351 824 1489 900 ἦσαν
1517 831 1588 884 τὰ
1611 831 1744 899 ξύλα
1770 835 1830 887 ἐν
1858 832 1936 905 τῷ

357 929 496 966 ποτα
502 930 587 983 μῳ

427 1091 555 1146 UA'.
590 1093 944 1165 Διερχὸμενοι
975 1097 1032 1151 δὲ
1053 1138 1068 1162 ,
1109 1098 1218 1152 ἰδοὺ
1252 1102 1389 1172 γυνή
1423 1120 1509 1166 τις
1546 1106 1780 1160 καίουσα
1821 1108 1939 1162 κλι-

354 1181 517 1235 σανον
540 1198 554 1211 ·
596 1183 691 1237 καὶ
721 1185 839 1237 κατ’
872 1185 1054 1256 ὀλίγον
1085 1189 1350 1254 ἐκνεύσας
1382 1193 1411 1242 6
1451 1191 1605 1262 ἆγιος
1635 1195 1940 1269 Γρηγόριος

355 1271 452 1339 τῆς
479 1270 622 1333 ὁδοῦ,
653 1272 803 1338 λέγει
828 1277 895 1346 τῇ
921 1277 1151 1342 γυναικὶ
1169 1278 1296 1332 τάδε
1333 1297 1347 1310 ο
1381 1282 1599 1352 Ἀμμα,
1630 1285 1814 1349 ἐπίδος
1844 1304 1937 1357 μοι

355 1361 661 1434 ἀνθρακιὰν
676 1363 866 1437 ὀλίγην
895 1366 1108 1423 ἐνθάδε.
1135 1369 1200 1422 Ἦ
1229 1370 1288 1424 δὲ
1310 1371 1553 1428 λαϐοῦσα
1574 1375 1856 1448 ἄνθρακας
1883 1381 1942 1431 ὲν

355 1454 436 1525 τῷ
463 1455 674 1526 σιδηρῷ
704 1457 879 1529 πτύῳ,
900 1459 1110 1530 ἢγαγεν
1143 1462 1281 1534 πρὸς
1303 1465 1485 1521 αὐτόν.
1525 1467 1584 1521 Ὀ
1611 1469 1667 1520 δὲ
1694 1469 1768 1541 μὴ
1797 1470 1943 1542 σχὼν

358 1546 495 1598 ὃπου
525 1545 572 1598 δ’
599 1546 664 1600 ἇν
682 1547 822 1621 λάθῃ
841 1549 1056 1614 αὐτοὺς,
1088 1550 1346 1622 ἥπλωσεν
1367 1555 1468 1626 τὴν
1489 1558 1663 1629 ἀρχὴν
1681 1558 1777 1612 τοῦ
1804 1578 1942 1630 μαν-

359 1638 478 1690 τίου
510 1637 676 1691 αὐτοῦ
703 1681 716 1704 ,
749 1641 844 1692 καὶ
879 1641 1098 1706 ἐδέξατο
1127 1643 1227 1716 τὴν
1265 1645 1600 1718 ἁνθρακιάψ
1642 1651 1736 1704 καὶ
1770 1651 1944 1723 ζητή-

365 1747 464 1792 σας
495 1730 574 1800 τῷ
609 1731 978 1805 ἀρχιδιακόνῳ
1017 1733 1270 1807 θυμίαμα
1294 1778 1308 1802 ,
1357 1740 1386 1792 6
1423 1734 1570 1811 εἶχεν
1617 1742 1680 1795 ἐκ
1725 1743 1821 1797 τοῦ
1859 1745 1946 1814 γέ-

364 1839 570 1891 ροντος,
609 1826 668 1879 ἐν
695 1818 740 1894 ᾧ
773 1821 841 1896 ἦν
872 1828 1209 1898 προσμείνας
1239 1831 1297 1883 ἐν
1336 1833 1402 1902 τῇ
1451 1834 1667 1905 ἐρήμῳ.
1701 1837 1812 1892 Καὶ
1855 1840 1946 1906 ἐγ-

359 1918 614 1984 γίσαντες
637 1918 695 1970 ἐν
711 1917 796 1989 ,τῷ
816 1918 989 1989 τόπῳ,
1014 1919 1145 1974 ἔνθα
1167 1915 1310 1993 ἦσαν
1338 1924 1406 1978 τὰ
1434 1924 1588 1992 ξύλα,
1615 1931 1938 2002 προετράπη
1973 1905 2018 1960 Β

359 2008 468 2062 ὑπὸ
496 2008 597 2062 τοῦ
629 2010 786 2063 πάπα
817 2010 1084 2082 θυμιᾶσαι
1114 2012 1182 2066 τὰ
1221 2013 1378 2082 ξύλα,
1413 2017 1507 2070 καὶ
1531 2017 1716 2072 δοῦναι
1755 2022 1938 2084 αὐτοῖς

356 2101 550 2172 εὐχήν.
594 2101 815 2166 Ἰδόντες
839 2102 896 2156 δὲ
929 2105 978 2157 οἱ
1037 2105 1328 2161 ἐπίσκοποι
1377 2109 1473 2163 καὶ
1497 2112 1605 2174 πᾶς
1628 2111 1656 2163 6
1689 2111 1837 2178 λαὸς,
1857 2115 1940 2168 ὅτι

358 2195 418 2246 ὲν
449 2193 529 2264 τῷ
566 2195 776 2264 μαντίῳ
828 2196 995 2250 αὐτοῦ
1043 2197 1262 2263 ἐδέξατο
1318 2201 1419 2271 τὴν
1463 2202 1770 2273 ἀνθρακιὰν
1794 2244 1809 2270 ,
1846 2206 1943 2257 κὰ-

360 2288 510 2338 κείσε
541 2286 603 2338 τδ
627 2286 878 2358 θυμίαμα
913 2273 1233 2356 ὑπεδέξατο,
1261 2291 1463 2347 ἔπεσον
1510 2295 1663 2364 παρὰ
1690 2297 1815 2360 τοὺς
1846 2298 1944 2351 πός

359 2379 459 2442 δας
485 2379 677 2443 αὑτοῦ,
713 2380 850 2449 μετὰ
875 2380 1134 2455 δακρύων
1162 2383 1416 2452 λέγοντες
1436 2400 1450 2413 ⁸
1479 2385 1581 2438 Σοῦ
1606 2387 1638 2455 ἡ
1663 2389 1945 2460 προσευχὴ

365 2471 527 2540 μόνον
588 2471 814 2526 δύναται
867 2472 1044 2527 ταῦτα
1095 2474 1347 2540 ἑλκύσαι,
1379 2480 1476 2531 καὶ
1540 2479 1794 2533 ἐπιλύσαι
1845 2481 1945 2551 τὴν

361 2562 564 2615 εἴσοδον
588 2562 689 2632 τῆς
719 2563 955 2628 πόλεως·
993 2566 1089 2619 καὶ
1123 2567 1484 2638 περιεϐιασαν
1513 2571 1700 2635 αὐτὸν,
1735 2572 1822 2625 ἵνα
1846 2573 1946 2625 αὐ-

361 2654 453 2716 τὸς
483 2656 687 2727 ποιήσῃ
717 2656 903 2727 εὐχήν.
947 2655 1004 2712 Ὀ
1029 2658 1086 2711 δὲ
1119 2658 1369 2723 πεισθεὶς
1398 2662 1578 2715 αὐτῶν
1611 2664 1944 2734 ὑπήκουσεν,

366 2745 456 2797 ἵνα
481 2747 554 2816 μή
586 2764 703 2809 πως
739 2747 970 2818 θόρυϐος
1013 2749 1262 2820 γένηται,
1316 2752 1498 2805 αὐτῶν
1538 2755 1949 2827 περιενοχλούν-

363 2854 475 2889 των
510 2837 692 2890 αὐτῶν
744 2839 1074 2894 ἐπακοῦσαι.
1107 2841 1234 2905 Θεὶς
1283 2843 1341 2896 δὲ
1368 2843 1437 2896 τὰ
1467 2843 1673 2914 γόνατα
1706 2849 1736 2900 6
1766 2851 1950 2920 μακά-

370 2946 485 3006 ριος
507 2927 697 3000 εὔχετο
727 2931 902 2995 οὕτως
926 2948 939 2962 ο
987 2935 1045 2987 ’0
1073 2934 1212 2999 Θεὸς
1237 2935 1332 2988 καὶ
1362 2937 1551 3008 Πατὴρ
1597 2940 1693 2992 τοῦ
1739 2943 1947 3013 Κυρίου

366 3021 526 3090 ἡμῶν
570 3022 745 3092 Ἰησοῦ
772 3024 1034 3094 Χριστοῦ,
1057 3028 1085 3079 6
1116 3029 1277 3097 μόνος
1303 3030 1510 3097 ἀγαθὸς
1529 3034 1621 3086 καὶ
1643 3034 1951 3108 φιλάνθρω-

367 3131 492 3177 πος,
524 3115 552 3167 6
577 3115 815 3186 ποιήσας
848 3117 943 3170 τὸν
964 3117 1194 3188 οὐρανὸν
1222 3120 1319 3172 καὶ
1347 3121 1446 3192 τὴν
1472 3122 1578 3193 γῆν
1607 3127 1702 3178 καὶ
1724 3129 1824 3196 τὴν
1855 3129 1953 3184 θά-

2042 655 2359 709 universum
2413 657 2466 710 in
2518 657 2697 710 sancti
2745 654 3006 724 principis
3051 650 3425 722 apostolorum
3473 643 3618 700 Petri

2039 749 2411 802 venerandum
2447 749 2708 818 templum
2743 747 3057 802 convenire.
3097 745 3202 810 Qui
3237 742 3329 796 ubi
3362 740 3588 810 frequen

2042 847 2122 894 tes
2184 839 2497 906 ali‘uerunt,
2549 839 3010 910 quemadmodum
3082 837 3174 891 ille
3235 835 3620 898 admonuerat,

2040 931 2441 1001 supplicatione
2487 931 2736 985 instituta
2783 945 2976 984 omnes
3021 926 3262 997 episcopi
3306 938 3626 996 processere

2042 1039 2217 1093 usque
2249 1025 2314 1080 ad
2346 1024 2588 1078 ﬂuminis
2622 1024 2816 1093 ripam,
2854 1024 2944 1078 ubi
2979 1022 3161 1076 trabes
3189 1021 3480 1074 haeserant.

2117 1113 2355 1170 LXXXI.
2388 1115 2459 1171 At
2497 1117 2625 1170 dum
2659 1131 2851 1186 agmen
2895 1115 3172 1169 incederet
3196 1154 3211 1178 ,
3256 1111 3394 1166 forte
3428 1109 3625 1165 mulier

2041 1207 2290 1276 quaedam
2328 1207 2548 1262 furnum
2581 1206 2922 1262 accendebat
2971 1207 3072 1275 (5‘).
3104 1207 3180 1260 Eo
3214 1203 3501 1276 paululum
3537 1201 3624 1257 di-

2043 1305 2265 1352 vertens
2291 1305 2514 1352 sanctus
2545 1294 2863 1366 Gregorius,
2900 1296 3188 1350 mulierem
3219 1303 3398 1364 rogat,
3430 1301 3491 1347 ut
3519 1291 3625 1347 sibi

2043 1401 2346 1457 prunarum
2386 1389 2592 1459 aliquid
2618 1389 2727 1444 det.
2770 1388 2863 1442 Illa
2893 1386 3111 1460 [xcvm]
3150 1401 3279 1442 vero
3321 1399 3526 1455 prunas
3566 1384 3622 1438 in

2043 1479 2234 1534 batillo
2272 1479 2454 1535 ferreo
2490 1481 2709 1535 attulit:
2745 1497 2883 1550 quas
2916 1479 3250 1550 Gregorius,
3291 1493 3418 1534 cum
3483 1475 3623 1530 nihil

2045 1569 2192 1623 aliud
2227 1579 2426 1639 praesto
2463 1580 2644 1633 esset,
2683 1571 2762 1643 in__
2789 1587 2902 1641 quo
2972 1571 3244 1640 reciperet
3277 1610 3293 1634 ,
3349 1566 3626 1636 explicato

2046 1663 2232 1731 pallio,
2270 1665 2325 1717 in
2362 1662 2529 1734 hujus
2561 1665 2731 1720 limbo
2767 1663 3016 1733 accepit:
3063 1673 3176 1717 tum
3230 1661 3301 1717 ab
3349 1660 3625 1715 archidia-

2044 1770 2186 1811 cono
2219 1756 2516 1827 thymiama
2547 1758 2724 1827 petiit,
2753 1758 2902 1828 quod
2943 1757 3020 1810 illi
3067 1756 3200 1810 olim
3229 1795 3245 1819 ,
3288 1770 3413 1809 cum
3447 1754 3501 1808 in
3532 1755 3629 1808 de-

2046 1847 2208 1902 sertis
2238 1857 2404 1913 esset,
2433 1863 2600 1904 senex
2633 1848 2942 1903 monachus
2966 1846 3214 1902 dederat.
3241 1845 3314 1900 Ut
3343 1846 3410 1899 ad
3443 1846 3627 1901 locum

2047 1953 2366 2008 pervenere,
2396 1938 2453 1991 in
2488 1954 2599 2009 quo
2628 1939 2810 1993 trabes
2835 1939 3059 1994 stabant
3085 1977 3102 2000 ,
3160 1935 3483 2006 Gregorium
3533 1937 3629 1991 ad-

2048 2039 2233 2084 monet
2262 2029 2503 2095 pontifex
2542 2029 2842 2094 maximus,
2885 2039 2943 2086 ut
2981 2029 3279 2101 thymiama
3300 2028 3532 2092 adnleat,
3563 2044 3630 2084 ac

2047 2119 2419 2189 precationem
2452 2119 2698 2175 inchoet.
2757 2120 2858 2175 llic
2889 2135 3019 2175 vero
3072 2119 3315 2189 episcopi
3363 2129 3418 2174 et
3447 2120 3629 2175 omnis

2048 2212 2284 2281 populus
2331 2212 2497 2266 simul
2537 2221 2700 2282 atque
2752 2212 3037 2276 viderunt,
3098 2226 3308 2280 prunas
3342 2211 3413 2265 ab
3465 2226 3532 2266 eo
3573 2211 3631 2265 in

2049 2304 2218 2374 pallio
2246 2303 2532 2367 allatas,et
2571 2304 2625 2358 in
2647 2319 2713 2359 eo
2748 2302 3047 2375 thymiama
3075 2302 3291 2358 incendi
3324 2319 3338 2369 ;
3372 2302 3439 2356 ad
3464 2301 3630 2372 pedes

1966 2442 1974 2460 .
2050 2399 2171 2470 ejus
2201 2399 2547 2468 procidentes
2580 2398 2874 2470 lacrymari
2935 2412 3000 2452 ac
3062 2397 3244 2452 dicere
3295 2405 3626 2465 crepet-unt:

2054 2493 2190 2550 Unis
2221 2493 2329 2547 hoc
2362 2493 2622 2562 precibus
2651 2491 2760 2547 tuis
2797 2493 2984 2546 datum
3018 2501 3125 2554 est,
3157 2499 3216 2546 ut
3254 2489 3438 2544 trahes
3469 2489 3633 2544 hasce

2053 2586 2353 2650 ditnoveas,
2396 2594 2451 2641 et
2499 2585 2710 2639 aditum
2744 2585 2897 2640 urbis
2928 2583 3255 2654 patefacias.
3312 2581 3629 2638 Contende-

2054 2679 2320 2751 bantque,
2359 2688 2418 2734 ut
2449 2678 2568 2750 ipse
2599 2693 2789 2748 preces
2832 2677 3108 2733 funderet.
3145 2677 3357 2744 Quibus
3389 2676 3480 2731 ille
3510 2691 3632 2730 mo-

2053 2788 2169 2827 rem
2195 2787 2388 2840 gerens
2415 2771 2710 2840 acquievit,
2735 2787 2804 2825 ne
2824 2769 2961 2825 forte
2991 2770 3260 2825 tumultus
3293 2768 3630 2831 exoriretur,

2056 2863 2378 2933 urgentibus
2412 2861 2539 2927 illis,
2601 2869 2661 2916 ut
2709 2860 2813 2916 sibi
2866 2859 3301 2929 obtemperaret:
3353 2873 3418 2912 ac
3475 2856 3634 2911 ﬂexis

2057 2955 2286 3024 genibus
2315 2956 2394 3008 sic
2434 2954 2627 3008 beatus
2673 2950 2760 3005 vir
2811 2950 3136 3022 supplicavit
3165 2967 3178 3002 :
3217 2949 3360 3004 Deus
3391 2958 3446 3002 et
3474 2947 3632 3001 l’ater

2059 3044 2272 3099 Domini
2297 3045 2467 3100 nostri
2496 3043 2622 3099 Jesu
2651 3042 2875 3107 Christi,
2904 3041 2997 3110 qui
3028 3056 3171 3096 unus
3200 3040 3376 3094 bonus
3391 3047 3446 3093 et
3471 3037 3612 3092 mise

2063 3137 2234 3191 ricors
2262 3151 2321 3189 es
2341 3176 2356 3201 ,
2395 3135 2487 3205 qui
2528 3135 2753 3199 caelum,
2780 3143 2836 3189 et
2887 3144 3110 3200 terram,
3155 3141 3208 3186 et
3237 3146 3390 3186 mare
3422 3129 3594 3185 fecisti
3614 3170 3633 3196 ,

367 3205 597 3272 λασσαν,
629 3208 794 3273 αὐτὸς
843 3211 1138 3280 ἐπίδλεψον
1186 3211 1281 3264 ἐπὶ
1331 3213 1430 3284 τὴν
1496 3219 1812 3292 προσευχὴν
1860 3223 1950 3276 τοῦ

373 3297 555 3320 §_-".--,
600 3317 681 3320 _-,
719 3304 775 3320 in
823 3302 903 3320 κιρ
979 3303 992 3320 ρ
1129 3302 1153 3312 ι-
1459 3307 1479 3317 ο
1684 3311 1746 3320 ι-.
1786 3312 1810 3320 -
1931 3315 1941 3320 -

2061 3226 2201 3281 servi
2225 3225 2301 3279 tui
2327 3239 2514 3293 preces
2543 3225 2658 3294 ipse
2683 3224 2914 3294 respice,
2940 3231 3215 3277 annuente
3240 3221 3474 3292 unigena
3496 3219 3635 3275 Filio

367 3297 559 3352 δούλου
592 3317 686 3353 σου
713 3304 780 3374 τῇ
812 3302 1033 3375 εὐδοκία
1062 3302 1158 3356 τοῦ
1192 3307 1518 3374 μονογενοῦς
1551 3326 1646 3363 σου
1684 3311 1813 3366 Υἱοῦ
1859 3315 1955 3367 καὶ

368 3389 506 3443 Θεοῦ
540 3392 717 3463 ἡμῶν,
749 3395 845 3448 καὶ
874 3397 940 3466 τῇ
968 3399 1257 3469 συνεργείᾳ
1285 3398 1379 3451 τοῦ
1409 3400 1570 3468 ἁγίου
1615 3403 1951 3475 ῐΙνεύματος,

373 3483 468 3534 καὶ¹
495 3486 563 3554 τῇ
601 3486 877 3556 παρουσίᾳ
907 3487 1018 3540 τῶν
1039 3488 1151 3542 σῶν
1182 3489 1353 3558 ἁγίων
1397 3492 1678 3563 μαθητῶν,
1727 3495 1952 3566 ποίησον

373 3573 706 3645 ἑλκυσθῆναι
737 3578 807 3630 τὰ
855 3578 989 3643 ξύλα
1027 3581 1218 3648 ταῦτα,
1272 3583 1368 3636 καὶ
1419 3584 1862 3658 ἁποκομισθῆναι
1896 3589 1954 3642 ἐν

371 3658 457 3727 οἷς
486 3667 905 3737 προσετάγησαν
957 3671 1133 3737 ἁγίοις
1180 3673 1387 3736 τόποις.
1413 3674 1506 3726 Διὸ
1551 3675 1864 3748 ἱκετεύομεν
1891 3697 1952 3732 σε

376 3761 630 3831 παρορᾷν
673 3761 743 3813 τὰ
773 3753 1218 3834 ’παραπτώματα
1259 3766 1370 3818 τῶν
1421 3766 1626 3820 δούλων
1658 3785 1753 3822 σου
1780 3811 1794 3836 ,
1821 3772 1955 3842 θαρ-

377 3849 602 3919 ροῦντες
665 3854 1111 3924 προσεγγίζομεν
1177 3859 1293 3918 τοῖς
1345 3858 1656 3931 οἰκτιρμοῖς
1707 3878 1802 3913 σου
1856 3864 1956 3916 καὶ

379 3943 814 4015 σπλαγχνίσθητι
842 3947 935 3999 ἐπὶ
961 3947 1062 4016 τὴν
1092 3947 1247 4000 πόλιν
1273 3967 1367 4002 σου
1399 3953 1609 4022 ταύτην
1640 3955 1740 4024 τὴν
1768 3956 1951 4024 ἁγίαν,

378 4037 439 4088 ὲν
537 4037 587 4089 οἱ
623 4036 704 4090 σοὶ
737 4039 982 4107 μαθηταὶ
1003 4039 1094 4092 διὰ
1116 4040 1176 4094 τὸ
1205 4041 1298 4094 σὸν
1325 4041 1482 4111 ἅγιον
1506 4044 1681 4116 ὄνομα
1705 4047 1955 4102 ἐτελειώ-

378 4124 556 4195 θησαν
579 4143 594 4160 ο
628 4131 722 4182 καὶ¹
751 4129 954 4194 αὐτοὺς
1000 4131 1298 4203 κινοῦμεν,
1333 4135 1418 4187 ἵνα
1447 4136 1518 4189 δι’
1541 4139 1724 4192 αὐτῶν
1771 4141 1957 4216 σώσῃς

375 4216 470 4268 τὸν
493 4218 624 4272 λαόν
657 4238 748 4274 σου
789 4221 982 4276 τοῦτον
1017 4225 1155 4296 μόνῃ
1199 4229 1266 4298 τῇ
1304 4227 1455 4298 δεξιᾷ
1487 4247 1605 4297 σου,
1632 4232 1829 4299 ἀγαθὲ,
1872 4235 1956 4288 ὅτι

379 4309 543 4377 μόνος
569 4311 839 4384 ὑπάρχεις
874 4316 1230 4388 μακρόθυμος
1255 4320 1336 4382 εἰς
1359 4320 1488 4382 τοὺς
1505 4322 1725 4385 αἰῶνας.
1759 4324 1953 4396 Ἀμήν.

377 4402 491 4455 Καὶ
529 4404 704 4458 ταῦτα
747 4406 955 4473 εἰπὼν,
1000 4411 1304 4480 ἐθυμίασεν
1355 4413 1422 4465 τὰ
1467 4411 1604 4476 ξύλα
1661 4415 1804 4484 μετὰ
1856 4418 1956 4471 τοῦ

453 4539 531 4606 (5)
565 4540 832 4622 Ba_ronius_
861 4546 926 4622 ad
961 4561 1169 4600 annum
1203 4547 1326 4622 §94,
1355 4564 1410 4602 n.
1439 4548 1956 4622 20,7Metaphrasta:

380 4615 741 4683 summarium
801 4615 1138 4683 designans:
1199 4618 1465 4683 Exstant,

379 4679 623 4749 Gregorii
665 4679 998 4757 Agrigentini
1044 4686 1221 4742 erce
1258 4679 1501 4757 scripta,
1559 4679 1650 4744 sell
1697 4679 1957 4748 a'Graeco

379 4761 595 4832 auctore
641 4754 764 4806 dum
803 4754 1163 4832 ampliantur,
1201 4757 1303 4825 fide
1336 4754 1685 4832 gininuuntur.
1717 4762 1958 4819 Subinde

380 4825 753 4896 narrationem
802 4825 941 4880 hanc
969 4834 1148 4896 totam
1178 4829 1476 4896 repudians
1535 4833 1720 4885 addit:
1775 4834 1880 4889 Sed
1908 4845 1957 4888 et

380 4891 624 4973 ridicula
647 4893 1192 4973 ibident£t_fal1ulosa
1225 4891 1334 4973 esse
1370 4899 1683 4973 probantur,
1717 4919 1833 4973 quae
1857 4905 1957 4959 Ita-

382 4958 568 5042 bentur
589 4968 652 5016 de
668 4963 826 5042 lignis
848 4958 1041 5042 Tioeris
1074 4968 1219 5042 ripas
1249 4958 1382 5042 hinc.
1390 4972 1513 5042 inde
1535 4958 1742 5042 positas.
1759 4958 1956 5042 pertin-

382 5031 640 5112 gentibus,
667 5044 714 5112 et
741 5036 1080 5112 immobiliter
1099 5031 1495 5112 inlitcrentibus.
1517 5031 1585 5095 Ᾱι
1614 5031 1911 5110 (lajetanus
1936 5062 1950 5098 :

381 5099 666 5180 liquidem,
699 5105 890 5172 inquit.
924 5123 1024 5160 non
1046 5109 1258 5180 omnino
1287 5099 1954 5180 improbaverim'miracu-

383 5170 493 5253 lunt
519 5186 536 5253 ς
564 5170 789 5253 fortasse
815 5186 990 5230 autem
1021 5178 1146 5253 ejus
1175 5170 1449 5253 enarratio
1466 5182 1726 5253 plerisque
1755 5185 1954 5239 additis

381 5242 796 5325 uitiata...l_l_ovet
825 5263 904 5300 me
939 5242 1230 5325 auctoritas
1271 5249 1339 5305 D.
1377 5242 1595 5325 {osephi
1636 5242 1953 5325 ltgmnogra-

379 5312 492 5392 piri,
523 5314 614 5381 qui
632 5313 850 5392 lignatio
888 5334 982 5370 suo
1013 5320 1072 5392 in
1106 5328 1346 5392 sanctum
1382 5312 1694 5392 Gregoriuni
1731 5312 1956 5378 miracu-

382 5379 494 5462 lum
526 5379 734 5462 probai,
765 5389 1154 5462 duin_mentinit
1173 5379 1507 5460 prunarum:
1531 5410 1661 5462 quas
1711 5395 1953 5450 manibus

381 5461 430 5503 et
447 5453 614 5518 pallio
643 5459 824 5529 tenuit.
872 5455 1044 5511 Verba
1075 5453 1289 5529 hymni,
1331 5472 1389 5516 ut
1421 5453 1606 5518 Latine
1632 5463 1816 5527 edidit,
1835 5467 1953 5521 haec

383 5531 512 5605 sunt
538 5538 709 5605 i‘nam
742 5525 946 5592 Grmca,
976 5525 1184 5605 quze'in
1227 5531 1450 5605 Menaeis
1479 5544 1626 5596 sunt,
1658 5550 1768 5605 non
1804 5525 1952 5605 adje-

382 5592 490 5644 cit:
533 5592 638 5658 Qui
681 5605 861 5669 contra
899 5609 946 5652 te
976 5592 1213 5668 improbe
1259 5603 1428 5656 moliti
1457 5613 1579 5656 sunt
1597 5592 1624 5666 ,⁷
1646 5603 1827 5669 Pater,
1859 5592 1950 5660 ob-

379 5677 536 5742 scura
560 5666 887 5742 sautio/fusi
929 5666 1190 5739 caligine;
1245 5673 1334 5724 sed
1381 5682 1472 5726 tua
1523 5685 1734 5738 contra,
1787 5666 1950 5732 Pater

384 5731 625 5820 gregari,
661 5731 806 5788 clara
840 5738 943 5820 vita
976 5731 1353 5820 resplenduit,‘
1383 5760 1605 5820 quorum
1646 5746 1700 5798 in
1723 5731 1949 5820 conspe-

384 5761 625 5802 urcyun,
661 5761 806 5788 uqu
840 5761 943 5819 vita
976 5761 1332 5809 resptcnauu,
1383 5761 1605 5866 quorum
1646 5762 1700 5798 ιη
1733 5763 1947 5820 conspe-

382 5813 488 5884 ctu,
512 5818 710 5884 prunas
750 5809 990 5862 manibus
1019 5821 1211 5884 _tenens
1234 5852 1247 5876 ,
1289 5813 1382 5866 ede
1421 5832 1500 5872 as.
1547 5818 1811 5872 Caeterum
1847 5837 1947 5874 nec

384 5871 650 5931 Leontius
681 5885 940 5934 tractatas
983 5879 1050 5935 ab
1077 5897 1144 5936 eo
1175 5871 1428 5940 manibus
1465 5871 1669 5954 prunas
1705 5871 1942 5960 scripsit;

1549 4615 1759 4689 inquit,
1821 4625 1952 4678 Acta
1986 4615 2030 4670 Ι)

2058 3329 2152 3372 tuo
2183 3318 2292 3370 Deo
2320 3327 2539 3379 nostro,
2575 3325 2629 3371 et
2676 3325 2867 3371 sancto
2921 3314 3127 3385 Spiritu
3167 3314 3462 3383 adjuvante
3506 3331 3521 3367 :
3576 3322 3633 3367 tu

2055 3409 2264 3465 sanctis
2296 3407 2582 3477 discipulis
2617 3409 2725 3462 tuis
2748 3422 2916 3477 prope
2939 3405 3340 3476 spectantibus,
3373 3403 3545 3467 cllice,
3577 3412 3630 3458 ut

2055 3501 2238 3555 trabes
2269 3501 2350 3553 lue
2382 3500 2508 3555 hinc
2564 3501 2791 3563 avulsae,
2821 3515 2933 3569 quo
2981 3499 3264 3554 destinata.
3294 3507 3442 3563 sunt,
3479 3512 3632 3551 sacra

2056 3591 2109 3645 in
2139 3591 2337 3660 templa
2369 3590 2693 3645 avellantur.
2719 3589 2891 3660 Cujus
2938 3591 3011 3643 rei
3067 3605 3236 3645 causa
3292 3598 3343 3642 te
3382 3603 3632 3648 oramus.

2057 3692 2118 3738 1η
2177 3699 2207 3737 a
2268 3697 2553 3738 servorum
2597 3691 2816 3735 Ιυοτιιηι
2890 3681 3086 3736 erratis
3137 3691 3352 3736 avertas
3404 3680 3613 3736 0011103(

2055 3790 2121 3829 ac
2166 3788 2319 3843 spem
2371 3773 2736 3828 conﬁdentius
2799 3772 2854 3825 in
2917 3771 3208 3825 clementia
3271 3780 3360 3825 tua
3427 3780 3482 3826 et
3530 3772 3605 3824 mi

2058 3866 2355 3922 sericordia
2386 3866 2664 3937 ponimus,
2692 3881 2800 3934 qua
2829 3873 3074 3920 sanctam
3100 3865 3242 3919 hanc
3270 3863 3460 3919 urbem
3484 3880 3629 3920 com-

2057 3959 2313 4030 plecteris
2342 4000 2355 4022 ,
2395 3960 2449 4013 in
2481 3974 2588 4028 qua
2635 3958 2891 4028 discipuli
2924 3959 3001 4012 tui
3046 3973 3143 4027 pro
3193 3969 3386 4012 sancto
3417 3959 3633 4012 nomine

2059 4063 2153 4107 tuo
2191 4062 2418 4106 mortem
2452 4035 2866 4121 oppetiverunt:
2895 4051 3027 4120 quin
3059 4051 3206 4120 ipsos
3235 4050 3331 4104 tibi
3360 4049 3632 4116 sistimus,

2060 4159 2116 4199 ut
2144 4161 2334 4199 eorum
2373 4145 2546 4209 gratia
2585 4145 2846 4214 populum
2880 4145 3026 4198 hunc
3060 4152 3213 4198 tuum
3247 4143 3472 4198 dextera
3507 4143 3614 4198 ista

2057 4253 2090 4292 ο
2128 4236 2288 4299 bone,
2326 4251 2466 4289 unus
2493 4251 2715 4290 serves:
2763 4235 2964 4304 quippe
3007 4236 3100 4304 qui
3133 4234 3284 4289 solus
3309 4251 3369 4288 es
3423 4234 3632 4303 patiens

2059 4344 2122 4383 ac
2151 4329 2416 4398 benignus
2451 4328 2504 4381 in
2539 4327 2763 4382 szecula.
2812 4327 3005 4381 Amen.
3042 4325 3165 4382 llaec
3209 4338 3486 4396 precatus,
3524 4336 3633 4380 tra-

2058 4421 2155 4476 bes
2186 4421 2346 4474 thure
2379 4420 2635 4485 adolevit,
2667 4420 2832 4490 pallio
2862 4436 2996 4475 usus
3021 4437 3141 4487 suo,
3166 4420 3367 4475 deinde
3399 4420 3630 4475 astanti-

2060 4571 2161 4611 uec
2193 4573 2256 4611 ea
2288 4563 2373 4609 est
2418 4556 2814 4626 hymnographi
2862 4556 3189 4623 antiquitas,
3237 4571 3359 4624 quae
3404 4552 3636 4626 Leontio

2060 4628 2343 4705 sull'ragari
2380 4627 2501 4705 jure
2526 4625 2734 4705 possit.
2773 4625 3044 4705 Josepltus
3078 4627 3223 4680 enim
3267 4626 3362 4705 ille
3403 4625 3624 4705 hymno-

2061 4698 2300 4766 grapltus
2335 4699 2402 4750 ad
2434 4699 2694 4750 saeculum
2730 4715 2782 4751 ιχ
2823 4698 3092 4766 pertinet;
3128 4705 3182 4749 et
3209 4712 3240 4749 a
3264 4695 3493 4748 Leontio
3528 4696 3633 4766 ple:

2059 4765 2225 4835 raque
2264 4770 2450 4820 omnia
2493 4777 2774 4822 mutuatus
2824 4765 3066 4832 videtur,
3113 4780 3430 4834 quanquam
3476 4765 3632 4820 metri

2058 4853 2226 4892 causa
2260 4840 2512 4908 quaedam
2573 4839 2921 4908 aliquatenus
2981 4838 3314 4905 discrepant.
3349 4835 3627 4908 fodicem

2061 4903 2385 4978 hymnorum
2429 4909 2548 4976 ejus
2591 4903 3028 4962 in'bibliotbeca
3057 4903 3309 4961 Caesarea.
3349 4903 3628 4978 Vindng-

2058 4974 2214 5032 nensi
2243 4974 2892 5034 exstare—membraneum
2934 4985 3308 5046 pervetustum
3332 5015 3350 5039 ,
3400 4991 3454 5027 u.
3483 4974 3628 5046 Δ510,

2056 5064 2122 5102 ex
2156 5049 2448 5102 Lambecio
2485 5050 2766 5102 adnotavit
2793 5044 3042 5103 Oudinus
3070 5047 3132 5117 (t.
3167 5046 3228 5106 Il,
3260 5047 3326 5098 ad
3355 5044 3626 5117 an.»850);

2057 5121 2212 5242 pilum
2251 5134 2380 5204 vero
2407 5119 2539 5199 vidit
2593 5119 2850 5188 novitque
2883 5115 3180 5199 Cajetanus
3204 5157 3220 5180 ,
3270 5115 3364 5184 qui
3406 5115 3472 5167 ad
3509 5118 3631 5183 ejus

2108 5200 2235 5242 itam
2267 5187 2391 5242 (SS.
2423 5186 2590 5242 Stcul.
2629 5199 2666 5242 t.
2708 5189 2772 5242 ll.
2813 5205 2867 5242 ι).
2903 5190 2990 5242 18.
3025 5186 3322 5242 amtnad..).
3374 5185 3490 5239 lucc
3528 5187 3628 5240 ad-

2108 5191 2235 5242 itam
2267 5187 2391 5257 (SS.
2423 5186 2590 5242 Sicul.
2629 5199 2666 5243 t.
2708 5185 2774 5252 ll,
2813 5205 2867 5258 p.
2903 5185 2990 5252 18,
3025 5186 3322 5252 auitnad..),
3374 5185 3498 5258 inec
3528 5187 3628 5240 ad-

2059 5256 2298 5313 notavit:
2338 5259 2399 5312 In
2427 5259 2706 5312 ritualibus
2730 5256 3031 5314 Griecorum
3053 5259 3203 5310 libris
3230 5271 3458 5310 canones
3477 5256 3630 5326 Itym-

2059 5346 2254 5398 nosque
2292 5331 2464 5383 sancti
2493 5327 2710 5398 Iosephi
2738 5331 2844 5384 500
2874 5342 2924 5382 et
2951 5327 3180 5396 amplius
3209 5326 3342 5394 leges
3367 5327 3478 5398 δέῃ
3519 5326 3631 5381 Ρα-

2057 5395 2308 5452 racletico
2359 5416 2583 5452 canones
2621 5395 2734 5465 liti;
2778 5403 2833 5453 in
2888 5395 3103 5454 Triodio
3149 5413 3372 5451 canones
3411 5395 3520 5462 55;
3577 5414 3632 5450 tn

2056 5469 2453 5523 Pentecostario
2493 5486 2715 5524 canones
2738 5471 2809 5535 5;
2844 5471 2899 5523 in
2946 5469 3232 5539 Horologio
3271 5482 3524 5539 canonetn
3551 5468 3628 5539 l;

2054 5541 2111 5594 in
2145 5541 2361 5594 Menaeis
2389 5557 2610 5594 canones
2643 5541 2763 5607 168,
2791 5542 2880 5610 qui
2911 5556 3086 5595 omnes
3107 5537 3231 5594 sunt
3256 5553 3480 5610 canones
3492 5537 3624 5610 7505.

2056 5611 2291 5676 Quilibet
2317 5621 2494 5663 autem
2521 5627 2694 5665 canon
2731 5607 2839 5664 sive
2872 5609 3117 5681 hymnus,
3143 5612 3231 5680 qui
3263 5609 3417 5681 certis
3439 5607 3630 5681 diebus

2053 5682 2116 5735 de
2144 5697 2284 5735 more
2312 5691 2607 5745 caneretur,
2631 5683 2684 5735 in
2725 5676 3108 5748 partes'novem
3132 5676 3165 5746 ,⁷
3189 5696 3320 5748 quas
3363 5676 3508 5733 Odos
3537 5695 3632 5746 ap-

2052 5751 2274 5821 pellant,
2305 5749 2617 5806 distributus
2658 5763 2756 5807 est.
2792 5753 2905 5806 Otte
2941 5766 3058 5806 vero
3101 5753 3154 5805 in
3201 5759 3431 5820 quatuor
3458 5757 3634 5818 tmpu-

2052 5825 2133 5879 ria
2155 5833 2218 5882 ut.
2234 5821 2546 5894 plurimum.
