4158 6556
533 384 637 454 C95

531 494 635 570 bus
695 491 833 550 ait:
900 489 1179 546 Accedite"
1223 506 1289 546 ac
1374 492 1557 548 trabes
1624 494 1942 562 per-trahite.

531 603 659 650 vero
727 584 891 640 simul
949 595 1114 654 atque
1173 593 1523 639 accurrentes
1607 585 1854 656 trabibus
1907 600 2104 640 manus

531 661 820 747 iniecere,
901 673 1049 728 illico
1139 674 1324 728 trabes
1403 687 1470 728 ex
1550 689 1694 745 aqua
1761 674 2105 738 extrahunt,

527 778 692 837 atque
745 766 800 819 in
844 774 1046 819 terram
1082 765 1380 819 adducunt.
1459 763 1598 818 Tum
1660 781 1754 820 eas
1812 759 2105 823 tractantes

525 858 936 928 inscriptionem
986 857 1121 927 ipsis
1154 857 1391 912 additam
1427 858 1756 924 inveniunt,
1805 875 1927 932 quzc
1965 859 2106 914 indi-

527 959 700 1012 caret,
737 950 980 1018 quinque
1012 965 1080 1003 ex
1135 949 1243 1003 illis
1274 951 1340 1003 ad
1373 960 1626 1004 sanctum
1662 951 1962 1030 principem
2002 951 2103 1006 Pe-

526 1053 697 1106 trum,
732 1041 977 1112 quinque
1019 1043 1087 1095 ad
1120 1057 1218 1096 vas
1241 1043 1530 1097 electionis
1557 1041 1785 1097 Paulum
1810 1043 2100 1112 pertinere.

527 1135 734 1205 Interea
766 1131 1010 1203 pontifex
1045 1133 1317 1187 maximus
1343 1146 1394 1188 et
1447 1136 1690 1206 episcopi
1723 1151 1915 1190 omnes
1939 1147 2104 1206 atque

528 1229 817 1302 universus
862 1227 1120 1296 papulas,
1164 1227 1254 1294 qui
1316 1227 1550 1297 prodigii
1599 1237 1932 1297 spectatores
1982 1228 2099 1283 fue-

526 1332 669 1388 rant,
701 1333 922 1391 stupore
944 1319 1181 1390 perculsi
1207 1320 1465 1374 aiebant:
1492 1319 1584 1374 Na:
1618 1321 1708 1376 hic
1740 1323 1875 1375 alter
1899 1321 2103 1392 Grego-

525 1414 642 1480 rius
674 1412 1123 1485 Thaumaturgus
1154 1421 1262 1490 est,
1299 1413 1460 1469 terris
1486 1413 1650 1468 hodie
1677 1427 1708 1468 ε·
1750 1414 1890 1470 caelo
1926 1415 2104 1470 reddi-

528 1515 634 1558 tus.

598 1597 866 1652 LXXX".
901 1597 994 1652 His
1025 1597 1214 1653 Romae
1247 1599 1480 1668 peractis
1509 1639 1524 1662 ,
1573 1614 1698 1653 cum
1757 1615 1952 1671 magna
1980 1615 2102 1655 cm-

526 1687 677 1742 nium
707 1689 894 1743 lanitia
929 1689 1146 1754 fuisset,
1180 1692 1244 1744 ad
1277 1706 1409 1745 suas
1463 1691 1684 1745 demum
1717 1693 1874 1747 sedes
1927 1690 2100 1774 [Χοιχί

526 1779 725 1849 singuli
781 1779 1083 1835 redierunt.
1125 1779 1443 1838 Marcianus
1469 1797 1602 1838 vero
1661 1785 1931 1853 negotiis,
1981 1800 2103 1855 quae

1519 388 1578 446 S.
1621 387 1996 458 GREGORII
2031 386 2544 449 AGBIGENTINI
2607 386 2800 458 VlTA.

2022 490 2100 544 Illi
2134 497 2176 551 Α
2211 494 2440 562 μαντίου
2485 493 2677 554 αὐτοῦ,
2710 493 2808 546 xui
2851 491 3002 557 λέγει
3029 493 3146 553 τοῖς
3173 490 3526 565 παρεστῶσιν
3549 509 3564 522 ·
3604 492 3788 560 Ἐγγί-

3687 386 3792 447 696

2211 601 2340 638 σατε
2376 586 2472 638 xui
2497 585 2764 638 ἐλκύσατε
2793 584 2862 638 τὰ
2885 583 3039 648 ξύλα.
3066 583 3129 636 Οί
3166 581 3223 635 δὲ
3251 582 3645 653 προσελθόντες
3663 584 3790 638 ἐϐα-

2208 677 2301 730 λον
2338 677 2438 741 τὰς
2464 680 2656 748 χεῖρας
2696 678 2788 729 ἐπὶ
2839 676 2909 730 τά
2946 675 3079 741 ξύλα
3102 718 3117 742 ,
3146 677 3243 730 xui
3281 677 3418 747 αὐτῇ
3447 679 3513 746 τῇ
3539 675 3656 746 ὥρᾳ
3691 681 3784 731 ἐκ·

2214 767 2539 835 σπάσθησαν
2571 767 2640 819 τά
2663 764 2799 830 ξύλα
2823 766 2888 820 ἐκ
2918 764 3012 817 τοῦ
3045 763 3257 830 ὓδατος,
3289 765 3378 816 xui
3410 763 3614 835 ἔσυραν
3647 765 3787 818 αὐτὰ

2208 860 2291 921 είς
2321 859 2420 926 τὴν
2443 857 2548 926 γῆν
2568 875 2582 889 ·
2615 858 2713 911 καὶ
2739 858 3168 928 ψηλαφήσαντες
3205 857 3346 910 αὐτὰ
3381 851 3542 927 εὗρον
3576 858 3788 929 ἐπικει-

2210 949 2379 1019 μένην
2411 948 2601 1011 αύτοῖς
2633 947 3066 1018 ὲπιγραφὴν,τὰ
3111 947 3210 1016 μὲν
3266 947 3432 999 πέντε
3474 944 3571 998 τοῦ
3626 948 3784 1014 ἁγίου

2209 1042 2305 1094 xui
2336 1039 2640 1111 κορυφαίου
2663 1041 2893 1112 Πέτρου,
2915 1039 2980 1098 τά
3001 1039 3058 1100 δὲ
3084 1039 3220 1095 ἄλλα
3246 1038 3416 1091 πέντε
3431 1037 3528 1090 τοῦ
3556 1039 3786 1100 σκεύους

2207 1134 2307 1203 τῆς
2341 1129 2579 1200 ὲκλογῆς
2601 1129 2843 1191 Παύλου.
2885 1127 3034 1183 Ἰδὼν
3079 1128 3138 1182 δὲ
3175 1130 3203 1181 6
3243 1127 3432 1190 πάπας
3462 1126 3553 1180 xui
3581 1126 3628 1178 οί
3662 1125 3787 1178 ὲπί-

2209 1239 2406 1276 σκοποι
2431 1222 2636 1285 πάντες
2661 1221 2757 1274 xui
2790 1221 2898 1296 πᾶς
2927 1221 2956 1272 6
2984 1219 3112 1282 λαὸς
3140 1220 3241 1290 τῆς
3283 1217 3498 1279 πόλεως
3533 1216 3594 1269 τὸ
3633 1215 3786 1284 γενό-

2216 1332 2376 1387 μενον
2415 1297 2642 1386 σημεῖον
2669 1316 2762 1367 ἐπὶ
2787 1315 2856 1370 τὰ
2891 1312 3046 1380 ξύλα,
3082 1312 3469 1383 ἐξεπλάγησαν
3492 1310 3746 1379 λέγοντες
3767 1325 3782 1340 ο

2225 1389 2468 1478 κἈληθῶς
2500 1401 2667 1469 οὗτος
2697 1407 2955 1478 δεύτερος
2972 1407 3273 1478 Γρήγόριος
3302 1407 3330 1458 6
3357 1405 3786 1482 Θαυματουργδς

2210 1500 2456 1570 ἀνεφάνη
2494 1501 2587 1554 ἐπὶ
2617 1499 2719 1569 τῆς
2751 1500 2856 1569 γῆς
2896 1500 3160 1571 σήμερον.

2283 1591 2413 1653 IIBf.
2454 1593 2676 1645 Τούτων
2705 1592 2760 1644 δὲ
2786 1593 3012 1660 πάντων
3035 1591 3346 1662 γενομένων
3371 1592 3429 1644 ἐν
3458 1589 3662 1660 Ῥώμῃ,
3693 1591 3785 1654 καὶ

2212 1687 2390 1757 χαρᾶς
2451 1684 2835 1756 πληρωθέντες
2863 1724 2878 1747 ,
2911 1684 3154 1753 ἀπῆλθον
3199 1685 3430 1745 ἕκαστος
3474 1685 3534 1736 ἐν
3576 1675 3784 1760 ᾧῇσαν

2210 1768 2501 1853 διάγοντες
2532 1778 2710 1848 τόπῳ.
2746 1777 2934 1832 Πάντα
2967 1777 3024 1830 δὲ
3055 1778 3290 1847 ποιήσας
3317 1779 3344 1831 6
3376 1777 3696 1847 Μαρκιανὸς
3717 1779 3784 1831 τὰ

526 1869 628 1938 ipsi
684 1871 966 1939 piissimus
1022 1872 1319 1941 imperator
1374 1884 1564 1929 noster
1613 1875 2011 1941 mandaverat,
2046 1877 2097 1930 in

2215 1869 2641 1946 προσταχθέντα
2682 1869 2833 1940 αὐτῷ
2862 1869 3014 1936 παρὰ
3060 1869 3158 1921 τοῦ
3201 1868 3597 1928 εὐσεϐεστάτου
3628 1869 3782 1939 ἡμῶν

527 1961 663 2014 urbe
709 1959 1012 2025 confectis,
1057 1973 1424 2040 commeatum
1471 1979 1501 2016 a
1553 1965 1809 2033 pontifice
1857 1966 2100 2022 maximo

527 2053 699 2122 petiit,
757 2061 814 2106 ut
862 2053 964 2108 sibi
1030 2053 1572 2122 Constantinopolim
1641 2056 1825 2111 redire
1871 2059 2096 2115 liceret:

524 2160 759 2215 cumque
801 2160 868 2200 eo
922 2145 1167 2217 episcopi
1211 2162 1433 2217 quoque
1473 2157 1526 2202 et
1572 2148 1842 2205 diaconus
1887 2151 2101 2205 charto-

523 2237 723 2309 pliylax
754 2238 975 2307 petiere.
1008 2237 1222 2304 Quibus
1247 2236 1493 2292 Pontifex
1532 2240 1851 2297 maximus:
1885 2239 2100 2298 Paulis-

523 2344 619 2399 per
647 2331 809 2384 etiam
843 2339 957 2384 tum
990 2347 1085 2386 vos
1122 2347 1326 2396 moror,
1361 2331 1552 2389 Patres
1606 2348 1823 2397 omnes,
1873 2336 2000 2389 dum
2032 2337 2099 2391 de

525 2423 700 2475 sancti
735 2419 987 2491 Gregorii
1025 2423 1191 2477 rebus
1233 2425 1611 2495 transigamus
1636 2442 1649 2480 :
1674 2426 1960 2496 iussitque
2010 2444 2100 2499 sy-

521 2515 722 2570 nodum
759 2514 879 2588 cogi
907 2516 962 2569 in
989 2516 1251 2586 templum
1295 2518 1468 2573 sancti
1520 2518 1776 2589 beatique
1819 2519 2094 2590 apostoli:

522 2617 684 2676 atque
719 2607 830 2666 illic
859 2625 983 2664 cum
1016 2609 1213 2665 iterum
1238 2611 1633 2676 consedissent,
1661 2611 1878 2680 Siculos
1908 2628 2098 2668 omnes

525 2715 589 2756 ac
632 2699 882 2757 tribunos
934 2709 989 2757 et
1031 2702 1320 2758 archontes
1361 2703 1753 2770 adduxerunt,
1807 2721 2011 2776 eosque
2047 2716 2100 2762 et

521 2789 766 2862 pontifex
798 2791 1070 2845 maximus
1109 2799 1163 2846 et
1209 2792 1445 2862 episcopi
1504 2794 1584 2870 sic
1630 2795 1851 2849 allocuti
1935 2804 2095 2850 sunt:

523 2878 665 2936 Ecce
699 2880 860 2937 Pater
884 2891 1063 2938 vester
1091 2898 1156 2939 ac
1181 2885 1478 2956 magister:
1520 2885 1651 2940 huic
1690 2885 1896 2940 addicti
1945 2901 2098 2940 reve-

518 2974 751 3029 rentiam
806 2983 969 3044 atque
1016 2991 1259 3044 amorem
1311 2977 1585 3032 exhibete.
1649 2976 1876 3044 Nostis,
1932 2994 2096 3048 quam

515 3068 703 3137 iustus
732 3065 805 3140 sit
833 3067 997 3134 Deus,
1034 3077 1200 3136 utque
1231 3067 1475 3140 singulos
1520 3084 1618 3139 pro
1664 3069 1879 3124 meritis
1913 3085 2096 3124 remu-

519 3167 761 3228 neretur.
790 3155 1003 3223 Quibus
1035 3158 1110 3212 illi
1136 3158 1527 3228 respondentes
1553 3175 1568 3214 :
1620 3157 1782 3223 Bene,
1812 3160 2086 3229 inquiunt,

521 3249 631 3306 Deo
653 3248 907 3314 dicimus,
930 3231 1024 3319 qui
1045 3248 1221 3303 virum
1249 3249 1406 3304 nobis
1428 3249 1818 3319 deditiustum,
1843 3260 1894 3304 et
1917 3250 2089 3318 pium,

521 3348 577 3394 et
603 3338 941 3410 religiosum,
959 3339 1079 3408 ejus
1107 3339 1478 3395 voluntatibus
1495 3340 1904 3412 obsequentem,
1935 3349 2096 3411 atque

523 3415 839 3484 hominibus
883 3431 1378 3496 demoustrantem,
1408 3447 1574 3499 quam
1626 3441 1813 3486 sancte
1857 3447 1922 3486 ac
1953 3433 2098 3502 puri-

523 3533 609 3579 ter
642 3537 843 3576 numen
876 3521 995 3592 eius
1026 3523 1276 3577 venerari
1325 3533 1597 3593 oporteat.
1641 3524 1771 3580 Post
1819 3540 1941 3595 quae
1973 3541 2098 3580 sur-

525 3630 656 3685 gens
682 3624 904 3670 sanctus
937 3615 1233 3685 Gregorius
1263 3617 1500 3685 pontifici
1522 3617 1760 3671 maximo
1790 3626 2100 3687 sanctaeque

525 3709 734 3781 synodo
764 3710 1100 3778 postulatum
1134 3725 1294 3764 suum
1319 3710 1600 3780 proposuit
1628 3710 1712 3764 his
1740 3711 1924 3765 verbis
1950 3729 1962 3763 :
1989 3709 2099 3766 Vos

524 3816 648 3872 ego,
679 3800 870 3858 Patres
899 3803 1095 3870 sancti,
1156 3819 1309 3874 rogo,
1369 3812 1430 3857 ut
1492 3820 1615 3872 quae
1665 3804 1941 3875 Agrigenti
1983 3815 2102 3861 erat

523 3893 722 3948 domus
749 3894 1095 3964 pontiﬁcalis,
1129 3909 1248 3961 eam
1279 3895 1468 3958 everti,
1500 3905 1555 3949 et
1594 3896 1703 3951 alio
1739 3899 1790 3950 in
1821 3897 1940 3952 loco
1977 3899 2102 3954 aedi-

524 3983 678 4039 ﬁcari
712 3983 989 4055 iubeatis:
1043 4001 1108 4040 ac
1163 3988 1330 4041 simul
1377 3987 1710 4041 catholicum
1747 3988 2010 4058 templum
2068 4005 2099 4044 a

526 4065 645 4132 solo
663 4077 823 4132 condi
849 4077 1048 4138 velitis.
1069 4077 1206 4132 Nam
1239 4078 1476 4133 Leucius
1499 4079 1589 4134 hic
1620 4079 1910 4135 haereticus
1931 4083 2102 4136 altare

525 4168 828 4234 subvertit,
870 4180 924 4224 et
950 4185 1072 4238 qua:
1097 4170 1152 4223 in
1193 4185 1259 4224 eo
1291 4171 1583 4224 reconditae
1628 4180 1809 4233 erant,
1844 4173 2100 4242 reliquias

525 4272 744 4318 sanctas
778 4263 832 4317 in
865 4261 1200 4333 profundum
1237 4262 1490 4332 proiecit.
1524 4262 1604 4316 Ad
1651 4263 1766 4318 haec
1812 4264 2055 4333 synodus
2085 4282 2098 4317 :

526 4349 641 4409 Hoc
667 4369 907 4424 quoque,
943 4355 1142 4424 inquit,
1177 4354 1490 4418 sancimus,
1538 4364 1597 4408 ut
1634 4357 2100 4424 quemadmodum

527 4446 686 4515 petis,
714 4447 792 4502 sic
818 4446 999 4502 facere
1030 4448 1211 4503 liceat.
1248 4447 1416 4502 Deum
1447 4447 1593 4501 enim
1627 4456 1809 4502 tecum
1848 4463 1971 4504 esse
2006 4465 2103 4504 no-

2214 1959 2486 2030 βασιλέως
2519 1961 2577 2013 ὲν
2614 1963 2680 2030 τῇ
2719 1959 3118 2034 πόλει,ᾔτησεν
3139 1958 3230 2011 τὸν
3254 1958 3408 2028 ἆγιον
3436 1959 3630 2028 πάπαν
3655 1960 3784 2012 ἀπο-

2201 2054 2429 2123 κινῆσαι
2464 2053 2566 2108 καὶ
2611 2053 2954 2125 ἀναδραμεῖν
2993 2053 3196 2117 αὐτοὺς
3231 2054 3290 2105 ὲν
3337 2054 3783 2112 Κωνσταντινου·

2203 2147 2381 2200 πόλει.
2399 2146 2638 2216 Ὀμοίως
2655 2145 2748 2198 xui
2770 2147 2820 2198 οἱ
2838 2143 3148 2219 ἐπίσκοποι,
3173 2145 3268 2198 xui
3289 2147 3317 2198 6
3337 2145 3607 2216 διάκονος,
3634 2147 3727 2198 xui.
3752 2147 3783 2200 6

2204 2235 2576 2308 χαρτοφύλαξ.
2611 2236 2669 2290 '0
2693 2235 2749 2289 δὲ
2769 2236 2953 2308 πάπας
2980 2235 3169 2305 ἔλεγεν
3187 2239 3370 2301 αὐτοῖς
3386 2253 3400 2267 ’
3433 2238 3777 2304 Ἐκδέξασθε,

2213 2327 2430 2404 Πάτρες
2483 2331 2722 2392 πάντες,
2755 2329 2846 2381 xui
2887 2328 3165 2400 όρίσωμεν
3207 2330 3276 2382 τὰ
3315 2331 3457 2398 κατὰ
3489 2331 3581 2383 τὸν
3625 2332 3780 2399 ἅγιον

2209 2421 2545 2496 Γρηγάριον·
2588 2419 2905 2474 Ἑκέλευσεν
2937 2419 2993 2473 δὲ
3019 2423 3046 2474 ὁ
3093 2420 3280 2484 πάντας
3313 2421 3646 2492 καθεσθῆναι
3682 2422 3780 2491 τὴν

2212 2512 2430 2570 σύνοδον
2479 2513 2538 2564 ὲν
2568 2511 2646 2583 τῷ
2682 2510 2796 2582 ναῷ
2841 2510 2936 2580 τοῦ
2968 2511 3124 2583 ἁγίου
3164 2512 3258 2576 xui.
3296 2511 3570 2582 μακαρίου
3615 2511 3779 2562 Ἀπο-

2209 2605 2423 2658 στόλου.
2464 2604 2707 2678 Κάκεῖσε
2746 2604 2908 2658 πάλιν
2956 2603 3284 2665 καθίσαντες
3333 2603 3541 2673 ήγαγον
3573 2603 3783 2664 πάντας

2217 2700 2343 2762 τοὺς
2375 2697 2650 2763 Σικελοὺς,
2685 2698 2812 2760 τοὺς
2835 2697 3153 2768 τριϐούνους
3206 2688 3302 2749 xui.
3337 2696 3463 2759 τοὺς
3493 2695 3781 2767 ἄρχοντας,

2213 2791 2308 2844 xui
2330 2789 2588 2864 λέγουσιν
2615 2789 2803 2852 αὐτοῖς
2831 2789 2859 2843 6
2887 2787 3087 2851 πάπαξ
3111 2787 3194 2842 (αἱ
3214 2789 3264 2841 οἱ
3287 2788 3579 2841 ἐπίσκοποι
3597 2801 3611 2818 ⁸
3649 2786 3780 2840 ’1δοῦ

2201 2884 2231 2938 6
2281 2883 2470 2955 Πατὴρ
2513 2881 2670 2950 ὑμῶν
2715 2883 2809 2936 xui
2865 2881 3230 2947 διδάσκαλος,
3262 2881 3585 2944 δουλεύσατε
3633 2879 3782 2948 αὐτῷ

2202 2976 2359 3047 φόϐῳ
2384 2977 2479 3034 xui
2512 2975 2663 3045 πόθῳ
2688 2990 2701 3003 ’
2733 2973 2912 3027 οἴδατε
2945 2973 3008 3027 τὸ
3041 2972 3161 3036 πῶς
3183 2973 3212 3026 6
3239 2973 3370 3035 Θεός
3392 2974 3544 3032 ἐστιν
3573 2970 3782 3033 δίκαιος

2205 3071 2302 3124 xui
2323 3069 2699 3125 ἁνταποδίδων
2745 3066 2962 3137 ἑκάστῳ
3011 3064 3152 3118 κατὰ
3200 3063 3269 3116 τὰ
3308 3064 3446 3136 ἔργα
3493 3062 3681 3118 αὑτοῦ.
3716 3063 3780 3116 Oi

2200 3164 2257 3217 δὲ
2309 3162 2680 3233 ἀπεκρίναντο
2723 3161 2943 3236 αὐτοῖς’
2972 3156 3318 3227 Εὐλογοῦμεν
3369 3155 3461 3208 τὸν
3509 3155 3648 3208 Θεὸν
3691 3154 3783 3206 τὸν

2209 3255 2370 3310 δόντα
2397 3256 2530 3324 ἡμῖν
2552 3251 2720 3323 ἄνδρα
2744 3250 2978 3319 δίκαιον,
3013 3248 3107 3302 xui
3135 3245 3359 3315 εὐσεϐῆ,
3385 3245 3478 3311 καὶ
3508 3244 3781 3313 φιλόθεον.

2209 3345 2468 3398 ποιοῦντα
2497 3343 2565 3401 τὰ
2592 3341 2879 3414 θελήματα
2917 3339 3104 3404 αὐτοῦ,
3151 3340 3248 3393 xui
3280 3337 3533 3404 δείξαντα
3562 3338 3660 3407 τὴν
3685 3335 3783 3388 τοῦ

2212 3437 2405 3508 ἀνδρὸς
2427 3435 2766 3507 άκηλίδωτον
2785 3434 2880 3487 xui
2899 3432 3149 3504 καθαράν
3169 3430 3307 3502 πρὸς
3327 3429 3490 3484 αὑτὸν
3501 3427 3780 3497 λατρείαν.

2210 3530 2398 3585 Ταῦτα
2429 3532 2484 3584 δὲ
2516 3529 2698 3582 αὐτῶν
2737 3527 3028 3595 εἰπόν-των,
3057 3525 3296 3588 ἀναστάς
3325 3525 3354 3576 ό
3383 3523 3536 3592 ἅγιος
3571 3519 3786 3591 Γρηγό-

2213 3641 2327 3697 ριος
2348 3624 2586 3696 ᾐτήσατο
2620 3621 2713 3674 τὸν
2737 3620 2925 3676 πάπαν
2968 3619 3065 3673 xui
3095 3617 3194 3690 τὴν
3227 3615 3392 3685 ἁγίαν
3421 3613 3670 3676 σύνοδον,
3698 3611 3786 3663 λέ-

2210 3733 2326 3785 γων
2354 3735 2367 3747 ·
2402 3716 2618 3784 Πάτρες
2651 3714 2826 3781 ἅγιοι,
2856 3709 2995 3765 αἰτῶ
3035 3710 3184 3782 ὑμᾶς
3229 3706 3485 3762 κελεῦσαί
3525 3723 3613 3775 μοι
3655 3699 3785 3774 ἆραι

2209 3809 2271 3864 τὸ
2303 3805 2798 3873 ὲπισκοπεῖον,καὶ
2830 3807 2888 3856 ὲν
2914 3803 3088 3876 ἑτέρῳ
3115 3801 3266 3872 τόπῳ
3290 3802 3348 3853 ὲν
3377 3802 3443 3870 τῇ
3471 3798 3625 3850 πόλει
3653 3796 3787 3847 αὐτὸ

2209 3898 2636 3968 ἀνοικοδομῆσαι
2662 3913 2676 3927 ·
2718 3896 2920 3968 ὁμοίως
2952 3895 3047 3948 xui
3070 3891 3369 3961 καθολικὴν
3399 3887 3697 3958 ἐκκλησίαν
3722 3888 3786 3937 ὲκ

2210 3989 2338 4052 νέας
2394 3986 2745 4057 καθιδρῦσαι,
2793 3983 2984 4053 ἐπειδὴ
3021 3986 3048 4036 ὁ
3081 3982 3312 4043 Λεύκιος
3356 3973 3530 4040 οὗτος,
3577 3979 3785 4052 αίρετι-

2209 4081 2305 4144 κὸς
2336 4079 2432 4142 ὢν,
2460 4077 2803 4148 κατέστρεψε
2825 4077 2888 4130 τὸ
2911 4075 3326 4143 θυσιαστήριον,
3347 4071 3442 4129 xui
3463 4070 3530 4123 τὰ
3555 4067 3784 4121 ἀποκεί-

2214 4191 2351 4244 μενα
2370 4174 2427 4226 ὲν
2462 4171 2614 4242 αὐτῷ
2647 4169 2779 4238 ἆγια
2805 4167 3040 4238 λείψανα
3073 4163 3348 4217 ὲίύθισεν.
3380 4161 3445 4213 Ἥ
3475 4160 3530 4213 δὲ
3567 4159 3785 4221 σύνοδος

2210 4249 2347 4335 πρὸς
2399 4265 2564 4317 αὑτὸν
2627 4260 2973 4330 ἀπεκρίνατο
3000 4276 3015 4288 ·
3048 4257 3162 4311 Kui
3184 4254 3343 4308 τοῦτο
3363 4251 3645 4326 ὁρίζομεν,
3675 4251 3782 4314 ἵνα,

2209 4358 2286 4422 ὼς
2327 4357 2536 4431 ᾐτήσω,
2574 4353 2667 4408 xui
2700 4353 2862 4406 τοῦτο
2899 4351 3131 4422 ποιήσῃς
3158 4367 3175 4382 ο
3207 4347 3429 4417 οἴδαμεν
3479 4344 3609 4414 γὰρ,
3644 4343 3726 4396 ὅτι
3757 4343 3785 4394 ὁ

2209 4451 2344 4513 Θεός
2374 4451 2521 4502 ἐστιν
2551 4445 2696 4517 μετὰ
2714 4444 2832 4511 σοῦ,
2861 4444 2955 4497 xui.
2980 4441 3142 4504 αὑτός
3169 4457 3252 4495 σοι
3292 4440 3548 4510 συνεργεῖ
3577 4438 3657 4498 είς
3678 4437 3786 4489 πᾶν

527 4539 730 4603 vimus,
757 4548 812 4594 et
840 4555 996 4608 opera
1025 4540 1120 4594 tibi
1165 4543 1232 4594 ad
1261 4539 1448 4594 omnia
1496 4551 1818 4608 praesentem
1881 4541 2094 4598 aﬂ'erre.

2213 4542 2398 4614 ἔργον.
2438 4541 2548 4594 Kui.
2585 4539 2714 4610 περὶ
2759 4537 2920 4590 τοῦτο
2970 4534 3210 4603 ἔγραψεν
3257 4531 3404 4602 αὐτῷ
3457 4530 3657 4593 τίτλον,
3699 4529 3785 4582 ἵνα

2227 4634 2241 4642 .
2317 4632 2338 4642 .-
2434 4633 2446 4642 .
2599 4631 2611 4642 ι
2724 4628 2736 4642 ο
2793 4626 2818 4639 ι·
2862 4628 2874 4642 ο
2961 4627 2973 4642 9
3024 4624 3050 4642 Λ
3093 4625 3111 4642 ς
3179 4626 3247 4642 γςμ
3312 4622 3504 4642 A__.'_-_.
3561 4619 3783 4642 κη----..

529 4629 668 4684 Tum
700 4631 1020 4700 rescriptum
1055 4631 1103 4685 ei
1161 4631 1351 4686 datum
1400 4639 1505 4696 est,
1538 4639 1596 4685 ut
1633 4632 1701 4687 de
1755 4648 1819 4687 ea
1867 4649 1925 4688 re
1957 4635 2103 4704 quod

527 4723 622 4778 uni
650 4724 753 4800 sibi
790 4723 1051 4793 placeret,
1100 4731 1341 4778 statuere
1372 4732 1578 4792 posset.
1630 4724 1936 4780 Constituit
1978 4743 2108 4782 vero

529 4827 756 4871 sanctus
804 4814 1100 4884 Gregorius
1139 4857 1154 4881 ,
1208 4825 1271 4872 ut
1328 4817 1538 4886 Euplus
1592 4818 2018 4875 archidiaconus
2054 4831 2110 4876 et

530 4908 794 4964 Erasmus
851 4908 1152 4965 Ecclesiam
1200 4908 1284 4978 pie
1331 4908 1824 4972 administrarent,
1887 4921 1946 4966 ut
1993 4911 2107 4982 iam

531 5019 718 5059 secum
757 5011 1121 5058 assueverant
1172 5001 1269 5072 (6).
1317 5003 1422 5070 Qui
1467 5003 1691 5072 demum
1733 5020 1861 5070 cum
1909 5007 2109 5077 populo

533 5095 706 5162 omni,
760 5095 939 5151 fausta
994 5096 1418 5165 apprecantibus
1451 5095 1787 5167 episcopis,
1847 5098 2105 5166 dimissi,

531 5190 720 5250 animo
750 5189 859 5244 laeti
887 5204 951 5245 ac
981 5187 1092 5245 Deo
1121 5189 1337 5244 laudem
1373 5188 1658 5264 reddentes
1689 5189 1962 5247 abierunt.

600 5345 866 5417 (GiCirca
899 5345 1013 5417 haec
1048 5356 1317 5415 tempora,
1361 5360 1484 5417 cum
1534 5345 1874 5417 meminisset
1902 5344 2107 5417 Grego-

530 5414 927 5481 rius'Magnus,
965 5414 1198 5469 delatam
1241 5431 1272 5470 a
1313 5431 1372 5470 se
1401 5416 1663 5484 episcopo
1698 5414 1965 5472 Triocalae
2006 5414 2104 5472 cu-

532 5503 649 5542 ram
673 5485 929 5543 Ecclesiae
957 5487 1320 5556 Agrigentinum
1352 5502 1454 5555 pro
1485 5494 1757 5555 potestate
1787 5489 2103 5554 invisendae,

531 5559 849 5626 videretque
892 5556 1137 5625 Gregorii
1201 5559 1370 5612 nostri
1420 5558 1655 5612 reditum
1704 5557 1776 5611 ob
1815 5558 1918 5611 iter
1963 5557 2108 5612 Con-

535 5627 1085 5697 stantinopolitanum
1136 5626 1341 5681 differri
1393 5627 1448 5697 in
1509 5641 1712 5682 annum
1756 5627 2100 5696 proximum;

539 5696 938 5754 consulendum
967 5697 1043 5751 illi
1074 5697 1232 5751 duxit
1254 5736 1269 5759 ,
1315 5713 1383 5754 ne
1417 5696 1634 5768 labores
1673 5697 1819 5752 illius
1853 5698 1972 5753 sine
1996 5699 2103 5753 ulla

537 5769 784 5825 mercede
830 5777 1030 5823 essent.
1079 5769 1264 5836 Itaque
1317 5769 1414 5823 has
1451 5769 1624 5823 eidem
1669 5767 1874 5824 litteras
1915 5769 2100 5823 misit:

539 5839 803 5910 Quoniam
829 5839 1168 5910 Agrigentum
1198 5836 1434 5894 Ecclesia
1477 5857 1507 5894 α
1548 5838 1693 5893 nobis
1747 5839 2100 5909 fraternitatis

2211 4634 2288 4696 ὼς
2316 4632 2394 4685 ἔνι
2423 4631 2654 4703 ἀρεστὸν
2678 4626 2829 4696 αύτῷ
2859 4628 2916 4677 ἐν
2950 4624 3270 4696 ὀφθαλμοῖς,
3305 4622 3530 4692 ποιήσῃ.
3561 4619 3784 4689 Ὦρισεν

2207 4725 2264 4780 δὲ
2296 4726 2325 4778 ὁ
2359 4723 2513 4791 ἅγιος
2548 4720 2845 4792 Γρηγόριος
2879 4718 2972 4772 τὸν
3000 4703 3406 4788 ’ἀρχιδιάκονον
3450 4709 3661 4766 Εὖπλον
3687 4710 3781 4764 καὶ

2212 4815 2495 4884 Ἔρασμον
2526 4811 2748 4865 διοικεῖν
2806 4810 2905 4880 τὴν
2959 4807 3262 4879 ἐκκλησίαν
3309 4803 3572 4866 εὐσεϐῶς,
3599 4799 3784 4862 καθὼς

2207 4906 2361 4964 αὐτοὶ
2387 4902 2536 4974 αύτῷ
2568 4899 3088 4972 παρηκολούθησαν.
3137 4895 3533 4965 Ἐπευξάμενοι
3556 4893 3613 4946 δὲ
3645 4892 3786 4946 πάνυ⁸

2206 5017 2297 5063 τες
2319 5001 2367 5052 οἱ
2397 4997 2692 5052 ἐπίσκοποι
2721 4995 2834 5056 τοῖς
2868 4991 3140 5056 διακόνοις
3170 4989 3262 5044 xui
3281 4988 3357 5058 τῷ
3384 4986 3498 5056 λαῷ
3519 4986 3782 5039 ἀπέστει-

2206 5091 2302 5145 λαν
2331 5089 2526 5151 αὐτοὺς
2553 5087 2610 5139 ὲν
2644 5085 2835 5157 εἰρήνῃ
2863 5084 3152 5154 χαίροντες
3211 5083 3308 5134 xui
3339 5079 3662 5145 δοξάζοντες
3689 5076 3782 5128 τὸν

2205 5182 2357 5236 Θεόν.

2208 5349 2310 5394 tua:
2349 5336 2666 5392 uisitationis
2693 5351 2838 5389 cura:
2875 5334 3158 5388 commissa
3201 5342 3314 5396 est;
3353 5328 3625 5382 laboribus
3671 5325 3775 5378 tuis

2207 5410 2502 5480 aliquid_ex
2521 5425 2593 5480 ca
2614 5398 3534 5480 atilcgprospeximusconsulendum
3565 5415 3582 5452 :
3615 5413 3775 5478 prap-

2208 5475 2348 5536 teréa
2379 5477 2708 5532 Maximiano
2737 5478 2894 5546 fratri
2929 5485 2977 5530 et
3011 5475 3310 5546 coepiscopo
3349 5479 3527 5546 nostra
3553 5475 3777 5546 scripsi-

2206 5569 2344 5615 mus,
2373 5561 2428 5603 ut
2463 5559 2674 5618 quarta,
2713 5541 2873 5615 quam
2914 5541 3145 5618 ejusdem
3185 5542 3437 5618 Ecclesia:
3483 5541 3777 5618 episcopum

2208 5611 2488 5692 oportebat-7
2530 5611 2855 5692 accipere,__a
2875 5611 3318 5692 Διίῖεηυὸδίιιιιὶοηὶδ
3346 5613 3513 5692 ,ωαχ
3536 5611 3775 5692 μείίζιιοτ

2205 5679 2367 5764 usque
2408 5679 2671 5764 iliic_e_aiit
2713 5688 3121 5764 sollicitudinem
3162 5684 3419 5755 gesseris,
3454 5680 3548 5734 tibi
3595 5679 3778 5732 debeat

2205 5757 2487 5834 applicari.
2509 5760 2648 5833 (Lib.
2683 5775 2737 5825 ν,
2767 5760 2922 5830 epist.
2960 5757 3069 5826 12.)
