4158 6540
559 428 669 491 699

1551 429 1610 488 s.
1657 427 2033 488 GREGORII
2082 423 2594 486 AGRIGENTINI
2636 404 2812 484 VIT'A

3703 407 3820 478 700

563 557 728 611 quam
759 549 940 595 autem
1005 550 1115 594 tam
1173 539 1486 596 Marcianus
1543 557 1709 611 quam
1764 542 2012 612 episcopi
2045 557 2133 596 res

2252 538 2466 603 πόλεως,
2499 538 2592 592 καὶ
2635 532 3114 606 ἐπεσφραγίσαντο
3146 533 3196 586 οί
3245 533 3538 584 ἐπίσκοποι
3562 529 3663 598 τῆς
3689 546 3813 582 συν-

561 649 693 690 suas
714 643 1163 703 composuerunt,
1199 635 1388 703 eisque
1415 634 1663 704 pontifex
1699 635 1975 690 maximus
2013 649 2138 706 quae

560 725 627 780 ad
661 726 764 778 iter
793 725 1102 779 necessaria
1141 735 1346 788 essent,
1388 726 1561 790 dedit,
1591 740 1656 780 ac
1686 724 1785 798 [et]
1817 726 1959 781 dona
1996 741 2138 795 prae-

562 827 710 872 terea
738 817 905 872 multa
933 829 987 871 et
1019 817 1292 886 episcopis
1326 826 1382 870 et
1409 816 1686 872 Marciano
1713 860 1728 883 ,
1771 825 1826 873 et
1873 819 1976 888 ipsi
2010 833 2141 873 san-

562 917 652 963 rto
700 908 966 978 Gregorio
1022 908 1262 976 adjecit;
1296 924 1454 963 sacra
1501 910 1718 963 demum
1749 909 1898 964 urbis
1937 909 2137 978 templa

561 1001 844 1065 venerati,
905 1010 958 1054 et
1037 1002 1298 1056 omnibus
1363 1000 1559 1056 oﬂiciis
1623 1002 1765 1070 apud
1828 1000 2137 1070 pontificem

564 1094 864 1148 maximum
922 1092 1238 1162 perfuncti,
1300 1093 1420 1163 ipso
1474 1093 1610 1148 bene
1639 1102 1918 1162 precante,
1965 1093 2138 1148 Roma

562 1186 814 1241 exierunt
870 1187 1035 1240 simul
1086 1202 1319 1250 omnes,
1376 1186 1616 1256 episcopi
1675 1186 1926 1253 scilicet,
1993 1185 2141 1241 Mar-

564 1279 778 1346 cianus,
812 1279 1205 1350 chartophylax
1227 1321 1240 1343 ,
1286 1289 1340 1334 et
1369 1279 1694 1350 Gregorius,
1730 1279 1889 1346 cujus
1913 1279 2142 1349 potissi-

566 1387 715 1426 mum
771 1388 1054 1428 sermones
1085 1374 1140 1426 in
1183 1374 1377 1428 itinere
1429 1375 1690 1429 omnibus
1735 1375 2143 1430 oblectamento

567 1465 808 1519 fuerunt.
839 1463 1082 1519 Habebat
1112 1481 1242 1519 vero
1265 1466 1356 1520 hic
1385 1483 1570 1522 secum
1601 1479 1655 1522 et
1683 1468 1843 1523 binos
1874 1469 2141 1524 diaconos

567 1552 984 1623 Philadelphum
1015 1564 1179 1624 atque
1207 1554 1575 1620 Platonicum,
1628 1575 1866 1629 eumque
1892 1559 1979 1615 his
2011 1575 2143 1628 pue-

566 1659 660 1698 ros
704 1646 844 1700 duos
898 1644 1212 1700 Secundum
1274 1659 1328 1702 et
1371 1646 1742 1703 Stratonicum
1789 1650 2141 1706 tribunorum

567 1738 732 1800 ﬂlios,
768 1754 1001 1807 quorum
1055 1741 1268 1809 primus
1298 1741 1535 1797 clericus
1567 1752 1718 1807 erat,
1770 1744 1909 1798 alter
1941 1743 2141 1809 laicus,

568 1831 770 1902 bicque
801 1833 999 1886 notarii
1036 1848 1261 1887 munere
1295 1833 1438 1901 apud
1481 1850 1577 1890 eos
1610 1833 1960 1902 fungebatur.

640 2091 903 2148 LXXXV.
939 2093 1009 2148 Ut
1033 2093 1563 2162 Constantinopolim
1617 2102 2004 2162 pervenerunt,
2043 2093 2146 2148 ltu-

570 2186 927 2241 manissimus
971 2185 1269 2254 imperator
1299 2225 1314 2249 ,
1362 2185 1598 2238 adventu
1648 2201 1838 2240 eorum
1889 2186 2144 2254 cognito,

571 2276 929 2346 praescripsit,
967 2285 1035 2332 ut
1058 2284 1284 2331 sanctus
1314 2275 1615 2347 Gregorius
1665 2275 1719 2330 in
1752 2277 2144 2331 monasterium

571 2363 764 2420 Sancti
795 2364 971 2434 Sergii
1015 2365 1371 2432 concederet,
1432 2365 1486 2418 in
1519 2381 1626 2435 quo
1678 2380 1787 2419 non
1823 2367 1996 2419 multo
2021 2375 2147 2420 ante

574 2456 756 2511 fuerat
782 2473 794 2509 :
820 2455 1141 2525 accepitque
1184 2456 1363 2525 ipsum
1397 2454 1688 2525 praefectus
1724 2471 1918 2526 magna
1949 2455 2148 2510 laetitia:

570 2546 992 2616 significatione.
1028 2545 1200 2601 Biduo
1229 2553 1351 2616 post
1375 2547 1676 2616 imperator
1718 2545 1965 2600 admisso
2004 2544 2148 2598 Mar-

573 2639 752 2704 ciano,
786 2638 986 2694 rescire
1009 2639 1076 2692 ab
1105 2653 1172 2693 eo
1200 2637 1371 2692 voluit
1411 2678 1427 2702 ,
1485 2637 1615 2707 quid
1644 2639 1886 2708 synodus
1933 2637 2001 2692 de
2031 2638 2148 2691 viro

572 2730 722 2800 justo
749 2731 1050 2785 statuisset.
1100 2728 1286 2800 Itaque
1328 2745 1554 2783 narrare
1606 2730 1928 2796 imperatori
1982 2733 2150 2802 cmpit

574 2819 886 2876 Marcianus
917 2821 1162 2892 prodigia
1201 2820 1409 2884 omnia,
1450 2837 1572 2890 qua:
1601 2831 1826 2876 sanctus
1856 2823 1939 2876 vir
1971 2833 2151 2891 patra-

574 2921 749 2974 verat,
781 2912 833 2964 iu
871 2913 1064 2979 primis
1109 2911 1386 2979 singulare
1424 2912 1555 2965 illud
1605 2922 1658 2965 et
1714 2915 2041 2978 stupendum
2082 2914 2151 2969 de

574 3003 754 3072 puella
786 3019 816 3056 a
844 3003 1090 3057 daemone
1119 3013 1372 3072 correpta
1402 3045 1418 3071 ,
1476 3011 1530 3057 et
1587 3005 1906 3058 miraculum
1960 3016 2150 3061 contra

574 3105 928 3148 accusatores
973 3094 1132 3163 ejus:
1175 3104 1290 3148 tum
1329 3104 1383 3148 ct
1419 3094 1486 3148 de
1522 3099 1713 3164 prunis
1748 3095 1980 3159 addidit,
2013 3111 2150 3164 quas

2236 632 2357 685 όδου
2415 631 2688 684 κα¹ι¹πᾶσα
2717 630 2750 698 ἡ
2793 624 3113 695 Ἐκκλησία,
3144 623 3238 676 xui
3275 622 3564 675 ἀπέδωκαν
3597 620 3675 690 τῷ
3703 637 3812 690 μαι

2235 721 2437 792 καρίῳ.
2464 722 2651 773 Πάντα
2674 719 2731 772 δὲ
2768 717 3086 776 τελέσαντες
3114 716 3142 768 ὅ
3170 730 3230 767 τε
3277 710 3596 781 Μαρκιανὸς
3643 712 3740 763 xui
3763 711 3814 764 oi

2237 815 2550 877 ἐπίσκοποι,
2574 811 2699 874 δοὺς
2733 811 2915 871 αὐτοῖς
2950 810 2978 860 ό
3008 809 3196 868 πάπας
3230 805 3299 858 τά
3330 805 3465 874 πρὸς
3489 805 3590 873 τὴν
3622 803 3814 874 χρείαν

2237 904 2424 973 ἐφόδια
2451 902 2551 972 τῆς
2584 900 2706 955 ὀδοῦ
2727 942 2741 966 ,
2773 899 2948 952 πολλά
2973 914 3036 950 τε
3065 897 3217 966 δῶρα
3258 893 3564 966 παρασχὼν
3594 896 3707 956 τοῖς
3752 909 3814 945 τε

2237 994 2560 1057 ἐπισκόποις
2608 992 2702 1046 xui
2757 989 2835 1060 τῷ
2898 989 3232 1059 Μαρκιανῷ,
3267 987 3457 1039 λοιπὸν
3509 985 3566 1038 δὲ
3614 986 3710 1038 xui
3736 983 3816 1055 τῷ

2238 1087 2381 1156 ἁγίῳ
2425 1085 2745 1156 Γρηγορίῳ·
2782 1081 2878 1136 xui
2925 1082 3406 1150 προσκυνήσαντες
3463 1078 3590 1140 τοὺς
3631 1078 3818 1146 ἁγίους

2237 1179 2459 1243 τόπους,
2499 1178 2596 1231 xui
2648 1175 3046 1245 συνταξάμενοι
3091 1173 3170 1242 τῷ
3199 1174 3379 1243 πάπᾳ,
3427 1170 3526 1224 xui
3556 1169 3819 1234 λαϐόντες

2238 1271 2338 1343 τὴν
2386 1271 2553 1340 εὐχὴν
2594 1269 2723 1340 παρ’
2756 1267 2959 1330 αὑτοῦ,
2986 1264 3212 1335 ἐξῆλθον
3265 1264 3376 1318 ἀπὸ
3414 1261 3635 1333 Ῥώμης
3674 1263 3728 1316 0!
3756 1278 3819 1316 τε

2240 1362 2551 1425 ἐπίσκοποι,
2580 1361 2672 1413 xui
2703 1361 2730 1412 6
2757 1358 3094 1428 Μαρκιανὸς,
3131 1356 3228 1409 xui
3251 1357 3280 1408 6
3307 1352 3676 1426 χαρτοφύλαξ,
3703 1353 3820 1421 ἃμα

2240 1453 2298 1506 δὲ
2325 1451 2507 1504 αὐτῶν
2533 1452 2627 1504 xui
2655 1453 2684 1503 6
2734 1449 3058 1520 Γρηγόριος.
3105 1444 3264 1499 Κατὰ
3303 1444 3360 1498 δὲ
3406 1445 3504 1514 τὴν
3528 1443 3646 1496 ὁδὸν
3677 1443 3818 1496 πάνυ

2242 1540 2663 1612 κατετρύφησαν
2683 1540 2794 1593 τῶν
2825 1540 2952 1610 παρ’
2974 1537 3144 1593 αὐτοῦ
3167 1536 3554 1606 φθεγγομένων
3575 1536 3819 1604 ἀγαθῶν.

2243 1634 2349 1687 Σὺν
2380 1634 2528 1704 αύτῷ
2554 1634 2611 1686 δὲ
2637 1633 2732 1686 καὶ
2764 1633 2812 1685 oi
2835 1631 2929 1685 δύο
2951 1632 3190 1685 διάκονοι
3208 1628 3533 1696 Φιλάδελφος
3564 1628 3661 1680 xui
3682 1627 3822 1680 Πλα-

2243 1726 2473 1790 τωνικὸς
2501 1727 2594 1780 καὶ
2623 1725 2716 1778 δύο
2763 1725 3029 1794 παιδάρια
3063 1721 3364 1785 Σεκοῦνδος
3405 1721 3500 1774 xui
3530 1721 3823 1790 Στρατόνι-

2244 1833 2342 1878 κος
2361 1832 2376 1846 ο
2405 1809 2549 1869 οὗτοι
2581 1818 2688 1870 uioi
2717 1817 2967 1886 ὑπῆρχον
3010 1813 3123 1867 τῶν
3165 1813 3467 1885 τριδούνων
3488 1828 3502 1843 ⁶
3537 1813 3633 1865 xui
3664 1813 3693 1865 6
3721 1811 3822 1881 μὲν

2173 1893 2219 1950 Β
2248 1906 2540 1971 Σεκοῦνδος
2565 1907 2827 1978 κληρικὸς
2854 1907 3119 1978 ὑπῆρχεν,
3153 1906 3182 1958 6
3214 1906 3273 1960 δὲ
3313 1904 3674 1976 Στρατόνικος
3701 1904 3822 1957 λαῖ-

2245 1999 2340 2062 κὺς
2368 1995 2436 2070 ἦν
2460 2000 2714 2066 νοτόιριος
2743 1999 2945 2052 αὐτῶν.

2317 2092 2444 2144 IIE'.
2488 2092 2924 2146 Καταλαὸόντων
2963 2091 3018 2145 δὲ
3057 2089 3238 2145 αὐτῶν
3287 2091 3346 2142 ἐν
3377 2092 3825 2142 Κωνσταντινου-

2246 2183 2422 2250 πόλει,
2440 2187 2604 2254 γνοὺς
2623 2188 2650 2239 6
2666 2185 2964 2255 φιλάγαθος
2995 2185 3270 2256 βασιλεὺς,
3308 2185 3390 2238 ὃτι
3435 2181 3824 2250 παρεγένοντο,

2246 2275 2445 2347 ὥρισεν
2473 2277 2562 2330 τὸν
2591 2277 2743 2346 ἅγιον
2771 2279 3091 2350 Γρηγόριον,
3128 2278 3216 2331 ἴνα
3320 2279 3379 2331 ἐν
3420 2274 3500 2347 τῷ
3549 2293 3825 2346 μοναστη-

2249 2369 2352 2440 ρίῳ
2380 2369 2477 2422 τοῦ
2522 2368 2706 2437 Ἀγίου
2731 2372 2984 2440 Σεργίου,
3017 2373 3076 2423 ἐν
3095 2363 3141 2439 ᾧ
3169 2371 3264 2424 xui
3292 2371 3399 2440 πρὸ
3427 2370 3610 2437 όλίγου
3646 2370 3825 2441 ὑπῆρ-

2247 2477 2360 2530 χεν.
2402 2459 2727 2524 ’Υπεδέξατο
2775 2461 2831 2513 δὲ
2873 2459 3035 2513 αὑτὸν
3067 2461 3096 2512 6
3153 2460 3460 2532 ἡγούμενος
3514 2459 3654 2530 μετὰ
3698 2461 3830 2513 πολ-

2246 2550 2346 2619 λῆς
2375 2550 2570 2620 χαρᾶς.
2604 2550 2715 2602 Καὶ
2748 2551 2887 2620 μετὰ
2915 2550 3009 2603 δύο
3040 2550 3256 2622 ἡμέρας
3297 2548 3517 2614 ἐδέξατο
3543 2549 3634 2602 τὸν
3666 2551 3823 2619 Μαρ-

2250 2640 2438 2692 κιανὸν
2464 2641 2491 2692 6
2521 2639 2794 2709 βασιλεὺς.
2846 2641 2942 2693 xui
2997 2641 3282 2711 ἠρώτησεν
3322 2639 3485 2692 αὑτὸν
3518 2640 3546 2691 ό
3575 2638 3830 2709 βασιλεὺς

2247 2732 2308 2785 τὸ
2345 2730 2461 2794 πῶς
2518 2730 2821 2800 ἐδιοίκησεν
2850 2732 2882 2801 ὴ
2918 2730 3142 2793 σύνοδος
3187 2731 3258 2784 τὰ
3302 2731 3446 2783 κατὰ
3475 2729 3567 2783 τὸν
3597 2729 3826 2784 δίκαιον.

2250 2823 2362 2876 Καὶ
2379 2823 2584 2894 ἠρξατο
2603 2825 2628 2876 6
2655 2823 2975 2894 Μαρκιανὸς
2989 2822 3304 2894 ἐξηγεῖσθαι
3318 2821 3394 2892 τῷ
3415 2821 3630 2891 βασιλεῖ
3652 2821 3832 2874 πάντα

2249 2916 2318 2968 τὰ
2348 2916 2501 2988 παρὰ
2537 2916 2630 2969 τού
2677 2917 2834 2984 ἁγίου
2874 2915 3190 2986 πραχθέντα
3225 2917 3450 2984 σημεῖα,
3489 2914 3583 2966 xui
3623 2913 3685 2966 τὸ
3719 2929 3828 2966 πα-

2252 3005 2475 3077 ράδοξον
2505 3009 2600 3060 xui
2653 3006 2997 3076 ὑπερϐάλλον
3026 3006 3086 3060 τὸ
3144 3005 3290 3060 κατὰ
3331 3005 3430 3077 τὴν
3464 3003 3832 3075 δαιμονιῶσαν

2250 3097 2444 3168 κόρην,
2475 3101 2571 3151 xui
2615 3098 2675 3150 τὸ
2711 3097 2894 3167 θαῦμα
2927 3096 2987 3149 τὸ
3012 3098 3304 3168 γενόμενον
3329 3099 3408 3159 είς
3435 3097 3564 3158 τοὺς
3589 3112 3830 3165 κατηγο-

575 3178 632 3234 in
661 3182 824 3251 pallio
853 3199 953 3238 suo
987 3183 1299 3251 recepisset,
1329 3200 1394 3238 ac
1424 3185 1490 3238 de
1529 3185 1800 3244 trahibus.
1835 3201 1956 3255 qua:
1977 3186 2149 3254 preci-

2259 3191 2531 3259 ρήσαντας
2561 3189 2748 3254 αὑτὸν,
2778 3187 2965 3242 λοιπὸν
2993 3187 3049 3240 δὲ
3096 3187 3190 3239 xui
3211 3187 3272 3238 τὸ
3313 3187 3414 3256 τῆς
3437 3186 3738 3256 ἀνθρακιᾶς
3761 3184 3823 3238 τὸ

574 3272 680 3329 bus
711 3275 830 3340 ejus
864 3290 894 3328 e
926 3275 1088 3328 ﬂuvio
1122 3277 1332 3330 eductae
1361 3275 1614 3342 fuissent,
1647 3288 1840 3332 etcum
1873 3279 1976 3331 alia
2009 3278 2151 3330 mul-

2253 3281 2371 3344 πῶς
2401 3281 2620 3347 ἐδέξατο
2647 3282 2727 3344 είς
2767 3280 2829 3333 τὸ
2864 3281 3020 3348 ἆγιον
3068 3279 3336 3348 φελόνιον,
3370 3279 3463 3331 xui
3508 3277 3570 3329 τὸ
3599 3276 3714 3340 πῶς
3744 3275 3834 3328 διὰ.

577 3374 632 3418 ta
664 3366 762 3418 viri
800 3365 941 3420 facta
970 3368 1314 3432 admiranda,
1339 3378 1453 3423 tum
1487 3379 1538 3422 et
1569 3369 2075 3433 mansuetudinem,
2099 3380 2152 3422 et

2255 3374 2562 3444 προσευχῆς
2614 3373 2780 3427 αὑτοῦ
2823 3371 3249 3440 ἀνεσπάσθησαν
3302 3371 3373 3424 τὰ
3422 3369 3555 3435 ξύλα
3600 3369 3710 3422 ἀπὺ
3737 3367 3833 3423 τοῦ

579 3459 920 3524 Comitatem,
953 3467 1007 3512 et
1041 3461 1408 3515 constantiam
1439 3463 1909 3516 commemoravit.
1933 3461 2066 3528 Quae
2096 3474 2154 3517 ιιι

580 3549 1157 3619 audiitpientissimus
1188 3553 1486 3622 imperator
1513 3593 1528 3618 ,
1588 3567 1774 3608 secum
1832 3553 1946 3622 ipse
1981 3555 2154 3623 pluri-

582 3657 729 3694 mmn
756 3642 1058 3698 admiratus
1089 3660 1318 3714 magnas
1349 3643 1460 3699 Deo
1488 3645 1692 3713 gratias
1723 3646 1852 3714 egit.
1888 3646 2156 3702 Similiter

582 3745 712 3786 vero
745 3734 988 3802 episcopi
1018 3737 1180 3788 etiam
1210 3745 1264 3788 et
1287 3737 1685 3807 chartophylax
1738 3737 1927 3791 eadem
1975 3739 2157 3792 archi-

580 3824 840 3889 episcopo
874 3833 1267 3891 exposuerunt,
1308 3825 1395 3878 cui
1455 3834 1535 3879 tot
1588 3825 1676 3880 illa
1738 3826 1984 3896 prodigia
2043 3843 2154 3883 non

581 3911 778 3966 minori
813 3914 1164 3969 admirationi
1193 3914 1438 3970 fuerunt.
1466 3915 1534 3970 At
1563 3919 1830 3986 postridie
1860 3919 2157 3989 imperator

583 4005 989 4059 sanctissimum
1029 4007 1499 4077 archiepiscopum
1545 4018 1599 4063 et
1637 4010 1731 4079 qui
1785 4011 1954 4064 Roma
1993 4027 2158 4066 vene-

581 4105 722 4161 raut,
751 4095 1038 4166 episcopos
1077 4099 1380 4169 ipsumque
1431 4110 1682 4154 sanetum
1731 4099 2051 4172 Gregorium
2087 4104 2154 4158 ad

582 4202 642 4242 se
679 4188 729 4240 iu
792 4189 1051 4257 palatium
1089 4192 1277 4246 venire
1311 4191 1503 4262 jussit.
1539 4191 1791 4264 Cumque
1848 4197 2060 4264 primus
2089 4195 2158 4250 ad

582 4298 706 4334 eum
743 4283 1190 4353 archiepiscopus
1225 4286 1511 4356 ingressus
1543 4296 1711 4352 esset,
1747 4296 1911 4358 atque
1941 4290 2152 4345 honore

585 4372 770 4426 hahito
809 4376 1178 4438 consedisset,
1227 4378 1307 4430 sic
1333 4393 1458 4430 eum
1493 4378 1789 4447 imperator
1823 4389 1910 4434 est
1946 4381 2157 4436 allocu-

587 4479 706 4521 tus:
744 4466 880 4520 Num
916 4469 980 4522 de
1011 4470 1306 4539 prodigiis,
1337 4474 1578 4535 domine,
1610 4473 1814 4528 certior
1857 4472 2038 4528 factus
2072 4490 2152 4541 es,

2255 3466 2470 3532 ὓδατος,
2501 3466 2597 3520 xui
2627 3465 2777 3533 ulla
2805 3465 2977 3518 πολλὰ
3017 3463 3275 3535 θαύματα
3317 3465 3346 3516 ό
3377 3463 3683 3534 σπαθάριος
3705 3461 3836 3532 περὶ

2252 3557 2348 3612 τοῦ
2368 3557 2579 3628 ἀνδρὸς,
2598 3557 2658 3609 τό
2680 3573 2738 3609 τε
2767 3558 2940 3622 πρᾶον
2960 3554 3148 3620 αὑτοῦ,
3187 3555 3282 3607 xui
3310 3553 3539 3624 ἥσυχον,
3561 3553 3656 3607 xui
3678 3552 3836 3605 ἄσει-

2258 3665 2385 3702 στον
2411 3650 2573 3702 αὑτὸν
2604 3649 2903 3719 διαμένειν.
2939 3645 3126 3700 Ταῦτα
3153 3646 3211 3699 δὲ
3248 3645 3493 3708 ἀκούσας
3541 3647 3570 3698 6
3615 3644 3837 3699 εύσεσι-

2259 3759 2452 3805 στατος
2477 3741 2732 3812 βασιλεὺς
2770 3740 3170 3804 Ἰουστινιανὺς,
3200 3738 3417 3808 ἔμεινεν
3449 3738 3745 3805 θαυμάζων
3769 3740 3833 3793 ἐν

2259 3835 2460 3905 ἐαυτῷ,
2491 3834 2608 3902 ἆμα
2630 3835 2688 3887 δὲ
2731 3835 2826 3887 xui
2850 3831 3190 3904 εὐχαριστῶν
3222 3831 3301 3902 τῷ
3325 3830 3445 3900 Θεῷ
3486 3832 3616 3901 περὶ
3644 3831 3833 3887 αὐτοῦ.

2273 3926 2507 3997 Ὁμοίως
2551 3927 2607 3980 δέ
2650 3926 2744 3979 xui
2789 3927 2839 3979 οἱ
2875 3926 3167 3978 ἐπίσκοποι
3193 3923 3287 3977 xui
3311 3923 3340 3975 6
3373 3923 3730 3994 χαρτοφύλαξ
3757 3923 3836 3976 δι-

2258 4018 2536 4088 ηγήσαντο
2585 4017 2653 4069 τά
2692 4018 2815 4070 κατ’
2844 4015 3010 4069 αὑτοῦ
3052 4017 3234 4071 πάντα
3283 4017 3362 4087 τῷ
3397 4013 3834 4088 ἀρχιεπισκόπῳ.

2271 4107 2606 4176 Ἐξὲπλαγεν
2656 4109 2714 4161 δέ
2754 4112 2850 4162 xui
2905 4111 3063 4173 αὐτὸς
3120 4112 3213 4164 ἐπὶ
3263 4114 3375 4174 τοῖς
3431 4109 3682 4180 σημείοις
3723 4109 3836 4172 τοῖς

2259 4200 2414 4269 παρὰ
2448 4199 2542 4252 τοῦ
2577 4200 2756 4266 ἁγίου.
2795 4201 2873 4272 Τῇ
2904 4201 2961 4254 δὲ
2992 4201 3258 4271 ἐπαύριον
3310 4202 3595 4255 ἐκέλευσεν
3623 4201 3652 4252 6
3682 4200 3837 4271 βασι-

2259 4291 2386 4356 λεὺς
2419 4292 2736 4361 προσελθεῖν
2761 4293 2819 4343 ἐν
2867 4291 2944 4363 τῷ
2975 4293 3224 4364 παλατίῳ
3255 4294 3345 4346 τὸν
3385 4293 3688 4360 ἁγιώτατον
3733 4291 3836 4360 ἀρ-

2261 4384 2620 4455 χιεπίσκοπον
2658 4384 2754 4435 xui
2791 4385 2917 4446 τοὺς
2959 4384 3122 4445 ὄντας
3175 4385 3232 4436 ἐν
3267 4382 3452 4452 Ῥώμῃ
3487 4382 3835 4443 ἐπισκόπους,

2265 4477 2361 4529 σὺν
2395 4477 2582 4537 αὐτοῖς
2611 4475 2705 4526 xui
2743 4473 2835 4526 τὸν
2875 4475 3032 4541 ἆγιον
3082 4475 3404 4545 Γρηγόριον.
3443 4469 3578 4526 Εἶτα
3613 4471 3838 4542 προσελ-

587 4572 712 4627 quae
741 4557 928 4614 Romae
953 4563 1021 4614 ab
1069 4563 1293 4618 homine
1332 4563 1437 4618 hoc
1474 4565 1628 4634 justo
1672 4565 1814 4620 edita
1855 4568 2026 4622 sunt?
2055 4567 2152 4621 Cui

2266 4565 2376 4620 θὼν
2408 4568 2436 4619 6
2463 4565 2900 4637 ἁρχιεπίσκοπος
2933 4565 3151 4635 πρῶτος
3186 4567 3267 4628 είς
3310 4566 3403 4617 τὸν
3453 4563 3715 4634 βασιλέα,
3744 4563 3840 4617 xui

585 4652 1074 4721 archiepiscopus:
1106 4653 1324 4724 Utique,
1363 4655 1562 4724 inquit,
1595 4657 1815 4712 domine
1863 4659 2160 4727 imperator

587 4746 1198 4815 piissime,atnlivimtts,
1226 4758 1281 4802 et
1311 4749 1472 4819 plane
1499 4751 1665 4804 laetati
1696 4753 1901 4821 gratias
1933 4753 2044 4807 Deo
2069 4762 2162 4808 tua

587 4853 755 4894 causa
808 4839 1020 4909 egimus
1053 4882 1068 4906 ,
1118 4840 1264 4910 quod
1327 4842 1430 4896 sub
1501 4843 1919 4914 religiosissimo
1971 4845 2165 4914 piissi-

590 4947 793 5001 moque
879 4932 1186 5002 principatu
1243 4943 1335 4988 tuo
1406 4934 1568 4988 talem
1638 4936 1815 4990 virum
1873 4953 1938 4992 ac
2011 4948 2158 4992 tanta

589 5023 1038 5090 mansuetudine,
1070 5024 1354 5086 comitate,
1387 5025 1759 5094 prodigiorum
1801 5028 2041 5095 potentia
2073 5045 2166 5082 or-

590 5125 780 5170 natum
815 5115 1136 5170 ostenderit.
1176 5117 1280 5184 Qui
1305 5118 1524 5188 quidem
1555 5117 1640 5171 vir
1673 5118 1969 5186 puritatem
2003 5130 2168 5190 atque

592 5206 850 5277 pietatem
890 5218 1036 5261 luant
1073 5210 1475 5278 contemplatus
1509 5219 1560 5264 te
1590 5209 1793 5264 imitari
1831 5212 2167 5268 studuit:de

591 5314 702 5367 quo
735 5299 1009 5357 audierat.
1036 5314 1200 5368 quam
1230 5315 1360 5367 erga
1390 5315 1594 5371 egenos
1613 5301 1856 5356 liberalis
1887 5304 2166 5374 sis,quatn

595 5393 807 5462 patiens
841 5401 895 5446 et
924 5393 1096 5447 comis
1139 5410 1265 5465 erga
1301 5409 1492 5450 omnes
1517 5433 1533 5459 ,
1569 5409 1734 5464 quam
1779 5395 2075 5450 immobilis
2111 5395 2164 5450 in

596 5486 905 5539 orthodoxa
936 5485 1281 5555 professione
1315 5486 1463 5541 lidei.
1515 5489 1695 5556 Atque
1752 5487 1857 5541 hac
1907 5488 1973 5541 de
2003 5503 2170 5542 causa

605 5575 716 5631 huc
744 5579 809 5629 ad
839 5593 940 5630 nos
970 5575 1362 5648 Hierosolymis
1397 5579 1643 5633 divertit.
1675 5580 1807 5634 Post
1835 5580 1951 5633 hmc
2000 5579 2172 5648 impe-

604 5679 752 5722 t'ator
773 5668 1094 5740 Gregorium
1123 5689 1243 5726 cum
1275 5673 1547 5743 episcopis
1596 5672 1807 5743 ingredi
1842 5672 2040 5742 jussit:
2078 5670 2170 5741 qui

609 5759 701 5814 ubi
731 5761 956 5818 admissi
995 5774 1147 5830 sunt,
1187 5777 1265 5819 ter
1291 5765 1440 5819 illum
1468 5765 1535 5819 ad
1568 5773 1769 5818 terram
1804 5779 1978 5833 usque
2013 5779 2173 5816 vene-

602 5853 729 5921 rati,
769 5853 891 5928 [ett]
938 5872 1122 5912 coram
1158 5857 1543 5915 constiterunt.
1591 5856 1683 5913 Ille
1717 5872 1846 5914 vero
1874 5874 1886 5911 :
1918 5855 2172 5923 Pulchre,

2264 4662 2649 4730 προσκυνήσας
2675 4656 2822 4726 αὐτῷ
2845 4656 3134 4726 ἐκαθέσθη.
3178 4658 3287 4710 Καὶ
3333 4657 3483 4725 λέγει
3513 4656 3708 4725 αὑτῷό
3740 4655 3839 4726 βα-

2265 4753 2447 4816 σιλεύς
2467 4768 2482 4782 ο
2516 4752 2761 4812 Πάντως,
2785 4748 3044 4813 δέσποτα,
3087 4751 3330 4820 ἀκήκοας
3356 4750 3424 4803 τὰ
3452 4750 3721 4819 γενόμενα
3743 4764 3841 4816 ση-

2267 4843 2396 4912 μεῖα
2427 4839 2515 4892 διὰ
2555 4837 2647 4889 τοῦ
2701 4836 2996 4906 ἀνθρώπου
3042 4837 3256 4890 δικαίου
3310 4839 3368 4890 ἐν
3429 4838 3642 4910 Ρὼμῃ;
3689 4839 3747 4891 '0
3783 4837 3840 4889 δὲ

2265 4932 2693 5006 ἀρχιεπίσκοπος
2713 4929 3045 4998 ἀπεκρίνατο
3068 4944 3082 4956 ⁸
3111 4929 3220 4980 Nui
3241 4969 3256 4992 ,
3296 4928 3532 4982 δέσποτα
3571 4929 3841 4998 αὐτοκράο

2263 5044 2362 5095 τορ
2382 5024 2763 5087 εὐσεϐέστατε,
2785 5023 3104 5092 ἀκηκόαμεν
3127 5023 3220 5074 xui
3253 5021 3394 5074 πάνυ
3418 5023 3725 5090 ἐχάρημεν,
3747 5019 3842 5074 xui

2265 5115 2343 5186 τῷ
2369 5115 2487 5184 Θεῷ
2538 5115 3014 5184 εύχαριστήσαμεν
3047 5111 3136 5166 διὰ
3186 5112 3304 5177 σοῦ,
3349 5112 3732 5175 εύσεϐέστατε,
3760 5112 3843 5165 ὅτι

2267 5208 2362 5261 ἐπὶ
2387 5207 2482 5261 τοῦ
2509 5207 2747 5278 κράτους
2782 5205 2880 5276 τῆς
2908 5206 3007 5275 σῆς
3034 5205 3378 5276 θεοκυρώτου
3402 5204 3660 5264 εὐσεϐοῦς
3689 5204 3844 5274 βασι-

2268 5301 2417 5364 λείας
2443 5298 2714 5366 ἀνέδειξεν
2743 5300 2772 5351 ό
2802 5299 2936 5361 Θεὸς
2965 5297 3207 5351 τοιοῦτον
3243 5299 3440 5369 πρᾶον,
3477 5296 3574 5351 xui
3612 5297 3842 5366 ἥσυχον,

2270 5398 2365 5451 xui
2397 5395 2765 5467 σημειοφόρον
2800 5393 2988 5463 ἄνδρα.
3019 5392 3130 5447 Καὶ
3159 5391 3318 5444 τοῦτο
3338 5393 3367 5444 ὁ
3399 5391 3538 5462 ἀνὴρ
3565 5391 3708 5459 ὁρῶν
3749 5405 3845 5441 σου

2270 5489 2330 5541 τὸ
2359 5487 2599 5558 καθαρὸν
2629 5487 2726 5540 καὶ
2747 5485 3021 5555 φιλόθεον,
3051 5483 3328 5553 ἐζήλωσέν
3359 5501 3456 5536 σου
3495 5482 3587 5535 τὸν
3601 5481 3803 5551 τρόπον
3826 5494 3843 5512 ο

2272 5578 2529 5645 ἀκηκοὼς
2553 5580 2661 5646 γάρ
2694 5594 2789 5629 σου
2817 5576 2879 5628 τὸ
2911 5575 3168 5628 ἐπίπονον
3195 5575 3292 5644 τῆς
3326 5573 3718 5646 ἐλεημοσύνης,
3750 5569 3849 5625 xui

2275 5671 2335 5724 τὸ
2361 5670 2655 5733 διαπαντὸς
2693 5669 3048 5740 μακρόθυμον
3078 5668 3173 5720 xui
3201 5667 3586 5738 φιλάνθρωπον
3607 5666 3689 5730 είς
3713 5664 3851 5718 πάν-

2277 5781 2376 5826 τας
2402 5763 2585 5816 καὶτὸ
2621 5761 2957 5833 ἀμετάθετον
3002 5761 3100 5830 τῆς
3147 5761 3228 5822 είς
3273 5758 3511 5828 Χριστὸν
3557 5755 3846 5827 όρθοδόξου

2283 5869 2378 5907 σου
2411 5853 2676 5920 πίστεως,
2699 5855 2891 5906 τούτου
2921 5852 3082 5923 χάριν
3121 5847 3454 5920 παρεγένετο
3476 5843 3712 5901 ἐνταῦθα
3737 5844 3848 5900 ἀπὸ
