4158 6530
302 450 403 517 701

1293 456 1352 515 S.
1393 455 1771 516 GREGORII
1802 451 2317 513 AGRiGENTINI
2354 452 2557 513 VITA.

3453 446 3486 507 7
3491 441 3563 505 02

316 567 713 638 Ἱεροσολύμων
746 567 884 639 πρὸς
922 569 1091 639 ἡμᾶς.
1130 564 1261 623 Εἶτα
1282 569 1566 622 ἐκέλευσεν
1588 568 1751 620 αὑτὸν
1770 569 1886 619 εἰσ-

1990 564 2189 632 inquit,
2217 564 2369 626 ades,
2410 570 2597 617 sancte
2617 568 2672 614 et
2700 559 3015 614 venerande
3053 557 3279 628 Gregori
3324 556 3419 611 Dei
3447 573 3564 613 ser-

308 662 485 716 ελθεῖν
521 662 639 733 ἅμα
665 661 775 715 τῶν
830 663 1172 715 ἐπισκόπων.
1201 662 1310 715 Καὶ
1349 660 1681 722 εἰσελθόντες
1721 676 1889 728 προσ-

306 752 583 825 εκύνησαν
611 752 691 824 τῷ
721 753 938 822 βασιλεῖ
957 754 1142 822 τρίτον
1168 755 1263 807 ἐπὶ
1298 754 1397 823 τὴν
1425 753 1551 821 γῆν.
1597 751 1885 804 Ἀναστάν-

304 862 397 908 τες
426 845 485 898 δὲ
516 844 752 914 ἔστησαν
780 844 1093 915 ἔμπροσθεν
1126 842 1222 896 τοῦ
1276 842 1563 913 βασιλέως,
1606 841 1702 894 κα)⁸
1740 840 1886 909 λέγει

304 934 333 985 6
370 931 628 1001 βασιλεύς
653 948 667 961 ·
701 931 897 995 Καλῶς
928 928 1116 1002 ἦλθες,
1150 932 1303 986 δοῦλε
1338 931 1431 984 τοῦ
1460 929 1595 983 Θεοῦ
1631 930 1754 999 ἆγιε
1790 931 1887 984 καὶ

305 1024 355 1077 τί
363 1042 451 1092 μιε
474 1023 767 1093 Γρηγόριε,
790 1023 973 1084 καλῶς
1002 1025 1311 1094 παρεγένου
1337 1022 1474 1092 πρὸς
1496 1023 1664 1092 ἡμᾶς,
1694 1023 1721 1075 ὁ
1753 1039 1880 1075 τοσ-

307 1114 450 1168 αὔτα
480 1118 682 1185 σημεῖα
713 1117 947 1184 ποιήσας
980 1115 1141 1184 μόνος
1173 1115 1261 1168 διὰ
1283 1116 1383 1183 τῆς
1416 1114 1724 1184 προσευχῆς
1744 1130 1836 1165 σου
1864 1129 1877 1142 ·

305 1204 475 1267 ὅντως
501 1203 612 1274 γὰρ
648 1204 865 1273 άληθῶς
915 1204 1167 1274 δεύτερος
1220 1203 1637 1273 θαυματουργὸς
1676 1201 1884 1256 ἀνεδεί-

306 1296 443 1366 χθης
466 1295 557 1348 διὰ
586 1298 845 1358 πίστεως.
877 1294 1063 1349 Ταῦτα
1114 1296 1207 1347 καὶ
1235 1294 1303 1349 τά
1344 1294 1570 1347 τοιαῦτα
1601 1295 1629 1346 ό
1677 1292 1888 1345 εὐσεϐέ-

307 1402 507 1448 στατος
566 1385 822 1456 βασιλεὺς
860 1385 1243 1455 διαλεγόμενος
1288 1384 1380 1437 ἐπὶ
1430 1385 1687 1446 πλείστας
1715 1383 1887 1451 ὧρας,

307 1478 405 1531 καὶ
438 1477 832 1547 ἀσπασάμενος
861 1478 1060 1539 αὐτοὺς
1098 1475 1174 1547 τῷ
1202 1475 1344 1544 ἁγίῳ
1368 1476 1639 1545 φιλήματι
1686 1474 1889 1527 ἀπόλυ-

309 1585 424 1622 σεν.
477 1569 534 1621 '0
562 1569 617 1621 δὲ
643 1569 1075 1638 ἀρχιεπίσκοπος
1098 1565 1435 1639 παραλαϐὼν
1454 1566 1545 1618 τὸν
1568 1565 1724 1634 ἆγιον
1746 1566 1889 1636 Γρη-

308 1660 515 1729 γόριον,
544 1659 786 1730 ἀπῆλθεν
816 1661 874 1714 ὲν
908 1659 985 1729 τῷ
1016 1659 1385 1725 ὲπισκοπείῳο
1426 1658 1521 1710 καὶ
1551 1658 1756 1726 ἔφαγεν
1786 1656 1887 1726 ἄρ-

1990 672 2076 720 ve,
2106 656 2336 724 pulchre
2359 654 2423 707 ad
2454 668 2553 707 nos
2586 652 2906 721 pervenisti,
2944 668 2977 703 ο
3006 649 3260 719 precibus
3283 658 3482 718 potens
3508 656 3564 701 et

1986 757 2264 801 tantorum
2308 745 2684 815 prodigiorum
2730 744 2973 798 effector.
3016 742 3155 795 Vere
3203 742 3348 795 enim
3386 749 3477 793 tua
3509 748 3563 793 te

1986 840 2120 893 lides
2148 837 2615 903 Thaumaturgum
2644 835 2875 889 alterum
2926 834 3183 903 prodidit.
3218 833 3346 886 Haec
3396 841 3449 885 et
3486 830 3564 885 si-

1984 929 2134 982 milia
2163 928 2443 997 piissimus
2477 926 2776 994 imperator
2826 923 3014 993 perdiu
3055 924 3328 985 elocutus,
3366 930 3563 976 sancto

1987 1032 2265 1086 quemque
2292 1016 2483 1070 osculo
2512 1014 2771 1068 salutavit
2798 1052 2812 1073 ,
2863 1023 2916 1066 et
2954 1012 3192 1065 abeundi
3240 1020 3562 1079 potestatem

1987 1111 2154 1165 dedit.
2217 1107 2674 1175 Archiepiscopus
2724 1120 2853 1159 vero
2896 1103 3218 1173 Gregorium
3269 1118 3455 1157 secum
3507 1102 3563 1156 in

1988 1203 2132 1255 aedes
2158 1199 2501 1269 pontiﬁcales
2537 1197 2804 1251 deduxit:
2831 1195 2925 1265 qui
2961 1211 3027 1249 eo
3076 1204 3307 1265 cogente
3358 1194 3563 1247 ibidem

1989 1293 2172 1347 cibum
2214 1289 2469 1358 sumpsit,
2498 1305 2622 1343 cum
2668 1303 2788 1341 mos
2837 1287 2939 1356 ipsi
2980 1295 3123 1341 esset
3165 1286 3562 1339 hebdomadem

1990 1384 2284 1451 reliquam,
2328 1390 2523 1449 praeter
2554 1379 2853 1432 Sabbatum
2896 1378 3152 1445 diemque
3197 1375 3564 1435 Dominicum,

1992 1477 2129 1531 nihil
2157 1475 2426 1544 gustando
2460 1474 2786 1541 transigere.
2818 1471 3019 1525 Eodem
3059 1480 3239 1524 autem
3271 1469 3564 1523 identidem

1994 1583 2102 1622 non
2145 1566 2305 1620 modo
2358 1565 2508 1634 ipse,
2550 1564 2643 1619 sed
2681 1565 2841 1617 etiam
2892 1563 3203 1617 Marcianus
3242 1561 3566 1626 ventitabat,

1992 1668 2053 1713 ut
2095 1656 2378 1711 nocturnis
2412 1671 2536 1710 cum
2570 1671 2635 1709 eo
2669 1655 2922 1724 precibus
2953 1669 3174 1721 operam
3204 1654 3378 1707 daret.

307 1770 402 1807 τον
436 1753 551 1821 μετ’
583 1752 748 1805 αὐτοῦ
777 1752 1226 1821 ἀναγκαζόμενος
1256 1751 1360 1804 ὑπὸ
1403 1750 1496 1803 τοῦ
1573 1750 2010 1820 άρχιεπισκόπου
2037 1765 2053 1780 ⁸
2118 1745 2187 1820 ἦν
2239 1748 2350 1819 γάρ
2416 1747 2564 1818 αὐτῷ
2598 1749 2718 1810 ἔθος
2766 1747 2866 1817 τὴν
2910 1746 3179 1816 ἑϐδομάδα
3224 1746 3409 1808 ἄσιτος
3456 1746 3569 1799 δια-

306 1848 487 1902 τελεῖν
537 1850 666 1902 ἄνευ
718 1848 1003 1902 Σαϐϐάτου
1049 1851 1143 1903 καὶ
1193 1849 1501 1920 Κυριακῆς.
1548 1846 1797 1918 Ἦμέραν
1829 1847 1887 1900 δὲ
1926 1846 2049 1899 καθ’
2079 1846 2299 1915 ἡμέραν
2326 1841 2396 1915 ἢν
2449 1844 2591 1915 μετὰ
2646 1845 2740 1897 τοῦ
2763 1844 3222 1915 ἀρχιεπισκόπου,
3247 1843 3340 1895 καὶ
3365 1845 3568 1913 ὀΜαρ-

304 1941 493 2004 κιανὺς
536 1942 633 1994 σὺν
664 1941 811 2011 αὑτῴ
841 1939 910 2014 ἦν
939 1942 1231 2013 ἡσυχάζων
1257 1945 1314 1996 ὲν
1342 1943 1465 2004 ταῖς
1497 1941 1843 2010 νυκτεριναῖς
1880 1936 2044 1990 αὐτοῦ
2089 1937 2300 2007 εὐχαῖς.

377 2038 521 2106 nq‘.
555 2039 710 2092 Μετὰ
763 2039 822 2091 δὲ
869 2038 1045 2092 ταῦτα
1099 2037 1387 2091 ἐκέλευσεν
1444 2034 1761 2107 προσελθεῖν
1824 2036 1881 2086 ὲν

2057 2029 2349 2086 LXXXVI.
2383 2029 2509 2085 Post
2563 2030 2677 2084 haec
2711 2028 2765 2083 in
2825 2026 3086 2096 palatium
3139 2028 3389 2081 arcessiti
3438 2036 3568 2083 sunt

304 2128 385 2200 τῷ
408 2130 659 2201 παλατίῳ
683 2131 776 2184 τόν
794 2147 855 2183 τε
877 2130 1311 2201 ἀρχιεπίσκοπον
1328 2128 1424 2182 καὶ
1445 2127 1539 2180 τὸν
1565 2126 1719 2194 ἅγιον
1745 2125 1888 2196 Γρη-

309 2224 518 2293 γόριον,
553 2224 648 2277 καὶ
669 2223 819 2292 λέγει
849 2224 1037 2286 αὐτοῖς
1064 2239 1078 2253 ’
1120 2221 1439 2284 Ἀκούσατε,
1472 2220 1688 2290 Πάτρες
1718 2217 1885 2286 ἆγιοι,

314 2313 636 2382 βουλόμεθα,
670 2312 764 2367 ἐὰν
807 2314 835 2366 ὁ
873 2313 1077 2382 Κύριος
1146 2311 1379 2376 κελεύει,
1411 2313 1575 2381 ἡμεῖς
1597 2313 1662 2381 τῇ
1698 2327 1889 2379 συνερ-

310 2406 433 2477 γείᾳ
464 2407 556 2458 τοῦ
589 2408 903 2473 Πνευματος
967 2404 1061 2457 τοῦ
1120 2402 1300 2472 ἁγίου,
1338 2401 1569 2464 κανόνας
1612 2401 1768 2464 νέους
1798 2403 1889 2453 ὲκ-

307 2494 499 2548 θέσθαι
522 2498 589 2566 τῇ
620 2494 748 2566 ἁγίᾳ
776 2496 871 2547 καὶ
895 2493 1158 2566 καθολικῇ
1206 2495 1417 2567 μεγάλῃ
1453 2494 1550 2548 τοῦ
1579 2495 1715 2548 Θεοῦ
1760 2496 1888 2548 Ἐκ-

306 2584 534 2657 κλησίᾳ,
568 2586 654 2638 ἵνα
678 2586 775 2639 καὶ⁸
802 2587 883 2649 εἰς
920 2586 1020 2649 τὰς
1063 2586 1362 2655 μετέπειτα
1385 2586 1583 2655 γενεὰς
1608 2586 1760 2640 ἔσται
1791 2589 1888 2641 καὶ

308 2676 470 2730 τοῦτο
505 2679 585 2741 εἰς
619 2676 895 2748 δικαίωμα
950 2680 1016 2749 τῇ
1067 2676 1329 2749 καθολικῇ
1370 2678 1685 2749 Ἐκκλησία.
1724 2679 1887 2730 Ἀπο-

310 2768 592 2840 κριθέντες
618 2769 674 2822 δὲ
710 2770 739 2822 ὃ
769 2787 827 2822 τε
853 2769 1296 2839 ἀρχιεπίσκοπος
1338 2769 1457 2839 ἆμα
1487 2770 1566 2840 τῷ
1592 2770 1733 2841 ἁγίῳ
1755 2771 1888 2843 Γρη-

307 2856 481 2928 γορίῳ
507 2854 662 2912 εἷπον
688 2856 767 2929 τῷ
800 2858 1010 2928 βασιλεῖ
1035 2874 1048 2889 ο
1078 2859 1305 2923 Πάντως
1330 2860 1622 2923 καὶτοῦτο,
1656 2860 1888 2914 δέσποτα

308 2951 695 3013 εὐσεὸἐστατε,
745 2953 809 3004 ὲκ
839 2951 993 3013 θείας
1038 2952 1260 3021 χάριτος
1313 2951 1409 3005 τοῦ
1457 2952 1664 3023 Κυρίου
1713 2953 1887 3026 Ἰησοῦ

309 3041 577 3113 Χριστοῦ,
612 3043 709 3095 καὶ
733 3042 884 3104 θείας
910 3043 1232 3113 ἐλλάμψεως
1260 3042 1355 3097 τοῦ
1382 3045 1541 3113 ἁγίου
1575 3045 1887 3111 Πνεύματος

307 3130 381 3205 ἦν
429 3134 955 3205 ἀποκεκαλυμμένον
990 3135 1066 3205 τῷ
1119 3134 1197 3205 σῷ
1231 3135 1446 3205 κράτει.
1485 3136 1635 3206 Πλὴν
1663 3136 1722 3188 τὸ
1757 3138 1888 3207 ἁρε-

311 3223 439 3276 στὸν
468 3226 528 3275 ἐν
553 3222 854 3293 ὀφθαλμοῖς
902 3240 995 3275 σου
1039 3223 1126 3277 διὰ
1156 3223 1248 3276 τοῦ
1285 3223 1421 3277 Θεοῦ
1471 3226 1616 3278 ποίει
1646 3243 1659 3256 ·
1686 3226 1888 3294 ἀγαθὸν

308 3316 421 3386 γὰρ
447 3315 509 3368 τὸ
541 3315 695 3385 παρὰ
722 3314 817 3368 σοῦ
840 3315 1156 3384 λεγόμενον,
1186 3317 1283 3369 καὶ
1300 3316 1580 3387 ὠφέλιμον
1601 3319 1743 3371 πάνυ
1774 3321 1888 3382 τοῖς

308 3406 613 3477 ὀρθοδόξοις
646 3407 1018 3477 Χριστιανοῖς.
1050 3407 1485 3479 Καταλαϐούσης
1514 3408 1568 3461 δὲ
1592 3409 1690 3479 τῆς
1724 3410 1887 3479 ἁγίας

311 3499 791 3568 Τεσσαρακοστῆς,
822 3498 1032 3570 ὥρισαν
1062 3500 1274 3563 ἑαυτοῖς
1306 3500 1364 3552 ἔν
1414 3517 1523 3554 τινι
1561 3501 1713 3571 τόπῳ
1749 3502 1887 3572 ἡσύ-

309 3608 409 3661 χῳ,
456 3591 679 3643 κάκεῖσε
709 3594 737 3645 6
782 3591 1172 3655 εὐσεϐέστατος
1208 3592 1465 3661 βασιλεὺς
1519 3593 1735 3657 ἐξέθετο
1761 3595 1887 3657 τοὺς

311 3683 466 3746 νέους
514 3685 609 3737 καὶ
666 3684 844 3753 ἱεροὺς
898 3685 1151 3747 κανόνας.
1190 3684 1465 3748 Ὡσαύτως
1517 3686 1613 3738 καὶ
1660 3687 1689 3739 6
1732 3684 1887 3754 ἅγιος

313 3774 616 3846 Γρηγόριος
645 3776 771 3837 τοὺς
792 3776 923 3845 περὶ
951 3776 1239 3844 δογμάτων
1268 3774 1499 3828 ὑπέθετο
1521 3774 1889 3845 δογματικοὺς

312 3863 478 3918 αὐτοῦ
525 3865 740 3934 λόγους,
789 3866 885 3918 καὶ
928 3866 1423 3936 Τεσσαρακοστῆς,
1454 3866 1549 3918 καὶ
1604 3864 1697 3919 τοῦ
1730 3866 1886 3934 ἁγίου

316 3958 412 4011 καὶ
462 3957 766 4027 κορυφαίου
814 3957 924 4009 τῶν
980 3958 1293 4011 ἀποστόλων
1345 3957 1622 4027 ⁹Ανδρέου,
1654 3959 1751 4011 καὶ
1772 3958 1890 4011 έτέ-

321 4064 449 4116 ρους
479 4048 707 4111 πολλοὺς
735 4048 930 4115 λόγους
956 4047 1169 4114 ἐξέθετο
1189 4049 1246 4099 ὲν
1264 4047 1844 4100 Κωνσταντινουπόλει
1870 4064 1883 4078 ’

314 4139 455 4192 πάνυ
481 4139 540 4192 δὲ
569 4126 888 4210 ἐθαυμάσθη
924 4141 953 4192 6
984 4139 1256 4210 μακάριος
1280 4139 1384 4191 ὑπὸ
1410 4138 1504 4191 τοῦ
1538 4139 1890 4207 φιλευσεὸοῦς

312 4231 469 4301 ἡμῶν
498 4231 763 4297 βασιλέως
798 4232 893 4285 καὶ
941 4231 1045 4283 ὑπὸ
1076 4231 1294 4283 πάντων
1324 4228 1419 4283 τοῦ
1445 4248 1502 4282 τε
1532 4231 1890 4300 άρχιεπισκό-

314 4341 417 4377 που
447 4325 543 4377 καὶ
571 4323 787 4377 πάντων
808 4322 918 4376 τῶν
943 4326 1002 4375 ἐν
1025 4324 1090 4392 τῇ
1116 4321 1269 4373 πόλει
1297 4322 1467 4373 ὄντων
1498 4321 1677 4389 σοφῶν
1705 4322 1797 4374 ἐπὶ
1821 4323 1888 4393 τῇ

313 4414 584 4486 καρτερίᾳ
615 4415 709 4466 καὶ
748 4415 991 4485 ὑπομονῇ
1037 4414 1127 4466 καὶ
1175 4413 1322 4483 ἄκρᾳ
1369 4411 1663 4482 ἐγκρατείᾳ
1699 4413 1888 4468 αὐτοῦ.

390 4546 792 4617 (8)Quanquam
812 4562 918 4600 non
954 4546 1088 4599 bene
1115 4556 1272 4599 antea
1298 4543 1619 4617 deEcclesia
1660 4547 1892 4604 meritus

317 4614 763 4671 esseMauritius
790 4619 927 4684 Aug.
980 4617 1131 4669 visus
1174 4628 1310 4674 erat,
1364 4614 1479 4683 lege
1506 4617 1712 4670 scilicet
1760 4618 1888 4684 lata,

316 4703 423 4756 qua
466 4687 853 4755 praecipiebat:
901 4684 967 4739 Ut
1001 4687 1197 4749 nullus,
1220 4687 1309 4754 qui
1333 4690 1593 4738 actionem
1625 4686 1889 4754 publicam

314 4758 525 4827 egisset,
557 4757 753 4818 nullus,
783 4757 873 4826 qui
895 4758 1035 4824 optio
1066 4756 1142 4809 vel
1169 4772 1328 4809 manu
1361 4756 1617 4826 signatus,
1645 4757 1725 4809 vel
1754 4759 1891 4811 inter

319 4827 510 4881 milites
545 4828 729 4897 fuisset
757 4828 986 4885 habitus,
1010 4828 1057 4879 ei
1082 4828 1133 4878 in
1164 4827 1479 4879 monasterio
1509 4829 1735 4879 converti
1767 4828 1895 4881 tire-

319 4907 417 4956 ret.
456 4899 555 4951 nisi
586 4898 719 4967 forte
765 4898 810 4950 si
841 4897 1032 4949 militia
1078 4896 1192 4965 ejus
1228 4897 1413 4964 {uisset
1466 4898 1674 4965 expleta
1705 4896 1888 4967 (Greg.

322 4966 393 5021 Μ.
432 4969 525 5022 lib.
572 4983 653 5031 nt,
703 4969 860 5035 epist.
894 4966 1018 5036 (56);
1073 4967 1271 5020 inultas
1319 4967 1514 5021 deinde
1567 4968 1703 5021 alias
1745 4966 1888 5030 tulit,

320 5056 445 5107 quae
472 5054 501 5093 a
531 5036 793 5107 Gregorio
826 5037 1021 5106 Magno
1052 5036 1282 5090 summis
1313 5036 1564 5091 laudibus
1607 5053 1889 5093 commen-

320 5113 492 5163 datae:
526 5125 711 5176 eaaque
752 5109 896 5161 circa
939 5110 1052 5160 hzec
1090 5107 1434 5177 potissimum
1472 5118 1714 5176 tempora
1759 5125 1890 5177 pro-

322 5184 578 5249 mulgatae
609 5175 779 5231 fuere.
809 5177 889 5249 Ae
924 5178 1160 5249 primum
1207 5175 1505 5249 legesuejus
1543 5175 1596 5230 et
1622 5175 1798 5249 edicta
1825 5180 1893 5233 de

322 5246 467 5319 pace
489 5248 745 5302 Ecclesia:
773 5248 957 5300 laudat
1002 5246 1306 5319 Gregorius
1330 5247 1470 5299 libro
1494 5262 1553 5319 7v.
1587 5248 1746 5316 epist.
1784 5250 1890 5303 19:

324 5317 699 5384 Quamobrem,
731 5319 923 5385 inquit,
949 5317 1396 5385 providentissime
1427 5318 1700 5382 piissimus
1723 5319 1893 5371 domi-

288 5407 421 5443 ‘nus
453 5391 521 5441 ad
566 5388 959 5453 compescendos
1010 5387 1222 5441 bellicos
1269 5396 1439 5440 motus
1483 5404 1664 5457 pacem
1708 5390 1896 5456 quaerit

322 5460 593 5523 Ecclesiae,
624 5471 775 5528 atque
803 5458 872 5510 ad
903 5458 1058 5526 hujus
1091 5473 1387 5528 compagem
1432 5459 1763 5511 sacerdotum
1812 5460 1898 5511 di-

321 5541 520 5599 gnalur
547 5530 707 5583 corda
736 5528 998 5590 reducere,
1031 5529 1169 5597 quod
1212 5532 1426 5599 quidem
1454 5544 1546 5598 ego
1571 5538 1712 5596 opto,
1743 5537 1899 5597 atque

321 5597 577 5669 quantum
604 5599 675 5652 ad
702 5614 781 5650 me
810 5602 1017 5657 attinet,
1042 5597 1380 5652 sereniSsimis
1399 5597 1728 5666 jus’sionibus
1768 5601 1889 5651 obe-

322 5672 579 5723 dientiam
629 5671 853 5738 prabeo.
894 5669 1042 5721 idem
1091 5671 1234 5738 leges
1278 5671 1538 5721 adversus
1577 5670 1887 5723 Donatistas

322 5743 392 5793 ab
415 5743 605 5793 eodem
641 5744 777 5793 latas
818 5739 945 5792 alibi
997 5738 1233 5793 celebrat
1275 5740 1388 5805 (lib.
1423 5738 1512 5802 VI,
1558 5742 1716 5808 epist.
1752 5739 1883 5809 (35):

324 5811 572 5874 Qualiter
600 5822 775 5863 autem
796 5810 1011 5877 pietatis
1034 5820 1216 5861 vestra:
1252 5810 1505 5861 serenitas
1544 5822 1725 5863 contra
1776 5811 1887 5860 Do-

323 5894 639 5936 natistarum
679 5881 1151 5949 ﬂagitimissimam
1176 5879 1481 5947 pravitatem
1510 5881 1886 5935 consideratio-

1988 2122 2435 2191 archiepiscopus
2462 2131 2516 2176 et
2545 2130 2771 2175 sanctus
2795 2121 3126 2189 Gregorius;
3160 2134 3301 2188 quos
3328 2120 3567 2189 impera-

1988 2223 2075 2269 tor
2108 2215 2189 2270 sic
2210 2223 2291 2269 est
2323 2213 2554 2267 affatus:
2595 2214 2773 2284 Agite,
2797 2212 2991 2267 Patres
3037 2212 3238 2277 sancti,
3269 2212 3565 2266 consilium

1987 2304 2146 2358 nobis
2177 2318 2299 2358 esse
2342 2303 2533 2357 sciatis
2561 2344 2573 2367 ,
2624 2303 2668 2357 si
2708 2301 2974 2357 Dominus
3024 2311 3255 2364 annuat,
3286 2310 3340 2354 et
3386 2302 3565 2356 sancti

1991 2395 2229 2464 Spiritus
2262 2394 2530 2449 auxilium
2573 2394 2739 2457 adsit,
2775 2410 2944 2447 novas
2986 2393 3133 2461 leges
3165 2393 3241 2462 (8)
3277 2401 3483 2448 sanctae
3512 2399 3568 2448 et

1988 2483 2270 2539 catholica
2302 2500 2510 2554 magna:
2534 2484 2626 2539 Dei
2671 2484 2928 2539 Ecclesiae
2976 2500 3302 2554 proponere,
3344 2491 3402 2537 ut
3461 2499 3564 2553 po—

1988 2578 2208 2632 steritas
2249 2593 2467 2647 quoque
2506 2578 2706 2631 habeat
2754 2592 2782 2631 a
2838 2577 3036 2639 nobis,
3085 2578 3228 2646 quod
3283 2576 3567 2631 catholica;

1989 2669 2248 2725 Ecclesia:
2275 2672 2665 2725 conservandae
2688 2670 2884 2739 prosit.
2915 2670 2995 2722 Ad
3033 2669 3150 2723 inec
3194 2669 3568 2738 archiepisco-

1990 2777 2091 2829 pus
2116 2777 2239 2815 cum
2283 2772 2477 2817 sancto
2507 2761 2774 2831 Gregorio
2815 2761 3151 2830 respondens
3206 2760 3565 2831 imperatori:

1989 2853 2248 2918 Omnino,
2282 2855 2479 2925 inquit,
2514 2869 2547 2908 o
2575 2855 2790 2908 domine
2824 2853 3183 2923 pientissime,
3215 2854 3318 2906 hoc
3348 2867 3568 2922 quoque

1990 2949 2092 3003 sub
2118 2948 2425 3018 principatu
2470 2958 2562 3001 tuo
2585 2948 3078 3002 demonstrandum
3108 2947 3203 3001 tibi
3239 2946 3566 3001 servabatur

1989 3040 2174 3095 divino
2210 3041 2421 3095 Domini
2476 3039 2605 3095 Jesu
2667 3040 2875 3094 Christi
2932 3055 3160 3093 munere
3195 3079 3210 3104 ,
3269 3038 3569 3106 divinaque

1984 3133 2165 3191 sancti
2230 3134 2472 3202 Spiritus
2549 3133 2958 3197 illustratione;
3028 3149 3197 3203 quare
3255 3131 3400 3201 quod
3467 3131 3567 3186 tibi

1990 3225 2231 3278 maxime
2266 3225 2475 3294 placet,
2513 3223 2620 3279 Deo
2650 3225 2873 3294 auspice
2901 3225 3235 3294 aggredere;
3271 3223 3565 3278 consilium

1990 3317 2136 3370 enim
2172 3316 2274 3370 hoc
2306 3326 2458 3370 tuum
2483 3326 2535 3370 et
2566 3316 2772 3370 bonum
2801 3325 2908 3377 est,
2935 3324 2989 3370 et
3018 3314 3349 3369 Christianis
3381 3314 3568 3369 ortho-

1915 3380 1958 3437 θ
1989 3405 2149 3460 doxis
2205 3404 2457 3474 perutile.
2510 3405 2680 3459 Porro
2726 3403 3164 3474 quadragenario
3220 3403 3433 3473 jejunio
3477 3418 3568 3457 re-

1988 3503 2190 3554 deunte
2229 3498 2408 3553 locum
2436 3498 2539 3553 sibi
2574 3498 2863 3566 elegerunt
2891 3513 2919 3552 a
2951 3498 3109 3550 turba
3132 3506 3430 3562 remotum,
3465 3497 3569 3551 ibi-

1989 3605 2094 3659 que
2118 3590 2405 3659 piissimus
2446 3590 2746 3658 imperator
2794 3605 2997 3643 novum
3042 3604 3323 3643 sacrarum
3387 3590 3564 3657 legum

1989 3683 2233 3737 codicem
2260 3682 2573 3750 explicavit.
2607 3683 2676 3734 At
2702 3691 2927 3734 sanctus
2957 3679 3259 3749 Gregorius
3285 3693 3569 3734 sermones

1990 3774 2198 3828 interea
2234 3773 2299 3826 de
2329 3772 2598 3840 dogmatis
2631 3771 2823 3825 habuit
2852 3772 3119 3825 doctrina:
3153 3771 3365 3840 plenos,
3398 3786 3536 3838 quos

1989 3864 2114 3918 dam
2168 3864 2314 3917 etde
2348 3863 2788 3933 quadragenario
2828 3872 3107 3932 tempore,
3160 3871 3215 3915 et
3265 3862 3333 3916 de
3378 3871 3569 3915 sancto

1988 3957 2359 4025 apostolorum
2392 3956 2529 4008 duce
2555 3955 2770 4008 Audrea
2794 3955 2892 4024 (9),
2923 3956 3172 4022 aliosque
3199 3954 3400 4006 inultos
3420 3950 3566 4024 [cm]

1990 4063 2087 4118 per
2121 4056 2288 4100 totam
2315 4047 2541 4099 urbem:
2592 4045 2805 4115 fuitque
2852 4045 3200 4098 admirationi
3244 4060 3351 4097 non
3387 4043 3567 4096 solum

1991 4137 2242 4207 piissimo
2268 4137 2378 4204 imp
2400 4136 2597 4189 eratori
2626 4146 2838 4200 nostro,
2869 4136 2962 4189 sed
2997 4137 3254 4190 omnibus
3288 4138 3451 4188 etiam
3479 4150 3569 4186 ar-

1991 4226 2326 4296 chiepiscopi
2356 4224 2722 4278 familiaribus
2758 4240 2820 4278 ac
2848 4224 3023 4277 doctis
3065 4226 3379 4294 quibusque
3413 4223 3569 4279 urbis

1991 4318 2166 4380 viris,
2234 4316 2327 4386 qui
2410 4315 2574 4368 simul
2636 4317 2925 4367 virtutem.
2978 4315 3144 4383 ejus,
3209 4325 3261 4369 et
3352 4315 3570 4384 patieno

1992 4410 2165 4473 tiam,
2219 4418 2273 4462 et
2333 4406 2721 4463 abstinentiam
2781 4406 3142 4460 extollebant.
3204 4406 3408 4460 Exacto
3461 4422 3566 4461 au-

1993 4563 2055 4601 ne
2074 4545 2302 4614 justitia:
2340 4552 2388 4596 et
2425 4542 2798 4614 sincerissima:
2839 4541 3110 4614 religionis
3155 4540 3267 4614 zelo
3305 4549 3570 4614 commota

1994 4612 2086 4680 sit,
2112 4618 2435 4667 directarum
2461 4613 2785 4665 lucidissime
2809 4622 2955 4664 tenor
2974 4612 3209 4664 insinuat
3235 4612 3564 4678 jussionum.

1996 4687 2139 4741 Idem
2169 4685 2457 4739 Mauritius
2486 4697 2647 4751 porro
2677 4697 2868 4736 curam
2918 4698 3135 4751 qttoque
3167 4682 3406 4749 suscepit
3451 4682 3564 4751 epi-

1995 4772 2308 4824 sc0porum,
2350 4754 2445 4822 qui
2487 4750 2706 4807 Sedibus
2764 4753 2879 4824 suis
2904 4751 3235 4824 AagBarbaris
3267 4751 3410 4824 pulsi
3448 4750 3567 4824 fite-

1994 4822 2135 4886 rant.
2174 4840 2380 4894 eosque
2412 4823 2744 4894 aproximis
2774 4822 2970 4892 Illyrici
3000 4823 3271 4891 episcOpis
3293 4823 3364 4872 ali
3392 4822 3567 4890 jussit

1996 4892 2481 4969 (Greg._M.'lib._l,
2506 4895 2666 4969 epist.
2695 4893 2823 4969 4§i._
3064 4961 3096 4969 _
3348 4954 3361 4965 O

2065 4960 2151 5033 (9i
2172 4964 2276 5018 Pro
2312 4965 2519 5019 Andrea
2542 4960 2711 5033 legit“
2731 4961 3025 5031 Cajetanus
3054 4960 3563 5033 Petroalnéndose,

1993 5029 2223 5104 opinor;
2254 5036 2472 5089 codices
2508 5029 2653 5087 eniin
2687 5029 3135 5104 Basilianiambo
3157 5029 3426 5104 Andream
3469 5044 3567 5081 εει-ι
3619 5059 3625 5071 ι

1995 5100 2217 5161 bibenti
2242 5115 2290 5160 et
2325 5114 2443 5159 erat
2469 5104 2699 5158 Andreae
2741 5104 2881 5170 apud
2919 5100 3568 5170 Constantinopolitanos

1996 5178 2142 5230 clara
2173 5176 2454 5237 memoria,
2481 5168 2813 5240 insignisque
2846 5172 3047 5231 cultus,
3096 5173 3181 5225 cui
3218 5172 3415 5240 templa
3451 5168 3567 5236 jam

1998 5256 2113 5300 tum
2150 5248 2251 5299 tria
2284 5255 2378 5298 aut
2406 5255 2640 5314 quatuor
2675 5238 3010 5304 dicaverant,
3052 5257 3169 5310 qua:
3206 5239 3265 5314 in
3300 5238 3566 5293 Constan-

2002 5317 2222 5387 tinopoli
2254 5309 2559 5371 Christiana
2597 5312 2835 5387 Gangius
2862 5309 3147 5387 enumerat
3180 5309 3296 5387 (lib.
3332 5324 3420 5387 is,
3439 5322 3563 5375 cap.

2000 5389 2054 5448 5,
2086 5378 2141 5440 η’.
2175 5387 2251 5454 5).
2282 5388 2422 5451 Quin
2449 5397 2501 5438 et
2523 5378 2955 5454 opinioidemum
2986 5380 3245 5454 illa_apud
3276 5393 3371 5454 eos
3408 5378 3564 5454 inva-

2000 5458 2143 5523 luit,
2188 5449 2575 5509 Cht'i‘stianatn'
2618 5452 3013 5523 professionem
3077 5449 3323 5523 Byzantii
3380 5450 3469 5523 ab_
3498 5462 3567 5502 eo

2002 5518 2285 5580 exordium
2318 5525 2561 5584 duxisse,
2596 5518 2651 5577 et
2684 5521 2941 5591 Stachym
2990 5518 3223 5589 primum
3271 5521 3341 5572 ab
3373 5518 3563 5591 eodem

1995 5600 2312 5667 episcopum
2348 5610 2470 5667 esse
2513 5589 2868 5667 constitutum
2899 5610 2912 5645 :
2957 5589 3566 5667 quanrtanienACupe-

1996 5658 2087 5721 riis
2110 5658 2323 5736 egregie
2339 5664 2771 5730 rel'utavit(IIist.
2797 5658 2992 5736 Chron:
3014 5660 3305 5736 patriarclt.
3332 5658 3563 5736 σφισι).

1997 5730 2169 5791 Ει·ηιιῖ
2194 5730 2390 5790 ibidem
2424 5736 2665 5801 ejusdem
2702 5733 2879 5787 sancti
2924 5733 3158 5801 apostoli
3194 5731 3472 5801 reliquiae,
3496 5730 3567 5801 de

1995 5823 2225 5876 qtlal‘llm
2261 5799 2618 5876 translatione
2637 5819 2704 5857 ex
2735 5802 2941 5876 Achaia
2960 5799 3082 5876 ίιιοη
3107 5800 3282 5876 semel
3317 5799 3568 5857 meminit

1998 5872 2380 5945 Hieronymus,
2413 5886 2465 5932 et
2504 5874 2883 5942 Martyrologia
2913 5874 3071 5929 iidem
3097 5872 3325 5928 faciunt.
