4158 6532
267 381 379 448 705

1271 381 1334 443 S.
1374 380 1752 443 GREGORII
1793 369 2308 442 AGRIGENTINI
2348 373 2547 442 VlTA.

3431 371 3541 444 706

267 493 376 547 ὐπὸ
403 490 498 546 τοῦ
545 489 643 545 σοῦ
697 491 959 562 κράτους.
1003 489 1360 564 κατήντησαν
1391 494 1486 547 καὶ
1509 493 1662 546 αὐτοὶ
1699 494 1756 545 ὲν
1777 495 1844 564 τῇ

1965 490 2135 546 silium
2163 489 2304 559 pulsi
2336 497 2544 558 essent,
2581 488 2685 561 ipsi
2721 503 2944 560 quoque
2970 487 3024 543 in
3065 468 3256 544 urbem
3292 500 3538 548 nostram

268 583 428 636 πόλει
469 576 629 652 ἡμῶν
652 599 669 614 ·
707 583 804 635 καὶ
855 581 1284 652 ἀνακάμψαντες
1322 584 1382 637 ἐν
1409 586 1477 654 τῇ
1507 583 1664 637 πόλει
1691 576 1850 652 ἀφιέ-

273 691 456 744 ρωσαν
502 673 604 743 τὴν
634 672 970 743 ἐκκλησίαν,
1000 674 1096 726 καὶ
1130 673 1354 744 ἵδρυσαν
1394 676 1452 728 ὲν
1495 674 1635 745 αὐτῇ
1662 674 1852 726 θυσια-

272 768 497 836 στήριον
552 765 743 836 ἕτερον
779 765 924 817 κατὰ
967 763 1070 831 τὴν
1123 768 1457 836 κακότεχνον
1506 767 1685 820 αὐτῶν
1731 767 1855 821 ἐπί-

268 875 420 913 νοιαν
445 858 540 912 καὶ
583 856 799 927 ζοφώδη
828 857 922 911 καὶ
953 859 1348 929 ὲσκοτισμένην
1387 859 1568 914 αὐτῶν
1597 860 1855 915 διδασκα-

269 952 412 1006 λίαν.

348 1043 478 1100 ΠΗ’.
521 1044 885 1109 ’Λκούσαντες
906 1045 964 1099 δὲ
991 1045 1167 1100 ταῦτα
1188 1047 1216 1100 ὃ
1244 1063 1304 1099 τε
1335 1046 1728 1110 εὐσεϐέστατος
1759 1046 1855 1117 βα-

274 1133 460 1196 σιλεὺς
485 1134 579 1186 καὶ
609 1135 638 1186 6
670 1133 1128 1204 ἀρχιεπίσκοπος,
1165 1135 1487 1206 ἐθαύμασαν
1522 1139 1572 1190 εί
1601 1138 1710 1207 ἄρα
1760 1137 1855 1191 οὐ·

274 1243 382 1290 τως
408 1227 636 1294 γέγονεν
660 1242 674 1257 ·
699 1221 767 1297 ἦν
791 1225 901 1296 γὰρ
929 1229 958 1280 6
986 1226 1241 1297 βασιλεὺς
1270 1229 1529 1299 ἀκηκοὼς
1561 1229 1620 1282 τὸ
1636 1230 1856 1300 ἀνίερον

273 1320 368 1372 τοῦ
397 1320 654 1374 Λευκίου.
692 1317 824 1372 Εἶτα
893 1319 1038 1388 λέγει
1085 1319 1164 1391 τῷ
1207 1321 1347 1391 ἁγίῳ
1384 1322 1673 1394 Γρηγορίῳ
1697 1339 1712 1354 °
1746 1324 1857 1376 Kal.

272 1412 484 1480 ταύτην
512 1429 595 1464 σοι
619 1412 720 1481 τὴν
744 1413 962 1480 αἴτησιν
998 1413 1341 1484 ποιήσωμεν.
1380 1415 1512 1469 Ἰδοὺ
1562 1417 1658 1469 καὶ
1696 1417 1858 1486 ἡμεῖς

272 1503 492 1574 δίδομεν
521 1502 600 1572 τῷ
629 1502 750 1573 Θεῷ
771 1502 859 1557 διὰ
880 1501 975 1556 σοῦ
999 1505 1059 1556 τὸ
1089 1505 1260 1576 ἣμισυ
1301 1506 1467 1577 μέρος
1498 1505 1602 1578 ’τῆς
1627 1507 1854 1573 πόλεως,

273 1595 302 1648 ὃ
328 1595 556 1665 κατέχει
585 1594 619 1664 ἡ
665 1594 897 1665 εὐσεϐὴς
943 1595 1102 1665 ἡμῶν
1145 1597 1393 1666 βασιλεία
1417 1615 1431 1630 ·
1460 1601 1555 1653 καὶ
1591 1601 1862 1653 ἀνοικοδό-

280 1706 458 1759 μησον
486 1689 610 1742 νέον
636 1683 786 1740 οἷκον
811 1687 1003 1742 πιστὸν
1030 1689 1108 1760 τῷ
1137 1689 1258 1762 Θεῷ
1287 1691 1382 1744 καὶ
1410 1691 1470 1744 τὸ
1487 1692 1855 1759 ὲπισκοπεῖον,

273 1781 305 1834 6
335 1780 522 1854 βούλῃ.
555 1781 666 1834 Kal.
690 1780 984 1834 ἐκέλευσεν
1009 1784 1038 1836 6
1068 1782 1324 1853 βασιλεὺς
1346 1785 1630 1854 γραφῆναι
1666 1785 1856 1855 τόμον,
1901 1849 1904 1852 ν

1953 585 2314 652 devenerunt,
2370 585 2686 656 ibidemque
2715 585 2974 641 diversati
3024 586 3287 654 templum
3339 601 3544 644 conse-

1953 687 2268 742 craverunt,
2315 685 2370 733 et
2415 679 2591 734 altare
2625 679 2680 732 in
2711 693 2776 734 eo
2824 681 3056 734 alterum
3102 680 3444 736 constituere
3473 697 3543 737 ex

1953 785 2210 842 perversa
2253 771 2499 840 ipsorum
2551 781 2773 836 mente,
2825 781 2990 841 atque
3044 771 3338 828 obscuram
3383 768 3544 831 suam

1956 864 2420 935 tenebrosamque
2452 864 2758 920 doctrinam
2795 865 2992 922 secuti.

2030 1036 2359 1092 LXXXVIII.
2394 1037 2488 1093 llis
2515 1038 2742 1099 auditis,
2789 1047 2897 1092 tam
2926 1039 3212 1108 piissimus
3246 1038 3545 1107 imperator

1958 1146 2125 1202 quam
2155 1111 2602 1201 archiepiscopus
2631 1131 2813 1185 mirati
2853 1143 3002 1197 sunt,
3029 1147 3271 1201 quonam
3306 1141 3467 1202 pacto
3487 1133 3539 1187 id

1959 1223 2035 1277 ita
2066 1224 2408 1294 contigisset.
2447 1221 2585 1275 Nam
2635 1224 2703 1277 de
2749 1223 2932 1278 Leucii
2981 1225 3290 1294 sacrilegiis
3335 1225 3541 1294 aliquid

1958 1316 2023 1368 ad
2063 1313 2411 1382 imperatoris
2464 1328 2626 1367 aures
2673 1313 2946 1382 perlatum
2995 1314 3194 1369 fuerat.
3251 1314 3354 1369 Hic
3389 1317 3543 1369 dein-

1959 1421 2088 1476 ceps
2120 1414 2314 1462 sancto
2347 1406 2609 1475 Gregorio
2644 1406 3020 1475 respondens:
3058 1405 3126 1460 Et
3157 1407 3305 1470 huic,
3340 1400 3543 1478 inquit,

1959 1499 2209 1570 petitioni
2251 1509 2357 1553 tua:
2383 1498 2814 1554 satisfaciemus.
2865 1499 3010 1553 Ecce
3039 1498 3185 1553 enim
3222 1509 3280 1553 et
3317 1514 3420 1554 nos
3458 1500 3542 1554 al-

1961 1603 2133 1650 teram
2167 1596 2321 1650 urbis
2360 1605 2570 1664 partem
2599 1635 2616 1660 ,
2652 1609 2775 1664 qua:
2828 1593 3060 1665 itnperio
3103 1605 3294 1651 uestro
3328 1597 3541 1662 Subest,

1959 1685 2072 1740 Deo
2100 1695 2324 1757 propter
2355 1696 2408 1740 te
2440 1686 2790 1741 dedicamus:
2825 1686 2915 1742 hic
2943 1697 3147 1741 novum
3196 1677 3546 1758 religiowm-

1962 1784 2070 1850 que
2132 1779 2245 1834 Deo
2301 1781 2561 1850 templum
2618 1796 2684 1836 ac
2741 1781 2966 1836 domum
3029 1782 3437 1851 pontiﬁcalem,
3485 1791 3546 1839 ut

275 1872 375 1925 καὶ
429 1871 652 1941 δοθῆναι
702 1870 780 1942 τῷ
832 1873 1089 1944 μακαρίῳ
1118 1874 1424 1944 Γρηγορίῳ,
1454 1876 1550 1927 καὶ
1602 1877 1858 1946 κτήματα

1965 1873 2067 1938 vis,
2113 1881 2421 1928 construes.
2479 1875 2661 1943 Atque
2711 1874 2854 1929 idem
2891 1874 3138 1930 chartam
3173 1875 3342 1930 scribi
3379 1877 3547 1946 jussit

275 1964 470 2018 πολλά.
502 1963 660 2019 Μετὰ
687 1965 746 2018 δὲ
776 1964 954 2018 ταῦτα
988 1966 1223 2035 ποιήσας
1251 1967 1310 2018 ἐν
1333 1969 1401 2038 τῇ
1437 1966 1590 2020 πόλει
1632 1968 1737 2032 ἕως
1761 1959 1858 2037 τῆς

277 2057 442 2126 ἁγίας
492 2057 915 2128 Πεντηκοστῆς,
983 2060 1080 2111 καὶ
1131 2057 1252 2128 μεθ’
1285 2059 1501 2130 ἡμέρας
1539 2061 1694 2124 τινάς
1732 2079 1861 2131 μετ-

278 2150 561 2204 εστείλατο
590 2151 753 2204 αὐτὸν
781 2147 811 2204 6
845 2147 1102 2221 βασιλεὺς
1143 2153 1202 2204 ἐν
1234 2153 1312 2222 τῷ
1352 2153 1619 2224 παλατίῳ,
1652 2157 1745 2208 καὶ
1768 2156 1860 2208 λέ-

278 2259 364 2311 γει
398 2241 548 2312 αὐτῷ
570 2259 584 2272 ·
619 2238 804 2315 Πάτερ
827 2243 1000 2311 τίμιε,
1030 2243 1125 2296 ἐπὶ
1167 2244 1330 2298 τοῦτο
1370 2246 1678 2317 παρακαλῶ
1707 2247 1862 2318 εὔχε-

283 2334 409 2388 σθαι
438 2335 582 2401 ὑπὲρ
612 2335 772 2404 ἡμῶν
815 2339 874 2389 ὲν
905 2341 1028 2402 ταῖς
1073 2341 1195 2402 σαῖς
1242 2338 1432 2410 εὐχαῖς
1475 2340 1859 2403 ἀδιαλείπτως.

293 2427 350 2480 '0
380 2427 438 2480 δὲ
467 2427 650 2480 πεσὼν
696 2429 849 2500 παρὰ
887 2431 1015 2490 τοὺς
1067 2430 1238 2495 πόδας
1285 2431 1379 2484 τοῦ
1403 2431 1665 2502 βασιλέως
1694 2449 1863 2504 προσ-

281 2516 555 2588 εκύνησεν
585 2518 769 2589 τρίτον
800 2519 894 2571 ἐπὶ
942 2520 1040 2591 τὴν
1061 2521 1196 2591 γῆν,
1227 2523 1322 2575 καὶ
1358 2522 1505 2590 λέγει
1546 2523 1726 2593 αὐτῷ·
1756 2525 1864 2577 Εὐ-

284 2606 578 2660 σεϐέστατε
613 2608 876 2669 δέσποτα.
895 2609 949 2662 τί
976 2610 1440 2681 ἁνταποδώσομέν
1468 2627 1550 2663 σοι
1568 2613 1696 2683 περὶ
1722 2611 1862 2664 πάν-

280 2707 394 2753 των
419 2693 493 2752 ὧν
518 2699 911 2764 ἁνταπέδωκας
939 2701 1070 2771 ἡμῖν
1094 2699 1316 2769 ἀγαθῶν
1337 2719 1350 2769 ;
1384 2704 1479 2756 καὶ
1505 2705 1589 2766 τίς
1611 2705 1726 2772 εἰμι
1753 2703 1864 2770 ἐγὼ

283 2791 316 2844 6
346 2791 517 2851 τάλας
543 2792 636 2844 καὶ
665 2792 1010 2861 ἁμαρτωλὸς,
1043 2793 1128 2846 ὅτι
1154 2795 1411 2859 τοιαύτας
1437 2795 1597 2862 ἀξίας
1637 2796 1732 2848 καὶ
1765 2812 1865 2865 με·

285 2882 462 2951 τάλας
487 2883 696 2953 δωρεὰς
737 2882 940 2953 εἴληφα
977 2883 1129 2956 παρὰ
1170 2885 1264 2938 τοῦ
1325 2887 1585 2950 εὐσεϐοῦς
1630 2887 1865 2957 κράτους

287 2975 447 3045 ὐμῶν
474 2992 489 3039 ;
521 2975 696 3038 Αὐτὸς
724 2975 753 3027 6
780 2975 1204 3046 συμϐασιλεύων
1249 2993 1333 3030 σοι
1369 2977 1503 3042 Θεὸς
1524 2977 1633 3050 δῴη
1663 2995 1746 3032 σοι
1768 2977 1865 3031 τοῦ

286 3069 376 3123 ἀεὶ
407 3068 602 3120 πατεῖν
631 3067 758 3128 τούς
793 3067 1264 3137 ἐπανισταμένους
1308 3082 1392 3122 σοι
1423 3069 1503 3140 τῷ
1553 3070 1728 3141 κυρίῳ
1762 3087 1866 3140 μου

287 3154 366 3223 τῷ
410 3155 642 3225 βασιλεῖ.
690 3159 802 3212 Καὶ
830 3157 1003 3211 ταῦτα
1050 3158 1244 3220 εἰπὼν.
1285 3161 1672 3231 ἀσπασάμενος
1704 3162 1866 3215 αὐτὸν

287 3250 316 3301 6
343 3247 616 3316 βασιλεὺς,
649 3249 776 3313 δούς
803 3250 952 3320 αὐτῷ
987 3251 1252 3306 τάλαντον
1295 3254 1520 3323 χρυσίου
1553 3255 1633 3317 εἰς
1658 3257 1865 3325 χεῖρας,

287 3335 470 3392 εἶπεν
513 3341 702 3394 Ἔστω
736 3360 841 3407 σοι,
872 3343 1076 3413 Πάτερ,
1106 3343 1278 3397 ταῦτα
1307 3344 1482 3416 μικρά
1508 3344 1655 3417 δῶρα
1673 3347 1747 3408 ὡς
1773 3363 1870 3416 με-

287 3431 452 3502 γάλα,
486 3433 681 3503 μνείαν
710 3435 1033 3506 ποιούμενος
1064 3436 1150 3491 ἀεὶ
1180 3437 1322 3506 ὑπὲρ
1345 3439 1444 3509 τῆς
1465 3437 1744 3509 ἡμετέρας
1777 3455 1870 3509 με·

287 3525 598 3596 τριότητος.
633 3528 746 3580 Καὶ
791 3529 1117 3582 ἀπέστειλεν
1143 3528 1308 3582 αὐτὸν
1335 3528 1668 3597 πορεύεσθαι
1701 3530 1759 3582 ἐν
1789 3531 1870 3583 εί-

293 3618 431 3689 ρήνῃ
491 3619 574 3680 εἰς
635 3617 739 3689 τὴν
792 3620 991 3674 ἑαυτοῦ
1041 3621 1217 3676 πόλιν.
1249 3616 1497 3676 Δέδωκεν
1525 3623 1582 3676 δὲ
1605 3621 1872 3693 αὐτῷκαὶ

293 3709 660 3781 εὐσεϐεστάτη
691 3710 983 3780 Δύγούστα
1005 3711 1156 3784 δῶρα
1184 3713 1377 3783 πολλὰ,
1401 3714 1626 3787 χρυσίον
1653 3715 1748 3768 καὶ
1767 3716 1870 3784 ἀρ-

293 3802 484 3874 γύριον
516 3804 722 3869 ἱκανὸν,
762 3805 859 3858 ἐπὶ
905 3805 969 3858 τὸ
1004 3806 1230 3878 ποιῆσαι
1266 3806 1434 3878 οκεύη
1477 3807 1579 3876 τῆς
1614 3807 1736 3860 κατ’
1769 3806 1870 3860 αὐ-

295 3895 386 3948 τὸν
425 3895 620 3968 Ἐκκλη
629 3896 771 3961 σίας.

365 4073 490 4129 ΠΘ¹.
529 4073 780 4146 Ἐξῆλθεν
799 4074 857 4128 δὲ
887 4073 996 4128 ἀπὸ
1014 4068 1635 4137 Κωνσταντινουπόλεως
1661 4076 1691 4127 6
1718 4075 1871 4142 ἅγιος

292 4167 616 4238 Γρηγόριος,
652 4168 746 4221 καὶ
779 4167 1083 4220 κατέλαϐεν
1112 4169 1171 4221 ὲν
1211 4166 1402 4238 Ῥώμῃ
1440 4169 1507 4238 τῇ
1542 4159 1717 4219 εἰκάδι
1775 4165 1870 4218 τοῦ

363 4302 664 4375 (l2)_Cum
723 4303 984 4359 talentum
1037 4303 1299 4375 Gregorio
1369 4305 1556 4356 uestro
1630 4317 1660 4356 a
1718 4301 1871 4355 Mau-

291 4375 422 4428 ritio
459 4373 666 4428 datum
717 4375 911 4431 scribit
967 4373 1267 4439 Leontius,
1319 4387 1427 4426 non
1476 4385 1706 4436 aureum
1767 4387 1873 4426 nu-

295 4445 488 4498 misma
513 4459 709 4515 unum,
731 4447 824 4499 sed
858 4454 936 4499 tot
964 4447 1089 4500 data
1125 4445 1436 4515 signitlcare
1469 4444 1868 4515 putandusest,

293 4530 418 4582 qua:
452 4513 646 4566 talenti
683 4530 954 4586 summam
993 4513 1295 4586 aequarent.
1339 4515 1469 4568 Erat
1514 4514 1661 4568 enim
1697 4514 1869 4586 talen-

297 4595 434 4646 tum,
476 4599 599 4637 cum
631 4584 696 4637 ad
755 4583 1404 4652 pecuniam'rel‘erebaot
1439 4623 1454 4646 ,
1508 4598 1616 4636 non
1678 4583 1866 4652 utique

299 4665 357 4707 ιιι
381 4661 464 4726 est
486 4653 628 4726 apud
663 4654 910 4718 Suidam,
960 4656 1020 4708 τὸ
1069 4656 1324 4726 μέγιστον
1372 4653 1593 4725 χρυ-σίου
1633 4655 1737 4726 καῖ
1769 4656 1870 4724 ἁρ-

295 4723 490 4793 γυρίου
524 4724 722 4794 μέρος,
761 4727 878 4780 sive
919 4727 1040 4779 auri
1072 4723 1128 4779 et
1155 4723 1374 4794 argenti
1411 4723 1546 4793 pars
1590 4723 1868 4777 maxime:

296 4809 424 4866 nam
453 4795 643 4848 deerat
682 4811 904 4858 nomen,
934 4811 1046 4866 quo
1092 4796 1358 4865 majorem
1391 4806 1868 4866 unamﬁsummagm

297 4864 625 4936 indicarent,
654 4874 731 4929 ut,
766 4881 889 4936 cum
925 4863 1152 4934 pecunia
1185 4863 1498 4936 superaret,
1532 4863 1778 4936 dicerent
1801 4864 1872 4916 διο

293 4934 580 5008 τάλαντον,
620 4935 994 5008 τριτάλαντον,
1020 4936 1202 5008 τρίτον
1244 4934 1609 5008 ἡμιτάλαντον
1628 4935 1754 5008 ,μω
1780 4941 1874 5008 est

294 5005 402 5057 duo
427 5003 775 5068 talenta,’tria
803 5007 1026 5068 talenta,
1055 5003 1173 5060 'm‘a
1221 5003 1420 5060 talenta
1453 5009 1573 5057 cum
1621 5003 1867 5065 dimidio,

296 5084 353 5127 et
380 5074 600 5128 similia.
635 5073 834 5129 Verum
887 5077 1109 5140 talenti,
1158 5087 1218 5132 ut
1267 5089 1428 5130 nemo
1487 5077 1721 5143 ignorat,
1755 5089 1865 5142 non

299 5159 406 5217 tina
442 5145 606 5217 apud‘
627 5159 818 5217 omnes
850 5148 1150 5217 quantitas,
1186 5163 1284 5202 nec
1303 5148 1390 5217 Vde
1412 5160 1522 5217 quo
1550 5143 1868 5217 hic_tal_en_to

300 5209 557 5286 l0quatur
585 5209 882 5278 Leontius,-
901 5219 1033 5273 satis
1069 5209 1257 5286 liquet.
1280 5216 1384 5283 Qui
1411 5209 1868 5286 'tanienAAtticuin

301 5285 563 5356 talentum
585 5287 757 5355 magis
795 5299 982 5341 notum
1027 5298 1081 5342 et
1115 5283 1323 5356 majore
1354 5287 1408 5341 iii
1445 5299 1546 5340 usu
1590 5283 1760 5338 fuisse
1794 5285 1871 5338 vi-

297 5357 486 5427 detur,
522 5355 815 5425 signiﬁcari
844 5359 930 5412 hic
962 5355 1232 5413 summam
1256 5368 1386 5427 puto
1409 5357 1684 5410 minarum
1713 5369 1874 5409 sexa—

300 5426 483 5496 ginta,
537 5431 649 5481 sive
705 5437 891 5481 scutos
931 5440 1224 5483 sexcentos
1257 5426 1530 5482 nummos
1577 5434 1872 5478 nostrates.

297 5497 571 5550 Caeterum
601 5495 779 5552 aetatis
808 5496 972 5566 hujus
998 5499 1296 5567 scriptores
1320 5497 1507 5552 talenti
1549 5497 1872 5567 appellatio-

299 5567 371 5618 n'e
399 5567 782 5636 μεταφορικῶς
813 5577 1024 5621 tantum
1060 5566 1137 5621 uti
1169 5569 1364 5632 solent,
1398 5578 1563 5636 atque
1593 5576 1650 5636 ut
1683 5566 1876 5636 mysti-

299 5583 371 5618 ne
443 5583 782 5635 εταφορικως
813 5583 1024 5621 tantum
1060 5583 1137 5621 uu
1169 5583 1364 5632 s0tent,
1398 5583 1563 5636 atque
1593 5583 1650 5618 ut
1683 5583 1872 5636 mysu-

298 5650 364 5690 ca
390 5583 666 5707 Evangelii
701 5637 898 5692 talenta
922 5639 1035 5694 sive
1059 5640 1186 5693 data
1211 5639 1409 5708 cuique
1438 5635 1701 5692 divinitus
1730 5641 1872 5690 bona

298 5716 748 5760 commemorent.

375 5777 486 5844 (15)
526 5777 943 5831 Constantinam
991 5777 1131 5847 Aug.
1183 5779 1445 5848 intellige,
1489 5778 1557 5833 de
1599 5792 1706 5847 qua
1758 5776 1871 5831 dixi

300 5848 580 5918 superius.
619 5853 687 5900 At
729 5849 824 5917 qui
870 5848 1117 5918 Cajetani
1168 5851 1494 5904 sententiam
1545 5856 1872 5918 sequuntur,

1959 1975 2013 2020 et
2048 1968 2206 2021 beato
2254 1965 2521 2036 Gregorio
2550 1966 2690 2021 tradi
2719 2005 2735 2030 ,
2769 1975 2823 2020 et
2864 1968 3240 2035 possessiones
3282 1971 3546 2038 praeterea

1961 2058 2186 2113 multas.
2259 2056 2461 2112 Mansit
2515 2072 2647 2112 vero
2708 2066 2836 2127 post
2895 2060 3012 2113 haec
3069 2058 3547 2130 Constantinopoli

1963 2165 2138 2219 usque
2189 2151 2257 2204 ad
2308 2159 2512 2204 sanctae
2568 2151 2922 2206 Pentecostes
2982 2151 3288 2206 solemnia:
3345 2155 3547 2223 quibus

1961 2243 2276 2308 transactis,
2305 2243 2360 2297 in
2391 2243 2653 2313 palatium
2688 2257 2882 2299 rursus
2906 2243 2974 2297 ab
3006 2245 3339 2312 imperatrire
3361 2251 3547 2301 accer-

1963 2335 2104 2389 situs
2136 2341 2256 2396 est,
2301 2343 2466 2403 atque
2517 2333 2602 2388 his
2641 2333 2818 2388 verbis
2869 2333 3180 2390 salutatus:
3220 2334 3375 2399 Quod
3415 2336 3548 2390 ulti-

1964 2440 2112 2478 mum
2143 2433 2247 2490 est,
2279 2423 2442 2480 Pater
2471 2425 2780 2480 venerande
2805 2465 2821 2490 ,
2873 2426 2979 2482 hoc
3017 2441 3048 2481 a
3082 2435 3134 2481 te
3160 2437 3285 2498 peto
3306 2469 3322 2493 ,
3385 2439 3444 2482 ut
3490 2427 3546 2483 in

1963 2519 2462 2586 obsecrationibus,
2492 2533 2615 2587 quae
2643 2531 2672 2573 a
2713 2527 2766 2573 t‘e
2792 2520 3014 2574 assidue
3039 2522 3197 2583 fiunt,
3233 2521 3404 2574 nostri
3435 2535 3552 2576 me-

1965 2609 2218 2664 mineris.
2262 2610 2357 2664 llle
2403 2610 2468 2664 ad
2511 2611 2858 2679 imperatoris
2894 2611 3058 2680 pedes
3100 2611 3426 2682 provolutus
3468 2621 3551 2668 ter

1966 2716 2090 2754 eum
2125 2714 2300 2770 usque
2333 2700 2398 2753 ad
2430 2709 2626 2754 terram
2663 2700 2933 2765 adoravit,
2969 2711 3082 2755 tum
3111 2701 3193 2756 sic
3227 2701 3550 2770 respondit:

1967 2789 2111 2855 Quid
2144 2805 2266 2858 ego,
2304 2790 2554 2860 piissime
2582 2791 2830 2860 Auguste
2855 2832 2869 2856 ,
2911 2805 3014 2861 pro
3059 2792 3218 2847 bonis
3268 2793 3550 2862 omnibus,

1967 2882 2166 2952 quibus
2197 2887 2286 2937 me
2313 2883 2655 2938 cumulatum
2691 2881 2946 2947 dimittis,
2975 2881 3068 2937 tibi
3097 2878 3438 2938 retribuam?
3467 2870 3552 2939 vel

1966 2973 2088 3044 quis
2112 2985 2261 3028 eram
2287 2989 2388 3043 ego
2431 2975 2602 3028 miser
2634 2989 2698 3029 ac
2719 2976 3059 3043 nequam,;'ut
3083 2989 3114 3030 a
3147 2983 3254 3030 tam
3291 2975 3382 3046 pio
3408 2977 3552 3048 prin-

1967 3066 2087 3136 cipe
2110 3075 2258 3119 tanta
2279 3076 2500 3136 tamque
2518 3067 2777 3136 praeclara
2799 3067 3024 3122 munera
3047 3068 3352 3138 acciperem
3370 3063 3393 3123 ί
3411 3068 3554 3125 Deus

1892 3197 1934 3255 ε
1971 3173 2120 3218 vero.
2155 3160 2249 3228 qui
2285 3172 2462 3214 tecum
2503 3160 2793 3228 imperium
2825 3159 3169 3227 moderatur,
3217 3159 3308 3216 det
3334 3163 3456 3226 tibi,
3493 3171 3554 3217 ut

1971 3265 2162 3304 omnes
2208 3258 2426 3320 semper
2464 3251 2902 3306 adversariorum
2933 3253 3116 3307 motus
3167 3253 3345 3308 victor
3398 3267 3554 3310 coer-

1969 3356 2116 3395 ceas.
2155 3339 2281 3395 llaac
2306 3341 2574 3396 dicentem
2597 3343 2892 3411 imperator
2918 3343 3258 3414 complexus,
3290 3345 3550 3400 talentum

1969 3432 2044 3486 illi
2078 3447 2305 3487 aureum
2343 3434 2396 3486 in
2439 3449 2637 3490 manus
2684 3435 2834 3489 dedit
2880 3435 3034 3505 (12):
3082 3427 3252 3499 Habe,
3308 3436 3419 3508 [ev]
3469 3437 3555 3492 itt-

1969 3525 2188 3594 quiens,
2224 3523 2402 3591 Pater,
2436 3541 2599 3594 parva
2647 3525 2761 3581 hac
2799 3527 2940 3580 dona
2975 3531 3036 3581 ut
3079 3531 3276 3595 magna
3311 3568 3325 3591 ,
3369 3541 3420 3584 et
3451 3543 3554 3585 no-

1970 3616 2068 3670 stri
2110 3625 2374 3687 perpetuo
2405 3629 2616 3672 memor
2649 3621 2790 3672 eSto.
2811 3613 3161 3689 Dimisitque,
3187 3623 3244 3675 ut.
3276 3621 3330 3674 in
3365 3621 3552 3677 urbem

1969 3720 2127 3762 suam
2174 3705 2288 3762 Deo
2329 3709 2567 3778 prepitio
2602 3710 2838 3774 rediret;
2889 3713 3061 3764 multa
3118 3711 3282 3765 etiam
3336 3700 3478 3767 dona
3518 3730 3553 3770 ιι

1969 3797 2216 3866 piissima
2240 3798 2488 3866 Augdsta
2519 3797 2749 3868 accepit.
2779 3797 2900 3854 auri
2929 3801 2984 3854 in
3022 3798 3216 3870 primis
3250 3811 3305 3855 et
3335 3803 3553 3870 argenti

1969 3901 2235 3960 quantum
2261 3891 2326 3944 ad
2358 3906 2514 3946 sacra
2563 3893 2747 3962 templi
2779 3894 2865 3947 sui
2911 3901 3039 3949 vasa
3084 3890 3429 3948 conﬁcienda
3461 3911 3552 3950 sa-

1969 3982 2038 4036 tis
2075 3992 2223 4035 esset
2252 3981 2388 4051 (15).

2045 4072 2333 4127 LXXXIX.
2385 4072 2654 4143 Egressus
2669 4071 3143 4143 Constantinopoli
3162 4083 3392 4132 sanctus
3411 4075 3550 4133 Gre-

1969 4167 2156 4239 gorius
2183 4167 2294 4237 (i4)
2327 4165 2558 4220 Romam
2587 4165 2839 4235 pervenit
2860 4181 2961 4220 xm
2989 4165 3108 4222 Kal.
3141 4165 3438 4240 Augustas.
3470 4169 3550 4226 lbi

1967 4301 2274 4376 Augustam
2307 4302 2692 4376 prodergnon
2741 4313 2996 4374 possunt,
3045 4319 3075 4358 a
3109 4321 3216 4376 qua
3252 4306 3550 4372 Gregorius

1969 4374 2115 4428 dona
2160 4373 2455 4448 acceperit.
2509 4371 2850 4448 Theodoram
2899 4377 3045 4428 enim
3077 4371 3546 4448 uiorem,‘quam

1971 4459 2138 4497 unam
2173 4442 2384 4506 habuit,
2417 4441 2766 4498 Justinianus
2815 4456 2942 4499 ante
2989 4448 3283 4500 concilium
3321 4441 3352 4498 ν
3397 4441 3552 4502 ircu-

1972 4515 2273 4586 rnenicugm,
2301 4514 2390 4566 cui
2427 4513 2727 4586 Gregorius
2768 4517 3009 4586 nondum
3055 4518 3348 4586 episcopus
3380 4519 3552 4572 inter-

1973 4583 2142 4637 fuisse
2169 4583 2394 4654 dicitur,
2449 4585 2742 4639 extulerat.
2793 4584 2904 4638 Nec
2943 4583 3153 4640 felicior
3183 4583 3387 4641 Lancia
3431 4599 3547 4654 est;

1970 4661 2286 4726 quanquam
2323 4653 2371 4706 is
2403 4669 2522 4726 rem
2551 4656 3128 4726 prope_incredibilctn
3164 4667 3340 4726 putat,
3371 4657 3551 4714 Justi-

1971 4719 2194 4778 tiianuin
2249 4738 2430 4785 suum,
2473 4723 2526 4776 id
2551 4719 2669 4778 est
2707 4719 3122 4791 Rhinotmetum,
3159 4719 3268 4781 tam
3321 4719 3446 4782 sero
3483 4731 3552 4782 de

1971 4793 2328 4847 matrimonio
2354 4793 2649 4863 cogitasse.
2683 4795 2846 4848 Duxit
2874 4797 2966 4850 ille
2996 4813 3221 4852 uxorem
3254 4813 3398 4851 anno
3424 4797 3547 4860 705,

1971 4864 2144 4936 idest
2206 4863 2398 4932 viginti
2451 4865 2693 4936 amplius
2751 4877 3308 4936 annosapostquam
3361 4869 3551 4921 conci-

1971 4933 2105 4988 lium
2132 4949 2184 4988 vt
2209 4934 2608 4988 meumenicum
2634 4935 2946 4988 absolutum
2975 4933 3176 4991 fuerat.
3195 4936 3306 4991 Nec
3329 4951 3458 4990 vero
3481 4939 3548 4990 ad

1973 5019 2192 5058 sorores
2232 5003 2506 5073 Augustas
2535 5004 2837 5073 confugere
2873 5005 3000 5058 licet
3036 5007 3258 5061 :neutri
3287 5006 3432 5059 enim
3481 5021 3549 5060 ex

1973 5074 2083 5128 illis
2124 5071 2341 5127 duobus
2367 5071 2884 5128 Justinianis'somr
2923 5075 3045 5128 fuit.

2043 5143 2158 5213 (14)
2197 5145 2545 5214 Annus,quo
2589 5142 2897 5214 Gregorius_
2924 5141 3403 5214 COnSIantinopoli
3432 5145 3551 5199 dis-

1973 5211 2162 5286 ces'sit,
2193 5211 2497 5286 eratj595',
2538 5211 2830 5286 quoaan
2869 5211 3134 5286 Joannem
3177 5211 3549 5286 patriarcham

1974 5284 2200 5342 obiisse,
2241 5283 2489 5349 Quienus
2522 5299 2588 5336 ex
2619 5282 2914 5352 Nicephori
2956 5282 3230 5340 Chronico
3274 5282 3548 5352 ostendit,

1974 5355 2119 5423 quod
2157 5352 2356 5422 Pagius
2387 5368 2606 5424 quoque
2631 5351 2989 5424 etCuperus,
3023 5357 3306 5424 repudiata
3329 5356 3553 5424 Baronii

1975 5422 2268 5483 sententia.
2306 5426 2398 5498 qui
2437 5423 2598 5476 morti
2629 5422 2779 5498 illius
2808 5439 3013 5478 annum
3051 5422 3428 5498 insequentem
3462 5422 3554 5482 as-

1975 5498 2305 5564 signaret-at,
2335 5494 2493 5564 plane
2515 5493 2867 5564 statuendum
2891 5493 3313 5564 prmsenserant.
3342 5496 3398 5550 id
3425 5511 3554 5551 vero

1977 5560 2110 5618 nihil
2150 5560 2352 5618 turbat.
2403 5560 2540 5617 Nam
2574 5563 2843 5618 Joannem
2887 5560 3192 5622 decessisse
3243 5579 3457 5621 constat
3500 5581 3553 5621 tv

1973 5634 2157 5690 Nonas
2176 5635 2565 5706 MSeptembres,
2605 5635 2658 5686 id
2693 5644 2778 5689 est
2820 5635 3040 5691 duolms
3081 5647 3203 5706 post
3247 5639 3550 5697 mensibus,

1975 5723 2138 5775 quam
2161 5704 2459 5774 Gregorius
2492 5705 2968 5775 Constantinopoli
2999 5704 3258 5762 solverat.
3292 5707 3367 5760 lio
3405 5710 3552 5760 extim

1977 5792 2122 5848 anno
2155 5775 2478 5848 Pentecoste
2509 5785 2630 5848 acta
2656 5790 2708 5829 XI
2740 5775 3024 5848 KalJun.
3051 5777 3236 5848 Itaque
3265 5788 3409 5831 stant
3431 5794 3555 5846 quas

1977 5846 2239 5902 Leontius
2273 5847 2436 5900 tradit
2465 5862 2495 5900 a
2525 5845 2734 5901 Joanne
2769 5845 3188 5918 archiepiscopo
3220 5849 3360 5902 facta
3402 5845 3552 5905 esse.
