4158 6530
577 361 613 425 τ
619 361 689 425 07

1584 326 1647 411 ε.
1682 344 2062 411 GREGORII
2112 341 2629 402 AGRIGENTINI
2672 338 2871 401 VI'I‘A.

3746 337 3852 398 ’108

580 488 741 532 Sacra
770 468 971 540 templa
1013 467 1289 532 lustravit,
1322 474 1380 521 et
1420 481 1483 522 ea
1522 465 1878 521 sanctissimo
1910 462 2165 534 pontiﬁce

2279 458 2501 511 Ἰουλίου
2573 457 2765 528 μηνός.
2816 455 3059 509 Κάκεῖσε
3115 451 3432 524 διαδραμὼν
3484 452 3611 514 τοὺς
3665 453 3856 521 ἁγίους

580 564 823 621 maximo
843 560 1042 616 faustis
1067 559 1346 614 ominibus
1373 575 1680 629 magnaque
1700 558 1886 614 laetitia
1906 566 2166 628 acceptus

579 668 685 712 est.
720 654 972 721 Quocum
1000 654 1193 724 viginti
1224 653 1343 708 dies
1371 653 1563 707 Romae
1594 661 1864 719 versatus,
1894 662 2017 723 post
2041 668 2165 707 mu-

579 758 674 805 tua
705 763 835 816 erga
867 747 1020 801 illum
1050 756 1106 800 et
1142 754 1394 800 sanctum
1433 744 1677 800 Marcum
1708 745 2015 814 fratresque
2056 759 2169 797 om-

579 855 678 895 nes
727 839 928 903 otlicia,
976 856 1005 892 a
1044 838 1300 908 pontiﬁce
1342 839 1585 891 maximo
1633 840 1867 909 benigne
1906 839 2169 893 dimissus

579 944 683 1001 est,
717 945 777 988 ut
808 934 874 988 ad
900 934 1082 989 sedem
1118 949 1274 988 suam
1316 933 1773 1001 proﬁcisceretur,
1812 932 2011 987 additis
2042 948 2166 986 mu-

581 1025 808 1080 neribus
864 1023 1210 1093 insignibus,
1269 1032 1323 1077 et
1374 1022 1515 1077 facta
1569 1032 1833 1092 potestate
1886 1024 2166 1077 evertendi

581 1120 778 1183 altare,
823 1119 971 1187 quod
1013 1116 1250 1172 Leucius
1299 1119 1590 1172 haereticus
1632 1117 1928 1171 aadiﬁcarat
1959 1133 1972 1169 :
2007 1116 2167 1185 cujus

582 1226 801 1282 quoque
846 1210 1035 1264 tuendi
1084 1225 1236 1279 ergo,
1284 1210 1572 1279 ipsiusque
1629 1211 1815 1276 templi
1861 1209 2167 1263 aediﬁcandi

583 1316 750 1356 causa
796 1301 1064 1372 Angelum
1108 1311 1164 1355 et
1219 1301 1543 1357 Palumbum
1591 1301 1854 1355 diaconos
1896 1302 2165 1369 quosdam

584 1394 707 1464 pios
750 1409 875 1450 cum
924 1410 989 1448 eo
1021 1394 1192 1449 misit.
1221 1394 1366 1448 Urbe
1398 1394 1564 1463 igitur
1608 1395 1797 1449 relicta
1837 1394 1890 1448 in
1922 1394 2166 1449 Siciliam

587 1487 846 1556 appulsi,
904 1486 1259 1557 Agrigentum
1313 1486 1491 1555 ipsum
1538 1497 1907 1556 pervenerunt
1942 1503 1996 1539 tv
2040 1486 2168 1541 Idus

588 1577 938 1647 Septembres
973 1577 1107 1648 (15).
1148 1576 1337 1632 Voluit
1382 1588 1565 1632 autem
1612 1578 1779 1642 Deus,
1810 1579 1904 1649 qui
1955 1593 2170 1648 semper

586 1669 731 1724 beati
764 1668 868 1723 viri
902 1669 1067 1724 rebus
1101 1670 1493 1739 prospiciebat,
1535 1671 1588 1724 in
1617 1670 1840 1725 [luvium
1876 1686 1974 1726 eos
2006 1684 2169 1741 atque

2268 550 2491 614 τόπους,
2527 551 2624 603 καὶ
2650 548 3097 619 προσευξάμενος
3124 547 3272 618 αὐτῷ
3320 551 3348 601 6
3396 546 3702 615 ἀγιώτατος
3747 551 3855 602 πά-

2270 660 2378 705 πας
2412 641 2555 712 μετά
2581 642 2756 711 χαρᾶς
2790 640 3056 710 μεγάλης,
3093 640 3185 692 καὶ
3235 641 3470 707 ποιήσας
3521 640 3640 708 μετ’
3691 640 3856 692 αὐτοῦ

2269 735 2328 786 ἐν
2368 732 2554 803 Ῥώμῃ
2584 734 2801 803 ἡμέρας
2850 732 3047 795 εἴκοσι,
3096 731 3486 800 ἀσπασάμενος
3538 731 3702 783 αὐτὸν
3759 731 3859 784 καὶ

2270 828 2481 889 πάντας
2509 827 2637 889 τοὺς
2674 825 2938 892 ἀδελφοὺς
2963 825 3174 877 καὶτὸν
3215 822 3370 889 ἆγιον
3427 823 3674 893 Μάρκον,
3734 822 3858 886 δοὺς

2269 918 2417 988 αὐτῷ
2461 920 2489 972 6
2522 918 2714 981 πάπας
2750 917 2899 986 δῶρα
2940 917 3086 981 ἄξια,
3136 917 3231 968 καλ⁸
3276 914 3646 981 ἐπευξάμενος
3684 914 3856 983 αὐτῷ,

2270 1010 2546 1065 ἀπέλυσεν
2572 1011 2733 1064 αὐτὸν
2763 1011 2822 1061 ἐν
2846 1011 3040 1079 εἰρήνῃ
3073 1007 3404 1078 πορευθῆναι
3446 1010 3525 1068 εἰς
3556 1007 3646 1058 τὸν
3693 1006 3858 1057 τόπον

2271 1105 2459 1169 αὐτοῦ,
2491 1103 2614 1168 δοὺς
2646 1101 2793 1172 αὐτῷ
2845 1102 3096 1165 ἐξουσίαν
3147 1099 3523 1169 καταστρέψαι
3575 1099 3637 1152 τὸ
3677 1099 3862 1150 θυσια-

2274 1197 2519 1266 στήριον,
2557 1196 2584 1248 ὂ
2612 1195 2967 1265 ᾠκοδόμησεν
2992 1192 3219 1255 Λεύκιος
3277 1194 3305 1244 6
3355 1192 3628 1260 αἱρετικός
3656 1206 3670 1219 °
3734 1191 3861 1252 δοὺς

2273 1288 2421 1358 αὐτῷ
2445 1291 2472 1341 6
2499 1290 2689 1351 πάπας
2742 1288 2835 1340 ἐπὶ
2876 1286 2935 1339 τὸ
2963 1287 3229 1340 διασῶσαι
3266 1284 3429 1339 αὐτὸν
3467 1283 3731 1351 ’Ἄγγελον
3763 1284 3861 1336 καὶ

2274 1379 2596 1449 Ιιαλοῦμϐον
2625 1379 2907 1438 διακόνους
2936 1377 3089 1440 τινὰς
3112 1377 3359 1440 εὐλαϐεῖς
3380 1376 3486 1439 ἕως
3507 1372 3570 1430 οὐ
3589 1376 3682 1429 τὸν
3708 1377 3858 1439 ναὸν,

2271 1473 2330 1525 ὃν
2383 1472 2606 1544 ᾔτησεν,
2660 1471 3085 1541 ἀνοικοδομήσῃ.
3162 1469 3519 1533 Ἐξελθόντων
3570 1468 3627 1521 δὲ
3677 1468 3861 1522 αὐτῶν

2271 1566 2381 1619 ἀπὸ
2431 1566 2670 1636 Ῥώμης,
2708 1564 3010 1617 κατέλαϐον
3044 1567 3101 1615 ἐν
3135 1562 3355 1633 Σικελίᾳ
3411 1564 3467 1615 ἐν
3521 1565 3587 1632 τῇ
3657 1563 3860 1632 Ἀκρα-

2272 1658 2540 1726 γαντίνων
2580 1658 2732 1709 πόλει
2761 1660 2827 1727 τῇ
2864 1657 3063 1727 δεκάτῃ
3107 1654 3200 1708 τοῦ
3248 1655 3622 1725 Σεπτεμϐρίου
3668 1655 3857 1724 μηνός.

587 1762 644 1815 in
670 1761 1022 1825 suburbium,
1063 1760 1210 1830 quod
1245 1760 1564 1829 Emporium
1600 1761 1790 1816 dicunt
1821 1762 1955 1831 (16),
1985 1763 2165 1817 invehi

2274 1751 2551 1821 Θελήματι
2594 1750 2652 1802 δὲ
2714 1749 2810 1802 τοῦ
2858 1750 2946 1803 ἀεὶ
3000 1748 3263 1811 σώζοντος
3319 1749 3412 1800 καὶ
3467 1748 3859 1817 συνεργοῦντος

588 1853 727 1907 hora
761 1851 867 1906 diei
901 1852 1059 1905 tertia
1088 1872 1100 1906 :
1134 1854 1225 1922 qui
1251 1852 1370 1907 dies
1405 1853 1701 1907 Sabbatum
1744 1864 1882 1909 erat.
1916 1852 2078 1908 Forte
2106 1870 2168 1908 eo

2273 1843 2422 1912 αὐτῷ
2450 1841 2585 1895 Θεοῦ
2625 1842 2873 1913 εἰσῆλθον
2929 1844 3010 1903 εἰς
3046 1843 3140 1893 τὸν
3193 1842 3438 1910 ποταμὸν
3484 1841 3566 1903 είς
3617 1842 3678 1893 τὸ
3728 1842 3861 1911 περὶ

587 1958 817 2004 venerat
849 1948 1275 2002 archidiaconus
1319 1949 1526 2017 negotii
1566 1949 1751 2003 nescio
1792 1949 1952 2017 cujus
1982 1964 2168 2010 causa,

2274 1937 2429 1990 πόλιν
2482 1937 2545 1989 τὸ
2591 1935 2885 2003 λεγόμενον
2960 1935 3255 2005 Ἐμπόριον
3315 1934 3464 2002 ὥραν
3511 1934 3704 2005 τρίτην
3757 1934 3860 2001 τῆς

588 2052 646 2098 et
671 2043 726 2097 in
761 2043 1103 2097 monasterio
1128 2043 1379 2113 degebat.
1406 2041 1507 2097 Hic
1535 2058 1658 2097 cum
1701 2043 1974 2113 navigium
2005 2042 2168 2097 offen-

2274 2029 2510 2099 ἡμέρας.
2546 2023 2655 2079 Ἦν
2709 2027 2765 2078 δέ
2824 2024 3107 2079 Σάϐϐατον
3158 2027 3245 2077 ὅτε
3296 2025 3475 2076 ἐκεῖσε
3530 2020 3855 2075 κατέλαϐον.

590 2134 766 2188 disset
831 2133 885 2187 in
955 2133 1178 2186 ﬂuvium
1242 2134 1591 2203 ingrediens,
1653 2132 1869 2187 obviam
1921 2135 2168 2188 celeriter

2274 2120 2430 2174 Κατὰ
2452 2120 2756 2191 συγκυρίαν
2783 2114 2851 2189 ἦν
2880 2120 3061 2171 ἐκεῖσε
3081 2120 3110 2170 6
3137 2116 3515 2187 ἀρχιδιάκονος
3548 2115 3637 2168 διὰ
3664 2115 3860 2185 χρείαν

591 2240 918 2297 progressus
972 2233 1087 2287 est,
1140 2234 1201 2279 ut
1246 2233 1444 2279 nautas
1491 2225 1869 2301 interrogaret.
1927 2220 2031 2278 Sed
2080 2226 2168 2280 ubi

2274 2212 2398 2265 τινὰ
2432 2213 2491 2265 ἐν
2514 2211 2593 2282 τῷ
2625 2210 2995 2282 μοναστηρίῳ.
3027 2212 3139 2263 Καὶ
3169 2209 3347 2279 εὑρὼν
3374 2208 3435 2260 τὸ
3470 2207 3655 2260 πλοῖον
3681 2207 3859 2260 είσελ-

592 2315 819 2386 propior
859 2312 1005 2379 fuit,
1048 2314 1199 2368 videt
1247 2315 1539 2369 diaconum
1573 2299 1923 2369 Platonicum
1973 2330 2168 2384 aquam

2274 2304 2367 2357 86v
2388 2306 2468 2367 εἰς
2494 2303 2584 2357 τὸν
2608 2303 2878 2372 ποταμὸν,
2908 2302 3152 2386 δρομμως
3170 2302 3297 2355 ἄπιε
3326 2302 3505 2353 ἐκεῖσε
3534 2299 3858 2371 βουλόμενος

591 2404 737 2460 beati
790 2404 895 2458 viri
950 2404 1206 2458 manibus
1251 2404 1634 2460 inlundentem
1685 2414 1744 2459 ut
1791 2405 1996 2459 lavaret
2031 2424 2044 2460 :
2078 2407 2168 2471 qui

2273 2397 2471 2458 αὐτοὺς
2491 2396 2861 2465 ἐπερωτῆσαι.
2882 2392 3117 2465 Πλησίον
3134 2394 3189 2445 δὲ
3210 2394 3502 2461 γενόμενος
3522 2392 3617 2445 τοῦ
3645 2392 3856 2456 πλοίου,

591 2497 849 2566 deinceps
898 2512 930 2552 e
979 2497 1107 2552 navi
1155 2498 1212 2551 in
1261 2499 1439 2568 ripam
1488 2514 1615 2553 cum
1664 2498 1877 2555 caeteris
1921 2498 2168 2553 omnibus

2274 2488 2376 2560 ὁρᾷ
2403 2487 2496 2539 τὸν
2525 2486 2774 2539 διάκονον
2825 2484 3173 2539 Πλατωνικὸν
3219 2484 3527 2537 ἐπιδιδόντα
3589 2483 3732 2553 ὕδωρ
3776 2484 3859 2545 είς

592 2589 895 2645 descendit.
2274 2582 2374 2641 τὰς
2398 2580 2587 2649 χεῖρας
2614 2576 2709 2629 τοῦ
2745 2576 3020 2646 μακαρίου
3052 2578 3133 2637 εἰς
3162 2576 3223 2628 τὸ
3255 2575 3532 2645 νίψασθαι.
3572 2570 3704 2626 Εἶτα
3739 2573 3856 2643 μετ’

2276 2673 2417 2725 αὐτὰ
2453 2668 2719 2741 κατῆλθεν
2750 2671 2813 2721 ἐκ
2836 2668 2930 2722 τοῦ
2980 2669 3189 2733 πλοίου,
3228 2670 3322 2721 καὶ
3379 2668 3579 2730 πάντες
3635 2668 3684 2719 οί
3738 2667 3860 2736 μετ’

2274 2764 2464 2818 αὐτοῦ.

665 2850 783 2910 XC.
837 2853 1095 2910 Accurrit
1141 2869 1271 2911 vero
1324 2854 1786 2921 archidiaconus,
1830 2864 1886 2910 et
1923 2855 2061 2911 ﬂens
2108 2856 2168 2910 ad

2347 2860 2418 2921 Lf.
2472 2854 2706 2925 Δραμὼν
2751 2854 2810 2906 δὲ
2839 2855 2868 2906 6
2895 2854 3278 2924 ἀρχιδιάκονος
3323 2853 3517 2905 ἔπεσεν
3551 2850 3703 2923 παρά
3730 2852 3860 2915 τοὺς

596 2946 720 3017 ejus
758 2948 924 3018 pedes
967 2948 1303 3017 procubuit,
1358 2949 1586 3019 pulchre
1638 2950 1924 3006 advenisse
1969 2952 2168 3006 bonum

2278 2947 2448 3011 πόδας
2500 2946 2595 3000 τοῦ
2646 2947 2918 3018 μακαρίου
2976 2946 3177 3000 κλαίων
3237 2946 3332 2999 καὶ
3382 2945 3557 3013 λέγων
3590 2961 3606 2977 ο
3664 2945 3861 3006 Καλῶς

600 3038 738 3111 [cvi]
764 3050 1064 3109 pastorem,
1098 3041 1375 3111 inquiens,
1404 3042 1499 3112 qui
1532 3057 1635 3111 pro
1662 3058 1822 3113 grege
1864 3058 1967 3098 suo
2006 3044 2168 3097 multa

2279 3040 2617 3110 παρεγένετο
2641 3041 2670 3092 6
2698 3039 2905 3110 ποιμὴν
2926 3041 2954 3092 6
2984 3038 3174 3103 καλὸς,
3200 3040 3227 3091 6
3259 3037 3429 3090 πολλά
3457 3037 3695 3108 ἀθλήσας
3717 3037 3863 3108 ὑπὲρ

599 3146 797 3200 passus
835 3141 1005 3185 esset.
1040 3129 1210 3196 Quem
1246 3133 1335 3187 ille
1366 3134 1782 3202 apprehendens
1814 3136 2096 3198 excitavit,
2124 3144 2168 3189 el

2278 3128 2373 3184 τοῦ
2408 3132 2538 3185 ἰδίου
2568 3132 2846 3201 ποιμνίου.
2887 3130 2947 3183 '0
2981 3130 3037 3181 δὲ
3073 3129 3354 3200 κρατήσας
3396 3129 3619 3199 ἤγειρεν
3677 3127 3859 3193 αὐτὸν,

597 3218 667 3273 de
696 3218 850 3273 urbis
887 3220 1283 3289 tranquillitate
1308 3222 1685 3292 interrogavit,
1726 3224 1795 3279 de
1820 3225 2077 3286 tribunis,
2109 3224 2168 3278 de

2284 3225 2378 3275 καὶ
2424 3221 2709 3293 ἠρώτησεν
2755 3221 2917 3277 αὐτὸν
2953 3222 3022 3274 τὰ
3070 3220 3209 3291 πρὸς
3236 3221 3463 3291 εἰρήνην
3489 3222 3590 3288 τῆς
3629 3221 3860 3284 πόλεως,

597 3312 826 3381 populo.
869 3310 1110 3381 denique
1154 3311 1224 3367 de
1255 3314 1573 3381 parentibus
1618 3330 1840 3385 quoque
1889 3317 2025 3371 suis.
2069 3319 2168 3370 Ar-

2284 3317 2379 3368 καὶ
2412 3316 2538 3385 περὶ
2570 3315 2681 3367 τῶν
2710 3314 3029 3385 τριϐούνων,
3066 3314 3162 3367 καὶ
3194 3314 3323 3383 περὶ
3348 3314 3441 3366 τοῦ
3468 3312 3600 3366 λαοῦ
3633 3328 3649 3343 ο
3678 3312 3863 3366 λοιπὸν

599 3403 916 3459 chidiaconi
959 3416 1142 3459 autem
1183 3421 1509 3475 responsum
1547 3406 1671 3474 fuit,
1714 3409 1885 3464 Deum
1922 3411 2168 3480 precibus

2282 3405 2339 3458 δὲ
2373 3407 2623 3477 καὶπερὶ
2654 3405 2763 3458 τῶν
2816 3406 3021 3473 γονέων
3078 3402 3263 3460 αὐτοῦ.
3330 3403 3677 3475 Ἀποκριθεὶς
3727 3402 3784 3455 δὲ
3833 3406 3863 3457 6

597 3494 723 3564 eius
755 3495 1029 3565 placatmn
1072 3510 1263 3566 pacem
1307 3498 1567 3552 omnibus
1614 3498 1864 3553 stabilem
1915 3499 2175 3570 largitum

597 3596 744 3636 esse.
774 3581 914 3636 Tum
948 3582 1249 3653 Gregorius
1279 3602 1292 3637 :
1328 3583 1495 3649 Vade,
1548 3585 1746 3655 inquit,
1791 3587 1889 3648 fili,
1921 3598 1974 3641 et
2005 3604 2176 3657 popu-

599 3672 714 3727 lum
756 3673 913 3727 nobis
948 3675 1341 3729 charissimum
1373 3676 1439 3729 de
1467 3676 1703 3731 adventu
1744 3688 1936 3733 nostro
1975 3680 2179 3734 certio-

600 3778 718 3817 rem
750 3761 939 3818 facito.
976 3764 1419 3820 Archidiaconus
1460 3767 1713 3822 celeriter
1748 3769 1803 3822 in
1855 3771 2047 3825 urbem
2090 3788 2176 3825 rc-

2282 3496 2662 3568 ἀρχιδιάκονος
2686 3496 2835 3564 λέγει
2864 3496 3017 3566 αὐτῷ
3043 3516 3056 3528 ’
3082 3497 3160 3548 Δι’
3183 3496 3357 3567 εὐχῶν
3385 3513 3502 3560 σου,
3533 3497 3657 3564 ἆγιε
3681 3496 3863 3567 Πάτερ

2280 3589 2418 3651 ὅσιε,
2455 3590 2621 3643 πᾶσιν
2673 3589 2702 3642 6
2750 3588 2885 3651 Θεὸς
2934 3588 3160 3660 εἰρήνην
3216 3587 3485 3661 σταθερὰν
3526 3588 3860 3661 ἐδωρήσατο.

2283 3675 2450 3732 Εἶπεν
2476 3680 2533 3733 δὲ
2566 3679 2717 3749 αὐτῷ
2750 3681 2779 3732 6
2807 3679 3109 3751 Γρηγόριος
3136 3693 3150 3707 ⁸
3188 3678 3443 3744 "Andes,
3494 3680 3707 3742 τέκνον,
3753 3680 3865 3732 ἀπ-

2268 3768 2535 3837 άγγειλον
2559 3770 2638 3841 τῷ
2671 3770 2911 3840 φιλτάτῳ
2945 3769 3101 3839 ἡμῶν
3122 3770 3235 3840 λαῷ
3258 3769 3355 3841 τὴν
3406 3770 3508 3841 τῆς
3558 3771 3715 3841 ήμῶν
3762 3787 3864 3839 με-

605 3869 803 3910 versus
838 3856 1115 3910 nuntiavit
1157 3856 1460 3926 edixitque,
1490 3858 1772 3914 dominum
1811 3870 1864 3915 et
1898 3870 2168 3932 parentem

2280 3861 2562 3931 τριότητος
2583 3861 2911 3931 παρουσίαν.
2951 3856 3210 3957 Δρομμως
3236 3861 3293 3914 δὲ
3337 3860 3577 3916 ἀνελθὼν
3630 3865 3658 3915 6
3703 3862 3864 3932 ἀρχι-

598 3946 881 4015 publicum
921 3948 1235 4016 advenisse,
1268 3958 1436 4019 atque
1475 3951 1530 4005 in
1567 3952 1830 4007 suburbio
1870 3970 2012 4009 esse.
2052 3954 2168 4010 Jam

2279 3950 2526 4013 διάκονος
2553 3951 2889 4021 ἀπήγγειλεν
2927 3954 3009 4015 εἰς
3046 3946 3146 4023 τῆν
3178 3952 3333 4006 πόλιν
3363 3952 3742 4024 διηγούμενος,
3775 3955 3860 4007 δτι

598 4053 731 4093 \ero
754 4041 950 4094 nuntio
972 4051 1219 4112 accepto,
1245 4042 1455 4097 tribuni
1483 4052 1649 4114 atque
1677 4046 1970 4101 archontes
1996 4048 2168 4111 urbis,

2282 4041 2446 4095 Ἥκει
2480 4044 2508 4096 6
2542 4042 2730 4114 κύριος
2765 4044 2922 4113 ήμῶν
2949 4046 3046 4097 καὶ
3086 4044 3261 4107 κοινὸς
3286 4045 3474 4116 Πατὴρ
3500 4046 3660 4116 ἡμῶν
3692 4048 3748 4099 ἐν
3777 4046 3859 4115 τῷ

598 4131 701 4186 viri
738 4142 791 4186 et
837 4135 1101 4191 mulieres
1139 4152 1264 4191 eum
1295 4139 1541 4208 parvulis
1586 4139 1720 4209 ipsis
1748 4143 1859 4197 Deo
1896 4142 2083 4199 laudes
2120 4155 2168 4199 et

2280 4135 2614 4206 περιπολέῳ.
2667 4136 3027 4199 Ἀκούσαντες
3053 4137 3110 4189 δὲ
3139 4138 3189 4190 οἱ
3222 4138 3324 4206 τῆς
3354 4136 3561 4200 πόλεως
3583 4138 3858 4209 τριϐοὐνοι

598 4224 802 4292 gratias
830 4225 1078 4288 reddere,
1106 4229 1250 4297 quod
1278 4228 1429 4301 digni
1454 4230 1522 4285 ab
1546 4246 1612 4285 eo
1642 4233 1811 4287 habiti
1848 4243 2055 4301 essent,
2079 4238 2168 4305 qui

2278 4246 2338 4282 τε
2371 4230 2465 4282 καὶ
2490 4228 2771 4300 ἄρχοντες,
2802 4228 2993 4301 ἄνδρες
3028 4246 3089 4281 τε
3147 4233 3243 4284 καὶ
3302 4233 3561 4299 γυναῖκες
3603 4234 3699 4285 κα)⁸
3750 4233 3858 4294 ἕως

598 4316 668 4367 de
696 4314 857 4370 beato
893 4327 1115 4386 pastore
1147 4334 1249 4373 suo
1282 4322 1479 4375 nuntia
1518 4330 1628 4376 tam
1661 4323 1800 4377 bona
1834 4328 2168 4396 acciperent.

2284 4320 2485 4392 μικροῦ
2541 4318 2887 4389 θηλάζοντος,
2938 4320 3190 4386 ἐδόξαζον
3243 4322 3337 4375 καὶ
3383 4323 3738 4394 εὐχαρίστουν
3777 4324 3858 4393 τῷ

597 4404 794 4459 Clerus
823 4407 1057 4463 subinde
1087 4412 1264 4465 omnis
1297 4428 1422 4467 cum
1455 4416 1617 4469 thure
1658 4426 1714 4471 et
1752 4420 1949 4485 cereis,
1974 4430 2031 4475 et
2073 4436 2168 4491 po-

2282 4413 2401 4483 Θεῷ
2426 4413 2506 4485 τῷ
2528 4413 2823 4480 ἀξιώσαντι
2851 4414 3045 4477 αὐτοὺς
3066 4413 3324 4484 τοιαύτην
3350 4415 3613 4482 ἀγγελίαν
3643 4416 3856 4486 ἀγαθὴν

596 4497 765 4566 pulus
799 4497 1110 4563 universus,
1143 4513 1386 4571 quanlus
1412 4520 1606 4576 nempe
1637 4510 1689 4562 in
1725 4518 1837 4564 tota
1874 4513 2009 4567 urbe
2031 4526 2167 4580 erat,

2280 4508 2532 4572 δέξασθαι
2566 4506 2820 4579 περὶτοῦ
2867 4505 3140 4578 μακαρίου
3182 4506 3361 4560 αὐτῶν
3410 4510 3689 4578 ποιμένος.
3745 4510 3857 4561 Καὶ

596 4587 817 4642 obviam
852 4600 1042 4645 sancto
1065 4592 1331 4664 Gregorio
1366 4597 1643 4665 exierunt,
1675 4617 1847 4671 usque
1878 4605 1943 4658 ad
1980 4621 2168 4678 mona-

2277 4600 2499 4669 ἐξῆλθεν
2532 4601 2639 4662 πᾶς
2670 4600 2699 4651 6
2733 4599 2940 4671 κλῆρος
2976 4602 3114 4670 μετά
3138 4600 3495 4672 θυμιαμάτων
3524 4605 3619 4656 καὶ
3643 4604 3853 4674 κηρῶν,

595 4679 853 4741 sterium,
890 4696 997 4748 quo
1037 4681 1126 4736 ille
1162 4684 1357 4739 relicto
1398 4688 1615 4760 navigio
1653 4704 2022 4750 concesserat.
2070 4697 2168 4761 lbi,

2274 4692 2371 4744 καὶ
2412 4693 2520 4754 πᾶς
2559 4693 2586 4743 6
2615 4692 2762 4757 λαὸς,
2804 4692 3007 4761 πλῆθος
3038 4693 3194 4758 πολὺ,
3222 4695 3337 4746 ὅσοι
3366 4690 3503 4764 ἦσαν
3525 4697 3582 4747 ἐν
3605 4700 3670 4766 τῇ
3700 4696 3855 4750 πόλει

595 4784 723 4825 cum
759 4771 992 4827 invicem
1036 4777 1431 4844 occurrissent,
1460 4782 1841 4842 obsecratione
1871 4786 2015 4843 facta
2045 4805 2168 4843 con-

2272 4785 2351 4844 εἰς
2407 4786 2734 4854 συνάντησιν
2781 4785 2966 4839 αὐτοῦ.
3015 4786 3187 4850 Αὐτὸς
3227 4788 3283 4840 δέ
3320 4788 3597 4841 κατελθὼν
3620 4790 3727 4842 ἀπὸ
3755 4790 3849 4842 τοῦ

594 4862 877 4920 sederunt.
2272 4874 2483 4937 πλοίου,
2505 4873 2634 4927 ἄπιε
2660 4875 2721 4927 ἐν
2747 4874 2825 4945 τῷ
2859 4876 3205 4948 μοναστηρίῳ
3229 4892 3243 4906 '
3280 4879 3371 4930 καὶ
3416 4880 3851 4948 συναντήσαντες

2271 4967 2544 5037 ἀλλήλοις,
2606 4968 2701 5021 καὶ
2750 4967 3059 5039 εὐξάμενοι,
3096 4972 3234 5039 μετὰ
3286 4972 3387 5041 τὴν
3445 4971 3611 5041 εὐχὴν
3656 4973 3853 5025 ἐκαθέ-

2274 5059 2498 5129 σθησαν.

2348 5150 2467 5216 μιν.
2517 5150 2626 5203 Καὶ
2657 5150 3046 5221 ἀσπασάμενος
3068 5154 3192 5215 τούς
3221 5152 3466 5217 ἅπαντας
3493 5156 3699 5210 καὶτὸν
3724 5156 3851 5210 λαὸν

2277 5243 2513 5312 μικρούς
2562 5260 2624 5295 τε
2663 5244 2756 5296 καὶ
2789 5242 3061 5314 μεγάλους
3091 5243 3312 5314 ἐξῆλθεν
3343 5247 3406 5298 ἐκ
3444 5247 3539 5299 τοῦ
3574 5265 3848 5318 μοναστη-

672 5128 806 5185 XCI.
848 5138 966 5187 Jam
1017 5148 1150 5189 vero
1194 5135 1305 5201 ille,
1340 5136 1515 5191 salute
1562 5140 1764 5209 populo
1801 5141 1945 5196 dicta
1989 5145 2169 5210 parvis

596 5222 945 5294 magnisque,
999 5228 1394 5281 monasterium
1446 5230 1700 5298 reliquit,
1755 5239 1808 5285 et
1854 5234 1921 5287 ad
1977 5234 2169 5289 urbem

665 5402 1630 5497 gnslnynﬂ‘Vitif'f‘jJL‘EQPEiQ
1677 5411 1986 5497 _50"iPW']}._
2016 5426 2101 5497 es}.
2151 5434 2164 5471 ἰ
2274 5424 2405 5489 tius,
2440 5423 2744 5497 inciditque
2769 5424 2824 5478 in
2864 5426 3003 5497 diem
3034 5441 3093 5479 ιιι
3141 5435 3265 5479 ante
3281 5424 3443 5497 ldus.
3474 5431 3589 5482 sive
3619 5431 3845 5484 undeci-

594 5474 1390 5565 3993:??5L039,_Gr§s9fiu§
1436 5474 2013 5565 ᾼετξειξῐξιιιῃίτερίῇι,
2271 5474 2418 5548 ...τι
2441 5474 3845 5565 intra;Segestana;rat't}3.;t;;~:..;;"ta;t-

593 5545 850 5624 decimus
892 5544 1097 5599 mensis
1154 5544 1514 5624 septembris;
1545 5544 1845 5624 S'abbatum
1890 5544 2010 5609 fuit.
2062 5556 2167 5611 Pa-
2268 5544 2608 5620 iamsi.

595 5614 727 5715 gleba
1184 5632 1264 5715 lg“
1289 5618 1433 5715 Ιξοιι.
1466 5621 1725 5715 .Ap'rilcs,
1758 5623 2079 5715 l’entejcostc
2111 5645 2161 5683 ιι

2662 5636 2716 5701 1,
2746 5637 2823 5700 εἰς
2854 5636 2912 5689 τὸ
2940 5636 3256 5707 περιπόλων
3296 5644 3356 5695 τὸ
3388 5642 3679 5712 λεγόμενον
3716 5645 3845 5715 Ἑμ-

594 5681 725 5778 lfal.l
748 5681 940 5778 lunias
975 5701 987 5735 :
1020 5694 1072 5736 et
1117 5701 1146 5737 a
1177 5687 1515 5778 .Peutecos‘te
1541 5681 1879 5778 ‘Domi—nicus
1910 5697 2024 5749 dies
2071 5681 2161 5752 xvi

596 5753 894 5807 Sabbatum
935 5764 1261 5812 consecutus
1305 5769 1410 5823 est,
1444 5760 1509 5814 de
1547 5779 1656 5831 quo
1704 5764 1946 5833 loquitur
1993 5766 2162 5824 Leon-
