2079 3267
159 180 213 214 799

658 179 689 210 S.
707 178 896 209 GREGORII
918 178 1179 210 AGRIGENTINI
1196 180 1296 211 VITA.

1742 181 1798 213 710

161 237 232 273 ρίου,
251 236 299 263 καὶ
314 235 450 271 ἀνήρχετο
462 235 502 267 εἰς
515 234 565 270 τὴν
578 234 655 262 πόλιν
673 235 732 271 ἃμα
749 236 805 262 τῶν
827 235 953 271 μουαχῶν

1013 236 1156 264 ποεθιιθτθ
1169 237 1254 272 οωυίι
1269 237 1414 265 monachis
1433 234 1631 265 comitantibus
1643 239 1671 264 et
1690 238 1796 273 suppli-

161 281 232 318 μετὰ
244 281 323 316 λιτῆς
339 280 487 315 ψάλλοντες
499 280 587 313 οὕτως
601 289 609 296 ·
629 281 784 317 Εὐλογητὸς
797 279 836 314 εἷ.
851 282 953 318 Χριστὶ

159 328 175 354 ό
186 327 265 360 Θεὸς,
278 328 293 354 ὸ
302 327 440 354 παιδεύων
453 327 502 354 καὶ
516 327 642 362 ἰώμενος,
655 329 669 355 ὁ
681 328 803 363 ἀνορθῶν
811 329 875 360 τοὺς
887 336 954 355 κοιτ-

160 373 352 411 εῤῥαγμένους
379 374 412 409 τῇ
440 375 474 409 σῇ
489 373 614 409 δυνάμει,
631 374 679 401 καὶ
697 374 785 406 διδοὺς
803 375 884 411 χάριν
897 376 955 407 τοῖς

161 420 323 447 πεποιθόσιν
337 419 385 446 ἐπὶ
402 419 457 451 σοὶ,
478 419 573 452 σώζων
590 420 689 452 αὐτοὺς
704 422 733 447 ὲν
747 421 829 447 παντὶ
843 421 932 457 καιρῷ
945 429 952 437 ·

160 468 325 503 διαφύλαξον
341 468 419 494 πόλιν
432 477 480 494 σου
501 469 548 495 καὶ
573 469 637 495 λαὸν
662 469 770 502 πιστὸν,
795 470 887 505 τηρῶν
904 471 955 496 αὺ-

161 515 227 546 τοῠς
252 514 323 541 κατὰ
345 515 376 541 τὸ
391 515 438 542 σὺν
454 516 616 551 εὐάρεστον,
635 517 765 552 παρέχων
782 519 847 553 ἡμῖν
861 518 909 544 καὶ
926 518 956 544 τὸ

165 559 237 594 μέγα
264 560 350 592 ἔλεος,
374 561 517 596 Κατῆλοεν
542 563 570 588 δὲ
591 563 622 589 τὸ
645 563 748 597 πλῆθος
759 564 807 590 τοῦ
822 564 887 590 λαοῦ
906 565 956 599 τῆς

163 606 267 637 πόλεως
280 606 333 638 ἓως
349 607 397 633 τοῦ
413 607 537 641 ποταμοῦ
551 608 601 642 τῆς
624 608 739 640 πόλεως,
761 609 808 635 καὶ
831 609 956 641 ἐδέξαντο

163 652 208 679 τὸν
223 652 312 687 ἅγιον,
326 653 553 688 ἐπευφημοῦντες
574 654 665 685 αὑτὸν.
688 655 746 690 ἅμα
771 656 818 682 καὶ
847 656 956 691 εὐχαρι-

164 699 290 731 στοῦντες
301 700 339 735 τῷ
354 700 422 735 Θεῷ.
441 700 548 732 Πάντας
566 701 593 728 δὲ
608 702 801 737 ἀσπασάμενος
821 702 859 737 τῷ
888 703 957 738 ἁγίῳ

164 745 310 781 φιλήματι,
340 747 446 778 ἐπιθεὶς
480 748 587 782 ἑκάστῳ
608 747 657 779 τὰς
682 750 787 784 χεῖρας,
810 749 956 783 εὐλόγησεν

162 791 271 823 αὐτούς.
283 791 444 827 Προσελθὼν
464 792 493 818 δὲ
514 793 528 818 ὁ
550 794 685 828 μακάριος
700 793 849 828 Γρηγόριος
860 793 957 820 ἔπεσεν

164 838 239 874 παρὰ
249 839 312 870 τοὺς
325 838 410 870 πόδας
425 839 472 865 τοῦ
486 839 591 873 Πατρὸς
604 840 698 872 αὑτοῦ,
715 840 762 866 καὶ
775 840 957 874 κατεφίλησεν

164 884 274 916 αὐτούς.
290 885 343 911 Καὶ
356 885 476 916 ἀναστὰς
490 885 589 911 ἔπεσεν
603 886 650 912 ἐπὶ
663 886 708 913 τὸν
719 886 855 921 τράχηλον
863 887 955 918 αὐτοῦ,

165 931 212 957 καὶ
233 930 365 957 ἔκλαυσεν
382 931 498 962 ἕκαστος
521 931 589 966 πρὸς
603 932 647 957 τὸν
664 931 770 967 ἕτερον.
796 932 912 967 Ὁμοίως
929 932 957 958 δὲ

164 977 213 1003 καὶ
228 977 278 1011 τὴν
294 976 400 1011 μητέρα
414 975 496 1002 αὑτοῦ
518 975 581 1003 ἰδὼν
604 976 674 1010 μετὰ
696 976 751 1002 τῶν
771 976 957 1011 πρεσϐυτίδων

164 1024 216 1058 τῆς
226 1023 341 1055 πόλεως,
356 1022 564 1058 προσεκύνησεν
576 1023 623 1049 καὶ
634 1023 720 1056 αὐτῆς
734 1023 797 1054 τοὺς
813 1022 897 1053 πόδας
910 1023 958 1049 καὶ

165 1069 215 1101 τὰς
226 1070 332 1104 χεῖρας.
349 1070 405 1095 Καὶ
416 1068 541 1103 εἰσῆλθον
554 1069 594 1099 εἰς
604 1067 655 1103 τὴν
671 1068 748 1094 πόλιν
762 1069 793 1094 τὸ
812 1068 878 1094 αὐτὸ
889 1068 958 1102 ψάλ-

166 1113 267 1145 λοντες.
285 1114 321 1140 Οὐ
339 1114 432 1149 μέντοι
445 1113 561 1147 ἀνῆλθεν
574 1113 652 1148 ἐντῷ
667 1114 837 1148 ὲπισκοπείῳ
854 1114 913 1140 οὐδὲ
929 1114 958 1139 ἐν

165 1160 198 1194 τῇ
223 1158 383 1199 Ἐκκλησία,
405 1158 466 1185 οὔτε
485 1159 548 1190 τοὺς
569 1158 726 1193 ὀφθαλμοὺς
741 1159 875 1193 ἠθέλησεν
896 1160 959 1186 ἀτε-

166 1205 238 1231 νίσαι
253 1204 301 1231 καὶ
319 1205 382 1231 ἰδεῖν
400 1205 478 1236 αὐτὸ,
494 1204 552 1231 ἀλλ’
572 1205 699 1231 ἀπελθὼν
713 1204 812 1240 ἔπηξεν
827 1204 875 1240 τὴν
890 1214 959 1240 σκη-

166 1250 215 1286 νὴν
230 1250 313 1277 αὐτοῦ
328 1250 428 1283 ἔξωθεν
440 1250 486 1277 τοῦ
501 1250 566 1277 ναοῦ
587 1249 633 1276 τοῦ
650 1250 792 1277 είδωλικοῦ
813 1251 861 1277 τοῦ
883 1251 958 1284 δντος

166 1294 285 1330 πλησίον
297 1295 345 1320 τοῦ
363 1294 471 1329 τείχους
487 1295 533 1321 ἐπὶ
552 1294 739 1330 μεσημϐρίαν.
767 1295 822 1321 Καὶ
843 1293 877 1331 ἦν
902 1297 961 1322 ἐκεῖ

166 1340 383 1375 διανυκτερεύων
410 1339 560 1371 ἀπαύστως
587 1340 645 1375 ἅμα
678 1340 718 1375 τῷ
746 1341 815 1375 λαῷ,
844 1343 960 1376 ποιήσας

167 1388 256 1414 ἐκεῖσε
274 1387 421 1415 ἀντίτυπον
435 1387 576 1422 τραπέζης
591 1388 672 1421 ἁγίας
689 1395 696 1402 °
717 1388 830 1415 κάκεῖσε
854 1388 960 1424 ὕψωσεν

167 1433 214 1461 τὸν
230 1433 318 1469 τίμιον
337 1435 385 1460 καὶ
408 1433 540 1465 ζωοποιὺν
568 1435 694 1469 σταυρόν.
722 1435 801 1462 Μετὰ
822 1436 851 1462 δὲ
875 1436 961 1463 ταῦτα

168 1478 390 1514 προσευξάμενος
401 1478 440 1514 τῷ
455 1478 524 1514 Θεῷ.
541 1479 727 1513 ἐφυγάδευσεν
749 1481 812 1512 τοὺς
831 1481 961 1515 δαίμονας

168 1526 233 1558 τοὺς
248 1526 337 1552 ἐκεῖσε
354 1524 435 1555 ὄντας
450 1526 514 1556 τοὺς
528 1525 741 1559 ὲμφωλεύοντας
756 1527 785 1552 ὲν
798 1526 837 1561 τῷ
859 1526 961 1562 εἰδώλῳ

169 1570 216 1597 τοῦ
234 1571 318 1605 Ἔϐερ
333 1570 380 1596 καὶ
405 1570 454 1596 τοῦ
491 1570 570 1605 Ῥάψ.
600 1571 654 1597 Καὶ
679 1572 889 1606 ἀνῳκοδόμησεν
916 1573 961 1599 τὸν

169 1616 235 1643 ναὸν
250 1617 355 1642 ἐκεῖνον
367 1615 438 1642 πάνυ
455 1616 565 1651 ὡραῖον,
582 1617 631 1643 καὶ
646 1617 824 1652 ἐπωνόμασεν
841 1618 922 1644 αὐτὸν
934 1620 963 1645 ἐν

170 1662 210 1698 τῷ
225 1662 336 1697 ὀνόματι
350 1662 404 1688 τῶν
431 1662 518 1696 ἁγίων
548 1663 595 1689 καὶ
615 1663 775 1698 κορυφαίων
804 1664 963 1690 ἀποστόλων

171 1709 277 1744 Πέτρου
291 1708 338 1735 καὶ
350 1708 467 1736 Παύλου.
483 1709 593 1744 ’Ώρισεν
605 1709 633 1736 δὲ
646 1709 685 1744 τῷ
700 1710 881 1745 ἀρχιδιακόνῳ
895 1719 964 1744 παρ-

173 1755 247 1790 έχειν
262 1755 345 1781 πᾶσιν
357 1756 414 1785 τοῖς
434 1754 573 1788 δεομένοις
600 1755 630 1781 ὲν
649 1756 682 1790 τῇ
710 1755 787 1781 πόλει
810 1756 909 1791 χήραις
934 1765 963 1783 τε

172 1800 222 1828 καὶ
237 1801 368 1836 ὀρφανοῖς
384 1800 515 1835 ἐπαρκεῖν
530 1800 564 1826 τὰ
578 1800 646 1835 πρὸς
657 1800 706 1835 τὴν
721 1800 826 1835 χρείαν.

210 1860 266 1894 (17)
287 1858 435 1885 Delubrum
449 1879 456 1891 ,
477 1859 549 1893 quod
579 1867 593 1886 ξι
617 1859 754 1894 Gregorio
776 1863 870 1885 nostro
895 1859 965 1886 refe-

175 1893 262 1925 ctum,
283 1894 442 1926 sanctisque
459 1894 588 1928 apostolis
606 1894 685 1920 Petro
705 1899 732 1921 et
747 1893 832 1920 Paulo
852 1894 963 1921 dedica-

177 1935 234 1956 tum
257 1929 368 1961 dicitur,
397 1929 461 1955 illud
487 1937 549 1956 esse
577 1930 695 1960 videtur,
725 1929 805 1963 cujus
838 1929 964 1956 metninit

177 1965 274 1991 Cicero
297 1964 355 1998 (lib.
376 1971 400 1990 tv
420 1963 446 1990 in
467 1964 542 1990 Verr.
564 1972 587 1991 c.
610 1964 667 1997 45),
684 1964 813 1998 quodque
838 1964 964 1991 Herculis

179 1999 308 2034 templum
334 1999 461 2032 appellat.
478 2004 506 2025 et
530 2004 653 2026 sanctum
679 1999 750 2032 apud
772 1999 964 2034 Agrigentinus

178 2042 211 2062 ac
231 2033 391 2069 religiosum
403 2034 487 2060 fuisse
501 2034 591 2060 tradit.
609 2034 673 2060 Erat
691 2034 728 2063 id.
743 2038 772 2060 ut
787 2035 826 2060 ait
840 2033 963 2069 :I‘ullius,

176 2077 232 2097 non
252 2068 332 2103 longe
352 2077 366 2095 a
382 2068 453 2100 foro,
469 2074 497 2095 at
513 2069 605 2102 simul,
628 2073 658 2095 nt
675 2068 817 2095 adnotavit
835 2068 964 2095 Orvillius

176 2104 217 2140 (in
237 2103 336 2131 Siculis
352 2111 377 2130 c.
397 2104 422 2133 5.
442 2104 541 2140 p.795),
561 2112 644 2139 prope
662 2104 762 2140 tutnnia
787 2103 814 2130 in
842 2108 964 2140 extrema

176 2138 245 2166 urbe
258 2146 354 2166 versus
371 2147 456 2170 mare,
474 2139 499 2165 id
518 2144 560 2166 est
581 2141 613 2166 ad
632 2139 785 2169 meridiem,
800 2143 829 2164 ut
849 2138 966 2165 allirmat

176 2173 321 2202 Leontius.
338 2176 372 2200 At
392 2174 451 2207 ejus
470 2175 568 2209 etigua
586 2182 659 2200 nunc
673 2174 785 2207 vestigia
804 2179 964 2209 supersunt.

215 2209 272 2245 (i8)
293 2208 405 2235 Reddidi
419 2218 502 2236 sacrm
519 2207 621 2245 Vmensae
642 2209 767 2245 mysteria
781 2209 854 2245 quod
867 2207 964 2245 Leon-

177 2243 280 2288 “2195*
295 2243 846 2288 item“!institiires-.Qriuie
858 2243 965 2288 15.93}?
981 2259 1004 2288 ο

177 2279 272 2306 vitatis
292 2280 379 2314 gratia
395 2278 499 2309 ontisit,
515 2278 587 2313 quod
611 2279 655 2304 alii
673 2279 785 2305 addunt.
809 2278 834 2304 In
858 2278 965 2314 consti-

178 2312 331 2342 tutionib'us
353 2314 512 2348 apostolicis
525 2312 608 2348 leges
626 2314 684 2348 (lib.
700 2322 726 2342 ν.
749 2321 773 2340 c.
790 2313 844 2347 15),
862 2312 902 2338 Τὰ
920 2313 966 2348 ἀντ

179 2349 278 2376 τίτυπα
309 2347 447 2384 μυστήρια
471 2349 518 2375 τοῦ
548 2348 672 2382 σώματος
699 2351 744 2375 καὶ
769 2348 897 2384 α’ίμσέτοξ⁸
918 2347 965 2384 to;

178 2382 512 2420 Χριστοῦζεὶνεᾷαενιιηι
532 2391 625 2420 corpus
643 2389 667 2409 et
685 2384 849 2420 sanguinem
865 2382 967 2420 Christi

179 2417 227 2446 sub
244 2419 331 2454 ﬁgura
348 2419 426 2454 panis
448 2424 472 2445 et
488 2419 551 2445 vini.
568 2418 630 2446 Haec
648 2418 720 2454 enim
739 2417 884 2444 verborum
896 2417 967 2454 _illo-

180 2451 249 2481 rum'
265 2451 307 2481 vis
323 2451 377 2481 est.
398 2453 464 2480 Nam
488 2462 502 2480 a
527 2454 661 2480 catholica
679 2453 804 2480 doctrina
822 2451 967 2484 recedunt,

179 2494 209 2516 et
232 2488 344 2516 Patrum
370 2489 449 2515 dictis
473 2489 641 2518 abutuntur.
663 2487 710 2522 qui
727 2488 862 2514 ἀντίτυπα
887 2486 967 2522 aliter

180 2525 329 2559 explicant.
349 2524 384 2551 De
399 2532 451 2558 qua
465 2523 651 2550 controversia
668 2520 737 2559 vide,
754 2523 777 2550 si
793 2526 882 2559 vacat,
898 2520 968 2559 [lata

181 2556 297 2586 duinum
322 2559 359 2585 De
384 2556 557 2585 sacramento
582 2558 678 2585 altaris
712 2558 793 2593 (cap.
812 2556 838 2589 7,
859 2564 886 2591 p.
903 2556 968 2588 261,

182 2595 254 2622 inter
265 2594 315 2628 0p.
334 2594 414 2627 εει).

218 2629 275 2663 (19)
291 2625 354 2656 ἘΓίι
365 2625 412 2663 qui
428 2633 482 2655 tant
495 2628 610 2655 barbara
626 2628 740 2655 deorum
755 2626 867 2653 nomina
878 2625 969 2663 inepte

183 2671 199 2691 a
218 2661 333 2691 Leontio
358 2661 473 2691 conﬁcta
492 2668 567 2698 putet
584 2672 591 2690 :
607 2668 635 2690 at
649 2663 752 2690 Punica
775 2669 826 2696 ego
856 2661 969 2698 nomina

183 2707 247 2736 esse
261 2699 396 2736 duxerim,
414 2695 576 2736 Herculiset
591 2698 745 2736 Triptolemi
759 2704 768 2723 :
780 2695 840 2731 quae
855 2695 970 2736 ipﬁici-

184 2734 220 2771 lia
240 2734 415 2771 perdurasse,
438 2741 518 2771 nemo
535 2733 597 2768 jure
618 2731 746 2771 miretur,
770 2731 969 2771 cumnibidem,

184 2769 213 2796 iu
229 2766 376 2796 maritimis
394 2766 555 2803 praesertim,
573 2774 600 2795 et
618 2767 764 2795 thnices
785 2766 903 2803 etrl’teni
920 2766 971 2803 do:

184 2805 281 2831 minati
295 2800 618 2839 peritiu'Sint.'(Bochart.
634 2803 713 2838 Geog.
724 2801 853 2839 sacr_._lib.
864 2801 884 2833 Ι,
896 2800 970 2839 c._‘_2_'l

184 2845 213 2874 et
228 2836 318 2874 seqq’.)
332 2839 402 2866 Eber
417 2836 546 2865 nimirum
558 2838 647 2866 dictus
660 2836 972 2874 videturjiereulesille

184 2871 295 2909 Tyrius;
309 2871 356 2909 qui
371 2874 440 2909 urbe
453 2878 596 2908 peragrato
608 2874 750 2900 columnas
766 2871 888 2909 Gadibus
905 2871 972 2898 ﬁxe-

184 2907 229 2937 rat
245 2917 253 2936 :
269 2907 331 2937 nam
354 2914 413 2942 τῆν
433 2907 555 2936 llebt'aéis
579 2909 644 2943 ipsis
667 2909 766 2935 dicitur
789 2907 920 2935 transitus
944 2911 972 2933 et

1004 282 1125 310 cationis
1148 283 1203 311 ritu
1229 283 1266 310 ita
1282 283 1447 311 canentibus
1464 293 1470 311 :
1484 283 1558 311 Bene
1573 283 1622 311 tibi
1643 291 1740 311 omnes
1752 284 1797 312 di-

1004 333 1086 362 cant,
1112 329 1221 357 Christe
1243 330 1330 361 Deus.
1355 331 1401 365 qui
1429 331 1550 366 castigas
1571 336 1598 358 et
1626 338 1726 363 sanas,
1747 331 1797 367 qui

1004 379 1160 410 prostratos
1173 375 1257 410 erigis
1272 376 1373 403 virtute
1397 380 1455 408 tua,
1468 377 1515 411 qui
1530 384 1607 411 spem
1626 378 1652 404 in
1668 383 1694 404 te
1710 377 1798 405 collo-

1006 421 1133 448 cantibus
1150 429 1228 455 opem
1245 421 1337 452 all'ers.
1356 426 1383 449 et
1402 422 1428 449 in
1448 422 1523 449 omni
1540 423 1701 450 discrimine
1721 424 1797 451 saltt-

1006 471 1060 494 tem
1085 467 1187 494 reddis.
1215 466 1255 493 Tu
1285 468 1445 500 civitatem,
1471 473 1498 495 tu
1528 469 1635 496 ﬁdelem
1665 471 1795 503 populum

1007 520 1109 540 serva:
1126 514 1182 539 sint
1209 521 1315 545 omnes,
1338 514 1435 548 quales
1452 522 1513 541 esse
1538 515 1627 547 cupis,
1652 521 1679 542 et
1698 524 1796 550 magna

1007 565 1057 584 nos
1084 558 1275 585 miserit-ordia
1302 563 1450 585 sustentes.
1481 560 1577 594 lugens
1608 569 1675 588 vero
1703 562 1796 596 popttli

1007 604 1164 635 multitudo,
1182 612 1244 638 qua?
1267 605 1300 631 ad
1316 605 1416 632 ﬂumen
1442 612 1529 640 usque
1543 612 1714 639 pervenerat,
1731 617 1797 636 sau—

1007 654 1082 677 ctum
1096 651 1184 678 virum
1197 651 1315 684 excepit,
1330 651 1576 686 ucclamahautque
1590 653 1640 683 illi.
1658 659 1684 680 et
1696 655 1799 688 gratias

1007 695 1063 722 Deo
1078 696 1195 730 agebant
1209 712 1215 722 .
1228 696 1328 730 quibus
1343 696 1388 722 ille
1403 701 1530 723 sanctum
1549 698 1675 724 osculum
1692 698 1798 733 impar—

1009 741 1139 774 tiebatur,
1164 746 1188 768 et
1214 751 1313 769 manus
1339 743 1422 777 capiti
1450 743 1518 770 bene
1541 745 1641 778 cuique
1661 747 1800 779 precando

1008 786 1179 821 imponebat.
1201 786 1369 821 Progressus
1385 788 1482 814 beatus
1499 787 1647 823 Gregorius
1662 790 1694 815 ad
1712 790 1799 823 patris

1008 833 1052 859 sui
1082 833 1166 867 pedes
1192 833 1330 868 procidit,
1355 841 1457 868 eosque
1480 835 1620 862 osculatus
1646 840 1712 863 est:
1734 845 1798 863 mox

1008 887 1124 913 surgens
1148 880 1175 906 in
1202 880 1302 907 collum
1321 879 1382 914 ejus
1399 881 1506 913 invasit,
1533 888 1565 907 ac
1586 881 1660 909 ﬂevit
1684 887 1799 918 uterque

1009 926 1122 953 alterius
1139 934 1233 953 causa.
1250 926 1352 954 Deinde
1370 935 1432 954 cum
1457 927 1530 954 inter
1554 929 1674 956 urbanas
1688 932 1799 966 presby-

1009 973 1080 1000 tidas
1096 977 1210 1000 matrem
1227 973 1350 1006 vidisset,
1374 973 1469 1001 eodem
1497 975 1577 1001 modo
1593 975 1676 1009 pedes
1696 976 1756 1011 ejus
1771 982 1800 1005 et

1009 1026 1107 1046 manus
1126 1019 1266 1045 osculatus
1279 1025 1320 1046 est
1338 1027 1344 1046 :
1359 1027 1457 1051 agmen
1474 1026 1564 1047 autent
1582 1021 1608 1048 in
1629 1022 1722 1048 urbem
1737 1031 1801 1058 per-

1009 1063 1089 1098 gebat
1105 1064 1231 1091 eumdem
1255 1064 1358 1091 iterans
1377 1070 1499 1092 cantum.
1525 1065 1658 1092 Caeterum
1687 1073 1799 1095 sanctus

1009 1110 1051 1137 vir
1066 1111 1099 1137 ad
1116 1110 1227 1137 domum
1245 1110 1428 1144 pontiﬁcalem
1445 1118 1499 1137 non
1520 1112 1645 1142 accessit.
1663 1121 1751 1147 neque
1765 1114 1799 1141 ad

1010 1156 1140 1190 tetuplutn
1153 1164 1160 1188 ;
1175 1155 1242 1190 quin
1260 1160 1287 1182 ct
1306 1156 1402 1182 oculos
1417 1157 1526 1189 avertit,
1544 1165 1579 1184 ne
1593 1158 1657 1185 illud
1674 1159 1798 1186 videret:

1010 1211 1104 1230 verum
1122 1203 1259 1229 direrteus
1275 1203 1422 1229 tentoriqu
1437 1210 1517 1230 suum
1535 1204 1590 1231 tixit
1607 1210 1702 1232 contra
1721 1211 1800 1233 vetus

1010 1249 1167 1280 delubrum,
1184 1249 1257 1283 quod
1275 1256 1357 1283 prope
1377 1249 1477 1276 mwnia
1493 1254 1551 1276 erat
1573 1251 1714 1277 meridiem
1739 1259 1800 1286 spe-

1011 1301 1087 1323 ctans
1105 1295 1174 1330 (l7).
1204 1295 1253 1322 ille
1272 1300 1433 1330 pernoctare
1462 1296 1570 1323 assidue
1595 1305 1658 1324 cum
1681 1298 1799 1332 populo,

1011 1342 1167 1375 ibidemque
1184 1348 1270 1368 sacra:
1296 1349 1398 1368 mensae
1418 1342 1546 1377 mysteria
1571 1351 1698 1378 peragere
1721 1343 1800 1381 [cvtt]

1011 1387 1095 1421 cuspit
1113 1387 1180 1422 (l8),
1202 1387 1291 1415 dctixo
1304 1387 1467 1414 veneranda:
1487 1388 1577 1415 crucis
1597 1389 1686 1424 signo,
1707 1395 1737 1417 ut
1751 1398 1800 1418 su-

1012 1433 1096 1460 blime
1125 1433 1276 1467 emineret;
1305 1438 1362 1460 tum
1387 1433 1458 1461 fusis
1483 1435 1515 1461 ad
1545 1433 1630 1462 Deum
1659 1436 1798 1470 precibus.

1012 1479 1150 1506 daemones
1166 1479 1270 1514 fugavit
1282 1480 1333 1506 sub
1349 1479 1428 1506 idolis
1444 1480 1499 1506 illic
1515 1480 1665 1513 latitantes,
1682 1490 1800 1516 quorum

1012 1523 1081 1549 alter
1096 1522 1178 1555 Eber,
1194 1524 1262 1550 alter
1279 1524 1351 1557 Raps
1367 1524 1509 1551 dicebatur
1521 1524 1589 1560 (l9).
1608 1525 1737 1553 Restituit
1750 1534 1801 1554 au-

1013 1575 1067 1595 tem
1085 1569 1214 1603 templum
1232 1569 1298 1596 illud
1314 1570 1528 1604 pulcherrimam
1548 1571 1573 1597 in
1590 1571 1718 1601 fortnam.
1733 1577 1759 1599 et
1773 1573 1801 1600 in

1015 1615 1146 1642 honorem
1168 1621 1329 1643 sanctorum
1346 1617 1501 1650 principum
1518 1618 1704 1652 apostolorum
1728 1618 1802 1646 Petri

1014 1665 1040 1687 et
1058 1660 1134 1687 Pauli
1148 1661 1294 1688 dedicavit.
1310 1661 1365 1688 Nec
1378 1662 1481 1689 interea
1495 1670 1596 1697 egenos
1608 1664 1722 1696 oblitus,
1734 1673 1803 1699 pra:-

1014 1706 1124 1741 scripsit
1140 1706 1348 1738 archidiacouo,
1374 1713 1402 1734 ut
1422 1713 1559 1743 quotquot
1579 1709 1606 1736 in
1631 1710 1699 1737 urbe
1723 1715 1803 1738 erant

1015 1754 1104 1780 viduae
1122 1761 1154 1780 ac
1174 1753 1282 1788 pupilli,
1302 1754 1335 1782 iis
1350 1762 1412 1788 qua:
1424 1755 1525 1790 cuique
1539 1763 1609 1790 opus
1626 1763 1719 1783 essent
1734 1765 1802 1792 sup-

1014 1801 1148 1835 peditaret
1163 1799 1230 1834 (20).

1014 1855 1147 1890 quidquid
1163 1861 1205 1883 est
1221 1856 1337 1892 ulterius
1354 1865 1361 1883 :
1376 1855 1446 1890 Raps
1459 1864 1524 1883 vero
1538 1857 1722 1892 Triptolemus
1743 1860 1804 1887 sive

1016 1892 1144 1925 Magister
1162 1899 1177 1917 a
1190 1897 1239 1923 :t't,
1259 1891 1330 1925 quod
1354 1892 1376 1918 is
1392 1892 1516 1919 homines
1538 1894 1732 1925 agriculturam
1754 1896 1804 1922 do-

1016 1927 1129 1957 cuisset,
1144 1926 1223 1959 cujus
1237 1926 1322 1952 Siculi
1337 1927 1533 1953 studiosissimi
1551 1928 1671 1954 fuerunt.
1686 1929 1763 1961 Quod
1778 1931 1802 1957 si

1016 1961 1160 1995 indigetem
1189 1965 1271 1995 atque
1292 1960 1425 1995 ἐγχώριον
1453 1961 1493 1988 \‘is
1516 1961 1612 1993 Deum,
1638 1971 1671 1990 eo
1692 1960 1804 1991 nomine

1016 1996 1165 2023 Vulcanum
1185 1997 1355 2030 designatum
1379 1996 1493 2022 dixerim
1515 2005 1521 2022 :
1539 1997 1585 2029 qui
1609 2002 1636 2024 et
1661 1998 1715 2025 Rea:
1736 2000 1802 2026 ortis

1015 2031 1042 2058 in
1068 2030 1173 2058 Claudii
1197 2030 1305 2058 Gothici
1329 2038 1450 2064 nummo.
1463 2032 1615 2065 appellatus
1637 2038 1689 2059 est.
1708 2033 1801 2064 (Vaill.

1052 2101 1108 2135 (‘20)
1128 2100 1168 2126 Ad
1186 2100 1242 2127 hinc
1258 2105 1379 2134 tempora
1396 2100 1531 2135 pertinere
1551 2101 1664 2128 dicrnda
1682 2109 1722 2130 est
1734 2102 1803 2129 Gre-

1016 2134 1085 2171 gorii
1105 2134 1192 2171 Magni
1215 2135 1330 2171 cpistola
1343 2135 1361 2171 ν(
1374 2134 1421 2162 lib.
1439 2144 1496 2167 vni,
1514 2144 1542 2162 n.
1560 2136 1618 2171 25),
1638 2145 1690 2171 (tua
1711 2137 1804 2164 Fami-

1016 2169 1081 2197 num
1094 2170 1279 2206 defensorem,
1297 2169 1454 2197 .lud:eorum
1473 2179 1569 2203 causa,
1586 2169 1630 2206 qui
1648 2169 1802 2200 Christiani

1016 2205 1074 2232 ﬁeri
1094 2205 1229 2242 volebant.
1246 2206 1424 2242 Agrigentum
1442 2207 1482 2232 ire
1493 2205 1601 2240 jussit,’
1614 2211 1644 2233 ut
1660 2216 1721 2235 cum
1744 2209 1803 2242 epi-

1018 2248 1101 2277 scopo
1111 2241 1144 2267 de
1158 2240 1264 2277 illorum
1280 2240 1414 2277 baptismo
1424 2242 1596 2277 transigeret.
1611 2243 1717 2277 Scripta
1729 2240 1803 2270 enim

1018 2275 1071 2302 fuit
1082 2283 1176 2302 mense
1189 2275 1273 2302 .Iunio
1287 2275 1445 2302 indictiouis
1460 2276 1564 2310 primae,
1581 2277 1638 2303 sive
1650 2275 1722 2304 anno
1730 2278 1802 2305 598:

1017 2310 1152 2342 Domina,
1171 2310 1273 2344 inquit,
1299 2310 1436 2337 abbatissa
1454 2312 1607 2338 monasterii
1631 2312 1723 2339 Sancti
1743 2312 1804 2340 Ste-

1018 2345 1109 2379 phani,
1127 2345 1196 2379 quod
1216 2345 1243 2371 in
1265 2345 1438 2380 Agrigentino
1458 2351 1496 2372 est
1515 2348 1650 2374 territorio
1673 2348 1805 2374 constitu-

1019 2387 1076 2407 tum
1097 2380 1251 2411 indicante,
1278 2380 1452 2413 comperimus
1477 2381 1574 2407 multos
1591 2381 1746 2409 Iudaeorum
1770 2381 1805 2408 ad

1019 2415 1202 2443 Christianam
1221 2414 1311 2449 ﬁdem,
1331 2415 1419 2442 diuina
1445 2416 1533 2449 gratia
1559 2417 1716 2450 inspirante,
1741 2417 1804 2444 uelle

1019 2450 1144 2477 converti.
1162 2450 1236 2486 VTum
1264 2451 1406 2486 hortatus,
1426 2454 1457 2476 ut
1481 2458 1528 2477 eos
1554 2452 1698 2478 conveniat
1722 2457 1804 2486 atque

1019 2485 1220 2521 adjuvet,»th
1243 2485 1318 2521 addit
1333 2484 1457 2521 :rQuibus
1480 2490 1567 2511 tamen
1591 2487 1613 2521 si
1640 2486 1748 2521 longum
1761 2484 1804 2513 Vvet

1021 2521 1095 2547 triste
1114 2519 1217 2546 videtur
1238 2519 1431 2546 solemnitatem
1447 2520 1575 2546 sustinere
1594 2519 1761 2551 Paschalcm,
1779 2526 1805 2547 et

1019 2564 1063 2582 eos
1079 2563 1147 2581 nunc
1165 2555 1201 2580 ad
1217 2555 1347 2587 baptisma
1364 2555 1489 2587 festinare
1503 2555 1660 2588 cognoscis;
1678 2564 1720 2586 ne.
1736 2556 1805 2590 quod

1020 2590 1100 2623 absit,
1118 2591 1196 2624 longa
1211 2590 1307 2615 dilatio
1319 2597 1408 2615 eorum
1426 2594 1495 2615 retro
1508 2592 1591 2624 possit
1611 2592 1713 2617 animos
1734 2599 1806 2617 revo-

1020 2633 1092 2656 care,
1112 2633 1171 2651 cum
1184 2624 1267 2659 fratre
1282 2628 1372 2651 nostro
1385 2625 1504 2658 episcopo
1525 2625 1576 2651 loci
1590 2626 1672 2659 ipsius
1691 2626 1805 2659 loquere,

1021 2666 1049 2687 ut
1061 2660 1214 2694 paenitentia
1234 2667 1264 2695 ac
1281 2659 1440 2686 abstinentia
1461 2661 1639 2695 quadraginta
1656 2661 1745 2687 diebus
1766 2663 1808 2687 in-

1021 2696 1102 2727 dicta,
1118 2699 1166 2721 aut
1181 2695 1221 2721 die
1234 2694 1384 2726 Dominico,
1401 2700 1446 2721 aut
1459 2695 1481 2721 si
1494 2694 1662 2722 celeberrima
1677 2696 1808 2729 ['estivitas

1022 2730 1146 2765 fortassis
1172 2730 1330 2760 occurrerit.
1357 2738 1399 2756 eos
1423 2730 1610 2764 omnipotentis
1632 2730 1681 2757 Dei
1703 2731 1807 2757 miseri-

1022 2766 1113 2792 cordia
1131 2769 1281 2800 protegente
1296 2765 1421 2798 baptizet.
1440 2765 1554 2792 Dcmum
1576 2765 1694 2793 Fantino
1711 2767 1807 2792 admo-

1023 2802 1090 2833 nito,
1116 2805 1147 2827 ut
1171 2799 1338 2834 pauperibus
1349 2804 1459 2836 vestem
1482 2800 1514 2827 ad
1534 2801 1668 2836 baptismo
1686 2809 1733 2836 sua
1756 2801 1808 2827 im-

1023 2843 1106 2871 pensa
1121 2840 1271 2869 comparet,
1293 2834 1405 2869 subjicit
1419 2844 1426 2862 :
1442 2834 1471 2862 Si
1487 2843 1546 2862 vero
1564 2834 1685 2863 sanctum
1705 2835 1808 2863 Pascha

1022 2872 1144 2906 elegerint
1165 2875 1328 2904 exspectare.
1350 2871 1443 2896 iterum
1466 2879 1524 2897 cum
1548 2872 1669 2906 episcopo
1688 2871 1803 2905 loquere,

1023 2912 1052 2933 ut
1067 2905 1142 2933 modo
1153 2905 1258 2940 quidem
1270 2906 1449 2933 catecltumeni
1459 2906 1538 2940 ﬁant,
1554 2912 1631 2941 atque
1643 2910 1676 2933 ad
1692 2915 1734 2933 eos
1748 2907 1804 2940 ['re-
