4158 6578
488 431 635 507 ιιι,

1503 418 1563 477 s.
1601 389 1981 474 GREGORU
2017 387 2528 472 AGRIGENTINI
2565 383 2765 470 VITA.

3658 397 3766 464 71?.

568 535 724 595 XCII.
797 531 991 601 n’empli
1031 523 1556 586 exaeditication'em,
1603 521 1697 576 cui
1739 533 1919 574 annus
1972 518 2078 571 im-
2107 545 2119 580 λ

2250 519 2364 586 ῖ-,ΒἏ
2406 514 2542 571 Εἶτα
2593 516 2733 588 μετὰ
2785 511 3032 567 ἐνιαυτὸν
3085 509 3384 583 πληρώσας
3445 511 3537 563 τὸν
3601 513 3762 580 ναὸν,

493 647 699 705 pensus
749 639 855 690 est,
906 622 1252 678 consecratio
1301 617 1537 686 excepit,
1569 619 1857 685 postquam
1892 612 2072 666 divina

498 703 616 778 illic
670 717 930 790 mysteria
989 727 1249 783 peragere
1307 708 1570 764 instituit.
1619 705 1831 774 Adjecit
1891 703 2074 756 autem

498 813 704 884 templo
731 820 786 865 et
826 810 1000 862 bonas
1034 805 1228 860 diaetas
1253 802 1388 872 (2|),
1419 800 1473 853 in
1505 799 1704 868 quibus
1746 799 1864 866 ipse
1897 809 1961 849 ac
2000 793 2082 848 fa-

501 908 746 962 miliares
773 901 896 970 ejus
928 895 1265 952 habitarent.
1305 892 1531 947 Solebat
1561 898 1746 944 autem
1779 886 2078 941 identidem

498 1008 555 1054 et
584 995 766 1050 viduis
803 1001 856 1046 et
891 989 1079 1059 egenis
1119 985 1301 1040 omnis
1347 981 1562 1053 generis
1619 992 1886 1048 apparare
1929 991 2086 1030 meu-

503 1105 644 1150 sam,
682 1086 861 1154 iisque
892 1081 1032 1140 idem
1083 1077 1440 1131 ministrare:
1471 1070 1618 1141 quod
1661 1079 1715 1123 et
1754 1077 1930 1122 mater
1962 1066 2083 1136 ejus

505 1196 617 1235 non
651 1177 836 1231 minus
869 1171 1184 1243 praestabat.
1229 1167 1350 1237 Ipse
1375 1179 1504 1219 vero
1536 1163 1799 1232 populum
1826 1169 2086 1229 praeterea

505 1274 624 1326 dies
654 1276 957 1334 noctesque
985 1262 1192 1316 hortari
1227 1275 1333 1313 non
1361 1257 1668 1317 desinebat,
1701 1264 1760 1306 ut
1790 1252 1950 1305 saluti
1975 1266 2090 1306 sme

507 1361 823 1418 consuleret
883 1354 1139 1421 serioque
1197 1347 1517 1417 respiceret,
1579 1358 1642 1397 ac
1717 1357 1776 1396 se
1825 1342 1896 1395 ab
1940 1338 2089 1392 omni

510 1455 718 1508 scelere
752 1453 1053 1503 revocaret.
1105 1442 1199 1496 Sic
1229 1442 1423 1495 beatus
1451 1435 1771 1505 Gregorius,
1805 1445 1929 1485 cum
1957 1443 2095 1497 quo-

512 1545 667 1608 tidie,
702 1542 818 1596 sive
858 1538 1064 1592 diceret
1089 1534 1244 1604 quid,
1300 1536 1414 1586 sive
1444 1529 1670 1589 faceret,
1708 1525 1763 1578 in
1804 1523 2092 1576 hominum

514 1635 741 1697 animis.
785 1643 1058 1701 tanquam.
1096 1628 1252 1684 sulco
1298 1625 1464 1691 facto,
1520 1621 1786 1692 spiritalia
1822 1619 1964 1671 dona
2010 1629 2098 1668 se-

518 1729 782 1790 minaret;
827 1721 1089 1793 populum
1139 1720 1420 1788 ingentem
1479 1716 1589 1769 Deo
1645 1709 1926 1766 Servatori
1978 1706 2100 1760 uni-

516 1818 662 1873 versi
705 1811 1076 1874 consecravit,
1115 1808 1410 1879 pestiferas
1453 1807 1691 1860 haereses
1728 1817 1754 1854 a
1795 1816 1957 1871 grege
1993 1797 2098 1853 sibi

2183 605 2496 681 ἁφιέρωσεν
2564 608 2769 661 αὐτόν·
2847 607 3075 659 κάκεῖσε
3142 600 3244 671 τήν
3311 601 3473 669 άγίᾱν
3527 594 3770 656 ἔπιτελεί

2189 696 2621 776 μυσταγωγίαν·
2678 701 2911 770 ποιήσας
2967 699 3025 750 ὲν
3083 695 3230 767 αὐτῷ
3289 694 3475 747 κελλία
3502 695 3768 766 χρήσιμα,

2187 789 2246 849 ἓν
2291 791 2374 857 οἷς
2404 789 2472 864 ἦν
2505 792 2667 854 αὐτὸς
2699 790 2990 861 ἡσυχάζων
3015 787 3110 841 καὶ
3133 788 3181 840 οἱ
3215 789 3333 857 μετ’
3367 784 3555 842 αὑτοῦ.
3603 785 3769 855 Ἡμέ-

2193 901 2290 955 ραν
2323 883 2380 936 δὲ
2427 881 2552 936 καθ’
2603 883 2822 952 ἡμέραν
2871 877 2938 951 ἦν
2980 877 3288 948 έτοιμάζων
3325 875 3606 947 τράπεζαν
3653 880 3772 939 ταῖς

2189 980 2386 1048 χήραις
2408 976 2503 1029 καὶ
2540 975 2706 1028 πᾶσιν
2742 969 2856 1035 τοῖς
2894 971 3192 1042 δεομένοις,
3227 970 3322 1023 καὶ
3362 970 3523 1032 αὐτὸς
3552 968 3617 1021 δι’
3645 970 3773 1022 ἐαυ-

2191 1070 2287 1122 τοῦ
2335 1065 2695 1137 ἐξυπηρετῶν
2737 1064 2942 1126 αὐτοῖς.
3007 1060 3283 1123 Ὡσαύτως
3317 1055 3387 1131 ἦν
3417 1059 3648 1112 ποιοῦσα
3681 1059 3775 1112 καὶ

2197 1165 2380 1233 μήτηρ
2414 1159 2603 1213 αὐτοῦ.
2652 1157 2764 1210 Καὶ
2813 1152 2882 1227 ἦν
2932 1153 3054 1208 καθ’
3113 1154 3352 1233 ἑκάστην
3412 1153 3625 1224 ἡμέραν
3681 1152 3775 1204 καὶ
3847 1137 3868 1154 ⁸

2195 1231 2368 1308 νύκτα
2423 1251 2864 1324 ἀναμιμνήσκων
2927 1248 3019 1301 τὸν
3063 1247 3191 1300 λαὸν
3227 1231 3296 1300 τὰ
3335 1247 3465 1315 περὶ
3503 1247 3776 1314 σωτηρίας

2197 1349 2291 1402 καὶ
2333 1347 2644 1418 μετανοίας,
2669 1345 2763 1397 καὶ
2790 1343 3052 1396 ἐνδιδόναι
3085 1340 3284 1403 αὐτοὺς
3313 1339 3419 1393 ἀπὸ
3453 1339 3636 1407 πάσης
3661 1333 3779 1390 ἀδι-

2199 1441 2344 1502 κίας.
2373 1438 2558 1500 Οὕτως
2590 1439 2619 1489 ὁ
2655 1434 2924 1507 μακάριος
2959 1431 3284 1504 Γρηγόριος,
3314 1429 3636 1500 ὼςήμέραι,
3669 1429 3780 1490 τοῖς

2202 1534 2596 1602 ’πνευματικοῖς
2620 1531 2957 1600 χαρίσμασιν
2985 1525 3042 1578 ἐν
3081 1542 3139 1577 τε
3170 1525 3315 1594 λόγῳ
3349 1523 3447 1577 καὶ
3488 1523 3635 1592 ἔργῳ
3661 1519 3782 1582 ταῖς

2201 1621 2312 1672 τῶν
2340 1619 2650 1688 ἀνθρώπων
2677 1616 2926 1687 καρδίαις
2954 1611 3033 1683 τῷ
3055 1612 3157 1682 τῆς
3179 1612 3420 1674 πίστεως
3447 1610 3665 1681 ἀρότρῳ
3688 1609 3780 1677 ὲγ-

2204 1711 2615 1781 κατασπείρων,
2641 1709 2769 1762 λαὸν
2803 1707 3118 1779 περιούσιον
3155 1703 3232 1775 τῷ
3263 1703 3479 1774 Σωτῆρι
3515 1702 3622 1755 τῶν
3649 1701 3784 1754 ὅλων

2206 1804 2326 1874 Θεῷ
2381 1804 2741 1875 καθιέρωσεν,
2793 1803 2974 1855 πᾶσαν
3031 1799 3211 1870 λύμην
3263 1800 3528 1868 αἱρέσεως
3575 1798 3633 1849 ὲν
3667 1797 3786 1859 ταῖς

521 1910 733 1964 credito
764 1906 1010 1960 divinum
1037 1900 1203 1956 veluti
1235 1899 1473 1968 gladium
1523 1895 1801 1964 stringens
1832 1891 2097 1961 praecidit,

2223 1898 2310 1950 τῶν
2345 1895 2785 1967 ποιμαινομένων
2814 1895 2902 1946 ὑπ’
2946 1891 3114 1946 αὐτοῦ
3145 1890 3402 1954 διανοίαις
3431 1887 3509 1959 τῷ
3537 1888 3787 1959 τμητικῷ

522 2001 766 2058 εωιοειὶθ
797 1999 1032 2064 denique
1063 1994 1392 2048 documenta
1425 1990 1597 2043 instar
1631 1986 1812 2041 iterati
1857 1984 1989 2038 salis
2034 1983 2102 2036 ad

521 2091 890 2148 condiendum
942 2087 1075 2141 nulli
1113 2098 1354 2152 unquam
1390 2082 1583 2136 deesse
1620 2091 1814 2147 passus
1858 2085 1961 2130 est.
1997 2073 2105 2129 Ne-

529 2200 639 2256 que
687 2183 776 2236 hic
812 2179 1065 2234 utilitatis
1095 2177 1308 2229 fructus
1350 2171 1417 2226 ad
1458 2186 1555 2225 eos
1595 2169 1772 2224 solum
1819 2165 2105 2236 pertinuit,

525 2275 620 2344 qui
656 2272 845 2327 urbem
894 2268 1249 2331 habitabant,
1304 2261 1480 2335 [cvm]
1537 2261 1632 2316 sed
1684 2260 1740 2314 in
1782 2259 2109 2328 longinquos

529 2365 697 2418 etiam
743 2359 1068 2416 redundavit
1107 2356 1290 2410 :l'ama
1338 2367 1533 2422 nempe
1585 2351 1736 2406 illius
1783 2351 1838 2403 in
1890 2362 2108 2402 omnem

530 2464 734 2508 terram
777 2450 1008 2520 perlata,
1039 2456 1097 2502 et
1118 2446 1320 2502 studiis
1369 2441 1655 2498 hominum
1701 2439 1978 2502 excitatis,
2015 2437 2110 2507 qui

535 2547 604 2602 ad
639 2560 763 2600 eum
790 2543 977 2598 venire
1009 2540 1337 2610 gestiebant,
1379 2546 1434 2592 et
1464 2535 1532 2590 ad
1561 2535 1727 2605 pedes
1762 2533 1882 2602 ejus
1919 2545 2112 2586 omnes

531 2636 899 2692 daemoniacos
929 2630 1372 2700 comportabant.
1408 2624 1546 2680 Nam
1580 2637 1707 2680 cum
1740 2623 1779 2677 ii
1810 2621 2114 2677 curationis

537 2743 705 2784 causa
733 2727 800 2780 ad
832 2727 1050 2780 beatum
1078 2723 1259 2775 virum
1291 2719 1566 2779 venirent,
1602 2730 1794 2770 omnes
1819 2728 1943 2768 cum
1973 2713 2118 2767 redi-

539 2825 691 2886 hanl,
723 2819 982 2890 precibus
1006 2815 1126 2885 ejus
1165 2821 1222 2868 et
1254 2825 1549 2880 corporum
1581 2819 1636 2864 et
1668 2807 1978 2861 animorum
2027 2820 2118 2859 sa-

539 2913 770 2968 nitatem
811 2909 1035 2962 domum
1072 2905 1405 2961 referebant.
1437 2901 1553 2956 Hoc
1579 2911 1736 2971 pacto
1763 2906 1989 2953 sanctus
2012 2895 2117 2960 vir,

539 3022 665 3062 cum
721 3002 937 3058 Domini
987 3000 1242 3053 mandata
1302 2996 1417 3052 dies
1475 3002 1783 3062 noctesque
1840 2993 2122 3061 prophetae

542 3099 763 3154 Davidis
808 3093 1061 3164 exemplo
1109 3091 1492 3152 meditaretur,
1531 3087 1712 3142 factus
1755 3094 1842 3141 est
1879 3085 2022 3140 sicut
2052 3083 2121 3135 li-

2204 1989 2298 2041 τοῦ
2332 1987 2467 2041 Θεοῦ
2495 1986 2809 2056 Ηνεύματος
2833 1979 2974 2052 ξίφει
3011 1977 3275 2052 ἐκκόψας,
3305 1981 3383 2052 τῷ
3417 1981 3658 2051 νοστίμῳ
3690 1980 3788 2048 τῆς

2208 2082 2396 2149 θεῖκῆς
2438 2079 2695 2148 γνώσεως
2736 2074 2892 2131 ἅλατι
2925 2076 3169 2139 ἁεννάως
3219 2075 3529 2147 ὲπαρτύων,
3591 2072 3652 2126 οὐ
3713 2072 3790 2124 δι-

2208 2173 2553 2243 ελιμπάνετο.
2598 2172 2709 2223 Καὶ
2752 2169 2911 2222 τοῦτο
2966 2169 3140 2221 ἐποίει
3195 2168 3255 2220 ού
3313 2167 3472 2238 μόνον
3531 2165 3658 2228 τοὺς
3691 2164 3791 2230 τῆς

2211 2263 2421 2323 οἰκείας
2474 2262 2687 2325 πόλεως
2739 2261 3058 2332 οἰκήτορας,
3112 2259 3247 2313 ἀλλὰ
3296 2258 3537 2312 καὶτῶν
3573 2254 3791 2329 πόρρω-

2213 2356 2304 2408 θεν
2338 2356 2438 2427 τὴν
2481 2355 2697 2425 οἴκησιν
2737 2354 2974 2424 ἐχόντων
3006 2369 3021 2386 ο
3063 2351 3206 2404 ῶστε
3235 2349 3325 2404 διὰ
3357 2352 3539 2419 πάσης
3561 2347 3666 2420 γῆς
3698 2346 3795 2419 τὴν

2213 2451 2406 2520 φήμην
2439 2447 2605 2502 αὑτοῦ
2635 2446 2975 2518 διαδραμεῖν,
3006 2445 3103 2498 καὶ
3132 2445 3354 2498 πάντων
3401 2445 3496 2496 ἐπὶ
3526 2442 3605 2514 τῷ
3650 2440 3796 2511 αὐτῷ

2216 2541 2556 2594 σπευδόντων
2612 2526 3035 2610 προσέρχεσθαι,
3097 2537 3192 2589 καῖ¹
3250 2536 3377 2598 τοὺς
3438 2534 3796 2605 ὀχλουμένους

2216 2632 2322 2686 ὑπὸ
2351 2629 2680 2701 πνευμάτων
2713 2629 3042 2699 ἀκαθάρτων
3079 2627 3216 2698 πρὸς
3240 2631 3355 2690 τοῖς
3385 2627 3542 2679 ποσὶν
3565 2623 3660 2677 τοῦ
3695 2641 3799 2694 μα-

2218 2720 2415 2791 καρίου
2467 2718 2829 2789 προσέφερον.
2883 2717 2945 2768 Οί
2971 2715 3028 2767 δὲ
3054 2714 3322 2782 ὡφελείας
3345 2714 3506 2784 χάριν
3538 2710 3676 2782 πρὸς
3706 2711 3798 2764 τὸν

2222 2811 2493 2882 μακάριον
2527 2805 2912 2878 παρεγένοντο,
2947 2807 3041 2858 καὶ
3074 2807 3276 2868 πάντες
3327 2806 3423 2876 τήν
3471 2805 3636 2876 ρῶσιν
3690 2803 3800 2856 τῶν

2218 2904 2467 2974 ψυχικῶν
2491 2903 2586 2956 καὶ
2614 2899 2943 2971 σωματικῶν
2971 2901 3088 2960 ταῖς
3112 2898 3206 2951 τοῦ
3227 2899 3378 2950 ὁσίου
3410 2898 3596 2967 εὐχαῖς
3617 2896 3798 2949 οἴκαδε

2220 2996 2592 3067 λαμϐάνοντες
2639 2993 2990 3064 ἐπορεύοντο.
3042 2991 3231 3054 Οὕτως
3288 2990 3381 3042 τοῦ
3432 2989 3703 3060 μακαρίου
3744 2989 3802 3041 ὲν

2223 3091 2344 3150 ταῖς
2391 3086 2632 3148 ἐντολαῖς
2675 3083 2768 3136 τοῦ
2810 3083 3016 3153 Κυρίου
3056 3081 3252 3144 νυκτὸς
3287 3081 3382 3133 καὶ
3411 3081 3627 3151 ἡμέρας
3660 3077 3803 3132 κατὰ

541 3206 710 3262 gnum
754 3197 977 3259 propter
1037 3198 1306 3254 aquarum
1347 3184 1614 3236 decursus
1662 3178 1922 3238 adsitum,
1967 3173 2114 3243 quod

2225 3181 2316 3232 τὸν
2348 3179 2635 3232 Θεσπέσιον
2661 3175 2825 3229 Δαΰὶδ
2848 3175 3285 3245 ὲμμελέτῶντος,
3337 3176 3560 3241 γέγονεν
3613 3171 3688 3235 ὡς
3743 3171 3805 3224 τὸ

545 3288 784 3340 fructum
825 3294 988 3336 suum
1031 3286 1276 3347 tempore
1318 3274 1573 3345 praebuit,
1606 3272 1920 3342 praebetque
1953 3281 2120 3337 egen-

545 3378 718 3432 tibus.

621 3553 802 3610 XCIII.
854 3551 1067 3606 Interea
1123 3558 1344 3611 tamen,
1398 3556 1460 3600 ut
1501 3543 1921 3599 multitudinem
1975 3539 2124 3592 illam

549 3646 736 3718 populi
783 3643 1135 3698 curationum
1169 3656 1335 3694 causa
1373 3637 1733 3707 Agrigentum
1777 3629 2126 3692 conﬂuentis,

553 3751 722 3811 utque
749 3735 1030 3806 opinionis
1054 3735 1262 3787 larvam
1297 3746 1361 3785 ac
1384 3744 1578 3782 vanam
1611 3725 1893 3781 hominum
1929 3721 2132 3793 glorio-

555 3836 662 3889 lam
695 3832 920 3890 vitaret,
967 3825 1156 3881 ascitis
1195 3825 1301 3879 sibi
1335 3822 1549 3891 aliquot
1591 3834 1621 3874 e
1668 3817 1998 3872 clericorum
2027 3829 2130 3867 nu-

556 3939 709 3980 mero
746 3921 912 3977 sociis
955 3920 1154 3989 pietate
1183 3914 1571 3986 praestantibus
1595 3949 1610 3974 ,
1647 3909 1901 3981 privatim
1951 3906 2007 3961 in
2038 3906 2134 3960 de-

558 4016 724 4070 sertis
772 4019 836 4067 ac
869 4010 1155 4066 montibus
1204 4003 1370 4060 vitam
1410 4004 1521 4061 Deo
1572 3999 1667 4056 uni
1709 4000 1982 4054 addictam
2033 3996 2136 4051 ali—

557 4107 798 4178 quandiu
830 4103 1079 4176 agitavit.
1104 4099 1374 4153 Caeterum
1407 4111 1516 4150 non
1544 4094 1671 4149 ideo
1697 4088 2140 4160 sapientissimus

560 4201 644 4254 vir
688 4197 868 4269 gregis
899 4195 984 4249 sui
1030 4207 1220 4248 curam
1273 4203 1471 4259 magna
1515 4201 1579 4240 ex
1616 4195 1766 4254 parte
1819 4179 2136 4250 abjicieb'at'.

559 4291 696 4347 Nam
728 4289 940 4358 Euplus
981 4283 1407 4339 archidiaconus
1451 4293 1576 4332 cum
1610 4275 1841 4329 Erasmo
1887 4271 2141 4327 mandata

564 4380 832 4438 habebat,
897 4384 958 4428 ut
1004 4372 1261 4429 Ecclesiae
1318 4369 1552 4439 negotiis
1603 4365 1959 4435 przesiderent
2005 4359 2139 4431 (22).

565 4476 743 4540 Atque
773 4468 982 4536 Euplus
1012 4466 1235 4533 quidem
1269 4463 1455 4530 jussus
1485 4459 1665 4513 fuerat
1698 4455 1876 4509 viduis
1896 4453 2146 4523 pupillis-

2228 3272 2382 3333 ξύλον
2403 3271 2462 3324 τὸ
2489 3269 2895 3339 πεφυτευμένον
2927 3259 3080 3338 παρὰ
3103 3267 3200 3329 τὰς
3240 3265 3504 3329 διεξόδους
3531 3264 3642 3318 τῶν
3681 3264 3806 3318 ὑδά-

2225 3379 2355 3428 των,
2402 3362 2430 3415 δ
2459 3362 2552 3415 τὸν
2581 3360 2796 3432 καρπὸν
2821 3357 2986 3412 αὐτοῦ
3018 3349 3278 3426 παρεῖχεν
3306 3355 3428 3409 καθ’
3448 3355 3682 3426 ἡμέραν,
3714 3356 3808 3408 καὶ

2227 3454 2458 3525 παρέχει
2495 3456 2608 3516 τοῖς
2645 3452 2961 3524 χρῄζουσιν.

2297 3547 2412 3614 LJ".
2481 3543 2643 3598 Ἀλλὰ
2685 3546 2779 3598 καὶ⁵
2823 3544 2967 3596 οὓτω
3003 3543 3065 3598 τὸ
3118 3539 3328 3611 πλῆθος
3374 3558 3467 3594 του
3503 3539 3634 3592 λαοῦ
3674 3539 3808 3609 πρδς

2227 3641 2296 3708 τῇ
2329 3637 2482 3690 πόλει
2517 3637 2623 3689 τῶν
2687 3635 3150 3704 Ἀκραγαντίνων,
3191 3633 3356 3702 χάριν
3411 3633 3628 3693 ἰάσεως,
3681 3633 3811 3702 συῤ-

2233 3726 2470 3796 ῥέοντος,
2505 3723 2688 3791 τὸτῆς
2731 3723 2961 3792 οἰήσεως
3019 3721 3366 3792 προσωπεῖον
3413 3721 3508 3771 καὶ
3551 3717 3614 3770 τὸ
3657 3720 3812 3770 κενὸν

2233 3817 2342 3869 τῶν
2377 3814 2682 3886 ἀνθρώπων
2717 3812 2964 3884 δοξάριον
2999 3812 3309 3882 ὲκιρεύγων,
3334 3810 3486 3872 τινὰς
3514 3808 3625 3861 τῶν
3655 3809 3814 3860 εὐλα-

2235 3908 2509 3975 6εστέρων
2537 3907 2701 3961 αὑτοῦ
2761 3905 3041 3978 κληρικῶν
3098 3903 3432 3977 παραλαϐὼν
3483 3905 3540 3956 ὲν
3586 3903 3816 3973 ἐρήμοις

2237 4003 2331 4057 καὶ
2365 4002 2550 4072 ὅρεσιν
2593 4001 2672 4070 τῷ
2717 4001 2838 4072 Θεῷ
2870 4000 3191 4071 καταμόνας
3217 4001 3543 4070 προσομίλει
3575 4003 3633 4053 ὲν
3656 4000 3818 4052 πνεύ-

2241 4115 2373 4169 ματι
2404 4113 2417 4126 ·
2454 4095 2568 4150 ἀλλ’
2607 4096 2707 4149 οὐκ
2748 4095 2990 4165 ἐγύμνου
3033 4093 3227 4147 ἑαυτὸν
3254 4093 3487 4147 ἐπιπολὺ
3561 4094 3660 4161 τῆς
3700 4090 3818 4144 ποί-

2245 4208 2381 4262 μνης
2403 4192 2430 4244 ὁ
2455 4185 2751 4259 πάνσοφος.
2787 4185 3000 4241 Εὗπλον
3037 4187 3146 4255 γὰρ
3181 4186 3270 4239 τὸν
3312 4185 3692 4256 ἀρχιδιάκονον
3724 4183 3822 4236 σὺν

2254 4282 2512 4350 Ἐράσμῳ
2551 4280 2862 4332 ἐπιστατεῖν
2893 4277 2993 4340 τὰς
3034 4277 3499 4345 ἐκκλησιαστικὰς
3522 4275 3821 4344 διοικήσεις

2244 4373 2550 4426 ἐκέλευσεν.
2597 4372 2706 4424 Καὶ
2750 4373 2778 4423 ὁ
2821 4369 2920 4438 μὲν
2967 4365 3176 4430 Εὖπλος
3213 4369 3410 4436 χήραις
3444 4367 3537 4419 καὶ
3566 4367 3824 4437 ὀρφανοῖς

2246 4465 2316 4516 τὰ
2351 4463 2489 4532 πρὸς
2519 4460 2615 4530 τὴν
2651 4459 2840 4530 χρείαν
2873 4459 3132 4529 χορηγεῖν
3160 4457 3264 4509 ὑπὸ
3292 4457 3387 4509 τοῦ
3420 4457 3691 4526 μακαρίου
3721 4458 3825 4522 ἀφ-

564 4581 672 4636 que
702 4564 850 4632 large
880 4567 1130 4628 sumptus
1167 4557 1445 4626 praebere;
1492 4551 1725 4606 Erasmo
1759 4560 1940 4604 autem
1969 4547 2119 4602 delat

2253 4556 2422 4618 Θόνως
2467 4551 2815 4624 προσετάχθη
2846 4567 2861 4582 ο
2902 4553 2930 4603 ὁ
2972 4549 3029 4602 δὲ
3077 4550 3354 4618 Ἔρασμος
3401 4549 3492 4600 τὸν
3533 4547 3691 4615 λόγον
3723 4547 3824 4615 τῆς

568 4671 698 4711 cura
735 4653 918 4724 populi
947 4648 1233 4704 erudiendi
1275 4655 1326 4700 et
1359 4645 1425 4699 ad
1470 4654 1672 4698 rectam
1713 4642 2021 4697 doctrinam
2059 4638 2146 4693 in-

571 4747 851 4804 stituendi.
889 4742 1024 4795 Nam
1067 4741 1183 4807 ipse
1216 4752 1436 4807 quoque
1466 4736 1685 4806 ingenio
1735 4733 2046 4803 prastahat,
2092 4740 2149 4784 et

571 4860 601 4898 a
658 4848 852 4895 sancto
911 4833 1175 4902 Gregorio
1228 4831 1479 4885 excultus
1542 4828 1740 4881 fuerat.
1797 4823 1977 4890 Quare
2024 4827 2150 4877 cum

573 4932 716 4990 beati
752 4931 805 4985 hi
837 4927 938 4983 viri
977 4927 1066 4980 tibi
1104 4939 1244 4994 Opus
1288 4930 1426 4986 erat,
1478 4933 1702 4989 operam
1740 4903 1894 4971 suam
1937 4904 2152 4984 egregie

574 5030 856 5081 navareut,
889 5018 1046 5087 copia
1076 5018 1240 5071 etiam
1271 5022 1464 5069 sancto
1494 5009 1763 5078 Gregorio
1787 5006 1892 5060 fuit
1917 5005 2151 5076 plurima

574 5137 605 5174 e
637 5116 838 5174 divinis
870 5113 1109 5168 oraculis
1141 5108 1396 5180 privatim
1431 5101 1738 5172 explicandi
1767 5100 1900 5169 (95),
1934 5113 2056 5167 quae
2084 5096 2152 5150 ad

577 5291 796 5334 (menter
832 5275 1071 5336 accedat,
1110 5285 1362 5343 geralque
1389 5264 1835 5343 sollicitudinem,
1865 5273 1915 5315 et
1945 5262 2155 5343 animos

577 5333 758 5404 eorum
790 5333 1154 5400 admonitione
1182 5333 1295 5395 sure
1329 5333 2016 5398 adhortationis,accendat
2043 5347 2062 5384 :
2097 5340 2157 5383 ut

578 5403 776 5490 quanto
812 5433 929 5487 qum
973 5423 1334 5482 exspectatur.
1363 5403 1972 5490 clarigaturtfestivitas},
2004 5403 2154 5490 tanta

580 5467 634 5544 sle
680 5467 1016 5558 pra’pjurarei,
1067 5467 1115 5537 et
1179 5499 1294 5535 eam
1341 5467 1607 5532 άεδιιιὲνίο
1654 5467 1875 5536 {cruenti
1933 5467 2158 5525 debeant

581 5572 859 5614 sustinere.

655 5631 768 5697 (ιιι)
809 5628 861 5679 Id
908 5625 1035 5679 olim
1084 5624 1138 5676 in
1196 5611 1973 5697 conc_ilio_Garthaginensitv
2015 5628 2160 5697 prae.-

585 5682 847 5765 srrijiliiiii
892 5697 1069 5750 fuerat
1109 5696 1252 5758 (can.
1285 5693 1419 5765 Ii);
1453 5684 1520 5741 Ut
1549 5682 1821 5754 episcopus
1870 5699 1972 5736 non
2009 5682 2161 5753 longe

585 5771 652 5824 ab
682 5759 898 5819 ὅθι-[θείη
934 5766 1276 5833 hospitiolum
1309 5759 1519 5833 habent.
1971 5824 2006 5833 ﬁ
2138 5813 2142 5818 ι

658 5839 769 5892 {:22}
815 5836 978 5891 Vnius
1018 5824 1131 5888 lizec
1175 5847 1394 5890 αιιυιιιιο
1437 5828 1521 5881 lex
1568 5832 1703 5888 erat,
1753 5839 1918 5894 quam
1971 5824 2163 5880 Patres

2249 4649 2485 4709 πίστεως
2513 4643 2848 4712 διαγγέλλειν
2877 4644 2990 4704 τοῖς
3018 4640 3166 4702 λαοῖς
3223 4640 3507 4692 ἐντέταλτο
3531 4656 3546 4670 ·
3598 4635 3668 4710 ἦν
3716 4639 3824 4708 γὰρ

2248 4743 2344 4796 καὶ
2381 4741 2540 4802 αὐτὸς
2574 4736 2776 4807 εὐφυὴς
2812 4735 2906 4789 καὶ
2941 4732 3370 4801 πεπαιδευμένος
3414 4733 3480 4784 ὲκ
3515 4730 3612 4783 τοῦ
3669 4727 3825 4798 ἁγίου

2250 4833 2577 4906 Γρηγορίου.
2621 4829 2808 4889 Οὖτως
2842 4823 2935 4880 οὖν
2971 4826 3081 4878 τῶν
3123 4825 3409 4895 μακαρίων
3439 4823 3827 4893 ὲπαρκούντων

2250 4928 2319 4980 τά
2349 4923 2487 4994 πρὸς
2523 4922 2623 4991 τὴν
2646 4919 2857 4990 χρείαν,
2893 4922 2921 4970 ὁ
2957 4917 3111 4985 ἅγιος
3149 4915 3450 4986 Γρηγόριος
3491 4914 3561 4966 τὰ
3602 4913 3827 4965 πλεῖστα

2252 5018 2320 5072 δι’
2351 5009 2548 5071 ἑαυτοῦ
2605 5010 3119 5084 παρρησιαζόμενος
3140 5008 3209 5060 τά
3237 5003 3371 5076 πρὸς
3397 5005 3672 5076 σωτηρίαν
3707 5019 3832 5056 συν-

2253 5107 2501 5160 τείνοντα
2530 5103 2819 5156 ὑπετίθετο
2846 5101 3025 5169 λόγια.
3051 5099 3230 5151 Πολλά
3257 5097 3314 5151 δὲ
3362 5099 3565 5166 σημεῖα.
3597 5096 3691 5148 ἐπὶ
3721 5095 3831 5148 τῶν

2257 5265 2474 5321 concilii
2505 5259 2979 5330 Carthaginiensis
3012 5273 3063 5330 iv
3095 5261 3396 5330 sauiieraut
3423 5253 3690 5330 (can._l7)
3719 5272 3733 5306 :
3762 5251 3832 5306 Ut

2258 5338 2532 5404 episcopus
2555 5323 3379 5404 gubernationem_viduarum_et
3419 5323 3739 5404 pupillorum
3773 5339 3837 5377 ac

2258 5391 2656 5477 p'eregr'inorvnm
2680 5416 2784 5453 non
2814 5400 3186 5477 per_seipsum,
3223 5396 3312 5448 sed
3344 5391 3436 5464 per
3471 5391 3837 5462 archipresby-

2262 5470 2434 5532 terunt
2473 5483 2565 5528 aut
2596 5489 2688 5542 per
2721 5470 3158 5542 archidiaconum
3193 5477 3342 5535 agat.

2333 5548 2446 5616 (15)
2488 5547 2562 5598 Ex
2591 5535 2693 5597 hoc
2727 5540 3015 5616 loeo_satis
3046 5545 3302 5616 constare
3333 5535 3572 5616 videtur,
3601 5545 3841 5612 quopo-

2263 5604 2540 5672 tissiinum
2567 5623 2809 5681 tempore
2833 5609 3132 5681 Gregorius
3154 5617 3338 5681 noster
3363 5604 3836 5681 Commentariun)

2264 5690 2318 5741 in
2350 5672 2712 5741 Ecclesiasten
2744 5672 3158 5751 conscripserit.
3191 5677 3308 5743 Qua
3347 5677 3414 5730 de
3449 5691 3509 5730 re
3536 5674 3698 5729 nobis
3728 5672 3840 5726 alio

2264 5760 2386 5814 loco
2413 5754 2705 5812 dicendum
2734 5760 2838 5809 est.
