  <div class='ocr_page' id='page_1' title='image "/cluster/home/n/w/nwhite01/storage/ocr_20150623/98/hvd.32044015586951/368.png"; bbox 0 0 4158 6570; ppageno 0'>
   <div class='ocr_carea' id='block_1_1' title="bbox 305 455 3564 542">
    <p class='ocr_par' dir='ltr' id='par_1_1' title="bbox 305 455 3564 542">
     <span class='ocr_line' id='line_1_1' title="bbox 305 455 3564 542; baseline -0.006 -2"><span class='ocrx_word' id='word_1_1' title='bbox 305 475 415 542; x_wconf 79' lang='lat'><strong>713</strong></span> <span class='ocrx_word' id='word_1_2' title='bbox 1253 470 1314 531; x_wconf 91' lang='lat' dir='ltr'><strong>s.</strong></span> <span class='ocrx_word' id='word_1_3' title='bbox 1358 455 1740 530; x_wconf 83' lang='lat' dir='ltr'><strong>GREGORII</strong></span> <span class='ocrx_word' id='word_1_4' title='bbox 1784 469 2298 529; x_wconf 81' lang='lat' dir='ltr'><strong>AGRIGENTINI</strong></span> <span class='ocrx_word' id='word_1_5' title='bbox 2346 466 2548 528; x_wconf 78' lang='lat' dir='ltr'><strong>VITA.</strong></span> <span class='ocrx_word' id='word_1_6' title='bbox 3122 515 3125 518; x_wconf 93' lang='lat'>.</span> <span class='ocrx_word' id='word_1_7' title='bbox 3164 471 3169 476; x_wconf 54' lang='grc' dir='ltr'><strong>ν</strong></span> <span class='ocrx_word' id='word_1_8' title='bbox 3454 455 3564 522; x_wconf 73' lang='grc' dir='ltr'><strong>71ιὶ</strong></span> 
     </span>
    </p>
   </div>
   <div class='ocr_carea' id='block_1_2' title="bbox 308 571 1950 654">
    <p class='ocr_par' dir='ltr' id='par_1_2' title="bbox 308 578 1950 654">
     <span class='ocr_line' id='line_1_2' title="bbox 308 578 1950 654; baseline -0.005 -13"><span class='ocrx_word' id='word_1_9' title='bbox 308 581 683 642; x_wconf 75' lang='grc' dir='ltr'><strong>ἀσθενούντων</strong></span> <span class='ocrx_word' id='word_1_10' title='bbox 717 582 1111 654; x_wconf 73' lang='grc' dir='ltr'><strong>ποιησάμενος,</strong></span> <span class='ocrx_word' id='word_1_11' title='bbox 1141 581 1238 637; x_wconf 64' lang='grc' dir='ltr'><strong>καὶ</strong></span> <span class='ocrx_word' id='word_1_12' title='bbox 1277 581 1377 653; x_wconf 81' lang='grc' dir='ltr'>τὴν</span> <span class='ocrx_word' id='word_1_13' title='bbox 1427 580 1758 653; x_wconf 77' lang='grc' dir='ltr'>Ἐκκλησίαν</span> <span class='ocrx_word' id='word_1_14' title='bbox 1792 578 1886 632; x_wconf 82' lang='grc' dir='ltr'>τοῦ</span> <span class='ocrx_word' id='word_1_15' title='bbox 1919 594 1950 651; x_wconf 66' lang='grc' dir='ltr'><strong><em>Α</em></strong></span> 
     </span>
    </p>
   </div>
   <div class='ocr_carea' id='block_1_3' title="bbox 1917 571 3559 654">
    <p class='ocr_par' dir='ltr' id='par_1_3' title="bbox 1919 571 3559 651">
     <span class='ocr_line' id='line_1_3' title="bbox 1919 571 3559 651; baseline -0.002 -20"><span class='ocrx_word' id='word_1_16' title='bbox 1919 579 2276 651; x_wconf 71' lang='lat' dir='ltr'><strong>Ahominum</strong></span> <span class='ocrx_word' id='word_1_17' title='bbox 2349 577 2582 632; x_wconf 80' lang='lat' dir='ltr'><strong>salutem</strong></span> <span class='ocrx_word' id='word_1_18' title='bbox 2637 574 2888 631; x_wconf 88' lang='lat' dir='ltr'><strong>conferre</strong></span> <span class='ocrx_word' id='word_1_19' title='bbox 2953 582 3195 644; x_wconf 87' lang='lat' dir='ltr'><strong>possent.</strong></span> <span class='ocrx_word' id='word_1_20' title='bbox 3268 571 3559 630; x_wconf 86' lang='lat' dir='ltr'><strong>Enimvero</strong></span> 
     </span>
    </p>
   </div>
   <div class='ocr_carea' id='block_1_4' title="bbox 307 667 1949 744">
    <p class='ocr_par' dir='ltr' id='par_1_4' title="bbox 307 671 1887 744">
     <span class='ocr_line' id='line_1_4' title="bbox 307 671 1887 744; baseline -0.004 -14"><span class='ocrx_word' id='word_1_21' title='bbox 307 675 442 731; x_wconf 80' lang='grc' dir='ltr'>Θεοῦ</span> <span class='ocrx_word' id='word_1_22' title='bbox 472 674 564 728; x_wconf 71' lang='grc' dir='ltr'><strong>ἐπὶ</strong></span> <span class='ocrx_word' id='word_1_23' title='bbox 604 674 891 737; x_wconf 80' lang='grc' dir='ltr'><strong>πλείστους</strong></span> <span class='ocrx_word' id='word_1_24' title='bbox 932 674 1157 744; x_wconf 91' lang='grc' dir='ltr'>χρόνους</span> <span class='ocrx_word' id='word_1_25' title='bbox 1185 674 1481 744; x_wconf 84' lang='grc' dir='ltr'>ποιμάνας,</span> <span class='ocrx_word' id='word_1_26' title='bbox 1539 675 1632 730; x_wconf 70' lang='grc' dir='ltr'><strong>καὶ</strong></span> <span class='ocrx_word' id='word_1_27' title='bbox 1687 671 1887 743; x_wconf 87' lang='grc' dir='ltr'>ταύτην</span> 
     </span>
    </p>
   </div>
   <div class='ocr_carea' id='block_1_5' title="bbox 1918 667 3560 744">
    <p class='ocr_par' dir='ltr' id='par_1_5' title="bbox 1990 667 3560 740">
     <span class='ocr_line' id='line_1_5' title="bbox 1990 667 3560 740; baseline -0.001 -18"><span class='ocrx_word' id='word_1_28' title='bbox 1990 669 2179 722; x_wconf 91' lang='lat' dir='ltr'><strong>multis</strong></span> <span class='ocrx_word' id='word_1_29' title='bbox 2205 669 2469 740; x_wconf 83' lang='lat' dir='ltr'><strong>prodigiis</strong></span> <span class='ocrx_word' id='word_1_30' title='bbox 2498 684 2765 737; x_wconf 79' lang='lat' dir='ltr'><strong>aegrorum</strong></span> <span class='ocrx_word' id='word_1_31' title='bbox 2792 667 2962 736; x_wconf 88' lang='lat' dir='ltr'><strong>gratia</strong></span> <span class='ocrx_word' id='word_1_32' title='bbox 2997 667 3178 731; x_wconf 93' lang='lat' dir='ltr'><strong>editis,</strong></span> <span class='ocrx_word' id='word_1_33' title='bbox 3214 667 3560 737; x_wconf 85' lang='lat' dir='ltr'><strong>Ecclesiaque</strong></span> 
     </span>
    </p>
   </div>
   <div class='ocr_carea' id='block_1_6' title="bbox 309 755 1951 838">
    <p class='ocr_par' dir='ltr' id='par_1_6' title="bbox 309 765 1890 838">
     <span class='ocr_line' id='line_1_6' title="bbox 309 765 1890 838; baseline -0.003 -16"><span class='ocrx_word' id='word_1_34' title='bbox 309 769 373 822; x_wconf 70' lang='lat' dir='ltr'><strong>hc</strong></span> <span class='ocrx_word' id='word_1_35' title='bbox 403 767 502 836; x_wconf 79' lang='grc' dir='ltr'>τῆς</span> <span class='ocrx_word' id='word_1_36' title='bbox 541 766 651 819; x_wconf 79' lang='grc' dir='ltr'><strong>τῶν</strong></span> <span class='ocrx_word' id='word_1_37' title='bbox 699 765 907 835; x_wconf 78' lang='grc' dir='ltr'>νοητῶν</span> <span class='ocrx_word' id='word_1_38' title='bbox 943 765 1126 820; x_wconf 90' lang='grc' dir='ltr'>λύκων</span> <span class='ocrx_word' id='word_1_39' title='bbox 1163 766 1368 838; x_wconf 77' lang='grc' dir='ltr'>βλάϐης</span> <span class='ocrx_word' id='word_1_40' title='bbox 1414 768 1732 836; x_wconf 79' lang='grc' dir='ltr'>ἀπήμαντον</span> <span class='ocrx_word' id='word_1_41' title='bbox 1776 765 1890 818; x_wconf 80' lang='grc' dir='ltr'>δια-</span> 
     </span>
    </p>
   </div>
   <div class='ocr_carea' id='block_1_7' title="bbox 1921 755 3563 838">
    <p class='ocr_par' dir='ltr' id='par_1_7' title="bbox 1991 755 3563 828">
     <span class='ocr_line' id='line_1_7' title="bbox 1991 755 3563 828; baseline 0.001 -19"><span class='ocrx_word' id='word_1_42' title='bbox 1991 756 2086 810; x_wconf 87' lang='lat' dir='ltr'><strong>Dei</strong></span> <span class='ocrx_word' id='word_1_43' title='bbox 2118 773 2211 826; x_wconf 87' lang='lat' dir='ltr'><strong>per</strong></span> <span class='ocrx_word' id='word_1_44' title='bbox 2257 772 2430 813; x_wconf 89' lang='lat' dir='ltr'><strong>annos</strong></span> <span class='ocrx_word' id='word_1_45' title='bbox 2478 759 2740 828; x_wconf 85' lang='lat' dir='ltr'><strong>plurimos</strong></span> <span class='ocrx_word' id='word_1_46' title='bbox 2790 760 2860 811; x_wconf 90' lang='lat' dir='ltr'><strong>ita</strong></span> <span class='ocrx_word' id='word_1_47' title='bbox 2911 756 3286 811; x_wconf 83' lang='lat' dir='ltr'><strong>administrata</strong></span> <span class='ocrx_word' id='word_1_48' title='bbox 3321 755 3458 825; x_wconf 64' lang='grc' dir='ltr'>(ιιι),</span> <span class='ocrx_word' id='word_1_49' title='bbox 3500 765 3563 810; x_wconf 82' lang='lat' dir='ltr'><strong>ut</strong></span> 
     </span>
    </p>
   </div>
   <div class='ocr_carea' id='block_1_8' title="bbox 308 850 1950 932">
    <p class='ocr_par' dir='ltr' id='par_1_8' title="bbox 308 855 1891 932">
     <span class='ocr_line' id='line_1_8' title="bbox 308 855 1891 932; baseline -0.004 -17"><span class='ocrx_word' id='word_1_50' title='bbox 308 863 578 932; x_wconf 80' lang='grc' dir='ltr'><strong>τηρήσας,</strong></span> <span class='ocrx_word' id='word_1_51' title='bbox 614 861 670 910; x_wconf 81' lang='grc' dir='ltr'><strong>ἐν</strong></span> <span class='ocrx_word' id='word_1_52' title='bbox 713 861 907 931; x_wconf 73' lang='grc' dir='ltr'>εἰρήνῃ</span> <span class='ocrx_word' id='word_1_53' title='bbox 955 859 1228 932; x_wconf 81' lang='grc' dir='ltr'><strong>ἐκοιμήθη</strong></span> <span class='ocrx_word' id='word_1_54' title='bbox 1275 862 1353 924; x_wconf 88' lang='grc' dir='ltr'><strong>είς</strong></span> <span class='ocrx_word' id='word_1_55' title='bbox 1401 863 1594 930; x_wconf 84' lang='grc' dir='ltr'>χεῖρας</span> <span class='ocrx_word' id='word_1_56' title='bbox 1644 857 1778 910; x_wconf 83' lang='grc' dir='ltr'>Θεοῦ</span> <span class='ocrx_word' id='word_1_57' title='bbox 1831 855 1891 908; x_wconf 79' lang='grc' dir='ltr'><strong>τὸ</strong></span> 
     </span>
    </p>
   </div>
   <div class='ocr_carea' id='block_1_9' title="bbox 1919 850 3561 932">
    <p class='ocr_par' dir='ltr' id='par_1_9' title="bbox 1993 850 3561 918">
     <span class='ocr_line' id='line_1_9' title="bbox 1993 850 3561 918; baseline 0.001 -16"><span class='ocrx_word' id='word_1_58' title='bbox 1993 851 2142 904; x_wconf 86' lang='lat' dir='ltr'><strong>nullo</strong></span> <span class='ocrx_word' id='word_1_59' title='bbox 2192 850 2570 904; x_wconf 71' lang='lat' dir='ltr'><strong>insidiantium</strong></span> <span class='ocrx_word' id='word_1_60' title='bbox 2623 851 2874 918; x_wconf 88' lang='lat' dir='ltr'><strong>luporum</strong></span> <span class='ocrx_word' id='word_1_61' title='bbox 2913 865 3100 903; x_wconf 87' lang='lat' dir='ltr'><strong>morsu</strong></span> <span class='ocrx_word' id='word_1_62' title='bbox 3133 850 3422 918; x_wconf 76' lang='lat' dir='ltr'><strong>appetitam</strong></span> <span class='ocrx_word' id='word_1_63' title='bbox 3473 863 3561 903; x_wconf 88' lang='lat' dir='ltr'><strong>re-</strong></span> 
     </span>
    </p>
   </div>
   <div class='ocr_carea' id='block_1_10' title="bbox 310 940 1952 1023">
    <p class='ocr_par' dir='ltr' id='par_1_10' title="bbox 310 948 1890 1023">
     <span class='ocr_line' id='line_1_10' title="bbox 310 948 1890 1023; baseline -0.003 -17"><span class='ocrx_word' id='word_1_64' title='bbox 310 951 530 1022; x_wconf 80' lang='grc' dir='ltr'>πνεῦμα</span> <span class='ocrx_word' id='word_1_65' title='bbox 583 951 1009 1023; x_wconf 75' lang='grc' dir='ltr'>παραθέμενοςο</span> <span class='ocrx_word' id='word_1_66' title='bbox 1065 951 1431 1022; x_wconf 83' lang='grc' dir='ltr'>ὑπογραμμὸν</span> <span class='ocrx_word' id='word_1_67' title='bbox 1480 950 1580 1020; x_wconf 79' lang='grc' dir='ltr'><strong>τῆς</strong></span> <span class='ocrx_word' id='word_1_68' title='bbox 1632 948 1890 1020; x_wconf 80' lang='grc' dir='ltr'>ἐναρέτου</span> 
     </span>
    </p>
   </div>
   <div class='ocr_carea' id='block_1_11' title="bbox 1923 940 3565 1023">
    <p class='ocr_par' dir='ltr' id='par_1_11' title="bbox 1992 940 3565 1011">
     <span class='ocr_line' id='line_1_11' title="bbox 1992 940 3565 1011; baseline 0.001 -17"><span class='ocrx_word' id='word_1_69' title='bbox 1992 940 2286 1011; x_wconf 88' lang='lat' dir='ltr'><strong>linqueret,</strong></span> <span class='ocrx_word' id='word_1_70' title='bbox 2333 942 2387 995; x_wconf 92' lang='lat' dir='ltr'><strong>in</strong></span> <span class='ocrx_word' id='word_1_71' title='bbox 2420 958 2550 1010; x_wconf 85' lang='lat' dir='ltr'><strong>pace</strong></span> <span class='ocrx_word' id='word_1_72' title='bbox 2596 942 2947 1006; x_wconf 76' lang='lat' dir='ltr'><strong>obdormivit,</strong></span> <span class='ocrx_word' id='word_1_73' title='bbox 2985 941 3176 1010; x_wconf 86' lang='lat' dir='ltr'><strong>spiritu</strong></span> <span class='ocrx_word' id='word_1_74' title='bbox 3214 944 3266 996; x_wconf 89' lang='lat' dir='ltr'><strong>in</strong></span> <span class='ocrx_word' id='word_1_75' title='bbox 3305 942 3398 996; x_wconf 86' lang='lat' dir='ltr'><strong>Dei</strong></span> <span class='ocrx_word' id='word_1_76' title='bbox 3445 959 3565 1008; x_wconf 53' lang='lat' dir='ltr'><strong>mae</strong></span> 
     </span>
    </p>
   </div>
   <div class='ocr_carea' id='block_1_12' title="bbox 311 1033 1953 1113">
    <p class='ocr_par' dir='ltr' id='par_1_12' title="bbox 311 1041 1892 1113">
     <span class='ocr_line' id='line_1_12' title="bbox 311 1041 1892 1113; baseline -0.003 -15"><span class='ocrx_word' id='word_1_77' title='bbox 311 1044 479 1098; x_wconf 84' lang='grc' dir='ltr'>αὐτοῦ</span> <span class='ocrx_word' id='word_1_78' title='bbox 513 1043 790 1106; x_wconf 74' lang='grc' dir='ltr'><strong>πολιτείας</strong></span> <span class='ocrx_word' id='word_1_79' title='bbox 815 1043 1149 1113; x_wconf 78' lang='grc' dir='ltr'>καταλείψας</span> <span class='ocrx_word' id='word_1_80' title='bbox 1180 1045 1333 1113; x_wconf 81' lang='grc' dir='ltr'>ἡμῖν,</span> <span class='ocrx_word' id='word_1_81' title='bbox 1361 1044 1487 1105; x_wconf 79' lang='grc' dir='ltr'>τοὺς</span> <span class='ocrx_word' id='word_1_82' title='bbox 1507 1041 1892 1111; x_wconf 80' lang='grc' dir='ltr'>ἐπενεχθέντας</span> 
     </span>
    </p>
   </div>
   <div class='ocr_carea' id='block_1_13' title="bbox 1923 1033 3565 1113">
    <p class='ocr_par' dir='ltr' id='par_1_13' title="bbox 1993 1033 3565 1102">
     <span class='ocr_line' id='line_1_13' title="bbox 1993 1033 3565 1102; baseline 0.001 -15"><span class='ocrx_word' id='word_1_83' title='bbox 1993 1050 2098 1088; x_wconf 91' lang='lat' dir='ltr'><strong>nus</strong></span> <span class='ocrx_word' id='word_1_84' title='bbox 2135 1034 2346 1086; x_wconf 79' lang='lat' dir='ltr'><strong>reddito</strong></span> <span class='ocrx_word' id='word_1_85' title='bbox 2366 1074 2380 1097; x_wconf 92' lang='lat'><strong>,</strong></span> <span class='ocrx_word' id='word_1_86' title='bbox 2413 1033 2570 1088; x_wconf 90' lang='lat' dir='ltr'><strong>nobis</strong></span> <span class='ocrx_word' id='word_1_87' title='bbox 2599 1048 2726 1086; x_wconf 90' lang='lat' dir='ltr'><strong>vero</strong></span> <span class='ocrx_word' id='word_1_88' title='bbox 2754 1034 3015 1102; x_wconf 67' lang='lat' dir='ltr'><strong>praeclaro</strong></span> <span class='ocrx_word' id='word_1_89' title='bbox 3045 1043 3315 1102; x_wconf 80' lang='lat' dir='ltr'><strong>perpetua:</strong></span> <span class='ocrx_word' id='word_1_90' title='bbox 3351 1035 3565 1088; x_wconf 75' lang='lat' dir='ltr'><strong>virtutis</strong></span> 
     </span>
    </p>
   </div>
   <div class='ocr_carea' id='block_1_14' title="bbox 313 1125 1955 1208">
    <p class='ocr_par' dir='ltr' id='par_1_14' title="bbox 313 1134 1394 1208">
     <span class='ocr_line' id='line_1_14' title="bbox 313 1134 1394 1208; baseline -0.001 -18"><span class='ocrx_word' id='word_1_91' title='bbox 313 1136 462 1208; x_wconf 76' lang='grc' dir='ltr'>αὐτῷ</span> <span class='ocrx_word' id='word_1_92' title='bbox 488 1137 831 1207; x_wconf 83' lang='grc' dir='ltr'>πειρασμοὺς</span> <span class='ocrx_word' id='word_1_93' title='bbox 863 1134 969 1188; x_wconf 79' lang='grc' dir='ltr'>ὑπὸ</span> <span class='ocrx_word' id='word_1_94' title='bbox 998 1135 1095 1188; x_wconf 79' lang='grc' dir='ltr'>τοῦ</span> <span class='ocrx_word' id='word_1_95' title='bbox 1125 1135 1394 1190; x_wconf 78' lang='grc' dir='ltr'>διαϐόλου.</span> 
     </span>
    </p>
   </div>
   <div class='ocr_carea' id='block_1_15' title="bbox 1923 1125 3565 1208">
    <p class='ocr_par' dir='ltr' id='par_1_15' title="bbox 1994 1125 3565 1195">
     <span class='ocr_line' id='line_1_15' title="bbox 1994 1125 3565 1195; baseline 0 -15"><span class='ocrx_word' id='word_1_96' title='bbox 1994 1141 2104 1180; x_wconf 75' lang='lat' dir='ltr'><strong>suae</strong></span> <span class='ocrx_word' id='word_1_97' title='bbox 2137 1126 2387 1195; x_wconf 76' lang='lat' dir='ltr'><strong>exemplo</strong></span> <span class='ocrx_word' id='word_1_98' title='bbox 2413 1126 2625 1186; x_wconf 86' lang='lat' dir='ltr'><strong>relicto.</strong></span> <span class='ocrx_word' id='word_1_99' title='bbox 2668 1141 2773 1194; x_wconf 88' lang='lat' dir='ltr'><strong>qua</strong></span> <span class='ocrx_word' id='word_1_100' title='bbox 2804 1140 2996 1179; x_wconf 86' lang='lat' dir='ltr'><strong>omnes</strong></span> <span class='ocrx_word' id='word_1_101' title='bbox 3044 1126 3247 1180; x_wconf 88' lang='lat' dir='ltr'><strong>diaboli</strong></span> <span class='ocrx_word' id='word_1_102' title='bbox 3279 1125 3565 1193; x_wconf 89' lang='lat' dir='ltr'><strong>petitiones</strong></span> 
     </span>
    </p>
   </div>
   <div class='ocr_carea' id='block_1_16' title="bbox 1995 1219 2202 1273">
    <p class='ocr_par' dir='ltr' id='par_1_16' title="bbox 1995 1219 2202 1273">
     <span class='ocr_line' id='line_1_16' title="bbox 1995 1219 2202 1273; baseline 0.005 -2"><span class='ocrx_word' id='word_1_103' title='bbox 1995 1219 2202 1273; x_wconf 84' lang='lat' dir='ltr'><strong>reiecit.</strong></span> 
     </span>
    </p>
   </div>
   <div class='ocr_carea' id='block_1_17' title="bbox 385 1235 2027 1383">
    <p class='ocr_par' dir='ltr' id='par_1_17' title="bbox 385 1235 2027 1382">
     <span class='ocr_line' id='line_1_17' title="bbox 1995 1235 2027 1271; baseline 0 0"><span class='ocrx_word' id='word_1_104' title='bbox 1995 1235 2027 1271; x_wconf 66' lang='grc' dir='ltr'><strong>ιη</strong></span> 
     </span>
     <span class='ocr_line' id='line_1_18' title="bbox 385 1305 1896 1382; baseline -0.005 -18"><span class='ocrx_word' id='word_1_105' title='bbox 385 1313 500 1379; x_wconf 77' lang='grc' dir='ltr'>ι,Δ’.</span> <span class='ocrx_word' id='word_1_106' title='bbox 572 1311 661 1364; x_wconf 87' lang='grc' dir='ltr'>Ἐν</span> <span class='ocrx_word' id='word_1_107' title='bbox 709 1310 810 1380; x_wconf 87' lang='grc' dir='ltr'>μὲν</span> <span class='ocrx_word' id='word_1_108' title='bbox 858 1311 981 1373; x_wconf 79' lang='grc' dir='ltr'>ταῖς</span> <span class='ocrx_word' id='word_1_109' title='bbox 1026 1311 1085 1362; x_wconf 77' lang='grc' dir='ltr'>ἐν</span> <span class='ocrx_word' id='word_1_110' title='bbox 1135 1309 1426 1382; x_wconf 88' lang='grc' dir='ltr'>νηπιότητι</span> <span class='ocrx_word' id='word_1_111' title='bbox 1485 1305 1896 1375; x_wconf 89' lang='grc' dir='ltr'>ἀποκαλύψεσιν</span> 
     </span>
    </p>
   </div>
   <div class='ocr_carea' id='block_1_18' title="bbox 1927 1235 3569 1383">
    <p class='ocr_par' dir='ltr' id='par_1_18' title="bbox 1995 1235 3569 1383">
     <span class='ocr_line' id='line_1_19' title="bbox 1995 1235 2202 1273; baseline 0.005 -2"><span class='ocrx_word' id='word_1_112' title='bbox 1995 1235 2052 1271; x_wconf 90' lang='lat' dir='ltr'><strong>re</strong></span> <span class='ocrx_word' id='word_1_113' title='bbox 2076 1235 2202 1273; x_wconf 87' lang='lat' dir='ltr'><strong>ectt.</strong></span> 
     </span>
     <span class='ocr_line' id='line_1_20' title="bbox 2050 1235 3569 1383; baseline 0.001 -18"><span class='ocrx_word' id='word_1_114' title='bbox 2050 1235 2202 1383; x_wconf 70' lang='lat' dir='ltr'><strong>J[cur]</strong></span> <span class='ocrx_word' id='word_1_115' title='bbox 2239 1308 2424 1364; x_wconf 80' lang='lat' dir='ltr'><strong>XCIV.</strong></span> <span class='ocrx_word' id='word_1_116' title='bbox 2469 1309 2672 1364; x_wconf 80' lang='lat' dir='ltr'><strong>Retulit</strong></span> <span class='ocrx_word' id='word_1_117' title='bbox 2700 1309 2790 1364; x_wconf 90' lang='lat' dir='ltr'><strong>ille</strong></span> <span class='ocrx_word' id='word_1_118' title='bbox 2820 1311 2874 1364; x_wconf 89' lang='lat' dir='ltr'><strong>in</strong></span> <span class='ocrx_word' id='word_1_119' title='bbox 2907 1310 3136 1378; x_wconf 85' lang='lat' dir='ltr'><strong>pueritia</strong></span> <span class='ocrx_word' id='word_1_120' title='bbox 3176 1326 3430 1379; x_wconf 82' lang='lat' dir='ltr'><strong>magnum</strong></span> <span class='ocrx_word' id='word_1_121' title='bbox 3467 1311 3569 1366; x_wconf 88' lang='lat' dir='ltr'><strong>Sa-</strong></span> 
     </span>
    </p>
   </div>
   <div class='ocr_carea' id='block_1_19' title="bbox 310 1399 1952 1473">
    <p class='ocr_par' dir='ltr' id='par_1_19' title="bbox 310 1401 1896 1473">
     <span class='ocr_line' id='line_1_21' title="bbox 310 1401 1896 1473; baseline -0.004 -17"><span class='ocrx_word' id='word_1_122' title='bbox 310 1402 405 1458; x_wconf 72' lang='grc' dir='ltr'><strong>τδν</strong></span> <span class='ocrx_word' id='word_1_123' title='bbox 453 1402 630 1473; x_wconf 92' lang='grc' dir='ltr'>μέγαν</span> <span class='ocrx_word' id='word_1_124' title='bbox 671 1401 926 1473; x_wconf 83' lang='grc' dir='ltr'>Σαμουὴλ</span> <span class='ocrx_word' id='word_1_125' title='bbox 970 1402 1351 1473; x_wconf 86' lang='grc' dir='ltr'>ἀνιστόρησεν.</span> <span class='ocrx_word' id='word_1_126' title='bbox 1404 1401 1492 1454; x_wconf 90' lang='grc' dir='ltr'>Ἐν</span> <span class='ocrx_word' id='word_1_127' title='bbox 1517 1401 1573 1455; x_wconf 86' lang='grc' dir='ltr'>δὲ</span> <span class='ocrx_word' id='word_1_128' title='bbox 1602 1403 1668 1472; x_wconf 80' lang='grc' dir='ltr'>τῇ</span> <span class='ocrx_word' id='word_1_129' title='bbox 1705 1415 1896 1452; x_wconf 82' lang='grc' dir='ltr'>ταπει-</span> 
     </span>
    </p>
   </div>
   <div class='ocr_carea' id='block_1_20' title="bbox 1929 1399 3571 1473">
    <p class='ocr_par' dir='ltr' id='par_1_20' title="bbox 1999 1399 3571 1473">
     <span class='ocr_line' id='line_1_22' title="bbox 1999 1399 3571 1473; baseline 0.002 -17"><span class='ocrx_word' id='word_1_130' title='bbox 1999 1403 2230 1457; x_wconf 88' lang='lat' dir='ltr'><strong>muelem</strong></span> <span class='ocrx_word' id='word_1_131' title='bbox 2262 1399 2397 1471; x_wconf 71' lang='lat'><strong>(25),</strong></span> <span class='ocrx_word' id='word_1_132' title='bbox 2433 1402 2711 1473; x_wconf 88' lang='lat' dir='ltr'><strong>mysteriis</strong></span> <span class='ocrx_word' id='word_1_133' title='bbox 2750 1403 2852 1456; x_wconf 89' lang='lat' dir='ltr'><strong>eia</strong></span> <span class='ocrx_word' id='word_1_134' title='bbox 2891 1402 3000 1458; x_wconf 91' lang='lat' dir='ltr'><strong>Deo</strong></span> <span class='ocrx_word' id='word_1_135' title='bbox 3026 1403 3334 1472; x_wconf 82' lang='lat' dir='ltr'><strong>patefactis.</strong></span> <span class='ocrx_word' id='word_1_136' title='bbox 3367 1404 3571 1459; x_wconf 83' lang='lat' dir='ltr'><strong>Demis-</strong></span> 
     </span>
    </p>
   </div>
   <div class='ocr_carea' id='block_1_21' title="bbox 316 1490 1958 1565">
    <p class='ocr_par' dir='ltr' id='par_1_21' title="bbox 316 1490 1900 1565">
     <span class='ocr_line' id='line_1_23' title="bbox 316 1490 1900 1565; baseline -0.004 -19"><span class='ocrx_word' id='word_1_137' title='bbox 316 1491 620 1565; x_wconf 72' lang='grc' dir='ltr'>νοφροσύνῃ</span> <span class='ocrx_word' id='word_1_138' title='bbox 651 1492 744 1544; x_wconf 74' lang='grc' dir='ltr'><strong>καὶ</strong></span> <span class='ocrx_word' id='word_1_139' title='bbox 781 1492 1026 1562; x_wconf 80' lang='grc' dir='ltr'>ὑπομονῇ</span> <span class='ocrx_word' id='word_1_140' title='bbox 1056 1491 1149 1546; x_wconf 81' lang='grc' dir='ltr'>τὸν</span> <span class='ocrx_word' id='word_1_141' title='bbox 1171 1492 1380 1546; x_wconf 87' lang='grc' dir='ltr'>δίκαιον</span> <span class='ocrx_word' id='word_1_142' title='bbox 1446 1490 1642 1559; x_wconf 79' lang='grc' dir='ltr'>Ἰωσὴφ</span> <span class='ocrx_word' id='word_1_143' title='bbox 1694 1490 1900 1560; x_wconf 75' lang='grc' dir='ltr'>ἐμιμή-</span> 
     </span>
    </p>
   </div>
   <div class='ocr_carea' id='block_1_22' title="bbox 1927 1490 3569 1565">
    <p class='ocr_par' dir='ltr' id='par_1_22' title="bbox 1999 1495 3569 1565">
     <span class='ocr_line' id='line_1_24' title="bbox 1999 1495 3569 1565; baseline 0 -15"><span class='ocrx_word' id='word_1_144' title='bbox 1999 1495 2156 1550; x_wconf 88' lang='lat' dir='ltr'><strong>sione</strong></span> <span class='ocrx_word' id='word_1_145' title='bbox 2202 1502 2386 1550; x_wconf 89' lang='lat' dir='ltr'><strong>autem</strong></span> <span class='ocrx_word' id='word_1_146' title='bbox 2436 1497 2607 1549; x_wconf 90' lang='lat' dir='ltr'><strong>animi</strong></span> <span class='ocrx_word' id='word_1_147' title='bbox 2658 1505 2715 1549; x_wconf 90' lang='lat' dir='ltr'><strong>et</strong></span> <span class='ocrx_word' id='word_1_148' title='bbox 2765 1495 3026 1565; x_wconf 85' lang='lat' dir='ltr'><strong>patientia</strong></span> <span class='ocrx_word' id='word_1_149' title='bbox 3075 1495 3368 1565; x_wconf 82' lang='lat' dir='ltr'><strong>Josephum</strong></span> <span class='ocrx_word' id='word_1_150' title='bbox 3419 1498 3569 1550; x_wconf 90' lang='lat' dir='ltr'><strong>illum</strong></span> 
     </span>
    </p>
   </div>
   <div class='ocr_carea' id='block_1_23' title="bbox 320 1579 1962 1655">
    <p class='ocr_par' dir='ltr' id='par_1_23' title="bbox 320 1579 1900 1655">
     <span class='ocr_line' id='line_1_25' title="bbox 320 1579 1900 1655; baseline -0.003 -19"><span class='ocrx_word' id='word_1_151' title='bbox 320 1601 468 1638; x_wconf 88' lang='grc' dir='ltr'>σατο.</span> <span class='ocrx_word' id='word_1_152' title='bbox 522 1585 608 1636; x_wconf 87' lang='grc' dir='ltr'>Ἐν</span> <span class='ocrx_word' id='word_1_153' title='bbox 639 1584 694 1638; x_wconf 82' lang='grc' dir='ltr'>δὲ</span> <span class='ocrx_word' id='word_1_154' title='bbox 723 1586 788 1655; x_wconf 80' lang='grc' dir='ltr'>τῇ</span> <span class='ocrx_word' id='word_1_155' title='bbox 819 1584 1086 1655; x_wconf 80' lang='grc' dir='ltr'>καρτερίᾳ</span> <span class='ocrx_word' id='word_1_156' title='bbox 1142 1584 1251 1636; x_wconf 84' lang='grc' dir='ltr'><strong>τῶν</strong></span> <span class='ocrx_word' id='word_1_157' title='bbox 1306 1583 1538 1654; x_wconf 76' lang='grc' dir='ltr'>θλίψεων</span> <span class='ocrx_word' id='word_1_158' title='bbox 1589 1583 1681 1636; x_wconf 83' lang='grc' dir='ltr'><strong>τὸν</strong></span> <span class='ocrx_word' id='word_1_159' title='bbox 1739 1579 1900 1634; x_wconf 80' lang='grc' dir='ltr'>πολύ-</span> 
     </span>
    </p>
   </div>
   <div class='ocr_carea' id='block_1_24' title="bbox 1929 1579 3571 1655">
    <p class='ocr_par' dir='ltr' id='par_1_24' title="bbox 1995 1584 3571 1655">
     <span class='ocr_line' id='line_1_26' title="bbox 1995 1584 3571 1655; baseline 0.004 -18"><span class='ocrx_word' id='word_1_160' title='bbox 1995 1584 2206 1655; x_wconf 84' lang='lat' dir='ltr'><strong>justum</strong></span> <span class='ocrx_word' id='word_1_161' title='bbox 2235 1595 2322 1639; x_wconf 89' lang='lat' dir='ltr'><strong>est</strong></span> <span class='ocrx_word' id='word_1_162' title='bbox 2344 1585 2610 1640; x_wconf 84' lang='lat' dir='ltr'><strong>imitatus.</strong></span> <span class='ocrx_word' id='word_1_163' title='bbox 2635 1586 2704 1640; x_wconf 85' lang='lat' dir='ltr'><strong>At</strong></span> <span class='ocrx_word' id='word_1_164' title='bbox 2733 1586 2785 1639; x_wconf 92' lang='lat' dir='ltr'><strong>in</strong></span> <span class='ocrx_word' id='word_1_165' title='bbox 2809 1587 3068 1642; x_wconf 72' lang='lat' dir='ltr'><strong>aerumnis</strong></span> <span class='ocrx_word' id='word_1_166' title='bbox 3092 1587 3308 1641; x_wconf 85' lang='lat' dir='ltr'><strong>fortiter</strong></span> <span class='ocrx_word' id='word_1_167' title='bbox 3332 1589 3571 1643; x_wconf 89' lang='lat' dir='ltr'><strong>subeun-</strong></span> 
     </span>
    </p>
   </div>
   <div class='ocr_carea' id='block_1_25' title="bbox 321 1671 1963 1748">
    <p class='ocr_par' dir='ltr' id='par_1_25' title="bbox 321 1674 1899 1748">
     <span class='ocr_line' id='line_1_27' title="bbox 321 1674 1899 1748; baseline -0.004 -18"><span class='ocrx_word' id='word_1_168' title='bbox 321 1677 483 1730; x_wconf 88' lang='grc' dir='ltr'>αθλον</span> <span class='ocrx_word' id='word_1_169' title='bbox 512 1674 632 1728; x_wconf 78' lang='grc' dir='ltr'><strong>Ἰὼϐ</strong></span> <span class='ocrx_word' id='word_1_170' title='bbox 662 1676 1085 1746; x_wconf 76' lang='grc' dir='ltr'>ἐκμιμούμενος.</span> <span class='ocrx_word' id='word_1_171' title='bbox 1135 1675 1294 1730; x_wconf 87' lang='grc' dir='ltr'>Ἀλλά</span> <span class='ocrx_word' id='word_1_172' title='bbox 1321 1677 1370 1730; x_wconf 84' lang='grc' dir='ltr'><strong>τί</strong></span> <span class='ocrx_word' id='word_1_173' title='bbox 1409 1693 1496 1748; x_wconf 88' lang='grc' dir='ltr'><strong>μοι</strong></span> <span class='ocrx_word' id='word_1_174' title='bbox 1529 1675 1899 1746; x_wconf 77' lang='grc' dir='ltr'>μακρηγορεῖν</span> 
     </span>
    </p>
   </div>
   <div class='ocr_carea' id='block_1_26' title="bbox 1931 1671 3573 1748">
    <p class='ocr_par' dir='ltr' id='par_1_26' title="bbox 1999 1671 3573 1747">
     <span class='ocr_line' id='line_1_28' title="bbox 1999 1671 3573 1747; baseline 0.004 -19"><span class='ocrx_word' id='word_1_175' title='bbox 1999 1675 2085 1728; x_wconf 87' lang='lat' dir='ltr'><strong>dis</strong></span> <span class='ocrx_word' id='word_1_176' title='bbox 2112 1671 2311 1728; x_wconf 85' lang='lat' dir='ltr'><strong>Jobum</strong></span> <span class='ocrx_word' id='word_1_177' title='bbox 2366 1682 2445 1728; x_wconf 89' lang='lat' dir='ltr'><strong>tot</strong></span> <span class='ocrx_word' id='word_1_178' title='bbox 2495 1676 2857 1730; x_wconf 85' lang='lat' dir='ltr'><strong>certaminum</strong></span> <span class='ocrx_word' id='word_1_179' title='bbox 2906 1677 3166 1732; x_wconf 83' lang='lat' dir='ltr'><strong>victorem</strong></span> <span class='ocrx_word' id='word_1_180' title='bbox 3202 1678 3471 1747; x_wconf 81' lang='lat' dir='ltr'><strong>expressit</strong></span> <span class='ocrx_word' id='word_1_181' title='bbox 3507 1693 3573 1734; x_wconf 87' lang='lat' dir='ltr'><strong>ac</strong></span> 
     </span>
    </p>
   </div>
   <div class='ocr_carea' id='block_1_27' title="bbox 320 1764 1962 1840">
    <p class='ocr_par' dir='ltr' id='par_1_27' title="bbox 320 1767 1900 1839">
     <span class='ocr_line' id='line_1_29' title="bbox 320 1767 1900 1839; baseline -0.001 -18"><span class='ocrx_word' id='word_1_182' title='bbox 320 1771 433 1831; x_wconf 83' lang='grc' dir='ltr'>τοῖς</span> <span class='ocrx_word' id='word_1_183' title='bbox 455 1767 726 1835; x_wconf 82' lang='grc' dir='ltr'>θεολόγοις</span> <span class='ocrx_word' id='word_1_184' title='bbox 755 1769 1034 1838; x_wconf 83' lang='grc' dir='ltr'>Πατράσιν</span> <span class='ocrx_word' id='word_1_185' title='bbox 1062 1771 1417 1839; x_wconf 80' lang='grc' dir='ltr'>παρεικάζειν</span> <span class='ocrx_word' id='word_1_186' title='bbox 1450 1771 1540 1824; x_wconf 76' lang='grc' dir='ltr'>τὸν</span> <span class='ocrx_word' id='word_1_187' title='bbox 1579 1770 1719 1822; x_wconf 79' lang='grc' dir='ltr'>θεῖον</span> <span class='ocrx_word' id='word_1_188' title='bbox 1754 1768 1900 1837; x_wconf 86' lang='grc' dir='ltr'>Γρη-</span> 
     </span>
    </p>
   </div>
   <div class='ocr_carea' id='block_1_28' title="bbox 1930 1764 3572 1840">
    <p class='ocr_par' dir='ltr' id='par_1_28' title="bbox 2003 1764 3572 1840">
     <span class='ocr_line' id='line_1_30' title="bbox 2003 1764 3572 1840; baseline 0.004 -22"><span class='ocrx_word' id='word_1_189' title='bbox 2003 1766 2260 1820; x_wconf 85' lang='lat' dir='ltr'><strong>reddidit.</strong></span> <span class='ocrx_word' id='word_1_190' title='bbox 2295 1764 2397 1820; x_wconf 88' lang='lat' dir='ltr'><strong>Sed</strong></span> <span class='ocrx_word' id='word_1_191' title='bbox 2434 1766 2563 1836; x_wconf 90' lang='lat' dir='ltr'><strong>quid</strong></span> <span class='ocrx_word' id='word_1_192' title='bbox 2602 1782 2703 1836; x_wconf 95' lang='lat' dir='ltr'><strong>ego</strong></span> <span class='ocrx_word' id='word_1_193' title='bbox 2744 1768 2798 1822; x_wconf 89' lang='lat' dir='ltr'><strong>in</strong></span> <span class='ocrx_word' id='word_1_194' title='bbox 2834 1767 3018 1824; x_wconf 90' lang='lat' dir='ltr'><strong>divino</strong></span> <span class='ocrx_word' id='word_1_195' title='bbox 3051 1769 3270 1825; x_wconf 90' lang='lat' dir='ltr'><strong>homine</strong></span> <span class='ocrx_word' id='word_1_196' title='bbox 3308 1769 3572 1840; x_wconf 80' lang='lat' dir='ltr'><strong>Gregorio</strong></span> 
     </span>
    </p>
   </div>
   <div class='ocr_carea' id='block_1_29' title="bbox 321 1854 1963 1931">
    <p class='ocr_par' dir='ltr' id='par_1_29' title="bbox 321 1859 1901 1931">
     <span class='ocr_line' id='line_1_31' title="bbox 321 1859 1901 1931; baseline -0.002 -19"><span class='ocrx_word' id='word_1_197' title='bbox 321 1861 545 1931; x_wconf 85' lang='grc' dir='ltr'>γόριον;</span> <span class='ocrx_word' id='word_1_198' title='bbox 594 1859 775 1911; x_wconf 81' lang='grc' dir='ltr'>Ἥλίου</span> <span class='ocrx_word' id='word_1_199' title='bbox 814 1859 911 1929; x_wconf 81' lang='grc' dir='ltr'><strong>μὲν</strong></span> <span class='ocrx_word' id='word_1_200' title='bbox 957 1861 1046 1914; x_wconf 83' lang='grc' dir='ltr'><strong>τὸν</strong></span> <span class='ocrx_word' id='word_1_201' title='bbox 1103 1861 1283 1929; x_wconf 80' lang='grc' dir='ltr'>ζῆλον,</span> <span class='ocrx_word' id='word_1_202' title='bbox 1340 1861 1643 1915; x_wconf 79' lang='grc' dir='ltr'>Ἐλισσαίου</span> <span class='ocrx_word' id='word_1_203' title='bbox 1689 1861 1750 1913; x_wconf 84' lang='grc' dir='ltr'><strong>τὸ</strong></span> <span class='ocrx_word' id='word_1_204' title='bbox 1800 1859 1901 1910; x_wconf 84' lang='grc' dir='ltr'>ύπ-</span> 
     </span>
    </p>
   </div>
   <div class='ocr_carea' id='block_1_30' title="bbox 1931 1854 3573 1931">
    <p class='ocr_par' dir='ltr' id='par_1_30' title="bbox 2003 1854 3573 1931">
     <span class='ocr_line' id='line_1_32' title="bbox 2003 1854 3573 1931; baseline 0.004 -23"><span class='ocrx_word' id='word_1_205' title='bbox 2003 1854 2270 1927; x_wconf 87' lang='lat' dir='ltr'><strong>theologis</strong></span> <span class='ocrx_word' id='word_1_206' title='bbox 2305 1855 2412 1910; x_wconf 90' lang='lat' dir='ltr'><strong>illis</strong></span> <span class='ocrx_word' id='word_1_207' title='bbox 2455 1856 2708 1912; x_wconf 90' lang='lat' dir='ltr'><strong>Patribus</strong></span> <span class='ocrx_word' id='word_1_208' title='bbox 2760 1861 3127 1928; x_wconf 86' lang='lat' dir='ltr'><strong>comparando</strong></span> <span class='ocrx_word' id='word_1_209' title='bbox 3160 1861 3374 1931; x_wconf 82' lang='lat' dir='ltr'><strong>longior</strong></span> <span class='ocrx_word' id='word_1_210' title='bbox 3410 1860 3573 1916; x_wconf 79' lang='lat' dir='ltr'><strong>sum?</strong></span> 
     </span>
    </p>
   </div>
   <div class='ocr_carea' id='block_1_31' title="bbox 322 1936 1964 2026">
    <p class='ocr_par' dir='ltr' id='par_1_31' title="bbox 322 1936 1964 2026">
     <span class='ocr_line' id='line_1_33' title="bbox 322 1936 1964 2026; baseline -0.001 -22"><span class='ocrx_word' id='word_1_211' title='bbox 322 1954 487 2024; x_wconf 83' lang='grc' dir='ltr'>ήκοον</span> <span class='ocrx_word' id='word_1_212' title='bbox 514 1953 607 2005; x_wconf 72' lang='grc' dir='ltr'>καὶ</span> <span class='ocrx_word' id='word_1_213' title='bbox 634 1955 754 2016; x_wconf 81' lang='grc' dir='ltr'>ταῖς</span> <span class='ocrx_word' id='word_1_214' title='bbox 802 1952 1267 2024; x_wconf 83' lang='grc' dir='ltr'>θαυματουργίαις</span> <span class='ocrx_word' id='word_1_215' title='bbox 1302 1954 1609 2026; x_wconf 76' lang='grc' dir='ltr'>ἰσόρροπον,</span> <span class='ocrx_word' id='word_1_216' title='bbox 1651 1953 1815 2022; x_wconf 79' lang='grc' dir='ltr'>ἄμφω</span> <span class='ocrx_word' id='word_1_217' title='bbox 1842 1949 1896 2003; x_wconf 81' lang='grc' dir='ltr'>δὲ</span> <span class='ocrx_word' id='word_1_218' title='bbox 1929 1936 1964 1990; x_wconf 71' lang='grc' dir='ltr'>Β</span> 
     </span>
    </p>
   </div>
   <div class='ocr_carea' id='block_1_32' title="bbox 1929 1936 3571 2026">
    <p class='ocr_par' dir='ltr' id='par_1_32' title="bbox 1929 1936 3571 2024">
     <span class='ocr_line' id='line_1_34' title="bbox 1929 1936 3571 2024; baseline 0.005 -25"><span class='ocrx_word' id='word_1_219' title='bbox 1929 1936 1970 1990; x_wconf 84' lang='grc' dir='ltr'>Β</span> <span class='ocrx_word' id='word_1_220' title='bbox 1998 1944 2092 2000; x_wconf 91' lang='lat' dir='ltr'><strong>llle</strong></span> <span class='ocrx_word' id='word_1_221' title='bbox 2129 1946 2256 2002; x_wconf 64' lang='lat' dir='ltr'><strong>Elim</strong></span> <span class='ocrx_word' id='word_1_222' title='bbox 2285 1948 2547 2015; x_wconf 91' lang='lat' dir='ltr'><strong>studium,</strong></span> <span class='ocrx_word' id='word_1_223' title='bbox 2581 1947 2762 2004; x_wconf 62' lang='lat' dir='ltr'><strong>Elisa&#39;i</strong></span> <span class='ocrx_word' id='word_1_224' title='bbox 2796 1950 3159 2007; x_wconf 85' lang='lat' dir='ltr'><strong>obedientiam</strong></span> <span class='ocrx_word' id='word_1_225' title='bbox 3203 1964 3257 2007; x_wconf 91' lang='lat' dir='ltr'><strong>et</strong></span> <span class='ocrx_word' id='word_1_226' title='bbox 3293 1954 3571 2024; x_wconf 84' lang='lat' dir='ltr'><strong>prodigio-</strong></span> 
     </span>
    </p>
   </div>
   <div class='ocr_carea' id='block_1_33' title="bbox 319 2036 1961 2115">
    <p class='ocr_par' dir='ltr' id='par_1_33' title="bbox 319 2040 1894 2115">
     <span class='ocr_line' id='line_1_35' title="bbox 319 2040 1894 2115; baseline -0.001 -21"><span class='ocrx_word' id='word_1_227' title='bbox 319 2042 444 2104; x_wconf 86' lang='grc' dir='ltr'>τοὺς</span> <span class='ocrx_word' id='word_1_228' title='bbox 469 2041 568 2112; x_wconf 82' lang='grc' dir='ltr'>τῆς</span> <span class='ocrx_word' id='word_1_229' title='bbox 605 2040 754 2104; x_wconf 81' lang='grc' dir='ltr'>Θείας</span> <span class='ocrx_word' id='word_1_230' title='bbox 782 2041 1007 2113; x_wconf 86' lang='grc' dir='ltr'>χάριτος</span> <span class='ocrx_word' id='word_1_231' title='bbox 1035 2041 1267 2112; x_wconf 84' lang='grc' dir='ltr'>μύστας,</span> <span class='ocrx_word' id='word_1_232' title='bbox 1298 2040 1509 2115; x_wconf 81' lang='grc' dir='ltr'>Πέτρου</span> <span class='ocrx_word' id='word_1_233' title='bbox 1557 2044 1653 2112; x_wconf 83' lang='grc' dir='ltr'><strong>μὲν</strong></span> <span class='ocrx_word' id='word_1_234' title='bbox 1681 2042 1742 2095; x_wconf 80' lang='grc' dir='ltr'>τὸ</span> <span class='ocrx_word' id='word_1_235' title='bbox 1765 2042 1894 2111; x_wconf 85' lang='grc' dir='ltr'>θερ-</span> 
     </span>
    </p>
   </div>
   <div class='ocr_carea' id='block_1_34' title="bbox 1926 2036 3568 2115">
    <p class='ocr_par' dir='ltr' id='par_1_34' title="bbox 2003 2036 3568 2112">
     <span class='ocr_line' id='line_1_36' title="bbox 2003 2036 3568 2112; baseline 0.006 -22"><span class='ocrx_word' id='word_1_236' title='bbox 2003 2051 2124 2090; x_wconf 89' lang='lat' dir='ltr'><strong>rum</strong></span> <span class='ocrx_word' id='word_1_237' title='bbox 2152 2036 2493 2103; x_wconf 81' lang='lat' dir='ltr'><strong>facilitatem,</strong></span> <span class='ocrx_word' id='word_1_238' title='bbox 2537 2053 2568 2092; x_wconf 91' lang='lat' dir='ltr'><strong>e</strong></span> <span class='ocrx_word' id='word_1_239' title='bbox 2600 2039 2814 2109; x_wconf 81' lang='lat' dir='ltr'><strong>magnis</strong></span> <span class='ocrx_word' id='word_1_240' title='bbox 2844 2040 2970 2094; x_wconf 85' lang='lat' dir='ltr'><strong>item</strong></span> <span class='ocrx_word' id='word_1_241' title='bbox 2999 2039 3094 2094; x_wconf 86' lang='lat' dir='ltr'><strong>Dei</strong></span> <span class='ocrx_word' id='word_1_242' title='bbox 3125 2044 3390 2112; x_wconf 86' lang='lat' dir='ltr'><strong>apostolis</strong></span> <span class='ocrx_word' id='word_1_243' title='bbox 3424 2042 3568 2099; x_wconf 86' lang='lat' dir='ltr'><strong>Petri</strong></span> 
     </span>
    </p>
   </div>
   <div class='ocr_carea' id='block_1_35' title="bbox 323 2127 1965 2204">
    <p class='ocr_par' dir='ltr' id='par_1_35' title="bbox 323 2132 1893 2204">
     <span class='ocr_line' id='line_1_37' title="bbox 323 2132 1893 2204; baseline 0 -20"><span class='ocrx_word' id='word_1_244' title='bbox 323 2132 446 2202; x_wconf 79' lang='grc' dir='ltr'>μὸν,</span> <span class='ocrx_word' id='word_1_245' title='bbox 479 2132 695 2185; x_wconf 83' lang='grc' dir='ltr'>Παύλου</span> <span class='ocrx_word' id='word_1_246' title='bbox 743 2133 799 2185; x_wconf 85' lang='grc' dir='ltr'>δὲ</span> <span class='ocrx_word' id='word_1_247' title='bbox 838 2133 899 2186; x_wconf 84' lang='grc' dir='ltr'><strong>τὸ</strong></span> <span class='ocrx_word' id='word_1_248' title='bbox 955 2133 1353 2204; x_wconf 82' lang='grc' dir='ltr'>εύπερίδρομον</span> <span class='ocrx_word' id='word_1_249' title='bbox 1403 2135 1499 2188; x_wconf 80' lang='grc' dir='ltr'><strong>καὶ</strong></span> <span class='ocrx_word' id='word_1_250' title='bbox 1554 2135 1893 2204; x_wconf 83' lang='grc' dir='ltr'>έμμέριμνον</span> 
     </span>
    </p>
   </div>
   <div class='ocr_carea' id='block_1_36' title="bbox 1927 2127 3569 2204">
    <p class='ocr_par' dir='ltr' id='par_1_36' title="bbox 2001 2127 3569 2200">
     <span class='ocr_line' id='line_1_38' title="bbox 2001 2127 3569 2200; baseline 0.004 -20"><span class='ocrx_word' id='word_1_251' title='bbox 2001 2127 2280 2182; x_wconf 83' lang='lat' dir='ltr'><strong>ardentem</strong></span> <span class='ocrx_word' id='word_1_252' title='bbox 2312 2129 2583 2194; x_wconf 89' lang='lat' dir='ltr'><strong>animum,</strong></span> <span class='ocrx_word' id='word_1_253' title='bbox 2615 2127 2768 2183; x_wconf 88' lang='lat' dir='ltr'><strong>Pauli</strong></span> <span class='ocrx_word' id='word_1_254' title='bbox 2805 2128 3156 2200; x_wconf 84' lang='lat' dir='ltr'><strong>irrequietam</strong></span> <span class='ocrx_word' id='word_1_255' title='bbox 3193 2133 3434 2186; x_wconf 87' lang='lat' dir='ltr'><strong>omnium</strong></span> <span class='ocrx_word' id='word_1_256' title='bbox 3468 2133 3569 2186; x_wconf 83' lang='lat' dir='ltr'><strong>Ec-</strong></span> 
     </span>
    </p>
   </div>
   <div class='ocr_carea' id='block_1_37' title="bbox 320 2220 1962 2296">
    <p class='ocr_par' dir='ltr' id='par_1_37' title="bbox 320 2223 1894 2296">
     <span class='ocr_line' id='line_1_39' title="bbox 320 2223 1894 2296; baseline 0 -20"><span class='ocrx_word' id='word_1_257' title='bbox 320 2226 442 2287; x_wconf 82' lang='grc' dir='ltr'>ταῐς</span> <span class='ocrx_word' id='word_1_258' title='bbox 472 2223 566 2276; x_wconf 78' lang='grc' dir='ltr'>τοῦ</span> <span class='ocrx_word' id='word_1_259' title='bbox 612 2224 746 2277; x_wconf 81' lang='grc' dir='ltr'>Θεοῦ</span> <span class='ocrx_word' id='word_1_260' title='bbox 787 2225 1135 2295; x_wconf 81' lang='grc' dir='ltr'>Ἐκκλησίαις</span> <span class='ocrx_word' id='word_1_261' title='bbox 1183 2225 1564 2279; x_wconf 76' lang='grc' dir='ltr'>διδασκαλικὸν</span> <span class='ocrx_word' id='word_1_262' title='bbox 1614 2228 1894 2296; x_wconf 79' lang='grc' dir='ltr'>κήρυγμα,</span> 
     </span>
    </p>
   </div>
   <div class='ocr_carea' id='block_1_38' title="bbox 1930 2220 3572 2296">
    <p class='ocr_par' dir='ltr' id='par_1_38' title="bbox 2002 2220 3572 2286">
     <span class='ocr_line' id='line_1_40' title="bbox 2002 2220 3572 2286; baseline 0.003 -11"><span class='ocrx_word' id='word_1_263' title='bbox 2002 2220 2292 2275; x_wconf 84' lang='lat' dir='ltr'><strong>clesiarum</strong></span> <span class='ocrx_word' id='word_1_264' title='bbox 2343 2221 2806 2276; x_wconf 90' lang='lat' dir='ltr'><strong>instituendarum</strong></span> <span class='ocrx_word' id='word_1_265' title='bbox 2851 2238 3062 2286; x_wconf 89' lang='lat' dir='ltr'><strong>curam,</strong></span> <span class='ocrx_word' id='word_1_266' title='bbox 3106 2220 3332 2279; x_wconf 86' lang='lat' dir='ltr'><strong>Joannis</strong></span> <span class='ocrx_word' id='word_1_267' title='bbox 3373 2225 3572 2279; x_wconf 87' lang='lat' dir='ltr'><strong>doctri-</strong></span> 
     </span>
    </p>
   </div>
   <div class='ocr_carea' id='block_1_39' title="bbox 323 2311 1965 2387">
    <p class='ocr_par' dir='ltr' id='par_1_39' title="bbox 323 2314 1898 2387">
     <span class='ocr_line' id='line_1_41' title="bbox 323 2314 1898 2387; baseline 0.001 -20"><span class='ocrx_word' id='word_1_268' title='bbox 323 2315 574 2368; x_wconf 84' lang='grc' dir='ltr'>Ἰωάννου</span> <span class='ocrx_word' id='word_1_269' title='bbox 599 2315 660 2367; x_wconf 83' lang='grc' dir='ltr'><strong>τὸ</strong></span> <span class='ocrx_word' id='word_1_270' title='bbox 683 2314 1140 2382; x_wconf 85' lang='grc' dir='ltr'>θεολογικώτατον</span> <span class='ocrx_word' id='word_1_271' title='bbox 1165 2316 1432 2369; x_wconf 72' lang='grc' dir='ltr'>συναῖδιόν</span> <span class='ocrx_word' id='word_1_272' title='bbox 1461 2333 1520 2369; x_wconf 87' lang='grc' dir='ltr'><strong>τε</strong></span> <span class='ocrx_word' id='word_1_273' title='bbox 1549 2317 1642 2370; x_wconf 74' lang='grc' dir='ltr'><strong>καὶ</strong></span> <span class='ocrx_word' id='word_1_274' title='bbox 1672 2317 1898 2387; x_wconf 83' lang='grc' dir='ltr'>ὀμόθρο-</span> 
     </span>
    </p>
   </div>
   <div class='ocr_carea' id='block_1_40' title="bbox 1902 2311 3544 2387">
    <p class='ocr_par' dir='ltr' id='par_1_40' title="bbox 2003 2311 3544 2383">
     <span class='ocr_line' id='line_1_42' title="bbox 2003 2311 3544 2383; baseline 0.005 -19"><span class='ocrx_word' id='word_1_275' title='bbox 2003 2327 2129 2364; x_wconf 87' lang='lat' dir='ltr'><strong>nam</strong></span> <span class='ocrx_word' id='word_1_276' title='bbox 2166 2311 2218 2365; x_wconf 92' lang='lat' dir='ltr'><strong>in</strong></span> <span class='ocrx_word' id='word_1_277' title='bbox 2247 2321 2449 2366; x_wconf 71' lang='lat' dir='ltr'><strong>aeterna</strong></span> <span class='ocrx_word' id='word_1_278' title='bbox 2481 2313 2573 2368; x_wconf 87' lang='lat' dir='ltr'><strong>illa</strong></span> <span class='ocrx_word' id='word_1_279' title='bbox 2611 2323 2665 2368; x_wconf 92' lang='lat' dir='ltr'><strong>et</strong></span> <span class='ocrx_word' id='word_1_280' title='bbox 2702 2314 2898 2383; x_wconf 72' lang='lat' dir='ltr'><strong>aequali</strong></span> <span class='ocrx_word' id='word_1_281' title='bbox 2929 2313 3105 2369; x_wconf 88' lang='lat' dir='ltr'><strong>Patris</strong></span> <span class='ocrx_word' id='word_1_282' title='bbox 3130 2325 3184 2369; x_wconf 90' lang='lat' dir='ltr'><strong>et</strong></span> <span class='ocrx_word' id='word_1_283' title='bbox 3213 2314 3335 2369; x_wconf 83' lang='lat' dir='ltr'><strong>Filii</strong></span> <span class='ocrx_word' id='word_1_284' title='bbox 3367 2325 3421 2370; x_wconf 91' lang='lat' dir='ltr'><strong>et</strong></span> <span class='ocrx_word' id='word_1_285' title='bbox 3445 2332 3544 2370; x_wconf 79' lang='lat' dir='ltr'><strong>Sun</strong></span> 
     </span>
    </p>
   </div>
   <div class='ocr_carea' id='block_1_41' title="bbox 322 2401 1964 2480">
    <p class='ocr_par' dir='ltr' id='par_1_41' title="bbox 322 2407 1899 2480">
     <span class='ocr_line' id='line_1_43' title="bbox 322 2407 1899 2480; baseline 0.001 -19"><span class='ocrx_word' id='word_1_286' title='bbox 322 2425 413 2461; x_wconf 91' lang='grc' dir='ltr'><strong>νον</strong></span> <span class='ocrx_word' id='word_1_287' title='bbox 440 2409 534 2460; x_wconf 65' lang='grc' dir='ltr'><strong>καὶ⁵</strong></span> <span class='ocrx_word' id='word_1_288' title='bbox 570 2407 826 2476; x_wconf 81' lang='grc' dir='ltr'>ὁμόδοξον</span> <span class='ocrx_word' id='word_1_289' title='bbox 855 2409 1070 2480; x_wconf 77' lang='grc' dir='ltr'>Πατρὸς</span> <span class='ocrx_word' id='word_1_290' title='bbox 1103 2409 1195 2462; x_wconf 72' lang='grc' dir='ltr'><strong>καὶ</strong></span> <span class='ocrx_word' id='word_1_291' title='bbox 1221 2408 1351 2462; x_wconf 85' lang='grc' dir='ltr'><strong>Υἱοῦ</strong></span> <span class='ocrx_word' id='word_1_292' title='bbox 1403 2409 1496 2462; x_wconf 79' lang='grc' dir='ltr'>καὶ</span> <span class='ocrx_word' id='word_1_293' title='bbox 1529 2409 1686 2476; x_wconf 80' lang='grc' dir='ltr'>ἁγίου</span> <span class='ocrx_word' id='word_1_294' title='bbox 1731 2409 1899 2463; x_wconf 88' lang='grc' dir='ltr'>Πνεύ-</span> 
     </span>
    </p>
   </div>
   <div class='ocr_carea' id='block_1_42' title="bbox 1929 2401 3571 2480">
    <p class='ocr_par' dir='ltr' id='par_1_42' title="bbox 2004 2401 3571 2475">
     <span class='ocr_line' id='line_1_44' title="bbox 2004 2401 3571 2475; baseline 0.004 -19"><span class='ocrx_word' id='word_1_295' title='bbox 2004 2405 2073 2456; x_wconf 85' lang='lat' dir='ltr'><strong>eti</strong></span> <span class='ocrx_word' id='word_1_296' title='bbox 2101 2401 2333 2471; x_wconf 76' lang='lat' dir='ltr'><strong>Spiritus</strong></span> <span class='ocrx_word' id='word_1_297' title='bbox 2359 2403 2530 2472; x_wconf 84' lang='lat' dir='ltr'><strong>gloria</strong></span> <span class='ocrx_word' id='word_1_298' title='bbox 2563 2414 2858 2470; x_wconf 82' lang='lat' dir='ltr'><strong>versatam,</strong></span> <span class='ocrx_word' id='word_1_299' title='bbox 2889 2413 3158 2475; x_wconf 86' lang='lat' dir='ltr'><strong>quantum</strong></span> <span class='ocrx_word' id='word_1_300' title='bbox 3199 2406 3300 2475; x_wconf 89' lang='lat' dir='ltr'><strong>ipsi</strong></span> <span class='ocrx_word' id='word_1_301' title='bbox 3333 2406 3414 2462; x_wconf 83' lang='lat' dir='ltr'><strong>fas</strong></span> <span class='ocrx_word' id='word_1_302' title='bbox 3447 2409 3571 2468; x_wconf 86' lang='lat' dir='ltr'><strong>fuit.</strong></span> 
     </span>
    </p>
   </div>
   <div class='ocr_carea' id='block_1_43' title="bbox 328 2494 1970 2572">
    <p class='ocr_par' dir='ltr' id='par_1_43' title="bbox 328 2501 1899 2572">
     <span class='ocr_line' id='line_1_45' title="bbox 328 2501 1899 2572; baseline 0.001 -20"><span class='ocrx_word' id='word_1_303' title='bbox 328 2517 518 2570; x_wconf 87' lang='grc' dir='ltr'>ματος,</span> <span class='ocrx_word' id='word_1_304' title='bbox 564 2502 662 2569; x_wconf 77' lang='grc' dir='ltr'>ὅση</span> <span class='ocrx_word' id='word_1_305' title='bbox 703 2501 952 2571; x_wconf 88' lang='grc' dir='ltr'>δύναμις,</span> <span class='ocrx_word' id='word_1_306' title='bbox 986 2502 1315 2572; x_wconf 74' lang='grc' dir='ltr'>ἐμιμήσατο.</span> <span class='ocrx_word' id='word_1_307' title='bbox 1365 2501 1523 2555; x_wconf 83' lang='grc' dir='ltr'>Ἀλλά</span> <span class='ocrx_word' id='word_1_308' title='bbox 1555 2503 1650 2556; x_wconf 56' lang='grc' dir='ltr'><strong>καί¹</strong></span> <span class='ocrx_word' id='word_1_309' title='bbox 1691 2503 1899 2572; x_wconf 79' lang='grc' dir='ltr'>μάρτυς</span> 
     </span>
    </p>
   </div>
   <div class='ocr_carea' id='block_1_44' title="bbox 1931 2494 3573 2572">
    <p class='ocr_par' dir='ltr' id='par_1_44' title="bbox 2007 2494 3573 2570">
     <span class='ocr_line' id='line_1_46' title="bbox 2007 2494 3573 2570; baseline 0.004 -23"><span class='ocrx_word' id='word_1_310' title='bbox 2007 2494 2296 2548; x_wconf 72' lang='lat' dir='ltr'><strong>annulatus</strong></span> <span class='ocrx_word' id='word_1_311' title='bbox 2343 2505 2445 2549; x_wconf 89' lang='lat' dir='ltr'><strong>est.</strong></span> <span class='ocrx_word' id='word_1_312' title='bbox 2477 2494 2619 2562; x_wconf 86' lang='lat' dir='ltr'><strong>Quin</strong></span> <span class='ocrx_word' id='word_1_313' title='bbox 2649 2505 2704 2549; x_wconf 88' lang='lat' dir='ltr'><strong>et</strong></span> <span class='ocrx_word' id='word_1_314' title='bbox 2747 2497 3030 2552; x_wconf 83' lang='lat' dir='ltr'><strong>voluntate</strong></span> <span class='ocrx_word' id='word_1_315' title='bbox 3061 2507 3269 2570; x_wconf 85' lang='lat' dir='ltr'><strong>martyr</strong></span> <span class='ocrx_word' id='word_1_316' title='bbox 3299 2499 3415 2562; x_wconf 88' lang='lat' dir='ltr'><strong>fuit,</strong></span> <span class='ocrx_word' id='word_1_317' title='bbox 3448 2515 3573 2554; x_wconf 91' lang='lat' dir='ltr'><strong>cum</strong></span> 
     </span>
    </p>
   </div>
   <div class='ocr_carea' id='block_1_45' title="bbox 324 2587 1966 2666">
    <p class='ocr_par' dir='ltr' id='par_1_45' title="bbox 324 2593 1901 2666">
     <span class='ocr_line' id='line_1_47' title="bbox 324 2593 1901 2666; baseline 0.001 -22"><span class='ocrx_word' id='word_1_318' title='bbox 324 2593 548 2660; x_wconf 84' lang='grc' dir='ltr'>γέγονεν</span> <span class='ocrx_word' id='word_1_319' title='bbox 578 2595 641 2662; x_wconf 81' lang='grc' dir='ltr'>τῇ</span> <span class='ocrx_word' id='word_1_320' title='bbox 673 2593 1016 2663; x_wconf 81' lang='grc' dir='ltr'>προαιρέσει,</span> <span class='ocrx_word' id='word_1_321' title='bbox 1047 2594 1170 2646; x_wconf 84' lang='grc' dir='ltr'>καθ’</span> <span class='ocrx_word' id='word_1_322' title='bbox 1200 2595 1436 2666; x_wconf 76' lang='grc' dir='ltr'>ἑκάστην</span> <span class='ocrx_word' id='word_1_323' title='bbox 1471 2594 1612 2663; x_wconf 83' lang='grc' dir='ltr'>ὑπὲρ</span> <span class='ocrx_word' id='word_1_324' title='bbox 1643 2595 1738 2664; x_wconf 80' lang='grc' dir='ltr'>τῆς</span> <span class='ocrx_word' id='word_1_325' title='bbox 1769 2594 1901 2665; x_wconf 87' lang='grc' dir='ltr'>ἀλη-</span> 
     </span>
    </p>
   </div>
   <div class='ocr_carea' id='block_1_46' title="bbox 1934 2587 3576 2666">
    <p class='ocr_par' dir='ltr' id='par_1_46' title="bbox 2008 2587 3576 2663">
     <span class='ocr_line' id='line_1_48' title="bbox 2008 2587 3576 2663; baseline 0.004 -21"><span class='ocrx_word' id='word_1_326' title='bbox 2008 2589 2149 2642; x_wconf 86' lang='lat' dir='ltr'><strong>idem</strong></span> <span class='ocrx_word' id='word_1_327' title='bbox 2186 2587 2432 2656; x_wconf 82' lang='lat' dir='ltr'><strong>quotidie</strong></span> <span class='ocrx_word' id='word_1_328' title='bbox 2466 2604 2564 2657; x_wconf 92' lang='lat' dir='ltr'><strong>pro</strong></span> <span class='ocrx_word' id='word_1_329' title='bbox 2601 2590 2834 2644; x_wconf 87' lang='lat' dir='ltr'><strong>veritate</strong></span> <span class='ocrx_word' id='word_1_330' title='bbox 2874 2593 3164 2646; x_wconf 87' lang='lat' dir='ltr'><strong>decertarit</strong></span> <span class='ocrx_word' id='word_1_331' title='bbox 3197 2612 3208 2645; x_wconf 94' lang='lat'>:</span> <span class='ocrx_word' id='word_1_332' title='bbox 3239 2602 3350 2646; x_wconf 92' lang='lat' dir='ltr'><strong>tum</strong></span> <span class='ocrx_word' id='word_1_333' title='bbox 3392 2594 3445 2646; x_wconf 92' lang='lat' dir='ltr'><strong>in</strong></span> <span class='ocrx_word' id='word_1_334' title='bbox 3488 2608 3576 2663; x_wconf 91' lang='lat' dir='ltr'><strong>po-</strong></span> 
     </span>
    </p>
   </div>
   <div class='ocr_carea' id='block_1_47' title="bbox 325 2673 1967 2757">
    <p class='ocr_par' dir='ltr' id='par_1_47' title="bbox 325 2683 1899 2757">
     <span class='ocr_line' id='line_1_49' title="bbox 325 2683 1899 2757; baseline 0.001 -21"><span class='ocrx_word' id='word_1_335' title='bbox 325 2684 476 2747; x_wconf 86' lang='grc' dir='ltr'>θείας</span> <span class='ocrx_word' id='word_1_336' title='bbox 507 2686 928 2755; x_wconf 76' lang='grc' dir='ltr'>ἀγωνιζόμενος,</span> <span class='ocrx_word' id='word_1_337' title='bbox 973 2687 1068 2739; x_wconf 82' lang='grc' dir='ltr'>καὶ</span> <span class='ocrx_word' id='word_1_338' title='bbox 1096 2687 1366 2741; x_wconf 79' lang='grc' dir='ltr'>διδάσκων</span> <span class='ocrx_word' id='word_1_339' title='bbox 1411 2687 1501 2740; x_wconf 67' lang='grc' dir='ltr'>τὸν</span> <span class='ocrx_word' id='word_1_340' title='bbox 1549 2687 1642 2740; x_wconf 73' lang='grc' dir='ltr'>τοῦ</span> <span class='ocrx_word' id='word_1_341' title='bbox 1692 2683 1899 2757; x_wconf 70' lang='grc' dir='ltr'>κυρίου</span> 
     </span>
    </p>
   </div>
   <div class='ocr_carea' id='block_1_48' title="bbox 1932 2673 3574 2757">
    <p class='ocr_par' dir='ltr' id='par_1_48' title="bbox 2009 2673 3574 2749">
     <span class='ocr_line' id='line_1_50' title="bbox 2009 2673 3574 2749; baseline 0.005 -18"><span class='ocrx_word' id='word_1_342' title='bbox 2009 2680 2137 2749; x_wconf 90' lang='lat' dir='ltr'><strong>pulo</strong></span> <span class='ocrx_word' id='word_1_343' title='bbox 2189 2678 2404 2734; x_wconf 89' lang='lat' dir='ltr'><strong>Domini</strong></span> <span class='ocrx_word' id='word_1_344' title='bbox 2453 2680 2781 2747; x_wconf 88' lang='lat' dir='ltr'><strong>imbuendo,</strong></span> <span class='ocrx_word' id='word_1_345' title='bbox 2835 2683 2890 2736; x_wconf 93' lang='lat' dir='ltr'><strong>in</strong></span> <span class='ocrx_word' id='word_1_346' title='bbox 2949 2673 3258 2739; x_wconf 86' lang='lat' dir='ltr'><strong>avertendis</strong></span> <span class='ocrx_word' id='word_1_347' title='bbox 3309 2687 3574 2741; x_wconf 80' lang='lat' dir='ltr'><strong>malarum</strong></span> 
     </span>
    </p>
   </div>
   <div class='ocr_carea' id='block_1_49' title="bbox 324 2771 1966 2849">
    <p class='ocr_par' dir='ltr' id='par_1_49' title="bbox 324 2777 1900 2849">
     <span class='ocr_line' id='line_1_51' title="bbox 324 2777 1900 2849; baseline 0.001 -21"><span class='ocrx_word' id='word_1_348' title='bbox 324 2777 475 2840; x_wconf 78' lang='grc' dir='ltr'>λαὸν,</span> <span class='ocrx_word' id='word_1_349' title='bbox 506 2777 832 2846; x_wconf 85' lang='grc' dir='ltr'>ἀποτρέπων</span> <span class='ocrx_word' id='word_1_350' title='bbox 858 2795 917 2829; x_wconf 90' lang='grc' dir='ltr'><strong>τε</strong></span> <span class='ocrx_word' id='word_1_351' title='bbox 941 2778 1070 2841; x_wconf 75' lang='grc' dir='ltr'>τοὺς</span> <span class='ocrx_word' id='word_1_352' title='bbox 1094 2780 1319 2848; x_wconf 80' lang='grc' dir='ltr'>νοητοὺς</span> <span class='ocrx_word' id='word_1_353' title='bbox 1370 2778 1564 2849; x_wconf 79' lang='grc' dir='ltr'>θῆρας,</span> <span class='ocrx_word' id='word_1_354' title='bbox 1603 2779 1696 2831; x_wconf 58' lang='grc' dir='ltr'><strong>καὶ⁵</strong></span> <span class='ocrx_word' id='word_1_355' title='bbox 1742 2778 1900 2847; x_wconf 83' lang='grc' dir='ltr'>ἀσινῆ</span> 
     </span>
    </p>
   </div>
   <div class='ocr_carea' id='block_1_50' title="bbox 1936 2771 3578 2849">
    <p class='ocr_par' dir='ltr' id='par_1_50' title="bbox 2011 2771 3578 2844">
     <span class='ocr_line' id='line_1_52' title="bbox 2011 2771 3578 2844; baseline 0.006 -19"><span class='ocrx_word' id='word_1_356' title='bbox 2011 2773 2248 2826; x_wconf 78' lang='lat' dir='ltr'><strong>ferarum</strong></span> <span class='ocrx_word' id='word_1_357' title='bbox 2297 2771 2551 2835; x_wconf 89' lang='lat' dir='ltr'><strong>insidiis,</strong></span> <span class='ocrx_word' id='word_1_358' title='bbox 2601 2776 2654 2826; x_wconf 87' lang='lat' dir='ltr'><strong>in</strong></span> <span class='ocrx_word' id='word_1_359' title='bbox 2700 2774 2879 2844; x_wconf 78' lang='lat' dir='ltr'><strong>gregis</strong></span> <span class='ocrx_word' id='word_1_360' title='bbox 2924 2774 3156 2844; x_wconf 89' lang='lat' dir='ltr'><strong>denique</strong></span> <span class='ocrx_word' id='word_1_361' title='bbox 3205 2778 3578 2834; x_wconf 85' lang='lat' dir='ltr'><strong>incolumitate</strong></span> 
     </span>
    </p>
   </div>
   <div class='ocr_carea' id='block_1_51' title="bbox 327 2863 1969 2943">
    <p class='ocr_par' dir='ltr' id='par_1_51' title="bbox 327 2869 1903 2943">
     <span class='ocr_line' id='line_1_53' title="bbox 327 2869 1903 2943; baseline 0.002 -21"><span class='ocrx_word' id='word_1_362' title='bbox 327 2872 427 2940; x_wconf 81' lang='grc' dir='ltr'>τὴν</span> <span class='ocrx_word' id='word_1_363' title='bbox 479 2870 712 2939; x_wconf 85' lang='grc' dir='ltr'>ποίμνην</span> <span class='ocrx_word' id='word_1_364' title='bbox 764 2869 1055 2939; x_wconf 79' lang='grc' dir='ltr'>διατηρῶν,</span> <span class='ocrx_word' id='word_1_365' title='bbox 1117 2872 1386 2943; x_wconf 83' lang='grc' dir='ltr'>ίεραρχῶν</span> <span class='ocrx_word' id='word_1_366' title='bbox 1444 2873 1683 2943; x_wconf 73' lang='grc' dir='ltr'>κρηπὶς,</span> <span class='ocrx_word' id='word_1_367' title='bbox 1739 2872 1903 2925; x_wconf 80' lang='grc' dir='ltr'>ὁσίων</span> 
     </span>
    </p>
   </div>
   <div class='ocr_carea' id='block_1_52' title="bbox 1934 2863 3576 2943">
    <p class='ocr_par' dir='ltr' id='par_1_52' title="bbox 2009 2863 3576 2934">
     <span class='ocr_line' id='line_1_54' title="bbox 2009 2863 3576 2934; baseline 0.004 -17"><span class='ocrx_word' id='word_1_368' title='bbox 2009 2863 2386 2918; x_wconf 79' lang='lat' dir='ltr'><strong>conservanda</strong></span> <span class='ocrx_word' id='word_1_369' title='bbox 2421 2879 2739 2934; x_wconf 83' lang='lat' dir='ltr'><strong>magnorum</strong></span> <span class='ocrx_word' id='word_1_370' title='bbox 2780 2865 3120 2921; x_wconf 87' lang='lat' dir='ltr'><strong>sacerdotum</strong></span> <span class='ocrx_word' id='word_1_371' title='bbox 3151 2869 3317 2934; x_wconf 83' lang='lat' dir='ltr'><strong>basis,</strong></span> <span class='ocrx_word' id='word_1_372' title='bbox 3365 2879 3419 2925; x_wconf 90' lang='lat' dir='ltr'><strong>et</strong></span> <span class='ocrx_word' id='word_1_373' title='bbox 3447 2887 3576 2926; x_wconf 90' lang='lat' dir='ltr'><strong>san-</strong></span> 
     </span>
    </p>
   </div>
   <div class='ocr_carea' id='block_1_53' title="bbox 329 2957 1971 3036">
    <p class='ocr_par' dir='ltr' id='par_1_53' title="bbox 329 2962 1904 3036">
     <span class='ocr_line' id='line_1_55' title="bbox 329 2962 1904 3036; baseline 0.002 -22"><span class='ocrx_word' id='word_1_374' title='bbox 329 2962 633 3032; x_wconf 86' lang='grc' dir='ltr'>ὁμόσκηνος</span> <span class='ocrx_word' id='word_1_375' title='bbox 667 2979 681 2990; x_wconf 89' lang='grc'><strong>·</strong></span> <span class='ocrx_word' id='word_1_376' title='bbox 750 2963 972 3014; x_wconf 77' lang='grc' dir='ltr'>πάντων</span> <span class='ocrx_word' id='word_1_377' title='bbox 1035 2963 1143 3033; x_wconf 76' lang='grc' dir='ltr'>γὰρ</span> <span class='ocrx_word' id='word_1_378' title='bbox 1194 2967 1292 3026; x_wconf 68' lang='grc' dir='ltr'><strong>τὰς</strong></span> <span class='ocrx_word' id='word_1_379' title='bbox 1342 2967 1627 3036; x_wconf 78' lang='grc' dir='ltr'>ἐναρέτους</span> <span class='ocrx_word' id='word_1_380' title='bbox 1685 2964 1904 3034; x_wconf 80' lang='grc' dir='ltr'>τρίϐους</span> 
     </span>
    </p>
   </div>
   <div class='ocr_carea' id='block_1_54' title="bbox 1935 2957 3577 3036">
    <p class='ocr_par' dir='ltr' id='par_1_54' title="bbox 2011 2957 3577 3034">
     <span class='ocr_line' id='line_1_56' title="bbox 2011 2957 3577 3034; baseline 0.006 -25"><span class='ocrx_word' id='word_1_381' title='bbox 2011 2967 2220 3009; x_wconf 90' lang='lat' dir='ltr'><strong>ctorum</strong></span> <span class='ocrx_word' id='word_1_382' title='bbox 2269 2957 2511 3010; x_wconf 83' lang='lat' dir='ltr'><strong>virorum</strong></span> <span class='ocrx_word' id='word_1_383' title='bbox 2561 2957 2974 3014; x_wconf 88' lang='lat' dir='ltr'><strong>contubernalis</strong></span> <span class='ocrx_word' id='word_1_384' title='bbox 3018 2961 3168 3014; x_wconf 83' lang='lat' dir='ltr'><strong>visus</strong></span> <span class='ocrx_word' id='word_1_385' title='bbox 3217 2972 3300 3015; x_wconf 87' lang='lat' dir='ltr'><strong>est</strong></span> <span class='ocrx_word' id='word_1_386' title='bbox 3331 2981 3345 3016; x_wconf 86' lang='lat'><strong>:</strong></span> <span class='ocrx_word' id='word_1_387' title='bbox 3377 2965 3577 3034; x_wconf 71' lang='lat' dir='ltr'><strong>quippe</strong></span> 
     </span>
    </p>
   </div>
   <div class='ocr_carea' id='block_1_55' title="bbox 332 3049 1974 3127">
    <p class='ocr_par' dir='ltr' id='par_1_55' title="bbox 332 3055 1904 3127">
     <span class='ocr_line' id='line_1_57' title="bbox 332 3055 1904 3127; baseline 0.003 -20"><span class='ocrx_word' id='word_1_388' title='bbox 332 3055 475 3108; x_wconf 83' lang='grc' dir='ltr'><strong>κατά</strong></span> <span class='ocrx_word' id='word_1_389' title='bbox 535 3055 596 3108; x_wconf 84' lang='grc' dir='ltr'><strong>τὸ</strong></span> <span class='ocrx_word' id='word_1_390' title='bbox 640 3055 866 3108; x_wconf 74' lang='grc' dir='ltr'>δυνατὸν</span> <span class='ocrx_word' id='word_1_391' title='bbox 915 3055 1084 3126; x_wconf 79' lang='grc' dir='ltr'>αὐτῷ,</span> <span class='ocrx_word' id='word_1_392' title='bbox 1142 3055 1327 3126; x_wconf 84' lang='grc' dir='ltr'>χάριτι</span> <span class='ocrx_word' id='word_1_393' title='bbox 1359 3058 1563 3127; x_wconf 83' lang='grc' dir='ltr'>Κυρίου</span> <span class='ocrx_word' id='word_1_394' title='bbox 1597 3057 1904 3112; x_wconf 81' lang='grc' dir='ltr'>διώδευσεν.</span> 
     </span>
    </p>
   </div>
   <div class='ocr_carea' id='block_1_56' title="bbox 1932 3049 3574 3127">
    <p class='ocr_par' dir='ltr' id='par_1_56' title="bbox 2013 3049 3574 3123">
     <span class='ocr_line' id='line_1_58' title="bbox 2013 3049 3574 3123; baseline 0.007 -22"><span class='ocrx_word' id='word_1_395' title='bbox 2013 3049 2104 3117; x_wconf 90' lang='lat' dir='ltr'><strong>qui</strong></span> <span class='ocrx_word' id='word_1_396' title='bbox 2159 3064 2350 3103; x_wconf 92' lang='lat' dir='ltr'><strong>omnes</strong></span> <span class='ocrx_word' id='word_1_397' title='bbox 2397 3052 2618 3105; x_wconf 90' lang='lat' dir='ltr'><strong>virtutis</strong></span> <span class='ocrx_word' id='word_1_398' title='bbox 2664 3052 2802 3119; x_wconf 88' lang='lat' dir='ltr'><strong>vias,</strong></span> <span class='ocrx_word' id='word_1_399' title='bbox 2848 3062 3117 3123; x_wconf 88' lang='lat' dir='ltr'><strong>quantum</strong></span> <span class='ocrx_word' id='word_1_400' title='bbox 3167 3056 3310 3110; x_wconf 90' lang='lat' dir='ltr'><strong>vires</strong></span> <span class='ocrx_word' id='word_1_401' title='bbox 3354 3058 3574 3119; x_wconf 85' lang='lat' dir='ltr'><strong>ferrent.</strong></span> 
     </span>
    </p>
   </div>
   <div class='ocr_carea' id='block_1_57' title="bbox 333 3137 1975 3220">
    <p class='ocr_par' dir='ltr' id='par_1_57' title="bbox 333 3148 1904 3220">
     <span class='ocr_line' id='line_1_59' title="bbox 333 3148 1904 3220; baseline -0.001 -18"><span class='ocrx_word' id='word_1_402' title='bbox 333 3150 447 3202; x_wconf 73' lang='grc' dir='ltr'><strong>Καὶ</strong></span> <span class='ocrx_word' id='word_1_403' title='bbox 484 3148 849 3220; x_wconf 80' lang='grc' dir='ltr'>μαρτυροῦσιν</span> <span class='ocrx_word' id='word_1_404' title='bbox 884 3150 940 3201; x_wconf 79' lang='grc' dir='ltr'><strong>αἱ</strong></span> <span class='ocrx_word' id='word_1_405' title='bbox 982 3150 1152 3212; x_wconf 87' lang='grc' dir='ltr'>ίάσεις</span> <span class='ocrx_word' id='word_1_406' title='bbox 1179 3150 1237 3200; x_wconf 80' lang='grc' dir='ltr'><strong>ἐν</strong></span> <span class='ocrx_word' id='word_1_407' title='bbox 1288 3151 1354 3220; x_wconf 74' lang='grc' dir='ltr'>τῇ</span> <span class='ocrx_word' id='word_1_408' title='bbox 1387 3149 1505 3220; x_wconf 75' lang='grc' dir='ltr'>θείᾳ</span> <span class='ocrx_word' id='word_1_409' title='bbox 1553 3149 1694 3220; x_wconf 80' lang='grc' dir='ltr'>σορῷ</span> <span class='ocrx_word' id='word_1_410' title='bbox 1741 3148 1904 3202; x_wconf 79' lang='grc' dir='ltr'>αὐτοῦ</span> 
     </span>
    </p>
   </div>
   <div class='ocr_carea' id='block_1_58' title="bbox 1937 3137 3579 3220">
    <p class='ocr_par' dir='ltr' id='par_1_58' title="bbox 2015 3137 3579 3213">
     <span class='ocr_line' id='line_1_60' title="bbox 2015 3137 3579 3213; baseline 0.007 -22"><span class='ocrx_word' id='word_1_411' title='bbox 2015 3137 2247 3192; x_wconf 89' lang='lat' dir='ltr'><strong>Domino</strong></span> <span class='ocrx_word' id='word_1_412' title='bbox 2293 3138 2507 3194; x_wconf 80' lang='lat' dir='ltr'><strong>favente</strong></span> <span class='ocrx_word' id='word_1_413' title='bbox 2540 3142 2715 3196; x_wconf 88' lang='lat' dir='ltr'><strong>obivit</strong></span> <span class='ocrx_word' id='word_1_414' title='bbox 2746 3157 2760 3194; x_wconf 88' lang='lat'><strong>:</strong></span> <span class='ocrx_word' id='word_1_415' title='bbox 2787 3145 2934 3213; x_wconf 88' lang='lat' dir='ltr'><strong>quod</strong></span> <span class='ocrx_word' id='word_1_416' title='bbox 2975 3153 3029 3198; x_wconf 90' lang='lat' dir='ltr'><strong>et</strong></span> <span class='ocrx_word' id='word_1_417' title='bbox 3075 3147 3321 3199; x_wconf 86' lang='lat' dir='ltr'><strong>omnium</strong></span> <span class='ocrx_word' id='word_1_418' title='bbox 3365 3149 3579 3203; x_wconf 87' lang='lat' dir='ltr'><strong>morbo-</strong></span> 
     </span>
    </p>
   </div>
   <div class='ocr_carea' id='block_1_59' title="bbox 334 3231 1976 3351">
    <p class='ocr_par' dir='ltr' id='par_1_59' title="bbox 334 3235 1976 3351">
     <span class='ocr_line' id='line_1_61' title="bbox 334 3235 1976 3351; baseline 0.002 -64"><span class='ocrx_word' id='word_1_419' title='bbox 334 3237 430 3288; x_wconf 67' lang='grc' dir='ltr'>ἀπὶ</span> <span class='ocrx_word' id='word_1_420' title='bbox 451 3235 668 3289; x_wconf 74' lang='grc' dir='ltr'>πάντων</span> <span class='ocrx_word' id='word_1_421' title='bbox 692 3237 1036 3306; x_wconf 81' lang='grc' dir='ltr'>νοσημάτων.</span> <span class='ocrx_word' id='word_1_422' title='bbox 1937 3294 1976 3351; x_wconf 73' lang='lat' dir='ltr'><strong><em>C</em></strong></span> 
     </span>
    </p>
   </div>
   <div class='ocr_carea' id='block_1_60' title="bbox 1941 3231 3583 3351">
    <p class='ocr_par' dir='ltr' id='par_1_60' title="bbox 1941 3231 3583 3351">
     <span class='ocr_line' id='line_1_62' title="bbox 1941 3231 3583 3351; baseline 0.007 -70"><span class='ocrx_word' id='word_1_423' title='bbox 1941 3294 1979 3351; x_wconf 63' lang='grc' dir='ltr'>Ο</span> <span class='ocrx_word' id='word_1_424' title='bbox 2014 3245 2134 3282; x_wconf 91' lang='lat' dir='ltr'><strong>rum</strong></span> <span class='ocrx_word' id='word_1_425' title='bbox 2182 3231 2249 3284; x_wconf 89' lang='lat' dir='ltr'><strong>ad</strong></span> <span class='ocrx_word' id='word_1_426' title='bbox 2301 3232 2544 3287; x_wconf 89' lang='lat' dir='ltr'><strong>divinum</strong></span> <span class='ocrx_word' id='word_1_427' title='bbox 2599 3235 2910 3303; x_wconf 87' lang='lat' dir='ltr'><strong>sepulcrum</strong></span> <span class='ocrx_word' id='word_1_428' title='bbox 2963 3236 3083 3305; x_wconf 87' lang='lat' dir='ltr'><strong>ejus</strong></span> <span class='ocrx_word' id='word_1_429' title='bbox 3135 3239 3444 3294; x_wconf 86' lang='lat' dir='ltr'><strong>sanatioues</strong></span> <span class='ocrx_word' id='word_1_430' title='bbox 3499 3249 3583 3292; x_wconf 84' lang='lat' dir='ltr'><strong>te-</strong></span> 
     </span>
     <span class='ocr_line' id='line_1_63' title="bbox 2013 3330 2228 3351; baseline 0 0"><span class='ocrx_word' id='word_1_431' title='bbox 2013 3330 2228 3351; x_wconf 59' lang='grc' dir='ltr'>...η-...η</span> 
     </span>
    </p>
   </div>
   <div class='ocr_carea' id='block_1_61' title="bbox 2012 3330 2249 3376">
    <p class='ocr_par' dir='ltr' id='par_1_61' title="bbox 2012 3330 2249 3376">
     <span class='ocr_line' id='line_1_64' title="bbox 2012 3330 2249 3376; baseline -0.004 0"><span class='ocrx_word' id='word_1_432' title='bbox 2012 3330 2249 3376; x_wconf 86' lang='lat' dir='ltr'><strong>stantur.</strong></span> 
     </span>
    </p>
   </div>
   <div class='ocr_carea' id='block_1_62' title="bbox 409 3411 2051 3490">
    <p class='ocr_par' dir='ltr' id='par_1_62' title="bbox 409 3411 1909 3490">
     <span class='ocr_line' id='line_1_65' title="bbox 409 3411 1909 3490; baseline 0.001 -21"><span class='ocrx_word' id='word_1_433' title='bbox 409 3417 525 3484; x_wconf 60' lang='grc' dir='ltr'>ιβ’.</span> <span class='ocrx_word' id='word_1_434' title='bbox 565 3417 708 3469; x_wconf 79' lang='grc' dir='ltr'>Ἀλλ’</span> <span class='ocrx_word' id='word_1_435' title='bbox 744 3411 788 3470; x_wconf 81' lang='grc' dir='ltr'><strong>ὧ</strong></span> <span class='ocrx_word' id='word_1_436' title='bbox 812 3419 1038 3490; x_wconf 84' lang='grc' dir='ltr'>Πατρῶν</span> <span class='ocrx_word' id='word_1_437' title='bbox 1060 3419 1319 3490; x_wconf 86' lang='grc' dir='ltr'>ἀκρότης,</span> <span class='ocrx_word' id='word_1_438' title='bbox 1350 3418 1637 3490; x_wconf 85' lang='grc' dir='ltr'>Γρηγὸριε,</span> <span class='ocrx_word' id='word_1_439' title='bbox 1690 3419 1909 3490; x_wconf 74' lang='grc' dir='ltr'>παρρη-</span> 
     </span>
    </p>
   </div>
   <div class='ocr_carea' id='block_1_63' title="bbox 1941 3411 3583 3490">
    <p class='ocr_par' dir='ltr' id='par_1_63' title="bbox 2083 3413 3583 3490">
     <span class='ocr_line' id='line_1_66' title="bbox 2083 3413 3583 3490; baseline 0.008 -23"><span class='ocrx_word' id='word_1_440' title='bbox 2083 3413 2244 3468; x_wconf 75' lang='lat' dir='ltr'><strong>XCV.</strong></span> <span class='ocrx_word' id='word_1_441' title='bbox 2285 3418 2375 3478; x_wconf 88' lang='lat' dir='ltr'><strong>At,</strong></span> <span class='ocrx_word' id='word_1_442' title='bbox 2408 3432 2440 3468; x_wconf 89' lang='grc' dir='ltr'><strong>ο</strong></span> <span class='ocrx_word' id='word_1_443' title='bbox 2479 3414 2702 3470; x_wconf 87' lang='lat' dir='ltr'><strong>Patrum</strong></span> <span class='ocrx_word' id='word_1_444' title='bbox 2738 3428 2946 3484; x_wconf 81' lang='lat' dir='ltr'><strong>vertex,</strong></span> <span class='ocrx_word' id='word_1_445' title='bbox 2977 3417 3224 3490; x_wconf 74' lang='lat' dir='ltr'><strong>Gregori,</strong></span> <span class='ocrx_word' id='word_1_446' title='bbox 3256 3420 3464 3477; x_wconf 83' lang='lat' dir='ltr'><strong>Domini</strong></span> <span class='ocrx_word' id='word_1_447' title='bbox 3507 3426 3583 3479; x_wconf 88' lang='lat' dir='ltr'><strong>tui</strong></span> 
     </span>
    </p>
   </div>
   <div class='ocr_carea' id='block_1_64' title="bbox 339 3507 1981 3588">
    <p class='ocr_par' dir='ltr' id='par_1_64' title="bbox 339 3509 1911 3582">
     <span class='ocr_line' id='line_1_67' title="bbox 339 3509 1911 3582; baseline -0.001 -21"><span class='ocrx_word' id='word_1_448' title='bbox 339 3509 464 3561; x_wconf 91' lang='grc' dir='ltr'>σίαν</span> <span class='ocrx_word' id='word_1_449' title='bbox 493 3512 633 3579; x_wconf 74' lang='grc' dir='ltr'>ἔχων</span> <span class='ocrx_word' id='word_1_450' title='bbox 663 3509 798 3579; x_wconf 81' lang='grc' dir='ltr'>πρὸς</span> <span class='ocrx_word' id='word_1_451' title='bbox 833 3509 923 3561; x_wconf 80' lang='grc' dir='ltr'>τὸν</span> <span class='ocrx_word' id='word_1_452' title='bbox 952 3509 1042 3562; x_wconf 81' lang='grc' dir='ltr'><strong>σὸν</strong></span> <span class='ocrx_word' id='word_1_453' title='bbox 1071 3511 1306 3582; x_wconf 79' lang='grc' dir='ltr'>ἐραστήν</span> <span class='ocrx_word' id='word_1_454' title='bbox 1345 3529 1403 3563; x_wconf 88' lang='grc' dir='ltr'><strong>τε</strong></span> <span class='ocrx_word' id='word_1_455' title='bbox 1445 3511 1538 3563; x_wconf 76' lang='grc' dir='ltr'><strong>καὶ</strong></span> <span class='ocrx_word' id='word_1_456' title='bbox 1572 3509 1793 3578; x_wconf 86' lang='grc' dir='ltr'>Κύριον,</span> <span class='ocrx_word' id='word_1_457' title='bbox 1836 3509 1911 3570; x_wconf 81' lang='grc' dir='ltr'>ὡς</span> 
     </span>
    </p>
   </div>
   <div class='ocr_carea' id='block_1_65' title="bbox 1940 3507 3582 3588">
    <p class='ocr_par' dir='ltr' id='par_1_65' title="bbox 2012 3507 3582 3588">
     <span class='ocr_line' id='line_1_68' title="bbox 2012 3507 3582 3588; baseline 0.006 -27"><span class='ocrx_word' id='word_1_458' title='bbox 2012 3507 2374 3561; x_wconf 81' lang='lat' dir='ltr'><strong>amantissimi</strong></span> <span class='ocrx_word' id='word_1_459' title='bbox 2424 3508 2712 3578; x_wconf 86' lang='lat' dir='ltr'><strong>colloquiis</strong></span> <span class='ocrx_word' id='word_1_460' title='bbox 2741 3511 2953 3580; x_wconf 87' lang='lat' dir='ltr'><strong>jamdiu</strong></span> <span class='ocrx_word' id='word_1_461' title='bbox 2985 3511 3224 3582; x_wconf 81' lang='lat' dir='ltr'><strong>dignate,</strong></span> <span class='ocrx_word' id='word_1_462' title='bbox 3256 3516 3344 3568; x_wconf 90' lang='lat' dir='ltr'><strong>cui</strong></span> <span class='ocrx_word' id='word_1_463' title='bbox 3388 3533 3582 3588; x_wconf 82' lang='lat' dir='ltr'><strong>nempe</strong></span> 
     </span>
    </p>
   </div>
   <div class='ocr_carea' id='block_1_66' title="bbox 339 3599 1981 3678">
    <p class='ocr_par' dir='ltr' id='par_1_66' title="bbox 339 3600 1910 3672">
     <span class='ocr_line' id='line_1_69' title="bbox 339 3600 1910 3672; baseline -0.001 -17"><span class='ocrx_word' id='word_1_464' title='bbox 339 3600 435 3655; x_wconf 72' lang='grc' dir='ltr'>ἁτε</span> <span class='ocrx_word' id='word_1_465' title='bbox 472 3601 784 3672; x_wconf 85' lang='grc' dir='ltr'>περιπολῶν</span> <span class='ocrx_word' id='word_1_466' title='bbox 807 3601 883 3670; x_wconf 84' lang='grc' dir='ltr'>τῷ</span> <span class='ocrx_word' id='word_1_467' title='bbox 907 3601 1080 3672; x_wconf 81' lang='grc' dir='ltr'>θρόνῳ</span> <span class='ocrx_word' id='word_1_468' title='bbox 1102 3601 1195 3654; x_wconf 85' lang='grc' dir='ltr'>τοῦ</span> <span class='ocrx_word' id='word_1_469' title='bbox 1218 3603 1450 3656; x_wconf 82' lang='grc' dir='ltr'>Κτίστου</span> <span class='ocrx_word' id='word_1_470' title='bbox 1478 3621 1592 3666; x_wconf 82' lang='grc' dir='ltr'>σου,</span> <span class='ocrx_word' id='word_1_471' title='bbox 1627 3603 1701 3672; x_wconf 82' lang='grc' dir='ltr'>μὴ</span> <span class='ocrx_word' id='word_1_472' title='bbox 1729 3603 1910 3672; x_wconf 80' lang='grc' dir='ltr'>παύσῃ</span> 
     </span>
    </p>
   </div>
   <div class='ocr_carea' id='block_1_67' title="bbox 1944 3599 3586 3678">
    <p class='ocr_par' dir='ltr' id='par_1_67' title="bbox 2014 3599 3586 3678">
     <span class='ocr_line' id='line_1_70' title="bbox 2014 3599 3586 3678; baseline 0.006 -26"><span class='ocrx_word' id='word_1_473' title='bbox 2014 3600 2080 3652; x_wconf 89' lang='lat' dir='ltr'><strong>ad</strong></span> <span class='ocrx_word' id='word_1_474' title='bbox 2119 3599 2429 3652; x_wconf 81' lang='lat' dir='ltr'><strong>Conditoris</strong></span> <span class='ocrx_word' id='word_1_475' title='bbox 2477 3601 2554 3653; x_wconf 92' lang='lat' dir='ltr'><strong>tui</strong></span> <span class='ocrx_word' id='word_1_476' title='bbox 2601 3602 2859 3654; x_wconf 89' lang='lat' dir='ltr'><strong>thronum</strong></span> <span class='ocrx_word' id='word_1_477' title='bbox 2910 3603 3092 3658; x_wconf 88' lang='lat' dir='ltr'><strong>aditus</strong></span> <span class='ocrx_word' id='word_1_478' title='bbox 3139 3615 3312 3673; x_wconf 90' lang='lat' dir='ltr'><strong>patet;</strong></span> <span class='ocrx_word' id='word_1_479' title='bbox 3340 3622 3438 3677; x_wconf 89' lang='lat' dir='ltr'><strong>age</strong></span> <span class='ocrx_word' id='word_1_480' title='bbox 3488 3625 3586 3678; x_wconf 88' lang='lat' dir='ltr'><strong>pro</strong></span> 
     </span>
    </p>
   </div>
   <div class='ocr_carea' id='block_1_68' title="bbox 338 3691 1980 3765">
    <p class='ocr_par' dir='ltr' id='par_1_68' title="bbox 338 3691 1912 3764">
     <span class='ocr_line' id='line_1_71' title="bbox 338 3691 1912 3764; baseline -0.001 -20"><span class='ocrx_word' id='word_1_481' title='bbox 338 3692 606 3745; x_wconf 85' lang='grc' dir='ltr'>δυσωπῶν</span> <span class='ocrx_word' id='word_1_482' title='bbox 661 3692 802 3762; x_wconf 85' lang='grc' dir='ltr'>ὑπὲρ</span> <span class='ocrx_word' id='word_1_483' title='bbox 848 3691 1006 3762; x_wconf 77' lang='grc' dir='ltr'>ἡμῶν</span> <span class='ocrx_word' id='word_1_484' title='bbox 1044 3692 1400 3755; x_wconf 81' lang='grc' dir='ltr'>ἀδιαλείπτως</span> <span class='ocrx_word' id='word_1_485' title='bbox 1438 3693 1514 3764; x_wconf 84' lang='grc' dir='ltr'>τῷ</span> <span class='ocrx_word' id='word_1_486' title='bbox 1547 3692 1912 3763; x_wconf 78' lang='grc' dir='ltr'>φιλανθρώπῳ</span> 
     </span>
    </p>
   </div>
   <div class='ocr_carea' id='block_1_69' title="bbox 1943 3691 3585 3765">
    <p class='ocr_par' dir='ltr' id='par_1_69' title="bbox 2014 3691 3585 3765">
     <span class='ocr_line' id='line_1_72' title="bbox 2014 3691 3585 3765; baseline 0.007 -21"><span class='ocrx_word' id='word_1_487' title='bbox 2014 3691 2168 3745; x_wconf 88' lang='lat' dir='ltr'><strong>nobis</strong></span> <span class='ocrx_word' id='word_1_488' title='bbox 2210 3692 2698 3747; x_wconf 88' lang='lat' dir='ltr'><strong>clementissimum</strong></span> <span class='ocrx_word' id='word_1_489' title='bbox 2732 3692 3023 3748; x_wconf 91' lang='lat' dir='ltr'><strong>Dominum</strong></span> <span class='ocrx_word' id='word_1_490' title='bbox 3057 3706 3318 3765; x_wconf 90' lang='lat' dir='ltr'><strong>perpetuo</strong></span> <span class='ocrx_word' id='word_1_491' title='bbox 3356 3714 3585 3755; x_wconf 80' lang='lat' dir='ltr'><strong>exorare</strong></span> 
     </span>
    </p>
   </div>
   <div class='ocr_carea' id='block_1_70' title="bbox 343 3781 1985 3858">
    <p class='ocr_par' dir='ltr' id='par_1_70' title="bbox 343 3781 1910 3854">
     <span class='ocr_line' id='line_1_73' title="bbox 343 3781 1910 3854; baseline 0.001 -20"><span class='ocrx_word' id='word_1_492' title='bbox 343 3783 590 3851; x_wconf 83' lang='grc' dir='ltr'>Δεσπότῃ</span> <span class='ocrx_word' id='word_1_493' title='bbox 617 3782 752 3848; x_wconf 83' lang='grc' dir='ltr'>ὑπὲρ</span> <span class='ocrx_word' id='word_1_494' title='bbox 779 3781 887 3834; x_wconf 84' lang='grc' dir='ltr'><strong>τῶν</strong></span> <span class='ocrx_word' id='word_1_495' title='bbox 921 3783 1030 3836; x_wconf 89' lang='grc' dir='ltr'><strong>σῶν</strong></span> <span class='ocrx_word' id='word_1_496' title='bbox 1050 3781 1284 3845; x_wconf 78' lang='grc' dir='ltr'>ἀναξίως</span> <span class='ocrx_word' id='word_1_497' title='bbox 1318 3784 1610 3837; x_wconf 89' lang='grc' dir='ltr'>κινούντων</span> <span class='ocrx_word' id='word_1_498' title='bbox 1644 3784 1778 3854; x_wconf 76' lang='grc' dir='ltr'>πρὸς</span> <span class='ocrx_word' id='word_1_499' title='bbox 1809 3784 1910 3836; x_wconf 79' lang='grc' dir='ltr'>ἕπ-</span> 
     </span>
    </p>
   </div>
   <div class='ocr_carea' id='block_1_71' title="bbox 1946 3781 3588 3858">
    <p class='ocr_par' dir='ltr' id='par_1_71' title="bbox 2015 3781 3588 3858">
     <span class='ocr_line' id='line_1_74' title="bbox 2015 3781 3588 3858; baseline 0.008 -25"><span class='ocrx_word' id='word_1_500' title='bbox 2015 3795 2084 3834; x_wconf 88' lang='lat' dir='ltr'><strong>ne</strong></span> <span class='ocrx_word' id='word_1_501' title='bbox 2131 3781 2340 3845; x_wconf 88' lang='lat' dir='ltr'><strong>desine,</strong></span> <span class='ocrx_word' id='word_1_502' title='bbox 2382 3797 2479 3850; x_wconf 90' lang='lat' dir='ltr'><strong>pro</strong></span> <span class='ocrx_word' id='word_1_503' title='bbox 2526 3783 2704 3846; x_wconf 89' lang='lat' dir='ltr'><strong>nobis,</strong></span> <span class='ocrx_word' id='word_1_504' title='bbox 2737 3785 2982 3852; x_wconf 89' lang='lat' dir='ltr'><strong>inquam,</strong></span> <span class='ocrx_word' id='word_1_505' title='bbox 3016 3786 3111 3854; x_wconf 87' lang='lat' dir='ltr'><strong>qui</strong></span> <span class='ocrx_word' id='word_1_506' title='bbox 3152 3788 3230 3841; x_wconf 89' lang='lat' dir='ltr'><strong>tui</strong></span> <span class='ocrx_word' id='word_1_507' title='bbox 3271 3805 3480 3858; x_wconf 91' lang='lat' dir='ltr'><strong>sumus,</strong></span> <span class='ocrx_word' id='word_1_508' title='bbox 3533 3803 3588 3846; x_wconf 79' lang='lat' dir='ltr'><strong>et</strong></span> 
     </span>
    </p>
   </div>
   <div class='ocr_carea' id='block_1_72' title="bbox 345 3871 1987 3947">
    <p class='ocr_par' dir='ltr' id='par_1_72' title="bbox 345 3874 1914 3947">
     <span class='ocr_line' id='line_1_75' title="bbox 345 3874 1914 3947; baseline 0.001 -19"><span class='ocrx_word' id='word_1_509' title='bbox 345 3892 494 3928; x_wconf 87' lang='grc' dir='ltr'>αινον</span> <span class='ocrx_word' id='word_1_510' title='bbox 516 3875 616 3945; x_wconf 84' lang='grc' dir='ltr'>τὴν</span> <span class='ocrx_word' id='word_1_511' title='bbox 669 3875 805 3944; x_wconf 83' lang='grc' dir='ltr'>ἀδαῆ</span> <span class='ocrx_word' id='word_1_512' title='bbox 861 3875 953 3928; x_wconf 72' lang='grc' dir='ltr'><strong>καὶ</strong></span> <span class='ocrx_word' id='word_1_513' title='bbox 1005 3874 1274 3946; x_wconf 78' lang='grc' dir='ltr'>ἄναρθρον</span> <span class='ocrx_word' id='word_1_514' title='bbox 1327 3875 1594 3942; x_wconf 86' lang='grc' dir='ltr'>γλῶτταν.</span> <span class='ocrx_word' id='word_1_515' title='bbox 1650 3875 1750 3928; x_wconf 77' lang='grc' dir='ltr'><strong>Σοῦ</strong></span> <span class='ocrx_word' id='word_1_516' title='bbox 1806 3877 1914 3947; x_wconf 79' lang='grc' dir='ltr'><strong>γὰρ</strong></span> 
     </span>
    </p>
   </div>
   <div class='ocr_carea' id='block_1_73' title="bbox 1948 3871 3590 3947">
    <p class='ocr_par' dir='ltr' id='par_1_73' title="bbox 2015 3871 3590 3944">
     <span class='ocr_line' id='line_1_76' title="bbox 2015 3871 3590 3944; baseline 0.009 -20"><span class='ocrx_word' id='word_1_517' title='bbox 2015 3871 2286 3925; x_wconf 89' lang='lat' dir='ltr'><strong>indoctam</strong></span> <span class='ocrx_word' id='word_1_518' title='bbox 2328 3871 2672 3942; x_wconf 90' lang='lat' dir='ltr'><strong>debilemque</strong></span> <span class='ocrx_word' id='word_1_519' title='bbox 2719 3873 2958 3942; x_wconf 86' lang='lat' dir='ltr'><strong>linguam</strong></span> <span class='ocrx_word' id='word_1_520' title='bbox 3013 3876 3238 3933; x_wconf 64' lang='lat' dir='ltr'><strong>in&#39;tuas</strong></span> <span class='ocrx_word' id='word_1_521' title='bbox 3281 3879 3488 3944; x_wconf 87' lang='lat' dir='ltr'><strong>laudes,</strong></span> <span class='ocrx_word' id='word_1_522' title='bbox 3535 3895 3590 3938; x_wconf 87' lang='lat' dir='ltr'><strong>at</strong></span> 
     </span>
    </p>
   </div>
   <div class='ocr_carea' id='block_1_74' title="bbox 347 3965 1989 4038">
    <p class='ocr_par' dir='ltr' id='par_1_74' title="bbox 347 3967 1912 4038">
     <span class='ocr_line' id='line_1_77' title="bbox 347 3967 1912 4038; baseline 0 -19"><span class='ocrx_word' id='word_1_523' title='bbox 347 3970 602 4037; x_wconf 79' lang='grc' dir='ltr'>παροῖναι</span> <span class='ocrx_word' id='word_1_524' title='bbox 635 3967 738 4018; x_wconf 73' lang='grc' dir='ltr'>ἔδει</span> <span class='ocrx_word' id='word_1_525' title='bbox 759 3967 895 4037; x_wconf 73' lang='grc' dir='ltr'>πρὸς</span> <span class='ocrx_word' id='word_1_526' title='bbox 927 3967 1202 4037; x_wconf 83' lang='grc' dir='ltr'>εὐφημίαν</span> <span class='ocrx_word' id='word_1_527' title='bbox 1244 3967 1304 4019; x_wconf 83' lang='grc' dir='ltr'><strong>τὸ</strong></span> <span class='ocrx_word' id='word_1_528' title='bbox 1357 3969 1628 4038; x_wconf 88' lang='grc' dir='ltr'>ίερότατον</span> <span class='ocrx_word' id='word_1_529' title='bbox 1662 3968 1912 4038; x_wconf 75' lang='grc' dir='ltr'>ὄργανον,</span> 
     </span>
    </p>
   </div>
   <div class='ocr_carea' id='block_1_75' title="bbox 1945 3965 3587 4038">
    <p class='ocr_par' dir='ltr' id='par_1_75' title="bbox 2017 3965 3587 4033">
     <span class='ocr_line' id='line_1_78' title="bbox 2017 3965 3587 4033; baseline 0.007 -15"><span class='ocrx_word' id='word_1_530' title='bbox 2017 3981 2125 4018; x_wconf 90' lang='lat' dir='ltr'><strong>non</strong></span> <span class='ocrx_word' id='word_1_531' title='bbox 2175 3980 2273 4033; x_wconf 88' lang='lat' dir='ltr'><strong>pro</strong></span> <span class='ocrx_word' id='word_1_532' title='bbox 2323 3965 2534 4019; x_wconf 89' lang='lat' dir='ltr'><strong>meritis</strong></span> <span class='ocrx_word' id='word_1_533' title='bbox 2572 3966 2680 4020; x_wconf 88' lang='lat' dir='ltr'><strong>tuis</strong></span> <span class='ocrx_word' id='word_1_534' title='bbox 2720 3967 3006 4020; x_wconf 88' lang='lat' dir='ltr'><strong>solvimus.</strong></span> <span class='ocrx_word' id='word_1_535' title='bbox 3043 3966 3180 4022; x_wconf 89' lang='lat' dir='ltr'><strong>Nam</strong></span> <span class='ocrx_word' id='word_1_536' title='bbox 3231 3971 3297 4024; x_wconf 91' lang='lat' dir='ltr'><strong>ad</strong></span> <span class='ocrx_word' id='word_1_537' title='bbox 3343 3982 3394 4026; x_wconf 87' lang='lat' dir='ltr'><strong>te</strong></span> <span class='ocrx_word' id='word_1_538' title='bbox 3443 3978 3587 4028; x_wconf 86' lang='lat' dir='ltr'><strong>cele-</strong></span> 
     </span>
    </p>
   </div>
   <div class='ocr_carea' id='block_1_76' title="bbox 349 4055 1991 4135">
    <p class='ocr_par' dir='ltr' id='par_1_76' title="bbox 349 4058 1914 4130">
     <span class='ocr_line' id='line_1_79' title="bbox 349 4058 1914 4130; baseline 0.001 -19"><span class='ocrx_word' id='word_1_539' title='bbox 349 4060 479 4121; x_wconf 80' lang='grc' dir='ltr'>ἴσως</span> <span class='ocrx_word' id='word_1_540' title='bbox 504 4061 610 4110; x_wconf 86' lang='grc' dir='ltr'>τών</span> <span class='ocrx_word' id='word_1_541' title='bbox 665 4058 772 4110; x_wconf 88' lang='grc' dir='ltr'><strong>σῶν</strong></span> <span class='ocrx_word' id='word_1_542' title='bbox 821 4059 1112 4128; x_wconf 77' lang='grc' dir='ltr'>ἐγκωμίων</span> <span class='ocrx_word' id='word_1_543' title='bbox 1167 4060 1331 4125; x_wconf 77' lang='grc' dir='ltr'>ἀξίως</span> <span class='ocrx_word' id='word_1_544' title='bbox 1382 4060 1706 4129; x_wconf 71' lang='grc' dir='ltr'>ὲκφράσοιτο</span> <span class='ocrx_word' id='word_1_545' title='bbox 1746 4060 1914 4130; x_wconf 78' lang='grc' dir='ltr'>πρόσ-</span> 
     </span>
    </p>
   </div>
   <div class='ocr_carea' id='block_1_77' title="bbox 1947 4055 3589 4135">
    <p class='ocr_par' dir='ltr' id='par_1_77' title="bbox 2016 4055 3589 4135">
     <span class='ocr_line' id='line_1_80' title="bbox 2016 4055 3589 4135; baseline 0.007 -25"><span class='ocrx_word' id='word_1_546' title='bbox 2016 4055 2287 4110; x_wconf 87' lang='lat' dir='ltr'><strong>brandum</strong></span> <span class='ocrx_word' id='word_1_547' title='bbox 2333 4056 2475 4109; x_wconf 89' lang='lat' dir='ltr'><strong>sacri</strong></span> <span class='ocrx_word' id='word_1_548' title='bbox 2526 4055 2637 4108; x_wconf 91' lang='lat' dir='ltr'><strong>oris</strong></span> <span class='ocrx_word' id='word_1_549' title='bbox 2669 4055 2746 4109; x_wconf 90' lang='lat' dir='ltr'><strong>tui</strong></span> <span class='ocrx_word' id='word_1_550' title='bbox 2787 4055 3044 4111; x_wconf 89' lang='lat' dir='ltr'><strong>facundia</strong></span> <span class='ocrx_word' id='word_1_551' title='bbox 3075 4074 3213 4127; x_wconf 86' lang='lat' dir='ltr'><strong>opus</strong></span> <span class='ocrx_word' id='word_1_552' title='bbox 3261 4060 3425 4128; x_wconf 88' lang='lat' dir='ltr'><strong>foret,</strong></span> <span class='ocrx_word' id='word_1_553' title='bbox 3467 4082 3589 4135; x_wconf 80' lang='lat' dir='ltr'><strong>quae</strong></span> 
     </span>
    </p>
   </div>
   <div class='ocr_carea' id='block_1_78' title="bbox 349 4147 1991 4223">
    <p class='ocr_par' dir='ltr' id='par_1_78' title="bbox 349 4149 1912 4222">
     <span class='ocr_line' id='line_1_81' title="bbox 349 4149 1912 4222; baseline 0.003 -22"><span class='ocrx_word' id='word_1_554' title='bbox 349 4151 588 4218; x_wconf 79' lang='grc' dir='ltr'>φθεγμα.</span> <span class='ocrx_word' id='word_1_555' title='bbox 627 4149 766 4203; x_wconf 82' lang='grc' dir='ltr'>Ἀλλ’</span> <span class='ocrx_word' id='word_1_556' title='bbox 793 4151 940 4219; x_wconf 79' lang='grc' dir='ltr'>ὅμως</span> <span class='ocrx_word' id='word_1_557' title='bbox 973 4151 1032 4203; x_wconf 87' lang='grc' dir='ltr'>τὸ</span> <span class='ocrx_word' id='word_1_558' title='bbox 1087 4151 1184 4221; x_wconf 79' lang='grc' dir='ltr'><strong>τῆς</strong></span> <span class='ocrx_word' id='word_1_559' title='bbox 1218 4153 1584 4222; x_wconf 86' lang='grc' dir='ltr'>προαιρέσεως</span> <span class='ocrx_word' id='word_1_560' title='bbox 1613 4151 1912 4220; x_wconf 80' lang='grc' dir='ltr'>γινώσκων,</span> 
     </span>
    </p>
   </div>
   <div class='ocr_carea' id='block_1_79' title="bbox 1945 4147 3587 4223">
    <p class='ocr_par' dir='ltr' id='par_1_79' title="bbox 2018 4147 3587 4223">
     <span class='ocr_line' id='line_1_82' title="bbox 2018 4147 3587 4223; baseline 0.006 -20"><span class='ocrx_word' id='word_1_561' title='bbox 2018 4149 2154 4209; x_wconf 84' lang='lat' dir='ltr'><strong>sola,</strong></span> <span class='ocrx_word' id='word_1_562' title='bbox 2201 4148 2419 4216; x_wconf 90' lang='lat' dir='ltr'><strong>opinor,</strong></span> <span class='ocrx_word' id='word_1_563' title='bbox 2452 4147 2674 4201; x_wconf 84' lang='lat' dir='ltr'><strong>laudum</strong></span> <span class='ocrx_word' id='word_1_564' title='bbox 2717 4155 2934 4202; x_wconf 89' lang='lat' dir='ltr'><strong>tuarum</strong></span> <span class='ocrx_word' id='word_1_565' title='bbox 2970 4151 3242 4218; x_wconf 71' lang='lat' dir='ltr'><strong>praeconio</strong></span> <span class='ocrx_word' id='word_1_566' title='bbox 3277 4169 3372 4223; x_wconf 88' lang='lat' dir='ltr'><strong>par</strong></span> <span class='ocrx_word' id='word_1_567' title='bbox 3419 4167 3587 4212; x_wconf 88' lang='lat' dir='ltr'><strong>esset.</strong></span> 
     </span>
    </p>
   </div>
   <div class='ocr_carea' id='block_1_80' title="bbox 349 4237 1991 4320">
    <p class='ocr_par' dir='ltr' id='par_1_80' title="bbox 349 4237 1918 4312">
     <span class='ocr_line' id='line_1_83' title="bbox 349 4237 1918 4312; baseline 0.003 -21"><span class='ocrx_word' id='word_1_568' title='bbox 349 4237 425 4308; x_wconf 84' lang='grc' dir='ltr'>μὴ</span> <span class='ocrx_word' id='word_1_569' title='bbox 456 4238 758 4291; x_wconf 75' lang='grc' dir='ltr'>ἀπαναίνω</span> <span class='ocrx_word' id='word_1_570' title='bbox 791 4239 892 4308; x_wconf 78' lang='grc' dir='ltr'>τῆς</span> <span class='ocrx_word' id='word_1_571' title='bbox 950 4241 1087 4309; x_wconf 77' lang='grc' dir='ltr'><strong>ὲμῆς</strong></span> <span class='ocrx_word' id='word_1_572' title='bbox 1140 4241 1490 4312; x_wconf 75' lang='grc' dir='ltr'>ταλαιπώρου</span> <span class='ocrx_word' id='word_1_573' title='bbox 1557 4241 1792 4308; x_wconf 65' lang='grc' dir='ltr'>διανοίας</span> <span class='ocrx_word' id='word_1_574' title='bbox 1849 4243 1918 4296; x_wconf 86' lang='grc' dir='ltr'>τὰ</span> 
     </span>
    </p>
   </div>
   <div class='ocr_carea' id='block_1_81' title="bbox 1949 4237 3591 4320">
    <p class='ocr_par' dir='ltr' id='par_1_81' title="bbox 2021 4240 3591 4320">
     <span class='ocr_line' id='line_1_84' title="bbox 2021 4240 3591 4320; baseline 0.006 -26"><span class='ocrx_word' id='word_1_575' title='bbox 2021 4240 2123 4295; x_wconf 89' lang='lat' dir='ltr'><strong>Sed</strong></span> <span class='ocrx_word' id='word_1_576' title='bbox 2153 4251 2335 4295; x_wconf 86' lang='lat' dir='ltr'><strong>tamen</strong></span> <span class='ocrx_word' id='word_1_577' title='bbox 2375 4256 2501 4294; x_wconf 89' lang='lat' dir='ltr'><strong>cum</strong></span> <span class='ocrx_word' id='word_1_578' title='bbox 2543 4241 2785 4294; x_wconf 91' lang='lat' dir='ltr'><strong>animum</strong></span> <span class='ocrx_word' id='word_1_579' title='bbox 2817 4256 3034 4307; x_wconf 86' lang='lat' dir='ltr'><strong>noscas,</strong></span> <span class='ocrx_word' id='word_1_580' title='bbox 3084 4244 3249 4299; x_wconf 88' lang='lat' dir='ltr'><strong>hosce</strong></span> <span class='ocrx_word' id='word_1_581' title='bbox 3279 4261 3433 4303; x_wconf 89' lang='lat' dir='ltr'><strong>meos</strong></span> <span class='ocrx_word' id='word_1_582' title='bbox 3466 4265 3591 4320; x_wconf 88' lang='lat' dir='ltr'><strong>per-</strong></span> 
     </span>
    </p>
   </div>
   <div class='ocr_carea' id='block_1_82' title="bbox 347 4326 1989 4402">
    <p class='ocr_par' dir='ltr' id='par_1_82' title="bbox 347 4326 1918 4401">
     <span class='ocr_line' id='line_1_85' title="bbox 347 4326 1918 4401; baseline 0.003 -22"><span class='ocrx_word' id='word_1_583' title='bbox 347 4326 590 4398; x_wconf 85' lang='grc' dir='ltr'>νηπιὼδη</span> <span class='ocrx_word' id='word_1_584' title='bbox 622 4328 985 4398; x_wconf 74' lang='grc' dir='ltr'>ψελλίσματα.</span> <span class='ocrx_word' id='word_1_585' title='bbox 1025 4331 1241 4385; x_wconf 84' lang='grc' dir='ltr'>Παῦσον</span> <span class='ocrx_word' id='word_1_586' title='bbox 1296 4333 1364 4384; x_wconf 80' lang='grc' dir='ltr'>τὰ</span> <span class='ocrx_word' id='word_1_587' title='bbox 1417 4334 1525 4385; x_wconf 87' lang='grc' dir='ltr'><strong>τῶν</strong></span> <span class='ocrx_word' id='word_1_588' title='bbox 1579 4332 1918 4401; x_wconf 69' lang='grc' dir='ltr'>Ἐκκὶησιῶν</span> 
     </span>
    </p>
   </div>
   <div class='ocr_carea' id='block_1_83' title="bbox 1947 4326 3589 4402">
    <p class='ocr_par' dir='ltr' id='par_1_83' title="bbox 2019 4331 3589 4402">
     <span class='ocr_line' id='line_1_86' title="bbox 2019 4331 3589 4402; baseline 0.004 -14"><span class='ocrx_word' id='word_1_589' title='bbox 2019 4333 2235 4402; x_wconf 79' lang='lat' dir='ltr'><strong>exiguae</strong></span> <span class='ocrx_word' id='word_1_590' title='bbox 2265 4331 2466 4386; x_wconf 91' lang='lat' dir='ltr'><strong>mentis</strong></span> <span class='ocrx_word' id='word_1_591' title='bbox 2490 4347 2554 4386; x_wconf 92' lang='lat' dir='ltr'><strong>ac</strong></span> <span class='ocrx_word' id='word_1_592' title='bbox 2582 4343 2837 4401; x_wconf 88' lang='lat' dir='ltr'><strong>tanquam</strong></span> <span class='ocrx_word' id='word_1_593' title='bbox 2868 4335 3020 4401; x_wconf 88' lang='lat' dir='ltr'><strong>pueri</strong></span> <span class='ocrx_word' id='word_1_594' title='bbox 3043 4334 3394 4393; x_wconf 73' lang='lat' dir='ltr'><strong>lialhutientis</strong></span> <span class='ocrx_word' id='word_1_595' title='bbox 3420 4353 3589 4394; x_wconf 87' lang='lat' dir='ltr'><strong>cona-</strong></span> 
     </span>
    </p>
   </div>
   <div class='ocr_carea' id='block_1_84' title="bbox 348 4410 1990 4494">
    <p class='ocr_par' dir='ltr' id='par_1_84' title="bbox 348 4410 1918 4492">
     <span class='ocr_line' id='line_1_87' title="bbox 348 4410 1918 4492; baseline 0.004 -21"><span class='ocrx_word' id='word_1_596' title='bbox 348 4419 794 4490; x_wconf 71' lang='grc' dir='ltr'>ὶξαιρετιζόντων</span> <span class='ocrx_word' id='word_1_597' title='bbox 856 4410 1250 4492; x_wconf 74' lang='grc' dir='ltr'>ἐπεγειρόμενά</span> <span class='ocrx_word' id='word_1_598' title='bbox 1314 4423 1607 4486; x_wconf 82' lang='grc' dir='ltr'>σκάνδαλα,</span> <span class='ocrx_word' id='word_1_599' title='bbox 1659 4424 1756 4487; x_wconf 85' lang='grc' dir='ltr'>τὰς</span> <span class='ocrx_word' id='word_1_600' title='bbox 1810 4425 1918 4477; x_wconf 89' lang='grc' dir='ltr'><strong>τῶν</strong></span> 
     </span>
    </p>
   </div>
   <div class='ocr_carea' id='block_1_85' title="bbox 1947 4410 3589 4494">
    <p class='ocr_par' dir='ltr' id='par_1_85' title="bbox 2021 4421 3589 4494">
     <span class='ocr_line' id='line_1_88' title="bbox 2021 4421 3589 4494; baseline 0.005 -16"><span class='ocrx_word' id='word_1_601' title='bbox 2021 4435 2108 4478; x_wconf 89' lang='lat' dir='ltr'><strong>tus</strong></span> <span class='ocrx_word' id='word_1_602' title='bbox 2161 4440 2228 4477; x_wconf 87' lang='lat' dir='ltr'><strong>ne</strong></span> <span class='ocrx_word' id='word_1_603' title='bbox 2287 4424 2540 4492; x_wconf 87' lang='lat' dir='ltr'><strong>repudies</strong></span> <span class='ocrx_word' id='word_1_604' title='bbox 2588 4422 2722 4494; x_wconf 66' lang='lat'><strong>(“26).</strong></span> <span class='ocrx_word' id='word_1_605' title='bbox 2782 4421 2861 4476; x_wconf 88' lang='lat' dir='ltr'><strong>Tu</strong></span> <span class='ocrx_word' id='word_1_606' title='bbox 2914 4439 3043 4478; x_wconf 89' lang='lat' dir='ltr'><strong>vero</strong></span> <span class='ocrx_word' id='word_1_607' title='bbox 3101 4426 3469 4485; x_wconf 81' lang='lat' dir='ltr'><strong>Ecclesiarum</strong></span> <span class='ocrx_word' id='word_1_608' title='bbox 3535 4433 3589 4486; x_wconf 90' lang='lat' dir='ltr'><strong>in</strong></span> 
     </span>
    </p>
   </div>
   <div class='ocr_carea' id='block_1_86' title="bbox 428 4556 2070 4636">
    <p class='ocr_par' dir='ltr' id='par_1_86' title="bbox 428 4556 2070 4636">
     <span class='ocr_line' id='line_1_89' title="bbox 428 4556 2070 4636; baseline 0.002 -23"><span class='ocrx_word' id='word_1_609' title='bbox 428 4557 542 4636; x_wconf 68' lang='grc'><strong>(24)</strong></span> <span class='ocrx_word' id='word_1_610' title='bbox 591 4558 780 4636; x_wconf 83' lang='lat' dir='ltr'><strong>Pirrus</strong></span> <span class='ocrx_word' id='word_1_611' title='bbox 819 4557 884 4636; x_wconf 86' lang='lat' dir='ltr'><strong>_in</strong></span> <span class='ocrx_word' id='word_1_612' title='bbox 933 4556 1544 4636; x_wconf 15' lang='lat' dir='ltr'><strong>NotitiaAArgrigcntina</strong></span> <span class='ocrx_word' id='word_1_613' title='bbox 1591 4561 1916 4636; x_wconf 73' lang='lat' dir='ltr'><strong>anno_616,</strong></span> <span class='ocrx_word' id='word_1_614' title='bbox 2021 4564 2070 4616; x_wconf 67' lang='lat' dir='ltr'><strong>an</strong></span> 
     </span>
    </p>
   </div>
   <div class='ocr_carea' id='block_1_87' title="bbox 1947 4556 3589 4636">
    <p class='ocr_par' dir='ltr' id='par_1_87' title="bbox 2021 4558 3589 4636">
     <span class='ocr_line' id='line_1_90' title="bbox 2021 4558 3589 4636; baseline -0.004 -21"><span class='ocrx_word' id='word_1_615' title='bbox 2021 4560 2253 4636; x_wconf 80' lang='grc' dir='ltr'>ἀνδρῶν,</span> <span class='ocrx_word' id='word_1_616' title='bbox 2277 4560 2357 4636; x_wconf 62' lang='grc' dir='ltr'><strong>ότι</strong></span> <span class='ocrx_word' id='word_1_617' title='bbox 2387 4558 2653 4636; x_wconf 62' lang='grc' dir='ltr'>διᾲ-τινας</span> <span class='ocrx_word' id='word_1_618' title='bbox 2692 4559 2883 4636; x_wconf 68' lang='grc' dir='ltr'>χρείας</span> <span class='ocrx_word' id='word_1_619' title='bbox 2900 4559 3589 4636; x_wconf 12' lang='grc' dir='ltr'>ψυχωφελείςγπαραγενό-</span> 
     </span>
    </p>
   </div>
   <div class='ocr_carea' id='block_1_88' title="bbox 352 4628 1994 4710">
    <p class='ocr_par' dir='ltr' id='par_1_88' title="bbox 352 4628 1994 4710">
     <span class='ocr_line' id='line_1_91' title="bbox 352 4628 1994 4710; baseline 0.001 -27"><span class='ocrx_word' id='word_1_620' title='bbox 352 4633 676 4710; x_wconf 60' lang='lat' dir='ltr'><strong>episcopum</strong></span> <span class='ocrx_word' id='word_1_621' title='bbox 702 4628 1116 4710; x_wconf 77' lang='lat' dir='ltr'><strong>Agrigentinum</strong></span> <span class='ocrx_word' id='word_1_622' title='bbox 1137 4628 1279 4710; x_wconf 69' lang='lat' dir='ltr'><strong>facit</strong></span> <span class='ocrx_word' id='word_1_623' title='bbox 1309 4628 1596 4710; x_wconf 65' lang='lat' dir='ltr'><strong>Liberium.</strong></span> <span class='ocrx_word' id='word_1_624' title='bbox 1637 4633 1687 4710; x_wconf 84' lang='lat' dir='ltr'><strong>l_d</strong></span> <span class='ocrx_word' id='word_1_625' title='bbox 1721 4634 1766 4686; x_wconf 89' lang='lat' dir='ltr'><strong>si</strong></span> <span class='ocrx_word' id='word_1_626' title='bbox 1793 4648 1923 4686; x_wconf 82' lang='lat' dir='ltr'><strong>eon-</strong></span> <span class='ocrx_word' id='word_1_627' title='bbox 1952 4641 1994 4700; x_wconf 79' lang='grc' dir='ltr'><strong>ι)</strong></span> 
     </span>
    </p>
   </div>
   <div class='ocr_carea' id='block_1_89' title="bbox 1947 4628 3589 4710">
    <p class='ocr_par' dir='ltr' id='par_1_89' title="bbox 1952 4628 3589 4710">
     <span class='ocr_line' id='line_1_92' title="bbox 1952 4628 3589 4710; baseline 0 0"><span class='ocrx_word' id='word_1_628' title='bbox 1952 4641 1998 4700; x_wconf 91' lang='lat' dir='ltr'><strong>D</strong></span> <span class='ocrx_word' id='word_1_629' title='bbox 2028 4628 2188 4710; x_wconf 51' lang='lat' dir='ltr'><strong>ratio;</strong></span> <span class='ocrx_word' id='word_1_630' title='bbox 2213 4633 2241 4683; x_wconf 72' lang='grc' dir='ltr'><strong>ὁ</strong></span> <span class='ocrx_word' id='word_1_631' title='bbox 2275 4631 2426 4710; x_wconf 61' lang='lat' dir='ltr'><strong>imi</strong></span> <span class='ocrx_word' id='word_1_632' title='bbox 2451 4628 3197 4710; x_wconf 56' lang='grc' dir='ltr'><strong>ῌφτὴρ..ῆμιῖξι.ἓ“ρη⁷γάειος</strong></span> <span class='ocrx_word' id='word_1_633' title='bbox 3252 4635 3311 4686; x_wconf 72' lang='grc' dir='ltr'>ὲν</span> <span class='ocrx_word' id='word_1_634' title='bbox 3360 4628 3589 4710; x_wconf 44' lang='lat' dir='ltr'><strong>suae.</strong></span> 
     </span>
    </p>
   </div>
   <div class='ocr_carea' id='block_1_90' title="bbox 356 4697 1998 4770">
    <p class='ocr_par' dir='ltr' id='par_1_90' title="bbox 356 4697 1976 4766">
     <span class='ocr_line' id='line_1_93' title="bbox 356 4697 1976 4766; baseline 0.002 -13"><span class='ocrx_word' id='word_1_635' title='bbox 356 4697 874 4766; x_wconf 49' lang='lat' dir='ltr'><strong>staret,&#39;Gregorius</strong></span> <span class='ocrx_word' id='word_1_636' title='bbox 904 4709 1088 4753; x_wconf 84' lang='lat' dir='ltr'><strong>noster</strong></span> <span class='ocrx_word' id='word_1_637' title='bbox 1116 4702 1419 4756; x_wconf 87' lang='lat' dir='ltr'><strong>decessisse</strong></span> <span class='ocrx_word' id='word_1_638' title='bbox 1466 4703 1730 4758; x_wconf 83' lang='lat' dir='ltr'><strong>dicendus</strong></span> <span class='ocrx_word' id='word_1_639' title='bbox 1772 4712 1919 4757; x_wconf 87' lang='lat' dir='ltr'><strong>esset</strong></span> <span class='ocrx_word' id='word_1_640' title='bbox 1953 4697 1976 4700; x_wconf 33' lang='grc' dir='ltr'><strong><em>Ὗ</em></strong></span> 
     </span>
    </p>
   </div>
   <div class='ocr_carea' id='block_1_91' title="bbox 1949 4697 3591 4770">
    <p class='ocr_par' dir='ltr' id='par_1_91' title="bbox 1953 4697 3591 4770">
     <span class='ocr_line' id='line_1_94' title="bbox 1953 4697 3591 4770; baseline 0.004 -16"><span class='ocrx_word' id='word_1_641' title='bbox 1953 4697 1976 4700; x_wconf 35' lang='grc' dir='ltr'><strong><em>Ὗ</em></strong></span> <span class='ocrx_word' id='word_1_642' title='bbox 2024 4697 2201 4754; x_wconf 75' lang='grc' dir='ltr'>ἐκεῖσε</span> <span class='ocrx_word' id='word_1_643' title='bbox 2239 4700 2301 4752; x_wconf 77' lang='grc' dir='ltr'>τὸ</span> <span class='ocrx_word' id='word_1_644' title='bbox 2333 4697 2428 4751; x_wconf 85' lang='grc' dir='ltr'>τοῦ</span> <span class='ocrx_word' id='word_1_645' title='bbox 2459 4697 2758 4770; x_wconf 66' lang='grc' dir='ltr'>βίουτέλος</span> <span class='ocrx_word' id='word_1_646' title='bbox 2784 4697 3038 4770; x_wconf 63' lang='grc' dir='ltr'>ἐδέξατο,</span> <span class='ocrx_word' id='word_1_647' title='bbox 3082 4697 3136 4755; x_wconf 82' lang='lat' dir='ltr'><strong>ld</strong></span> <span class='ocrx_word' id='word_1_648' title='bbox 3186 4714 3270 4757; x_wconf 90' lang='lat' dir='ltr'><strong>est</strong></span> <span class='ocrx_word' id='word_1_649' title='bbox 3307 4722 3321 4758; x_wconf 88' lang='lat'><strong>:</strong></span> <span class='ocrx_word' id='word_1_650' title='bbox 3360 4697 3591 4770; x_wconf 62' lang='lat' dir='ltr'><strong>Quidam</strong></span> 
     </span>
    </p>
   </div>
   <div class='ocr_carea' id='block_1_92' title="bbox 355 4769 3589 4842">
    <p class='ocr_par' dir='ltr' id='par_1_92' title="bbox 355 4769 3589 4842">
     <span class='ocr_line' id='line_1_95' title="bbox 355 4769 3589 4842; baseline 0.002 -20"><span class='ocrx_word' id='word_1_651' title='bbox 355 4778 484 4823; x_wconf 85' lang='lat' dir='ltr'><strong>ante</strong></span> <span class='ocrx_word' id='word_1_652' title='bbox 517 4785 719 4842; x_wconf 86' lang='lat' dir='ltr'><strong>annum</strong></span> <span class='ocrx_word' id='word_1_653' title='bbox 748 4771 930 4842; x_wconf 55' lang='lat' dir='ltr'><strong>gelatis</strong></span> <span class='ocrx_word' id='word_1_654' title='bbox 960 4770 1471 4842; x_wconf 73' lang='lat' dir='ltr'><strong>quinquagesimum</strong></span> <span class='ocrx_word' id='word_1_655' title='bbox 1505 4773 1820 4842; x_wconf 84' lang='lat' dir='ltr'><strong>septimum,</strong></span> <span class='ocrx_word' id='word_1_656' title='bbox 1864 4774 1918 4826; x_wconf 89' lang='lat' dir='ltr'><strong>id</strong></span> <span class='ocrx_word' id='word_1_657' title='bbox 2017 4786 2175 4841; x_wconf 89' lang='lat' dir='ltr'><strong>porro</strong></span> <span class='ocrx_word' id='word_1_658' title='bbox 2212 4786 2239 4822; x_wconf 78' lang='grc' dir='ltr'><strong>ε</strong></span> <span class='ocrx_word' id='word_1_659' title='bbox 2279 4769 2475 4842; x_wconf 62' lang='lat' dir='ltr'><strong>sanctis</strong></span> <span class='ocrx_word' id='word_1_660' title='bbox 2520 4769 2671 4830; x_wconf 79' lang='lat' dir='ltr'><strong>viris,</strong></span> <span class='ocrx_word' id='word_1_661' title='bbox 2702 4769 2940 4842; x_wconf 78' lang='lat' dir='ltr'><strong>qui_ante</strong></span> <span class='ocrx_word' id='word_1_662' title='bbox 2966 4786 3059 4824; x_wconf 78' lang='lat' dir='ltr'><strong>nos</strong></span> <span class='ocrx_word' id='word_1_663' title='bbox 3103 4769 3589 4840; x_wconf 33' lang='lat' dir='ltr'><strong>exstiterepaiunt,</strong></span> 
     </span>
    </p>
   </div>
   <div class='ocr_carea' id='block_1_93' title="bbox 353 4837 3592 4914">
    <p class='ocr_par' dir='ltr' id='par_1_93' title="bbox 353 4837 3592 4914">
     <span class='ocr_line' id='line_1_96' title="bbox 353 4837 3592 4914; baseline 0.002 -22"><span class='ocrx_word' id='word_1_664' title='bbox 353 4847 440 4914; x_wconf 51' lang='lat' dir='ltr'><strong>est</strong></span> <span class='ocrx_word' id='word_1_665' title='bbox 470 4839 640 4892; x_wconf 88' lang='lat' dir='ltr'><strong>multo</strong></span> <span class='ocrx_word' id='word_1_666' title='bbox 669 4839 852 4914; x_wconf 79' lang='lat' dir='ltr'><strong>citius,</strong></span> <span class='ocrx_word' id='word_1_667' title='bbox 885 4855 1046 4914; x_wconf 82' lang='lat' dir='ltr'><strong>quam</strong></span> <span class='ocrx_word' id='word_1_668' title='bbox 1073 4837 1332 4914; x_wconf 82' lang='lat' dir='ltr'><strong>Leontius</strong></span> <span class='ocrx_word' id='word_1_669' title='bbox 1355 4837 1918 4914; x_wconf 38' lang='lat' dir='ltr'><strong>signifiearitLVerum</strong></span> <span class='ocrx_word' id='word_1_670' title='bbox 2017 4837 2231 4895; x_wconf 67' lang='lat' dir='ltr'><strong>beatum</strong></span> <span class='ocrx_word' id='word_1_671' title='bbox 2269 4839 2486 4914; x_wconf 55' lang='lat' dir='ltr'><strong>Patren;</strong></span> <span class='ocrx_word' id='word_1_672' title='bbox 2517 4849 2758 4914; x_wconf 75' lang='lat' dir='ltr'><strong>nostrum</strong></span> <span class='ocrx_word' id='word_1_673' title='bbox 2793 4837 3104 4914; x_wconf 75' lang='lat' dir='ltr'><strong>Gregorium</strong></span> <span class='ocrx_word' id='word_1_674' title='bbox 3151 4847 3328 4897; x_wconf 82' lang='lat' dir='ltr'><strong>nescio</strong></span> <span class='ocrx_word' id='word_1_675' title='bbox 3351 4863 3486 4914; x_wconf 72' lang='lat' dir='ltr'><strong>qua:</strong></span> <span class='ocrx_word' id='word_1_676' title='bbox 3529 4837 3592 4900; x_wconf 68' lang='lat' dir='ltr'><strong>ob</strong></span> 
     </span>
    </p>
   </div>
   <div class='ocr_carea' id='block_1_94' title="bbox 353 4906 3593 4982">
    <p class='ocr_par' dir='ltr' id='par_1_94' title="bbox 353 4906 3593 4982">
     <span class='ocr_line' id='line_1_97' title="bbox 353 4906 3593 4982; baseline 0.002 -20"><span class='ocrx_word' id='word_1_677' title='bbox 353 4906 545 4982; x_wconf 84' lang='lat' dir='ltr'><strong>Pirrus</strong></span> <span class='ocrx_word' id='word_1_678' title='bbox 578 4925 685 4982; x_wconf 81' lang='lat' dir='ltr'><strong>non</strong></span> <span class='ocrx_word' id='word_1_679' title='bbox 716 4909 1074 4982; x_wconf 85' lang='lat' dir='ltr'><strong>alia_adducit</strong></span> <span class='ocrx_word' id='word_1_680' title='bbox 1117 4906 1448 4975; x_wconf 72' lang='lat' dir='ltr'><strong>testimonia,</strong></span> <span class='ocrx_word' id='word_1_681' title='bbox 1487 4931 1648 4982; x_wconf 89' lang='lat' dir='ltr'><strong>quam</strong></span> <span class='ocrx_word' id='word_1_682' title='bbox 1684 4911 1920 4967; x_wconf 86' lang='lat' dir='ltr'><strong>Tabulas</strong></span> <span class='ocrx_word' id='word_1_683' title='bbox 2021 4927 2234 4982; x_wconf 60' lang='lat' dir='ltr'><strong>causas.</strong></span> <span class='ocrx_word' id='word_1_684' title='bbox 2267 4925 2382 4978; x_wconf 66' lang='lat' dir='ltr'><strong>qum</strong></span> <span class='ocrx_word' id='word_1_685' title='bbox 2412 4906 3144 4982; x_wconf 17' lang='lat' dir='ltr'><strong>adﬂnimorlfﬂtAlliililalem</strong></span> <span class='ocrx_word' id='word_1_686' title='bbox 3182 4906 3506 4981; x_wconf 67' lang='lat' dir='ltr'><strong>spectabant,</strong></span> <span class='ocrx_word' id='word_1_687' title='bbox 3536 4917 3593 4969; x_wconf 81' lang='lat' dir='ltr'><strong>iu</strong></span> 
     </span>
    </p>
   </div>
   <div class='ocr_carea' id='block_1_95' title="bbox 355 4978 3590 5050">
    <p class='ocr_par' dir='ltr' id='par_1_95' title="bbox 355 4978 3590 5050">
     <span class='ocr_line' id='line_1_98' title="bbox 355 4978 3590 5050; baseline 0.001 -17"><span class='ocrx_word' id='word_1_688' title='bbox 355 4980 764 5050; x_wconf 77' lang='lat' dir='ltr'><strong>Agrigentiuas,</strong></span> <span class='ocrx_word' id='word_1_689' title='bbox 791 4980 880 5050; x_wconf 13' lang='lat' dir='ltr'><strong>ide</strong></span> <span class='ocrx_word' id='word_1_690' title='bbox 925 4995 1153 5047; x_wconf 90' lang='lat' dir='ltr'><strong>quarum</strong></span> <span class='ocrx_word' id='word_1_691' title='bbox 1187 4978 1515 5050; x_wconf 82' lang='lat' dir='ltr'><strong>antiquitate</strong></span> <span class='ocrx_word' id='word_1_692' title='bbox 1567 4995 1657 5036; x_wconf 90' lang='lat' dir='ltr'><strong>aut</strong></span> <span class='ocrx_word' id='word_1_693' title='bbox 1692 4984 1925 5036; x_wconf 80' lang='lat' dir='ltr'><strong>attclnri-</strong></span> <span class='ocrx_word' id='word_1_694' title='bbox 2023 4981 2347 5050; x_wconf 13' lang='lat' dir='ltr'><strong>Hispaniam,</strong></span> <span class='ocrx_word' id='word_1_695' title='bbox 2382 4979 2700 5050; x_wconf 64' lang='lat' dir='ltr'><strong>pro/eetum.</strong></span> <span class='ocrx_word' id='word_1_696' title='bbox 2732 4978 2925 5032; x_wconf 77' lang='lat' dir='ltr'><strong>ibidem</strong></span> <span class='ocrx_word' id='word_1_697' title='bbox 2971 4983 3080 5033; x_wconf 74' lang='lat' dir='ltr'><strong>vita</strong></span> <span class='ocrx_word' id='word_1_698' title='bbox 3112 4978 3420 5050; x_wconf 70' lang='lat' dir='ltr'><strong>defunctum</strong></span> <span class='ocrx_word' id='word_1_699' title='bbox 3459 4978 3590 5040; x_wconf 67' lang='lat' dir='ltr'><strong>esse.</strong></span> 
     </span>
    </p>
   </div>
   <div class='ocr_carea' id='block_1_96' title="bbox 356 5048 3593 5124">
    <p class='ocr_par' dir='ltr' id='par_1_96' title="bbox 356 5048 3593 5124">
     <span class='ocr_line' id='line_1_99' title="bbox 356 5048 3593 5124; baseline 0.002 -22"><span class='ocrx_word' id='word_1_700' title='bbox 356 5057 481 5124; x_wconf 75' lang='lat' dir='ltr'><strong>tate</strong></span> <span class='ocrx_word' id='word_1_701' title='bbox 505 5048 644 5124; x_wconf 80' lang='lat' dir='ltr'><strong>nihil</strong></span> <span class='ocrx_word' id='word_1_702' title='bbox 676 5049 902 5124; x_wconf 81' lang='lat' dir='ltr'><strong>profert.</strong></span> <span class='ocrx_word' id='word_1_703' title='bbox 935 5052 1151 5124; x_wconf 81' lang='lat' dir='ltr'><strong>Scimus</strong></span> <span class='ocrx_word' id='word_1_704' title='bbox 1187 5048 1390 5110; x_wconf 80' lang='lat' dir='ltr'><strong>autem.</strong></span> <span class='ocrx_word' id='word_1_705' title='bbox 1421 5052 1706 5106; x_wconf 82' lang='lat' dir='ltr'><strong>Saracenis</strong></span> <span class='ocrx_word' id='word_1_706' title='bbox 1738 5063 1923 5121; x_wconf 77' lang='lat' dir='ltr'><strong>postea</strong></span> <span class='ocrx_word' id='word_1_707' title='bbox 2041 5123 2050 5124; x_wconf 14' lang='grc' dir='ltr'>ί</span> <span class='ocrx_word' id='word_1_708' title='bbox 2099 5051 2210 5122; x_wconf 74' lang='lat'><strong>(‘25)</strong></span> <span class='ocrx_word' id='word_1_709' title='bbox 2252 5049 2514 5124; x_wconf 62' lang='lat' dir='ltr'><strong>Imitatus</strong></span> <span class='ocrx_word' id='word_1_710' title='bbox 2554 5048 2654 5102; x_wconf 93' lang='lat' dir='ltr'><strong>hoc</strong></span> <span class='ocrx_word' id='word_1_711' title='bbox 2688 5050 2806 5124; x_wconf 82' lang='lat' dir='ltr'><strong>loro</strong></span> <span class='ocrx_word' id='word_1_712' title='bbox 2845 5051 3068 5124; x_wconf 57' lang='lat' dir='ltr'><strong>videtur</strong></span> <span class='ocrx_word' id='word_1_713' title='bbox 3112 5049 3415 5124; x_wconf 47' lang='lat' dir='ltr'><strong>Leontius,</strong></span> <span class='ocrx_word' id='word_1_714' title='bbox 3443 5055 3593 5124; x_wconf 86' lang='lat' dir='ltr'><strong>quod</strong></span> 
     </span>
    </p>
   </div>
   <div class='ocr_carea' id='block_1_97' title="bbox 354 5117 3594 5190">
    <p class='ocr_par' dir='ltr' id='par_1_97' title="bbox 354 5117 3594 5190">
     <span class='ocr_line' id='line_1_100' title="bbox 354 5117 3594 5190; baseline 0.001 -17"><span class='ocrx_word' id='word_1_715' title='bbox 354 5119 635 5190; x_wconf 81' lang='lat' dir='ltr'><strong>Agrigenti</strong></span> <span class='ocrx_word' id='word_1_716' title='bbox 667 5119 1098 5190; x_wconf 84' lang='lat' dir='ltr'><strong>dmuinantibus,</strong></span> <span class='ocrx_word' id='word_1_717' title='bbox 1131 5123 1490 5190; x_wconf 87' lang='lat' dir='ltr'><strong>interruptam</strong></span> <span class='ocrx_word' id='word_1_718' title='bbox 1541 5117 1921 5190; x_wconf 73' lang='lat' dir='ltr'><strong>episcoporum</strong></span> <span class='ocrx_word' id='word_1_719' title='bbox 2023 5117 2316 5176; x_wconf 55' lang='lat' dir='ltr'><strong>de&#39;sancw</strong></span> <span class='ocrx_word' id='word_1_720' title='bbox 2351 5118 2555 5190; x_wconf 85' lang='lat' dir='ltr'><strong>Basilio</strong></span> <span class='ocrx_word' id='word_1_721' title='bbox 2595 5117 3161 5190; x_wconf 70' lang='lat' dir='ltr'><strong>scripsitEphrzemus</strong></span> <span class='ocrx_word' id='word_1_722' title='bbox 3204 5123 3256 5173; x_wconf 91' lang='lat' dir='ltr'><strong>in</strong></span> <span class='ocrx_word' id='word_1_723' title='bbox 3305 5138 3365 5175; x_wconf 84' lang='lat' dir='ltr'><strong>ea</strong></span> <span class='ocrx_word' id='word_1_724' title='bbox 3406 5117 3594 5178; x_wconf 71' lang='lat' dir='ltr'><strong>lauda-</strong></span> 
     </span>
    </p>
   </div>
   <div class='ocr_carea' id='block_1_98' title="bbox 356 5187 3592 5262">
    <p class='ocr_par' dir='ltr' id='par_1_98' title="bbox 356 5187 3592 5262">
     <span class='ocr_line' id='line_1_101' title="bbox 356 5187 3592 5262; baseline 0.002 -20"><span class='ocrx_word' id='word_1_725' title='bbox 356 5188 554 5242; x_wconf 82' lang='lat' dir='ltr'><strong>seriem</strong></span> <span class='ocrx_word' id='word_1_726' title='bbox 601 5189 771 5242; x_wconf 83' lang='lat' dir='ltr'><strong>fuisse</strong></span> <span class='ocrx_word' id='word_1_727' title='bbox 810 5191 970 5244; x_wconf 88' lang='lat' dir='ltr'><strong>annis</strong></span> <span class='ocrx_word' id='word_1_728' title='bbox 1021 5191 1168 5249; x_wconf 73' lang='lat'><strong>260.</strong></span> <span class='ocrx_word' id='word_1_729' title='bbox 1207 5207 1318 5259; x_wconf 93' lang='lat' dir='ltr'><strong>quo</strong></span> <span class='ocrx_word' id='word_1_730' title='bbox 1348 5187 1609 5262; x_wconf 64' lang='lat' dir='ltr'><strong>tempore</strong></span> <span class='ocrx_word' id='word_1_731' title='bbox 1657 5191 1926 5261; x_wconf 86' lang='lat' dir='ltr'><strong>quidquid</strong></span> <span class='ocrx_word' id='word_1_732' title='bbox 2024 5195 2209 5262; x_wconf 83' lang='lat' dir='ltr'><strong>tione,</strong></span> <span class='ocrx_word' id='word_1_733' title='bbox 2267 5189 2644 5262; x_wconf 71' lang='lat' dir='ltr'><strong>qu_am__edit_l_it</strong></span> <span class='ocrx_word' id='word_1_734' title='bbox 2695 5188 3016 5262; x_wconf 80' lang='lat' dir='ltr'><strong>Gotelerius.</strong></span> <span class='ocrx_word' id='word_1_735' title='bbox 3066 5187 3263 5262; x_wconf 17' lang='lat' dir='ltr'><strong>(Mona</strong></span> <span class='ocrx_word' id='word_1_736' title='bbox 3295 5190 3441 5262; x_wconf 80' lang='lat' dir='ltr'><strong>Eccl_.</strong></span> <span class='ocrx_word' id='word_1_737' title='bbox 3497 5193 3592 5249; x_wconf 86' lang='lat' dir='ltr'><strong>Gr.</strong></span> 
     </span>
    </p>
   </div>
   <div class='ocr_carea' id='block_1_99' title="bbox 355 5257 3596 5328">
    <p class='ocr_par' dir='ltr' id='par_1_99' title="bbox 355 5257 3596 5328">
     <span class='ocr_line' id='line_1_102' title="bbox 355 5257 3596 5328; baseline 0.002 -18"><span class='ocrx_word' id='word_1_738' title='bbox 355 5269 600 5312; x_wconf 87' lang='lat' dir='ltr'><strong>veterum</strong></span> <span class='ocrx_word' id='word_1_739' title='bbox 632 5270 1112 5313; x_wconf 89' lang='lat' dir='ltr'><strong>monumentorum</strong></span> <span class='ocrx_word' id='word_1_740' title='bbox 1151 5257 1259 5316; x_wconf 81' lang='lat' dir='ltr'><strong>illic</strong></span> <span class='ocrx_word' id='word_1_741' title='bbox 1287 5275 1427 5325; x_wconf 89' lang='lat' dir='ltr'><strong>erat,</strong></span> <span class='ocrx_word' id='word_1_742' title='bbox 1464 5257 1745 5316; x_wconf 78' lang='lat' dir='ltr'><strong>incensum</strong></span> <span class='ocrx_word' id='word_1_743' title='bbox 1779 5257 1928 5314; x_wconf 72' lang='lat' dir='ltr'><strong>dele-</strong></span> <span class='ocrx_word' id='word_1_744' title='bbox 2027 5273 2068 5316; x_wconf 89' lang='lat' dir='ltr'><strong>t.</strong></span> <span class='ocrx_word' id='word_1_745' title='bbox 2098 5261 2182 5317; x_wconf 85' lang='grc' dir='ltr'><strong>ΙΙΙ,</strong></span> <span class='ocrx_word' id='word_1_746' title='bbox 2217 5259 2400 5328; x_wconf 76' lang='grc' dir='ltr'>ρ.54.)</span> <span class='ocrx_word' id='word_1_747' title='bbox 2431 5258 2643 5310; x_wconf 88' lang='lat' dir='ltr'><strong>Similia</strong></span> <span class='ocrx_word' id='word_1_748' title='bbox 2665 5257 2808 5328; x_wconf 84' lang='lat' dir='ltr'><strong>enim</strong></span> <span class='ocrx_word' id='word_1_749' title='bbox 2843 5258 2895 5309; x_wconf 93' lang='lat' dir='ltr'><strong>in</strong></span> <span class='ocrx_word' id='word_1_750' title='bbox 2932 5259 3038 5328; x_wconf 83' lang='lat' dir='ltr'><strong>line</strong></span> <span class='ocrx_word' id='word_1_751' title='bbox 3064 5259 3152 5311; x_wconf 86' lang='lat' dir='ltr'><strong>ille</strong></span> <span class='ocrx_word' id='word_1_752' title='bbox 3181 5260 3341 5314; x_wconf 85' lang='lat' dir='ltr'><strong>habet</strong></span> <span class='ocrx_word' id='word_1_753' title='bbox 3377 5257 3478 5317; x_wconf 77' lang='grc' dir='ltr'>εὯ</span> <span class='ocrx_word' id='word_1_754' title='bbox 3506 5283 3596 5316; x_wconf 88' lang='grc' dir='ltr'>πι-</span> 
     </span>
    </p>
   </div>
   <div class='ocr_carea' id='block_1_100' title="bbox 356 5325 1998 5399">
    <p class='ocr_par' dir='ltr' id='par_1_100' title="bbox 356 5329 1929 5399">
     <span class='ocr_line' id='line_1_103' title="bbox 356 5329 1929 5399; baseline 0.001 -19"><span class='ocrx_word' id='word_1_755' title='bbox 356 5336 582 5399; x_wconf 74' lang='lat' dir='ltr'><strong>tumque</strong></span> <span class='ocrx_word' id='word_1_756' title='bbox 605 5344 746 5394; x_wconf 84' lang='lat' dir='ltr'><strong>esse,</strong></span> <span class='ocrx_word' id='word_1_757' title='bbox 780 5329 903 5399; x_wconf 69' lang='lat' dir='ltr'><strong>qius</strong></span> <span class='ocrx_word' id='word_1_758' title='bbox 941 5348 1043 5383; x_wconf 90' lang='lat' dir='ltr'><strong>non</strong></span> <span class='ocrx_word' id='word_1_759' title='bbox 1078 5333 1263 5399; x_wconf 86' lang='lat' dir='ltr'><strong>putet?</strong></span> <span class='ocrx_word' id='word_1_760' title='bbox 1301 5344 1490 5386; x_wconf 89' lang='lat' dir='ltr'><strong>contra</strong></span> <span class='ocrx_word' id='word_1_761' title='bbox 1533 5333 1756 5386; x_wconf 87' lang='lat' dir='ltr'><strong>Leontio</strong></span> <span class='ocrx_word' id='word_1_762' title='bbox 1786 5332 1929 5384; x_wconf 80' lang='lat' dir='ltr'><strong>favet</strong></span> 
     </span>
    </p>
   </div>
   <div class='ocr_carea' id='block_1_101' title="bbox 1951 5325 3593 5399">
    <p class='ocr_par' dir='ltr' id='par_1_101' title="bbox 2030 5325 3593 5399">
     <span class='ocr_line' id='line_1_104' title="bbox 2030 5325 3593 5399; baseline -0.006 -16"><span class='ocrx_word' id='word_1_763' title='bbox 2030 5333 2120 5384; x_wconf 82' lang='grc' dir='ltr'><strong>στὲ</strong></span> <span class='ocrx_word' id='word_1_764' title='bbox 2150 5325 2424 5385; x_wconf 54' lang='lat' dir='ltr'><strong>eictam.</strong></span> <span class='ocrx_word' id='word_1_765' title='bbox 2578 5325 2750 5399; x_wconf 61' lang='grc' dir='ltr'>ξἈὸελ</span> <span class='ocrx_word' id='word_1_766' title='bbox 2784 5327 3174 5399; x_wconf 75' lang='grc' dir='ltr'>προσεδέχθης,</span> <span class='ocrx_word' id='word_1_767' title='bbox 3218 5329 3294 5391; x_wconf 83' lang='grc' dir='ltr'>ὡς</span> <span class='ocrx_word' id='word_1_768' title='bbox 3337 5332 3459 5384; x_wconf 81' lang='grc' dir='ltr'>Νῶε</span> <span class='ocrx_word' id='word_1_769' title='bbox 3512 5333 3593 5386; x_wconf 82' lang='grc' dir='ltr'><strong>δι-</strong></span> 
     </span>
    </p>
   </div>
   <div class='ocr_carea' id='block_1_102' title="bbox 360 5395 2002 5480">
    <p class='ocr_par' dir='ltr' id='par_1_102' title="bbox 360 5395 1932 5480">
     <span class='ocr_line' id='line_1_105' title="bbox 360 5395 1932 5480; baseline 0.001 -29"><span class='ocrx_word' id='word_1_770' title='bbox 360 5395 952 5480; x_wconf 27' lang='grc' dir='ltr'>Μειιέῇοεὶιιη-ιὶδὶινίλριρ</span> <span class='ocrx_word' id='word_1_771' title='bbox 1014 5395 1305 5454; x_wconf 74' lang='lat' dir='ltr'><strong>cardinalis</strong></span> <span class='ocrx_word' id='word_1_772' title='bbox 1356 5419 1383 5455; x_wconf 85' lang='lat' dir='ltr'><strong>a</strong></span> <span class='ocrx_word' id='word_1_773' title='bbox 1446 5404 1665 5480; x_wconf 73' lang='lat' dir='ltr'><strong>(lanisio</strong></span> <span class='ocrx_word' id='word_1_774' title='bbox 1723 5403 1932 5480; x_wconf 67' lang='lat' dir='ltr'><strong>editum</strong></span> 
     </span>
    </p>
   </div>
   <div class='ocr_carea' id='block_1_103' title="bbox 1955 5395 3597 5480">
    <p class='ocr_par' dir='ltr' id='par_1_103' title="bbox 2030 5395 3597 5480">
     <span class='ocr_line' id='line_1_106' title="bbox 2030 5395 3597 5480; baseline 0.001 -29"><span class='ocrx_word' id='word_1_775' title='bbox 2030 5399 2365 5480; x_wconf 37' lang='grc' dir='ltr'>εσώθηςηὼς</span> <span class='ocrx_word' id='word_1_776' title='bbox 2398 5396 2647 5478; x_wconf 50' lang='grc' dir='ltr'>’ῥϐραὰμ</span> <span class='ocrx_word' id='word_1_777' title='bbox 2678 5395 2990 5480; x_wconf 25' lang='grc' dir='ltr'>ιξίλοςίθερῦ</span> <span class='ocrx_word' id='word_1_778' title='bbox 3020 5395 3278 5480; x_wconf 64' lang='grc' dir='ltr'>ξκληθης,</span> <span class='ocrx_word' id='word_1_779' title='bbox 3305 5401 3380 5464; x_wconf 86' lang='grc' dir='ltr'>ὠς</span> <span class='ocrx_word' id='word_1_780' title='bbox 3411 5403 3597 5457; x_wconf 84' lang='grc' dir='ltr'>Ἰσαὰκ</span> 
     </span>
    </p>
   </div>
   <div class='ocr_carea' id='block_1_104' title="bbox 361 5465 2003 5540">
    <p class='ocr_par' dir='ltr' id='par_1_104' title="bbox 361 5465 1932 5540">
     <span class='ocr_line' id='line_1_107' title="bbox 361 5465 1932 5540; baseline 0.001 -19"><span class='ocrx_word' id='word_1_781' title='bbox 361 5472 425 5540; x_wconf 73' lang='lat' dir='ltr'><strong>(t.</strong></span> <span class='ocrx_word' id='word_1_782' title='bbox 461 5467 548 5528; x_wconf 87' lang='grc' dir='ltr'><strong>ΙΙΙ,</strong></span> <span class='ocrx_word' id='word_1_783' title='bbox 583 5465 890 5540; x_wconf 39' lang='grc' dir='ltr'>ὲιΙηΒιιδιι.)</span> <span class='ocrx_word' id='word_1_784' title='bbox 932 5470 982 5520; x_wconf 88' lang='lat' dir='ltr'><strong>in</strong></span> <span class='ocrx_word' id='word_1_785' title='bbox 1014 5487 1123 5538; x_wconf 85' lang='lat' dir='ltr'><strong>quo</strong></span> <span class='ocrx_word' id='word_1_786' title='bbox 1157 5474 1266 5525; x_wconf 72' lang='lat' dir='ltr'><strong>hzec</strong></span> <span class='ocrx_word' id='word_1_787' title='bbox 1299 5473 1528 5536; x_wconf 75' lang='lat' dir='ltr'><strong>legimus</strong></span> <span class='ocrx_word' id='word_1_788' title='bbox 1561 5491 1572 5525; x_wconf 93' lang='lat'>:</span> <span class='ocrx_word' id='word_1_789' title='bbox 1604 5472 1792 5525; x_wconf 75' lang='lat' dir='ltr'><strong>Multis</strong></span> <span class='ocrx_word' id='word_1_790' title='bbox 1818 5473 1932 5523; x_wconf 78' lang='lat' dir='ltr'><strong>edi-</strong></span> 
     </span>
    </p>
   </div>
   <div class='ocr_carea' id='block_1_105' title="bbox 1955 5465 3597 5540">
    <p class='ocr_par' dir='ltr' id='par_1_105' title="bbox 2033 5465 3597 5540">
     <span class='ocr_line' id='line_1_108' title="bbox 2033 5465 3597 5540; baseline 0.003 -18"><span class='ocrx_word' id='word_1_791' title='bbox 2033 5465 2296 5537; x_wconf 63' lang='grc' dir='ltr'>θυσίαζτῷ</span> <span class='ocrx_word' id='word_1_792' title='bbox 2476 5465 2875 5537; x_wconf 79' lang='grc' dir='ltr'>προσηνέχθης,</span> <span class='ocrx_word' id='word_1_793' title='bbox 3031 5465 3230 5540; x_wconf 68' lang='grc' dir='ltr'>Ἰακὼϐ</span> <span class='ocrx_word' id='word_1_794' title='bbox 3257 5474 3597 5540; x_wconf 82' lang='grc' dir='ltr'>πειρασμοὺς</span> 
     </span>
    </p>
   </div>
   <div class='ocr_carea' id='block_1_106' title="bbox 360 5535 2002 5612">
    <p class='ocr_par' dir='ltr' id='par_1_106' title="bbox 360 5535 1933 5612">
     <span class='ocr_line' id='line_1_109' title="bbox 360 5535 1933 5612; baseline 0.003 -22"><span class='ocrx_word' id='word_1_795' title='bbox 360 5535 434 5612; x_wconf 60' lang='lat' dir='ltr'><strong>iis</strong></span> <span class='ocrx_word' id='word_1_796' title='bbox 460 5539 761 5601; x_wconf 83' lang='lat' dir='ltr'><strong>miraculis,</strong></span> <span class='ocrx_word' id='word_1_797' title='bbox 807 5539 860 5589; x_wconf 78' lang='lat' dir='ltr'><strong>in</strong></span> <span class='ocrx_word' id='word_1_798' title='bbox 900 5535 1107 5598; x_wconf 76' lang='lat' dir='ltr'><strong>summa</strong></span> <span class='ocrx_word' id='word_1_799' title='bbox 1141 5535 1402 5596; x_wconf 80' lang='lat' dir='ltr'><strong>senectute</strong></span> <span class='ocrx_word' id='word_1_800' title='bbox 1438 5545 1684 5612; x_wconf 83' lang='lat' dir='ltr'><strong>migravit</strong></span> <span class='ocrx_word' id='word_1_801' title='bbox 1731 5544 1796 5594; x_wconf 85' lang='lat' dir='ltr'><strong>ad</strong></span> <span class='ocrx_word' id='word_1_802' title='bbox 1827 5542 1933 5594; x_wconf 88' lang='lat' dir='ltr'><strong>Do-</strong></span> 
     </span>
    </p>
   </div>
   <div class='ocr_carea' id='block_1_107' title="bbox 1955 5535 3597 5612">
    <p class='ocr_par' dir='ltr' id='par_1_107' title="bbox 2032 5535 3597 5611">
     <span class='ocr_line' id='line_1_110' title="bbox 2032 5535 3597 5611; baseline 0.003 -21"><span class='ocrx_word' id='word_1_803' title='bbox 2032 5535 2296 5607; x_wconf 81' lang='grc' dir='ltr'>γενναίως</span> <span class='ocrx_word' id='word_1_804' title='bbox 2343 5535 2660 5604; x_wconf 72' lang='grc' dir='ltr'>ὑπέμεινας,</span> <span class='ocrx_word' id='word_1_805' title='bbox 2714 5535 2818 5588; x_wconf 12' lang='grc' dir='ltr'>καὶὴ</span> <span class='ocrx_word' id='word_1_806' title='bbox 2863 5535 3044 5600; x_wconf 84' lang='grc' dir='ltr'>καθὼς</span> <span class='ocrx_word' id='word_1_807' title='bbox 3098 5537 3294 5608; x_wconf 77' lang='grc' dir='ltr'>Ἰωσὴφ</span> <span class='ocrx_word' id='word_1_808' title='bbox 3347 5535 3597 5611; x_wconf 76' lang='grc' dir='ltr'>μεγάλως</span> 
     </span>
    </p>
   </div>
   <div class='ocr_carea' id='block_1_108' title="bbox 359 5610 2001 5674">
    <p class='ocr_par' dir='ltr' id='par_1_108' title="bbox 359 5610 1930 5662">
     <span class='ocr_line' id='line_1_111' title="bbox 359 5610 1930 5662; baseline 0.001 0"><span class='ocrx_word' id='word_1_809' title='bbox 359 5610 586 5662; x_wconf 79' lang='lat' dir='ltr'><strong>minum.</strong></span> <span class='ocrx_word' id='word_1_810' title='bbox 1514 5610 1524 5612; x_wconf 66' lang='grc'><strong><em>“</em></strong></span> <span class='ocrx_word' id='word_1_811' title='bbox 1925 5632 1930 5637; x_wconf 92' lang='grc'><strong>·</strong></span> 
     </span>
    </p>
   </div>
   <div class='ocr_carea' id='block_1_109' title="bbox 1287 5610 2929 5674">
    <p class='ocr_par' dir='ltr' id='par_1_109' title="bbox 1514 5610 2929 5674">
     <span class='ocr_line' id='line_1_112' title="bbox 1514 5610 2929 5674; baseline -0.008 -6"><span class='ocrx_word' id='word_1_812' title='bbox 1514 5610 1524 5612; x_wconf 53' lang='grc'><strong><em>“</em></strong></span> <span class='ocrx_word' id='word_1_813' title='bbox 1925 5632 1930 5637; x_wconf 92' lang='grc'><strong>·</strong></span> <span class='ocrx_word' id='word_1_814' title='bbox 2035 5610 2348 5673; x_wconf 72' lang='grc' dir='ltr'>ἐδοξάσθης,</span> <span class='ocrx_word' id='word_1_815' title='bbox 2382 5618 2435 5659; x_wconf 90' lang='lat' dir='ltr'><strong>et</strong></span> <span class='ocrx_word' id='word_1_816' title='bbox 2460 5623 2580 5674; x_wconf 75' lang='lat' dir='ltr'><strong>qua:</strong></span> <span class='ocrx_word' id='word_1_817' title='bbox 2613 5615 2929 5672; x_wconf 88' lang='lat' dir='ltr'><strong>sequuntur.</strong></span> 
     </span>
    </p>
   </div>
   <div class='ocr_carea' id='block_1_110' title="bbox 436 5675 3600 5748">
    <p class='ocr_par' dir='ltr' id='par_1_110' title="bbox 436 5675 3600 5748">
     <span class='ocr_line' id='line_1_113' title="bbox 436 5675 3600 5748; baseline 0.004 -18"><span class='ocrx_word' id='word_1_818' title='bbox 436 5677 730 5731; x_wconf 84' lang='lat' dir='ltr'><strong>Enimvero</strong></span> <span class='ocrx_word' id='word_1_819' title='bbox 770 5679 1048 5748; x_wconf 76' lang='lat' dir='ltr'><strong>Agrigenti</strong></span> <span class='ocrx_word' id='word_1_820' title='bbox 1088 5680 1410 5748; x_wconf 83' lang='lat' dir='ltr'><strong>Gregorium</strong></span> <span class='ocrx_word' id='word_1_821' title='bbox 1444 5683 1664 5743; x_wconf 77' lang='lat' dir='ltr'><strong>obiisse,</strong></span> <span class='ocrx_word' id='word_1_822' title='bbox 1707 5683 1937 5736; x_wconf 89' lang='lat' dir='ltr'><strong>minime</strong></span> <span class='ocrx_word' id='word_1_823' title='bbox 2109 5680 2222 5747; x_wconf 67' lang='lat'><strong>(:46)</strong></span> <span class='ocrx_word' id='word_1_824' title='bbox 2286 5677 2537 5748; x_wconf 65' lang='lat' dir='ltr'><strong>Historia!</strong></span> <span class='ocrx_word' id='word_1_825' title='bbox 2594 5691 2706 5748; x_wconf 68' lang='lat' dir='ltr'><strong>suae</strong></span> <span class='ocrx_word' id='word_1_826' title='bbox 2778 5675 2963 5748; x_wconf 62' lang='lat' dir='ltr'><strong>linettr</strong></span> <span class='ocrx_word' id='word_1_827' title='bbox 3007 5676 3240 5748; x_wconf 84' lang='lat' dir='ltr'><strong>imponit</strong></span> <span class='ocrx_word' id='word_1_828' title='bbox 3297 5678 3600 5743; x_wconf 77' lang='lat' dir='ltr'><strong>Leontius.</strong></span> 
     </span>
    </p>
   </div>
   <div class='ocr_carea' id='block_1_111' title="bbox 360 5745 3604 5816">
    <p class='ocr_par' dir='ltr' id='par_1_111' title="bbox 360 5745 3604 5816">
     <span class='ocr_line' id='line_1_114' title="bbox 360 5745 3604 5816; baseline 0.001 -15"><span class='ocrx_word' id='word_1_829' title='bbox 360 5749 686 5801; x_wconf 87' lang='lat' dir='ltr'><strong>addubitare</strong></span> <span class='ocrx_word' id='word_1_830' title='bbox 734 5745 946 5801; x_wconf 79' lang='lat' dir='ltr'><strong>videtur</strong></span> <span class='ocrx_word' id='word_1_831' title='bbox 996 5745 1276 5804; x_wconf 78' lang='lat' dir='ltr'><strong>Leontius.</strong></span> <span class='ocrx_word' id='word_1_832' title='bbox 1333 5752 1401 5803; x_wconf 91' lang='lat' dir='ltr'><strong>At</strong></span> <span class='ocrx_word' id='word_1_833' title='bbox 1442 5753 1494 5804; x_wconf 86' lang='lat' dir='ltr'><strong>in</strong></span> <span class='ocrx_word' id='word_1_834' title='bbox 1537 5754 1726 5806; x_wconf 85' lang='lat' dir='ltr'><strong>codice</strong></span> <span class='ocrx_word' id='word_1_835' title='bbox 1779 5753 1936 5808; x_wconf 83' lang='lat' dir='ltr'><strong>Basi-</strong></span> <span class='ocrx_word' id='word_1_836' title='bbox 2038 5745 2238 5806; x_wconf 66' lang='lat' dir='ltr'><strong>:evuni,</strong></span> <span class='ocrx_word' id='word_1_837' title='bbox 2281 5761 2389 5815; x_wconf 88' lang='lat' dir='ltr'><strong>quo</strong></span> <span class='ocrx_word' id='word_1_838' title='bbox 2443 5747 2560 5813; x_wconf 86' lang='lat' dir='ltr'><strong>ipse</strong></span> <span class='ocrx_word' id='word_1_839' title='bbox 2589 5746 2743 5808; x_wconf 66' lang='lat' dir='ltr'><strong>vixit,</strong></span> <span class='ocrx_word' id='word_1_840' title='bbox 2783 5745 2997 5799; x_wconf 88' lang='lat' dir='ltr'><strong>indiciis</strong></span> <span class='ocrx_word' id='word_1_841' title='bbox 3033 5747 3266 5816; x_wconf 89' lang='lat' dir='ltr'><strong>prodens</strong></span> <span class='ocrx_word' id='word_1_842' title='bbox 3307 5752 3440 5805; x_wconf 88' lang='lat' dir='ltr'><strong>satis</strong></span> <span class='ocrx_word' id='word_1_843' title='bbox 3487 5767 3604 5804; x_wconf 85' lang='lat' dir='ltr'><strong>ma-</strong></span> 
     </span>
    </p>
   </div>
   <div class='ocr_carea' id='block_1_112' title="bbox 371 5816 3604 5891">
    <p class='ocr_par' dir='ltr' id='par_1_112' title="bbox 371 5816 3604 5891">
     <span class='ocr_line' id='line_1_115' title="bbox 371 5816 3604 5891; baseline 0.001 -20"><span class='ocrx_word' id='word_1_844' title='bbox 371 5818 521 5872; x_wconf 88' lang='lat' dir='ltr'><strong>liano</strong></span> <span class='ocrx_word' id='word_1_845' title='bbox 551 5817 586 5869; x_wconf 75' lang='grc'><strong>2</strong></span> <span class='ocrx_word' id='word_1_846' title='bbox 626 5819 741 5871; x_wconf 71' lang='lat' dir='ltr'><strong>haec</strong></span> <span class='ocrx_word' id='word_1_847' title='bbox 779 5831 920 5891; x_wconf 72' lang='lat' dir='ltr'><strong>post</strong></span> <span class='ocrx_word' id='word_1_848' title='bbox 953 5817 1084 5891; x_wconf 56' lang='lat' dir='ltr'><strong>Viue</strong></span> <span class='ocrx_word' id='word_1_849' title='bbox 1124 5832 1441 5891; x_wconf 82' lang='lat' dir='ltr'><strong>contextum</strong></span> <span class='ocrx_word' id='word_1_850' title='bbox 1473 5824 1711 5891; x_wconf 86' lang='lat' dir='ltr'><strong>ascripta</strong></span> <span class='ocrx_word' id='word_1_851' title='bbox 1745 5825 1935 5878; x_wconf 89' lang='lat' dir='ltr'><strong>eadem</strong></span> <span class='ocrx_word' id='word_1_852' title='bbox 2039 5819 2276 5891; x_wconf 74' lang='lat' dir='ltr'><strong>nil’estis,</strong></span> <span class='ocrx_word' id='word_1_853' title='bbox 2329 5825 2389 5868; x_wconf 88' lang='lat' dir='ltr'><strong>ut</strong></span> <span class='ocrx_word' id='word_1_854' title='bbox 2431 5825 2673 5891; x_wconf 64' lang='lat' dir='ltr'><strong>extrema</strong></span> <span class='ocrx_word' id='word_1_855' title='bbox 2727 5816 3048 5891; x_wconf 70' lang='lat' dir='ltr'><strong>illa__sa:culi</strong></span> <span class='ocrx_word' id='word_1_856' title='bbox 3100 5819 3314 5886; x_wconf 90' lang='lat' dir='ltr'><strong>septimi</strong></span> <span class='ocrx_word' id='word_1_857' title='bbox 3360 5829 3604 5889; x_wconf 87' lang='lat' dir='ltr'><strong>tempora</strong></span> 
     </span>
    </p>
   </div>
   <div class='ocr_carea' id='block_1_113' title="bbox 367 5883 2009 5962">
    <p class='ocr_par' dir='ltr' id='par_1_113' title="bbox 367 5883 1939 5962">
     <span class='ocr_line' id='line_1_116' title="bbox 367 5883 1939 5962; baseline 0 -18"><span class='ocrx_word' id='word_1_858' title='bbox 367 5903 534 5944; x_wconf 83' lang='lat' dir='ltr'><strong>manu</strong></span> <span class='ocrx_word' id='word_1_859' title='bbox 564 5897 719 5943; x_wconf 84' lang='lat' dir='ltr'><strong>erant</strong></span> <span class='ocrx_word' id='word_1_860' title='bbox 746 5883 964 5941; x_wconf 52' lang='grc' dir='ltr'>ίΦασὶν</span> <span class='ocrx_word' id='word_1_861' title='bbox 995 5886 1088 5942; x_wconf 80' lang='grc' dir='ltr'><strong>οὖν</strong></span> <span class='ocrx_word' id='word_1_862' title='bbox 1127 5906 1270 5952; x_wconf 88' lang='grc' dir='ltr'>τινες</span> <span class='ocrx_word' id='word_1_863' title='bbox 1302 5890 1410 5942; x_wconf 84' lang='grc' dir='ltr'><strong>τῶν</strong></span> <span class='ocrx_word' id='word_1_864' title='bbox 1444 5893 1551 5962; x_wconf 81' lang='grc' dir='ltr'><strong>πρδ</strong></span> <span class='ocrx_word' id='word_1_865' title='bbox 1591 5883 1746 5962; x_wconf 68' lang='grc' dir='ltr'>ἡμῶν</span> <span class='ocrx_word' id='word_1_866' title='bbox 1777 5893 1939 5946; x_wconf 88' lang='grc' dir='ltr'>ὁσίων</span> 
     </span>
    </p>
   </div>
   <div class='ocr_carea' id='block_1_114' title="bbox 1965 5883 3607 5962">
    <p class='ocr_par' dir='ltr' id='par_1_114' title="bbox 2042 5883 3607 5957">
     <span class='ocr_line' id='line_1_117' title="bbox 2042 5883 3607 5957; baseline 0.002 -14"><span class='ocrx_word' id='word_1_867' title='bbox 2042 5890 2201 5944; x_wconf 71' lang='lat' dir='ltr'><strong>facile</strong></span> <span class='ocrx_word' id='word_1_868' title='bbox 2231 5901 2517 5957; x_wconf 87' lang='lat' dir='ltr'><strong>agnoscas.</strong></span> <span class='ocrx_word' id='word_1_869' title='bbox 2560 5883 2694 5940; x_wconf 81' lang='lat' dir='ltr'><strong>Nam</strong></span> <span class='ocrx_word' id='word_1_870' title='bbox 2736 5886 2790 5940; x_wconf 78' lang='lat' dir='ltr'><strong>in</strong></span> <span class='ocrx_word' id='word_1_871' title='bbox 2827 5886 2914 5951; x_wconf 90' lang='lat' dir='ltr'><strong>iis,</strong></span> <span class='ocrx_word' id='word_1_872' title='bbox 2955 5902 3093 5955; x_wconf 90' lang='lat' dir='ltr'><strong>quos</strong></span> <span class='ocrx_word' id='word_1_873' title='bbox 3131 5883 3415 5955; x_wconf 82' lang='lat' dir='ltr'><strong>memorat,</strong></span> <span class='ocrx_word' id='word_1_874' title='bbox 3447 5883 3607 5946; x_wconf 78' lang='lat' dir='ltr'><strong>diss.-</strong></span> 
     </span>
    </p>
   </div>
   <div class='ocr_carea' id='block_1_115' title="bbox 718 5998 3291 6071">
    <p class='ocr_par' dir='ltr' id='par_1_115' title="bbox 718 5998 3291 6071">
     <span class='ocr_line' id='line_1_118' title="bbox 718 5998 3291 6071; baseline -0.002 -2"><span class='ocrx_word' id='word_1_875' title='bbox 718 6009 986 6071; x_wconf 73' lang='lat' dir='ltr'><strong>PATROL.</strong></span> <span class='ocrx_word' id='word_1_876' title='bbox 1035 6011 1148 6069; x_wconf 75' lang='lat' dir='ltr'><strong>Gn.</strong></span> <span class='ocrx_word' id='word_1_877' title='bbox 1182 6009 1468 6070; x_wconf 72' lang='lat' dir='ltr'><strong>XCVIII.</strong></span> <span class='ocrx_word' id='word_1_878' title='bbox 3217 5998 3291 6064; x_wconf 78' lang='lat'><strong>23</strong></span> 
     </span>
    </p>
   </div>
  </div>
