4158 6530
566 381 673 447 ’115

1664 381 1729 445 S.
1779 377 2159 440 GREGOBII
2213 377 2722 439 AGRIGENTINI

3712 383 3819 450 716

565 502 743 546 sectas
786 487 1102 543 abeuntium
1136 487 1336 543 oblatis
1387 487 1788 544 offensionibus
1828 489 1989 543 [luem
2034 488 2138 541 im-

2244 487 2548 557 Βαρϐάρων
2577 489 2803 556 ἐφόδους
2833 488 2911 561 τῷ
2942 492 3338 564 Χρισςοκλήτῳ
3368 493 3483 563 λαῷ
3517 496 3693 566 μάτην
3724 500 3825 549 ἐπ-

564 582 796 652 pouito;
855 592 907 635 tu
962 581 1329 635 Barbarorum
1385 582 1775 647 incursiones,
1826 597 1894 635 ne
1945 580 2143 650 populo

563 675 882 728 Christiano
917 673 1145 725 exitium
1176 671 1427 739 aﬂ'erant,
1464 674 1572 728 tuis
1600 674 1853 741 precibus
1881 675 2142 738 avertito;

562 773 617 819 tu
660 780 773 818 rem
813 764 1085 833 publicam
1131 765 1312 819 stabili
1362 781 1495 835 pace
1536 766 1792 832 firmato;
1846 774 1899 819 tu
1954 781 2145 818 mona-

559 856 790 909 chorum
824 856 1089 924 praesides
1130 871 1159 909 a
1195 856 1477 910 latentium
1509 857 1729 909 leonum
1764 856 2144 923 malorumque

558 948 870 1002 daemonum
904 949 1105 1017 impetu
1137 948 1252 1021 [cx]
1289 951 1395 1004 tuis
1436 951 1580 1020 apud
1612 949 1782 1003 Deum
1807 950 2142 1003 obsecratio-

532 1026 725 1094 ‘nibus
752 1041 1028 1095 defendito
1064 1061 1077 1095 :
1107 1051 1162 1095 tu
1196 1043 1433 1112 denique
1465 1058 1754 1111 corporum
1804 1043 2144 1095 animorum-

559 1148 666 1202 que
694 1140 1008 1187 nostrorum
1043 1134 1252 1187 morbis
1280 1134 1532 1203 praesenti
1564 1134 1651 1187 illa
1683 1134 2010 1203 precationis
2038 1144 2143 1187 ture

559 1225 830 1279 medicina
863 1227 1143 1292 medetor;
1184 1238 1346 1294 atque
1380 1228 1433 1280 in
1481 1226 1583 1280 hac
1612 1227 1833 1295 quidem
1871 1227 1980 1279 vita
2016 1242 2141 1296 pre-

560 1332 687 1370 cum
730 1325 950 1371 tuarum
982 1333 1085 1387 ope
1116 1335 1179 1371 ex
1224 1319 1582 1373 invisibilium
1618 1334 1717 1371 nos
1752 1326 1917 1387 atque
1950 1319 2141 1373 visibi-

561 1410 693 1462 lium
735 1409 973 1464 hostium
1025 1412 1279 1465 manibus
1325 1412 1510 1480 eripe;
1562 1410 1616 1464 in
1649 1410 1832 1465 futura
1876 1426 2004 1465 vero
2032 1409 2137 1475 fac,

558 1497 847 1550 audiamus
898 1497 1109 1550 beatam
1148 1498 1293 1549 illam
1337 1512 1527 1551 vocem
1576 1496 1643 1549 ad
1694 1497 1937 1550 dcimam
1978 1507 2140 1565 atque

557 1589 833 1642 caelestem
880 1589 932 1642 in
986 1590 1287 1642 thalamum
1329 1604 1426 1642 eos
1473 1596 1794 1651 vocantem,
1846 1588 1939 1657 qui
1994 1598 2139 1642 recte

557 1678 815 1740 vixerint,
847 1692 909 1731 ac
934 1676 1147 1731 Domini
1173 1687 1441 1746 praecepta
1468 1677 1626 1731 dictis
1650 1677 1919 1747 factisque
1949 1689 2139 1733 sanrte

560 1770 903 1825 Servaverint
937 1785 1087 1839 :quo
1124 1770 1408 1838 pervenire
1462 1784 1563 1823 nos
1615 1785 1804 1823 omnes
1862 1770 2140 1839 contingat

560 1863 733 1933 gratia
772 1870 826 1915 et
859 1861 1237 1916 misericordia
1276 1861 1491 1916 Domini
1538 1863 1709 1916 nostri
1754 1860 1882 1916 Jesu
1915 1863 2137 1929 Christi,

557 1955 650 2011 cui
681 1956 852 2025 gloria
877 1966 930 2009 et
959 1956 1245 2025 imperium
1271 1971 1417 2011 nunc
1441 1964 1497 2011 et
1530 1972 1747 2027 semper
1775 1967 1827 2012 et
1855 1959 1908 2010 in
1942 1960 2138 2012 saecula

558 2051 912 2104 snculorum.
950 2050 1122 2102 Amen
1155 2049 1288 2120 (27).

558 2184 807 2239 dentium
847 2183 1213 2239 Ecclesiarum
1259 2185 1657 2240 offensionibus
1687 2186 2003 2238 Graecorum
2041 2201 2140 2239 no-

558 2255 757 2309 vitates
783 2256 1120 2323 signiticatas
1147 2256 1401 2320 dixerim,
1436 2271 1573 2320 quas
1606 2256 1850 2325 synodus
1882 2254 2137 2311 Trullaua

559 2324 765 2377 invexit
804 2340 1014 2378 canone
1057 2327 1109 2389 5,
1154 2327 1209 2389 4,
1264 2326 1353 2386 15,
1411 2327 1500 2387 67,
1550 2324 1648 2389 8'2,
1688 2341 1771 2382 ca.
1828 2337 1881 2379 ut
1931 2326 2139 2380 baiulis

557 2395 923 2448 Alexandrius
949 2396 1250 2456 contendit,
1280 2406 1400 2450 acta
1432 2405 1516 2449 est
1540 2412 1685 2449 anno
1709 2396 1832 2448 688.
1868 2395 2137 2451 Barbaros

558 2473 766 2534 autem,
802 2480 1036 2534 quorum
1091 2467 1502 2520 incursionibus
1527 2466 1825 2519 Christiani
1859 2469 2136 2519 vexaban-

561 2545 673 2605 tur,
703 2532 1012 2589 Saracenos
1044 2535 1212 2605 fuisse
1244 2538 1472 2596 scimus,
1514 2536 1602 2602 qui
1634 2552 1727 2603 per
1764 2553 1824 2589 ea
1862 2546 2130 2605 tempora,

557 2604 781 2657 Oriente
805 2617 1091 2671 occupato,
1126 2603 1405 2661 Occidenti
1441 2622 1659 2674 quoque
1692 2603 1992 2659 inhiabant.
2029 2610 2134 2661 lies

559 2675 781 2729 demum
836 2674 1048 2743 publica
1108 2677 1393 2730 verissime
1438 2678 1641 2729 dicitur
1690 2691 1822 2743 pace
1869 2677 2133 2743 caruisse,

558 2759 685 2799 cum
717 2747 952 2814 partium
987 2747 1183 2800 studiis
1211 2755 1427 2799 nutaret
1455 2748 1770 2815 imperium,
1804 2746 2137 2799 Justiniano—

566 2829 666 2884 que
694 2830 724 2869 e
745 2817 886 2870 solio
924 2816 1236 2877 deturbate,
1268 2814 1550 2879 Leontius,
1582 2815 1781 2869 deinde
1814 2818 2136 2869 Ausimarus

557 2898 665 2939 non
715 2887 836 2941 sine
886 2885 1181 2940 multorum
1219 2888 1461 2941 caedibus
1517 2902 1741 2955 regnum
1800 2888 1901 2941 sibi
1957 2888 2137 2940 vindi—

2245 581 2550 651 ερχομένας
2598 585 2719 644 ταῖς
2769 584 2891 645 σαῖς
2946 584 3265 655 πρεσϐείαις
3310 587 3654 658 ἀπόστρεψον
3687 608 3698 620 ·
3755 594 3822 661 τῇ

2246 674 2490 744 πολιτείᾳ
2524 676 2748 745 εἰρήνην
2782 677 3053 747 σταθερὰν
3109 677 3456 750 διευοέτησον
3486 698 3498 710 ·
3554 683 3680 744 τοὺς
3717 684 3826 735 τῶν

2248 764 2532 832 μοναστῶν
2575 764 2815 831 λογάδας
2868 768 2931 817 ἐκ
2963 766 3061 835 τῆς
3097 767 3205 819 τῶν
3241 768 3445 835 νοητῶν
3476 766 3704 820 λεόντων
3732 772 3826 821 καὶ

2244 855 2341 923 τῆς
2374 855 2478 906 τῶν
2519 855 2772 926 πονηρῶν
2805 858 3133 926 πνευμάτων
3166 859 3345 928 ὁρμῆς
3372 862 3492 919 ταῖς
3524 860 3658 928 πρὸς
3693 860 3826 912 Θεόν

2247 962 2338 997 σου
2369 944 2615 1013 δεήσεσιν
2644 945 3008 1017 ἐλευθέρωσον
3038 966 3051 980 ·
3082 949 3179 1010 τὰς
3210 949 3318 1001 τῶν
3339 949 3528 1018 ψυχῶν
3573 952 3666 1001 καὶ
3723 967 3827 1001 σω·

2248 1037 2431 1105 μάτων
2453 1037 2608 1105 ἡμῶν
2634 1038 2821 1100 νόσους
2858 1038 2937 1108 τῷ
2965 1040 3239 1111 δραστικῷ
3289 1044 3387 1111 τῆς
3437 1041 3673 1111 δεήσεως
3728 1060 3825 1093 σου

2244 1128 2521 1198 φαρμάκῳ
2553 1129 2835 1200 ἰάτρευσον
2869 1149 2883 1162 ·
2913 1133 3005 1183 καὶ
3030 1134 3088 1184 ἐν
3125 1132 3223 1202 μὲν
3257 1132 3334 1201 τῷ
3384 1133 3616 1203 παρόντι
3668 1133 3824 1186 αἰῶνι
3894 1142 3905 1153 ’

2242 1224 2362 1283 ταῖς
2392 1221 2813 1290 ἀντιληπτικαῖς
2852 1224 3041 1292 εὐχαῖς
3073 1240 3166 1275 σου
3199 1223 3258 1288 ἐξ
3291 1225 3540 1294 ἀοράτων
3566 1226 3661 1277 καὶ
3691 1227 3825 1294 ὀρα-

2241 1311 2349 1365 τῶν
2381 1315 2526 1383 ἡμᾶς
2557 1314 2771 1383 ἐχθρῶν
2806 1315 3117 1386 ἐξάρπασον
3154 1332 3168 1347 ο
3224 1318 3281 1368 ὲν
3328 1317 3383 1368 δὲ
3423 1316 3499 1387 τῷ
3552 1317 3820 1385 μέλλοντι,

2241 1403 2340 1471 τῆς
2372 1406 2651 1474 μακαρίας
2683 1407 2969 1459 ἀκοντίσαι
3010 1407 3193 1475 φωνῆς
3224 1408 3317 1459 καὶ
3350 1408 3449 1475 τῆς
3504 1408 3567 1458 ἐκ
3630 1406 3821 1469 δεξιῶν

2243 1498 2734 1567 προσκαλουμένης
2765 1500 2822 1549 ὲν
2847 1498 2927 1568 τῷ
2957 1498 3194 1568 οὐρανίῳ
3228 1500 3479 1569 νυμφῶνι
3507 1503 3617 1561 τοῖς
3644 1500 3821 1570 ὀρθῶς

2244 1589 2527 1657 βεϐιωκόσι
2584 1591 2675 1642 καὶ
2725 1595 2849 1654 ταῖς
2883 1593 3127 1654 ἐντολαῖς
3153 1593 3247 1644 τοῦ
3281 1593 3485 1662 Κυρίου
3513 1592 3818 1661 ἀμέμπτως

2240 1680 2329 1733 διά
2359 1698 2417 1732 τε
2446 1681 2589 1749 λόγῳ
2609 1686 2701 1735 καὶ
2726 1683 2871 1754 ἔργῳ
2901 1684 3206 1752 τηρήσασιν
3231 1700 3245 1711 ·
3285 1678 3351 1753 ἦς
3382 1684 3589 1751 γένοιτο
3612 1683 3818 1745 πάντας

2242 1775 2387 1843 ἡμᾶς
2407 1777 2682 1844 ἐπιτυχεῖν
2707 1777 2891 1847 χάριτι
2921 1776 3015 1828 καὶ
3042 1775 3423 1846 φιλανθρωπίᾳ
3465 1774 3559 1826 τοῦ
3611 1774 3818 1844 Κυρίου

2241 1867 2396 1936 ήμῶν
2460 1867 2635 1937 Ἰησοῦ
2684 1868 2946 1937 Χριστοῦ,
3003 1862 3047 1936 ᾦ
3088 1870 3120 1940 ἡ
3158 1868 3285 1933 δόξα
3346 1866 3440 1920 καὶ
3502 1866 3562 1919 τὸ
3620 1869 3819 1935 κράτος

2238 1958 2333 2011 νῦν
2393 1960 2488 2011 καὶ
2540 1959 2629 2011 ἀεὶ
2691 1961 2785 2011 καὶ
2842 1963 2921 2023 εἰς
2978 1962 3104 2024 τοὺς
3157 1959 3363 2022 αἰῶνας
3422 1959 3531 2011 τῶν
3584 1957 3815 2010 αἰώνων.

2252 2052 2443 2122 Ἀμήν.

2237 2194 2475 2239 cassent.

2315 2255 2484 2306 Porro
2507 2269 2629 2321 quae
2656 2254 2921 2309 hactenus
2944 2256 2995 2308 in
3024 2253 3254 2307 Leontio
3278 2269 3304 2305 a
3337 2254 3496 2308 nobis
3523 2253 3603 2307 vel
3628 2268 3816 2306 emen-

2246 2325 2370 2379 data
2408 2325 2488 2377 vel
2522 2324 2790 2377 illustrata
2817 2337 2962 2382 sunt.
2992 2328 3113 2393 plus
3148 2326 3353 2393 aliquid
3396 2328 3534 2378 lucis
3579 2325 3813 2376 allatura

2245 2411 2532 2464 speramus
2571 2398 2635 2446 ad
2672 2405 2836 2447 totam
2870 2396 3112 2464 Gregorii
3153 2397 3435 2449 historiam
3481 2409 3815 2462 cognoscen-

2244 2463 2364 2518 dam
2403 2480 2609 2533 :quam
2660 2468 2844 2534 utique
2892 2467 3074 2519 multis
3123 2466 3535 2520 dillicultalibus
3585 2463 3817 2530 impedi-

2238 2545 2363 2607 tam
2402 2537 2733 2607 accepimus.
2797 2537 2934 2589 Ante
2986 2552 3084 2588 nos
3130 2546 3278 2589 certe
3332 2554 3506 2607 neque
3558 2534 3817 2588 Bailletus

2238 2606 2536 2674 quidquam
2574 2606 2919 2658 enucleatum
2953 2608 3213 2667 ediderat,
3256 2606 3430 2675 neque
3468 2609 3645 2661 caeteri
3675 2607 3815 2658 vita-

2239 2693 2359 2729 rum
2394 2687 2489 2729 aut
2519 2678 2822 2742 elogiorum
2859 2677 3153 2745 scriptores
3201 2677 3306 2730 nisi
3352 2677 3685 2739 communia,
3719 2690 3814 2728 ea-

2239 2764 2344 2816 que
2376 2747 2564 2799 leviter
2592 2745 2917 2801 delibaraut.

2311 2816 2423 2887 (27)
2464 2816 2598 2869 Cod.
2631 2816 2685 2888 2,
2719 2818 2746 2868 ὁ
2802 2816 2931 2888 λαὸς
2979 2816 3062 2881 τὸ,
3124 2817 3316 2888 Ἀμήν.
3368 2818 3543 2884 Δίδου,
3584 2816 3811 2886 Χριστὲ,

2239 2890 2349 2950 τοῖς
2383 2888 2539 2956 ἐμοῖς
2576 2887 2757 2950 πόνοις
2785 2887 2966 2959 χάριν.

1276 3252 1343 3314 S.
1377 3250 1765 3314 GREGORII
1799 3251 1879 3325 ll,
1911 3252 2359 3314 PONTIFICIS
2410 3253 3142 3316 AGBIGENTINORUM
3190 3295 3193 3297 -

1901 3433 2454 3524 ANNALIS.

636 3813 859 3891 [exn].
884 3814 1114 3895 Evam
1147 3825 1277 3890 quo
1306 3810 1656 3895 Gregorius
1678 3816 1904 3895 noster
1928 3807 2107 3895 vixit,
2148 3807 2232 3869 ita
2262 3806 2513 3895 anobis
2546 3808 3101 3895 circumscriptum
3130 3820 3247 3885 est,
3282 3820 3349 3873 ut
3381 3831 3591 3895 neque
3624 3816 3808 3895 Caje-

559 3886 1332 3975 tanoassentiremur,qui
1356 3886 1502 3949 eum
1528 3886 2015 3975 subJustiniani
2040 3889 2063 3975 ξ
2092 3887 2375 3975 imperio
2395 3888 2690 3975 floruisse
2723 3890 2972 3949 censuit
2990 3890 3140 3975 (28),
3161 3886 3801 3975 neqi_ie_illiii.ancian1

555 3970 1047 4033 anteferendum
1084 3965 1494 4049 duce—remus,
1547 3966 1659 4049 qui
1703 3967 2002 4049 eumdem
2030 3965 2689 4049 Justinianilliaetati
2729 3965 3439 4049 supparemffecit'(29).
3484 3973 3800 4033 Nimirum

555 4059 627 4111 ut
658 4049 937 4129 Caietani
967 4046 1350 4129 sententiam
1384 4044 1865 4129 Lanciamultis
1896 4045 2299 4129 argumentis
2326 4044 2745 4129 labefactavit,
2790 4046 2883 4106 sic
2915 4047 3164 4108 Lanciaa
3203 4044 3575 4129 opinionem
3613 4053 3801 4111 ratio-

559 4144 675 4190 nes
702 4122 1022 4189 inﬁi'mare
1058 4128 1382 4198 videntur,
1417 4140 1578 4201 quas
1605 4123 1734 4200 jam
1785 4122 1850 4181 in
1881 4122 2405 4204 adnotationibus
2449 4125 2915 4197 exposuimus;
2956 4122 3321 4204 quanquam
3371 4128 3555 4188 nobis
3590 4130 3683 4188 vel
3730 4130 3798 4190 in

557 4207 678 4267 hoc
712 4223 841 4266 uno
864 4205 1018 4266 satis
1048 4221 1257 4266 causai
1286 4200 1671 4263 esse’visu-m
1700 4209 1823 4275 est,
1851 4218 1974 4280 cur
1995 4200 2073 4260 ab
2097 4207 2366 4276 utroque
2394 4204 2864 4273 recederemus,
2898 4200 3068 4280 quod
3106 4200 3333 4265 neuter
3361 4206 3797 4268 auctoritatem

555 4283 755 4345 ullam
791 4283 1133 4362 protulerit
1169 4298 1393 4343 eorum
1427 4288 1816 4362 temporum,_
1846 4278 2092 4362 quibus
2116 4279 2499 4362 Gregorium
2532 4280 2772 4362 vixisse
2811 4278 3172 4362 contendit.
3195 4283 3264 4362 1d
3296 4284 3538 4361 quippe
3578 4302 3799 4345 neces-

554 4358 1095 4441 sarium—omnino,
1116 4368 1274 4441 erat,
1297 4367 1487 4441 atque
1519 4374 1770 4441 omnem
1802 4358 1866 4417 in
1891 4359 1954 4417 id
1980 4358 2474 4441 diligentiamac
2504 4358 3108 4441 studiumconferre
3138 4358 3483 4433 debebant}
3510 4367 3799 4441 quando-

555 4440 820 4520 quidem
861 4440 1127 4520 Leontii
1180 4435 1447 4520 historia
1496 4438 1686 4496 certis
1737 4453 1807 4520 ac
1858 4435 2218 4520 perspicuis
2273 4435 2700 4520 eevi__indiciis
2757 4437 2956 4520 plane
2997 4447 3210 4520 caret,
3252 4435 3795 4518 quemadmodum

554 4513 828 4578 diversas
854 4519 1141 4595 ipsorum
1164 4516 1506 4597 Opiniones
1536 4514 1998 4597 sententiasque
2038 4513 2545 4597 d_eclarant.Uter
2568 4531 2789 4575 eorum
2817 4513 3626 4597 testimonium'scriptoris
3656 4521 3799 4579 illo-

556 4614 698 4656 rum
743 4593 1100 4672 temporum
1127 4594 1391 4672 aaqualis
1423 4594 1819 4672 protulisset,
1855 4596 1933 4655 ab
1962 4608 2039 4653 eo
2070 4593 2148 4653 lis
2178 4593 2490 4670 dirempta
2523 4601 2716 4668 esset,
2752 4612 2868 4656 nec
2899 4594 3029 4673 jam
3062 4596 3400 4657 dubitandi
3427 4593 3631 4659 causa
3670 4599 3799 4661 ulla

553 4691 895 4750 superesse
934 4674 1280 4734 videretur.

635 4748 948 4829 Sepositis
982 4751 1179 4829 igitur
1218 4750 1444 4811 horum
1496 4749 2045 4821 contentionibus,
2101 4750 2268 4810 unde
2303 4748 2461 4829 nihil
2516 4758 2913 4828 compertum
2951 4754 3358 4825 haberemus,
3390 4754 3554 4816 illud
3607 4756 3796 4816 unice

552 4828 972 4911 qumrendum
1002 4829 1460 4911 judicavimus,
1497 4846 1648 4911 num
1697 4830 1869 4905 apud
1903 4838 2190 4911 veterum
2222 4828 2603 4911 scriptorum
2646 4830 2924 4911 aliquem
2978 4833 3326 4910 aliquando
3369 4836 3448 4894 de
3486 4835 3798 4911 Gregorio

554 4906 778 4991 nostro
811 4906 1044 4987 injecta
1072 4907 1317 4991 mentio
1347 4918 1538 4991 esset.
1579 4907 1667 4967 Ne
1702 4923 1849 4966 vero
1899 4908 1964 4991 in
2004 4906 2378 4991 antiquitate
2418 4906 3181 4991 scrutanda'latiursjusto
3217 4914 3571 4991 vagandum
3608 4906 3794 4984 foret,

553 4987 764 5067 edocti
796 5003 829 5047 a
864 4984 1153 5067 Leontio,
1187 4988 1570 5067 Gregorium
1624 5001 1747 5067 non
1791 4984 1991 5067 multo
2022 4994 2166 5067 ante
2201 4986 2414 5061 ipsum
2457 4986 2825 5067 exstitisse;
2865 4984 3140 5066 primum
3171 4992 3248 5050 de
3296 4984 3506 5067 ipsius
3543 4992 3797 5052 Leontii

551 5083 689 5128 aevo
714 5066 1239 5143 investigandum
1268 5065 1825 5146 censuimus._Hoc
1855 5064 2027 5146 enim
2052 5065 2323 5146 detecto,
2352 5079 2482 5146 non
2509 5065 2669 5126 ultra
2696 5064 2912 5127 saeculi
2944 5064 3361 5146 praecedentis
3386 5070 3542 5129 fines
3570 5087 3798 5129 excur-

554 5148 824 5207 rendum
860 5140 1127 5225 era't,iut
1158 5144 1451 5221 Gregorii
1486 5143 1686 5225 nostri
1727 5142 1996 5225 vestigia
2021 5140 2731 5225 aliquainveniremus.
2777 5140 2996 5223 Neque
3034 5164 3179 5207 vero
3211 5162 3469 5225 operam
3505 5148 3565 5207 in
3602 5166 3672 5207 ea
3705 5149 3799 5206 in-

552 5224 785 5302 dagine
828 5222 1252 5303 perdidimus,
1283 5240 1375 5303 ac
1415 5221 1763 5303 Leontium
1808 5221 2045 5281 szeculo
2089 5221 2383 5303 septimo,
2425 5222 2664 5303 utfjam
2721 5221 3175 5303 recognoscere
3223 5221 3390 5296 licet,
3427 5225 3797 5302 praefectura

554 5298 925 5364 monasterii
954 5302 1165 5363 Sancti
1200 5301 1376 5362 Saba)
1404 5300 1691 5363 functum
1732 5301 1946 5359 Romae
1980 5315 2119 5359 esse
2153 5298 2726 5376 deprehendimus.

630 5382 916 5460 ll._Cum
948 5381 1147 5459 igitur
1189 5398 1267 5441 ex
1299 5378 1548 5441 Leontii
1597 5378 1765 5438 dicto
1816 5376 2168 5455 Gregorius
2203 5387 2421 5460 noster
2453 5380 2560 5460 vix
2610 5380 2846 5441 smculo
2877 5392 3205 5460 antiquior
3243 5399 3387 5444 esse
3435 5390 3675 5460 posset,
3729 5383 3797 5444 in

552 5458 772 5521 seaculi
825 5458 989 5521 sexti
1024 5459 1496 5540 monumentis,
1539 5474 1684 5540 quae
1718 5464 2002 5540 exstant,
2028 5458 2397 5540 memoriam
2449 5459 2588 5540 ejus
2631 5475 2998 5540 nomenque
3034 5458 3409 5540 perquirere
3436 5458 3794 5539 'cuapimus.

552 5541 712 5601 Ecce
743 5549 957 5600 autem
991 5538 1105 5599 tibi
1139 5538 1205 5599 in
1239 5537 1532 5616 epistolis
1561 5534 1682 5616 (30}
1715 5534 2008 5613 Gregorii
2038 5535 2247 5614 Magni
2281 5534 2700 5617 semelatque
2746 5534 2980 5601 iterum
3016 5534 3367 5618 Gregorius
3400 5534 3661 5619 quidam
3691 5556 3803 5603 oc-

623 5724 741 5789 (28)
795 5723 899 5777 Vit.
952 5721 1056 5778 SS.
1103 5723 1218 5778 Sic.
1258 5732 1392 5777 tom.
1425 5722 1466 5787 l,
1518 5723 1572 5776 in
1622 5721 1860 5776 animad.
1896 5735 1951 5789 p.
1995 5720 2119 5774 169.

2052 5720 2119 5800 ξ9.
2302 5720 2415 5791 (50)
2458 5720 2577 5778 Lib.
2608 5740 2646 5790 ι,
2680 5726 2842 5794 epist.
2882 5724 2981 5791 7‘2;
3013 5725 3105 5783 lib.
3142 5743 3219 5795 in,
3252 5728 3416 5797 epist.
3443 5727 3531 5783 12.

626 5795 741 5864 (‘29)
783 5796 927 5851 Diss.
944 5794 1012 5850 de
1038 5804 1125 5850 aet.
1150 5794 1212 5849 B.
1235 5793 1396 5863 Greg.
1418 5794 1601 5865 Agrig.
1620 5803 1659 5848 t.
1690 5792 1756 5847 IV
1778 5791 1982 5861 Opusc.
2007 5789 2119 5846 Sic.
