4158 6544
352 423 457 491 717
1814 428 2164 489 ANNALIS.
2314 381 2339 397 ”
3230 468 3234 473 .
3499 412 3627 491 718'

357 541 929 622 curritepiscopus
960 541 1443 622 Agrigentinus.
1490 541 1725 622 Arrisit
1756 540 1875 603 hoc
1903 542 2113 622 plane.
2155 546 2541 622 Temporum
2585 542 2756 604 enim
2805 542 3083 605 rationes
3118 541 3412 620 praeiere
3443 561 3604 606 con—

356 620 752 682 veniebant:
790 622 846 680 id
893 620 1342 682 tamen‘unum
1384 621 1539 681 satis
1590 638 1731 681 esse
1779 637 1906 681 non
1941 620 2413 695 videbatur,’ut
2464 621 2646 683 illum
2696 622 2911 698 ipsum
2956 638 3098 683 esse
3144 630 3598 695 statueremus,

352 699 543 779 cujus
578 700 767 761 vitam
800 701 1107 779 Leontius
1143 700 1495 774 posteritati
1532 700 1918 760 tradidisset.
1955 700 2259 777 Epistolis
2289 700 2420 761 illis
2454 701 2774 778 perlectis,
2821 708 3185 761 accusatum
3216 704 3598 779 Gregorium

352 778 847 857 Agrigentinum
880 778 1046 856 apud
1083 779 1446 857 pontiﬁcem
1481 780 1851 850 maximum,
1887 786 1954 838 ut
1988 779 2297 838 Leontius
2335 789 2563 849 narrat,
2621 779 2786 840 clare
2831 788 3021 857 atque
3054 778 3391 856 perspicue
3432 782 3600 842 didi-

354 857 557 918 cimus
594 877 609 916 :
645 857 706 918 id
742 874 893 918 vero
933 858 1276 918 alacriores
1307 857 1477 926 fecit,
1535 867 1595 916 et
1638 859 1714 917 ad
1762 858 2008 933 reliqua
2040 858 2483 932 investiganda
2517 857 2962 919 vehementius
2998 859 3303 919 incitavit.
3341 860 3600 920 iuveni-

357 952 501 1015 mus
531 944 767 1005 autem,
803 937 1345 1015 quemadmodum
1376 952 1410 997 a
1444 936 1710 1015 Leontio
1743 936 2038 996 traditum
2072 937 2487 1015 est,Bomam
2518 953 2666 1015 eum
2696 938 2773 997 ad
2810 952 3061 996 causam
3090 936 3423 998 dicendam
3457 955 3601 1015 pro-

351 1013 589 1075 fectum
624 1031 766 1152 (asse
801 1013 1109 1171 (38,3)huc
1138 1015 1372 1076 accitos
1417 1032 1451 1076 e
1486 1014 1703 1077 Sicilia
1732 1020 2132 1075 accusatores
2170 1012 2319 1094 (3‘2),
2361 1022 2421 1074 et
2452 1014 2699 1093 judicio
2739 1022 3009 1093 peracto,
3050 1015 3128 1075 ad
3161 1017 3379 1077 sedem
3413 1012 3597 1079 illum

354 1109 535 1153 suam
571 1108 634 1152 re
683 1110 839 1153 lisse
940 1100 950 1115 ‘
1004 1138 1017 1154 .

354 1109 535 1153 suam
571 1100 839 1153 rediisse
872 1100 1017 1154 (33).

437 1109 535 1153 am
571 1100 839 1153 rediisse
899 1100 971 1154 33
1004 1138 1017 1154 .

432 1175 627 1251 Porro
670 1171 801 1231 haec
833 1100 1195 1250 rem)prope
1227 1172 1707 1251 conﬁcerevisa
1755 1178 1927 1242 sunt,
1964 1177 2031 1233 ut
2061 1187 2187 1231 non
2236 1171 2432 1233 alium
2457 1171 2585 1251 jam
2626 1171 3008 1251 Gregorium
3054 1187 3087 1231 a
3121 1172 3389 1233 Leontio
3419 1176 3596 1236 desi-

353 1250 535 1327 gnari
585 1265 1021 1312 censeremus.
1073 1254 1228 1313 Nam
1262 1268 1414 1312 casu
1451 1250 1716 1329 quidem
1769 1250 2141 1328 contingere
2173 1251 2280 1311 vix
2331 1250 2519 1327 posSe
2574 1250 2978 1326 putabamus,
3026 1256 3094 1309 ut
3150 1251 3433 1328 episcopi
3468 1255 3599 1315 duo

353 1328 646 1408 ejusdem
683 1329 889 1402 urbis,
926 1331 1152 1390 eodem
1184 1329 1369 1390 ambo
1420 1328 1678 1391 nemine
1720 1329 2143 1408 exstitissent,
2196 1329 2308 1406 qui
2360 1343 2419 1390 et
2457 1329 2732 1390 accusati
2774 1336 2834 1389 et
2881 1329 3145 1389 Romam
3187 1330 3256 1389 in
3281 1332 3597 1408 judicium

354 1406 560 1468 vecati
592 1418 829 1481 essent,
869 1417 929 1468 et
962 1409 1027 1469 in
1060 1408 1283 1469 urbem
1316 1426 1495 1469 suam
1538 1407 1939 1483 postliminio
1970 1408 2341 1469 rediissent.

433 1485 546 1547 lll.
592 1487 887 1565 Restabat
931 1499 1163 1559 tamen,
1198 1496 1267 1547 ut
1302 1504 1375 1548 ea
1427 1488 1994 1565 perpenderemus,
2046 1486 2409 1565 quaefaliud
2446 1503 2676 1561 revum,
2705 1484 2824 1547 alia
2863 1484 3130 1565 omnino
3166 1492 3449 1565 tempora
3504 1490 3598 1551 si-

354 1581 549 1643 gnare
580 1564 903 1638 videntur,
984 1583 1125 1626 nam
1160 1584 1255 1635 ea,
1291 1564 1530 1644 quibus
1566 1581 1680 1637 nos
1712 1573 1902 1625 totam
1934 1566 2179 1624 Leontii
2208 1564 2538 1627 historiam
2570 1564 3178 1626 circumscribimus.
3205 1568 3382 1642 [cxn]
3406 1567 3597 1646 Ejus-

356 1643 529 1704 modi
568 1654 718 1703 sunt
765 1583 1112 1704 anneﬂatio
1162 1645 1418 1704 Macarii
1469 1642 1933 1704 archiepiscmii
1984 1643 2609 1704 Hierosolvmornm.
2662 1643 2774 1704 aui
2822 1644 2984 1704 ultra
3036 1661 3271 1704 annum
3313 1646 3430 1704 571i
3474 1664 3596 1704 non

356 1643 529 1723 modi
568 1654 718 1723 sunt
765 1642 1112 1723 appellatio
1162 1642 1418 1706 Macarii
1469 1642 1998 1723 archiepiscotii‘]

1958 1643 2609 1723 Hierosolymorum,
2662 1643 2774 1722 qui
2822 1644 2984 1704 ultra
3036 1661 3271 1704 annum
3313 1646 3430 1706 571i
3452 1642 3598 1710 'non

356 1721 554 1795 vixit;
587 1720 901 1801 Eustathii
940 1722 1409 1800 archiepiscOpi
1444 1720 1970 1801 Antiochiaa,qui
2003 1738 2244 1801 annum
2292 1720 2422 1784 ’338
2451 1720 2737 1801 attigisse
2770 1737 2897 1782 non
2929 1730 3218 1797 putatur;
3251 1725 3597 1787 Justiniani

357 1802 526 1880 Aug.
568 1800 679 1878 qui
715 1800 990 1862 decessit
1039 1799 1206 1862 anno
1250 1799 1402 1874 565;
1438 1800 1669 1879 Sergii,
1704 1799 1886 1879 Cyri,
1914 1799 2095 1880 Pauli
2143 1799 2610 1874 haereticorum}
2653 1817 2927 1880 quorum
2967 1801 3209 1876 primus
3260 1804 3467 1863 dictus
3503 1816 3598 1867 est

351 1878 882 1955 archiepiscoiius
931 1878 1679 1957 ConstantinOpolitanus
1729 1878 1898 1939 anno
1946 1879 2086 1939 610.
2119 1880 2276 1939 Inde
2328 1882 2498 1941 enim
2552 1878 2713 1941 natae
2754 1882 3208 1941 controversiae
3252 1881 3378 1942 illae
3422 1896 3594 1957 sunt,

355 1972 516 2034 quas
546 1956 855 2031 diximus,
889 1967 949 2017 et
981 1957 1225 2038 gemina
1260 1956 1395 2019 orta
1425 1959 1504 2020 de
1535 1957 1828 2038 Gregorii
1860 1965 2039 2038 aetate
2063 1958 2401 2038 sententia.
2438 1960 2592 2020 Cum
2620 1959 2751 2019 haec
2781 1966 2991 2018 autem
3022 1956 3190 2020 inter
3213 1978 3281 2019 se
3314 1979 3596 2038 pugnare

351 2042 692 2106 constaret,
729 2038 899 2113 quod
938 2036 1218 2116 requales
1246 2038 1493 2108 fierent,
1526 2037 1636 2116 qui
1673 2039 1861 2116 longe
1890 2036 2166 2116 diversis
2199 2038 2597 2116 temporibus
2630 2038 3046 2105 exstiterunt;
3082 2036 3451 2116 suspicandi
3485 2059 3599 2103 an-

352 2129 486 2173 sam
517 2116 867 2193 priebuere,
895 2114 1201 2176 mendosa
1224 2134 1363 2177 esse
1386 2114 1803 2192 exemplaria,
1829 2131 1972 2193 quas
1996 2114 2074 2176 ad
2100 2130 2217 2176 nos
2246 2114 2699 2192 pervenerunt,
2725 2132 2853 2177 non
2882 2114 3128 2177 Leontii
3150 2114 3453 2191 auctoris,
3484 2125 3597 2181 sed

352 2193 583 2257 Scribaa
614 2192 847 2273 veteris
899 2193 1091 2267 stulta
1135 2196 1409 2273 quadam
1455 2193 1799 2272 imperitia,
1849 2192 1963 2273 qui
2017 2194 2277 2255 nomina
2321 2195 2640 2273 addiderit
2678 2212 2923 2267 eorum,
2969 2210 3132 2271 quos
3182 2196 3445 2273 quidem
3482 2202 3600 2259 ali«

353 2274 611 2347 quando
629 2271 831 2352 fuisse
859 2274 1073 2342 sciret,
1108 2271 1171 2333 at
1198 2289 1472 2352 quorum
1502 2271 1706 2333 aevum
1736 2271 1918 2350 plane
1949 2272 2294 2352 ignoraret.
2330 2272 2523 2333 Auxit
2550 2271 3299 2349 suspicionemgcodex’liO
3327 2274 3595 2339 Basilia-

354 2365 616 2419 norum,
649 2350 717 2410 in
748 2368 902 2428 quo,
925 2367 1037 2429 pro
1066 2350 1459 2424 Iustiniano,
1483 2353 1805 2412 Justinum
1836 2350 2001 2412 cieri
2025 2351 2305 2431 vidimus
2340 2369 2353 2411 :
2388 2353 2565 2413 auxit
2590 2361 2650 2413 et
2680 2352 3447 2431 SimeonMetaphrastes,
3482 2359 3591 2431 qui

352 2443 723 2508 quanquam
774 2447 875 2490 res
907 2428 939 2490 a
973 2432 1241 2492 Leontio
1282 2438 1562 2492 narratas
1610 2430 1849 2506 recepit
1893 2428 2206 2508 singulas,
2260 2431 2518 2491 nomina
2555 2441 2761 2491 tamen
2793 2430 3139 2508 Justiniani
3188 2438 3248 2490 et
3282 2428 3595 2495 Eustathii

354 2520 485 2566 non
516 2506 752 2588 habet;
776 2518 921 2588 tum
958 2526 1035 2568 ne
1079 2509 1241 2571 illud
1274 2509 1538 2588 quidem
1572 2525 1793 2585 parum
1829 2506 2038 2570 valere
2080 2508 2410 2582 duximus,
2453 2511 2624 2587 quod
2672 2510 2737 2570 in
2770 2507 3069 2588 omnibus
3118 2511 3594 2588 exemplaribus

353 2593 416 2643 et
447 2585 735 2666 QpiSCOpi
758 2585 1387 2662 Carthaginiensis—et
1416 2588 1884 2666 archiepiscopi
1918 2588 1995 2649 Co

1951 2585 2601 2665 ionstaritinOpOIitani
2636 2596 2698 2649 et
2732 2586 3047 2666 pontiticis
3075 2585 3329 2649 maximi
3361 2607 3593 2655 nomen

357 2663 758 2746 reticeretur,
793 2666 1027 2746 inuno
1059 2676 1270 2731 autem
1307 2684 1383 2727 ne
1422 2663 1654 2727 nomen
1683 2667 1941 2746 quidem
1976 2674 2251 2727 exstaret
2287 2663 2604 2727 Theodori
2639 2663 2842 2734 illius,
2882 2665 2995 2745 qui
3036 2666 3325 2746 Gregorii
3366 2671 3592 2733 deces-

355 2756 465 2801 sor
512 2741 719 2823 fuisse
765 2743 1020 2807 dicitur.
1062 2750 1187 2810 Cur
1228 2746 1403 2806 enim
1441 2745 1573 2823 haec
1622 2741 1857 2823 potius,
1901 2761 2091 2822 quam
2134 2745 2243 2806 illa
2296 2746 2801 2822 praetermisisset
2852 2741 3201 2805 Leontius?
3246 2751 3593 2822 prtesertiin

354 2836 501 2880 cum
534 2821 763 2902 incola)
792 2824 1076 2887 Romano
1109 2841 1344 2887 nomen
1381 2821 1975 2900 saltem'pontiticis
2017 2823 2275 2884 maximi
2299 2821 2599 2902 ignotum
2647 2841 2788 2885 esse
2826 2838 2953 2884 non
3009 2821 3254 2902 posset.
3278 2826 3445 2887 Nihil
3490 2831 3596 2891 de-

356 2913 531 2981 mum
565 2897 837 2962 alienam
885 2920 1142 2965 manum
1183 2906 1358 2964 olere
1392 2904 1593 2980 magis
1623 2897 1832 2981 visum
1881 2909 1998 2974 est,
2034 2918 2221 2980 quam
2252 2897 2471 2971 trium,
2505 2906 2614 2981 qui
2651 2897 3104 2981 memorantur,
3150 2901 3590 2968 haereticorum

352 2979 614 3062 nomina
655 3000 670 3039 :
705 2981 946 3062 quippe
978 2985 1090 3062 qui
1131 2998 1208 3045 eo
1242 2979 1526 3062 tempore
1560 2980 1837 3062 damnati
1890 2979 2068 3062 sunt,
2097 2997 2227 3059 quo
2259 2979 2565 3062 Leontius
2600 2984 2817 3062 Romae
2847 2980 3240 3062 versabatur,
3274 3001 3391 3046 nec
3434 2988 3596 3048 Con-

350 3055 1055 3143 stantinopolisomn'i,
1104 3063 1216 3143 sed
1262 3055 1478 3143 Romen
1527 3059 1706 3143 prius
1751 3060 2027 3121 damnati
2072 3055 2401 3121 a'centum
2440 3060 2663 3138 viginti
2709 3060 3001 3140 quinque
3045 3055 3391 3140 episcOpis,
3428 3083 3593 3143 quos

350 3134 598 3212 Agatho
631 3134 918 3214 pontifex
965 3134 1278 3202 maximus
1312 3139 1379 3200 in
1408 3134 1753 3201 consilium
1788 3143 2136 3200 vocaverat.

430 3215 579 3297 Haec
607 3218 821 3297 omnia
859 3235 1055 3297 pr0pe
1090 3220 1213 3279 vim
1243 3218 1620 3288 adhibuere,
1660 3235 1775 3278 nec
1816 3216 2053 3297 invitos
2084 3217 2150 3277 in
2181 3233 2319 3278 eam
2351 3215 2733 3297 sententiam
2770 3217 3197 3291 adduxerunt,
3236 3226 3303 3278 ut
3335 3222 3593 3284 nomina

350 3293 611 3370 prOpria
648 3311 684 3354 a
718 3293 997 3359 Leontio
1015 3298 1271 3377 singula
1320 3298 1739 3377 praetermissa
1776 3296 2093 3377 consulto,
2126 3312 2197 3355 ac
2228 3296 2579 3377 legentium
2618 3295 3142 3377 interpretationi
3187 3296 3405 3359 relicta
3444 3317 3595 3362 cen-

349 3387 643 3453 seremus
679 3394 694 3433 :
730 3391 873 3435 cum
912 3386 1082 3439 esset
1116 3374 1585 3439 etiamsilentii
1618 3375 1815 3453 hujus
1860 3374 2013 3434 satis
2054 3391 2125 3434 ea
2157 3374 2508 3452 probabilis
2550 3391 2763 3446 causa,
2806 3390 2885 3435 ne
2920 3374 3182 3451 prolatis
3218 3387 3595 3441 caateroruni

353 3450 752 3533 nominibus,
784 3469 1019 3516 nomen
1060 3457 1213 3516 item
1247 3455 1474 3515 eﬂ'erre
1521 3450 1796 3533 deberet
1828 3453 2118 3530 Gregorii
2150 3450 2389 3531 Magni,
2434 3453 2621 3533 cujus
2669 3450 3011 3533 memoriae,
3055 3470 3245 3532 quam
3279 3455 3415 3533 ipse
3448 3457 3595 3517 cha-

353 3543 487 3609 ram
526 3529 809 3605 haberet,
848 3535 1059 3595 minus
1084 3534 1298 3596 favere
1329 3532 1594 3593 historia
1636 3529 1990 3593 videbatur.
2035 3529 2990 3609 itaque—pronuntiandum’jam
3020 3529 3350 3607 duximus,
3406 3552 3591 3597 men-

352 3607 549 3669 dosos
594 3625 739 3669 esse
788 3613 1066 3687 codices,
1110 3620 1172 3675 et
1208 3613 1539 3673 historiam
1578 3611 1795 3672 ascitis
1835 3607 2207 3671 nominibus
2255 3607 2665 3689 deformatam
2700 3631 2715 3669 :
2747 3607 2987 3689 quibus
3027 3627 3258 3689 nempe
3296 3613 3592 3689 sublatis,

353 3691 579 3767 caetera
608 3696 924 3763 constare,
965 3700 1026 3752 et
1062 3703 1349 3754 veterum
1383 3690 1814 3751 monumentis
1846 3690 2233 3767 respondere
2260 3688 2618 3749 videantur.

435 3765 541 3825 IV.
583 3768 923 3830 Accessere
955 3780 1167 3832 autem
1199 3788 1277 3831 ex
1308 3770 1449 3847 ipso
1485 3767 1778 3845 Gregorii
1806 3765 2005 3828 nostri
2039 3768 2506 3847 Commentario
2535 3774 2905 3847 argumeuta
2938 3783 3063 3847 non
3099 3772 3591 3843 contemnenda,

357 3858 503 3925 gnte
524 3860 744 3925 tavrum,
770 3846 909 3925 ejus
940 3849 1020 3909 ad
1041 3849 1262 3910 sreculi
1296 3844 1357 3909 vi
1403 3844 1720 3924 postrema
1760 3854 2041 3925 tempora
2082 3853 2143 3904 et
2191 3846 2269 3905 ad
2305 3845 2560 3905 initium
2597 3863 2681 3905 vii
2718 3844 3125 3925 referendum
3162 3861 3288 3907 non
3336 3848 3597 3913 minori-

356 3920 482 4000 bus
526 3920 1165 3989 indiciis'declarent.
1204 3920 1489 3988 Primum
1543 3924 1716 3985 enim
1767 3920 2048 3984 Mauritii
2084 3925 2247 4000 Aug.
2299 3931 2540 3984 aetatem
2572 3932 2869 4000 tanquam
2906 3923 3032 3983 sibi
3061 3925 3414 3998 proximam
3462 3945 3593 3989 non

355 3997 627 4063 obscure
658 4017 1130 4078 commemorat,
1156 4006 1319 4066 tristi
1348 4005 1487 4081 ejus
1511 4003 1688 4062 exitu
1723 4019 1835 4081 per
1860 4002 2158 4080 ambages
2189 3997 2468 4062 indicato
2495 4000 2639 4080 (34).
2680 3997 2813 4081 Nec
2847 3997 3075 4061 minus
3091 4008 3389 4081 tanquam
3422 4012 3592 4065 tem-

360 4092 587 4155 porum
636 4096 906 4163 suorum
960 4084 1259 4163 Eutychii
1315 4080 1603 4144 haeresim
1652 4082 1732 4163 de
1784 4081 2250 4163 resurrectione
2296 4096 2638 4163 corporum
2684 4080 3018 4163 designare
3067 4080 3346 4163 videtur,
3401 4100 3595 4160 quam

356 4172 596 4241 nempe
622 4160 970 4241 Gregorius
1012 4157 1282 4241 Magnus
1337 4159 1737 4241 compressit,
1769 4176 1914 4241 cum
1957 4159 2866 4241 diaconus.Constantinopon
2911 4157 3395 4241 apocrisiarium
3422 4157 3593 4240 'age-

356 4175 591 4295 nempe
622 4175 970 4238 Gregorius
1012 4175 1282 4241 Magnus
1337 4175 1737 4238 compressu,
1769 4176 1914 4219 cum
1957 4175 2265 4219 diaconus
2318 4175 2866 4244 LOHStanlanpOII
2911 4175 3395 4233 apocrismrium
3436 4178 3593 4240 age-

356 4236 503 4317 ret(
545 4238 629 4315 5).
670 4238 814 4301 Alio
848 4240 912 4301 in
954 4240 1092 4302 loco
1113 4257 1403 4302 arcanam
1446 4238 1734 4318 ProcOpii
1769 4238 2101 4318 historiam
2134 4236 2596 4318 quadamtenus
2627 4245 2936 4312 attingere
2974 4235 3215 4318 dixeris
3247 4236 3369 4318 (36)
3405 4258 3596 4318 :qua)

356 4314 503 4395 post
530 4314 880 4378 Justiniani
911 4336 1271 4387 excessum,
1306 4319 1403 4380 vel
1436 4314 1913 4395 potius'Justini
1942 4314 2254 4386 Junioris,
2289 4330 2481 4392 quem
2514 4314 2624 4376 ille
2646 4330 3089 4395 successorem
3118 4314 3363 4390 habuit,
3394 4314 3593 4379 morte

355 4393 426 4454 in
463 4393 671 4457 lucem
713 4397 946 4459 emissa
981 4406 1101 4459 est.
1137 4401 1309 4459 [dein
1346 4393 1490 4476 cum
1543 4410 1671 4456 non
1703 4396 1899 4476 semel
1935 4396 2251 4476 variarum
2276 4399 2606 4476 sectarum
2645 4393 2975 4454 haereticos
3006 4395 3357 4476 detestatur
3403 4404 3594 4476 atque

354 4482 680 4551 coarguat,
713 4493 1043 4554 nunquam
1075 4474 1647 4537 Monotheletarum
1676 4474 2062 4554 mentionem
2102 4472 2342 4551 injecit,
2367 4473 2478 4548 qui
2512 4489 2737 4554 nempe
2759 4487 2794 4531 a
2820 4479 2997 4532 sexta
3039 4473 3289 4554 synodo
3316 4481 3453 4551 post
3482 4472 3598 4537 ann-

358 4568 515 4613 num
551 4555 669 4615 680
699 4552 977 4615 damnati
1012 4566 1183 4616 sunt.
1217 4558 1294 4615 At
1325 4563 1540 4615 contra
1571 4553 1858 4612 civitates
1893 4561 2268 4613 autonomas
2299 4553 2585 4627 agnoscit
2618 4552 2763 4631 (3'7),
2798 4567 3146 4628 earumque
3179 4552 3488 4615 clamores
3524 4554 3593 4617 iii

355 4634 725 4710 exemplum
763 4636 1047 4708 adducit,
1099 4650 1260 4711 quas
1286 4642 1495 4693 tamen
1542 4631 1608 4691 in
1658 4631 1895 4703 Sicilia,
1942 4632 2176 4692 saeculo
2209 4649 2294 4690 vn
2335 4639 2640 4711 vertente,
2678 4631 3134 4711 Saracenorum
3183 4646 3355 4692 arma
3390 4632 3595 4711 Asilere

355 4707 729 4786 coegerunt.
781 4707 1038 4773 Cretera
1063 4707 1346 4783 demum,
1379 4726 1781 4788 quaecunque
1825 4712 2174 4787 Gregorius
2215 4715 2430 4769 noster
2470 4708 2741 4786 attingit,
2774 4707 3087 4788 indicium
3120 4726 3251 4787 prae
3279 4727 3348 4771 se
3380 4709 3594 4773 ferunt

356 4789 639 4870 nullum,
671 4808 803 4869 quo
832 4792 980 4870 quis
1011 4791 1088 4851 ad
1135 4807 1281 4851 eum
1319 4808 1366 4870 ej
1388 4787 1548 4857 loco,
1582 4805 1775 4866 quem
1809 4789 2180 4870 tribuimus,
2209 4788 2643 4870 amovendum
2667 4787 2851 4870 abuti
2874 4788 3099 4870 possit.

262 4864 297 4918 ‘7:
436 4866 511 4928 V.
555 4864 915 4948 His—igitur.
945 4868 1430 4940 animadversis,
1468 4883 1579 4945 pro
1605 4864 1931 4948 comperto
1978 4866 2312 4937 habemus,
2347 4866 2597 4948 Leontii
2629 4864 2960 4948 historiam
3009 4866 3087 4948 ad
3121 4867 3339 4927 saeculi
3374 4884 3592 4948 vifex-

355 4950 580 5026 trama,
619 4954 680 5007 et
710 4943 929 5009 s'teculi
959 4965 1042 5007 vn
1074 4948 1254 5008 initia
1282 4943 1624 5026 pertinere,
1660 4947 1724 5006 iii
1754 4962 1957 5023 eaque
1990 4948 2180 5005 vitam
2216 4944 2399 5026 prodi
2431 4944 2725 5026 Gregorii
2757 4943 2958 5026 i_llius_,
2986 4944 3064 5026 de
3087 4962 3227 5026 quo
3258 4948 3323 5005 in
3356 4946 3596 5023 episto-

352 5020 437 5084 lis
466 5026 760 5104 Gregorii
790 5028 1003 5105 Magni
1039 5020 1425 5105 mentio'est.
1462 5024 1523 5105 in
1558 5041 1681 5102 qua
1709 5020 1971 5105 quidem
2009 5020 2326 5105 sententia
2364 5023 2673 5105 Baronius
2710 5024 2899 5082 etiam
2922 5020 3045 5105 fuit
3077 5022 3226 5105 (38),
3259 5020 3598 5105 auctorita-

352 5109 485 5183 tem
514 5100 786 5183 secutus
830 5100 1245 5183 epistolaruin
1292 5100 1917 5183 ejusdem‘Grégorii
1948 5102 2187 5183 Magni.
2226 5102 2785 5183 [CXIIILCEEIGI‘UID
2835 5100 3059 5177 opinio
3089 5100 3414 5183 'ejusjure
3456 5106 3591 5183 veri

356 5179 527 5242 haud
557 5182 791 5261 similis
831 5178 1167 5245 videbatur
1198 5178 1497 5261 Cajetano
1522 5190 1589 5261 et
1618 5178 1820 5241 Pirro.
1864 5184 2017 5243 Nam
2051 5178 2187 5253 ille,
2220 5197 2364 5240 cum
2399 5178 2890 5261 Metap’hrasten‘,
2923 5195 3113 5255 quem
3142 5178 3347 5261 unum
3380 5181 3459 5240 de
3496 5180 3594 5239 his

356 5258 738 5333 consulerat,
775 5279 901 5323 non
932 5256 1348 5333 excussisset,
1385 5276 1485 5319 res
1516 5259 1679 5319 inter
1708 5276 1777 5320 se
1811 5278 2004 5337 prope
2038 5267 2389 5337 pugnantes
2420 5257 2762 5317 conciliare
2808 5256 3126 5337 nitebatur
3158 5279 3173 5317 :
3205 5258 3445 5336 quippe
3480 5261 3593 5336 qui

354 5337 736 5415 Gregorium
784 5348 1074 5401 nostrum
1123 5348 1186 5401 et
1216 5340 1464 5417 synodo
1502 5340 1745 5417 quintae
1782 5336 2155 5399 interfuisse
2205 5344 2501 5414 poneret,
2553 5344 2614 5394 et
2664 5336 2831 5417 apud
2878 5336 3256 5417 Gregorium
3296 5337 3594 5417 Magnum

357 5413 725 5479 accusatum
757 5435 898 5479 esse
932 5413 1347 5480 contenderet
1377 5439 1391 5477 :
1427 5413 1572 5494 quia
1599 5416 1653 5477 si
1689 5427 1951 5492 starent,
1990 5413 2219 5478 senem
2250 5415 2811 5494 septuagenarium
2857 5413 3063 5489 stupri
3092 5414 3371 5475 delatum
3409 5413 3592 5476 fateri

357 5503 703 5572 Oporteret.
745 5500 824 5559 At
847 5496 1166 5576 ejusmodi
1196 5493 1562 5558 difﬁcultate
1593 5512 1998 5576 nequaquam
2034 5510 2151 5556 nos
2182 5493 2556 5571 premimur,
2593 5509 2738 5555 cum
2767 5507 2844 5552 ex
2876 5499 3089 5554 nostra
3120 5495 3593 5572 computatione

745 5683 785 5736 ι,
813 5668 972 5749 epist.
1008 5673 1109 5749 72;
1138 5678 1236 5734 lib.
1266 5693 1319 5746 v,
1354 5678 1509 5749 epist.
1548 5681 1634 5734 12.

1008 5673 1109 5749 7e;
1138 5678 1236 5734 lib.
1266 5693 1319 5746 v,
1354 5678 1509 5749 epist.
1548 5681 1634 5734 η.
2101 5676 2215 5745 (55)
2256 5676 2373 5749 Lib-
2414 5693 2469 5738 κν
2502 5676 2646 5749 ἐμ·

582 5737 704 5816 _Li_b.
734 5755 817 5804 in,
846 5737 1003 5810 epist.
1048 5737 1135 5803 12.
1305 5737 1316 5746 ’
1390 5737 1402 5749 ⁵

1048 5737 1135 5803 te.
1305 5737 1316 5746 '
1390 5737 1402 5749 '
2099 5737 2211 5816 (ac)
2255 5747 2371 5800 Lib.
2406 5737 2553 5816 ut,”§
2587 5746 2676 5799 εδ.

426 5750 542 5807 ('32)
585 5750 704 5791 ιλιι).
734 5755 817 5804 ιιι,
846 5750 1003 5810 epist.
1048 5750 1135 5803 12,
2099 5750 2211 5816 (36)
2255 5750 2371 5800 Lib.
2406 5763 2487 5810 iii,
2538 5750 2550 5762 ‘
2587 5750 2629 5799 2|

733 5824 850 5888 νιιι2
878 5816 1046 5888 epist.
1076 5819 1169 5877 2'5.
2101 5819 2211 5886 ('57)
2253 5817 2372 5872 Lib.
2412 5832 2487 5880 ix,
2518 5750 2629 5888 £2.

575 5876 699 5936 Lib.
730 5895 781 5948 v,
821 5880 848 5952 §
874 5876 935 5937 5.‘
1160 5876 1163 5877 ⁷
2099 5876 2210 5957 (58)
2262 5888 2315 5942 In
2341 5876 2618 5943 adiiotfad
2641 5885 2865 5957 Martyr.
2890 5886 3042 5942 Rom.
3073 5903 3146 5943 \‘ll
3172 5886 3285 5941 Kal.
3315 5887 3595 5943 Decembr.
