  <div class='ocr_page' id='page_1' title='image "/cluster/home/n/w/nwhite01/storage/ocr_20150623/98/hvd.32044015586951/380.png"; bbox 0 0 4158 6532; ppageno 0'>
   <div class='ocr_carea' id='block_1_1' title="bbox 362 398 3620 468">
    <p class='ocr_par' dir='ltr' id='par_1_1' title="bbox 362 398 3620 468">
     <span class='ocr_line' id='line_1_1' title="bbox 362 398 3620 468; baseline -0.003 -2"><span class='ocrx_word' id='word_1_1' title='bbox 362 401 472 466; x_wconf 77' lang='lat'><strong>737</strong></span> <span class='ocrx_word' id='word_1_2' title='bbox 1836 398 1920 459; x_wconf 87' lang='lat' dir='ltr'><strong>SC</strong></span> <span class='ocrx_word' id='word_1_3' title='bbox 1930 398 2175 460; x_wconf 81' lang='lat' dir='ltr'><strong>RIPTA.</strong></span> <span class='ocrx_word' id='word_1_4' title='bbox 3511 404 3620 468; x_wconf 80' lang='lat'><strong>738</strong></span> 
     </span>
    </p>
   </div>
   <div class='ocr_carea' id='block_1_2' title="bbox 365 505 3618 606">
    <p class='ocr_par' dir='ltr' id='par_1_2' title="bbox 365 505 3618 606">
     <span class='ocr_line' id='line_1_2' title="bbox 365 505 3618 606; baseline 0.001 -30"><span class='ocrx_word' id='word_1_5' title='bbox 365 511 748 580; x_wconf 85' lang='lat' dir='ltr'><strong>solitarium,</strong></span> <span class='ocrx_word' id='word_1_6' title='bbox 773 516 880 571; x_wconf 90' lang='lat' dir='ltr'><strong>aut</strong></span> <span class='ocrx_word' id='word_1_7' title='bbox 911 507 1214 606; x_wconf 64' lang='lat' dir='ltr'><strong>()rigenis</strong></span> <span class='ocrx_word' id='word_1_8' title='bbox 1245 506 1530 606; x_wconf 47' lang='lat' dir='ltr'><strong>Henapla</strong></span> <span class='ocrx_word' id='word_1_9' title='bbox 1555 508 1628 599; x_wconf 69' lang='lat' dir='ltr'><strong>in</strong></span> <span class='ocrx_word' id='word_1_10' title='bbox 1659 510 1799 606; x_wconf 80' lang='lat' dir='ltr'><strong>ejus</strong></span> <span class='ocrx_word' id='word_1_11' title='bbox 1829 511 2343 606; x_wconf 50' lang='lat' dir='ltr'><strong>manusnv‘enisse</strong></span> <span class='ocrx_word' id='word_1_12' title='bbox 2373 512 2641 606; x_wconf 71' lang='lat' dir='ltr'><strong>dixeris.</strong></span> <span class='ocrx_word' id='word_1_13' title='bbox 2673 505 3268 606; x_wconf 65' lang='lat' dir='ltr'><strong>Utrumquetamen</strong></span> <span class='ocrx_word' id='word_1_14' title='bbox 3301 513 3618 606; x_wconf 76' lang='lat' dir='ltr'><strong>incertnm</strong></span> 
     </span>
    </p>
   </div>
   <div class='ocr_carea' id='block_1_3' title="bbox 369 587 3617 676">
    <p class='ocr_par' dir='ltr' id='par_1_3' title="bbox 369 587 3617 676">
     <span class='ocr_line' id='line_1_3' title="bbox 369 587 3617 676; baseline 0.002 -23"><span class='ocrx_word' id='word_1_15' title='bbox 369 602 548 674; x_wconf 87' lang='lat' dir='ltr'><strong>puto,</strong></span> <span class='ocrx_word' id='word_1_16' title='bbox 609 606 742 676; x_wconf 79' lang='lat' dir='ltr'><strong>non</strong></span> <span class='ocrx_word' id='word_1_17' title='bbox 792 590 988 676; x_wconf 81' lang='lat' dir='ltr'><strong>modo</strong></span> <span class='ocrx_word' id='word_1_18' title='bbox 1029 587 1182 666; x_wconf 88' lang='lat' dir='ltr'><strong>quia</strong></span> <span class='ocrx_word' id='word_1_19' title='bbox 1215 587 1604 676; x_wconf 32' lang='lat' dir='ltr'><strong>&#39;exJValesii</strong></span> <span class='ocrx_word' id='word_1_20' title='bbox 1635 587 2133 676; x_wconf 44' lang='lat' dir='ltr'><strong>‘sententia__(3_2)</strong></span> <span class='ocrx_word' id='word_1_21' title='bbox 2196 601 2336 676; x_wconf 90' lang='lat' dir='ltr'><strong>post</strong></span> <span class='ocrx_word' id='word_1_22' title='bbox 2388 593 2748 676; x_wconf 74' lang='lat' dir='ltr'><strong>Origenem</strong></span> <span class='ocrx_word' id='word_1_23' title='bbox 2799 587 3125 676; x_wconf 79' lang='lat' dir='ltr'><strong>obtinuit,</strong></span> <span class='ocrx_word' id='word_1_24' title='bbox 3209 601 3276 655; x_wconf 87' lang='lat' dir='ltr'><strong>ut</strong></span> <span class='ocrx_word' id='word_1_25' title='bbox 3340 595 3435 676; x_wconf 15' lang='lat' dir='ltr'><strong>ad,</strong></span> <span class='ocrx_word' id='word_1_26' title='bbox 3474 597 3617 676; x_wconf 90' lang='lat' dir='ltr'><strong>ejus</strong></span> 
     </span>
    </p>
   </div>
   <div class='ocr_carea' id='block_1_4' title="bbox 365 666 3620 749">
    <p class='ocr_par' dir='ltr' id='par_1_4' title="bbox 365 666 3620 749">
     <span class='ocr_line' id='line_1_4' title="bbox 365 666 3620 749; baseline 0.001 -15"><span class='ocrx_word' id='word_1_27' title='bbox 365 666 736 749; x_wconf 74' lang='lat' dir='ltr'><strong>exemplum</strong></span> <span class='ocrx_word' id='word_1_28' title='bbox 787 669 852 727; x_wconf 89' lang='lat' dir='ltr'><strong>in</strong></span> <span class='ocrx_word' id='word_1_29' title='bbox 901 666 1463 749; x_wconf 81' lang='lat' dir='ltr'><strong>communietiam</strong></span> <span class='ocrx_word' id='word_1_30' title='bbox 1514 666 1868 749; x_wconf 85' lang='lat' dir='ltr'><strong>Bibliornm</strong></span> <span class='ocrx_word' id='word_1_31' title='bbox 1919 666 2206 749; x_wconf 85' lang='lat' dir='ltr'><strong>editione</strong></span> <span class='ocrx_word' id='word_1_32' title='bbox 2257 666 2564 732; x_wconf 62' lang='lat' dir='ltr'><strong>lectione&#39;s</strong></span> <span class='ocrx_word' id='word_1_33' title='bbox 2611 673 2960 733; x_wconf 83' lang='lat' dir='ltr'><strong>identidem</strong></span> <span class='ocrx_word' id='word_1_34' title='bbox 3000 666 3620 738; x_wconf 55' lang='lat' dir='ltr'><strong>adderentnrint&#39;er-</strong></span> 
     </span>
    </p>
   </div>
   <div class='ocr_carea' id='block_1_5' title="bbox 366 746 3622 831">
    <p class='ocr_par' dir='ltr' id='par_1_5' title="bbox 366 746 3622 831">
     <span class='ocr_line' id='line_1_5' title="bbox 366 746 3622 831; baseline 0.003 -23"><span class='ocrx_word' id='word_1_35' title='bbox 366 746 1085 831; x_wconf 27' lang='lat' dir='ltr'><strong>pretuin‘cteierorum;</strong></span> <span class='ocrx_word' id='word_1_36' title='bbox 1151 746 1261 804; x_wconf 88' lang='lat' dir='ltr'><strong>sed</strong></span> <span class='ocrx_word' id='word_1_37' title='bbox 1328 761 1399 804; x_wconf 88' lang='lat' dir='ltr'><strong>ea</strong></span> <span class='ocrx_word' id='word_1_38' title='bbox 1451 762 1576 831; x_wconf 90' lang='lat' dir='ltr'><strong>non</strong></span> <span class='ocrx_word' id='word_1_39' title='bbox 1650 747 1860 831; x_wconf 82' lang='lat' dir='ltr'><strong>minus</strong></span> <span class='ocrx_word' id='word_1_40' title='bbox 1914 748 1992 808; x_wconf 94' lang='lat' dir='ltr'><strong>de</strong></span> <span class='ocrx_word' id='word_1_41' title='bbox 2034 765 2249 831; x_wconf 77' lang='lat' dir='ltr'><strong>causa,</strong></span> <span class='ocrx_word' id='word_1_42' title='bbox 2313 751 2487 831; x_wconf 80' lang='lat' dir='ltr'><strong>quod</strong></span> <span class='ocrx_word' id='word_1_43' title='bbox 2549 760 2783 831; x_wconf 75' lang='lat' dir='ltr'><strong>noster</strong></span> <span class='ocrx_word' id='word_1_44' title='bbox 2815 751 3174 829; x_wconf 81' lang='lat' dir='ltr'><strong>Symmachi</strong></span> <span class='ocrx_word' id='word_1_45' title='bbox 3242 751 3622 831; x_wconf 86' lang='lat' dir='ltr'><strong>interpreta-</strong></span> 
     </span>
    </p>
   </div>
   <div class='ocr_carea' id='block_1_6' title="bbox 368 825 3411 905">
    <p class='ocr_par' dir='ltr' id='par_1_6' title="bbox 368 825 3411 905">
     <span class='ocr_line' id='line_1_6' title="bbox 368 825 3411 905; baseline 0.001 -16"><span class='ocrx_word' id='word_1_46' title='bbox 368 825 576 890; x_wconf 79' lang='lat' dir='ltr'><strong>inenta</strong></span> <span class='ocrx_word' id='word_1_47' title='bbox 632 826 694 885; x_wconf 91' lang='lat' dir='ltr'><strong>in</strong></span> <span class='ocrx_word' id='word_1_48' title='bbox 748 827 996 905; x_wconf 85' lang='lat' dir='ltr'><strong>Patrum</strong></span> <span class='ocrx_word' id='word_1_49' title='bbox 1036 841 1312 905; x_wconf 76' lang='lat' dir='ltr'><strong>quoque</strong></span> <span class='ocrx_word' id='word_1_50' title='bbox 1349 825 1627 900; x_wconf 77' lang='lat' dir='ltr'><strong>scriptis.</strong></span> <span class='ocrx_word' id='word_1_51' title='bbox 1680 825 1791 903; x_wconf 88' lang='lat' dir='ltr'><strong>qui</strong></span> <span class='ocrx_word' id='word_1_52' title='bbox 1843 841 2009 902; x_wconf 71' lang='lat' dir='ltr'><strong>smpe</strong></span> <span class='ocrx_word' id='word_1_53' title='bbox 2058 827 2240 887; x_wconf 90' lang='lat' dir='ltr'><strong>illum</strong></span> <span class='ocrx_word' id='word_1_54' title='bbox 2286 825 2491 888; x_wconf 81' lang='lat' dir='ltr'><strong>secuti</strong></span> <span class='ocrx_word' id='word_1_55' title='bbox 2544 837 2718 900; x_wconf 87' lang='lat' dir='ltr'><strong>sunt,</strong></span> <span class='ocrx_word' id='word_1_56' title='bbox 2769 825 3060 890; x_wconf 83' lang='lat' dir='ltr'><strong>invenire</strong></span> <span class='ocrx_word' id='word_1_57' title='bbox 3111 832 3411 905; x_wconf 89' lang='lat' dir='ltr'><strong>potuerit.</strong></span> 
     </span>
    </p>
   </div>
   <div class='ocr_carea' id='block_1_7' title="bbox 444 901 3617 988">
    <p class='ocr_par' dir='ltr' id='par_1_7' title="bbox 444 901 3617 988">
     <span class='ocr_line' id='line_1_7' title="bbox 444 901 3617 988; baseline 0.003 -23"><span class='ocrx_word' id='word_1_58' title='bbox 444 905 773 988; x_wconf 82' lang='lat' dir='ltr'><strong>Quidquid</strong></span> <span class='ocrx_word' id='word_1_59' title='bbox 818 901 1074 988; x_wconf 82' lang='lat' dir='ltr'><strong>demum</strong></span> <span class='ocrx_word' id='word_1_60' title='bbox 1121 901 1207 988; x_wconf 76' lang='lat' dir='ltr'><strong>de</strong></span> <span class='ocrx_word' id='word_1_61' title='bbox 1252 901 1351 961; x_wconf 86' lang='lat' dir='ltr'><strong>his</strong></span> <span class='ocrx_word' id='word_1_62' title='bbox 1405 901 1811 988; x_wconf 75' lang='lat' dir='ltr'><strong>statuendum</strong></span> <span class='ocrx_word' id='word_1_63' title='bbox 1860 907 1978 976; x_wconf 89' lang='lat' dir='ltr'><strong>sit,</strong></span> <span class='ocrx_word' id='word_1_64' title='bbox 2029 905 2190 966; x_wconf 89' lang='lat' dir='ltr'><strong>illud</strong></span> <span class='ocrx_word' id='word_1_65' title='bbox 2254 907 2411 967; x_wconf 82' lang='lat' dir='ltr'><strong>mihi</strong></span> <span class='ocrx_word' id='word_1_66' title='bbox 2461 908 2859 988; x_wconf 78' lang='lat' dir='ltr'><strong>exploratum</strong></span> <span class='ocrx_word' id='word_1_67' title='bbox 2900 915 3028 988; x_wconf 89' lang='lat' dir='ltr'><strong>est,</strong></span> <span class='ocrx_word' id='word_1_68' title='bbox 3077 901 3220 988; x_wconf 70' lang='lat' dir='ltr'><strong>quea</strong></span> <span class='ocrx_word' id='word_1_69' title='bbox 3266 910 3617 988; x_wconf 83' lang='lat' dir='ltr'><strong>Gregorius</strong></span> 
     </span>
    </p>
   </div>
   <div class='ocr_carea' id='block_1_8' title="bbox 362 981 3618 1062">
    <p class='ocr_par' dir='ltr' id='par_1_8' title="bbox 362 981 3618 1062">
     <span class='ocr_line' id='line_1_8' title="bbox 362 981 3618 1062; baseline 0.002 -16"><span class='ocrx_word' id='word_1_70' title='bbox 362 985 615 1048; x_wconf 83' lang='lat' dir='ltr'><strong>diversa</strong></span> <span class='ocrx_word' id='word_1_71' title='bbox 644 981 679 1043; x_wconf 85' lang='lat' dir='ltr'><strong>a</strong></span> <span class='ocrx_word' id='word_1_72' title='bbox 711 981 1120 1058; x_wconf 89' lang='lat' dir='ltr'><strong>Septuaginta</strong></span> <span class='ocrx_word' id='word_1_73' title='bbox 1160 981 1584 1057; x_wconf 78' lang='lat' dir='ltr'><strong>interpretum</strong></span> <span class='ocrx_word' id='word_1_74' title='bbox 1608 983 1930 1062; x_wconf 80' lang='lat' dir='ltr'><strong>editione,</strong></span> <span class='ocrx_word' id='word_1_75' title='bbox 1968 1001 2159 1060; x_wconf 84' lang='lat' dir='ltr'><strong>quam</strong></span> <span class='ocrx_word' id='word_1_76' title='bbox 2194 1002 2365 1046; x_wconf 91' lang='lat' dir='ltr'><strong>nunc</strong></span> <span class='ocrx_word' id='word_1_77' title='bbox 2396 981 2688 1060; x_wconf 86' lang='lat' dir='ltr'><strong>terimus,</strong></span> <span class='ocrx_word' id='word_1_78' title='bbox 2734 987 3077 1062; x_wconf 56' lang='lat' dir='ltr'><strong>praesertim</strong></span> <span class='ocrx_word' id='word_1_79' title='bbox 3101 981 3176 1046; x_wconf 77' lang='lat' dir='ltr'><strong>in</strong></span> <span class='ocrx_word' id='word_1_80' title='bbox 3216 981 3618 1053; x_wconf 69' lang='lat' dir='ltr'><strong>Ecclesiastes</strong></span> 
     </span>
    </p>
   </div>
   <div class='ocr_carea' id='block_1_9' title="bbox 362 1061 3614 1139">
    <p class='ocr_par' dir='ltr' id='par_1_9' title="bbox 362 1061 3614 1139">
     <span class='ocr_line' id='line_1_9' title="bbox 362 1061 3614 1139; baseline 0.001 -13"><span class='ocrx_word' id='word_1_81' title='bbox 362 1072 666 1126; x_wconf 79' lang='lat' dir='ltr'><strong>contextu</strong></span> <span class='ocrx_word' id='word_1_82' title='bbox 717 1062 1031 1129; x_wconf 88' lang='lat' dir='ltr'><strong>enuntiat,</strong></span> <span class='ocrx_word' id='word_1_83' title='bbox 1078 1076 1149 1119; x_wconf 93' lang='lat' dir='ltr'><strong>ea</strong></span> <span class='ocrx_word' id='word_1_84' title='bbox 1203 1076 1328 1119; x_wconf 91' lang='lat' dir='ltr'><strong>non</strong></span> <span class='ocrx_word' id='word_1_85' title='bbox 1370 1077 1518 1120; x_wconf 86' lang='lat' dir='ltr'><strong>casu</strong></span> <span class='ocrx_word' id='word_1_86' title='bbox 1566 1061 1785 1139; x_wconf 90' lang='lat' dir='ltr'><strong>aliquo</strong></span> <span class='ocrx_word' id='word_1_87' title='bbox 1820 1069 1928 1122; x_wconf 88' lang='lat' dir='ltr'><strong>aut</strong></span> <span class='ocrx_word' id='word_1_88' title='bbox 1973 1065 2307 1124; x_wconf 86' lang='lat' dir='ltr'><strong>vacillante</strong></span> <span class='ocrx_word' id='word_1_89' title='bbox 2349 1064 2655 1124; x_wconf 87' lang='lat' dir='ltr'><strong>memoria</strong></span> <span class='ocrx_word' id='word_1_90' title='bbox 2719 1061 2958 1124; x_wconf 83' lang='lat' dir='ltr'><strong>temere</strong></span> <span class='ocrx_word' id='word_1_91' title='bbox 3004 1063 3200 1135; x_wconf 89' lang='lat' dir='ltr'><strong>illata,</strong></span> <span class='ocrx_word' id='word_1_92' title='bbox 3249 1067 3359 1126; x_wconf 88' lang='lat' dir='ltr'><strong>sed</strong></span> <span class='ocrx_word' id='word_1_93' title='bbox 3396 1085 3473 1128; x_wconf 83' lang='lat' dir='ltr'><strong>ex</strong></span> <span class='ocrx_word' id='word_1_94' title='bbox 3503 1087 3614 1130; x_wconf 86' lang='lat' dir='ltr'><strong>co-</strong></span> 
     </span>
    </p>
   </div>
   <div class='ocr_carea' id='block_1_10' title="bbox 366 1140 3616 1224">
    <p class='ocr_par' dir='ltr' id='par_1_10' title="bbox 366 1140 3616 1224">
     <span class='ocr_line' id='line_1_10' title="bbox 366 1140 3616 1224; baseline 0.002 -20"><span class='ocrx_word' id='word_1_95' title='bbox 366 1145 507 1224; x_wconf 81' lang='lat' dir='ltr'><strong>dice.</strong></span> <span class='ocrx_word' id='word_1_96' title='bbox 555 1141 777 1224; x_wconf 84' lang='lat' dir='ltr'><strong>aliquo</strong></span> <span class='ocrx_word' id='word_1_97' title='bbox 819 1145 1094 1214; x_wconf 86' lang='lat' dir='ltr'><strong>sumpta,</strong></span> <span class='ocrx_word' id='word_1_98' title='bbox 1145 1147 1393 1224; x_wconf 44' lang='lat' dir='ltr'><strong>elucum</strong></span> <span class='ocrx_word' id='word_1_99' title='bbox 1459 1140 2018 1224; x_wconf 78' lang='lat' dir='ltr'><strong>animadversione</strong></span> <span class='ocrx_word' id='word_1_100' title='bbox 2064 1143 2253 1224; x_wconf 89' lang='lat' dir='ltr'><strong>relata</strong></span> <span class='ocrx_word' id='word_1_101' title='bbox 2307 1159 2450 1203; x_wconf 88' lang='lat' dir='ltr'><strong>esse</strong></span> <span class='ocrx_word' id='word_1_102' title='bbox 2496 1165 2510 1203; x_wconf 92' lang='lat'><strong>:</strong></span> <span class='ocrx_word' id='word_1_103' title='bbox 2554 1160 2698 1224; x_wconf 83' lang='lat' dir='ltr'><strong>cum</strong></span> <span class='ocrx_word' id='word_1_104' title='bbox 2733 1141 3065 1224; x_wconf 78' lang='lat' dir='ltr'><strong>opusboc</strong></span> <span class='ocrx_word' id='word_1_105' title='bbox 3112 1161 3240 1224; x_wconf 85' lang='lat' dir='ltr'><strong>non</strong></span> <span class='ocrx_word' id='word_1_106' title='bbox 3289 1153 3616 1223; x_wconf 81' lang='lat' dir='ltr'><strong>extempo-</strong></span> 
     </span>
    </p>
   </div>
   <div class='ocr_carea' id='block_1_11' title="bbox 367 1217 3616 1299">
    <p class='ocr_par' dir='ltr' id='par_1_11' title="bbox 367 1217 3616 1299">
     <span class='ocr_line' id='line_1_11' title="bbox 367 1217 3616 1299; baseline 0.001 -17"><span class='ocrx_word' id='word_1_107' title='bbox 367 1221 532 1283; x_wconf 82' lang='lat' dir='ltr'><strong>rales</strong></span> <span class='ocrx_word' id='word_1_108' title='bbox 580 1217 912 1299; x_wconf 75' lang='lat' dir='ltr'><strong>orationes</strong></span> <span class='ocrx_word' id='word_1_109' title='bbox 952 1232 984 1275; x_wconf 87' lang='lat' dir='ltr'><strong>e</strong></span> <span class='ocrx_word' id='word_1_110' title='bbox 1034 1217 1299 1299; x_wconf 78' lang='lat' dir='ltr'><strong>notariis</strong></span> <span class='ocrx_word' id='word_1_111' title='bbox 1348 1227 1632 1299; x_wconf 80' lang='lat' dir='ltr'><strong>exarates</strong></span> <span class='ocrx_word' id='word_1_112' title='bbox 1677 1218 2020 1293; x_wconf 89' lang='lat' dir='ltr'><strong>contineat,</strong></span> <span class='ocrx_word' id='word_1_113' title='bbox 2071 1222 2185 1282; x_wconf 90' lang='lat' dir='ltr'><strong>sed</strong></span> <span class='ocrx_word' id='word_1_114' title='bbox 2235 1221 2724 1282; x_wconf 83' lang='lat' dir='ltr'><strong>commentarios</strong></span> <span class='ocrx_word' id='word_1_115' title='bbox 2778 1217 3004 1282; x_wconf 52' lang='lat' dir='ltr'><strong>&#39;studio</strong></span> <span class='ocrx_word' id='word_1_116' title='bbox 3052 1222 3348 1299; x_wconf 90' lang='lat' dir='ltr'><strong>scriptos,</strong></span> <span class='ocrx_word' id='word_1_117' title='bbox 3409 1232 3470 1284; x_wconf 90' lang='lat' dir='ltr'><strong>et</strong></span> <span class='ocrx_word' id='word_1_118' title='bbox 3506 1217 3616 1291; x_wconf 62' lang='lat' dir='ltr'><strong>&#39;ad</strong></span> 
     </span>
    </p>
   </div>
   <div class='ocr_carea' id='block_1_12' title="bbox 364 1293 1744 1378">
    <p class='ocr_par' dir='ltr' id='par_1_12' title="bbox 364 1293 1744 1378">
     <span class='ocr_line' id='line_1_12' title="bbox 364 1293 1744 1378; baseline -0.002 -17"><span class='ocrx_word' id='word_1_119' title='bbox 364 1299 719 1378; x_wconf 80' lang='lat' dir='ltr'><strong>legentium</strong></span> <span class='ocrx_word' id='word_1_120' title='bbox 771 1293 1111 1357; x_wconf 87' lang='lat' dir='ltr'><strong>utilitatem</strong></span> <span class='ocrx_word' id='word_1_121' title='bbox 1152 1295 1217 1354; x_wconf 91' lang='lat' dir='ltr'><strong>in</strong></span> <span class='ocrx_word' id='word_1_122' title='bbox 1262 1295 1468 1356; x_wconf 90' lang='lat' dir='ltr'><strong>lucem</strong></span> <span class='ocrx_word' id='word_1_123' title='bbox 1515 1296 1744 1358; x_wconf 88' lang='lat' dir='ltr'><strong>editos.</strong></span> 
     </span>
    </p>
   </div>
   <div class='ocr_carea' id='block_1_13' title="bbox 444 1398 3618 1488">
    <p class='ocr_par' dir='ltr' id='par_1_13' title="bbox 444 1398 3618 1488">
     <span class='ocr_line' id='line_1_13' title="bbox 444 1398 3618 1488; baseline 0.002 -24"><span class='ocrx_word' id='word_1_124' title='bbox 444 1404 584 1488; x_wconf 82' lang='lat' dir='ltr'><strong>V_ll.</strong></span> <span class='ocrx_word' id='word_1_125' title='bbox 636 1399 731 1462; x_wconf 86' lang='lat' dir='ltr'><strong>Ad</strong></span> <span class='ocrx_word' id='word_1_126' title='bbox 775 1399 984 1488; x_wconf 80' lang='lat' dir='ltr'><strong>ipsum</strong></span> <span class='ocrx_word' id='word_1_127' title='bbox 1041 1398 1337 1488; x_wconf 74' lang='lat' dir='ltr'><strong>Gregorii</strong></span> <span class='ocrx_word' id='word_1_128' title='bbox 1389 1415 1553 1487; x_wconf 87' lang='lat' dir='ltr'><strong>opus</strong></span> <span class='ocrx_word' id='word_1_129' title='bbox 1611 1401 1782 1488; x_wconf 84' lang='lat' dir='ltr'><strong>quod</strong></span> <span class='ocrx_word' id='word_1_130' title='bbox 1811 1403 2067 1488; x_wconf 77' lang='lat' dir='ltr'><strong>attinet,</strong></span> <span class='ocrx_word' id='word_1_131' title='bbox 2121 1405 2259 1466; x_wconf 90' lang='lat' dir='ltr'><strong>sive</strong></span> <span class='ocrx_word' id='word_1_132' title='bbox 2307 1403 2627 1488; x_wconf 72' lang='lat' dir='ltr'><strong>scribendi</strong></span> <span class='ocrx_word' id='word_1_133' title='bbox 2664 1404 2792 1466; x_wconf 88' lang='lat' dir='ltr'><strong>vim</strong></span> <span class='ocrx_word' id='word_1_134' title='bbox 2830 1411 3104 1488; x_wconf 73' lang='lat' dir='ltr'><strong>spectes,</strong></span> <span class='ocrx_word' id='word_1_135' title='bbox 3144 1403 3282 1465; x_wconf 90' lang='lat' dir='ltr'><strong>sive</strong></span> <span class='ocrx_word' id='word_1_136' title='bbox 3308 1405 3618 1488; x_wconf 64' lang='lat' dir='ltr'><strong>doctrina:</strong></span> 
     </span>
    </p>
   </div>
   <div class='ocr_carea' id='block_1_14' title="bbox 363 1477 3620 1560">
    <p class='ocr_par' dir='ltr' id='par_1_14' title="bbox 363 1477 3620 1560">
     <span class='ocr_line' id='line_1_14' title="bbox 363 1477 3620 1560; baseline 0.001 -16"><span class='ocrx_word' id='word_1_137' title='bbox 363 1481 612 1560; x_wconf 86' lang='lat' dir='ltr'><strong>cepiam</strong></span> <span class='ocrx_word' id='word_1_138' title='bbox 658 1477 1053 1560; x_wconf 81' lang='lat' dir='ltr'><strong>consideres,</strong></span> <span class='ocrx_word' id='word_1_139' title='bbox 1104 1478 1374 1560; x_wconf 86' lang='lat' dir='ltr'><strong>dignum</strong></span> <span class='ocrx_word' id='word_1_140' title='bbox 1417 1477 1566 1560; x_wconf 76' lang='lat' dir='ltr'><strong>jure</strong></span> <span class='ocrx_word' id='word_1_141' title='bbox 1617 1477 1886 1560; x_wconf 80' lang='lat' dir='ltr'><strong>dixeris,</strong></span> <span class='ocrx_word' id='word_1_142' title='bbox 1954 1490 2026 1544; x_wconf 92' lang='lat' dir='ltr'><strong>ut</strong></span> <span class='ocrx_word' id='word_1_143' title='bbox 2081 1499 2207 1544; x_wconf 91' lang='lat' dir='ltr'><strong>non</strong></span> <span class='ocrx_word' id='word_1_144' title='bbox 2260 1482 2506 1543; x_wconf 87' lang='lat' dir='ltr'><strong>ultimis</strong></span> <span class='ocrx_word' id='word_1_145' title='bbox 2567 1477 3150 1545; x_wconf 57' lang='lat' dir='ltr'><strong>veterum&#39;Patrum</strong></span> <span class='ocrx_word' id='word_1_146' title='bbox 3197 1485 3454 1560; x_wconf 85' lang='lat' dir='ltr'><strong>scriptis</strong></span> <span class='ocrx_word' id='word_1_147' title='bbox 3505 1504 3620 1548; x_wconf 87' lang='lat' dir='ltr'><strong>an-</strong></span> 
     </span>
    </p>
   </div>
   <div class='ocr_carea' id='block_1_15' title="bbox 365 1555 3614 1639">
    <p class='ocr_par' dir='ltr' id='par_1_15' title="bbox 365 1555 3614 1639">
     <span class='ocr_line' id='line_1_15' title="bbox 365 1555 3614 1639; baseline 0.001 -15"><span class='ocrx_word' id='word_1_148' title='bbox 365 1555 768 1624; x_wconf 77' lang='lat' dir='ltr'><strong>numeretur.</strong></span> <span class='ocrx_word' id='word_1_149' title='bbox 821 1555 1040 1639; x_wconf 77' lang='lat' dir='ltr'><strong>Styius</strong></span> <span class='ocrx_word' id='word_1_150' title='bbox 1094 1559 1362 1639; x_wconf 77' lang='lat' dir='ltr'><strong>quidem</strong></span> <span class='ocrx_word' id='word_1_151' title='bbox 1423 1557 1715 1639; x_wconf 73' lang='lat' dir='ltr'><strong>Gregorii</strong></span> <span class='ocrx_word' id='word_1_152' title='bbox 1762 1560 2084 1622; x_wconf 83' lang='lat' dir='ltr'><strong>Asiaticus</strong></span> <span class='ocrx_word' id='word_1_153' title='bbox 2141 1577 2333 1639; x_wconf 80' lang='lat' dir='ltr'><strong>prope</strong></span> <span class='ocrx_word' id='word_1_154' title='bbox 2386 1561 2660 1634; x_wconf 89' lang='lat' dir='ltr'><strong>videtur,</strong></span> <span class='ocrx_word' id='word_1_155' title='bbox 2705 1563 2816 1623; x_wconf 89' lang='lat' dir='ltr'><strong>sed</strong></span> <span class='ocrx_word' id='word_1_156' title='bbox 2861 1572 3070 1622; x_wconf 90' lang='lat' dir='ltr'><strong>tamen</strong></span> <span class='ocrx_word' id='word_1_157' title='bbox 3123 1580 3156 1622; x_wconf 89' lang='lat' dir='ltr'><strong>e</strong></span> <span class='ocrx_word' id='word_1_158' title='bbox 3214 1555 3432 1624; x_wconf 83' lang='lat' dir='ltr'><strong>schola</strong></span> <span class='ocrx_word' id='word_1_159' title='bbox 3475 1573 3614 1638; x_wconf 90' lang='lat' dir='ltr'><strong>est,</strong></span> 
     </span>
    </p>
   </div>
   <div class='ocr_carea' id='block_1_16' title="bbox 366 1633 3615 1722">
    <p class='ocr_par' dir='ltr' id='par_1_16' title="bbox 366 1633 3615 1722">
     <span class='ocr_line' id='line_1_16' title="bbox 366 1633 3615 1722; baseline 0.002 -24"><span class='ocrx_word' id='word_1_160' title='bbox 366 1651 439 1722; x_wconf 85' lang='lat' dir='ltr'><strong>ut</strong></span> <span class='ocrx_word' id='word_1_161' title='bbox 488 1655 700 1722; x_wconf 82' lang='lat' dir='ltr'><strong>neqne</strong></span> <span class='ocrx_word' id='word_1_162' title='bbox 740 1633 918 1722; x_wconf 82' lang='lat' dir='ltr'><strong>rudis</strong></span> <span class='ocrx_word' id='word_1_163' title='bbox 957 1633 1168 1722; x_wconf 83' lang='lat' dir='ltr'><strong>neque</strong></span> <span class='ocrx_word' id='word_1_164' title='bbox 1209 1633 1520 1722; x_wconf 78' lang='lat' dir='ltr'><strong>confusus</strong></span> <span class='ocrx_word' id='word_1_165' title='bbox 1561 1633 1685 1722; x_wconf 79' lang='lat' dir='ltr'><strong>dici</strong></span> <span class='ocrx_word' id='word_1_166' title='bbox 1727 1639 1949 1722; x_wconf 81' lang='lat' dir='ltr'><strong>possit.</strong></span> <span class='ocrx_word' id='word_1_167' title='bbox 1993 1633 2199 1722; x_wconf 78' lang='lat' dir='ltr'><strong>Verba</strong></span> <span class='ocrx_word' id='word_1_168' title='bbox 2250 1633 2572 1722; x_wconf 82' lang='lat' dir='ltr'><strong>interdum</strong></span> <span class='ocrx_word' id='word_1_169' title='bbox 2611 1633 2900 1722; x_wconf 78' lang='lat' dir='ltr'><strong>ejusdem</strong></span> <span class='ocrx_word' id='word_1_170' title='bbox 2929 1638 3079 1722; x_wconf 49' lang='lat' dir='ltr'><strong>fere</strong></span> <span class='ocrx_word' id='word_1_171' title='bbox 3131 1641 3372 1716; x_wconf 72' lang='lat' dir='ltr'><strong>[cxxvr]</strong></span> <span class='ocrx_word' id='word_1_172' title='bbox 3405 1633 3615 1722; x_wconf 51' lang='lat' dir='ltr'><strong>signia;</strong></span> 
     </span>
    </p>
   </div>
   <div class='ocr_carea' id='block_1_17' title="bbox 368 1713 3617 1796">
    <p class='ocr_par' dir='ltr' id='par_1_17' title="bbox 368 1713 3617 1796">
     <span class='ocr_line' id='line_1_17' title="bbox 368 1713 3617 1796; baseline 0.001 -14"><span class='ocrx_word' id='word_1_173' title='bbox 368 1713 681 1782; x_wconf 79' lang='lat' dir='ltr'><strong>ftcationis</strong></span> <span class='ocrx_word' id='word_1_174' title='bbox 728 1713 1084 1790; x_wconf 84' lang='lat' dir='ltr'><strong>conjungit,</strong></span> <span class='ocrx_word' id='word_1_175' title='bbox 1136 1713 1249 1796; x_wconf 90' lang='lat' dir='ltr'><strong>sed</strong></span> <span class='ocrx_word' id='word_1_176' title='bbox 1293 1730 1447 1796; x_wconf 61' lang='lat' dir='ltr'><strong>quia</strong></span> <span class='ocrx_word' id='word_1_177' title='bbox 1489 1713 1845 1796; x_wconf 80' lang='lat' dir='ltr'><strong>orationem</strong></span> <span class='ocrx_word' id='word_1_178' title='bbox 1894 1719 2247 1796; x_wconf 89' lang='lat' dir='ltr'><strong>pleniorem</strong></span> <span class='ocrx_word' id='word_1_179' title='bbox 2295 1736 2365 1779; x_wconf 91' lang='lat' dir='ltr'><strong>ac</strong></span> <span class='ocrx_word' id='word_1_180' title='bbox 2402 1713 2828 1780; x_wconf 69' lang='lat' dir='ltr'><strong>robustiorem</strong></span> <span class='ocrx_word' id='word_1_181' title='bbox 2878 1713 3176 1780; x_wconf 78' lang='lat' dir='ltr'><strong>efﬁcient.</strong></span> <span class='ocrx_word' id='word_1_182' title='bbox 3212 1713 3394 1779; x_wconf 73' lang='lat' dir='ltr'><strong>Amat</strong></span> <span class='ocrx_word' id='word_1_183' title='bbox 3425 1713 3617 1784; x_wconf 69' lang='lat' dir='ltr'><strong>eiiam</strong></span> 
     </span>
    </p>
   </div>
   <div class='ocr_carea' id='block_1_18' title="bbox 369 1791 3617 1877">
    <p class='ocr_par' dir='ltr' id='par_1_18' title="bbox 369 1791 3617 1877">
     <span class='ocr_line' id='line_1_18' title="bbox 369 1791 3617 1877; baseline 0.001 -19"><span class='ocrx_word' id='word_1_184' title='bbox 369 1796 755 1877; x_wconf 84' lang='lat' dir='ltr'><strong>quandoque</strong></span> <span class='ocrx_word' id='word_1_185' title='bbox 792 1800 1036 1877; x_wconf 77' lang='lat' dir='ltr'><strong>textum</strong></span> <span class='ocrx_word' id='word_1_186' title='bbox 1089 1791 1400 1877; x_wconf 73' lang='lat' dir='ltr'><strong>orationis</strong></span> <span class='ocrx_word' id='word_1_187' title='bbox 1433 1791 1910 1877; x_wconf 72' lang='lat' dir='ltr'><strong>longiusculum</strong></span> <span class='ocrx_word' id='word_1_188' title='bbox 1945 1803 2008 1856; x_wconf 91' lang='lat' dir='ltr'><strong>et</strong></span> <span class='ocrx_word' id='word_1_189' title='bbox 2049 1813 2482 1877; x_wconf 76' lang='lat' dir='ltr'><strong>sitSpensum;</strong></span> <span class='ocrx_word' id='word_1_190' title='bbox 2522 1798 2616 1859; x_wconf 90' lang='lat' dir='ltr'><strong>sic</strong></span> <span class='ocrx_word' id='word_1_191' title='bbox 2655 1805 2886 1869; x_wconf 90' lang='lat' dir='ltr'><strong>tamen,</strong></span> <span class='ocrx_word' id='word_1_192' title='bbox 2921 1806 2989 1857; x_wconf 91' lang='lat' dir='ltr'><strong>ut</strong></span> <span class='ocrx_word' id='word_1_193' title='bbox 3017 1797 3335 1877; x_wconf 83' lang='lat' dir='ltr'><strong>sententia</strong></span> <span class='ocrx_word' id='word_1_194' title='bbox 3371 1811 3617 1862; x_wconf 80' lang='lat' dir='ltr'><strong>constet</strong></span> 
     </span>
    </p>
   </div>
   <div class='ocr_carea' id='block_1_19' title="bbox 369 1870 3616 1953">
    <p class='ocr_par' dir='ltr' id='par_1_19' title="bbox 369 1870 3616 1953">
     <span class='ocr_line' id='line_1_19' title="bbox 369 1870 3616 1953; baseline 0 -15"><span class='ocrx_word' id='word_1_195' title='bbox 369 1870 623 1952; x_wconf 73' lang='lat' dir='ltr'><strong>semper</strong></span> <span class='ocrx_word' id='word_1_196' title='bbox 650 1870 734 1933; x_wconf 46' lang='lat' dir='ltr'><strong>‘et</strong></span> <span class='ocrx_word' id='word_1_197' title='bbox 782 1871 1084 1953; x_wconf 85' lang='lat' dir='ltr'><strong>emineat.</strong></span> <span class='ocrx_word' id='word_1_198' title='bbox 1134 1873 1262 1932; x_wconf 72' lang='lat' dir='ltr'><strong>Nec</strong></span> <span class='ocrx_word' id='word_1_199' title='bbox 1290 1870 1433 1931; x_wconf 88' lang='lat' dir='ltr'><strong>sine</strong></span> <span class='ocrx_word' id='word_1_200' title='bbox 1469 1873 1743 1933; x_wconf 81' lang='lat' dir='ltr'><strong>utilitate</strong></span> <span class='ocrx_word' id='word_1_201' title='bbox 1782 1883 1898 1948; x_wconf 88' lang='lat' dir='ltr'><strong>est,</strong></span> <span class='ocrx_word' id='word_1_202' title='bbox 1937 1875 2111 1953; x_wconf 91' lang='lat' dir='ltr'><strong>quod</strong></span> <span class='ocrx_word' id='word_1_203' title='bbox 2154 1870 2456 1936; x_wconf 84' lang='lat' dir='ltr'><strong>vocabula</strong></span> <span class='ocrx_word' id='word_1_204' title='bbox 2500 1893 2665 1952; x_wconf 84' lang='lat' dir='ltr'><strong>saepe</strong></span> <span class='ocrx_word' id='word_1_205' title='bbox 2696 1885 3032 1952; x_wconf 89' lang='lat' dir='ltr'><strong>componat</strong></span> <span class='ocrx_word' id='word_1_206' title='bbox 3074 1875 3380 1936; x_wconf 85' lang='lat' dir='ltr'><strong>audacius</strong></span> <span class='ocrx_word' id='word_1_207' title='bbox 3417 1897 3431 1936; x_wconf 90' lang='lat'><strong>:</strong></span> <span class='ocrx_word' id='word_1_208' title='bbox 3467 1877 3616 1939; x_wconf 90' lang='lat' dir='ltr'><strong>inde</strong></span> 
     </span>
    </p>
   </div>
   <div class='ocr_carea' id='block_1_20' title="bbox 369 1949 3614 2032">
    <p class='ocr_par' dir='ltr' id='par_1_20' title="bbox 369 1949 3614 2032">
     <span class='ocr_line' id='line_1_20' title="bbox 369 1949 3614 2032; baseline 0 -16"><span class='ocrx_word' id='word_1_209' title='bbox 369 1949 541 2016; x_wconf 87' lang='lat' dir='ltr'><strong>enim</strong></span> <span class='ocrx_word' id='word_1_210' title='bbox 591 1949 978 2032; x_wconf 79' lang='lat' dir='ltr'><strong>grammatici</strong></span> <span class='ocrx_word' id='word_1_211' title='bbox 1023 1966 1179 2027; x_wconf 90' lang='lat' dir='ltr'><strong>opes</strong></span> <span class='ocrx_word' id='word_1_212' title='bbox 1245 1966 1394 2010; x_wconf 88' lang='lat' dir='ltr'><strong>sues</strong></span> <span class='ocrx_word' id='word_1_213' title='bbox 1431 1965 1560 2032; x_wconf 85' lang='lat' dir='ltr'><strong>non</strong></span> <span class='ocrx_word' id='word_1_214' title='bbox 1595 1949 2082 2032; x_wconf 76' lang='lat' dir='ltr'><strong>parumaugere</strong></span> <span class='ocrx_word' id='word_1_215' title='bbox 2119 1955 2390 2031; x_wconf 69' lang='lat' dir='ltr'><strong>pOs&#39;Sint.</strong></span> <span class='ocrx_word' id='word_1_216' title='bbox 2426 1957 2504 2014; x_wconf 86' lang='lat' dir='ltr'><strong>At</strong></span> <span class='ocrx_word' id='word_1_217' title='bbox 2537 1949 2709 2025; x_wconf 86' lang='lat' dir='ltr'><strong>vero,</strong></span> <span class='ocrx_word' id='word_1_218' title='bbox 2751 1949 2923 2032; x_wconf 80' lang='lat' dir='ltr'><strong>quod</strong></span> <span class='ocrx_word' id='word_1_219' title='bbox 2965 1954 3355 2032; x_wconf 69' lang='lat' dir='ltr'><strong>praecipuum</strong></span> <span class='ocrx_word' id='word_1_220' title='bbox 3393 1953 3614 2018; x_wconf 87' lang='lat' dir='ltr'><strong>haberi</strong></span> 
     </span>
    </p>
   </div>
   <div class='ocr_carea' id='block_1_21' title="bbox 368 2029 3614 2110">
    <p class='ocr_par' dir='ltr' id='par_1_21' title="bbox 368 2029 3614 2110">
     <span class='ocr_line' id='line_1_21' title="bbox 368 2029 3614 2110; baseline 0.001 -18"><span class='ocrx_word' id='word_1_221' title='bbox 368 2029 782 2110; x_wconf 28' lang='lat' dir='ltr'><strong>debe.t,’recta</strong></span> <span class='ocrx_word' id='word_1_222' title='bbox 823 2029 964 2110; x_wconf 84' lang='lat' dir='ltr'><strong>ejus</strong></span> <span class='ocrx_word' id='word_1_223' title='bbox 1013 2045 1266 2110; x_wconf 80' lang='lat' dir='ltr'><strong>semper</strong></span> <span class='ocrx_word' id='word_1_224' title='bbox 1306 2035 1366 2110; x_wconf 79' lang='lat' dir='ltr'><strong>et</strong></span> <span class='ocrx_word' id='word_1_225' title='bbox 1414 2029 1596 2105; x_wconf 89' lang='lat' dir='ltr'><strong>plana</strong></span> <span class='ocrx_word' id='word_1_226' title='bbox 1633 2030 1919 2092; x_wconf 89' lang='lat' dir='ltr'><strong>doctrina</strong></span> <span class='ocrx_word' id='word_1_227' title='bbox 1943 2029 2081 2100; x_wconf 52' lang='lat' dir='ltr'><strong>&#39;est,</strong></span> <span class='ocrx_word' id='word_1_228' title='bbox 2120 2029 2372 2110; x_wconf 72' lang='lat' dir='ltr'><strong>tibique</strong></span> <span class='ocrx_word' id='word_1_229' title='bbox 2429 2029 2798 2110; x_wconf 82' lang='lat' dir='ltr'><strong>magistrum</strong></span> <span class='ocrx_word' id='word_1_230' title='bbox 2855 2029 2983 2109; x_wconf 83' lang='lat' dir='ltr'><strong>agit</strong></span> <span class='ocrx_word' id='word_1_231' title='bbox 3027 2032 3302 2110; x_wconf 88' lang='lat' dir='ltr'><strong>pietatis,</strong></span> <span class='ocrx_word' id='word_1_232' title='bbox 3360 2032 3614 2096; x_wconf 81' lang='lat' dir='ltr'><strong>animbs</strong></span> 
     </span>
    </p>
   </div>
   <div class='ocr_carea' id='block_1_22' title="bbox 365 2106 3614 2187">
    <p class='ocr_par' dir='ltr' id='par_1_22' title="bbox 365 2106 3614 2187">
     <span class='ocr_line' id='line_1_22' title="bbox 365 2106 3614 2187; baseline 0 -16"><span class='ocrx_word' id='word_1_233' title='bbox 365 2112 445 2171; x_wconf 91' lang='lat' dir='ltr'><strong>ad</strong></span> <span class='ocrx_word' id='word_1_234' title='bbox 499 2109 794 2170; x_wconf 85' lang='lat' dir='ltr'><strong>virtutem</strong></span> <span class='ocrx_word' id='word_1_235' title='bbox 842 2107 1182 2187; x_wconf 24' lang='lat' dir='ltr'><strong>incendit,‘</strong></span> <span class='ocrx_word' id='word_1_236' title='bbox 1208 2106 1359 2187; x_wconf 80' lang='lat' dir='ltr'><strong>vitia</strong></span> <span class='ocrx_word' id='word_1_237' title='bbox 1407 2121 1787 2187; x_wconf 89' lang='lat' dir='ltr'><strong>erroresque</strong></span> <span class='ocrx_word' id='word_1_238' title='bbox 1828 2110 2200 2180; x_wconf 89' lang='lat' dir='ltr'><strong>insectatur,</strong></span> <span class='ocrx_word' id='word_1_239' title='bbox 2241 2106 2672 2172; x_wconf 73' lang='lat' dir='ltr'><strong>Christianum</strong></span> <span class='ocrx_word' id='word_1_240' title='bbox 2709 2106 2934 2186; x_wconf 73' lang='lat' dir='ltr'><strong>dogma</strong></span> <span class='ocrx_word' id='word_1_241' title='bbox 2973 2106 3039 2171; x_wconf 81' lang='lat' dir='ltr'><strong>et</strong></span> <span class='ocrx_word' id='word_1_242' title='bbox 3063 2110 3432 2171; x_wconf 90' lang='lat' dir='ltr'><strong>catholicam</strong></span> <span class='ocrx_word' id='word_1_243' title='bbox 3465 2129 3614 2186; x_wconf 86' lang='lat' dir='ltr'><strong>pro-</strong></span> 
     </span>
    </p>
   </div>
   <div class='ocr_carea' id='block_1_23' title="bbox 367 2183 3614 2266">
    <p class='ocr_par' dir='ltr' id='par_1_23' title="bbox 367 2183 3614 2266">
     <span class='ocr_line' id='line_1_23' title="bbox 367 2183 3614 2266; baseline 0 -17"><span class='ocrx_word' id='word_1_244' title='bbox 367 2187 717 2249; x_wconf 77' lang='lat' dir='ltr'><strong>fessionem</strong></span> <span class='ocrx_word' id='word_1_245' title='bbox 761 2193 1005 2266; x_wconf 81' lang='lat' dir='ltr'><strong>tuetur.</strong></span> <span class='ocrx_word' id='word_1_246' title='bbox 1046 2183 1444 2266; x_wconf 60' lang='lat' dir='ltr'><strong>Ecclesiasten</strong></span> <span class='ocrx_word' id='word_1_247' title='bbox 1489 2183 1717 2266; x_wconf 82' lang='lat' dir='ltr'><strong>au_teni_</strong></span> <span class='ocrx_word' id='word_1_248' title='bbox 1754 2190 2103 2248; x_wconf 86' lang='lat' dir='ltr'><strong>sententias</strong></span> <span class='ocrx_word' id='word_1_249' title='bbox 2153 2189 2248 2248; x_wconf 92' lang='lat' dir='ltr'><strong>sic</strong></span> <span class='ocrx_word' id='word_1_250' title='bbox 2296 2192 2590 2264; x_wconf 59' lang='lat' dir='ltr'><strong>exiilicat,</strong></span> <span class='ocrx_word' id='word_1_251' title='bbox 2645 2199 2712 2251; x_wconf 90' lang='lat' dir='ltr'><strong>ut</strong></span> <span class='ocrx_word' id='word_1_252' title='bbox 2763 2183 2963 2266; x_wconf 72' lang='lat' dir='ltr'><strong>multo</strong></span> <span class='ocrx_word' id='word_1_253' title='bbox 3021 2187 3370 2266; x_wconf 88' lang='lat' dir='ltr'><strong>planiorem</strong></span> <span class='ocrx_word' id='word_1_254' title='bbox 3426 2183 3614 2252; x_wconf 81' lang='lat' dir='ltr'><strong>faciat</strong></span> 
     </span>
    </p>
   </div>
   <div class='ocr_carea' id='block_1_24' title="bbox 374 2261 3613 2344">
    <p class='ocr_par' dir='ltr' id='par_1_24' title="bbox 374 2261 3613 2344">
     <span class='ocr_line' id='line_1_24' title="bbox 374 2261 3613 2344; baseline 0.001 -18"><span class='ocrx_word' id='word_1_255' title='bbox 374 2267 708 2328; x_wconf 86' lang='lat' dir='ltr'><strong>lectionem</strong></span> <span class='ocrx_word' id='word_1_256' title='bbox 760 2263 903 2344; x_wconf 82' lang='lat' dir='ltr'><strong>iibri</strong></span> <span class='ocrx_word' id='word_1_257' title='bbox 969 2263 1256 2324; x_wconf 89' lang='lat' dir='ltr'><strong>omnium</strong></span> <span class='ocrx_word' id='word_1_258' title='bbox 1305 2261 1506 2344; x_wconf 84' lang='lat' dir='ltr'><strong>ferme</strong></span> <span class='ocrx_word' id='word_1_259' title='bbox 1563 2262 1895 2326; x_wconf 86' lang='lat' dir='ltr'><strong>intellectu</strong></span> <span class='ocrx_word' id='word_1_260' title='bbox 1941 2266 2328 2328; x_wconf 78' lang='lat' dir='ltr'><strong>diﬂicillimi.</strong></span> <span class='ocrx_word' id='word_1_261' title='bbox 2379 2261 2532 2327; x_wconf 86' lang='lat' dir='ltr'><strong>Nam</strong></span> <span class='ocrx_word' id='word_1_262' title='bbox 2582 2284 2686 2328; x_wconf 87' lang='lat' dir='ltr'><strong>eas</strong></span> <span class='ocrx_word' id='word_1_263' title='bbox 2739 2261 3160 2344; x_wconf 76' lang='lat' dir='ltr'><strong>plerumque,</strong></span> <span class='ocrx_word' id='word_1_264' title='bbox 3238 2275 3307 2328; x_wconf 91' lang='lat' dir='ltr'><strong>ut</strong></span> <span class='ocrx_word' id='word_1_265' title='bbox 3357 2277 3613 2340; x_wconf 83' lang='lat' dir='ltr'><strong>sonant,</strong></span> 
     </span>
    </p>
   </div>
   <div class='ocr_carea' id='block_1_25' title="bbox 369 2341 3612 2424">
    <p class='ocr_par' dir='ltr' id='par_1_25' title="bbox 369 2341 3612 2424">
     <span class='ocr_line' id='line_1_25' title="bbox 369 2341 3612 2424; baseline 0 -17"><span class='ocrx_word' id='word_1_266' title='bbox 369 2343 772 2423; x_wconf 87' lang='lat' dir='ltr'><strong>interpretari</strong></span> <span class='ocrx_word' id='word_1_267' title='bbox 805 2342 969 2424; x_wconf 85' lang='lat' dir='ltr'><strong>solet</strong></span> <span class='ocrx_word' id='word_1_268' title='bbox 1001 2358 1015 2397; x_wconf 89' lang='lat'><strong>:</strong></span> <span class='ocrx_word' id='word_1_269' title='bbox 1056 2357 1314 2424; x_wconf 77' lang='lat' dir='ltr'><strong>perraro</strong></span> <span class='ocrx_word' id='word_1_270' title='bbox 1344 2341 1798 2424; x_wconf 78' lang='lat' dir='ltr'><strong>allegoriemet</strong></span> <span class='ocrx_word' id='word_1_271' title='bbox 1827 2353 2038 2423; x_wconf 91' lang='lat' dir='ltr'><strong>tropos</strong></span> <span class='ocrx_word' id='word_1_272' title='bbox 2085 2355 2372 2407; x_wconf 83' lang='lat' dir='ltr'><strong>venatur.</strong></span> <span class='ocrx_word' id='word_1_273' title='bbox 2408 2346 2710 2424; x_wconf 82' lang='lat' dir='ltr'><strong>Exempla</strong></span> <span class='ocrx_word' id='word_1_274' title='bbox 2739 2341 2963 2422; x_wconf 75' lang='lat' dir='ltr'><strong>potius</strong></span> <span class='ocrx_word' id='word_1_275' title='bbox 2999 2362 3033 2404; x_wconf 92' lang='lat' dir='ltr'><strong>e</strong></span> <span class='ocrx_word' id='word_1_276' title='bbox 3065 2343 3334 2424; x_wconf 88' lang='lat' dir='ltr'><strong>reliquis</strong></span> <span class='ocrx_word' id='word_1_277' title='bbox 3367 2347 3612 2408; x_wconf 90' lang='lat' dir='ltr'><strong>divinis</strong></span> 
     </span>
    </p>
   </div>
   <div class='ocr_carea' id='block_1_26' title="bbox 375 2419 3609 2504">
    <p class='ocr_par' dir='ltr' id='par_1_26' title="bbox 375 2419 3609 2504">
     <span class='ocr_line' id='line_1_26' title="bbox 375 2419 3609 2504; baseline 0 -19"><span class='ocrx_word' id='word_1_278' title='bbox 375 2419 560 2504; x_wconf 77' lang='lat' dir='ltr'><strong>libris</strong></span> <span class='ocrx_word' id='word_1_279' title='bbox 601 2421 911 2504; x_wconf 73' lang='lat' dir='ltr'><strong>congerit,</strong></span> <span class='ocrx_word' id='word_1_280' title='bbox 945 2419 1089 2504; x_wconf 63' lang='lat' dir='ltr'><strong>qua)</strong></span> <span class='ocrx_word' id='word_1_281' title='bbox 1122 2421 1214 2480; x_wconf 91' lang='lat' dir='ltr'><strong>illi</strong></span> <span class='ocrx_word' id='word_1_282' title='bbox 1251 2419 1316 2480; x_wconf 90' lang='lat' dir='ltr'><strong>in</strong></span> <span class='ocrx_word' id='word_1_283' title='bbox 1343 2430 1674 2481; x_wconf 90' lang='lat' dir='ltr'><strong>numerato</strong></span> <span class='ocrx_word' id='word_1_284' title='bbox 1721 2419 1936 2504; x_wconf 83' lang='lat' dir='ltr'><strong>fuisse</strong></span> <span class='ocrx_word' id='word_1_285' title='bbox 1972 2431 2231 2502; x_wconf 80' lang='lat' dir='ltr'><strong>apparet</strong></span> <span class='ocrx_word' id='word_1_286' title='bbox 2262 2442 2277 2480; x_wconf 88' lang='lat'><strong>:</strong></span> <span class='ocrx_word' id='word_1_287' title='bbox 2320 2434 2452 2484; x_wconf 87' lang='lat' dir='ltr'><strong>tum</strong></span> <span class='ocrx_word' id='word_1_288' title='bbox 2485 2419 2770 2504; x_wconf 63' lang='lat' dir='ltr'><strong>quaédem</strong></span> <span class='ocrx_word' id='word_1_289' title='bbox 2808 2441 2852 2504; x_wconf 89' lang='lat' dir='ltr'><strong>e_</strong></span> <span class='ocrx_word' id='word_1_290' title='bbox 2876 2426 3123 2484; x_wconf 84' lang='lat' dir='ltr'><strong>Patrum</strong></span> <span class='ocrx_word' id='word_1_291' title='bbox 3158 2419 3410 2504; x_wconf 79' lang='lat' dir='ltr'><strong>scriptis</strong></span> <span class='ocrx_word' id='word_1_292' title='bbox 3438 2424 3609 2486; x_wconf 90' lang='lat' dir='ltr'><strong>deli-</strong></span> 
     </span>
    </p>
   </div>
   <div class='ocr_carea' id='block_1_27' title="bbox 367 2499 3606 2581">
    <p class='ocr_par' dir='ltr' id='par_1_27' title="bbox 367 2499 3606 2581">
     <span class='ocr_line' id='line_1_27' title="bbox 367 2499 3606 2581; baseline 0 -18"><span class='ocrx_word' id='word_1_293' title='bbox 367 2502 494 2574; x_wconf 86' lang='lat' dir='ltr'><strong>bat,</strong></span> <span class='ocrx_word' id='word_1_294' title='bbox 541 2502 654 2564; x_wconf 88' lang='lat' dir='ltr'><strong>sed</strong></span> <span class='ocrx_word' id='word_1_295' title='bbox 688 2499 786 2560; x_wconf 85' lang='lat' dir='ltr'><strong>res</strong></span> <span class='ocrx_word' id='word_1_296' title='bbox 834 2499 1050 2581; x_wconf 79' lang='lat' dir='ltr'><strong>potius</strong></span> <span class='ocrx_word' id='word_1_297' title='bbox 1087 2505 1148 2558; x_wconf 88' lang='lat' dir='ltr'><strong>et</strong></span> <span class='ocrx_word' id='word_1_298' title='bbox 1189 2514 1400 2570; x_wconf 88' lang='lat' dir='ltr'><strong>sensa,</strong></span> <span class='ocrx_word' id='word_1_299' title='bbox 1433 2516 1622 2576; x_wconf 89' lang='lat' dir='ltr'><strong>quem</strong></span> <span class='ocrx_word' id='word_1_300' title='bbox 1648 2500 1831 2560; x_wconf 81' lang='lat' dir='ltr'><strong>voces</strong></span> <span class='ocrx_word' id='word_1_301' title='bbox 1870 2511 1932 2562; x_wconf 93' lang='lat' dir='ltr'><strong>et</strong></span> <span class='ocrx_word' id='word_1_302' title='bbox 1965 2499 2258 2581; x_wconf 83' lang='lat' dir='ltr'><strong>ornatum</strong></span> <span class='ocrx_word' id='word_1_303' title='bbox 2294 2499 2522 2563; x_wconf 80' lang='lat' dir='ltr'><strong>eorum</strong></span> <span class='ocrx_word' id='word_1_304' title='bbox 2557 2501 2968 2581; x_wconf 85' lang='lat' dir='ltr'><strong>persequitur</strong></span> <span class='ocrx_word' id='word_1_305' title='bbox 3001 2519 3016 2562; x_wconf 88' lang='lat'>:</span> <span class='ocrx_word' id='word_1_306' title='bbox 3045 2503 3360 2581; x_wconf 88' lang='lat' dir='ltr'><strong>nonnulla</strong></span> <span class='ocrx_word' id='word_1_307' title='bbox 3392 2504 3606 2575; x_wconf 90' lang='lat' dir='ltr'><strong>etiam,</strong></span> 
     </span>
    </p>
   </div>
   <div class='ocr_carea' id='block_1_28' title="bbox 368 2578 3608 2661">
    <p class='ocr_par' dir='ltr' id='par_1_28' title="bbox 368 2578 3608 2661">
     <span class='ocr_line' id='line_1_28' title="bbox 368 2578 3608 2661; baseline -0 -19"><span class='ocrx_word' id='word_1_308' title='bbox 368 2600 514 2661; x_wconf 63' lang='lat' dir='ltr'><strong>qua:</strong></span> <span class='ocrx_word' id='word_1_309' title='bbox 554 2579 885 2640; x_wconf 86' lang='lat' dir='ltr'><strong>commode</strong></span> <span class='ocrx_word' id='word_1_310' title='bbox 918 2578 1080 2661; x_wconf 82' lang='lat' dir='ltr'><strong>dicta</strong></span> <span class='ocrx_word' id='word_1_311' title='bbox 1113 2593 1239 2638; x_wconf 89' lang='lat' dir='ltr'><strong>non</strong></span> <span class='ocrx_word' id='word_1_312' title='bbox 1274 2588 1516 2652; x_wconf 88' lang='lat' dir='ltr'><strong>censet,</strong></span> <span class='ocrx_word' id='word_1_313' title='bbox 1556 2595 1624 2639; x_wconf 91' lang='lat' dir='ltr'><strong>se</strong></span> <span class='ocrx_word' id='word_1_314' title='bbox 1664 2595 1792 2640; x_wconf 90' lang='lat' dir='ltr'><strong>non</strong></span> <span class='ocrx_word' id='word_1_315' title='bbox 1832 2580 2129 2658; x_wconf 83' lang='lat' dir='ltr'><strong>amplecti</strong></span> <span class='ocrx_word' id='word_1_316' title='bbox 2168 2581 2518 2659; x_wconf 84' lang='lat' dir='ltr'><strong>proﬁtetur,</strong></span> <span class='ocrx_word' id='word_1_317' title='bbox 2558 2578 2624 2642; x_wconf 83' lang='lat' dir='ltr'><strong>et</strong></span> <span class='ocrx_word' id='word_1_318' title='bbox 2660 2597 2858 2660; x_wconf 87' lang='lat' dir='ltr'><strong>quare</strong></span> <span class='ocrx_word' id='word_1_319' title='bbox 2890 2581 2954 2641; x_wconf 93' lang='lat' dir='ltr'><strong>in</strong></span> <span class='ocrx_word' id='word_1_320' title='bbox 2999 2580 3123 2642; x_wconf 90' lang='lat' dir='ltr'><strong>alia</strong></span> <span class='ocrx_word' id='word_1_321' title='bbox 3151 2581 3236 2640; x_wconf 90' lang='lat' dir='ltr'><strong>sit</strong></span> <span class='ocrx_word' id='word_1_322' title='bbox 3265 2583 3608 2654; x_wconf 86' lang='lat' dir='ltr'><strong>sententia,</strong></span> 
     </span>
    </p>
   </div>
   <div class='ocr_carea' id='block_1_29' title="bbox 365 2657 3170 2737">
    <p class='ocr_par' dir='ltr' id='par_1_29' title="bbox 365 2657 3170 2737">
     <span class='ocr_line' id='line_1_29' title="bbox 365 2657 3170 2737; baseline -0.014 -14"><span class='ocrx_word' id='word_1_323' title='bbox 365 2657 549 2723; x_wconf 83' lang='lat' dir='ltr'><strong>acute</strong></span> <span class='ocrx_word' id='word_1_324' title='bbox 581 2667 931 2737; x_wconf 74' lang='lat' dir='ltr'><strong>arguteque</strong></span> <span class='ocrx_word' id='word_1_325' title='bbox 975 2657 1388 2716; x_wconf 86' lang='lat' dir='ltr'><strong>demonstrat.</strong></span> <span class='ocrx_word' id='word_1_326' title='bbox 1943 2657 1952 2658; x_wconf 44' lang='grc' dir='ltr'>ί</span> <span class='ocrx_word' id='word_1_327' title='bbox 2169 2657 2182 2659; x_wconf 62' lang='grc'><strong>⁷</strong></span> <span class='ocrx_word' id='word_1_328' title='bbox 2681 2657 2697 2660; x_wconf 59' lang='grc' dir='ltr'><em>ν</em></span> <span class='ocrx_word' id='word_1_329' title='bbox 3168 2674 3170 2676; x_wconf 48' lang='grc' dir='ltr'><strong><em>τ</em></strong></span> 
     </span>
    </p>
   </div>
   <div class='ocr_carea' id='block_1_30' title="bbox 447 2759 3610 2843">
    <p class='ocr_par' dir='ltr' id='par_1_30' title="bbox 447 2759 3610 2843">
     <span class='ocr_line' id='line_1_30' title="bbox 447 2759 3610 2843; baseline -0 -15"><span class='ocrx_word' id='word_1_330' title='bbox 447 2767 620 2828; x_wconf 86' lang='lat' dir='ltr'><strong>Scire</strong></span> <span class='ocrx_word' id='word_1_331' title='bbox 664 2764 718 2823; x_wconf 89' lang='lat' dir='ltr'><strong>si</strong></span> <span class='ocrx_word' id='word_1_332' title='bbox 771 2761 958 2831; x_wconf 87' lang='lat' dir='ltr'><strong>velis,</strong></span> <span class='ocrx_word' id='word_1_333' title='bbox 1001 2777 1144 2839; x_wconf 69' lang='lat' dir='ltr'><strong>qua)</strong></span> <span class='ocrx_word' id='word_1_334' title='bbox 1192 2759 1258 2820; x_wconf 88' lang='lat' dir='ltr'><strong>in</strong></span> <span class='ocrx_word' id='word_1_335' title='bbox 1313 2766 1445 2819; x_wconf 92' lang='lat' dir='ltr'><strong>toto</strong></span> <span class='ocrx_word' id='word_1_336' title='bbox 1493 2776 1686 2835; x_wconf 88' lang='lat' dir='ltr'><strong>opere</strong></span> <span class='ocrx_word' id='word_1_337' title='bbox 1733 2763 2358 2843; x_wconf 85' lang='lat' dir='ltr'><strong>animadversionem</strong></span> <span class='ocrx_word' id='word_1_338' title='bbox 2409 2764 2710 2843; x_wconf 73' lang='lat' dir='ltr'><strong>excitare,</strong></span> <span class='ocrx_word' id='word_1_339' title='bbox 2757 2775 2819 2824; x_wconf 91' lang='lat' dir='ltr'><strong>et</strong></span> <span class='ocrx_word' id='word_1_340' title='bbox 2865 2763 3194 2843; x_wconf 87' lang='lat' dir='ltr'><strong>notatione</strong></span> <span class='ocrx_word' id='word_1_341' title='bbox 3238 2764 3426 2843; x_wconf 83' lang='lat' dir='ltr'><strong>digne</strong></span> <span class='ocrx_word' id='word_1_342' title='bbox 3466 2781 3610 2828; x_wconf 86' lang='lat' dir='ltr'><strong>esse</strong></span> 
     </span>
    </p>
   </div>
   <div class='ocr_carea' id='block_1_31' title="bbox 367 2839 3605 2921">
    <p class='ocr_par' dir='ltr' id='par_1_31' title="bbox 367 2839 3605 2921">
     <span class='ocr_line' id='line_1_31' title="bbox 367 2839 3605 2921; baseline 0 -16"><span class='ocrx_word' id='word_1_343' title='bbox 367 2843 731 2910; x_wconf 77' lang='lat' dir='ltr'><strong>videantur,</strong></span> <span class='ocrx_word' id='word_1_344' title='bbox 769 2857 866 2910; x_wconf 88' lang='lat' dir='ltr'><strong>ea,</strong></span> <span class='ocrx_word' id='word_1_345' title='bbox 899 2856 1264 2921; x_wconf 86' lang='lat' dir='ltr'><strong>quanquam</strong></span> <span class='ocrx_word' id='word_1_346' title='bbox 1299 2854 1418 2898; x_wconf 90' lang='lat' dir='ltr'><strong>suo</strong></span> <span class='ocrx_word' id='word_1_347' title='bbox 1479 2855 1752 2921; x_wconf 60' lang='lat' dir='ltr'><strong>quaeque</strong></span> <span class='ocrx_word' id='word_1_348' title='bbox 1784 2839 1922 2921; x_wconf 88' lang='lat' dir='ltr'><strong>loco</strong></span> <span class='ocrx_word' id='word_1_349' title='bbox 1954 2842 2228 2921; x_wconf 88' lang='lat' dir='ltr'><strong>indicata</strong></span> <span class='ocrx_word' id='word_1_350' title='bbox 2259 2852 2432 2915; x_wconf 90' lang='lat' dir='ltr'><strong>sunt,</strong></span> <span class='ocrx_word' id='word_1_351' title='bbox 2469 2842 2571 2902; x_wconf 90' lang='lat' dir='ltr'><strong>hic</strong></span> <span class='ocrx_word' id='word_1_352' title='bbox 2601 2851 2808 2904; x_wconf 88' lang='lat' dir='ltr'><strong>tamen</strong></span> <span class='ocrx_word' id='word_1_353' title='bbox 2837 2842 3128 2905; x_wconf 86' lang='lat' dir='ltr'><strong>celeriter</strong></span> <span class='ocrx_word' id='word_1_354' title='bbox 3162 2839 3605 2921; x_wconf 69' lang='lat' dir='ltr'><strong>perstringam.</strong></span> 
     </span>
    </p>
   </div>
   <div class='ocr_carea' id='block_1_32' title="bbox 367 2915 3610 2999">
    <p class='ocr_par' dir='ltr' id='par_1_32' title="bbox 367 2915 3610 2999">
     <span class='ocr_line' id='line_1_32' title="bbox 367 2915 3610 2999; baseline -0 -15"><span class='ocrx_word' id='word_1_355' title='bbox 367 2923 651 2984; x_wconf 90' lang='lat' dir='ltr'><strong>Primum</strong></span> <span class='ocrx_word' id='word_1_356' title='bbox 683 2915 945 2999; x_wconf 80' lang='lat' dir='ltr'><strong>quidem</strong></span> <span class='ocrx_word' id='word_1_357' title='bbox 996 2915 1349 2999; x_wconf 74' lang='lat' dir='ltr'><strong>doetrinain</strong></span> <span class='ocrx_word' id='word_1_358' title='bbox 1382 2915 1750 2999; x_wconf 81' lang='lat' dir='ltr'><strong>catholicam</strong></span> <span class='ocrx_word' id='word_1_359' title='bbox 1803 2920 1880 2979; x_wconf 91' lang='lat' dir='ltr'><strong>de</strong></span> <span class='ocrx_word' id='word_1_360' title='bbox 1927 2920 2188 2981; x_wconf 84' lang='lat' dir='ltr'><strong>auxiliis</strong></span> <span class='ocrx_word' id='word_1_361' title='bbox 2227 2921 2467 2981; x_wconf 90' lang='lat' dir='ltr'><strong>divinis</strong></span> <span class='ocrx_word' id='word_1_362' title='bbox 2519 2939 2589 2982; x_wconf 89' lang='lat' dir='ltr'><strong>ac</strong></span> <span class='ocrx_word' id='word_1_363' title='bbox 2631 2923 2709 2982; x_wconf 91' lang='lat' dir='ltr'><strong>de</strong></span> <span class='ocrx_word' id='word_1_364' title='bbox 2765 2921 2962 2982; x_wconf 82' lang='lat' dir='ltr'><strong>libero</strong></span> <span class='ocrx_word' id='word_1_365' title='bbox 3007 2915 3289 2982; x_wconf 84' lang='lat' dir='ltr'><strong>hominis</strong></span> <span class='ocrx_word' id='word_1_366' title='bbox 3345 2915 3610 2984; x_wconf 61' lang='lat' dir='ltr'><strong>arbitrio</strong></span> 
     </span>
    </p>
   </div>
   <div class='ocr_carea' id='block_1_33' title="bbox 373 2994 3610 3078">
    <p class='ocr_par' dir='ltr' id='par_1_33' title="bbox 373 2994 3610 3078">
     <span class='ocr_line' id='line_1_33' title="bbox 373 2994 3610 3078; baseline -0 -16"><span class='ocrx_word' id='word_1_367' title='bbox 373 3002 665 3078; x_wconf 53' lang='lat' dir='ltr'><strong>praeclare</strong></span> <span class='ocrx_word' id='word_1_368' title='bbox 701 2994 771 3059; x_wconf 76' lang='lat' dir='ltr'><strong>ac</strong></span> <span class='ocrx_word' id='word_1_369' title='bbox 823 2997 1113 3078; x_wconf 78' lang='lat' dir='ltr'><strong>diiucide</strong></span> <span class='ocrx_word' id='word_1_370' title='bbox 1147 2994 1440 3078; x_wconf 69' lang='lat' dir='ltr'><strong>pluribus</strong></span> <span class='ocrx_word' id='word_1_371' title='bbox 1493 2995 1559 3055; x_wconf 87' lang='lat' dir='ltr'><strong>in</strong></span> <span class='ocrx_word' id='word_1_372' title='bbox 1598 2995 1755 3056; x_wconf 90' lang='lat' dir='ltr'><strong>locis</strong></span> <span class='ocrx_word' id='word_1_373' title='bbox 1789 3005 2167 3078; x_wconf 73' lang='lat' dir='ltr'><strong>usurpetet</strong></span> <span class='ocrx_word' id='word_1_374' title='bbox 2216 3001 2426 3060; x_wconf 90' lang='lat' dir='ltr'><strong>tradit.</strong></span> <span class='ocrx_word' id='word_1_375' title='bbox 2484 3003 2612 3060; x_wconf 89' lang='lat' dir='ltr'><strong>Nec</strong></span> <span class='ocrx_word' id='word_1_376' title='bbox 2667 2999 2885 3061; x_wconf 90' lang='lat' dir='ltr'><strong>minus</strong></span> <span class='ocrx_word' id='word_1_377' title='bbox 2941 3008 3108 3061; x_wconf 90' lang='lat' dir='ltr'><strong>recte</strong></span> <span class='ocrx_word' id='word_1_378' title='bbox 3169 3002 3248 3061; x_wconf 90' lang='lat' dir='ltr'><strong>de</strong></span> <span class='ocrx_word' id='word_1_379' title='bbox 3307 3000 3610 3078; x_wconf 84' lang='lat' dir='ltr'><strong>originali</strong></span> 
     </span>
    </p>
   </div>
   <div class='ocr_carea' id='block_1_34' title="bbox 369 3072 3608 3162">
    <p class='ocr_par' dir='ltr' id='par_1_34' title="bbox 369 3072 3608 3162">
     <span class='ocr_line' id='line_1_34' title="bbox 369 3072 3608 3162; baseline -0.001 -20"><span class='ocrx_word' id='word_1_380' title='bbox 369 3072 630 3159; x_wconf 76' lang='lat' dir='ltr'><strong>peccato</strong></span> <span class='ocrx_word' id='word_1_381' title='bbox 675 3075 961 3162; x_wconf 61' lang='lat' dir='ltr'><strong>disserii,</strong></span> <span class='ocrx_word' id='word_1_382' title='bbox 1002 3072 1376 3162; x_wconf 79' lang='lat' dir='ltr'><strong>utinfantes</strong></span> <span class='ocrx_word' id='word_1_383' title='bbox 1413 3082 1640 3162; x_wconf 81' lang='lat' dir='ltr'><strong>tamen,</strong></span> <span class='ocrx_word' id='word_1_384' title='bbox 1679 3089 1842 3152; x_wconf 90' lang='lat' dir='ltr'><strong>quos</strong></span> <span class='ocrx_word' id='word_1_385' title='bbox 1887 3072 2031 3162; x_wconf 76' lang='lat' dir='ltr'><strong>ante</strong></span> <span class='ocrx_word' id='word_1_386' title='bbox 2068 3076 2572 3162; x_wconf 77' lang='lat' dir='ltr'><strong>baptismamors</strong></span> <span class='ocrx_word' id='word_1_387' title='bbox 2606 3077 3040 3162; x_wconf 82' lang='lat' dir='ltr'><strong>interceperit,</strong></span> <span class='ocrx_word' id='word_1_388' title='bbox 3076 3078 3245 3138; x_wconf 90' lang='lat' dir='ltr'><strong>inter</strong></span> <span class='ocrx_word' id='word_1_389' title='bbox 3274 3072 3608 3140; x_wconf 44' lang='lat' dir='ltr'><strong>dam—natos</strong></span> 
     </span>
    </p>
   </div>
   <div class='ocr_carea' id='block_1_35' title="bbox 367 3152 3611 3224">
    <p class='ocr_par' dir='ltr' id='par_1_35' title="bbox 367 3152 3611 3224">
     <span class='ocr_line' id='line_1_35' title="bbox 367 3152 3611 3224; baseline -0.001 -5"><span class='ocrx_word' id='word_1_390' title='bbox 367 3152 496 3219; x_wconf 74' lang='lat' dir='ltr'><strong>non</strong></span> <span class='ocrx_word' id='word_1_391' title='bbox 539 3158 857 3218; x_wconf 90' lang='lat' dir='ltr'><strong>emendet.</strong></span> <span class='ocrx_word' id='word_1_392' title='bbox 909 3156 1103 3213; x_wconf 87' lang='lat' dir='ltr'><strong>Docet</strong></span> <span class='ocrx_word' id='word_1_393' title='bbox 1142 3152 1333 3224; x_wconf 89' lang='lat' dir='ltr'><strong>idem,</strong></span> <span class='ocrx_word' id='word_1_394' title='bbox 1381 3152 1730 3212; x_wconf 87' lang='lat' dir='ltr'><strong>viventium</strong></span> <span class='ocrx_word' id='word_1_395' title='bbox 1774 3163 1940 3214; x_wconf 87' lang='lat' dir='ltr'><strong>recte</strong></span> <span class='ocrx_word' id='word_1_396' title='bbox 1988 3152 2162 3215; x_wconf 81' lang='lat' dir='ltr'><strong>facta</strong></span> <span class='ocrx_word' id='word_1_397' title='bbox 2193 3157 2258 3216; x_wconf 89' lang='lat' dir='ltr'><strong>in</strong></span> <span class='ocrx_word' id='word_1_398' title='bbox 2319 3157 2656 3217; x_wconf 88' lang='lat' dir='ltr'><strong>utilitatem</strong></span> <span class='ocrx_word' id='word_1_399' title='bbox 2706 3152 2932 3216; x_wconf 85' lang='lat' dir='ltr'><strong>cedere</strong></span> <span class='ocrx_word' id='word_1_400' title='bbox 2991 3165 3434 3217; x_wconf 86' lang='lat' dir='ltr'><strong>mortuorum:</strong></span> <span class='ocrx_word' id='word_1_401' title='bbox 3476 3173 3611 3218; x_wconf 88' lang='lat' dir='ltr'><strong>mo-</strong></span> 
     </span>
    </p>
   </div>
   <div class='ocr_carea' id='block_1_36' title="bbox 368 3229 3607 3313">
    <p class='ocr_par' dir='ltr' id='par_1_36' title="bbox 368 3229 3607 3313">
     <span class='ocr_line' id='line_1_36' title="bbox 368 3229 3607 3313; baseline 0 -16"><span class='ocrx_word' id='word_1_402' title='bbox 368 3237 533 3298; x_wconf 89' lang='lat' dir='ltr'><strong>rales</strong></span> <span class='ocrx_word' id='word_1_403' title='bbox 575 3251 724 3295; x_wconf 88' lang='lat' dir='ltr'><strong>vero</strong></span> <span class='ocrx_word' id='word_1_404' title='bbox 787 3231 1067 3292; x_wconf 80' lang='lat' dir='ltr'><strong>actiones</strong></span> <span class='ocrx_word' id='word_1_405' title='bbox 1113 3229 1450 3313; x_wconf 75' lang='lat' dir='ltr'><strong>hominum</strong></span> <span class='ocrx_word' id='word_1_406' title='bbox 1504 3248 2042 3313; x_wconf 80' lang='lat' dir='ltr'><strong>quorumcunque</strong></span> <span class='ocrx_word' id='word_1_407' title='bbox 2099 3234 2296 3294; x_wconf 77' lang='lat' dir='ltr'><strong>&quot;bonas</strong></span> <span class='ocrx_word' id='word_1_408' title='bbox 2367 3233 2551 3294; x_wconf 71' lang='lat' dir='ltr'><strong>habet</strong></span> <span class='ocrx_word' id='word_1_409' title='bbox 2619 3243 2675 3292; x_wconf 66' lang='lat' dir='ltr'><strong>et</strong></span> <span class='ocrx_word' id='word_1_410' title='bbox 2743 3237 3052 3310; x_wconf 80' lang='lat' dir='ltr'><strong>agnoscit.</strong></span> <span class='ocrx_word' id='word_1_411' title='bbox 3126 3237 3224 3313; x_wconf 86' lang='lat' dir='ltr'><strong>De</strong></span> <span class='ocrx_word' id='word_1_412' title='bbox 3266 3252 3607 3313; x_wconf 80' lang='lat' dir='ltr'><strong>corporum</strong></span> 
     </span>
    </p>
   </div>
   <div class='ocr_carea' id='block_1_37' title="bbox 370 3309 3604 3388">
    <p class='ocr_par' dir='ltr' id='par_1_37' title="bbox 370 3309 3604 3388">
     <span class='ocr_line' id='line_1_37' title="bbox 370 3309 3604 3388; baseline -0.001 -12"><span class='ocrx_word' id='word_1_413' title='bbox 370 3325 730 3377; x_wconf 88' lang='lat' dir='ltr'><strong>nostrorum</strong></span> <span class='ocrx_word' id='word_1_414' title='bbox 791 3309 1256 3388; x_wconf 80' lang='lat' dir='ltr'><strong>resurrectione</strong></span> <span class='ocrx_word' id='word_1_415' title='bbox 1314 3309 1551 3388; x_wconf 84' lang='lat' dir='ltr'><strong>diserte</strong></span> <span class='ocrx_word' id='word_1_416' title='bbox 1614 3311 1742 3384; x_wconf 84' lang='lat' dir='ltr'><strong>agit</strong></span> <span class='ocrx_word' id='word_1_417' title='bbox 1785 3327 1799 3368; x_wconf 90' lang='lat'><strong>:</strong></span> <span class='ocrx_word' id='word_1_418' title='bbox 1851 3311 2320 3372; x_wconf 79' lang='lat' dir='ltr'><strong>confessionem</strong></span> <span class='ocrx_word' id='word_1_419' title='bbox 2395 3309 2805 3388; x_wconf 80' lang='lat' dir='ltr'><strong>peccatorum</strong></span> <span class='ocrx_word' id='word_1_420' title='bbox 2855 3329 2977 3373; x_wconf 88' lang='lat' dir='ltr'><strong>non</strong></span> <span class='ocrx_word' id='word_1_421' title='bbox 3029 3311 3227 3373; x_wconf 88' lang='lat' dir='ltr'><strong>semel</strong></span> <span class='ocrx_word' id='word_1_422' title='bbox 3278 3309 3604 3387; x_wconf 77' lang='lat' dir='ltr'><strong>memorat,</strong></span> 
     </span>
    </p>
   </div>
   <div class='ocr_carea' id='block_1_38' title="bbox 369 3386 3608 3474">
    <p class='ocr_par' dir='ltr' id='par_1_38' title="bbox 369 3386 3608 3474">
     <span class='ocr_line' id='line_1_38' title="bbox 369 3386 3608 3474; baseline 0 -20"><span class='ocrx_word' id='word_1_423' title='bbox 369 3402 433 3454; x_wconf 90' lang='lat' dir='ltr'><strong>et</strong></span> <span class='ocrx_word' id='word_1_424' title='bbox 475 3389 974 3474; x_wconf 80' lang='lat' dir='ltr'><strong>consecrationis</strong></span> <span class='ocrx_word' id='word_1_425' title='bbox 1019 3389 1164 3474; x_wconf 78' lang='lat' dir='ltr'><strong>item</strong></span> <span class='ocrx_word' id='word_1_426' title='bbox 1203 3386 1539 3474; x_wconf 81' lang='lat' dir='ltr'><strong>formulam</strong></span> <span class='ocrx_word' id='word_1_427' title='bbox 1586 3387 1792 3460; x_wconf 84' lang='lat' dir='ltr'><strong>eﬂ&#39;ert,</strong></span> <span class='ocrx_word' id='word_1_428' title='bbox 1826 3388 2076 3465; x_wconf 90' lang='lat' dir='ltr'><strong>qualem</strong></span> <span class='ocrx_word' id='word_1_429' title='bbox 2111 3390 2176 3474; x_wconf 89' lang='lat' dir='ltr'><strong>in</strong></span> <span class='ocrx_word' id='word_1_430' title='bbox 2216 3386 2920 3474; x_wconf 72' lang='lat' dir='ltr'><strong>Grtecbrum_Liturgiis</strong></span> <span class='ocrx_word' id='word_1_431' title='bbox 2972 3390 3284 3474; x_wconf 83' lang='lat' dir='ltr'><strong>legimus._</strong></span> <span class='ocrx_word' id='word_1_432' title='bbox 3319 3393 3608 3474; x_wconf 66' lang='lat' dir='ltr'><strong>Danielis</strong></span> 
     </span>
    </p>
   </div>
   <div class='ocr_carea' id='block_1_39' title="bbox 370 3465 3605 3545">
    <p class='ocr_par' dir='ltr' id='par_1_39' title="bbox 370 3465 3605 3545">
     <span class='ocr_line' id='line_1_39' title="bbox 370 3465 3605 3545; baseline 0 -13"><span class='ocrx_word' id='word_1_433' title='bbox 370 3480 431 3531; x_wconf 90' lang='lat' dir='ltr'><strong>et</strong></span> <span class='ocrx_word' id='word_1_434' title='bbox 485 3473 789 3532; x_wconf 78' lang='lat' dir='ltr'><strong>Susannae</strong></span> <span class='ocrx_word' id='word_1_435' title='bbox 837 3465 1165 3545; x_wconf 88' lang='lat' dir='ltr'><strong>historiam</strong></span> <span class='ocrx_word' id='word_1_436' title='bbox 1207 3465 1634 3525; x_wconf 84' lang='lat' dir='ltr'><strong>authenticam</strong></span> <span class='ocrx_word' id='word_1_437' title='bbox 1682 3484 1750 3545; x_wconf 86' lang='lat' dir='ltr'><strong>se</strong></span> <span class='ocrx_word' id='word_1_438' title='bbox 1808 3477 2028 3543; x_wconf 89' lang='lat' dir='ltr'><strong>putare</strong></span> <span class='ocrx_word' id='word_1_439' title='bbox 2091 3471 2497 3530; x_wconf 84' lang='lat' dir='ltr'><strong>demonstrat.</strong></span> <span class='ocrx_word' id='word_1_440' title='bbox 2559 3465 2891 3530; x_wconf 58' lang='lat' dir='ltr'><strong>Haereticis</strong></span> <span class='ocrx_word' id='word_1_441' title='bbox 2959 3465 3214 3544; x_wconf 81' lang='lat' dir='ltr'><strong>semper</strong></span> <span class='ocrx_word' id='word_1_442' title='bbox 3270 3470 3605 3545; x_wconf 80' lang='lat' dir='ltr'><strong>infensus,</strong></span> 
     </span>
    </p>
   </div>
   <div class='ocr_carea' id='block_1_40' title="bbox 369 3543 3607 3625">
    <p class='ocr_par' dir='ltr' id='par_1_40' title="bbox 369 3543 3607 3625">
     <span class='ocr_line' id='line_1_40' title="bbox 369 3543 3607 3625; baseline 0 -13"><span class='ocrx_word' id='word_1_443' title='bbox 369 3550 758 3612; x_wconf 89' lang='lat' dir='ltr'><strong>Eunomium</strong></span> <span class='ocrx_word' id='word_1_444' title='bbox 812 3547 876 3606; x_wconf 90' lang='lat' dir='ltr'><strong>in</strong></span> <span class='ocrx_word' id='word_1_445' title='bbox 931 3544 1152 3625; x_wconf 88' lang='lat' dir='ltr'><strong>primis</strong></span> <span class='ocrx_word' id='word_1_446' title='bbox 1196 3552 1256 3604; x_wconf 89' lang='lat' dir='ltr'><strong>et</strong></span> <span class='ocrx_word' id='word_1_447' title='bbox 1324 3545 1582 3625; x_wconf 80' lang='lat' dir='ltr'><strong>Aetium</strong></span> <span class='ocrx_word' id='word_1_448' title='bbox 1638 3543 1962 3623; x_wconf 83' lang='lat' dir='ltr'><strong>objurgat,</strong></span> <span class='ocrx_word' id='word_1_449' title='bbox 2012 3563 2392 3625; x_wconf 82' lang='lat' dir='ltr'><strong>erroresque</strong></span> <span class='ocrx_word' id='word_1_450' title='bbox 2437 3564 2658 3608; x_wconf 91' lang='lat' dir='ltr'><strong>eorum</strong></span> <span class='ocrx_word' id='word_1_451' title='bbox 2727 3547 2984 3609; x_wconf 80' lang='lat' dir='ltr'><strong>refellit.</strong></span> <span class='ocrx_word' id='word_1_452' title='bbox 3058 3543 3352 3610; x_wconf 63' lang='lat' dir='ltr'><strong>caelibem</strong></span> <span class='ocrx_word' id='word_1_453' title='bbox 3415 3543 3607 3613; x_wconf 84' lang='lat' dir='ltr'><strong>vitam</strong></span> 
     </span>
    </p>
   </div>
   <div class='ocr_carea' id='block_1_41' title="bbox 366 3623 3603 3706">
    <p class='ocr_par' dir='ltr' id='par_1_41' title="bbox 366 3623 3603 3706">
     <span class='ocr_line' id='line_1_41' title="bbox 366 3623 3603 3706; baseline 0 -18"><span class='ocrx_word' id='word_1_454' title='bbox 366 3627 639 3698; x_wconf 83' lang='lat' dir='ltr'><strong>extollit,</strong></span> <span class='ocrx_word' id='word_1_455' title='bbox 687 3633 748 3686; x_wconf 92' lang='lat' dir='ltr'><strong>et</strong></span> <span class='ocrx_word' id='word_1_456' title='bbox 800 3623 1062 3684; x_wconf 90' lang='lat' dir='ltr'><strong>Paulum</strong></span> <span class='ocrx_word' id='word_1_457' title='bbox 1110 3630 1300 3699; x_wconf 86' lang='lat' dir='ltr'><strong>atque</strong></span> <span class='ocrx_word' id='word_1_458' title='bbox 1351 3623 1700 3706; x_wconf 83' lang='lat' dir='ltr'><strong>Antonium</strong></span> <span class='ocrx_word' id='word_1_459' title='bbox 1756 3641 2016 3706; x_wconf 84' lang='lat' dir='ltr'><strong>magnos</strong></span> <span class='ocrx_word' id='word_1_460' title='bbox 2066 3623 2669 3706; x_wconf 29' lang='lat' dir='ltr'><strong>illos‘e‘nechoretas</strong></span> <span class='ocrx_word' id='word_1_461' title='bbox 2725 3628 3169 3706; x_wconf 68' lang='lat' dir='ltr'><strong>commendat.</strong></span> <span class='ocrx_word' id='word_1_462' title='bbox 3228 3627 3420 3706; x_wconf 68' lang='lat' dir='ltr'><strong>Usum</strong></span> <span class='ocrx_word' id='word_1_463' title='bbox 3458 3646 3603 3706; x_wconf 88' lang='lat' dir='ltr'><strong>pre-</strong></span> 
     </span>
    </p>
   </div>
   <div class='ocr_carea' id='block_1_42' title="bbox 367 3699 3609 3781">
    <p class='ocr_par' dir='ltr' id='par_1_42' title="bbox 367 3699 3609 3781">
     <span class='ocr_line' id='line_1_42' title="bbox 367 3699 3609 3781; baseline 0.001 -15"><span class='ocrx_word' id='word_1_464' title='bbox 367 3707 551 3767; x_wconf 87' lang='lat' dir='ltr'><strong>candi</strong></span> <span class='ocrx_word' id='word_1_465' title='bbox 603 3707 804 3765; x_wconf 89' lang='lat' dir='ltr'><strong>Deum</strong></span> <span class='ocrx_word' id='word_1_466' title='bbox 851 3708 993 3781; x_wconf 90' lang='lat' dir='ltr'><strong>ante</strong></span> <span class='ocrx_word' id='word_1_467' title='bbox 1029 3716 1361 3781; x_wconf 81' lang='lat' dir='ltr'><strong>egressum</strong></span> <span class='ocrx_word' id='word_1_468' title='bbox 1414 3717 1447 3758; x_wconf 82' lang='grc' dir='ltr'>θ</span> <span class='ocrx_word' id='word_1_469' title='bbox 1499 3701 1687 3781; x_wconf 86' lang='lat' dir='ltr'><strong>domo</strong></span> <span class='ocrx_word' id='word_1_470' title='bbox 1737 3699 2097 3763; x_wconf 71' lang='lat' dir='ltr'><strong>obtinuisse</strong></span> <span class='ocrx_word' id='word_1_471' title='bbox 2147 3699 2378 3764; x_wconf 89' lang='lat' dir='ltr'><strong>indicat</strong></span> <span class='ocrx_word' id='word_1_472' title='bbox 2414 3725 2428 3762; x_wconf 91' lang='lat'><strong>:</strong></span> <span class='ocrx_word' id='word_1_473' title='bbox 2463 3704 2805 3766; x_wconf 86' lang='lat' dir='ltr'><strong>conciones</strong></span> <span class='ocrx_word' id='word_1_474' title='bbox 2858 3706 2917 3764; x_wconf 91' lang='lat' dir='ltr'><strong>in</strong></span> <span class='ocrx_word' id='word_1_475' title='bbox 2953 3705 3210 3781; x_wconf 85' lang='lat' dir='ltr'><strong>templis</strong></span> <span class='ocrx_word' id='word_1_476' title='bbox 3243 3699 3511 3779; x_wconf 74' lang='lat' dir='ltr'><strong>habitas,</strong></span> <span class='ocrx_word' id='word_1_477' title='bbox 3545 3714 3609 3769; x_wconf 89' lang='lat' dir='ltr'><strong>et</strong></span> 
     </span>
    </p>
   </div>
   <div class='ocr_carea' id='block_1_43' title="bbox 367 3778 3606 3860">
    <p class='ocr_par' dir='ltr' id='par_1_43' title="bbox 367 3778 3606 3860">
     <span class='ocr_line' id='line_1_43' title="bbox 367 3778 3606 3860; baseline 0.001 -17"><span class='ocrx_word' id='word_1_478' title='bbox 367 3783 750 3860; x_wconf 89' lang='lat' dir='ltr'><strong>templorum</strong></span> <span class='ocrx_word' id='word_1_479' title='bbox 794 3778 996 3860; x_wconf 85' lang='lat' dir='ltr'><strong>moles</strong></span> <span class='ocrx_word' id='word_1_480' title='bbox 1043 3778 1288 3855; x_wconf 90' lang='lat' dir='ltr'><strong>ubique</strong></span> <span class='ocrx_word' id='word_1_481' title='bbox 1322 3779 1453 3860; x_wconf 91' lang='lat' dir='ltr'><strong>Deo</strong></span> <span class='ocrx_word' id='word_1_482' title='bbox 1489 3779 1615 3860; x_wconf 80' lang='lat' dir='ltr'><strong>u_ni_</strong></span> <span class='ocrx_word' id='word_1_483' title='bbox 1652 3781 1951 3840; x_wconf 86' lang='lat' dir='ltr'><strong>excitatas</strong></span> <span class='ocrx_word' id='word_1_484' title='bbox 1987 3782 2269 3841; x_wconf 86' lang='lat' dir='ltr'><strong>alIirmat.</strong></span> <span class='ocrx_word' id='word_1_485' title='bbox 2317 3785 2547 3842; x_wconf 86' lang='lat' dir='ltr'><strong>Jobum</strong></span> <span class='ocrx_word' id='word_1_486' title='bbox 2581 3783 2879 3843; x_wconf 87' lang='lat' dir='ltr'><strong>athletam</strong></span> <span class='ocrx_word' id='word_1_487' title='bbox 2928 3778 3182 3860; x_wconf 82' lang='lat' dir='ltr'><strong>pietatis</strong></span> <span class='ocrx_word' id='word_1_488' title='bbox 3227 3787 3426 3845; x_wconf 89' lang='lat' dir='ltr'><strong>multo</strong></span> <span class='ocrx_word' id='word_1_489' title='bbox 3459 3795 3606 3846; x_wconf 91' lang='lat' dir='ltr'><strong>ante</strong></span> 
     </span>
    </p>
   </div>
   <div class='ocr_carea' id='block_1_44' title="bbox 368 3856 3600 3938">
    <p class='ocr_par' dir='ltr' id='par_1_44' title="bbox 368 3856 3600 3938">
     <span class='ocr_line' id='line_1_44' title="bbox 368 3856 3600 3938; baseline 0 -15"><span class='ocrx_word' id='word_1_490' title='bbox 368 3856 769 3923; x_wconf 82' lang='lat' dir='ltr'><strong>Salomonem</strong></span> <span class='ocrx_word' id='word_1_491' title='bbox 821 3858 1070 3938; x_wconf 81' lang='lat' dir='ltr'><strong>vixisse</strong></span> <span class='ocrx_word' id='word_1_492' title='bbox 1105 3856 1481 3938; x_wconf 50' lang='lat' dir='ltr'><strong>censetide</strong></span> <span class='ocrx_word' id='word_1_493' title='bbox 1519 3856 1856 3938; x_wconf 81' lang='lat' dir='ltr'><strong>salomone</strong></span> <span class='ocrx_word' id='word_1_494' title='bbox 1891 3875 2039 3938; x_wconf 87' lang='lat' dir='ltr'><strong>vero</strong></span> <span class='ocrx_word' id='word_1_495' title='bbox 2071 3865 2282 3931; x_wconf 89' lang='lat' dir='ltr'><strong>sentit,</strong></span> <span class='ocrx_word' id='word_1_496' title='bbox 2327 3860 2701 3938; x_wconf 73' lang='lat' dir='ltr'><strong>paenituisse</strong></span> <span class='ocrx_word' id='word_1_497' title='bbox 2749 3878 2896 3921; x_wconf 89' lang='lat' dir='ltr'><strong>eum</strong></span> <span class='ocrx_word' id='word_1_498' title='bbox 2928 3856 3264 3922; x_wconf 58' lang='lat' dir='ltr'><strong>&#39;scelerum</strong></span> <span class='ocrx_word' id='word_1_499' title='bbox 3310 3880 3600 3933; x_wconf 84' lang='lat' dir='ltr'><strong>suorum,</strong></span> 
     </span>
    </p>
   </div>
   <div class='ocr_carea' id='block_1_45' title="bbox 368 3932 3603 4019">
    <p class='ocr_par' dir='ltr' id='par_1_45' title="bbox 368 3932 3603 4019">
     <span class='ocr_line' id='line_1_45' title="bbox 368 3932 3603 4019; baseline 0.001 -19"><span class='ocrx_word' id='word_1_500' title='bbox 368 3947 430 4019; x_wconf 78' lang='lat' dir='ltr'><strong>et</strong></span> <span class='ocrx_word' id='word_1_501' title='bbox 485 3949 626 4019; x_wconf 89' lang='lat' dir='ltr'><strong>post</strong></span> <span class='ocrx_word' id='word_1_502' title='bbox 671 3934 1177 4019; x_wconf 87' lang='lat' dir='ltr'><strong>resipiscentiam</strong></span> <span class='ocrx_word' id='word_1_503' title='bbox 1211 3933 1287 3994; x_wconf 92' lang='lat' dir='ltr'><strong>ad</strong></span> <span class='ocrx_word' id='word_1_504' title='bbox 1336 3932 1776 4019; x_wconf 74' lang='lat' dir='ltr'><strong>Ecclesiasten</strong></span> <span class='ocrx_word' id='word_1_505' title='bbox 1816 3937 2226 4019; x_wconf 79' lang='lat' dir='ltr'><strong>scribendum</strong></span> <span class='ocrx_word' id='word_1_506' title='bbox 2265 3932 2341 3998; x_wconf 59' lang='lat' dir='ltr'><strong>se&#39;</strong></span> <span class='ocrx_word' id='word_1_507' title='bbox 2367 3939 2743 4019; x_wconf 78' lang='lat' dir='ltr'><strong>contulisse.</strong></span> <span class='ocrx_word' id='word_1_508' title='bbox 2786 3938 3350 4019; x_wconf 71' lang='lat' dir='ltr'><strong>Meminitsaapius</strong></span> <span class='ocrx_word' id='word_1_509' title='bbox 3383 3932 3603 4004; x_wconf 86' lang='lat' dir='ltr'><strong>Jacobi</strong></span> 
     </span>
    </p>
   </div>
   <div class='ocr_carea' id='block_1_46' title="bbox 366 4011 3602 4096">
    <p class='ocr_par' dir='ltr' id='par_1_46' title="bbox 366 4011 3602 4096">
     <span class='ocr_line' id='line_1_46' title="bbox 366 4011 3602 4096; baseline 0.001 -18"><span class='ocrx_word' id='word_1_510' title='bbox 366 4011 579 4078; x_wconf 75' lang='lat' dir='ltr'><strong>fratris</strong></span> <span class='ocrx_word' id='word_1_511' title='bbox 624 4011 875 4096; x_wconf 88' lang='lat' dir='ltr'><strong>Domini</strong></span> <span class='ocrx_word' id='word_1_512' title='bbox 917 4013 1140 4083; x_wconf 90' lang='lat' dir='ltr'><strong>nostri,</strong></span> <span class='ocrx_word' id='word_1_513' title='bbox 1185 4028 1300 4071; x_wconf 89' lang='lat' dir='ltr'><strong>nec</strong></span> <span class='ocrx_word' id='word_1_514' title='bbox 1334 4011 1693 4096; x_wconf 86' lang='lat' dir='ltr'><strong>apostolum</strong></span> <span class='ocrx_word' id='word_1_515' title='bbox 1745 4013 1913 4075; x_wconf 84' lang='lat' dir='ltr'><strong>facit.</strong></span> <span class='ocrx_word' id='word_1_516' title='bbox 1962 4017 2231 4076; x_wconf 89' lang='lat' dir='ltr'><strong>Demum</strong></span> <span class='ocrx_word' id='word_1_517' title='bbox 2268 4026 2327 4077; x_wconf 91' lang='lat' dir='ltr'><strong>et</strong></span> <span class='ocrx_word' id='word_1_518' title='bbox 2374 4016 2631 4096; x_wconf 80' lang='lat' dir='ltr'><strong>proiana</strong></span> <span class='ocrx_word' id='word_1_519' title='bbox 2671 4018 2958 4096; x_wconf 55' lang='lat' dir='ltr'><strong>quaedam</strong></span> <span class='ocrx_word' id='word_1_520' title='bbox 3002 4011 3302 4096; x_wconf 84' lang='lat' dir='ltr'><strong>attingit:</strong></span> <span class='ocrx_word' id='word_1_521' title='bbox 3349 4037 3489 4080; x_wconf 88' lang='lat' dir='ltr'><strong>nam</strong></span> <span class='ocrx_word' id='word_1_522' title='bbox 3540 4029 3602 4082; x_wconf 88' lang='lat' dir='ltr'><strong>et</strong></span> 
     </span>
    </p>
   </div>
   <div class='ocr_carea' id='block_1_47' title="bbox 367 4089 3602 4168">
    <p class='ocr_par' dir='ltr' id='par_1_47' title="bbox 367 4089 3602 4168">
     <span class='ocr_line' id='line_1_47' title="bbox 367 4089 3602 4168; baseline 0 -10"><span class='ocrx_word' id='word_1_523' title='bbox 367 4107 741 4158; x_wconf 89' lang='lat' dir='ltr'><strong>eutonomas</strong></span> <span class='ocrx_word' id='word_1_524' title='bbox 776 4095 966 4155; x_wconf 90' lang='lat' dir='ltr'><strong>urbes</strong></span> <span class='ocrx_word' id='word_1_525' title='bbox 1001 4106 1348 4168; x_wconf 88' lang='lat' dir='ltr'><strong>earumque</strong></span> <span class='ocrx_word' id='word_1_526' title='bbox 1379 4089 1797 4166; x_wconf 87' lang='lat' dir='ltr'><strong>psephismate</strong></span> <span class='ocrx_word' id='word_1_527' title='bbox 1824 4104 2293 4163; x_wconf 80' lang='lat' dir='ltr'><strong>commemorat,</strong></span> <span class='ocrx_word' id='word_1_528' title='bbox 2324 4089 2386 4154; x_wconf 72' lang='lat' dir='ltr'><strong>cf</strong></span> <span class='ocrx_word' id='word_1_529' title='bbox 2415 4089 2720 4154; x_wconf 78' lang='lat' dir='ltr'><strong>militares</strong></span> <span class='ocrx_word' id='word_1_530' title='bbox 2762 4094 3081 4156; x_wconf 90' lang='lat' dir='ltr'><strong>machinas</strong></span> <span class='ocrx_word' id='word_1_531' title='bbox 3115 4089 3602 4160; x_wconf 61' lang='lat' dir='ltr'><strong>et&#39;desultorum</strong></span> 
     </span>
    </p>
   </div>
   <div class='ocr_carea' id='block_1_48' title="bbox 368 4169 3599 4250">
    <p class='ocr_par' dir='ltr' id='par_1_48' title="bbox 368 4169 3599 4250">
     <span class='ocr_line' id='line_1_48' title="bbox 368 4169 3599 4250; baseline 0 -15"><span class='ocrx_word' id='word_1_532' title='bbox 368 4175 788 4238; x_wconf 89' lang='lat' dir='ltr'><strong>decursiones</strong></span> <span class='ocrx_word' id='word_1_533' title='bbox 837 4194 851 4233; x_wconf 89' lang='lat'><strong>:</strong></span> <span class='ocrx_word' id='word_1_534' title='bbox 905 4179 1039 4250; x_wconf 91' lang='lat' dir='ltr'><strong>tum</strong></span> <span class='ocrx_word' id='word_1_535' title='bbox 1091 4178 1389 4250; x_wconf 21' lang='lat' dir='ltr'><strong>et‘quam</strong></span> <span class='ocrx_word' id='word_1_536' title='bbox 1437 4169 1726 4244; x_wconf 90' lang='lat' dir='ltr'><strong>plumbei</strong></span> <span class='ocrx_word' id='word_1_537' title='bbox 1774 4171 2205 4250; x_wconf 15' lang='lat' dir='ltr'><strong>etiamtumnin</strong></span> <span class='ocrx_word' id='word_1_538' title='bbox 2248 4172 2534 4250; x_wconf 74' lang='lat' dir='ltr'><strong>physicis</strong></span> <span class='ocrx_word' id='word_1_539' title='bbox 2589 4181 2803 4233; x_wconf 89' lang='lat' dir='ltr'><strong>essent</strong></span> <span class='ocrx_word' id='word_1_540' title='bbox 2857 4171 3246 4250; x_wconf 62' lang='lat' dir='ltr'><strong>philosoiilii,</strong></span> <span class='ocrx_word' id='word_1_541' title='bbox 3303 4178 3599 4249; x_wconf 83' lang='lat' dir='ltr'><strong>declarat,</strong></span> 
     </span>
    </p>
   </div>
   <div class='ocr_carea' id='block_1_49' title="bbox 366 4247 3598 4334">
    <p class='ocr_par' dir='ltr' id='par_1_49' title="bbox 366 4247 3598 4334">
     <span class='ocr_line' id='line_1_49' title="bbox 366 4247 3598 4334; baseline 0.002 -23"><span class='ocrx_word' id='word_1_542' title='bbox 366 4253 711 4334; x_wconf 75' lang='lat' dir='ltr'><strong>opiniones</strong></span> <span class='ocrx_word' id='word_1_543' title='bbox 743 4255 821 4311; x_wconf 90' lang='lat' dir='ltr'><strong>de</strong></span> <span class='ocrx_word' id='word_1_544' title='bbox 857 4249 1016 4334; x_wconf 78' lang='lat' dir='ltr'><strong>solis</strong></span> <span class='ocrx_word' id='word_1_545' title='bbox 1053 4247 1253 4334; x_wconf 75' lang='lat' dir='ltr'><strong>orbita</strong></span> <span class='ocrx_word' id='word_1_546' title='bbox 1283 4261 1699 4334; x_wconf 31' lang='lat' dir='ltr'><strong>recensens,‘</strong></span> <span class='ocrx_word' id='word_1_547' title='bbox 1729 4265 1874 4326; x_wconf 68' lang='lat' dir='ltr'><strong>quea</strong></span> <span class='ocrx_word' id='word_1_548' title='bbox 1921 4257 2052 4334; x_wconf 80' lang='lat' dir='ltr'><strong>tum</strong></span> <span class='ocrx_word' id='word_1_549' title='bbox 2103 4247 2473 4334; x_wconf 79' lang='lat' dir='ltr'><strong>ferebantur</strong></span> <span class='ocrx_word' id='word_1_550' title='bbox 2521 4271 2534 4310; x_wconf 93' lang='lat'><strong>:</strong></span> <span class='ocrx_word' id='word_1_551' title='bbox 2592 4260 2652 4334; x_wconf 87' lang='lat' dir='ltr'><strong>et</strong></span> <span class='ocrx_word' id='word_1_552' title='bbox 2703 4247 3008 4334; x_wconf 82' lang='lat' dir='ltr'><strong>epocham</strong></span> <span class='ocrx_word' id='word_1_553' title='bbox 3049 4247 3383 4334; x_wconf 80' lang='lat' dir='ltr'><strong>quamdam</strong></span> <span class='ocrx_word' id='word_1_554' title='bbox 3425 4247 3598 4334; x_wconf 55' lang='lat' dir='ltr'><strong>ceieé</strong></span> 
     </span>
    </p>
   </div>
   <div class='ocr_carea' id='block_1_50' title="bbox 365 4323 3602 4409">
    <p class='ocr_par' dir='ltr' id='par_1_50' title="bbox 365 4323 3602 4409">
     <span class='ocr_line' id='line_1_50' title="bbox 365 4323 3602 4409; baseline 0.001 -19"><span class='ocrx_word' id='word_1_555' title='bbox 365 4323 584 4403; x_wconf 79' lang='lat' dir='ltr'><strong>brans,</strong></span> <span class='ocrx_word' id='word_1_556' title='bbox 627 4345 818 4409; x_wconf 88' lang='lat' dir='ltr'><strong>quam</strong></span> <span class='ocrx_word' id='word_1_557' title='bbox 856 4323 1296 4409; x_wconf 78' lang='lat' dir='ltr'><strong>mathematici</strong></span> <span class='ocrx_word' id='word_1_558' title='bbox 1349 4323 1489 4398; x_wconf 88' lang='lat' dir='ltr'><strong>ejus</strong></span> <span class='ocrx_word' id='word_1_559' title='bbox 1524 4323 2046 4409; x_wconf 46' lang='lat' dir='ltr'><strong>ietetis&#39;tertiam</strong></span> <span class='ocrx_word' id='word_1_560' title='bbox 2108 4328 2451 4409; x_wconf 84' lang='lat' dir='ltr'><strong>motionem</strong></span> <span class='ocrx_word' id='word_1_561' title='bbox 2502 4323 2890 4409; x_wconf 83' lang='lat' dir='ltr'><strong>periodicam</strong></span> <span class='ocrx_word' id='word_1_562' title='bbox 2953 4323 3376 4407; x_wconf 76' lang='lat' dir='ltr'><strong>appellabant.</strong></span> <span class='ocrx_word' id='word_1_563' title='bbox 3416 4333 3602 4394; x_wconf 88' lang='lat' dir='ltr'><strong>Mitto</strong></span> 
     </span>
    </p>
   </div>
   <div class='ocr_carea' id='block_1_51' title="bbox 363 4403 3599 4488">
    <p class='ocr_par' dir='ltr' id='par_1_51' title="bbox 363 4403 3599 4488">
     <span class='ocr_line' id='line_1_51' title="bbox 363 4403 3599 4488; baseline 0.001 -17"><span class='ocrx_word' id='word_1_564' title='bbox 363 4420 615 4479; x_wconf 63' lang='lat' dir='ltr'><strong>cetera,</strong></span> <span class='ocrx_word' id='word_1_565' title='bbox 649 4403 812 4488; x_wconf 55' lang='lat' dir='ltr'><strong>&#39;qnaa</strong></span> <span class='ocrx_word' id='word_1_566' title='bbox 854 4405 1092 4488; x_wconf 80' lang='lat' dir='ltr'><strong>leviora</strong></span> <span class='ocrx_word' id='word_1_567' title='bbox 1140 4403 1462 4488; x_wconf 85' lang='lat' dir='ltr'><strong>videntu_r.</strong></span> <span class='ocrx_word' id='word_1_568' title='bbox 1495 4403 1639 4488; x_wconf 81' lang='lat' dir='ltr'><strong>__Sed</strong></span> <span class='ocrx_word' id='word_1_569' title='bbox 1685 4406 1795 4488; x_wconf 91' lang='lat' dir='ltr'><strong>qui</strong></span> <span class='ocrx_word' id='word_1_570' title='bbox 1836 4405 2118 4488; x_wconf 89' lang='lat' dir='ltr'><strong>animum</strong></span> <span class='ocrx_word' id='word_1_571' title='bbox 2145 4409 2244 4488; x_wconf 86' lang='lat' dir='ltr'><strong>ad</strong></span> <span class='ocrx_word' id='word_1_572' title='bbox 2303 4403 2637 4488; x_wconf 73' lang='lat' dir='ltr'><strong>iectioiiem</strong></span> <span class='ocrx_word' id='word_1_573' title='bbox 2687 4403 3070 4488; x_wconf 80' lang='lat' dir='ltr'><strong>applicuerit</strong></span> <span class='ocrx_word' id='word_1_574' title='bbox 3099 4455 3114 4482; x_wconf 89' lang='lat'><strong>,</strong></span> <span class='ocrx_word' id='word_1_575' title='bbox 3166 4410 3313 4482; x_wconf 92' lang='lat' dir='ltr'><strong>alia,</strong></span> <span class='ocrx_word' id='word_1_576' title='bbox 3345 4411 3599 4486; x_wconf 79' lang='lat' dir='ltr'><strong>Opinor,</strong></span> 
     </span>
    </p>
   </div>
   <div class='ocr_carea' id='block_1_52' title="bbox 364 4478 3516 4564">
    <p class='ocr_par' dir='ltr' id='par_1_52' title="bbox 364 4478 3516 4564">
     <span class='ocr_line' id='line_1_52' title="bbox 364 4478 3516 4564; baseline 0 -14"><span class='ocrx_word' id='word_1_577' title='bbox 364 4478 1075 4564; x_wconf 63' lang='lat' dir='ltr'><strong>extundet&#39;complure,</strong></span> <span class='ocrx_word' id='word_1_578' title='bbox 1116 4498 1261 4562; x_wconf 56' lang='lat' dir='ltr'><strong>quae</strong></span> <span class='ocrx_word' id='word_1_579' title='bbox 1303 4478 2072 4564; x_wconf 61' lang='lat' dir='ltr'><strong>catholica;potissimum</strong></span> <span class='ocrx_word' id='word_1_580' title='bbox 2118 4485 2424 4546; x_wconf 80' lang='lat' dir='ltr'><strong>doctrinae</strong></span> <span class='ocrx_word' id='word_1_581' title='bbox 2463 4478 2860 4564; x_wconf 64' lang='lat' dir='ltr'><strong>illustrandae</strong></span> <span class='ocrx_word' id='word_1_582' title='bbox 2897 4478 3202 4560; x_wconf 82' lang='lat' dir='ltr'><strong>prodesse</strong></span> <span class='ocrx_word' id='word_1_583' title='bbox 3247 4478 3516 4564; x_wconf 71' lang='lat' dir='ltr'><strong>possint.</strong></span> 
     </span>
    </p>
   </div>
   <div class='ocr_carea' id='block_1_53' title="bbox 441 4558 3602 4646">
    <p class='ocr_par' dir='ltr' id='par_1_53' title="bbox 441 4558 3602 4646">
     <span class='ocr_line' id='line_1_53' title="bbox 441 4558 3602 4646; baseline -0 -19"><span class='ocrx_word' id='word_1_584' title='bbox 441 4569 632 4628; x_wconf 85' lang='lat' dir='ltr'><strong>Porro</strong></span> <span class='ocrx_word' id='word_1_585' title='bbox 668 4558 1441 4646; x_wconf 48' lang='lat' dir='ltr'><strong>tetum&#39;Comméntarium</strong></span> <span class='ocrx_word' id='word_1_586' title='bbox 1486 4560 1717 4621; x_wconf 89' lang='lat' dir='ltr'><strong>dividit</strong></span> <span class='ocrx_word' id='word_1_587' title='bbox 1754 4564 2102 4646; x_wconf 68' lang='lat' dir='ltr'><strong>Gregorius</strong></span> <span class='ocrx_word' id='word_1_588' title='bbox 2143 4563 2207 4624; x_wconf 90' lang='lat' dir='ltr'><strong>in</strong></span> <span class='ocrx_word' id='word_1_589' title='bbox 2252 4566 2469 4624; x_wconf 89' lang='lat' dir='ltr'><strong>decem</strong></span> <span class='ocrx_word' id='word_1_590' title='bbox 2507 4563 2720 4646; x_wconf 60' lang='lat' dir='ltr'><strong>Mirans,</strong></span> <span class='ocrx_word' id='word_1_591' title='bbox 2761 4558 2925 4641; x_wconf 85' lang='lat' dir='ltr'><strong>quos</strong></span> <span class='ocrx_word' id='word_1_592' title='bbox 2960 4582 3078 4642; x_wconf 83' lang='lat' dir='ltr'><strong>ego</strong></span> <span class='ocrx_word' id='word_1_593' title='bbox 3122 4558 3343 4646; x_wconf 73' lang='lat' dir='ltr'><strong>Libros</strong></span> <span class='ocrx_word' id='word_1_594' title='bbox 3373 4567 3602 4644; x_wconf 87' lang='lat' dir='ltr'><strong>appel-</strong></span> 
     </span>
    </p>
   </div>
   <div class='ocr_carea' id='block_1_54' title="bbox 364 4642 3604 4721">
    <p class='ocr_par' dir='ltr' id='par_1_54' title="bbox 364 4642 3604 4721">
     <span class='ocr_line' id='line_1_54' title="bbox 364 4642 3604 4721; baseline -0 -13"><span class='ocrx_word' id='word_1_595' title='bbox 364 4644 592 4708; x_wconf 86' lang='lat' dir='ltr'><strong>landos</strong></span> <span class='ocrx_word' id='word_1_596' title='bbox 635 4642 911 4721; x_wconf 88' lang='lat' dir='ltr'><strong>censui:</strong></span> <span class='ocrx_word' id='word_1_597' title='bbox 958 4657 1098 4721; x_wconf 87' lang='lat' dir='ltr'><strong>nam</strong></span> <span class='ocrx_word' id='word_1_598' title='bbox 1141 4655 1218 4700; x_wconf 91' lang='lat' dir='ltr'><strong>eo</strong></span> <span class='ocrx_word' id='word_1_599' title='bbox 1263 4642 1452 4721; x_wconf 68' lang='lat' dir='ltr'><strong>etiam</strong></span> <span class='ocrx_word' id='word_1_600' title='bbox 1493 4654 1698 4721; x_wconf 88' lang='lat' dir='ltr'><strong>_sensu</strong></span> <span class='ocrx_word' id='word_1_601' title='bbox 1751 4643 1945 4721; x_wconf 73' lang='lat' dir='ltr'><strong>Graaci</strong></span> <span class='ocrx_word' id='word_1_602' title='bbox 1993 4659 2128 4702; x_wconf 88' lang='lat' dir='ltr'><strong>eam</strong></span> <span class='ocrx_word' id='word_1_603' title='bbox 2182 4659 2398 4721; x_wconf 83' lang='lat' dir='ltr'><strong>vocem</strong></span> <span class='ocrx_word' id='word_1_604' title='bbox 2456 4644 2884 4718; x_wconf 85' lang='lat' dir='ltr'><strong>usurpabant,</strong></span> <span class='ocrx_word' id='word_1_605' title='bbox 2943 4647 3032 4721; x_wconf 85' lang='lat' dir='ltr'><strong>uti</strong></span> <span class='ocrx_word' id='word_1_606' title='bbox 3089 4653 3229 4721; x_wconf 87' lang='lat' dir='ltr'><strong>post</strong></span> <span class='ocrx_word' id='word_1_607' title='bbox 3280 4642 3604 4707; x_wconf 56' lang='lat' dir='ltr'><strong>alioS&#39;ed-</strong></span> 
     </span>
    </p>
   </div>
   <div class='ocr_carea' id='block_1_55' title="bbox 364 4716 3606 4804">
    <p class='ocr_par' dir='ltr' id='par_1_55' title="bbox 364 4716 3606 4804">
     <span class='ocr_line' id='line_1_55' title="bbox 364 4716 3606 4804; baseline -0.001 -18"><span class='ocrx_word' id='word_1_608' title='bbox 364 4723 612 4786; x_wconf 86' lang='lat' dir='ltr'><strong>notavit</strong></span> <span class='ocrx_word' id='word_1_609' title='bbox 658 4719 1177 4804; x_wconf 78' lang='lat' dir='ltr'><strong>Montfauconius</strong></span> <span class='ocrx_word' id='word_1_610' title='bbox 1236 4727 1298 4777; x_wconf 89' lang='lat' dir='ltr'><strong>et</strong></span> <span class='ocrx_word' id='word_1_611' title='bbox 1358 4716 1684 4804; x_wconf 64' lang='lat' dir='ltr'><strong>Bue-herus</strong></span> <span class='ocrx_word' id='word_1_612' title='bbox 1733 4720 1879 4804; x_wconf 27' lang='lat'><strong>(3.3).</strong></span> <span class='ocrx_word' id='word_1_613' title='bbox 1940 4722 2088 4804; x_wconf 48' lang='lat' dir='ltr'><strong>Nec</strong></span> <span class='ocrx_word' id='word_1_614' title='bbox 2127 4739 2276 4780; x_wconf 79' lang='lat' dir='ltr'><strong>vero</strong></span> <span class='ocrx_word' id='word_1_615' title='bbox 2316 4716 2662 4804; x_wconf 24' lang='lat' dir='ltr'><strong>“Orationes</strong></span> <span class='ocrx_word' id='word_1_616' title='bbox 2717 4721 2862 4804; x_wconf 76' lang='lat' dir='ltr'><strong>dici</strong></span> <span class='ocrx_word' id='word_1_617' title='bbox 2909 4716 3258 4804; x_wconf 78' lang='lat' dir='ltr'><strong>debebant,</strong></span> <span class='ocrx_word' id='word_1_618' title='bbox 3302 4739 3444 4782; x_wconf 89' lang='lat' dir='ltr'><strong>cum</strong></span> <span class='ocrx_word' id='word_1_619' title='bbox 3501 4725 3606 4784; x_wconf 77' lang='lat' dir='ltr'><strong>in-</strong></span> 
     </span>
    </p>
   </div>
   <div class='ocr_carea' id='block_1_56' title="bbox 364 4797 3601 4878">
    <p class='ocr_par' dir='ltr' id='par_1_56' title="bbox 364 4797 3601 4878">
     <span class='ocr_line' id='line_1_56' title="bbox 364 4797 3601 4878; baseline -0.001 -13"><span class='ocrx_word' id='word_1_620' title='bbox 364 4803 608 4866; x_wconf 91' lang='lat' dir='ltr'><strong>dicium</strong></span> <span class='ocrx_word' id='word_1_621' title='bbox 655 4801 723 4860; x_wconf 91' lang='lat' dir='ltr'><strong>in</strong></span> <span class='ocrx_word' id='word_1_622' title='bbox 775 4815 968 4876; x_wconf 82' lang='lat' dir='ltr'><strong>Opere</strong></span> <span class='ocrx_word' id='word_1_623' title='bbox 1019 4797 1273 4858; x_wconf 90' lang='lat' dir='ltr'><strong>nullum</strong></span> <span class='ocrx_word' id='word_1_624' title='bbox 1325 4797 1440 4865; x_wconf 82' lang='lat' dir='ltr'><strong>sit,</strong></span> <span class='ocrx_word' id='word_1_625' title='bbox 1503 4797 1674 4858; x_wconf 91' lang='lat' dir='ltr'><strong>unde</strong></span> <span class='ocrx_word' id='word_1_626' title='bbox 1736 4797 1931 4860; x_wconf 85' lang='lat' dir='ltr'><strong>libros</strong></span> <span class='ocrx_word' id='word_1_627' title='bbox 1981 4798 2355 4877; x_wconf 86' lang='lat' dir='ltr'><strong>hujusmodi</strong></span> <span class='ocrx_word' id='word_1_628' title='bbox 2411 4816 2619 4858; x_wconf 90' lang='lat' dir='ltr'><strong>coram</strong></span> <span class='ocrx_word' id='word_1_629' title='bbox 2672 4799 2910 4876; x_wconf 86' lang='lat' dir='ltr'><strong>populo</strong></span> <span class='ocrx_word' id='word_1_630' title='bbox 2960 4800 3406 4878; x_wconf 77' lang='lat' dir='ltr'><strong>pronuntiatus</strong></span> <span class='ocrx_word' id='word_1_631' title='bbox 3457 4819 3601 4864; x_wconf 87' lang='lat' dir='ltr'><strong>esse</strong></span> 
     </span>
    </p>
   </div>
   <div class='ocr_carea' id='block_1_57' title="bbox 363 4882 828 4958">
    <p class='ocr_par' dir='ltr' id='par_1_57' title="bbox 363 4882 828 4958">
     <span class='ocr_line' id='line_1_57' title="bbox 363 4882 828 4958; baseline -0.009 -15"><span class='ocrx_word' id='word_1_632' title='bbox 363 4882 828 4958; x_wconf 83' lang='lat' dir='ltr'><strong>intelligamus.</strong></span> 
     </span>
    </p>
   </div>
   <div class='ocr_carea' id='block_1_58' title="bbox 445 4982 3598 5062">
    <p class='ocr_par' dir='ltr' id='par_1_58' title="bbox 445 4982 3598 5062">
     <span class='ocr_line' id='line_1_58' title="bbox 445 4982 3598 5062; baseline -0.001 -17"><span class='ocrx_word' id='word_1_633' title='bbox 445 4985 610 5046; x_wconf 84' lang='lat' dir='ltr'><strong>Vlll.</strong></span> <span class='ocrx_word' id='word_1_634' title='bbox 649 4985 895 5062; x_wconf 80' lang='lat' dir='ltr'><strong>Restat,</strong></span> <span class='ocrx_word' id='word_1_635' title='bbox 933 4989 1003 5043; x_wconf 90' lang='lat' dir='ltr'><strong>ut</strong></span> <span class='ocrx_word' id='word_1_636' title='bbox 1035 4996 1286 5062; x_wconf 77' lang='lat' dir='ltr'><strong>causam</strong></span> <span class='ocrx_word' id='word_1_637' title='bbox 1336 4997 1595 5062; x_wconf 87' lang='lat' dir='ltr'><strong>quoque</strong></span> <span class='ocrx_word' id='word_1_638' title='bbox 1646 4988 2025 5062; x_wconf 88' lang='lat' dir='ltr'><strong>scrutemur,</strong></span> <span class='ocrx_word' id='word_1_639' title='bbox 2069 4999 2267 5062; x_wconf 88' lang='lat' dir='ltr'><strong>quare</strong></span> <span class='ocrx_word' id='word_1_640' title='bbox 2306 4983 2683 5060; x_wconf 82' lang='lat' dir='ltr'><strong>Gregorius,</strong></span> <span class='ocrx_word' id='word_1_641' title='bbox 2730 4999 2874 5042; x_wconf 93' lang='lat' dir='ltr'><strong>cum</strong></span> <span class='ocrx_word' id='word_1_642' title='bbox 2924 4982 3273 5044; x_wconf 86' lang='lat' dir='ltr'><strong>Ecclesiam</strong></span> <span class='ocrx_word' id='word_1_643' title='bbox 3311 4982 3598 5043; x_wconf 89' lang='lat' dir='ltr'><strong>Latinam</strong></span> 
     </span>
    </p>
   </div>
   <div class='ocr_carea' id='block_1_59' title="bbox 364 5059 3597 5142">
    <p class='ocr_par' dir='ltr' id='par_1_59' title="bbox 364 5059 3597 5142">
     <span class='ocr_line' id='line_1_59' title="bbox 364 5059 3597 5142; baseline -0.002 -18"><span class='ocrx_word' id='word_1_644' title='bbox 364 5071 738 5142; x_wconf 81' lang='lat' dir='ltr'><strong>regeret,ac</strong></span> <span class='ocrx_word' id='word_1_645' title='bbox 772 5061 991 5142; x_wconf 81' lang='lat' dir='ltr'><strong>Latino</strong></span> <span class='ocrx_word' id='word_1_646' title='bbox 1028 5061 1152 5142; x_wconf 83' lang='lat' dir='ltr'><strong>ritu</strong></span> <span class='ocrx_word' id='word_1_647' title='bbox 1192 5059 1392 5142; x_wconf 77' lang='lat' dir='ltr'><strong>factus</strong></span> <span class='ocrx_word' id='word_1_648' title='bbox 1427 5061 1769 5142; x_wconf 80' lang='lat' dir='ltr'><strong>epis_c0pus</strong></span> <span class='ocrx_word' id='word_1_649' title='bbox 1812 5061 2023 5142; x_wconf 81' lang='lat' dir='ltr'><strong>Latina</strong></span> <span class='ocrx_word' id='word_1_650' title='bbox 2063 5059 2326 5142; x_wconf 81' lang='lat' dir='ltr'><strong>tractare</strong></span> <span class='ocrx_word' id='word_1_651' title='bbox 2372 5059 2655 5142; x_wconf 82' lang='lat' dir='ltr'><strong>deberet,</strong></span> <span class='ocrx_word' id='word_1_652' title='bbox 2707 5063 2920 5123; x_wconf 68' lang='lat' dir='ltr'><strong>Graace</strong></span> <span class='ocrx_word' id='word_1_653' title='bbox 2955 5061 3192 5142; x_wconf 77' lang='lat' dir='ltr'><strong>potius,</strong></span> <span class='ocrx_word' id='word_1_654' title='bbox 3248 5077 3440 5142; x_wconf 82' lang='lat' dir='ltr'><strong>quem</strong></span> <span class='ocrx_word' id='word_1_655' title='bbox 3475 5062 3597 5119; x_wconf 88' lang='lat' dir='ltr'><strong>La-</strong></span> 
     </span>
    </p>
   </div>
   <div class='ocr_carea' id='block_1_60' title="bbox 361 5137 3599 5217">
    <p class='ocr_par' dir='ltr' id='par_1_60' title="bbox 361 5137 3599 5217">
     <span class='ocr_line' id='line_1_60' title="bbox 361 5137 3599 5217; baseline -0.001 -15"><span class='ocrx_word' id='word_1_656' title='bbox 361 5137 494 5202; x_wconf 60' lang='lat' dir='ltr'><strong>tin&#39;e</strong></span> <span class='ocrx_word' id='word_1_657' title='bbox 535 5139 884 5217; x_wconf 89' lang='lat' dir='ltr'><strong>scripserit.</strong></span> <span class='ocrx_word' id='word_1_658' title='bbox 929 5140 1224 5199; x_wconf 83' lang='lat' dir='ltr'><strong>Nondum</strong></span> <span class='ocrx_word' id='word_1_659' title='bbox 1262 5137 1502 5217; x_wconf 80' lang='lat' dir='ltr'><strong>quippe</strong></span> <span class='ocrx_word' id='word_1_660' title='bbox 1542 5138 1774 5197; x_wconf 79' lang='lat' dir='ltr'><strong>Graecis</strong></span> <span class='ocrx_word' id='word_1_661' title='bbox 1815 5139 2211 5200; x_wconf 53' lang='lat' dir='ltr'><strong>adhaeserant</strong></span> <span class='ocrx_word' id='word_1_662' title='bbox 2253 5139 2449 5200; x_wconf 85' lang='lat' dir='ltr'><strong>Siculi</strong></span> <span class='ocrx_word' id='word_1_663' title='bbox 2502 5141 2814 5217; x_wconf 87' lang='lat' dir='ltr'><strong>episcopi,</strong></span> <span class='ocrx_word' id='word_1_664' title='bbox 2861 5149 2920 5199; x_wconf 91' lang='lat' dir='ltr'><strong>et</strong></span> <span class='ocrx_word' id='word_1_665' title='bbox 2963 5139 3225 5200; x_wconf 84' lang='lat' dir='ltr'><strong>Latinus</strong></span> <span class='ocrx_word' id='word_1_666' title='bbox 3265 5137 3599 5217; x_wconf 84' lang='lat' dir='ltr'><strong>etiamtum</strong></span> 
     </span>
    </p>
   </div>
   <div class='ocr_carea' id='block_1_61' title="bbox 361 5215 3602 5296">
    <p class='ocr_par' dir='ltr' id='par_1_61' title="bbox 361 5215 3602 5296">
     <span class='ocr_line' id='line_1_61' title="bbox 361 5215 3602 5296; baseline -0.001 -15"><span class='ocrx_word' id='word_1_667' title='bbox 361 5221 428 5282; x_wconf 88' lang='lat' dir='ltr'><strong>in</strong></span> <span class='ocrx_word' id='word_1_668' title='bbox 474 5215 780 5280; x_wconf 80' lang='lat' dir='ltr'><strong>Ecclesiis</strong></span> <span class='ocrx_word' id='word_1_669' title='bbox 822 5217 953 5278; x_wconf 91' lang='lat' dir='ltr'><strong>illis</strong></span> <span class='ocrx_word' id='word_1_670' title='bbox 993 5217 1178 5286; x_wconf 88' lang='lat' dir='ltr'><strong>ritus,</strong></span> <span class='ocrx_word' id='word_1_671' title='bbox 1212 5215 1427 5296; x_wconf 82' lang='lat' dir='ltr'><strong>qualis</strong></span> <span class='ocrx_word' id='word_1_672' title='bbox 1465 5225 1759 5293; x_wconf 61' lang='lat' dir='ltr'><strong>«imperat,</strong></span> <span class='ocrx_word' id='word_1_673' title='bbox 1809 5218 2154 5296; x_wconf 87' lang='lat' dir='ltr'><strong>obtinebat.</strong></span> <span class='ocrx_word' id='word_1_674' title='bbox 2203 5220 2426 5296; x_wconf 87' lang='lat' dir='ltr'><strong>Itaque</strong></span> <span class='ocrx_word' id='word_1_675' title='bbox 2484 5215 2557 5276; x_wconf 85' lang='lat' dir='ltr'><strong>in</strong></span> <span class='ocrx_word' id='word_1_676' title='bbox 2586 5215 2806 5278; x_wconf 81' lang='lat' dir='ltr'><strong>codice</strong></span> <span class='ocrx_word' id='word_1_677' title='bbox 2857 5217 3236 5296; x_wconf 84' lang='lat' dir='ltr'><strong>perantiquo</strong></span> <span class='ocrx_word' id='word_1_678' title='bbox 3299 5215 3602 5277; x_wconf 60' lang='lat' dir='ltr'><strong>Ecclesia)</strong></span> 
     </span>
    </p>
   </div>
   <div class='ocr_carea' id='block_1_62' title="bbox 364 5293 3601 5376">
    <p class='ocr_par' dir='ltr' id='par_1_62' title="bbox 364 5293 3601 5376">
     <span class='ocr_line' id='line_1_62' title="bbox 364 5293 3601 5376; baseline -0.003 -16"><span class='ocrx_word' id='word_1_679' title='bbox 364 5302 799 5376; x_wconf 66' lang='lat' dir='ltr'><strong>Syracusana),</strong></span> <span class='ocrx_word' id='word_1_680' title='bbox 835 5298 897 5357; x_wconf 92' lang='lat' dir='ltr'><strong>in</strong></span> <span class='ocrx_word' id='word_1_681' title='bbox 934 5314 1062 5376; x_wconf 89' lang='lat' dir='ltr'><strong>quo</strong></span> <span class='ocrx_word' id='word_1_682' title='bbox 1097 5295 1307 5376; x_wconf 82' lang='lat' dir='ltr'><strong>series</strong></span> <span class='ocrx_word' id='word_1_683' title='bbox 1329 5293 1776 5370; x_wconf 68' lang='lat' dir='ltr'><strong>episcoliorum</strong></span> <span class='ocrx_word' id='word_1_684' title='bbox 1805 5295 1982 5354; x_wconf 88' lang='lat' dir='ltr'><strong>illius</strong></span> <span class='ocrx_word' id='word_1_685' title='bbox 2015 5293 2653 5366; x_wconf 48' lang='lat' dir='ltr'><strong>Ecclesite&#39;descripta</strong></span> <span class='ocrx_word' id='word_1_686' title='bbox 2684 5306 2806 5376; x_wconf 72' lang='lat' dir='ltr'><strong>est,</strong></span> <span class='ocrx_word' id='word_1_687' title='bbox 2833 5293 2912 5356; x_wconf 88' lang='lat' dir='ltr'><strong>de</strong></span> <span class='ocrx_word' id='word_1_688' title='bbox 2944 5293 3264 5376; x_wconf 78' lang='lat' dir='ltr'><strong>Stephano</strong></span> <span class='ocrx_word' id='word_1_689' title='bbox 3295 5297 3378 5368; x_wconf 90' lang='lat' dir='ltr'><strong>ll,</strong></span> <span class='ocrx_word' id='word_1_690' title='bbox 3403 5311 3601 5376; x_wconf 64' lang='lat' dir='ltr'><strong>quem</strong></span> 
     </span>
    </p>
   </div>
   <div class='ocr_carea' id='block_1_63' title="bbox 363 5371 3599 5452">
    <p class='ocr_par' dir='ltr' id='par_1_63' title="bbox 363 5371 3599 5452">
     <span class='ocr_line' id='line_1_63' title="bbox 363 5371 3599 5452; baseline -0.002 -15"><span class='ocrx_word' id='word_1_691' title='bbox 363 5371 581 5438; x_wconf 80' lang='lat' dir='ltr'><strong>Pirrus</strong></span> <span class='ocrx_word' id='word_1_692' title='bbox 613 5371 986 5451; x_wconf 83' lang='lat' dir='ltr'><strong>episcopum</strong></span> <span class='ocrx_word' id='word_1_693' title='bbox 1022 5373 1226 5436; x_wconf 89' lang='lat' dir='ltr'><strong>fuisse</strong></span> <span class='ocrx_word' id='word_1_694' title='bbox 1274 5371 1666 5452; x_wconf 83' lang='lat' dir='ltr'><strong>demonstrat</strong></span> <span class='ocrx_word' id='word_1_695' title='bbox 1709 5389 1877 5434; x_wconf 89' lang='lat' dir='ltr'><strong>anno</strong></span> <span class='ocrx_word' id='word_1_696' title='bbox 1909 5376 2025 5434; x_wconf 83' lang='lat'><strong>787</strong></span> <span class='ocrx_word' id='word_1_697' title='bbox 2061 5377 2302 5435; x_wconf 84' lang='lat' dir='ltr'><strong>diserte</strong></span> <span class='ocrx_word' id='word_1_698' title='bbox 2349 5377 2717 5452; x_wconf 88' lang='lat' dir='ltr'><strong>adnotatum</strong></span> <span class='ocrx_word' id='word_1_699' title='bbox 2780 5374 3013 5436; x_wconf 90' lang='lat' dir='ltr'><strong>fatetur</strong></span> <span class='ocrx_word' id='word_1_700' title='bbox 3059 5371 3400 5452; x_wconf 24' lang='lat' dir='ltr'><strong>’Cajetanus</strong></span> <span class='ocrx_word' id='word_1_701' title='bbox 3426 5371 3599 5452; x_wconf 46' lang='lat' dir='ltr'><strong>X34),</strong></span> 
     </span>
    </p>
   </div>
   <div class='ocr_carea' id='block_1_64' title="bbox 358 5451 3596 5534">
    <p class='ocr_par' dir='ltr' id='par_1_64' title="bbox 358 5451 3596 5534">
     <span class='ocr_line' id='line_1_64' title="bbox 358 5451 3596 5534; baseline -0.002 -19"><span class='ocrx_word' id='word_1_702' title='bbox 358 5456 820 5534; x_wconf 81' lang='lat' dir='ltr'><strong>Syracusanam</strong></span> <span class='ocrx_word' id='word_1_703' title='bbox 843 5452 1202 5534; x_wconf 69' lang='lat' dir='ltr'><strong>Ecclesium</strong></span> <span class='ocrx_word' id='word_1_704' title='bbox 1238 5453 1506 5534; x_wconf 24' lang='lat' dir='ltr'><strong>[,cxxvn]</strong></span> <span class='ocrx_word' id='word_1_705' title='bbox 1543 5451 1616 5534; x_wconf 75' lang='lat' dir='ltr'><strong>ob</strong></span> <span class='ocrx_word' id='word_1_706' title='bbox 1657 5469 1722 5509; x_wconf 85' lang='lat' dir='ltr'><strong>eo</strong></span> <span class='ocrx_word' id='word_1_707' title='bbox 1768 5455 2035 5534; x_wconf 67' lang='lat' dir='ltr'><strong>cwpisse</strong></span> <span class='ocrx_word' id='word_1_708' title='bbox 2060 5452 2272 5514; x_wconf 66' lang='lat' dir='ltr'><strong>Graece</strong></span> <span class='ocrx_word' id='word_1_709' title='bbox 2302 5451 2599 5531; x_wconf 79' lang='lat' dir='ltr'><strong>psallere,</strong></span> <span class='ocrx_word' id='word_1_710' title='bbox 2637 5471 2776 5534; x_wconf 72' lang='lat' dir='ltr'><strong>eam</strong></span> <span class='ocrx_word' id='word_1_711' title='bbox 2816 5465 3000 5534; x_wconf 81' lang='lat' dir='ltr'><strong>antea</strong></span> <span class='ocrx_word' id='word_1_712' title='bbox 3036 5451 3258 5513; x_wconf 71' lang='lat' dir='ltr'><strong>Latine</strong></span> <span class='ocrx_word' id='word_1_713' title='bbox 3289 5451 3596 5534; x_wconf 73' lang='lat' dir='ltr'><strong>cantaret.</strong></span> 
     </span>
    </p>
   </div>
   <div class='ocr_carea' id='block_1_65' title="bbox 361 5528 3601 5612">
    <p class='ocr_par' dir='ltr' id='par_1_65' title="bbox 361 5528 3601 5612">
     <span class='ocr_line' id='line_1_65' title="bbox 361 5528 3601 5612; baseline -0.002 -16"><span class='ocrx_word' id='word_1_714' title='bbox 361 5528 481 5596; x_wconf 75' lang='lat' dir='ltr'><strong>Hic</strong></span> <span class='ocrx_word' id='word_1_715' title='bbox 519 5549 751 5609; x_wconf 87' lang='lat' dir='ltr'><strong>nempe</strong></span> <span class='ocrx_word' id='word_1_716' title='bbox 785 5531 857 5592; x_wconf 91' lang='lat' dir='ltr'><strong>ad</strong></span> <span class='ocrx_word' id='word_1_717' title='bbox 901 5532 1152 5592; x_wconf 72' lang='lat' dir='ltr'><strong>Grtecos</strong></span> <span class='ocrx_word' id='word_1_718' title='bbox 1182 5531 1430 5608; x_wconf 89' lang='lat' dir='ltr'><strong>primus</strong></span> <span class='ocrx_word' id='word_1_719' title='bbox 1465 5528 1804 5604; x_wconf 86' lang='lat' dir='ltr'><strong>defecerat,</strong></span> <span class='ocrx_word' id='word_1_720' title='bbox 1842 5528 1872 5592; x_wconf 84' lang='lat' dir='ltr'><strong>a</strong></span> <span class='ocrx_word' id='word_1_721' title='bbox 1905 5532 2145 5612; x_wconf 85' lang='lat' dir='ltr'><strong>quibus</strong></span> <span class='ocrx_word' id='word_1_722' title='bbox 2179 5528 2514 5610; x_wconf 72' lang='lat' dir='ltr'><strong>propterea</strong></span> <span class='ocrx_word' id='word_1_723' title='bbox 2556 5531 3096 5611; x_wconf 79' lang='lat' dir='ltr'><strong>archiepiscopum</strong></span> <span class='ocrx_word' id='word_1_724' title='bbox 3141 5531 3601 5610; x_wconf 86' lang='lat' dir='ltr'><strong>appellandum</strong></span> 
     </span>
    </p>
   </div>
   <div class='ocr_carea' id='block_1_66' title="bbox 429 5692 3591 5768">
    <p class='ocr_par' dir='ltr' id='par_1_66' title="bbox 429 5692 3591 5768">
     <span class='ocr_line' id='line_1_66' title="bbox 429 5692 3591 5768; baseline 0 -17"><span class='ocrx_word' id='word_1_725' title='bbox 429 5697 545 5768; x_wconf 72' lang='lat'><strong>(52)</strong></span> <span class='ocrx_word' id='word_1_726' title='bbox 583 5696 842 5768; x_wconf 72' lang='lat' dir='ltr'><strong>inepist.</strong></span> <span class='ocrx_word' id='word_1_727' title='bbox 873 5696 940 5750; x_wconf 85' lang='lat' dir='ltr'><strong>ad</strong></span> <span class='ocrx_word' id='word_1_728' title='bbox 973 5693 1161 5750; x_wconf 88' lang='lat' dir='ltr'><strong>Usser.</strong></span> <span class='ocrx_word' id='word_1_729' title='bbox 1235 5765 1248 5768; x_wconf 86' lang='lat'><strong><em>_</em></strong></span> <span class='ocrx_word' id='word_1_730' title='bbox 1324 5764 1359 5768; x_wconf 86' lang='lat'><strong><em>_</em></strong></span> <span class='ocrx_word' id='word_1_731' title='bbox 1442 5764 1452 5768; x_wconf 90' lang='lat'><strong>_</strong></span> <span class='ocrx_word' id='word_1_732' title='bbox 1728 5766 1761 5768; x_wconf 82' lang='lat'><strong><em>_</em></strong></span> <span class='ocrx_word' id='word_1_733' title='bbox 2101 5699 2214 5767; x_wconf 72' lang='grc'><strong>(54)</strong></span> <span class='ocrx_word' id='word_1_734' title='bbox 2255 5697 2402 5764; x_wconf 77' lang='lat' dir='ltr'><strong>lsag.</strong></span> <span class='ocrx_word' id='word_1_735' title='bbox 2437 5697 2506 5749; x_wconf 83' lang='lat' dir='ltr'><strong>ad</strong></span> <span class='ocrx_word' id='word_1_736' title='bbox 2537 5695 2680 5750; x_wconf 72' lang='lat' dir='ltr'><strong>Hist.</strong></span> <span class='ocrx_word' id='word_1_737' title='bbox 2711 5694 2818 5768; x_wconf 70' lang='lat' dir='ltr'><strong>Sic.</strong></span> <span class='ocrx_word' id='word_1_738' title='bbox 2852 5711 2901 5750; x_wconf 86' lang='lat' dir='ltr'><strong>c.</strong></span> <span class='ocrx_word' id='word_1_739' title='bbox 2930 5695 3022 5760; x_wconf 69' lang='lat'><strong>42,</strong></span> <span class='ocrx_word' id='word_1_740' title='bbox 3063 5712 3116 5766; x_wconf 88' lang='lat' dir='ltr'><strong>p.</strong></span> <span class='ocrx_word' id='word_1_741' title='bbox 3145 5695 3289 5763; x_wconf 69' lang='lat'><strong>354;</strong></span> <span class='ocrx_word' id='word_1_742' title='bbox 3337 5707 3390 5750; x_wconf 86' lang='lat' dir='ltr'><strong>et</strong></span> <span class='ocrx_word' id='word_1_743' title='bbox 3431 5692 3591 5751; x_wconf 79' lang='lat' dir='ltr'><strong>Joan.</strong></span> 
     </span>
    </p>
   </div>
   <div class='ocr_carea' id='block_1_67' title="bbox 427 5764 2069 5838">
    <p class='ocr_par' dir='ltr' id='par_1_67' title="bbox 427 5764 2069 5838">
     <span class='ocr_line' id='line_1_67' title="bbox 427 5764 2069 5838; baseline -0.003 -14"><span class='ocrx_word' id='word_1_744' title='bbox 427 5764 545 5838; x_wconf 75' lang='grc'><strong>(⁸55)</strong></span> <span class='ocrx_word' id='word_1_745' title='bbox 579 5764 842 5838; x_wconf 70' lang='lat' dir='ltr'><strong>Palaiogr.</strong></span> <span class='ocrx_word' id='word_1_746' title='bbox 876 5767 971 5825; x_wconf 90' lang='lat' dir='ltr'><strong>lib.</strong></span> <span class='ocrx_word' id='word_1_747' title='bbox 1017 5783 1074 5833; x_wconf 84' lang='grc' dir='ltr'><strong>ι,</strong></span> <span class='ocrx_word' id='word_1_748' title='bbox 1121 5781 1172 5821; x_wconf 90' lang='lat' dir='ltr'><strong>c.</strong></span> <span class='ocrx_word' id='word_1_749' title='bbox 1221 5765 1292 5831; x_wconf 68' lang='lat'><strong>4;</strong></span> <span class='ocrx_word' id='word_1_750' title='bbox 1324 5764 1496 5820; x_wconf 85' lang='lat' dir='ltr'><strong>Buch.</strong></span> <span class='ocrx_word' id='word_1_751' title='bbox 1539 5767 1664 5822; x_wconf 80' lang='lat' dir='ltr'><strong>Ant.</strong></span> <span class='ocrx_word' id='word_1_752' title='bbox 1714 5766 1917 5838; x_wconf 81' lang='lat' dir='ltr'><strong>Evang.</strong></span> <span class='ocrx_word' id='word_1_753' title='bbox 2028 5768 2069 5822; x_wconf 80' lang='grc' dir='ltr'><strong>.Ι‹</strong></span> 
     </span>
    </p>
   </div>
   <div class='ocr_carea' id='block_1_68' title="bbox 1735 5764 3377 5838">
    <p class='ocr_par' dir='ltr' id='par_1_68' title="bbox 1735 5764 3377 5838">
     <span class='ocr_line' id='line_1_68' title="bbox 1735 5764 3377 5838; baseline 0.001 -17"><span class='ocrx_word' id='word_1_754' title='bbox 1735 5766 1917 5838; x_wconf 70' lang='grc' dir='ltr'><strong>ῗυαηῃ.</strong></span> <span class='ocrx_word' id='word_1_755' title='bbox 2028 5764 2224 5824; x_wconf 76' lang='lat' dir='ltr'><strong>Joenn.</strong></span> <span class='ocrx_word' id='word_1_756' title='bbox 2262 5776 2422 5822; x_wconf 80' lang='lat' dir='ltr'><strong>tract.</strong></span> <span class='ocrx_word' id='word_1_757' title='bbox 2458 5768 2530 5822; x_wconf 78' lang='lat' dir='ltr'><strong>De</strong></span> <span class='ocrx_word' id='word_1_758' title='bbox 2555 5769 2659 5825; x_wconf 83' lang='lat' dir='ltr'><strong>div.</strong></span> <span class='ocrx_word' id='word_1_759' title='bbox 2696 5766 2864 5822; x_wconf 78' lang='lat' dir='ltr'><strong>Sicut.</strong></span> <span class='ocrx_word' id='word_1_760' title='bbox 2901 5768 3032 5836; x_wconf 68' lang='lat' dir='ltr'><strong>o/ﬁc.</strong></span> <span class='ocrx_word' id='word_1_761' title='bbox 3064 5764 3116 5822; x_wconf 60' lang='grc' dir='ltr'><strong>ἒ.</strong></span> <span class='ocrx_word' id='word_1_762' title='bbox 3151 5769 3200 5836; x_wconf 84' lang='lat'><strong>8,</strong></span> <span class='ocrx_word' id='word_1_763' title='bbox 3238 5785 3293 5824; x_wconf 89' lang='lat' dir='ltr'><strong>n.</strong></span> <span class='ocrx_word' id='word_1_764' title='bbox 3325 5769 3377 5824; x_wconf 63' lang='grc'><strong><em>4.</em></strong></span> 
     </span>
    </p>
   </div>
   <div class='ocr_carea' id='block_1_69' title="bbox 353 5769 567 5914">
    <p class='ocr_par' dir='ltr' id='par_1_69' title="bbox 353 5769 567 5914">
     <span class='ocr_line' id='line_1_69' title="bbox 353 5769 567 5914; baseline 0.009 -16"><span class='ocrx_word' id='word_1_765' title='bbox 353 5855 413 5914; x_wconf 69' lang='grc' dir='ltr'><strong>ι..</strong></span> <span class='ocrx_word' id='word_1_766' title='bbox 427 5769 567 5900; x_wconf 56' lang='lat' dir='ltr'><strong>fit.</strong></span> 
     </span>
    </p>
   </div>
  </div>
