4158 6552
293 429 401 494 745

1388 423 1471 485 ΙΝ
1502 416 2089 483 ECCLESIASTEN.
2122 447 2191 455 —
2226 422 2378 485 LIB.
2412 420 2463 483 I.

3447 420 3554 486 746

288 554 377 600 νος
409 531 523 588 οἷόν
554 549 677 588 τινα
711 533 992 604 σάλπιγγα
1027 530 1578 604 μεγαλοφωνοτάτην,
1609 532 1737 595 τοὺς
1761 530 1867 585 ἀνὰ

1990 540 2245 601 pmtquot
2267 533 2371 588 sub
2406 531 2546 590 coelo
2569 533 2793 605 degunt,
2828 532 2882 587 in
2909 531 3230 589 concionem
3264 545 3463 601 vocat,
3501 546 3558 593 et

285 631 468 683 πᾶσαν
493 628 596 697 τὴν
621 626 728 680 ύπδ
770 626 863 681 τὸν
898 626 1132 697 ούρανὺν
1166 626 1520 697 ἐκκλησιάζει
1561 625 1657 680 καὶ
1706 640 1872 695 μετα-

284 718 535 776 καλεῖται
585 718 727 789 πρδς
754 718 854 789 τὴν
892 720 1003 773 τῶν
1038 717 1433 789 ῥηθησομένων
1465 718 1779 789 εἰσήγησιν,
1813 713 1874 780 ἐξ

286 810 463 880 αὐτῆς
490 810 589 865 καὶ
636 811 808 883 μόνης
844 810 949 881 τῆς
980 810 1106 864 κατ’
1136 809 1270 863 αὐτὸ
1305 809 1583 881 σημασίας
1614 810 1873 877 δυσωπη-

285 904 594 976 τικωτέραν
618 903 718 975 τὴν
745 902 1091 975 πρόσκλησιν
1120 902 1513 974 ποιησάμενος.
1528 902 1620 973 Μή
1653 918 1785 957 ποτε
1815 900 1874 955 δὲ

288 995 751 1069 προσφορώτερόν
806 998 955 1050 ἐστιν
992 995 1171 1049 εἰπεῖν
1218 996 1314 1049 κα)⁴
1365 994 1871 1066 καταλληλότερον,

287 1090 366 1155 ὡς
390 1089 479 1144 διὰ
494 1088 661 1143 τοῦτο
680 1087 1129 1160 προσηγόρευσεν
1179 1086 1375 1143 ἑαυτὸν
1414 1086 1873 1160 Ἐκκλησιαστὴν,

288 1187 367 1248 ὡς
403 1182 765 1257 προτείνοντα
798 1182 1027 1254 ῥήματα
1076 1180 1221 1252 πρὸς
1271 1182 1442 1252 μόνην
1468 1180 1570 1251 τὴν
1599 1180 1660 1245 ἐξ
1703 1179 1877 1233 ἐθνῶν

302 1279 661 1349 Ἐκκλησίαν,
686 1278 753 1349 ἢν
780 1276 877 1331 καὶ
902 1276 1184 1347 συνήγαγε
1211 1275 1308 1330 τοῦ
1340 1274 1478 1328 Θεοῦ
1511 1274 1572 1328 τὸ
1599 1271 1877 1345 Σωτήριον

288 1369 385 1424 τοῦ
412 1368 481 1423 δι’
509 1368 686 1439 αὐτὴν
715 1366 1172 1435 σωματωθέντος,
1189 1366 1287 1421 καὶ
1311 1366 1412 1435 τῆς
1435 1362 1746 1436 Σατανικῆς
1776 1364 1878 1419 αὺ-

288 1464 390 1534 τὴν
434 1462 712 1532 ἐξαπάτης
758 1460 1227 1533 λυτρωσαμένουο
1277 1459 1374 1513 καὶ
1409 1456 1725 1524 διδάξαντος
1784 1458 1880 1512 καὶ

289 1555 584 1620 πείσαντος
637 1554 860 1608 πάντων
916 1552 1027 1606 τῶν
1072 1552 1201 1623 τῇδε
1246 1553 1615 1623 καταφρονεῖν
1665 1552 1743 1615 ὡς
1778 1569 1882 1623 μα·

290 1646 486 1711 ταίων,
515 1648 612 1701 καὶ
644 1647 706 1701 τὸ
736 1646 1039 1716 πολίτευμα
1079 1645 1225 1716 ἔχειν
1266 1646 1327 1698 ὲν
1367 1645 1639 1716 οὐρανοῖς.
1677 1644 1880 1715 Ἐχρῆν

302 1739 406 1812 γὰρ
443 1740 679 1811 μάλιστα
726 1740 822 1793 καὶ
855 1738 1247 1808 διαφερόντως,
1294 1732 1376 1801 οἷς
1417 1734 1609 1807 ἔμελλε
1636 1736 1740 1789 διὰ
1773 1737 1882 1791 τῶν

297 1830 475 1901 ἔργων
500 1832 680 1886 αὐτῶν
709 1831 1118 1903 παραδεχθῆναι
1167 1828 1276 1883 τῶν
1316 1829 1577 1883 τοιούτων
1614 1830 1881 1902 ῥημάτων

298 1896 614 1995 ή-δύναμις.
650 1896 864 1988 τούτοις
1079 1923 1175 1977 καὶ
1214 1923 1544 1996 προτείνειν.
1774 1924 1881 1992 γὰρ
1913 1896 1956 1955 Β

301 2014 380 2079 ὡς
407 2015 496 2069 διὰ
533 2014 695 2069 τοῦτο
723 2015 974 2086 παρῆκεν
1008 2013 1241 2068 ἐνταῦθα
1263 2015 1358 2068 καὶ
1381 2014 1443 2067 τὸ
1468 2012 1660 2085 κύριον
1685 2014 1880 2083 ὄνομα,

301 2106 547 2183 δηλονότι
585 2106 680 2160 τοῦ
720 2106 1091 2178 Σολομῶντος,
1124 2104 1241 2158 ἀλλ’
1268 2104 1368 2173 οὐχ
1401 2102 1478 2167 ὼς
1507 2105 1564 2158 ὲν
1600 2105 1723 2167 ταῖς
1766 2105 1884 2157 Πα-

307 2202 553 2272 ροιμίαις
585 2203 690 2252 κάν
723 2202 792 2270 τῇ
824 2199 997 2270 Σοφίᾳ
1048 2197 1294 2251 τέθεικεν
1344 2196 1477 2249 αὐτὸ
1534 2196 1655 2249 κατ’
1686 2195 1881 2267 ἀρχάς·

301 2297 422 2351 ἐκεῖ
456 2294 557 2363 μὲν
599 2293 709 2365 γάρ
758 2309 916 2363 φησι,
955 2312 974 2343 ι
1024 2292 1327 2363 Παροιμίαι
1367 2291 1734 2362 Σολομῶντος,
1767 2290 1886 2344 υἱοῦ

300 2388 489 2453 Δαϐὶδ,
526 2406 544 2439 ι
579 2372 694 2448 καί,
719 2406 737 2438 ι
773 2386 943 2456 Σοφία
969 2387 1338 2458 Σολομῶντος,
1374 2386 1492 2442 υἱοῦ
1520 2387 1717 2441 Δαδίδ·
1751 2407 1770 2439 ι
1796 2388 1885 2442 ὲν·

300 2482 479 2539 ταῦθα
506 2481 585 2548 δὲ,
615 2500 634 2534 ι
653 2480 904 2553 Ῥήματα
934 2478 1372 2552 Ἐκκλησιαστοῦ
1414 2478 1534 2534 υίοῦ
1562 2478 1749 2533 Δαϐίδ.
1790 2498 1808 2530 ι

372 2660 569 2717 Καίτοι
622 2674 687 2728 γε
734 2656 901 2712 Δαϐὶδ
944 2656 1045 2710 οὐκ
1087 2652 1518 2725 Ἐκκλησιαστοῦ
1564 2652 1748 2724 πατὴρ
1793 2648 1883 2724 ἦν,

303 2755 441 2811 ἀλλὰ
479 2751 830 2823 Σολομῶντος
876 2748 1345 2821 προηγουμένως,
1401 2747 1454 2800 τί
1500 2745 1771 2818 δηποτοῦν
1802 2747 1888 2797 ὲν-

302 2845 477 2902 ταῦθα
510 2844 669 2916 μόνον
715 2840 1076 2911 ἀπεσιώπησε
1115 2839 1178 2892 τὸ
1211 2839 1401 2909 κύριον
1430 2837 1632 2906 ὄνομα,
1661 2835 1886 2908 προετί-

306 2956 450 3010 μησε
488 2937 547 2991 δὲ
607 2936 671 2989 τὸ
719 2933 1008 2997 ἐπίθετον,
1057 2932 1155 2985 καὶ
1206 2930 1652 3002 προσηγόρευσεν
1693 2928 1886 2981 ἑαυτὸν

305 3032 493 3094 ἁπλῶς
533 3026 1013 3098 Ἐκκλησιαστήν;
1084 3024 1227 3077 Ἀλλ’
1284 3022 1512 3095 εὖδηλον
1567 3021 1645 3086 ὡς
1702 3021 1770 3075 δι’
1819 3022 1888 3093 ἢν

303 3123 483 3179 αἰτίαν
510 3121 849 3193 εἰρήκαμενο
882 3116 971 3171 ἴνα
1014 3117 1165 3188 δείξῃ
1201 3114 1389 3185 σαφῶς
1422 3114 1499 3179 ὡς
1530 3115 1670 3184 πρὸς
1694 3114 1795 3183 τὴν
1825 3114 1883 3180 ἐξ

1973 622 2041 676 ad
2082 638 2268 676 rerum
2331 624 2720 679 tradendarum
2782 624 3149 694 cognitionem
3207 625 3439 680 invitat:
3490 642 3558 683 eo

1973 712 2320 769 ﬂexanimam
2367 716 2543 787 magis
2583 716 3022 772 adhortationem
3075 717 3318 775 eliiciens
3375 735 3555 785 suam,

1973 821 2083 877 quo
2106 806 2221 877 ipsa
2255 809 2497 864 nominis
2527 809 2856 881 signiﬁcatio
2881 811 3186 881 simplicior
3209 821 3315 867 est.
3347 810 3468 867 Jam
3501 822 3558 869 et

1973 899 2315 955 commodius
2347 898 2579 956 fortasse
2606 902 2907 972 aptiusque
2937 903 3063 973 quis
3089 902 3309 969 dixerit,
3347 918 3553 957 nomen

1975 990 2044 1045 ab
2074 1005 2142 1046 eo
2169 991 2274 1047 sibi
2310 992 2627 1063 impositum
2659 992 3006 1051 Ecclesiasta:
3029 996 3128 1067 (9),
3159 1005 3221 1052 ut
3251 996 3345 1050 uni
3369 995 3560 1053 Eccle-

1975 1080 2072 1137 siae
2104 1083 2266 1138 verba
2307 1098 2368 1139 se
2410 1083 2596 1140 facere
2644 1088 2981 1153 ostenderet,
3028 1103 3152 1158 quae
3189 1103 3255 1143 ex
3302 1088 3559 1158 gentibus

1977 1174 2159 1232 futura
2191 1187 2333 1241 erat,
2369 1177 2466 1234 Dei
2500 1180 2768 1236 beneﬁcio
2816 1190 3166 1252 congregata,
3197 1181 3290 1251 qui
3323 1181 3390 1235 ad
3438 1182 3560 1250 ejus

1976 1267 2211 1323 salutem
2246 1270 2491 1325 humano
2535 1286 2766 1340 corpore
2809 1280 3112 1341 assumpto,
3145 1271 3318 1340 ipsam
3351 1272 3420 1325 ab
3456 1272 3562 1325 Sa-

1979 1370 2121 1419 tana:
2160 1363 2381 1420 insidiis
2415 1364 2685 1430 redemit,
2724 1372 2889 1433 atque
2950 1364 3095 1419 idem
3135 1363 3375 1419 erudivit
3435 1378 3561 1432 per-

1979 1452 2296 1523 suasitque,
2332 1460 2395 1507 ut
2419 1454 2705 1520 omnibus,
2736 1470 2857 1523 quae
2882 1453 2975 1508 hic
3003 1461 3153 1519 sunt,
3192 1462 3449 1522 tanquam
3478 1454 3562 1505 le-

1979 1544 2062 1601 vis
2092 1545 2355 1601 momenti
2385 1545 2442 1618 ἀ.
2472 1547 2639 1601 rebus
2674 1546 3022 1615 contemptis,
3049 1545 3357 1601 caelestium
3387 1544 3564 1601 socie-

1979 1646 2146 1693 tatem
2179 1638 2285 1694 sibi
2320 1654 2643 1709 comparare
2696 1640 2983 1695 niteretur.
3048 1638 3351 1709 Oportebat
3396 1639 3548 1694 enim

1980 1732 2380 1802 praestabatque
2414 1733 2498 1787 vel
2544 1734 2784 1789 maxime
2813 1776 2828 1800 ,
2885 1733 2980 1804 Qui
3025 1733 3215 1787 talium
3268 1734 3562 1787 verborum

1980 1824 2091 1879 vim
2127 1839 2291 1895 opere
2342 1825 2568 1897 implere
2600 1825 2919 1892 debebant,
2980 1825 3047 1881 ad
3084 1842 3178 1881 eos
3232 1834 3292 1880 ut
3352 1834 3567 1879 mature

1985 1933 2176 1973 eorum
2209 1919 2375 1974 etiam
2406 1919 2661 1974 doctrina
2692 1920 3024 1989 perveniret.
3077 1917 3212 1982 liae,
3246 1919 3465 1989 opinor,
3502 1917 3567 1971 de

1986 2026 2153 2066 causa
2190 2012 2470 2081 proprium
2513 2012 2604 2066 ille
2635 2010 2944 2067 Salomonis
2974 2026 3173 2067 nomen
3220 2012 3309 2066 hic
3344 2025 3566 2080 praeter;

1986 2102 2160 2168 misit,
2195 2103 2353 2157 aliter
2381 2113 2545 2174 atque
2596 2104 2650 2158 in
2690 2102 3120 2159 Proverbiorum
3171 2116 3227 2159 et
3272 2103 3569 2174 Sapientiae

1988 2195 2144 2251 libris
2171 2193 2302 2251 fecit
2328 2212 2342 2256 ;
2371 2196 2573 2266 quippe
2605 2195 2801 2249 horum
2826 2195 3049 2266 quidem
3098 2196 3333 2251 alterum
3366 2197 3447 2249 sie
3480 2197 3564 2249 in-

1987 2287 2227 2351 chuavit,
2269 2306 2288 2340 ι
2325 2288 2618 2343 Proverbia
2663 2287 2977 2344 Salomonis
3020 2288 3115 2341 ﬁlii
3143 2288 3333 2352 David,
3374 2307 3393 2340 ι
3432 2288 3570 2342 alte-

1989 2396 2108 2434 rttm
2140 2396 2273 2437 vero
2323 2383 2424 2448 sic,
2491 2401 2510 2434 ι
2563 2382 2844 2454 Sapientia
2897 2384 3207 2439 Salomonis
3257 2386 3349 2439 lilii
3400 2385 3566 2439 David

1991 2471 2125 2539 (l0),
2166 2491 2186 2525 ι
2222 2488 2347 2527 cum
2400 2474 2563 2543 hujus
2613 2475 2687 2529 sit
2725 2475 2964 2543 initium,
3000 2494 3019 2527 ι
3067 2474 3243 2530 Verba
3296 2477 3569 2531 Ecclesiaa-

1987 2573 2085 2620 sue
2115 2564 2211 2619 lilii
2252 2564 2420 2620 David
2461 2586 2480 2619 ι
2517 2566 2650 2637 (ιι).

2058 2658 2192 2713 Nam
2226 2673 2350 2713 eum
2400 2658 2567 2714 David
2625 2658 2937 2717 Salomonis
2990 2661 3176 2732 potius
3214 2672 3359 2719 esset
3401 2681 3567 2734 quam
3666 2668 3671 2671 ‘

1996 2747 2345 2803 Ecclesiastae
2374 2756 2550 2818 pater,
2580 2764 2678 2805 cur
2707 2750 2925 2806 demum
2957 2753 3183 2822 proprio
3219 2754 3315 2809 illo
3348 2757 3572 2811 nomine

1991 2840 2082 2896 hic
2125 2841 2303 2895 solum
2349 2841 2573 2905 relicto,
2629 2837 3345 2919 adscititium'prael‘erret,
3403 2861 3573 2916 seque

1990 2948 2101 2988 uno
2134 2934 2301 2987 verbo
2354 2933 2720 2991 Ecclesiasten
2763 2936 3003 3004 diceret,
3049 2938 3155 2992 nisi
3208 2954 3272 2993 ea
3319 2941 3568 3005 omnino,

1990 3039 2153 3094 quam
2186 3024 2487 3094 attigimus,
2508 3040 2675 3082 causa
2700 3026 2852 3080 illum
2886 3026 3239 3097 impulisset?
3268 3044 3380 3099 quo
3413 3047 3568 3085 nem-

1990 3131 2059 3186 pe
2089 3125 2276 3185 aperte
2300 3116 2627 3183 declararet,
2676 3133 2737 3173 se
2781 3119 3072 3175 verborum
3106 3120 3303 3176 horum
3350 3123 3461 3177 vim
3503 3124 3570 3178 ad

305 3214 477 3269 ἐθνῶν
519 3210 848 3283 Ἐκκλησίαν
871 3207 1237 3281 προϐάλλεται
1257 3207 1367 3261 τῶν
1395 3207 1654 3279 ῥημάτων
1674 3206 1883 3259 τούτων

1992 3211 2233 3280 gentium
2280 3208 2583 3265 Ecclesiam
2633 3222 2971 3268 convertere.
3028 3212 3088 3267 In
3137 3231 3249 3285 quo
3296 3216 3458 3271 etiam
3503 3220 3574 3272 ob

305 3309 408 3377 τὴν
433 3305 686 3375 δύναμιν.
723 3303 848 3356 Ἔτι
890 3302 948 3355 δὲ
982 3302 1076 3354 καὶ
1099 3300 1187 3354 διὰ
1211 3302 1312 3370 τῆς
1345 3299 1666 3369 ὁμωνυμίας
1693 3298 1886 3354 ἑαυτὸν

304 3398 585 3469 ὁμόφρονα
615 3394 858 3450 δείκνυσι
887 3393 981 3448 καὶ
1007 3391 1300 3463 σύμφωνον
1327 3391 1423 3444 καὶ
1454 3391 1762 3464 συνήγορον
1788 3392 1889 3461 τῆς

319 3489 650 3561 Ἐκκλησίας
674 3486 767 3541 τοῦ
789 3484 1030 3558 Χριστοῦ
1070 3484 1165 3539 καὶ
1194 3483 1447 3556 Σωτῆρος
1476 3483 1653 3554 ἡμῶν.

308 3624 482 3691 Quam
514 3623 620 3677 hoc
662 3634 888 3686 novum,
922 3633 1087 3691 quam
1116 3618 1414 3691 inauditum
1437 3619 1643 3691 iquam
1670 3619 1735 3673 iis
1764 3634 1889 3674 ver-

310 3689 400 3750 bis
421 3692 787 3757 contrarium,
816 3706 847 3745 a
884 3690 1085 3759 quibus
1132 3690 1271 3743 liber
1306 3689 1535 3757 incipit?
1559 3692 1889 3744 sententiam

311 3776 494 3819 tamen
517 3778 673 3818 suam
706 3762 785 3816 sic
815 3770 1031 3815 tuetur:
1061 3778 1081 3813 ι
1111 3762 1529 3828 Argumentum,
1558 3760 1753 3828 inquit,
1775 3759 1893 3827 ejus

311 3835 390 3889 rei
423 3835 598 3888 habeo
627 3832 794 3885 multa
824 3829 1113 3895 vocabula,
1152 3844 1278 3899 quae
1318 3843 1426 3881 non
1455 3829 1610 3891 alibi,
1647 3846 1810 3899 quam
1837 3832 1890 3883 in

313 3904 557 3969 Daniele,
584 3901 757 3957 Esdra
781 3910 836 3955 et
864 3900 1135 3954 Chaldaeis
1153 3900 1546 3969 interpretibus
1573 3901 1836 3963 reperias.
1865 3918 1885 3951 ›

312 3975 417 4029 Sed
465 3970 944 4043 jamrhujusmodi
1011 3974 1312 4043 ratiouenr
1349 3968 1583 4043 elevavit
1637 3970 1893 4043 Calavius

312 4039 575 4099 externus
600 4039 728 4096 item
753 4042 1009 4110 scriptor,
1035 4040 1129 4110 qui
1166 4040 1427 4110 voeabula
1451 4080 1465 4103 ,
1519 4055 1639 4108 qua:
1675 4039 1764 4093 ille
1796 4055 1892 4108 pe-

313 4114 535 4185 regrina
570 4113 736 4185 facit,
763 4108 963 4185 _prope
1002 4108 1185 4185 omnia
1226 4108 1453 4185 I_I_ebraea
1503 4110 1716 4179 origine
1771 4124 1895 4185 esse

316 4180 727 4238 demonstravit.
763 4180 875 4236 Nec
907 4195 1055 4244 vero,
1103 4181 1148 4234 si
1185 4180 1313 4234 talia
1348 4195 1454 4233 non
1496 4188 1727 4243 .essent,
1762 4181 1896 4234 tole-

316 4254 669 4308 rabiliusnon
689 4252 884 4306 fuisset
919 4250 1100 4305 ESdI‘tB
1127 4250 1219 4304 illa
1242 4249 1541 4304 Bibliornm
1575 4250 1891 4304 restitutori

318 4325 579 4385 tribuere,
601 4322 698 4392 qui
724 4331 783 4376 et
806 4321 1121 4377 Chaldaicis
1139 4320 1339 4392 litteris
1366 4329 1543 4375 totum
1574 4320 1894 4374 divinorum

315 4390 651 4448 voluminum
694 4401 1008 4447 contextum
1060 4390 1364 4459 reddidisse
1426 4400 1695 4459 putatur,
1746 4401 1897 4444 vete-

320 4465 475 4519 ribus
510 4463 707 4518 formis
761 4462 991 4527 relictis,
1053 4476 1191 4531 quas
1246 4458 1582 4515 Samaritani
1644 4461 1898 4517 retinue-

319 4542 468 4589 runt.

392 4628 471 4698 (9)
488 4627 1058 4698 Nongalitersenserat
1077 4624 1374 4698 Gregorius
1398 4622 1885 4698 Neocaesariensis:

321 4695 409 4753 sic
430 4695 575 4767 enim
613 4696 977 4767 Metaphrasin
1017 4712 1172 4767 suam
1196 4695 1531 4767 :inehoavit:
1563 4696 1703 4749 Τάδε
1742 4695 1891 4765 λέγει

320 4766 584 4834 Σαλομὼν
610 4770 639 4821 ὀ
672 4765 767 4837 τοῦ
819 4765 986 4837 Ααόζδ
1022 4765 1289 4837 βασιλέως
1325 4767 1422 4820 καὶ
1448 4767 1731 4837 προφήτου
1760 4770 1892 4837 παῖς

321 4838 513 4911 ἁπάσῃ
530 4840 597 4911 τῇ
624 4836 719 4911 τοῦ
735 4835 890 4911 ’Θεοῦ-
906 4835 1207 4911 Ἐκκλησία
1229 4877 1246 4903 ,
1270 4837 1420 4911 παρὰ
1448 4835 1657 4911 πᾶντας
1681 4836 1892 4909 ἀνθρώ-

322 4906 511 4988 πιυςῗ
541 4906 796 4988 βάςελεδς
864 4906 1242 4988 ,ξγτιμόῖοξτάε
1286 4906 1383 4988 θεαὶ
1442 4908 1735 4988 “estisne
1786 4906 1894 4988 ’σρ-

321 4975 593 5048 φὼτατος.
618 4977 674 5031 Id
719 4986 822 5048 est,
858 4976 957 5031 His
988 4975 1157 5031 berbis
1202 4975 1460 5031 Salomon
1493 4975 1711 5032 Da'vidis
1752 4980 1891 5047 regis

322 5046 373 5102 et
395 5051 659 5118 propheta:
688 5046 857 5117 filius,
895 5062 992 5101 rex
1021 5048 1331 5102 mortalium
1368 5049 1605 5101 omnium
1650 5046 1894 5102 clarissi-

322 5134 441 5172 mus
460 5127 510 5173 et
540 5119 794 5188 propheta
819 5119 1243 5187 sapientissimus
1262 5119 1561 5188 universam
1588 5118 1687 5172 Dei
1708 5118 1894 5173 Eccle-

322 5188 461 5242 siam
495 5186 716 5258 aifatnr.
742 5186 943 5242 Contra
968 5188 1261 5259 Gregorius
1288 5186 1572 5259 Nyssenus
1605 5189 1745 5244 hanc
1773 5190 1893 5256 ejus

323 5257 709 5326 appellationis
761 5272 983 5329 causam
1048 5257 1295 5328 profert,
1340 5257 1499 5328 quod
1557 5258 1677 5312 libri
1732 5261 1892 5329 hujus

323 5330 579 5401 doctrina
604 5329 780 5401 magis
815 5327 887 5401 ad
928 5327 1228 5401 Ecclesiam
1265 5331 1557 5401 pertineat.
1580 5343 1743 5401 quam
1770 5327 1893 5401 quin

325 5400 538 5454 caeteris
569 5400 624 5452 in
654 5396 810 5453 libris
844 5398 960 5452 sive
983 5396 1196 5453 Veteris
1233 5399 1349 5453 sive
1386 5398 1524 5453 Novi
1558 5396 1890 5454 Testaménti

322 5468 732 5539 continentur;
760 5482 989 5534 quorum
1036 5482 1231 5538 nempe
1278 5483 1388 5523 non
1438 5484 1610 5539 pauca
1664 5471 1892 5524 historia

324 5548 455 5594 sunt
487 5549 542 5594 ct
576 5538 855 5603 vaticinia,
885 5547 1048 5607 atque
1076 5538 1140 5608 ad
1166 5539 1382 5593 urbium
1420 5538 1474 5594 et
1512 5539 1753 5608 gentium
1782 5541 1894 5595 ori-

326 5611 483 5679 gines
511 5620 569 5662 et
596 5608 734 5662 bella
762 5616 1031 5679 spectant.
1073 5607 1260 5679 'IIABE,
1307 5607 1642 5679 inquit,":o~3
1683 5610 1893 5679 βιϐλίου

325 5676 534 5751 τούτου-
560 5676 880 5751 διδασκαλία
904 5678 1055 5751 Δπρξς
1090 5677 1260 5751 μόνην
1303 5676 1415 5751 τὴν,
1434 5676 1896 5751 ἐκκλησιαστικὴν

326 5749 627 5821 πολιτείαν
650 5748 867 5821 βλέπει1
898 5739 1070 5821 δι”-ὧν
1091 5739 1178 5800 ’ἂν
1215 5739 1307 5821 τὸν
1333 5739 1713 5821 ἐνάρετόνίτις
1760 5739 1895 5805 καέ-

324 5818 587 5889 ορθώσειε
609 5817 740 5889 βίον,
768 5817 941 5869 ταῦτα
964 5817 1340 5889 ὑφηγουμένη.
1373 5817 1443 5873 Μ’
1463 5830 1567 5883 est,
1600 5819 1775 5884 Huius
1796 5839 1895 5874 an-

328 5897 432 5943 tem
470 5890 594 5944 libri
628 5889 874 5943 doctrina
913 5889 982 5939 ad
1032 5904 1192 5940 unam
1242 5890 1654 5945 ecclesiasticam
1694 5892 1895 5946 vivendi

660 6004 930 6063 PATROL.
961 6000 1077 6062 Gn.
1118 6000 1393 6064 XCVIII.

1991 3301 2526 3371 cognominationem
2565 3303 2843 3370 ostendit,
2879 3312 3146 3374 qttantum
3199 3307 3342 3363 idem
3369 3308 3570 3365 Christi

1992 3391 2305 3447 Set-valoris
2342 3393 2520 3448 nostri
2544 3392 2803 3451 Ecclesiae
2838 3405 2895 3452 et
2928 3398 3117 3454 animo
3150 3402 3486 3469 consentiat,
3518 3412 3574 3458 et

1991 3499 2123 3539 voce
2157 3486 2549 3555 patrocinetttr.

1994 3622 2251 3675 rationem
2289 3622 2534 3701 pertinet,
2568 3637 2688 3701 cum
2732 3639 2794 3677 ea
2840 3624 3107 3701 explicet,
3152 3644 3246 3701 per
3288 3645 3406 3700 qua:
3456 3632 3572 3701 quis

1994 3702 2131 3769 r_ecte
2178 3702 2226 3769 et
2271 3706 2337 3769 ex
2379 3693 2572 3769 virtute
2618 3693 2781 3747 vitam
2834 3693 3121 3769 instituat.
3152 3693 3344 3769 '(Iion'i.
3402 3693 3478 3766 ’ξ
3518 3705 3571 3757 in

1993 3760 2225 3831 Eecles.)
2278 3764 2347 3815 At
2399 3760 2796 3831 Hieronymus,
2855 3781 2976 3820 cum
3035 3760 3210 3822 tribus
3260 3760 3575 3827 nominibus

1993 3832 2342 3909 Salomonem
2370 3842 2778 3909 vocatttnresse
2810 3838 3146 3909 scripsisset,
3168 3837 3485 3909 Paciﬁcum,
3520 3843 3573 3898 id

1995 3901 2727 3977 οειβιιίοιιιοηρηιλιιζίάξα,
2764 3904 2871 3959 hoc
2910 3901 2994 3961 est
3029 3901 3312 3963 dilectum'
3335 3901 3571 3977 Domini,

1997 3971 2236 4046 Coé‘leth,
2270 3973 2322 4024 id
2354 3982 2442 4027 est
2464 3972 2855 4046 Ecclesiasten,
2899 3979 3133 4046 adjecit:
3174 3997 3191 4029 ι
3212 3971 3574 4038 Ecclesiastes

1995 4052 2175 4117 autem
2195 4042 2388 4117 Crteco
2404 4057 2659 4096 sermone
2689 4042 3013 4113 appellatur,
3032 4048 3126 4117 qui
3152 4058 3384 4116 emtum,
3409 4051 3460 4105 id
3487 4062 3575 4108 est

1995 4111 2325 4190 Ecclesiam,
2363 4122 2678 4182 congregat,
2699 4111 2860 4190 quem
2890 4111 3337 4190 nosn'uncupare
3370 4111 3574 4190 possu-

1998 4198 2120 4237 mus
2145 4181 2600 4260 Cancionatorem,
2627 4198 2693 4237 eo
2717 4181 2861 4260 quod
2894 4185 3155 4260 loquatur
3189 4181 3255 4243 ad
3289 4181 3571 4260 populum,

1996 4261 2051 4308 et
2082 4267 2263 4307 sermo
2303 4252 2425 4321 ejus
2466 4267 2578 4324 non
2625 4252 2935 4323 speCialiter
2969 4252 3050 4311 'ad
3085 4252 3305 4324 unum,
3359 4252 3452 4315 sed
3506 4252 3574 4317 ad

1998 4324 2308 4394 universos
2345 4322 2671 4394 generaliter
2727 4324 3018 4394 dirigatur.
3062 4347 3081 4380 ι
3145 4322 3386 4386 Adnotat
3442 4348 3574 4388 vero

1997 4390 2412 4467 ppsgDrusiu'm
2457 4390 2762 4467 Boehartus
2792 4390 3034 4466 (Hieroz.
3066 4396 3128 4453 P.
3161 4400 3201 4463 Ι,
3235 4400 3271 4454 l.
3302 4416 3364 4465 ιι,
3400 4419 3449 4456 c.
3490 4406 3573 4467 4),

1997 4446 2059 4517 τὸ
2085 4446 2266 4550 Πιιιψ,
2306 4446 2764 4533 quemadmOdum
2794 4446 3087 4528 ‘et'i'l‘iéin—
3112 4446 3364 4538 itii/tiri?

1933 4578 1980 4635 ι)
2009 4556 2218 4635 (Eser
2255 4570 2409 4617 st,v.
2441 4553 2560 4635 5i),
2606 4552 2929 4635 femininam
2964 4560 3423 4635 quidemuhabere
3462 4574 3576 4619 ter-

2010 4625 2388 4701 minationem,
2407 4625 2498 4679 sed
2517 4625 3375 4701 signiﬁcationem'masculinam.
3396 4634 3509 4701 Qua
3521 4652 3577 4692 re

2003 4698 2182 4769 inepte
2220 4695 2441 4769 quidam
2478 4699 2545 4769 ad
2574 4697 2809 4769 animam
2835 4708 2931 4754 aut
2964 4702 3293 4769 sapientiam
3325 4695 3575 4760 Salomo-

2003 4713 2182 4767 tnepte
2220 4713 2441 4820 quidam
2478 4713 2545 4749 au
2574 4713 2809 4751 animam
2835 4713 2931 4754 aut
2976 4713 3293 4769 sapientiam
3325 4713 3575 4760 Salomo-

1996 4768 2083 4822 nis
2117 4773 2421 4850 rettreruut
2449 4782 2463 4819 :
2498 4765 2732 4850 ineptius
2761 4770 2933 4824 multo
2956 4768 3244 4827 Kimchius
3260 4788 3380 4850 eam
3412 4776 3576 4850 hujus

1997 4838 2379 4908 appellationis
2422 4846 2767 4892 commentus
2814 4850 2899 4895 est
2948 4855 3194 4908 causam,
3235 4860 3254 4893 ι
3296 4842 3453 4908 Quod
3482 4838 3575 4899 ⁷Ιί-

1994 4908 2155 4981 hrum
2184 4910 2331 4962 hunc
2368 4905 2656 4981 scripserit
2682 4906 2939 4981 Salomon
2964 4911 3077 4979 jam
3126 4927 3291 4967 senex
3326 4923 3380 4967 et
3408 4931 3573 4981 gran-

1994 4978 2207 5042 dazvus,
2240 4990 2474 5051 cumque
2499 4975 2620 5046 ejus
2651 4978 2794 5051 vires
2820 4975 3215 5050 elanguissent,
3248 4992 3308 5036 ut
3334 4975 3573 5051 feminae,

1994 5062 2185 5173 egrii‘n:
2217 5049 2451 5184 ι’ἓιὶίῖιόθ,
2484 5061 2650 5103 ouam
2684 5049 2799 5104 viro
2830 5049 3064 5106 similior
3084 5062 3253 5107 esset.
3294 5073 3313 5105 ι
3343 5049 3572 5124 (Amaua

1995 5134 2024 5172 a
2140 5136 2155 5171 ι
2184 5156 2198 5171 .
2278 5133 2339 5171 ce
2363 5154 2377 5169 .

1995 5127 2062 5172 ad
2093 5127 2198 5171 'l'tt.
2232 5127 2403 5172 ISCCIJ
3596 5147 3604 5156 .

2066 5189 2180 5259 (10)
2211 5187 2368 5257 Apud
2395 5184 2539 5259 LXX
2579 5187 2774 5243 titulus
2814 5189 2936 5244 libri
2976 5191 3193 5249 duobus
3236 5202 3442 5248 tantum
3478 5212 3576 5250 ex-

1998 5273 2221 5336 pressus
2243 5269 2327 5336 est
2352 5258 2843 5336 vocabulisxocpia
2876 5261 3257 5336 2a?.opdi‘2,‘ut
3292 5266 3347 5318 in
3384 5263 3570 5336 Vulga-

1995 5326 2067 5384 tis
2098 5328 2251 5382 Liber
2281 5326 2588 5395 Snpientiw,
2613 5328 2733 5382 sine
2757 5326 2997 5386 auctoris
3020 5326 3280 5390 homine.

2071 5398 2197 5475 (11)Δ
2210 5398 2265 5451 Id
2294 5398 2472 5475 ipsum
2504 5398 2763 5475 disertius
2790 5400 3113 5475 aAGregorio
3132 5402 3379 5475 Nyssenu
3401 5406 3574 5461 tradi-

1998 5466 2109 5547 ιιι
2125 5466 2280 5538 Τάχα
2372 5466 2468 5547 καί
2491 5468 2742 5547 πρὸς-τὸν
2752 5466 3107 5547 καθηγεμνα
3117 5466 3220 5547 τῆς
3246 5477 3575 5547 Ἐκκλησίας

1997 5543 2032 5619 ᾗ
2056 5536 2339 5619 ἐπιγραφὴ
2380 5536 2566 5619 βλέπει
2591 5555 2604 5568 ο
2627 5540 2656 5591 ὁ
2682 5540 2792 5611 γὰρ
2832 5536 3089 5619 ἀληθινὸς
3115 5536 3571 5619 Ἐκκλησιαᾶτὴςξ

1996 5607 2031 5664 ὅ
2046 5612 2116 5688 τὰ
2141 5607 2553 5688 ἐσκορπισμένα
2600 5607 2936 5688 συναγαγῶν
2960 5618 3037 5688 είς
3068 5607 3126 5669 ἓν
3158 5607 3455 5688 πλήρωμα,
3477 5607 3572 5673 nat

1997 5686 2123 5743 τοὺς
2151 5678 2391 5760 πολλαχῆ
2416 5679 2557 5760 κατὰ
2578 5680 2676 5760 τὰς
2696 5678 3191 5760 ποικίλοις-ἀπάτας
3213 5678 3575 5760 πεπλανημέ-

1999 5767 2125 5829 νους
2140 5750 2234 5829 ἐἰς
2255 5747 2352 5829 ipsi
2367 5748 2631 5829 σύλλογον
2662 5754 3066 5829 εκκλησιᾴζων,
3090 5747 3263 5821 τίςίᾶν
3285 5759 3443 5825 ἄλλος
3455 5747 3572 5829 εἴη,

2001 5818 3290 5913 ἑὲ,ξῆἒξιέτιίῖιῖξὶβαεξιλξτδξ’τοδζίισηραὴλιβ
3325 5818 3575 5913 ιῖίέὶεςίδ

1999 5884 2317 5960 Θεοῦ,’πρὺς
2347 5884 2404 5942 ὃν
2431 5884 2583 5945 εἶπεν
2631 5895 2658 5945 ό
2693 5884 3007 5969 Ναθαναὴλ,
3036 5884 3117 5952 ὅτι
3145 5884 3171 5951 ἰ
3200 5884 3275 5953 Σὺ
3316 5897 3366 5954 εῐ
3393 5884 3575 5977 δ’Υίρς

3152 6016 3226 6076 2's
