4158 6526
620 412 722 477 717

1740 410 1797 470 S.
1840 409 2215 471 GREGORII
2261 407 2774 469 AGRIGENTINI

3771 416 3871 479 748

691 520 846 589 Quod
883 520 927 573 si
956 519 1079 589 quis
1107 519 1246 574 forte
1283 519 1544 575 luesitans
1575 530 1801 591 quaerat,
1823 537 1945 577 cum
1976 522 2199 576 Cantica

2376 522 2439 573 El
2469 520 2525 573 δέ
2560 536 2644 582 τις
2689 521 2916 588 φήσειεν
2956 516 3180 585 ἀπορῶν
3227 514 3406 584 λόγος,
3447 517 3557 570 Καὶ
3592 520 3644 571 τί
3687 520 3869 593 δήποτε

623 615 962 669 canticorum
1004 628 1033 665 a
1082 611 1197 666 sola
1251 612 1520 667 catholica
1572 611 1811 668 Ecclesia
1856 614 2208 667 immaculato

626 718 832 774 sponso
867 701 987 771 ejus
1017 700 1258 765 Christo,
1290 702 1340 772 5
1366 710 1529 771 atque
1563 701 1631 757 ab
1663 706 1763 757 hoc
1787 703 1863 757 illi
1896 703 2041 758 dicta
2072 703 2202 768 sint,

624 811 725 851 cur
751 796 892 850 idem
922 802 1107 850 tamen
1136 793 1481 864 inscripserit
1503 813 1520 844 ι
1548 793 1701 861 Quod
1728 806 1811 851 est
1835 796 2149 851 Salomoni?
2180 815 2199 848 ι

623 887 1067 960 quandoquidem
1129 887 1343 943 scilicet
1406 903 1610 944 nomen
1670 890 1804 945 illud
1877 890 2068 944 eadem
2135 890 2205 945 de

624 998 788 1039 causa
814 983 899 1039 vel
932 982 1133 1037 ibidem
1165 980 1530 1037 omittendum
1586 981 1801 1047 fuerat,
1839 983 1885 1037 si
1932 983 2198 1038 omissum

626 1073 730 1128 hoc
770 1073 823 1127 in
850 1072 991 1126 libro
1022 1079 1311 1142 propterea
1361 1083 1465 1137 est,
1510 1072 1639 1141 quia
1671 1073 1835 1127 verba
1885 1072 1951 1127 ad
2001 1074 2205 1129 Christi

623 1174 678 1220 et
720 1162 813 1218 Dei
868 1162 1177 1218 Servatoris
1231 1162 1408 1217 nostri
1470 1161 1771 1219 Ecclesiam
1825 1164 2203 1232 pertinerent:

622 1257 736 1326 jam
771 1257 818 1311 is
866 1257 935 1310 ab
981 1255 1102 1325 ipso
1151 1254 1397 1309 veritatis
1448 1255 1632 1310 aud-iet
1676 1256 1939 1321 Oraculo,
1978 1257 2208 1312 minime

625 1347 777 1402 illum
810 1345 878 1402 de
907 1360 967 1401 se
994 1346 1112 1415 ipso
1146 1345 1351 1401 dixisse
1377 1363 1395 1396 ι
1429 1344 1582 1412 Quod
1614 1354 1696 1400 est
1731 1346 2007 1402 Salomoni
2031 1348 2201 1418 (12),»

625 1439 719 1494 sed
752 1438 821 1492 de
858 1453 989 1491 vero
1020 1436 1313 1493 Salomone
1342 1438 1563 1494 Christo
1602 1438 1824 1509 Deoque
1857 1450 2071 1504 nostro,
2103 1456 2204 1497 cu-

620 1533 713 1602 jus
760 1531 851 1587 ille
891 1530 1190 1601 imaginem
1253 1530 1598 1601 praeferebat.
1657 1531 1833 1602 Atque
1894 1532 2061 1603 hujus
2123 1533 2202 1588 rei

626 1639 792 1680 causa
823 1622 1242 1694 appellationem
1277 1638 1397 1678 eam
1429 1623 1613 1678 dativo
1633 1624 1827 1679 extulit
1857 1639 2010 1691 casu,
2043 1624 2206 1680 Salo-

628 1718 770 1770 moni
815 1730 1179 1785 nuncupans,
1235 1729 1344 1770 non
1403 1715 1594 1785 utique
1636 1714 1942 1770 Salomonis
2007 1716 2205 1785 patrio,

628 1807 1095 1878 quemadmodum
1146 1808 1269 1863 aliis
1311 1807 1364 1861 in
1406 1807 1561 1862 libris
1607 1807 1893 1877 usurpavit
1931 1808 2067 1878 (15).
2096 1807 2203 1862 Pa-

2312 613 2380 665 τὰ
2416 613 2676 683 ’ᾼσματα
2699 610 2807 662 τῶν
2838 609 3103 679 ᾀσμάτων
3133 608 3242 660 ἀπὸ
3269 608 3439 676 μόνης
3471 608 3569 676 τῆς
3598 610 3874 686 καθολικῆς

2324 702 2655 771 Ἐκκλησίας
2685 701 2952 771 εἰρημένα
2980 699 3115 770 πρὸς
3144 699 3237 753 τὸν
3261 700 3531 769 ἄχραντον
3562 701 3726 771 αὐτῆς
3749 722 3873 776 νυμ-

2312 795 2434 864 φίον
2462 792 2721 864 Χριστὸν,
2752 792 2849 845 xui
2877 792 3010 861 παρ’
3043 789 3211 844 αὑτοῦ
3247 791 3385 861 πρὸς
3422 791 3612 861 αὐτὴν,
3647 792 3719 856 ὡς
3750 797 3874 864 πρδς

2313 888 2453 941 ίδίαν
2482 884 2685 957 δηλαδὴ
2718 885 2961 956 νύμφην,
2996 883 3333 955 ἐπέγραψεν,
3364 900 3383 934 ι
3426 883 3495 936 Ὅ
3525 884 3640 938 ἐστι
3668 886 3741 954 τῷ
3778 888 3875 941 Σα-

2312 975 2539 1047 λομών;
2596 995 2615 1027 ι
2671 974 2779 1028 ἔδει
2816 973 2925 1045 γὰρ
2960 972 3271 1034 ἀκολούθως
3322 972 3411 1026 διὰ
3462 973 3563 1043 τὴν
3595 975 3760 1046 αὐτὴν
3791 979 3877 1031 καὶ

2315 1069 2445 1140 μίαν
2470 1066 2652 1120 αἰτίαν
2681 1066 3073 1134 ἀποσιωπῆσαι
3107 1064 3267 1117 τοῦτο
3294 1064 3353 1116 τὸ
3382 1063 3556 1133 ὄνομα
3586 1068 3687 1119 κάν
3716 1067 3878 1139 τούτῳ

2310 1160 2388 1232 τῷ
2416 1160 2637 1231 βιϐλίῳ,
2671 1159 2832 1229 εἴπερ
2865 1156 2952 1210 ἐπ’
2988 1157 3202 1226 ἐκείνῳ,
3244 1156 3335 1209 διὰ
3369 1156 3429 1209 τὸ
3461 1156 3597 1225 πρὸς
3625 1157 3723 1228 τὴν
3754 1160 3872 1213 Ἐκ-

2310 1252 2545 1324 κλησίαν
2594 1250 2689 1304 τοῦ
2744 1248 2986 1319 Χριστοῦ
3031 1248 3127 1301 καὶ
3159 1246 3295 1301 Θεοῦ
3326 1249 3422 1302 καὶ
3448 1248 3696 1318 Σωτῆρος
3727 1250 3877 1321 ἡμῶν

2309 1344 2380 1398 τὰ
2420 1344 2648 1415 ῥήματα
2678 1339 3006 1413 προτείνειν,
3038 1338 3169 1392 αὐτὸ
3196 1340 3465 1408 παρῆκεν·
3495 1338 3718 1392 ἀκούσει
3740 1344 3878 1413 παρὰ

2309 1436 2404 1490 τοῦ
2437 1435 2600 1504 λόγου
2626 1434 2727 1505 τῆς
2759 1431 3047 1503 ἀληθείας,
3080 1430 3155 1493 ὡς
3179 1429 3302 1499 οὐχὶ
3331 1429 3460 1502 ’περὶ
3480 1430 3673 1483 ἑαυτθῦ
3704 1448 3876 1503 φησιν,

2319 1545 2337 1579 ι
2364 1526 2434 1580 Ὅ
2464 1527 2583 1578 ἐστι
2613 1523 2691 1593 τῷ
2726 1520 3010 1591 Σαλομὼν,
3055 1538 3074 1572 ι
3106 1519 3246 1573 ἀλλὰ
3280 1520 3410 1589 περὶ
3442 1520 3694 1589 ἀληθινοῦ
3723 1523 3877 1576 Σαλο-

2314 1617 2433 1685 μὼν
2465 1613 2701 1688 Χριστοῦ
2734 1613 2831 1668 καὶ
2874 1610 3009 1665 Θεοῦ
3040 1612 3219 1683 ἡμῶν,
3248 1606 3458 1675 οὗτινος
3508 1613 3716 1675 ἐκεῖνος
3747 1630 3874 1686 προ-

2309 1709 2558 1771 τύπωσις
2589 1703 2677 1779 ἦν.
2709 1706 2821 1760 Καὶ
2847 1704 3040 1759 τούτου
3062 1705 3227 1775 χάριν
3254 1704 3484 1768 δοτικῶς
3507 1704 3606 1774 τὴν
3635 1706 3877 1777 τοιαύτην

2312 1800 2503 1870 κλῆσιν
2532 1797 2804 1868 ὠνόμασε,
2835 1795 2918 1862 Τῷ
2937 1795 3254 1864 Σαλομὼν,
3279 1793 3472 1859 είπὼν,
3498 1795 3617 1848 ἀλλ’
3642 1796 3760 1866 οὐχὶ
3781 1801 3878 1851 Σο-

631 1901 771 1956 trius
822 1900 968 1955 enim
1013 1915 1176 1955 casus
1224 1912 1519 1970 utrumque
1562 1914 1699 1970 opus
1734 1898 2044 1955 Salomonis
2084 1916 2206 1956 esse

2310 1890 2638 1962 λομῶντος,
2674 1888 2820 1943 κατὰ
2848 1890 3075 1959 γενικῆς
3108 1888 3284 1948 Θέσιν.
3323 1888 3400 1951 ὡς
3434 1889 3529 1941 καὶ
3563 1889 3624 1941 ὲν
3649 1892 3758 1953 τοῖς
3792 1891 3879 1945 άλ-

628 1992 911 2052 deelarat;
947 2004 1073 2044 cum
1119 1989 1335 2044 dativus
1372 1998 1563 2044 contra
1593 2004 1624 2043 a
1661 1990 1955 2045 Salomone
1982 1990 2203 2059 quidem

630 2084 841 2153 prolata
876 2097 942 2137 ea
976 2082 1140 2136 verba
1171 2080 1532 2148 demonstret,
1576 2090 1631 2136 at
1660 2096 1727 2137 ex
1760 2097 1992 2151 persona
2024 2092 2205 2137 tamen

633 2175 887 2231 Ecclesiae
911 2175 1196 2230 catholicae
1218 2174 1521 2230 orationem
1547 2174 1614 2229 ad
1642 2189 1831 2229 verum
1855 2190 2209 2245 germanum-

629 2283 737 2337 que
764 2265 1113 2321 Salomonem
1142 2280 1471 2321 conversam
1504 2280 1647 2330 esse,
1679 2266 1843 2335 plane
1870 2265 2204 2321 manifestet.

630 2358 775 2412 Idem
823 2358 969 2412 enim
1022 2354 1287 2410 Salomon
1339 2364 1504 2425 atque
1535 2354 1838 2425 Paciﬁcas,
1891 2356 2037 2426 quod
2084 2370 2209 2412 vere

630 2446 956 2517 proprieque
1002 2443 1259 2501 Christus
1297 2454 1382 2501 est
1424 2445 1568 2501 Deus
1602 2454 1829 2509 noster,
1878 2446 1948 2500 de
1999 2459 2109 2515 quo
2156 2454 2211 2499 et

630 2538 833 2592 Paulus
874 2551 1105 2607 magnus
1153 2536 1433 2606 apostolus
1476 2536 1612 2591 dixit
1648 2554 1661 2591 :
1702 2554 1720 2587 ι
1768 2535 1892 2605 lpse
1933 2536 2081 2591 enim
2125 2544 2210 2590 est

631 2645 732 2700 par
763 2640 970 2693 nostra,
1015 2628 1108 2699 qui
1145 2627 1272 2685 fecit
1319 2638 1552 2698 utraque
1600 2643 1770 2683 unum
1799 2670 1813 2693 ,
1858 2635 1914 2682 et
1962 2627 2204 2681 medium

631 2723 891 2791 parietem
925 2721 1143 2776 solvens
1170 2760 1183 2785 ,
1220 2719 1538 2777 inimicitias
1589 2719 1645 2773 in
1686 2734 1852 2774 carne
1882 2734 1979 2774 sua
2008 2720 2144 2789 (14).
2185 2738 2203 2769 ο

634 2812 840 2867 Idcirco
873 2827 979 2866 non
1016 2811 1214 2881 adjecit
1257 2829 1275 2862 ι
1314 2810 1435 2865 Filii
1470 2810 1661 2876 David,
1698 2829 1716 2862 ι
1754 2825 2069 2881 quanquam
2114 2810 2208 2866 ille

633 2906 822 2971 etiam,
850 2904 1121 2976 siquidem
1157 2904 1453 2975 virgineam
1482 2904 1602 2975 ejus
1633 2904 1970 2975 seminisque
2013 2920 2209 2975 exper-

630 3104 726 3183 τοῦ
756 3102 912 3168 Θεοῦ,
936 3104 999 3183 σὺ
1028 3098 1078 3156 εἷ
1101 3103 1129 3156 6
1159 3102 1432 3183 gustis-ii;
1454 3103 1801 3183 roBA‘Igpuq}
1820 3122 1887 3183 ;“)
1927 3106 1994 3183 Ei.
2013 3100 2212 3183 educat

634 3173 1047 3246 pigputufufttu
1070 3173 1188 3246 τοῦ
1212 3174 1512 3246 ’βασιλέως
1559 3173 1672 3246 ὲπὶξ
1689 3175 1792 3246 *τοῦ
1834 3175 2066 3246 Ἰσραὴλ,
2104 3180 2131 3228 6
2154 3176 2210 3229 δὲ

630 3236 792 3305 uti-'56;
820 3236 978 3306 οὗτος
998 3244 1092 3297 καὶ
1103 3236 1387 3306 ΘεοῦῪὶός
1405 3236 1540 3305 ἐστι,
1566 3243 1751 3307 καθὼς
1771 3236 1921 3313 λέγει
1942 3236 2010 3297 τὸ’
2027 3246 2207 3313 Εὐαγ-

632 3315 844 3384 γέλιονρ
887 3314 994 3381 ἄρα
1017 3314 1169 3384 ,καὶὸ
1200 3314 1361 3384 αὐτὸς
1399 3314 1830 3384 Ἐκκλησιαστὴς
1858 3316 2203 3384 ὀνομάζεται.

633 3383 871 3454 Τάχαᾼδὲ
887 3384 987 3435 οὐκ
1013 3380 1118 3446 ἔξω
1142 3381 1234 3454 τοῦ
1253 3384 1463 3454 εἰκότος
1488 3385 1569 3446 είς
1587 3380 1815 3451 ’ταύτην
1840 3380 2208 3454 τὴνδιάνοιαν

630 3451 858 3523 τὴντῆς
892 3451 1209 3523 ιξπιγροιφῆς
1256 3453 1604 3523 ᾁναφέρομεν
1658 3451 1956 3523 σημασίαν,
2008 3455 2094 3508 ἵνα
2121 3456 2208 3508 διὰ

631 3521 790 3575 τοῦτο
816 3521 1100 3592 μάθωμεν,
1133 3522 1314 3592 ὅτιείς
1342 3521 1616 3575 αὐτὸντὸν
1649 3521 1744 3576 διὰ
1757 3522 1851 3577 τοῦ
1876 3525 2206 3592 Εὐαγγελίου

631 3594 730 3661 τὴν
774 3591 1102 3663 Ἐκκλησίαν
1128 3591 1443 3663 πηξάμενον
1471 3594 1505 3661 ἡ
1552 3592 1661 3646 τῶν
1697 3593 1960 3663 ῥημάτων
2002 3595 2207 3647 τούτων

634 3660 968 3734 ἀναφέρεται
1012 3660 1335 3734 δύναμιςιξι
1381 3662 1646 3734 Ῥίήματα-
1859 3664 2043 3734 φησὶν,
2088 3665 2208 3717 Ἐκ-

634 3731 967 3800 κλησιαστοῦ
997 3731 1114 3784 υἱοῦ
1146 3731 1327 3785 Δαϐίδ.
1372 3751 1390 3782 ι
1425 3732 1582 3785 (lino)
1605 3732 1661 3785 δὲ
1694 3731 1880 3786 αὑτὸν
1901 3731 1998 3787 καὶ
2048 3736 2206 3788 Ματ-

635 3804 785 3865 οαῖος
811 3804 867 3855 ὲν
899 3802 1092 3872 ἀρχαῖς
1132 3800 1607 3872 τού-Εὐάγγελίου
1663 3804 2045 3872 κατονομάζει,
2072 3805 2208 3858 υἱὸν

633 3874 814 3925 Δαϐὶὸ
854 3869 1027 3939 λέγων
1052 3872 1143 3924 τὸν
1178 3869 1408 3941 Κύριον,
1452 3871 1505 3925 ld
1541 3882 1647 3934 est,
1684 3869 1935 3928 Fortasse
1957 3891 2075 3929 vero
2120 3877 2206 3928 in-

634 3943 852 4007 scriptio
884 3953 929 3995 et
960 3942 1028 3995 ad
1060 3942 1249 3995 ducem
1272 3940 1543 3995 Ecclesia:
1584 3944 1814 4010 respicit.
1862 3942 2024 3998 Verus
2065 3947 2206 4000 enim

636 4012 1014 4085 Ecclesiastes,
1034 4012 1125 4085 qui
1145 4012 1383 4085 dispersa
1412 4013 1468 4085 in
1495 4028 1658 4085 unum
1688 4025 1880 4085 ctutum
1906 4015 2133 4085 colligit,
2154 4026 2206 4068 et

632 4099 739 4146 eos,
771 4084 860 4152 qui
904 4082 1259 4150 multifariam
1296 4082 1457 4137 variis
1504 4083 1708 4136 seducti
1748 4094 1871 4137 sunt
1914 4082 2203 4151 erroribus,

634 4157 689 4206 in
741 4168 903 4207 unum
945 4154 1081 4222 cogit
1130 4162 1501 4223 conventunr,
1536 4156 1779 4223 quisnam
1813 4153 1953 4208 alius
2003 4156 2202 4223 fuerit,

634 4238 791 4291 quant
833 4238 981 4276 verus
1012 4220 1114 4275 rex
1166 4221 1335 4276 Israel
1359 4264 1374 4287 ,
1413 4220 1588 4275 Filius
1629 4222 1743 4285 Dei,
1784 4224 1870 4276 cui
1907 4220 2043 4278 dixit
2089 4224 2205 4280 Na-

636 4293 891 4346 thanael:
928 4309 946 4341 ι
989 4291 1065 4343 Tu
1096 4309 1149 4345 es
1182 4291 1362 4347 Filius
1391 4291 1505 4354 Dei,
1551 4303 1607 4345 tu
1639 4308 1692 4346 es
1733 4309 1825 4347 rea:
1858 4291 2079 4351 Israel?
2111 4315 2129 4348 ι
2160 4297 2207 4350 si

635 4379 756 4432 ergo
787 4363 1050 4432 hwcﬁgsunt
1079 4366 1230 4416 verba
1280 4366 1413 4432 regis
1452 4362 1646 4425 Israel.
1678 4363 1817 4416 idem
1860 4366 2020 4419 etiam
2051 4383 2205 4420 voca-

639 4430 727 4484 tur
750 4432 846 4485 Dei
879 4430 1074 4495 Filius,
1129 4434 1274 4506 sicut
1299 4430 1437 4506 dixit
1485 4432 1865 4506 Evangelium:
1911 4450 2033 4506 ergo
2063 4437 2203 4490 idem

636 4517 838 4572 quoque
885 4511 1104 4555 vocatur
1154 4502 1516 4556 Ecclesiastes.
1577 4500 1832 4557 Fortasse
1878 4500 2051 4559 aulam
2101 4522 2205 4561 non

2309 1980 2423 2045 λοις
2450 1980 2695 2050 βιϐλίοις
2733 1980 2768 2048 ὴ
2797 1978 2896 2050 μὲν
2923 1978 3032 2048 γὰρ
3062 1976 3259 2049 γενικὴ
3291 1977 3583 2049 σύνταγμα
3619 1978 3879 2034 δείκνυσιν

2310 2074 2570 2144 ἑκάτερον
2629 2067 2770 2125 εἶναι
2816 2071 2911 2124 τοῦ
2943 2070 3313 2141 Σολομῶντος
3351 2072 3386 2140 ή
3441 2070 3498 2123 δὲ
3539 2070 3749 2141 δοτικὴ,
3783 2071 3879 2126 κᾶν

2310 2166 2517 2238 ἐρρήθη
2576 2164 2729 2234 παρὰ
2766 2162 2862 2217 τοῦ
2903 2162 3286 2233 Σολομῶντος,
3337 2161 3455 2215 ἀλλ’
3488 2162 3553 2215 ὲκ
3598 2162 3879 2231 προσώπω

2310 2258 2408 2328 τῆς
2442 2256 2735 2326 καθολικῆς
2790 2253 3123 2324 Ἐκκλησίας
3152 2253 3406 2323 εἰρῆσθαι
3450 2252 3591 2323 πρὸς
3631 2254 3723 2306 τὸν
3752 2253 3881 2324 ἁλη-

2309 2349 2456 2405 θινὸν
2506 2348 2600 2401 καὶ
2654 2348 2862 2417 κυρίως
2914 2347 3239 2416 Σολομῶντα
3287 2346 3644 2415 παρίστησιν.
3686 2346 3884 2416 Ἑρμη-

2310 2444 2527 2498 νεύεται
2564 2442 2673 2514 γὰρ
2708 2440 2986 2513 Σολομὼν,
3018 2441 3361 2510 ΕΙρηνικός’
3390 2441 3534 2510 ὅπερ
3579 2439 3727 2493 ἐστὶν
3752 2440 3882 2503 ἁλη-

2312 2536 2421 2601 θῶς
2450 2536 2547 2589 xui
2569 2534 2777 2606 κυρίως
2802 2534 3034 2605 Χριστὸς
3064 2535 3092 2586 6
3120 2532 3253 2595 Θεὸς
3279 2531 3471 2602 ἡμῶν,
3510 2532 3642 2601 περὶ
3672 2526 3733 2585 οὗ
3758 2549 3882 2603 φησι

2312 2629 2408 2684 καὶ
2436 2628 2651 2691 Παῦλος
2676 2629 2704 2682 6
2731 2627 2904 2699 μέγας
2928 2625 3254 2688 ἀπόστολος,
3288 2645 3305 2677 ι
3335 2625 3507 2688 Αὐτὸς
3538 2625 3650 2697 γάρ
3678 2626 3819 2678 ἐστιν
3849 2627 3881 2696 ή

2312 2720 2509 2791 εἰρήνη
2541 2719 2723 2790 ήμῶν,
2775 2720 2804 2771 6
2861 2720 3097 2788 ποιήσας
3144 2718 3213 2771 τὰ
3258 2717 3549 2788 ἀμφότερα
3576 2716 3659 2770 ’ἐν’
3710 2716 3801 2771 xui
3826 2716 3885 2769 τὸ

2316 2810 2632 2881 μεσότοιχον
2661 2808 2756 2863 τοῦ
2781 2808 3039 2880 φραγμοῦ
3060 2807 3341 2871 διαλύσας,
3377 2808 3476 2877 τὴν
3508 2806 3710 2878 ἔχθραν
3738 2807 3793 2859 ἐν
3819 2807 3880 2875 τῇ

2315 2901 2477 2973 σαρκὶ
2497 2902 2681 2956 αὑτοῦ.
2727 2920 2746 2954 ι
2780 2900 2983 2954 Τούτου
3013 2900 3172 2971 χάριν
3205 2899 3314 2953 οὐδ’
3349 2899 3657 2971 ἐπήγαγεν,
3697 2916 3717 2951 ι
3748 2896 3876 2952 Υἱοῦ

2389 3106 2503 3175 (η)
2534 3105 2689 3174 Apud
2723 3103 2863 3159 LXX
2893 3104 3041 3158 deest
3078 3103 3187 3172 τῷ·
3228 3103 3278 3175 id
3324 3103 3471 3158 enim
3515 3113 3597 3160 est
3647 3104 3881 3163 initium.

2313 3172 2504 3245 τᾼσμα
2530 3172 2812 3245 ᾀσμάτων·
2838 3175 2866 3227 ὅ
2895 3177 3010 3227 ἐστι
3041 3173 3317 3245 Σαλομῴν.

2237 3221 2279 3279 C
2340 3221 2784 3314 τῶῗὲῦᾝζῦάῖ
2827 3221 3504 3314 quidein—"elfnllebraica
3550 3245 3879 3313 exemplaria

2582 3325 2735 3378 "twn.
2774 3314 2826 3369 id
2846 3300 2944 3369 ἐει
2981 3313 3132 3378 Quod
3164 3313 3439 3367 Salomoni
3461 3330 3479 3365 :
3507 3315 3601 3368 sed
3632 3300 3883 3370 Heltraao?

2310 3402 2431 3440 rum
2489 3387 2674 3455 lingua
2724 3400 2883 3439 casus
2925 3384 3196 3455 genitivus
3231 3384 3563 3455 possessoris
3598 3400 3699 3452 per
3728 3398 3768 3443 ’π
3809 3388 3886 3440 in-

2310 3458 2522 3511 dicatur
2547 3453 2673 3509 {ut
2697 3455 2913 3510 dativus
2948 3454 3046 3525 ille
3080 3453 3240 3525 patrii
3275 3454 3428 3525 “vim,
3466 3455 3707 3525 habeat:
3770 3466 3886 3510 esto

2310 3526 2483 3581 Graeci
2513 3526 2835 3595 interpretes
2864 3522 3200 3580 reddiderint
3229 3522 3308 3591 τῷ
3341 3524 3625 3595 Σαλομών,
3666 3535 3726 3581 ιιι
3756 3527 3882 3581 alibi

2308 3596 2625 3667 τῴΜωῦσεῖ
2650 3593 2705 3649 et
2731 3593 2808 3667 ag)
2833 3595 3017 3667 Δαυῖδ,
3048 3610 3112 3649 ac
3142 3595 3361 3667 similia.

2379 3666 2489 3721 Cur
2517 3676 2697 3719 autem
2748 3664 3043 3734 Gregorius
3086 3673 3270 3719 noster
3298 3664 3582 3735 iXalopt‘uv
3646 3666 3877 3728 scribat,

2309 3751 2434 3792 cum
2466 3736 2517 3790 id
2548 3749 2741 3790 nomen
2787 3735 2854 3788 ad
2904 3735 3184 3789 Christum
3223 3734 3424 3801 refert;
3472 3744 3673 3789 contra
3724 3737 3881 3789 Σολο-

2313 3805 2451 3876 μὼν,
2481 3821 2603 3861 cmu
2636 3818 2820 3876 regem,
2841 3804 2983 3869 ciet;
3014 3820 3134 3859 eam
3162 3819 3282 3876 esse
3302 3820 3522 3859 causam
3562 3818 3718 3873 puto,
3738 3808 3879 3875 quod

2350 3877 2548 3931 riscam
2574 3875 3015 3944 appellationem,
3061 3889 3169 3943 qua
3217 3874 3548 3941 interpretes
3591 3874 3879 3931 sacrorum

2350 3892 2548 3931 riscam
2574 3892 3015 3944 appellationem,
3061 3892 3169 3943 qua
3217 3892 3548 3941 interpretes
3591 3892 3879 3931 sacrorum

2310 3892 2595 4000 Ribrorum
2630 3944 2719 4016 us_i_
2736 3954 2941 4005 essent.
2967 3945 3185 4000 Christo
3227 3945 3400 4016 magis
3430 3947 3726 4001 convenire
3766 3948 3881 3999 exi-

2311 4017 2640 4072 Stimaverit.
2677 4013 2829 4069 Hanc
2858 4016 3047 4085 utique
3080 4013 3698 4071 intactamAthana-ius
3719 4017 3899 4071 etiam.

2309 4087 2621 4155 relinquere
2660 4086 2824 4155 solet,
2874 4100 2999 4139 cum
3054 4086 3169 4139 loca
3220 4088 3426 4141 sant-tis
3464 4100 3494 4139 e
3534 4085 3762 4141 Litteris
3788 4087 3881 4141 de-

2308 4154 2519 4225 sumpta
2549 4154 2794 4224 profert:
2830 4170 2952 4208 cum
3002 4165 3197 4209 caetera
3224 4156 3463 4210 scribere
3510 4159 3684 4212 soleat
3725 4156 3879 4209 Σολο-

2311 4224 2518 4296 μῶντα.
2554 4224 3012 4296 quemadmodum
3046 4235 3099 4281 et
3131 4225 3375 4296 plerique
3406 4226 3724 4282 Graecorum
3755 4226 3881 4280 eﬂ‘e-

2308 4295 2456 4358 runt,
2481 4305 2535 4350 et
2572 4295 2893 4349 Latinorum
2921 4296 3084 4350 etiam
3129 4295 3349 4364 quidam
3379 4338 3394 4362 ,
3457 4296 3778 4352 Lactantius
3830 4297 3878 4349 in

2306 4366 2498 4437 primis
2527 4365 2684 4437 (Inst.
2717 4365 2809 4419 lib.
2833 4380 2923 4437 έν,
2953 4380 3002 4420 c.
3038 4365 3230 4437 713).“i8
3267 4375 3479 4429 tamen,
3523 4382 3687 4434 quem
3720 4366 3879 4437 paulo

2307 4433 2433 4491 ante
2456 4433 2793 4498 induximus,
2821 4433 3117 4505 Gregorius
3140 4433 3596 4505 Neocazsariensis
3618 4433 3878 4505 Σαλομὼν

2310 4505 2493 4561 habet.
2528 4506 2785 4577 ’ᾼσματα
2817 4504 3081 4577 ᾀσμάτων
3126 4506 3316 4561 scribit
3363 4504 3561 4561 Noster
3608 4518 3718 4561 tam
3771 4507 3877 4572 hic,

637 4572 729 4647 abs
767 4588 821 4647 re
858 4573 927 4625 ad
958 4572 1094 4625 hunc
1117 4588 1327 4647 sensum
1361 4573 1717 4647 inscriptionis
1750 4574 2024 4640 referimus
2048 4576 2211 4646 signi-
2240 4577 2290 4637 D
2315 4591 2478 4645 quam
2511 4572 2662 4638 alibi,
2699 4592 2806 4631 non
2829 4572 3022 4647 ᾊσμα
3045 4576 3343 4647 ᾁσμάτωι,
3394 4586 3451 4630 ιιι
3484 4585 3545 4647 et
3581 4577 3879 4632 Hebraicus

636 4643 965 4710 (nationem,
991 4653 1047 4694 ut
1075 4658 1167 4711 per
1190 4642 1244 4695 id
1267 4642 1558 4705 discamus,
1587 4643 1774 4695 [torum
1811 4642 2212 4701 verborum’vim

638 4713 854 4787 ad__eunt
882 4713 1087 4787 referri,
1108 4713 1201 4787 qui
1227 4711 1517 4787 Ecclesium
1537 4711 2001 4787 p_er_Evangeliunz
2021 4718 2208 4787 coegit.

643 4802 663 4834 ι
712 4782 877 4836 Verba
921 4802 938 4831 ι
968 4784 1128 4852 enim,
1157 4784 1351 4852 inquit,
1390 4802 1407 4834 t
1447 4782 1784 4837 Ecclesiasta:
1812 4783 1914 4851 ﬁlii
1953 4782 2141 4841 David:
2186 4806 2205 4839 ι

639 4853 731 4907 Ita
773 4851 1295 4925 etiam_Matthwus_
1315 4856 1368 4906 in
1405 4854 1664 4925 principio
1710 4852 1985 4925 Evangelii
2040 4857 2213 4925 ipsum

641 4924 903 4984 nominat,
936 4921 1222 4993 Dominum
1254 4921 1451 4993 Filium
1504 4921 1667 4977 David
1690 4921 1982 4993 appellans.
2023 4921 2207 4993 (Hom.

642 5010 660 5049 ι
698 4996 749 5047 in
783 4994 957 5061 Eccl.)
990 4991 1214 5047 Librum
1246 4992 1534 5062 Sapientia:
1577 4991 1800 5049 ascribit
1828 4991 2212 5052 Noster‘Salo-

643 5064 814 5126 moui,
851 5078 955 5136 n_on
1022 5064 1202 5117 minus
1260 5080 1423 5136 quam
1487 5064 1814 5136 Proverbia:
1864 5066 2208 5136 superiorum

642 5132 1098 5206 sciliectl’atrum
1125 5132 1405 5206 exemplo,
1449 5135 1737 5206 quieidem
1755 5134 1884 5206 fere
1927 5132 2210 5206 adjudica-

644 5213 794 5277 runt.
834 5201 967 5277 Nam
994 5203 1139 5277 quod
1167 5201 1388 5277 jam'ab
1431 5201 1576 5277 anno
1607 5204 1715 5259 494
1742 5201 2209 5277 (ἱειιιείιιέροηιί-

645 5272 731 5345 fex
768 5272 1066 5345 maximus,
1110 5272 1428 5329 in’concilio
1458 5274 1727 5340 Romano,
1762 5272 2038 5345 utfertur,
2063 5278 2208 5345 quod

645 5343 761 5412 ipse
790 5343 1024 5415 primum
1053 5345 1251 5415 coegit,
1282 5346 1470 5400 ordine
1503 5345 1763 5398 librorum
1795 5343 2001 5415 Veteris
2017 5343 2211 5401 Testa-

645 5414 812 5467 menti
843 5414 1074 5479 prolato,
1098 5414 1208 5470 tres
1230 5426 1437 5469 tantum
1468 5415 1778 5469 Salomonis
1814 5414 1985 5471 libros
2035 5432 2211 5471 enun-

647 5484 814 5554 tiarit,
840 5482 1144 5547 Proverbia,
1167 5485 1522 5540 Ecclesiasten
1542 5496 1589 5539 et
1614 5484 1836 5538 Cantica
1859 5487 2208 5554 canticorum,

644 5569 712 5608 ac
737 5552 1024 5623 Sapientia:
1051 5555 1246 5608 librum
1278 5557 1392 5611 sine
1423 5556 1661 5611 auctoris
1701 5554 1922 5610 nomine
1966 5557 2050 5611 his
2083 5552 2212 5611 subé

640 5625 836 5696 jecerit
859 5664 875 5689 ,
905 5639 1011 5679 non
1045 5628 1156 5679 haec
1208 5626 1346 5681 adeo
1379 5625 1575 5681 Siculis
1603 5626 1768 5679 etiam
1798 5635 1923 5679 nota
1969 5627 2051 5681 vel
2080 5641 2209 5696 pro-

645 5694 883 5763 mulgata
913 5696 1240 5762 putaverim,
1291 5703 1349 5749 ut
1379 5711 1539 5750 nemo
1570 5696 1821 5763 ignorare
1868 5694 2097 5763 posset;
2119 5706 2210 5751 aut

640 5764 838 5818 veteris
869 5768 1149 5821 sententia:
1197 5766 1399 5821 nullam
1427 5780 1551 5824 esse
1589 5765 1969 5822 auctoritatem
2016 5767 2209 5822 dillite-

637 5844 814 5889 retur.

2316 4644 2491 4716 poscit
2535 4647 2764 4710 titulus,
2800 4644 3249 4716 et'Septu‘aginta
3311 4645 3630 4701 reddidere:
3693 4647 3881 4700 habuit

2315 4725 2496 4771 tamen
2530 4726 2651 4771 ante
2671 4731 2753 4778 se,
2774 4716 2865 4785 qui
2885 4717 3074 4770 eodem
3097 4718 3260 4771 modo
3279 4727 3633 4785 usurpassent
3655 4735 3669 4771 :
3692 4733 3883 4785 quem-

2315 4786 2605 4841 admodum
2648 4785 2909 4857 Origenes
2963 4787 3068 4841 sub
3122 4787 3336 4857 Prologi
3376 4788 3660 4857 suifinem
3708 4787 3882 4841 adno-

2315 4858 2491 4923 tavit;
2526 4866 2644 4912 esto
2682 4856 2822 4910 idem
2870 4871 2977 4911 non
3031 4868 3179 4911 recte
3227 4855 3310 4911 ab'
3345 4857 3416 4911 iis
3457 4855 3660 4912 factum
3713 4857 3879 4911 dicat.

2314 4926 2456 4994 Quin
2493 4935 2548 4981 et
2595 4925 2734 4992 alii,
2788 4926 2881 4996 qui
2942 4925 3232 4995 Origenem
3294 4930 3570 4981 consecuti
3639 4926 3879 4996 fuerant,

2314 4998 2504 5067 eodem
2553 4996 2715 5067 modo
2780 4995 3171 5067 enuntiarent:
3222 4996 3540 5067 legiturque
3582 5000 3764 5051 adhuc
3822 4995 3879 5067 iu

2313 5066 2564 5136 Gregorii
2606 5066 2835 5136 Nysseni
2873 5066 3268 5136 commentario
3290 5064 3507 5123 'titulus
3539 5064 3880 5134 hujusmodi,

2328 5135 2620 5207 Ἐξήγησις
2644 5135 3019 5207 Πάκριϐὴςλείς
3069 5137 3137 5207 τᾷ
3166 5135 3436 5207 Α’ᾼσματα
3470 5138 3580 5191 τῶν
3622 5137 3884 5207 ᾀσμάτων

2312 5187 2817 5283 assesasses
2998 5187 3052 5260 et
3081 5187 3419 5283 Ερεριηςῃιίίέ
3466 5187 3572 5283 ,λιιι
3624 5187 3882 5283 ξιξερο-ιη

2313 5275 2847 5347 ορυεριιιοιιοηάιιιιι
2874 5275 3043 5347 edito.
3086 5277 3229 5347 quod
3271 5277 3586 5347 Μαρτυρίαι
3623 5275 3883 5330 inscribi-

2314 5344 2424 5402 tur.
2450 5346 2557 5401 Nec
2585 5361 2716 5400 vero
2741 5346 2791 5399 id
2819 5344 3138 5407 absurdum,
3164 5344 3217 5413 si_
3231 5359 3290 5397 ea
3319 5344 3564 5413 spectare
3584 5347 3740 5407 velis,
3765 5356 3885 5411 quae

2314 5432 2416 5475 nos
2451 5417 2714 5486 Origenes
2743 5417 2856 5484 ipse
2891 5415 3155 5486 docet,¢6
3190 5410 3380 5486 *ᾼσμα
3420 5416 3473 5469 in
3505 5417 3727 5471 modum
3759 5410 3885 5467 dra-

2314 5489 2476 5543 matis
2505 5485 2624 5541 esse
2650 5486 3042 5555 conscriptum,
3082 5485 3133 5538 in
3167 5485 3276 5554 quo
3324 5501 3431 5539 non
3479 5501 3713 5554 sponsus
3767 5492 3886 5555 tau-

2315 5566 2453 5621 tum,
2480 5557 2573 5611 scd
2604 5572 2806 5625 sponsa
2839 5553 3001 5610 etiam
3037 5553 3218 5615 canat,
3268 5564 3466 5610 canant
3505 5553 3666 5625 hujus
3696 5553 3883 5625 sociae,

2313 5639 2514 5681 canant
2556 5624 2701 5681 illius
2739 5627 2991 5684 sodales.
3042 5638 3205 5696 atque
3237 5628 3373 5680 adeo
3416 5642 3524 5681 non
3568 5624 3749 5694 vnum.
3792 5624 3885 5674 sed

2310 5699 2468 5768 plura
2503 5700 2613 5752 sint
2641 5696 2883 5768 ᾄσματα.

2384 5769 2496 5839 (Μ)
2536 5769 2615 5822 Ad
2649 5757 2845 5836 Ephcs.
2886 5766 2950 5834 ll,
2977 5768 3061 5821 Μ.
3084 5766 3325 5839 Ineditis
3358 5764 3763 5828 exemplaribus
3788 5757 3885 5817 λύ-

2316 5855 2413 5903 σας
2454 5835 2705 5910 legimus,
2744 5854 2851 5891 non
2886 5850 2941 5891 ut
2984 5839 3093 5901 hic,
3134 5835 3392 5902 διαλύσας
