4158 6550
344 381 452 446 ’149

1445 380 1523 441 IN
1562 381 2138 444 ECCLESIASTEN.
2170 410 2238 421 -
2271 388 2418 447 LIB.
2450 389 2499 448 Ι.

3497 397 3606 464 750

334 493 520 557 Δαδ’.δ,
569 510 589 545 ι
625 488 874 559 καίτοιγε
904 486 1163 543 κάκείνου
1185 528 1200 553 ,
1236 489 1381 543 κατά
1410 491 1509 561 τὴν
1539 490 1780 562 ἄσπορον
1824 493 1910 544 καὶ

2028 504 2133 549 tem
2169 498 2600 567 assumptionem
2646 498 2897 555 humanae
2941 510 3153 560 natura:
3183 512 3417 576 spectes,
3456 506 3603 566 filius

335 580 677 652 παρθενικὴν
701 580 801 649 τῆς
823 578 1177 651 ἀνθρωπίνης
1202 579 1419 647 φύσεως
1442 580 1771 651 πρόσληψιν,
1801 580 1920 634 υἱοῦ

336 673 506 726 Δαὸὶδ
537 670 868 742 πεφυκότος.
919 669 1064 723 Ἀλλ’
1109 670 1198 725 ἵνα
1242 671 1315 741 μή
1349 687 1496 735 τινες
1529 671 1810 741 οἱηθῶσιν,
1842 672 1922 736 εἰς

340 767 430 819 τὸν
457 765 748 835 πρόχειρον
779 762 876 817 καὶ
906 762 1224 834 σωματικὸν
1252 763 1580 835 Σολομῶντα
1604 764 1664 817 τὸ
1694 763 1923 836 εἰρημέ-

340 876 429 912 νον
465 859 564 929 τὴν
590 856 877 927 ἀναφορὰν
917 856 1085 928 ἔχειν,
1123 855 1200 919 ὡς
1231 857 1321 910 ἐπ’
1353 857 1691 929 ἀμφοτέροις
1728 858 1923 929 διῃρη-

339 950 510 1020 μένης
549 948 646 1019 τῆς
685 946 1032 1019 ὑπολήψεως,
1059 947 1245 1018 σοφῶς
1276 947 1417 1017 ἄγαν
1447 949 1807 1019 ἀπεσιώπησε
1839 949 1917 1017 τὸ,

344 1060 362 1093 ι
388 1040 506 1095 υἱοῦ
532 1040 720 1094 Δαὸίδο
758 1056 778 1092 ι
809 1040 907 1094 καὶ
937 1038 1027 1093 διὰ
1062 1038 1164 1110 τῆς
1186 1039 1443 1112 τοιαύτης
1463 1041 1920 1113 ἀποσιωπήσεως,

337 1133 435 1185 καὶ⁵
455 1131 544 1186 διὰ
562 1132 663 1203 τῆς
684 1131 904 1201 δοτικῆς
931 1129 1215 1203 ἀπείργων
1245 1131 1441 1185 ἑαυτὸν
1464 1132 1566 1203 τῆς
1598 1132 1923 1203 ὑπολήψεως

334 1226 563 1296 ταύτης,
595 1224 689 1278 καὶ
722 1223 882 1295 μόνον
918 1223 998 1294 τῷ
1048 1223 1273 1296 Χριστῷ
1311 1226 1406 1279 καὶ
1436 1224 1555 1295 Θεῷ
1582 1225 1740 1296 ήμῶν
1786 1227 1923 1278 ἀπο-

336 1316 780 1387 κεκληρωμένως
811 1315 1095 1379 ἀνατιθεὶς
1123 1318 1308 1370 πᾶσαν
1330 1317 1544 1370 ἔννοιαν
1574 1316 1670 1369 τοῦ
1701 1316 1922 1388 ’ᾼσμα-

333 1424 425 1471 τος
448 1407 556 1461 τῶν
596 1406 884 1478 ᾀσμάτων,
922 1407 980 1460 ὲν
1010 1399 1055 1475 ᾧ
1087 1406 1310 1477 φάσκει,
1349 1427 1367 1460 ι
1404 1408 1472 1460 ’⁸0
1495 1409 1613 1461 ἐστι
1643 1406 1720 1479 τῷ
1750 1408 1920 1461 Σαλο-

398 1502 476 1555 Iw.
518 1521 538 1555 ι

336 1520 722 1655 μαἰνιλσιέιιλεεως
745 1591 764 1663 (
780 1589 1043 1662 Ἰσραήλ).
1061 1608 1078 1641 ι
1091 1589 1227 1643 Πότε
1236 1607 1328 1662 ρον
1355 1589 1450 1643 τοῦ
1485 1589 1919 1662 Ἐκκλησιαστοῦ

332 1681 898 1756 παραλαμϐανομένου
934 1680 1030 1734 νῦν
1059 1678 1346 1750 βασιλέως,
1375 1680 1409 1752 ἢ
1444 1679 1537 1734 τοῦ
1560 1681 1765 1747 Δαὸιδ;
1797 1682 1921 1751 ἐμοὶ

2028 585 2195 640 David
2230 596 2390 642 natus
2425 598 2529 667 est.
2583 589 2781 645 Verum
2827 607 2895 648 ne
2943 605 3129 650 essent
3168 598 3260 666 qui
3312 608 3591 668 putarent,

2024 677 2328 733 orationem
2373 680 2441 733 ad
2485 681 2706 735 obvium
2755 686 3208 758 tractabilemque
3250 689 3602 749 Salomonem

2023 783 2146 824 esse
2175 770 2534 836 referendam,
2569 774 2791 844 perinde
2845 780 3004 848 quasi
3056 795 3118 835 ea
3184 782 3238 837 in
3304 791 3602 854 utrumque

2025 860 2266 930 suspicio
2290 862 2487 918 cadere
2509 875 2716 934 posset,
2741 867 3017 937 sapienter
3038 872 3352 940 admodum,
3378 877 3434 947 6
3454 895 3472 927 ι
3504 877 3602 932 lilii

2025 950 2194 1008 David
2235 972 2253 1005 ι
2294 955 2511 1012 silentio
2558 962 2942 1028 prtetermisit:
2989 972 3153 1031 atque
3198 967 3448 1036 apposito
3501 969 3603 1021 hu-

2021 1042 2265 1113 jusmodi
2320 1050 2694 1116 praetermisso
2729 1089 2747 1115 ,
2786 1063 2841 1107 et
2892 1053 3077 1109 dativo
3135 1071 3269 1112 casu
3334 1069 3602 1128 usurpato

2025 1133 2156 1190 illud
2191 1147 2277 1193 est
2304 1150 2592 1198 assecutus
2622 1184 2638 1210 ,
2682 1151 2734 1197 ut
2782 1146 3048 1202 orationis
3081 1148 3443 1219 ambiguitate
3473 1152 3604 1206 sub-

2024 1226 2162 1294 lata,
2221 1233 2549 1289 sententiam
2587 1250 2808 1291 omnem
2853 1237 3065 1294 Cantici
3115 1242 3493 1309 canticorum,
3545 1244 3603 1299 in

2024 1332 2135 1386 quo
2162 1319 2329 1377 dicit:
2370 1340 2388 1373 ι
2425 1322 2579 1390 Quod
2613 1336 2698 1381 est
2728 1325 3032 1395 Salomoni,
3064 1348 3083 1381 ι
3130 1331 3185 1385 in
3220 1348 3390 1387 unum
3440 1333 3603 1390 Chri-

2024 1418 2171 1465 stum
2201 1410 2484 1487 Deumque
2516 1427 2768 1473 nostrum
2806 1422 3017 1493 egregie
3046 1424 3385 1480 transferret.

2099 1603 2118 1637 ι
2156 1586 2320 1659 Regis
2359 1589 2570 1663 (Israel)
2613 1614 2631 1645 ι
2664 1594 2801 1667 (15).
2869 1597 3311 1666 Erclesiastmne,
3349 1601 3442 1670 qni
3480 1616 3603 1655 mo-

2022 1673 2093 1730 do
2117 1685 2202 1732 est
2241 1681 2567 1749 appellatus,
2598 1686 2762 1755 regis,
2811 1702 2880 1742 an
2928 1687 3185 1744 Davidis?
3231 1691 3482 1760 equidem
3534 1690 3604 1745 de

331 1775 480 1829 δοκεῖ
541 1773 685 1827 κατὰ
738 1770 921 1825 κοινοῦ
979 1771 1227 1842 λελέχθαι
1271 1772 1381 1825 τῶν
1429 1770 1794 1843 ἀμφοτέρων,
1841 1772 1910 1837 ὡς

2024 1777 2258 1839 utroque
2292 1772 2535 1829 arbitror
2557 1775 2763 1831 dictum
2804 1792 2924 1834 esse
2959 1782 3308 1848 promiscue;
3342 1782 3597 1850 quoniam

330 1865 593 1937 ἑκατέρου
651 1862 746 1917 τοῦ
806 1861 1023 1934 Ἰσραὴλ
1081 1861 1524 1933 βασιλεύσαντος.
1572 1862 1638 1915 EI
1684 1863 1793 1934 γάρ
1833 1880 1910 1926 τις

2024 1864 2254 1928 uterque
2282 1860 2334 1914 in
2368 1862 2570 1919 Israele
2607 1869 2872 1937 regnavit.
2917 1843 3053 1924 Nam
3087 1872 3133 1926 si
3164 1843 3304 1941 quis
3339 1843 3470 1926 illud
3501 1888 3602 1927 sc-

330 1955 891 2029 ἀποκεκληρωμένως
939 1956 1021 2019 εἰς
1054 1954 1146 2008 τὸν
1185 1955 1350 2008 Δαὸὶδ
1382 1954 1724 2025 ὲξειληφέναι
1754 1953 1914 2008 τοῦτο

330 2050 642 2121 προέλοιτο,
673 2047 762 2101 διὰ
782 2046 843 2100 τὸ
870 2046 1197 2118 Σολομῶντα
1226 2045 1595 2117 γνωρίζεσθαι
1621 2044 1780 2117 δῆθεν
1814 2045 1913 2117 βα-

332 2143 485 2198 σιλέα
524 2139 619 2194 τοῦ
663 2139 879 2211 Ἰσραὴλ
904 2181 919 2205 ,
974 2138 1090 2193 ἀλλ’
1126 2139 1229 2193 οὐκ
1272 2139 1746 2210 Ἐκκλησιαστήν·
1778 2138 1911 2194 ἀνθ-

328 2233 725 2304 ελκυσθήσεται
755 2230 948 2285 θᾶττον
996 2230 1151 2302 παρὰ
1177 2229 1272 2284 τοῦ
1313 2230 1739 2302 Ἐκκλησιαστοῦ
1774 2232 1912 2303 μετά

329 2326 506 2398 βραχὺ
538 2326 845 2395 φάσκοντος
882 2324 1205 2397 διαρρήδην·
1241 2342 1261 2376 r
1304 2322 1446 2391 Ἐγὼ
1481 2322 1912 2396 Ἐκκλησιαστὴς

327 2417 599 2487 ἐγενόμην
650 2415 911 2486 βασιλεὺς
966 2416 1024 2468 ὲν
1068 2412 1288 2486 Ἰσραὴλ
1327 2416 1421 2469 ἐπὶ
1465 2414 1845 2489 Ἰερουσαλήμ.
1885 2434 1905 2468 ι

327 2507 537 2564 οὐκοῦν
589 2508 697 2579 ἄρα
729 2506 873 2562 κατὰ
918 2505 1100 2561 κοινοῦ
1154 2506 1407 2578 λελέχθαι
1453 2508 1537 2577 τὸ,
1593 2525 1613 2560 ι
1645 2508 1910 2573 Βασιλεὺς

340 2602 596 2675 Ἰσραὴλ,
642 2621 661 2655 ι
716 2601 1109 2673 προσηκόντως
1162 2602 1528 2673 ὑποληπτέον.
1587 2602 1662 2657 Τὸ
1700 2604 1907 2674 μέντοι,

332 2716 351 2750 ι
395 2696 491 2750 ἐπὶ
543 2694 932 2766 Ἰερουσαλὴμ,
987 2713 1005 2746 ι
1058 2692 1230 2764 δηλοῖ,
1278 2695 1420 2749 κατὰ
1470 2695 1564 2750 τὸν
1619 2696 1910 2770 πρόχειρον

327 2786 476 2851 νοῦν,
513 2786 607 2840 καὶ
651 2786 753 2853 τὴν
798 2785 976 2849 πόλιν,
1014 2786 1072 2838 ὲν
1103 2779 1137 2860 ᾖ
1172 2784 1429 2856 βασιλεὺς
1458 2786 1716 2858 ἑκάτερος
1743 2789 1904 2860 ἐχρη-

332 2880 587 2951 μάτισεν,
618 2878 646 2931 ὅ
684 2894 743 2930 τε
787 2878 957 2932 Δαδὶδ
1003 2881 1100 2931 καὶ
1130 2880 1160 2932 ό
1193 2877 1648 2951 Ἐκκλησιαστής·
1681 2882 1770 2936 ἵνα
1814 2882 1911 2935 καὶ

327 2971 421 3024 διὰ
452 2973 552 3041 τῆς
596 2968 741 3024 κατὰ
772 2968 866 3023 τὸν
909 2970 1079 3023 τόπον
1116 2970 1542 3041 μεγαλειότητος
1573 2974 1908 3045 παρεμφήνῃ

326 3062 389 3116 τὸ
417 3060 626 3126 ἔνδοξον
653 3060 748 3114 καὶ
780 3059 842 3114 τὸ
871 3061 1172 3130 περιφανὲς
1192 3059 1287 3113 τοῦ
1313 3060 1623 3126 λαλοῦντος.

403 3153 560 3205 Ἔστι
583 3151 640 3204 δὲ
675 3150 876 3221 μᾶλλον
898 3152 1007 3204 ἀπὸ
1050 3151 1149 3220 τῆς
1180 3151 1437 3223 τοιαύτης
1466 3154 1756 3226 προχείρου
1790 3154 1905 3208 διας

331 3247 622 3316 σαφήσεως
652 3243 1146 3314 ἀναγωγικώτερον
1196 3243 1544 3315 ὲξειληφέναι
1591 3245 1652 3298 τὸ
1687 3246 1912 3317 εἰρημέο

329 3355 441 3403 νον,
488 3339 585 3391 καὶ
616 3337 899 3407 γλαφυρόν
936 3354 989 3390 τι
1030 3336 1225 3406 νοῆσαι
1266 3336 1362 3391 καὶ
1408 3339 1619 3390 εἰπεῖν’
1665 3339 1761 3392 καὶ
1802 3339 1912 3410 γὰρ

330 3433 519 3503 ἐπειδὴ
562 3432 623 3485 τὸ
667 3431 837 3502 ὄνομα
870 3432 971 3501 τῆς
1007 3427 1365 3502 Ἰερουσαλὴμ
1390 3429 1633 3498 "Opaca:
1668 3431 1912 3500 εΙριξνης

331 3524 721 3595 ἑρμηνεύεται,
768 3521 953 3585 καθὼς
990 3523 1039 3574 οἱ
1074 3521 1182 3592 πρὸ
1224 3521 1382 3592 ήμῶν
1426 3521 1484 3574 ὲν
1510 3521 1722 3585 τούτοις
1754 3524 1911 3593 ἐσχο-

328 3618 556 3682 λακότες
605 3615 949 3686 παρέδοσαν·
987 3615 1204 3684 μήποτε
1249 3614 1453 3683 φήσας,
1508 3631 1527 3665 ι
1578 3614 1672 3667 ἐπὶ
1715 3617 1913 3685 Ἰερου-

332 3713 530 3784 σαλὴμ,
574 3731 591 3764 ι
628 3712 721 3764 ἐπὶ
762 3709 992 3780 καρδίαν
1040 3709 1175 3779 φησὶ
1200 3708 1393 3778 ὅρασιν
1424 3708 1658 3779 ἔχουσαν
1685 3710 1910 3781 εἰρήνης

401 3895 515 3964 (15)
550 3895 699 3950 Istud
735 3891 975 3965 Ἰσραήλ,
1007 3890 1152 3960 quod
1182 3889 1411 3965 virgulis
1434 3888 1773 3965 seclusi,_vel
1803 3889 1909 3945 hoc

330 3959 453 4020 loco
488 3959 1092 4034 perspicuita'tis'cauﬁ
1147 3959 1420 4034 adjectum
1458 3968 1562 4023 est,
1606 3959 1686 4013 vel
1708 3974 1909 4034 perpe-

331 4051 449 4091 ram
483 4030 637 4089 initio
666 4034 956 4102 omissum.
1005 4032 1162 4102 Apud
1198 4030 1339 4085 LXX
1375 4038 1521 4084 certe
1553 4043 1665 4102 non
1689 4030 1909 4084 deside-

330 4117 486 4162 ratur
530 4119 886 4174 :quanquam
941 4100 1308 4174 Hieronymus
1376 4100 1713 4174 snperfluum
1750 4115 1910 4174 esse

330 4169 674 4245 scripsit;'et
725 4169 777 4228 in
811 4172 1042 4245 Synopsi
1075 4169 1543 4245 etiamAlegimus,
1575 4184 1699 4245 qua:
1736 4169 1908 4223 Atha-

332 4237 489 4301 nasio
542 4237 799 4300 tribuitur
842 4237 868 4299 ἰ
894 4237 1022 4297 item
1064 4242 1208 4311 apud
1241 4237 1565 4310 Gregorium
1593 4237 1905 4309 Nyssenum

331 4327 385 4371 et
424 4314 894 4386 ()lyrnpiodorum.

406 4378 519 4456 (16⁷)
559 4378 739 4439 Eccle.
778 4400 813 4445 ι.
850 4383 948 4456 12.
982 4382 1085 4456 Sed
1106 4379 1287 4456 __apnd
1340 4379 1475 4456 l_.)_(X
1527 4378 1791 4448 scriptum
1822 4387 1909 4435 est

334 4449 591 4528 βασιλεὺς
616 4456 710 4509 ἐπὶ
750 4453 966 4528 Ἰσραὴλ
999 4455 1057 4505 ὲν
1106 4449 1485 4528 Ἰερουσαλήμ.

334 4519 348 4528 ’
403 4526 517 4653 317)
554 4525 741 4580 Patres
770 4519 1009 4585 Graecos,
1037 4523 1128 4591 qui
1156 4519 1281 4575 ante
1302 4519 1625 4590 Gregorium
1657 4528 1903 4574 nostrum
1937 4538 1983 4593 ι)

330 4597 400 4653 de
441 4598 515 4653 ita
563 4609 727 4653 onera
769 4594 1134 4648 Ecclesiasten
1192 4590 1535 4653 illustrarint,
1587 4590 1903 4653 scriptaque

370 4614 400 4654 e

441 4590 515 4653 ita
563 4609 727 4664 opera
769 4590 1152 4664 Ecclesiasten
1192 4590 1535 4664 illustrarint,
1587 4590 1903 4661 scriptaque

331 4684 432 4724 sua
466 4670 532 4723 ad
562 4658 660 4720 nos
695 4680 867 4734 usque
929 4662 1369 4734 transmiserint_,_
1390 4658 1547 4715 facile
1592 4669 1674 4734 est
1702 4658 1902 4734 nume-

332 4751 475 4793 rare.
544 4729 815 4790 Habemus
852 4735 997 4788 enim
1038 4732 1283 4803 Gregorii
1310 4729 1904 4803 rNeoczesaricnsisin-

332 4820 538 4879 tegram
581 4804 1055 4879 Metaphrasin,_et
1089 4799 1341 4879 Gregorii
1380 4799 1609 4879 Nysseni
1646 4802 1904 4879 ltomilias

328 4871 476 4943 oc'to,
511 4871 919 4949 quibus—caput
978 4874 1322 4949 Ecclesiasta:
1351 4872 1608 4949 primum,
1656 4871 1898 4949 alterum

327 4960 383 5004 et
405 4941 546 5004 δυηὲ
578 4962 645 5003 ex
674 4941 838 5017 parte
872 4945 1092 5017 tertium
1138 4942 1344 5017 diserte
1382 4941 1754 5017 egplanavit“:
1788 4954 1900 5017 tum

328 5023 618 5090 egregium,
670 5011 1161 5090 icommentariuin
1230 5012 1609 5090 Olympiodori
1679 5011 1900 5090 diaconi

324 5083 706 5151 Alexandrini,
730 5100 890 5154 quem
914 5098 1103 5154 revera
1123 5083 1395 5154 Gregorio
1418 5094 1606 5154 nostro
1625 5083 1902 5154 antiquio-

327 5177 445 5215 rem
472 5161 579 5215 alio
611 5149 760 5213 loco'
786 5153 1161 5211 ostendemus.
1203 5149 1299 5205 His
1332 5150 1580 5205 addenda
1639 5149 1903 5222 Synopsis

327 5245 611 5286 sacrorum
644 5228 954 5291 Librorum,
983 5240 1104 5294 quae
1133 5223 1264 5277 olim
1293 5222 1596 5294 Athanasio
1625 5222 1903 5294 tribuebat

327 5313 455 5369 tur;
484 5301 684 5371 quippe
719 5312 749 5350 a
785 5297 924 5350 Cave
962 5291 1195 5371 aliisque
1224 5292 1509 5362 scriptoris
1541 5292 1675 5345 satis
1704 5291 1901 5345 vetusti

282 5382 289 5440 ξ
327 5366 467 5440 opus
504 5366 741 5440 habetur
779 5380 1135 5440 {quanquam
1179 5366 1237 5440 in_
1267 5378 1329 5417 ea
1385 5373 1576 5415 auctor
1626 5376 1900 5440 summam

278 5437 291 5499 ἕ
328 5432 538 5497 tantum
602 5432 944 5491 Ecclesia'sue
992 5432 1287 5495 idelibavit,
1349 5444 1407 5485 ut
1451 5432 1713 5501 propositi
1756 5433 1901 5485 ratio

326 5514 554 5566 ferebat.
593 5508 788 5561 Latere
814 5520 942 5559 vero
972 5506 1149 5557 adhuc
1190 5505 1243 5556 in
1276 5500 1604 5555 bibliotheca
1642 5500 1901 5555 Bavarica

324 5579 673 5638 Pulvchronii
702 5573 1407 5629 DiacouiCommentarium
1433 5574 1483 5624 in
1507 5570 1897 5636 Ecclesiasten,

324 5642 606 5705 adnbtavit
629 5645 894 5700 Meursius
930 5645 1019 5713 (ad
1047 5644 1290 5712 ejusdem
1335 5643 1627 5712 Ἐξήγησιν
1650 5642 1714 5713 in
1737 5643 1897 5695 Cant.

326 5720 522 5791 t-ant.),
552 5721 619 5791 de
651 5729 763 5786 quo
795 5711 957 5768 etiam
998 5723 1080 5791 ter
1106 5711 1602 5791 m_e_n_tio_t_teutfecit
1630 5711 1899 5791 “Labbeus

326 5780 685 5846 (BioJ'Nov:
740 5802 870 5839 mss.
912 5800 963 5852 p.
1008 5783 1097 5845 79,
1149 5782 1273 5845 ιη,
1313 5783 1478 5852 seu);
1535 5791 1590 5852 et
1629 5780 1899 5852 spizenus

322 5863 487 5935 (Cod.
538 5858 747 5928 Basil.).
797 5850 936 5911 Huic
968 5854 1186 5917 demum
1237 5861 1290 5907 ct
1329 5850 1581 5920 Procopii
1622 5850 1899 5921 Sophista:

2020 1952 2251 2017 paratim
2281 1953 2349 2009 de
2382 1952 2586 2012 Davide
2620 1959 2966 2030 interpretari
2996 1963 3291 2031 maluerit;
3318 1964 3463 2035 quod
3500 1964 3604 2020 Sa-

2021 2037 2205 2096 lomon
2237 2059 2454 2115 nempe,
2489 2063 2599 2102 non
2640 2047 3002 2108 Ecclesiastes
3028 2066 3125 2108 rex
3174 2052 3394 2111 lsraelis
3424 2068 3600 2125 agno-

2021 2144 2272 2190 sceretur
2298 2154 2312 2191 :
2342 2137 2456 2208 jam
2492 2138 2540 2197 is
2582 2142 2637 2197 in
2675 2142 2839 2198 aliam
2884 2145 3071 2200 statim
3108 2149 3433 2203 sententiam
3476 2150 3596 2218 ipso

2022 2221 2356 2284 Ecclesiaste
2378 2239 2605 2288 auctore
2646 2237 2914 2303 trahetur,
2946 2254 3069 2294 cum
3089 2241 3252 2308 paulo
3282 2250 3404 2310 post
3431 2256 3592 2311 aper-

2023 2316 2232 2374 tissime
2260 2320 2447 2378 dicat:
2482 2342 2501 2377 ι
2540 2326 2652 2397 Ego
2688 2326 3046 2386 Ecclesiastes
3094 2330 3170 2385 fui
3211 2347 3304 2387 rex
3337 2332 3503 2388 Israel
3540 2333 3597 2389 in

2018 2404 2323 2464 Jerusalem
2406 2411 2543 2484 (16).
2592 2434 2612 2467 ι
2679 2416 2850 2487 Igitur
2898 2420 3214 2489 promiscue
3262 2421 3351 2475 hic
3419 2422 3587 2487 istud,

2025 2515 2045 2549 ι
2086 2497 2199 2554 Rex
2231 2502 2396 2559 Israel
2435 2524 2454 2558 ι
2512 2510 2809 2578 usurpari,
2857 2513 3245 2568 convenienter
3288 2513 3596 2584 opinemur.

2018 2596 2154 2653 Nam
2195 2600 2341 2670 quod
2380 2602 2629 2670 additur,
2698 2625 2717 2657 ι
2769 2622 2933 2678 super
2976 2607 3301 2677 Jerusalem,
3356 2630 3371 2664 ι
3424 2610 3597 2681 siqui-

2017 2690 2139 2745 dem
2194 2693 2412 2749 obviam
2452 2698 2700 2754 attendas
2741 2702 3068 2756 sententiam
3094 2745 3108 2767 ,
3144 2705 3334 2758 urbem
3376 2719 3599 2774 quoque

2017 2784 2278 2851 ostendit,
2320 2785 2374 2840 in
2402 2803 2508 2858 qua
2541 2799 2773 2861 uterque
2810 2791 3126 2849 dominatus
3152 2805 3235 2850 est
3260 2805 3313 2850 et
3346 2796 3511 2852 David
3540 2804 3598 2854 et

2018 2872 2415 2933 Ecclesiastes:
2490 2888 2550 2934 ut
2608 2896 2639 2935 a
2708 2882 2815 2938 loci
2874 2884 3040 2939 etiam
3093 2887 3380 2956 majestate
3414 2887 3597 2961 digni-

2020 2977 2101 3026 tas
2132 2978 2295 3041 atque
2326 2972 2586 3042 splendor
2617 2974 2891 3045 loquentis
2928 2977 3267 3035 interlucent.

2089 3149 2386 3218 Caeterum,
2418 3153 2627 3221 vulgari
2665 3169 2827 3209 sensu
2862 3155 3124 3221 delibato,
3163 3158 3388 3227 gradum
3416 3160 3595 3218 facere

2017 3249 2238 3310 praestat
2269 3241 2335 3295 ad
2358 3242 2530 3296 multo
2569 3243 2892 3313 ampliorem
2938 3245 3068 3300 dicti
3103 3247 3590 3317 significationem,

2015 3341 2070 3387 et
2102 3331 2400 3402 perfecutm
2448 3333 2654 3402 aliquid
2710 3335 2953 3404 cogitare
3001 3345 3164 3407 atque
3199 3338 3423 3394 dicere:
3465 3356 3591 3396 nam

2016 3423 2142 3494 quia
2173 3439 2372 3479 nomen
2402 3423 2704 3480 Jerusalem
2743 3425 2885 3480 Visio
2924 3427 3077 3482 Pacis
3110 3430 3376 3499 redditur,
3401 3448 3594 3502 quem-

2016 3516 2308 3571 admodum
2340 3517 2409 3571 ab
2435 3517 2520 3583 iis,
2574 3518 2665 3587 qui
2702 3518 2817 3574 lucc
2866 3530 2992 3575 ante
3034 3536 3134 3577 nos
3187 3532 3595 3593 pertractarunt

2017 3608 2148 3679 (17),
2179 3610 2514 3678 accepimus,
2562 3610 2795 3666 fortasse
2835 3627 2959 3666 cum
3011 3614 3062 3683 7
3106 3633 3123 3665 ι
3167 3629 3332 3685 super
3370 3615 3592 3674 Jerusa—

2015 3701 2118 3755 lem
2182 3720 2200 3753 ι
2254 3702 2407 3767 dicit,
2462 3717 2628 3773 super
2682 3718 2777 3757 cor
2825 3705 2914 3760 ille
2951 3706 3083 3761 dicit
3121 3708 3473 3778 cupiditatum
3535 3713 3590 3766 in

2015 3880 2229 3935 Scholia
2262 3879 2412 3949 jungi
2450 3891 2679 3949 possunt
2712 3880 2764 3933 in
2796 3878 3091 3935 Proverbia
3123 3889 3175 3935 et
3198 3881 3585 3948 Ecclesiasten,

2012 3968 2133 4021 quae
2158 3948 2904 4021 itLPelli’sreriiBibliotheca”
2931 3949 3102 4005 fuisse
3131 3961 3344 4005 constat
3382 3952 3583 4020 (Mont-

2013 4018 2156 4075 fauc.
2195 4018 2260 4072 Β.
2292 4018 2355 4071 Β.
2380 4034 2432 4087 p.
2467 4018 2600 4087 “98
2634 4020 2730 4086 E);
2776 4035 2837 4072 ac
2865 4018 3106 4074 Venetiis
3152 4022 3313 4073 etiam
3349 4018 3401 4073 in
3443 4021 3581 4075 Mar-

2012 4094 2168 4146 ciana
2186 4088 2478 4152 asservari,
2498 4102 2526 4141 a
2547 4086 3269 4159 Zancttoaccepimuswibl.
3299 4089 3392 4144 Gr.
3414 4090 3579 4147 Marc.

2013 4178 2066 4231 po
2088 4162 2520 4302 (globtmeittarios
2553 4236 2768 4302 contra,
2830 4241 2968 4296 quos
3006 4244 3152 4302 nunc
3187 4232 3399 4302 quidem
3434 4232 3581 4288 desi-

2012 4300 2214 4359 derari,
2238 4311 2293 4354 et
2332 4301 2460 4353 olim
2509 4301 2562 4353 in
2610 4297 2894 4351 hominum
2939 4297 3423 4368 ntanibns'fuissc,
3455 4313 3510 4358 et
3549 4320 3579 4359 a

2011 4369 2274 4440 Gregorio
2324 4380 2513 4425 nostro
2547 4370 2918 4442 Alectosgesse,
2972 4370 3267 4442 verisimile
3327 4382 3428 4436 est,
3457 4375 3582 4442 quis

2010 4438 2201 4514 omnes
2244 4439 2566 4514 recenseat?
2618 4438 2768 4514 multi
2826 4441 2969 4514 enim
3020 4455 3049 4493 e
3101 4438 3583 4514 Grzecisquoque

2014 4512 2267 4568 Patrihus
2296 4512 2349 4565 in
2384 4510 2582 4565 divinis
2622 4507 2801 4563 Libris
2843 4509 3201 4578 explanandis
3241 4507 3585 4568 sedulam'ac

2010 4585 2327 4639 diuturnam
2351 4596 2571 4650 operam
2598 4588 2919 4650 posuerunt.
2954 4579 3108 4634 Mitto
3130 4579 3421 4639 Diodorum
3447 4582 3585 4638 Tar-

2010 4669 2224 4708 sensem
2257 4668 2320 4707 ac
2356 4648 2623 4706 Joannem
2653 4648 3125 4720 Chrysostomum,
3150 4668 3288 4720 quos
3311 4654 3361 4705 in
3391 4668 3581 4709 omnes

2008 4726 2177 4779 libros
2231 4721 2600 4793 Testainentiﬁ
2634 4719 2920 4793 utriusque
2992 4719 3208 4793 Sicholia
3271 4723 3577 4793 reliquisse,

2010 4804 2240 4850 testatur
2275 4791 2475 4847 Suidas
2510 4808 2538 4861 :7
2564 4789 2748 4861 Cyrilli
2795 4788 3273 4861 Ilierosolymitani
3319 4788 3581 4861 tempori-

2006 4867 2109 4921 bus
2144 4862 2487 4933 plnresjam
2530 4860 2582 4913 in
2616 4859 2991 4933 Ecclesiasten
3052 4862 3371 4933 legebantur
3416 4859 3580 4917 Com-

2008 4928 2258 4990 mentarii
2283 4928 2582 5002 primorum
2615 4928 2858 5002 Patrum,
2892 4946 3034 5002 quos
3058 4928 3145 5002 ille
3165 4943 3437 4986 memorat
3467 4934 3580 5002 Ca:

2007 5006 2212 5061 lechesi
2266 4998 2358 5065 iv,
2411 5018 2465 5054 n.
2502 4998 2599 5071 7‘20,
2658 4998 2931 5071 inquiens,
2962 5000 3063 5071 Ὧς
3112 5000 3167 5053 δὲ
3216 5003 3261 5054 οι
3318 5000 3582 5071 ἐξηγηταί

2006 5093 2191 5145 φασιν.
2219 5088 2425 5145 nempe
2449 5070 2515 5124 ad
2544 5080 2711 5138 caput
2741 5085 2815 5123 xu
2850 5068 3212 5145 Ecclesiastes,
3238 5086 3290 5125 v.
3315 5072 3348 5125 4
3368 5089 3382 5138 ;
3401 5068 3583 5140 atque

2004 5139 2070 5201 ex
2090 5147 2308 5206 borum,
2341 5139 2556 5211 opinor,
2588 5154 2820 5211 nume_ro
2848 5147 2966 5211 erat
3001 5139 3325 5211 Hippolytus
3356 5140 3612 5211 martyr;

2005 5218 2092 5270 cui
2130 5207 2600 5271 Commentariurn
2641 5210 2694 5262 in
2739 5207 3123 5264 Ecclesiasten
3166 5207 3360 5264 tribuit
3397 5207 3580 5264 Theo-

2003 5287 2229 5342 doretus
2278 5284 2340 5350 (ι.
2382 5280 2470 5345 IV,
2525 5296 2579 5349 ι).
2626 5277 2738 5348 88).
2792 5278 2875 5333 Ab
2904 5276 3139 5350 Origene
3176 5280 3338 5350 etiam
3380 5280 3578 5333 librum

2003 5357 2255 5412 eumdem
2290 5347 2625 5407 illustratum
2648 5363 2790 5421 esse,
2824 5347 3048 5421 scripsit
3077 5349 3281 5421 Xystus
3316 5347 3580 5404 Senensis

2005 5428 2170 5495 (Bibl.
2208 5424 2392 5495 Sanct.
2429 5423 2523 5476 ιιι).
2565 5421 2721 5495 tv,__in
2758 5418 3237 5495 Drig_.),_ltIe_tho_dii
3266 5434 3396 5473 usus
3422 5422 3578 5495 testi-

2004 5487 2212 5560 monio,
2245 5494 2390 5563 quod
2420 5503 2598 5563 tamen
2632 5487 3228 5563 Iluetius__inMetItodio
3259 5504 3316 5545 se
3344 5491 3581 5563 reperire

2001 5584 2111 5622 non
2170 5558 2410 5634 potuisse
2444 5562 2687 5634 Aaﬂirmat
2728 5559 2814 5634 (in
2850 5558 3160 5634 Origenimt.
3205 5560 3239 5613 Ι.
3278 5574 3367 5634 ιιι,
3414 5575 3468 5612 ιι.
3522 5560 3578 5623 ι,

2004 5648 2138 5691 sect.
2159 5628 2216 5705 Ξ)
2241 5652 2254 5700 ;
2286 5634 2383 5687 sed
2406 5632 2456 5685 id
2486 5634 2669 5705 ipsum
2698 5644 2728 5683 a
2756 5628 3017 5705 Dionysio
3050 5629 3419 5705 Alexandrino
3441 5644 3581 5705 pra:-

2002 5701 2364 5767 stitum'esse,
2390 5702 2586 5771 potiori
2618 5701 2941 5771 auctoritate
2980 5701 3365 5768 comprobatur
3384 5719 3409 5771 γε
3438 5702 3581 5753 idem

2002 5778 2146 5833 enim
2190 5777 2307 5844 ipse
2336 5769 2671 5844 mentionem
2701 5769 2767 5844 de
2796 5772 3193 5844 commentario
3232 5786 3333 5825 suo
3376 5770 3580 5844 faciti"

2002 5838 2236 5917 epistola
2270 5845 2339 5901 ad
2372 5841 2662 5898 Basilidem
2704 5839 2868 5914 (apud
2921 5838 3123 5897 Euseb.
3167 5841 3203 5898 l.
3238 5857 3337 5907 vn,
3367 5857 3419 5897 c.
3453 5840 3582 5909 96);
