4158 6538
302 420 413 484 753

1404 428 1484 488 lN
1526 427 2108 489 ECCLESIASTEN.
2160 453 2231 462 —
2261 390 2409 488 LlB.
2444 425 2491 487 I.

3478 423 3586 489 754

303 535 646 605 κεκτημένον
694 535 964 604 ὠφέλειαν
989 553 1003 567 '
1037 538 1088 591 τί
1125 538 1328 611 δήποτέ
1380 558 1550 612 φησιν
1588 543 1617 595 6
1656 541 1893 610 Ἐκκλη-

2017 555 2203 610 :xpers
2242 541 2586 598 inveniatur:
2614 542 2743 613 quid
2771 539 2991 597 tandem
3022 536 3157 595 dicit
3205 535 3589 604 Ecclesiastes,

305 626 555 698 σιαστὴς,
591 645 610 679 ι
643 627 725 681 re
757 628 940 683 πάντα
967 630 1267 701 ματαιότης
1289 647 1304 695 ;
1329 650 1347 682 ι
1378 633 1441 685 El
1476 632 1579 703 μὲν
1610 632 1722 703 γάρ
1751 634 1900 686 ἐστιν

305 719 457 789 αύτῷ
482 737 550 772 πε
561 718 616 791 ρι
643 719 748 790 τῆς
773 718 994 788 φύσεως
1019 722 1131 773 τῶν
1185 722 1356 777 όντων
1386 724 1415 776 6
1441 723 1601 792 λόγος
1624 763 1640 788 ,
1669 723 1822 777 οὐδὲν
1844 723 1901 777 δὲ

308 811 488 882 μάτην
506 811 774 882 ἐποίησεν
793 814 820 865 6
844 812 997 876 Θεὸς,
1015 813 1155 868 ἀλλά
1180 815 1361 870 πάντα
1381 817 1526 870 καλά
1546 816 1667 869 λίαν
1687 832 1903 887 μεμαρ-

305 902 541 973 τύρηται
590 902 746 973 παρά
800 903 896 956 τοῦ
954 903 1117 973 λόγου
1149 905 1253 976 τῆς
1286 908 1567 979 ἀληθείας,
1599 909 1675 973 ὡς
1703 910 1801 964 καὶ
1830 910 1901 963 δι’

307 996 483 1066 αὐτῆς
515 997 677 1067 ἴσμεν
704 997 809 1068 τῆς
832 998 1053 1070 πείρας·
1089 1001 1220 1055 ποῖά
1240 1019 1401 1072 φησι,
1429 1022 1449 1055 ‹
1475 1004 1557 1057 Τά
1583 1004 1764 1057 πάντα
1794 1021 1902 1075 μα-

305 1089 530 1159 ταιότης
553 1106 569 1155 ;
606 1108 625 1141 ι
653 1090 736 1142 Τά
761 1090 869 1160 μὲν
885 1091 994 1162 γὰρ
1025 1093 1255 1163 οὐράνια
1288 1095 1497 1166 μεγέθη
1525 1114 1583 1149 τε
1607 1096 1703 1150 καὶ
1728 1096 1902 1169 κάλλη

308 1178 453 1248 πρὸς
480 1178 547 1231 τὰ
588 1179 843 1250 χρήσιμα
882 1184 1192 1252 πεφυκέναι
1239 1186 1336 1238 καὶ⁹
1382 1184 1639 1256 λυσιτελῆ
1671 1188 1786 1249 τοῖς
1808 1186 1903 1238 άν-

310 1268 573 1338 θρὼποις,
607 1269 704 1323 καὶ
749 1269 930 1342 πολλῷ
966 1273 1180 1342 μᾶλλον
1204 1274 1591 1347 ἐκδιηγοῦνται
1642 1277 1737 1331 καὶ
1765 1294 1905 1332 κατ-

309 1360 635 1428 αγγέλλουσι
675 1360 769 1415 τοῦ
833 1364 1202 1434 πεποιηκότος
1247 1366 1347 1438 τὴν
1390 1369 1783 1441 μεγαλωσύνην
1810 1371 1907 1424 καὶ

309 1450 493 1517 δόξαν.
542 1453 606 1506 Ἢ
638 1452 697 1507 δὲ
724 1455 799 1524 γῆ
826 1456 923 1508 καὶ
953 1456 1204 1512 θάλασσα
1226 1459 1317 1513 διὰ
1336 1460 1446 1515 τῶν
1471 1462 1787 1533 προσόντων
1809 1462 1907 1516 αύ-

310 1547 438 1609 ταῖς
475 1546 874 1618 ἀναριθμήτων
933 1548 1092 1613 ζώων
1139 1552 1426 1623 τροφίμων
1461 1555 1556 1608 καὶ
1598 1554 1782 1626 μέντοι
1811 1555 1908 1609 καὶ

312 1639 455 1707 πρὸς
481 1638 706 1709 θητείαν
750 1641 1074 1712 ἐπιτηδείων
1099 1659 1116 1675 ο
1152 1644 1245 1697 καὶ
1272 1644 1383 1699 τῶν
1416 1645 1594 1700 ἄλλων
1640 1648 1907 1702 παντοδα-

313 1730 435 1782 πῶν
462 1730 647 1799 φυτῶν
676 1732 976 1802 ἐγκάρπων
1005 1735 1099 1787 καὶ
1127 1735 1419 1807 ἀκάρπων,
1452 1739 1548 1793 καὶ
1578 1740 1689 1794 τῶν
1724 1740 1907 1795 ποικί-

311 1820 423 1876 λων
459 1823 766 1895 σπορίμων,
805 1825 872 1879 δι’
900 1818 974 1880 ὧν
1019 1828 1052 1897 ἠ
1085 1826 1200 1899 ζωὴ
1249 1828 1361 1883 τῶν
1404 1829 1713 1902 ἀνθρώπων
1743 1850 1904 1904 ποριο

315 1913 523 1984 ζομένη
580 1914 642 1969 τὸ
697 1915 936 1988 εὔοσμον
960 1918 1057 1973 καὶ
1102 1920 1337 1991 τερπνὸν
1381 1922 1477 1975 καὶ
1532 1924 1803 1994 τρόφιμον
1840 1926 1907 1979 ἐκ

316 2007 645 2075 περιουσίας
675 2009 994 2064 συνίσταται
1033 2011 1130 2063 καὶ
1170 2012 1666 2083 περισώζεταικαλ.
1704 2016 1908 2084 φυλάτ-

314 2114 500 2152 τεται’
537 2098 633 2153 καὶ
690 2102 994 2172 προσκυνεῖ
1050 2102 1147 2155 καὶ
1193 2103 1407 2170 δοξάζει
1435 2104 1529 2159 τὸν
1578 2106 1785 2175 ἀγαθὸν
1811 2107 1907 2161 καὶ

316 2188 596 2255 πάνσοφον
632 2191 868 2261 ποιητὴν
915 2189 1028 2243 τῶν
1064 2191 1343 2247 ἁπάντων.
1382 2192 1602 2247 Ἔοικεν
1641 2190 1734 2249 οὖν
1764 2196 1905 2266 μᾶλ-

315 2281 411 2335 λον
438 2282 467 2334 6
510 2281 945 2353 Ἐκκλησιαστὴς
967 2282 1044 2354 τῷ
1075 2283 1310 2337 καθόλου
1344 2286 1697 2357 χρησάμενος
1731 2305 1904 2360 προσο

313 2373 585 2445 διορισμῷ
618 2375 798 2445 μάτην
834 2374 930 2427 τοῦ
964 2374 1195 2445 ματαίου
1223 2375 1324 2447 τὴν
1359 2376 1518 2443 δόξαν
1568 2378 1663 2432 καὶ
1707 2380 1767 2434 ἐν
1793 2382 1907 2445 τοῖς

320 2466 481 2529 ἰδίοις
525 2467 768 2538 ῥήμασιν
817 2467 961 2536 ἔχων
991 2469 1104 2529 τοῖς
1126 2468 1594 2539 ἀποφαινομένοις
1623 2466 1767 2525 εἶναι
1804 2490 1905 2543 μαο

314 2558 580 2628 ταιότητα
614 2557 796 2611 πάντα
821 2558 912 2611 τὸν
965 2556 1194 2627 κόσμον.
1238 2558 1363 2623 Πῶς
1412 2559 1522 2629 γάρ
1566 2561 1679 2626 ἔξει
1717 2561 1904 2634 χώραν

316 2648 375 2699 ὲν
430 2646 644 2711 τούτοις
688 2648 754 2701 τὸ
806 2647 1030 2702 σύνολον
1084 2650 1117 2721 ἡ
1164 2650 1511 2723 προσηγορία
1535 2652 1635 2724 τῆς
1672 2654 1905 2724 ματαιό-

314 2753 519 2809 τητος;

401 2830 542 2883 Ἀλλ’
572 2829 816 2901 εὔδηλον,
850 2830 926 2893 ὡς
955 2829 1078 2902 οὐχὶ
1107 2831 1237 2902 περὶ
1282 2831 1394 2885 τῶν
1417 2832 1522 2886 ὑπὸ
1560 2832 1654 2886 τοῦ
1685 2833 1903 2902 ἀγαθοῦ

315 2923 411 2977 καὶ
444 2923 722 2990 πανσόφου
751 2923 847 2975 καὶ
875 2923 1191 2994 ύπερκάλου
1217 2923 1567 2995 Δημιουργοῦ
1597 2927 1903 2993 γεγονότων

320 3014 684 3085 προεϐάλλετο
704 3014 805 3082 τὴν
834 3014 1095 3085 τοιαύτην
1113 3015 1414 3086 ὀνομασίαν
1435 3028 1451 3044 ⁸
1485 3015 1622 3071 ἀλλὰ
1651 3017 1780 3090 περὶ
1805 3019 1903 3088 μό-

318 3124 426 3160 νων
462 3105 572 3159 τῶν
607 3104 760 3175 παρὰ
788 3106 887 3176 τῆς
920 3105 1207 3178 μοχθηρᾶς
1265 3107 1359 3160 καὶ
1393 3105 1607 3177 φαύλης
1643 3110 1897 3180 προαιρέ.

322 3214 459 3261 σεως
485 3196 595 3250 τῶν
652 3195 957 3268 ἀνθρώπων
987 3198 1400 3270 ἐνεργουμένων
1433 3199 1611 3270 μάτην
1631 3239 1645 3265 ,
1690 3200 1724 3271 ἢ
1758 3203 1901 3256 κατά

321 3287 620 3358 διάνοιανῆ
655 3286 800 3341 κατὰ
845 3288 1005 3357 λόγον
1057 3290 1090 3360 ἢ
1131 3288 1276 3343 κατὰ
1334 3289 1534 3362 πρᾶξιν
1563 3304 1579 3323 ⁶
1634 3290 1705 3345 δι’
1763 3288 1838 3347 ὧν
1878 3296 1907 3349 6

324 3419 596 3491 plerisque
625 3432 906 3491 sacrarum
962 3417 1294 3491 Litterarum
1334 3421 1474 3475 locis
1514 3422 1597 3476 vel
1641 3423 1909 3478 instituta:

326 3489 529 3563 essent,
564 3490 644 3542 vel
668 3489 880 3563 institui
914 3490 1217 3543 etiamdum
1240 3502 1501 3563 possent.
1533 3492 1625 3557 At,
1668 3509 1790 3546 cum
1824 3509 1910 3563 po-

328 3560 657 3630 puli,‘quetn
676 3560 920 3632 quisque
951 3570 1185 3627 regeret,
1238 3560 1442 3632 bonum
1510 3564 1748 3617 maxime
1782 3560 1908 3632 spe-

329 3642 568 3689 ctarent,
592 3640 646 3681 et
676 3630 815 3682 hanc
834 3644 1104 3683 summam
1128 3644 1249 3683 esse
1265 3631 1547 3693 ducerent,
1565 3634 1608 3686 si
1635 3630 1910 3688 auditores

329 3715 453 3754 cum
494 3698 739 3754 veritatis
806 3698 1125 3766 cognitione
1192 3701 1329 3754 bene
1383 3701 1598 3755 vivendi
1663 3704 1908 3757 studium

330 3770 767 3843 conjunge‘rentj
794 3771 1198 3843 rso‘ntroversiis
1223 3770 1329 3843 illis
1361 3785 1485 3823 raro
1504 3771 1913 3843 delibatis,qu:e

334 3839 531 3894 melius
600 3838 654 3892 itt
718 3838 930 3893 Scholis
998 3838 1328 3894 Christianis
1384 3843 1766 3896 tractabantur
1807 3838 1914 3897 'ad

332 3908 716 3980 Alexandrina:
748 3908 1238 3980 esetnplumsquae
1288 3909 1577 3964 doctorum
1640 3915 1912 3980 sapientia

335 3991 389 4034 et
418 3979 727 4033 eruditione
791 3979 1025 4048 insignis
1082 3978 1206 4042 lttit,
1270 3980 1533 4048 populum
1599 3978 1789 4035 rudem
1859 3992 1916 4037 et

337 4050 629 4118 penitioris
651 4050 915 4103 doctrina:
946 4050 1320 4116 impatientem
1349 4051 1456 4103 alia
1500 4052 1712 4105 ratione
1757 4052 1917 4105 insti—

340 4119 603 4173 tuendum
624 4134 745 4191 esse
759 4129 1115 4173 censuerunt.
1150 4119 1380 4191 Sieqorta
1402 4120 1498 4191 illa
1526 4122 1917 4191 interpretandi

338 4189 678 4243 consuetudo
711 4205 804 4258 per
849 4198 1034 4257 tropos
1071 4197 1141 4260 iet
1183 4189 1527 4260 allegoriam,
1573 4195 1624 4245 in
1657 4189 1918 4246 vitiorum

344 4260 462 4313 fere
497 4260 853 4313 insectatione
910 4275 972 4313 ac
1014 4259 1314 4329 _virtutum’
1355 4262 1511 4315 laude
1549 4262 1917 4329 triumphans,

348 4344 518 4398 quam
550 4343 613 4382 ea
665 4329 967 4398 impensius
1014 4327 1204 4383 Patres
1243 4330 1463 4398 quidam
1501 4327 1778 4394 amarunt,
1811 4346 1922 4399 quo

342 4399 553 4471 populi,
584 4414 744 4467 quem
775 4401 1107 4471 excolerent,
1155 4401 1379 4454 auribus
1418 4410 1584 4470 atque
1610 4402 1808 4456 animis
1833 4402 1924 4471 ju-

343 4468 581 4522 cundior
616 4471 914 4537 utiliorque
940 4468 1228 4522 videbatur
1258 4489 1271 4525 :
1301 4468 1568 4538 neque—id
1596 4481 1776 4524 tamen
1804 4468 1923 4525 sine

343 4541 675 4593 auctoritate
705 4538 973 4611 fecerunt,
1002 4552 1125 4611 cunt
1150 4539 1291 4594 hanc
1316 4541 1489 4605 ipsam
1527 4542 1917 4611 interpretandi

344 4612 616 4662 rationem
677 4610 1025 4681 ostendisset
1066 4606 1277 4681 Paulus
1327 4612 1628 4681 apostolus,
1670 4606 1919 4681 "quocum

343 4694 532 4750 errare
565 4693 672 4731 non
696 4678 1079 4750 poterantlAd
1112 4678 1290 4733 Galat.
1314 4680 1476 4743 tv,2«i
1506 4678 1707 4750 seqq);

419 4748 589 4820 Porro
620 4765 691 4820 ne,
739 4757 850 4802 tum
882 4749 1104 4820 quidem
1150 4763 1345 4803 omnes
1383 4748 1690 4804 sermonem
1746 4750 1928 4820 hujus.

350 4818 498 4873 modi
533 4819 852 4887 popularem
874 4818 1267 4873 eteruditionis
1284 4830 1558 4888 expertem
1580 4818 1879 4888 probabant
1910 4839 1923 4875 :

350 4903 452 4943 nec
476 4888 717 4959 deluere,
762 4889 857 4957 qni
899 4904 1154 4959 magnum
1221 4890 1398 4957 ipsum
1457 4891 1715 4944 Basiliam
1754 4907 1929 4959 repre-

352 4958 672 5030 henderent,
704 4959 850 5027 quod
902 4959 954 5011 itt
992 4958 1327 5013 llexaemero
1374 4961 1716 5028 explananda
1787 4958 1932 5030 quie-

353 5028 564 5100 s_tiones
615 5030 885 5100 quasdam
953 5029 1162 5082 nobiles
1210 5032 1648 5098 praetermisisset
1694 5047 1708 5083 :
1764 5028 1925 5100 quem

351 5098 927 5170 Gregoriuslraterstc
948 5100 1187 5153 defendit
1207 5101 1337 5170 (sub
1364 5101 1480 5152 init.
1502 5101 1621 5154 libri
1647 5102 1698 5154 in
1733 5098 1927 5170 illm):

353 5168 417 5241 9i
442 5168 615 5241 ταῦτα
636 5169 817 5220 τοίνυν
854 5171 947 5241 καὶ
967 5172 1034 5222 τὰ
1063 5169 1288 5241 τοιαῦτα
1325 5170 1696 5241 προφέροντες
1737 5170 1798 5223 οὔ
1838 5168 1929 5241 μοι

354 5236 621 5311 δοκοῦσιν.
667 5240 1007 5311 ἐπεσκέφθαι
1042 5240 1134 5311 τον
1180 5236 1383 5291 σκοπὸν
1422 5236 1525 5311 τῆς
1564 5239 1659 5292 τοῦ
1720 5236 1932 5311 Πατρὸς

354 5306 518 5381 miti}!
548 5306 919 5381 διδασκαλίας,
956 5309 1015 5381 ὃς
1071 5310 1231 5381 δήμῳ
1277 5306 1516 5379 τοσούτῳ
1549 5306 1933 5381 διαλεγόμενος

357 5379 416 5428 ἐν
462 5376 761 5451 Ἐκκλησία
791 5382 857 5449 τῇ
888 5376 1663 5451 πολυανδρούσῃ,κατάλληλον
1682 5376 1738 5447 ἐξ
1764 5376 1934 5449 ἀνάγ·

357 5394 416 5428 εν
480 5394 761 5448 mxumae;
791 5394 857 5449 τῃ
888 5394 1314 5501 πολυανορουσεὲ,
1331 5394 1663 5451 κατάλληλον
1682 5394 1738 5447 ες
1764 5394 1934 5449 ἀναγ-

356 5462 465 5523 κῃς
490 5450 725 5523 ἐποιεῖτο
752 5448 1221 5523 τοῖςδεχομένοις
1246 5467 1275 5500 τ
1309 5468 1337 5523 ν
1370 5450 1552 5523 λόγον’
1584 5454 1641 5503 ὲν
1675 5457 1784 5523 γὰρ
1805 5468 1934 5523 τοσ-

356 5517 542 5593 ούτοις
590 5521 709 5593 τοῖς
745 5517 1024 5593 ἀκούουσι
1050 5518 1235 5593 πολλοὶ
1281 5519 1565 5593 μὲν-ἦσαν
1615 5517 1709 5574 καὶ
1751 5517 1799 5575 οἱ
1831 5522 1937 5574 τῶν

361 5585 718 5656 ὑψηλοτέρων
742 5588 1024 5651 ἐπαΐοντες
1054 5588 1256 5656 λόγων
1283 5585 1732 5655 ’πολλαπλασίους
1775 5593 1834 5645 δὲ
1888 5591 1940 5643 οἱ

362 5657 463 5725 τῆς
488 5656 829 5732 λεπτοτέρας
859 5658 1158 5732 ἐξετάσεως
1204 5659 1657 5732 τῶν-νοημάτων
1702 5663 1804 5716 ούκ
1840 5662 1939 5730 ἐφ-

368 5725 705 5799 ικνούμενοι,
724 5725 932 5799 ἀνδρες
960 5728 1168 5781 ἰδιῶται
1198 5733 1293 5782 καὶ
1323 5725 1582 5799 βάναυσοι
1607 5733 1728 5795 ταῖς
1766 5725 1942 5785 ἐπιδί-

366 5795 549 5870 ςρρίοις
569 5795 871 5870 ἐργασίαις
904 5798 1277 5870 προσασχολού
1287 5795 1459 5869 μενοι,
1492 5803 1628 5854 καὶὸ
1649 5803 1706 5853 ἐν
1726 5800 1941 5870 γυναιξὶ

365 5865 495 5942 λαὸς
524 5865 633 5942 τῶν
644 5868 927 5942 *τοιούτων
952 5865 1317 5942 μαθημάτων
1353 5865 1749 5942 ἀγύμναστος(
1772 5872 1863 5924 καὶ
1884 5941 1888 5942 ί
1907 5873 1939 5942 ἡ

369 5937 584 5991 νεολαία
602 5938 707 5994 τῶν
741 5937 1085 6008 παίδωνβαὶ
1110 5942 1157 5992 oi
1200 5937 1651 6013 παρηλικέστεροι
1679 5944 1819 5997 κατὰ
1848 5937 1939 5997 τὸν

1932 3255 1975 3313 C

2011 650 2031 684 ι
2065 631 2260 687 Omnia
2294 633 2549 690 vanitas?
2583 652 2603 687 ›
2656 647 2783 688 nam
2816 631 2955 688 side
2998 643 3182 685 rerum
3204 667 3221 692 ,
3267 643 3389 698 qua:
3440 636 3590 692 sunt,

2004 732 2204 779 natura
2235 739 2546 780 sermonem
2575 724 2760 791 habet,
2799 736 3032 795 quarum
3062 720 3205 777 Deus
3238 719 3445 775 nullam
3470 719 3594 775 sine

2005 827 2171 870 causa
2205 813 2355 880 fecit,
2384 830 2632 885 quasque
2664 814 2841 869 bonas
2887 809 3183 866 admodum
3237 821 3362 864 esse
3398 821 3593 863 omnes

2004 916 2059 961 et
2106 905 2399 963 verissimo
2444 908 2589 962 idem
2629 903 2951 962 testimonio
2991 902 3283 958 allirmavit
3310 942 3327 967 ,
3378 908 3435 957 et
3488 914 3594 956 nos

2008 997 2116 1069 ipsi
2145 998 2479 1069 experiendo
2509 999 2806 1065 novimus;
2833 998 2927 1067 qui
2957 994 3140 1067 potuit
3163 993 3364 1059 dicere,
3407 1011 3426 1045 ι
3460 990 3596 1049 Om-

2006 1091 2096 1144 nia
2118 1089 2377 1145 vanitas?
2403 1108 2422 1142 ι
2456 1090 2717 1145 Ceelestes
2740 1088 2886 1143 enim
2916 1085 3325 1158 magnitudines
3348 1085 3596 1156 pulchri-

2006 1183 2333 1254 tudinesque
2378 1193 2612 1254 quantas
2652 1182 2891 1237 habeant
2958 1178 3242 1245 utilitates,
3290 1187 3347 1235 et
3389 1186 3596 1249 quanta

2007 1274 2328 1331 hominibus
2376 1274 2664 1330 commoda
2732 1273 3054 1344 important,
3109 1270 3240 1342 ipsa:
3291 1269 3593 1333 declarant,

2007 1364 2293 1434 multoque
2325 1365 2500 1433 magis
2531 1363 2845 1420 Conditoris
2877 1363 3222 1433 maiestatem
3266 1370 3323 1417 et
3365 1362 3593 1433 gloriam

2006 1458 2428 1525 commendant;
2458 1469 2602 1513 terra
2627 1473 2758 1513 vero
2788 1471 2854 1513 ac
2874 1471 3047 1518 mare,
3074 1470 3200 1510 cum
3224 1454 3599 1510 innumerabi-

2007 1550 2077 1606 lia
2113 1552 2360 1606 nutriant
2391 1550 2687 1605 animantia
2713 1565 2820 1606 non
2847 1548 3010 1604 modo
3035 1547 3101 1604 ad
3127 1562 3282 1604 esum
3308 1547 3402 1603 sed
3430 1547 3595 1603 etiam

2008 1642 2074 1697 ad
2116 1642 2436 1697 servitutem
2471 1639 2708 1705 idonea;
2744 1653 2980 1709 cumque
3009 1645 3158 1693 tanta
3186 1636 3259 1694 sit
3290 1637 3597 1708 plantarum

2008 1734 2190 1791 omnis
2220 1733 2437 1805 generis
2479 1730 2660 1803 copia,
2707 1740 2853 1786 tanta
2909 1730 3185 1785 fructuum
3237 1736 3597 1798 satorumque

2010 1826 2264 1891 varietas,
2295 1825 2499 1896 quibus
2521 1824 2745 1882 suffulta
2787 1823 3073 1878 hominum
3103 1821 3215 1877 vita
3252 1821 3404 1892 large
3433 1828 3598 1891 atque

1940 1899 1983 1953 Β
2016 1920 2081 1975 ad
2111 1918 2431 1975 suavitatem
2464 1931 2642 1988 usque
2681 1915 3195 1987 iucunditatemque
3245 1913 3430 1981 alitur,
3462 1927 3598 1969 eon-

2014 2012 2279 2079 stituitur,
2309 2020 2687 2078 conservatur,
2716 2012 3061 2078 custoditur;
3093 2025 3273 2065 nonne
3303 2010 3389 2066 bis
3418 2009 3600 2066 ontni~

2013 2107 2116 2163 bus
2146 2107 2352 2162 bonum
2403 2116 2457 2162 et
2500 2121 2715 2162 summe
2750 2105 3058 2176 sapientem
3115 2118 3302 2161 rerum
3350 2104 3595 2159 omnium

2011 2200 2365 2256 Conditorem
2396 2211 2450 2254 et
2483 2207 2789 2271 agnoscunt
2818 2207 2873 2255 et
2902 2197 3235 2269 praedicant?
3265 2196 3447 2264 Quare
3473 2212 3599 2267 per-

2012 2308 2198 2364 peram
2226 2292 2407 2364 potius
2432 2290 2791 2347 Ecclesiastes
2829 2288 3146 2346 definitione
3177 2288 3266 2343 illa
3297 2288 3597 2359 generatim

2012 2384 2334 2454 complexus
2359 2381 2597 2453 singula,
2628 2387 2948 2450 conceptam
2973 2377 3159 2433 animo
3198 2374 3455 2431 vanitatis
3483 2374 3600 2444 opi-

2012 2479 2230 2533 nionem
2292 2474 2472 2531 verbis
2531 2487 2752 2544 quoque
2817 2471 2887 2527 ad
2953 2468 3221 2525 mundum
3278 2468 3595 2523 universum

2012 2568 2310 2640 protulisse
2339 2567 2588 2621 videatur
2635 2585 2648 2620 :
2707 2578 2832 2618 cum
2882 2562 3093 2616 nullum
3136 2559 3295 2630 plane
3338 2559 3517 2614 locum
3541 2555 3598 2613 in

2014 2661 2099 2717 his
2131 2660 2223 2716 illa
2256 2657 2519 2713 vanitatis
2562 2655 2854 2727 appellatio
2886 2654 3086 2709 habere
3119 2651 3315 2722 pOSSit.

2080 2830 2244 2900 Atqui
2282 2829 2477 2898 liquet,
2517 2824 3023 2883 denominationem
3056 2822 3328 2893 ejusmodi
3378 2837 3491 2878 non
3520 2821 3592 2876 de

2010 2924 2138 2981 boni
2163 2933 2216 2978 et
2264 2936 2528 2993 perquam
2586 2919 2847 2990 sapientis
2891 2917 3317 2989 praestantisque
3357 2914 3600 2970 Artiﬁcis

2011 3016 2275 3087 operibus
2329 3014 2605 3069 inductam
2641 3028 2783 3079 esse,
2826 3011 2922 3067 sed
2964 3010 3033 3065 de
3080 3010 3147 3065 iis
3202 3018 3439 3073 tantum,
3474 3022 3599 3079 qua:

2011 3112 2261 3184 improbo
2296 3124 2580 3180 pravoque
2639 3108 2922 3163 hominum
2965 3105 3171 3161 frustra
3222 3103 3592 3159 annitentinm

2010 3204 2243 3261 consilio
2277 3203 2434 3266 liunt,
2476 3200 2530 3254 itt
2564 3199 2766 3270 quibus
2796 3208 2891 3253 aut
2918 3198 3251 3270 cegitatione
3285 3204 3381 3251 aut
3412 3195 3601 3251 verbis

2009 3304 2105 3351 aut
2131 3293 2291 3349 factis
2325 3292 2588 3347 labuntur
2618 3289 2731 3362 (l9)
2766 3308 2780 3345 :
2824 3290 3011 3359 itaque
3037 3289 3134 3359 qui
3168 3287 3425 3344 sublimis
3447 3295 3587 3353 erat,

2011 3422 2223 3494 χρόνον,
2269 3420 2481 3494 πάντες
2508 3412 2657 3494 οὗτοι
2689 3420 2812 3494 τῶν,
2842 3420 3102 3494 τοιούτων
3140 3418 3351 3494 ἐδέοντο
3401 3418 3596 3488 λόγων,

2010 3489 2121 3546 τῶν
2147 3492 2457 3563 μετάντινος
2484 3492 2757 3563 εύλήτξτου
2786 3489 3262 3563 ψυχαγωγίας-διὰ
3290 3490 3388 3563 τῆς
3414 3506 3603 3563 (paulo:

2015 3558 2189 3634 μένης
2214 3562 2442 3634 κτίσεως
2476 3562 2572 3634 καὶ
2594 3558 2704 3634 τῷν
2730 3558 2991 3634 ἐνταύτῃ
3022 3560 3208 3612 καλῶν
3232 3558 3366 3629 πρὸς
3389 3559 3488 3634 τῂν
3504 3560 3601 3614 τοῦ

2014 3629 2384 3704 πεποιηκότος
2438 3632 2504 3684 τὰ
2565 3631 2746 3704 πάντα
2817 3629 3038 3704 γνῶσιν
3085 3629 3597 3704 χειραγωγούντων.

2016 3703 2072 3757 Id
2112 3700 2244 3757 est':
2282 3701 2386 3765 Qui
2416 3704 2527 3754 htec
2555 3712 2603 3755 et
2636 3702 2748 3754 alia
2779 3700 3041 3769 ejusmodi
3084 3700 3393 3769 loquuntur,
3426 3700 3481 3752 hi
3503 3702 3603 3754 mi-

2016 3774 2070 3826 hi
2112 3790 2217 3826 non
2267 3773 2510 3827 uidentur
2541 3772 2873 3840 propositum
2908 3770 3302 3840 patris_nostri
3339 3769 3602 3825 doctrinm

2016 3845 2176 3912 ﬁnem
2214 3842 2437 3905 intueri,
2468 3838 2662 3912 quiin
2698 3838 3032 3910 amplisSima
3055 3838 3321 3912 ‘Ecclesia
3348 3841 3602 3912 populum

2020 3908 2509 3981 frequentissimum.
2526 3908 2821 3980 alloquens,
2845 3927 2941 3981 pro
2959 3908 3284 3963 audientium
3306 3910 3602 3981 intelligen-

2020 3985 2095 4036 tia
2114 3978 2417 4035 sermonem
2446 3978 2854 4035 moderabatur;
2877 3978 2962 4048 tln
3004 3988 3153 4031 tanta
3182 3981 3319 4032 enim
3360 3978 3602 4032 multitu-

2019 4054 2144 4105 dine
2173 4052 2295 4105 licet
2327 4059 2498 4104 essent
2530 4050 2705 4111 multi,
2740 4052 2831 4119 qui
2868 4051 3084 4102 altiores
3110 4049 3269 4102 etiam
3286 4049 3603 4119 disputatio-

2022 4139 2109 4176 nes
2149 4121 2521 4189 intelligerent,
2571 4118 2793 4187 plurimi
2829 4129 3005 4189 tanien
3036 4119 3293 4189 doctrina:
3324 4118 3601 4189 subtilita-

2024 4204 2125 4247 tent
2158 4209 2259 4245 non
2290 4188 2592 4259 capiebant,
2639 4199 2819 4258 utpote
2865 4188 3100 4242 homines
3158 4188 3390 4259 imperiti
3446 4198 3603 4258 atque

2023 4262 2233 4331 opiﬁces
2270 4271 2319 4313 et
2356 4258 2922 4331 negotiis/inutilibus
2954 4258 3217 4331 occupati,
3252 4267 3301 4311 et
3352 4259 3600 4312 mulieres

2025 4328 2081 4385 in
2112 4328 2381 4400 ejusmodi
2420 4329 2717 4397 disciplinis
2748 4330 2962 4382 minime
2997 4328 3318 4393 exercitatae,
3377 4336 3427 4382 et
3479 4345 3606 4396 pue—

2028 4417 2208 4456 rorum
2257 4400 2432 4461 turba,
2470 4410 2728 4469 wtateque
2762 4400 3021 4469 provecti
3074 4414 3243 4469 senes,
3292 4400 3382 4467 qui
3425 4414 3604 4452 omnes

2026 4472 2266 4525 oratione
2302 4470 2451 4539 facili
2480 4467 2800 4524 instituendi
2834 4467 3206 4537 recreandique
3237 4478 3409 4533 erant,
3439 4478 3489 4522 et
3515 4485 3607 4536 per

2030 4558 2113 4595 res
2143 4549 2471 4609 procreatas,
2504 4555 2622 4609 qua:
2651 4549 2956 4604 cernuntur,
2991 4554 3277 4607 earumque
3304 4539 3603 4605 pulchritu-

1952 4596 1995 4651 Ῑ)
2024 4596 2200 4664 άὲηεήι
2223 4612 2291 4662 ad
2332 4596 2772 4664 rernm'omnium
2798 4596 3080 4664 Auctorem
3122 4596 3608 4679 procreatoremque

2026 4681 2338 4736 deducendi.

2100 4751 2317 4821 (19)'lta
2349 4764 2481 4805 sane
2511 4749 2659 4804 hunc
2703 4750 2908 4821 locum,
2963 4749 3405 4819 quandocunque
3442 4764 3602 4805 usur—

2030 4819 2162 4892 pare
2192 4837 2333 4889 opus
2375 4820 2498 4892 luit,
2529 4821 2777 4892 plerique
2812 4819 3034 4892 Patrum
3060 4821 3606 4892 interpretatiLsnnt,

2030 4888 2244 4961 quibus
2266 4891 2477 4959 praaivit
2514 4888 2812 4960 Gregorius
2860 4888 3350 4961 rNeoetcsariensis,
3399 4889 3605 4961 dictum

2032 4958 2113 5017 sic
2149 4958 2432 5029 explicans
2467 4978 2480 5014 :
2517 4961 2603 5023 Ὠς
2628 4958 2760 5013 κενὰ
2785 4960 2881 5012 καὶ
2915 4959 3152 5028 ἀνόνητα
3183 4959 3252 5011 τὰ
3274 4958 3609 5029 τῶνάνθρώ-

2032 5050 2150 5084 πων
2185 5028 2490 5102 πράγματά
2510 5048 2571 5083 τε
2598 5030 2693 5082 καὶ
2712 5030 3122 5102 σπουδάσματα,
3142 5028 3241 5102 δσα
3268 5028 3605 5097 ἀνθρώπινα·

2031 5103 2150 5155 οὐδὲ
2178 5098 2286 5171 γὰρ
2311 5102 2421 5171 ἔχει
2450 5118 2534 5171 τις
2565 5102 2739 5153 εἰπεῖν
2771 5098 2961 5166 ὄφελός
2982 5116 3037 5171 τι
3062 5098 3273 5161 τούτοις
3295 5115 3607 5171 προσηρτη’

2037 5167 2220 5243 μένον,
2254 5167 2398 5241 ἅπερ
2419 5170 2838 5243 ἄνθρωποιπερι
2852 5170 2957 5243 γῆν
2981 5168 3366 5243 ἕρποντες-καὶ
3391 5167 3607 5243 σώμασι

2035 5239 2126 5295 καὶ
2164 5239 2679 5311 ψυχαῖςέκτελέσαι
2708 5240 3015 5311 σπεύδουσι,
3051 5239 3167 5311 τῶν
3213 5240 3607 5311 μὲνᾼπροσκαί-

2040 5329 2145 5384 ρων
2173 5308 2306 5384 ᾖττῃ
2317 5314 2491 5384 μένοι,
2521 5311 2778 5384 ἀνωτέρω
2807 5309 2886 5384 δὲ.
2899 5309 3006 5361 τῶν
3030 5310 3246 5384 ἄστρων
3270 5308 3345 5384 τῷ
3374 5310 3611 5384 ,γενναίῳ

2036 5377 2134 5453 τῆς
2156 5377 2339 5451 ψυχῆς
2369 5380 2578 5450 ὄμματι
2608 5380 2716 5431 οὐδ’
2744 5377 2934 5453 ότιοῦν
2982 5379 3220 5430 κατιδεῖν
3272 5378 3607 5453 βουλόμενοι.

2039 5448 2102 5507 Ιιί
2126 5448 2609 5515 εὲιζοιιαήιίυαηα
2657 5459 2705 5502 et
2757 5448 2970 5503 inutilia
2992 5459 3113 5500 sunt
3150 5451 3325 5502 omnia
3353 5466 3413 5502 ca
3441 5450 3612 5501 homi-

2040 5539 2165 5575 num
2192 5523 2403 5590 negotia
2427 5528 2477 5574 et
2502 5522 2705 5583 studia,
2730 5536 2845 5590 qua:
2882 5522 2937 5573 in
2976 5521 3219 5573 humanis
3250 5519 3399 5573 rebus
3446 5520 3613 5572 susci-

2038 5589 2296 5662 piuntur!
2329 5606 2478 5644 nemo
2513 5589 2788 5662 enimest,
2820 5592 2911 5660 qui
2951 5590 3238 5662 utilitatem
3278 5589 3446 5662 ullam
3478 5606 3613 5662 cum

2043 5660 2111 5717 iis
2140 5660 2478 5729 conjunctam
2503 5676 2613 5714 esse
2640 5660 2813 5713 dicere
2851 5660 3040 5729 possit,
3071 5675 3187 5724 qua:
3215 5660 3448 5713 homines
3467 5660 3612 5713 humi

2043 5741 2303 5802 reptantes
2316 5740 2365 5802 et
2390 5732 2697 5800 corporibus
2721 5740 2768 5784 et
2791 5732 2981 5784 animis
3004 5731 3249 5802 perﬁcere
3268 5732 3609 5790 contendunt,

2045 5799 2196 5858 rebus
2224 5799 2442 5854 caducis
2490 5812 2538 5854 et
2587 5802 2924 5870 temporariis
2979 5799 3204 5864 addicti,
3240 5818 3400 5870 supra
3435 5802 3613 5854 sidera

2045 5888 2287 5944 generoso
2321 5872 2526 5944 animus
2549 5873 2700 5926 oculo
2740 5888 2804 5926 ne
2838 5871 3105 5925 tantillum
3142 5871 3349 5943 quidem
3384 5874 3612 5943 aspicere

2050 5942 2267 6019 colentes
2319 5942 2444 6015 (lnt.
2479 5942 2793 6014 Metaphr.).
