4158 6548
603 380 710 448 ’ῖπῦ

1732 390 1799 473 s,
1821 376 2199 453 GREGORII
2239 392 2749 456 AGRIGENTINI

3770 394 3867 459 756

603 491 828 549 humilis
844 491 925 553 ﬁt.
952 492 1157 564 quique
1182 494 1247 549 ad
1272 494 1516 552 coelestia
1544 500 1965 569 contemplanda
1996 510 2181 565 natus,

2295 504 2495 576 ὑψηλὸς
2532 504 2743 575 γίνεται
2783 500 3062 568 ταπεινὸς,
3114 500 3207 556 καὶ
3259 502 3289 554 ὁ
3344 499 3411 556 τὰ
3459 500 3575 556 ἄνω
3615 506 3862 572 πεφυκὼς

604 584 859 639 inferiora
890 584 1064 640 inhiat
1085 585 1409 656 insipienter
1440 606 1455 642 :
1486 597 1599 644 tum
1631 591 1724 662 qui
1761 592 1816 647 in
1848 592 2057 648 honore
2092 594 2188 648 ha-

603 679 853 745 bebatur,
910 679 1255 749 stupidarum
1298 682 1571 753 pecudum
1603 684 2027 741 similitudinem
2062 702 2187 758 spe-

602 773 854 842 ciemque
891 774 1066 844 gerit;
1097 782 1152 831 et
1181 776 1276 844 qui
1309 777 1458 847 regia
1491 779 1757 850 dignitate
1798 793 1996 838 auctus
2036 785 2186 853 priu-

600 863 773 932 cipari
797 874 1063 934 cmperat,
1096 868 1503 937 mancipiorum
1526 885 1695 941 prope
1724 873 1834 927 ritu
1865 874 2185 930 servitutem

603 956 771 1011 servit
798 957 1065 1029 inglorius
1107 976 1119 1012 :
1160 960 1265 1029 10
1314 961 1409 1029 qui
1465 962 1702 1033 denique
1755 964 2189 1024 immortalitatis

607 1049 880 1119 particeps
928 1060 1377 1107 ornamentorum
1429 1055 1838 1123 pulchritudine
1886 1059 2188 1126 renitebat,

607 1144 768 1199 morti
790 1144 903 1214 jam
936 1154 991 1200 et.
1016 1148 1359 1217 corruptioni
1399 1151 1597 1206 merito
1638 1152 1894 1208 addictus
1922 1163 2026 1209 est.
2050 1152 2185 1209 Nam

605 1245 808 1291 aeterna
835 1238 1054 1308 quidem
1084 1254 1412 1311 semperque
1448 1259 1706 1299 mansura
1734 1254 1793 1299 ut
1822 1253 2034 1309 teneas,
2062 1247 2190 1302 nul-

606 1330 715 1389 lam
748 1330 974 1386 omnino
997 1347 1217 1402 operam
1255 1348 1480 1404 ponere,
1534 1351 1714 1407 neque
1766 1337 1877 1393 ullo
1919 1340 2187 1394 bonorum

606 1422 920 1477 divinorum
970 1424 1248 1481 desiderio
1304 1428 1550 1494 moveri;
1608 1435 1775 1497 atque
1836 1428 1975 1485 adeo
2050 1431 2189 1485 nihil

609 1515 871 1574 adeunda:
917 1516 971 1573 in
1003 1517 1158 1572 caelis
1192 1518 1531 1575 haereditatis
1574 1520 1843 1589 promissa
1879 1522 2186 1589 attendere,

609 1624 891 1678 utinquam
926 1609 993 1664 ad
1028 1609 1392 1666 immortalem
1427 1612 1574 1666 illam
1606 1620 1661 1667 et
1690 1614 1901 1668 beatam
1957 1614 2189 1684 gloriam

609 1695 963 1768 lzetitiamque
986 1700 1233 1769 aspirare
1262 1710 1356 1756 aut
1384 1702 1497 1757 ullo
1542 1702 1833 1760 ineﬁ‘abilis
1868 1706 2189 1777 angelorum

607 1787 789 1858 gaudii
839 1803 1027 1846 amore
1079 1793 1304 1847 accendi
1342 1810 1354 1847 :
1390 1804 1694 1865 contraque
1730 1796 1962 1867 gloriam
2021 1798 2185 1861 hanc,

2291 596 2531 667 βλέπειν,
2560 596 2700 670 πρὸς
2723 596 2792 650 τά
2826 597 2977 650 κάτω
2998 596 3201 666 κέχηνε
3227 594 3623 666 παραφρόνως,
3657 596 3747 648 καὶ
3772 598 3798 648 ὀ
3815 600 3867 651 ἐν

2288 691 2421 760 τιμῇ
2448 687 2545 755 ὣν,
2579 686 3047 759 παρασυνεὸλήθη
3076 688 3193 750 τοῖς
3225 687 3453 757 κτήνεσι
3486 688 3604 749 τοῖς
3632 687 3867 758 ἀνοήτοις

2291 781 2387 832 καὶ
2418 776 2679 849 ὡμοιώθη
2712 779 2901 842 αὐτοῖς
2926 793 2941 809 ⁶
2982 777 3078 833 καὶ⁸
3104 779 3133 832 ὁ
3162 778 3348 848 ἄρχων
3378 778 3475 831 καὶ
3501 776 3756 847 βασιλεὺς
3780 796 3865 831 τε-

2290 870 2588 941 ταγμένος,
2629 869 2835 942 ἀκλεὴς
2865 869 3099 941 εὓρηται
3131 869 3536 941 παραπλησίως
3586 873 3700 933 τοῖς
3753 870 3868 923 δού-

2290 963 2402 1027 λοις
2431 978 2446 994 ·
2478 961 2575 1016 καὶ
2622 962 2651 1015 ὁ
2676 962 2774 1034 τῆς
2803 961 3105 1025 ἀθανασίας
3135 960 3587 1033 καθωραῖσμένος
3621 961 3718 1015 καὶ
3758 962 3867 1015 διαο

2292 1056 2520 1128 πρέπων
2550 1056 2665 1120 τοῖς
2696 1054 2942 1121 κάλλεσι,
2973 1052 3054 1124 τῷ
3077 1052 3297 1122 Θανάτῳ
3328 1052 3423 1107 καὶ
3475 1054 3543 1123 τῇ
3572 1052 3749 1124 φθορᾷ
3795 1054 3869 1107 δι-

2291 1150 2464 1213 καίως
2496 1148 2991 1218 καθυποκείμενος.
3037 1145 3111 1200 Τὸ
3148 1145 3255 1216 γὰρ
3290 1144 3557 1215 μηδαμῶς
3610 1144 3747 1214 πρὸς
3776 1148 3871 1216 τὴν

2290 1242 2399 1297 τῶν
2429 1240 2669 1296 αἰωνίων
2703 1240 2798 1293 καὶ
2828 1238 3194 1308 διαμενόντων
3218 1235 3306 1290 ἀεὶ
3340 1236 3536 1305 κτῆσιν
3565 1237 3772 1306 ἁφορᾷν
3813 1238 3871 1291 τὸ

2294 1334 2580 1405 παράπαν,
2616 1334 2756 1403 μήτε
2789 1332 2896 1402 μὴν
2928 1329 3034 1385 τῶν
3093 1328 3256 1383 θείων
3311 1326 3534 1397 ἀγαθῶν
3594 1326 3740 1397 ἔχειν
3778 1329 3870 1399 τὴν

2293 1420 2714 1493 ἐπηγγελμένην
2744 1418 3110 1491 κληρονομίαν
3140 1419 3200 1470 ἐν
3246 1419 3359 1481 τοῖς
3396 1417 3650 1488 οὐρανοῖς
3672 1432 3687 1447 ο
3744 1418 3872 1487 μηδὲ

2294 1513 2431 1585 πρὸς
2460 1513 2560 1583 τὴν
2588 1514 2866 1584 ἀκήρατον
2908 1512 3002 1564 καὶ
3049 1510 3325 1581 μακαρίαν
3375 1508 3594 1580 ἐκείνην
3642 1508 3872 1562 ἀναπτε-

2298 1599 2521 1669 ροῦσθαι
2547 1599 2705 1665 δόξαν
2744 1600 2838 1653 καὶ
2867 1600 3152 1671 χαρμονήν
3177 1614 3191 1627 ·
3228 1598 3367 1669 μήτε
3420 1598 3527 1670 μὴν
3582 1598 3873 1669 πυρπολεῖ-

2294 1691 2530 1761 σθαιτῷ
2602 1692 2766 1765 έρωτι
2796 1692 2896 1763 τῆς
2946 1693 3188 1764 ἀρρήτου
3245 1691 3355 1744 τῶν
3416 1692 3587 1760 ἁγίων
3633 1691 3873 1761 ἀγγέλων

2295 1787 2670 1855 ἀγαλλιάσεως
2709 1804 2723 1819 ο
2760 1786 2876 1841 ἀλλ’
2905 1786 3141 1857 ἔμπαλιν
3172 1784 3272 1854 τὴν
3305 1784 3660 1839 ἀπανθοῦσαν
3720 1785 3874 1850 δίξαν

607 1897 717 1937 non
747 1897 908 1938 secus
936 1898 1001 1939 ac
1052 1899 1251 1940 vernos
1300 1884 1463 1942 ﬂeres
1508 1886 1986 1955 deﬂorescentem,
2036 1890 2185 1944 omni

2295 1876 2386 1931 ἴσα
2419 1878 2514 1933 καὶ
2537 1881 2651 1942 τοῖς
2680 1879 2921 1948 ἐαρινοῖς
2953 1877 3176 1932 ἄνθεσιν
3207 1875 3486 1949 ἐπιμελῶς
3513 1876 3755 1943 διώκειν,
3786 1878 3875 1929 καὶ⁵

608 1975 792 2034 studio
820 1977 1113 2047 persequi;
1150 1986 1501 2055 etgquantum
1533 1979 1780 2035 adhiberi
1809 1996 1956 2036 curae
1986 1990 2189 2052 poteSt,

608 2078 820 2124 tantum
877 2070 943 2125 ad
974 2070 1197 2126 divitias
1233 2070 1469 2141 injustas
1518 2073 2015 2143 corruptibilesque
2060 2089 2192 2130 coa-

606 2164 909 2221 cervandas
934 2163 1208 2229 conferre,
1246 2173 1407 2236 atque
1463 2169 1529 2220 ad
1584 2175 1826 2237 quaestus
1881 2182 1979 2237 per
2008 2166 2115 2221 vim
2138 2179 2194 2223 et

605 2258 829 2329 rapinas
860 2260 1144 2331 augendos
1177 2261 1480 2332 tyrannica;
1529 2262 1818 2332 potestatis
1873 2261 2063 2319 furore
2107 2263 2193 2318 iu-

604 2350 898 2419 ﬁammari,
958 2351 1094 2408 falsa
1134 2354 1294 2408 simul
1327 2362 1639 2422 contexere,
1673 2354 1982 2411 calumnias
2036 2370 2192 2411 men-

604 2442 881 2514 dacesque
911 2446 1297 2501 accusationes
1325 2446 1512 2501 venari
1551 2464 1565 2500 :
1603 2455 1719 2501 tum
1761 2447 2188 2503 comessationi-

603 2534 709 2589 bus
739 2536 1094 2607 crapulisque
1143 2536 1212 2591 ad
1242 2538 1562 2593 ebrietatem
1592 2553 1769 2608 usque
1819 2546 1966 2593 totos
2001 2553 2061 2594 se
2091 2538 2188 2593 de-

605 2623 756 2691 dere,
791 2633 845 2679 ct
867 2641 989 2696 quae
1014 2627 1121 2682 ista
1152 2627 1407 2683 comitari
1462 2627 1662 2692 solent,
1717 2627 1773 2682 in
1825 2628 2189 2684 exsecrandis

605 2715 985 2786 voluptatibus
1015 2727 1181 2788 atque
1216 2718 1274 2773 in
1304 2719 1456 2773 omni
1489 2718 1775 2773 libidinum
1811 2733 2008 2789 genere
2029 2718 2189 2772 volu-

606 2808 752 2875 tari;
778 2819 1019 2879 quantae,
1050 2826 1262 2880 quaeso,
1292 2811 1556 2868 vanitatis
1587 2812 1672 2866 vel
1701 2812 1916 2883 singula
1959 2826 2193 2881 quaeque

607 2918 730 2959 esse
766 2905 1155 2974 reperiuntur?
1188 2905 1381 2975 quidni
1421 2905 1587 2976 igitur
1617 2904 1735 2961 haec
1777 2905 1959 2959 omnia
2007 2914 2061 2959 et
2092 2906 2193 2961 ho-

606 3010 732 3050 rum
763 2994 968 3051 similia
1016 2995 1233 3051 vanitas
1263 2995 1569 3049 vanitatem
1601 2994 1733 3059 sint,
1762 2994 1879 3050 sive
1908 3002 1965 3049 ut
2000 2992 2194 3050 Eccle-

606 3087 809 3142 siastes
870 3086 1065 3143 iterata
1133 3087 1501 3158 appellatione
1560 3086 1871 3157 signiﬁcare
1926 3086 2193 3142 intentius

605 3179 801 3243 voluit,
854 3194 1072 3235 summa
1122 3180 1339 3235 vanitas
1390 3179 1548 3251 (20)?
1602 3179 1783 3251 Atque
1839 3180 2007 3244 idem,
2061 3181 2189 3251 quia

2295 1970 2460 2024 παντὶ
2493 1969 2670 2024 σθένει
2706 1968 2959 2023 σπεύδειν
3001 1970 3140 2040 πρὸς
3166 1969 3358 2023 ἀδίκου
3396 1969 3492 2023 καὶ
3519 1968 3873 2039 φθειρομένου

2294 2060 2527 2115 πλούτου
2563 2060 2932 2131 συνάθροισιν,
2967 2060 3062 2113 καί⁹
3093 2060 3397 2131 μεμηνέναι
3448 2059 3584 2129 πρὸς
3622 2077 3873 2131 τυραννι-

2294 2151 2395 2220 κὴν
2420 2148 2889 2203 καταδυναστείαν
2916 2149 3010 2200 καὶ
3035 2147 3145 2200 τῶν
3170 2146 3530 2217 ἀρπακτικῶν
3562 2150 3659 2201 καὶ
3688 2147 3877 2201 πλεον-

2294 2240 2530 2295 εκτικῶν
2594 2239 2759 2310 δῆθεν
2805 2238 3018 2308 κερδῶν
3062 2237 3162 2308 τὴν
3223 2237 3406 2292 ἄδικον
3456 2237 3686 2308 αὔξησιν
3716 2256 3730 2268 ·
3788 2238 3879 2292 καὶ

2293 2334 2465 2405 ψεύδη
2498 2332 2791 2405 ῥαψῳδεῖν,
2826 2331 2923 2385 καὶ
2950 2329 3204 2392 διαϐολὰς
3238 2329 3333 2383 καὶ
3364 2331 3736 2399 συκοφαντίας
3786 2332 3877 2401 θη·

2297 2427 2478 2499 ρεύειν
2514 2441 2526 2455 ⁸
2565 2425 2661 2479 καὶ
2694 2424 2980 2495 σχολάζειν
3012 2423 3068 2475 ἐν
3095 2421 3459 2492 ἁδδηφαγίαις
3488 2423 3584 2475 καὶ
3636 2424 3876 2495 κραιπά·

2294 2518 2416 2580 λαις
2444 2517 2539 2571 καὶ
2587 2516 2802 2586 μέθαις,
2837 2514 2933 2568 καὶ
2966 2513 3193 2576 ταύταις
3244 2512 3561 2579 ἀκολούθως
3623 2515 3877 2581 ἐγκαλιν-

2295 2609 2499 2663 δεῖσθαι
2528 2610 2648 2671 ταῖς
2678 2607 2972 2680 σαρκικαῖς
3007 2607 3102 2660 καὶ
3134 2605 3459 2676 βδελυκταῖς
3487 2607 3704 2677 ἡδοναῖς
3725 2623 3743 2638 ο
3777 2608 3875 2660 πό-

2297 2718 2398 2771 σης
2424 2700 2524 2753 οὐκ
2547 2698 2612 2752 ἂν
2645 2699 2728 2769 εἴη
2766 2698 2926 2752 τοῦτο
2954 2698 3186 2751 ἕκαστον
3223 2699 3625 2769 ματαιότητοςς
3684 2699 3881 2768 μᾶλλον

2295 2793 2352 2847 δέ
2381 2792 2497 2856 πῶς
2521 2791 2643 2861 ούχὶ
2673 2790 2844 2845 ταῦτα
2870 2791 3049 2845 πάντα
3083 2790 3178 2845 καὶ
3212 2791 3280 2844 τὰ
3330 2791 3695 2862 παραπλήσια
3760 2792 3879 2845 τού-

2295 2902 2409 2946 τοις
2438 2883 2736 2954 ματαιότης
2766 2884 3150 2955 ματαιοτήτων
3176 2884 3283 2937 εἰσί
3310 2902 3325 2952 ;
3363 2885 3443 2955 τῷ
3487 2884 3882 2939 ἀναδιπλασια-

2297 2976 2420 3046 σμῷ
2448 2978 2548 3046 τῆς
2580 2974 2779 3041 λέξεως
2815 2975 3102 3039 ποιοῦντος
3122 2976 3218 3030 τοῦ
3282 2976 3718 3048 Ἐκκλησιαστοῦ
3781 2978 3878 3048 τὴν

2296 3064 2565 3137 ὑπόληψιν
2599 3066 2701 3135 τῆς
2737 3065 3099 3137 ματαιότητος
3127 3066 3618 3138 ἐπιτατικωτέραν.
3665 3067 3882 3137 ’Δμέλει

2295 3155 2475 3210 τοίνυν
2506 3155 2582 3220 ὡς
2610 3156 2749 3227 πρὸς
2776 3155 2931 3210 οὐδὲν
2965 3156 3141 3227 πέρας
3167 3156 3492 3227 ὀνησιφόρον
3535 3156 3883 3226 ἀφικομένων

608 3270 860 3325 homines
893 3270 985 3339 qui
1016 3270 1259 3324 studium
1302 3284 1606 3340 curamque
1640 3284 1797 3324 suam
1832 3271 1885 3325 in
1916 3269 2188 3340 ejusmodi

2296 3250 2407 3303 τῶν
2436 3249 2495 3302 ἐν
2538 3252 2652 3313 τοῖς
2700 3247 3021 3322 εἰρημένοις
3054 3248 3478 3320 ἀσχολουμένων
3506 3248 3733 3319 ἀμέσως
3786 3249 3883 3303 ἐπ-

609 3359 774 3414 rebus
794 3368 1025 3427 ponunt,
1060 3359 1127 3414 ad
1150 3374 1275 3413 eum
1300 3360 1531 3413 tendunt
1576 3359 1763 3427 ﬁnem,
1810 3360 1864 3414 in
1899 3374 2009 3430 quo
2038 3358 2187 3415 nulla

612 3450 820 3513 utilitas
855 3451 947 3517 sit,
975 3450 1179 3506 ideirco
1204 3450 1404 3521 adjecit
1433 3452 1616 3507 statim
1642 3469 1654 3505 :

2298 3344 2512 3415 ἠγαγε’

2179 3548 2207 3620 §
2235 3548 2317 3602 ιιι.

689 3666 835 3723 Vens
866 3667 918 3720 5.
955 3663 1098 3729 Quid
1130 3663 1281 3716 habet
1307 3662 1535 3731 amplius
1568 3662 1721 3715 homo
1752 3662 1816 3716 de
1846 3664 2088 3716 universo
2116 3663 2191 3714 la.

613 3760 735 3814 bore
764 3776 880 3822 sua,
910 3774 1012 3827 quo
1053 3756 1262 3809 laborat
1294 3759 1388 3810 sub
1425 3755 1578 3810 sole?

686 3848 743 3902 ld
776 3856 879 3912 est,
908 3847 1217 3902 edisserant
1248 3860 1400 3909 vero,
1441 3843 1659 3914 qualem
1694 3844 1800 3899 sibi
1842 3843 2132 3899 utilitatem
2159 3842 2196 3901 ii

611 3945 956 4006 (arriperent,
992 3937 1083 4005 qui
1110 3936 1276 3995 rebus
1311 3937 1411 4011 ιι
1443 3936 1658 3993 inhiant
1712 3936 2099 4007 praesentibus,
2144 3945 2200 3992 et

612 4031 805 4086 breves
836 4028 1086 4099 corporis
1123 4028 1435 4099 voluptates
1464 4035 1520 4084 et
1549 4028 1784 4084 delicias
1817 4038 1872 4085 et
1902 4029 2199 4100 populares

610 4137 777 4177 auras
831 4121 1085 4177 studiose
1138 4130 1527 4177 consectantur
1568 4137 1738 4192 :quae
1782 4138 1978 4193 nempe
2037 4138 2195 4194 aquae

609 4213 805 4277 insuar,
832 4227 954 4282 qua:
976 4227 1072 4283 per
1092 4212 1301 4268 declive
1324 4212 1551 4279 feratur,
1586 4222 1684 4268 aut
1707 4215 1851 4268 roris
1882 4214 2195 4270 matutina:-

609 4320 719 4372 que
745 4304 955 4359 nebulae
986 4319 1158 4371 more,
1192 4305 1304 4361 cito
1356 4305 1697 4376 dispereunt.
1738 4307 1839 4363 Ubi
1895 4308 2040 4363 enim
2073 4323 2197 4363 cra-

613 4395 765 4448 tinus
792 4394 1035 4450 illuxerit
1063 4396 1201 4462 dies,
1237 4412 1403 4467 quam
1434 4398 1513 4452 illi
1550 4399 1714 4453 hodie
1744 4399 1961 4455 honesti
1998 4415 2195 4471 exper-

614 4494 697 4539 tes
720 4484 1053 4553 voluptatem
1079 4488 1490 4558 nequltiamque
1522 4490 1759 4557 amplexi
1784 4500 1932 4555 sunt,
1966 4492 2192 4546 minime

612 4576 726 4645 jam
758 4587 1102 4634 constantem
1137 4580 1438 4647 inveniant,
1467 4590 1522 4636 et
1547 4582 1731 4636 inania
1755 4597 1852 4637 eos
1871 4592 2034 4653 atque
2051 4599 2190 4637 vana

611 4677 932 4736 persecutos
960 4684 1105 4735 esse,
1124 4671 1577 4728 manifestissime
1598 4682 1877 4742 appareat.
1902 4673 2193 4744 Propterea

607 4763 712 4818 hos
757 4760 907 4831 ipsos
958 4763 1129 4823 Amos
1194 4780 1413 4836 quoque
1447 4765 1667 4819 divinus
1698 4768 1962 4836 propheta
1996 4765 2192 4835 objur-

609 4869 747 4921 gans
769 4868 1172 4924 accusansque,
1212 4872 1230 4905 ι
1271 4854 1447 4918 Stare,
1495 4854 1694 4922 inquit,
1732 4855 1835 4909 sibi
1890 4855 2188 4920 ﬁnxerunt,

2381 3662 2479 3727 Τίς
2501 3660 2820 3728 περίσσεια
2849 3656 2930 3723 τῷ
2950 3656 3240 3726 ἀνθρώπῳ
3273 3656 3341 3710 ἐν
3364 3654 3546 3709 παντὶ
3560 3654 3769 3724 μόχθῳ
3789 3655 3887 3709 αὐ-

2305 3752 2438 3817 τοῦ,
2471 3751 2516 3817 ᾧ
2553 3752 2775 3823 μοχθεῖ
2798 3754 2919 3809 ὑπὸ
2952 3752 3059 3806 τὸν
3103 3750 3321 3816 inter;

2381 3842 2529 3896 Ἀντὶ
2545 3841 2661 3908 τοῦ,
2690 3844 2858 3898 Ποίαν
2884 3842 3016 3914 γάρ,
3040 3843 3379 3905 εἰπάτωσαν,
3408 3836 3889 3910 πορίζονταιλυσιο

2303 3936 2519 3993 τέλειαν
2542 3937 2593 3992 οἱ
2618 3936 2914 4009 κεχηνότες
2944 3936 3080 4008 πρὸς
3109 3937 3179 3991 τὰ
3201 3935 3469 4008 παρόντα,
3500 3934 3596 3989 καὶ
3620 3933 3722 3997 τὰς
3755 3951 3888 4003 σαρ-

2304 4029 2470 4093 κικάς
2503 4029 2599 4083 καὶ
2626 4028 2997 4100 προσκαίρους
3027 4026 3223 4099 ἡδονὰς
3249 4028 3346 4082 καὶ
3364 4026 3580 4099 τρυφὰς
3610 4026 3707 4081 καὶ
3732 4024 3887 4090 δόξας

2303 4120 2450 4192 ἔχειν
2486 4121 2905 4185 ἐσπουδακότες,
2937 4120 3133 4178 θᾶττον
3164 4120 3348 4176 αὐτῶν
3378 4119 3762 4192 ἀποιχομένων
3804 4118 3883 4172 δί-

2303 4235 2409 4288 κην
2450 4217 2644 4283 ὕδατος
2677 4217 2772 4272 ἐπὶ
2804 4218 2866 4272 τὸ
2897 4216 3105 4289 πρανὲς
3160 4216 3486 4289 φερομένου,
3542 4216 3639 4270 καὶ
3692 4215 3884 4287 δρόσου

2300 4313 2394 4364 καὶ
2423 4311 2653 4380 νεφέλης
2681 4309 2908 4381 ἑωθινῆς
2932 4327 2947 4342 ·
2984 4310 3189 4380 ἥκιστα
3214 4308 3324 4381 γὰρ
3355 4306 3763 4379 εὑρισκομένης
3804 4306 3883 4368 είς

2300 4403 2399 4472 τὴν
2442 4400 2631 4473 αὔριον
2655 4401 2755 4473 τῆς
2786 4400 3104 4473 προσούσης
3137 4401 3251 4463 τοῖς
3284 4398 3677 4471 άπειροκάλοις
3705 4398 3880 4469 σήμειο

2304 4511 2397 4565 ρον
2434 4492 2732 4557 εὐπαθείας
2764 4494 2859 4548 καὶ
2894 4491 3221 4564 μοχθηρίας,
3256 4490 3395 4545 κενά
3420 4490 3731 4544 δείκνυνται
3790 4488 3882 4543 καὶ

2303 4586 2508 4656 μάταια
2535 4584 2817 4647 παντελῶς
2856 4585 3201 4655 δεδρακότες.
3249 4582 3347 4637 Διά
3382 4582 3541 4636 τοῦτο
3589 4597 3881 4652 καταμεμε-

2302 4675 2540 4744 φόμενος
2566 4674 2661 4729 καὶ
2689 4673 3015 4745 κατηγορῶν
3063 4674 3172 4727 τῶν
3204 4674 3462 4727 τοιούτων
3517 4671 3653 4742 φησὶ
3714 4670 3810 4724 καὶ
3852 4671 3880 4722 ό

2298 4765 2585 4828 θεσπέσιος
2613 4770 2896 4837 προφήτης
2941 4764 3159 4837 Ἀμώςο
3216 4786 3235 4818 ι
3284 4765 3371 4829 Ὠς
3439 4764 3652 4819 ἑστῶτα
3712 4760 3881 4831 ἐλογί-

2302 4874 2482 4921 σαντο,
2516 4858 2609 4909 καὶ
2655 4857 2753 4927 οὐχ
2802 4856 2878 4917 ὼς
2911 4856 3206 4925 φεύγοντα,
3246 4874 3265 4907 ι
3298 4855 3397 4925 τὴν
3448 4855 3739 4923 ὠκυτάτην
3782 4870 3878 4906 πα-

608 4961 734 5017 quae
787 4947 1036 5017 fugerent
1098 4946 1247 5018 (2!),
1295 4965 1312 4998 ι
1379 4947 1731 5003 velocissimo
1784 4947 1973 5017 utique
2024 4963 2186 5003 cursu

2300 4946 2574 5018 ραδρομὴν
2604 4947 2698 5001 καὶ
2723 4946 3051 5018 παρέλευσιν
3077 4947 3186 5000 τῶν
3209 4948 3506 5017 αἰσχίστων
3533 4946 3632 5017 τῆς
3650 4944 3874 5016 ἀτιμίας

684 5060 798 5129 (20)
830 5059 903 5115 De
932 5061 1035 5115 ista
1074 5060 1317 5131 ejusdem
1375 5059 1626 5117 vocabuli
1693 5060 1985 5115 iteratione
2023 5061 2192 5115 multa

608 5130 911 5201 Nyssenus,
946 5130 1113 5200 quiet
1153 5148 1358 5189 murem
1387 5147 1668 5186 sacrarum
1708 5132 2035 5188 Litterarum
2071 5147 2194 5186 esse

611 5204 872 5264 ostendit,
906 5213 964 5255 ut
997 5218 1119 5270 (luat
1160 5203 1381 5258 modum
1442 5202 1736 5264 excedunt,
1792 5217 1887 5270 per
1921 5202 2189 5270 ejusmodi

607 5273 1033 5337 duplicationem
1068 5273 1379 5339 signiﬁcent
1411 5290 1424 5326 :
1454 5272 1631 5335 Οῦτω,
1691 5275 1886 5341 inquit,
1917 5275 2011 5325 καὶ
2034 5271 2190 5340 ἅγιόν

605 5359 659 5412 τι
688 5341 841 5411 παρὰ
870 5346 934 5412 τῇ
954 5343 1143 5412 Γραφῇ
1164 5342 1400 5411 λέγεταυ
1418 5343 1512 5399 καί¹
1528 5342 1691 5394 πάλιν
1710 5341 1864 5409 ἅγιον
1896 5342 2087 5408 ἁγίων,
2113 5342 2190 5405 ὡς

608 5411 819 5485 ίσῳτῷ
844 5411 1028 5485 μέτρῳ
1062 5411 1155 5485 τοῦ
1183 5430 1241 5467 τε
1276 5412 1333 5485 ἐξ
1366 5412 1523 5485 ἁγίου
1536 5414 1603 5485 τὸ
1624 5413 1798 5485 ἅγιον,
1818 5412 2101 5485 ςὺιπερέχον
2130 5415 2189 5485 ἐν

607 5482 882 5549 ἁγιότητι,
904 5482 1207 5537 καιτούτου
1228 5483 1389 5536 πάλιν
1407 5483 1468 5534 τὸ
1489 5482 1598 5535 τῶν
1619 5484 1791 5550 ἁγίων
1813 5482 1967 5548 ἅγιον
1984 5483 2044 5535 τὸ
2067 5482 2188 5536 καθ’

608 5551 903 5625 ύπέρθεσιν
930 5555 986 5606 ἐν
1009 5554 1267 5623 ἁγιασμῷ
1298 5554 1738 5625 θεωρούμενον...
1779 5552 1925 5619 λέγει
1959 5554 2068 5623 γάρ
2091 5554 2189 5625 ούχ

613 5617 800 5693 ἁπλῶς
833 5617 969 5674 εἶναι
1015 5617 1319 5693 μάταιαέν
1364 5617 1474 5685 τοῖς
1513 5617 1645 5676 ὀὖσι
1696 5617 2187 5692 φαινό-μεναξάλλᾶ

610 5691 734 5765 καθ’
767 5691 1058 5765 ύπέρθεσίν
1086 5712 1207 5748 τινα
1238 5694 1343 5765 τῆς
1370 5695 1511 5746 κατά
1545 5694 1606 5765 re
1652 5691 1879 5765 μάταιον
1911 5694 2187 5765 σημασίας

611 5759 751 5834 εἶναι
775 5759 993 5834 τ-οιαύτα
1015 5780 1029 5794 ’
1054 5766 1128 5827 ὼς
1162 5759 1312 5834 εἴτις
1333 5764 1481 5830 λέγοι
1508 5764 1602 5816 τοῦ
1642 5759 1838 5834 νεκροῦ
1866 5759 2186 5834 νεκρότερον

611 5831 705 5887 καὶ
729 5830 1529 5909 τοῦ,ἀψύχουάψυχότερονηΙό-
1553 5844 1659 5909 est,
1681 5905 1690 5909 _
1710 5832 1798 5885 Ita
1834 5830 1993 5886 etimit
2055 5830 2180 5887 sitn-

612 5916 754 5958 t‘tum
792 5904 994 5973 aliquid
1024 5903 1402 5967 dicitursac'jis
1435 5906 1486 5960 in
1502 5903 1739 5969 Litteris,
1770 5912 1817 5958 et
1848 5921 2029 5961 rursus
2057 5922 2181 5959 stm-

2298 5068 2440 5112 ctum
2476 5067 2805 5118 sanctorum,
2840 5058 2971 5110 adeo
2994 5065 3051 5109 ut
3088 5057 3207 5123 pari
3262 5072 3508 5110 ntensura
3546 5066 3595 5108 et
3629 5065 3872 5109 sanctum

2294 5138 2502 5198 superet
2535 5128 2817 5197 profanum
2858 5129 2911 5179 in
2943 5128 3246 5198 sanctitate,
3288 5135 3337 5179 et
3380 5126 3474 5198 hoc
3527 5128 3718 5183 iterum
3751 5143 3874 5179 san-

2296 5211 2439 5253 ctum
2463 5209 2793 5257 sanctorum,
2813 5197 2948 5266 quod
2976 5212 3070 5266 per
3096 5197 3547 5265 exsuperatianem
3570 5198 3871 5250 considera-

2296 5281 2385 5323 tur
2412 5270 2464 5322 in
2491 5265 3010 5336 sanetiﬁcatibne....
3048 5265 3186 5320 Dicit
3216 5268 3356 5320 enim
3409 5282 3509 5319 non
3563 5268 3872 5334 simpliciter

2292 5357 2402 5393 esse
2430 5356 2565 5392 vana
2598 5356 2714 5408 qua:
2752 5341 2807 5391 in
2857 5338 3008 5391 rebus
3058 5346 3329 5404 apparent.
3368 5340 3467 5408 sed
3505 5352 3565 5389 ea
3596 5354 3703 5391 esse
3730 5336 3870 5404 ejus-

2295 5411 2437 5463 modi
2467 5426 2582 5462 cum
2612 5407 2793 5478 aliqua
2835 5411 3241 5474 exsuperatione
3296 5407 3469 5475 quoad
3524 5409 3690 5473 ipsum
3748 5409 3867 5459 raui

2295 5480 2787 5546 signi/irationem:
2833 5479 3043 5547 perinde
3091 5496 3155 5530 ac
3201 5478 3247 5529 si
3293 5479 3409 5545 quis
3462 5478 3605 5530 dicat
3663 5489 3868 5547 mortuo

2296 5552 2463 5620 magis
2498 5561 2760 5603 mortuum
2796 5562 2843 5604 et
2867 5549 3103 5603 inanimo
3140 5550 3305 5617 magis
3334 5549 3651 5602 immimum.
3686 5546 3864 5615 illum.

2296 5622 2309 5673 Ι
2361 5623 2412 5673 in
2450 5620 2591 5674 Eccl.

2365 5625 2685 5759 igllij‘ﬁluios
2745 5707 2817 5752 v1,
2884 5707 2937 5745 ιι.
2988 5688 3040 5752 5,
3098 5691 3235 5756 apud
3284 5688 3444 5747 LXX.
3506 5688 3734 5757 legimus
3776 5686 3865 5759 id);

2292 5758 2562 5831 ἑστηκότα
2591 5760 3000 5827 ἐλογίσαντο...;
3037 5764 3087 5813 in
3121 5764 3324 5814 nostris
3356 5761 3610 5831 veroalia
3640 5758 3862 5831 omnino

2294 5846 2379 5885 est
2411 5824 2703 5886 'scntentia
2738 5850 2751 5885 :
2802 5824 3062 5899 scriptum
3104 5832 3246 5883 enim
3296 5838 3381 5885 est
3422 5848 3434 5884 :
3479 5829 3628 5884 Sicut
3691 5824 3860 5881 David

2292 5912 2604 5972 putaverunt
2640 5919 2692 5956 se
2721 5902 2905 5957 habere
2934 5918 3058 5957 rasa
3085 5902 3295 5957 cantici.
