4158 6534
317 392 422 458 75⁸1

1426 383 1507 442 ΙΝ
1532 377 2111 440 ECCLESIASTEN.
2153 402 2223 415 --
2261 377 2413 439 LIB.
2457 377 2507 436 l.

3484 358 3593 423 758

320 506 530 569 παθῶν,
569 502 664 558 καὶ
698 497 1003 572 βδελυκτῶν
1035 496 1261 566 ἡδονῶν,
1298 496 1392 547 καλ⁸
1425 492 1533 545 τῶν
1561 491 1740 545 ἄλλων
1792 488 1900 541 τῶν
1931 536 1936 548 ,

2037 487 2425 552 ιιεειετουηιὶο,
2503 484 2825 541 ledissimos
2899 488 2953 536 et
3012 468 3332 552 ignominia:
3402 474 3595 542 plenos

318 601 433 661 τοῖς
462 597 689 667 φαύλοις
730 590 1039 662 ἀνθρώποις
1069 588 1237 641 ὄντων
1268 583 1756 658 περισπουδάστων
1785 578 1907 634 ἀδό⁴

322 690 430 756 ξων
463 687 654 753 δοξῶν,
685 683 968 753 καὶτιμῶν
995 679 1229 750 ἀτίμων,
1263 679 1359 732 καὶ
1383 675 1591 747 κερδῶν
1613 670 1862 741 ἀκερδῶν
1887 684 1900 699 ⁸

322 778 432 833 τῶν
457 779 544 833 διὰ
576 774 943 845 συκοφαντίας
975 773 1071 825 καὶ
1098 769 1391 831 κολακείας
1423 767 1519 821 καὶ
1550 766 1657 819 τῶν
1703 762 1908 817 λοιπῶν

324 870 427 936 τῆς
469 868 811 937 φαυλότητος
866 861 1342 934 ἐπιτηδευμάτων,
1392 856 1501 911 τῶν
1546 855 1686 926 πρὸς
1740 853 1910 923 μόνην

327 960 661 1033 ἀφορώντων
692 957 791 1029 τὴν
830 956 978 1026 ζωὴν
1030 955 1132 1024 τὴν
1197 951 1304 1008 ὑπὸ
1353 949 1542 1003 τοῦτον
1590 947 1683 1000 τὸν
1732 946 1908 1015 ἥλιον.

342 1047 621 1100 Ἐντεῦθεν
642 1044 1139 1116 παραινιττόμενος
1167 1041 1261 1095 καὶ
1295 1040 1458 1111 μόνον
1484 1035 1609 1106 οὐχὶ
1638 1034 1866 1105 φάσκων
1895 1048 1909 1062 ·

328 1137 530 1206 Πάρες.
568 1134 984 1204 ἄνθρωπε,τοὺς
1000 1128 1435 1201 ἀφικνουμένους
1464 1126 1558 1181 καὶ
1598 1124 1914 1179 καταντῶν-

328 1244 429 1289 τας
466 1226 627 1296 μόνον
664 1225 829 1295 μέχρι
845 1223 948 1295 τῆς
964 1220 1352 1296 προσϐλέψεως
1377 1220 1471 1274 τοῦ
1485 1216 1743 1289 αἰσθητοῦ
1760 1216 1912 1289 ἡλίου

328 1317 425 1372 τοῦ
454 1316 591 1388 πρὸς
621 1315 887 1380 ἀνατολὰς
917 1316 1171 1378 ἀπιόντος
1204 1315 1299 1368 καὶ
1330 1312 1491 1366 πάλιν
1515 1309 1914 1379 ἀφικνουμένου

332 1409 470 1480 πρὸς
493 1409 591 1472 τὰς
619 1409 865 1480 δυσμάς⁶
903 1408 999 1461 καὶ¹
1054 1407 1143 1460 διά
1209 1405 1427 1470 ἀδοξίαν
1460 1402 1784 1472 ἐνδυομένου
1823 1402 1917 1454 καὶ

331 1499 431 1569 τὴν
463 1500 728 1568 ἀφάνειαν
758 1515 773 1531 ο
816 1498 913 1551 καὶ
941 1498 1031 1550 διὰ
1060 1499 1161 1567 τῆς
1197 1494 1335 1559 ἰδίας
1390 1494 1660 1563 ἀνατολῆς
1704 1510 1763 1546 τε
1826 1492 1919 1545 καὶ

331 1589 539 1650 δύσεως
589 1589 649 1641 σὲ
681 1587 965 1660 προδήλως
999 1586 1345 1647 διδάσκοντος
1395 1582 1609 1655 μέλλειν
1667 1580 1920 1635 τεθνάναι

335 1682 432 1734 καὶ
460 1680 603 1733 κατά
636 1678 811 1732 ταυτά
869 1678 967 1732 καὶ
1031 1675 1295 1740 ὡσαύτως
1341 1674 1766 1744 ἀποστερεῖσθαι
1819 1673 1921 1743 τῆς

338 1771 653 1844 προσούσης
684 1789 767 1825 σοι
800 1772 1163 1843 περιφανείας
1188 1771 1283 1825 καὶ
1306 1769 1466 1840 δόξης
1488 1785 1503 1800 ·
1545 1769 1680 1821 ὅπου
1706 1783 1770 1836 γε
1792 1766 1921 1820 πολ-

2007 579 2255 645 ali‘ectus,
2288 577 2638 635 detestandas
2693 576 3022 645 voluptates,
3054 581 3360 637 cazteraque
3397 580 3596 636 pravo-

2008 687 2131 726 rum
2161 671 2453 727 hominum
2496 668 2811 738 conquisita
2874 663 3101 727 studiis,
3145 659 3376 731 gloriam
3415 655 3594 729 gloria

2009 778 2260 826 vacuam,
2293 762 2560 817 honorem
2602 759 2723 816 siue
2774 758 3009 823 honore,
3059 756 3276 810 lucrum
3325 750 3467 806 lucri
3498 764 3596 804 ex-

2011 868 2138 925 pers
2177 871 2190 908 :
2234 866 2364 924 qua:
2402 850 2718 908 accusando
2759 857 2855 904 aut
2906 845 3206 914 adulando,
3274 842 3598 912 nullamque

2013 947 2314 1017 improbam
2344 959 2533 1002 curam
2560 940 3030 1014 praatermittendo
3054 939 3092 993 ii
3125 936 3475 1009 perquirunt,
3499 931 3595 1005 qui

2015 1055 2179 1094 unam
2209 1039 2371 1094 istam
2402 1037 2711 1107 respiciunt
2752 1035 2941 1098 vitam,
2977 1045 3100 1102 qua:
3152 1030 3257 1085 hoc
3314 1028 3418 1085 sub
3480 1026 3599 1082 sole

2015 1131 2252 1202 degitur.
2276 1128 2417 1185 Hinc
2447 1128 2536 1183 ille
2560 1127 2795 1182 innuere
2826 1124 2963 1180 mihi
2995 1124 3234 1189 videtur,
3262 1133 3509 1191 acprope
3540 1118 3598 1173 in

2018 1225 2166 1279 hunc
2185 1222 2407 1279 modum
2430 1222 2762 1276 admonere:
2788 1216 3051 1281 Labores,
3069 1229 3103 1270 ο
3126 1213 3393 1278 mortalis,
3412 1219 3597 1266 etma-

2018 1316 2383 1380 chinationes,
2424 1318 2699 1384 quotquot
2738 1307 3135 1380 superveniunt
3164 1311 3592 1371 occurruntque,

2018 1405 2208 1462 tandiu
2240 1404 2664 1476 praatermittito,
2701 1401 2832 1456 dum
2879 1399 3049 1454 solem
3093 1396 3242 1451 hunc
3287 1392 3596 1465 aspectabi-

2019 1498 2125 1553 lem
2161 1496 2547 1566 contempleris
2579 1513 2592 1550 :
2621 1493 2716 1564 qui
2749 1493 2815 1546 ad
2845 1492 3112 1545 orientem
3160 1497 3220 1543 ut
3266 1485 3422 1561 abiit,
3468 1498 3596 1538 rur-

2021 1605 2143 1647 sum
2176 1588 2241 1643 ad
2269 1586 2607 1642 occidentem
2625 1597 2962 1646 commeans,
2985 1579 3327 1650 splendorem
3364 1575 3597 1633 subinde

2022 1696 2179 1738 suum
2211 1688 2265 1735 ct
2310 1678 2548 1749 speciem
2602 1676 2829 1731 obducit
2863 1690 2878 1729 :
2914 1682 3077 1743 atque
3122 1679 3247 1725 ortu
3302 1677 3357 1725 et
3398 1681 3599 1723 occasu

2023 1787 2124 1828 suo
2154 1770 2282 1826 illud
2319 1771 2497 1841 palam
2538 1777 2590 1825 te
2612 1768 2805 1823 edocet
2829 1765 3176 1820 moriendum
3214 1760 3313 1816 tibi
3331 1774 3473 1824 esse,
3501 1774 3600 1812 nec

338 1866 500 1929 λάκις
528 1865 620 1919 καὶ
651 1864 830 1929 ζῶντά
856 1881 916 1917 σε
953 1863 1284 1933 κατείληφεν
1321 1864 1354 1933 ὴ
1390 1863 1454 1914 σύ
1466 1862 1662 1931 μϐασις
1683 1863 1783 1932 τῆς
1808 1878 1920 1914 τοι-

2037 1865 2273 1921 lissimili
2311 1873 2362 1920 te
2395 1863 2557 1917 modo
2587 1877 2671 1927 ea,
2703 1875 2812 1931 qua
2841 1873 2990 1913 nunc
3019 1858 3202 1921 liores,
3225 1853 3490 1926 dignitate
3521 1858 3601 1904 at-

340 1957 514 2030 αύτης
540 1957 886 2020 ἀλλοιώσεως
917 1956 1012 2010 καὶ
1045 1957 1386 2026 περιτροπῆς
1407 1954 1532 2008 ’καὶ
1559 1953 1759 2023 μᾶλλον
1790 1954 1923 2008 ἀνά-

341 2064 531 2102 νευσον
552 2046 687 2117 πρὸς
715 2046 816 2119 τὴν
846 2046 993 2118 ζωὴν
1016 2045 1113 2117 τὴν
1144 2046 1288 2117 ὑπὲρ
1303 2044 1496 2098 τοῦτον
1515 2044 1607 2098 τὸν
1629 2044 1804 2115 ἥλιον,
1829 2046 1925 2099 καὶ

343 2138 766 2209 συνανυψώθητι
802 2138 940 2208 πρὸς
974 2138 1075 2206 τὴν
1110 2137 1508 2209 ὑπερουράνιον
1533 2135 1681 2205 ζωὴν
1707 2137 1801 2191 καὶ
1829 2153 1928 2189 κα-

342 2232 621 2285 τάστασιν’
642 2230 738 2283 καὶ
755 2228 1081 2300 παράτεινόν
1109 2246 1203 2282 σου
1222 2228 1313 2282 τὸν
1332 2226 1457 2280 νοῦν
1485 2228 1622 2298 πρὸς
1645 2226 1744 2288 τὰς
1770 2226 1927 2279 ἀκτῖ-

343 2339 444 2384 νας
482 2320 576 2374 τοῦ
626 2320 779 2392 ἡλίου
818 2320 919 2390 τῆς
968 2318 1169 2390 δόξης·
1225 2320 1313 2372 ἵνα
1370 2321 1493 2382 ταῖς
1544 2317 1752 2371 ἐκείνου
1807 2316 1932 2388 μεθ-

345 2414 492 2478 έξεσι
526 2413 621 2467 καὶ
650 2412 965 2484 μετουσίαις
992 2410 1270 2482 φωτισθῇς
1299 2410 1803 2482 καὶςλαμπρυνθῇς,
1836 2411 1930 2463 καὶ

346 2505 445 2573 τῆς
491 2506 550 2557 ὲν
583 2503 773 2576 Κηδάρ
823 2504 1123 2575 παροικίας
1176 2502 1452 2575 ἀνώτερος
1514 2504 1610 2556 καὶ
1665 2503 1931 2572 κρείττων

347 2594 698 2667 ἀποφανθῇς.

424 2770 831 2842 Παραπλησίως
862 2772 972 2843 γὰρ
1008 2773 1103 2825 καὶ
1140 2771 1382 2842 Μιχαίας
1412 2772 1441 2824 ὁ
1478 2772 1788 2841 προφήτης,
1834 2788 1933 2824 κα-

348 2861 711 2930 ταγινώσκων
740 2862 948 2933 σφόδρα
978 2862 1089 2916 τῶν
1114 2862 1216 2933 τῆς
1265 2861 1626 2933 ματαιότητος
1686 2861 1935 2933 ἐραστῶν

350 2956 448 3010 καὶ
474 2956 565 3009 τὸν
596 2955 871 3027 μοχθηρὸν
896 2955 1095 3027 μόχθον
1126 2954 1474 3026 μοχθούντων
1504 2953 1610 3006 ὑπὸ
1634 2952 1728 3007 τὸν
1760 2954 1933 3023 ἥλιον,

351 3044 498 3099 οὕτω
535 3045 669 3115 φησί
693 3062 707 3075 ·
736 3064 755 3096 ι
791 3045 1073 3114 Ἐγένοντο
1093 3045 1436 3116 λογιζόμενοι
1466 3045 1689 3111 κόπους,
1719 3046 1815 3099 καὶ
1844 3047 1939 3117 ἐρ-

2026 1976 2133 2030 que
2161 1958 2332 2029 gloria
2365 1956 2659 2026 spoliatum
2708 1954 2772 2008 iri
2819 1968 2834 2007 :
2864 1964 3179 2023 quanquam
3209 1962 3310 2019 par
3336 1961 3481 2016 saepe
3511 1960 3602 1998 re-

2026 2065 2149 2107 rum
2177 2049 2465 2105 conversio
2499 2047 2916 2115 immutatioque
2944 2052 2998 2098 te
3018 2042 3292 2096 viventem
3319 2037 3605 2093 etiamtum

2027 2143 2338 2215 occupavit.
2365 2142 2553 2211 Itaque
2583 2154 2704 2195 eam
2755 2138 2939 2208 potius
2967 2136 3135 2190 vitam
3159 2132 3454 2203 suspicias,
3485 2142 3609 2199 quae

2030 2254 2198 2309 supra
2234 2238 2382 2292 hunc
2429 2234 2602 2291 solem
2640 2231 2864 2296 vivitur,
2918 2229 3197 2298 altiusque
3246 2238 3509 2294 assurgas
3539 2221 3605 2273 ad

2031 2331 2308 2386 caelestem
2339 2326 2530 2382 aeterni
2570 2324 2669 2379 aevi
2691 2323 3028 2386 beatitatem,
3063 2329 3228 2388 atque
3274 2318 3329 2370 in
3382 2312 3612 2369 alterius

2033 2426 2167 2481 solis
2188 2422 2480 2493 splendore
2521 2429 2577 2475 et
2631 2413 3040 2489 pulchritudine
3076 2412 3323 2466 animum
3349 2407 3554 2475 deligas
3591 2422 3605 2459 :

2033 2531 2143 2586 quo
2174 2516 2264 2570 ille
2290 2521 2345 2568 te
2376 2511 2602 2584 propius
2634 2508 3025 2580 cupiosiusque
3080 2503 3290 2558 lumine
3340 2514 3440 2555 suo
3488 2512 3611 2566 per-

1979 2605 1981 2608 ⁴
2035 2609 2228 2663 fundat
2277 2607 2641 2674 illustretque,
2699 2611 2755 2656 tu
2802 2601 2917 2670 jam
2976 2594 3377 2668 habitatoribus
3439 2590 3615 2646 Cedar

2036 2701 2322 2757 sublimior
2342 2708 2393 2754 et
2419 2695 2767 2769 praestantior
2786 2693 3009 2748 videare
3032 2690 3167 2761 (22).

2112 2791 2215 2860 12
2259 2786 2536 2841 Nimirum
2587 2792 2644 2840 et
2689 2781 2945 2836 Michznas
2978 2778 3268 2850 prepheta,
3308 2790 3413 2830 non
3458 2772 3616 2827 aliter

2038 2891 2312 2939 amatores
2337 2875 2620 2943 vanitatis,
2653 2882 2707 2929 et
2728 2874 2834 2927 hoc
2855 2872 2958 2927 sub
2977 2871 3092 2926 sole
3122 2865 3397 2940 perversis
3419 2862 3617 2919 studiis

2039 2988 2091 3032 et
2128 2971 2564 3031 contentionibus
2601 2983 2715 3024 rem
2748 2981 2905 3023 suam
2955 2972 3212 3035 urgentes
3266 2960 3619 3015 vehementer

2042 3065 2381 3139 improbans,
2412 3062 2492 3117 sic
2516 3069 2602 3116 est
2634 3060 2854 3116 locutus
2894 3075 2907 3111 :
2947 3074 2965 3108 ι
3015 3057 3072 3110 1η
3101 3052 3423 3109 meditandis
3464 3049 3616 3103 labo-

354 3139 652 3210 γαζόμενοι
685 3140 833 3193 κακά
865 3140 924 3193 ἐν
971 3141 1093 3203 ταῖς
1142 3138 1392 3211 καρδίαις
1433 3137 1636 3203 αὐτῶν,
1673 3139 1768 3193 καὶ
1821 3139 1936 3211 ἃμα

2042 3137 2197 3213 ribus
2221 3153 2497 3225 occupati,
2540 3165 2705 3221 opera
2736 3149 2878 3204 mala
2902 3146 3087 3201 animo
3117 3142 3490 3206 destinabant,
3526 3154 3617 3193 ea-

353 3233 422 3322 τῇ
452 3232 639 3322 ἡμέρᾳ
669 3231 989 3285 συνετέλουν
1020 3232 1160 3286 αὑτά
1213 3246 1227 3261 ⁸
1267 3230 1402 3284 διότι
1450 3229 1552 3283 οὐκ
1604 3224 1748 3302 ἦραν
1800 3231 1936 3301 πρὸς

2041 3265 2149 3322 que
2174 3249 2319 3303 intra
2366 3224 2516 3300 diem
2547 3241 2906 3313 perliciebant
2936 3254 2952 3293 :
2979 3237 3166 3306 itaque
3207 3248 3316 3288 non
3347 3232 3415 3286 ad
3449 3230 3618 3284 Deum

352 3320 449 3374 τὸν
478 3320 612 3374 Θεὸν
641 3324 832 3392 χεῖρας
857 3322 1041 3376 αὐτῶν
1070 3337 1084 3351 ⁶
1119 3322 1215 3375 καὶ
1244 3320 1559 3391 ἐπεθύμουν
1584 3321 1814 3392 ἀγροὺς,
1844 3321 1940 3377 καὶ

356 3411 659 3485 διήρπαζον
705 3412 999 3484 ὀρφανοὺς,
1032 3412 1126 3466 καὶ
1160 3413 1340 3476 οἴκους
1369 3412 1831 3468 κατεδυνάστευον
1855 3428 1868 3442 ·
1914 3432 1932 3465 ι

356 3502 487 3565 τοὺς
523 3503 661 3573 πρὸς
692 3503 858 3574 μηδὲν
888 3503 1063 3573 πέρας
1089 3502 1296 3572 ἀγαθὸν
1323 3502 1422 3556 καὶ
1439 3503 1715 3568 λυσιτελὲς
1737 3518 1942 3558 καταν-

358 3593 570 3657 τῶντας
598 3594 800 3658 κόπους
832 3595 951 3664 ἦτοι
984 3594 1215 3666 μόχθους
1238 3612 1253 3628 ο
1283 3595 1481 3649 ταυτὸν
1512 3595 1622 3667 γάρ
1649 3597 1796 3650 ἐστιν
1823 3596 1947 3651 ἑκά·

358 3700 539 3754 τερον,
589 3685 790 3757 δηλαδὴ
821 3687 1225 3757 παρεμφαίνων
1259 3688 1356 3741 καὶ
1404 3687 1503 3752 τὰς
1538 3705 1945 3760 συμπαρομαρο

360 3775 560 3841 τούσας
587 3779 771 3842 αὐτοῖς
799 3779 1244 3851 πονηροπραξίας
1274 3781 1369 3834 καὶ
1411 3781 1827 3850 ματαιοπονίας.

436 3870 668 3941 Μήποτε
699 3871 755 3925 δὲ
778 3872 861 3937 τὸ,
904 3890 924 3923 ι
965 3872 1071 3926 ὑπὸ
1097 3871 1190 3925 τὸν
1216 3871 1390 3942 ἥλιον,
1423 3893 1443 3926 ι
1479 3873 1573 3926 καὶ
1601 3873 1776 3938 ἄλλως
1804 3874 1947 3939 ἐξει-

361 3962 594 4032 ληφέναι
630 3962 905 4034 προσῆκεν
931 3980 945 3995 ·
1002 3962 1190 4035 ἐπειδὴ
1220 3962 1330 4034 γὰρ
1382 3962 1687 4034 ἀπέϐλεψεν
1747 3965 1776 4017 ὁ
1826 3966 1950 4020 Ἐκ-

366 4054 704 4125 κλησιαστὴς
753 4056 894 4126 πρὸς
942 4055 1154 4118 πάντας
1208 4053 1538 4127 ἀνθρώπους
1586 4056 1713 4120 τοὺς
1759 4075 1949 4112 κατοι-

367 4146 596 4212 κοῦντας
623 4148 725 4216 τὴν
750 4147 874 4217 γῆν,
908 4146 976 4218 ἢν
1006 4149 1034 4201 ὁ
1062 4145 1215 4217 ἥλιος
1242 4147 1337 4216 ἀφ’
1371 4146 1579 4219 ὑψηλοῦ
1610 4148 1704 4201 καὶ
1747 4165 1948 4222 μεταρ-

369 4240 486 4293 σίου
515 4238 872 4312 προσσλέπει,
916 4240 1140 4295 καὶδιά
1189 4241 1291 4311 τῆς
1343 4241 1480 4305 ιδίας
1532 4240 1802 4313 ἀνατολῆς
1853 4245 1951 4298 καὶ

367 4331 574 4395 δύσεως
598 4333 656 4385 ἐν
683 4333 750 4403 τῇ
798 4330 961 4403 βουλῇ
1004 4332 1099 4385 καὶ
1152 4330 1448 4402 προστάξει
1502 4332 1598 4385 τοῦ
1647 4332 1951 4400 κτίσαντος

371 4421 656 4493 εὐεργετεῖ
680 4421 1060 4494 πολυτρόπως,
1097 4422 1370 4493 προτείνει
1404 4422 1541 4493 πρὸς
1560 4422 1687 4486 τοὺς
1726 4426 1784 4478 ἐν
1808 4442 1950 4495 φαυ-

2042 3321 2240 3396 manus
2262 3351 2391 3392 suas
2424 3333 2773 3405 protendere,
2804 3330 2896 3387 sed
2927 3342 3185 3400 agrorum
3217 3324 3402 3395 cupidi
3441 3321 3624 3393 pupil-

2043 3433 2128 3489 los
2163 3428 2422 3501 spoliare,
2479 3427 2535 3480 in
2584 3422 2810 3479 familiis
2868 3419 3144 3476 dominari
3205 3416 3353 3474 soliti
3399 3414 3555 3485 (23);
3596 3430 3625 3466 ι

2047 3528 2242 3582 horum
2273 3520 2483 3577 scilicet
2514 3531 2689 3587 neque
2725 3515 2941 3570 labores
2959 3527 3136 3583 neque
3166 3508 3621 3570 machinationes,

2046 3631 2173 3670 nam
2201 3614 2342 3668 idem
2376 3618 2671 3677 utrumque
2710 3613 2813 3671 est,
2853 3605 3023 3659 ullum
3062 3602 3265 3657 habere
3290 3598 3496 3654 exitum
3529 3595 3624 3650 de-

2049 3713 2366 3760 monstrans
2400 3700 2605 3753 bonum
2632 3705 2797 3766 atque
2821 3694 3032 3759 utilem,
3060 3705 3279 3760 unoque
3304 3687 3372 3744 iis
3403 3700 3546 3740 nexu
3571 3690 3626 3737 et

2050 3810 2215 3867 prava
2239 3806 2406 3863 opera
2433 3799 2487 3845 et
2515 3788 2699 3843 inania
2727 3787 2907 3841 studia
2945 3783 3341 3839 adhaerescere.

2121 3883 2321 3952 Quidni
2345 3895 2475 3937 vero
2502 3880 2658 3944 illud,
2705 3896 2724 3930 ι
2787 3876 2891 3931 sub
2921 3874 3039 3928 sole
3082 3890 3101 3923 ι
3130 3871 3185 3924 in
3212 3869 3373 3923 aliam
3408 3880 3627 3935 quoque

2052 3975 2379 4035 sententiam
2412 3972 2611 4027 merito
2640 3960 3108 4037 interpretemur?
3142 3973 3266 4012 nam
3290 3972 3413 4011 cum
3441 3954 3630 4008 Eccle-

2052 4073 2248 4128 siastes
2273 4078 2585 4122 sermonem
2643 4060 2712 4116 ad
2758 4071 2952 4114 omnes
2982 4052 3236 4109 homines
3274 4048 3626 4109 converterit,

2052 4162 2145 4234 qui
2190 4170 2391 4216 terram
2436 4156 2579 4209 hanc
2614 4151 2884 4214 habitant,
2927 4161 3093 4218 quam
3137 4144 3217 4200 sol
3244 4158 3311 4198 ex
3354 4141 3502 4195 edito
3533 4154 3629 4194 su-

2052 4252 2318 4322 blimique
2366 4248 2488 4303 loco
2524 4246 2791 4308 intuetur,
2839 4251 3005 4310 atque
3035 4244 3161 4293 ortu
3187 4242 3243 4291 et
3278 4247 3479 4289 occasu
3527 4246 3630 4285 suo

2054 4321 2317 4408 lustrans,
2358 4335 2671 4395 Conditoris
2729 4332 2968 4389 consilio
2997 4338 3064 4399 ,οι
3108 4328 3390 4383 voluntate
3444 4321 3633 4378 multis

2061 4431 2565 4497 aliieitbeneliciis;
2593 4429 2706 4499 jam
2731 4441 2858 4481 cum
2887 4424 2964 4479 ait
2994 4440 3007 4478 :
3049 4441 3067 4473 ι
3113 4420 3255 4487 Quid
3308 4418 3470 4472 habet
3516 4430 3635 4468 amo

372 4512 557 4617 λότητι
583 4514 697 4617 ’καὶ
721 4512 999 4617 μοχθηρίᾳ
1025 4513 1120 4567 καὶ
1144 4510 1495 4584 κακοπραγίᾳ
1546 4513 1936 4585 προελομένους

2062 4531 2205 4601 plius
2231 4527 2395 4583 homo
2415 4526 2479 4580 de
2504 4523 2763 4579 universo
2784 4518 2970 4573 labore
3000 4531 3122 4583 suo,
3152 4529 3264 4585 quo
3294 4513 3507 4567 laborat
3531 4510 3636 4565 sub

375 4600 760 4656 πολιτεύεσθαί
795 4619 856 4657 τε
887 4603 981 4659 καὶ
1014 4602 1114 4674 ζῇν
1152 4602 1257 4657 ἁνά
1302 4604 1486 4657 πᾶσαν
1536 4603 1639 4676 τὴν
1691 4605 1796 4676 γῆν
1850 4606 1936 4659 ὑπί

2059 4600 2194 4689 sole,
2245 4640 2265 4672 ι
2307 4619 2558 4676 homines
2591 4613 2909 4683 alloquitur,
2961 4610 3058 4680 qui
3104 4621 3438 4679 quacunque
3491 4614 3635 4659 terra

372 4691 465 4744 τὸν
488 4691 640 4762 ἥλιον
664 4694 723 4747 ἐν
763 4693 842 4765 τῷ
870 4694 1137 4763 φάσκειν·
1172 4710 1191 4745 ι
1233 4692 1331 4757 Τίς
1377 4693 1664 4765 περίσσεια
1722 4694 1805 4767 τῷ
1856 4697 1951 4751 ἀν-

447 4918 561 5001 (ἓὲ.)
590 4917 785 5001 Cedat,
838 4918 1017 4989 inquit
1070 4917 1433 5001 Hieronymus
1472 4918 1592 5001 "(in
1629 4922 1702 4973 Is.
1746 4933 1795 4974 c.
1849 4936 1953 4985 ιχ,

375 5005 433 5045 n.
458 4987 552 5059 '7.)
580 4989 721 5059 regio
740 4987 1129 5043 Saracenorum
1152 4998 1250 5053 est,
1276 4987 1365 5059 qui
1388 4991 1442 5043 in
1466 4987 1746 5059 Scriptura
1773 5006 1960 5045 vocan-

377 5072 467 5139 tur
497 5058 812 5139 “medim.
847 5059 1055 5139 Incolae.
1082 5059 1202 5139 ejus
1243 5058 1479 5139 regionis
1502 5058 1690 5139 Ορξίνοεὶ
1712 5070 1810 5114 aut
1848 5060 1957 5139 με·

377 5076 467 5114 tur
497 5076 812 5113 umaemw.
849 5076 1041 5113 lliCOltl!
1082 5076 1202 5128 eius
1243 5076 1298 5114 re
1341 5076 1479 5114 IOIIIS
1502 5076 1687 5114 beare:
1712 5076 1810 5114 aut
1848 5076 1955 5115 Ite-

376 5131 564 5183 dureni
591 5129 746 5192 dicti,
787 5144 927 5195 quos
964 5129 1239 5184 Relandus
1272 5076 1510 5201 (ﬁalmsl:
1541 5130 1631 5201 lib.
1667 5145 1705 5193 I,
1748 5144 1796 5183 c.
1845 5131 1955 5201 18),

303 5260 308 5281 Ι
375 5201 600 5281 eosdem
642 5214 765 5254 esse
805 5209 961 5281 putat
993 5211 1157 5281 atque
1202 5198 1412 5281 arabes
1470 5198 1737 5281 Scenitas,
1784 5201 1876 5269 qui
1914 5198 1957 5255 'a

378 5271 630 5350 tentoriis
683 5268 886 5350 nomen
947 5268 1168 5324 habent.
1212 5268 1414 5350 Verum
1468 5284 1534 5324 eo
1594 5269 1681 5324 hic
1739 5268 1961 5325 nemine

378 5340 700 5418 designatur
743 5340 1257 5418 hominummgenus
1297 5340 1597 5418 caducaet
1654 5354 1822 5409 prava
1867 5355 1957 5394 se-

377 5410 743 5488 ctantiumta
764 5411 967 5488 quibus
1017 5411 1310 5464 Christiani
1355 5409 1572 5488 virtutis
1624 5411 1959 5488 ac_piclatis

378 5479 1109 5559 cultoressiediscrepant,
1148 5479 1615 5559 quemadmodum
1648 5495 1677 5533 a
1708 5480 1960 5535 barbaris

380 5549 683 5628 Cedarenis
714 5550 860 5628 cives
889 5546 1544 5628 |_s_r’aelitae_'di_ﬂcrebant.
1579 5547 1960 5618 Comparatio—

382 5633 508 5699 ncm
539 5617 682 5699 haud
708 5617 1733 5699 dissj'milemjnduxirChrysostomus
1760 5620 1827 5673 ad
1872 5620 1960 5673 illa

383 5688 577 5767 psalmi
616 5702 755 5767 satis
776 5705 789 5741 :
811 5687 1189 5767 Ηρρἱιιυὶειιηι
1215 5687 1571 5767 tabernaculis
1604 5688 1777 5745 Cedar
1802 5705 1819 5743 :
1846 5690 1962 5745 hazc

384 5761 529 5829 enim
553 5758 786 5827 subjecit
812 5777 826 5813 :
861 5758 1145 5828 Βάρὸαρον
1174 5759 1331 5812 τοῦτο
1354 5760 1412 5811 τὸ
1437 5760 1590 5827 γένος
1621 5761 1735 5813 ἐστὶ
1758 5760 1959 5829 θηριω-

384 5826 634 5901 δέστερον
655 5826 787 5900 πρὸς
808 5830 934 5891 τοὺς
950 5826 1421 5900 κεκρατημένους,
1440 5826 1798 5901 διακειμένων
1813 5826 1961 5901 ’σκη-

2058 4713 2168 4771 sub
2188 4710 2305 4768 sole
2332 4717 2497 4780 patet,
2531 4705 2714 4762 dedita
2747 4717 2913 4775 opera
2945 4701 2999 4756 in
3022 4699 3172 4756 omni
3209 4698 3415 4754 scelere
3436 4702 3489 4750 et
3517 4709 3637 4748 ma-

2059 4917 2178 4979 ναῖς
2215 4912 2311 4968 καὶ
2356 4906 2621 4970 καλύϐαις
2650 4904 3027 4979 κεχρημένων,
3073 4900 3187 4979 κα).
3209 4896 3346 4979 πρὸς
3400 4893 3500 4965 τὴν
3527 4891 3636 4979 τῶν

2061 4962 3070 5068 ’ἀγριότητα”ξκπὲἶιιτὶι›κό;τω;δ·
3101 4968 3238 5068 ἀλλὰ
3254 4962 3635 5068 imiter???-

2058 5031 2525 5127 ἱῷἳοῖκεᾶἐῶἳξροὶ
2546 5050 2594 5102 οι
2613 5048 2881 5127 δέρτεεξγεςν
2908 5031 3634 5127 ο¹.ῑπλείὲνέκ,ῖαξίῗέἒῖἔ²σξέῖ

2442 5103 2676 5191 τρυφαῖς
2699 5103 2922 5196 ζῶντες.
2951 5110 3007 5165 Id
3028 5118 3110 5166 est
3135 5127 3148 5163 :
3183 5107 3484 5196 Barbarum
3501 5172 3523 5196 Γ
3540 5103 3637 5154 hoc

2060 5172 2333 5251 Iiomir‘titm
2362 5172 2520 5261 cenas
2552 5172 2629 5242 est
2656 5172 3030 5261 aduersuseos,
3054 5196 3181 5249 quos
3206 5179 3460 5259 uicerunt,
3496 5172 3637 5254 fero-

2061 5270 2257 5323 ciorem
2298 5243 2537 5316 animum
2566 5256 2880 5323 gerentium,
2925 5243 3281 5323 quiitentoriis
3320 5255 3369 5299 et
3395 5243 3637 5323 _t_uguriis

2062 5316 2304 5400 ἱιίὶίιὶήιν,
2352 5339 2403 5385 et
2455 5329 2524 5382 ad
2566 5316 2956 5400 immunitatem
3003 5320 3236 5390 ferarum
3301 5316 3638 5396 reciderunt;

2289 5384 2461 5457 'mullo
2489 5407 2611 5453 sunt
2637 5394 2960 5464 e/feratiores
2976 5384 3234 5464 ruptores,
3262 5387 3433 5464 avari,
3465 5393 3513 5437 et
3545 5384 3636 5464 qui

2063 5459 2494 5545 iiiipudice,_qui
2549 5459 2831 5545 libidinose
2878 5464 2933 5516 in
2971 5459 3388 5545 deliciif‘vitam
3449 5462 3633 5524 agunt.

2065 5529 2247 5617 (Tom.
2286 5529 2638 5617 _V_'_E_ipos.i_n
2670 5535 2871 5617 Psalin.
2895 5548 3002 5617 eis,
3041 5529 3217 5617 muli.)

2135 5596 2262 5684 (εδ),
2287 5596 2463 5684 uich.‘
2502 5626 2562 5670 ιι,
2596 5610 2646 5684 ι..
2682 5602 2987 5684 ⁸εοειικεψυιι
3053 5596 3204 5684 me
3245 5596 3636 5684 scri_plttni|est

2077 5663 2645 5756 Ἐῂγοῖζόξλένάι
2679 5678 2737 5730 ὲν
2757 5663 3321 5756 ταίςκοίταιΙς-ριύτῶν
3351 5663 3371 5694 ·“
3399 5663 3545 5733 quod
3581 5672 3639 5715 et

2067 5742 2364 5811 in'ljatinis
2397 5749 2667 5804 redditum
2724 5756 2807 5801 est
2857 5742 2919 5797 In
2970 5742 3261 5805 cubilibus;
3319 5748 3636 5811 quanquam

2065 5836 2260 5884 caetera
2289 5822 2467 5879 minus
2496 5818 2845 5892 respondent.
