3802 6526
462 336 567 400 759

1593 347 1655 411 S.
1693 348 2071 411 GREGORII
2108 349 2625 413 AGRIGENTINI

3655 354 3751 417 760

402 441 409 447 ’
463 447 578 501 litia
606 455 659 501 et
692 446 1042 517 improbitate
1084 460 1378 510 versantur
1441 471 1506 512 ac
1536 459 1729 516 vivunt
1762 481 1778 517 :
1813 463 2000 518 velut:

2144 461 2349 535 θρὼπῳ
2369 466 2427 519 ἐν
2449 466 2611 519 παντὶ
2627 464 2783 538 κόπῳ
2797 465 2987 534 αὐτοῦ,
3003 460 3048 536 ᾧ
3068 467 3262 539 μοχθεῖ
3284 466 3395 521 ὑπὸ
3412 466 3508 520 τδν
3526 467 3689 539 ἣλιον
3707 487 3744 533 ;»

462 536 690 604 diceret,
721 540 1038 611 quicunque
1068 543 1171 599 sub
1192 545 1307 600 sole
1336 546 1439 602 hoc
1468 558 1553 604 est
1579 552 1855 618 mortalis,
1886 569 2046 609 enar-

462 635 568 689 ret,
608 642 748 680 vana
772 628 890 699 ipse
911 632 1175 687 sectando
1205 636 1527 708 agendoque
1573 649 1842 710 quantum
1896 642 2044 696 utili-

460 721 588 776 tatis
614 732 668 777 et
691 725 968 781 commodi
1022 726 1237 785 laturus
1271 730 1376 785 sit:
1410 747 1534 786 cum
1559 750 1680 804 qua:
1708 736 1869 791 hodie
1891 747 2042 805 sunt,

459 831 585 870 cras
624 815 809 872 futura
847 834 956 874 non
993 820 1145 876 sint:
1178 838 1300 889 nec,
1352 824 1399 880 si
1455 827 1583 896 quis
1640 843 1788 884 nunc
1831 828 2041 899 gloria},

458 907 1221 979 amplitudinis,divitiarum,
1263 915 1658 975 dominationis
1696 935 1864 976 causa
1920 921 2046 976 ani-

457 1014 580 1054 mos
604 1003 821 1065 extulit,
881 1014 935 1059 et
962 1004 1107 1060 fastu
1144 1016 1358 1062 tumens
1392 1024 1584 1066 omnes
1639 1013 1875 1083 superbe
1904 1028 2041 1069 con-

461 1092 673 1158 temnit,
708 1109 815 1150 non
848 1096 894 1152 is
923 1097 1069 1153 brevi
1105 1100 1171 1154 ad
1207 1099 1563 1170 ignominiam
1589 1115 1643 1160 et
1677 1106 2041 1161 humilitatem

459 1198 876 1264 extremamque
897 1192 1139 1261 inopiam
1168 1196 1400 1251 recidat.

529 1365 719 1438 Neque
746 1386 879 1427 vero
909 1373 1167 1440 absurde,
1197 1377 1415 1447 opinor,
1441 1381 1716 1439 existimet
1737 1387 2038 1457 quispiam,

457 1457 611 1527 illud,
650 1480 670 1513 ι
709 1463 812 1518 sub
840 1465 975 1532 sole,
1004 1486 1023 1518 ι
1065 1478 1393 1540 usurpatum
1414 1488 1537 1530 esse
1565 1476 1633 1531 ad
1652 1477 2036 1536 defunctorum

456 1554 858 1623 exceptionem,
884 1560 997 1627 qui,
1043 1575 1074 1615 a
1106 1562 1220 1617 sole
1259 1563 1364 1620 hoc
1398 1569 1609 1635 procul,
1664 1570 1804 1627 infra
1837 1582 2037 1629 terram

455 1655 604 1711 stmt,
644 1649 802 1717 quasi
836 1651 951 1706 haec
981 1652 1113 1708 insit
1160 1655 1212 1709 in
1250 1657 1358 1713 illis
1385 1661 1569 1717 verbis
1597 1666 1894 1733 sententia,
1933 1666 2038 1723 Ec-

453 1736 742 1794 clesiasten
784 1743 995 1798 scilicet
1040 1760 1134 1803 eos
1186 1748 1412 1820 alloqui,
1446 1753 1538 1822 qui
1586 1755 1889 1812 etiamnum
1942 1775 2035 1815 su-

452 1830 707 1897 perstites
738 1832 879 1888 hanc
917 1835 1111 1892 vivunt
1165 1840 1331 1894 vitam
1365 1860 1378 1896 :
1410 1844 1557 1912 quod
1588 1846 1689 1916 l3
1728 1847 1764 1902 ii
1815 1859 2033 1907 mutare

450 1937 654 1982 mores.
682 1933 845 1993 atque
872 1942 901 1981 a
935 1929 1171 1998 pessima
1198 1933 1323 1988 vitae
1356 1937 1568 1990 ratione
1591 1938 1657 1992 ad
1682 1940 1883 1996 bonam
1916 1942 2033 1998 fru-

452 2029 571 2080 gem
620 2017 910 2075 redeuntes
959 2023 1287 2093 resipiscere
1318 2025 1480 2084 facile
1512 2031 1766 2099 possint;
1823 2034 2030 2091 illudsi

449 2105 591 2161 forte
616 2109 801 2163 animo
821 2111 1082 2181 COgitent,
1104 2115 1206 2170 sibi
1231 2132 1451 2188 quoque
1478 2136 1794 2193 supremum
1823 2128 2033 2185 instare

447 2198 614 2263 diem,
644 2216 744 2256 nec
768 2216 828 2256 se
862 2203 1067 2272 minus,
1105 2222 1267 2277 quam
1311 2223 1539 2270 caeteros
1576 2217 1745 2271 morti
1778 2232 1903 2275 esse
1929 2221 2032 2276 de-

445 2300 603 2348 votos
636 2311 650 2349 :
670 2294 918 2367 jamque,
968 2300 1019 2354 in
1054 2304 1409 2361 mortalitatis
1432 2323 1547 2363 suae
1575 2310 1911 2381 cogitatione
1936 2313 2031 2369 de—

444 2382 557 2449 ﬁxi,
592 2385 874 2456 ﬂagitiosae
895 2390 1132 2464 denique
1154 2396 1280 2452 vita:
1317 2399 1613 2473 pravisque
1635 2403 1886 2460 moribus
1906 2420 2027 2462 mo-

446 2473 574 2529 dum
606 2474 833 2549 ponant.

515 2651 785 2710 Czeterum
814 2672 935 2726 quze
965 2658 1228 2718 hactenus
1259 2662 1404 2721 dicta
1434 2678 1581 2735 sunt,
1631 2684 1822 2728 ansam
1861 2674 2026 2729 alicui

444 2746 718 2813 praebeant
746 2749 1076 2821 ambigendi,
1112 2758 1523 2828 quaerendique,
1575 2777 1815 2832 quonam
1865 2776 2027 2837 pacto

442 2834 824 2901 Ecclesiastes,
849 2841 942 2910 qui
992 2842 1278 2901 hominum
1318 2849 1700 2920 improborum
1736 2872 2024 2926 perversas

444 2928 567 2982 vitae
598 2930 840 2987 rationes
871 2942 925 2989 et
954 2949 1118 3004 prava
1140 2937 1282 2994 facta
1304 2942 1557 3015 detegere
1585 2946 1690 3002 sibi
1721 2964 2024 3020 proposue—

438 3018 531 3083 rit,
565 3020 699 3074 nihil
722 3022 870 3078 aliud
901 3028 1359 3097 pronuntiaverit,
1400 3048 1563 3101 quam
1613 3054 1632 3087 ι
1673 3018 1898 3095 Vanitas
1927 3058 2022 3097 va-

2151 556 2271 609 ἀντὶ
2301 556 2417 622 τοῦ,
2456 559 2570 622 Πᾶς
2587 559 2877 629 ἄνθρωπος
2907 559 3078 612 τελῶν
3108 560 3214 613 ὑπὸ
3241 558 3443 613 τοῦτον
3464 558 3565 614 τὸν
3604 560 3748 628 ἥλιον

2148 648 2360 701 είπάτω
2387 690 2403 717 ,
2439 649 2601 702 ποίαν
2630 652 2694 703 ὲκ
2726 650 2838 704 τῶν
2875 651 2977 721 τῆς
3020 651 3385 723 ματαιότητος
3454 652 3747 720 ἐπιτηδευ-

2150 740 2338 810 μάτων
2400 743 2493 795 καὶ
2542 742 2795 812 πράξεων
2860 742 3047 815 ὄνησιν
3095 744 3320 814 εὑρήσει
3373 744 3479 796 καὶ
3540 742 3747 795 λυσιτέ·

2146 832 2340 885 λειαν’
2422 832 2510 883 ἐπ’
2559 831 2626 886 ἂν
2692 832 2936 904 σήμερον
3006 831 3162 896 ἔστι,
3229 833 3325 884 καὶ
3380 830 3594 900 αὔριον
3657 831 3747 881 οὐκ

2146 922 2262 976 ἔστι
2291 939 2308 955 ο
2358 923 2456 977 καὶ
2510 921 2606 976 νῦν
2661 924 2760 993 μὲν
2818 924 2875 976 ἐν
2912 921 3037 994 δόξῃ
3096 923 3189 977 καὶ
3230 922 3616 993 μεγαλωσύνη
3663 940 3747 974 και

2145 1012 2363 1085 πλούτῳ
2409 1013 2506 1067 καὶ
2553 1014 2987 1085 καταδυναστείᾳ
3014 1015 3113 1085 τὴν
3145 1014 3283 1068 ίδίαν
3310 1013 3556 1083 γνώμην
3606 1014 3744 1078 ἐξοι-

2142 1104 2429 1158 δαίνουσαν
2454 1104 2547 1157 καὶ
2569 1103 3010 1175 φλεγμαίνουσαν
3036 1104 3127 1175 ἔχε
3137 1124 3173 1169 ι,
3193 1105 3289 1160 καὶ
3311 1121 3743 1176 καταφρυαττο-

2148 1195 2319 1265 μένην
2342 1195 2561 1249 πάντων
2576 1193 2687 1246 τῶν
2703 1194 2903 1248 ἄλλων
2921 1196 3058 1265 μετά
3073 1196 3249 1266 βραχὺ
3271 1194 3329 1248 δὲ
3351 1195 3502 1266 πρὸς
3520 1194 3742 1259 ἀδοξίαι

2142 1285 2235 1337 καὶ
2260 1284 2630 1354 ταπεινότητα
2655 1285 2752 1339 καὶ
2773 1285 2874 1356 τὴν
2920 1287 3158 1357 ἐσχάτην
3183 1287 3427 1354 ἀπορίαν
3475 1286 3739 1357 μετῆλθε.

2212 1375 2368 1446 Τάχα
2393 1375 2452 1429 δέ
2480 1392 2567 1439 τις
2587 1376 2689 1429 οὐκ
2731 1376 3037 1442 ἀπεικότως
3057 1379 3139 1444 τὸ,
3180 1399 3199 1432 ι
3236 1380 3341 1434 ὑπὸ
3369 1380 3471 1432 τὸν
3501 1380 3689 1449 ἣλιον,
3722 1395 3735 1427 ι

2140 1468 2377 1539 οἱήσοιτο
2408 1467 2549 1522 κατὰ
2578 1468 2994 1540 ἀντιδιαστολὴν
3024 1470 3273 1542 εἰρῆσθαι
3293 1472 3405 1526 τῶν
3474 1470 3739 1540 τεθνηκό-

2138 1578 2268 1622 των,
2323 1562 2417 1615 καὶ
2450 1560 2720 1632 μηδαμῶς
2756 1562 2926 1616 ὄντων
2954 1564 3059 1617 ὑπὸ
3076 1563 3265 1618 τοῦτον
3284 1564 3377 1618 τὸν
3400 1565 3592 1636 ἥλιον,
3627 1563 3738 1616 ἀλλ’

2140 1653 2248 1706 ὑπὸ
2273 1653 2376 1723 γῆν
2401 1653 2710 1722 γεγονότων
2739 1671 2754 1684 ⁸
2787 1655 2875 1709 ἵνα
2899 1656 3018 1709 ἐστὶ
3041 1656 3284 1711 τοιοῦτον
3312 1656 3374 1712 τὺ
3406 1657 3735 1727 εἰρημένον

2140 1745 2215 1808 ὡς
2256 1746 2327 1799 τὰ
2379 1748 2601 1817 ῥήματα
2672 1747 2767 1802 τοῦ
2835 1748 3264 1818 Ἐκκλησιαστοῦ
3317 1751 3738 1822 προϐέϐληνται

2068 1817 2111 1873 Β
2141 1841 2279 1909 πρὸς
2315 1840 2443 1903 τοὺς
2475 1840 2579 1911 ἤδη
2619 1840 2900 1911 παρόντας
2938 1843 2997 1895 ὲν
3023 1817 3164 1912 τῷδε
3199 1842 3278 1912 τῷ
3309 1817 3413 1913 βίῷ
3452 1845 3558 1897 καὶ
3602 1817 3739 1907 ζῶν-

2134 1948 2233 1994 τας
2262 1930 2362 2000 τὴν
2392 1931 2679 2003 παροῦσαν
2709 1930 2856 2003 ζωήν
2880 1950 2895 1966 ·
2922 1932 3018 1987 ἅτε
3058 1933 3123 2006 δὴ
3155 1935 3251 1989 καὶ
3281 1936 3422 2007 πρὸς
3472 1938 3738 2005 ἐπιστρο-

2135 2020 2241 2093 φὴν
2271 2021 2367 2075 καὶ
2405 2022 2699 2093 μετάθεσιν
2722 2024 2825 2092 τὴν
2850 2024 2959 2078 ἀπὸ
2986 2024 3089 2096 τῆς
3116 2025 3399 2096 χειρίστης
3448 2026 3735 2087 πολιτείας

2134 2113 2229 2165 καὶ
2259 2112 2540 2182 βελτίωσιν
2582 2114 2899 2184 μεταθεῖναι
2959 2116 3164 2187 ῥᾳδίως
3210 2115 3554 2185 δυναμένους
3589 2134 3605 2146 ο
3665 2118 3736 2181 ὡς

2133 2202 2385 2257 ἐντεῦθεν
2405 2204 2699 2275 διενθυμου
2707 2205 2925 2275 μένους,
2945 2206 3022 2269 ῶς
3044 2208 3140 2261 καὶ
3158 2207 3316 2261 αὐτοὶ
3330 2207 3573 2277 τελευτή
3583 2225 3735 2261 σουσι

2134 2294 2379 2359 πάντως,
2416 2296 2510 2347 καὶ
2542 2294 2803 2367 θνήξουσι
2834 2296 3240 2368 παραπλησίως
3290 2299 3531 2361 ἐκείνοις
3567 2315 3583 2329 ·
3642 2302 3736 2353 καὶ

2132 2386 2277 2439 κατά
2299 2385 2360 2439 τὸ
2388 2386 2686 2442 ἀκόλουθον
2711 2387 3096 2459 λαμϐάνοντας
3126 2388 3341 2443 ἔννοιαν
3369 2390 3476 2461 τῆς
3523 2388 3736 2460 θνητῆς

2131 2477 2313 2532 αὐτῶν
2368 2477 2606 2546 φύσεως,
2662 2480 2758 2534 καὶ
2796 2480 3214 2554 διορθουμένους
3271 2482 3371 2553 τὴν
3431 2482 3735 2555 μοχθηράν

2130 2568 2310 2623 αὐτῶν
2346 2570 2439 2622 καὶ
2471 2569 2686 2642 φαύλην
2726 2569 2894 2643 ζωήν.

2214 2664 2375 2719 Ἀλλὰ
2409 2665 2520 2736 γὰρ
2549 2665 2610 2732 ἐξ
2642 2666 2971 2732 ἀκολουθίας
2999 2666 3108 2721 τῶν
3140 2667 3453 2739 εἰρημένων
3470 2668 3732 2737 ἀναςυή-

2128 2755 2282 2809 σεταί
2310 2773 2397 2820 τις
2428 2756 2652 2830 ἀπορῶν
2677 2758 2856 2826 λόγος,
2883 2759 2981 2813 καὶ
3012 2759 3207 2830 φήσειε
3237 2775 3251 2789 ·
3287 2759 3401 2813 Καὶ
3429 2758 3489 2811 τί
3514 2760 3729 2828 δήποτε

2126 2848 2226 2912 τάς
2258 2848 2652 2920 πονηρολογίας
2694 2851 2791 2905 καὶ
2822 2852 3203 2925 κακοπραγίας
3248 2852 3360 2909 τῶν
3416 2855 3728 2923 μοχθηρῶς

2128 2940 2225 2994 καὶ
2256 2939 2476 3008 φαύλως
2510 2942 2569 2994 ὲν
2590 2941 2728 3012 τῷδε
2754 2942 2835 3013 τῷ
2867 2944 2968 3015 βίῳ
2998 2943 3441 3015 πολιτευομένων
3500 2945 3608 2998 ἀνθ
3617 2948 3723 3015 ρώ-

2127 3048 2246 3085 πων
2286 3032 2315 3085 ὀ
2361 3030 2802 3104 Ἐκκλησιαστὴς
2826 3034 3068 3106 δηλῶσαι
3128 3034 3480 3106 βουλόμενος,
3544 3054 3563 3087 ι
3599 3037 3723 3089 Μει-

438 3111 692 3179 nitatum,
720 3116 903 3170 omnia
934 3120 1184 3174 vanitas?
1222 3140 1241 3173 ι
1274 3139 1399 3187 nam
1425 3126 1472 3179 si
1505 3130 1719 3186 vanitas
1754 3143 1905 3195 sunt,
1960 3150 1993 3188 υ

438 3203 545 3234 :nm
580 3205 813 3234 Αζυεω..-
858 3211 967 3234 -ε-.,.
989 3210 1034 3234 τ.-
1077 3223 1124 3234 .-
1186 3215 1287 3234 -2,,_
1330 3217 1417 3234 .-,.
1548 3220 1559 3230 ρ
1766 3223 1797 3234 .,
1867 3225 1879 3234 .

2128 3123 2347 3194 ταιότης
2376 3162 2393 3189 ,
2444 3120 2606 3192 εἷπε,
2660 3128 3062 3198 ματαιοτήτων,
3110 3126 3181 3180 τά
3242 3127 3424 3182 πάντα
3460 3131 3721 3198 ιματαιό-

2129 3231 2264 3234 ιη,
3239 3216 3336 3234 ..ι
3563 3221 3575 3234 .
3645 3219 3659 3234 ,

432 3203 545 3272 jam
578 3205 837 3274 diximus,
857 3211 970 3264 sive
988 3210 1150 3279 facta,
1181 3215 1295 3271 sive
1312 3217 1479 3284 dicta,
1516 3220 1631 3275 sive
1662 3223 2000 3293 cogitatione:

438 3310 776 3323 ,την-ιιι---νιι-..Α
806 3301 1005 3323 ..-Ωιι--.-
1060 3304 1157 3323 1-,1.
1182 3322 1191 3323 κ
1245 3320 1258 3323 _
1358 3310 1452 3323 -uo-
1501 3320 1510 3323 -

2128 3231 2267 3285 της;
2307 3234 2326 3267 ι
2353 3215 2416 3269 Εί
2444 3214 2553 3286 γὰρ
2595 3217 2904 3288 ματαιότης
2939 3217 3111 3281 ἐστὶν,
3131 3218 3208 3280 ὡς
3238 3216 3490 3289 ἑφθημεν
3526 3219 3721 3271 εἰπόν-

436 3310 779 3368 quacunque
805 3301 1009 3357 nullam
1060 3304 1264 3364 habent
1314 3310 1604 3367 utilitatem
1639 3328 1655 3367 :
1685 3330 1813 3370 cum
1859 3332 2000 3373 omni

2128 3324 2237 3370 τες,
2269 3308 2302 3377 ή
2337 3306 2610 3378 μηδεμίαν
2634 3308 2910 3379 ὠφέλειαν
2943 3308 3143 3380 ἔχουσα
3169 3310 3370 3380 πρᾶξις
3398 3312 3497 3364 καὶ
3548 3312 3717 3364 λαλιά

436 3386 828 3471 improbitatis,
870 3393 1238 3466 nequitiaque
1289 3406 1343 3453 et
1396 3401 1621 3458 malitia:
1680 3421 1855 3475 genus
1910 3424 2020 3465 non

439 3462 606 3534 modo
636 3483 845 3539 nullum
879 3490 1221 3546 amatoribus
1254 3492 1370 3548 suis
1396 3494 1588 3552 aﬂ‘erat
1644 3503 2017 3572 commodum,

437 3572 531 3627 sed
559 3574 722 3629 etiam
747 3576 816 3631 ad
845 3588 1047 3634 aeterna
1073 3581 1195 3639 illos
1218 3585 1485 3654 supplicia
1513 3592 1881 3661 transmittat;
1921 3611 2022 3651 cur

436 3679 545 3721 non
570 3665 719 3721 aliud
754 3667 839 3724 bis
871 3686 1073 3727 nomen
1105 3674 1174 3728 ab
1208 3674 1540 3735 Ecclesiaste
1567 3681 1883 3753 impositum
1910 3698 2016 3751 est,

436 3757 542 3816 nisi
607 3760 857 3816 vanitas?
906 3765 1145 3833 optabile
1180 3767 1325 3822 enim
1365 3783 1482 3825 erat
1515 3772 1658 3843 istis,
1691 3777 1787 3846 qui
1834 3778 1926 3834 diu
1961 3782 2015 3835 in

436 3851 665 3919 rapinis,
701 3852 754 3907 in
785 3856 1035 3922 avaritia,
1069 3858 1123 3912 in
1156 3860 1724 3933 criminationibus,in
1752 3870 2012 3941 ingluvie,

438 3943 491 3995 in
526 3944 811 4013 ebrietate,
867 3948 921 4002 in
958 3952 1203 4020 crapula,
1258 3953 1312 4008 in
1350 3956 1477 4012 aliis
1507 3959 1764 4017 omnibus
1792 3962 2013 4034 ﬂagitiis

430 4038 632 4092 versati
664 4049 871 4106 essent,
899 4044 1194 4099 vanitatem
1230 4062 1419 4102 eorum
1474 4051 1608 4106 solis
1653 4068 1879 4123 operum
1914 4073 2013 4114 cu—

425 4126 627 4197 jusque
650 4130 902 4187 terminis
932 4132 1209 4188 delinitam
1234 4150 1298 4190 ac
1341 4137 1818 4210 circumscriptam
1848 4159 2010 4213 esse;

429 4234 497 4272 ne
518 4234 643 4273 cum
674 4219 739 4275 iis
761 4222 827 4277 ad
861 4223 1008 4279 illam
1039 4241 1259 4297 quoque
1277 4237 1442 4284 vitam
1468 4233 1702 4289 transire
1724 4235 2007 4304 deberent,

432 4311 482 4362 in
511 4326 620 4380 qua
644 4313 1020 4383 justusjudex
1055 4316 1122 4372 de
1149 4320 1422 4386 omnium,
1461 4324 1554 4393 qui
1599 4326 1709 4381 vita
1762 4327 2007 4386 defuncti

428 4404 558 4471 sint,
602 4406 814 4462 meritis
843 4417 927 4462 est
964 4412 1309 4480 cogniturus.
1343 4413 1632 4481 Quomodo
1671 4418 1837 4490 igitur
1885 4436 2009 4491 qua:

2125 3398 2223 3450 καὶ
2243 3397 2564 3467 ένθύμησις,
2602 3398 2673 3453 τά
2725 3398 2783 3451 δὲ
2812 3398 2912 3470 τῆς
2962 3398 3302 3469 φαυλότητος
3354 3400 3453 3452 καὶ
3501 3398 3716 3469 μοχθη-

2128 3491 2248 3561 ρίας
2276 3488 2393 3559 εἴδη
2422 3490 2520 3545 καὶ
2546 3490 2646 3561 τῆς
2675 3490 2881 3554 κακίας
2908 3490 3046 3561 πρὸς
3072 3491 3150 3562 τῷ
3191 3491 3466 3562 μηδεμίαν
3518 3493 3712 3561 δνησιν

2124 3580 2405 3652 προξενεῖν
2424 3584 2539 3644 τοῖς
2570 3580 2722 3651 σφῶν
2741 3582 3021 3652 ἐρασταῖς.
3049 3582 3129 3636 ἔτι
3152 3583 3246 3636 καὶ
3275 3582 3415 3654 πρὸς
3442 3585 3544 3647 τὰς
3574 3586 3710 3637 αἰω-

2121 3670 2375 3735 νιζούσας
2430 3669 2902 3741 παραπέμπουσιν
2954 3669 3155 3733 αὐτοὺς
3211 3671 3527 3740 τιμωρίας·
3589 3672 3710 3734 πῶς

2120 3766 2526 3837 ὠνομάσθησαν
2552 3764 2632 3836 τῷ
2678 3764 3080 3835 Ἐκκλησιαστῇ
3113 3765 3412 3835 ματαιότης
3438 3782 3451 3829 ἱ
3479 3766 3705 3836 ἀγαπη-

2117 3859 2211 3911 τὸν
2242 3856 2351 3928 γὰρ
2397 3853 2467 3929 ἦν
2494 3859 2610 3921 τοῖς
2643 3857 3004 3911 ἐσπουδακόσι
3043 3858 3173 3929 περὶ
3196 3857 3295 3928 τὴν
3327 3858 3592 3929 ἁρπαγὴν
3608 3860 3706 3911 καὶ

2117 3947 2217 4020 τὴν
2249 3947 2567 4014 πλεονεξίαν
2600 3948 2696 4002 καὶ
2724 3948 2825 4021 τὴν
2863 3949 3233 4019 συκοφαντίαν
3273 3950 3369 4003 καὶ
3403 3950 3511 4019 τὴν
3544 3949 3703 4018 ἀδδη-

2118 4039 2326 4109 φαγίαν
2355 4040 2448 4093 καὶ
2468 4038 2642 4111 μέθην
2656 4040 2751 4094 καὶ
2772 4039 3082 4111 κραιπάλην
3098 4040 3194 4094 καὶ
3207 4039 3308 4111 τὴν
3325 4039 3497 4111 ἀλλην
3520 4041 3698 4095 πᾶσαν

2117 4131 2509 4203 κακοπραγίαν
2539 4132 2895 4203 περιορίσθαι
2930 4133 3025 4186 καὶ
3079 4131 3531 4204 περιγεγράφθω
3588 4131 3695 4184 τῶν

2119 4222 2267 4277 ἰδίων
2296 4221 2591 4293 ἐνεργειῶν
2635 4221 2820 4292 μόνοις
2844 4223 2957 4285 τοῖς
2979 4222 3215 4293 πέρασιν
3241 4239 3256 4253 ·
3293 4222 3432 4277 ἀλλά
3467 4222 3546 4292 μὴ
3576 4238 3694 4275 συνο

2115 4312 2402 4384 απῴχοντο
2429 4311 2645 4372 τούτοις
2669 4312 2765 4366 καὶ
2811 4313 2949 4383 πρὸς
2977 4312 3078 4382 τὴν
3137 4313 3351 4367 ἐκεῖθεν
3412 4312 3580 4383 ζωὴν,
3636 4316 3689 4366 ὲν

2117 4400 2152 4479 ᾖ
2192 4404 2290 4474 τὴν
2317 4404 2428 4458 τῶν
2455 4402 2808 4474 βεϐιωμένων
2830 4403 3031 4475 ὥρισεν
3060 4405 3089 4458 ὁ
3108 4403 3314 4469 δίκαιος
3342 4403 3542 4476 κριτὴς
3566 4405 3689 4460 άντ-

426 4497 945 4567 ptnnasimportent
1010 4503 1382 4563 intolerabiles
1442 4511 1831 4583 cruciatusque
1882 4530 2000 4584 per-

2128 4497 2395 4552 ιπόδοσιν.
2459 4496 2586 4560 Πῶς
2621 4491 2715 4550 οὖν
2747 4495 2816 4549 τά
2848 4496 3218 4568 προξενοῦντα
3249 4497 3528 4568 τιμωρίας
3589 4498 3685 4550 άν-

425 4594 637 4654 petuos,
671 4588 897 4655 ,vanitas
934 4593 1232 4649 vanitatum
1274 4597 1733 4666 appellabuntur?
1772 4619 2004 4672 praeser-

427 4679 518 4731 tim
555 4694 680 4735 cum
713 4682 799 4735 vel
832 4682 898 4737 de
933 4687 1107 4739 otioso
1142 4688 1308 4742 verbo
1360 4704 1552 4757 poenas
1583 4693 1651 4748 ab
1691 4695 2004 4752 hominibus

425 4771 656 4837 «tamlas,
685 4774 1066 4845 rationemque
1094 4778 1146 4832 in
1178 4779 1371 4848 jndicii
1402 4784 1489 4838 die
1509 4785 1834 4840 reddendam
1857 4802 1999 4855 esse,

423 4863 681 4921 Christus
701 4875 756 4921 et
777 4865 922 4923 Deus
952 4880 1142 4926 noster
1174 4874 1225 4927 in
1268 4875 1579 4947 Evangeliis
1610 4879 1842 4936 edixerit
1866 4882 1929 4935 ‘9.

496 5017 724 5073 Planum
776 5035 942 5090 porro
966 5021 1096 5081 hinc
1138 5035 1244 5089 est,
1301 5030 1446 5098 quod
1510 5030 1576 5085 ad
1636 5034 1998 5102 quaestionem

421 5112 776 5180 respondeas.
813 5113 1046 5183 Sapiens
1061 5117 1206 5173 enim
1240 5118 1618 5184 Ecclesiastes,
1646 5135 1902 5194 tanquam
1930 5127 1998 5183 ad

2114 4592 2412 4654 υποίστους
2447 4591 2543 4645 καὶ
2576 4590 2827 4654 κολάσεις
2853 4592 3250 4661 ἀτελευτήτους
3271 4590 3688 4662 ὠνομασθήσον-

2109 4703 2196 4738 ται
2223 4685 2525 4755 ματαιότης
2558 4689 2939 4755 ματαιοτήτων
2966 4704 2981 4751 ;
3009 4687 3145 4739 ὅπου
3162 4702 3225 4751 γε
3252 4686 3502 4756 καὶὺπὲρ
3521 4683 3684 4755 ἀργοῦ

2113 4777 2275 4845 λόγου
2335 4778 2448 4839 τοῖς
2479 4777 2787 4848 ἀνθρώποις
2822 4776 3329 4852 εἰσπραχθήσεσθαι
3368 4777 3546 4840 δίκας,
3596 4776 3683 4829 καὶ

2108 4870 2269 4939 λόγον
2323 4869 2629 4924 ἀποδώσειν
2661 4870 2802 4923 κατά
2834 4871 2933 4940 τὴν
2979 4870 3194 4941 ἡμέραν
3248 4871 3346 4940 τῆς
3368 4871 3599 4940 κρίσεως
3624 4872 3676 4921 ἐν

2106 4965 2222 5024 τοῖς
2260 4961 2627 5031 Εὑαγγελίοις
2652 4964 2819 5032 φησὶν
2849 4964 2878 5016 ό
2910 4963 3149 5032 Χριστὸς
3162 4963 3275 5023 ,καὶ
3325 4962 3457 5025 Θεὸς
3486 4962 3654 5032 ἡμῶν.

2180 5054 2336 5106 Ἔστι
2359 5052 2416 5106 δὲ
2443 5053 2764 5123 καταφανὴς
2801 5052 3029 5106 αὐτόθεν
3055 5054 3155 5124 τῆς
3184 5052 3424 5124 ἀπορίας
3449 5055 3481 5123 ἡ
3506 5053 3668 5113 λύσις.

2118 5147 2177 5199 '0
2209 5146 2318 5217 γὰρ
2355 5146 2516 5215 σοφὸς
2563 5145 2996 5217 Ἐκκλησιαστὴς
3031 5147 3104 5208 ὡς
3137 5146 3274 5217 πρὸς
3291 5146 3667 5216 εἰσαγομένους

421 5204 627 5258 tirones
671 5205 835 5259 verba
888 5206 1114 5273 faciens,
1160 5208 1435 5267 damnatis
1483 5212 2000 5285 increpatisqueiis

2128 5238 2193 5291 ’δν
2219 5237 2377 5306 λόγον
2404 5237 2749 5307 ποιούμενος,
2780 5236 2874 5290 καὶ
2904 5236 3332 5305 καταγινώσκων
3364 5237 3459 5289 καὶ
3511 5253 3663 5289 κστα-

417 5296 535 5365 qui,
596 5308 805 5355 natura:
851 5301 987 5359 fines
1044 5303 1395 5375 rationesque
1434 5309 1795 5379 transgressi,
1851 5310 1998 5380 leges

2104 5329 2458 5400 μεμφόμενος
2484 5328 2593 5383 τῶν
2619 5328 3156 5400 παραχαραττόντων
3198 5329 3327 5392 τοὺς
3373 5329 3529 5399 ὅρους
3580 5327 3663 5379 καὶ

419 5390 540 5459 ejus
571 5407 600 5445 a
622 5409 733 5462 quo
765 5394 977 5450 conditi
1013 5411 1228 5463 sumus,
1258 5400 1603 5465 subvertunt,
1642 5412 1697 5457 et
1738 5404 1996 5458 volunta-

2133 5390 2986 5489 όγουξτῆςήφύσεωςξκαὶ’τοὺς
3013 5421 3212 5491 νόμους
3254 5419 3350 5472 τοῦ
3398 5420 3659 5478 missam;

416 5482 515 5536 riis
568 5482 723 5539 liberi
779 5486 989 5543 arbitrii
1042 5492 1335 5548 momentis
1390 5509 1455 5548 ae
1501 5496 1741 5553 motibus
1788 5498 1855 5551 ad
1905 5514 1994 5557 res

2140 5514 2248 5583 μᾶς
2280 5511 2838 5583 παραλογιζομένους,
2869 5515 2964 5566 καὶ
2994 5515 3115 5576 ταῖς
3146 5514 3551 5583 προαιρετικαῑς
3571 5524 3652 5560 τον

416 5572 640 5629 inutiles
660 5586 715 5630 et
745 5578 917 5637 malas
951 5582 1251 5638 abutuntur
1277 5602 1295 5651 ;
1323 5586 1456 5639 satis
1478 5602 1600 5643 esse
1635 5590 1989 5659 existimavit,

416 5667 575 5721 sicos
607 5667 674 5724 ab
702 5685 808 5728 una
864 5675 1104 5734 vanitate
1151 5678 1571 5748 reprehenderet
1620 5691 1988 5757 notaretqnc;

489 5782 532 5813 ”
556 5779 746 5836 Matth.
782 5800 877 5851 xu,
913 5788 1000 5841 56.

2098 5603 2451 5669 αύτεξουσίου
2486 5606 2682 5675 ῥοπαῖς
2713 5605 2810 5657 καὶ
2853 5605 3106 5676 κινήσεσι
3156 5606 3525 5676 κεχρημένους
3573 5602 3651 5655 ἐπὶ

2099 5698 2210 5760 τοῖς
2240 5694 2583 5768 ἀσυμφόροις
2638 5696 2733 5751 καὶ
2771 5694 3019 5765 φαύλοις,
3083 5696 3387 5768 ἀποχρῆναι
3428 5696 3647 5766 ἡγήσατο
