4172 6530
636 387 742 452 733

1752 390 1815 452 S.
1858 386 2244 450 GREGORII
2283 387 2799 451 AGRIGENTINI

3802 386 3899 447 7M

640 507 799 560 valde
830 505 1057 575 pulchra
1080 516 1293 577 reperta
1326 520 1470 574 esse,
1496 505 1686 563 divino
1714 508 2029 563 testimonio
2062 507 2225 562 doce—

2343 506 2524 574 γονότα
2554 506 2735 561 πάντα
2764 505 2907 559 καλά
2948 504 3067 558 λίαν
3098 503 3569 576 ἐμαρτυρήθησαν
3591 516 3605 531 ⁸
3644 499 3737 555 καὶ
3786 501 3901 557 οὔτε

639 613 785 652 mur.
809 595 993 667 Neque
1017 612 1149 653 vero
1178 608 1274 653 aut
1298 598 1608 654 divinarum
1632 598 1961 654 Litterarum
2006 607 2227 653 senten-

641 693 730 745 tiae
767 691 1045 746 adversari
1071 690 1153 746 ias
1181 702 1284 757 est,
1317 701 1416 747 aut
1447 692 1723 762 cognitam
1765 690 2227 761 manifestamque

639 781 934 837 utilitatem
959 792 1014 837 et
1044 782 1513 851 pulchritudinem
1544 792 1599 837 et
1631 782 1883 837 ordinem
1914 781 2095 851 ipsum
2125 795 2225 834 na-

643 881 777 929 tura:
803 874 860 927 in
896 874 984 939 iis,
1006 890 1128 944 qua:
1156 884 1285 929 sunt
1313 890 1546 945 quaeque
1589 874 1868 939 visuntur,
1900 872 2229 944 {quomodo-

641 981 858 1036 cunque
896 967 1148 1035 redargui
1177 982 1277 1036 par
1305 978 1445 1022 erat.
1474 967 1617 1033 Quin
1658 975 1714 1022 et
1739 966 1989 1022 homines
2018 965 2228 1035 priscos

646 1067 1037 1126 recentesque,
1078 1058 1171 1127 qui
1196 1058 1274 1113 rei
1300 1058 1519 1113 rustica:
1548 1059 1719 1114 dediti
1770 1067 1931 1114 terra;
1964 1058 2227 1125 cultores,

642 1162 981 1217 operumque
1011 1148 1244 1202 studiosi
1272 1146 1515 1212 fuerunt,
1539 1148 1713 1204 sacris
1749 1148 1805 1202 in
1841 1146 2063 1203 Litteris
2086 1161 2228 1202 com-

642 1239 891 1293 mendari
943 1236 1215 1303 videmus,
1271 1246 1573 1307 contraque
1631 1238 1727 1308 qui
1777 1238 2114 1309 negligentes
2175 1247 2232 1294 et

644 1330 828 1399 ignavi
857 1339 912 1386 et
940 1329 1158 1386 desides
1191 1328 1323 1395 sint,
1360 1329 1548 1385 multis
1567 1329 1892 1399 reprehendi
1935 1348 1949 1385 :
1978 1331 2230 1401 quando-

644 1423 867 1493 quidem
894 1431 950 1479 et
980 1421 1159 1489 initio,
1191 1437 1316 1478 cum
1345 1424 1485 1478 Deus
1518 1422 1735 1493 generis
1795 1422 1967 1479 nostri
2021 1425 2230 1494 princi-

646 1529 770 1583 pem
806 1513 986 1579 linxit,
1020 1513 1073 1567 in
1110 1514 1365 1583 paradiso
1392 1514 1715 1570 collocavit:
1747 1533 1766 1567 ι
1806 1513 1879 1570 Ut
1906 1527 2231 1586 operaretur

645 1616 701 1660 et
728 1606 1033 1661 custodiret
1057 1606 1209 1660 illum
1240 1606 1302 1659 κ.
1346 1624 1365 1659 ι
1397 1606 1461 1661 Ει
1488 1607 1555 1662 de
1590 1606 1776 1662 lsaaco
1807 1608 2074 1677 scriptum
2104 1617 2226 1664 est:

653 1717 673 1750 ι
706 1696 857 1753 Sevit
888 1697 942 1752 in
982 1707 1127 1753 terra
1152 1698 1265 1764 illa,
1294 1707 1348 1754 et
1395 1713 1539 1754 anno
1560 1699 1753 1754 eodem
1783 1699 2047 1755 hordeum
2078 1700 2230 1756 inve-

647 1790 1119 1861 nitcentuplicato
1142 1789 1279 1861 (28).
1312 1809 1331 1843 ι
1366 1789 1615 1860 Longum
1639 1807 1767 1847 vero
1783 1803 1933 1848 esset
1960 1801 2013 1848 et
2041 1808 2226 1863 grave,

2330 596 2408 666 τῷ
2434 597 2577 667 λόγῳ
2609 598 2711 669 τῆς
2734 598 2885 662 θείας
2909 600 3136 671 Γραφῆς
3163 592 3274 650 οἷόν
3298 590 3358 649 τέ
3385 597 3505 649 ἐστι
3536 594 3900 663 ἀντιφάσκειν,

2328 691 2454 747 οὔτε
2477 693 2578 764 τὴν
2606 694 3020 763 διεγνωσμένην
3051 692 3145 746 καὶ
3172 686 3631 759 κατειλημμένην
3647 685 3905 756 χρησιμό·

2328 796 2470 849 τητα
2504 782 2600 835 καὶ
2632 782 2901 853 καλλονὴν
2926 782 3023 834 καὶ
3052 780 3208 845 τάξιν
3236 778 3340 849 τῆς
3363 777 3583 847 φύσεως
3609 776 3716 829 τῶν
3746 776 3905 829 ὄντων

2331 873 2428 927 καὶ
2486 874 2834 945 φαινομένων
2883 872 3137 928 ὁπωσοῦν
3184 870 3557 927 ἐνδιαόἀλλειν
3612 868 3899 940 προσῆκεν.

2343 964 2505 1018 Ἀλλά
2534 966 2629 1019 καὶ
2679 966 2808 1029 τοὺς
2834 966 2933 1029 τάς
2966 963 3282 1037 γεωργικὰς
3318 961 3641 1034 ἐπιμελείας
3678 960 3773 1013 καὶ
3803 976 3898 1029 γη-

2332 1056 2532 1120 πονίας
2589 1056 2688 1111 καὶ
2745 1057 3033 1126 φιλεργίας
3072 1057 3375 1127 ἐσχηκότας
3426 1051 3749 1123 ἀνθρώπους
3805 1065 3906 1103 πα-

2330 1150 2516 1213 λαιούς
2576 1167 2639 1204 τε
2691 1151 2786 1205 καὶ
2837 1151 2992 1214 νέους
3018 1146 3606 1218 κατασεμνυνομένους
3660 1140 3907 1212 εὑρίσκο-

2335 1259 2435 1312 μεν
2468 1241 2573 1296 ὑπὸ
2600 1242 2703 1308 τῆς
2734 1241 2889 1306 θείας
2921 1240 3150 1313 Γραφῆς
3174 1256 3188 1271 ⁸
3222 1240 3297 1303 ὡς
3347 1235 3586 1307 ἔμπαλιν
3610 1235 3736 1295 τοῦς
3780 1233 3910 1302 ἀμεφ

2329 1331 2442 1395 λεῖς
2468 1332 2563 1385 καὶ
2591 1332 2797 1402 ἀργοὺς
2827 1332 2923 1387 καὶ
2954 1330 3236 1402 ῥᾳθύμους
3260 1326 3502 1399 μέμψεσι
3533 1322 3761 1385 πολλαῖς
3786 1320 3912 1375 καθ-

2327 1421 2826 1493 υποϐεϐλημένους.
2874 1423 3093 1492 Ἐπειδὴ
3124 1420 3218 1474 καὶ
3247 1421 3369 1473 κατ’
3400 1417 3575 1489 ἀρχάς
3608 1415 3773 1487 ἡνίκα
3829 1414 3913 1466 τὸν

2330 1516 2635 1588 γεννάρχην
2680 1516 2912 1570 ἔπλασεν
2932 1518 2959 1569 ό
2981 1515 3137 1579 Θεὸς,
3168 1516 3229 1567 ἐν
3259 1513 3338 1584 τῷ
3392 1511 3717 1583 παραδείσῳ
3750 1507 3907 1572 ἐθετο,

2337 1627 2357 1660 ι
2392 1608 2940 1680 Ἑργάζεσθαιαύτδν
2995 1608 3094 1660 καὶ⁸
3158 1605 3483 1676 φυλάσσειν.
3520 1623 3539 1655 ι
3604 1603 3913 1673 Γέγραπται

2330 1700 2388 1754 δέ
2418 1701 2515 1755 καὶ
2549 1700 2801 1772 περὶτοῦ
2845 1700 3054 1763 Ἰσαὰκ,
3107 1698 3185 1763 ὡς
3228 1719 3246 1751 ι
3298 1699 3598 1769 Ἕσπειρεν
3629 1697 3688 1749 ἐν
3740 1698 3803 1765 τῇ
3851 1696 3913 1763 γῇ

2330 1793 2537 1867 ἐκείνη,
2563 1796 2659 1850 καὶ
2688 1788 2812 1866 εὗρε
2832 1794 2910 1864 τῷ
2948 1792 3181 1863 ἐνιαυτῷ
3203 1790 3397 1861 ἐκείνῳ
3425 1786 3916 1843 ἐκαστοστεύουσαν

648 1900 773 1956 qua:
819 1886 886 1941 de
924 1885 1012 1941 his
1046 1893 1268 1941 exstant
1306 1884 1642 1951 testimonia,
1696 1885 1780 1939 vel
1831 1885 2083 1941 evolvere
2149 1885 2233 1939 vel

2343 1884 2535 1955 κριθὴν
2558 1898 2573 1916 θ
2605 1901 2623 1936 ι
2661 1882 2759 1938 καὶ
2799 1881 2982 1955 μακρδ
3002 1900 3031 1933 ν
3058 1881 3125 1935 ἂν
3147 1880 3233 1951 εἴη
3267 1881 3362 1933 καὶ
3389 1878 3648 1951 φορτικὸν
3672 1878 3771 1942 τάς
3800 1878 3920 1947 περὶ

649 1974 875 2030 referre.
908 1973 1120 2031 Novere
1142 1976 1289 2031 enim
1331 1990 1523 2030 omnes
1543 1989 1607 2029 ea
1648 1975 1834 2040 etiam,
1857 1991 1980 2045 quae
2019 1991 2051 2031 e
2101 1991 2237 2031 con-

650 2066 823 2121 trario
874 2066 944 2122 ad
987 2068 1473 2138 reprehensionem
1518 2067 1823 2122 otiosorqu
1875 2076 1929 2122 et
1982 2069 2235 2140 segnium

649 2159 860 2229 prolata
882 2168 1031 2225 sunt,
1065 2175 1297 2229 quorum
1325 2175 1488 2215 causa
1520 2159 1747 2224 dicitur,
1783 2178 1802 2211 ι
1826 2158 1942 2214 Via:
1974 2161 2234 2215 inertium

650 2261 836 2309 strata:
864 2252 1038 2322 spinis
1069 2251 1210 2323 (29).
1249 2273 1268 2303 υ
1301 2252 1380 2307 Ac
1404 2268 1624 2308 rursum
1669 2271 1684 2307 :
1716 2271 1735 2304 ι
1776 2251 1926 2308 Vnde
1952 2252 2021 2308 ad
2051 2253 2240 2309 formi-

649 2359 795 2406 cam,
836 2359 871 2399 ο
895 2344 1065 2415 piger,
1098 2352 1264 2413 atque
1285 2344 1544 2400 azmulare
1575 2344 1694 2399 vias
1742 2345 1887 2414 ejus,
1915 2354 1971 2400 et
1993 2354 2114 2401 esto
2145 2346 2237 2402 illa

651 2432 993 2504 sapientior;
1025 2450 1151 2489 nam
1178 2450 1301 2489 cum
1331 2435 1381 2489 ei
1424 2451 1530 2489 non
1564 2435 1638 2492 sit
1668 2435 1900 2506 agellus,
1930 2451 2109 2506 neque
2139 2437 2238 2492 ha-

654 2526 779 2581 bent
802 2526 895 2595 qui
924 2534 1105 2596 cogat,
1139 2542 1318 2597 neque
1348 2528 1452 2582 sub
1477 2527 1703 2582 domino
1734 2528 1825 2593 sit,
1856 2538 2012 2598 parat
2052 2538 2241 2585 aestate

658 2618 982 2672 alimentum
1020 2627 1075 2673 et
1102 2620 1332 2673 multam
1368 2620 1422 2673 in
1451 2635 1630 2675 messe
1657 2620 1788 2674 facit
1813 2621 2238 2676 acervationem.

656 2711 765 2764 Aut
792 2709 926 2764 vade
950 2709 1017 2764 ad
1052 2724 1231 2779 apem,
1258 2721 1311 2765 et
1345 2712 1518 2777 disce,
1547 2711 1827 2781 quomodo
1849 2714 2101 2783 operaria
2132 2721 2238 2781 est,

658 2810 824 2871 atque
846 2818 984 2871 opus
1006 2818 1169 2859 suum
1201 2817 1368 2872 quam
1400 2803 1712 2873 speciosum
1744 2803 1894 2868 facit.
1949 2804 2109 2875 cujus
2156 2805 2240 2860 la-

656 2893 885 2950 boribus
912 2911 1066 2965 reges
1083 2895 1390 2966 privatique
1402 2896 1469 2951 ad
1491 2897 1783 2952 sanitatem
1805 2906 2044 2954 utuntur
2066 2898 2236 2971 (50).»

655 2985 885 3056 Magnus
915 3001 1044 3041 vero
1096 2986 1326 3054 Paulus,
1366 3003 1431 3043 os
1474 2989 1607 3045 illud
1665 3004 1919 3055 aureum,
1956 3007 2025 3046 ne
2060 2992 2113 3046 in
2138 3007 2240 3047 esu

656 3078 879 3149 quidem
900 3096 1117 3137 cessare
1151 3096 1481 3151 quemquam
1518 3092 1573 3137 et
1601 3082 1840 3138 otiosum
1872 3097 1994 3139 esse
2022 3085 2245 3153 permit-

658 3171 728 3226 tit
752 3171 818 3225 ”.
849 3171 1136 3238 Quomodo
1160 3173 1332 3242 igitur
1362 3173 1607 3245 cogitare
1651 3175 1757 3245 16
1786 3175 1966 3241 liceat,
2017 3190 2140 3246 qua:
2185 3176 2239 3231 in

657 3278 843 3317 rerum
862 3264 1334 3332 naturavidemus,
1353 3280 1416 3320 ea
1445 3267 1740 3321 vanitatem
1764 3282 1888 3323 esse
1915 3268 2245 3323 vanitatum?

658 3364 756 3409 aut
782 3355 1109 3410 sententiam
1142 3355 1451 3427 illam,qua:
1468 3358 1697 3413 adducta
1717 3369 1819 3423 est,
1860 3376 1879 3410 ι
1908 3358 2047 3425 Quid
2085 3359 2246 3415 habet

658 3443 898 3514 amplius
925 3444 1091 3500 homo
1129 3445 1197 3500 de
1229 3446 1490 3502 universo
1521 3446 1711 3502 labore
1738 3462 1860 3513 suo,
1900 3464 2007 3518 quo
2036 3448 2247 3504 laborat

662 3534 767 3589 sub
788 3535 949 3589 sole?
981 3554 1001 3588 ι
1040 3544 1200 3592 terra:
1245 3552 1413 3608 opera
1440 3536 1800 3608 signiﬁcare?
1849 3538 2081 3610 Propter
2122 3557 2246 3611 qua:

661 3624 843 3696 potius
878 3626 1146 3682 honestus
1175 3636 1231 3682 et
1269 3626 1579 3682 industrius
1606 3634 1661 3680 et
1691 3624 1801 3681 Deo
1844 3626 2045 3684 charus
2080 3628 2246 3684 homo

664 3714 740 3769 sit
775 3714 1053 3782 inventus,
1082 3714 1215 3770 illud
1245 3714 1455 3771 scilicet
1484 3729 1617 3769 cura
1646 3714 1920 3785 ejusmodi
1952 3725 2008 3772 et
2031 3716 2239 3773 laboris

661 3804 986 3862 assiduitate
1016 3816 1367 3873 consecutus,
1398 3813 1458 3862 ut
1481 3815 1534 3862 et
1555 3821 1762 3878 egenos
1790 3807 1982 3875 aleret,
2042 3818 2097 3865 et
2144 3809 2239 3865 ho-

666 3897 849 3969 spites
883 3898 1117 3970 benigne
1136 3899 1433 3972 acciperet,
1464 3908 1520 3956 et
1547 3899 1653 3954 alia
1681 3898 1793 3956 Deo
1813 3899 2054 3972 jucunda
2101 3902 2247 3959 face-

662 4002 770 4051 ret.

738 4173 871 4231 Nam
898 4176 1002 4232 nisi
1024 4177 1117 4245 sit,
1147 4177 1243 4249 qui
1273 4176 1572 4234 sudoribus
1599 4177 1718 4234 suis
1752 4186 1808 4233 et
1835 4176 2117 4235 laboribus
2152 4192 2245 4235 co-

663 4266 810 4337 piam
832 4259 1141 4337 sibi'paret,
1165 4276 1224 4323 ut
1243 4276 1299 4323 et
1335 4267 1451 4338 ipse
1470 4267 1735 4334 abundet,
1787 4275 1843 4323 et
1870 4266 2244 4338 indigentibus

662 4357 1015 4413 commodare
1034 4358 1229 4427 possit,
1260 4358 1355 4430 qui
1381 4361 1846 4431 comprobabitur,
1874 4368 1971 4415 aut
1998 4360 2064 4414 ad
2081 4375 2243 4431 quem

665 4449 942 4521 pertinere
978 4451 1296 4521 putabimus
1315 4451 1524 4508 dictum
1552 4452 1685 4509 illud
1724 4471 1737 4507 :
1770 4471 1789 4505 ι
1832 4451 2118 4523 Dispersit,
2148 4451 2245 4508 de-

664 4542 1095 4611 ditpauperibus
1136 4542 1403 4614 :justitia
1458 4545 1580 4615 ejus
1638 4553 1827 4600 manet
1871 4545 1925 4600 in
1981 4545 2244 4601 saeculum

666 4635 854 4691 s:eculi
876 4636 954 4691 υτ
983 4655 1004 4689 ι
1043 4636 1224 4704 Quare
1250 4637 1388 4691 nihil
1409 4638 1682 4707 ejusmodi
1716 4638 2038 4709 designabat
2062 4637 2246 4695 Eccleo

666 4727 889 4794 siastes,
921 4728 1016 4785 sed
1067 4728 1199 4783 illud
1252 4729 1307 4783 in
1358 4729 1543 4784 animo
1580 4729 1839 4785 habuisse
1881 4730 2123 4796 videtur,
2182 4739 2245 4787 ut

663 4816 816 4873 clare
877 4816 1221 4887 praeciperet,
1261 4832 1330 4872 ne
1363 4816 1490 4888 quis
1540 4832 1787 4887 unquam
1844 4817 1911 4874 iis
1940 4819 2248 4876 exuberare

664 4907 927 4978 operibus
955 4907 1137 4971 vellet,
1170 4922 1294 4977 qua:
1326 4905 1383 4961 in
1420 4906 1694 4963 detestata
1728 4908 2031 4979 voluptate,
2082 4919 2248 4981 atque

665 5000 721 5054 in
752 4998 1196 5068 corruptelarum
1228 4998 1507 5055 illecebris
1524 5006 1578 5055 et
1602 5000 1656 5055 in
1689 5000 1969 5057 obscmnis
1992 5003 2245 5072 corporis

664 5090 989 5146 libidinibus
1020 5103 1316 5147 versantur
1359 5110 1373 5147 :
1408 5100 1504 5147 aut
1558 5093 1612 5146 in
1652 5093 2056 5165 cupiditatibus
2086 5095 2156 5152 iis
2191 5104 2248 5153 et

663 5184 816 5241 curis
846 5192 900 5240 et
920 5183 1185 5240 servitute
1216 5193 1271 5239 et
1317 5186 1602 5250 aerumnis,
1637 5202 1777 5257 quas
1808 5187 2062 5245 homines
2095 5189 2245 5244 inani

664 5278 857 5350 gloria;
886 5279 1074 5335 studio
1108 5280 1383 5345 tolerant;
1415 5294 1483 5337 ex
1514 5281 1721 5351 quibus
1759 5298 1871 5338 non
1926 5283 2094 5338 modo
2123 5283 2248 5339 nul-

665 5370 777 5425 lum
810 5371 1039 5426 omnino
1071 5386 1265 5442 cepere
1311 5371 1571 5440 fructum,
1612 5373 1707 5429 sed
1744 5388 1911 5446 saepe,
1958 5374 2248 5445 ingruente

666 5463 987 5519 morborum
1028 5467 1283 5533 cohorte,
1315 5475 1526 5523 natura:
1558 5483 1782 5539 quoque
1842 5468 1987 5524 vires
2038 5467 2243 5523 amise-

738 5574 783 5608 “
810 5574 945 5633 Gen.
968 5594 1034 5645 II,
1067 5578 1154 5645 15,
1231 5580 1276 5610 ²²
1310 5579 1331 5635 l
1362 5580 1490 5635 (lor.
1520 5597 1575 5646 ι,
1603 5582 1694 5636 3|.
1771 5582 1816 5614 "
1852 5581 1997 5638 Psal.
2027 5596 2138 5648 (ιιι,
2170 5580 2228 5635 9.
2304 5648 2311 5654 ι

668 5669 1020 5809 κρςέἓὶοϐειι.
1059 5675 1331 5741 xxvi,12.
1382 5675 1574 5731 Latina
1617 5686 1799 5732 nostra
1856 5693 1963 5732 non
2008 5676 2246 5732 reddunt

737 5808 860 5881 (‘29)
892 5811 1051 5869 Prov.
1093 5832 1180 5884 xv,
1214 5818 1299 5876 l9.
1331 5817 1387 5873 ln
1435 5816 1646 5873 Latinis
1691 5818 1770 5872 sic
1802 5816 2087 5874 redditur:
2132 5815 2244 5871 Iter

2338 1975 2448 2029 τῶν
2492 1975 2754 2029 τοιούτων
2803 1974 3111 2047 μαρτυρίας
3168 1973 3470 2028 ἀνελίττειν
3526 1972 3623 2025 καὶ⁵
3674 1972 3918 2041 φάσκειν.

2338 2068 2511 2138 Δῆλον
2538 2068 2646 2139 γάρ
2689 2068 2807 2121 ἐστι
2855 2067 2992 2120 πᾶσι
3045 2065 3139 2119 καί⁵
3191 2065 3262 2119 τά
3299 2064 3427 2118 κατ⁹
3478 2063 3801 2117 ἐναντίωσιν
3849 2063 3921 2125 εἰς

2342 2160 2555 2233 μέμψιν
2594 2160 2865 2231 είρημένα
2892 2157 3014 2213 τῶν
3058 2157 3278 2228 ἀέργων
3309 2157 3409 2211 καὶ
3437 2156 3712 2227 ὀκνηρῶν,
3736 2154 3803 2207 δι’
3849 2146 3919 2206 ὧν

2345 2267 2481 2323 φησι
2506 2265 2520 2280 ⁸
2569 2269 2589 2303 ι
2638 2250 2780 2306 Ὀδο“ι
2810 2248 3031 2321 ἀέργων
3064 2246 3411 2318 ἐστρωμέναι
3439 2245 3709 2308 ἀκάνθαις
3735 2262 3749 2275 ·
3790 2262 3809 2295 ι
3836 2245 3924 2295 καὶ

2340 2342 2525 2407 πάλιν,
2567 2360 2587 2394 ι
2622 2341 2727 2395 Ἴθι
2784 2340 2923 2411 πρὸς
2978 2339 3072 2393 τὸν
3120 2337 3423 2410 μύρμηκα,
3478 2331 3523 2391 ὦ
3560 2337 3785 2408 ὀκνηρέ,
3840 2336 3927 2388 καὶ

2342 2435 2588 2506 ζήλωσον
2616 2434 2716 2497 τάς
2737 2433 2892 2496 όδοῦς
2920 2430 3112 2494 αὑτοῦ,
3156 2432 3252 2485 καὶ
3282 2430 3446 2500 γενοῦ
3503 2430 3719 2484 ἐκείνου
3763 2428 3927 2497 σοφώο

2341 2544 2503 2604 τερος
2531 2543 2545 2557 ·
2581 2525 2776 2596 ἐκείνῳ
2805 2522 2913 2593 γάρ
2944 2521 3222 2592 γεωργίου
3258 2523 3332 2594 μὴ
3364 2524 3730 2595 ὑπάρχοντος,
3804 2523 3928 2593 μηδὲ

2340 2618 2434 2673 τὸν
2461 2616 2845 2686 ἀναγκάζοντα
2875 2614 3043 2685 ἔχων,
3080 2612 3185 2668 ὑπὸ
3213 2613 3486 2685 δεσπότην
3514 2614 3613 2678 ὣν,
3648 2615 3930 2684 ἑτοιμάζε-

2341 2728 2430 2766 ται
2464 2711 2659 2781 θέρους
2696 2711 2798 2782 τὴν
2835 2712 3040 2783 τροφὴν
3073 2754 3088 2779 ,
3146 2709 3349 2782 πολλὴν
3403 2707 3458 2761 δὲ
3493 2709 3551 2761 ἐν
3608 2706 3686 2778 τῷ
3744 2706 3930 2778 ἀμητῷ

2344 2806 2580 2858 ποιεῖται
2628 2804 2731 2876 τὴν
2789 2805 3119 2875 παράθεσιν.
3169 2805 3240 2856 Ἢ
3311 2800 3612 2874 πορεύθητι
3648 2800 3789 2873 πρὸς
3840 2800 3931 2870 τὴν

2349 2897 2643 2969 μέλισσαν,
2676 2897 2772 2950 καὶ
2805 2897 2944 2968 μάθε
2976 2896 3053 2961 ὼς
3082 2895 3309 2966 ἐργάτις
3337 2892 3478 2959 ἐστί,
3529 2893 3631 2963 τήν
3681 2910 3745 2945 τε
3779 2894 3934 2962 ἐργα-

2349 2990 2474 3043 σίαν
2512 2989 2589 3053 ὡς
2622 2989 2829 3060 σεμνὴν
2857 2990 3114 3053 ποιεῖται,
3147 2983 3217 3059 ἧς
3250 2985 3380 3049 τοὺς
3442 2985 3641 3048 πόνους
3697 2983 3933 3054 βασιλεῖς

2344 3082 2440 3137 καὶ
2468 3081 2678 3137 ἰδιῶται
2704 3082 2839 3153 πρὸς
2864 3081 3056 3148 ὑγείαν
3074 3078 3501 3155 προσφέρονται.
3538 3096 3557 3130 ι
3596 3077 3654 3131 '0
3681 3077 3740 3131 δὲ
3765 3076 3933 3147 μέγας

2348 3173 2446 3228 καὶ
2499 3162 2878 3245 χρυσόστομος
2906 3170 3121 3235 Παῦλος
3171 3168 3633 3242 παρακελεύεται,
3692 3168 3833 3238 μηδὲ
3879 3168 3934 3220 τὸ

2351 3265 2571 3319 σύνολον
2616 3265 2745 3328 τοὺς
2770 3264 2974 3336 ἀργοὺς
3000 3264 3095 3317 καὶ
3121 3262 3403 3335 ῥᾳθύμους
3432 3260 3659 3315 ἐσθίειν.
3690 3260 3823 3322 Πῶς
3846 3255 3933 3312 οὖν

2350 3358 2633 3429 δυνάμεθα
2653 3360 2793 3411 νοεῖν
2824 3357 2857 3429 ἢ
2898 3357 2967 3410 τά
2993 3357 3051 3409 ἐν
3078 3358 3191 3421 τοῖς
3218 3351 3340 3409 οὖσι
3370 3353 3677 3428 φαινόμενα
3703 3352 3933 3423 ματαιό-

2350 3467 2491 3522 τητα
2523 3450 2926 3521 ματαιοτήτων,
2952 3448 2987 3520 ἦ
3018 3448 3079 3502 τὸ
3109 3447 3457 3516 ἐπαγόμενον
3484 3446 3651 3519 ῥητὸν
3710 3444 3810 3497 καὶ
3840 3441 3932 3512 φάο

2353 3558 2504 3605 σκον,
2535 3559 2555 3594 ι
2594 3542 2691 3605 Τίς
2720 3541 3013 3612 περίσσεια
3060 3539 3138 3610 τῷ
3163 3537 3441 3610 ἀνθρώπῳ
3473 3538 3533 3589 ἐν
3564 3537 3732 3590 παντὶ
3758 3533 3934 3605 μόχθῳ

2352 3632 2543 3701 αὐτοῦ,
2578 3627 2624 3702 ᾧ
2655 3632 2848 3705 μοχθεί
2876 3632 2983 3686 ὑπὸ
3047 3632 3141 3686 τὸν
3193 3631 3346 3703 ἥλιον
3371 3672 3386 3697 ,
3420 3648 3441 3682 ι
3485 3627 3587 3692 τὰς
3644 3628 3780 3699 περὶ
3840 3624 3933 3698 τὴν

2352 3727 2457 3797 γῆν
2488 3725 2755 3796 ἐργασίας
2783 3723 2982 3796 δηλοῦν
3012 3742 3028 3792 ;
3059 3724 3118 3791 ἐξ
3157 3716 3234 3779 ὧν
3264 3722 3497 3795 εὓρηται
3536 3721 3742 3792 μᾶλλον
3798 3722 3827 3774 ὁ
3852 3738 3932 3789 φι-

2352 3815 2580 3879 λόκαλος
2618 3816 2712 3869 καὶ
2748 3814 3038 3879 σπουδαῖος
3068 3815 3164 3869 καὶ⁹
3198 3814 3454 3885 θεοφιλὴς
3505 3812 3798 3883 ἄνθρωπος
3852 3812 3932 3866 διὰ

2351 3908 2452 3979 τῆς
2484 3905 2744 3978 τοιαύτης
2767 3906 3098 3978 ἐπιμελείας
3134 3908 3233 3962 καὶ
3266 3905 3605 3978 φιλοπονίας,
3634 3906 3732 3958 καὶ
3791 3921 3931 3957 πτωο

2354 4000 2478 4071 χοῦς
2510 3997 2843 4068 διατρέφων,
2877 3998 2974 4052 καὶ
3017 3998 3207 4065 ξένους
3268 3996 3791 4069 φιλοφρονούμενος,
3846 3995 3932 4049 καὶ

2354 4089 2422 4144 τὰ
2449 4089 2587 4144 ἄλλα
2620 4088 2688 4142 τά
2724 4088 3024 4144 ἀνδάνοντα
3056 4088 3137 4160 τῷ
3170 4088 3292 4160 Θεῷ
3326 4089 3491 4160 δρῶν.

2422 4183 2486 4236 Εί
2516 4180 2625 4252 γάρ
2666 4180 2742 4252 μὴ
2761 4179 2850 4233 διὰ.
2873 4180 2983 4234 τῶν
3003 4180 3150 4236 ίδίων
3164 4178 3405 4251 ἱδρώτων
3430 4180 3524 4234 καὶ
3540 4179 3761 4251 μόχθων
3780 4182 3931 4252 πορί-

2354 4274 2506 4329 σοιτό
2532 4291 2619 4339 τις
2634 4271 2815 4344 ἐαυτῷ
2832 4272 2934 4345 τὴν
2960 4271 3317 4344 αὐτάρκειαν,
3346 4272 3423 4336 ὡς
3453 4273 3815 4345 εύπορεῖνκαὶ
3829 4276 3932 4336 τοῖς

2351 4365 2555 4420 ἐνδεέσι
2617 4366 2839 4438 κιχρᾷν,
2893 4364 3000 4419 ποῦ
3034 4364 3482 4437 πληρωθήσεται,
3516 4365 3614 4420 καὶ
3647 4367 3780 4436 περὶ⁵
3797 4366 3932 4429 τίνοι,

2354 4458 2652 4530 ῥηθήσεται
2667 4458 2729 4511 τὺ
2741 4457 2951 4528 φάσκον
2976 4458 3140 4529 ῥητὸν
3161 4498 3176 4524 ,
3198 4477 3217 4510 ι
3249 4456 3626 4528 Ἐσκόρπισεν,
3641 4457 3812 4512 ἔδωκε
3829 4461 3932 4520 τοῖς

2353 4549 2581 4619 πένησιν
2608 4564 2621 4579 °
2658 4550 2691 4619 ἡ
2714 4548 3029 4619 δικαιοσύνη
3059 4549 3226 4602 αὐτοῦ
3258 4548 3411 4619 μένει
3444 4549 3627 4613 είςτὺν
3644 4549 3820 4603 αίῶνα
3844 4550 3932 4602 τοῦ

2351 4641 2576 4706 αίῶνοςς
2614 4660 2632 4693 ι
2659 4642 2963 4713 Τοιγαροῦν
2985 4642 3139 4695 οὐδὲν
3168 4641 3246 4711 τῷ
3281 4642 3683 4715 Ἐκκλησιαστῇ
3717 4643 3926 4713 πρόκει-

2351 4732 2699 4786 ταιτοιοῦτον
2734 4735 2910 4787 εἰπεῖν
2941 4733 3109 4790 ’ἀλλά
3136 4733 3408 4803 μηδεμίαν
3439 4733 3763 4803 περίσσειαν
3792 4734 3931 4805 ἔχειν

2353 4823 2445 4877 τὸν
2478 4823 2766 4895 ἄνθρωπον
2819 4824 2997 4892 λέγειν
3025 4825 3214 4893 σαφῶς
3245 4824 3589 4891 ὑποληπτέον
3620 4826 3713 4879 ἐπὶ
3732 4829 3930 4890 πάσαις

2350 4916 2473 4978 ταῖς
2484 4914 2605 4967 καθ’
2622 4914 2817 4986 ἡδονὴν
2836 4914 3093 4985 διαϐεόλη
3102 4915 3269 4986 μένην
3295 4915 3545 4987 πράξεσι,
3566 4916 3661 4969 καὶ
3693 4932 3927 4986 σωματι-

2353 5006 2456 5078 κὴν
2483 5009 2579 5062 καὶ
2615 5006 2883 5078 σαρκικὴν
2907 5007 3205 5062 εὐπάθειαν
3242 5009 3335 5062 καὶ
3378 5007 3628 5079 πονηρὰν
3690 5007 3926 5063 ἀπόλαυ⁹

2354 5116 2458 5166 σιν,
2489 5099 2585 5153 καὶ
2610 5100 2706 5162 τὰς
2737 5100 2829 5153 ἐπὶ
2854 5102 2976 5165 ταῖς
3023 5100 3400 5172 ἀνθρωπίναις
3431 5101 3523 5154 καὶ
3584 5103 3916 5173 παρερχομέ-

2354 5208 2470 5255 ναις
2510 5189 2691 5254 δόξαις
2732 5190 3053 5261 ἐπιθυμίας,
3092 5192 3188 5244 καὶ
3230 5192 3504 5263 μερίμνας
3560 5193 3657 5245 καὶ
3713 5191 3930 5262 θητείας

2352 5284 2446 5337 καὶ
2470 5282 2812 5355 κακουχίας*
2866 5277 2942 5338 ὧν
3000 5285 3061 5337 ού
3130 5283 3291 5353 μόνον
3353 5283 3507 5337 ούδὲν
3545 5281 3839 5338 ἀπώναντο
3875 5282 3930 5336 τὸ

2350 5375 2638 5448 παράπαν,
2675 5376 2813 5432 ἀλλὰ
2839 5376 3103 5440 πολλάκις
3133 5376 3228 5429 καὶ
3253 5375 3582 5447 νοσημάτων
3622 5377 3813 5446 ἐσμὸν,
3839 5376 3927 5430 καὶ

2350 5468 2590 5539 φυσικῆς
2628 5467 2804 5539 ἀλκῆς
2850 5467 3109 5541 στέρησιν
3168 5461 3331 5540 εὗρον
3357 5482 3373 5498 ⁶
3412 5468 3506 5522 καὶ
3566 5468 3707 5540 πρὸς
3761 5469 3927 5540 πέρας

2352 5676 2621 5748 pigrorum
2646 5674 2801 5745 quasi
2826 5676 3288 5748 διερεδῌερῇιιανιιριιἶ

2426 5744 2734 5821 (30)_P_ruv.
2756 5746 2941 5821 vitii,
2965 5744 3236 5821 Sedapud
3272 5745 3412 5803 LXX
3447 5748 3667 5821 legitur,
3704 5747 3811 5805 Καὶ
3836 5745 3922 5816 ζήο

2354 5816 2524 5871 λωσον
2556 5816 2678 5871 ἰδὼν
2711 5817 2809 5881 τὰς
2838 5815 2991 5881 ὀδοὺς
3034 5816 3219 5871 αὑτοῦ.
