4172 6518
356 395 466 465 ’165
558 436 561 439 ι

1443 408 1526 469 ΙΝ
1574 407 2159 477 ECCLESIASTEN.
2200 440 2273 455 —
2305 419 2457 482 LIB.
2497 419 2548 483 Ῐ.

3543 423 3649 487 766

364 512 611 566 ἐναντιον
645 510 747 582 τῆς
784 511 924 578 ἰδίας
959 512 1199 584 ἐφέσεως
1252 519 1336 583 εἰς
1368 520 1607 593 ἀπορίαν
1656 527 1751 581 καὶ
1807 546 1948 583 πτω-

2061 538 2193 585 runt
2224 549 2239 585 :
2271 539 2443 603 atque
2472 533 2583 589 alio
2620 549 2654 604 p
2675 533 2820 601 lane,
2850 551 3016 607 quam
3065 546 3345 607 optarent,
3378 536 3551 602 exitu,
3579 539 3646 595 ad

359 602 484 671 χίαν
514 602 578 654 ἐκ
596 604 917 673 περιουσίας
935 607 1306 679 κατήντησαν.
1325 612 1573 668 Τοιοῦτοι
1600 616 1711 688 γάρ
1731 618 1870 674 εἰσιν
1898 621 1949 674 ot

360 692 692 763 μοχθοῦντες
746 693 835 749 διὰ
856 696 1029 768 μόνην
1054 698 1154 768 τὴν
1176 699 1281 754 ὑπὸ
1305 702 1493 759 τοῦτον
1517 705 1611 759 τὸν
1637 707 1789 778 ἥλιον
1814 710 1951 765 ἁπό-

360 782 560 838 λαυσιν
592 786 688 839 καὶ
719 786 936 858 τρυφὴν
969 790 1246 857 καὶδόξαν
1276 796 1369 849 καὶ
1395 797 1715 855 δυναστείαν
1741 817 1755 834 ο
1791 802 1842 856 οἰ
1890 802 1950 858 δὲ

362 873 692 966 μοχθοῦντὲς
724 894 786 931 τε
818 879 911 932 καί⁸
938 881 1242 950 κοπιῶντες
1265 886 1356 941 διὰ
1380 889 1479 954 τὰς
1507 891 1647 962 ὑπὲρ
1676 892 1769 949 τὸν
1796 894 1949 966 ἥλιον

359 965 723 1059 ἐλπιζομένας
755 969 996 1040 ἀμοιϐὰς
1041 972 1301 1047 οὐρανίας
1362 980 1459 1034 καὶ
1515 980 1694 1049 Θείας,
1746 985 1949 1059 πολλὴν

358 1055 547 1127 έχουσι
577 1059 899 1131 περισσείαν
932 1064 991 1116 ἐν
1036 1068 1151 1128 τοῖς
1183 1067 1340 1133 ἰδίοις
1371 1070 1594 1142 μόχθοις
1623 1090 1636 1103 ·
1673 1075 1819 1141 οἴους
1862 1055 1946 1131 τά-

361 1163 462 1241 μεν
489 1150 613 1214 τοὺς
630 1153 881 1224 πανευφή
891 1170 1027 1224 μους
1052 1156 1413 1227 ἀποστόλους,
1444 1164 1572 1229 τοὺς
1598 1165 1790 1236 ἁγίους
1811 1186 1950 1241 προ-

358 1238 558 1309 φήτας,
593 1242 722 1306 τοὺς
746 1244 846 1315 τῆς
886 1246 1145 1318 ἀληθείας
1177 1251 1273 1304 καὶ
1309 1252 1411 1322 τῆς
1444 1255 1686 1322 πίστεως
1738 1238 1946 1331 μάρτυ-

361 1344 484 1400 ρας,
518 1331 760 1397 καὶτοὺς
800 1338 1204 1410 παραπλησίως
1235 1342 1447 1408 τούτοις
1478 1347 1579 1418 τὴν
1625 1349 1829 1423 ἀρετὴν
1859 1353 1947 1420 ἐξ·

358 1423 736 1493 ασκήσαντας,
769 1428 866 1482 καὶ
894 1432 1080 1485 πᾶσαν
1104 1433 1204 1505 τὴν
1233 1437 1375 1491 κατὰ
1399 1438 1461 1493 τὸ
1489 1439 1717 1495 δυνατὸν
1744 1443 1948 1499 δικαιο-

360 1517 533 1604 σύνην
558 1518 994 1591 ἐργασαμένους,
1026 1518 1102 1579 ὧν
1127 1527 1357 1594 ἕκαστος
1391 1529 1581 1600 ἔλεγεν
1610 1532 1794 1604 ἔργοις
1848 1537 1947 1589 αὐ-

356 1602 471 1671 τοῖς
496 1625 511 1640 ο
554 1626 573 1661 ι
606 1609 675 1662 Αἰ
699 1612 882 1683 χεῖρες
918 1607 1082 1668 αὗται
1110 1617 1203 1670 καὶ
1231 1618 1356 1689 ἐμοὶ
1414 1621 1510 1675 καὶ
1556 1602 1738 1688 ἄλλοις
1765 1624 1948 1696 διηκό-

358 1718 535 1770 νησαν
564 1715 580 1731 ⁶
615 1721 636 1754 ι
696 1703 793 1757 καὶ
848 1706 1035 1773 πάλιν,
1100 1728 1119 1763 ι
1165 1711 1556 1784 Ἐργαζόμενοι
1609 1718 1731 1780 ταῖς
1786 1717 1945 1783 ἰδίαις

358 1791 542 1862 χερσί.
583 1810 604 1845 ι

2063 621 2308 693 inopiam
2339 634 2395 680 et
2421 636 2800 697 paupertatem
2832 644 2897 684 ex
2927 644 3113 685 rerum
3148 630 3397 686 omnium
3421 632 3650 686 attinen-

2058 713 2137 770 tia
2168 714 2512 774 reciderunt.
2548 716 2710 775 Tales
2741 718 3004 775 nimirum
3040 731 3193 788 sunt,
3222 737 3461 792 quorum
3498 723 3649 779 labo-

2061 821 2153 863 res
2174 822 2285 863 una
2310 807 2427 873 illa,
2461 824 2587 880 quae
2615 810 2721 866 sub
2762 810 2878 866 sole
2914 811 3021 867 hoc
3066 812 3366 879 habemur,
3409 815 3650 869 oblecta-

2058 908 2245 956 menta
2282 907 2337 955 et
2359 900 2589 958 delicias
2614 910 2670 957 et
2696 902 2930 973 gloriam
2970 913 3025 959 et
3048 905 3485 961 dominationem
3525 924 3649 978 spe-

2057 1000 2230 1049 ctant.
2259 991 2464 1049 Verum
2488 993 2579 1064 qui
2615 993 2863 1049 laborem
2897 1004 2952 1049 et
2971 1010 3197 1066 operam
3234 1007 3449 1067 ponunt
3490 998 3543 1052 in
3578 999 3646 1053 iis

2057 1099 2181 1155 quae
2226 1100 2392 1157 supra
2422 1086 2597 1142 solem
2654 1101 2943 1156 speramus
2981 1088 3227 1143 coelestia
3262 1088 3356 1144 Dei
3394 1091 3642 1160 praemia,

2057 1173 2208 1247 large
2237 1174 2293 1229 in
2325 1175 2465 1247 ipsis
2495 1177 2763 1232 aerumnis
2796 1177 3081 1233 abundant
3122 1196 3137 1233 :
3169 1180 3643 1248 quemadmodum

2057 1266 2357 1337 contigisse
2411 1268 2621 1324 scimus
2669 1268 3047 1324 celeberrimis
3102 1271 3391 1340 apostolis,
3433 1274 3642 1328 sanctis

2056 1360 2364 1429 prophetis,
2402 1360 2533 1430 ipsis
2564 1361 2815 1418 veritatis
2840 1369 2895 1415 et
2929 1360 3054 1416 tidei
3085 1363 3444 1432 martyribus,
3472 1375 3638 1419 caete-

2055 1451 2248 1522 risque
2281 1451 2413 1519 illis,
2443 1452 2540 1522 qui
2566 1452 2823 1508 virtutem
2862 1467 3019 1523 aeque
3051 1456 3364 1519 coluerunt,
3398 1464 3453 1510 et
3476 1456 3642 1525 justi-

2055 1543 2145 1597 tiaa
2167 1551 2353 1612 partes
2394 1557 2588 1600 omnes
2624 1558 2725 1615 pro
2761 1543 2973 1600 viribus
2997 1559 3160 1615 egere
3202 1562 3216 1599 :
3247 1560 3482 1615 quorum
3529 1548 3642 1603 sin-

2055 1635 2165 1704 guli
2199 1634 2459 1706 operibus
2508 1636 2644 1707 ipsis
2686 1637 2961 1703 dicebant,
2993 1655 3012 1689 ι
3054 1636 3250 1693 Manus
3290 1640 3373 1694 hae
3422 1649 3477 1696 et
3505 1641 3639 1696 mihi

2056 1738 2109 1784 et
2137 1728 2262 1784 aliis
2290 1729 2749 1785 ministraverunt
2783 1730 2921 1801 (3i).
2967 1750 2986 1783 ι
3035 1728 3103 1785 Et
3135 1746 3356 1788 rursum
3390 1751 3403 1788 :
3445 1752 3463 1786 ι
3500 1731 3642 1804 0pc-

2055 1830 2242 1875 rantes
2269 1821 2527 1877 manibus
2553 1823 2794 1892 propriis
2822 1823 2891 1879 “.
2933 1842 2952 1876 ι
3250 1846 3251 1849 η

433 1880 571 1946 Τοὺς
606 1882 702 1938 οῦν
724 1884 817 1939 τὸν
846 1885 977 1941 ἴδιον
1009 1888 1210 1959 μόχθον
1239 1892 1299 1945 ἐν
1325 1894 1392 1964 τῇ
1423 1896 1674 1969 παρούσῃ
1698 1892 1814 1970 ζωῇ
1846 1917 1944 1953 κα-

2125 1911 2318 1983 ltaque
2345 1913 2474 1983 quia
2504 1924 2753 1979 noverat,
2786 1917 3109 1988 quicunque
3168 1917 3417 1973 laborem
3473 1933 3634 1974 suum

357 1971 798 2047 ταόαλλομένους
850 1978 940 2034 διὰ
992 1981 1090 2053 τὴν
1143 1986 1336 2055 κτῆσιν
1384 1986 1494 2041 τῶν
1552 1988 1777 2057 ἀγαθῶν
1834 1992 1946 2046 τῶν

359 2064 504 2135 ὑπὲρ
534 2067 627 2120 τὸν
656 2068 830 2139 ἥλιον,
857 2072 951 2126 καὶ⁴
974 2072 1073 2145 τὴν
1120 2076 1404 2147 ἀκήρατον
1461 2078 1833 2153 κληρονομίαν
1886 2085 1945 2137 ἐν

358 2156 632 2229 οὐρανοῖς,
667 2160 869 2233 πολλὴν
902 2165 1225 2236 περίσσειαν
1268 2169 1414 2239 ἔχειν
1462 2171 1620 2237 εἰδὼς
1655 2175 1714 2227 ἐν
1738 2173 1817 2246 τῷ
1843 2176 1946 2246 μό-

359 2248 476 2319 χθῳ
504 2250 707 2319 αὐτῶν,
736 2253 983 2325 δηλονότι
1012 2259 1113 2329 τὴν
1141 2260 1512 2332 ἀνεκλάλητον
1539 2266 1636 2318 καὶ
1667 2268 1947 2339 μακαρίαν

361 2340 471 2433 τῶν
502 2341 673 2433 αγίων
702 2345 956 2413 ἀγγέλων
995 2350 1172 2421 χαρὰν
1200 2353 1293 2405 καὶ
1319 2354 1419 2424 τῆς
1448 2355 1600 2421 θείας
1633 2358 1794 2430 δόξης
1846 2361 1946 2433 τὴν

361 2431 707 2501 ἀγαλλίασιν,
767 2438 1043 2511 ἐξελέγχει
1095 2444 1238 2498 κατὰ
1279 2447 1689 2521 ἁντιδιαστολὴν
1740 2431 1948 2508 τούτων

361 2524 491 2588 τοὺς
512 2525 605 2580 τὸν
634 2528 914 2601 μοχθηρὸν
945 2533 1148 2604 μόχθον
1178 2537 1517 2606 μοχθοῦντας
1567 2543 1664 2596 καὶ
1708 2545 1947 2598 κοπιῶν-

362 2632 461 2707 τας
504 2616 667 2690 μέχρι
718 2621 821 2693 τῆς
874 2626 1161 2698 παρούσης
1195 2628 1343 2699 ζωῆς
1375 2632 1472 2702 τῆς
1528 2635 1793 2707 ἐπικήρου
1851 2640 1949 2693 καὶ

364 2704 734 2782 φθειρομένης
782 2714 879 2767 καὶ
927 2715 1189 2789 τελούσης
1238 2720 1344 2773 ὑπὸ
1385 2722 1547 2792 μόνον
1612 2704 1801 2780 τοῦτον
1855 2729 1948 2782 τὸν

363 2797 539 2867 ἥλιον.
578 2798 796 2872 Ἀμέλει
823 2806 1007 2862 τοίνυν
1051 2811 1308 2880 ἐμπεδῶν
1339 2815 1439 2884 τὴν
1484 2818 1766 2890 ἡμετέραν
1815 2822 1949 2876 ὐπό-

363 2890 528 2962 ληψιν
555 2896 585 2949 ό
627 2897 1084 2975 Ἐκκλησιαστὴς,
1119 2906 1219 2960 καὶ
1249 2908 1488 2974 δεικνὺς,
1531 2912 1607 2975 ὡς
1644 2914 1799 2968 οὐδὲν
1837 2917 1948 2970 τῶν

364 2982 537 3077 όντων
584 2988 680 3043 καὶ
710 2995 1056 3066 φαινομένων
1099 2999 1218 3052 ἐστὶ
1266 3000 1519 3072 μάταιον,
1575 3004 1798 3077 ἀμέσως
1849 3008 1947 3062 ἐπ-

363 3076 540 3147 ἠγαγε
567 3094 583 3114 ⁸

2055 2005 2110 2059 in
2141 2006 2395 2075 praesenti
2429 2006 2539 2062 vita
2568 2007 2917 2078 impendunt,
2949 2012 3246 2078 bonorum,
3303 2027 3428 2082 quae
3471 2028 3637 2082 supra

2054 2095 2227 2150 solem
2281 2105 2430 2163 sunt,
2485 2097 2975 2167 acquirendorum,
3023 2109 3077 2156 et
3120 2102 3451 2160 immortalis
3489 2104 3638 2160 illius

2055 2188 2389 2245 haereditatis
2413 2190 2517 2259 17
2547 2191 2819 2246 adeunda
2850 2207 3044 2259 causa,
3098 2194 3320 2250 eosdem
3372 2212 3634 2267 magnum

2056 2281 2201 2336 ferre
2224 2282 2430 2337 laboris
2462 2283 2546 2337 sui
2605 2283 2870 2350 fructum,
2906 2285 3234 2341 ineffabilem
3265 2288 3479 2343 scilicet
3502 2289 3636 2343 bea-

2054 2380 2280 2440 tamque
2332 2380 2655 2426 sanctorum
2713 2373 3037 2443 angelorum
3071 2375 3316 2430 laetitiam
3347 2386 3401 2432 et
3435 2378 3637 2433 divinae

2054 2462 2247 2534 gloriae
2273 2463 2471 2533 gaudia
2493 2501 2508 2527 ,
2541 2463 2770 2529 idcirco,
2804 2465 2927 2521 istis
2954 2480 3021 2521 ex
3052 2466 3283 2523 adverso
3314 2469 3632 2538 propositis,

2053 2569 2150 2610 eos
2179 2557 2480 2625 redarguit,
2504 2556 2597 2625 qui
2629 2570 2888 2625 perverso
2916 2558 3102 2613 studio
3138 2574 3417 2629 pravoque
3447 2560 3636 2616 labore

2054 2649 2202 2703 vires
2229 2647 2517 2702 insumunt
2548 2664 2679 2702 suas
2706 2648 2829 2704 vita:
2889 2650 3054 2720 hujus
3094 2666 3284 2719 causa,
3324 2666 3445 2722 qum
3491 2650 3637 2708 ﬂuxa

2054 2748 2141 2793 est
2183 2746 2238 2792 et
2270 2738 2671 2807 corruptibilis,
2715 2754 2779 2792 ac
2817 2738 2980 2795 ﬁnem
3023 2742 3126 2795 hoc
3164 2743 3268 2797 sub
3301 2743 3415 2798 sole
3451 2742 3634 2799 habet.

2054 2829 2193 2886 Tum
2223 2830 2327 2886 sibi
2357 2830 2546 2899 utique
2569 2841 2833 2885 constans
2871 2832 3253 2899 Ecclesiastes,
3286 2843 3342 2889 et
3365 2834 3638 2904 opinionis

2051 2932 2291 2976 assertor
2330 2931 2553 2982 ηοειιτθ,
2581 2936 2691 2990 quo
2718 2922 3056 2986 ostenderet,
3087 2939 3300 2991 eorum,
3338 2941 3460 2995 qua!
3483 2936 3634 2990 sunt,

2050 3027 2284 3085 quaeque
2315 3012 2595 3079 visuntur,
2632 3012 2767 3067 nihil
2804 3028 3004 3068 vanum
3040 3030 3186 3083 esse,
3233 3016 3469 3086 subjecit
3509 3032 3635 3089 pro-

2055 3105 2224 3171 tinus,

1914 3214 1941 3287 ς
1976 3214 2063 3271 tv.

434 3307 624 3405 Γεκεὰ
646 3312 961 3405 πορεύεται
1003 3316 1103 3371 καί
1134 3320 1312 3390 γενεὰ
1338 3322 1598 3395 ἔρχεται,
1658 3328 1818 3398 καὶὴ
1868 3328 1947 3401 γῆ

2132 3331 2303 3387 Vens.
2343 3332 2398 3387 4.
2443 3330 2726 3387 Generatio
2769 3333 3007 3403 pra’terit
3031 3342 3081 3387 et
3112 3335 3378 3405 generatio
3402 3336 3634 3405 advenit,

361 3398 447 3464 εἰς
477 3398 586 3453 τὸν
619 3400 808 3459 αἰῶνα
835 3403 1081 3474 ἔστηκε.

435 3490 736 3581 μονονουχὶ
762 3496 870 3567 γάρ
897 3515 1073 3569 φησι·
1108 3503 1448 3573 Κατέλαόες,
1514 3507 1794 3581 ἄνθρωπε,
1850 3515 1948 3567 καὶ

362 3579 589 3671 διέγνως
615 3585 724 3638 τῶν
754 3586 897 3642 ἰδίων
925 3592 1221 3665 μοχθηρῶν
1252 3579 1688 3671 σπουδασμὰτων
1715 3603 1811 3656 καὶ
1838 3604 1949 3658 τῶν

364 3670 587 3737 φαύλων
615 3672 795 3763 ἔργων
814 3678 908 3732 καὶ
942 3683 1199 3754 πονηρῶν
1238 3686 1690 3759 ἐπιτηδευμάτων
1719 3692 1820 3762 τὴν
1843 3710 1949 3763 μα-

364 3762 649 3834 ταιότητα,
666 3767 738 3821 δι’
763 3760 838 3822 ῶν
866 3763 1025 3842 εὗρες
1036 3776 1163 3840 τοὺς
1174 3781 1574 3851 γεγεννηκότας
1602 3801 1685 3849 σε,
1712 3787 1949 3853 καὶτοὺς

364 3853 608 3948 ἐκείνους
633 3855 711 3911 ἔτι
733 3859 1012 3928 τεκόντας,
1043 3870 1471 3938 παροιχηκότας,
1500 3873 1595 3927 καὶ
1633 3874 1695 3928 σέ
1728 3876 1865 3948 πρὸς
1889 3879 1951 3932 τὸ

364 3945 579 4039 στάδιον
590 3949 693 4020 τῆς
708 3953 993 4025 παρούσης
1003 3955 1153 4029 ζωῆς
1168 3960 1285 4014 ἀντ’
1296 3962 1522 4018 ἐκείνων
1540 3945 1949 4039 μετακληθέντα

362 4038 453 4095 διὰ
472 4040 572 4112 τῆς
597 4041 659 4108 ἐξ
689 4044 913 4100 ἐκείνων
947 4051 1235 4117 γενέσεως.
1269 4053 1485 4109 Οὐκοῦν
1548 4038 1802 4127 συνήσεις
1853 4061 1951 4116 καὶ

364 4130 829 4223 καθομολογήσεις
852 4138 1026 4212 ἀληθῆ
1045 4142 1146 4214 τὴν
1170 4142 1328 4209 δόξαν
1353 4145 1463 4201 τῶν
1480 4151 1612 4220 παρ’
1631 4149 1768 4222 ἐμοῦ
1792 4151 1950 4223 λεγο-

368 4220 548 4315 μένων
568 4225 665 4279 καὶ
695 4229 1034 4299 φασκόντων,
1059 4232 1136 4298 ὡς
1164 4253 1183 4287 ι
1203 4237 1522 4310 Ματαιότης
1547 4220 1948 4315 ματαιοτήτων,

362 4314 462 4367 καὶ
495 4316 674 4371 πάντα
706 4322 1049 4392 parato-mc;
1084 4342 1104 4377 ι
1140 4326 1205 4380 Εἰ
1237 4328 1349 4400 γὰρ
1376 4331 1426 4383 οἰ
1473 4331 1597 4385 κατ’
1628 4314 1821 4387 οὐσίαν
1857 4336 1952 4389 καὶ

364 4406 607 4478 φυσικὴν
621 4406 855 4480 ὕπαρξιν
883 4414 1175 4482 γεγονότες
1200 4417 1296 4471 καὶ
1322 4419 1500 4484 ὄντες,
1530 4420 1820 4492 ἀπῴχοντο
1850 4424 1952 4494 τῆς

364 4497 652 4587 παρούσης
692 4502 863 4573 ζωῆς,
904 4505 1001 4559 καὶ
1036 4506 1173 4577 πρὸς
1208 4508 1300 4564 τὸν
1365 4509 1494 4582 χοῦν
1537 4513 1633 4566 καὶ
1669 4514 1769 4583 τὴν
1823 4515 1948 4587 γῆν,

363 4587 426 4655 ἐξ
453 4586 521 4662 ἦς
561 4590 900 4666 ἐλήφθησαν,
953 4597 1318 4670 ἀνελύθησαν,
1377 4603 1473 4656 καὶ
1520 4604 1812 4673 γεγόνασιν
1875 4586 1952 4671 ὡς

2052 3429 2196 3477 terra
2223 3432 2400 3478 autent
2429 3422 2486 3478 in
2523 3424 2779 3478 saxulum
2815 3432 2921 3477 stat
2954 3423 3088 3493 (52).

2120 3514 2353 3571 Perinde
2385 3530 2451 3571 ac
2476 3516 2523 3571 si
2557 3516 2804 3572 diceret:
2849 3514 3001 3571 Nosti
3041 3516 3179 3586 jam,
3212 3530 3247 3571 ο
3285 3515 3637 3581 ιηοτιοιίείοι

2059 3618 2348 3663 assecutus
2407 3622 2490 3673 es,
2522 3606 2915 3679 ﬂagitiosorum
2960 3608 3265 3663 studiorum
3310 3624 3637 3679 pravorum-

2049 3714 2157 3770 qtte
2183 3714 2409 3770 operum
2440 3708 2608 3769 atque
2634 3699 2895 3769 improba:
2915 3699 3281 3754 contentionis
3305 3709 3409 3753 tuae
3433 3711 3635 3769 quanta

2051 3791 2391 3848 sitvanitas:
2421 3807 2546 3847 cum
2576 3800 2631 3846 et
2662 3806 2757 3846 eos
2783 3790 2877 3860 qui
2908 3800 2959 3845 te
2991 3801 3321 3862 genuerunt,
3350 3803 3404 3847 et
3439 3793 3633 3847 horum

2052 3881 2179 3936 item
2209 3890 2461 3952 parentes
2486 3880 2602 3951 jam
2641 3881 2969 3950 praeteriisse
2999 3879 3449 3949 deprehenderis,
3488 3894 3541 3936 et
3567 3898 3635 3936 cx

2051 3973 2160 4029 illis
2211 3980 2515 4043 prognatus
2564 3971 2632 4026 ad
2669 3971 2954 4040 praesentis
2998 3970 3124 4025 vitae
3172 3971 3407 4025 stadium
3442 3986 3633 4026 eorum

2050 4072 2105 4118 te
2132 4063 2253 4118 loco
2278 4073 2528 4117 vocatum
2560 4061 2771 4118 videas.
2815 4060 3010 4116 Nonne
3043 4060 3211 4130 igitur
3246 4060 3536 4133 intelliges,
3571 4080 3635 4120 ac

2050 4167 2179 4207 vera
2220 4152 2311 4207 illa
2342 4150 2605 4216 fatebere,
2660 4166 2783 4221 qua:
2833 4166 2864 4205 a
2903 4165 2993 4205 me
3045 4150 3189 4206 dicta
3241 4163 3371 4207 sunt
3413 4153 3466 4207 in
3510 4168 3631 4208 eam

2051 4242 2406 4308 sententiam,
2442 4261 2461 4293 ι
2496 4240 2804 4296 Vauitatem
2841 4256 2968 4297 esse
2996 4241 3321 4309 vanitatum,
3354 4253 3409 4299 et
3447 4245 3631 4299 omnia

2051 4334 2388 4388 vanitatem?
2414 4352 2432 4385 ›
2462 4348 2586 4387 nam
2610 4322 2655 4389 si
2683 4347 2823 4403 quos
2842 4332 2971 4388 olim
2993 4349 3052 4388 re
3068 4342 3123 4388 et
3145 4343 3337 4389 natura
3359 4338 3635 4393 exstitisse

2052 4434 2293 4491 constat,
2321 4424 2437 4495 jam
2464 4439 2531 4479 ex
2570 4424 2675 4480 hac
2702 4424 2812 4478 vita
2844 4423 3048 4488 abiere,
3075 4432 3238 4495 atque
3270 4425 3326 4479 in
3357 4427 3634 4497 pulverem

2052 4527 2388 4586 terramque,
2434 4515 2580 4571 unde
2635 4516 2927 4571 exordium
2979 4515 3308 4583 habuerant,
3362 4520 3633 4584 conversi,

2057 4617 2325 4679 quantum
2355 4623 2421 4661 ex
2452 4607 2541 4672 iis,
2569 4621 2692 4676 qua:
2718 4615 3001 4677 apparent,
3024 4607 3236 4678 opinari
3272 4608 3492 4664 obvium
3526 4619 3632 4675 est,

362 4684 620 4755 οὐδαμῶς
670 4687 1038 4760 ὐπάρξαντες,
1078 4694 1204 4750 ὅσον
1236 4691 1373 4768 ἧκεν
1405 4700 1486 4763 εἰς
1518 4698 1619 4770 τὴν
1658 4701 1948 4773 πρόχειρον

2054 4701 2129 4755 ita
2185 4714 2308 4755 esse
2359 4698 2682 4764 desierunt,
2732 4698 2891 4768 quasi
2954 4714 3237 4768 nunquam
3289 4702 3631 4769 exstiterint;

362 4776 460 4829 καὶ
483 4779 815 4852 φαινομένην
844 4783 1139 4855 ὑπόληψιν,
1175 4787 1336 4860 σχολῇ
1368 4791 1423 4858 γ’
1445 4790 1510 4843 ἂν
1533 4791 1945 4864 ὐπρλαμϐάνειν

362 4865 481 4956 δέον
508 4867 589 4922 ἔτι
617 4872 1117 4941 περιφυλάττεσθαι
1149 4881 1245 4931 καὶ
1278 4880 1554 4951 διαμένειν
1606 4884 1704 4946 τὰς
1754 4903 1948 4956 σαρκι-

363 4955 468 5019 κὰς
506 4959 601 5011 καὶ
623 4958 918 5027 βδελυκτὰς
942 4964 1157 5034 ἡδονὰς,
1212 4970 1309 5023 καὶ
1359 4969 1461 5032 τὰς
1523 4972 1733 5026 καπνοῦ
1789 4955 1949 5045 δίκην

362 5062 440 5099 πα
449 5049 784 5118 ρερχομένας
806 5052 1156 5123 ἀνθρωπίνας
1171 5059 1329 5127 δόξας
1352 5062 1443 5115 καὶ
1464 5064 1949 5132 καταδυναστείας,
1974 5112 1975 5115 η

363 5143 423 5196 αἶ
464 5145 892 5217 συμϐεϐηκότως
923 5151 1247 5221 ὑφίστανται
1271 5157 1415 5210 κατὰ
1451 5158 1551 5227 τὴν
1596 5159 1946 5225 αὐτεξούσιον

365 5234 542 5306 ῥοπὴν
569 5238 663 5291 καὶ
703 5238 957 5311 βούλησιν
1004 5244 1114 5299 τῶν
1151 5249 1462 5318 μισοκάλων
1511 5251 1770 5321 γνωμῶν,
1838 5253 1935 5306 καὶ

364 5325 561 5381 θᾶττον
597 5330 951 5399 ἀπογίνονται
996 5337 1181 5406 πάλιν,
1234 5340 1421 5404 καθὼς
1454 5341 1483 5393 ὁ
1533 5342 1639 5395 ὑπὸ
1680 5341 1946 5408 λαίλαπος

364 5416 722 5489 ἐλαυνόμενος
778 5424 927 5492 χοῦς,
957 5429 1051 5480 καὶ
1097 5430 1297 5501 πτῆσις
1350 5432 1664 5503 ίπταμένων
1717 5433 1941 5506 ὀρνέων,

364 5508 462 5562 καὶ
492 5508 612 5582 ἴχνη
643 5515 1086 5587 ποντοπορούσης
1122 5521 1269 5590 νηός.

439 5620 535 5674 ’⁸1
570 5620 699 5677 Cor.
735 5639 808 5689 tv,
844 5625 929 5679 12.

441 5714 554 5782 (31)
596 5717 717 5770 Act.
743 5732 835 5780 xx,
865 5718 954 5772 δι.
991 5718 1095 5774 Sed
1127 5719 1416 5779 Lucretiam
1451 5732 1579 5779 sunt
1613 5724 1777 5779 verba
1808 5742 1820 5777 :
1847 5726 1947 5780 Λύ-

369 5782 453 5836 τοὶ
558 5784 878 5861 γινώσκετε,
911 5789 994 5841 ὅτι
1022 5793 1149 5852 ’ταῖς
1187 5793 1398 5861 χρείαις
1429 5811 1529 5860 μου
1560 5795 1653 5851 καὶ
1687 5797 1799 5861 τοῖς
1824 5792 1944 5852 οὖσι

375 5852 493 5922 μετ’
522 5855 656 5925 ἐμοῦ
687 5856 1041 5930 ὑπηρέτησαν
1068 5862 1124 5914 αἱ
1152 5852 1330 5934 χέῗρες
1359 5852 1533 5923 αὗται.

2052 4792 2204 4847 nullo
2236 4790 2398 4847 modo
2429 4791 2750 4847 existimare
2778 4791 2905 4862 quis
2928 4793 3122 4863 possit,
3142 4793 3280 4849 bene
3312 4795 3637 4851 constitutas

2050 4900 2115 4941 ac
2145 4885 2372 4941 stabiles
2403 4899 2528 4939 esse
2561 4884 2735 4939 [tedas
2764 4885 3018 4955 corporis
3048 4888 3376 4955 voluptates,
3410 4897 3504 4943 aut
3548 4890 3636 4943 fu-

2054 4978 2128 5032 mi
2158 4978 2335 5031 instar
2362 4984 2750 5031 evanescentes
2784 4975 3056 5031 humanos
3091 4976 3266 5033 fastus
3294 4987 3350 5033 et
3392 4981 3636 5051 tyranni-

2053 5085 2149 5126 cos
2179 5070 2534 5123 dominatus:
2588 5067 2641 5122 in
2689 5067 2889 5136 quibus
2934 5068 3073 5122 nihil
3114 5068 3274 5124 solidi
3317 5070 3463 5135 insit,
3498 5073 3635 5127 nihil

2058 5161 2328 5226 diuturni,
2363 5173 2417 5215 et
2452 5162 2506 5215 in
2557 5159 2855 5215 voluntatis
2900 5160 3128 5216 arbitrio
3167 5170 3340 5217 totum
3384 5176 3547 5233 atque
3580 5166 3632 5219 in

2060 5253 2301 5323 perversi
2355 5252 2523 5306 animi
2582 5252 2812 5307 consilio
2860 5253 2934 5307 sit
2980 5270 2994 5307 :
3056 5263 3119 5307 ut
3177 5256 3359 5309 omnia
3410 5272 3631 5311 rursum

2054 5345 2213 5416 quasi
2253 5343 2429 5413 pulvis
2471 5342 2687 5397 turbine
2722 5343 2980 5413 agitatus,
3029 5351 3126 5398 aut
3170 5344 3311 5399 sicut
3359 5349 3635 5416 praeterla-

2055 5436 2301 5493 bentium
2330 5437 2511 5490 avium
2546 5435 2783 5499 volatus,
2836 5445 2932 5489 aut
2976 5437 3132 5491 navis
3179 5453 3330 5494 mare
3363 5441 3634 5498 tranantis

2055 5530 2306 5599 vestigia,
2345 5527 2453 5582 cito
2478 5526 2790 5595 dispereant
2821 5527 2955 5597 (53).

2128 5728 2241 5803 (52)
2280 5729 2701 5803 Olympiodorus
2730 5731 2908 5793 habet,
2947 5735 2978 5803 η
3010 5731 3067 5785 δὲ
3095 5734 3185 5802 γῆ.

2127 5800 2240 5872 (ᾇὸ)
2285 5801 2466 5855 Liceat
2512 5802 2642 5854 mihi
2704 5805 2805 5858 hoc
2852 5800 2976 5856 loco
3004 5800 3323 5872 particulam
3361 5809 3626 5863 oratonis

2054 5869 2315 5940 omferrc,
2335 5886 2498 5943 quam
2526 5872 2715 5928 habuit
2749 5874 2803 5928 in
2830 5869 3027 5931 festum
3049 5873 3411 5932 Kalendarum
3444 5878 3623 5935 diser-
