4172 6568
568 395 675 462 7‘37

575 609 777 679 quippe
805 623 924 662 esse
979 618 1316 677 perseverat,
1368 619 1424 666 et
1456 611 1639 681 qualis
1690 611 1961 681 majorum
2012 623 2173 669 aetate

574 703 702 769 fuit,
755 700 916 757 talem
970 715 1030 755 se
1064 701 1245 759 oculis
1290 704 1531 758 ostendit
1586 704 1697 760 tuis
1732 703 1884 774 (34);
1939 721 2061 776 quae
2102 720 2172 761 ex

576 794 722 862 ejus,
757 794 851 863 qui
895 794 1145 848 condidit
1173 794 1528 866 libravitque,
1559 796 1793 853 consilio
1826 806 1995 866 atque
2034 812 2173 868 pra:-

578 885 782 954 scripto
812 884 1129 941 fructiferas
1156 888 1456 955 quotannis
1496 888 1697 958 stirpes
1722 897 1778 943 et
1829 889 2075 959 germina
2116 889 2171 943 in

577 976 837 1030 humana:
865 976 990 1030 vita:
1033 976 1292 1032 alimenta
1345 978 1583 1034 emittit:
1621 988 1734 1034 tum
1768 989 2057 1050 postquam
2102 980 2172 1035 ad

580 1078 810 1123 mortem
843 1084 1012 1138 prope
1039 1081 1233 1125 enecta
1262 1071 1637 1140 posteritatem
1668 1073 1833 1128 simul
1861 1087 2017 1129 suam
2052 1073 2173 1128 hie-

579 1161 708 1215 mali
732 1162 906 1231 glacie
938 1171 1103 1232 atque
1132 1163 1319 1233 algore
1349 1163 1618 1228 enecavit,
1646 1166 1924 1221 reviviscit
1950 1166 2171 1235 iterum,

580 1254 893 1323 iterumque
943 1254 1189 1322 virescit,
1255 1268 1310 1311 et
1358 1257 1572 1329 singula
1617 1259 1762 1330 parit
1811 1258 2172 1330 eﬂunditque,

579 1362 921 1417 quaecunque
947 1348 998 1403 ei
1035 1348 1352 1405 Conditoris
1400 1361 1455 1405 et
1507 1351 1780 1408 etrectoris
1831 1353 2064 1407 consilio
2104 1353 2175 1408 ab

583 1439 718 1509 ipsis
782 1440 1101 1510 ptimordiis
1154 1442 1439 1513 designata
1496 1453 1645 1500 sunt.
1694 1444 1879 1512 Quare
1927 1446 2069 1501 banc
2116 1454 2173 1501 tu

583 1547 825 1602 quoque,
859 1544 1133 1602 quatenus
1165 1549 1360 1602 nempe
1408 1551 1510 1606 par
1560 1546 1703 1601 erat,
1750 1536 1957 1592 imitari
1986 1538 2032 1592 si
2077 1552 2176 1591 vo-

585 1621 806 1685 luisses,
843 1632 903 1677 ut
949 1624 1162 1678 ratione
1202 1623 1465 1693 praulitus
1497 1625 1730 1682 rationis
1771 1634 2051 1696 expertem
2086 1641 2175 1681 se—

585 1726 837 1779 querere,
880 1712 1176 1782 animoque
1210 1712 1418 1782 pollens
1461 1729 1624 1769 sensu
1661 1724 1940 1769 carentem
1964 1755 1981 1781 ,
2012 1723 2176 1784 atque

586 1803 655 1858 ad
710 1802 805 1857 Dei
862 1803 1155 1873 imaginem
1208 1805 1739 1878 similitudinemque
1791 1807 1967 1863 factus
2018 1823 2171 1868 eam,

1704 402 1769 461 S.
1810 399 2196 460 GREGORII
2250 402 2765 466 AGRIGENTINI

650 516 758 585 18
796 534 815 567 ι
854 514 1146 570 Enimvero
1174 524 1320 572 terra
1351 517 1406 573 in
1441 517 1707 573 sazculum
1740 528 1882 572 stat:
1922 538 1941 570 ι
1978 519 2168 574 eadem
2199 528 2245 584 Α

3752 410 3856 476 ’Ζ68

2350 542 2370 576 ι
2417 523 2481 576 Ἡ
2513 524 2699 595 μέντοι
2731 526 2806 596 γῆ
2831 526 2911 589 είς
2937 526 3028 581 τὸν
3059 528 3229 581 αίῶνα
3262 527 3518 601 ἔστηκεν.
3555 545 3574 579 ι
3628 525 3690 579 Ἢ
3708 526 3847 595 αὑτὴ

2277 618 2382 685 γάρ
2431 616 2680 687 διαμένει
2711 618 2807 671 καὶ
2836 617 3165 689 καθορᾶται,
3199 618 3384 684 καθὼς
3438 618 3534 673 ἐπὶ
3582 617 3691 671 τῶν
3724 636 3858 689 προ-

2272 706 2466 773 γόνων,
2493 706 2638 761 οὕτω
2663 710 2760 762 καὶ
2788 711 2904 774 τοῖς
2936 712 3054 774 σοῖς
3075 710 3382 782 ὀφθαλμοῖς
3410 709 3553 765 κατὰ
3592 710 3690 779 τὴν
3738 710 3857 779 β’,υ-

2275 796 2375 868 λὴν
2425 798 2521 851 καὶ
2548 798 2640 851 τὸν
2663 800 2789 871 ὅρον
2816 800 2913 854 τοῦ
2952 802 3243 864 κτίσαντος
3275 802 3370 855 καὶ
3396 802 3858 872 άπαιωρήσαντος

2273 889 2473 958 αὐτὴν,
2499 890 2732 960 ὲτησίως
2754 890 3022 947 ὠδίνουσα
3052 893 3153 957 τὰς
3175 892 3553 967 καρπογόνους
3584 894 3724 963 φυᾶς
3764 895 3858 946 καὶ

2276 976 2514 1048 βλάστας
2543 981 2681 1052 πρὸς
2702 982 2966 1037 σύστασιν
2991 987 3093 1055 τῆς
3122 985 3475 1057 ἀνθρωπίνης
3527 982 3672 1054 ζωῆς
3690 998 3704 1011 °
3740 980 3858 1036 εἶτα

2274 1073 2369 1124 καὶ
2394 1071 2595 1143 τρόπον
2620 1074 2743 1128 τινὰ
2772 1074 3113 1147 νεκρουμένη
3143 1076 3239 1130 καὶ
3277 1074 3611 1146 θνήσκουσα,
3668 1074 3766 1127 καὶ
3790 1072 3859 1126 τά

2277 1161 2478 1232 ἔκγονα
2547 1167 2921 1237 συννεκροῦσα
3001 1167 3094 1221 διὰ
3143 1166 3241 1221 τοῦ
3318 1166 3637 1238 χειμονικοῦ
3721 1184 3860 1236 κρυ-

2278 1254 2382 1326 μοῦ
2415 1258 2512 1310 καὶ
2553 1260 2656 1329 τῆς
2679 1257 2916 1328 ψύξεως,
2956 1260 3053 1315 καὶ
3089 1259 3252 1314 πάλιν
3283 1260 3585 1315 ἁναϐιοῦσα
3610 1261 3707 1314 καὶ
3741 1262 3862 1313 ἁνα-

2281 1348 2553 1404 θάλλουσα
2589 1351 2688 1404 καὶ⁹
2735 1351 2948 1421 φύουσα
2989 1354 3086 1407 καὶ
3138 1353 3515 1425 βλαστάνουσα
3568 1354 3637 1407 τά
3690 1352 3861 1423 6:09:-

2277 1441 2475 1495 σθέντα
2504 1442 2770 1514 πρότερον
2801 1444 2939 1515 αὐτῇ
2968 1444 3062 1499 καὶ
3083 1448 3368 1517 καταρχὰς
3391 1446 3543 1517 παρᾶ
3568 1448 3668 1516 τῆς
3698 1462 3861 1513 ποιη-

2274 1533 2438 1602 τικῆς
2504 1533 2701 1606 βουλῆς
2734 1535 2831 1589 τοῦ
2861 1537 3392 1610 δημιουργήσαντοςέ
3420 1538 3548 1593 Ἐὰν
3577 1534 3672 1591 οῦν
3695 1537 3860 1607 ἠϐου-

2277 1626 2450 1697 λήθης
2481 1627 2578 1680 καὶ
2604 1628 2668 1681 σὺ
2702 1629 3047 1700 μιμήσασθαι
3074 1630 3219 1685 κατὰ
3257 1632 3357 1703 τὴν
3388 1631 3708 1703 πρέπουσαν
3770 1629 3860 1699 μί-

2280 1735 2445 1788 μησιν
2473 1717 2502 1769 ὀ
2527 1718 2744 1787 λογικὸς
2783 1719 2882 1792 τὴν
2912 1722 3130 1790 ἄλογον,
3161 1724 3190 1775 ὀ
3218 1720 3462 1792 ἔμψυχος
3497 1722 3596 1791 τὴν
3633 1720 3859 1790 ἄψυχον.

2277 1813 2306 1863 ὀ
2344 1811 2465 1866 κατ’
2496 1812 2681 1866 εἰκόνα
2711 1812 2847 1865 Θεοῦ
2885 1815 2979 1867 καὶ
3012 1815 3274 1885 ὁμοίωσιν
3301 1812 3542 1883 γεγονὼς
3566 1813 3666 1881 τὴν
3690 1813 3782 1867 διά
3808 1812 3865 1865 σὲ

585 1914 709 1968 qua:
756 1907 849 1953 tua
898 1916 1065 1955 causa
1124 1903 1345 1956 condita
1399 1911 1526 1970 est;
1575 1902 1818 1972 profecto
1850 1912 2059 1957 natura:
2113 1912 2168 1957 tu

2286 1905 2589 1969 γεγονυῖαν,
2616 1902 2852 1974 εὑρέθης
2876 1903 2943 1957 ἂν
2983 1881 3078 1956 καὶ
3104 1905 3229 1967 τοὺς
3264 1881 3425 1974 ὅρους
3462 1902 3753 1971 φυλάττων
3768 1901 3865 1969 τῆς

586 1991 751 2045 etiam
784 1992 987 2047 limites
1022 2009 1301 2063 nunquam
1344 2009 1497 2051 esses
1543 2003 1956 2065 transgressus:
1994 1995 2171 2050 idem-

588 2098 695 2153 que
721 2084 1057 2140 voluntatem
1091 2096 1147 2141 et
1190 2088 1335 2156 leges
1385 2087 1700 2144 Conditoris
1753 2087 1831 2142 tui
1887 2103 2168 2155 servares;

588 2190 689 2231 nec
716 2177 890 2231 solum
918 2193 1039 2247 qure
1072 2178 1217 2232 nulla
1252 2190 1303 2233 te
1332 2179 1568 2235 utilitate
1596 2180 1810 2251 juvent,
1850 2184 2173 2250 praetermit-

590 2278 750 2335 teres,
790 2270 885 2324 sed
933 2269 1096 2324 etiam
1147 2285 1210 2325 ea
1249 2271 1409 2327 unice
1458 2284 1751 2335 sectarere,
1798 2287 1920 2342 qua:
1963 2271 2031 2326 ad
2081 2271 2176 2327 Dei

587 2363 815 2435 gloriam
848 2363 1147 2432 deducunt,
1197 2366 1453 2435 viamque
1482 2366 1551 2421 ad
1608 2366 1986 2421 haereditatem
2024 2366 2174 2421 illam

588 2456 869 2521 nmoinnt,
897 2473 1063 2528 quam
1100 2458 1243 2513 ultra
1272 2459 1445 2515 solem
1484 2475 1793 2529 speramus.
1817 2458 2005 2530 Itaque
2033 2468 2179 2515 stare

588 2555 645 2601 tn
682 2563 898 2618 quoque
926 2549 978 2602 in
1016 2548 1277 2604 saeculum
1303 2549 1593 2611 videreris,
1630 2565 1738 2603 non
1777 2564 1938 2605 secus
1963 2565 2029 2605 ac
2063 2558 2174 2604 ter-

588 2654 648 2693 ra
674 2654 689 2704 ;
717 2641 799 2693 vel
825 2640 1007 2709 potius
1033 2642 1146 2709 jam
1200 2656 1368 2712 supra
1404 2649 1647 2696 terram:
1684 2642 1828 2710 quod
1863 2656 1925 2696 ea
1954 2641 2175 2711 quidem

587 2730 881 2799 aliquando
903 2733 1241 2802 pra-teritum
1264 2734 1353 2796 sit,
1381 2740 1435 2787 te
1460 2748 1588 2786 vero
1608 2734 1761 2787 beata
1787 2740 1954 2802 atque
1973 2742 2176 2788 aeterna

587 2835 949 2892 supernorum
971 2823 1234 2879 virtutum
1254 2824 1361 2880 vita
1382 2833 1599 2880 maneat
1617 2824 1753 2894 (55).
1773 2825 1938 2880 Addit
1954 2825 2174 2881 deinde:

2279 1993 2519 2063 φύσεως,
2553 1995 2647 2047 καὶ
2694 1994 2793 2065 τὴν
2840 1994 3036 2067 βουλὴν
3070 1996 3164 2049 καὶ
3192 1996 3320 2058 τοὺς
3348 1995 3547 2065 νόμους
3582 1993 3867 2064 ωντηρῶν

2278 2086 2374 2140 τοῦ
2405 2087 2759 2157 Ποιήσαντος,
2790 2088 2886 2141 καὶ
2912 2087 2981 2140 τὰ
3004 2087 3142 2160 πρὸς
3174 2087 3449 2159 μηδεμίαν
3482 2085 3671 2158 ὄνησιν
3741 2101 3868 2137 συν-

2279 2178 2539 2233 τελοῦντα
2572 2179 2634 2232 τδ
2662 2180 2927 2250 παράπαν
2964 2180 3065 2232 οὐκ
3091 2180 3364 2251 ἔπραττες
3393 2194 3407 2209 ⁸
3440 2178 3577 2233 ἀλλὰ
3632 2177 3772 2249 μόνα
3801 2175 3869 2230 τὰ

2283 2268 2635 2340 συμφέροντα
2665 2270 2761 2323 καὶ
2794 2270 3135 2323 συντείνοντα
3166 2270 3304 2341 πρὸς
3343 2269 3442 2341 τὴν
3470 2268 3565 2322 τοῦ
3595 2268 3735 2322 Θεοῦ
3780 2267 3869 2321 δό-

2281 2360 2398 2425 ξαν,
2430 2362 2529 2415 καὶ
2571 2362 2670 2435 τὴν
2705 2363 2845 2435 ὑπὲρ
2876 2364 3029 2434 ἥλιον
3061 2363 3431 2435 ἐλπιζομένην
3460 2363 3867 2435 κληρονομίαν

2277 2453 2421 2507 οὕτω
2448 2454 2557 2524 γὰρ
2584 2455 2649 2508 ἂν
2681 2456 2966 2526 ἱστάμενος
3017 2455 3096 2518 εἰς
3159 2455 3252 2508 τὸν
3305 2456 3479 2509 αἰῶνα
3517 2456 3613 2508 καὶ
3672 2455 3740 2506 σὺ
3760 2470 3869 2504 πα-

2285 2545 2603 2616 ραπλησίως
2630 2547 2863 2619 εὑρέθης
2892 2550 2957 2618 τῇ
2985 2550 3054 2619 γῇ
3084 2561 3100 2576 ⁸
3136 2548 3338 2618 μᾶλλον
3364 2548 3421 2601 δὲ
3464 2547 3557 2601 καὶ
3603 2546 3749 2616 ὑπὲρ
3772 2549 3871 2615 τὴν

2281 2639 2407 2708 γῆν,
2433 2638 2509 2702 ὡς
2536 2637 2742 2707 ταύτης
2773 2639 2873 2709 μέν
2902 2656 3031 2692 ποτε
3072 2640 3165 2691 καὶ
3217 2636 3722 2709 παρελευσομένης,
3776 2634 3871 2688 σοῦ

2283 2729 2341 2783 δὲ
2365 2731 2936 2800 συμπαραθησομένου
2968 2734 3035 2802 τῇ
3082 2730 3334 2801 μακαρίᾳ.
3384 2731 3479 2783 καὶ
3541 2729 3699 2800 ἀϊδίῳ
3756 2727 3870 2799 ζωῇ

2285 2822 2396 2878 τῶν
2427 2822 2539 2877 ἄνω
2560 2824 2843 2895 δυνάμεων
2861 2842 2876 2857 ο
2903 2819 3023 2879 εἶτά
3054 2842 3222 2897 φησιν
3242 2840 3259 2857 ο

2165 2957 2299 3030 §v.

666 3074 773 3145 19
815 3075 981 3130 Vens.
1010 3075 1061 3129 εἰ.
1094 3074 1372 3131 Oritursol
1397 3085 1446 3130 et
1474 3077 1665 3131 occidit
1685 3077 1791 3145 sol,
1816 3087 1863 3131 et
1893 3077 1962 3130 ad
1990 3077 2165 3131 locum
2196 3077 2243 3141 C

591 3183 750 3221 suum
802 3166 950 3219 ducit
992 3167 1128 3236 (56).

664 3257 831 3326 Quasi
890 3260 1074 3315 dicat:
1125 3260 1234 3316 Nec
1285 3276 1416 3316 vero
1470 3262 1586 3316 sola
1641 3261 1805 3316 tellus
1840 3261 2187 3330 prwscriptos

594 3354 700 3411 sibi
745 3369 778 3410 α
809 3355 918 3411 Deo
952 3356 1217 3411 terminos
1248 3366 1452 3417 servat.
1488 3356 1722 3410 mirabili
1765 3356 1927 3425 plane
1974 3353 2185 3407 consti-

597 3454 711 3498 tuta
744 3452 929 3507 statu;
969 3461 1090 3515 qua:
1118 3462 1228 3499 uno
1278 3446 1596 3501 Conditoris
1648 3455 1778 3499 nutu
1830 3459 1954 3498 cum
2005 3442 2188 3498 medio

596 3535 815 3590 orbium
850 3537 1151 3591 cmleslium
1187 3539 1366 3608 spatio
1413 3553 1709 3609 suspensa,
1752 3537 1901 3592 nulla
1933 3551 1999 3592 ex
2030 3545 2189 3609 parte

599 3690 848 3762 tissimus
870 3691 1119 3746 Amasea:
1143 3692 1432 3762 episcopus
1458 3691 1727 3748 Asterius:
1756 3693 2010 3762 praeclara
2038 3692 2185 3748 enim

601 3761 862 3825 continet,
886 3770 941 3815 et
970 3778 1092 3830 qua:
1142 3761 1390 3827 Gregorii
1420 3765 1591 3817 nostri
1630 3761 1915 3818 sementim
1961 3779 2187 3831 respon-

601 3831 789 3903 deant:
806 3832 914 3886 Καὶ
929 3832 978 3884 οί
992 3833 1090 3901 τῆς
1108 3834 1351 3903 κορυφῆς
1363 3834 1472 3886 τῶν
1488 3833 1812 3903 ἀξιωμάτων
1826 3831 2187 3903 ἀνθρωπικῶν

601 3901 991 3974 inﬁde-rage!
1022 3901 1454 3974 πολυθρύλλητοι
1504 3901 1702 3974 ὕπατοι
1748 3906 1815 3972 τῇ
1863 3901 2186 3974 ματαιότητι

599 3971 878 4025 δαπανῶσι
894 3972 983 4032 τὸν
996 3971 1225 4026 πλοῦτον
1243 3971 1451 4043 σωροὺς
1462 3991 1567 4043 χρη
1577 3973 1761 4042 μάτων
1780 3971 2184 4043 σκορπίζοντες,

601 4043 683 4102 εἰς
712 4042 988 4122 άκαρπίαν
1019 4037 1385 4127 δικαιοσύνης,
1420 4037 1514 4127 xii.
1540 4037 1750 4127 istoito;
1777 4037 2083 4127 dudpflg;
2106 4037 2182 4127 div

601 4111 855 4166 τοσοῦτον
909 4114 1213 4186 περιφανὴς
1242 4115 1275 4186 ή
1301 4111 1761 4186 άιρροσύνη,ὀσον
1788 4111 1991 4186 ὑψηλός
2008 4113 2036 4165 ὁ
2059 4114 2186 4186 θρό-

602 4200 694 4246 νος
727 4225 740 4238 .
781 4225 795 4238 .
836 4223 851 4237 .
895 4224 908 4239 .
947 4185 1042 4237 καὶ
1068 4183 1121 4236 τί
1147 4183 1207 4238 τὸ
1236 4183 1430 4250 τ’έλος;
1471 4183 1787 4253 ματαιότης.
1825 4184 1979 4237 Μετὰ
2008 4184 2186 4237 πάντα

602 4201 694 4246 νος
727 4225 740 4238 .
781 4225 795 4238 .
836 4223 851 4237 .
895 4224 908 4239 .
947 4201 1042 4237 και
1068 4201 1121 4236 τι
1147 4201 1207 4238 το
1236 4201 1430 4250 τεΛος;
1471 4201 1787 4305 ματαιοτγξ.
1825 4201 1979 4237 metu
2008 4201 2186 4237 παντα

602 4254 774 4325 τάφος
795 4253 1215 4325 ᾲμικρδς,ξὲσθὴς
1238 4255 1431 4323 ὀλίγων
1455 4254 1659 4325 ὀϐολῶν
1693 4271 1722 4305 τ
1786 4254 2057 4323 σωμάτιον
2089 4272 2186 4307 πε-

610 4323 993 4394 ριστέλλουσα,
1026 4323 1316 4394 manu“:
1356 4325 1557 4394 ὀλίγον,
1594 4324 1655 4378 τὸ
1688 4324 1985 4391 ἀναγκαῖον
2011 4325 2185 4387 πάθος

605 4392 702 4465 τοῦ
745 4393 962 4465 χρόνου,
1012 4392 1290 4465 πάντατά
1332 4392 1738 4465 σπουδασθέντα
1789 4394 2139 4447 καλύπτουσα
2164 4410 2179 4425 ⁸

2356 3075 2701 3130 Ἀνατέλλει
2738 3077 2771 3129 ὀ
2800 3075 2994 3144 ἥλιος,
3050 3080 3151 3129 καί
3181 3075 3351 3130 δύνει
3398 3075 3431 3128 ὁ
3506 3074 3703 3142 ἣλιος,
3775 3072 3873 3128 καὶ

2287 3171 2374 3235 εὶς
2407 3168 2514 3221 τὸν
2540 3170 2730 3223 τόπον
2756 3168 2943 3223 αὐτοῦ
2983 3168 3169 3222 ἕλκει.

2358 3260 2658 3329 Μονονουχὶ
2686 3259 2912 3328 φάσκων
2936 3276 2949 3289 ·
2995 3260 3110 3312 Οὐκ
3142 3258 3261 3312 ἔστι
3289 3258 3348 3312 δὲ
3384 3258 3520 3329 μόνη
3552 3274 3680 3320 τους
3714 3258 3871 3327 ὄρους

2286 3348 2413 3412 τοὺς
2435 3342 2755 3419 δεδομένους
2790 3352 2929 3421 αύτῇ
2961 3351 3147 3404 θεόθεν
3187 3352 3221 3422 ἡ
3260 3351 3335 3421 γῆ
3379 3348 3745 3419 συντηροῦσα,
3782 3348 3874 3402 καὶ

2287 3437 2386 3508 τὴν
2418 3438 2722 3509 παράδοξον
2770 3439 2969 3511 ἔχουσα
3003 3440 3214 3504 στάσιν,
3278 3437 3670 3510 άπῃωρημένη
3710 3438 3876 3509 μέσον

2286 3532 2388 3603 τῆς
2428 3531 2688 3604 οὐρανίας
2748 3532 2844 3585 καὶ
2892 3531 3410 3602 κυκλοφορουμένης
3447 3532 3738 3601 κινήσεως,
3781 3531 3877 3601 μό-

2288 3700 2343 3745 ta
2373 3690 2700 3743 somniorum
2723 3691 2748 3743 ?
2773 3705 2910 3758 qum,
2970 3706 3089 3743 cum
3122 3690 3191 3742 ad
3225 3690 3371 3743 breve
3412 3699 3613 3757 tempus
3645 3688 3878 3742 oblecta-

2288 3772 2433 3825 rnut,
2465 3760 2652 3813 deinde
2680 3761 2989 3829 ili/fugiunt,
3031 3769 3080 3813 et
3107 3776 3225 3812 cum
3259 3759 3598 3829 aliquantum
3672 3761 3875 3827 ﬂorue-

2288 3833 2415 3891 rint,
2440 3833 2614 3885 subito
2661 3828 3011 3885 marcescunt.
3047 3830 3209 3899 (Bibl.
3251 3828 3368 3883 PP.
3418 3828 3581 3882 Ducei
3618 3829 3874 3899 tomriil,

2285 3916 2341 3969 p.
2376 3900 2525 3964 586).
2554 3899 2686 3953 Vide
2719 3902 2882 3953 etiam
2929 3900 3309 3968 Cltrysostomi
3346 3899 3626 3954 bomiliam
3675 3901 3732 3954 in
3766 3898 3875 3954 Eu-

2288 3968 2623 4043 tropitittt,_t.
2652 3969 2716 4043 Ill
2747 3968 2909 4039 Oper.
2942 3987 2992 4043 p.
3026 3970 3177 4043 581.)

2360 4042 2472 4110 (54)
2528 4039 2648 4093 Non
2703 4037 2957 4111 ἰιιείιιιειζ
2979 4037 3195 4108 Opinor,
3238 4039 3642 4094 mathematicis
3694 4037 3877 4093 futura

2285 4121 2365 4165 est
2401 4114 2514 4164 hare
2554 4111 2622 4165 de
2655 4110 2813 4165 tcrrée
2855 4111 3152 4166 stabilitate
3183 4110 3494 4180 explicatio,
3532 4126 3693 4179 quam
3746 4124 3878 4164 sane

2286 4181 2761 4250 quidani,quibtts
2805 4179 3374 4250 commentarius'liic
3425 4189 3609 4234 noster
3656 4179 3879 4250 ignotus

2286 4249 2427 4317 erat,
2482 4252 2691 4306 naviter
2736 4260 3096 4320 occuparunt.
3138 4249 3274 4304 Nam
3332 4251 3565 4304 Drusius
3614 4249 3879 4303 externus

2287 4323 2576 4389 theologus
2606 4321 2671 4375 ad
2710 4319 2963 4376 eumdem
3000 4322 3341 4377 Ecclesiaste
3376 4321 3556 4375 locum
3594 4320 3711 4373 haec
3747 4319 3876 4372 olim

2292 4392 2607 4446 adnotavit:
2642 4410 2659 4441 ι
2690 4390 2866 4459 llujus
2888 4393 2990 4446 loci
3019 4401 3102 4447 est
3126 4390 3273 4445 Psal.
3295 4406 3443 4451 CXIX.
3469 4392 3537 4447 90
3565 4408 3579 4444 :
3617 4389 3877 4443 Firmasti

606 4442 909 4536 scelests).
937 4442 1145 4536 τούτοις
1165 4464 1323 4525 Θεοῦ,
1355 4468 1450 4536 καὶ
1476 4466 1579 4532 τῆς
1605 4464 1780 4533 κακῆς
1807 4465 2183 4536 προαιρέσεως

2294 4442 2572 4536 {male
2594 4442 3271 4536 ᾖενὲὶᾶἱῗρύῖἁςιίἧ,ἶςὶᾶι
3294 4442 3775 4536 {imbui-auiam
3808 4475 3875 4512 an

612 4533 831 4605 κόλασις
874 4533 1270 4605 άπαραίτητος.
1303 4535 1412 4588 Ποῦ
1446 4538 1493 4588 οί
1531 4531 1770 4597 ὕπατοις
1826 4531 1862 4586 .’
1891 4576 1905 4590 .
1930 4603 1937 4605 ξ
1958 4531 1989 4587 .’
2031 4574 2044 4589 .
2078 4531 2189 4605 ἆρα

611 4601 899 4677 οὒκ-κατὰ
922 4601 1014 4655 τὸν
1063 4601 1225 4677 σοφὸν
1265 4606 1727 4677 Ἐκκλησιαστὴν,
1763 4605 1824 4677 ού
1870 4603 2057 4677 πάντα,
2090 4601 2192 4658 ὅσα

611 4671 857 4747 τοιαῦτα.
894 4671 1191 4747 ματαιότης
1218 4671 1618 4747 ματαιοτῆτων,
1650 4671 1742 4728 καὶ
1759 4675 2021 4747 φάσματά
2046 4676 2193 4747 ἐστιν

612 4742 694 4814 τά
716 4740 1000 4814 ἀξιώματα
1028 4740 1420 4799 ἀνυποστάτων
1454 4740 1701 4814 ὀνείρων,
1738 4740 2017 4814 τέρψαντα
2048 4743 2187 4814 πρὸς

614 4811 796 4885 ὀλίγον
828 4811 949 4885 εἶτα
984 4814 1419 4885 παραδραμόντα
1442 4857 1457 4878 ,
1508 4811 1817 4885 ἀνθήσαντα
1852 4811 1951 4867 καὶ
1981 4811 2195 4885 μαραν-

617 4882 798 4955 θέντα.
828 4881 880 4935 Id
919 4892 1003 4937 est
1026 4902 1049 4955 :7
1066 4881 1330 4940 Consules
1368 4888 1530 4940 etiam
1575 4881 1673 4950 ipsi
1710 4886 1857 4953 fama
1900 4881 2115 4955 inclyti,
2146 4894 2197 4938 et

619 4952 688 5007 ad
713 4953 986 5024 fastigium
1030 4954 1386 5009 humanarum
1426 4952 1751 5025 dignitatum
1774 4956 1954 5018 erecti,
1986 4952 2078 5024 per
2103 4971 2197 5008 va-

618 5025 840 5079 nitatem
894 5041 1013 5092 opes
1066 5025 1410 5090 exhauriunt,
1467 5042 1678 5080 acervos
1731 5041 2063 5079 nummorum
2115 5025 2200 5079 di-

617 5104 891 5164 spergunt,
921 5111 1023 5147 non
1049 5095 1201 5148 modo
1231 5098 1342 5151 sine
1380 5098 1578 5163 fructu.
1613 5096 1701 5149 sed
1740 5097 1901 5149 etiam
1936 5112 2052 5148 cum
2077 5110 2200 5163 pec-

617 5174 775 5219 cato:
831 5174 888 5217 ut
934 5181 1112 5218 eorum
1164 5183 1320 5231 quam
1372 5168 1611 5220 sublimis
1664 5174 1743 5220 est
1791 5167 2029 5225 thronus,
2089 5175 2199 5218 tant

619 5235 841 5304 insignis
898 5234 1161 5305 dementia
1215 5238 1474 5290 videatur.
1520 5278 1534 5293 .
1578 5275 1593 5289 .
1640 5262 1654 5289 -.
1719 5246 1769 5291 et
1826 5237 1965 5305 quis,
1997 5250 2192 5305 quteso,

620 5306 785 5377 ﬁnis?
814 5306 1044 5377 vanitas.
1073 5304 1198 5359 Post
1236 5308 1411 5359 omnia
1448 5307 1681 5360 tumulus
1720 5304 1961 5375 exiguus,
1999 5304 2198 5377 pauco-

620 5375 739 5429 rum
768 5375 1040 5429 obolorum
1066 5378 1219 5429 vestis
1251 5378 1617 5445 corpusculum
1643 5379 1874 5430 ambiens
1900 5393 1917 5429 :
1948 5393 2010 5428 ac
2040 5375 2199 5444 paulo

619 5456 756 5515 post,
811 5448 1161 5500 necessariae:
1217 5450 1462 5510 temporis
1520 5448 1740 5509 malum,
1801 5446 2025 5510 oblivio,
2084 5462 2201 5515 qua:

621 5526 833 5577 cuncta,
880 5518 1024 5570 circa
1058 5533 1177 5586 qua:
1204 5518 1497 5583 sudaveris,
1536 5518 1760 5571 tenebris
1791 5518 2040 5570 involvat.
2092 5516 2199 5571 Sed

620 5595 676 5638 et
694 5586 959 5653 judicium
998 5598 1181 5656 postea
1224 5588 1479 5648 divinant.
1536 5598 1584 5640 et
1635 5588 2037 5651 indeprecabilis
2070 5586 2200 5639 mali

623 5656 880 5728 propositi
944 5658 1173 5710 vindicta
1248 5668 1403 5728 atque
1474 5674 1643 5725 poma.
1714 5656 1939 5710 Ubinam
2005 5672 2202 5728 consu-

624 5725 699 5779 les
723 5729 767 5780 7.
812 5762 826 5777 .
867 5763 893 5797 ,γ
927 5766 941 5779 .
983 5744 1087 5779 ηοη
1135 5725 1444 5796 ἱρὶιιινὼη
1470 5728 1631 5797 juxta
1682 5730 1967 5791 sapientem
2016 5725 2200 5779 Eccle-

627 5798 826 5849 siasten
875 5796 985 5849 lucc
1027 5799 1160 5849 talia
1194 5809 1383 5851 cuncta
1428 5800 1632 5851 vanitas
1664 5799 1957 5849 vanitatnm
1983 5798 2007 5850 ?
2035 5813 2097 5847 ac
2125 5797 2203 5850 vel

628 5866 974 5940 amplissima:
1008 5866 1297 5938 dignitates
1328 5870 1511 5922 inania
1538 5868 1781 5939 quietiam
1806 5870 1915 5922 visa
1946 5876 1994 5921 et
2026 5874 2201 5921 osten-

2300 4534 2455 4586 liene.
2495 4532 2628 4585 Nam
2680 4535 2884 4587 moveri
2916 4534 3245 4601 quandoque
3291 4540 3495 4585 terram
3544 4532 3877 4601 docentnos

2300 4611 2357 4656 et
2405 4602 2462 4657 S.
2504 4602 2741 4663 Litterae,
2795 4611 2849 4657 et
2885 4600 3002 4670 ipsa
3053 4600 3273 4672 quoque
3325 4602 3710 4672 erperientia._
3743 4600 3877 4672 Puto

2299 4681 2508 4727 rectum
2537 4682 2669 4733 stat,
2701 4689 2805 4726 non
2831 4669 2963 4735 abit,
2997 4669 3104 4725 non
3136 4669 3361 4734 recedit,
3393 4688 3588 4740 nempe
3618 4679 3677 4725 ut
3700 4669 3874 4740 homiv

2298 4758 2417 4807 nes,
2447 4752 2505 4796 tIt
2539 4742 2737 4797 saecula
2764 4746 2960 4811 solent.
3001 4761 3018 4793 ι
3054 4742 3210 4807 (Crit.
3232 4740 3382 4796 Sacr.
3417 4750 3455 4796 t.
3482 4738 3571 4803 11],
3598 4757 3651 4810 p.
3691 4738 3807 4807 70.)

2375 4812 2488 4882 (55)
2549 4812 2746 4866 Totum
2787 4816 2931 4882 litnic
2986 4813 3166 4867 locum
3232 4812 3311 4868 sic
3350 4822 3433 4866 est
3485 4813 3875 4882 interpretatus

2300 4880 2701 4953 Hieronymus:
2740 4901 2758 4933 ι
2788 4881 2969 4936 Prima
2997 4885 3199 4938 recedit
3229 4882 3508 4952 generatio
3536 4880 3871 4941 Judaaorum,

2299 4962 2356 5007 et
2384 4954 2622 5008 succedit
2648 4955 2928 5019 generatio
2954 4955 3020 5007 de
3053 4955 3305 5021 gentibus
3339 4960 3704 5022 congregata;
3732 4959 3874 5004 terra

2301 5032 2503 5095 autem
2531 5023 2741 5095 landiui
2769 5033 2900 5086 stat,
2935 5024 3200 5095 quanditr
3239 5023 3524 5095 Synngoga
3557 5021 3873 5095 recedente,

2302 5093 2542 5148 Ecclesia
2598 5094 2777 5147 omnis
2831 5092 3080 5148 introeat.
3118 5092 3458 5148 Cum'enim
3515 5092 3869 5160 praedicatum

2305 5163 2468 5218 fuerit
2516 5163 2868 5232 Evangelium
2925 5166 2977 5218 in
3029 5174 3143 5217 toto
3192 5163 3352 5226 orbe,
3399 5159 3529 5217 tunc
3574 5163 3678 5216 erit
3731 5159 3872 5213 linis.

2302 5233 2625 5289 lmmioente
2675 5250 2804 5288 vero
2862 5235 3361 5294 consummatione,
3387 5233 3585 5288 caelum
3634 5240 3689 5285 et
3732 5241 3874 5284 terra

2303 5305 2733 5372 pertransibunt.
2765 5304 2830 5358 Et
2853 5307 3133 5371 signanter
3164 5320 3269 5357 non
3302 5304 3409 5357 ait:
3447 5302 3609 5372 Terra
3636 5302 3689 5354 in
3719 5315 3877 5372 samu-

2303 5371 2368 5427 lis
2393 5383 2523 5436 stat,
2551 5375 2644 5430 sed
2678 5376 2730 5428 in
2767 5378 3043 5429 swculum.
3074 5373 3241 5428 Porro
3267 5373 3553 5427 laudamus
3590 5371 3874 5424 Dominum

2302 5460 2410 5498 non
2453 5444 2507 5499 in
2540 5460 2648 5499 uno
2677 5447 2897 5508 saeculo,
2931 5446 3023 5499 sed
3065 5446 3117 5497 in
3154 5447 3367 5499 saeculis
3406 5443 3754 5498 saeculorum.
3785 5457 3813 5508 γι

2374 5514 2485 5581 (56)
2514 5516 2671 5583 Apud
2710 5514 2851 5569 LXX
2884 5507 3025 5585 leges
3054 5515 3146 5567 καὶ
3176 5514 3455 5568 ἀνατέλλει
3492 5553 3508 5568 .
3552 5555 3585 5585 ,γ
3610 5553 3626 5567 .
3683 5512 3735 5585 in
3774 5507 3873 5562 La-

2304 5584 2435 5658 tinis
2469 5582 2603 5641 illud
2629 5586 2781 5658 ἕλκει
2815 5582 3085 5658 redditum
3108 5596 3191 5639 est
3222 5585 3536 5658 revertitur;
3563 5582 3761 5658 aquila
3782 5592 3873 5658 pro

2302 5655 2452 5727 ἕλκει
2485 5656 2667 5727 posuit
2687 5657 2915 5719 είσπνεῖ,
2937 5656 3096 5724 idque
3122 5656 3484 5727 Symmachus
3512 5663 3569 5727 et
3582 5651 3876 5727 'l‘beodotio

2304 5722 2645 5794 interpretati
2681 5736 2845 5796 sunt,
2876 5722 3121 5779 recurrit.
3166 5722 3527 5796 Hieronymus
3558 5722 3877 5796 inantiquis

2303 5796 2708 5867 exemplaribus
2736 5795 2946 5854 Latinis
2975 5796 3183 5853 invenit
3209 5794 3382 5865 ducit,
3411 5805 3505 5851 aut
3532 5794 3714 5849 trahit.
