4172 6508
314 411 426 478 '169

1424 409 1507 471 IN
1552 404 2127 471 ECCLESIASTEN.
2163 429 2235 441 —
2265 403 2416 465 LIB.
2450 404 2502 466 Ῑ.

3495 404 3604 467 770

314 548 385 603 νῃ
427 531 496 601 τῇ
540 527 705 600 βουλῇ
738 526 834 582 τοῦ
865 527 1219 598 Ποιήσαντος,
1251 525 1347 580 καὶ
1380 526 1693 598 μηδαμόθεν
1710 526 1907 598 ἐχουσα

2013 531 2368 587 sustentetur,
2412 520 2730 577 cmlestibus
2761 520 3003 591 undique
3048 520 3359 578 intervallis
3413 538 3601 593 :eqna-

313 624 379 679 τὸ
406 623 723 694 προσάπτον
749 636 762 651 ·
794 619 931 674 ἀλλά
963 618 1297 690 πανταχόθεν
1332 618 1441 672 τῶν
1458 619 1728 691 οὐρανίων
1789 617 1908 671 δια-

318 717 620 788 στημάτων
658 714 718 781 ἐξ
756 714 873 768 ῐσου
912 713 1100 782 σαφῶς
1129 713 1499 782 ἀφισταμένη,
1532 712 1629 766 καὶ
1655 713 1754 782 τὴν
1772 710 1904 781 ὠρι-

319 809 528 879 σμένην
540 804 935 878 ἀποπληροῦσα
960 805 1203 877 θητείαν.
1221 805 1361 858 Ἀλλ’
1382 805 1457 858 ἴδε
1491 806 1584 858 καὶ
1614 805 1705 857 τὸν
1728 802 1905 873 ἥλιον,

317 897 598 969 ἄνθρωπε,
634 896 877 967 συνεχῶς
898 895 1258 949 ἀνατέλλοντα
1298 895 1395 948 καὶ
1442 894 1605 947 πάλιν
1656 892 1903 957 δύνοντα,

320 989 419 1042 καὶ
457 989 594 1060 πρὸς
637 987 730 1041 τὸν
787 987 955 1041 τόπον
985 985 1175 1049 αὑτοῦ,
1217 985 1466 1039 τουτέστι
1496 984 1634 1056 πρὸς
1689 983 1903 1048 ἑαυτὸν,

317 1078 546 1131 ἕλκοντα
576 1076 759 1140 πάσας
793 1076 891 1138 τὰς
920 1075 1073 1145 ὄψεις
1095 1076 1205 1129 τῶν
1221 1074 1623 1128 κατοικούντων
1653 1075 1754 1143 τὴν
1778 1074 1904 1144 γῆν.

318 1167 496 1220 Ὅπου
539 1165 647 1237 γὰρ
679 1169 706 1218 6
736 1166 885 1235 ἣλιος
926 1166 1185 1235 ὑπάρχων
1218 1164 1442 1236 εὑρεθῇ,
1488 1165 1594 1219 κάν
1650 1182 1709 1218 τε
1764 1164 1907 1217 κατά

317 1254 607 1319 ἀνατολὰς,
649 1254 752 1307 κάν
808 1270 870 1305 τε
929 1253 1073 1307 κατὰ
1101 1253 1332 1323 δυσμάς,
1369 1255 1487 1305 ἐκεῖ
1517 1252 1612 1305 καὶ
1638 1252 1733 1315 τὰς
1768 1252 1905 1315 ἰδίας

316 1346 514 1415 αῐγλας
562 1349 659 1401 καὶ
696 1347 933 1418 λάμψεις
994 1346 1389 1416 ἐπιφερόμενος
1442 1346 1695 1418 εὕρηται,
1768 1347 1905 1417 πρὸς

316 1440 384 1505 ἃς
417 1441 739 1510 ἐφέλκονται
781 1441 875 1494 καὶ
901 1439 1010 1494 τῶν
1049 1438 1204 1503 ζώων
1235 1439 1453 1493 πάντων
1497 1441 1554 1494 αἱ
1586 1440 1738 1509 ὄψεις
1778 1442 1906 1510 ἐρα·-

320 1532 498 1603 σμίως
516 1530 740 1602 ἔχουσαι
774 1530 911 1601 πρὸς
940 1530 999 1583 τὸ
1034 1529 1149 1598 φῶς
1170 1529 1381 1583 αύτῶνσ
1412 1530 1533 1582 οὐδὲ
1557 1530 1666 1600 γὰρ
1696 1532 1724 1582 6
1750 1528 1903 1598 ἥλιος

318 1624 421 1693 τὴν
448 1624 807 1695 περιφάνειαν
834 1624 927 1675 καὶ
951 1621 1049 1693 τὴν
1092 1618 1249 1685 δόξαν
1295 1621 1395 1690 τῆς
1434 1621 1575 1691 ὑπὲρ
1611 1620 1716 1689 γῆν
1763 1619 1904 1688 λάμ-

316 1715 466 1784 ψεως
497 1714 583 1767 ἀεὶ
621 1712 945 1782 φιλονεικῶν
976 1711 1142 1787 ἔχειν,
1174 1710 1299 1764 οὕτε
1326 1712 1425 1772 τὰς
1467 1712 1569 1763 ὑπὸ
1600 1711 1706 1781 γῆν
1737 1728 1905 1763 κατα-

318 1804 502 1868 δύσεις
532 1804 695 1857 αύτοῦ
720 1805 813 1857 καὶ
839 1803 945 1856 τῶν
990 1804 1136 1857 ἰδίων
1168 1802 1405 1857 ἀκτίνων
1438 1803 1569 1857 ποτὲ
1605 1802 1904 1875 παραιτού-

321 1912 483 1965 μενος
515 1895 612 1948 καὶ
637 1894 1153 1963 διαναϐαλλόμενος,
1191 1893 1281 1947 διά
1307 1895 1406 1962 τὴν
1442 1892 1694 1946 ἐντεῦθεν
1752 1892 1904 1964 αὐτῷ
1938 1874 1981 1933 Β

317 1990 752 2058 προσγινομένην
786 1987 1053 2056 ἀφάνειαν
1085 1986 1181 2038 καὶ
1212 1984 1412 2055 συχνὴν
1441 1984 1679 2050 ἀδοξίαν,
1712 1986 1791 2047 εἰς
1842 1986 1904 2037 τὸ

320 2078 445 2133 καθ’
473 2079 620 2149 ήμᾶς
650 2077 1015 2147 ἡμισφαίριον
1051 2076 1260 2146 λάμπει
1287 2090 1301 2103 ’
1352 2075 1490 2129 ἀλλά
1519 2074 1616 2127 τοῦ
1667 2075 1902 2144 Ποιητοῦ

318 2172 433 2233 τοῖς
461 2170 610 2240 ὅροις
650 2170 970 2237 πειθόμενος
1006 2168 1223 2237 θητεύει
1250 2168 1348 2238 τὴν
1381 2166 1653 2236 τοσαύτην
1678 2167 1901 2238 θητείαν

318 2260 396 2323 ὼς
427 2258 725 2329 εὐγνώμων
746 2258 984 2327 οἰκέτης.
1017 2258 1088 2309 Σὺ
1105 2257 1161 2310 δὲ
1194 2258 1285 2310 καὶ
1314 2256 1440 2319 τοὺς
1459 2256 1721 2326 φυσικοὺς
1747 2257 1907 2327 ὄρους

319 2352 561 2423 ἀμείψας
608 2352 715 2423 (τά
752 2351 862 2421 γάρ
889 2352 1001 2404 ἀνω
1032 2366 1091 2401 σε
1123 2351 1346 2418 φρονεῖν
1407 2350 1504 2402 καὶ
1563 2348 1754 2417 ,ζητεῖν
1793 2350 1897 2400 εἰσ·

319 2441 606 2512 ηγοῦνται,
640 2443 732 2493 καὶ
747 2442 815 2494 τὰ
841 2443 897 2492 ἐν
936 2438 1012 2509 τῷ
1042 2439 1217 2509 νοητῷ
1247 2439 1448 2509 δηλαδὴ
1485 2440 1678 2509 κόσμῳ
1702 2440 1905 2509 φαντά-

320 2534 513 2598 ζεσθαι
553 2533 644 2585 καὶ⁵
681 2532 897 2585 διώκειν
943 2532 1032 2584 διὰ
1070 2531 1177 2583 τῶν
1208 2531 1414 2601 νοητῶν
1474 2531 1758 2601 δυνάμεων
1806 2530 1909 2600 τῆς

318 2628 515 2699 νοερᾶς
540 2643 636 2679 σου
662 2625 887 2695 ψυχῆς),
905 2624 1104 2694 χείρων
1140 2622 1372 2694 εὖρησαι
1411 2624 1507 2675 καὶ
1535 2625 1637 2693 τῆς
1666 2623 1771 2692 γῆς
1814 2622 1909 2675 καὶ

320 2720 415 2774 τοῦ
444 2719 599 2790 ἥλιου
645 2718 752 2770 τῶν
783 2716 1008 2787 ἀψύχων
1042 2717 1136 2768 καὶ
1172 2716 1447 2785 μηδεμίαν
1480 2715 1712 2785 ἐχόντων
1756 2714 1907 2782 λογι-

322 2813 550 2883 κότητος
590 2811 850 2882 ἔμφασιν.
882 2810 1007 2873 Πῶς
1036 2806 1131 2863 οὖν
1160 2809 1221 2862 ού
1257 2809 1559 2880 ματαιότης
1605 2810 1908 2880 ματαιοτή-

320 2919 432 2957 των
465 2902 605 2974 μετά
639 2902 748 2957 τῶν
788 2901 1082 2973 μοχθηρῶν
1115 2918 1209 2954 σου
1249 2903 1343 2955 καὶ
1385 2901 1605 2971 φαύλων
1667 2901 1908 2973 ἐνθυμη-

326 2994 515 3065 μάτων
547 2994 643 3048 καὶ
670 2994 845 3063 λόγων
880 2993 975 3046 καὶ
1009 2993 1263 3063 πράξεων
1299 2993 1393 3046 καὶ
1444 2994 1508 3046 σὺ
1542 2992 1705 3055 αὐτὸς
1764 3011 1912 3062 νομι-

322 3084 535 3155 σθήσῃς
574 3082 716 3136 κατά
745 3081 1010 3153 ἀλήθειαν
1045 3082 1146 3152 μὲν
1178 3082 1406 3135 ἐκείνων
1452 3082 1623 3136 ὄντων
1677 3099 1911 3153 ματαιοο

318 3176 520 3246 τήτων,
538 3174 631 3228 σοῦ
647 3174 703 3229 δὲ
721 3176 842 3238 ταῖς
853 3174 1078 3228 ἐκείνων
1098 3172 1467 3245 άνυπαρξίαις
1482 3176 1909 3246 ἀπεικασμένον.

391 3266 495 3321 Διά
517 3266 680 3321 τοῦτό
707 3283 877 3337 φησιν
906 3266 1074 3320 Δαϐὶδ
1102 3268 1131 3319 6
1163 3267 1460 3338 προφήτης
1479 3284 1494 3299 ο
1526 3285 1546 3319 ι
1591 3268 1914 3339 Ἀνθρωπος

325 3358 656 3430 ματαιότητι
688 3356 985 3429 ὡμοιώθηο
1020 3357 1077 3410 αἱ
1129 3358 1336 3429 ἡμέραι
1384 3357 1554 3412 αὑτοῦ
1599 3358 1734 3412 ὡσεὶ
1785 3358 1914 3413 σκιά

322 3453 659 3525 παράγουσι.
693 3470 714 3503 ι
751 3450 1065 3522 Παράδοξον
1091 3450 1170 3522 τῷ
1211 3451 1327 3504 δντι
1386 3452 1487 3523 τὴν
1524 3451 1913 3523 ἀκριϐολογίαν

322 3548 423 3615 τῆς
473 3545 678 3612 λέξεως
715 3543 975 3613 περὶτῆς
1004 3543 1298 3615 ἀνθρώπου
1333 3544 1549 3614 φύσεως
1584 3546 1613 3598 6
1638 3561 1910 3615 προφητι-

323 3637 420 3700 κδς
441 3637 736 3708 ἐποιήσατο
752 3634 929 3703 λόγος,
954 3635 1065 3687 Καὶ
1086 3636 1197 3705 γὰρ
1224 3635 1416 3707 ἐπειδὴ
1455 3635 1565 3688 τῶν
1593 3635 1742 3705 παρά
1763 3634 1901 3688 Θεοῦ

322 3729 627 3798 γεγονότων
660 3728 751 3780 καὶ
775 3728 899 3781 κατ’
925 3727 1116 3780 οὐσίαν
1156 3730 1252 3780 καὶ
1280 3728 1518 3798 φυσικὴν
1537 3726 1637 3799 τὴν
1673 3727 1911 3799 ὓπαρξιν

322 3820 601 3873 λαϐόντων
634 3819 787 3873 οὐδὲν
845 3819 1077 3891 εὓρηται
1100 3819 1329 3888 γεγονὸς
1354 3820 1532 3889 μάτην
1551 3836 1567 3851 ·
1601 3821 1695 3873 καί⁵
1716 3820 1911 3874 τούτου

322 3911 488 3985 χάριν
509 3912 633 3966 οὖδέ
652 3912 957 3982 ματαιότης
974 3912 1297 3982 ὠνόμασται
1317 3912 1532 3965 κατὰτὸ
1561 3912 1863 3967 ἀκόλουθον
1893 3929 1908 3944 ⁶

322 4004 415 4058 διὰ
440 4003 601 4057 τοῦτο
630 4004 725 4057 καὶ
777 4003 872 4057 τὸν
905 4002 1197 4075 ἄνθρωπον
1219 4003 1344 4073 οὐχὶ
1374 4004 1711 4073 ματαιότητα
1741 4021 1914 4076 προσ-

322 4096 625 4167 ηγόρευσεν
658 4110 675 4127 °
700 4092 838 4149 ἀλλά
873 4095 1200 4165 ματαιότητι
1230 4094 1621 4165 προσηκόντως
1640 4095 1910 4148 ἀπείκασε

321 4187 415 4242 διά
454 4188 553 4252 τὰς
598 4188 743 4242 κατά
774 4187 1124 4259 συμϐεϐηκὸς
1156 4185 1308 4257 αὐτῷ
1362 4203 1911 4259 προσπαρεισκεκρι-

326 4279 499 4351 μένας
528 4278 757 4347 ἔξωθεν,
787 4280 885 4333 καὶ
906 4296 1103 4347 συμπα
1119 4279 1535 4349 ρυφισταμένας
1564 4279 1702 4350 πρὸς
1734 4280 1907 4353 βραχὺ

324 4373 571 4443 πονηράς
624 4371 859 4443 πράξεις
908 4371 969 4436 ἐξ
1025 4370 1306 4435 ἀϐουλίας.
1374 4371 1432 4425 '0
1467 4371 1576 4443 γάρ
1638 4373 1910 4444 μηδαμῶς

320 4463 451 4527 τοὺς
492 4462 762 4533 φυσικοὺς
793 4464 957 4534 ὅρους
993 4461 1317 4533 ἀλωϐήτους
1366 4462 1634 4530 φυλάξας,
1675 4464 1792 4518 ἀλλ’
1815 4464 1909 4532 ἐξ·

322 4553 573 4625 ιστηκὼς
604 4553 815 4608 τούτων
861 4554 1064 4625 πάντη,
1110 4554 1205 4607 καὶ
1232 4554 1619 4625 παρατραπεὶς
1655 4555 1793 4621 δλως
1824 4558 1908 4624 είς

322 4647 421 4709 τὰς
453 4646 606 4717 παρά
629 4645 794 4717 φύσιν
822 4646 1108 4719 ἐνεργείας
1136 4645 1234 4701 καὶ
1280 4646 1755 4719 πονηροπραξίας,
1800 4668 1907 4722 μα-

321 4737 547 4809 ταιότης
576 4739 678 4809 μὲν
705 4739 809 4793 οὐκ
840 4738 1279 4810 ὀνομασθήσεται
1306 4738 1451 4793 κατὰ
1497 4739 1589 4793 τὸν
1618 4741 1908 4812 ποιητικὸν

326 4828 531 4881 σκοπὸν
554 4828 651 4882 τοῦ
668 4828 1073 4894 διαπλάσαντος
1100 4830 1265 4883 αὑτὸν
1288 4832 1383 4884 καὶ
1396 4831 1907 4903 δημιουργήσαντος

323 4921 423 4974 καὶ
441 4919 544 4993 τήν
569 4920 693 4974 κατ’
712 4922 906 4975 οὐσίαν
928 4921 1026 4976 καὶ
1054 4921 1290 4992 φυσικήν
1322 4922 1561 4994 ὓπαρξιν
1579 4922 1910 4994 ἐξεταζόμε-

324 5029 417 5076 νος
447 5013 544 5066 καὶ
580 5012 926 5086 κρινόμενος.
954 5013 1055 5068 Διά
1083 5013 1141 5068 δὲ
1169 5013 1232 5067 τὺ
1258 5014 1430 5086 μηδὲν
1459 5014 1605 5085 ἔχειν
1660 5014 1912 5086 παρεπό-

329 5120 493 5173 μενον
540 5107 667 5168 ταῖς
716 5106 981 5175 φυσικαῖς
1031 5106 1407 5159 καταστάσεσι
1460 5106 1555 5160 καὶ
1604 5108 1673 5178 τῇ
1749 5105 1914 5179 βουλῇ

326 5195 424 5248 τοῦ
474 5196 820 5268 Ποιήσαντος
858 5197 1023 5269 ἔργον
1065 5196 1356 5268 σύμφωνον
1407 5199 1506 5252 καὶ
1550 5198 1916 5271 κατάλληλον,

325 5287 649 5359 ὁμοιοῦσθαι
678 5289 901 5360 λέγεται
932 5291 1157 5355 δικαίως
1185 5293 1251 5362 τῇ
1312 5290 1663 5363 ματαιότητι,
1710 5294 1810 5363 οὐχ
1837 5291 1916 5358 ὡς

326 5380 572 5449 γεγονὼς
620 5382 822 5453 μάτην,
871 5380 990 5437 ἀλλ’
1036 5382 1310 5453 ὼςζήσας
1340 5384 1612 5453 ματαίως,
1648 5384 1743 5438 καὶ
1802 5400 1910 5456 μη-

327 5473 523 5544 δεμίαν
557 5474 773 5546 ἀγαθῆς
802 5475 1026 5546 μνήμης
1053 5474 1295 5545 ἔμφασιν
1317 5475 1396 5547 τῷ
1418 5475 1519 5548 βίῳ
1548 5477 1866 5531 καταλιπών
1893 5494 1907 5509 ο

336 5586 356 5620 ‹
394 5569 603 5639 Μνήμη
634 5569 746 5640 γάρ
771 5567 986 5622 δικαίου
1017 5567 1138 5639 μετ’
1170 5569 1490 5640 ἐγκωμίων,
1529 5588 1548 5621 ι
1594 5570 1767 5641 φησί·
1815 5572 1913 5626 καὶ

2010 618 2135 674 liter
2161 618 2558 687 perspicueque
2587 616 2773 681 distat,
2805 624 2859 669 et
2912 615 3134 670 deﬁnita
3174 615 3280 671 sibi
3331 618 3601 673 servitute

2011 708 2350 778 defungitur.
2386 707 2530 774 Quin
2558 708 2730 763 solem
2771 707 2936 761 etiam
2976 707 3228 775 intuere,
3265 724 3299 763 0
3329 712 3599 777 m0rtalis,

2014 798 2257 869 quotidie
2295 797 2635 851 exorientem
2684 806 2849 865 atque
2881 796 3245 863 occidentem,
3278 799 3372 867 qui
3401 801 3467 854 ad
3518 802 3601 857 lo-

2015 907 2139 947 cum
2175 904 2360 955 suum,
2390 887 2443 942 id
2487 897 2573 941 est
2603 886 2668 941 ad
2715 902 2773 942 se
2824 887 3026 957 ipsum.
3063 889 3332 953 omnium,
3366 893 3601 962 quicun-

2012 998 2121 1052 que
2150 992 2348 1036 terram
2383 980 2654 1045 incolunt,
2684 979 2876 1034 oculos
2906 979 3153 1037 adducit.
3191 983 3330 1037 Nam
3363 985 3449 1039 sol
3479 987 3600 1055 qui-

2012 1075 2135 1129 dem
2194 1076 2310 1128 sive
2370 1072 2436 1126 ad
2470 1081 2653 1126 ortum
2708 1080 2980 1135 versetur,
3030 1073 3146 1127 sive
3198 1075 3266 1129 ad
3317 1091 3598 1144 occasum,

2014 1179 2228 1234 semper
2276 1163 2547 1234 fulgorem
2590 1162 2716 1217 inde
2748 1177 2910 1217 suum
2968 1173 3022 1218 et
3077 1164 3264 1220 radios
3319 1166 3602 1224 effundere

2015 1255 2168 1310 visus
2204 1266 2324 1309 est:
2372 1253 2439 1308 ad
2489 1268 2630 1323 quos
2672 1254 3033 1307 animantium
3076 1256 3323 1310 omnium
3373 1274 3602 1313 conver-

2016 1354 2140 1399 tunt
2166 1360 2225 1400 se
2256 1345 2423 1410 oculi,
2455 1345 2595 1398 lucis
2627 1343 2774 1397 illius
2808 1358 2996 1397 amore
3029 1343 3217 1399 iliceti.
3267 1347 3363 1401 Sol
3408 1364 3602 1419 nempe

2015 1436 2145 1489 dum
2180 1434 2624 1503 hemisphaerium
2677 1434 2782 1487 hoc
2831 1442 3083 1488 nostrum
3132 1435 3389 1501 illustrat,
3421 1454 3601 1509 neque

2016 1539 2077 1582 ut
2140 1528 2485 1598 splendorem
2548 1526 3145 1597 pulchritudinemque
3228 1528 3453 1586 luminis
3513 1533 3600 1587 sui

2014 1636 2179 1689 supra
2232 1630 2432 1674 terram
2477 1630 2740 1689 perpetuo
2787 1627 3047 1684 ostentet,
3096 1622 3449 1676 contentione
3490 1624 3603 1679 ulla

2015 1712 2226 1777 nititur;
2258 1727 2435 1781 neque
2467 1726 2700 1766 occasus
2731 1710 2815 1765 sui
2850 1711 3249 1767 obscuritatem
3290 1724 3478 1782 erepta
3496 1715 3602 1770 sibi

2016 1805 2197 1872 Specie
2226 1805 2429 1859 illatam
2462 1812 2767 1867 aversatus,
2802 1812 2974 1860 statas
3024 1804 3302 1860 radiorum
3356 1807 3604 1862 declina-

2014 1897 2191 1951 tiones
2227 1898 2396 1949 evitat
2445 1910 2687 1964 unquam
2736 1904 2830 1949 aut
2874 1895 3096 1952 differt:
3145 1897 3239 1952 sed
3289 1897 3603 1954 Conditoris

2013 1988 2346 2058 praescriptis
2394 1988 2474 2041 sic
2525 1988 2890 2057 obtemperat,
2941 1998 3002 2043 ut
3032 1990 3353 2045 servitutem
3393 2000 3602 2045 tantam

2014 2081 2174 2151 quasi
2228 2080 2479 2135 benevoli
2529 2081 2697 2133 animi
2739 2096 2907 2135 verna
2957 2081 3167 2135 servire
3212 2082 3485 2138 videatur.
3519 2085 3602 2138 Tu

2014 2189 2146 2228 vero
2179 2182 2388 2227 natura:
2442 2172 2711 2227 terminos
2756 2183 3136 2247 transgressus
3173 2175 3321 2244 (nam
3367 2190 3601 2244 superna

2014 2276 2074 2319 ut
2119 2266 2322 2333 cogites
2360 2274 2415 2317 et
2468 2264 2735 2333 inquiras,
2782 2273 2952 2334 utque
2983 2265 3150 2318 animi
3202 2266 3253 2319 vi
3300 2276 3354 2321 et
3400 2266 3604 2321 intelli-

2014 2357 2197 2425 gentia
2227 2354 2497 2424 quidquid
2525 2358 2764 2410 mundus
2794 2356 2882 2411 ille
2935 2357 3201 2424 spiritalis
3230 2359 3393 2413 habet
3430 2360 3605 2413 medi-

2018 2449 2146 2503 teris
2196 2463 2259 2503 ac
2313 2448 2685 2517 persequaris,
2735 2450 2833 2504 tibi
2890 2452 3169 2519 suadent),
3224 2459 3306 2514 tu,
3353 2452 3600 2521 inquam,

2016 2550 2070 2595 et
2101 2551 2245 2595 terra
2300 2548 2355 2595 et
2406 2541 2522 2594 sole
2554 2540 2707 2610 pejor
2754 2543 3010 2598 inventus
3041 2557 3121 2608 es,
3170 2543 3440 2599 inanimes
3476 2545 3604 2600 licet

2016 2632 2091 2686 illi
2144 2632 2276 2697 sint,
2345 2632 2671 2701 nullumque
2729 2633 2962 2688 rationis
3031 2634 3293 2689 indicium
3363 2651 3476 2705 pra:
3542 2651 3605 2691 se

2018 2723 2215 2780 ferant.
2260 2723 2462 2790 Quidni
2506 2725 2669 2795 igitur
2700 2726 2916 2780 vanitas
2947 2728 3249 2780 vanitatum
3282 2736 3337 2781 tu
3382 2744 3605 2799 quoque

2018 2833 2126 2872 una
2173 2832 2297 2872 eum
2363 2816 2647 2884 ﬂagitiosis
2709 2818 3001 2888 pravisque
3062 2820 3489 2889 cogitationibus
3549 2832 3607 2877 et

2017 2910 2180 2965 dictis
2213 2918 2379 2980 atque
2415 2910 2573 2965 factis
2606 2910 2715 2965 tuis
2756 2911 3056 2965 hahearis?
3087 2920 3206 2967 esto
3238 2914 3352 2967 haec
3381 2914 3600 2982 quidem

2020 3021 2209 3060 revera
2236 3006 2509 3061 vanitates
2543 3006 2675 3072 sint,
2713 3017 2767 3060 tu
2806 3007 3081 3062 levitatem
3121 3022 3311 3063 eorum
3343 3009 3605 3070 similitu-

2020 3098 2147 3153 dine
2180 3098 2409 3153 referas.

2091 3276 2200 3346 20
2226 3274 2594 3341 Quamobrem
2639 3274 2778 3331 dixit
2810 3274 2980 3329 David
3020 3276 3322 3346 propheta:
3369 3297 3389 3331 ι
3426 3279 3603 3336 Homo

2015 3370 2245 3426 vanitati
2282 3369 2481 3423 similis
2517 3368 2695 3424 factus
2745 3378 2869 3424 est:
2901 3370 3020 3424 dies
3060 3370 3183 3440 ejus
3212 3372 3356 3425 sicut
3401 3376 3599 3429 umbra

2016 3469 2351 3532 praetereunt
2411 3461 2546 3530 ('57).
2609 3460 2779 3530 Cujus
2834 3462 3055 3530 quidem
3118 3462 3173 3516 in
3227 3464 3409 3521 verbis
3462 3468 3599 3521 mira

2013 3552 2175 3624 plane
2212 3561 2378 3622 atque
2408 3552 2680 3622 exquisita
2728 3552 2870 3607 inest
2898 3552 2966 3608 de
3004 3553 3245 3610 lnnnana
3290 3564 3485 3612 natura
3519 3560 3604 3614 lo-

2013 3646 2205 3700 cutio:
2257 3660 2383 3699 nam
2418 3659 2542 3699 cum
2592 3644 2647 3697 in
2690 3644 2778 3706 iis,
2813 3658 2935 3714 qua:
2985 3645 3253 3700 divinitus
3287 3649 3507 3702 condita
3548 3657 3604 3704 et

2013 3740 2082 3795 ad
2132 3740 2358 3794 stabiles
2394 3747 2603 3793 natura
2652 3736 2802 3809 leges
2851 3740 3149 3793 constituta
3198 3749 3349 3802 sunt.
3401 3742 3538 3795 nihil
3569 3758 3599 3796 a

2013 3832 2125 3886 Deo
2178 3833 2296 3887 sine
2344 3832 2582 3887 consilio
2635 3830 2864 3892 factum,
2896 3847 3068 3901 eaque
3110 3833 3177 3886 de
3228 3847 3391 3888 causa
3439 3835 3597 3900 nihil,

2012 3924 2159 3994 quod
2195 3923 2410 3976 vanitas
2438 3921 2918 3991 jure'appelletur,
2952 3923 3185 3977 inveniri
3221 3926 3431 3994 possit;
3471 3941 3601 3995 pro-

2011 4022 2197 4084 pterea
2249 4010 2525 4066 hominem
2560 4026 2909 4081 nequaquam
2958 4011 3255 4067 vanitatem
3291 4014 3468 4068 dixit:
3505 4016 3600 4070 sed

2012 4116 2194 4160 tamen
2226 4117 2521 4174 pravorum
2585 4117 2810 4171 operum
2866 4118 3019 4172 ergo,
3076 4118 3201 4173 quae
3257 4105 3599 4161 extrinsecus

2010 4196 2207 4259 ascita,
2269 4196 2437 4251 simul
2485 4210 2608 4250 cum
2652 4196 2769 4264 ipso
2816 4209 2881 4249 ex
2920 4195 3290 4263 imprudentia
3335 4200 3401 4251 ad
3436 4198 3601 4253 breve

2011 4297 2227 4358 tempus
2276 4288 2576 4349 exsistunt,
2609 4285 2838 4340 vanitati
2905 4296 3054 4341 necte
3104 4290 3466 4356 comparavit.
3497 4288 3599 4354 Qui

2009 4381 2157 4437 cnim
2189 4389 2402 4435 naturae
2425 4381 2560 4433 lines
2589 4393 2699 4433 non
2734 4377 2896 4432 modo
2919 4378 3079 4441 laesit,
3108 4379 3205 4433 sed
3242 4381 3405 4435 etiam
3442 4382 3603 4451 longe

2009 4482 2390 4542 transgressus
2419 4477 2525 4535 est,
2564 4479 2728 4540 atque
2766 4467 2834 4524 ad
2864 4469 3057 4540 agendi
3088 4471 3354 4525 rationem
3392 4481 3603 4528 natura:

1937 4583 1987 4645 ι)
2011 4560 2345 4618 contrariam
2374 4568 2429 4615 et
2458 4560 2524 4615 ad
2558 4576 2723 4630 prava
2754 4575 2985 4631 quaeque
3020 4575 3185 4631 opera
3213 4561 3455 4627 deﬂexit,
3490 4581 3599 4618 non

2012 4655 2061 4711 is
2092 4653 2316 4724 quidem
2352 4652 2566 4707 vanitas
2604 4652 3069 4732 denominabitur,
3112 4652 3383 4722 siquidem
3418 4656 3603 4709 consi-

2014 4746 2073 4802 lii
2124 4745 2246 4817 ejus
2290 4754 2343 4801 et
2396 4743 2548 4811 facti,
2598 4744 2694 4815 qui
2741 4743 2998 4799 formavit
3057 4743 3417 4815 perfecitque,
3456 4747 3600 4800 ratio

2014 4838 2303 4904 habeatur,
2336 4844 2393 4892 et
2423 4835 2586 4907 hujus
2633 4834 2807 4906 ipsius
2831 4844 3029 4889 natura
3076 4843 3132 4889 et
3172 4836 3493 4891 constitutio
3530 4838 3600 4891 ad

2014 4928 2284 4985 amussim
2335 4929 2722 4983 examinetur:
2759 4937 2835 4993 at,
2876 4936 3153 4997 quatenus
3209 4944 3375 4997 opere
3428 4938 3598 4992 caret,

2014 5019 2166 5092 quod
2218 5027 2274 5075 et
2327 5028 2540 5075 naturae
2596 5020 2925 5091 respondeat
2977 5033 3125 5083 suae,
3182 5028 3239 5074 et
3288 5020 3600 5075 Conditoris

2017 5112 2289 5169 voluntati
2315 5127 2623 5168 consonum
2648 5127 2713 5168 ac
2733 5120 3162 5167 consentaneum
3190 5112 3283 5178 sit,
3301 5112 3426 5181 jure
3450 5112 3601 5166 vani-

2018 5205 2118 5261 tati
2145 5206 2341 5261 similis
2370 5204 2489 5260 θεινί
2534 5205 2757 5269 dicitur,
2797 5220 2911 5259 non
2941 5203 3097 5274 quasi
3149 5212 3353 5259 temere
3397 5204 3597 5270 factus,

2020 5298 2114 5354 sed
2160 5306 2420 5368 tanquam
2460 5307 2664 5352 temere
2696 5296 2907 5362 vivens,
2943 5305 3003 5351 ut
3051 5295 3259 5349 nullum
3298 5296 3456 5349 bona:
3486 5310 3602 5350 me-

2022 5389 2213 5444 moriae
2278 5389 2542 5444 indicium
2596 5388 2902 5458 posteritati
2960 5388 3253 5458 relinquat.
3304 5387 3477 5453 Nam,
3540 5398 3603 5443 ut

2022 5483 2287 5551 scriptum
2326 5490 2447 5535 est:
2510 5500 2528 5532 ι
2588 5478 2845 5534 Memoria
2876 5481 3017 5535 enim
3060 5480 3196 5550 justi
3253 5496 3377 5535 cum
3428 5480 3602 5534 laudi-

2020 5570 2127 5627 bus
2156 5571 2310 5642 (38):
2358 5588 2378 5623 ι
2413 5580 2468 5625 et
2510 5586 2734 5626 rursus:
2775 5591 2792 5623 ι
2832 5571 2889 5624 1η
2934 5571 3193 5626 memoria
3246 5579 3449 5626 acterna
3496 5571 3601 5624 erit

406 5726 688 5801 (37)7Psal.
719 5740 900 5786 cxuv,
937 5725 989 5789 4,
1019 5725 1188 5801 quiin
1232 5725 1437 5782 Latinis
1471 5736 1553 5781 est
1616 5728 1948 5783 centesimus
1986 5729 2439 5800 quadragesimus
2478 5730 2693 5786 tertius.
2726 5729 3030 5786 Thcodotio
3062 5728 3220 5785 habet
3286 5728 3465 5801 ἀτμίδι
3496 5745 3595 5801 pro

336 5800 684 5869 ματαιότητι,
715 5812 908 5869 nempe
931 5798 1130 5869 vapori.

407 5868 519 5937 (38)
561 5864 723 5923 l‘rov.
761 5885 813 5933 ι,
847 5864 901 5921 7.
947 5865 1101 5937 Apud
1139 5864 1277 5919 LXX
1311 5866 1543 5937 legimus
1581 5869 1783 5940 Μνήμη
1821 5870 1905 5921 δικ

2016 5884 2044 5921 ν
2066 5864 2182 5936 μετ’
2204 5865 2521 5937 ἐγκωμίων.
