4172 6526
273 428 389 492 Ἠ3
1382 425 1465 485 IN

1531 424 2113 486 ECCLESIAS’I‘EN.
2144 451 2213 459 —-
2237 426 2305 484 nl
2322 427 2384 485 Β.
2426 426 2475 485 Ι.

3448 428 3556 490 774

206 554 211 559 ’
274 566 367 602 ται
395 544 703 599 διακεῖσθαι
734 542 828 595 καὶ
856 541 1211 595 συνίστασθαι
1232 538 1414 594 πάντα
1451 541 1602 593 τόνδε
1632 542 1856 611 κόσμον·

1985 541 2248 595 :omlitum
2284 558 2347 596 ac
2380 542 2743 597 constitutum
2774 556 2918 607 esse,
2949 540 3169 611 sapiens
3197 540 3561 597 Ecclesiastes

276 643 325 694 εἰ
358 641 489 710 γὰρ,
516 658 534 690 ι
563 636 732 691 Γενεὰ
763 634 1085 706 πορεύεται,
1111 635 1208 690 καί
1232 635 1399 703 γενεὰ
1423 633 1665 706 ἔρχεται,
1706 655 1725 686 ι
1756 633 1867 687 τῶν

275 729 582 803 ἀνθρώπων
614 727 948 781 ἐπανιόντων
980 725 1125 779 κατά
1151 725 1346 793 γενεὰν
1387 726 1484 779 καὶ
1528 725 1723 794 γενεὰν
1786 726 1867 790 είς

275 824 369 877 τὸν
396 822 558 877 αὐτὸν
588 820 744 892 χοῦν,
781 818 840 883 ἐξ
871 813 1043 888 οὗπερ
1074 818 1389 890 ἐλήφθησαν
1416 834 1428 847 ·
1460 817 1750 889 πρόδηλον,
1785 817 1868 870 ὅτι

277 916 309 967 ὁ
340 915 449 968 άπό
493 929 641 976 τινος
669 912 903 983 κέντρου
933 910 1026 964 τοῦ
1086 910 1318 981 σημείου
1375 909 1580 973 κύκλος
1632 925 1870 981 περιηγ-

284 1007 467 1076 μένος,
502 1004 639 1074 πρὸς
667 1003 765 1075 τὴν
800 1003 890 1055 ἐπ’
920 1002 1098 1073 ἀρχὴν
1130 1001 1388 1055 ἐπάνεισι
1422 1002 1672 1071 κίνησιν⁹
1728 999 1870 1053 οὕτω

281 1100 376 1153 καὶ
390 1100 498 1162 πᾶς
524 1096 620 1152 ἄνθ
629 1113 810 1168 ρωπος
830 1094 967 1166 μετὰ
983 1093 1180 1149 πολλάς
1210 1094 1585 1165 περιστροφὰς
1606 1093 1701 1147 καὶ
1715 1110 1781 1146 πε
1788 1111 1871 1163 ρι-

280 1192 437 1252 όδους
466 1185 619 1251 αὖθις
652 1185 1100 1257 ἑπαναλύειπρδς
1126 1185 1192 1239 τά
1220 1185 1281 1250 ἐξ
1300 1179 1373 1239 ὧν
1409 1184 1669 1253 συνετέθη
1722 1201 1870 1237 στοι-

280 1286 405 1354 χεῖα
436 1283 530 1336 καὶ
556 1282 658 1351 τὴν
692 1280 906 1349 γένεσιν
928 1278 1107 1348 ἔσχεν.
1150 1277 1311 1330 Ἀλλὰ
1341 1277 1437 1330 καὶ
1466 1279 1497 1346 ἠ
1528 1279 1622 1347 γῆ,
1643 1276 1748 1330 κᾶν
1788 1277 1869 1337 είς

282 1376 377 1428 τὸν
403 1374 576 1427 αἰῶνα
620 1372 843 1443 ἔστηκε,
878 1370 1015 1442 πλὴν
1046 1369 1182 1424 ἀλλὰ
1214 1370 1324 1442 γὰρ
1352 1368 1444 1422 διὰ
1487 1368 1587 1438 τῆς
1633 1367 1873 1437 φθίσεως

287 1468 382 1521 καὶ
399 1467 497 1536 τῆς
528 1467 585 1519 ἐν
612 1463 689 1535 τῷ
715 1463 914 1535 κρυμῷ
930 1462 1023 1517 τοῦ
1038 1463 1308 1534 χειμῶνος
1330 1460 1533 1532 τρόπον
1546 1460 1671 1514 τινὰ
1704 1477 1875 1531 προσ-

287 1558 582 1628 γινομένης
608 1557 747 1628 αὐτῇ
789 1556 1027 1628 θνήξεως
1049 1554 1144 1609 καλ⁸
1174 1554 1338 1608 πάλιν
1368 1552 1716 1615 ἀναϐιώσεως
1747 1554 1874 1621 ὲτη-

287 1650 405 1703 σίου
425 1646 693 1716 κυκλικὴν
709 1646 823 1718 ἔχει
839 1646 939 1716 τὴν
969 1644 1249 1699 σύστασιν.
1273 1642 1553 1705 Ὡσαύτως
1565 1660 1629 1711 γε
1645 1643 1751 1714 μὴν
1779 1641 1874 1696 καὶ

283 1739 314 1792 ὁ
346 1739 498 1808 ἥλιος
531 1735 838 1791 ἀνατέλλων
869 1736 947 1798 εἰς
972 1735 1032 1787 τὸ
1062 1734 1194 1787 αὐτὸ
1221 1731 1317 1787 τοῦ
1338 1732 1616 1806 ὁρίζοντος
1643 1734 1873 1804 σημεῖον

287 1831 385 1883 καὶ
413 1829 550 1901 πρὸς
584 1826 677 1881 τὸν
710 1824 930 1880 δυτικδν
956 1825 1214 1897 ὁρίζοντα
1244 1823 1570 1895 διαστείχων
1591 1841 1607 1856 ·
1644 1823 1738 1877 καὶ
1764 1824 1874 1879 πά-

1975 648 2077 687 nos
2111 633 2362 687 addocet.
2382 631 2518 686 Nam
2557 634 2602 688 si
2640 651 2659 684 ι
2696 631 2987 689 Generatio
3025 634 3282 702 praeterit,
3318 642 3372 689 et
3406 650 3564 704 gene-

1973 724 2110 777 ratio
2136 722 2374 788 advenit,
2408 742 2425 773 ι
2464 722 2823 793 hominesque
2849 738 2947 793 per
2968 723 3381 794 generationum
3413 724 3561 780 vices

1974 817 2081 885 22
2114 816 2167 869 in
2205 832 2331 870 eunt
2382 816 2615 879 redeunt
2665 816 2971 885 pulverem,
3008 815 3153 870 unde
3198 817 3560 882 exstiterunt;

1974 909 2328 965 manifestum
2360 920 2465 976 est,
2514 910 2582 965 ab
2613 911 2800 981 aliquo
2870 920 3075 981 puncto
3139 910 3279 981 signi
3326 912 3563 966 circum-

1977 1013 2161 1057 actum
2182 1004 2370 1059 orbem
2400 1004 2466 1058 ad
2500 1012 2687 1058 motus
2711 1004 2797 1057 sui
2818 1003 3104 1058 exordium
3126 1003 3350 1067 reverti,
3379 1004 3565 1072 itaque

1977 1109 2199 1150 omnem
2251 1096 2529 1151 hominem
2563 1104 2685 1165 post
2729 1096 2926 1150 multas
2964 1095 3351 1150 conversiones
3399 1108 3565 1165 atque

1976 1189 2243 1246 circuitus
2292 1190 2345 1244 in
2401 1204 2463 1243 ea
2515 1189 2713 1243 iterum
2755 1189 3026 1243 elementa
3070 1189 3290 1253 resolvi,
3326 1204 3390 1243 ex
3440 1191 3565 1258 qui-

1978 1281 2081 1337 bus
2112 1282 2453 1351 compositus
2484 1289 2590 1346 est,
2644 1296 2925 1351 genusque
2975 1280 3159 1335 duxit.
3210 1280 3319 1335 Nec
3382 1283 3565 1336 minus

1978 1383 2144 1437 terra,
2172 1389 2493 1444 quanquam
2541 1373 2595 1427 in
2646 1382 2913 1427 aeternum
2944 1380 3074 1437 stat,
3106 1387 3174 1425 ex
3209 1372 3568 1441 corruptione

1978 1474 2159 1520 tamen
2210 1465 2482 1535 quasique
2509 1475 2689 1520 morte
2736 1480 2833 1534 per
2889 1464 3089 1519 hiemis
3121 1461 3324 1532 frigora
3374 1478 3568 1533 super-

1980 1559 2251 1623 veniente,
2312 1568 2477 1628 atque
2523 1574 2591 1612 ex
2624 1558 2817 1612 iterata
2874 1556 3173 1627 quotannis
3223 1556 3333 1610 vita
3391 1557 3550 1625 perio

1979 1651 2155 1706 dicam
2208 1650 2371 1705 habet
2408 1650 2882 1705 constitutionem.
2933 1648 3228 1703 Enimvero
3289 1657 3345 1703 et
3396 1647 3566 1703 solem

1979 1742 2096 1812 pari
2147 1741 2333 1807 modo,
2389 1757 2515 1795 cum
2575 1741 2645 1796 ab
2732 1740 2924 1795 eodem
2984 1740 3287 1795 horizontis
3341 1750 3569 1796 exortus

1981 1835 2138 1905 signo
2166 1833 2220 1888 in
2253 1834 2587 1889 occidentem
2618 1833 2896 1904 procedat,
2930 1842 3044 1887 tum
3075 1848 3322 1887 remeans
3348 1847 3567 1887 rursum

286 1920 374 1975 λιν
400 1923 479 1984 είς
508 1919 568 1973 τὸ
602 1918 735 1973 αὐτὸ
792 1921 1018 1991 σημεῖον
1071 1915 1168 1971 τοῦ
1218 1916 1541 1971 ἀνατολικοῦ
1595 1917 1873 1987 ὁρίζοντος

1985 1921 2211 1976 orientis
2239 1930 2294 1976 et
2324 1921 2626 1976 occidentis
2652 1921 2841 1976 eadem
2894 1931 3182 1991 percurrat
3229 1922 3408 1991 signa,
3438 1938 3568 1975 enr-

288 2012 680 2084 εὑρισκόμενος
704 2010 803 2065 καὶ
830 2010 926 2063 τοῦ
952 2009 1231 2074 δύνοντος,
1298 2009 1567 2082 κυκλικὴν
1622 2007 1878 2079 κατείλη-

288 2122 423 2159 πται
463 2102 836 2175 πεποιημένος
863 2102 963 2172 τὴν
1001 2101 1242 2171 κίνησιν.

365 2197 438 2251 Τὸ
466 2197 600 2250 αὐτὸ
635 2195 693 2248 δὲ
726 2195 882 2248 τοῦτο
916 2194 1154 2265 πάσχειν
1182 2193 1277 2247 καὶ
1303 2193 1414 2247 τῶν
1472 2192 1693 2264 ἀνέμων
1745 2191 1877 2245 ἔκα-

293 2309 419 2345 στον
470 2290 772 2362 παρίστησι
835 2289 931 2342 νῦν
978 2288 1206 2357 φάσκων
1236 2303 1251 2317 ο
1315 2305 1334 2337 ι
1372 2286 1581 2339 Κυκλοί
1634 2283 1875 2350 κυκλῶν,

291 2382 588 2454 πορεύεται
618 2381 678 2435 τὸ
708 2378 950 2453 πνεῦμα,
992 2381 1088 2434 καὶ
1119 2378 1214 2431 ἐπὶ
1241 2377 1476 2441 κύκλους
1533 2376 1701 2431 αὐτοῦ
1758 2378 1879 2430 ὲπι-

294 2477 517 2544 στρέφει
551 2472 613 2525 τὸ
644 2471 883 2541 πνεῦμα.
919 2490 937 2524 ι
972 2470 1253 2541 Πρόδηλον
1300 2468 1411 2541 γὰρ
1434 2506 1449 2533 ,
1506 2467 1581 2532 ὼς
1630 2469 1877 2539 ὅπουπερ

293 2565 361 2620 ἂν
397 2567 427 2617 ὁ
464 2564 665 2636 βορρᾶς
694 2562 906 2633 πνεύσῃ
934 2564 1029 2616 καὶ
1055 2561 1228 2625 νύτος,
1253 2562 1334 2625 είς
1396 2561 1489 2613 τὸν
1529 2559 1659 2613 ἴδιον
1712 2558 1877 2613 τόπον

293 2654 451 2721 αὖθις
479 2659 727 2711 ἐπάνεισι
773 2654 1070 2721 κυκλικῶς,
1119 2653 1178 2721 ἐξ
1232 2645 1295 2706 οὗ
1358 2654 1451 2707 καὶ
1501 2652 1603 2722 τὴν
1662 2651 1876 2719 γένεσιν

295 2746 443 2817 ἔσχε,
491 2746 677 2815 ποίαν,
708 2747 843 2816 ἡμῖν
895 2743 1145 2798 ἐντεῦθεν
1202 2745 1599 2815 προμνώμενος
1655 2741 1873 2813 ὅνησιν;

296 2842 486 2893 πεῖσαι
526 2838 778 2910 βούλεται
804 2835 1132 2907 πολυμερῶς
1157 2837 1254 2890 καὶ
1303 2836 1665 2907 πολυτρόπως
1704 2837 1875 2906 ἡμᾶς,

294 2930 373 2995 ὡς
402 2930 556 2983 οὐδὲν
591 2929 699 2983 τῶν
729 2931 788 2983 ὲν
828 2927 1140 2998 ἀνθρώποις
1169 2926 1560 2996 διοικουμένων
1592 2927 1688 2981 καὶ
1718 2926 1875 2981 πολι-

294 3019 607 3089 τευομένων
635 3018 696 3073 τὸ
729 3019 995 3089 στάσιμον
1028 3018 1149 3088 ἔχει
1179 3016 1276 3071 καὶ
1310 3016 1526 3087 βέϐαιον
1561 3034 1575 3048 ·
1609 3017 1746 3072 ἀλλά
1782 3020 1877 3073 καὶ

295 3115 436 3169 αὐτὰ
466 3114 534 3167 τά
564 3113 664 3185 τὴν
693 3113 956 3185 διαμονὴν
996 3112 1192 3183 ἔχοντα
1246 3112 1341 3164 καὶ
1374 3114 1477 3181 τὴν
1506 3111 1698 3167 στάσιν
1736 3114 1878 3183 ἀκήα

300 3224 482 3278 ρατον,
510 3206 637 3275 άχρι
670 3204 771 3275 τῆς
798 3204 1113 3275 ὁρισθείσης
1152 3203 1450 3268 παντελοῦς
1499 3204 1874 3276 ἀποπερατώ-

298 3313 437 3356 σεως
466 3296 553 3350 διὰ
597 3296 701 3365 τῆς
747 3298 983 3366 τοπικῆς
1016 3294 1322 3365 μεταϐολῆς
1362 3295 1452 3347 καὶ
1488 3295 1757 3365 κυκλικῆς
1786 3294 1881 3349 ἀλ-

296 3385 571 3450 λοιώσεως
601 3388 694 3439 καὶ
722 3388 993 3457 κινήσεως
1032 3385 1133 3456 τὴν
1158 3385 1428 3456 διαμονὴν
1480 3388 1578 3438 καὶ
1628 3385 1729 3455 τὴν
1782 3386 1879 3439 σύ-

301 3497 494 3533 στασιν
521 3479 735 3550 ἔχουσιν
768 3495 781 3508 ·
811 3478 906 3532 ἆτε
935 3478 998 3549 δὴ
1016 3476 1425 3548 πειθαρχοῦντα
1456 3477 1553 3532 καὶ
1582 3476 1882 3546 θητεύοντα

298 3576 412 3637 τοῖς
442 3574 589 3643 ὅροις
623 3573 718 3625 καὶ
759 3571 948 3641 νόμοις
1002 3570 1098 3623 τοῦ
1138 3571 1441 3634 Κτίσαντος
1482 3570 1577 3623 καὶ
1620 3570 1882 3636 τάξαντος

301 3667 398 3719 καὶ
426 3664 601 3736 ταύτῃ
635 3663 1028 3734 συντηροῦντος
1059 3662 1152 3715 καὶ
1178 3660 1446 3726 σώζοντος
1472 3678 1486 3692 ο
1523 3662 1610 3714 ἵνα
1656 3661 1882 3716 κάντεῦ-

302 3759 395 3812 θεν
426 3759 589 3828 ἡμεῖς
618 3756 716 3827 τὴν
737 3756 878 3827 πρὸς
904 3754 968 3808 τὸ
998 3753 1132 3807 αὐτὸ
1151 3754 1251 3823 τῆς
1278 3752 1547 3821 γενέσεως
1579 3752 1736 3822 ἡμῶν
1759 3754 1882 3807 κένσ-

301 3866 432 3921 τρον
488 3847 746 3902 ἐπάνοδον
793 3847 888 3900 καὶ
943 3845 1377 3917 παλινδρόμησιν
1412 3845 1499 3897 ἀεὶ
1538 3844 1885 3913 προσδοκῶν-

302 3959 396 4005 τες
437 3939 832 4007 σπουδάσωμεν
857 3936 1118 4007 ἐμμένειν
1147 3936 1261 3997 τοῖς
1289 3934 1477 4004 νόμοις
1505 3933 1603 3986 τοῦ
1640 3933 1883 3985 Κτίσαν-

302 4051 417 4098 τος,
473 4034 586 4097 τοῖς
614 4032 848 4102 ἀψύχοις
883 4026 1289 4098 παραπλησίως
1317 4039 1332 4056 ⁶
1398 4025 1496 4078 καὶ
1544 4025 1619 4096 μὴ
1668 4024 1887 4094 χείρους

305 4122 625 4195 εύρεθῶμεν
656 4120 904 4181 ἐκείνων.
936 4116 1260 4182 ἀθετοῦντες
1294 4118 1389 4170 καὶ
1447 4115 1887 4188 παραϐαίνοντες

305 4219 410 4289 τὴν
442 4215 699 4286 βούλησιν
724 4213 819 4266 τοῦ
842 4213 1197 4281 Ποιήσαντος,
1245 4228 1264 4261 t
1311 4210 1408 4273 Ὃς
1441 4207 1627 4276 ἐξάγει
1647 4208 1888 4271 καὶτοὺς

308 4310 549 4379 ἀνέμους
593 4310 657 4361 ὲκ
721 4304 1018 4375 θησαυρῶν
1059 4301 1249 4368 αὐτοῦ,
1285 4319 1306 4355 ι
1362 4301 1457 4355 καὶ
1505 4299 1888 4371 παλινδρομεῖν

309 4396 467 4464 αὖθις
510 4394 915 4459 κατασκευάζει
942 4392 1220 4456 κυκλικῶς
1253 4394 1485 4447 ’ἑκαστον
1537 4392 1618 4453 είς
1644 4390 1735 4442 τὸν
1760 4389 1890 4442 ἴδιον

306 4494 493 4556 τόπον,
520 4490 769 4551 καὶτοὺς
796 4484 1120 4557 ἀνθρώπους
1151 4485 1232 4548 εἰς
1264 4483 1324 4537 τὸ
1358 4482 1451 4536 τοῦ
1477 4481 1745 4550 παρόντος
1774 4479 1890 4551 βίου

1978 2012 2212 2068 riculum
2247 2027 2407 2067 suum
2461 2012 2533 2067 ad
2579 2012 2772 2067 circuli
2820 2012 3089 2069 rationem
3142 2013 3428 2068 absolvere
3474 2013 3571 2068 tle-

1978 2104 2387 2175 prehendimus.

2047 2195 2168 2251 Jam
2198 2206 2252 2251 et
2286 2205 2579 2252 ventorum
2614 2195 2916 2266 quemlibet
2946 2194 3135 2251 eodem
3169 2203 3327 2264 pacto
3358 2197 3568 2251 moveri

1978 2304 2127 2344 nunc
2181 2288 2407 2352 indicat,
2448 2290 2577 2343 dum
2607 2288 2725 2342 ait:
2763 2306 2781 2338 ι
2821 2286 2990 2358 Gyrat
3019 2302 3243 2358 gyrans,
3274 2286 3425 2342 vadit
3454 2288 3568 2358 spi-

1978 2382 2140 2445 ritus,
2204 2387 2259 2435 et
2316 2380 2370 2435 in
2438 2379 2677 2435 clrculos
2733 2392 2866 2434 suos
2913 2378 3205 2433 revertitur
3263 2379 3511 2451 spiritus.
3545 2396 3566 2430 ι

1977 2470 2336 2541 Perspicuum
2406 2471 2555 2526 enim
2609 2478 2720 2535 est,
2777 2468 3221 2541 quandocunque
3268 2469 3453 2538 aquilo
3516 2477 3572 2524 et

1980 2574 2148 2619 notus
2175 2563 2488 2634 spiraverit,
2541 2562 2733 2617 eodem
2779 2575 2977 2615 rursus
3010 2575 3106 2630 per
3160 2559 3432 2615 circulum
3484 2575 3571 2615 re-

1977 2655 2115 2724 dire,
2148 2656 2202 2710 in
2242 2670 2367 2710 eum
2394 2654 2606 2710 scilicet
2631 2654 2813 2709 locum
2834 2651 2978 2708 unde
3001 2662 3183 2707 ortum
3210 2650 3403 2717 habuit
3430 2651 3567 2722 (42).

1975 2747 2045 2802 At
2076 2762 2239 2817 quam
2277 2746 2365 2801 ille
2408 2746 2569 2801 nobis
2620 2746 2912 2801 utilitatem
2950 2743 3079 2798 hinc
3110 2744 3305 2798 aﬁerre
3347 2744 3573 2799 studet?

1978 2852 2174 2907 nempe
2223 2837 2413 2893 multis
2464 2838 2554 2892 ille
2602 2846 2657 2891 et
2699 2838 2874 2891 variis
2926 2837 3261 2907 persuadere
3300 2840 3571 2908 exemplis

1976 2932 2094 2986 vult
2146 2946 2364 2993 eorum,
2426 2946 2550 2998 qua:
2610 2930 2754 2984 inter
2812 2929 3065 2985 homines
3110 2941 3375 3001 geruntur
3407 2941 3574 3003 atque

1977 3023 2458 3087 administrantur,
2504 3022 2643 3077 nihil
2688 3037 2811 3078 esse
2862 3022 3102 3089 ﬁrmum,
3153 3023 3291 3078 nihil
3339 3025 3569 3081 stabile:

1978 3117 2110 3185 quin
2145 3130 2208 3169 ea
2239 3114 2375 3184 ipsa,
2400 3128 2525 3184 quae
2559 3112 2876 3167 lirmitatem
2902 3125 2955 3168 et
2984 3112 3339 3169 stabilitatem
3366 3115 3575 3172 habent

1984 3208 2373 3273 immortalem,
2405 3207 2547 3261 intra
2587 3205 2938 3276 praescriptos
2984 3205 3124 3261 ﬁnes
3155 3206 3230 3261 ita
3261 3216 3409 3263 stare
3450 3224 3576 3279 per-

1982 3308 2144 3369 petuo
2173 3307 2337 3366 atque
2363 3297 2686 3361 consistere,
2719 3304 2779 3351 ut
2807 3305 2860 3350 et
2907 3295 3089 3350 locum
3128 3305 3306 3352 tamen
3337 3307 3571 3365 mutent,

1981 3400 2035 3446 et
2057 3390 2244 3444 orbem
2272 3405 2431 3444 suum
2483 3388 2698 3444 vicibus
2728 3396 3010 3458 peragant,
3043 3388 3298 3444 deﬁnitos
3326 3388 3576 3461 profecto

1981 3485 2185 3540 limites
2213 3485 2511 3549 servantia,
2546 3493 2600 3538 et
2649 3486 2964 3541 Conditoris
3001 3502 3097 3556 per
3152 3502 3315 3557 quem
3349 3502 3577 3543 conser-

1982 3585 2182 3630 vantur
2213 3590 2278 3629 ac
2309 3575 2509 3644 vigent,
2547 3573 2757 3645 legibus
2810 3576 3207 3645 obsequentia:
3241 3577 3443 3647 quibus
3475 3593 3577 3633 nos

1983 3667 2382 3722 animadversis
2430 3668 2512 3721 sic
2557 3667 2794 3721 reditum
2847 3667 2999 3721 illum
3053 3684 3455 3739 recursumque
3501 3671 3573 3725 ad

1985 3759 2125 3813 idem
2159 3758 2526 3827 generationis
2554 3769 2754 3813 nosti-te
2786 3767 3047 3828 punctum
3093 3775 3313 3831 semper
3342 3772 3579 3830 praesto-

1986 3849 2184 3912 lemur,
2218 3858 2276 3903 ut
2304 3851 2370 3903 ad
2404 3847 2831 3903 inanimatorum
2866 3864 3115 3903 normam
3154 3860 3367 3906 natura:
3394 3852 3580 3908 termi-

1987 3942 2074 3996 nis
2109 3950 2162 3995 et
2201 3941 2516 3996 Conditoris
2567 3940 2902 4009 praescriptis
2946 3941 3193 3995 studiose
3239 3942 3578 4010 insistentes,

1988 4033 2044 4088 in
2081 4033 2354 4087 deteriora
2391 4031 2529 4101 lapsi
2574 4046 2643 4084 ne
2699 4030 3004 4096 videamur,
3056 4032 3318 4103 abrogata
3372 4035 3583 4091 scilicet

1987 4124 2309 4194 violataque
2342 4122 2599 4177 Auctoris
2636 4122 2811 4176 nostri
2843 4122 3145 4189 voluntate,
3184 4141 3201 4174 ι
3240 4122 3343 4191 Qui
3376 4125 3582 4195 produ-
3620 4106 3633 4117 ἠ

1989 4220 2064 4274 cit
2111 4217 2179 4272 de
2223 4216 2497 4271 thesauris
2554 4214 2669 4269 suis
2714 4221 2768 4268 et
2813 4223 3006 4269 ventos
3047 4215 3181 4285 (45),
3215 4233 3234 4268 ι
3273 4216 3379 4287 23
3419 4226 3584 4287 atque

1990 4325 2086 4381 per
2131 4307 2398 4363 circulum
2431 4322 2627 4362 rursus
2675 4306 2856 4360 redire
2888 4306 3138 4377 singulos
3167 4307 3323 4362 docet
3360 4310 3414 4362 in
3449 4324 3580 4379 pro-

1990 4403 2172 4474 prium
2215 4401 2396 4456 locum
2422 4416 2437 4465 ;
2468 4400 2723 4469 idemque
2758 4399 3011 4454 homines
3042 4399 3097 4453 in
3148 4401 3432 4469 praesentis
3461 4402 3584 4458 vita:

1995 4496 2233 4551 stadium
2288 4493 2500 4547 inducit
2543 4506 2609 4547 ac
2640 4491 2828 4555 mittit,
2862 4501 3030 4563 atque
3079 4492 3281 4547 iterum
3331 4494 3581 4561 eductos,

311 4583 527 4636 στάδιον
557 4579 771 4646 εἰσάγει
800 4578 893 4630 καὶ
928 4575 1109 4645 τίθησι
1134 4590 1151 4607 ο
1181 4573 1278 4626 καὶ
1319 4572 1482 4625 πάλιν
1508 4570 1696 4638 ἐξάγει
1752 4569 1882 4641 μετὰ

1998 4588 2187 4658 elapso
2219 4587 2363 4656 quod
2394 4587 2593 4654 cuique
2632 4584 2880 4640 deﬁnivit
2941 4587 3067 4641 vita:
3095 4585 3294 4656 spatio,
3326 4586 3394 4641 ad
3433 4602 3587 4642 eam-

307 4675 408 4746 τὴν
430 4672 858 4743 ἀποπεράτωσιν
883 4668 983 4738 τῆς
994 4664 1307 4737 ὁρισθείσης
1328 4660 1888 4734 ἐκάστῳδιαϐιώσεως

309 4768 407 4821 καὶ
439 4765 574 4838 πρὸς
601 4764 700 4834 τὴν
728 4759 898 4832 αὐτὴν
926 4758 1142 4827 τιθηνὸν
1190 4755 1531 4827 ἐπιστρέφει.

382 4858 537 4929 Τάχα
563 4856 620 4910 δέ
652 4872 775 4909 τινα
800 4855 896 4906 καὶ
923 4853 1341 4923 μυστικωτέραν
1386 4847 1620 4918 θεωρίαν
1680 4847 1740 4899 ὲν
1768 4848 1894 4901 τού-

309 4969 426 5015 τοις
497 4950 631 5021 ἡμῖν
690 4943 1082 5018 προϐάλλεται,
1140 4940 1282 4994 πάνυ
1328 4936 1692 4991 συντελοῦσαν
1754 4937 1895 5009 πρὸς

389 5109 502 5180 (ιε)
540 5108 672 5163 Mira
709 5108 830 5180 haec
856 5106 1104 5180 omnino,
1131 5119 1253 5174 quae
1279 5103 1346 5159 de
1367 5100 1647 5180 Aquilone
1675 5106 1730 5153 et
1756 5096 1897 5180 Noto

315 5172 631 5239 traduntur,
662 5193 760 5232 nec
783 5177 1027 5247 physicis
1058 5172 1185 5229 nota
1211 5174 1446 5247 nostris:
1484 5172 1577 5240 qui
1611 5178 1818 5230 tamen,
1839 5172 1897 5247 ,εἰ

317 5236 386 5308 de
438 5236 736 5304 subsolano
784 5236 1113 5308 dicerentur,
1155 5246 1335 5299 minus
1395 5236 1783 5311 repugnarent.
1838 5236 1890 5294 ls

318 5321 466 5378 enim
522 5327 714 5372 ventus
747 5317 803 5370 in
848 5316 1065 5369 Oceano
1096 5313 1475 5383 navigantibus
1522 5311 1654 5367 solis
1672 5310 1896 5383 plagam

321 5402 507 5446 tenere
561 5388 794 5450 videtur,
850 5396 1011 5454 atque
1046 5386 1179 5439 adeo
1206 5380 1472 5439 circulum
1489 5384 1590 5454 _sic
1633 5380 1805 5454 obire,
1836 5388 1901 5433 ut

320 5470 610 5533 postquam
662 5471 787 5533 cum
835 5450 950 5509 sole
996 5455 1053 5533 in_
1105 5456 1457 5533 occidentem
1481 5451 1711 5515 ﬂaverit,
1756 5450 1897 5533 idem

320 5519 914 5600 quodammodo_cn_m
938 5593 950 5600 _
977 5525 1090 5578 sole
1146 5539 1361 5600 rursum
1412 5526 1478 5574 ah
1498 5592 1510 5600 _
1533 5533 1671 5600 ortu
1707 5519 1897 5599 spiret.

322 5589 590 5657 Ceterum
623 5612 687 5651 ea
746 5593 1089 5649 Ecclesiastes
1116 5595 1280 5647 verba
1328 5593 1395 5646 de
1432 5592 1624 5659 spiritu
1661 5589 1901 5659 hominis

322 5672 603 5757 stsenus
620 5666 941 5757 accepitiait
953 5664 1092 5718 enim
1104 5682 1116 5716 :
1130 5663 1336 5748 Ιςυκλοῖ
1350 5658 1478 5741 γὰρ,
1493 5662 1647 5757 φησὶ.
1658 5658 1899 5757 κυκλῶν

325 5730 469 5796 οῦτω
484 5739 663 5793 τοίνυν
690 5730 783 5790 καλ
810 5737 870 5789 τὸ
886 5737 976 5786 σὺν
1007 5733 1295 5803 πορεύεται
1319 5730 1681 5803 πνεῦμαίάπὸ
1702 5730 1903 5803 μέρους

325 5812 471 5864 ἆπαν
502 5807 783 5878 ὀνομάζων
807 5806 868 5858 τὸ
882 5798 1218 5878 ἀνθρῴπινον
1236 5798 1480 5872 πνεῦμαλ
1496 5804 1595 5878 τὴν
1618 5798 1902 5878 ἐγκύκλιον

326 5882 531 5950 ταύτην
592 5869 698 5951 τὴν
738 5877 826 5931 διὰ
869 5869 997 5929 τῶν
1032 5872 1233 5944 ὁμοίων
1284 5869 1625 5943 περιτρέχων
1683 5869 1858 5942 φοράν
1886 5884 1897 5896 ·

1998 4680 2121 4736 dem
2151 4678 2420 4733 nutricem
2453 4685 2691 4732 revocat.

2072 4832 2329 4889 Fortasse
2360 4843 2492 4885 vero
2521 4837 2577 4883 et
2621 4828 2786 4883 aliam
2834 4830 2888 4882 in
2940 4828 3028 4883 his
3074 4829 3250 4899 magis
3300 4830 3583 4899 mysticam

2000 4927 2342 4985 notationem
2383 4925 2543 4980 nobis
2577 4923 2648 4979 ob
2682 4922 2873 4978 oculos
2901 4923 3092 4993 ponit:
3133 4937 3255 4992 quae
3286 4923 3583 4991 plurimum

2001 5086 2302 5158 Πορεύεται
2330 5084 2441 5158 γὰρ
2466 5124 2482 5149 ,
2524 5083 2686 5158 φησὶ,
2722 5081 2785 5158 τί)
2823 5080 3044 5158 πνεῦμα
3067 5122 3081 5145 ,
3114 5080 3207 5158 κα]
3233 5078 3325 5131 ἐπὶ
3353 5076 3586 5158 κύκλους

2004 5101 2302 5158 Πορευεται
2330 5101 2441 5207 γαὲ
2466 5124 2482 5149 ,
2524 5101 2686 5205 (plot,
2722 5101 2785 5134 το
2823 5101 3044 5151 πνεῦμα.
3067 5122 3081 5145 ,
3114 5101 3207 5132 και
3233 5101 3325 5131 επι
3353 5101 3585 5159 κύκλους

2004 5156 2175 5237 αὑτοῦ
2198 5159 2398 5237 ὲπισξρ
2432 5172 2581 5237 φειτ
2642 5151 2879 5237 πνεῦμαΤ
2922 5152 2979 5237 Id
3009 5161 3092 5230 est
3118 5168 3130 5203 :
3160 5149 3350 5237 Guy-rat,
3374 5153 3585 5237 iriiiquit,

2004 5233 2059 5285 in
2095 5228 2291 5283 orbem.
2316 5220 2406 5281 Sic
2442 5220 2607 5294 igitur
2638 5231 2759 5275 tuus
2782 5220 2985 5294 quoque
3012 5220 3308 5294 ingreditur
3340 5220 3586 5294 spiritus,

2006 5319 2039 5354 a
2072 5308 2223 5369 parte
2269 5306 2437 5349 totum
2464 5290 2762 5369 imminutis
2790 5292 3037 5358 spiritum
3080 5291 3329 5369 utimini},
3368 5290 3589 5369 linire-in

2006 5359 2181 5425 orbem
2215 5377 2414 5420 motum
2457 5382 2549 5434 per
2574 5362 2773 5417 similia
2804 5377 3077 5434 peragens.
3116 5359 3295 5434 Pergit
3331 5362 3487 5434 enini,
3512 5362 3591 5434 in-

2008 5442 2142 5507 quit,
2179 5439 2424 5507 spiritus,
2457 5430 2514 5507 '_e_t
2547 5435 2614 5486 ad
2650 5430 2876 5507 circulos
2923 5430 3589 5507 suosnrcrerti-Iurztlbul.2

2009 5501 2175 5565 Recte
2207 5501 2401 5561 "autem
2457 5505 2731 5576 Nyssenus
2788 5501 3114 5576 prima_ilia
3173 5502 3332 5576 verba
3387 5501 3591 5553 Κυκλοί

2009 5577 2226 5634 κυκλῶν
2258 5578 2323 5630 ad
2361 5570 2529 5631 solem
2565 5573 2768 5635 refert;
2802 5587 2927 5624 nam
2960 5570 3003 5623 si
3052 5574 3116 5624 nil
3172 5571 3393 5639 Πνεῦμα
3427 5576 3593 5639 perti-

2011 5657 2220 5708 nerent,
2249 5645 2597 5701 scribendum
2630 5651 2775 5697 esset
2808 5643 3013 5694 Κυκλοί
3049 5642 3306 5694 κυκλοῦν.

2083 5720 2195 5790 (45)
2228 5716 2373 5790 Psal.
2408 5731 2605 5790 cxrxv,
2744 5713 2813 5765 At
2844 5712 3189 5790 sententiam
3246 5712 3387 5790 apud
3449 5710 3592 5790 LXX

2012 5780 2148 5845 aSic
2179 5780 2446 5841 redditam
2484 5787 2761 5842 invenies:
2844 5780 2900 5835 ὐ
2967 5780 3176 5849 ἐξάγων
3243 5783 3477 5851 ἀνέμους
3531 5784 3594 5833 ἐκ

2013 5857 2304 5934 θησαυρῶν
2330 5856 2517 5910 αὑτοῦ.
