4172 6524
608 445 719 509 ’175
1688 426 1752 488 S.
1787 418 2169 484 GREGORII
2220 410 2732 478 AGRIGENTINI
3768 399 3864 464 7’15

609 561 679 616 ad
710 552 1154 613 emendationem
1200 543 1812 611 conformationemque
1855 539 2002 603 vitae,
2032 546 2197 607 atque
2227 543 2254 598 Α

2358 533 2590 607 ὄρθωσιν
2617 531 2719 601 τῆς
2751 527 2901 597 ζωῆς
2931 522 3089 596 ἡμῶν
3116 523 3215 577 καὶ
3249 520 3537 592 βελτίωσιν
3569 519 3663 573 καὶ
3720 519 3867 590 dtexu-

612 654 679 708 ad
715 641 1029 706 animorum
1063 651 1380 699 nostrorum
1416 637 1650 693 salutem
1684 632 1936 689 conferre
1985 629 2199 701 possit:

2358 642 2407 696 ἰν
2435 621 2730 694 σωτηρίαν.
2764 615 3068 687 Μονονουχλ⁸
3096 616 3207 686 γάρ
3224 630 3388 683 φησιν
3409 628 3423 642 ·
3462 613 3526 665 El
3580 616 3868 675 κατανοεῖς,

612 744 759 799 velut
810 702 885 797 si
914 738 1125 795 diceret
1175 752 1190 789 :
1223 733 1364 789 Cum
1395 726 1825 790 animadvertas,
1862 737 1897 778 ο
1920 721 2203 783 mortalis,

2358 718 2584 788 ιθρωπε,
2619 711 2897 773 κυκλικῶς
2921 706 3373 770 ἀνακαινίζεσθαι
3405 706 3500 757 καὶ
3538 702 3874 758 συνίστασθαι

614 846 962 908 quacunque
1000 830 1055 885 in
1086 827 1226 884 caelo
1260 832 1391 881 sunt
1419 830 1586 891 atque
1613 819 1667 874 in
1700 818 1883 883 terris,
1916 814 2104 871 omnia
2131 813 2206 867 ita

2358 812 2375 865 ι
2404 810 2528 864 κατ’
2557 806 2791 879 οὐρανὸν
2829 806 2927 859 καὶ
2952 804 3052 875 τὴν
3085 804 3213 874 γῆν,
3242 802 3337 856 καὶ
3366 799 3458 854 διά
3484 800 3586 868 τῆς
3634 799 3874 869 ἐπιστροο

615 890 759 993 ess'e,
796 890 1319 980 ut-circumaetione
1348 910 1666 970 renovanda
1698 910 1830 974 sint,
1857 914 1914 964 et
1940 919 2206 962 conversa

2358 905 2431 974 ἦς’
2453 899 2595 971 πρὸς
2626 899 2727 969 τὴν
2765 896 2993 967 ἐποχὴν,
3054 896 3121 967 ἢν
3166 893 3360 965 τρίτην
3419 891 3469 945 οί
3514 890 3876 960 μαθηματικοί

618 1019 687 1075 ad
738 983 1012 1087 epochen,
1067 1026 1235 1082 quam
1290 1002 1671 1063 mathematici
1734 1000 1848 1073 (44)
1906 999 2207 1054 motionem

2358 1010 2446 1049 ασι
2480 990 2801 1064 περιοδικὴν
2831 983 2973 1042 εἶναι
3002 987 3239 1058 κίνησιν,
3270 984 3617 1040 ἀλλοιοῦσθαι
3648 984 3781 1054 πρὸς
3826 984 3881 1037 τὸ

620 1108 955 1182 periodicam
1006 1103 1223 1159 tertiam
1256 1115 1382 1156 esse
1417 1098 1628 1161 dicunt,
1658 1095 1715 1149 in
1763 1093 1961 1148 melius
2006 1089 2210 1144 immu-

2358 1086 2525 1139 έλτιον
2548 1100 2564 1116 ⁸
2613 1081 2940 1151 ἀλλοιώθητι
2983 1080 3078 1134 καὶ
3128 1080 3194 1133 σὺ
3238 1078 3341 1148 τῆς
3365 1076 3462 1131 ἐπὶ
3494 1077 3563 1129 τά
3590 1075 3764 1146 χείρω
3788 1093 3881 1128 παι

622 1214 837 1265 tentur;
887 1201 1181 1255 immutare
1230 1204 1289 1249 tu
1332 1207 1571 1263 quoque,
1617 1188 1887 1244 deteriora
1940 1194 2212 1241 converso

2358 1177 2601 1247 ατροπῆς
2632 1174 2730 1228 καὶ
2764 1173 3059 1243 κινήσεως,
3111 1170 3208 1224 καὶ
3234 1170 3334 1240 τὴν
3364 1168 3500 1222 ἰδίαν
3523 1168 3673 1238 ζωὴν
3692 1167 3776 1220 διὰ
3791 1167 3885 1238 τῆς

625 1310 790 1351 cursu
846 1297 1160 1353 aversatus,
1224 1285 1457 1353 vitaeque
1507 1280 1778 1336 rationem
1832 1273 2212 1348 praestantiora

2358 1268 2655 1340 πιστροφῆς
2688 1269 2790 1337 τῆς
2828 1266 2924 1318 ἐπὶ
2952 1264 3023 1318 τὰ
3062 1263 3301 1335 κρείττω
3354 1261 3517 1315 πάλιν
3550 1260 3887 1314 ἀνακαίνισον

627 1382 889 1441 sectando
916 1382 1116 1435 innova
1144 1396 1158 1433 :
1195 1374 1426 1447 utquasi
1459 1374 1647 1428 orbem
1683 1371 1931 1439 relegens
1966 1367 2035 1422 ad
2068 1364 2216 1419 Con-

2358 1362 2414 1417 αἱ
2446 1360 2652 1432 τρόπον
2672 1359 2794 1413 τινὰ
2823 1357 3105 1421 κυκλικῶς
3131 1354 3461 1425 ἀνάκαμψον
3487 1353 3628 1425 πρὸς
3658 1352 3749 1406 τὸν
3771 1353 3887 1406 ῐδιον

628 1479 864 1533 ditorem
903 1483 962 1529 et
1003 1470 1299 1525 Dominum
1326 1476 1476 1521 tuum
1515 1473 1826 1526 revertare;
1859 1459 2218 1532 quemadmo-

2358 1452 2569 1523 ῐοιητὴν
2593 1451 2691 1506 καὶ
2719 1449 3024 1520 Δεσπότηνο
3059 1446 3247 1510 καθὼς
3272 1447 3301 1498 ὁ
3326 1446 3481 1517 ἥλιος
3511 1444 3648 1514 πρὸς
3674 1443 3767 1495 τὸν
3788 1443 3889 1510 ὁρί-

629 1572 759 1625 dum
787 1567 868 1623 sol
904 1566 971 1620 ad
1019 1562 1389 1624 horizontem,
1421 1568 1565 1612 terra
1593 1556 1660 1609 ad
1700 1554 1894 1618 vitam,
1927 1549 2075 1605 venti
2112 1546 2216 1618 ipsi

2358 1563 2504 1611 οντα,
2538 1544 2637 1598 καὶ
2666 1545 2699 1614 ἡ
2732 1545 2803 1613 γῆ
2841 1542 2978 1613 πρὸς
3010 1539 3112 1611 τὴν
3143 1538 3465 1602 ἀναϐίωσιν,
3500 1536 3597 1590 καὶ
3626 1534 3738 1587 τῶν
3776 1536 3891 1588 ἀνέ-

629 1664 697 1718 ad
745 1659 1065 1731 praescripta
1121 1654 1225 1709 sibi
1271 1652 1537 1707 divinitus
1562 1649 1682 1702 loca
1715 1645 1967 1701 redeunt.
1996 1641 2073 1696 Ita
2106 1641 2217 1704 liet,

635 1768 696 1811 ut
741 1755 969 1825 pulchre
1020 1748 1313 1804 admodum
1360 1753 1661 1799 renovatus
1712 1738 2110 1811 perennitatem
2156 1748 2221 1788 ac

634 1841 1054 1900 consistentiam
1083 1835 1454 1892 immortalem
1484 1831 1743 1902 praeclara
1787 1827 1930 1897 apud
1966 1834 2220 1896 posteros

635 1934 904 1989 memoria
936 1930 1167 1997 adeptus
1207 1926 1445 1980 videare.
1478 1923 1600 1978 Jam
1649 1935 1777 1976 vero
1807 1920 1925 1973 haec
1971 1915 2221 1987 protinus
2252 1896 2294 1950 Β

637 2026 932 2090 subuenit,
964 2034 1128 2092 atque
1151 2020 1228 2074 ait
1254 2037 1267 2073 :

2326 1655 2446 1709 μων
2490 1637 2727 1699 ἕκαστος
2756 1635 2896 1705 πρὸς
2930 1635 3059 1696 τοὺς
3092 1631 3499 1700 ἀφορισμένους
3529 1628 3681 1699 αὐτῷ
3708 1628 3893 1691 τόπους

2322 1731 2525 1786 θεόθεν.
2546 1728 2703 1783 Οὕτω
2722 1728 2833 1799 γὰρ
2848 1728 2914 1781 ἂν
2929 1726 3028 1797 τὴν
3046 1725 3217 1795 καλὴν
3232 1723 3520 1777 ἀλλοίωσιν
3530 1719 3742 1775 ἀλλοιού
3751 1738 3895 1790 μενος

2328 1822 2604 1894 εὑρεθήσῃ
2640 1822 2734 1875 καὶ
2776 1823 2878 1891 τὴν
2901 1818 3169 1887 διαμονὴν
3218 1817 3317 1869 καὶ
3344 1816 3443 1886 τὴν
3482 1814 3745 1868 σύστασιν
3770 1814 3897 1881 ἀκή-

2324 1932 2490 1984 ρατον
2522 1914 2809 1983 φυλάττων
2840 1912 2929 1966 διὰ
2978 1913 3079 1981 τῆς
3132 1910 3347 1981 ἀγαθῆς
3413 1909 3655 1980 μνήμης.
3700 1905 3905 1977 ’Δμέλει

2330 2006 2511 2060 τοίνυν
2540 2006 2763 2076 ἀμέσως
2793 2006 3068 2076 ἐπήγαγε,
3093 2004 3187 2057 καί
3210 2016 3368 2073 φησί’

2179 2120 2207 2191 §
2242 2118 2378 2177 vm.

698 2254 866 2308 Vens.
910 2252 960 2305 7.
997 2249 1108 2321 24
1157 2248 1349 2303 Omnes
1393 2251 1649 2298 torrentes
1674 2240 1867 2296 vadunt
1899 2239 1954 2293 in
1994 2252 2161 2303 mare,
2184 2243 2233 2287 et

638 2364 783 2402 mare
806 2363 906 2399 non
928 2345 1026 2397 erit
1054 2340 1325 2411 impletum
1350 2339 1487 2409 (45).

2412 2239 2643 2306 Πάντες
2676 2241 2729 2293 οἱ
2762 2238 3069 2307 χείμαρῤοι
3118 2236 3474 2304 πορεύονται
3509 2235 3597 2300 εἷς
3634 2232 3751 2301 τὴν
3819 2229 3908 2286 θά-

2338 2335 2609 2398 λασσαν,
2649 2331 2748 2386 καί
2802 2333 2841 2401 ὴ
2896 2329 3180 2386 θάλασσα
3238 2330 3350 2383 οὐκ
3407 2329 3579 2382 ἕσται
3628 2327 3913 2395 ἐμπιπλα-

2333 2426 2510 2497 μένη.

714 2521 1128 2583 Animadverte,
1186 2515 1505 2586 quicunque
1551 2512 1655 2568 ista
1703 2525 1901 2575 curas,
1954 2503 2232 2577 quomodo

2412 2520 2738 2589 Παρατηρεί
2769 2519 2879 2581 πᾶς
2922 2520 2951 2572 ὁ
2984 2516 3332 2587 βουλόμενος,
3371 2514 3489 2576 πῶς
3537 2513 3651 2567 τῶν
3691 2510 3914 2581 κτισμά-

646 2615 1005 2672 ineluctabile
1059 2627 1240 2665 rerum
1282 2607 1630 2664 conditarum
1681 2603 2007 2672 obsequium
2069 2608 2236 2667 atque

2358 2628 2450 2663 των
2495 2610 2595 2681 τὴν
2627 2610 3009 2680 ἀπαραίτητον
3044 2608 3330 2678 ὑποταγὴν
3360 2606 3456 2661 καὶ
3493 2607 3592 2675 τὴν
3646 2606 3917 2659 ἄπαυστον

648 2706 1005 2777 irrequietqu
1036 2700 1350 2758 Conditoris
1381 2698 1707 2765 Dominique
1737 2695 1823 2749 sui
1858 2706 2025 2749 causa
2055 2691 2236 2744 lamu-

2358 2703 2569 2773 )ητείαν
2616 2702 2755 2774 πρὸς
2787 2702 2882 2755 τὸν
2923 2702 3056 2755 ἰδιον
3104 2700 3344 2771 Ποιητὴν
3381 2701 3473 2753 καὶ
3514 2697 3801 2767 Δεσπότην
3844 2696 3918 2750 δι·

649 2803 816 2855 latum
864 2798 1081 2867 sapiens
1130 2793 1493 2848 Ecclesiastes
1525 2789 1879 2861 perstringat.
1921 2784 2056 2839 Nam
2109 2796 2236 2836 cum

2358 2796 2546 2861 ἔξεισιν
2579 2797 2607 2849 ὁ
2630 2796 2794 2864 σοφὸς
2835 2794 3276 2865 Ἐκκλησιαστής
3300 2809 3314 2825 ⁸
3377 2793 3588 2855 πάντας
3627 2790 3742 2861 γάρ
3798 2805 3921 2858 φησι

649 2909 843 2948 omnes
870 2899 1139 2946 torrentes
1180 2903 1331 2941 mare
1363 2885 1573 2956 ingredi
1606 2882 1759 2949 dicit,
1796 2882 1900 2935 hoc
1938 2893 2067 2933 vero
2099 2893 2241 2930 nuu-

2358 2887 2472 2948 τοὺς
2501 2886 2841 2956 χειμάρρους
2884 2885 2965 2947 εἰς
2999 2884 3099 2955 τὴν
3164 2884 3444 2938 θάλασσαν
3479 2878 3922 2951 εἰσπορεύεσθαι,

652 3002 814 3056 quam
872 2983 1198 3044 redundare,
1229 2978 1492 3049 quidnam
1531 2975 1658 3030 inde
1710 2974 2083 3035 demonstrat,
2137 2967 2241 3022 nisi

2358 2980 2444 3033 καὶ
2472 2979 2683 3050 ταύτην
2713 2978 3095 3049 ἐμπίπλασθαι
3129 2976 3419 3049 μηδαμῶς,
3446 2975 3500 3028 τί
3532 2971 3927 3046 παρεμφαίνων

652 3076 963 3149 prodigium
989 3072 1236 3145 profecto
1267 3070 1527 3141 opinione
1552 3066 1701 3123 omni
1734 3075 1899 3135 atque
1922 3063 2025 3117 [ide
2044 3060 2244 3129 majus,

2358 3072 2643 3139 ἑντεῦθεν;
2695 3071 2998 3142 παράδοξον
3050 3070 3130 3141 τῷ
3175 3070 3290 3124 ὄντι
3345 3069 3439 3123 καὶ
3488 3068 3697 3139 πλῆρες
3756 3066 3929 3135 πάσης

654 3170 723 3224 de
756 3182 865 3238 quo
895 3182 1054 3221 nemo
1101 3166 1235 3220 satis
1287 3162 1519 3217 miretur
1565 3176 1631 3215 ac
1679 3152 1938 3227 stupent?
1987 3154 2044 3207 Si
2100 3152 2244 3206 enim

659 3259 995 3316 torrentibus
1029 3265 1084 3312 et
1118 3265 1197 3311 tot
1232 3254 1513 3323 tantisque
1556 3249 1880 3305 ﬂuminibus
1929 3262 2022 3317 per
2056 3257 2246 3297 omnes

657 3364 819 3410 terra:
846 3352 1053 3422 plagas,
1103 3358 1163 3403 ut
1210 3363 1371 3401 nemo
1404 3347 1640 3416 ignorat,
1683 3343 1735 3397 in
1784 3356 1932 3395 mare
1962 3338 2243 3393 conﬂuen-

660 3447 829 3511 tibus,
876 3442 1030 3497 nullo
1070 3442 1123 3496 id
1180 3447 1429 3509 tempore
1459 3445 1679 3490 auctqu
1712 3434 2094 3504 prolatumque
2143 3428 2236 3483 dc-

658 3535 1104 3612 preliendimus;
1138 3539 1435 3600 manetque
1486 3526 1660 3591 idem,
1716 3524 1929 3592 sibique
1981 3530 2243 3591 perpetuo

660 3640 826 3695 quam
888 3622 1253 3685 simillimum,
1290 3629 1352 3673 ut
1400 3631 1577 3687 neque
1625 3614 1858 3669 ulterius
1916 3614 2248 3683 porrigatur,

663 3732 842 3787 neque
870 3713 1104 3769 inferius
1130 3714 1450 3777 decrescat;
1480 3706 1754 3762 undenam
1788 3706 1893 3761 hoc
1922 3705 1999 3759 illi
2035 3703 2249 3773 obtigit,

664 3820 759 3865 aut
788 3824 951 3878 quam
1001 3807 1073 3862 ob
1122 3820 1349 3861 causam
1400 3801 1725 3857 incrementi
1762 3815 1917 3870 aeque
1966 3808 2020 3853 et
2061 3798 2253 3852 decre-

665 3902 835 3956 menti
870 3916 1065 3970 expers
1096 3899 1273 3954 visum
1308 3895 1432 3952 est?
1464 3909 1598 3951 sane
1644 3893 1817 3963 liquet
1856 3892 2063 3947 idcirco
2110 3903 2253 3953 esse,

663 3994 809 4066 quod
850 3991 1185 4064 praascriptis
1233 3998 1406 4061 paret,
1439 3998 1493 4044 et
1534 3986 1698 4041 verba
1747 3994 2025 4039 reveretur
2053 3980 2255 4035 Condi-

665 4088 801 4143 toris
835 4086 943 4151 sui,
996 4086 1092 4156 qui
1143 4085 1192 4141 ei
1219 4083 1427 4138 edixit:
1463 4100 1481 4133 ι
1528 4079 1648 4134 Huc
1685 4092 1863 4147 usque
1914 4075 2119 4138 venies,
2153 4088 2253 4127 nec

674 4180 1149 4249 transgredieris,
1218 4186 1275 4231 at
1344 4176 1399 4230 in
1463 4184 1517 4228 te
1581 4171 1995 4240 confringentur
2057 4167 2257 4221 ﬂuctus

668 4272 745 4326 tui
778 4270 908 4341 (46).
943 4287 962 4320 ο
999 4269 1250 4324 Divinum
1273 4266 1419 4322 enim
1451 4264 1721 4334 ejusmodi
1749 4269 2076 4332 prteccptum
2097 4258 2253 4329 quasi

2350 3165 2689 3236 ἐκπλήξεως.
2722 3165 2787 3217 Εἰ
2816 3163 2926 3233 γάρ
2956 3162 3066 3216 τῶν
3101 3163 3425 3234 χειμάρρων
3453 3162 3547 3215 καὶ
3598 3161 3713 3213 τῶν
3754 3158 3930 3213 τοσού·

2349 3275 2459 3312 των
2480 3257 2577 3311 καὶ
2598 3255 2939 3326 τηλικούτων
2970 3254 3234 3327 ποταμῶν
3258 3254 3365 3309 ἀνὰ
3395 3256 3575 3308 πᾶσαν
3601 3253 3704 3324 τὴν
3728 3252 3820 3305 ὑπ’
3848 3252 3933 3304 ού-

2351 3350 2512 3423 ρανδν
2542 3348 2867 3420 εἰσρεόντων
2881 3351 2937 3401 ἐν
2954 3351 3020 3420 τῇ
3047 3348 3315 3419 θαλάσσῃ,
3341 3344 3525 3409 καθὼς
3548 3344 3796 3407 ἅπαντες
3820 3344 3934 3396 ίσα-

2347 3459 2456 3509 σιν,
2475 3443 2614 3512 αὐτὴ
2630 3441 2751 3497 κατ’
2771 3441 2962 3495 οὐδένα
2979 3439 3169 3511 καιρὸν
3186 3438 3416 3509 αὔξησιν
3432 3436 3659 3508 εὓρηται
3676 3437 3771 3491 καὶ
3787 3451 3921 3507 προσ

2353 3536 2527 3606 θήκην
2555 3533 2967 3606 εἰσδεδεγμένη,
2999 3534 3151 3604 μένει
3180 3532 3238 3585 δὲ
3271 3531 3472 3603 μᾶλλον
3506 3533 3539 3603 ή
3569 3531 3711 3600 αὐτὴ
3739 3530 3834 3583 καὶ
3855 3529 3936 3594 ἴση

2356 3625 2453 3679 καὶ
2478 3624 2621 3677 κατά
2645 3624 2716 3678 τὰ
2743 3625 2882 3677 αύτά
2915 3624 3009 3677 καὶ
3027 3621 3313 3684 ὡσαύτως,
3340 3623 3476 3691 μήτε
3510 3620 3647 3691 πρὸς
3676 3620 3740 3672 τὸ
3762 3618 3936 3670 πλεῖον

2359 3718 2806 3787 παρατεινομένη
2831 3756 2847 3781 ,
2898 3718 3036 3789 μήτε
3072 3714 3209 3786 πρὸς
3237 3715 3298 3767 τὸ
3339 3714 3562 3767 ἔλαττον
3620 3712 3936 3783 μειουμένη.

2361 3809 2529 3862 πόθεν
2547 3810 2686 3879 αὐτῇ
2705 3808 2865 3861 τοῦτο
2895 3808 3179 3877 πρόσεστι,
3209 3807 3302 3859 καὶ
3330 3805 3397 3859 δι’
3430 3806 3498 3876 ἣν
3525 3804 3707 3859 αἰτίαν
3733 3801 3941 3873 ἀπαρά-

2360 3901 2550 3963 δεκτος
2600 3901 2828 3971 εὓρηται
2869 3900 2961 3952 καὶ
3015 3898 3117 3968 τῆς
3144 3899 3427 3969 αὐξήσεως
3471 3896 3690 3967 καὶτῆς
3717 3894 3940 3949 ἐλαττῶ-

2360 4010 2498 4056 σεως
2526 4010 2541 4060 ;
2572 3992 2606 4063 ἥ
2634 3992 2792 4062 δῆλον
2823 3993 2887 4044 ὲκ
2915 3991 3011 4045 τοῦ
3047 3991 3369 4063 πειθαρχεῖν
3406 3990 3501 4043 καὶ
3525 3990 3805 4058 διαμένειν
3838 3987 3940 4047 τοῖς

2359 4082 2509 4153 ὅροις
2522 4084 2616 4137 καὶ
2630 4082 2807 4149 λόγοις
2829 4084 2924 4136 τοῦ
2944 4082 3245 4146 κτίσαντος
3270 4082 3363 4135 καὶ
3385 4080 3520 4152 πρὸς
3536 4081 3707 4149 αὐτὴν
3736 4080 3943 4148 εἰρηκὸ-

2357 4191 2451 4238 τος
2477 4189 2492 4204 ·
2528 4192 2547 4224 ι
2572 4173 2750 4244 Μέχρι
2773 4173 2967 4226 τούτου
2997 4172 3224 4244 ὲλεύσῃ,
3248 4172 3347 4225 καὶ
3371 4172 3474 4225 οὐκ
3495 4171 3805 4242 ὑπερϐήση,
3835 4168 3943 4222 ἀλλ’

2360 4266 2419 4317 έν
2457 4266 2625 4337 ἑαυτῇ
2680 4265 3135 4337 συντριϐήσονταί
3185 4283 3280 4318 σου
3311 4264 3381 4317 τά
3408 4263 3653 4335 κύματα.
3692 4282 3711 4313 ι
3743 4263 3817 4315 Τὸ
3844 4260 3944 4330 γὰρ

667 4362 883 4417 frenum
911 4362 1187 4431 quoddam
1214 4356 1440 4414 inanimi
1466 4359 1735 4411 elemento
1762 4353 1866 4408 fuit
1892 4372 1905 4408 :
1930 4363 1988 4407 ut
2018 4353 2251 4406 immen-

2358 4356 2691 4427 πρόσταγμα
2728 4354 2889 4408 τοῦτο
2915 4356 2977 4408 τδ
3010 4354 3151 4409 θεῖον
3171 4350 3282 4409 οἶόν
3314 4372 3399 4419 τις
3427 4355 3642 4425 χαλινὸς
3674 4355 3864 4423 γέγονε
3882 4354 3943 4421 τῇ

668 4469 855 4509 sarum
892 4453 1117 4523 quidem
1146 4466 1415 4523 aquarum
1446 4450 1555 4504 vim
1586 4450 1790 4520 capiat,
1823 4458 2029 4519 etquas
2048 4460 2242 4517 nempe

743 4609 857 4677 (M)
890 4608 1144 4677 Epochen
1179 4605 1378 4661 Suidas
1402 4606 1694 4674 quamdam
1727 4604 2003 4660 ccelestem
2047 4618 2259 4677 memo:

669 4668 778 4743 rat,
812 4668 976 4749 quam
1007 4679 1089 4733 sic
1140 4678 1371 4749 (ἰείίηἰιι⁸
1413 4668 1642 4749 Ἐποχη
1671 4679 1817 4749 ἐστιν
1849 4676 1883 4745 ἡ
1922 4677 2106 4749 μοῖρα,
2141 4668 2257 4749 ὲνῇ

672 4745 1154 4818 καταλαμϐάνεται
1183 4748 1211 4801 ὃ
1235 4764 1295 4818 τε
1318 4746 1592 4818 ἣλιος-καὶ
1622 4748 1654 4818 ᾖ
1678 4745 1997 4818 σελήνηᾼκαὶ
2028 4745 2261 4806 ἕκαστος

669 4819 781 4873 τῶν
826 4815 1113 4889 πλανητῶν
1142 4833 1157 4847 ·
1200 4816 1253 4872 id
1285 4826 1373 4889 est
1405 4835 1418 4870 :
1464 4815 1675 4889 Epoehe
1706 4815 1832 4889 pars
1872 4815 1969 4869 illa
1990 4827 2108 4889 est,
2141 4831 2262 4886 quae

670 4901 719 4944 et
750 4891 913 4943 solem
942 4886 1001 4943 et
1027 4890 1207 4942 lunam
1246 4896 1296 4941 et
1334 4888 1571 4956 singulas
1599 4888 1858 4939 erraticas
1901 4886 2083 4940 stellas
2112 4903 2261 4940 com-

671 4960 967 5031 prehendit.
1003 4960 1073 5013 At
1098 4960 1186 5014 hic
1216 4972 1394 5013 novus
1418 4958 1721 5031 orbitarum
1758 4957 1896 5011 ordo
1923 4957 2261 5031 designatur,

671 5027 766 5102 qui
804 5040 929 5102 post
963 5038 1141 5102 certos
1196 5042 1374 5102 annos
1407 5027 1697 5102 ab_eodem
1735 5037 1962 5102 puncto
2010 5027 2259 5102 inchoari

672 5097 987 5172 putabatur.
1044 5100 1120 5172 De
1164 5099 1434 5172 soleliaec
1467 5098 1692 5172 Tatius:
1735 5098 1869 5172 ’An‘g
1917 5097 1976 5151 δὲ
2033 5098 2263 5172 σημείου

672 5168 765 5227 ἐπὶ
802 5173 1033 5242 σημεῖον
1065 5169 1504 5242 ἀποκαθίσταται
1527 5168 2264 5242 ὲνρκτωκαιδεκαετηρίδιλ..

672 5242 818 5296 κατὰ
859 5235 923 5295 ’δέ
975 5258 1127 5304 τινας
1173 5243 1233 5293 ἐν
1282 5239 1344 5304 ἓξ
1389 5241 1486 5293 καὶ
1540 5239 1913 5311 ἐβδομήκοντα
1952 5235 2164 5311 ἐτεσιν·
2198 5235 2267 5311 ἦς

670 5314 833 5382 δόξης
856 5313 972 5365 ἐστὶ
1001 5311 1096 5365 καὶ
1125 5311 1417 5382 Κάλιᾼππος
1440 5325 1454 5339 ⁸
1480 5309 1622 5382 κατά
1642 5310 1697 5363 δὲ
1722 5310 1955 5363 Μέτωνα
1984 5309 2053 5362 δι’
2082 5309 2268 5363 ἐννεα-

673 5380 1176 5454 καιδεκαετηρίδος.
1232 5380 1457 5454 Nempe,
1514 5380 1596 5434 Ad
1628 5383 1785 5454 fidem
1844 5397 1961 5434 rero
2014 5390 2267 5454 punctum

674 5452 964 5506 octodecim
994 5452 1147 5506 annis
1174 5453 1493 5506 vertentibus
1545 5452 1700 5505 redit.
1735 5490 1750 5505 .
1784 5492 1798 5505 .
1842 5462 1898 5504 ut
1938 5461 2115 5503 autem
2151 5452 2267 5521 qui-

674 5526 798 5575 dam
826 5534 1041 5592 putant.
1073 5525 1217 5576 intra
1249 5539 1445 5576 annum
1469 5524 1852 5591 sexagesimum
1885 5530 2117 5585 sextum,
2149 5536 2269 5591 qua!

675 5592 887 5661 Calippi
918 5598 1079 5646 etiam
1116 5594 1292 5660 opinio
1320 5594 1439 5662 fuit.
1473 5592 1520 5645 E
1548 5593 1771 5647 Metonis
1799 5605 1975 5646 autem
2010 5594 2268 5645 sententia

674 5665 828 5716 amris
875 5663 1245 5717 novemdecim.
1281 5662 1442 5734 (lsag.
1476 5663 1541 5717 ad
1581 5663 1765 5716 Pliten.
1805 5681 1859 5719 n.
1907 5663 2019 5733 19.)
2063 5662 2267 5734 Horum

675 5748 944 5787 annorum
986 5734 1225 5802 Spatium
1258 5732 1466 5787 veteres
1497 5736 1709 5786 Annum
1742 5750 1991 5801 magnum
2026 5732 2269 5802 appella-

677 5803 829 5864 bant,
863 5813 923 5857 ut
950 5803 1134 5856 videre
1166 5804 1290 5857 licet
1319 5807 1462 5871 apud
1498 5803 1863 5857 Censorinum
1900 5803 2000 5872 (De
2034 5805 2120 5856 die
2144 5814 2255 5857 nat.

674 5889 797 5946 cap.
831 5872 907 5945 6),
934 5873 1029 5945 qui
1064 5874 1181 5929 lucc
1241 5888 1480 5943 quoque,
1520 5874 1765 5944 apposite
1798 5874 1864 5927 ad
1923 5890 2037 5929 rem
2068 5875 2257 5938 istam,

2354 4446 2570 4519 ἀψύχῳ,
2601 4446 2922 4517 καὶγίνεται
2952 4446 3050 4516 μὲν
3066 4448 3350 4519 χωρητικὴ
3362 4448 3470 4501 τῶν
3490 4447 3715 4515 ἀφάτων
3746 4446 3949 4500 ὑδάτων

2360 4602 2563 4675 refert:
2616 4622 2635 4656 ι
2685 4604 2785 4661 Est
2852 4614 3110 4673 praeterea
3156 4621 3356 4669 annus,
3407 4621 3569 4675 quem
3630 4606 3947 4661 Aristoteles

2362 4674 2667 4747 Maximum
2708 4677 2911 4747 potius,
2961 4693 3125 4745 quam
3174 4674 3437 4744 Magnum
3471 4678 3749 4746 appellat:
3790 4695 3945 4746 quem

2362 4745 2496 4816 solis
2529 4754 2584 4800 et
2632 4745 2776 4802 luna:
2805 4761 3176 4816 vagarumque
3206 4747 3445 4816 quinque
3476 4749 3760 4802 stellarum
3794 4745 3948 4803 Orbes

2364 4815 2688 4881 coniiciunt,
2728 4815 2968 4873 cum’ad
3023 4818 3165 4872 idem
3222 4816 3464 4885 signum.
3526 4820 3616 4873 ubi
3668 4821 3941 4885 quondam

2365 4886 2525 4959 sim‘ul
2558 4886 2804 4955 fuerunt,
2853 4903 2959 4959 una
3005 4887 3344 4959 referuntur.
3383 4906 3402 4939 ι
3440 4887 3586 4953 Haec,
3621 4890 3839 4959 Opinor,
3872 4898 3949 4942 est

2363 4955 2695 5037 etCregorii
2725 4958 2901 5037 nostri
2931 4966 2985 5012 et
3014 4956 3203 5037 Suidae
3235 4957 3476 5037 Epocbe,
3508 4955 3828 5037 quanquam
3866 4959 3947 5012 hic

2366 5027 2552 5107 minus
2579 5040 2836 5107 accurate
2869 5027 3353 5107 locutus_.videtur.
3388 5027 3566 5099 Pergit
3592 5027 3722 5083 vero
3747 5031 3946 5107 Censo-

2366 5098 2553 5171 rinus:
2586 5118 2605 5151 ι
2642 5099 2815 5171 Cujus
2862 5100 2993 5171 anni
3046 5100 3221 5154 hiems
3280 5098 3509 5154 summa
3545 5111 3629 5156 est
3676 5098 3947 5154 κατακλυ-

2370 5167 2529 5241 σμός,
2560 5167 2739 5241 quani
2757 5172 2928 5226 nostri
2967 5169 3297 5225 Diluvionem
3324 5180 3734 5228 vocant::estas
3772 5180 3946 5241 autem

2366 5240 2681 5310 ἐκπύρωσις
2705 5283 2720 5307 ,
2768 5240 2916 5310 quod
2942 5250 3027 5296 est
3054 5243 3237 5295 mandi
3268 5243 3589 5296 incendium.
3623 5242 3756 5297 Nam
3786 5245 3838 5295 in
3870 5240 3947 5292 liis

2369 5308 2593 5364 alternis
2619 5308 2959 5382 temporibus
2990 5316 3234 5365 mundus
3266 5323 3383 5366 tum
3430 5316 3801 5379 exignescere,
3837 5322 3944 5363 tum

2367 5393 2735 5457 cxaquescere
2791 5383 3027 5457 videtur.
3067 5402 3085 5434 ι
3119 5384 3298 5457 Habes
3346 5383 3435 5437 hic
3472 5386 3749 5457 inotiones
3798 5383 3946 5457 binas

2370 5453 2718 5519 periodicas;
2766 5454 2924 5506 tertia
2970 5463 3150 5507 autem
3200 5455 3305 5509 erit
3356 5456 3481 5508 anni
3534 5455 3681 5510 illius
3729 5449 3946 5508 maximi

2371 5534 2483 5581 ver,
2514 5538 2625 5590 quo
2657 5523 2865 5578 scilicet
2895 5527 3079 5577 omnia
3111 5525 3163 5577 in
3198 5526 3391 5579 melius
3426 5526 3805 5579 immutentur.

2444 5591 2556 5660 (45)
2585 5594 2742 5666 Apud
2790 5593 2930 5647 LXX
2964 5595 3129 5664 leges,
3157 5598 3255 5649 καὶ
3297 5599 3330 5666 ή
3384 5596 3630 5651 θάλασσα
3660 5599 3757 5648 οὐκ
3806 5593 3947 5646 ἐστιν

2371 5660 2829 5736 ἐμπιμπλαμένη.

2442 5731 2555 5803 (46)
2603 5731 2707 5789 Job
2748 5731 2953 5789 simul
2983 5777 2996 5798 ,
3039 5737 3125 5801 ll,
3176 5738 3266 5793 sed
3311 5749 3582 5807 postrema
3623 5739 3760 5805 apud
3810 5731 3943 5807 LXX
4024 5732 4042 5758 ⁹

2374 5800 2445 5884 ita
2502 5800 2560 5858 se
2630 5807 2851 5865 habent,
2902 5810 2963 5859 ὲν
3006 5812 3203 5879 σεαυτῇ
3263 5800 3679 5882 σύντριϐήσεταῖ
3740 5825 3835 5861 σου
3884 5803 3948 5858 τὰ

2371 5889 2613 5943 κυματα,
