4172 6530
297 417 403 481 ἿΠ

1386 419 1466 478 1N
1525 420 2108 481 ECCLESIASTEN-
2161 447 2231 460 ’-
2274 420 2422 480 LIB.
2462 418 2515 481 Ι.

3471 412 3582 479 778

304 538 445 609 μετά
485 535 596 589 τῶν
621 535 864 608 ἀρχῆθεν
924 538 1062 607 αὐτῇ
1120 537 1759 609 προαποκληρωθέντων,
1794 541 1892 594 καὶ

2001 541 2158 595 initio
2194 539 2427 608 accepit,
2464 547 2520 594 et
2563 554 2685 608 quae
2734 537 2954 592 aliunde
2991 543 3256 607 perpetuo
3299 535 3583 592 conﬂuunt

297 628 412 682 τῶν
453 627 658 693 ἔξωθεν
683 627 928 689 ἀεννάως
985 627 1537 697 παρεισκεκριμένων
1585 629 1897 700 ἀναριθμή-

299 737 433 784 των,
467 719 560 773 καὶ
595 719 716 771 κατ’
758 718 1017 790 οὐδεμίαν
1044 718 1328 787 αὐξήσεως
1359 719 1602 790 ἔμφασιν
1661 719 1895 793 εὕρηται

303 812 722 882 πλημμυροῦσα
748 814 845 866 καὶ
874 813 974 884 τὴν
1003 813 1245 884 ἀμμώὸη
1273 814 1371 866 καὶ
1422 814 1642 881 γείτονα
1696 815 1895 886 χέρσον

304 906 699 978 παρερχομένη
731 908 798 960 ἂν
829 908 968 979 πρὸς
1005 909 1220 980 μικρόν.
1263 907 1306 962 Τ
1311 909 1437 962 οὖτο
1464 895 1554 981 ἄρ’
1583 909 1894 979 αἰνιττόμε-

305 1013 418 1061 νος,
463 998 665 1068 μᾶλλον
691 999 749 1052 δὲ
789 1000 1193 1072 παρεμφαίνων
1225 1002 1318 1053 καὶ
1345 1003 1372 1054 6
1404 1001 1693 1070 προφήτης
1725 999 1892 1053 Δαδὶδ

305 1087 463 1157 ἔλεγε
492 1090 630 1159 πρὸς
676 1090 769 1142 τὸν
798 1090 908 1142 τῶν
954 1091 1094 1144 ὅλων
1128 1090 1284 1156 Θεὸν,
1326 1109 1344 1142 ι
1385 1092 1574 1162 Ὅριον
1605 1090 1727 1144 ἔθου
1755 1091 1783 1144 ὃ
1829 1091 1890 1142 οὐ

304 1181 899 1248 παρελεύσονται,οὑδὲ
915 1183 1560 1253 ὲπιστρέψουσικαλύψαι
1585 1183 1686 1254 τὴν
1712 1183 1836 1254 γῆν.
1866 1201 1885 1234 ι

307 1273 443 1330 Εἷτά
475 1293 610 1348 φησι
631 1289 647 1306 ⁸
1047 1287 1050 1291 ’

1995 633 2469 698 innumerabiles;
2520 647 2622 686 nec
2667 640 2849 687 tamen
2901 631 3013 684 ullo
3047 631 3324 702 augmenti
3377 631 3585 687 indicio

1994 725 2280 791 redundet,
2333 735 2428 780 aut
2479 724 2618 779 ultra
2668 739 2865 780 arenas
2911 723 3113 778 littoris
3141 733 3194 778 et
3234 724 3584 782 continentes

1994 827 2170 873 terras
2202 819 2288 872 vel
2321 818 2608 871 minimum
2642 826 2923 874 excurrat.
2971 816 3128 884 Quod
3159 828 3214 872 et
3254 817 3424 873 David
3455 834 3587 888 pro-

1992 911 2157 981 pheta
2207 911 2409 983 attigit,
2446 911 2529 964 vel
2581 912 2765 981 potius
2811 911 3070 978 ostendit,
3125 927 3251 966 cum
3303 917 3582 965 auctorem

2000 1018 2184 1057 rerum
2233 1003 2479 1056 omnium
2526 1005 2608 1058 sic
2665 1017 2751 1058 est
2820 1005 3134 1060 allocutus:
3189 1024 3208 1058 σ
3264 1005 3583 1058 Terminum

2003 1095 2260 1162 posuisti,
2305 1110 2467 1164 quem
2506 1111 2613 1149 non
2649 1098 3143 1165 transgredientur,
3189 1112 3368 1166 neque
3400 1113 3583 1151 rever-

2001 1196 2187 1244 tentur
2221 1190 2436 1260 opcrire
2469 1199 2670 1245 terram
2699 1192 2767 1244 “.
2808 1211 2825 1242 ι
2873 1191 3012 1244 Tum
3049 1193 3157 1246 ait:

1865 1328 2057 1440 §IX..

381 1489 484 1552 Εἰς
526 1487 739 1550 τόπον,
773 1481 845 1540 οὗ
882 1488 933 1540 οἱ
979 1486 1308 1556 χείμαρροι
1343 1488 1722 1556 πορεύονται,
1767 1483 1897 1539 ἐκεῖ

305 1579 480 1633 αὐτοὶ
511 1578 949 1647 ἐπιστρέφουσι
982 1578 1092 1632 τοῦ
1134 1579 1521 1647 πορευθῆναι.

381 1671 492 1724 Καὶ
524 1670 621 1722 νῦν
652 1665 811 1733 αὖθις
846 1671 1032 1739 ἕτερον
1073 1669 1258 1741 θαῦμα
1293 1671 1645 1740 παρίστησιν,
1692 1668 1721 1722 ὃ
1767 1669 1893 1722 λαν·

2075 1483 2160 1537 Ad
2189 1483 2384 1550 locum,
2423 1502 2524 1555 quo
2567 1494 2824 1539 torrentes
2851 1493 2996 1548 eunt,
3023 1484 3156 1538 illuc
3186 1483 3290 1553 ipsi
3325 1492 3589 1536 revertun-

2002 1584 2091 1629 tur
2117 1577 2188 1630 ad
2224 1578 2455 1630 eundum
2480 1578 2614 1648 (47).

2070 1667 2141 1722 Et
2181 1684 2330 1722 nunc
2378 1669 2527 1724 aliud
2577 1685 2772 1723 rursus
2829 1669 3160 1723 miraculum
3207 1675 3584 1738 repraesentat,

307 1763 466 1818 θάνει
497 1763 595 1831 μὲν
621 1763 746 1826 τοὺς
778 1762 1008 1826 πολλοὺς⁹
1040 1763 1150 1816 τῶν
1181 1762 1518 1834 ἀνθρώπων
1544 1763 1606 1815 οὐ
1639 1761 1748 1832 γὰρ
1779 1761 1896 1814 [σα-

2001 1761 2147 1830 quod
2183 1761 2406 1831 quidem
2442 1762 2734 1832 plerosque
2761 1761 2868 1832 25
2900 1759 3588 1830 hominum'latetzquippe

309 1874 399 1910 σιν
463 1857 598 1910 αὐτὸ
650 1857 899 1920 πάντες·
966 1857 1152 1926 μόνοις
1173 1856 1229 1910 δὲ
1282 1859 1398 1920 τοῖς
1455 1855 1894 1924 ναυτιλλομένοις

308 1947 632 2016 διέγνωσται
658 1951 775 2012 τοῖς
803 1950 870 2002 τὰ
903 1949 1136 2019 μέγιστα
1170 1949 1382 2020 πελάγη
1445 1948 1555 2001 τῶν
1606 1947 1897 2002 θαλασσῶν

307 2041 655 2096 διαπλέουσιν
678 2057 692 2071 ·
727 2041 806 2095 ἔτι
839 2041 897 2095 δὲ
930 2043 1024 2095 καὶ
1054 2046 1168 2106 τοῖς
1195 2041 1293 2113 τὴν
1323 2041 1476 2096 θείαν
1525 2041 1899 2113 μεμνημένοις

309 2134 534 2206 Γραφὴν
566 2135 662 2188 καὶ
693 2133 784 2187 τοῦ
812 2135 1094 2206 προφήτου
1150 2133 1404 2202 λέγοντος
1463 2133 1690 2204 Ἀμμὼς
1714 2151 1730 2166 ο
1771 2154 1789 2185 ι
1841 2134 1900 2186 '0

311 2226 787 2298 προσκαλούμενος
820 2226 879 2279 τὸ
904 2225 1048 2296 ὕδωρ
1079 2229 1180 2298 τῆς
1208 2227 1511 2296 θαλάσσης,
1548 2226 1645 2280 καὶ
1679 2228 1891 2296 ὲκχέων

311 2322 446 2374 αὐτὸ
467 2321 561 2374 ἐπὶ
583 2321 878 2391 πρόσωπον
899 2321 1080 2390 πάσης
1110 2321 1212 2390 τῆς
1239 2321 1364 2390 γῆς,
1395 2339 1413 2372 ι
1445 2319 1794 2390 σημαίνοντος
1815 2319 1902 2372 διὰ

308 2413 420 2466 τῶν
471 2412 776 2483 εἰρημένων
810 2413 908 2481 τὴν
941 2412 1049 2465 ἀπὸ
1069 2412 1178 2465 τῶν
1207 2411 1506 2466 θαλαττίων
1553 2410 1762 2465 ὑδάτων
1822 2410 1902 2482 τῷ

311 2506 710 2574 παντοδυνάμῳ
740 2503 1171 2574 βουλήματιτοῦ
1207 2503 1345 2557 Θεοῦ
1384 2504 1682 2573 γινομένην
1717 2503 1902 2575 ἄνοδον

311 2600 448 2673 πρὸς
459 2600 557 2662 τὰς
569 2599 798 2668 νεφέλας
818 2597 1097 2661 πολλάκις.
1113 2598 1224 2667 Τὴν
1244 2595 1502 2669 τοιαύτην
1517 2591 1608 2650 οὖν
1633 2595 1900 2667 μετάκλη-

313 2711 400 2747 σιν
430 2693 540 2747 τῶν
568 2692 870 2746 θαλαττίων
882 2691 1091 2744 ὑδάτων
1120 2690 1498 2760 αἰνιττόμενος
1552 2691 1650 2742 καὶ
1675 2691 1702 2742 ό
1737 2689 1901 2756 σοφὸς

326 2786 762 2856 Ἐκκλησιαστὴς
790 2786 990 2854 ἔφησεν
1012 2801 1025 2815 '
1071 2805 1088 2838 ‹
1114 2785 1210 2848 Εἰς
1245 2785 1409 2838 τόπον
1425 2778 1496 2844 ,οὗ
1527 2785 1576 2837 οἱ
1613 2783 1902 2854 χείμαρροι

315 2877 664 2949 πορεύονται,
684 2879 801 2930 ἐκεῖ
817 2878 974 2930 αὐτοὶ
993 2875 1384 2946 ἐπιστρέφουσι
1401 2874 1495 2928 τοῦ
1512 2873 1863 2944 πορευθῆναι.
1879 2891 1896 2924 ι

315 2968 646 3040 Πορεύονται
675 2968 773 3040 μὲν
793 2971 899 3039 γὰρ
923 2971 972 3022 οἱ
993 2969 1285 3038 χείμαρροι
1319 2969 1414 3022 καὶ
1444 2967 1642 3030 πάντες
1670 2966 1720 3018 οἱ
1744 2980 1906 3018 ποτα·

319 3063 432 3132 μοὶ,
451 3063 548 3115 καὶ
565 3062 888 3133 συρρέουσιν
909 3063 987 3124 εἰς
1005 3061 1102 3132 τὴν
1125 3062 1427 3115 θάλασσαν·
1461 3063 1526 3113 ἐκ
1549 3059 1607 3112 δὲ
1638 3058 1901 3128 τῶνάμυ-

316 3154 609 3224 θήτωντῆς
637 3154 911 3224 θαλάσσης
929 3154 1162 3216 ὑδάτων,
1193 3154 1383 3223 ante;
1414 3154 1708 3225 εἰρημένης
1733 3169 1901 3222 προσ-

316 3243 566 3316 κλήσεως
617 3243 820 3308 αὐτῶν,
874 3244 1167 3314 οὐρανόθεν
1202 3242 1595 3314 πλημμυροῦσι
1626 3245 1744 3303 ταῖς
1778 3241 1900 3312 βρο-

319 3339 448 3410 χαῖς
461 3339 554 3390 καὶ
573 3339 686 3399 τοῖς
701 3337 807 3406 ὅμϐ
817 3354 949 3406 ροις,
971 3337 1069 3389 καὶ
1094 3335 1256 3389 πάλιν
1274 3335 1693 3406 ἐπιστρέφουσιν
1715 3332 1900 3403 εἱςτὴν

319 3430 596 3483 θάλασσαν
613 3435 674 3481 τὸ
705 3429 908 3500 ληφθὲν
927 3428 984 3492 ἐξ
1017 3430 1198 3482 αὐτῶν
1219 3428 1387 3500 ὕδωρ.
1422 3424 1531 3482 καὶ
1558 3425 1718 3479 τοῦτό
1752 3426 1898 3477 ἐστιν

315 3521 426 3590 ἄρα
451 3518 640 3589 σαφῶς
686 3520 714 3572 ὅ
742 3537 903 3590 φησιν
941 3523 968 3574 ό
1028 3521 1192 3588 σοφὸς
1243 3519 1679 3588 Ἐκκλησιαστής
1709 3533 1722 3547 ·
1762 3536 1780 3567 ι
1807 3516 1899 3580 Εἰς

313 3611 502 3675 τόπον,
543 3606 606 3665 οὗ
639 3613 689 3663 οἱ
725 3613 1018 3684 χείμαρροι
1045 3609 1392 3680 πορεύονται,
1423 3612 1542 3663 ἐκεῖ
1569 3611 1726 3662 αὐτοὶ
1770 3611 1897 3662 ἐπι-

316 3702 616 3774 στρέφουσι
643 3703 739 3756 τοῦ
767 3704 1106 3773 πορευθῆναι
1140 3720 1154 3734 ·
1200 3722 1220 3754 ι
1253 3701 1357 3758 κᾶν
1396 3701 1527 3771 δοκῇ
1581 3717 1698 3762 πως
1751 3699 1898 3769 ἔχειν

313 3794 673 3862 ταυτολογιαν
699 3810 712 3823 °
749 3795 916 3862 φάναι
946 3793 1052 3864 γὰρ
1085 3793 1252 3864 ἐχρῆν
1287 3775 1314 3823 ·’
1337 3809 1357 3842 ι
1391 3793 1484 3854 Εἰς
1536 3790 1724 3852 τόπον,
1775 3789 1898 3844 ὅθεν

314 3888 367 3941 οἱ
394 3885 689 3959 χείμαρροι
719 3886 993 3957 δέχονται,
1026 3887 1144 3938 ἐκεῖ
1173 3884 1329 3938 αὐτοὶ
1362 3882 1752 3955 ἐπιστρέφουσι
1801 3879 1896 3934 τοῦ

316 3977 654 4049 πορευθῆναι
684 3995 699 4010 ·
732 3997 750 4030 ι
789 3977 1016 4032 τοιῶσδε
1048 3977 1158 4047 γὰρ
1184 3976 1480 4047 εἰρημένον
1541 3973 1898 4045 ἐκδηλότερον

314 4071 382 4126 ἂν
412 4075 506 4126 καὶ
531 4072 872 4142 σαφέστερον
900 4065 1013 4141 εἶχε
1046 4070 1142 4124 τοῦ
1172 4070 1338 4140 ρητοῦ
1367 4070 1460 4122 τὸν
1495 4069 1621 4121 νοῦν
1669 4068 1810 4122 κατὰ
1836 4065 1898 4118 τὸ

311 4164 630 4219 ἀκόλουθον.
676 4164 811 4217 Ἀπὸ
835 4164 946 4234 γὰρ
970 4167 1068 4234 τῆς
1110 4161 1386 4231 θαλάσσης
1444 4159 1898 4231 προσλαμϐάνου-

313 4275 403 4311 σιν
437 4258 495 4312 ai
534 4257 757 4326 νεφέλαι
782 4257 844 4308 τὸ
871 4255 1016 4326 ὕδωρ
1046 4271 1059 4286 ο
1091 4253 1248 4308 ὕουσι
1308 4254 1352 4307 δ’
1406 4254 1588 4316 αὐτοῖς
1630 4254 1898 4321 ποταμοῖς

313 4349 412 4404 καὶ
443 4349 802 4420 χειμάρροις·
830 4342 983 4402 οὗτοι
1015 4347 1074 4400 δὲ
1094 4344 1552 4418 παλινδρομοῦσιν
1579 4343 1732 4396 αὐτοὶ
1759 4341 1896 4412 πρὸς

2001 1853 2212 1907 cteteris
2245 1853 2648 1923 ignorantibus,
2679 1853 2716 1907 ii
2749 1854 2924 1908 solum
2961 1863 3188 1916 norunt,
3220 1852 3311 1922 qui
3349 1853 3585 1906 maxima

2000 1944 2203 2002 Oceani
2234 1962 2456 2018 aequora
2496 1949 2808 2018 navigando
2848 1957 3151 2018 permeant,
3184 1958 3236 2001 ct
3273 1947 3364 2018 qui
3397 1963 3587 2003 sacra-

2004 2055 2124 2093 rum
2179 2038 2512 2093 Litterarum
2557 2039 2855 2093 meminere
2895 2047 3059 2108 atque
3103 2040 3271 2092 Amos
3305 2036 3588 2106 prophetae

2002 2129 2279 2184 dicentis:
2333 2149 2350 2181 ι
2395 2130 2497 2195 Qui
2557 2139 2713 2183 vorat
2761 2146 2960 2198 aquam
3021 2128 3206 2191 maris,
3257 2137 3310 2182 et
3357 2127 3588 2181 eﬂ‘undit

2002 2236 2122 2275 eam
2156 2238 2319 2292 super
2350 2222 2542 2276 faciem
2575 2222 3007 2276 terraetutius’”
3027 2220 3140 2289 (48)
3167 2237 3181 2285 ;
3209 2240 3226 2271 ι
3251 2203 3451 2290 quibus
3482 2220 3588 2274 hoc

2002 2315 2188 2369 verbis
2219 2311 2559 2385 frequentem
2601 2331 2870 2384 aquarum
2904 2330 2934 2370 e
2967 2315 3105 2368 mari
3139 2313 3204 2367 ad
3241 2313 3413 2367 nubes
3443 2312 3589 2367 redi-

2003 2418 2122 2460 tum
2149 2406 2474 2476 designavit,
2501 2408 2566 2462 ad
2589 2423 2730 2477 quas
2761 2406 2856 2462 Dei
2881 2407 3276 2476 omnipotentis
3307 2406 3586 2461 voluntate

2005 2500 2329 2555 ascendunt.
2369 2501 2520 2555 Hanc
2556 2517 2722 2570 porro
2762 2517 3029 2571 aquarum
3065 2500 3406 2554 marinarum
3447 2514 3583 2554 con-

2004 2593 2348 2648 vocationem
2379 2593 2493 2662 ipse
2514 2594 2676 2648 etiam
2707 2593 2957 2648 indicans
2981 2594 3200 2663 sapiens
3223 2592 3585 2648 Ecclesiastes

2003 2688 2184 2744 dixit:
2224 2707 2244 2740 ι
2288 2689 2369 2742 Αι]
2403 2688 2608 2751 locum,
2639 2703 2750 2758 quo
2781 2697 3051 2744 torrentes
3105 2697 3258 2750 eunt,
3306 2688 3435 2741 illnc
3481 2687 3587 2756 ipsi

2004 2791 2355 2836 revertuntur
2380 2782 2447 2835 ad
2473 2783 2749 2836 eumdem.
2791 2800 2810 2832 ι
2849 2780 2985 2836 Nam
3035 2790 3268 2851 pergunt
3298 2797 3430 2836 sane
3471 2791 3587 2836 tor-

2005 2884 2192 2930 rentes
2248 2889 2549 2944 amnesque
2587 2889 2805 2940 omnes,
2853 2884 2906 2928 et
2956 2876 3009 2928 in
3063 2890 3213 2930 mare
3266 2875 3583 2930 confluunt:

2007 2977 2122 3022 tum
2155 2983 2290 3022 vero
2329 2984 2359 3022 e
2389 2969 2548 3034 cmlo,
2588 2984 2696 3038 quo
2725 2968 2834 3022 vim
2869 2969 3016 3022 illam
3055 2983 3324 3038 aquarum
3353 2969 3590 3040 inexplia

2006 3061 2237 3115 cabilem
2293 3061 2585 3115 convocari
2639 3061 2775 3122 dixi,
2834 3060 3115 3116 exundant
3166 3061 3364 3131 pluviis
3422 3070 3586 3132 atque

2006 3153 2296 3220 imbribus,
2335 3154 2584 3224 marique
2614 3153 2834 3219 iterum,
2869 3169 3010 3224 quas
3041 3155 3110 3208 ab
3139 3170 3202 3208 eo
3229 3164 3582 3225 acceperunt,

2001 3261 2174 3315 aquas
2203 3247 2714 3315 refundunt.Atque
2740 3248 2844 3301 hoc
2876 3247 3055 3316 ipsum
3075 3247 3190 3302 sine
3209 3251 3584 3306 controversia

2001 3349 2106 3402 est,
2143 3337 2291 3406 quod
2327 3339 2551 3408 sapiens
2585 3337 2947 3393 Ecclesiastes
2987 3341 3275 3394 enuntiat’:
3329 3357 3349 3391 ι
3383 3341 3464 3395 Ad
3497 3341 3583 3396 lo-

2001 3445 2150 3496 cum,
2191 3445 2306 3500 quo
2335 3439 2604 3487 torrentes
2645 3440 2796 3496 eunt,
2827 3432 2957 3487 illuc
2997 3433 3101 3502 ipsi
3134 3444 3488 3490 revertuntur
3517 3435 3586 3490 ad

2001 3523 2286 3588 eundum;
2328 3541 2347 3575 ι
2387 3539 2706 3592 quanquam
2744 3524 2798 3578 in
2835 3525 2920 3578 his
2945 3526 3129 3581 verbis
3152 3542 3266 3581 rem
3301 3527 3391 3582 ille
3427 3543 3584 3582 eam-

1999 3611 2122 3666 dem
2160 3612 2360 3668 iterare
2390 3616 2799 3682 quodammodo
2843 3617 3078 3672 videtur.
3112 3619 3407 3688 Oportebat
3434 3621 3584 3674 enim

2000 3705 2227 3762 dicere:
2275 3726 2294 3760 ι
2351 3707 2433 3760 Ad
2477 3707 2680 3773 locum,
2721 3708 2868 3764 un'de
2925 3719 3196 3767 torrentes
3241 3712 3582 3775 derivantur.

1999 3800 2189 3856 eodem
2236 3799 2340 3869 ipsi
2383 3800 2620 3856 redeunt
2665 3811 2726 3857 ut
2757 3803 2942 3858 denuo
2976 3804 3188 3872 ﬂuant;
3223 3825 3243 3854 ο
3285 3823 3408 3861 nam
3451 3807 3582 3863 dicti

2000 3894 2330 3947 sententiam
2364 3894 2468 3949 hoc
2492 3903 2652 3963 pacto
2680 3895 3110 3952 manifestiorem
3135 3898 3394 3970 deinceps
3419 3911 3584 3970 atque

2000 3988 2290 4043 clariorem
2351 3989 2695 4044 reddidisset.
2752 3989 2797 4040 Α
2857 3990 2997 4043 mari
3049 3991 3321 4060 siquidem
3379 4008 3578 4061 aquam

2001 4081 2175 4134 nubes
2219 4080 2516 4145 hauriunt,
2563 4080 2916 4150 eaedemque,
2965 4095 3093 4137 cum
3152 4085 3326 4152 pluit,
3364 4093 3581 4138 torren-

1998 4173 2147 4228 tibus
2179 4187 2300 4226 eam
2354 4187 2420 4227 ac
2475 4171 2656 4228 ﬂuviis
2695 4175 2974 4229 reddunt:
3031 4173 3085 4229 hi
3132 4175 3350 4230 demum
3389 4177 3584 4233 iterato

1999 4265 2149 4319 illam
2203 4279 2435 4320 recursu
2490 4265 2556 4320 ad
2608 4281 2756 4320 mare
2789 4267 3061 4322 deferunt.
3108 4267 3215 4323 Sed
3262 4269 3367 4323 hoc
3402 4271 3584 4324 minus

1999 4364 2186 4424 aperte
2223 4355 2362 4410 dixit
2399 4356 2786 4425 Ecclesiastes,
2840 4369 2895 4413 et
2953 4370 3234 4428 poetarum
3288 4378 3440 4418 more
3490 4379 3588 4434 per

311 4444 412 4516 τὴν
433 4443 732 4498 θάλασσαν.
776 4442 914 4495 Ἀλλ’
948 4442 1044 4512 οὐχ
1071 4439 1243 4502 οὕτως
1273 4439 1408 4492 αὐτὸ
1450 4436 1639 4506 σαφῶς
1687 4439 1715 4488 ὁ
1770 4434 1895 4487 Ἐκ·

2004 4445 2430 4501 intellectionem
2458 4447 2692 4503 alterum
2735 4452 2910 4505 altero
2943 4451 3257 4522 signiﬁcare
3286 4455 3490 4521 voluit,
3528 4473 3589 4511 ut

315 4535 656 4606 κλησιαστὴς
679 4531 834 4588 εἶπεν
859 4550 873 4565 ο
909 4532 1048 4586 ἀλλὰ
1081 4531 1160 4602 τῷ
1193 4529 1465 4600 ποιητικῴ
1519 4527 1708 4599 τρόπῳ
1757 4525 1899 4580 κατὰ

315 4631 650 4702 συνεκδοχὴν
681 4625 958 4699 ἠϐουλήθη
992 4627 1062 4679 δι’
1093 4625 1286 4694 ἐτέρου
1323 4623 1567 4694 σημᾶναι
1593 4620 1654 4673 τὸ
1689 4619 1898 4688 ἕτερον,

315 4726 404 4779 ἵνα
434 4724 553 4778 ἐστὶ
595 4722 659 4776 τὸ
692 4719 987 4791 εἰρημένον
1012 4715 1279 4776 τοιοῦτον,
1308 4714 1382 4776 ὡς
1411 4713 1661 4782 ἕφθημεν
1717 4709 1898 4764 εἰπόν-

312 4835 406 4882 τες
436 4835 449 4848 ·
489 4836 508 4869 ι
543 4817 638 4879 Ei;
672 4814 763 4869 τὸν
795 4812 982 4876 τόπον,
1009 4810 1134 4864 ὅθεν
1173 4810 1221 4862 οἱ
1255 4808 1550 4878 χείμαρροι
1597 4804 1900 4874 κιχρῶνται

314 4913 411 4965 καὶ
430 4911 681 4980 δέχονται
713 4907 803 4960 διὰ
832 4904 940 4959 τῶν
966 4901 1206 4972 νεφελῶν
1239 4901 1302 4954 τὸ
1355 4898 1521 4969 ὕδωρ,
1563 4897 1660 4951 κοιλ⁸
1711 4896 1900 4967 πλημ-

317 5001 606 5073 μυροῦσιν,
625 5001 740 5052 ἐκεῖ
763 4998 918 5051 αὐτοὶ
946 4994 1334 5066 ἐπιστρέφουσι
1362 4991 1457 5044 τοῦ
1482 4989 1839 5060 πορευθῆναι.
1876 5007 1895 5040 ι

314 5092 570 5146 Δείκνυσι
599 5091 709 5161 γὰρ
747 5088 919 5152 οὕτως
942 5084 1461 5156 ἀναγινωσκόμενον
1485 5082 1548 5135 τὸ
1573 5081 1762 5152 ῥητὸν,
1823 5083 1901 5144 ὡς
1929 5109 1936 5119 -

315 5189 366 5242 oi
417 5186 514 5258 μὲν
549 5184 838 5254 χείμαρροι
880 5182 972 5235 καὶ
1003 5183 1051 5234 οἱ
1097 5178 1334 5248 ποταμοὶ
1367 5175 1459 5229 διὰ
1509 5174 1622 5226 τῶν
1657 5172 1901 5241 νεφελῶν

317 5281 381 5334 ὲδὲ
412 5281 512 5349 τῆς
546 5275 1116 5344 θαλάσσηςδεχόμενοι
1140 5272 1308 5342 ὕδωρ,
1337 5265 1702 5333 ιιιῦξον-ιοιικοι)⁸
1720 5266 1904 5336 πλημ-

320 5369 588 5441 μυροῦσιν
609 5381 623 5394 °
661 5365 1086 5436 ἀντιπαρέχουσι
1123 5364 1181 5416 δὲ
1215 5363 1377 5417 πάλιν
1407 5362 1473 5430 τῇ
1499 5359 1797 5430 δανεισόισῃ
1841 5355 1904 5409 τὸ

388 5508 434 5541 ³⁵
464 5507 614 5563 Psal.
650 5521 766 5570 cm,
800 5504 854 5560 9.
941 5505 1007 5538 ’θ’
1031 5505 1198 5558 Amos
1230 5519 1284 5568 γ,
1319 5516 1415 5554 vnt
1453 5507 1512 5553 et
1541 5513 1615 5562 ix,
1647 5494 1702 5549 6.

391 5621 504 5690 (47)
564 5620 719 5689 Apud
781 5615 925 5672 LXX
977 5617 1241 5690 scriptum
1292 5612 1524 5690 eisab!
1565 5612 1780 5690 τόπον..
1824 5649 1837 5663 .
1883 5651 1895 5666 .

323 5682 499 5746 ιοιίιπί
532 5682 713 5745 autem
760 5682 1103 5744 sententiam
1125 5687 1204 5741 sic
1239 5683 1473 5739 reddidit
1494 5682 1897 5751 Symmachus:

322 5764 418 5827 Εἰς
461 5763 550 5816 τὸν
595 5763 777 5820 τόπον,
833 5761 926 5826 ἀφ’
973 5753 1033 5811 οὗ
1067 5759 1116 5809 οἰ
1157 5755 1393 5825 ποταμοὶ
1412 5751 1730 5827 πορεύονται
1755 5792 1770 5814 ,
1796 5752 1904 5827 ,καὶ

325 5824 442 5887 ἐκεῖ
467 5835 620 5886 αὐτοὶ
652 5824 1088 5902 ἀναστρέφουσιν
1126 5843 1142 5902 ς
1179 5824 1313 5902 quze
1338 5826 1542 5894 optime
1573 5824 1908 5902 respondent

328 5905 507 5960 verbis
559 5891 874 5957 Latinorum
908 5891 1348 5968 exemplarium,
1377 5891 1504 5965 qua:
1537 5892 1669 5947 vidit
1713 5891 1907 5947 Hiero-

657 5997 930 6057 PATnoL.
974 5995 1090 6053 Gn.
1137 5989 1414 6056 XCVIII.

2001 4552 2068 4592 ea
2099 4537 2153 4591 in
2193 4537 2375 4592 verbis
2413 4544 2679 4594 sententia
2726 4541 2875 4607 insit,
2921 4558 3084 4611 quam
3121 4545 3284 4598 modo
3328 4549 3590 4616 exposui-

2004 4641 2168 4683 mus:
2212 4645 2231 4679 ι
2267 4627 2348 4681 Ad
2385 4629 2565 4683 locum
2600 4647 2803 4702 nempe,
2840 4636 2983 4687 unde
3020 4643 3290 4689 torrentes
3329 4649 3589 4692 mutuan-

2006 4731 2098 4780 tur
2126 4723 2537 4794 desumuntque
2584 4741 2680 4796 per
2724 4731 2898 4785 nubes
2943 4745 3167 4797 aquam,
3211 4740 3380 4801 atque
3409 4749 3590 4789 exun—

2002 4813 2172 4878 dant,
2203 4829 2272 4869 eo
2320 4814 2486 4870 iidem
2538 4825 2931 4881 revertuntur,
2977 4828 3035 4874 ut
3091 4821 3285 4874 iterum
3327 4821 3519 4876 ﬂuant.
3567 4843 3586 4875 ι

2005 4905 2098 4962 Sic
2125 4908 2271 4962 enim
2299 4909 2471 4980 accipi
2510 4910 2716 4966 dictum
2743 4913 3003 4975 ostendit,
3029 4923 3090 4967 ut
3116 4924 3389 4971 torrentes
3411 4915 3594 4970 ﬂuvii-

2000 5017 2133 5072 .que,
2179 5018 2320 5072 aqua
2367 5020 2398 5058 a
2451 5005 2590 5059 mari
2639 5021 2734 5074 per
2785 5006 2960 5061 nubes
3012 5009 3229 5071 hausta,
3282 5019 3593 5080 augeantur

2003 5106 2170 5164 atque
2231 5096 2580 5164 redundent;
2637 5113 2701 5152 ac
2755 5099 2996 5153 debitum
3063 5101 3331 5156 feneranti
3395 5119 3593 5158 rursus

2004 5189 2353 5244 retribuant:
2417 5205 2524 5243 non
2590 5190 2737 5259 quod
2802 5193 3163 5262 ouniipotenti
3232 5192 3466 5248 Domino
3523 5193 3592 5247 ad

2007 5291 2208 5338 terram
2248 5282 2581 5354 irrigandam
2616 5284 2737 5338 alite
2781 5285 2894 5340 sint
2939 5300 3078 5354 Opus
3116 5300 3311 5354 aquae;
3353 5285 3448 5340 scd
3480 5301 3592 5355 quo

2005 5375 2334 5432 ineﬂ‘abilem
2390 5378 2444 5430 in
2488 5377 2590 5431 hoc
2625 5393 2848 5448 quoque
2884 5380 3185 5448 potentiam
3243 5379 3589 5435 demonstret

2007 5625 2238 5680 nymns;
2293 5617 2420 5661 sunt
2462 5607 2616 5662 enim
2650 5608 2962 5673 huiusmodi
3012 5627 3024 5662 :
3064 5608 3136 5661 De
3180 5624 3281 5678 quo
3335 5615 3589 5662 torrentes

2009 5679 2219 5744 exeunt,
2252 5679 2381 5732 illuc
2405 5681 2508 5748 ipsi
2549 5691 2906 5745 revertuntur,
2932 5689 2988 5733 ut
3018 5680 3303 5735 introeant.

2083 5751 2192 5820 (48)
2210 5752 2374 5805 Amos
2398 5767 2452 5813 γ,
2475 5749 2530 5804 9.
2559 5752 2711 5819 Apud
2731 5750 2867 5805 LXX
2891 5751 3041 5804 deest
3061 5751 3262 5819 πάσης,
3288 5766 3385 5804 nec
3406 5750 3589 5804 minus

2015 5823 2156 5888 apud
2188 5822 2635 5892 Olympiodorum
2663 5861 2677 5888 ,
2726 5824 2820 5894 qui
2865 5824 3053 5878 eodem
3122 5823 3293 5876 utitur
3348 5824 3591 5876 testimo-

2018 5908 2128 5946 1110.

3024 5982 3099 6069 25
