4172 6512
322 376 419 441 73]
1418 372 1496 433 IN
1527 368 2103 433 ECCLESIASTEN.
2138 394 2206 403 --
2237 368 2386 429 LIB.
2431 370 2479 429 Ι.

3470 366 3577 429 782

324 495 423 567 τὴν
452 486 806 563 κατάλληλον
834 495 1085 554 ἀφίκοιτο
1114 494 1293 561 δόξαν·
1338 493 1452 549 ἀλλ’
1485 495 1774 562 ίλιγγιάσει
1804 493 1897 546 καὶ

2022 489 2128 559 [uis
2161 487 2434 557 proferat;
2472 488 2696 543 minime
2751 499 2931 543 tamen
2964 486 3219 557 opinione
3266 500 3365 542 sua
3397 501 3579 543 rerum

327 588 689 642 κατοκλάσει·
737 587 914 657 λέγων
948 589 1047 655 μὲν
1094 589 1373 652 πολλάκις,
1412 589 1512 641 οὑκ
1540 586 1806 657 ἐξισχὺων
1843 585 1899 638 δὲ

326 681 429 752 τὴν
474 680 711 749 παντελῆ
752 682 847 734 καὶ
888 682 1103 735 τελείαν
1131 680 1420 747 διάγνωσιν
1459 680 1553 733 καὶ
1595 676 1900 749 κατάληψιν

327 772 590 837 ἐξειπεῖν·
624 773 729 826 κᾶν
782 773 863 837 είς
923 774 984 827 τὸ
1005 774 1304 844 ἀκρότατον
1351 772 1554 841 ἔφθασε
1587 770 1685 841 τῆς
1711 767 1899 837 σοφίας

328 866 426 918 καὶ
468 864 572 934 τῆς
635 865 910 934 γνώσεως,
976 866 1069 920 καὶ
1117 867 1219 937 τῆς
1273 865 1533 937 ἀνδρικῆς
1582 860 1903 933 ὑπολήψεως

330 957 544 1028 πλήρης
568 956 734 1013 ἐστίν.
758 958 871 1012 υὺκ
896 959 1343 1030 ἐμπλησθήσεται
1377 958 1475 1025 μὲν
1507 956 1612 1025 γὰρ
1647 958 1674 1009 ό
1701 951 1903 1022 ὀφθαλ-

253 1058 260 1064 ”
331 1049 437 1119 μδς
481 1048 575 1103 τοῦ
624 1049 761 1120 όρᾷν
793 1050 860 1103 τὰ
907 1051 1079 1117 κάλλη
1123 1050 1349 1113 καὶτὰς
1385 1047 1756 1117 τερπνότητας
1795 1045 1904 1097 τῶν

333 1141 589 1211 μεγάλων
633 1141 926 1213 θαυμάτων
972 1143 1079 1197 τῶν
1133 1144 1253 1196 κατ’
1291 1141 1518 1213 οὐρανὸν
1556 1140 1905 1212 βλεπομένων

330 1232 428 1284 καὶ
459 1233 559 1303 τὴν
590 1232 695 1302 γῆν
740 1234 833 1286 καὶ
863 1233 960 1305 τὴν
992 1234 1266 1288 Θάλασσαν
1288 1251 1301 1264 ·
1334 1233 1456 1286 οὑδὲ
1483 1230 1906 1302 πληρωθήσεται

331 1322 430 1386 οὓς
467 1323 575 1376 ἀπὸ
605 1324 925 1394 ἀκροάσεως
955 1325 1064 1378 τῶν
1107 1324 1239 1396 περὶ
1264 1324 1335 1379 τὰ
1361 1321 1585 1377 τοιαῦτα
1614 1320 1908 1392 διηγουμέ-

332 1431 461 1468 νων.
496 1414 703 1479 Πάντες
732 1414 831 1487 μὲν
860 1417 968 1487 γὰρ
1001 1417 1048 1469 oi
1075 1414 1364 1484 φιλόκαλον
1403 1412 1615 1484 ἔχοντες
1641 1412 1733 1464 καὶ
1761 1409 1909 1479 φιλοο
1940 1426 1956 1440 ·

334 1507 576 1579 θεάμονα
608 1510 854 1580 γνώμην,
886 1507 986 1569 τὰς
1014 1507 1285 1579 ἐρωτικὰς
1311 1505 1580 1568 διαθέσεις
1609 1504 1705 1556 καὶ
1745 1501 1907 1556 δυνά-

336 1618 464 1672 μεις
494 1600 587 1655 τοῦ
618 1601 765 1664 ἐντὸς
798 1600 895 1655 καὶ
921 1600 1013 1654 τοῦ
1045 1601 1203 1666 ἐκτὸς
1226 1598 1515 1671 ἀνθρώπου
1543 1596 1909 1665 κεκινημένας

336 1692 436 1747 καὶ
464 1692 995 1764 παρασκευασμένας
1015 1690 1195 1758 ἕξουσι
1220 1691 1357 1762 πρὸς
1380 1689 1645 1761 ἀκρόασιν
1673 1686 1781 1740 τῶν
1807 1703 1909 1755 κηο

340 1785 645 1857 ρυττόντων
681 1786 782 1855 τὴν
819 1786 1058 1857 ἄρρητον
1092 1782 1466 1854 μεγαλοσὺνην
1503 1781 1602 1850 τ’ής
1636 1779 1788 1841 θείας
1816 1777 1912 1830 καὶ

2008 579 2437 648 magnitudinem
2470 588 2841 647 assequetnr:
2882 578 3013 648 quin
3071 578 3339 648 vertigine
3381 579 3582 633 attoni-

1988 684 2093 727 tus
2144 673 2496 737 succumbet;
2549 687 2648 726 nec
2696 686 2839 740 saepe
2888 670 3119 726 dicendo
3149 671 3453 725 absolutam
3487 671 3583 726 lia-

2008 783 2129 820 rntn
2161 763 2569 841 perfectamque
2598 765 2970 836 cognitionem
3001 765 3581 834 comprehensionem-

2008 876 2114 929 que
2134 858 2408 927 explicare
2439 873 2679 925 unquam
2729 857 2923 926 poterit
2960 876 2972 910 :
3006 866 3143 923 esto,
3194 857 3259 911 ad
3304 873 3580 917 summum

2012 953 2059 1007 is
2087 952 2370 1021 sapientiae
2400 950 2880 1019 intelligentimque
2920 949 3198 1018 fastigium
3252 953 3578 1019 pervenerit,

2011 1053 2065 1099 et
2089 1043 2342 1098 acerrimi
2374 1043 2574 1111 ingenii
2626 1042 2677 1095 vi
2713 1043 2930 1110 polleat.
2970 1041 3157 1111 Neque
3182 1042 3327 1096 enim
3358 1054 3581 1096 exsatu-

2014 1142 2166 1187 retur
2209 1130 2425 1195 oculus,
2460 1130 2893 1202 pulchritudines
2939 1130 3419 1200 jucunditatesque
3452 1133 3581 1185 dmn

2012 1223 2158 1279 videt
2190 1214 2510 1294 magnorum
2558 1224 2970 1289 miraculorum,
3010 1240 3131 1291 quae
3159 1224 3321 1284 caelo,
3355 1239 3585 1294 quaeque

2015 1325 2158 1370 terra
2184 1326 2237 1370 et
2265 1316 2401 1370 mari
2433 1323 2730 1369 cernuntur
2762 1333 2774 1368 :
2807 1329 2980 1383 neque
3006 1315 3157 1368 auris
3185 1315 3492 1383 impleatur,
3518 1316 3585 1370 de

2016 1409 2165 1463 hisce
2217 1409 2549 1463 disserentes
2579 1408 2707 1461 dum
2742 1408 2916 1461 audit.
2955 1407 3087 1461 Nam
3142 1409 3454 1478 quicunque
3488 1409 3589 1461 ho-

2016 1510 2170 1554 nesto
2222 1508 2351 1553 sunt
2399 1499 2585 1553 animo
2632 1508 2685 1553 et
2731 1501 3011 1566 Spectandi
3040 1500 3259 1570 cupido,
3317 1501 3351 1553 ii
3403 1501 3587 1570 utique

2014 1606 2226 1661 semper
2253 1591 2435 1646 studio
2460 1591 2765 1661 aﬂ‘ectuque
2786 1593 2934 1661 omni
2956 1602 3012 1647 et
3034 1594 3234 1647 mentis
3260 1594 3587 1663 etcorporis

2016 1681 2263 1739 ferantur
2300 1674 2711 1753 comparatith
2752 1684 2860 1739 sint
2897 1684 2963 1738 ad
3000 1699 3096 1740 eos
3139 1685 3459 1751 audiendos,
3493 1687 3585 1755 qui

2018 1773 2345 1829 ineffabilem
2404 1776 2602 1829 divina:
2633 1776 2955 1847 invictaque
3002 1777 3257 1846 potentia:
3300 1790 3462 1847 atque
3495 1794 3585 1832 sa-

338 1877 650 1942 παναλκοῦς
700 1878 1004 1948 δυνάμεως,
1031 1877 1125 1929 καὶ
1170 1875 1363 1944 σοφίας
1390 1873 1491 1944 τῆς
1530 1871 1651 1925 τόδε
1694 1868 1755 1922 τὸ
1801 1870 1910 1922 πᾶν

2022 1866 2232 1937 pientize
2252 1866 2590 1937 majestatcm
2619 1867 2936 1936 praedicant,
2959 1869 3119 1938 cujus
3148 1869 3331 1922 omnia
3361 1869 3586 1923 numine.

339 1971 824 2041 ὑποστησαμένης,
842 1970 937 2022 καὶ
968 1966 1349 2037 διεξαγοὺσης,
1379 1964 1473 2018 καὶ
1499 1961 1869 2033 ωντηροὺσης
1895 1976 1907 1991 ·

341 2062 436 2115 καῖ⁸
463 2062 525 2114 τὸ
558 2060 818 2131 παράπαν
844 2060 904 2113 οὑ
925 2058 1185 2130 λήψονται
1225 2058 1387 2127 κόρον
1413 2057 1626 2109 ὲπαῖειν
1652 2053 1758 2107 τῶν
1788 2052 1919 2123 περὶ

2008 1968 2063 2013 et
2112 1958 2332 2013 condita
2392 1971 2520 2015 sunt
2571 1969 2625 2013 et
2693 1970 2957 2027 reguntur
3012 1976 3078 2015 ac
3137 1973 3583 2015 conservantur:

2014 2050 2287 2120 iidemque
2346 2067 2625 2121 nunquam
2679 2052 2935 2129 audiendi
2996 2052 3249 2107 satietate
3307 2069 3589 2109 sermones

339 2154 413 2209 τὰ
460 2155 684 2208 τοιαῦτα
740 2153 937 2223 λόγων.
980 2152 1120 2207 Ἀλλ’
1163 2153 1192 2205 ό
1248 2149 1521 2222 ἐξηγητὴς
1562 2145 1918 2217 συντετάχθαι

2022 2142 2182 2197 tantis
2211 2142 2278 2197 de
2309 2143 2474 2198 rebus
2514 2143 2814 2200 fastidiant.
2844 2144 3114 2199 Caeterum
3145 2146 3429 2215 interpres,
3463 2163 3586 2201 cum

340 2247 409 2318 τῇ
454 2244 747 2319 παραδόξῳ
787 2244 1077 2315 συμφωνίᾳ
1120 2243 1216 2296 καὶ
1240 2231 1390 2306 τάξει
1411 2240 1518 2295 τῶν
1543 2237 1919 2308 ὑποκειμένων

2022 2234 2354 2291 admiranda:
2378 2235 2456 2288 illi
2492 2252 2674 2290 rerum
2707 2238 3047 2293 subditarum
3084 2238 3390 2293 concordia:
3424 2250 3590 2310 atque

342 2338 687 2411 πραγμάτων
713 2337 813 2408 οὑχ
838 2331 948 2400 οἶός
977 2353 1037 2389 τε
1074 2335 1172 2397 ὢν,
1200 2333 1292 2386 τοῦ
1321 2332 1503 2386 λαλεῖν
1536 2330 1734 2402 μᾶλλον
1764 2331 1917 2400 αἱρερ

342 2430 579 2502 τώτερον
610 2429 855 2501 ἡγήσατο
887 2429 947 2482 τὸ
976 2430 1149 2501 σιγᾷν.
1170 2424 1303 2482 Εἶτά
1330 2443 1491 2497 φησιν
1522 2426 1551 2478 ὁ
1597 2422 1919 2494 Ἐκκλησια-

344 2522 481 2593 στής
500 2535 516 2550 ·

2017 2327 2193 2382 ordini
2228 2344 2323 2396 par
2354 2344 2475 2383 esse
2506 2344 2611 2381 non
2668 2340 2872 2399 posset,
2924 2329 3191 2384 silendum
3233 2329 3338 2384 sibi
3386 2332 3587 2401 potius,

2020 2432 2185 2487 quam
2246 2419 2577 2489 loquendum
2642 2420 2991 2475 existimavit.
3042 2420 3161 2475 Jam
3209 2422 3357 2477 addit
3406 2424 3591 2477 Eccle-

2022 2510 2218 2565 siastes
2252 2528 2263 2563 :

1892 2650 2041 2723 §Xl.

421 2778 486 2836 Τι
511 2778 582 2833 τὸ
619 2781 906 2850 γεγονόςς
952 2780 1097 2835 αὐτὸ
1140 2781 1208 2834 τὸ
1242 2766 1829 2849 γενησόμενονίΚαὶ
1862 2778 1919 2831 τι

345 2870 416 2925 τὸ
459 2871 904 2941 πεποιημένον;
952 2872 1099 2927 αὐτὸ
1140 2873 1206 2927 τό
1249 2873 1753 2941 ποιηθησόμενον.
1809 2871 1917 2926 Καὶ

348 2965 458 3017 οὐκ
504 2964 637 3017 ἐστι
682 2962 807 3019 πᾶν
864 2966 1220 3034 πρόσφατον
1266 2963 1387 3019 ὑπὸ
1439 2964 1545 3018 τόν
1592 2964 1789 3032 ἣλιον.
1822 2966 1920 3029 Ὃς

346 3054 612 3120 λαλήσει
661 3056 759 3109 καὶ
806 3054 959 3123 ἐρεῖ·
1023 3056 1171 3109 Ἰδοὺ
1216 3057 1394 3111 τοῦτο
1452 3058 1663 3111 καινόν
1706 3056 1919 3119 ἐστιν;

2097 2770 2322 2832 \’Ens.9,
2351 2769 2436 2823 10.
2474 2768 2614 2833 Quid
2646 2779 2721 2822 est
2749 2771 2883 2838 quod
2910 2770 3052 2838 fuit?
3075 2772 3243 2837 ipsum
3278 2769 3416 2839 quod
3444 2769 3593 2839 futu-

2024 2875 2139 2913 rum
2188 2871 2285 2913 est.
2324 2858 2393 2912 Et
2431 2860 2557 2930 quid
2588 2870 2661 2914 est
2686 2860 2824 2929 quod
2852 2861 3049 2929 factum
3079 2861 3203 2915 est?
3232 2861 3404 2930 ipsum
3454 2861 3591 2930 quod

2022 2950 2323 3017 faciendum
2348 2959 2447 3005 est.
2485 2949 2555 3003 Et
2581 2967 2683 3004 non
2703 2961 2774 3003 est
2813 2968 2963 3005 omne
2997 2968 3172 3006 recens
3194 2954 3289 3005 sub
3307 2952 3435 3008 sole.
3460 2952 3590 3017 Quis

2027 3041 2269 3112 loquetur
2292 3058 2353 3094 ac
2392 3042 2573 3095 dicet:
2604 3041 2737 3105 Ecce
2763 3043 2858 3095 hoc
2913 3035 3101 3097 novum
3154 3055 3274 3108 est;
3318 3045 3437 3114 jam
3487 3047 3589 3115 fuit

346 3142 467 3212 ἤδη
514 3147 762 3216 γέγονεν
804 3147 875 3200 ἐν
921 3146 1047 3213 τοῖς
1106 3145 1280 3202 αὶῶσι
1318 3147 1443 3215 τοῖς
1505 3149 1922 3221 γεγενημένοις

2026 3134 2079 3186 in
2110 3131 2343 3195 swculis,
2376 3148 2495 3202 qua:
2533 3132 2746 3201 fuerunt
2805 3144 2925 3187 ante
2958 3150 3051 3188 nos
3086 3133 3220 3207 (5|).

351 3236 473 3290 ἀπὸ
501 3238 863 3305 ἔμπροσθεν.

423 3327 635 3399 Προϊὼν
674 3329 704 3381 ό
746 3330 907 3396 σοφὸς
960 3329 1391 3400 Ἑκκλησιαστὴς
1432 3329 1584 3396 αὔξει
1638 3330 1730 3383 καὶ
1789 3330 1923 3400 πρὸς

352 3420 824 3490 ἐπιτατικωτέραν
872 3419 1179 3492 ὑπόληψιν,
1232 3422 1325 3474 καὶ
1377 3422 1475 3491 τὴν
1532 3421 1920 3491 μεγαλωσὺνην

352 3513 588 3585 προάγει
623 3513 724 3581 τῆς
778 3512 1008 3580 ἀπείρου
1062 3512 1253 3581 σοφίας
1287 3513 1378 3566 καὶ
1425 3511 1573 3575 θείας
1603 3513 1920 3582 δυνάμεως,

352 3604 447 3657 καὶ
493 3605 592 3674 τὴν
644 3603 755 3656 τῶν
818 3602 1136 3673 κτισμάτων
1192 3603 1471 3673 ὑποταγὴν
1520 3604 1614 3655 καὶ
1672 3601 1920 3675 θητείαν·

346 3690 656 3766 ¹παρίστησι
687 3694 798 3765 γάρ
825 3694 915 3748 διά
959 3694 1067 3747 τῶν
1111 3693 1205 3747 νῦν
1248 3695 1658 3764 προκειμένων,
1703 3693 1774 3757 ὡς
1804 3694 1924 3763 οὑχ).

354 3784 520 3854 μόνον
564 3783 673 3836 τῶν
712 3785 1012 3853 γεγονότων
1044 3786 1137 3839 καὶ
1173 3785 1515 3851 φαινομένων
1563 3785 1790 3839 ἕκαστον
1827 3785 1926 3855 τήν

353 3874 608 3945 δουλικὴν
636 3874 934 3945 ὀνομασίαν
965 3876 1057 3928 καὶ
1083 3875 1267 3945 σχέσιν
1301 3876 1395 3927 καὶ⁸
1418 3875 1640 3945 θητείαν
1671 3876 1805 3946 πρὸς
1833 3874 1925 3927 τὸν

356 3967 489 4020 ίδιον
513 3967 741 4039 ποιητὴν
768 3966 1134 4020 ἐπιδείκνυσιν
1155 3984 1170 3999 ·
1189 3966 1325 4020 ἀλλά
1360 3967 1451 4020 καὶ
1479 3966 1549 4020 τὰ
1575 3968 1744 4037 μήπω
1771 3983 1928 4035 γεγο-

355 4056 505 4119 νότα,
543 4056 881 4125 γενησόμενα
907 4055 963 4108 δὲ
987 4056 1081 4108 καὶ
1111 4055 1520 4126 ποιηθησόμενα
1564 4060 1675 4121 τοῖς
1712 4060 1927 4128 προῦπ-

354 4145 589 4219 άρξασιν
628 4146 889 4217 ὲφέψεται
945 4150 1040 4201 κα)⁴
1094 4150 1657 4220 συμπαρομαρτήσει,
1714 4149 1810 4202 καὶ
1851 4149 1929 4220 τῷ

354 4239 501 4312 λόγῳ
519 4239 621 4309 τῆς
660 4240 867 4304 τάξεως
890 4281 905 4305 ,
936 4243 1030 4293 καὶ
1058 4240 1240 4309 μέντοι
1276 4242 1494 4310 καὶτῆς
1526 4242 1802 4311 ὑποταγῆς
1829 4243 1930 4312 τῆς

356 4330 496 4403 πρὸς
528 4332 620 4385 τὸν
648 4331 777 4387 ἴδιον
804 4334 1042 4405 Ποιητήν
1067 4336 1162 4388 καὶ
1194 4335 1473 4406 Δεσπότην
1528 4336 1603 4398 ὡς
1634 4335 1800 4406 μηδὲν
1823 4335 1930 4390 τῶν

356 4424 738 4493 γενησομένων
777 4426 870 4478 καὶ
913 4425 1366 4497 ποιηοησομένων
1399 4426 1609 4480 ἀλλοῖον
1638 4426 1929 4497 εὑρεθῆναι

358 4516 453 4568 καὶ
475 4515 659 4583 ἕτερον
681 4517 820 4586 πρὸς
846 4516 915 4570 τά
940 4518 1381 4588 προγενεστέρως
1415 4516 1749 4589 ὑπάρξαντα.
1773 4516 1928 4571 Κατὰ
1960 4538 2003 4593 ι)

354 4605 413 4660 δὲ
442 4605 541 4677 τὴν
566 4608 890 4662 ἀκολουθίαν
943 4609 1041 4681 τήν
1086 4608 1469 4679 ὲντεθειμένην
1495 4612 1610 4673 τοῖς
1636 4610 1929 4680 προτέροις

356 4699 511 4769 παρά
542 4703 643 4770 τῆς
678 4701 968 4772 ποιητικῆς
998 4702 1105 4754 τῶν
1142 4701 1278 4755 ὅλων
1316 4701 1412 4754 καὶ
1450 4702 1813 4772 προνοητικῆς
1841 4700 1927 4766 ἐξ·

354 4792 548 4856 ουσίας
592 4795 688 4847 καὶ
711 4795 1053 4860 δεσποτείας,
1083 4794 1225 4848 οὕτω
1255 4797 1347 4848 καὶ
1374 4795 1471 4864 τὴν
1500 4796 1715 4864 γένεσιν
1747 4796 1929 4860 ἕξουσι

340 4883 453 4937 ’καὶ
484 4884 584 4956 τὴν
612 4885 827 4955 κίνησιν
868 4885 964 4939 καὶ
1010 4886 1338 4956 συντήρησιν
1371 4885 1530 4956 μέχρι
1563 4886 1661 4955 τῆς
1694 4884 1929 4955 ὁρισθεί-

359 4989 460 5040 σης
486 4974 782 5039 παντελοῦς
808 4975 1301 5045 άποπερατώσεως.
1328 4976 1436 5028 Καὶ
1463 4977 1523 5028 τὸ
1547 4977 1807 5047 παράπαν
1835 4976 1928 5028 οὑ-

357 5062 449 5116 δὲν
488 5064 841 5134 εὑρεθήσεται
893 5068 1089 5135 ἑτέραν
1134 5067 1348 5134 γένεσιν
1379 5068 1535 5137 ἔχον,
1569 5068 1601 5138 ἢ
1648 5067 1800 5131 τάξιν
1836 5067 1932 5120 κιιι)⁵

360 5154 612 5224 κίνησιν·
645 5157 720 5221 ὡς
754 5157 938 5213 λαϐεῖν
971 5178 1090 5213 τινα
1135 5161 1412 5229 πρόφασιν
1454 5160 1682 5230 λαλῆσαι
1716 5161 1809 5212 καὶ
1852 5162 1930 5213 εί-

360 5247 519 5298 πεῖν·
571 5246 668 5299 ἰδὲ
702 5248 860 5302 τοῦτο
885 5250 1068 5303 καινόν
1102 5253 1270 5304 ἐστιν.
1310 5251 1377 5303 Εἴ
1401 5269 1454 5303 τι
1480 5253 1589 5321 γὰρ
1622 5254 1739 5305 κατ’
1766 5253 1934 5322 οὐρα-

362 5336 451 5390 νὸν
487 5336 756 5409 θεωρήσει
803 5357 885 5401 τις
936 5342 1238 5413 παράδοξον
1282 5326 1551 5407 καῖ’ξένον
1584 5343 1641 5395 ἐν
1674 5347 1793 5404 ταῖς
1826 5342 1934 5395 τῶν

364 5433 623 5502 μεγάλων
648 5433 951 5501 φωστήρων
983 5435 1269 5498 ἀνατολαῖς
1296 5436 1389 5488 καὶ
1417 5436 1649 5504 δυσμαῖς
1694 5436 1789 5489 καὶ
1815 5438 1937 5498 ταῖς

363 5523 696 5595 ἐκλείψεσιν,
725 5525 758 5597 ἢ
794 5525 901 5579 τῶν
928 5526 1104 5581 ἄλλων
1127 5526 1374 5599 ἀστέρων
1400 5526 1508 5579 τῶν
1546 5526 1801 5580 ἀπλανῶν
1844 5528 1939 5579 κα)⁸

2094 3321 2449 3393 Progreditur
2477 3324 2695 3395 sapiens
2719 3324 3076 3382 Ecclesiastes
3098 3329 3305 3397 majore
3335 3333 3501 3401 gradu
3526 3334 3592 3388 ad

2025 3417 2346 3485 ampliorem
2385 3433 2603 3487 quoque
2633 3420 3215 3488 comprehensionem;
3267 3424 3432 3478 simul
3475 3427 3597 3480 inli-

2027 3507 2155 3561 nitze
2175 3507 2458 3576 sapientia:
2488 3509 2851 3577 potentiaeque
2892 3510 3090 3565 divina:
3139 3511 3500 3580 majestatem,
3531 3530 3596 3570 ac

2026 3613 2207 3652 rerum
2251 3599 2596 3654 conditarum
2632 3602 2954 3670 obsequium
3006 3612 3062 3657 et
3110 3596 3431 3659 farntilatum
3472 3623 3598 3676 pro-

2026 3690 2197 3745 ducit.
2250 3689 2383 3745 Nam
2440 3693 2545 3756 liis,
2602 3709 2725 3762 quze
2768 3694 2944 3759 modo
2979 3697 3282 3766 proposuit,
3335 3698 3595 3765 declarat,
3649 3708 3660 3720 ‘

2028 3799 2134 3837 non
2170 3786 2345 3838 solum
2376 3801 2461 3849 ea,
2491 3787 2744 3855 quaajatn
2780 3788 2890 3857 28
2922 3799 3047 3841 sunt
3091 3801 3143 3843 et
3177 3790 3452 3854 visuntur,
3487 3792 3603 3845 sin.-

2027 3879 2151 3945 gula
2192 3879 2441 3932 servilem
2480 3880 2900 3947 appellationem
2926 3891 2979 3933 et
3011 3881 3254 3934 habitum
3284 3891 3338 3934 et
3370 3883 3602 3936 {annula-

2029 3978 2143 4021 tum
2174 3983 2298 4038 erga
2332 3979 2611 4024 auctorem
2665 3986 2826 4025 suum
2873 3988 2982 4040 prae
3033 3988 3092 4027 se
3139 3972 3318 4038 ferre;
3369 3977 3464 4029 sed
3512 3976 3601 4031 illa

2028 4056 2213 4123 etiam,
2244 4072 2367 4127 qua:
2421 4041 2663 4112 nondum
2719 4058 2890 4125 fuere,
2922 4077 3156 4130 quaeque
3206 4061 3407 4135 futura,
3434 4072 3487 4118 et
3521 4063 3604 4119 fa-

2029 4146 2222 4200 cienda
2269 4154 2419 4206 sunt,
2479 4147 2568 4210 iis,
2608 4162 2729 4216 qua:
2773 4148 2884 4217 jam
2933 4153 3281 4215 exstiterunt,
3313 4167 3602 4207 accessura

2030 4255 2152 4295 esse
2171 4239 2531 4309 eamdemque
2558 4240 2759 4295 initura
2792 4243 2959 4308 viam,
2989 4259 3111 4297 cum
3140 4244 3349 4299 ratione
3370 4246 3607 4311 ordinis,

2032 4340 2146 4388 tum
2169 4347 2297 4387 vero
2320 4331 2633 4389 Conditoris
2662 4343 2718 4387 t-t
2743 4334 2958 4388 Domini
2985 4337 3067 4390 sui
3098 4350 3285 4402 causa,
3305 4337 3392 4392 cui
3416 4353 3607 4408 parere

2032 4425 2283 4480 debent:
2344 4425 2527 4493 itaque
2578 4426 2843 4495 quidquid
2894 4425 3140 4481 futurum
3190 4437 3244 4482 et
3293 4427 3604 4485 faciendum

2032 4520 2136 4579 est,
2176 4512 2324 4567 nulla
2352 4527 2415 4567 ex
2446 4520 2603 4582 parte
2634 4515 2902 4570 dissimile
2928 4517 3231 4572 alterumve
3263 4520 3331 4574 ab
3363 4519 3430 4574 iis
3464 4520 3600 4584 fore,

2035 4620 2157 4676 qum
2188 4614 2343 4660 aetate
2375 4607 2647 4677 majorum
2678 4609 2954 4664 exstitere.
2985 4609 3164 4680 Atque
3194 4612 3357 4667 etiam
3390 4614 3455 4668 ad
3476 4629 3601 4668 eum

2037 4706 2301 4763 tenorem,
2328 4698 2421 4767 qui
2453 4700 2666 4753 caeteris
2688 4699 2874 4767 rebus,
2905 4717 3027 4771 quae
3042 4702 3153 4772 jam
3186 4718 3600 4773 praecesserunt,

2036 4787 2105 4842 ab
2126 4788 2514 4844 universorum
2531 4790 2787 4847 eﬂ'ectore
2805 4802 2860 4848 et
2880 4792 3112 4849 Domino
3128 4797 3605 4865 providentissimo

2036 4881 2394 4950 praescriptus
2421 4893 2526 4946 est,
2559 4883 2825 4955 originem
2861 4887 3074 4956 singula
3105 4889 3352 4943 eamdem
3383 4899 3439 4945 et
3486 4907 3602 4946 mo-

2037 4980 2152 5027 tum
2183 4981 2238 5027 et
2268 4984 2466 5030 statum
2502 4976 2689 5031 tandiu
2722 4978 3017 5042 habebunt,
3044 4980 3173 5034 dum
3209 4981 3462 5037 detinitos
3504 4984 3598 5039 sili

2039 5064 2304 5119 terminos
2332 5066 2620 5136 attingant.
2654 5066 2797 5123 Nihil
2852 5086 3046 5141 nempe
3095 5072 3327 5129 inveniri
3379 5090 3601 5143 usquant

2038 5157 2256 5226 poterit,
2288 5158 2376 5212 cui
2407 5159 2511 5213 alia
2544 5161 2718 5230 origo,
2756 5162 2895 5217 alius
2929 5165 3085 5227 ordo,
3122 5166 3263 5221 alius
3292 5167 3364 5221 sit
3394 5176 3603 5233 motus;

2039 5247 2297 5318 nullaque
2345 5265 2406 5305 se
2445 5252 2698 5321 cuiquam
2739 5258 2959 5311 occasio
3006 5256 3197 5313 oﬂ‘eret
3242 5259 3497 5329 loquendi
3525 5260 3608 5313 di-

2038 5340 2305 5409 cendique
2329 5358 2341 5393 :
2367 5339 2506 5397 Ecce
2530 5343 2632 5397 hoc
2656 5359 2846 5401 recens
2871 5358 2974 5403 est.
3003 5347 3140 5403 Nam
3163 5350 3211 5405 si
3240 5351 3367 5421 quid
3394 5351 3447 5404 in
3471 5352 3607 5406 caelo

2038 5431 2163 5501 quis
2213 5431 2413 5487 viderit.
2448 5435 2790 5506 inopinatum
2845 5457 2909 5497 ac
2947 5459 3148 5497 novum
3187 5446 3242 5499 in
3285 5461 3610 5516 magnorum

2043 5522 2308 5577 luminum
2343 5536 2437 5580 aut
2484 5530 2539 5583 in
2573 5544 2891 5588 czeterarum
2925 5537 3227 5605 stellarum,
3264 5545 3320 5593 et
3348 5555 3469 5609 quae
3496 5540 3616 5595 lixa:

435 5734 548 5804 (51)
572 5733 733 5814 apud.
751 5730 914 5813 LZKX,
942 5740 1025 5787 est
1050 5731 1156 5814 Ἴδε
1181 5732 1340 5785 τοῦτο
1402 5732 1591 5814 καινόν
1649 5734 1817 5814 ἐστιν.
1883 5732 1922 5788 Ο

2022 5739 2301 5807 rpiodorus
2361 5739 2489 5812 legit
2538 5742 2597 5793 ὲν
2640 5741 2751 5804 ταῖς
2806 5740 2964 5794 αἱῶσι
3004 5743 3112 5806 τοῖς
3149 5743 3463 5814 γενομένοις
3507 5744 3615 5800 ἀπὸ

363 5801 679 5893 ἔμπρξσθεν
710 5804 889 5875 ήμῶν,
925 5814 983 5857 ut
1024 5810 1107 5881 es}
1139 5804 1192 5855 in
1221 5807 1453 5873 exempl.
1490 5802 1619 5857 edit.
1656 5801 1830 5860 Vatic.

3572 6498 3775 6509 ﬁer-AyN“
3786 6498 3827 6509 ρ.
