4172 6516
636 386 737 447 733

1773 383 1833 443 S.
1870 381 2247 444 GREGORII
2300 380 2811 440 AGRIGENTINI
3804 376 3894 439 784

635 511 690 553 et
719 512 842 566 qua:
870 504 1119 550 errantes
1149 504 1301 560 sunt,
1336 505 1482 558 ortu,
1518 510 1739 561 occasu,
1770 496 2021 563 defectu;
2054 496 2139 549 vel
2171 495 2217 548 si

2326 494 2433 547 τῶν
2456 494 2745 562 πλανητῶν
2766 508 2779 519 '
2813 492 2895 544 ἔτι
2934 491 2990 544 δὲ
3038 489 3135 543 καὶ
3166 489 3308 543 κατά
3358 489 3455 557 τὴν
3490 488 3597 558 γῆν
3642 487 3736 540 καὶ
3769 496 3896 543 κατα

631 590 763 658 quid
806 589 1077 659 ejusmodi
1124 589 1355 643 interra
1401 597 1493 643 aut
1542 592 1597 644 in
1632 591 1768 644 mari
1803 591 2223 662 deprehenderit

633 695 711 738 tot
752 684 893 738 inter
931 683 1292 736 animantium
1330 700 1549 754 genera,
1582 693 1801 754 tamque
1836 685 2013 739 varias
2056 685 2217 755 plan-

633 786 811 828 tarum
848 775 1046 840 stirpes
1081 784 1135 829 et
1190 784 1470 843 pratorum
1520 776 1902 841 ammnitates;
1945 777 2120 830 multo
2168 776 2219 829 id

630 879 791 922 antea
839 869 959 931 l’uit,
992 874 1047 920 et
1092 866 1231 920 nihil
1270 868 1497 921 omnino
1544 869 1840 935 diversum,
1878 868 1993 923 sive
2037 878 2219 923 ortum

630 970 865 1028 spectes,
901 960 1019 1013 sive
1051 967 1327 1026 naturam,
1360 961 1475 1015 sive
1505 961 1779 1025 ordinem,
1816 962 1932 1016 sive
1966 970 2215 1026 motum;

629 1054 835 1123 quippe
893 1068 981 1108 res
1032 1067 1244 1119 omnes,
1288 1054 1371 1107 vel
1396 1053 1508 1123 jam
1561 1054 1851 1118 exsistant,
1895 1054 1979 1108 vel
2019 1052 2222 1109 futura:

632 1148 763 1208 sint,
799 1146 998 1200 divina:
1026 1146 1297 1199 voluntati
1339 1145 1783 1215 przescriptisque
1824 1145 1981 1200 initio
2008 1146 2220 1215 legibus

633 1237 951 1309 necessario
998 1236 1399 1305 obsequuntur.
1456 1235 1803 1305 Quapropter
1859 1234 2032 1290 Oseas
2089 1250 2219 1304 pro-

634 1330 794 1399 pheta
816 1328 1171 1383 Conditorem
1198 1329 1401 1398 ipsum,
1427 1328 1521 1398 qui
1542 1330 1868 1383 saeculorum
1894 1337 2086 1381 auctor
2114 1335 2221 1393 est,

614 1416 887 1491 idemque
927 1422 1313 1476 universorum
1366 1421 1717 1485 constitutor,
1780 1422 1861 1475 sic
1908 1421 2220 1489 loquentem

634 1514 849 1569 induxit
870 1532 884 1568 :
909 1534 926 1565 ι
960 1514 1073 1584 Ego
1103 1514 1368 1569 Dominus
1398 1514 1540 1570 Deus
1568 1523 1719 1581 tuus,
1740 1513 1966 1568 ﬁrmans
1996 1513 2218 1578 coelum,

632 1619 687 1664 et
723 1618 922 1663 terram
961 1609 1205 1663 comicus
1242 1609 1388 1678 (52);
1429 1627 1447 1660 ι
1484 1608 1687 1677 quibus
1734 1606 1919 1661 verbis
1974 1606 2218 1659 divinam

634 1702 907 1772 signiﬁcat
934 1702 1255 1771 potentiam,
1308 1718 1428 1771 qua:
1462 1701 1688 1771 provide
1719 1708 2015 1767 utrumque
2070 1698 2220 1754 fovet

631 1805 797 1865 atque
828 1803 1028 1859 tuetur,
1058 1794 1422 1863 ostenditque,
1478 1794 1571 1865 qui
1609 1794 1808 1849 C(elum
1841 1793 1909 1848 ab
1940 1793 2096 1847 initio
2122 1792 2217 1847 ﬁr-

636 1888 805 1942 mavit
842 1886 1203 1957 fundavitque
1259 1895 1483 1950 terram.
1531 1901 1627 1956 per
1678 1900 1803 1940 eum
1845 1899 1992 1940 nunc
2053 1885 2220 1939 etiam

636 1994 856 2034 manere
881 1988 1194 2048 utrumque,
1220 1988 1275 2032 et
1305 1994 1412 2032 una
1443 1978 1561 2048 ejus
1614 1978 1803 2032 divina
1848 1986 2011 2046 atque
2041 1978 2219 2030 omni-

636 2072 840 2142 potenti
867 2072 1146 2126 voluntate
1174 2079 1451 2126 constare.
1490 2070 1636 2123 l\'ihil
1667 2069 1827 2139 igitur
1860 2068 1959 2123 sub
1988 2068 2104 2123 sole
2129 2083 2217 2123 re—

634 2181 786 2229 cens,
824 2164 957 2217 nihil
978 2164 1139 2233 plane
1173 2179 1373 2217 novum
1399 2170 1587 2216 natum
1618 2171 1739 2217 est:
1771 2160 2216 2232 quandoquidem

634 2262 925 2333 praesentia
954 2275 1107 2330 aeque
1138 2268 1191 2313 et
1219 2257 1401 2313 futura
1445 2256 1693 2311 eamdem
1725 2253 1911 2309 omnia
1951 2252 2217 2323 originem

633 2365 687 2408 et
730 2362 936 2406 motum
976 2351 1181 2405 habent
1232 2366 1246 2403 :
1307 2348 1492 2418 itaque
1525 2356 1580 2401 et
1623 2346 1749 2401 cmli
1789 2346 1907 2399 sine
1943 2342 2219 2397 intermis-

633 2445 789 2500 sione
820 2443 1051 2513 gloriam
1085 2442 1180 2496 Dei
1226 2450 1505 2505 enarrant,
1538 2454 1601 2494 ac
1650 2438 1768 2492 dies
1820 2437 1949 2503 diei,
2000 2449 2219 2505 noxque

632 2538 780 2591 nocti
807 2536 1095 2591 elfectricis
1125 2534 1476 2605 providzeque
1505 2532 1786 2602 sapientiae
1817 2530 2087 2584 infinitam
2121 2544 2218 2599 po-

635 2641 885 2686 testatem
934 2630 1204 2691 enuntiat,
1246 2628 1355 2697 29
1406 2643 1506 2681 nec
1568 2640 1696 2680 vero
1741 2625 1923 2678 minus
1970 2634 2115 2677 terra
2164 2631 2220 2677 et

635 2738 787 2777 mare
840 2720 1320 2776 terminationibus
1377 2720 1486 2773 illis
1550 2718 1666 2773 suis
1717 2727 1771 2772 et
1823 2716 2110 2771 ordinibus
2162 2724 2217 2769 et

634 2816 827 2869 mortis
850 2814 1081 2883 vitaeque
1110 2811 1487 2868 vicissitudine
1518 2819 1572 2865 et
1601 2810 1960 2866 concitatiore
1984 2819 2135 2863 motu
2164 2817 2219 2862 et

631 2926 845 2964 summa
880 2910 1085 2979 quiete,
1120 2919 1377 2978 tanquam
1408 2906 1635 2962 vocibus
1666 2906 1995 2976 quibusdam
2032 2903 2219 2958 ineffa-

633 3004 833 3057 bilibus
877 3004 1165 3057 Demittunt
1218 3018 1379 3055 suum
1420 3001 1700 3056 celebrat:
1738 2999 1872 3053 nihil
1904 3007 1959 3052 ut
1985 2998 2219 3068 posteri-

631 3100 727 3149 tati
786 3106 990 3149 nostrre
1034 3096 1284 3149 relictum
1342 3093 1436 3155 sit.
1487 3093 1633 3163 quod
1688 3106 1889 3145 novum
1929 3105 1992 3144 ac
2027 3105 2217 3143 recens

2324 588 2421 657 τὴν
2473 586 2751 640 θάλασσαν
2799 587 2858 637 ὲν
2903 586 3016 645 τοῖς
3069 582 3337 645 ποικίλοις
3395 582 3492 634 καὶ
3541 581 3917 653 παντοδαποῖς,

2324 680 2484 746 ζώοις
2533 696 2594 732 τε
2639 680 2733 733 καὶ
2792 681 2985 748 φυτοῖς
3041 678 3137 731 καὶ
3190 676 3423 746 λειμῶσι
3457 692 3471 705 ·
3508 676 3672 728 τοῦτο
3726 675 3917 748 πολλῷῗ

2325 774 2517 844 πρώην
2548 773 2761 843 ὑπῆρξε
2798 773 2939 827 κατά
2968 772 3039 825 τὰ
3076 771 3219 826 αὑτά
3259 769 3353 825 καὶ
3386 769 3655 831 ὡσαύτως
3688 770 3781 821 καὶ
3810 768 3901 839 τήν

2323 867 2539 935 γένεσιν
2569 865 2824 935 έσχηκὺς,
2849 864 2944 917 καὶ
2963 863 3064 933 τὴν
3092 863 3371 923 οὐσίωσιν,
3394 863 3488 915 καὶ
3513 862 3615 932 τὴν
3643 861 3794 927 τάξιν
3815 862 3901 914 καὶ

2324 959 2558 1028 κίνησιν,
2588 960 2809 1012 πάντων
2839 956 2918 1027 τῷ
2953 957 3084 1027 θείῳ
3127 956 3429 1026 βουλήματι
3467 955 3564 1008 καὶ
3592 954 3899 1024 ψηφίσματι

2322 1053 2383 1107 τὸ
2414 1051 2697 1121 καταρχὰς
2727 1050 3003 1103 ὲκτεθέντι
3036 1049 3481 1120 πειθαρχούντων
3514 1048 3901 1117 ἀπαραιτήτως

2324 1146 2418 1200 καὶ
2443 1144 2551 1197 τῶν
2575 1144 2745 1196 ὄντων
2774 1143 2875 1214 ήδη
2912 1143 3141 1195 καὶτῶν
3171 1141 3581 1213 γενησομένων.
3612 1141 3716 1193 Διά
3751 1139 3899 1193 τοῦτό

2324 1255 2489 1308 φησιν
2530 1237 2688 1308 Ὠσηὲ
2734 1240 2763 1292 ό
2809 1237 3098 1308 προφήτης
3142 1235 3201 1299 ἐξ
3246 1234 3415 1288 αὑτοῦ
3468 1232 3769 1304 προσώπου
3812 1232 3898 1285 τοῦ

2324 1333 2610 1395 κτίσαντος
2657 1332 2784 1394 τοὺς
2852 1330 3059 1392 αἰῶνας
3103 1330 3198 1381 καὶ
3235 1328 3308 1380 τὰ
3353 1328 3531 1382 πάντα
3562 1328 3900 1381 κατασκευά-

2325 1439 2548 1486 σαντοςο
2582 1444 2599 1474 ι
2644 1423 2785 1492 Ἐγὼ
2808 1422 3014 1494 Κύριος
3041 1426 3068 1475 ὁ
3091 1421 3224 1484 Θεός
3254 1438 3370 1485 σου,
3404 1419 3649 1490 στερεῶν
3688 1420 3901 1490 οὐρανὸν

2324 1516 2418 1571 καὶ
2445 1516 2647 1580 κτίζων
2685 1519 2790 1588 γῆν
2810 1532 2824 1547 ⁸
2864 1535 2882 1567 t
2928 1515 3029 1585 τὴν
3066 1515 3395 1582 συνεκτικὴν
3420 1515 3514 1567 καὶ
3545 1514 3900 1585 προνοητικὴν

2323 1612 2419 1663 καὶ
2480 1610 2757 1679 σωστικὴν
2816 1610 3097 1680 ἑκατέρων
3161 1608 3312 1660 Θείαν
3369 1606 3604 1677 δύναμιν
3664 1606 3899 1660 ἐντεῦθεν

2324 1702 2821 1772 παραινιττόμενος
2854 1702 2949 1754 καὶ
2978 1701 3219 1765 δεικνὺς,
3244 1700 3319 1764 ὡς
3352 1700 3666 1772 στερεώσας
3698 1700 3789 1753 τὸν
3816 1701 3900 1753 οὑ-

2326 1795 2507 1865 ρανὸν,
2550 1796 2647 1847 καὶ
2681 1793 3028 1864 θεμελιώσας
3057 1794 3155 1864 τὴν
3195 1792 3301 1863 γῆν
3334 1795 3622 1865 καταρχὰς
3644 1835 3660 1859 ,
3693 1794 3786 1847 καὶ
3814 1794 3901 1847 νῦν

2322 1887 2504 1939 δίδωσι
2556 1890 2667 1949 τοῖς
2709 1886 3043 1958 ἀμφοτέροις
3079 1887 3227 1958 μόνῳ
3269 1886 3348 1957 τῷ
3394 1887 3524 1958 θείῳ
3572 1888 3675 1941 καὶ
3716 1906 3903 1941 παντο-

2320 1980 2543 2050 δυνάμῳ
2592 1979 2893 2051 βουλήματι
2941 1981 3043 2051 τὴν
3090 1980 3357 2052 διαμονὴν
3410 1981 3507 2033 καὶ
3553 1982 3897 2052 συντήρησιν.

2322 2074 2486 2129 Οὐδὲν
2536 2072 2632 2126 οὖν
2678 2074 2994 2144 πρόσφατον
3040 2073 3144 2127 ὑπὸ
3186 2072 3279 2127 τὸν
3320 2073 3491 2145 ἥλιον,
3536 2075 3569 2143 ἢ
3628 2075 3813 2128 καινὸν
3847 2075 3902 2129 τὸ

2324 2167 2544 2219 σύνολον
2583 2167 2795 2236 πέφυκε
2818 2182 2831 2194 ·
2875 2166 3052 2220 πάντα
3098 2166 3207 2236 γὰρ
3240 2166 3309 2220 τὰ
3354 2166 3483 2219 ὄντα
3518 2168 3615 2220 καὶ
3642 2167 3713 2220 τὰ
3746 2185 3902 2239 γενη-

2323 2261 2526 2330 σόμενα
2544 2261 2641 2330 τῆς
2661 2260 2833 2331 αὐτῆς
2864 2260 3079 2330 ἔχονται
3111 2260 3205 2313 καὶ
3233 2259 3523 2329 γενέσεως,
3554 2261 3656 2314 καὶ
3682 2262 3898 2327 τάξεως,

2322 2356 2418 2407 καὶ
2457 2357 2759 2426 κινήσεως·
2801 2355 2895 2406 καὶ
2942 2353 3258 2425 διηγοῦνται
3306 2354 3404 2424 μὲν
3452 2356 3502 2407 οἱ
3550 2355 3777 2425 οὐρανοὶ
3816 2354 3901 2406 τοῦ

2320 2448 2456 2501 Θεοῦ
2478 2449 2577 2519 τὴν
2599 2449 2760 2514 δόξαν
2797 2448 3115 2514 ἀπαύστως,
3150 2450 3242 2501 καὶ
3281 2448 3465 2519 ἡμέρα
3500 2450 3565 2519 τῇ
3601 2448 3788 2519 ἡμέρᾳ
3818 2464 3905 2501 και

2320 2539 2418 2603 νὺξ
2454 2542 2521 2609 τῇ
2568 2539 2724 2591 νυκτὶ
2767 2538 3073 2607 διαγγέλλει
3116 2540 3218 2610 τῆς
3264 2539 3555 2611 ποιητικῆς
3607 2539 3778 2593 αὑτοῦ
3820 2541 3903 2592 καὶ

2322 2633 2687 2702 προνοητικῆς
2744 2630 2937 2699 σοφίας
2998 2632 3099 2702 τὴν
3144 2632 3374 2699 ἄπειρον
3422 2631 3676 2701 δύναμιν.
3730 2632 3904 2703 Παραρ

2323 2724 2567 2795 πλησίως
2604 2724 2789 2794 μέντοι
2827 2725 2920 2776 καὶ
2948 2726 2980 2792 ἠ
3014 2726 3084 2792 γῆ
3116 2725 3211 2777 καὶ
3242 2726 3277 2793 ή
3310 2723 3559 2777 θάλασσα
3598 2725 3724 2786 ταῖς
3754 2723 3903 2785 ίδίαις

2318 2815 2646 2885 ὁροθεσίαις,
2663 2816 2757 2868 καὶ
2772 2815 2983 2881 τάξεσι,
3000 2816 3094 2869 καὶ
3116 2812 3360 2886 θνήξεσι,
3378 2815 3472 2869 καὶ
3498 2814 3666 2869 πάλιν
3682 2815 3904 2871 ἀναϐιώ-

2322 2926 2458 2976 σεσι,
2489 2910 2581 2963 καὶ
2596 2909 2979 2980 σφοδροτέραις
3000 2910 3269 2979 κινήσεσι,
3299 2908 3393 2962 καὶ
3426 2909 3755 2963 παντελὲσιν
3786 2912 3905 2980 ἡρε-

2323 3004 2474 3074 μίαις
2503 3004 2883 3073 διεγνωσμένη
2914 3005 3034 3057 κατ’
3072 3004 3224 3056 οὐδὲν
3268 2998 3434 3073 ἦττον
3479 3004 3769 3075 ἀλαλήτοις
3796 3023 3905 3074 φω-

2320 3099 2436 3160 ναῖς
2472 3098 2704 3167 ἀνυμνεῖ
2727 3096 2820 3149 τὸν
2856 3097 2987 3150 ίδιον
3014 3096 3292 3166 Δεσπότην
3319 3114 3332 3127 ·
3358 3095 3434 3159 ώς
3465 3097 3601 3167 μηδὲ
3628 3097 3902 3151 ὑπολελεῖ.

631 3189 806 3243 videri
831 3190 1047 3245 debeat.
1076 3186 1288 3241 Idcirco
1314 3186 1531 3255 sapiens
1572 3180 1939 3239 Ecclesiastes
1972 3183 2170 3250 adjecit
2201 3201 2213 3235 :

2322 3189 2455 3257 φθαι
2495 3192 2610 3251 τοῖς
2655 3190 3135 3260 μεταγενεστέρως
3182 3190 3573 3260 γενησομένοις
3615 3191 3803 3245 καινόν
3846 3208 3900 3243 τε

636 3303 658 3334 ο
687 3282 807 3338 Jam
861 3282 965 3337 iuit
1016 3284 1069 3335 in
1108 3281 1345 3346 sacculis,
1398 3296 1519 3349 quae
1567 3279 1792 3333 fuerunt
1841 3286 1968 3331 ante
2016 3292 2138 3331 nos.
2194 3295 2213 3328 ι

636 3374 913 3445 Quidquid
945 3375 1091 3430 enim
1123 3373 1433 3428 faciendum
1466 3374 1558 3435 sit,
1590 3371 1703 3442 jam
1752 3370 1955 3426 factum
1993 3369 2219 3424 omnino

632 3479 909 3539 repertum
950 3478 1052 3531 est,
1085 3468 1161 3521 ait
1188 3464 1420 3520 subinde
1446 3483 1460 3521 ς

2323 3284 2416 3336 καὶ
2469 3283 2803 3352 πρόσφατον.
2866 3283 3073 3337 Τοὺτου
3124 3286 3283 3355 χάριν
3339 3287 3620 3353 ἐπήγαγεν
3670 3285 3699 3336 ὁ
3748 3286 3901 3353 σοφὸς

2334 3376 2771 3446 Ἐκκλησιαστής
2796 3392 2809 3407 ο
2852 3396 2869 3427 ι
2906 3376 3046 3446 Ἤδη
3092 3376 3317 3445 γέγονεν
3359 3378 3417 3429 ἐν
3451 3381 3563 3442 τοῖς
3592 3379 3759 3432 αῖῶσι
3797 3382 3901 3443 τοῖς

2324 3465 2713 3536 γεγενημένοις
2745 3465 2853 3519 ἀπὺ
2894 3464 3208 3537 ἔμπροσθεν
3260 3465 3434 3536 ήμῶν.
3471 3485 3489 3517 ι
3542 3470 3658 3521 Πᾶν
3704 3468 3811 3539 γὰρ
3846 3469 3900 3520 τὸ

2321 3558 2684 3627 γενησόμενον
2746 3556 2850 3627 ήδη
2902 3559 3130 3627 γεγονὸς
3184 3557 3417 3630 εὓρηται
3471 3558 3717 3624 πάντως.
3776 3556 3902 3614 Εἷτά

2324 3666 2491 3720 φησιν
2512 3665 2525 3679 ⁸

2170 3764 2336 3835 §xn.

709 3879 869 3935 Vens.
905 3880 992 3933 ll.
1022 3876 1147 3932 Non
1174 3887 1250 3932 est
1289 3877 1544 3931 memoria
1569 3876 1785 3946 primis,
1807 3876 2089 3947 etquidem
2119 3894 2216 3930 no-
2288 3866 2295 3873 ’

634 3976 885 4040 cissimis,
926 3989 1043 4027 cum
1078 3973 1223 4041 facta
1258 3972 1481 4039 fuerint,
1536 3988 1639 4023 non
1669 3972 1771 4025 erit
1799 3971 1930 4041 ipsis
1966 3973 2220 4025 memoria

631 4086 751 4125 cum
782 4070 878 4134 eis,
910 4068 1001 4137 qui
1032 4066 1200 4136 futuri
1231 4077 1355 4119 sunt
1387 4066 1440 4119 in
1474 4065 1757 4119 novissimo
1793 4064 1929 4135 (55).

703 4161 1003 4217 Circularis
1035 4160 1298 4228 temporis
1347 4173 1547 4212 cursus
1586 4158 1642 4211 in
1696 4158 1878 4213 medio
1920 4158 2006 4212 sui
2047 4157 2218 4226 ipsius

634 4255 815 4309 omnia
841 4254 1211 4324 complectens
1254 4268 1319 4306 ac
1361 4252 1844 4314 circumscribens,
1884 4250 2042 4320 quasi
2093 4259 2214 4304 rota

633 4348 879 4419 quaedam
929 4355 1191 4417 perpetuo
1238 4355 1358 4399 aeta
1418 4353 1592 4409 motu,
1648 4344 1729 4397 sic
1760 4358 1875 4406 eos,
1920 4343 2013 4411 qui
2057 4344 2222 4396 modo

635 4444 796 4498 utiles
830 4452 885 4497 et
914 4442 1070 4506 clari,
1105 4442 1309 4512 quique
1344 4440 1559 4494 molesti
1618 4448 1779 4508 atque
1818 4439 2036 4509 inglorii
2072 4450 2218 4501 sunt,

635 4536 971 4597 manifestat,
1023 4542 1080 4587 ιιι
1106 4549 1229 4604 qua:
1263 4533 1501 4602 primum
1552 4531 1922 4600 contigerunt,
1957 4531 2220 4586 oblivioni

633 4632 760 4685 det:
798 4629 883 4683 vel
929 4627 1074 4697 quod
1135 4627 1374 4679 humana
1424 4639 1579 4678 mens
1629 4624 2031 4692 preteritorum
2077 4622 2221 4678 facta

2395 3884 2517 3937 Οὐκ
2543 3882 2677 3937 ἔστι
2701 3881 2912 3952 μνήμη
2932 3900 3061 3950 τοις
3079 3883 3354 3953 πρώτοις,
3376 3884 3478 3938 καί
3499 3900 3568 3954 τε
3586 3883 3716 3949 τοῖς
3731 3883 3903 3952 ἐσχάν

2320 3989 2447 4039 τοις
2481 3974 2832 4044 γενομένοις
2871 3976 2983 4028 οὐκ
3028 3974 3201 4028 ἐσται
3247 3975 3452 4041 αὐτοῖς
3497 3976 3712 4045 μνήμη
3757 3975 3903 4045 μετά

2318 4066 2435 4120 τῶν
2458 4067 2884 4136 γενησομένων
2911 4070 2999 4132 εὶς
3028 4065 3143 4134 τὴν
3174 4067 3469 4136 ἐσχάτην.

2389 4160 2664 4223 Κυκλικὸς
2692 4161 2895 4231 δρόμος
2930 4159 3023 4212 τοῦ
3050 4160 3243 4231 χρόνου
3280 4162 3444 4231 μέσον
3481 4160 3678 4215 ἑαυτοῦ
3726 4178 3902 4215 παντα

2318 4251 2704 4321 διαλαμΰάνων
2735 4253 2831 4305 καὶ
2862 4251 3248 4323 περιγράφων,
3275 4250 3386 4304 οἷόν
3410 4269 3493 4315 τις
3512 4254 3712 4323 τροχὸς
3733 4255 3902 4308 ἄπαυ-

2324 4361 2450 4397 στον
2501 4345 2640 4415 ἔχων
2684 4345 2785 4417 τὴν
2837 4346 3052 4416 κίνησιν
3095 4345 3153 4397 ὲν
3206 4346 3273 4415 τῇ
3321 4344 3625 4415 φανερώσει
3660 4348 3775 4399 τῶν
3812 4345 3899 4398 νῦν

2322 4436 2577 4505 χρηστῶν
2626 4436 2723 4491 καὶ
2769 4436 3018 4500 ἐνδόξων,
3071 4436 3104 4507 ἢ
3150 4436 3416 4507 λυπηρῶν
3468 4439 3563 4490 καὶ
3596 4437 3801 4502 ἀδόξων
3836 4441 3897 4509 τῇ

2323 4527 2459 4599 λήθῃ
2490 4528 2557 4581 τὰ
2581 4528 2776 4599 πρώην
2808 4527 3205 4599 παρέπεμψεν·
3238 4526 3270 4597 ἢ
3305 4527 3381 4591 ώς
3414 4529 3683 4598 μηδαμῶς
3720 4529 3896 4596 ἀξιού-

2324 4638 2425 4690 σης
2451 4622 2553 4691 τῆς
2581 4621 2929 4690 ἀνθρωπίνης
2959 4620 3202 4684 διανοίας
3243 4622 3301 4673 ἐν
3329 4623 3441 4684 τοῖς
3480 4621 3650 4686 ἀξίοις
3683 4624 3898 4692 μνήμης

634 4734 892 4790 tanquam
934 4736 1098 4789 prava
1128 4728 1184 4773 et
1220 4717 1385 4779 mala,
1425 4715 1566 4769 inter
1596 4730 1685 4779 ea,
1720 4730 1844 4785 qua:
1875 4730 2217 4770 commemo-

2322 4715 2527 4769 τιθέναι
2558 4715 2669 4768 τῶν
2702 4715 3113 4786 παρῳχηκότων
3144 4715 3247 4785 τὴν
3283 4714 3484 4786 πρᾶξιν
3513 4715 3588 4779 ὡς
3622 4717 3900 4787 μοχθηρὰν

634 4814 847 4868 ratione
870 4813 1032 4880 digna
1065 4817 1215 4873 sunt,
1248 4822 1535 4863 recensere
1564 4822 1628 4863 ac
1658 4822 1862 4876 ponere
1891 4808 2068 4875 nolit;
2100 4808 2215 4863 sive

632 4906 780 4976 quod
834 4918 977 4973 aegre
1029 4915 1243 4965 eorum,
1299 4913 1421 4968 quae
1473 4898 1829 4960 transierunt,
1890 4900 2212 4954 memoriam

633 4996 957 5053 consociare
991 5008 1116 5048 cum
1148 4991 1506 5062 prtesentibus
1540 4993 1728 5060 possit.
1759 4988 1962 5044 Verum
2002 5006 2107 5044 non
2140 4991 2213 5046 ita

636 5090 899 5146 memoria
937 5100 1129 5141 eorum
1182 5086 1579 5145 intermoritur,
1612 5084 1707 5153 qui
1761 5083 2019 5136 virtutem
2064 5082 2216 5137 omni

633 5185 816 5239 studio
850 5179 1088 5250 amplexi
1130 5178 1211 5232 sic
1249 5177 1317 5231 ad
1347 5192 1623 5230 summum
1662 5175 1890 5245 justitia:
1942 5175 2220 5245 fastigium

635 5290 953 5347 pervenere,
995 5283 1057 5327 ut
1104 5271 1303 5326 idonea
1348 5269 1474 5323 vita:
1511 5269 1843 5323 documenta
1872 5277 1928 5323 et
1956 5268 2221 5323 salutaria

634 5382 837 5427 sanctae
886 5366 1254 5423 institutionis
1284 5364 1533 5434 exempla
1591 5361 1895 5432 posteritati
1947 5361 2223 5429 relinque-

635 5474 775 5518 rent.
832 5462 945 5516 Soli
976 5462 1121 5516 enim
1179 5460 1431 5515 laborum
1464 5472 1691 5512 suorum
1726 5456 1950 5510 uberem
1980 5454 2217 5509 fructum

635 5565 925 5627 ceperunt,
958 5554 1160 5610 bonam
1215 5553 1425 5609 scilicet
1452 5552 1775 5606 memoriam
1813 5569 1826 5605 :
1856 5550 2219 5619 quemadmo-

638 5651 767 5704 dum
802 5649 1071 5718 scriptum
1125 5658 1205 5703 est
1240 5665 1253 5705 :
1321 5665 1341 5697 ι
1382 5644 1646 5702 Memoria
1695 5644 1831 5716 justi
1863 5660 1989 5700 cum
2032 5643 2220 5701 .laudi-

711 5783 825 5859 (.532)
854 5781 993 5859 ρέος
1014 5800 1137 5859 aut,
1163 5783 1216 5846 4,
1241 5799 1364 5859 quae
1387 5794 1568 5859 tamen
1590 5782 1865 5859 desuntin
1889 5782 1975 5859 ed.
2005 5781 2215 5859 Compl.

710 5855 823 5925 (53)
853 5853 993 5909 LXX
1027 5855 1299 5911 habent...
1335 5855 1447 5908 Οὐκ
1479 5854 1631 5908 ἔσται
1658 5854 1836 5907 αὐτῶν
1862 5854 2072 5925 μνήμη.
2103 5855 2219 5909 Cat:-

2322 4809 2417 4861 καὶ
2446 4808 2660 4877 φαύλην
2682 4826 2694 4837 ·
2742 4808 2774 4878 ἢ
2808 4808 2883 4871 ὡς
2912 4809 3011 4861 οὐκ
3043 4810 3451 4879 ἐφικνουμένης
3487 4810 3629 4879 μετά
3672 4812 3781 4864 τῶν
3820 4812 3899 4863 ἐν·

2322 4898 2575 4950 εστώτων
2635 4899 3161 4970 συμπαρακατέχειν
3214 4901 3308 4954 καὶ
3367 4900 3467 4971 τὴν
3519 4902 3744 4972 μνήμην
3799 4902 3900 4954 τῶν

2324 4990 2797 5063 παρεληλυθότων.
2839 4992 2988 5062 Πλὴν
3017 4993 3117 5063 τῆς
3149 4994 3373 5064 μνήμης
3416 4995 3525 5046 τῶν
3569 4994 3671 5065 τὴν
3703 4995 3899 5064 ἀρετὴν

2321 5082 2518 5145 ὑλικῶς
2556 5082 2938 5153 ἀσκησάντων,
2986 5086 3082 5137 καὶ
3128 5085 3265 5155 πρὸς
3308 5086 3370 5138 τὸ
3411 5088 3513 5156 τῆς
3556 5086 3897 5153 δικαιοσύνης

2319 5176 2490 5246 ἀκρον
2516 5176 2867 5248 ἀφικομένων
2887 5194 2899 5207 ·
2920 5179 3016 5232 καὶ
3044 5180 3464 5249 προγράμματα
3492 5181 3777 5251 πρακτικά
3808 5180 3898 5231 καὶ

2319 5271 2746 5342 παραδείγματα
2799 5271 3096 5343 ψυχωφελῆ
3143 5273 3236 5325 καὶ
3284 5276 3531 5344 σωτήρια
3579 5275 3691 5336 τοῖς
3733 5288 3894 5343 μετα-

2318 5365 2663 5436 γενεστέροις
2717 5366 3147 5421 καταλιπόντων.
3208 5360 3371 5419 Οὗτοι
3437 5366 3546 5437 γὰρ
3602 5366 3755 5437 μόνοι
3809 5364 3897 5417 καὶ

2323 5458 2647 5530 περίσσειαν
2674 5460 2831 5530 ἔσχον
2853 5463 2911 5514 ὲν
2941 5461 3105 5514 παντὶ
3132 5460 3318 5531 μόχθῳ
3342 5461 3543 5526 αὐτῶν,
3570 5461 3669 5531 τὴν
3693 5459 3893 5528 ἀγαθὴν

2324 5551 2525 5623 δηλαδὴ
2583 5554 2837 5625 μνήμην·
2885 5550 3069 5615 καθὼς
3120 5552 3462 5623 γέγραπται”
3514 5572 3533 5603 ι
3569 5555 3772 5623 Μνήμη
3817 5550 3892 5603 δι-

2325 5645 2481 5698 καίου
2516 5647 2633 5716 μετ’
2659 5646 2961 5717 ὲγκωμίουο
2993 5663 3012 5696 ›
3046 5645 3141 5699 καὶ
3164 5645 3348 5714 πάλιν,
3384 5665 3403 5698 ι
3438 5646 3533 5708 Ei;
3559 5644 3894 5716 μνημόσυνον

2326 5792 2502 5854 terum
2540 5792 2594 5838 ct
2624 5781 2989 5854 Hieronymus
3020 5782 3204 5846 αὐτοῖς
3226 5782 3424 5838 alicubi
3450 5782 3644 5852 legisse
3667 5782 3888 5843 videtur,

2327 5862 2386 5907 ut
2418 5852 2668 5910 Nobilius
2696 5852 2993 5923 adnotavit.
3026 5854 3337 5925 Ulympiod.
3369 5855 3450 5918 είς
3477 5858 3547 5907 τὰ
3572 5854 3791 5923 ἔσχατα.
