4172 6504
302 444 411 508 785

1412 449 1494 508 IN
1529 447 2111 510 ECCLESIASTEN.
2146 474 2206 483 -
2242 448 2391 507 LIB.
2422 445 2474 506 I-

3471 441 3580 504 786

301 559 524 611 αἰώνιον
551 557 706 611 ἔσται
737 557 975 622 δίκαιος·
1011 577 1029 611 ι
1071 559 1120 612 οἳ
1161 559 1256 613 καὶ
1283 557 1452 623 ζῶσιν
1483 561 1564 622 είς
1594 559 1686 611 τὸν
1715 557 1888 612 αἰῶνα

1996 560 2095 610 bus
2131 553 2266 626 (54),
2307 573 2325 606 ›
2359 564 2417 610 et
2462 569 2683 611 rursum
2715 597 2729 610 .
2777 572 2794 607 ι
2827 554 2886 609 ln
2927 552 3189 609 memoria
3227 562 3428 608 aeterna
3479 556 3585 607 erit

299 650 447 704 κατά
479 649 540 703 τὸ
573 651 988 723 γεγραμμένον,
1019 670 1036 704 ι
1063 651 1272 706 Δίκαιοι
1301 651 1380 715 είς
1410 651 1502 705 τὸν
1533 651 1707 705 αίῶνα
1730 649 1888 716 ζῶσι,

301 743 400 794 καὶ
444 741 505 794 ἐν
547 741 725 814 καιρῷ
771 743 920 797 ἐστιν
965 746 994 797 ὁ
1039 744 1234 813 μισθὸς
1283 743 1482 808 αὐτῶν,
1514 761 1533 795 ι
1583 742 1683 801 τὰς
1716 741 1889 811 ὑπερ-

298 834 594 906 ουρανίους
633 825 730 890 κᾶὶ
779 835 932 902 θείας
975 837 1333 909 ἁνταμείψεις
1381 836 1573 906 μισθὸν
1614 837 1679 888 ἐκ
1731 850 1892 905 μετα-

302 928 481 1000 φορᾶς
519 927 629 983 τῶν
669 931 728 984 ἐν
774 930 1083 1002 ἀνθρώποις
1113 930 1506 1004 ἐργαζομένων
1541 928 1891 1000 ὀνομασάσης

187 1055 208 1083 ι
297 1028 403 1098 τῆς
429 1025 582 1093 θείας
608 1028 855 1100 Γραφῆς.
886 1027 1023 1084 Εἷτά
1053 1047 1219 1102 φησιν
1249 1031 1277 1084 ὁ
1303 1023 1744 1098 Ἑκκλησιαστής
1763 1039 1778 1055 ’

2001 645 2227 717 justus;
2281 663 2301 698 ι
2336 645 2431 716 qui
2465 646 2626 702 etiam
2683 646 2737 700 in
2769 653 3032 703 saeculum
3074 647 3287 712 vivunt,
3323 654 3382 699 ιιι
3414 645 3586 698 tradi-

1993 747 2107 792 tum
2140 738 2373 810 legimus
2405 758 2418 793 :
2461 740 2642 794 ι1ιιεῑὶ
2667 739 2720 794 in
2753 741 3015 795 sazcnlum
3050 741 3258 803 vivunt,
3283 747 3340 794 et
3362 739 3416 793 in
3445 748 3566 793 tem-

1990 846 2123 900 pore
2149 843 2232 886 est
2259 833 2736 901 merces-ipsorum
2765 833 2916 903 (55);
2947 834 3130 888 divina
3162 835 3363 904 quippe
3391 833 3558 887 cmles
3605 872 3608 881 ,

1991 925 2126 980 tium
2158 927 2383 996 praemia
2419 927 2591 982 sacris
2626 927 2677 979 in
2712 925 2934 982 Litteris
2971 942 3180 982 merces
3214 926 3559 996 appellantur

1993 1018 2313 1088 metaphora
2359 1017 2428 1072 ab
2469 1018 2651 1086 operis
2707 1027 2946 1086 sumpta.
2992 1035 3114 1086 quae
3153 1018 3296 1086 apud
3333 1016 3586 1072 homines

1988 1120 2395 1164 exercerentur.
2438 1109 2602 1164 Addit
2634 1108 2830 1164 deinde.
2879 1108 3237 1164 Ecclesiastes
3269 1127 3284 1163 :

1830 1215 1858 1288 ς)
1893 1215 2036 1273 xm.

388 1348 714 1418 Ἐγενόμην
743 1349 1048 1416 βασιλεὺς
1085 1364 1155 1403 εν
1186 1348 1428 1418 Ἰσραὴλ
1467 1346 1568 1401 ἐπὶ
1599 1345 1892 1412 Ἰερουσα-

301 1437 456 1508 λὴμ,
496 1440 595 1494 καὶ
623 1439 820 1494 ἔδωκα
857 1440 970 1507 τὴν
1003 1440 1258 1510 καρδίαν
1285 1458 1407 1510 μου
1433 1438 1538 1493 τοῦ
1569 1434 1895 1504 ἑκζητῆσαι

304 1532 406 1585 καὶ
443 1531 550 1584 τοῦ
595 1532 1098 1602 κατασκέψασθαι
1125 1533 1195 1586 ἐν
1223 1531 1298 1600 τῇ
1340 1533 1528 1600 σοφίᾳ
1571 1529 1704 1598 περὶ
1743 1528 1892 1582 πάν-

305 1641 428 1678 των
452 1623 572 1679 τῶν
601 1625 934 1695 γινομένων
963 1625 1082 1681 ὑπὸ
1115 1626 1224 1680 τὸν
1247 1627 1534 1695 οὐρανόν.

2073 1341 2181 1412 3o
2204 1342 2368 1400 Vens.
2396 1345 2478 1398 12.
2500 1342 2607 1399 Fui
2637 1345 2798 1399 rexin
2823 1343 2996 1399 Israel
3016 1361 3172 1413 super
3185 1343 3506 1410 Jerusalem,
3532 1361 3581 1399 et

1999 1430 2120 1485 dedi
2153 1450 2244 1487 cor
2270 1452 2440 1489 meum
2467 1438 2535 1490 ad
2567 1437 2942 1507 inquirendum
2978 1445 3025 1490 et
3052 1438 3495 1491 considerandum
3526 1441 3581 1491 in

1999 1527 2261 1593 sapientia
2289 1529 2353 1582 de
2378 1528 2640 1596 omnibus,
2680 1546 2798 1600 qua:
2825 1530 2958 1599 ﬁunt
2989 1531 3084 1583 sub
3115 1530 3242 1583 coelo
3274 1529 3409 1601 (56).

392 1717 798 1789 Ἀπολαμὸάνει
860 1719 956 1772 καὶ
1009 1719 1202 1784 πάλιν,
1264 1721 1359 1774 καὶ
1410 1719 1736 1791 προστίθησι
1792 1719 1890 1784 τὰς

2067 1725 2318 1781 Resumit
2366 1727 2550 1781 denuo
2585 1727 2772 1789 etiam,
2833 1727 3047 1798 sibique
3083 1729 3307 1797 apponit
3342 1732 3582 1800 appella-

303 1810 628 1881 ὀνομασίας,
660 1805 749 1875 αἷς
780 1813 1058 1883 ἐχρήσατο
1089 1813 1183 1866 καὶ
1214 1815 1514 1884 καταρχὰς,
1545 1814 1640 1868 καί
1672 1831 1838 1882 φησιν
1864 1815 1890 1866 ὁ

1996 1818 2190 1880 tiones,
2214 1818 2414 1887 quibus
2435 1828 2488 1872 et
2511 1818 2666 1872 initio
2693 1835 2825 1872 usus
2843 1825 2947 1885 est,
2971 1819 3156 1889 aitque
3180 1819 3537 1878 Ecclesiastes
3565 1844 3578 1878 ε

318 1904 754 1978 Ἐκκλησιαστής
775 1922 789 1937 ·
814 1925 834 1957 ι
857 1907 1158 1978 Ἐγενόμην
1184 1907 1441 1978 βασιλεὺς
1465 1909 1524 1960 ἐν
1559 1908 1777 1979 Ἰσραὴλ
1798 1909 1892 1962 ἐπὶ
1923 1905 1928 1910 ’

315 1997 730 2069 Ἰερουσαλήμ.»
762 2001 908 2072 Πρὸς
937 2000 996 2054 ὃν
1025 2003 1142 2073 ἐρεῖ
1164 2018 1248 2066 τις
1275 2001 1376 2055 οὐκ
1403 2001 1714 2065 ἀπεικότως
1733 2018 1748 2033 °
1779 2003 1891 2055 Καὶ

303 2092 390 2152 τις
421 2110 482 2147 σε
511 2094 850 2166 κατέστησεν
889 2095 1358 2166 Ἐκκλησιαστήν;
1396 2098 1478 2149 ὅτι
1514 2098 1613 2167 μὲν
1642 2095 1753 2166 γὰρ
1790 2095 1888 2161 βα-

287 2181 494 2249 -σιλεὺς
531 2188 625 2240 ἐπὶ
662 2187 881 2258 Ἰσραὴλ
925 2189 984 2241 ὲν
1024 2187 1386 2258 Ἰερουσαλὴμ
1432 2187 1701 2256 γέγονας,
1729 2187 1890 2240 τοῦτο

301 2282 419 2342 τοῖς
471 2282 608 2334 πᾶσι
660 2280 976 2350 καταφανές
997 2297 1010 2312 °
1065 2283 1267 2353 κλῆρον
1301 2283 1411 2352 γάρ
1442 2281 1696 2354 πατρῷον
1730 2282 1889 2353 ἔσχες

304 2373 406 2444 τὴν
437 2375 496 2426 ἐν
536 2359 908 2446 Ἰερουσαλὴμ.¹
938 2375 1252 2446 βασιλείαν*
1291 2377 1390 2430 οὐκ
1430 2375 1512 2430 ἔτι
1557 2376 1616 2430 δὲ
1657 2377 1754 2430 καὶ
1782 2393 1890 2430 πα-

302 2467 487 2536 τρῴαν
514 2467 886 2538 κληρονομίαν
935 2469 1166 2538 εἰδληφας
1203 2469 1264 2522 τὸ
1306 2469 1742 2540 Ἐκκλησιαστὴς
1781 2469 1886 2522 ὑπ·-

304 2557 517 2629 άρχειν.
556 2560 680 2623 Πῶς
712 2558 806 2614 οὖν
843 2561 1137 2631 ὠνόμασας
1179 2561 1372 2616 ἐαυτὸν
1408 2561 1882 2632 ,Ἐκκλησιαστὴη

315 2655 910 2727 Ἀλλ’ἀποκριθήσεται
931 2655 1129 2710 θᾶττον
1157 2656 1274 2710 ἀντ’
1304 2656 1472 2711 αὐτοῦ
1502 2656 1602 2726 τῆς
1627 2656 1886 2727 ἀληθείας

299 2747 329 2799 ό
349 2743 532 2814 λόγος,
556 2748 648 2800 καὶ
668 2748 916 2819 φήσειεν,
940 2747 1068 2817 ὼςή
1097 2746 1220 2800 θεία
1249 2748 1439 2818 Σοφία,
1460 2749 1589 2820 παρ’
1611 2743 1680 2821 ἦς
1706 2749 1887 2802 ἐκεκί-

302 2853 435 2908 νητο
464 2836 889 2909 καθυπογράψαι
923 2839 1016 2893 καὶ
1041 2839 1383 2912 διορίσασθαι
1409 2839 1518 2894 τῶν
1548 2840 1766 2910 φαύλως
1791 2842 1886 2894 καὶ

306 2929 600 3001 μοχθηρῶς
649 2932 1128 3004 πεπολιτευμένων
1172 2933 1478 3004 ἀνθρώπων
1505 2932 1606 2998 τὰς
1656 2933 1885 3002 ματαιό-

300 3040 473 3094 τητας
503 3025 596 3077 καὶ
627 3025 1096 3096 πονηροπραξίας,
1141 3028 1235 3081 καὶ
1275 3027 1463 3097 μέντοι
1497 3024 1599 3094 τὴν
1648 3026 1882 3080 διαιωνί-

1997 1928 2017 1962 ι
2055 1909 2152 1964 Fui
2188 1924 2280 1965 rex
2333 1911 2386 1966 in
2439 1911 2605 1966 Israel
2656 1927 2821 1980 super
2862 1910 3186 1968 Jerusalem.
3225 1933 3244 1965 ι
3279 1913 3378 1968 Cui
3434 1916 3581 1970 haud

1992 2003 2176 2073 inepte
2203 2004 2328 2073 quis
2359 2004 2560 2059 dixerit
2596 2023 2607 2058 :
2637 2003 2838 2074 Ecquis
2878 2015 2928 2060 te
2966 2004 3331 2062 Ecclesiasten
3374 2010 3583 2062 consti-

1994 2096 2302 2150 tuit?nam
2339 2105 2390 2151 te
2447 2097 2663 2166 quidem
2721 2112 2902 2168 regem
2963 2097 3124 2153 Israel
3164 2098 3217 2152 in
3272 2097 3577 2154 Jerusalem

1992 2188 2185 2256 fuisse,
2223 2198 2411 2244 notum
2440 2189 2491 2244 id
2519 2189 2804 2251 omnibus;
2855 2201 3143 2260 paternum
3183 2193 3326 2245 enim
3356 2175 3580 2247 Jerusa-

1990 2282 2094 2337 lem
2126 2297 2353 2352 regnum
2395 2283 2490 2338 tibi
2523 2283 2841 2339 haereditate
2878 2283 3102 2338 obvenit
3135 2303 3148 2338 :
3189 2293 3244 2337 at
3272 2300 3379 2338 non
3411 2285 3576 2340 etiam

1987 2383 2218 2444 paterno
2241 2375 2332 2429 tibi
2355 2375 2476 2444 jure
2501 2376 2689 2430 datum
2713 2385 2820 2443 est,
2845 2386 2903 2431 ut
2927 2377 3282 2432 Ecclesiastes
3309 2378 3574 2434 dicerere.

1987 2465 2092 2534 Qui
2127 2483 2258 2538 ergo
2287 2467 2383 2521 tibi
2406 2481 2608 2523 nomen
2640 2468 2981 2524 Ecclesiasta:
3008 2469 3361 2539 imposuisti?
3387 2485 3574 2524 verum

1987 2559 2161 2630 ipsius
2194 2560 2317 2614 loco
2346 2560 2633 2615 oraculum
2668 2562 2914 2617 veritatis
2941 2562 3215 2632 extemplo
3247 2577 3573 2632 responsum

1985 2647 2158 2714 dabit,
2199 2665 2264 2704 ac
2291 2649 2496 2704 dixerit
2529 2667 2542 2704 :
2583 2649 2834 2705 Divinam
2864 2649 3233 2722 Sapientiam,
3273 2653 3433 2722 cujus
3485 2652 3578 2706 ille

1986 2739 2224 2809 impulsu
2271 2740 2710 2796 facinorosorum
2751 2744 3035 2797 hominum
3072 2745 3346 2800 vanitates
3379 2755 3432 2799 et
3473 2744 3577 2798 im-

1985 2835 2156 2904 proba
2180 2835 2321 2889 facta
2352 2837 2661 2893 describere
2691 2853 2755 2892 ac
2780 2836 3006 2892 delinire
3028 2853 3320 2908 aggressus
3346 2848 3450 2902 est.
3474 2855 3576 2893 nec

1983 2929 2168 2985 minus
2223 2940 2548 3000 perpetuum
2593 2942 2759 3002 atque
2817 2931 3161 2988 immutabile
3213 2947 3397 2987 rerum
3454 2947 3579 2989 omr

1986 3024 2159 3086 nium,
2192 3040 2314 3093 qua:
2343 3035 2473 3080 sunt
2523 3041 2753 3096 quaeque
2801 3025 3075 3090 visuntur,
3132 3027 3460 3095 obsequium
3508 3042 3576 3081 ac

299 3111 504 3178 ζουσαν
538 3094 822 3188 ὁποταγῆν
853 3094 1231 3187 ἀπαραίτητον
1271 3094 1368 3171 καὶ
1397 3117 1620 3188 θητείαν
1649 3118 1882 3172 ἑκάστου

1996 3115 2354 3184 famulatum;
2407 3094 2573 3188 atque
2626 3094 2793 3184 idem,
2829 3125 3100 3189 quotquot
3132 3094 3450 3173 universum
3488 3135 3577 3173 or-

299 3207 412 3261 τῶν
460 3208 652 3283 ὄντων.
680 3211 775 3262 καὶ
828 3209 1203 3280 φαινομένωνο
1242 3212 1336 3264 καὶ
1379 3211 1507 3276 τοὺς
1555 3210 1661 3264 ἀνά
1704 3213 1886 3265 πᾶσαν

300 3300 408 3370 τὴν
440 3300 545 3354 ὑπὸ
571 3301 662 3354 τὸν
692 3302 924 3372 οὐρανὸν
948 3304 1291 3375 συναγείρειν
1315 3302 1452 3374 πρὸς
1480 3302 1578 3374 τὴν
1606 3301 1718 3356 τῶν
1742 3301 1888 3356 ίδίων

304 3390 573 3461 ῥημάτων
604 3393 890 3463 ἀκρόασιν,
921 3393 1016 3447 καὶ
1045 3393 1139 3447 τοῦ
1181 3393 1613 3464 Ἑκκλησιαστοῦ
1645 3392 1744 3465 τὴν
1768 3393 1888 3445 ὀνο-

307 3485 518 3555 μασίαν
551 3486 700 3558 αὐτῷ
731 3488 1027 3559 παρέσχεν,
1061 3489 1138 3552 ὡς
1165 3489 1382 3559 ἀξίωμα
1414 3487 1604 3542 καινὸν
1641 3490 1735 3541 καὶ
1775 3491 1892 3558 μεῖ-

307 3574 402 3640 ζον
429 3576 529 3646 τῆς
556 3577 854 3646 βασιλείας.
896 3578 1148 3644 Βασιλεῖς
1182 3579 1279 3651 μὲν
1308 3579 1419 3652 γὰρ
1460 3581 1555 3633 καὶ
1584 3580 1692 3652 πρὸ
1723 3580 1890 3634 αὐτοῦ

306 3667 496 3722 πολλοὶ
534 3669 942 3742 διεγνώσθησαν
977 3673 1080 3727 ἁνά
1131 3673 1312 3727 πάντα
1345 3673 1412 3727 τά
1451 3673 1614 3744 ἔθνη,
1657 3673 1780 3744 μεθ’
1817 3667 1892 3726 ὧν

308 3761 417 3816 κάν
439 3762 518 3834 τῷ
565 3763 785 3837 Ἰσραὴλ
813 3766 905 3818 ἐπὶ
948 3765 1329 3839 Ἰερουσαλήμ.
1372 3765 1807 3838 Ἐκκλησιαστὴς
1836 3766 1894 3821 δὲ

307 3853 486 3920 οὐδεὶς
513 3855 820 3929 ἐγνωρίσθη
848 3857 907 3910 τὸ
944 3855 1189 3922 σύνολον,
1223 3857 1346 3911 οὐδὲ
1379 3856 1482 3927 τῆς
1515 3857 1604 3926 ὑφ’
1634 3858 1788 3928 ἥλιον
1815 3858 1891 3911 δι-

307 3945 595 4012 δάσκαλος.
645 3949 854 4004 Οὐκοῦν
923 3950 1165 4020 ἄραδιά
1213 3950 1314 4020 τῆς
1362 3951 1686 4020 καινοτέρας
1737 3951 1895 4016 ἀξίας

313 4039 410 4091 καὶ
445 4040 818 4112 προσηγορίας
866 4038 1302 4110 ἀξιολογωτέραν
1350 4040 1446 4094 καὶ
1486 4039 1893 4110 πιστικωτέραν

310 4128 469 4202 ᾠήθη
526 4131 723 4202 δράσαι
781 4135 894 4198 τοῖς
953 4131 1360 4201 ἐντευξομένοις
1420 4131 1524 4203 τὴν
1593 4131 1730 4184 ἰδίαν
1783 4133 1895 4184 εἰσ·

311 4223 534 4292 ήγησιν.

397 4315 537 4369 Ἀλλ’
585 4317 890 4372 ἀνακύπτει
923 4318 1088 4373 πάλιν
1130 4317 1384 4372 ἐντεῦθεν
1430 4317 1619 4390 ἕτερος
1671 4317 1896 4388 ἀπορῶν

309 4407 505 4479 λόγος,
537 4410 634 4465 καὶ
667 4411 925 4481 φάσκωνο
954 4411 1067 4466 Καὶ
1113 4412 1162 4465 εί
1200 4413 1387 4467 καινὸν
1427 4411 1589 4474 αὐτὸς
1626 4410 1797 4482 ὄνομα
1833 4412 1896 4464 τὸ

323 4501 761 4574 Ἐκκλησιαστὴς
789 4503 1002 4574 εἴληφε,
1028 4503 1147 4568 πῶς
1175 4521 1341 4575 φησιν
1373 4503 1527 4560 οὐδὲν
1554 4503 1894 4575 πρόσφατον,

309 4590 465 4646 οὐδὲν
490 4593 677 4647 καινὸν
704 4593 811 4646 ὑπὸ
825 4594 917 4647 τὸν
938 4593 1127 4664 ἤλιον;
1166 4593 1319 4664 Ἔχει
1343 4593 1400 4647 δέ
1425 4594 1584 4648 τοῦτο
1625 4595 1896 4667 σύντομον

311 4685 540 4740 αότόθεν
560 4687 660 4758 τὴν
680 4686 836 4740 λύσιν
855 4704 868 4718 ·
898 4687 959 4740 οὐ
986 4687 1094 4758 γὰρ
1119 4689 1249 4758 περὶ
1280 4689 1686 4760 προαιρετικῶν
1726 4707 1896 4744 σπου-

313 4778 610 4850 δασμάτων
657 4779 691 4850 ἢ
734 4781 1031 4851 γνωμικῶν
1081 4783 1516 4852 προτερημάτων
1557 4783 1618 4836 τὸ
1673 4803 1693 4835 ι
1722 4785 1898 4856 πρόσ-

314 4887 488 4940 φατον
518 4890 538 4924 ι
589 4870 620 4941 ἢ
651 4871 712 4925 τὸ
747 4868 786 4924 ι’
812 4872 1000 4926 καινὸν
1029 4891 1049 4923 ι
1093 4872 1300 4942 ἔφασκε
1336 4873 1528 4944 πρώην
1550 4890 1564 4906 ο
1596 4874 1736 4929 ἀλλά
1770 4877 1899 4947 περὶ

313 4961 430 5015 τῶν
460 4963 709 5030 φυσικῶν
735 4967 1006 5034 κινήσεων
1037 4967 1128 5019 καὶ
1146 4966 1678 5038 παρακολουθήσεων
1706 4969 1816 5022 τῶν
1840 4972 1900 5023 ἐν

316 5050 436 5115 τοῖς
461 5052 581 5106 οὖσι
614 5053 1027 5125 θεωρουμένων,
1055 5057 1113 5107 ἐν
1140 5050 1222 5119 οἷς
1249 5057 1351 5110 οὐκ
1386 5056 1530 5110 ἐστιν
1564 5059 1743 5128 εὑρεῖν
1780 5062 1901 5114 ἐπί-

317 5160 478 5198 τασιν
510 5144 546 5215 ἦ
590 5145 932 5218 προσθήκην,
980 5148 1014 5220 ἣ
1063 5147 1291 5218 μείωσιν
1340 5149 1434 5202 καὶ
1481 5151 1792 5222 ἀφαίρεσιν.
1836 5154 1900 5207 Τί

318 5233 418 5292 οὗν
453 5253 654 5307 φησιν;
695 5254 712 5288 ι
752 5237 968 5291 Ἐδωκα
995 5237 1094 5310 τὴν
1136 5239 1366 5308 καρδίαν
1396 5255 1498 5308 μου
1532 5239 1627 5292 τοῦ
1661 5240 1900 5314 ἐκζητή-

323 5345 415 5381 σαι
464 5328 560 5381 καὶ
606 5327 702 5381 τοῦ
741 5329 1226 5398 κατασκέψασθαιδ
1272 5350 1290 5382 ι
1335 5331 1579 5401 δηλονότι
1638 5334 1902 5403 σχολάσαι

324 5421 463 5492 πρός
494 5437 618 5474 τινα
655 5419 846 5490 καιρὸν
873 5419 1010 5493 πρὸς
1035 5421 1270 5494 θεωρίαν
1298 5423 1406 5477 τῶν
1435 5423 1608 5480 ὄντων
1627 5443 1641 5459 ο
1675 5429 1767 5480 καὶ
1802 5446 1903 5482 κα-

393 5530 438 5562 ²⁴¹
468 5530 614 5587 Psal.
643 5545 775 5595 cxn,
811 5529 865 5584 6.

395 5647 516 5728 (δῷ)
547 5647 792 5728 Ριοιζηχ,
829 5645 895 5712 7;
921 5645 1024 5728 ἐοιι
1053 5645 1194 5718 apud
1225 5645 1366 5700 LXX
1397 5649 1663 5716 invenies,
1698 5652 1908 5728 Mvﬁpq

323 5715 548 5773 δικαίων
577 5719 693 5787 μετ’
719 5715 1032 5787 ἐγκωμίων.

399 5790 511 5861 (55)
547 5785 679 5859 Sap.
719 5805 788 5861 κν,
839 5785 928 5861 16.
955 5785 1168 5861 _Vernm
1222 5786 1363 5842 LXX
1397 5791 1597 5846 habent
1630 5811 1642 5848 :
1687 5795 1797 5847 Καὶ
1842 5798 1902 5848 ἐν

327 5857 574 5931 asperge
613 5857 802 5931 μισθδς
839 5857 1043 5931 αθτῶν.
1096 5861 1554 5926 quemadmodum
1604 5865 1656 5916 in
1690 5863 1900 5922 Latinis

486 5913 552 5986 Ει
575 5913 716 6001 apud
749 5913 1041 5984 Demittunt
1071 5913 1146 5984 est
1183 5913 1376 5984 merces
1404 5913 1905 6000 {animiet—bii};

1990 3213 2171 3264 dinem
2235 3221 2504 3266 terrarum
2569 3212 2840 3280 incolunt,
2893 3226 3085 3267 omnes
3142 3212 3206 3266 ad
3266 3226 3573 3266 sermonem

1991 3302 2113 3372 ejus
2144 3303 2475 3359 audiendum
2509 3320 2813 3359 convocare
2845 3322 2859 3358 :
2891 3319 3034 3364 eam,
3069 3304 3318 3374 inquam,
3359 3303 3578 3373 sapien-

1995 3397 2126 3449 tiam
2157 3411 2351 3451 nomen
2382 3397 2509 3451 huic
2540 3396 2758 3451 dedisse
2789 3395 3155 3460 Ecclesiastaa,
3183 3410 3380 3448 novam
3409 3393 3572 3448 veluti

1993 3488 2337 3560 dignitatem,
2369 3498 2536 3559 atque
2567 3504 2736 3560 regno
2767 3489 3060 3558 potiorem.
3097 3485 3227 3557 Nam
3261 3502 3418 3557 reges
3457 3487 3576 3555 qui-

1994 3581 2117 3636 dem
2148 3581 2236 3636 vel
2269 3589 2398 3636 ante
2423 3581 2598 3651 ipsum
2637 3581 2795 3635 multi
2843 3596 2939 3651 per
2974 3593 3168 3634 omnes
3203 3579 3452 3634 nationes
3489 3578 3577 3630 in-

1995 3673 2335 3740 claruerunt,
2385 3688 2524 3743 quos
2571 3672 2714 3727 inter
2743 3683 2798 3726 et
2830 3671 2922 3741 qui
2957 3686 3052 3726 rex
3088 3670 3252 3726 lsrael
3293 3685 3457 3740 super
3485 3667 3577 3722 1ο-

1996 3765 2256 3820 rusalem.
2287 3766 2356 3819 At
2388 3779 2565 3834 neque
2599 3763 2962 3818 Ecclesiastes
3000 3763 3295 3833 quisquam
3327 3759 3574 3818 omnino.

1997 3869 2172 3924 neque
2200 3855 2350 3909 orbis
2377 3863 2647 3908 terrarum
2679 3852 2939 3920 magister
2964 3866 3197 3922 usquam
3226 3850 3446 3905 auditus
3472 3859 3574 3905 est.

1998 3946 2182 4013 Quare
2211 3946 2383 4000 ascita
2418 3960 2573 3998 nova:
2617 3944 2902 4014 dignitatis
2935 3944 3301 4014 appellatione
3331 3943 3546 3998 lucnlcn

1999 4049 2109 4094 tam
2162 4039 2335 4106 magis
2379 4015 2778 4092 institutionem
2815 4053 3000 4099 suam.
3033 4038 3319 4106 magisque
3351 4037 3419 4091 ad
3455 4051 3577 4106 pcr-

1998 4128 2338 4186 suadendum
2364 4129 2617 4183 idoneam
2648 4128 2763 4184 fore
2795 4127 3146 4184 existimavit.

2067 4306 2338 4362 (Steterunt
2394 4303 2499 4358 alia
2557 4303 2686 4359 hinc
2733 4319 2954 4360 rursum
2990 4303 3279 4360 dubitandi
3332 4303 3584 4360 exoritur

1999 4393 2193 4460 catlsa,
2241 4394 2600 4466 rogandique,
2637 4409 2762 4448 cum
2801 4409 3002 4449 novum
3057 4394 3417 4451 Ecclesiastes
3465 4395 3582 4465 ipse

2001 4505 2198 4548 nomen
2231 4487 2471 4553 duxerit,
2495 4503 2736 4558 quonam
2769 4495 2928 4558 pacto
2959 4487 3263 4552 afﬁrmarit,
3294 4489 3427 4543 nihil
3459 4503 3583 4543 esse

2003 4598 2215 4647 recens,
2249 4581 2386 4636 nihil
2435 4581 2536 4636 sub
2585 4580 2700 4635 sole
2738 4580 2986 4634 novum?
3038 4591 3094 4634 at
3129 4583 3232 4635 hoc
3267 4580 3484 4635 brevem
3515 4597 3580 4634 cx

2001 4677 2192 4730 eodem
2241 4675 2361 4728 loco
2392 4673 2718 4728 solutionem
2754 4673 2935 4728 habet.
2967 4671 3155 4742 Neque
3185 4673 3329 4727 enim
3374 4673 3462 4728 ille
3492 4691 3584 4727 sn-

2002 4770 2188 4841 perius
2215 4770 2282 4824 de
2304 4767 2630 4822 voluntariis
2659 4766 2858 4822 studiis
2883 4777 2978 4821 aut
3008 4767 3075 4821 de
3103 4766 3304 4822 mentis
3327 4781 3580 4837 progres-

2004 4861 2155 4917 sibus
2185 4877 2365 4916 recens
2399 4872 2452 4916 et
2479 4877 2668 4916 novum
2704 4860 3024 4930 usurpavit;
3063 4859 3157 4914 sed
3199 4859 3266 4913 ad
3308 4859 3584 4913 naturalis

2003 4957 2120 5012 haec
2150 4955 2336 5010 retulit
2363 4963 2547 5010 motus
2575 4963 2631 5008 et
2657 4953 3040 5010 successiones
3085 4967 3301 5017 eorum,
3333 4968 3456 5021 quae
3484 4969 3582 5006 cx-

2003 5056 2150 5104 stant
2180 5060 2342 5118 atque
2384 5055 2702 5117 spectantur
2732 5064 2746 5100 :
2783 5047 2836 5100 in
2868 5046 3070 5115 quibus
3107 5059 3207 5100 nec
3259 5045 3581 5098 incrementi

2003 5139 2300 5210 quidquam
2346 5146 2441 5192 aut
2481 5136 2832 5201 decrementi,
2876 5151 2976 5190 nec
3018 5135 3162 5205 quod
3199 5133 3443 5189 additum
3494 5143 3587 5186 aut

2005 5233 2247 5287 ablatum
2285 5232 2378 5297 sit,
2411 5230 2656 5284 invenire
2696 5229 2798 5298 31
2837 5228 3017 5283 liceat.
3061 5226 3181 5280 Jam
3231 5227 3360 5298 quid
3402 5225 3590 5281 addit?

2013 5345 2031 5377 ι
2068 5324 2200 5380 Dedi
2239 5339 2338 5378 cor
2368 5336 2550 5378 meum
2595 5321 2661 5374 ad
2705 5320 3091 5389 inquirendum
3138 5329 3192 5374 et
3235 5318 3587 5374 consideran-

2006 5419 2175 5485 dum;
2210 5437 2229 5471 ι
2262 5417 2314 5472 id
2347 5425 2430 5472 est
2460 5430 2644 5470 rerum
2675 5413 3129 5482 contemplationi
3162 5412 3478 5482 aliquandiu
3507 5416 3597 5467 in-

2010 5647 2093 5703 ira
2128 5645 2298 5702 habes
2323 5645 2418 5699 lib.
2457 5659 2518 5708 ll,
2550 5644 2577 5714 ᾗ
2617 5644 2672 5714 Ῑ.

2083 5717 2196 5784 (56)
2241 5717 2345 5771 Sed
2387 5716 2528 5784 apud
2555 5711 2735 5776 LXX,
2776 5713 2990 5768 initium
3037 5713 3156 5784 ejus
3192 5712 3406 5767 articuli
3452 5720 3585 5784 est:

2019 5782 2164 5854 Ἐγὼ
2179 5782 2612 5858 Ἑκκλησῐαστὴς
2634 5783 3168 5858 ἐγενόμην-βασιλεὺς
3183 5785 3278 5858 επὶ
3296 5782 3510 5858 σραὴλ
3530 5783 3590 5836 ἐν

2009 5855 2395 5946 α’[ερουσαλήμ.
2437 5858 2653 5928 ()lymp.
2699 5855 2959 5920 British;
2989 5855 3211 5926 Ἰσραὴλ
3228 5857 3284 5912 ὲν
3321 5857 3592 5926 Ἰερουσα-

2011 5946 2149 5999 Λημ.
