4172 6542
625 419 730 484 Ἶ87

1749 423 1811 482 S.
1853 422 2229 484 GREGORII
2266 425 2360 485 AG
2373 425 2777 486 RiGENTINI

3769 426 3881 490 788

630 535 890 591 cumhere
941 530 1177 598 institui,
1224 546 1334 600 quo
1389 532 1713 600 invenirem,
1769 546 2034 604 quantum
2087 536 2200 591 ﬁeri

2323 536 2418 600 ὶὼς
2447 533 2560 590 οἶόν
2577 537 2636 589 τέ
2664 538 2830 602 ἐστιν,
2852 536 3096 606 ἐξευρεῖν
3133 539 3224 591 καὶ
3248 537 3575 591 καταλαϐεῖν
3605 537 3704 608 τὴν
3728 540 3885 611 κίνη-

630 637 828 702 ιιυῳει,
871 640 934 678 ac
983 623 1440 694 deprehenderent
1476 626 1699 695 quinam
1737 627 1807 681 sit
1847 642 2027 681 rerum
2061 643 2196 682 con-

628 717 890 777 ditarum.
947 731 1088 785 quas
1124 717 1420 780 intuemur,
1477 726 1657 771 motus
1691 727 1854 787 atque
1887 718 2045 784 ordo,
2078 735 2202 788 qua:

629 807 758 860 item
790 806 1041 861 desidum
1079 823 1142 861 ac
1169 807 1597 877 voluptariorum
1636 810 1916 882 hominum
1959 809 2200 866 facinora

630 908 796 967 atque
825 899 1045 968 probra.
1103 899 1390 956 Enimvero
1442 911 1494 954 et
1524 900 1685 954 didici
1720 911 1774 956 et
1813 903 2091 958 enuntiavi
2136 904 2203 957 de

633 987 747 1042 sole
776 1004 841 1042 ae
889 999 1056 1053 terra,
1105 989 1280 1060 deque
1327 989 1638 1046 “lllllilliblls
1687 1002 1740 1048 et
1788 994 2122 1050 torrentibus
2149 1005 2204 1048 et

636 1079 795 1145 mari,
829 1096 950 1148 quze
979 1080 1197 1148 quidem
1244 1097 1308 1134 ex
1354 1093 1504 1150 parte
1531 1098 1808 1151 exponens
1837 1087 1902 1138 ad
1942 1099 2030 1140 res
2075 1084 2202 1138 uui-

635 1184 824 1224 versas
854 1168 1177 1230 referebam.
1203 1171 1334 1225 nihil
1361 1187 1550 1240 nempe
1572 1188 1636 1226 ex
1659 1171 1726 1227 iis
1755 1187 1897 1238 esse,
1923 1173 2068 1242 quod
2094 1191 2201 1228 non

634 1272 822 1330 pareat
842 1261 1229 1331 subditumque
1256 1263 1327 1317 sit
1351 1262 1633 1316 Conditori
1656 1279 1718 1318 ac
1744 1262 1976 1318 Domino
2002 1280 2125 1330 suo,
2151 1275 2205 1320 et

637 1353 936 1416 naturales,
960 1370 1100 1422 quos
1125 1355 1214 1409 ille
1235 1355 1589 1424 praescripsit,
1613 1355 1893 1414 terminos.
1919 1357 2001 1411 vel
2033 1357 2078 1414 si
2107 1375 2204 1413 na-

639 1454 775 1500 tura:
810 1451 1190 1510 adversentur,
1242 1458 1431 1501 sancte
1485 1463 1591 1501 non
1645 1457 1824 1501 servet
1867 1466 1881 1501 :
1926 1465 2051 1504 eum
2107 1451 2206 1506 ho-

638 1532 812 1587 mines
847 1541 1038 1588 contra
1067 1534 1276 1590 insania
1309 1537 1659 1606 amentiaque
1700 1538 1804 1592 acti
1836 1539 1919 1593 vel
1953 1540 2204 1612 designa—

642 1634 726 1679 tos
747 1625 848 1679 sibi
876 1635 1084 1680 naturae
1107 1626 1241 1683 lines
1269 1630 1595 1699 transgressi
1625 1629 1753 1695 sint,
1777 1641 1941 1702 atque
1969 1632 2055 1700 iis,
2086 1651 2208 1705 quae

641 1717 827 1772 divina
869 1720 1192 1776 liberalitate
1223 1729 1388 1791 atque
1410 1723 1744 1794 indulgentia
1772 1736 2114 1795 acceperant,
2153 1729 2207 1784 in

642 1809 758 1864 vias
788 1810 1044 1865 vanitatis
1072 1811 1296 1880 delapsi,
1329 1812 1650 1867 exciderint.
1683 1813 1757 1868 De
1805 1816 2008 1884 quibus
2043 1819 2207 1872 etiam

2311 647 2397 684 σιν
2429 631 2524 684 καὶ
2551 630 2707 694 τάξιν
2741 629 2850 682 τῶν
2873 629 3043 683 ὄντων
3063 630 3158 683 καὶ
3182 629 3546 700 φαινομένων,
3575 631 3669 683 καὶ
3700 631 3885 700 μέντοι

2309 723 2404 774 καὶ
2434 722 2533 784 τὰς
2573 721 2957 792 κακοπραγίας
3004 721 3098 776 xui.
3135 720 3236 784 τὰς
3265 721 3606 792 φαυλότητας
3634 717 3744 774 τῶν
3783 725 3886 794 ρᾳ-

2311 811 2490 883 στὼνῃ
2522 811 2714 884 διαζῇν
2746 812 3042 866 ἐθελόντων
3072 812 3401 885 ἀνθρώπων.
3432 812 3545 868 mi
3572 813 3757 884 μέντοι
3789 815 3886 866 καὶ

2309 904 2539 972 διέγνων
2565 905 2658 959 xui.
2685 905 2969 976 διήγγειλα
3003 906 3131 976 περὶ
3159 904 3312 977 ⁴ἡλίου
3337 905 3431 957 καὶ
3458 905 3563 974 γῆς
3589 904 3684 958 καὶ
3721 921 3887 957 ποτα-

2315 994 2432 1064 μῶν
2453 993 2549 1047 xui.
2577 996 2892 1066 χειμάρρων
2924 994 3017 1048 καὶ
3043 995 3146 1065 τῆς
3168 993 3467 1064 θαλάσσης,
3497 993 3642 1065 ἅπερ
3666 993 3884 1058 ἐξεῖπον

2311 1087 2420 1141 ἀπὸ
2453 1086 2656 1158 μέρους
2687 1087 2816 1158 περὶ
2844 1085 3065 1140 πάντων
3092 1086 3522 1157 κατασημαίνων
3554 1087 3668 1138 τῶν
3690 1085 3882 1140 ὄντων’

2310 1179 2384 1243 ὼς
2409 1180 2642 1233 ἕκαστον
2664 1177 2846 1233 αὐτῶν
2874 1179 3164 1250 πειθαρχεῖ
3192 1180 3287 1232 καὶ
3315 1178 3783 1232 καθυποτάττεται
3805 1179 3888 1248 τῷ

2317 1273 2430 1344 ίδίῳ
2461 1274 2668 1344 Ποιητῇ
2689 1273 2782 1326 xui
2795 1271 3045 1344 Δεσπὸτῃ
3065 1289 3080 1302 ·
3099 1272 3340 1333 καὶτοὺς
3355 1271 3704 1342 τεθειμένους
3724 1272 3888 1342 ὅρους

2313 1365 2444 1434 παρ’
2466 1364 2631 1418 αὐτοῦ
2663 1365 2925 1432 φυσικοὺς
2947 1363 3261 1435 ἀλωὸήτους
3288 1361 3660 1431 διαφυλάττει,
3687 1361 3789 1415 κᾶν
3811 1362 3888 1414 εί-

2315 1470 2400 1506 σιν
2447 1453 2681 1507 ἐναντίοι
2727 1454 2827 1522 τῆς
2877 1452 3113 1522 φύσεως.
3157 1453 3222 1506 Οί
3265 1452 3322 1505 δὲ
3376 1451 3740 1524 παραπλῆγες
3791 1451 3888 1505 xui.

2319 1546 2668 1615 παράφρονες
2715 1543 2994 1614 ἄνθρωποι
3034 1542 3131 1596 καὶ
3175 1543 3303 1606 τοὺς
3346 1541 3665 1612 δεδομένους
3703 1541 3888 1603 αὐτοῖς

2315 1635 2586 1705 φυσικοὺς
2616 1635 3067 1706 παρεσπόνδησαν
3089 1635 3270 1706 ὅρους,
3304 1635 3399 1688 καὶ
3427 1634 3539 1688 τῶν
3567 1634 3777 1688 ἀνωθεν
3799 1633 3887 1686 διὰ

2317 1726 2517 1798 πολλὴν
2563 1726 2876 1797 φιλοτιμίαν
2927 1727 3024 1781 καὶ
3076 1726 3490 1798 φιλανθρωπίαν
3549 1725 3885 1797 χορηγηθέν‹

2314 1837 2424 1874 των
2453 1820 2641 1883 αὐτοῖς
2669 1818 3083 1889 παρεξέκλιναν,
3115 1819 3207 1872 καὶ
3243 1819 3383 1889 πρὸς
3408 1818 3508 1882 τὰς
3537 1821 3632 1888 τῆς
3663 1817 3888 1886 ματαιό-

642 1900 728 1952 illa
765 1916 793 1953 a
826 1917 912 1956 me
943 1902 1084 1956 dicta
1113 1911 1260 1966 sunt,
1299 1922 1317 1954 ι
1357 1901 1581 1959 Vanitas
1609 1905 1908 1960 vanitatum
1941 1919 1994 1962 et
2025 1909 2210 1966 omnia

2323 1929 2477 1982 τητος
2528 1910 2684 1976 ὁδοὺς
2740 1909 3198 1981 κατωλίσθησαν·
3246 1910 3376 1981 περὶ
3426 1903 3504 1963 ὧν
3568 1912 3662 1964 καὶ
3711 1905 3886 1973 εἷπον,

639 1993 878 2048 vanitas.
915 2012 934 2046 ι
990 1993 1146 2048 Nune
1200 2010 1350 2058 vero,
1407 2006 1690 2065 postquam
1750 1999 2013 2068 sapientia
2067 2001 2207 2058 duce

640 2088 847 2152 omnia,
879 2102 1000 2156 quae
1030 2089 1134 2141 sub
1181 2089 1322 2142 caelo
1353 2089 1508 2151 tiuut,
1551 2092 1913 2158 consideravi,
1944 2109 2008 2149 ea
2049 2095 2210 2150 uimi-

641 2193 785 2239 rum.
819 2193 940 2248 quae
994 2180 1062 2233 ab
1111 2181 1430 2237 hominibus
1481 2196 1767 2253 geruntur,
1806 2187 2121 2258 quicunque
2154 2190 2206 2244 in

643 2272 746 2324 hoc
769 2281 1055 2336 terrarmn,
1083 2283 1322 2343 quantus
1344 2275 1448 2331 sub
1465 2277 1576 2331 sole
1604 2287 1708 2342 est,
1736 2277 1870 2334 orbe
1899 2291 2207 2346 versantur,

641 2361 967 2433 deprehendi
998 2364 1111 2433 jam
1144 2377 1199 2421 et
1227 2369 1476 2433 cognovi.

2324 2023 2343 2055 ι
2373 2003 2688 2074 Ματαιότης
2724 2005 3102 2075 ματαιοτήτων
3137 2003 3231 2057 καὶ
3280 2005 3459 2056 πάντα
3510 2001 3830 2072 ματαιότης.
3867 2021 3885 2052 ι

2317 2097 2425 2150 Καὶ
2456 2095 2552 2148 νῦν
2579 2095 2635 2149 δὲ
2679 2093 3168 2166 κατασκεψάμενος
3198 2096 3257 2146 ὲν
3285 2097 3351 2165 τῇ
3383 2094 3548 2164 σοφίᾳ
3596 2093 3725 2164 περὶ
3755 2093 3891 2146 πᾶν·

2315 2207 2424 2243 των
2458 2189 2567 2242 τῶν
2600 2189 2912 2257 γενομένων
2942 2189 3046 2242 ὑπὸ
3073 2188 3166 2243 τὸν
3214 2187 3465 2258 οὐρανὸν,
3502 2187 3744 2258 δηλονότι
3784 2186 3893 2239 τῶν

2319 2281 2708 2353 πραττομένων
2742 2280 2896 2351 παρὰ
2926 2280 3035 2334 τῶν
3081 2280 3184 2334 ἀνὰ
3230 2282 3414 2334 πᾶσαν
3460 2280 3560 2349 τὴν
3601 2281 3692 2348 ὑφ’
3740 2278 3894 2348 ἥλιον

2321 2373 2761 2442 πολιτευομένων
2798 2371 3124 2443 ἀνθρώπων,
3174 2372 3482 2442 κατείληφα
3512 2372 3609 2426 καὶ
3639 2372 3890 2440 διέγνων.

2167 2489 2193 2560 §
2226 2486 2363 2542 xw.

716 2595 876 2653 Vens.
930 2598 1015 2652 15.
1070 2598 1331 2664 Quoniam
1385 2601 1752 2654 distentionem
1820 2605 2018 2656 malam
2071 2605 2213 2658 dedit

646 2689 784 2744 Deus
811 2690 938 2761 ﬁliis
969 2691 1238 2746 hominum
1269 2702 1324 2744 ut
1356 2692 1724 2747 distendantur
1747 2694 1802 2746 in
1833 2711 1915 2748 ea.
1975 2703 1978 2708 '

717 2783 907 2838 Studia
940 2783 1222 2838 hominum
1254 2794 1308 2840 et
1337 2801 1704 2855 supervacuos
1743 2796 1998 2854 conatus,
2029 2804 2093 2843 ac
2121 2804 2217 2843 va-

646 2877 755 2932 rias
805 2877 1242 2946 multiplicesque
1285 2877 1506 2948 vigilias.
1536 2887 1701 2948 atque
1743 2881 2215 2943 concursationes,

645 2987 879 3042 quorum
907 2971 1062 3036 nihil,
1085 2971 1427 3040 principamli
1449 2971 1878 3042 dominandique
1900 2973 2214 3041 cupiditate,

645 3072 741 3117 aut
785 3063 1040 3132 paranda:
1091 3062 1196 3116 sibi
1233 3062 1443 3132 gloriae,
1493 3072 1548 3117 et
1603 3065 1847 3132 pecunia:
1882 3065 2020 3118 male
2049 3073 2219 3134 parta:

646 3165 810 3226 atque
838 3170 1002 3225 opum
1045 3155 1415 3223 eogendarum
1469 3171 1656 3221 causa,
1699 3154 2018 3226 defugiunt;
2055 3157 2216 3210 simul

649 3247 787 3303 adeo
819 3247 1084 3316 quidquid
1133 3247 1204 3301 ob
1236 3246 1584 3302 detestandas
1614 3247 1862 3316 corporis
1890 3247 2216 3318 voluptates.

649 3349 704 3393 et
726 3339 885 3393 vetita
914 3339 1198 3393 libidinum
1230 3348 1656 3407 stuprorumque
1675 3339 2001 3392 commercia
2029 3354 2221 3409 aggre-

651 3432 900 3490 diuntur.
941 3431 1057 3485 haec
1075 3429 1260 3483 omnia
1297 3448 1314 3482 ι
1340 3429 1734 3484 Distenlionem
1758 3419 1956 3483 malam
1984 3448 2004 3480 ι
2041 3429 2225 3500 appel-

653 3524 820 3578 lavit:
847 3527 1045 3592 quippe
1072 3537 1194 3591 qua:
1220 3522 1360 3576 mala
1385 3537 1572 3575 revnra
1597 3528 1746 3581 sunt,
1775 3536 1876 3575 nec
1913 3521 2022 3575 ullo
2040 3521 2091 3574 in
2123 3537 2224 3574 nu-

654 3629 807 3668 mero
833 3614 1101 3668 bonorum
1124 3613 1312 3668 haberi
1333 3623 1581 3684 possunt.
1603 3612 1763 3667 Addit
1784 3625 1988 3678 autem,
2026 3633 2044 3664 ι
2072 3613 2226 3669 Dedit

656 3709 799 3764 Deus
815 3709 940 3763 ﬁliis
963 3707 1268 3773 hominum,
1291 3727 1309 3760 ι
1332 3723 1437 3762 non
1457 3707 1608 3776 quasi
1630 3707 1948 3776 simpliciter
1968 3705 2225 3762 distentio

654 3800 925 3870 ejusmodi
956 3816 987 3854 a
1015 3799 1121 3854 Deo
1151 3799 1242 3863 sit,
1270 3800 1364 3854 sed
1395 3798 1540 3868 quod
1569 3797 1680 3862 ille,
1706 3797 1890 3851 libera:
1923 3795 2119 3851 mentis
2141 3813 2227 3850 ar-

657 3891 912 3962 bitriique
943 3906 1134 3946 eorum
1187 3889 1403 3945 ratione
1456 3889 1664 3954 habita,
1699 3888 1964 3959 quidquid
2018 3890 2224 3954 mallet,

657 3998 818 4046 agere
848 3996 1121 4051 quemque
1151 3980 1394 4050 permisit
1421 3997 1435 4034 :
1481 3995 1549 4034 ne
1578 3983 1648 4046 si,
1681 3979 1828 4049 quod
1863 3979 1919 4032 in
1963 3988 2227 4049 potestate

656 4073 764 4144 32
811 4085 994 4128 nostra
1040 4082 1146 4138 est,
1201 4072 1514 4141 eripuisset,
1557 4070 1690 4125 illud
1740 4086 1960 4141 quoque
2004 4071 2228 4141 dignum

657 4166 775 4234 ejus
815 4166 1060 4220 bonitate
1094 4165 1383 4220 consilium
1425 4164 1785 4227 subverteret,
1829 4178 1939 4232 quo
1970 4162 2112 4234 juris
2143 4163 2226 4218 sui

661 4258 937 4313 hominem
990 4257 1199 4327 ﬁngens
1260 4257 1333 4310 ita
1398 4257 1609 4310 ratione
1662 4264 1826 4324 atque
1876 4255 2230 4325 intelligentia

661 4349 946 4418 praeditum
978 4363 1100 4404 esse
1151 4349 1342 4410 voluit,
1374 4356 1432 4400 ut
1455 4346 1527 4408 ei,
1574 4347 1720 4415 quod
1768 4346 1925 4416 pejus
1977 4348 2230 4414 quodque

661 4441 878 4504 melius,
911 4438 978 4494 ad
1021 4439 1326 4508 eligendum
1354 4438 1876 4508 dijudieandumque
1927 4438 2229 4507 preposito,

663 4531 708 4586 si
734 4533 932 4584 bonum
964 4537 1310 4599 praeoptaret,
1342 4529 1539 4581 bonam
1574 4527 1763 4595 utique
1794 4525 2096 4580 mercedem
2123 4526 2231 4580 fer-

2389 2603 2519 2655 Ὀτι
2542 2601 2968 2671 περισπασμὸν
2991 2601 3264 2669 πονηρὸν
3280 2599 3504 2655 ἔδωκεν
3541 2602 3574 2655 ὁ
3602 2599 3748 2667 Θεὸς
3773 2598 3896 2668 τοῖς

2317 2692 2470 2759 υἱοῖς
2489 2693 2608 2746 τῶν
2629 2692 2956 2761 ἀνθρώπων
2977 2691 3086 2748 τοῦ
3117 2690 3529 2762 περισπᾶσθαι
3552 2692 3622 2746 ἐν
3636 2689 3823 2757 αὐτῷ.

2389 2787 2500 2849 Τάς
2529 2787 2622 2840 ἐπὶ
2647 2789 2772 2850 ταῖς
2809 2786 3180 2858 ἀνθρωπίναις
3194 2788 3410 2858 ἀρχαῖς,
3433 2787 3528 2839 καὶ
3554 2785 3761 2852 δόξαις,
3805 2784 3896 2838 xui.

2315 2877 2823 2941 καταδυναστείαις,
2861 2878 2955 2930 xui.
2981 2877 3363 2948 συναθροίσεσι
3392 2877 3500 2931 τῶν
3530 2878 3734 2932 ἀδίκων
3766 2895 3898 2949 κτη-

2319 2970 2502 3038 μάτων
2537 2967 2633 3020 xui.
2680 2970 2983 3038 χρημάτων
3028 2967 3350 3036 φιλοπονίας
3396 2969 3490 3021 καὶ
3533 2967 3895 3038 περιεργίας,

2318 3061 2411 3114 καὶ
2443 3059 2692 3124 ποικίλας
2731 3060 2826 3113 xui.
2873 3059 3247 3131 πολυτρόπους
3275 3057 3583 3129 ἀγρυπνίας
3608 3059 3706 3110 καὶ
3739 3075 3899 3128 περιο

2318 3153 2605 3224 πολήσεις·
2651 3153 2744 3206 καὶ
2805 3152 2990 3222 μέντοι
3038 3151 3180 3207 κατὰ
3219 3152 3280 3206 τὸ
3317 3151 3614 3205 ἀκόλουθον
3665 3151 3769 3215 τὰς
3810 3152 3899 3204 ἐπὶ

2321 3247 2440 3309 ταῖς
2469 3247 2758 3316 σαρκικαῖς
2790 3245 2883 3298 xui.
2919 3245 3238 3314 βδελυκταῖς
3277 3243 3493 3314 ἡδοναῖς
3519 3245 3612 3296 καὶ
3653 3242 3898 3314 παρανό-

2327 3357 2449 3409 μοις
2475 3338 2784 3402 συνουσίαις
2826 3337 2920 3392 xui.
2952 3337 3153 3406 μίξεσι,
3207 3354 3226 3388 ‹
3282 3336 3667 3407 περισπασμὸν
3711 3355 3728 3388 ι
3769 3337 3901 3389 ὠνό-

2329 3446 2468 3500 μασε
2519 3447 2538 3480 ‹
2569 3428 2825 3500 πονηρὸν,
2861 3448 2880 3480 ι
2931 3429 3006 3490 ὡς
3045 3427 3288 3498 πονηρὰς
3320 3427 3397 3498 τῷ
3437 3429 3552 3482 ὄντι
3583 3431 3678 3484 xui.
3717 3431 3902 3500 πάσης

2325 3520 2776 3590 ἀπεστερημένας
2822 3519 3034 3590 ἀγαθῆς
3083 3520 3425 3590 ὑπολήψεως.
3485 3521 3542 3575 ’0
3590 3523 3648 3576 δέ
3709 3541 3897 3594 φησιν,

2331 3633 2348 3664 ι
2383 3611 2624 3665 Ἔδωκεν
2657 3610 2685 3662 ὁ
2717 3610 2849 3674 Θεὸς
2875 3613 2989 3674 τοῖς
3047 3613 3185 3675 υίοῖς
3227 3612 3338 3665 τῶν
3381 3613 3706 3686 ἀνθρώπων,
3739 3635 3760 3668 ι
3807 3617 3900 3686 οὐχ

2322 3705 2397 3769 ὡς
2422 3703 2606 3768 ἁπλῶς
2631 3703 2724 3757 τοῦ
2764 3702 2900 3756 Θεοῦ
2930 3704 3021 3757 τὸν
3046 3703 3286 3759 τοιοῦτον
3311 3723 3378 3758 πε
3389 3707 3701 3777 ρισπασμὸν
3731 3707 3902 3762 δεδω-

2325 3796 2501 3858 κότος,
2546 3793 2683 3849 ἀλλά
2713 3794 2790 3866 τῷ
2826 3795 2970 3865 λόγῳ
3009 3798 3111 3866 τῆς
3155 3797 3507 3864 αὑτεξουσίου
3544 3798 3774 3870 γνώμης
3812 3800 3904 3853 καὶ

2325 3890 2720 3960 προαιρέσεως,
2751 3889 3207 3959 συγχωρήσαντος
3231 3891 3492 3961 πράττειν
3517 3892 3736 3956 αὐτοὺς,
3766 3893 3901 3962 ὅπερ

2325 3980 2391 4034 ἂν
2427 3979 2770 4050 βουληθεῖενσ
2807 3980 2896 4034 ίνα
2929 3981 3068 4052 μήτε
3102 3981 3163 4035 τδ
3188 3983 3275 4051 ἐφ’
3301 3984 3434 4054 ἡμῖν
3475 3984 3736 4056 ἀναιρῶν,
3776 3987 3902 4039 ἀνα-

2325 4075 2500 4144 τρέψῃ
2520 4072 2615 4126 καὶ
2629 4072 2727 4142 τὴν
2746 4073 3106 4144 ἁγαθοπρεπῆ
3131 4073 3347 4146 βουλὴν,
3388 4077 3510 4130 καθ’
3560 4079 3626 4150 ἢν
3645 4078 3900 4132 διέπλασε

2330 4165 2424 4218 τὸν
2453 4164 2739 4235 ἄνθρωπον
2770 4163 3136 4230 αὐτεξούσιον,
3161 4167 3256 4220 καὶ
3283 4167 3517 4220 δέδωκεν
3548 4169 3698 4240 αὐτῷ
3723 4170 3901 4240 ψυχὴν

2329 4257 2551 4328 λογικήν
2580 4274 2638 4309 τε
2672 4259 2768 4310 καὶ
2805 4257 3000 4325 νοερὰν
3033 4257 3170 4328 πρὸς
3207 4257 3266 4310 τὸ
3310 4261 3427 4322 ταῖς
3462 4259 3618 4323 ἰδίαις
3651 4261 3902 4330 ἐκλογαῖς

2331 4350 2426 4402 xui.
2474 4347 2779 4418 διακρίσεσι
2840 4347 2932 4401 τοῦ
2999 4350 3240 4420 χείρονος
3292 4351 3389 4403 xui.
3435 4351 3530 4404 τοῦ
3594 4354 3900 4423 κρείττονος
3959 4411 3971 4432 ι

2333 4445 2640 4514 πράττοντα
2667 4444 2730 4496 τὸ
2765 4444 2986 4512 ἀγαθὸν,
3023 4444 3204 4514 εὑρεῖν
3237 4447 3329 4498 καὶ
3357 4446 3456 4508 τὰς
3498 4447 3734 4518 ἀμοιϐὰς
3774 4451 3904 4517 ἀγα-

2331 4537 2462 4599 θάς’
2519 4535 2594 4598 ὼς
2647 4535 2886 4606 ἔμπαλιν
2934 4536 3243 4605 πράττοντα
3297 4537 3359 4590 τὸ
3408 4539 3663 4610 πονηρὸν,
3725 4541 3905 4612 εὑρεῖν

665 4634 776 4689 ret;
805 4625 889 4678 sin
917 4637 1045 4675 vero
1077 4623 1278 4676 malum
1311 4621 1754 4688 amplecteretur,
1789 4618 2012 4680 malam,
2045 4629 2103 4672 ut
2135 4635 2218 4688 pal

2337 4629 2478 4682 κατὰ
2500 4628 2560 4681 τὸ
2584 4629 2878 4682 ἀκόλουθον
2908 4627 3150 4702 πονηρὰς
3177 4631 3298 4699 ἦτοι
3325 4630 3674 4696 κολαστικάς.

662 4727 767 4783 est,
795 4717 910 4770 sive
941 4730 1156 4784 pinnam
1189 4715 1414 4768 haberet
1443 4713 1577 4783 (57).

736 4899 848 4971 (37)
884 4901 1108 4969 Egregia
1140 4903 1227 4956 illa
1262 4914 1390 4958 sunt
1437 4903 1491 4956 in
1525 4901 1666 4956 hanc
1696 4916 1809 4956 rem
1848 4897 2028 4971 Basilii
2051 4893 2236 4971 plagni

661 4966 807 5027 dicta
829 4966 848 5027 ἐ
888 4966 1051 5026 Ἀλλά
1069 4973 1162 5026 καὶ
1190 4975 1277 5027 διὰ
1307 4975 1360 5026 τί
1388 4975 1488 5026 οὐκ
1514 4975 1572 5024 ὲν
1596 4970 1997 5043 τῇγκαςτασκευῇ
2016 4966 2078 5019 τὸ
2104 4967 2236 5043 ἀνα-

668 5043 944 5114 μάρτητον
956 5043 1209 5113 ἔσχομεν.
1229 5044 1415 5114 φησὶν,
1431 5044 1571 5097 ὥστε
1745 5037 2136 5114 βουλομένοιςὴ
2146 5037 2238 5104 μῖν

665 5105 1414 5184 ὗπᾶργειντδάμαρτᾶνεινς
1451 5115 1540 5184 θὸτι
1578 5105 1672 5166 καί
1724 5105 1788 5184 σὺ
1837 5105 1966 5184 τρὶξς
1994 5105 2232 5184 οίκέτξᾳςε

665 5183 763 5252 οὐχ
784 5175 910 5236 ὅταν
943 5175 1197 5252 δεσμίους
1225 5185 1376 5254 ἔχῃς,
1401 5175 1594 5254 εὔνους
1635 5178 2080 5254 ὑπολαμϐάνεις·
2117 5175 2233 5229 ἀλλ’

667 5246 795 5306 ὅταν
812 5246 1080 5324 έκσυσίως
1099 5254 1214 5324 ίδῃς
1231 5246 1446 5323 statim,
1457 5251 1682 5324 ροῦντὰς
1707 5268 1789 5304 σοι
1899 5246 2232 5324 καθῄκοντα.

669 5325 778 5376 Καὶ
797 5322 914 5391 Θεῷ
938 5323 1117 5375 τοίνυν
1157 5315 1216 5376 δῦ
1248 5325 1309 5376 τὸ
1349 5315 1766 5392 ἠναγκασμένον
1795 5320 1969 5390 φίλον,
1999 5315 2136 5392 ἀλλά
2168 5316 2228 5368 τὸ

669 5392 728 5457 ἐξ
742 5386 955 5468 ἀρετῆς
974 5386 1430 5468 κατορθούμενον.
1448 5386 1644 5468 Ἀρίτῆ
1663 5393 1721 5468 δε
1746 5386 2226 5468 ὲκπρρςιιρέσεῳςε

668 5465 764 5516 xui.
798 5457 996 5529 οὐχ’έξ
1019 5457 1266 5533 ἀνάγκης
1291 5457 1525 5532 γίνεταιξ
1546 5457 1886 5533 Προαίρεσις
1904 5458 1964 5533 δὲ
1989 5457 2098 5533 τῶν
2143 5457 2230 5526 ἐφ’

671 5536 803 5606 ἡμῖν
831 5527 1064 5606 ᾕρτηται
1084 5551 1097 5564 ’
1137 5527 1198 5606 τὸ
1223 5527 1397 5606 ’δὲ’ὲφέ
1430 5536 1563 5606 ἡμῖν
1599 5527 1739 5606 ἐστι,
1763 5532 1830 5606 τὸ
1858 5527 2229 5606 αυτεξούσιον.

683 5596 741 5654 ,⁷0
765 5596 943 5658 τοίξιὶυν
961 5596 1323 5692 ’.μεμφόμενος
1353 5596 1700 5674 τὸν’ποιητὴν
1725 5596 1821 5664 ὡς
1870 5598 1956 5706 μὶγ
1987 5596 2233 5684 φυσικῶς

683 5690 1156 5706 εικῆ-ηκνριιηηηίιρη
1185 5677 1333 5706 s..z.
1362 5675 1782 5706 ,ιη-..ηΑ-έμ-ηηρ
1837 5671 1930 5706 m'u't
1963 5687 1991 5706 υ
2023 5684 2208 5706 ςτεηηυ

672 5667 1333 5745 >·.ατασκευᾶσαντα’ὴμᾶς
1361 5667 1803 5744 ἀναμαρτήίεους.
1837 5667 1991 5745 οὖδξέν
2021 5667 2230 5745 ἕτερον.

673 5745 705 5810 ἢ
736 5743 834 5814 τὴν
863 5745 1058 5812 ἄλογον
1091 5737 1254 5812 φύσιν
1283 5748 1382 5814 τῆς
1432 5737 1657 5813 λογικῆς
1696 5742 1944 5814 προτιμᾷ
1969 5755 1982 5769 ·
2013 5741 2106 5814 καὶ
2140 5737 2239 5814 τὴν

674 5807 930 5885 ἀκίνητον
957 5807 1050 5885 xui.
1075 5807 1387 5885 ἀνὸρμητὸν
1423 5807 1519 5881 τῆς
1556 5807 1949 5885 προαιρετικῆς
2002 5810 2094 5861 καὶ
2144 5807 2240 5885 έμ-

673 5879 938 5955 ττράκτου.
973 5883 1028 5939 Id
1061 5895 1143 5940 est
1177 5879 1290 5940 E'At
1324 5903 1436 5954 cur,
1469 5879 1655 5955 inquit,
1703 5879 1990 5954 quispiam,
2025 5895 2125 5932 non
2169 5879 2246 5930 ita

2334 4895 2532 4949 conditi
2572 4901 2969 4968 comparatique
3005 4917 3206 4965 sumus,
3241 4912 3296 4953 ut
3330 4916 3542 4966 peccare
3577 4917 3676 4953 non
3715 4912 3872 4968 passa

2335 4982 2471 5028 mus,
2495 4978 2657 5039 atque
2679 4969 2810 5022 adeo
2843 4987 2905 5022 ne
2942 4971 3231 5024 volentibus
3261 4970 3470 5038 quidem
3502 4972 3798 5039 delinquere
3821 4969 3904 5037 fas

2332 5038 2508 5110 esset?
2537 5039 2683 5108 quia,
2719 5039 2956 5109 inquam,
2997 5051 3053 5093 tu
3085 5057 3288 5110 quoque
3339 5057 3513 5094 servos
3557 5038 3665 5094 non?
3701 5040 3907 5108 quando

2334 5107 2621 5161 vinctos'in
2661 5107 2904 5162 custodia
2957 5107 3170 5170 retines.
3201 5107 3492 5164 'trcnevolos
3530 5113 3626 5165 tibi
3672 5107 3775 5163 esse
3805 5110 3910 5162 exi-

2333 5177 2516 5250 stimas
2539 5178 2676 5250 ;_sed
2727 5195 2845 5250 cum
2895 5191 3076 5248 sponte
3105 5181 3272 5250 ofﬁcia
3322 5198 3445 5250 erga
3479 5191 3527 5234 te
3569 5199 3666 5232 sua
3702 5180 3908 5250 implere

2334 5247 2519 5303 rideri.
2555 5247 2694 5313 Ergo
2730 5261 2774 5302 et
2806 5247 3159 5318 Deagratum'
3179 5259 3254 5304 est
3282 5247 3488 5311 non—id,
3519 5251 3658 5320 quod
3690 5249 3902 5303 necessia

2337 5325 2442 5390 t_(_tte
2495 5333 2796 5387 expressum
2845 5321 2935 5381 sit,
2977 5321 3068 5373 sed
3109 5322 3246 5390 quod
3299 5338 3329 5372 a
3367 5321 3556 5374 virtute
3604 5322 3902 5389 perfectum.

2345 5385 2524 5442 Virtus
2564 5385 2691 5443 'vero
2747 5406 2778 5440 a
2823 5390 3090 5443 voluntate
3121 5385 3313 5452 oritur,
3348 5407 3448 5442 non
3489 5409 3519 5443 α
3574 5385 3900 5449 necessitate,

2337 5457 2580 5529 uoluntas
2603 5468 2780 5511 autent
2813 5459 2878 5510 ab
2901 5459 3007 5512 illis
3033 5463 3241 5527 pendet,
3265 5478 3381 5529 qua;
3405 5463 3456 5512 in
3488 5461 3632 5514 nobis
3661 5463 3763 5514 sita
3785 5462 3903 5513 sint.

2341 5525 2491 5590 Quod
2543 5545 2658 5581 vero
2696 5529 2749 5580 in
2787 5529 2930 5582 nobis
2975 5525 3135 5595 silum
3180 5525 3286 5591 est,
3313 5532 3448 5583 idem
3477 5532 3698 5584 liberum
3738 5541 3785 5584 et
3822 5545 3901 5581 no-

2339 5607 2563 5670 sti-mest
2595 5601 2893 5670 potestatis.
2924 5600 3026 5664 Qui
3048 5603 3212 5668 igitur
3243 5604 3305 5652 de
3337 5601 3620 5654 Conditore
3649 5601 3907 5670 queritur,

2343 5668 2480 5734 quod
2507 5685 2606 5720 non
2635 5669 2763 5720 tales
2796 5680 2987 5722 natura
3016 5688 3106 5723 nos
3135 5671 3337 5740 fecerit,
3363 5684 3416 5725 ut
3446 5668 3909 5740 peccare-nequire.

2350 5755 2484 5801 mus,
2510 5741 2554 5791 is
2584 5741 2793 5791 cumino
2842 5751 3091 5794 naturam
3133 5737 3334 5794 ratione
3367 5737 3630 5795 carentem
3681 5737 3764 5801 ei;
3804 5753 3908 5808 qua:

2354 5808 2579 5859 rationis
2613 5811 2875 5880 particeps
2923 5815 3010 5872 sit,
3049 5814 3350 5879 mttepouit;
3393 5813 3607 5880 etquod
3654 5808 3915 5880 immobile

2353 5888 2427 5931 est
2459 5895 2545 5932 nec
2575 5895 2624 5933 sc
2649 5879 2868 5934 incitare
2893 5892 3076 5948 D'Jlt'sl,
3105 5878 3179 5948 ei,
3199 5883 3332 5950 quod
3357 5894 3401 5936 ct
3430 5878 3634 5938 valendi
3656 5893 3704 5936 et
3730 5878 3916 5951 agendi
