4172 6554
372 396 477 462 739

1477 406 1560 465 IN
1600 394 1950 467 ECCLESIA

2053 405 2190 466 ‘EN.
2226 434 2295 443 ——
2317 408 2446 469 LIB
2490 408 2541 467 ι.
3534 399 3673 485 τοι),

442 512 522 565 Τὸ
545 506 661 577 οὖν,
697 532 716 564 ς
761 513 1002 568 Ἔδωκεν
1036 517 1061 569 ζ
1089 514 1281 583 Θεὸς,ι
1326 516 1452 571 ἀντὶ
1488 520 1608 582 τοῦ,
1644 536 1663 569 ι
1707 518 1949 589 συνεχώ-

2122 518 2229 589 33
2263 517 2452 590 Itaque
2481 519 2610 573 illud
2644 535 2664 569 ι
2696 516 2851 573 Dedit
2880 517 3021 572 Deus
3064 535 3082 562 δ
3122 515 3343 586 sapiens
3371 513 3640 569 Ecclesia-

372 620 560 674 ρησεν,
620 604 826 674 ἀφῆκε,
864 626 882 658 ι
917 608 1166 661 τέθεικεν
1212 610 1674 680 ὁμολογουμένως
1721 614 1750 666 ὁ
1786 612 1952 681 σοφὸς

382 696 820 770 Ἑκκλησιαοτής
846 718 857 730 ·
899 701 1083 767 καθὼς
1133 704 1231 757 καὶ
1283 704 1499 769 Παῦλος
1532 708 1561 758 ὁ
1605 708 1782 776 μέγας
1812 707 1952 760 ἁπό-

371 789 559 853 στολος
581 790 751 863 ἐφησξ,
772 795 902 865 περὶ
934 794 1044 849 τῶν
1076 796 1471 861 ἐξοκειλάντων
1504 800 1585 862 εἰς
1608 801 1794 854 πᾶσαν
1824 800 1954 855 ἀθεε-

372 883 745 954 μιτοηιραγίαν
781 886 877 939 καὶ
920 891 1376 961 πονηροπραξίσιν
1400 909 1413 923 ’
1445 892 1581 963 φησὶ
1618 892 1730 962 γάρ
1753 910 1767 925 ο
1815 913 1833 941 ι
1873 892 1951 949 Δι’

367 972 397 1025 ὃ
436 976 530 1029 καὶ
558 976 881 1046 παρέδωκεν
919 980 1121 1045 αὐτοὺς
1150 982 1178 1035 ὁ
1205 982 1338 1046 Θεὸς
1378 984 1437 1036 ἐν
1470 986 1592 1047 ταῖς
1628 985 1950 1055 ἐπιθυμίαις

368 1067 482 1120 τῶν
507 1069 749 1139 καρδιῶν
778 1071 959 1127 αὐτῶν
991 1076 1071 1139 εἰς
1096 1076 1444 1149 ἀκαθαρσίαν
1460 1077 1555 1130 τοῦ
1583 1078 1953 1149 ἀτιμάζεσθαι

368 1203 475 1257 vim
504 1204 895 1277 habet.r(llom.
945 1209 1001 1274 9,
1039 1224 1071 1266 e
1109 1208 1310 1266 divers.
1366 1209 1521 1277 Quod
1555 1211 1696 1270 Deus
1734 1232 1839 1270 non
1872 1225 1950 1273 est

367 1284 559 1329 auctor
585 1276 867 1331 malorum.

441 1344 712 1420 caeterum
740 1349 1035 1417 Gregorius
1059 1366 1278 1420 quoque
1308 1360 1496 1407 noster
1527 1355 1850 1411 catholicam
1882 1358 1950 1415 de

370 1417 614 1472 hominis
647 1418 894 1473 libertate
919 1417 1248 1475 sententiam
1282 1424 1471 1477 multis
1497 1425 1553 1479 in
1583 1424 1720 1483 locis
1744 1428 1825 1483 sic
1850 1446 1916 1484 ex
1934 1458 1951 1470 ~-

370 1486 738 1566 ppsuit,_niliil
779 1498 833 1542 ut
868 1491 1084 1566 planius
1118 1502 1215 1546 aut
1240 1493 1574 1566 luculentins
1606 1508 1796 1566 optare
1827 1516 1950 1566 pos-

372 1557 474 1612 sis.
508 1558 708 1634 Cujus
733 1575 832 1634 ego
868 1557 1054 1626 verba,
1106 1564 1410 1634 praesertim
1456 1568 1603 1634 quod
1641 1557 1766 1634 post
1795 1557 1947 1626 dam-

371 1628 898 1711 natum‘Pelagimn
945 1628 1255 1711 scripserit,
1301 1628 1701 1711 semel'omnia
1750 1656 1951 1711 repra-

374 1699 639 1754 sentanda
670 1702 741 1780 ob
772 1704 962 1780 oculos
992 1699 1210 1780 censeo,
1243 1704 1295 1757 in
1328 1720 1518 1780 eorum
1547 1699 1827 1771 solatium:
1854 1714 1945 1780 qui

375 1778 607 1825 veterem
689 1769 946 1848 Ecclesia:
1006 1772 1311 1848 doctrinam
1373 1776 1689 1833 labefactari
1738 1769 1946 1848 dolent,

374 1854 608 1928 eamque
640 1856 748 1909 quo
801 1844 926 1928 licet
961 1846 1161 1928 "studio
1192 1849 1645 1928 ancsnrnmalide
1702 1844 1945 1928 tuentur;
1982 1873 2025 1928 Β

375 1910 672 1985 Eni_mver_o
702 1914 865 1976 paulo
899 1915 1131 1970 inferius
1188 1915 1237 1985 (§
1272 1916 1357 1985 15)
1389 1920 1454 1973 ad
1490 1920 1581 1974 illa
1606 1920 1952 1981 Ecclesiastze

372 1981 538 2061 verba
566 1999 583 2061 7:
611 1980 681 2061 ξε
707 1987 1047 2061 prwsuntptio
1070 1980 1308 2061 spiritus,
1331 1980 1411 2061 sic
1439 1989 1659 2046 disserit
1683 2010 1697 2047 :
1730 2012 1748 2045 ι
1782 1980 1950 2061 Quasi

284 2066 295 2079 '
373 2050 581 2126 diceret
603 2072 615 2107 :
638 2051 763 2126 [hee
781 2050 965 2110 omnia
998 2050 1149 2126 optio
1181 2050 1348 2111 animi
1384 2069 1513 2115 sunt
1542 2062 1773 2118 arbitrio
1792 2050 1953 2122 uteri;

372 2123 463 2200 tis.
494 2123 1257 2200 quiuad‘utrumque,'bonum
1293 2144 1488 2199 nempe
1527 2142 1579 2187 et
1614 2135 1839 2200 malum,
1869 2138 1953 2189 in-

373 2192 929 2269 clinandifarultate
983 2199 1281 2254 manifesto
1340 2192 1603 2269 praeditus
1660 2214 1764 2260 est.
1804 2192 1837 2257 ι’
1888 2209 1952 2264 Et

373 2263 472 2317 lib.
508 2279 569 2329 ιι,
596 2264 726 2335 διδ,
754 2267 965 2334 prolata
986 2269 1186 2339 Moysis
1208 2263 1477 2328 sententia
1506 2293 1518 2329 :
1553 2293 1571 2326 ι
1594 2272 1787 2330 Posuit
1812 2263 1952 2334 Deus

372 2342 498 2410 ante
524 2348 876 2410 conspectum
909 2348 1063 2410 tuum
1093 2341 1263 2394 vitam
1294 2350 1347 2395 et
1374 2353 1637 2410 mortem;
1662 2346 1868 2402 bonum
1899 2361 1953 2406 et

372 2407 602 2467 malum,
652 2409 857 2482 {addit
890 2428 913 2482 :7
938 2429 955 2461 ι
997 2409 1134 2464 Nam
1172 2411 1475 2482 unicuique
1512 2407 1801 2473 hominum
1853 2436 1951 2475 au-

371 2484 495 2559 ctor
520 2477 703 2559 nostri
734 2481 950 2547 generis
971 2491 1045 2559 _et
1076 2477 1423 2539 naturalibus
1452 2487 1776 2559 et__scriptis
1812 2490 1950 2557 legi-

372 2546 477 2622 hus
500 2548 668 2609 dedit.
703 2546 764 2603 ut
816 2566 938 2619 quae
971 2553 1110 2605 bona
1143 2567 1376 2622 quaeque
1414 2546 1683 2621 meliora,-
1723 2568 1779 2613 et
1811 2546 1951 2616 mala

372 2616 498 2700 item
521 2632 659 2700 ‘quze
689 2616 874 2700 essent
926 2616 1177 2700 quaeque
1199 2616 1406 2692 pejora,
1425 2616 1781 2700 cognoscere
1826 2646 1954 2700 pos-

371 2686 587 2767 senae
634 2686 1100 2767 quemadmodum
1148 2686 1312 2748 unam
1344 2686 1581 2767 quisque
1627 2686 1949 2757 rationalem

370 2757 874 2832 intelligentemque
933 2765 1162 2819 sortitus
1218 2774 1303 2819 est
1354 2757 1616 2832 animam,
1676 2771 1749 2824 ita
1784 2788 1948 2827 unam

369 2830 580 2911 pariter
601 2830 943 2911 affectionem
982 2835 1202 2911 haberet
1240 2836 1436 2911 bonum
1474 2830 1799 2911 honestique
1829 2855 1951 2899 slu-

370 2898 605 2977 diosarn,
663 2904 1027 2977 seligeretque
1056 2905 1197 2977 bona
1255 2905 1400 2962 factu
1431 2915 1492 2962 et
1536 2898 1773 2977 potior'a,
1808 2898 1951 2970 unde

369 2968 535 3049 vitam
569 2968 850 3035 hauriret;
881 2968 1283 3049 contrariorum
1310 2994 1441 3034 vero
1472 2968 1746 3049 optionem
1763 2968 1828 3039 'et
1856 2968 1949 3040 de;

369 3039 571 3122 lectum
603 3053 860 3122 tanquam
891 3039 1567 3122 mortiferumrespueret,
1588 3061 1755 3122 atque
1780 3071 1809 3109 a
1840 3039 1949 3111 vita

368 3111 560 3179 procul
588 3111 987 3193 de_testare_tur._
1011 3118 1082 3170 At
1121 3111 1391 3193 homines,
1428 3111 1753 3193 quanquam.
1782 3136 1948 3180 natu-

370 3195 487 3276 ram
520 3186 670 3267 nacti
703 3201 827 3240 cum
860 3186 1197 3276 intrinpsecus
1228 3188 1302 3271 vi,
1339 3186 1614 3276 potentia;
1634 3194 1944 3261 affectibus,
1977 3216 2023 3276 ο

371 3260 486 3334 tum
535 3255 878 3334 extrinsecus
916 3255 1353 3334 conformatione
1414 3263 1719 3334 habituque
1780 3255 1945 3320 unam

370 3331 535 3392 atque
571 3328 840 3400 eamdem,
883 3343 1079 3400 magna
1106 3344 1173 3383 ex
1208 3330 1513 3400 ignorantia
1569 3328 1873 3392 honestatis
1892 3347 1948 3393 et

367 3407 437 3474 ᾳ
467 3396 750 3474 pravitate
794 3396 1008 3474 consilii
1052 3396 1419 3474 inmaturam,
1459 3419 1581 3473 quae
1626 3422 1734 3462 una
1779 3418 1944 3474 esset,

368 3462 691 3545 divisionem
722 3467 1057 3545 induxerunt
1081 3462 1415 3545 absurdam;
1438 3462 1497 3528 ut
1528 3478 1734 3530 variam
1764 3462 1947 3533 diver;

368 3539 595 3605 samque
646 3539 844 3594 mentis
901 3540 1155 3596 humana:
1208 3544 1542 3599 voluntatem
1598 3547 1947 3604 demonstra-

366 3614 509 3659 rent.
548 3625 567 3659 ι
714 3620 717 3627 ’

435 3674 555 3731 Jam
612 3679 705 3756 lib.
740 3678 881 3756 ψηέ
906 3683 967 3756 9,
1014 3696 1302 3756 poetqnam
1341 3684 1652 3741 mirandum
1686 3704 1793 3743 non
1825 3705 1949 3745 esse

367 3747 465 3829 ait,
498 3751 693 3829 .m_ult_a
724 3750 792 3804 ab
822 3747 1355 3829 hominibus-contra
1403 3756 1496 3825 jus
1531 3768 1586 3811 et
1626 3758 1712 3829 fas
1744 3762 1944 3829 passim

366 3818 630 3901 admittit
657 3822 770 3901 [nec
823 3824 1096 3878 subnectit
1129 3844 1141 3880 :
1182 3844 1201 3877 ι
1242 3818 1498 3901 Liberum
1550 3828 1697 3882 enim
1744 3818 1948 3901 'suiqne

363 3888 506 3969 juris
544 3891 748 3945 animal
781 3905 945 3962 super
972 3902 1172 3969 terram
1210 3896 1361 3950 solus
1413 3898 1577 3951 homo
1621 3908 1725 3964 est,
1761 3888 1949 3969 qui'se

366 3959 420 4013 in
454 3968 743 4037 utramque
788 3959 1001 4037 partem
1029 3964 1245 4037 flectere
1272 3976 1448 4035 potest
1482 3986 1497 4022 :
1532 3977 1590 4020 ut
1616 3959 1832 4037 qualem
1865 3974 1946 4024 vi-

364 4043 494 4104 vere
518 4032 682 4104 vitam
715 4032 969 4099 voluerit,
997 4035 1112 4089 sive
1139 4032 1339 4090 bonam
1368 4052 1559 4104 nempe
1581 4032 1697 4093 sive
1722 4043 1943 4104 malam,

366 4101 506 4155 tales
541 4116 569 4154 a
604 4101 716 4157 Deo
746 4106 1216 4162 remuneratioues
1247 4122 1312 4161 ac
1356 4101 1576 4177 praemia
1631 4109 1703 4164 sit
1742 4101 1946 4166 relatu;

368 4186 483 4225 l'llS.
520 4192 538 4225 ι
1060 4216 1061 4221 η

439 4242 582 4319 idem
614 4258 745 4319 vero
769 4245 865 4300 lib.
894 4261 974 4319 vr_.
1002 4244 1029 4316 §
1060 4247 1148 4311 13,
1174 4248 1457 4317 praefatus,
1482 4257 1729 4319 tempora
1755 4260 1810 4306 et
1831 4251 1949 4307 dies

368 4314 571 4391 nullam
606 4314 862 4391 cuiquam
895 4314 1089 4391 afferre
1121 4314 1227 4371 vim
1258 4334 1424 4391 posse
1456 4339 1470 4374 :
1508 4339 1527 4372 ί
1565 4314 1634 4391 At
1669 4322 1945 4391 nequitiae,

368 4384 564 4460 inquit,
610 4393 664 4440 et
713 4384 1082 4460 improbitatis
1120 4384 1513 4460 pravitatisque
1554 4384 1778 4445 ell‘ector
1830 4384 1948 4449 dies

369 4457 551 4511 nullus
595 4457 820 4512 omnino
873 4467 959 4512 est
990 4476 1003 4511 :
1036 4457 1134 4515 sed
1188 4457 1473 4515 hominum
1523 4462 1833 4517 voluntates
1890 4472 1950 4518 ut

370 4526 490 4601 haec
512 4543 735 4597 quoque
763 4530 1114 4601 egsisterent,
1142 4531 1469 4601 negligentia
1502 4547 1602 4587 sua
1632 4547 1697 4586 ac
1734 4534 1945 4589 desidia

366 4597 684 4671 effecerunt.
728 4619 745 4649 ι
794 4598 860 4651 Et
908 4598 1052 4670 ἐμ,
1094 4597 1409 4666 ostendorts,
1456 4618 1577 4671 qua-
1642 4607 1940 4671 proborum

365 4668 611 4722 virorum
642 4670 892 4724 doctrina
914 4668 1042 4725 esse
1063 4671 1278 4738 debeat,
1330 4690 1347 4721 ι
1389 4668 1565 4726 Simul
1600 4668 1658 4727 et
1688 4673 1941 4739 doceant,

368 4741 464 4814 ait,
503 4750 555 4793 et
589 4743 842 4794 virtutem
875 4751 928 4794 et
965 4741 1151 4795 vitium
1186 4744 1254 4795 ab
1287 4743 1526 4796 humano
1554 4743 1783 4797 arbitrio
1813 4760 1946 4814 pen-

369 4810 520 4883 dere,
552 4826 617 4864 ac
669 4822 955 4881 propterea
996 4820 1104 4865 tam
1157 4821 1403 4882 pacatam
1450 4810 1946 4883 serenamque'ho-

372 4881 578 4952 minum
635 4884 823 4947 vitam,
868 4896 1031 4952 quam
1086 4881 1450 4937 turbulentam
1507 4881 1823 4939 earumdem
1884 4903 1947 4942 ac

374 4951 769 5006 tumultuosam
814 4951 1207 5009 conditionem.
1248 4973 1267 5004 ι
1309 4954 1549 5008 Rursum
1597 4966 1653 5009 ut
1682 4956 1943 5017 declaret.

372 5017 510 5072 nihil
558 5019 763 5075 homini
799 5024 1017 5089 obesse,
1058 5040 1125 5078 ne
1172 5024 1295 5077 vita:
1345 5040 1458 5079 sua:
1505 5025 1713 5079 exitum
1752 5026 1948 5081 haheat

374 5090 614 5165 faustum
663 5102 824 5165 atque
850 5094 1099 5165 beatum,
1135 5093 1162 5165 §
1202 5095 1285 5154 l7,
1326 5096 1406 5148 sic
1437 5096 1714 5163 loquitur:
1750 5115 1769 5147 ε
1803 5098 1951 5151 Con-

372 5160 513 5213 didit
542 5158 715 5237 Deus_
736 5158 1093 5237 intelligentis
1117 5158 1180 5219 εἷο
1211 5158 1590 5220 ratiocinantis
1618 5166 1812 5221 anima:
1849 5183 1948 5237 po-

374 5239 649 5305 testatem,
685 5231 939 5301 deditque
974 5237 1205 5297 homini,
1240 5253 1349 5305 quo
1387 5237 1655 5290 deducere
1685 5245 1739 5289 et
1766 5231 1947 5291 emen-

372 5302 506 5355 dare
542 5301 602 5376 in
632 5302 833 5354 bonum
868 5306 1048 5357 omnia
1082 5301 1282 5373 posset,
1314 5322 1377 5360 ea
1407 5306 1595 5372 etiam,
1630 5323 1750 5376 qua:
1789 5317 1948 5362 natu-

374 5386 490 5447 ram
517 5370 1094 5447 aIl'crrecontrariam
1117 5380 1428 5430 viderentur
1468 5395 1483 5429 :
1528 5370 1589 5430 ut
1636 5370 1946 5447 inconipre-

375 5444 673 5497 hensibiles
692 5442 902 5515 divina:
931 5444 1188 5500 bonitatis
1211 5454 1375 5515 atque
1403 5447 1683 5515 sapientiae
1727 5442 1949 5502 thesau-

374 5529 467 5566 ros
516 5513 873 5577 enuntiando,
927 5522 981 5567 et
1026 5516 1230 5584 gratias
1280 5513 1393 5570 Deo
1429 5513 1482 5570 in
1534 5519 1790 5571 omnibus
1823 5535 1945 5572 cum

376 5584 538 5639 laude
586 5585 814 5654 agendo,
865 5584 1025 5637 aliam
1080 5586 1327 5641 homines
1360 5603 1585 5641 causam
1645 5590 1949 5643 invenirent

378 5657 607 5717 nullam,
639 5670 738 5709 cur
760 5654 1017 5723 quisque,
1064 5655 1259 5709 bonam
1316 5660 1556 5712 retinens
1591 5670 1848 5723 tuentem,
1885 5678 1949 5713 ac

378 5728 523 5793 quoii
589 5727 788 5798 bonum
845 5735 1265 5798 estpprzeslaus,
1323 5730 1515 5782 melior
1569 5730 1741 5791 lieret.
1785 5746 1949 5798 quam

380 5812 545 5850 unam
575 5796 851 5867 propriam
886 5796 1242 5859 voluntatem,
1270 5813 1390 5865 qua:
1420 5814 1448 5852 a
1479 5800 1587 5851 Deo
1625 5796 1945 5867 potestatem

380 5867 791 5935 libertatemque
818 5868 1046 5935 accepit,
1081 5874 1140 5920 ut
1171 5883 1227 5921 se
1259 5869 1309 5920 in
1355 5885 1517 5936 quam
1555 5872 1709 5925 vellet
1746 5881 1950 5939 partem

2046 2698 2254 2768 poterit
2281 2695 2643 2768 adortiari,_e_t
2674 2693 2983 2768 imminutio
3024 2707 3131 2768 non

2060 620 2170 666 stes
2204 627 2328 682 pro,
2371 632 2389 663 ι
2420 613 2713 677 concessit,
2748 611 3030 682 permisit,
3062 630 3080 662 ι
3122 609 3241 666 sine
3267 606 3638 664 controversia

2060 706 2379 774 usurpavit;
2404 704 2867 775 quemadmodum
2892 718 3124 774 magnus
3162 716 3383 773 quoque
3425 708 3642 771 aposto-

2059 798 2145 853 lus
2172 800 2377 855 Panlus
2398 798 2466 853 de
2495 798 2562 852 iis
2581 806 2666 853 est
2691 798 2929 859 locutus,
2957 797 3052 863 qui
3087 797 3139 850 in
3166 794 3435 850 nefarium
3466 793 3636 864 quod-

2058 906 2166 961 que
2191 906 2329 961 opus
2361 890 2784 961 improbumque
2819 889 3037 945 facinus
3065 888 3307 958 prolapsi
3353 895 3483 943 sunt
3516 903 3530 939 :
3562 887 3640 939 ait

2057 989 2199 1040 enim
2232 1003 2245 1039 :
2282 1002 2301 1037 t
2334 983 2566 1054 Propter
2591 984 2735 1053 quod
2769 982 2995 1037 tradidit
3035 980 3161 1036 illos
3204 980 3350 1036 Deus
3408 980 3463 1035 in
3500 980 3633 1034 desi-

2060 1078 2209 1133 deria
2238 1078 2422 1133 cordis
2449 1092 2662 1139 eorum,
2696 1076 2749 1129 in
2782 1074 3210 1140 immunditiam,
3263 1083 3323 1128 ut
3352 1082 3635 1128 contume-

2059 1215 2366 1273 inclinaret.
2412 1212 2577 1279 hujus
2620 1211 2695 1264 rei
2740 1225 2907 1265 causa
2958 1210 3235 1265 hominem
3272 1210 3527 1265 conditor
3556 1218 3638 1263 ta-

2059 1290 2163 1343 Iem
2189 1282 2495 1345 constituit,
2531 1291 2588 1337 ut
2620 1291 2813 1351 przeter
2842 1280 3139 1336 voluntarii
3171 1281 3386 1336 consilii
3417 1296 3481 1335 ac
3511 1296 3638 1351 prn—

2058 1354 2337 1429 peusionis
2378 1353 2673 1429 terminum
2713 1360 2768 1407 et
2801 1351 3068 1407 rationem
3112 1360 3176 1429 et_
3214 1352 3631 1429 destinationem

2059 1422 2205 1483 nulla
2237 1425 2341 1479 alia
2372 1426 2702 1493 reperiretur
2732 1437 2922 1484 causa,
2950 1438 3073 1492 quae
3094 1422 3179 1477 vel
3218 1422 3633 1490 perseverantia:

2058 1501 2112 1553 in
2148 1496 2363 1559 melius,
2404 1494 2486 1548 vel
2518 1494 2840 1547 mutationis
2878 1493 2932 1546 in
2976 1493 3132 1562 pejus
3184 1493 3331 1548 socia
3370 1501 3542 1562 esset
3569 1506 3632 1545 ac

2057 1583 2262 1623 comes.
2302 1584 2322 1618 ι
2357 1565 2470 1632 Qua
2503 1578 2632 1618 vero
2665 1564 2873 1619 ratione
2906 1561 3140 1617 homOin
3172 1571 3450 1632 peceatum
3480 1561 3623 1616 laba

2058 1650 2164 1699 tur.
2206 1637 2301 1693 lih.
2333 1652 2428 1699 vtt,
2463 1634 2490 1706 §
2519 1636 2604 1698 ll,
2631 1635 2711 1690 sic
2735 1634 2970 1706 explicat
3002 1650 3017 1686 :
3052 1653 3075 1706 γ(
3106 1633 3327 1706 Quippe
3347 1633 3632 1706 rationalis

2058 1703 2518 1779 intelligentisque
2548 1706 2745 1759 anima:
2781 1705 3027 1784 libertate
3049 1705 3196 1784 in_re
3222 1704 3363 1758 mala
3401 1703 3628 1784 abusus.

2054 1775 2566 1851 potestatemsuam
2587 1786 2828 1851 exercet,
2860 1775 3160 1851 voluntatis
3177 1784 3524 1851 momentum
3550 1775 3632 1826 in-

2054 1843 2333 1912 clinando,
2384 1848 2434 1901 id
2469 1859 2552 1901 est
2586 1846 2847 1913 indulget,
2885 1855 2945 1899 ut
2984 1847 3306 1911 mentiatur,
3347 1854 3402 1897 et
3422 1843 3631 1898 calum-

2052 1923 2236 1976 nietnr
2278 1929 2333 1976 et
2379 1928 2538 1973 vexet
2584 1925 2638 1970 et
2686 1917 2918 1971 ditescat
2964 1916 3180 1980 alienis,
3214 1924 3269 1970 et
3317 1915 3629 1984 proximum

2055 1992 2243 2048 multis
2275 2001 2328 2044 et
2358 1989 2524 2044 variis
2564 1987 2740 2041 modis
2766 1986 3002 2057 pessime
3028 1986 3244 2041 alliciat.
3284 2003 3304 2039 ι

2128 2060 2590 2137 Simillimadirec,
2622 2056 2840 2137 opinor,
2897 2072 2961 2113 ac
3007 2058 3239 2137 gemina
3286 2056 3374 2121 iis,
3407 2070 3531 2137 qua:
3565 2056 3620 2137 i_n

2056 2132 2297 2189 Historia
2335 2129 2617 2184 Malieiana
2652 2126 2682 2182 a
2714 2127 2937 2182 Patrum
2966 2126 3185 2199 scriptis
3210 2128 3461 2199 decerpta
3494 2126 3628 2199 legi-

2055 2222 2199 2277 mus.
2237 2202 2315 2277 Ne
2354 2216 2488 2256 vero
2514 2199 2960 2277 quispiamillud
2991 2197 3233 2267 objicere
3264 2198 3459 2277 possit,
3495 2197 3627 2251 dum

2053 2274 2353 2342 Gregorius
2381 2267 2566 2325 noster
2599 2267 2839 2342 hominis
2874 2269 3185 2342 libertatem
3227 2267 3463 2342 extollit,
3504 2281 3627 2321 sus-

2053 2338 2291 2415 picionis
2311 2357 2502 2418 ansam
2535 2340 2807 2410 praebere,
2836 2356 2905 2395 ne
2926 2338 3393 2418 Pelagiana:__l_abis
3426 2339 3627 2418 immu-

2056 2409 2177 2470 nem
2206 2429 2331 2469 eum
2360 2409 2681 2475 habeamus,
2718 2420 2886 2479 utque
2909 2409 3078 2465 divini
3114 2410 3301 2464 auxilii
3328 2409 3627 2463 necessita-

2052 2496 2162 2541 tem
2217 2486 2307 2539 vix
2372 2496 2675 2552 agnoscere
2746 2482 3167 2541 existimemus:
3222 2480 3483 2552 praeclara
3535 2479 3627 2552 illa

2055 2568 2204 2634 sunt,
2230 2550 2497 2634 quaenhoc
2527 2553 2647 2634 ipso
2709 2552 2763 2606 iu
2821 2552 2976 2634 libro
3004 2552 3220 2634 habetn§
3261 2550 3346 2612 16,
3374 2550 3623 2618 exposita

2053 2628 2198 2681 enim
2230 2622 2699 2703 illa_Ecclesiasta3
2746 2622 3014 2703 sententia
3046 2641 3057 2675 :
3090 2641 3109 2675 r
3164 2622 3486 2703 Perversum
3516 2635 3623 2673 non

3181 2701 3382 2762 poterit
3430 2705 3624 2744 nume-

2055 2762 2161 2822 rari
2190 2785 2204 2831 ;
2238 2787 2257 2819 ι
2295 2768 2411 2821 haec
2441 2764 2663 2834 sulijicit
2691 2784 2704 2818 :
2750 2780 2769 2814 ‹
2805 2763 2879 2817 Ita
2898 2765 3063 2834 plane
3081 2764 3319 2818 humana
3343 2762 3623 2834 voluntas,

2054 2839 2220 2894 simul
2271 2847 2435 2908 atque
2483 2832 2753 2908 subversa
2788 2832 2967 2899 sit,'et
3001 2832 3067 2908 ad
3100 2834 3283 2903 pejora
3323 2833 3623 2908 devenerit,

2054 2926 2161 2963 non
2186 2909 2297 2976 jam
2340 2903 2456 2963 suis
2480 2907 2595 2975 ipsa
2630 2920 2655 2957 v
2688 2904 2839 2959 ribus
2869 2904 3122 2976 emendet
3157 2920 3278 2958 sese
3311 2903 3625 2956 meliorem-

2053 2996 2159 3050 que
2189 2980 2375 3039 faciat.
2397 2978 2520 3050 nisi
2548 2976 2683 3029 alter
2710 2975 3051 3050 providentia
3078 2975 3199 3043 ejus
3220 2988 3625 3050 curaquesus-

2053 3044 2234 3120 cepta.
2271 3048 2459 3120 gratiae
2484 3062 2596 3101 sure
2625 3061 2728 3113 ope
2759 3056 2812 3100 et
2841 3046 3084 3120 potentia
3113 3046 3415 3120 medeatur,
3450 3044 3625 3097 idem-

2054 3116 2162 3191 que
2194 3122 2260 3175 ad
2274 3116 2556 3174 'virtutem
2576 3126 2754 3191 atque
2781 3121 2847 3169 ad
2880 3116 3188 3191 absolutam
3218 3116 3627 3191 perfectamque

2059 3186 2302 3246 melioris
2334 3191 2457 3244 vita:
2485 3190 2748 3241 rationem
2782 3197 2835 3241 et
2860 3188 2998 3240 viam
3030 3190 3279 3240 sanando
3306 3192 3542 3240 revocet.
3574 3186 3624 3243 Id

2056 3278 2188 3316 vero
2228 3262 2319 3314 ille
2372 3260 2601 3313 omnino
2656 3257 2962 3338 praestabit,
2994 3258 3089 3326 qui
3120 3256 3447 3338 eamlinxit,
3473 3262 3528 3309 et
3559 3255 3625 3308 ad

2051 3349 2207 3388 suam
2242 3333 2415 3401 ipsius
2443 3331 2717 3407 expressit
2748 3328 3068 3407 imaginem,
3102 3328 3441 3407 cunctanipse
3475 3341 3628 3407 contf

2052 3397 2277 3457 mutans
2305 3402 2357 3455 in
2386 3400 2578 3453 melius
2608 3406 2772 3466 atque
2813 3398 3218 3452 transfnrinans
3247 3416 3261 3451 :
3290 3397 3381 3452 Dei
3418 3397 3629 3452 scilicet

2052 3472 2239 3533 Verbi.
2280 3488 2373 3541 per
2395 3470 2635 3541 divinam
2671 3478 2727 3523 et
2750 3469 2993 3539 bonitate
3019 3469 3143 3539 ejus
3164 3468 3384 3537 dignam
3416 3475 3629 3541 natura:

2050 3538 2783 3605 nostrze'assumptionem,’
2803 3538 3059 3593 omnium
3108 3550 3326 3609 potente
3371 3538 3571 3609 gratia.
3603 3557 3622 3590 ι

2050 3614 2189 3692 Vide
2215 3623 2269 3668 et
2298 3613 2465 3692 libtv,
2557 3611 2609 3663 l.
3175 3680 3189 3691 .
3344 3681 3357 3692 _
3480 3681 3491 3692 _

2119 3682 2232 3739 Nec
2258 3697 2387 3738 vero
2416 3680 2604 3736 divino
2666 3680 2871 3735 auxilio
2909 3696 3069 3750 egere
3116 3680 3299 3736 minus
3344 3681 3629 3735 hominem

2052 3763 2257 3817 censet,
2290 3769 2358 3808 ne
2380 3752 2667 3821 delinquat
2701 3770 2714 3805 :
2745 3766 2868 3805 nam
2907 3752 3003 3806 lih.
3044 3767 3140 3816 vn,
3164 3750 3197 3822 §‘
3222 3752 3273 3813 l,
3313 3752 3404 3805 illa
3439 3752 3631 3807 Eccle—

2050 3828 2235 3882 siaste:
2263 3824 2433 3879 verba
2470 3841 2483 3877 :
2516 3822 2656 3888 Quia
2683 3824 2837 3876 homo
2867 3838 2971 3876 non
3002 3831 3081 3876 est
3110 3823 3299 3891 justus
3339 3823 3396 3875 in
3460 3832 3625 3882 terra.

2048 3898 2140 3967 qui
2167 3896 2323 3966 faciet
2356 3895 2569 3956 bonum,
2605 3904 2654 3947 et
2685 3908 2788 3967 non
2817 3892 3074 3967 peccabit,
3096 3894 3177 3967 sic
3200 3895 3589 3967 interpretatur
3612 3913 3625 3923 ι

2056 3963 2075 4018 ἆ
2114 3963 2176 4019 ld'
2191 3982 2257 4020 eo
2281 3972 2510 4033 spectat,
2536 3973 2595 4017 ut
2627 3963 2908 4018 auditores
2943 3963 3012 4016 ad
3043 3964 3212 4016 animi
3232 3965 3624 4019 demissiunem

2049 4038 2304 4101 adducat,
2344 4044 2400 4089 et
2428 4034 2495 4088 ad
2523 4039 2803 4088 cadestem
2861 4033 3187 4102 sapientiam
3249 4043 3414 4102 atque
3468 4050 3626 4101 Opem

2051 4108 2364 4177 impensius
2394 4103 2817 4177 inquirendam;
2876 4117 3000 4177 cum
3043 4107 3250 4177 peccati
3310 4106 3485 4177 labem
3530 4119 3629 4157 ne-

2050 4172 2333 4247 quaquam,
2353 4175 2407 4229 in
2430 4172 2665 4247 haevita
2687 4172 3115 4247 ell'ugerehomo
3140 4175 3333 4237 valeat,
3365 4176 3471 4247 nisi
3496 4177 3629 4247 sul)-

2048 4243 2250 4303 sidiutn
2285 4246 2361 4300 illi
2385 4243 3038 4312 auxiliumquedivinitus
3064 4253 3260 4314 praesto
3277 4248 3368 4301 Sil.
3396 4263 3414 4295 ι
3439 4246 3499 4298 Et
3532 4244 3626 4301 lib.

2052 4334 2174 4372 vni.
2204 4316 2288 4388 §9
2328 4335 2343 4372 :
2386 4334 2404 4366 ι
2445 4314 2557 4369 Nos
2588 4330 2739 4388 vero,
2770 4314 2974 4388 inquit,
3036 4330 3259 4383 operam
3315 4318 3529 4377 demus,
3568 4325 3629 4368 ut

2052 4385 2294 4443 sobriam
2326 4401 2546 4455 semper
2580 4394 2630 4439 et
2676 4385 2988 4454 vigilantem
3055 4395 3114 4440 et
3158 4395 3420 4440 attentam
3460 4388 3628 4440 vitam

2051 4473 2303 4526 agamus,
2322 4457 2788 4526 imploremusque
2820 4470 3110 4524 supernam
3131 4457 3361 4525 gratiam
3397 4467 3449 4510 et
3467 4473 3629 4526 opem

2052 4532 2108 4584 in
2140 4530 2352 4599 agendo
2382 4527 2731 4596 adjutricem,
2780 4542 2889 4599 qua
2932 4526 3327 4599 insidiatorum
3360 4538 3415 4599 et
3444 4528 3626 4581 furum

2051 4596 2440 4668 latronumque
2476 4599 2703 4665 laqueos
2756 4610 2811 4651 et
2853 4596 3012 4651 dolos
3044 4613 3235 4653 omnes
3284 4609 3338 4653 et
3382 4598 3627 4652 furorem

2048 4670 2287 4739 effugere
2318 4668 2596 4739 possimus
2630 4686 2644 4722 :
2678 4677 2731 4722 et
2770 4668 2967 4722 virtute
3013 4669 3425 4737 praastantiores
3475 4672 3624 4732 facti,

2049 4740 2293 4810 Spiritali
2331 4739 2575 4810 quodam
2645 4739 2936 4793 sanctioris
2992 4739 3450 4810 ae__perfectioris
3504 4740 3629 4795 vita}

2048 4807 2191 4881 nexu
2220 4811 2330 4866 Deo
2350 4807 2524 4881 'plane
2546 4812 2970 4880 conjungamur.
3013 4828 3031 4859 ι
3067 4807 3205 4866 Vide
3229 4812 3395 4866 etiam
3418 4813 3516 4867 lib.
3552 4827 3626 4876 Ix,

2052 4880 2572 5021 §i[ﬁniiqueipsum
2618 4951 2785 5006 etiam
2843 4950 3093 5003 omnium
3159 4962 3307 5007 recte
3356 4953 3628 5006 factorum

2052 5019 2470 5077 initiutn‘aDeo
2495 5023 2623 5075 item
2660 5036 2807 5081 esse,
2830 5021 3035 5075 diserte
3060 5024 3364 5089 proﬁtetur.
3401 5021 3537 5076 Nam
3561 5024 3629 5077 ad

2050 5093 2142 5147 illa
2179 5091 2528 5147 Ecclesiastat
2557 5093 2727 5145 verba
2762 5108 2775 5145 :
2807 5109 2827 5142 ‹
2868 5090 3033 5162 Beata
3064 5101 3117 5144 tn
3150 5101 3318 5152 terra,
3352 5094 3517 5162 cujus
3538 5108 3627 5145 rex

2051 5175 2179 5219 tuus
2214 5164 2359 5216 filius
2382 5162 2580 5227 liberi;
2616 5163 2710 5215 lib.
2746 5178 2825 5224 Ix,
2860 5160 2887 5232 §
2923 5162 2990 5215 15
3034 5162 3294 5219 adnotata
3337 5160 3577 5231 reperies
3614 5181 3626 5217 :

2057 5254 2073 5284 ι
2118 5233 2321 5299 Quidni
2353 5233 2516 5286 etiam
2549 5233 2884 5285 intellectum
2932 5232 3096 5286 modo
3126 5234 3295 5287 lilium
3354 5234 3512 5286 liberi
3551 5236 3625 5285 si-

2051 5308 2292 5373 gniticet,
2318 5303 2366 5373 id
2405 5314 2487 5357 est
2518 5304 2696 5357 sancti
2736 5302 3019 5370 divinique
3065 5300 3323 5371 Spiritus,
3348 5304 3441 5373 qui
3472 5304 3622 5357 intel-

2050 5372 2252 5428 lectum
2288 5372 2495 5441 cllingit
2524 5375 2827 5441 sapientem
2860 5390 2924 5427 ac
2960 5389 3182 5441 purum,
3235 5372 3490 5443 idemque
3530 5379 3623 5429 ob-

2052 5448 2231 5514 signat
2268 5454 2321 5515 et
2366 5445 2510 5513 parit
2568 5451 2819 5498 sanctum
2871 5452 2923 5515 et
2974 5446 3213 5499 omnino.
3238 5445 3535 5515 ingenuum
3567 5462 3621 5500 at

2050 5512 2334 5569 nobilem?
2370 5512 2457 5586 sui
2480 5516 2682 5583 quippe
2707 5515 2850 5583 juris
2890 5512 3129 5583 Spiritus
3163 5512 3412 5571 veritatis
3444 5520 3618 5586 planc-

2052 5601 2158 5655 que
2186 5584 2457 5655 liber,uhi
2494 5588 2608 5637 vult
2636 5587 2830 5653 spirat,
2865 5595 3030 5653 atque
3060 5597 3122 5641 ut
3162 5587 3419 5652 voluerit,
3445 5584 3611 5643 intel-

2051 5654 2248 5710 lectum
2268 5654 2367 5728 sui
2397 5655 2746 5728 participem
2800 5655 2931 5711 facit
2969 5659 3103 5726 :qui
3159 5659 3359 5711 virtute
3407 5668 3623 5728 accaptz'

2052 5728 2227 5780 sancti
2264 5725 2524 5793 Spiritus,
2572 5726 2809 5790 ordinat,
2862 5725 3038 5795 regit,
3070 5730 3121 5781 in
3176 5727 3357 5783 ollicio
3390 5725 3627 5785 continet

2052 5798 2330 5869 principes
2359 5811 2506 5861 suos,
2563 5808 2788 5853 ett-teras
2841 5814 3035 5869 nempe
3094 5802 3383 5857 rationalis
3435 5802 3626 5857 animo:

2051 5867 2358 5924 fucullutcs.
2403 5885 2425 5919 ι
