4172 6502
580 327 681 392 791

579 546 776 586 rursus
809 553 820 586 :
858 555 875 587 α
911 536 977 592 Ει
1008 543 1149 595 sicut
1189 560 1298 598 non
1331 551 1701 616 probaverunt
1746 555 1914 610 Deum
1960 559 2159 615 [rabere

575 619 632 675 in
659 624 872 689 notitia,
907 630 1132 685 tradidit
1164 634 1284 690 illos
1319 637 1464 694 Deus
1493 642 1545 694 in
1581 647 1872 712 reprobum
1911 665 2156 717 sensum,

576 723 639 767 ut
694 713 901 772 faciant
947 736 1010 775 ea
1059 740 1180 793 quae
1231 743 1342 784 non
1405 737 1740 792 conveniunt
1803 741 1880 806 ’9;
1934 762 1952 794 ι
2019 744 2160 798 arbi-

576 808 684 862 trio
721 826 990 881 quemque
1054 834 1176 886 suo,
1201 824 1345 890 quod
1389 825 1543 881 liberi
1572 830 1702 894 sint,
1730 831 1909 888 facere
1938 851 2153 905 passus.

572 915 698 968 quae
731 921 835 958 non
863 913 1211 980 conveniant,
1247 919 1397 972 addit
1443 920 1641 976 deinde
1689 925 1910 995 sapiens
1959 927 2152 984 Eccle-

573 1007 770 1052 stastes
798 1015 810 1049 :

1678 351 1740 412 S.
1775 355 2156 417 GREGORII
2203 360 2718 426 AGRIGENTINI

581 439 674 496 liis
745 441 983 500 alliciant
1022 464 1252 520 corpora
1294 469 1394 509 sua
1455 457 1506 510 in
1560 462 1876 531 semetipsis
1921 465 1988 516 ’⁸.
2033 486 2051 518 ›
2094 467 2160 521 Ει
2190 481 2233 535 Α

3743 367 3852 430 ’192

2261 475 2329 528 τὰ
2356 477 2586 547 σώματα
2621 477 2801 530 αὐτῶν
2847 479 2904 532 ἐν
2951 481 3188 544 ἑαυτοῖς·
3241 502 3259 532 ι
3295 480 3390 536 καὶ
3443 483 3610 537 πάλιν
3635 499 3649 512 ·
3683 502 3702 532 ι
3745 485 3854 535 Καὶ

2264 569 2442 632 καθὼς
2469 570 2571 623 οὐκ
2601 569 2936 640 ἐδοκίμασαν
2959 574 3052 626 τὸν
3085 574 3219 627 Θεὸν
3259 574 3404 645 ἔχειν
3443 578 3501 628 ὲν
3530 574 3854 642 ἐπιγνώσει,

2263 664 2590 732 παρέδωκεν
2617 663 2817 726 αὐτοὺς
2853 666 2880 715 ό
2911 663 3046 728 Θεὸς
3077 667 3159 730 είς
3191 667 3453 736 ἀδόκιμον
3487 666 3636 730 νοῦν,
3678 667 3857 719 ποιεῖν

2259 758 2328 810 τὰ
2362 756 2438 826 μὴ
2490 757 2826 828 καθήκοντα.
2873 779 2892 811 ι
2944 758 3020 830 Τῇ
3076 760 3227 827 σφῶν
3262 759 3606 831 προαιρέσει,
3656 759 3746 812 διὰ
3792 757 3851 810 τὸ

2259 840 2609 919 αὐτεξούσιον
2658 852 2820 917 εἶναι,
2883 853 3250 923 συγχωρήσας
3295 854 3364 904 τὰ
3403 869 3478 921 μη
3533 850 3853 922 καθήκοντα

2265 944 2419 1015 δρᾷν.
2464 941 2598 998 Εἷτά
2619 960 2785 1015 φησιν
2817 946 2846 997 ὁ
2877 944 3041 1014 σοφὸς
3071 942 3536 1013 Ἐκκλησιαστής·

2121 1128 2295 1204 §xv.

641 1222 787 1278 Vens
843 1224 933 1281 14.
974 1226 1096 1282 Vidi
1141 1231 1382 1286 universa
1421 1249 1617 1303 opera,
1676 1255 1795 1308 qua:
1835 1240 1984 1309 facta
2035 1259 2162 1306 sunt

569 1319 664 1373 sub
709 1320 856 1387 sole;
894 1331 944 1376 et
978 1340 1093 1379 ecce
1122 1327 1305 1381 omnia
1354 1331 1562 1384 vanitas
1600 1344 1647 1385 et
1679 1339 2021 1406 praesumptio
2053 1339 2162 1406 spi-

571 1410 730 1464 ritus.

645 1506 763 1560 Non
801 1524 923 1576 quae
951 1509 1004 1563 in
1046 1512 1233 1566 mundi
1274 1514 1479 1570 fabrica
1515 1519 1584 1570 ab
1611 1533 1676 1572 eo
1707 1529 1836 1578 sunt
1867 1520 2030 1584 facta,
2061 1523 2154 1594 qui

570 1598 752 1652 omnia
783 1601 939 1655 valde
972 1604 1200 1672 pulchra
1235 1606 1345 1679 34
1379 1613 1687 1665 construxit
1715 1629 1730 1678 ;
1767 1629 1892 1666 natu
1936 1616 2024 1669 cui
2054 1615 2156 1670 hoc

579 1699 672 1743 aut
723 1693 999 1760 quomodo
1039 1697 1092 1750 in
1144 1710 1380 1752 mentem
1434 1701 1636 1767 veniat,
1677 1720 1800 1760 cum
1851 1705 2152 1761 absurdum

572 1783 736 1849 plane
765 1785 876 1839 sit?
899 1785 1002 1841 Sed
1030 1804 1114 1853 ea,
1147 1807 1270 1860 quae
1310 1793 1378 1846 ab
1415 1793 1727 1851 hominibus
1747 1798 1909 1854 malis
1951 1801 2157 1868 impro-

569 1873 766 1942 bisque
819 1885 870 1930 et
905 1888 1055 1946 gesta
1106 1893 1234 1934 sunt
1266 1891 1319 1935 et
1364 1893 1650 1952 geruntur,
1683 1887 2152 1954 quemadmodum

570 1966 737 2034 paulo
772 1976 899 2022 ante
944 1970 1206 2027 diximus.
1238 1971 1294 2025 ld
1328 1974 1474 2028 enim
1508 1976 1716 2044 adjecta
1751 1978 1842 2032 illa
1883 1982 2153 2036 sententia

569 2058 859 2114 conﬁrmat
885 2062 1115 2118 dicentis
1143 2082 1154 2116 :
1183 2083 1202 2115 ι
1236 2065 1299 2118 Ει
1321 2071 1676 2139 praesumptio
1704 2071 1932 2140 spiritus
1963 2073 2098 2142 (58),
2129 2090 2148 2124 ι

571 2152 730 2219 quasi
754 2153 958 2210 diceret
988 2155 1142 2212 :ilaec
1169 2162 1352 2214 omnia
1386 2163 1534 2229 optio
1563 2165 1730 2219 animi
1764 2178 1892 2221 sunt
1925 2169 2152 2223 arbitrio

569 2244 798 2306 utentis,
835 2249 924 2313 qui
949 2248 1015 2301 ad
1060 2258 1355 2322 utrumque
1390 2255 1588 2309 bonum
1627 2274 1819 2328 nempe
1841 2269 1893 2314 et
1922 2262 2147 2327 malum,

571 2334 867 2391 inclinandi
911 2339 1168 2395 facultate
1212 2344 1503 2400 manifesto
1551 2349 1810 2416 praaditus
1852 2360 1957 2407 est.
2011 2352 2146 2406 Eum

569 2427 768 2496 quippe
811 2445 960 2485 nunc
1005 2441 1192 2502 aperte
1242 2440 1493 2505 spiritum
1547 2442 1860 2510 appellavit.
1910 2442 2147 2499 Humani

569 2531 733 2585 porro
756 2521 920 2574 animi
950 2529 1361 2596 praesumptioni
1391 2545 1496 2582 non
1517 2532 1703 2601 utique
1734 2549 1916 2588 rerum
1951 2546 2147 2591 natura

570 2609 814 2678 subjecta
847 2622 952 2679 est,
985 2624 1043 2668 ut
1071 2613 1139 2670 de
1168 2619 1252 2673 his
1281 2637 1343 2674 ea
1380 2624 1539 2677 verba
1573 2626 1782 2693 prolata
1811 2641 1933 2683 esse
1957 2638 2147 2697 putare

569 2703 784 2770 possis;
822 2708 914 2759 sed
964 2723 1027 2762 ea
1069 2721 1220 2774 sunt,
1265 2729 1387 2783 quae
1435 2717 1680 2787 plerique
1721 2719 2003 2776 hominum
2045 2738 2141 2777 na-

571 2800 710 2847 tura:
747 2795 1021 2852 adversati
1075 2798 1255 2856 facere
1289 2805 1488 2859 solent.
1520 2807 1655 2860 Nam
1689 2813 1834 2878 quod
1872 2809 1925 2864 in
1963 2811 2142 2866 homi-

572 2884 736 2940 nibus
763 2888 905 2942 mala
936 2891 1053 2944 haec
1089 2891 1350 2949 distentio
1383 2906 1437 2951 et
1464 2913 1757 2967 pravorum
1796 2917 2018 2971 operum
2048 2919 2142 2958 va-

2344 1237 2527 1294 Εἶδον
2554 1239 2878 1307 σύμπαντα
2910 1238 2982 1291 τὰ
3011 1235 3314 1304 ποιήματα
3361 1235 3434 1288 τὰ
3472 1232 3848 1302 πεποιημένα

2269 1334 2388 1388 ὑπὸ
2408 1333 2516 1386 τὸν
2544 1331 2722 1398 ἣλιον
2740 1347 2752 1362 ·
2784 1329 2882 1384 καί
2910 1329 3041 1384 ἰδοὺ
3073 1329 3142 1382 τὰ
3165 1327 3363 1382 πάντα
3381 1329 3716 1396 ματαιότης
3745 1330 3843 1381 καὶ

2265 1423 2616 1491 προαίρεσις
2649 1421 3014 1489 πνεύματος.

2335 1515 2468 1585 Οὐχὶ
2499 1515 2568 1567 τὰ
2596 1514 2862 1582 γεγονότα
2890 1513 3035 1565 κατὰ
3060 1513 3160 1582 τὴν
3193 1512 3372 1565 κτίσιν
3409 1511 3514 1564 ὑπὸ
3546 1511 3642 1564 τοῦ
3676 1528 3845 1565 κατα-

2263 1607 2632 1668 σκευάσαντος
2647 1606 2716 1658 τὰ
2747 1605 2927 1657 πάντα
2957 1605 3101 1658 καλὰ
3126 1604 3268 1657 λίαν⁶
3296 1603 3564 1674 μηδαμῶς
3604 1604 3844 1670 οίήσοιτο

2261 1699 2420 1753 τοῦτό
2444 1717 2548 1762 τις,
2581 1697 2688 1752 κᾶν
2714 1697 2966 1750 ὁπωσοῦν
2985 1713 2998 1726 ⁸
3033 1695 3235 1750 ἄτοπον
3265 1697 3375 1767 γάρ
3402 1713 3416 1728 ’
3444 1695 3584 1749 ἀλλὰ
3602 1697 3672 1749 τὰ
3691 1695 3844 1764 παρά

2259 1791 2368 1844 τῶν
2399 1791 2622 1860 φαύλων
2654 1790 2752 1843 καὶ
2774 1789 3032 1860 πονηρῶν
3051 1788 3357 1859 ἀνθρώπων
3381 1787 3728 1858 πεποιημένα
3748 1787 3841 1840 καὶ

2256 1886 2533 1955 δρώμεναο
2567 1885 2750 1949 καθὼς
2781 1885 2996 1955 ἔφημεν
3055 1883 3359 1954 προσεχῶς.
3389 1882 3563 1935 Τοῦτο
3598 1884 3710 1953 γὰρ
3741 1883 3842 1952 ἐμ..

2257 1978 2408 2031 πεδοῖ
2432 1978 2521 2031 διὰ
2563 1978 2663 2048 τῆς
2697 1978 3011 2040 ἀποδόσεως
3057 1977 3153 2030 τοῦ
3205 1975 3391 2047 ῥητοῦ,
3443 1976 3647 2044 φήσας,
3684 1994 3702 2025 ‹
3743 1973 3840 2027 καὶ

2255 2073 2578 2142 προαίρεσις
2635 2072 2987 2140 πνεύματος,
3033 2090 3050 2122 ι
3098 2072 3221 2124 ἀντὶ¹
3273 2070 3366 2123 τοῦ
3426 2069 3603 2122 ταῦτα
3656 2068 3838 2121 πάντα

2255 2163 2511 2232 βούλησίς
2550 2165 2656 2216 είσι
2685 2165 2784 2234 τῆς
2815 2163 3018 2232 ψυχῆς,
3046 2161 3147 2232 τῆς
3178 2164 3234 2214 ἐν
3258 2165 3324 2232 τῇ
3384 2159 3834 2230 αὑτεξουσιότητι

2251 2255 2351 2324 τὴν
2378 2258 2462 2324 ἐφ’
2485 2255 2725 2327 ἑκάτερα
2757 2256 2952 2327 ῥοπὴν,
2986 2255 3076 2308 ἐπί
3106 2271 3164 2307 τε
3211 2255 3274 2306 τὺ
3299 2254 3524 2321 ἀγαθὸν,
3565 2253 3655 2305 ἐπί
3687 2269 3743 2304 τε
3773 2253 3836 2303 τί»

2252 2351 2510 2419 πονηρὸν,
2568 2348 2839 2419 ἁριδήλως
2893 2346 3148 2418 ἐχούσης,
3181 2347 3398 2412 Ταύτην
3446 2347 3556 2416 γὰρ
3597 2344 3836 2413 πνεῦμα

2249 2439 2343 2494 νῦν
2366 2439 2623 2510 ὠνόμασε
2652 2441 2970 2511 προφανῶς.
2993 2441 3067 2492 Ού
3107 2438 3290 2492 τοίνυν
3319 2441 3352 2508 ἡ
3384 2437 3708 2507 προαίρεσις
3733 2438 3834 2503 τῆς

2248 2533 2595 2604 ἀνθρωπίνης
2627 2532 2807 2604 ψυχῆς
2830 2533 2932 2605 τὴν
2952 2533 3060 2586 τῶν
3089 2534 3262 2587 ὄντων
3281 2533 3445 2602 φύσιν
3503 2530 3831 2600 ὑπέστησεν·

2249 2628 2336 2681 ἵνα
2366 2645 2452 2689 τις
2481 2628 2612 2698 περὶ
2643 2628 2825 2682 αὐτῶν
2873 2627 3085 2699 οἰηθείη
3116 2628 3184 2682 τὰ
3227 2627 3499 2698 εἰρημένα
3534 2623 3785 2694 λελέχθαι
3813 2639 3827 2652 ·

2246 2719 2374 2788 ’περὶ⁷
2411 2719 2468 2770 δὲ
2498 2713 2572 2772 ὧν
2591 2721 2620 2773 ὁ
2643 2719 2814 2784 πολὺς
2835 2719 3122 2792 ἄνθρωπος
3155 2720 3306 2791 παρά
3337 2718 3500 2788 φύσιν
3530 2715 3832 2785 κεκινημέ⁶

2244 2825 2332 2873 νος
2363 2809 2521 2862 εἴωθε
2547 2809 2832 2879 πράττειν.
2869 2811 2992 2864 ’Ότι
3022 2813 3131 2882 γὰρ
3153 2813 3214 2864 ού
3248 2811 3391 2864 κατὰ
3431 2811 3593 2880 φύσιν
3621 2809 3768 2860 ἐστὶν
3798 2809 3828 2859 ὁ

2244 2902 2482 2971 πονηρὸς
2512 2901 2898 2972 περισπασμὸς
2927 2903 3022 2956 καὶ
3053 2904 3158 2955 τῶν
3178 2902 3398 2971 φαύλων
3428 2901 3606 2973 ἔργων
3634 2900 3688 2952 αἱ
3721 2916 3827 2968 ματ

564 2979 763 3035 nitates
801 2983 1027 3038 minime
1067 2989 1372 3043 secundum
1408 2999 1660 3046 naturam
1696 2993 1825 3058 sint,
1860 3010 1985 3050 cum
2012 2997 2139 3051 olim

2246 2997 2537 3064 ταιότητες
2578 2998 2692 3058 τοῖς
2724 2994 3056 3064 ἀνθρώποις,
3088 2995 3298 3062 ἔδειξαν
3332 2995 3429 3048 καὶ
3469 2993 3638 3048 πάλαι
3693 2990 3826 3046 ποτὶ

563 3070 719 3124 multi
765 3074 1086 3133 ostendere.
1124 3078 1219 3146 qui
1271 3078 1378 3132 Deo
1406 3081 1562 3136 chari
1596 3084 1855 3138 virtutum
1891 3087 2136 3142 omnium

562 3163 846 3232 splendore
873 3168 1155 3223 nituerunt
1181 3189 1194 3231 ;
1232 3182 1345 3224 tum
1370 3189 1499 3227 vero
1530 3175 1564 3228 ii
1591 3191 1734 3229 nunc
1761 3177 1924 3230 etiam
1951 3177 2136 3232 decla-

562 3270 705 3320 rant,
737 3258 830 3326 qui
863 3259 1152 3314 nobiscum
1177 3262 1250 3315 ita
1279 3272 1568 3317 versantur
1613 3281 1677 3320 ac
1705 3267 1915 3331 vivunt,
1955 3279 2012 3321 ut
2041 3285 2137 3325 eo-

562 3360 683 3398 rum
718 3363 934 3418 semper
962 3352 1204 3421 vestigiis
1235 3352 1514 3408 insistant.
1537 3353 1655 3409 Jam
1687 3358 1872 3411 subdit
1906 3375 1922 3411 :

2247 3089 2435 3142 πολλοί
2464 3091 2575 3144 τῶν
2597 3091 3086 3162 εύαρεστησάντων
3108 3090 3185 3160 τῷ
3217 3091 3338 3160 Θεῷ
3369 3095 3462 3143 καὶ
3488 3089 3827 3156 διαλαμψάν-

2243 3197 2348 3233 των
2366 3183 2482 3244 ταῖς
2520 3182 2739 3250 αῖγλαις
2768 3183 2876 3236 τῶν
2907 3184 3121 3255 ἀρετῶν
3149 3183 3377 3238 ἀπασῶν
3399 3202 3412 3215 ·
3451 3185 3544 3236 καὶ
3583 3183 3677 3236 νῦν
3700 3181 3756 3235 δὲ
3772 3180 3826 3232 oi.

2244 3272 2386 3326 κατὰ
2419 3274 2654 3344 μίμησιν
2672 3275 2899 3328 ἐκείνων
2920 3276 3305 3330 πολιτεύεσθαι
3338 3277 3432 3330 καὶ
3449 3275 3602 3346 βιοῦν
3631 3279 3830 3330 ἐσπου-

2242 3366 2491 3430 δακότες.
2526 3364 2663 3421 Εἶτά
2695 3386 2885 3441 φησιν·

2079 3473 2107 3546 §
2139 3475 2283 3534 xv1.

630 3578 795 3632 Vens.
837 3579 924 3634 15.
989 3581 1301 3637 Perversum
1349 3601 1454 3638 mm
1505 3587 1698 3655 poterit
1751 3589 2030 3660 adornari,
2085 3603 2133 3648 et

556 3671 861 3726 imminutio
897 3689 997 3727 non
1027 3678 1222 3743 poterit
1249 3681 1519 3733 numerari
1542 3681 1676 3750 (59).

623 3763 906 3820 Naturalia
933 3769 1092 3822 nobis
1117 3771 1366 3840 exempla
1398 3770 1452 3824 in
1485 3782 1720 3827 mentem
1750 3784 1989 3842 revocat,
2016 3780 2139 3848 qui-

554 3861 658 3919 bus
692 3863 823 3917 illud
847 3864 1230 3922 demonstrare
1259 3868 1396 3932 vult,
1421 3869 1646 3926 liberam
1673 3869 1914 3929 hominis
1944 3877 2139 3932 volun-

555 3963 743 4018 tatem,
797 3970 918 4024 quze
951 3957 1118 4010 semel
1152 3973 1182 4012 a
1241 3960 1487 4015 veritatis
1535 3959 1873 4032 justitiazque
1932 3967 2131 4021 semita

551 4047 886 4101 aberraverit
933 4057 1098 4119 atque
1150 4050 1456 4113 deﬂexerit,
1490 4053 1690 4123 corrigi
1729 4055 1842 4123 jam
1874 4067 2037 4128 atque
2063 4061 2130 4114 ad

551 4138 835 4192 meliorem
866 4137 1077 4208 frugem
1107 4133 1284 4196 redire
1310 4159 1418 4198 non
1459 4159 1644 4213 posse.
1695 4144 1830 4202 Nam
1862 4151 2127 4218 quemad-

551 4229 797 4294 modum,
821 4229 1023 4298 inquit,
1047 4246 1168 4298 (ωσι
1198 4232 1384 4298 arbor,
1418 4244 1514 4288 aut
1536 4250 1623 4289 res
1654 4236 1761 4288 alia
1788 4235 2127 4306 lmjusmodi,

2271 3600 2748 3669 Διεστραμμένον
2761 3605 2833 3656 οὐ
2849 3602 3177 3669 δυνήσεται
3193 3605 3300 3658 τοῦ
3319 3604 3822 3673 ἐπικοσμηθῆναι·

2233 3690 2331 3742 καὶ
2354 3692 2659 3762 ὑστέρημα
2685 3697 2756 3747 οὺ
2780 3693 3108 3765 δυνήσεται
3145 3693 3250 3750 τοῦ
3290 3695 3712 3765 ἀριθμηθῆναι.

2301 3785 2557 3838 Φυσικῶν
2589 3785 3202 3858 παραδειγμάτωνὴμῖν
3219 3791 3430 3854 εἰσάγει
3453 3791 3551 3860 τὴν
3585 3789 3818 3851 ἔννοιαν,

2233 3875 2298 3928 δι’
2328 3870 2403 3928 ὧν
2433 3877 2711 3942 ἀποδεῖξαι
2749 3879 3001 3949 βούλεται
3027 3880 3127 3951 τὴν
3152 3881 3514 3952 ἀνθρωπίνην
3551 3882 3820 3950 προαίρε-

2243 3986 2326 4020 σιν
2348 3969 2496 4034 ἅπαξ
2509 3972 2606 4042 τῆς
2629 3971 2886 4041 ἀληθείας
2905 3973 3113 4043 καὶτῆς
3143 3972 3490 4044 δικαιοσύνης
3506 3990 3820 4044 παρεκτρα-

2240 4059 2437 4108 πεῖσαν
2467 4061 2559 4111 καὶ
2588 4061 3056 4130 παρεκκλίνασαν,
3077 4063 3380 4132 ἀμηχανεῖν
3399 4062 3536 4134 πρὸς
3551 4065 3648 4134 τὴν
3673 4063 3821 4133 διόρ-

2239 4145 2406 4200 θωσιν
2428 4151 2522 4201 καὶ
2540 4149 2842 4218 βελτίωσιν.
2873 4153 2960 4216 Ὠς
2986 4155 3092 4205 πᾶν
3113 4154 3241 4224 γὰρ,
3261 4155 3418 4224 φησὶ,
3444 4157 3504 4208 τὸ
3530 4156 3818 4226 διεστραμο

2241 4237 2402 4303 μένον
2436 4238 2531 4291 καὶ
2549 4241 2921 4308 παρεκκλίναν
2938 4243 3030 4294 ἐπὶ
3045 4241 3272 4313 θάτερον
3301 4243 3466 4314 μέρος
3500 4244 3685 4312 φυτὸν,
3705 4244 3740 4315 ἦ
3761 4261 3816 4297 τι

549 4319 783 4374 distorta
817 4331 983 4390 atque
1003 4321 1111 4392 35
1143 4323 1196 4377 in
1232 4325 1512 4379 dexteram
1547 4327 1754 4382 deﬂexa
1782 4329 1853 4384 sit
1887 4342 2118 4400 partem,

2245 4331 2337 4385 τῶν
2353 4333 2752 4403 παραπλησίων
2767 4336 2827 4388 ού
2843 4335 3132 4406 δυνήσεται
3145 4337 3274 4406 παρ’
3289 4336 3480 4389 ἑαυτοῦ
3500 4338 3592 4390 καὶ
3606 4337 3817 4390 οίκοθεν

549 4411 667 4481 ipsa
727 4429 821 4482 per
881 4428 940 4468 se
968 4415 1129 4484 vique
1163 4431 1261 4470 sua
1320 4418 1571 4474 attollere
1627 4435 1708 4485 se,
1759 4437 1994 4493 eamque
2047 4425 2132 4478 in-

551 4503 722 4557 duere
771 4505 959 4575 nequit
995 4505 1251 4572 formam,
1291 4525 1453 4577 quam
1496 4524 1642 4568 recta
1679 4529 1804 4570 cum
1852 4517 1976 4573 aliis
2031 4533 2130 4588 pa-

547 4610 665 4650 rem
707 4596 986 4664 habebat;
1055 4615 1233 4669 neque
1285 4601 1412 4656 item
1474 4604 1782 4662 imminutio
1850 4611 2130 4665 numerari

549 4704 789 4757 unquam
845 4697 1060 4758 potest,
1130 4699 1192 4746 ut
1243 4695 1338 4764 qui
1396 4711 1658 4754 numerus
1720 4701 1906 4755 decem
1940 4713 2129 4778 .erat,

548 4797 659 4836 uno
723 4782 1087 4848 imminutus,
1140 4794 1194 4840 et
1258 4801 1450 4843 novem
1507 4790 1727 4858 factus,
1781 4792 1966 4850 decem
2021 4796 2129 4851 dici

545 4881 756 4942 queat;
808 4874 913 4929 nisi
949 4887 1226 4946 nempeet
1258 4881 1623 4950 peritissimus
1661 4887 1932 4956 quiSpiam
1975 4889 2130 4958 plan-

546 4973 727 5021 tarum
782 4967 963 5021 cultor
1013 4970 1266 5026 arborem
1334 4977 1601 5032 medendo
1648 4981 1906 5048 reducat,
1963 4993 2128 5052 atque

617 5105 662 5135 "
692 5104 849 5158 Rom.
892 5107 930 5171 Ι,
959 5109 1048 5164 ‘24.
1125 5113 1170 5144 ³³
1208 5112 1338 5166 ibid.
1365 5115 1457 5171 28.

614 5217 727 5304 (58)
765 5237 783 5269 ι
836 5220 1185 5305 Septuaginta
1225 5228 1572 5298 interpretes,
1629 5252 1648 5284 ι
1702 5234 1878 5305 inquit
1930 5237 2122 5294 Hiero-

545 5302 764 5374 Eymus,
801 5308 959 5374 (“non
987 5295 1279 5374 Hebraeum
1317 5295 1626 5374 sermonem
1663 5295 2002 5374 expressere,
2025 5312 2120 5365 sed

545 5355 765 5438 S'yrum,
799 5361 1042 5419 dicentes
1084 5369 1427 5438 προαίρεσιν.
1463 5390 1482 5423 ι
1535 5355 1825 5430 Νῑωῖιέὧίἶ
1855 5355 2121 5436 Ηέϋιῖαἰῖὶὲ

544 5430 815 5520 ςέὶνίριιιηι¹
841 5442 926 5486 est
955 5430 1504 5520 ΠΊξτπςιιυοςάιΑίμιίίθ
1528 5453 1581 5497 et
1599 5430 2118 5520 Theodotio—voiiiiv,

461 5549 465 5553 .
545 5497 908 5584 svn'irnaehus
955 5497 1192 5562 reddidit
1240 5497 1534 5584 pricgghctv'
1580 5497 2119 5584 ρυεὶιέέιῗιῖἆέἑιί

544 5570 860 5663 ic_l:oliaste,
893 5585 952 5630 ut
980 5589 1172 5663 auctor
1211 5570 1296 5663 est
1327 5570 1612 5663 ﬂebilius;
1659 5570 1957 5663 explicatur
1982 5570 2120 5663 νομῆ

543 5639 768 5730 ἀνέμρυ,
794 5644 910 5730 sive
934 5649 1109 5730 pastio
1144 5651 1300 5705 venti.
1334 5650 1539 5730 Neutra
1572 5639 2115 5730 tamenintrii—“prcita.3

542 5710 1297 5792 tio-__adtr_t0tlun.r_llieronymo
1347 5725 1700 5788 probabatur.
1725 5710 2109 5786 'Adiiii'éhi‘di‘:

549 5799 565 5831 ι
607 5781 832 5840 Dicebat
878 5787 1010 5842 mihi
1059 5781 1493 5863 Hebraeusqu
1524 5781 2112 5866 Scripturasﬂsan—ctas

2234 4424 2335 4494 τὴν
2385 4424 2763 4497 ἐπανόρθωσιν
2803 4427 2985 4496 εὑρεῖν
3039 4428 3134 4480 καὶ
3183 4429 3282 4499 τὴν
3328 4430 3668 4498 κοσμιότητα
3714 4430 3814 4499 τὴν

2235 4515 2323 4568 ἐπ’
2357 4517 2573 4580 εὐθείας
2619 4523 2734 4582 τοῖς
2796 4519 2981 4582 ἄλλοις
3039 4519 3457 4591 θεωρουμένην
3525 4520 3649 4574 οὔτε
3709 4522 3815 4592 μὴν

2236 4608 2525 4680 ὑστέρημα
2558 4611 2849 4682 δυνήσεται
2880 4612 2974 4666 τοῦ
2996 4613 3395 4686 ἀριθμηθῆναι·
3421 4614 3516 4668 τοῦ
3543 4617 3652 4686 γὰρ
3669 4615 3816 4687 ἀριθ-

2238 4701 2341 4772 μοῦ
2363 4703 2473 4755 τῶν
2502 4703 2637 4757 δέκα
2681 4705 2962 4770 λείποντος
2991 4708 3108 4769 ἑνὸς
3138 4707 3340 4775 αὐτῶν,
3365 4709 3487 4762 καθ’
3515 4710 3707 4762 ἑαυτὸν
3723 4709 3814 4761 τὸν

2234 4793 2451 4848 ἔννατον
2485 4796 2719 4866 ἀριθμὸν
2744 4799 2841 4869 οὐχ
2868 4796 2980 4851 οἶόν
2999 4800 3058 4852 τὲ
3088 4801 3205 4853 ἐστι
3247 4801 3435 4854 καλεῖν
3468 4800 3693 4854 δέκατον
3714 4817 3726 4829 ·
3761 4801 3810 4852 εί

2236 4889 2308 4959 μή
2338 4905 2422 4952 τις
2457 4881 3029 4960 ὲπιστημονικὼτατος
3058 4893 3366 4963 φυτοκόμος
3398 4893 3494 4946 καὶ
3536 4894 3595 4947 τὺ
3642 4891 3808 4963 φυτὸν

2231 4983 2570 5051 ἀνθελκύσει,
2601 4988 2692 5040 καὶ
2723 4987 2859 5057 πρὸς
2905 4988 3004 5059 τὴν
3056 4989 3272 5060 ίθυτενῆ
3307 4989 3499 5043 στάσιν
3545 4991 3642 5043 καὶ
3681 4990 3808 5044 θέαν

2232 5239 2548 5314 instituente
2581 5241 2805 5314 perlegi,
2846 5242 2992 5311 quod
3049 5246 3485 5314 suprascriptum
3531 5257 3807 5309 mvvver-

2229 5308 2360 5362 bum
2411 5308 2593 5385 magis
2624 5313 2677 5364 in
2722 5308 2823 5367 hoc
2865 5308 3004 5368 loco
3042 5308 3377 5385 aﬁl'ictionem
3424 5326 3476 5370 et
3520 5308 3804 5382 malitiam,

2230 5395 2392 5456 quam
2425 5382 2722 5456 pastionem
2755 5393 2809 5436 et
2841 5382 3166 5456 voluntatem
3203 5388 3582 5456 signiﬁcaret;
3629 5405 3738 5441 non
3777 5405 3804 5440 a

2229 5449 2371 5528 £1010
2405 5452 2548 5528 quod
2575 5461 2666 5528 est
2692 5455 3029 5528 contrarium
3057 5456 3211 5519 bona,
3242 5449 3334 5512 sved
3371 5462 3547 5521 abeo,
3572 5449 3725 5528 quod
3755 5458 3808 5511 in

2228 5517 2519 5596 Evangelio
2542 5523 2802 5596 scribitur
2833 5544 2843 5577 :
2887 5524 3090 5594 Str/ficit
3119 5517 3222 5580 diei
3252 5529 3464 5581 malitia
3488 5517 3613 5588 sua:
3642 5543 3807 5596 quam

2229 5589 2830 5714 Grtfeilsignilifautius
2858 5589 3162 5666 κακουχίαν
3220 5609 3436 5653 vocant.
3480 5620 3498 5652 ι
3537 5599 3627 5663 (In
3653 5589 3806 5654 Com.

2229 5677 2284 5713 ιη
2345 5678 2416 5712 ,σε
2445 5702 2458 5714 .
2487 5678 2535 5714 C.
2566 5679 2602 5714 1.

2228 5677 2284 5713 m
2318 5677 2458 5715 αεει.
2487 5678 2535 5716 C.
2566 5679 2602 5716 l.

2750 5736 3039 5808 δυνήσεται
3058 5740 3152 5794 τοῦ
3171 5743 3542 5814 κοσμηθῆναι.
3570 5739 3805 5818 Nyssen.

2221 5805 2423 5858 omittit
2458 5805 2572 5860 τοῦ.
