4172 6548
364 399 474 467 793

1472 404 1555 464 IN
1579 404 2169 466 ECCLESIASTEN.
2205 428 2277 440 --
2301 405 2452 466 LIB.
2489 404 2538 464 Ι.

3536 399 3645 468 ’194

363 515 814 586 ἀποκαταστήσει
845 516 936 571 διὰ
971 519 1072 588 τῆς
1098 518 1394 588 ἐμπειρίας
1418 535 1430 548 ·
1467 520 1564 572 καὶ
1598 521 1787 590 μέντοι
1830 523 1940 582 τοῖς

2049 529 2257 572 rectum
2311 519 2364 570 in
2420 526 2624 572 statum
2671 523 3064 585 aspectumque
3110 523 3226 568 arte
3279 512 3535 570 restituat
3589 526 3646 571 et

363 609 522 662 ἐννέα
552 609 888 680 νομίσμασιν
914 611 1075 674 ἄλλος
1114 627 1198 674 τις
1231 612 1421 680 ἐτέρου
1451 614 1738 685 ποιήσοιτο
1773 630 1948 684 προσ-

295 782 300 786 .
364 702 540 771 θήκην
602 703 977 774 νομίσματος·
1033 705 1209 769 οὕτως
1263 707 1386 760 οὐδέ
1443 708 1542 777 τῆς
1596 707 1949 777 ἀνθρωπίνης

362 795 749 866 προαιρέσεως
801 795 950 861 ἅπαξ
995 800 1490 871 παρεκτραπείσης
1534 801 1629 853 καὶ
1685 800 1822 870 πρὸς
1879 799 1950 853 τὰ
2001 853 2005 864 ,

367 887 542 958 χείρω
564 888 997 960 διαστραφείσης
1031 889 1259 946 δυνατὸν
1291 891 1462 962 αὐτὴν
1495 893 1628 961 παρ’
1662 893 1829 962 ἑαυτῇ
1856 894 1951 944 καὶ

358 977 574 1032 οἴκοθεν
605 979 912 1032 ἀναλαϐεῖν
947 981 1048 1051 τὴν
1095 982 1384 1052 διόρθωσιν
1423 983 1516 1036 καὶ
1549 983 1852 1052 βελτίωσιν,
1901 984 1950 1035 εί

363 1072 439 1142 μή
481 1088 564 1135 τις
592 1071 753 1136 ἄλλος
786 1074 1246 1144 προμηθούμενος
1295 1078 1464 1147 αὐτῆς
1510 1077 1606 1130 καὶ
1650 1076 1950 1147 κηδόμενος

357 1162 448 1217 διὰ
470 1165 570 1231 τῆς
603 1163 740 1226 ίδίας
763 1165 988 1234 χάριτος
1017 1168 1113 1219 καὶ
1141 1168 1424 1237 δυνάμεως
1449 1169 1672 1232 ίάσοιτο,
1698 1169 1793 1221 καὶ
1813 1169 1952 1238 πρὸς

357 1255 459 1321 τὴν
485 1257 686 1326 ἀρετὴν
714 1257 1023 1328 ἀνθελκύσῃ
1050 1262 1146 1312 καὶ
1170 1261 1270 1330 τὴν
1299 1262 1540 1330 παντελῆ
1586 1261 1683 1314 καὶ
1733 1261 1951 1316 τελείαν

356 1344 646 1414 διόρθωσιν
678 1347 774 1398 καὶ
808 1346 1118 1416 βελτίωσιν.
1143 1349 1318 1404 Τοῦτο
1341 1351 1397 1403 δὲ
1444 1351 1639 1422 δράσει
1670 1352 1890 1415 πάντως
1921 1353 1950 1406 ὁ

357 1436 662 1501 διαπλάσας
686 1439 858 1510 αὐτὴν
899 1442 994 1494 καὶ
1027 1444 1259 1512 ποιήσας
1288 1445 1408 1497 κατ’
1437 1444 1623 1496 είκόνα
1672 1443 1828 1509 ἰδίαν,
1855 1444 1950 1498 καὶ

361 1531 677 1602 μεταποιῶν
702 1533 881 1587 πάντα
892 1534 988 1588 καὶ
1009 1535 1442 1604 μετασκευὰζων
1472 1535 1609 1606 πρὸς
1624 1535 1686 1589 τὸ
1717 1535 1945 1605 βέλτιον·

358 1627 798 1698 ἀπειροδύναμος
837 1625 935 1680 τοῦ
965 1626 1105 1678 Θεοῦ
1155 1627 1330 1694 Λόγου
1370 1626 1532 1696 χάρις
1559 1626 1649 1679 διὰ
1677 1627 1776 1698 τῆς
1811 1629 1949 1696 ἀγα-

360 1719 669 1791 θοπρεποῦς
700 1719 866 1774 αὐτοῦ
898 1719 991 1772 καὶ
1023 1718 1173 1782 Θείας
1203 1718 1666 1788 ἐνσωματὼσεως.

432 1814 542 1866 Καὶ
573 1813 762 1884 μηδεὶς
794 1812 1072 1882 παρέλκον
1099 1812 1246 1882 ἡμᾶς
1273 1813 1366 1865 καὶ
1395 1810 1652 1882 περιττόν
1679 1828 1733 1863 τι
1770 1811 1950 1880 λέγειν

2051 626 2248 665 novem
2296 626 2518 680 quoque
2560 609 2798 664 nummis
2823 609 2966 664 alius
3026 610 3153 679 quis
3191 608 3420 663 alterum
3453 623 3645 678 snper-

2049 701 2215 755 addat
2274 717 2561 755 nummum
2595 700 2744 770 (60);
2781 701 2852 753 ita
2897 700 3058 768 plane
3112 702 3352 755 humana
3384 700 3642 757 voluntas

2050 794 2216 848 simul
2245 803 2410 863 atque
2451 794 2716 848 subversa
2753 793 2846 854 sit,
2891 801 2946 845 et
3001 792 3068 846 ad
3104 792 3293 862 pejora
3339 793 3636 856 devenerit.

2048 901 2158 940 non
2181 886 2295 954 jam
2329 887 2449 940 suis
2483 886 2597 954 ipsa
2625 885 2834 940 viribus
2871 885 3126 939 emendet
3153 901 3297 950 sese,
3327 887 3640 940 meliorem-

2049 994 2158 1048 que
2186 978 2371 1043 faciat,
2410 979 2514 1032 nisi
2549 980 2686 1031 alter
2715 977 3055 1046 providentia
3094 978 3215 1046 ejus
3248 993 3497 1047 curaque
3543 994 3642 1032 sn-

2051 1080 2258 1139 sccpta,
2291 1071 2482 1141 gratiae
2503 1087 2622 1126 sum
2647 1085 2749 1140 ope
2777 1079 2832 1124 et
2857 1071 3099 1138 potentia
3132 1071 3436 1136 medeatur,
3469 1070 3642 1124 idem~

2050 1178 2156 1230 que
2191 1163 2257 1217 ad
2310 1162 2568 1216 virtutem
2602 1172 2767 1230 atque
2795 1161 2861 1216 nd
2895 1162 3201 1217 absolutam
3238 1163 3642 1232 perfectamque

2051 1255 2296 1310 melioris
2325 1255 2447 1310 vita:
2478 1255 2746 1309 rationem
2777 1264 2832 1310 et
2860 1255 3003 1308 riam
3041 1256 3290 1310 sanando
3321 1265 3556 1312 revocet.
3584 1255 3642 1311 Id

2050 1365 2182 1402 vero
2219 1349 2308 1404 ille
2341 1350 2570 1403 omnino
2621 1348 2921 1416 prastabit.
2956 1349 3049 1417 qui
3100 1364 3220 1403 eam
3267 1349 3460 1416 finxit,
3491 1360 3546 1406 et
3572 1351 3638 1405 ad

2064 1457 2220 1496 suam
2266 1441 2440 1510 ipsius
2474 1440 2750 1510 expressit
2777 1440 2836 1493 in
2858 1440 3094 1509 uginem,
3128 1450 3321 1496 cuncta
3349 1441 3462 1512 ipse
3491 1458 3642 1496 com-

2055 1544 2274 1590 mutans
2306 1535 2358 1588 in
2394 1535 2595 1590 melius
2626 1542 2791 1604 atque
2812 1534 3221 1589 transformans
3258 1553 3272 1589 :
3308 1535 3403 1589 Dei
3431 1535 3642 1590 scilicet

2061 1626 2218 1680 Verbi
2257 1641 2354 1694 per
2381 1625 2624 1679 divinam
2654 1632 2710 1681 et
2738 1625 2986 1680 bonitate
3028 1625 3148 1695 ejus
3179 1626 3397 1696 dignam
3430 1636 3642 1682 natura:

2053 1730 2259 1775 nostrae
2289 1719 2722 1788 assmnptioncm
2766 1719 3015 1774 omnium
3059 1729 3276 1788 patente
3302 1721 3493 1790 gratia.

2123 1811 2314 1882 Neque
2379 1813 2468 1866 hic
2516 1813 2790 1882 quispiam
2837 1812 3175 1881 superﬂuum
3208 1813 3414 1883 aliquid
3459 1821 3515 1868 et
3554 1829 3640 1867 re-

357 1878 584 1970 οίέσθωξ
605 1878 703 1957 ατε
732 1903 796 1974 δὴ
820 1878 888 1955 τὸ⁷
909 1903 984 1973 μὴ
1043 1878 1380 1972 λελεγμένον
1409 1878 1488 1971 τῷ
1539 1878 1945 1973 Ἐκκλησιαστῇ

2053 1905 2308 1960 dundans
2340 1919 2366 1956 ιι
2399 1905 2558 1960 nobis
2588 1905 2773 1959 induci
2804 1896 3106 1968 existimet,
3139 1905 3296 1972 quasi
3330 1919 3455 1969 nos,
3489 1907 3635 1976 quod

356 1995 502 2048 κατὰ
567 1994 896 2066 προσθήκην
957 1994 1035 2063 τῷ
1092 1993 1237 2064 λόγῳ
1304 1993 1945 2065 συμπαρεισκρίναντας.

358 2085 540 2139 Πολλὰ
577 2085 686 2156 γὰρ
712 2087 770 2138 ὲν
802 2088 870 2157 τῇ
895 2085 1016 2156 θείᾳ
1038 2086 1227 2157 Γραφῇ
1260 2085 1338 2156 τῷ
1363 2085 1508 2156 λόγῳ
1529 2085 1630 2155 τῆς
1657 2085 1949 2155 ἐλλείψεως

2052 1997 2122 2052 ab
2172 1997 2506 2052 Ecclesiaste
2557 1999 2762 2052 dictum
2799 2013 2908 2052 non
2950 2008 3054 2061 εει,
3105 1998 3348 2053 sermoni
3387 1997 3508 2067 ejus
3543 1998 3642 2052 ad-

2053 2091 2234 2145 dendo
2265 2091 2668 2159 adjudicemus.
2705 2090 2871 2144 Multa
2901 2091 3044 2145 enim
3075 2090 3278 2146 divinis
3307 2093 3358 2146 in
3393 2091 3637 2156 Litteris,

357 2178 624 2249 εὕρηνται
645 2177 786 2232 κατὰ
813 2179 906 2231 τὸν
928 2179 1213 2250 ποιητικὸν
1231 2179 1454 2249 τρόπον,
1475 2177 1945 2264 ἆρπροσυπακουό-

2054 2184 2274 2254 poetico
2312 2185 2552 2254 quodam
2609 2198 2784 2247 mare,
2841 2198 2937 2251 per
2970 2182 3392 2252 praeteritiouem
3429 2184 3635 2238 omissa

359 2286 499 2338 μενα
527 2269 778 2340 δέχονται
809 2270 910 2341 τὴν
936 2271 1325 2342 ἀναπλήρωσιν
1358 2269 1510 2341 παρὰ
1527 2270 1635 2322 τῶν
1666 2270 1944 2340 εὐγνωμό-

2057 2277 2396 2340 invenimus,
2439 2291 2560 2344 quae
2590 2277 2845 2345 aequitate
2875 2276 3260 2345 interpretum,
3289 2277 3334 2331 si
3369 2276 3638 2331 subintel-

355 2378 466 2414 νων
506 2360 825 2431 ἐξηγητῶν·
876 2363 972 2415 καὶ
1025 2362 1265 2432 μάλιστα
1296 2363 1396 2432 τῆς
1435 2360 1544 2414 τῶν
1599 2362 1942 2432 πραγμάτων

2049 2371 2180 2425 lecta
2209 2370 2343 2429 sint.
2373 2369 2702 2425 sententiam
2759 2370 3008 2437 apprime
3038 2369 3317 2438 complent
3351 2387 3364 2422 :
3401 2383 3466 2422 ac
3518 2377 3633 2423 tum

355 2454 637 2519 ἐκϐάσεως
667 2456 766 2527 τὴν
807 2456 1086 2526 ἡμετέραν
1135 2455 1364 2527 ἐκδοχὴν
1404 2454 1772 2525 ἐμπεδούσης.
1806 2451 1940 2511 Εἶτά

2049 2463 2324 2526 maxime,
2387 2476 2512 2514 cum
2554 2460 2847 2530 explicatio
2899 2461 3009 2531 36
3059 2471 3244 2514 nostra
3297 2460 3415 2525 ipso
3452 2474 3635 2514 rerum

356 2564 524 2616 φησιν
543 2549 572 2599 ὁ
607 2546 1044 2617 Ἐκκλησιαστής
1067 2563 1081 2578 σ
1291 2575 1294 2578 λ

2049 2553 2284 2608 exercitu
2311 2552 2724 2622 comprobatur.
2764 2551 2888 2607 Jam
2934 2552 3085 2606 addit
3126 2550 3526 2606 Ecclesiastes:

1877 2660 1904 2732 ς
1937 2661 2104 2718 xvn.

432 2775 747 2844 Ἐλὰλησα
761 2774 877 2845 ἐγὼ
896 2774 966 2827 ἐν
979 2774 1054 2842 τῇ
1075 2775 1288 2842 καρδίᾳ
1307 2791 1426 2844 μου
1447 2772 1528 2840 τῷ
1545 2777 1769 2845 λέγειν’
1799 2776 1945 2831 Ἰδοὺ

2120 2779 2284 2833 Vens.
2342 2781 2444 2843 l7,
2494 2778 2580 2834 i8.
2625 2778 2856 2832 Locutus
2921 2793 3041 2831 sum
3083 2793 3176 2847 ego
3223 2778 3278 2830 in
3323 2778 3478 2831 corde
3523 2793 3635 2833 meo

355 2867 472 2938 ἐγὼ
514 2866 932 2937 egerat}an
957 2904 972 2929 ,
1027 2867 1127 2919 καί
1187 2865 1534 2934 προσέθηκα
1577 2869 1805 2936 σοφίαν
1846 2868 1945 2922 ἐπὶ

2049 2871 2223 2924 dicens
2244 2885 2263 2923 :
2294 2869 2428 2925 Ecce
2449 2886 2541 2939 ego
2573 2871 2948 2939 magniﬁcatus
2975 2883 3114 2930 sum,
3139 2875 3188 2921 et
3220 2867 3392 2936 adjeci
3421 2869 3634 2936 sapien-

353 2959 570 3026 πᾶσιν,
603 2959 662 3013 οἳ
685 2958 966 3029 ἐγένοντο
988 2958 1335 3027 ἔμπροσθέν
1371 2977 1489 3028 μου
1525 2959 1595 3012 ἐν
1634 2960 1944 3030 Ἰερουσα-

2049 2963 2175 3015 tiam
2195 2978 2353 3032 super
2380 2979 2580 3025 omnes,
2605 2963 2696 3033 qui
2719 2962 2934 3028 fuerunt
2963 2969 3087 3012 ante
3109 2976 3188 3014 me
3218 2960 3269 3013 in
3292 2958 3593 3013 Jerusalem
3614 2979 3634 3013 :

353 3053 482 3123 λήμ
505 3069 520 3085 ·
547 3053 648 3106 καί
673 3051 891 3120 καρδία
904 3069 1025 3121 μου
1040 3047 1162 3104 εἶδε
1183 3055 1386 3105 πολλὰ
1410 3052 1637 3121 σοφίαν
1668 3053 1769 3107 καὶ
1791 3053 1944 3122 τινῶ-

2049 3060 2090 3107 et
2117 3069 2207 3104 cor
2259 3068 2433 3105 meum
2471 3053 2600 3106 vidit
2635 3051 2825 3115 multa,
2859 3050 3178 3118 sapientiam
3223 3059 3273 3102 et
3313 3050 3589 3102 scientiam
3615 3065 3635 3104 :

358 3163 463 3200 σιν
487 3163 503 3178 ο
534 3144 631 3198 καί
653 3143 847 3198 ἔδωκα
894 3142 1149 3210 καρδίαν
1189 3159 1306 3211 μου
1333 3145 1440 3196 τοῦ
1468 3142 1692 3212 γνῶναι
1719 3145 1945 3212 σοφίαν

2049 3155 2093 3199 et
2129 3145 2250 3199 dedi
2279 3161 2369 3199 cor
2394 3160 2602 3206 nteant,
2645 3153 2704 3197 ut
2733 3159 2996 3198 noscerent
3029 3143 3344 3212 sapientiam
3387 3154 3432 3195 et
3465 3144 3636 3196 scien-

363 3235 730 3307 καὶγυνῶσιν,
790 3235 1134 3302 παραϐολὰς
1183 3234 1280 3286 καί
1334 3233 1677 3302 ἐπιστήμην
1706 3250 1720 3264 ·
1757 3233 1945 3302 ἔγνων

2049 3239 2198 3305 tiam,
2241 3238 2528 3307 parabolas
2569 3247 2618 3291 et
2663 3235 2976 3299 scientiam;
3015 3236 3270 3305 cognovi,
3319 3235 3497 3290 ethoc
3523 3253 3636 3291 esse

361 3331 450 3384 ὅτι
469 3330 572 3383 καί
596 3346 662 3398 τε
685 3327 864 3381 τοῦτό
886 3327 1022 3380 ἐστι
1050 3327 1404 3393 προαίρεσις
1446 3327 1811 3393 πνεύματος.

421 3420 511 3491 Τῷ
530 3419 826 3486 ἐνδιαθέτῳ
856 3418 1001 3487 λόγῳ
1027 3417 1360 3488 ποιήσασθαι
1388 3416 1486 3488 τήν
1509 3417 1750 3483 διάλεξιν
1776 3418 1950 3472 αἰνίτ-

2041 3331 2502 3400 praesumptionem
2537 3330 2756 3399 spiritus
2794 3328 2930 3398 (6|).

2095 3425 2344 3498 _Interno
2369 3424 2484 3477 luco
2509 3437 2766 3477 sermone
2787 3421 2931 3490 apud
2956 3436 3016 3475 se
3035 3421 3310 3477 disserere
3337 3420 3636 3491 signiﬁcat,

358 3530 515 3569 τεται
545 3513 666 3568 καθ’
685 3513 900 3579 ἑαυτὸν,
926 3512 1129 3583 ἥκιστα
1158 3511 1484 3584 προφορικῷ
1501 3511 1643 3582 λόγῳ
1656 3513 1945 3583 χρησάμε-

2049 3530 2174 3570 cum
2230 3515 2483 3569 oratione
2525 3515 2592 3568 ad
2644 3514 2916 3568 neminem
2949 3528 3240 3577 conversa,
3291 3529 3417 3568 cum
3451 3514 3638 3568 animo

361 3626 476 3673 νος,
507 3606 620 3662 ἀλλ’
643 3608 701 3660 ἐν
720 3607 832 3670 τοῖς
857 3603 1182 3668 διαϐουλίοις
1206 3605 1499 3674 ἐλάλησεν,
1516 3604 1593 3665 ὡς
1626 3606 1760 3658 Ἰδοὺ
1781 3622 1947 3676 μεγα-

358 3700 589 3770 λοσύνην
620 3699 732 3770 ἔχω
763 3695 1047 3769 βασιλικὴν
1096 3697 1239 3767 ὑπὲρ
1283 3698 1412 3761 τοὺς
1453 3696 1770 3767 ἔμπροσθέν
1816 3714 1943 3767 μου,

358 3793 605 3863 δηλονότι
653 3793 781 3854 τοὺς
827 3789 1401 3859 προϐεϐασιλευκότας
1451 3791 1509 3841 ἐν
1565 3788 1943 3858 Ἰερουσαλὴμ,

361 3886 460 3940 καὶ
490 3884 683 3953 σοφίας
699 3883 796 3938 καὶ
824 3881 1080 3951 γνώσεως
1109 3881 1383 3936 ἐπίτασιν.
1418 3881 1532 3934 Καὶ
1555 3882 1664 3950 γὰρ
1695 3880 1784 3934 ἐπ’
1811 3881 1944 3933 αὐτὸ

360 3973 522 4030 τοῦτο
578 3975 931 4028 κατέσπευσα
985 3972 1085 4043 τὴν
1130 3973 1362 4043 καρδίαν
1405 3990 1507 4042 μου
1567 3972 1631 4024 τὺ
1697 3971 1833 4040 πρὸς
1881 3972 1944 4025 τὸ

361 4068 667 4140 ἀκρότατον
718 4064 1014 4135 ἀφικέσθαι
1048 4065 1244 4134 σοφίας
1287 4065 1382 4118 καὶ
1417 4063 1698 4132 γνώσεως.
1746 4065 1840 4118 καὶ
1871 4067 1939 4135 τῇ

361 4159 652 4231 περιλήψει
692 4161 790 4229 τῆς
822 4157 1068 4228 ἐμαυτοῦ
1096 4156 1338 4220 διανοίας
1361 4155 1679 4227 παραϐολὰς
1715 4157 1811 4210 καὶ
1839 4157 1946 4210 πᾶ-

432 4313 547 4384 (60)
576 4312 820 4386 Delibata
862 4315 977 4370 haec
1005 4329 1035 4368 e
1062 4313 1332 4386 Nysseno,
1373 4313 1468 4386 qui
1530 4329 1644 4386 rem
1670 4313 1937 4386 eamdem

359 4383 668 4454 elegantius
698 4386 973 4454 expressit
1015 4383 1180 4452 atque
1240 4385 1614 4452 ampliﬁcavit.
1666 4383 1758 4438 Sic
1789 4385 1936 4439 enim

363 4451 748 4525 ille—disserit;
770 4451 844 4508 Τὸ
865 4451 959 4508 οὖν
991 4451 1300 4525 ὑστέρημα,
1323 4451 1512 4525 φησὶν,
1539 4455 1600 4507 οὐ
1648 4454 1936 4522 δυνήσεται

360 4525 456 4598 τοῦ
473 4523 895 4598 άριθμηθῆναι.
915 4526 981 4578 Τί
1003 4523 1164 4598 τοῦτο
1184 4523 1453 4598 σημαίνει
1489 4527 1578 4598 διὰ
1597 4525 1707 4598 τοῦ
1736 4525 1935 4598 λόγους

361 4597 446 4650 ὅτι
470 4592 540 4666 ἦν
569 4592 703 4649 ποτε
733 4592 828 4650 καὶ
851 4597 913 4649 τὸ
938 4594 1061 4650 καθ’
1085 4597 1118 4666 ἡ

362 4667 740 4738 Συντελοῦμεν
765 4669 874 4737 γὰρ
909 4669 1004 4719 καὶ
1041 4669 1206 4736 ἡμεῖς
1233 4667 1470 4738 είςνίτὴνΔ
1492 4667 1663 4738 ἱερὰν
1711 4667 1818 4738 τῷν
1849 4667 1941 4719 λο-

362 4739 536 4806 γικῶν
567 4736 1245 4808 προβάτωνέκατοντάδα.
1267 4736 1517 4808 -Ἒπειδὴ
1549 4737 1604 4789 δὲ
1630 4736 1941 4790 ἀπεϐουκο-

360 4808 503 4879 λήθη
524 4806 626 4875 τῆς
650 4806 1142 4879 ὀρείουδιαγωγῆς
1170 4808 1235 4860 τὸ
1255 4806 1629 4879 ἓνπρόὸατον,
1648 4808 1682 4877 ἡ
1697 4808 1944 4878 ἡμετέρα

363 4877 553 4948 φύσις,
590 4879 680 4932 διὰ
719 4878 918 4941 κακίας
965 4879 1104 4948 πρὸς
1141 4879 1234 4931 τὸν
1285 4877 1549 4948 ἁλμῶντα
1588 4879 1796 4948 τοῦτον
1848 4877 1945 4931 καὶ

365 4946 649 5018 αὐχμηρὸν
704 4949 869 5003 τόπον
909 4946 1368 5002 κατασπασθεῖσα
1397 4988 1413 5015 ,
1447 4946 1654 5018 οὐκέτι
1701 4949 1730 5000 ὁ
1781 4949 1944 5011 αὐτὸς

365 5017 492 5140 atth
502 5017 599 5086 μδς
615 5020 706 5070 ἐπὶ
721 5018 816 5071 τοῦ
839 5018 1095 5089 ποιμνίου
1111 5019 1222 5072 τῶν
1239 5017 1497 5072 ἀπλανῶν
1498 5036 1624 5140 sum
1632 5018 1941 5086 μονεύεται,

365 5091 398 5140 ἁ
434 5086 481 5140 λ’
519 5087 844 5140 ἐνενήκοντα
863 5091 956 5140 καὶ
1001 5091 1159 5140 ἐννέα
1211 5089 1494 5140 κατονοαά.
1531 5106 1702 5140 ονται.
1729 5089 1805 5140 Τὸ
1833 5089 1941 5140 γὰρ

364 5086 481 5161 ἀλλ’
519 5087 846 5161 ἐνενήκοντα
863 5086 956 5143 καί
1001 5091 1159 5161 ἐννέα
1211 5086 1702 5161 κατονομάξονται.
1729 5089 1805 5161 Τὸ
1833 5089 1944 5161 γὰρ

367 5160 604 5230 μάταιον
628 5157 734 5230 ἐξω
764 5159 860 5212 τοῦ
897 5159 1138 5228 ἀριθμοῦ
1161 5160 1272 5213 τῶν
1318 5157 1658 5230 ὑφεστώτων
1686 5157 1940 5230 γίνεται)

363 5227 500 5283 διότι
525 5227 813 5302 ῥστέρημα
839 5231 901 5282 οὐ
929 5227 1219 5302 δυνήσεται
1244 5229 1341 5284 τοῦ
1366 5227 1765 5302 ἀριθμηθῆναι.
1801 5227 1943 5283 Ἦλ-

363 5302 456 5356 θεν
494 5299 588 5370 οὖν
623 5299 856 5370 ζητῆσαι
893 5302 990 5354 καὶ
1026 5299 1200 5354 σῶσαι
1252 5302 1313 5354 τὸ
1361 5299 1802 5370 ἀπολωλὸςςῌκαὶ
1849 5303 1944 5354 ἐπὶ

363 5372 472 5423 τῶν
490 5368 658 5445 ὤμων
678 5367 974 5445 ’ἀναλαβὼν
1005 5371 1462 5445 ᾀποκαταστῆσαι
1500 5375 1613 5445 τοῖς
1642 5367 1762 5445 οὖσι
1792 5372 1854 5425 τὸ
1875 5375 1940 5445 τῇ

368 5443 692 5511 ματαιότητι
713 5439 822 5512 τῷν
850 5440 1218 5512 ἀνυπάρκτων
1251 5439 1710 5512 ἐναπολλύμενον,
1731 5443 1818 5495 ἵνα
1841 5439 1946 5495 τιάὲ

290 5555 294 5558 .
364 5511 447 5564 λιν
479 5510 669 5584 ἄρτιος
703 5510 929 5584 γένηται
955 5510 984 5562 ὁ
1003 5513 1114 5584 ’τῆς
1131 5513 1371 5584 κτίσεως
1395 5512 1490 5566 τοῦ
1516 5510 1943 5584 Θεὸῦίάριθμὸς,

367 5579 746 5654 αποσωθέᾉντος
775 5579 1234 5654 τοῦνάπολωλότος
1259 5586 1376 5645 τοῖς
1405 5584 1480 5654 μὴ
1522 5579 1942 5654 ἀπολλυμένοις.

371 5653 423 5722 Id
446 5661 568 5708 est:
605 5652 849 5720 Defectus
872 5653 1055 5721 igitur,
1088 5655 1282 5722 inquit,
1309 5652 1415 5706 non
1433 5652 1624 5721 poterit
1649 5652 1940 5708 numerari.

373 5721 578 5793 Ecquid
605 5723 750 5776 dicto
782 5724 1090 5791 hujusmodi
1119 5721 1458 5792 signiﬁcatur
1483 5726 1507 5777 ?
1549 5726 1716 5795 fuisse
1743 5725 1943 5779 scilicet

370 5805 590 5864 tempus,
631 5811 733 5864 quo
789 5812 883 5848 nos
928 5810 1132 5862 quoque
1165 5796 1376 5848 onmino
1407 5795 1476 5846 ad
1510 5813 1786 5848 numerum
1823 5811 1943 5864 per-

369 5865 662 5921 tinebamus
695 5881 861 5922 :nam
891 5875 940 5920 et
967 5881 1060 5919 nos
1089 5866 1142 5921 in
1174 5881 1325 5921 sacro
1362 5865 1457 5920 illo
1494 5883 1709 5920 numero
1769 5876 1941 5920 cente-

2051 3607 2171 3676 ipse
2203 3622 2305 3661 suo
2339 3606 2396 3660 in
2446 3606 2595 3660 hunc
2645 3604 2811 3660 veluti
2858 3604 3081 3659 modum
3137 3602 3459 3658 consultet:
3496 3600 3638 3656 Ecce

2051 3698 2395 3768 majestatem
2455 3698 2628 3752 habeo
2686 3698 2933 3765 regiam,
2973 3704 3175 3762 quanta
3223 3695 3276 3748 in
3332 3694 3639 3765 majoribus

2050 3805 2158 3843 non
2191 3789 2317 3852 fuit,
2345 3789 2439 3858 qui
2474 3804 2667 3857 nempe
2706 3798 2836 3843 ante
2873 3803 2957 3844 me
2984 3784 3346 3869 Jerosolymis
3376 3799 3640 3856 regnave-

2051 3892 2179 3937 runt
2211 3903 2223 3938 :
2257 3883 2536 3953 sapientiae
2587 3882 2715 3936 item
2744 3893 2798 3937 et
2838 3882 3082 3936 scientiae
3129 3880 3470 3950 plurimum;
3507 3892 3635 3931 nam

2050 3975 2160 4029 huc
2177 3976 2361 4028 animo
2382 3974 2662 4037 contendi,
2684 3982 2745 4028 ut
2763 3974 2830 4028 ad
2855 3987 3133 4028 summum
3154 3971 3436 4042 sapientia:
3455 3971 3638 4026 scien-

2050 4068 2251 4137 tiaeque
2283 4066 2564 4137 fastigium
2601 4075 2846 4131 evectus,
2879 4065 3170 4135 parabolas
3203 4076 3550 4132 assequerer,
3585 4070 3640 4114 ct

2051 4161 2240 4215 omnia
2275 4161 2415 4214 scitu
2447 4160 2608 4230 digna
2642 4159 2922 4214 intellectu
2947 4168 2999 4214 et
3042 4156 3353 4228 cognitione
3387 4168 3636 4223 compre-

2048 4317 2202 4370 nario
2238 4317 2588 4371 rationalinm
2616 4318 2790 4370 ovium
2822 4319 3184 4370 censebantur.
3217 4313 3507 4384 Postquam
3541 4332 3637 4367 au-

2047 4397 2153 4440 tem
2186 4405 2217 4440 a
2255 4389 2523 4440 montanis
2575 4389 2790 4456 pascuis
2825 4387 3091 4440 aberravit
3147 4388 3258 4438 ovis
3293 4402 3421 4447 una,
3456 4400 3639 4456 nempe

2045 4468 2229 4511 nostra
2262 4469 2478 4521 natura,
2512 4460 2637 4511 vitio
2666 4475 2761 4512 suo
2791 4460 2860 4510 ad
2889 4458 3026 4510 hunc
3059 4459 3272 4509 aridum
3299 4465 3349 4508 et
3378 4455 3637 4508 incultum

2049 4527 2222 4581 locum
2254 4531 2553 4589 abstracta,
2583 4546 2690 4582 non
2717 4529 2952 4598 amplius
3005 4540 3453 4581 commemoratur
3498 4527 3636 4578 idem

1128 4598 1236 4677 μᾶς
1265 4596 1343 4677 τῷ
1381 4597 1546 4677 παντὶ
1592 4595 1934 4677 ἐναρίθμιρν.

2049 4615 2295 4677 numerus
2325 4604 2379 4653 in
2429 4595 2838 4677 grege_earum,
2881 4615 2998 4668 qua:
3031 4615 3133 4677 nun
3181 4598 3524 4677 aberrarunt,
3549 4597 3639 4649 sed

2047 4671 2394 4723 nominantur
2418 4668 2710 4740 nonaginta
2741 4680 2790 4724 et
2835 4687 3038 4723 norem.
3081 4668 3291 4721 Vanum
3343 4670 3499 4740 enim
3535 4677 3636 4732 est,

2045 4740 2184 4806 quod
2213 4751 2369 4794 extra
2401 4737 2676 4793 numerum
2723 4740 3128 4795 subsistentium
3159 4741 3225 4792 sit
3255 4753 3273 4790 :
3304 4740 3432 4809 quia
3466 4737 3626 4806 defec-

2048 4819 2130 4863 tus
2155 4827 2261 4864 non
2292 4814 2485 4880 poterit
2513 4814 2804 4865 numerari.
2847 4811 2997 4865 Venit
3035 4827 3157 4880 ergo
3193 4809 3262 4862 ad
3294 4810 3638 4878 quaerendum

2045 4889 2094 4934 et
2129 4883 2450 4936 servandum
2503 4883 2643 4952 quod
2687 4883 2942 4952 perierat,
3001 4891 3050 4934 et
3110 4897 3228 4933 cum
3275 4880 3332 4932 in
3393 4883 3636 4952 [nuneros

2047 4954 2376 5015 sustulisset,
2403 4953 2472 5005 ad
2509 4950 2897 5007 restituendum
2953 4952 3044 5014 iis,
3089 4966 3207 5020 qutc
3237 4959 3381 5013 sunt,
3413 4951 3465 5001 id
3498 4950 3636 5018 quod

2046 5022 2253 5089 peribat
2285 5025 2341 5076 in
2363 5025 2598 5078 vanitate
2633 5039 2837 5082 eorum.
2873 5039 2994 5092 qua:
3032 5039 3134 5073 non
3177 5029 3320 5082 sunt,
3361 5030 3416 5072 ut
3450 5034 3636 5071 rursus

2046 5093 2195 5160 ﬁeret
2229 5095 2433 5163 integer
2451 5095 2753 5147 divinorum
2779 5109 2996 5159 operum
3021 5107 3296 5150 numerus,
3323 5102 3639 5163 conseruata

2045 5158 2128 5288 :0,
2157 5165 2297 5287 quod
2331 5158 2564 5233 perierat
2587 5166 2678 5231 iis,
2711 5180 2830 5233 qua:
2885 5180 2984 5215 non
3016 5170 3259 5231 pereunt.
3296 5160 3483 5220 (llom.
3518 5158 3554 5210 9.
3587 5161 3636 5212 in

2075 5235 2154 5288 'cc
2184 5239 2222 5288 .l

2075 5235 2222 5295 Eccl.)
3660 5258 3666 5261 -

2120 5305 2230 5375 (61)
2252 5305 2405 5375 Apud
2430 5302 2593 5364 LXX,
2619 5304 2726 5356 alio
2753 5303 2866 5356 hiet:
2884 5303 3171 5375 verborum
3206 5301 3400 5375 ordine
3433 5301 3634 5375 scripta

2047 5369 2450 5446 legim'us.’qute
2484 5377 2552 5428 ita
2585 5389 2642 5426 se
2662 5375 2866 5446 habent
2890 5372 3202 5446 ιἘλάλησα
3221 5369 3404 5436 ἐγὼέν
3438 5370 3638 5446 καρδία

2049 5441 2249 5517 pom",
2269 5441 2366 5498 καὶ
2395 5445 2570 5499 ἔδωκα
2590 5445 2950 5517 καρδίανέμου
2975 5442 3082 5517 τοῦ·
3097 5441 3306 5517 γνῶναι
3327 5441 3523 5517 σοφίαν
3546 5445 3635 5517 καὶ

2045 5510 2268 5585 γνῶσιν.
2304 5517 2413 5570 Καὶ
2440 5515 2640 5584 καρδία
2667 5510 2768 5584 μου
2788 5511 2897 5566 εἶδε
2926 5512 3117 5576 πολλὰ,
3146 5511 3342 5585 σοφίαν
3363 5512 3468 5585 Δκαὶ
3489 5510 3631 5585 γνῶ-

2049 5581 2155 5647 σιν,
2174 5605 2246 5639 πα
2257 5587 2490 5655 ραϐολὰς
2516 5581 2608 5639 καὶ
2624 5581 2818 5654 ἐπιστή
2830 5585 3188 5655 μην.”Εγνων
3206 5582 3339 5649 ἐγὼ,
3359 5581 3441 5634 ὅτι
3459 5582 3549 5655 καί
3572 5597 3634 5646 γε

2044 5657 2206 5709 τοῦτό
2234 5653 2351 5709 ἐστι
2387 5658 2710 5727 προαίρεσις
2751 5653 3086 5727 πνεύματος.
3123 5653 3342 5727 Qlymp.
3393 5667 3500 5727 non
3537 5653 3630 5727 ha:

2046 5727 2156 5789 bet,
2184 5729 2277 5780 καὶ
2307 5722 2484 5780 ἔδωκα
2514 5722 2747 5796 καρδίαν
2780 5722 3022 5793 μουτοῦ
3055 5722 3262 5796 γνῶναι
3307 5722 3503 5796 σοφίαν
3537 5723 3633 5774 καὶ

2045 5797 2269 5884 γνῶσιν.
2315 5798 2460 5853 ldcm
2485 5793 2631 5870 legit,
2667 5798 2763 5852 καὶ
2791 5796 2991 5868 καρδία
3024 5813 3127 5867 μου
3175 5793 3281 5848 εἶδε
3309 5793 3512 5866 πολλὴν
3546 5809 3629 5846 σο-

2049 5879 2178 5937 φίαν
2198 5908 2212 5934 ,
2249 5879 2356 5924 etc.
