4172 6500
566 375 674 440 795
1677 377 1736 436 S-
1785 375 2162 437 GREGORII
2203 376 2713 438 AG‘RIGENTINI
3712 381 3818 443 795

570 489 880 544 heuderem.
918 483 1080 540 llisce
1131 483 1388 539 omnibus
1434 493 1722 556 postquam
1761 488 1965 557 potitus
1999 503 2133 554 sum,

2253 505 2353 541 σαν
2385 489 2701 560 ἐπιστήμην
2763 491 3003 558 σνδσχεῖν.
3061 489 3277 547 Τούτων
3328 490 3584 546 ἁπάντων
3626 494 3818 564 ἐπειδὴ
3891 489 3894 491 ’

571 581 904 646 ultimusque
957 577 1209 630 humana:
1263 575 1534 632 felicitatis
1587 577 1738 648 attigi
1789 581 1966 646 lines;
2025 589 2133 633 tum

2244 581 2458 654 πλήρης
2487 582 2708 650 γέγονα,
2736 583 2828 634 καὶ
2861 583 3000 655 πρὸς
3034 584 3132 653 τὴν
3149 587 3462 654 ἀκροτάτην
3499 585 3558 636 έν
3599 587 3817 653 ἀνθρὼ-

566 685 698 726 vero
749 669 1042 723 humanam
1095 667 1267 736 magis
1317 667 1486 721 vitam
1538 679 1964 724 comm-seratus
1995 685 2139 733 sum,

475 811 478 816 .
566 778 689 832 quae
717 762 923 815 nullam
959 760 1187 814 omnino
1228 759 1522 813 utilitatem
1549 775 1612 814 ex
1651 760 1733 815 his
1768 761 2026 817 omnibus
2054 776 2141 818 re-

570 854 714 909 ferre
766 853 960 924 possit.
1002 850 1120 918 Qua
1161 851 1380 906 demum
1437 852 1504 906 de
1551 853 1772 908 causa?
1821 853 2138 922 Propterea,

569 944 766 1014 inquit,
795 940 944 1013 quod
993 943 1096 996 hoc
1146 941 1312 996 etiam
1358 948 1443 995 est
1483 941 1836 1012 praesumptio
1872 941 2138 1010 spiritus;

565 1043 826 1105 tanquam
882 1036 931 1090 si
981 1033 1191 1088 diceret
1245 1051 1260 1087 :
1338 1031 1522 1088 Animi
1591 1035 1812 1102 quidem
1907 1034 2142 1088 volentis

567 1138 710 1194 nego
736 1125 849 1177 ium
917 1126 1030 1178 taec
1081 1131 1213 1178 sunt
1279 1123 1498 1188 omnia;
1562 1139 1688 1178 nam
1744 1124 1988 1178 animum
2052 1123 2140 1178 hic

567 1230 785 1284 quoque
833 1214 1060 1285 spiritus
1106 1214 1466 1283 appellatione
1529 1216 1878 1286 designavit:
1937 1223 1993 1268 at
2054 1215 2139 1268 ni-

569 1310 646 1366 hil
677 1309 922 1380 profecto
964 1311 1030 1364 ad
1082 1309 1431 1366 commodum
1483 1309 1639 1365 saluto
1660 1324 1824 1379 mque
1862 1309 2030 1364 animi
2073 1309 2139 1363 iis

569 1411 820 1472 prosunt,
866 1402 958 1472 qui
991 1403 1172 1456 minus
1199 1403 1268 1457 de
1299 1402 1524 1457 virtutis
1565 1402 1855 1472 adeptione
1883 1401 2140 1456 laboran-

569 1502 673 1560 tes,
703 1509 866 1550 omne
901 1497 952 1548 iu
981 1510 1048 1550 eo
1085 1496 1326 1550 studium
1381 1505 1614 1565 ponunt,
1661 1501 1720 1548 ut
1765 1493 1966 1563 popqu
2020 1493 2138 1563 pla-

568 1595 748 1652 ceant,
782 1587 1042 1658 inanique
1063 1587 1234 1658 gloria
1262 1587 1386 1641 eiati
1414 1596 1469 1642 et
1484 1585 1683 1641 fastum
1707 1595 1892 1640 amant
1912 1595 1967 1640 et
1989 1586 2140 1654 plau-

569 1695 666 1736 sus
706 1680 989 1735 hominum
1022 1689 1387 1750 aucupantur.
1431 1683 1605 1751 Atque
1627 1679 1759 1734 illud
1781 1678 1943 1733 etiam
1983 1693 2140 1732 acce-

567 1770 648 1824 dit
674 1769 1028 1836 incommodi,
1071 1783 1131 1825 ut
1171 1770 1264 1840 qui
1294 1771 1367 1826 ob
1397 1771 1640 1825 animum
1705 1769 1773 1824 ab
1817 1769 2138 1839 intelligibi-

2241 693 2364 739 ποις
2415 672 2581 745 ἦλθον
2615 675 2906 748 εὐετηρίαν
2928 690 2943 706 ·
2974 676 3099 729 τότε
3138 677 3343 746 μᾶλλον
3385 680 3678 736 ὲταλάνισα
3715 679 3817 748 τὴν

2239 766 2590 838 ἀνθρωπίνην
2611 767 2778 838 ζωὴν,
2819 767 2895 830 ὡς
2930 767 3423 838 μηδὲν-ἀπόνασθαι
3441 771 3655 836 Δτούτων
3674 771 3813 824 πάν-

2239 877 2348 912 των
2365 858 2672 928 δυναμένην
2695 857 2755 912 τὸ
2787 858 3028 914 σύνολον.
3070 860 3135 913 Τί
3160 861 3225 932 δή
3257 879 3427 929 ποτε;
3464 863 3630 923 Διότι,
3655 863 3812 931 φησι.

2240 950 2336 1004 καί
2348 966 2413 1018 γε
2437 949 2598 1004 τοῦτό
2623 951 2740 1003 ἐστι
2779 950 3104 1022 προαίρεσις
3140 953 3475 1024 πνεύματος.
3505 954 3655 1007 ’Δντὶ
3691 953 3809 1010 τοῦ.

2238 1041 2476 1112 ψυχικῆς
2494 1042 2592 1111 μὲν
2609 1029 2921 1114 βόυλήσεως
2941 1042 3102 1115 ἔργον
3119 1044 3294 1106 ταῦτα
3314 1045 3492 1100 πάντα
3515 1045 3811 1114 πεφύκασι.

2242 1131 2464 1202 Πνεῦμα
2494 1133 2604 1202 γάρ
2642 1133 2926 1188 κάνταῦθα
2975 1134 3077 1202 τὴν
3121 1133 3301 1208 ψυχὴν
3337 1138 3806 1209 προσηγόρευσεν.

2239 1225 2316 1278 Οὐ
2355 1224 2538 1296 μέντοι
2573 1225 2631 1280 δέ
2671 1225 2810 1296 πρὸς
2838 1226 2940 1297 τὴν
2962 1226 3238 1297 ὠφέλειαν
3268 1229 3363 1282 καὶ
3405 1228 3682 1301 σωτηρίαν
3711 1229 3810 1298 τῆς

2238 1317 2417 1389 ψυχῆς
2471 1317 2787 1372 συντελοῦσι
2822 1320 2940 1382 τοῖς
2978 1317 3053 1390 μὴ
3109 1320 3236 1390 περὶ
3268 1319 3468 1374 πολλοῦ
3496 1320 3596 1391 τὴν
3621 1321 3813 1392 κτῆσιν

2240 1411 2339 1482 τῆς
2362 1411 2562 1481 ἀρετῆς
2595 1410 2936 1480 τιθεμένοις,
2975 1410 3114 1466 ἀλλὰ
3162 1411 3302 1482 πρὸς
3353 1411 3522 1484 μόνην
3555 1411 3812 1484 ἀνθρωπ-

2237 1502 2534 1573 αρέσκειαν
2573 1504 2669 1557 καὶ
2697 1504 2796 1575 τὴν
2829 1504 3099 1572 φυσίωσιν
3136 1503 3239 1574 τῆς
3267 1505 3431 1575 κενῆς
3468 1503 3628 1574 δόξης
3649 1544 3663 1565 .
3716 1507 3814 1558 καὶ

2239 1595 2378 1665 πρὸς
2402 1595 2495 1648 τὸν
2535 1595 2708 1665 τύφον
2751 1595 2969 1650 καὶτὸν
3011 1594 3356 1666 ἀνθρώπινον
3407 1597 3813 1652 ἀποϐλέπουσιν

2239 1688 2481 1743 ἔπαινον.
2506 1689 2650 1760 Πρὸς
2667 1689 2725 1741 δὲ
2749 1690 2828 1760 τῷ
2861 1689 3029 1760 μηδὲν
3052 1690 3360 1744 ἀπόνασθαι
3401 1691 3510 1744 τῶν
3553 1690 3814 1744 τοιούτων

2239 1783 2367 1844 τοὺς
2392 1779 2658 1851 μηδαμῶς
2689 1781 2914 1852 ἔχοντας
2945 1780 3071 1835 νοῦν
3107 1781 3247 1852 πρὸς
3291 1781 3391 1852 τὴν
3443 1780 3556 1834 τῶν
3604 1780 3814 1850 νοητῶν

568 1860 700 1916 lium
764 1861 1030 1917 bonorum
1087 1863 1402 1932 cognitione
1457 1863 1697 1916 alienum
1752 1861 1958 1916 nullam
2008 1861 2133 1916 inde

2234 1871 2455 1940 ἀγαθῶν
2475 1871 2889 1940 ἀνατεινόμενον
2931 1870 3139 1938 ἔφεσιν,
3165 1871 3258 1924 καὶ
3290 1871 3679 1940 περιπόνησιν,
3716 1869 3813 1922 xui.

566 1954 860 2010 utilitatem
896 1954 1140 2023 capiunt,
1196 1954 1360 2008 iidem
1424 1955 1478 2008 in
1513 1953 1599 2009 his
1647 1953 1898 2024 occupati
1931 1953 2132 2008 defati-

565 2045 838 2116 gationem
867 2055 1124 2116 praeterea
1159 2053 1214 2100 et
1241 2046 1488 2100 laborum
1508 2045 1786 2101 molestias
1811 2054 1977 2116 atque
2006 2047 2130 2101 inu-

565 2141 686 2194 tiles
704 2153 923 2210 quoque
944 2137 1156 2207 vigilias
1177 2153 1454 2208 vanasque
1473 2152 1638 2193 curas
1661 2138 1850 2194 subire
1877 2138 2124 2194 debeant.

563 2232 679 2287 lloc
711 2245 948 2300 namque
978 2231 1044 2286 iis
1083 2229 1404 2293 conﬁrmat,
1439 2244 1561 2300 quae
1611 2230 1862 2300 pr0tinus
1923 2231 2126 2286 subne—

561 2327 678 2380 οιίι.

2240 1963 2433 2026 κόπον,
2468 1963 2566 2016 καὶ
2602 1964 2766 2015 πόνον
2801 1963 2914 2026 τοῖς
2941 1964 3070 2034 περὶ
3121 1961 3188 2016 τά
3226 1961 3451 2016 τοιαῦτα
3487 1961 3812 2032 σχολάζουσι

2238 2056 2517 2127 πεφύκασι
2559 2054 2860 2126 προξενεῖν,
2893 2055 2990 2108 καὶ
3040 2055 3304 2127 περιττὰς
3352 2053 3670 2125 ἀγρυπνίας
3713 2055 3811 2105 καὶ

2240 2145 2478 2216 ματαίας
2499 2143 2804 2216 φροντίδας.
2833 2143 3010 2204 ,Τοῦτο
3030 2144 3140 2214 γάρ
3177 2144 3526 2216 παρεμπεδοί
3563 2144 3653 2197 διὰ
3699 2145 3810 2196 τῶν

2236 2236 2462 2307 ἀμέσως
2497 2234 2854 2306 ἐπαγομένων
2876 2252 2889 2266 ·

2059 2411 2300 2484 §xvut.

629 2555 733 2626 3'7
761 2552 930 2609 Vens.
969 2553 1057 2609 l8.
1081 2555 1222 2620 Quia
1241 2554 1296 2607 in
1313 2553 1654 2606 multitudine
1682 2552 1953 2621 sapientia:
1974 2551 2130 2606 multi

562 2647 688 2701 tudo
740 2648 1080 2717 cognitionis,
1111 2655 1162 2700 ct
1197 2647 1290 2716 qui
1328 2646 1543 2716 apponit
1569 2647 1850 2701 scientiam
1913 2646 2126 2716 apponit

559 2735 796 2790 dolorem
823 2735 958 2806 (6'2).

629 2827 840 2895 Quibus
867 2828 1156 2885 manifesto
1175 2828 1439 2895 declarat,
1475 2838 1742 2898 quantum
1761 2829 1887 2902 quis
1909 2831 2126 2899 sapien-

563 2920 649 2973 tia-
677 2919 898 2974 modum
945 2935 1358 2991 supergressus,
1394 2919 1636 2974 animum
1670 2936 1830 2974 suum
1872 2919 2126 2976 uberiore

561 3013 809 3067 doctrina
837 3014 1211 3082 compleverit.
1241 3020 1453 3067 tantum
1485 3013 1616 3067 huic
1657 3013 2001 3083 aagritudinis
2032 3030 2125 3069 ac-

561 3118 843 3160 cessurum
863 3114 916 3158 et
945 3103 1258 3168 anxietatis,
1275 3113 1438 3172 atque
1462 3118 1742 3171 curarum,
1766 3114 1827 3159 ut
1843 3105 2132 3159 sublimio-

2303 2549 2430 2604 Ὀτι
2452 2550 2522 2602 ἐν
2550 2549 2765 2619 πλήθει
2789 2549 3012 2618 σοφίας
3050 2548 3283 2618 πλῆθος
3314 2551 3619 2619 γνώσεως,
3645 2553 3740 2607 καὶ
3775 2556 3811 2608 ό

2231 2640 2573 2708 προστιθείς
2599 2639 2826 2710 γνῶσιν
2848 2641 3252 2710 προστίθησιν
3275 2642 3534 2712 ἄλγημα.

2299 2827 2525 2890 Δεικνὺς
2556 2826 2837 2896 ἐμφανῶς,
2868 2828 2943 2893 ὡς
2977 2826 3100 2881 καθ’
3129 2827 3258 2882 ὅσον
3310 2829 3378 2884 ἀν
3425 2845 3510 2892 τις
3567 2829 3810 2902 ὑπεραρ-

2232 2915 2350 2988 θείη
2369 2918 2471 2988 τῆς
2494 2918 2686 2986 σοφίας
2727 2921 2844 2984 τοῖς
2895 2921 3135 2990 μέτροις,
3180 2923 3276 2974 καὶ
3317 2921 3396 2990 τῷ
3450 2921 3651 2991 πλήθει
3695 2922 3798 2989 τῆς

2253 3010 2528 3079 γνώσεως,
2560 3011 3054 3084 ὲνδαψιλευομένην
3083 3012 3194 3077 ἕξει
3213 3011 3312 3082 τὴν
3334 3012 3530 3067 ἑαυτοῦ
3556 3013 3810 3084 καρδίαν,

2235 3101 2378 3155 κατὰ
2405 3102 2662 3156 τοσοῦτον
2679 3106 2794 3167 τοῖς
2813 3103 2951 3175 ἀλγή
2961 3121 3126 3174 μασιν
3155 3104 3327 3174 αὐτὴν
3358 3105 3676 3175 περιϐάλλει
3700 3105 3811 3159 τῶν

563 3211 676 3250 rem
721 3195 1041 3266 sapientiam
1097 3196 1472 3264 majoremque
1524 3211 1710 3251 rerum
1765 3197 2131 3268 cognitionem

2238 3194 2536 3265 φροντίδων
2569 3195 2663 3248 καὶ
2699 3195 2982 3266 μερίμνων
3003 3197 3101 3265 τῆς
3129 3195 3469 3268 ὑψηλοτέρας
3496 3197 3594 3250 καὶ⁵
3627 3195 3814 3267 μείζο-

561 3299 907 3357 assequatur.
948 3286 1084 3342 Nam
1112 3287 1508 3351 animadverte,
1527 3303 1738 3358 quaeso,
1766 3304 1875 3359 qua
1905 3291 2017 3345 haec
2049 3305 2136 3344 ra-

562 3380 708 3434 tione
741 3378 1098 3434 Ecclesiastes
1124 3389 1381 3450 exponat.
1414 3381 1553 3448 Quo,
1586 3381 1784 3450 inquit,
1806 3392 1965 3451 pacto
1992 3381 2136 3436 mni-

559 3468 849 3524 titudinem
900 3469 1184 3538 sapientia:
1238 3471 1530 3525 multitudo
1599 3471 1931 3541 cognitionis
2001 3489 2134 3528 con-

561 3560 846 3630 sequitur,
905 3561 1096 3616 eodem
1157 3562 1400 3617 scientiae
1467 3563 1898 3618 additamentum
1982 3565 2134 3618 addi-

563 3655 639 3710 tio
696 3654 947 3710 dolorum
1023 3671 1164 3725 pone
1218 3659 1531 3711 comitatur.
1587 3657 1769 3723 Quare
1843 3668 2129 3713 externam

563 3749 711 3802 illam
810 3757 866 3803 et
937 3748 1266 3818 superﬂuam
1339 3751 1634 3804 multarum
1718 3750 2132 3820 disciplinarum

561 3844 848 3901 scientiam
912 3845 1099 3900 sectati
1134 3884 1150 3904 ,
1231 3855 1516 3915 postquam
1615 3861 1783 3910 eam,
1853 3861 1972 3914 quae
2038 3860 2134 3898 an-

562 3952 698 3993 nexa
752 3946 858 4003 est,
889 3938 1186 3992 humanam
1240 3938 1343 3994 sibi
1388 3937 1710 4004 sapientiam
1757 3947 1811 3992 et
1862 3951 2131 3992 summam

560 4044 744 4084 rerum
773 4028 1140 4098 cognitionem
1175 4028 1374 4097 vigiliis
1401 4037 1456 4082 et
1484 4027 1768 4083 laboribus
1785 4036 2132 4097 pepererunt,

560 4133 670 4173 non
697 4119 860 4172 modo
891 4118 1156 4173 diuturno
1213 4118 1250 4172 ii
1285 4118 1467 4175 studio
1510 4120 1882 4176 necessarium
1914 4119 2048 4173 nihil
2081 4126 2135 4173 et

558 4210 715 4273 utile,
747 4210 980 4280 vitaeque
1028 4218 1244 4264 πίει-ηαξ
1295 4211 1440 4264 viam
1494 4211 1751 4268 muniens
1783 4214 2002 4269 auferre
2038 4231 2131 4272 so-

558 4303 694 4365 lent,
723 4303 816 4358 sed
839 4303 1090 4358 dolorum
1111 4302 1274 4358 etiam
1299 4319 1552 4374 magnam
1580 4306 1684 4361 sibi
1714 4322 1906 4363 rursus
1930 4308 2130 4364 factam

558 4396 932 4451 accessionem
979 4411 1100 4451 esse
1122 4396 1382 4452 sentiunt.
1418 4396 1644 4463 Quando
1675 4399 1803 4454 illud
1833 4400 2053 4466 melius,
2084 4402 2128 4456 si

560 4505 684 4551 nos,
715 4489 802 4544 his
830 4489 1084 4544 omnibus
1131 4489 1311 4544 valere
1354 4490 1546 4560 jussis,
1596 4491 1649 4545 in
1681 4489 1993 4548 Conditoris
2027 4509 2130 4547 no-

2234 3302 2324 3348 νος
2343 3287 2534 3352 σοφίας
2573 3287 2670 3340 καὶ
2698 3284 2979 3354 γνώσεως.
3013 3287 3158 3355 Ὅρα
3181 3288 3292 3361 γὰρ
3319 3289 3424 3356 τὴν
3471 3287 3812 3357 συλλογιστι-

2235 3376 2337 3448 κὴν
2365 3376 2620 3431 ἀπόδοσιν
2675 3377 2772 3432 τοῦ
2837 3379 3293 3450 Ἐκκλησιαστοῦ.
3351 3380 3497 3445 Πῶς,
3554 3381 3708 3450 φησὶ,
3733 3379 3815 3449 τῷ

2235 3469 2432 3542 πλήθει
2457 3471 2556 3540 τῆς
2581 3471 2776 3540 σοφίας
2798 3471 3092 3525 ἀκολουθεῖ
3103 3472 3166 3525 τὸ
3189 3472 3395 3542 πλῆθος
3414 3473 3514 3540 τῆς
3532 3472 3811 3540 γνώσεως,

2235 3564 2331 3616 καὶ
2365 3566 2432 3634 τῇ
2468 3563 2756 3635 προσθήκῃ
2780 3563 2881 3632 τῆς
2913 3563 3170 3633 γνώσεως
3197 3566 3229 3635 ἡ
3265 3565 3551 3635 προσθήκη
3581 3565 3689 3618 τῶν
3717 3564 3807 3617 ἀλα

2235 3656 2500 3727 γημάτων
2529 3658 2993 3728 συμπαρομαρτεῖ
3012 3655 3158 3709 κατά
3192 3657 3255 3709 τὸ
3288 3655 3618 3710 ἀκόλουθονο
3668 3658 3812 3711 ὥστε

2234 3749 2371 3816 πρὸς
2392 3749 2452 3802 τὸ
2488 3749 2653 3818 μηδὲν
2693 3751 2994 3818 ἀναγκαῖον
3020 3749 3114 3803 καὶ
3151 3749 3561 3812 λυσιτελὲςρκαὶ
3599 3751 3800 3823 πρόξε-

2234 3853 2324 3891 νον
2345 3841 2445 3909 τῆς
2473 3838 2692 3892 αἰωνίου
2727 3837 2878 3911 ζωῆς
2903 3841 2967 3894 ὲκ
2995 3840 3098 3910 τῆς
3131 3841 3458 3912 ἀναλήψεως
3490 3842 3600 3896 τῶν
3644 3841 3810 3912 θύρα-

2234 3931 2326 3986 θεν
2351 3931 2562 3984 πολλῶν
2587 3933 2684 3986 καὶ
2717 3933 2994 4003 περιττῶν
3029 3933 3395 4003 μαθημάτων,
3444 3934 3538 3988 καὶ
3585 3935 3685 4003 τῆς
3752 3936 3814 3987 ὲν

2233 4021 2563 4093 ἀγρυπνίαις
2602 4024 2696 4077 καὶ⁵
2743 4024 2931 4087 κόποις
2959 4024 3395 4094 προσγινομένης
3461 4023 3812 4096 ἀνθρωπίνης

2235 4112 2428 4180 σοφίας
2451 4115 2549 4168 καὶ
2577 4116 2833 4181 γνώσεως
2856 4112 3167 4186 ἀκροτάτης
3197 4114 3511 4168 ἀκολουθεῖν
3536 4118 3648 4180 τοῖς
3680 4117 3812 4186 περὶ

2232 4201 2301 4255 τὰ
2337 4202 2564 4256 τοιαῦτα
2617 4202 2738 4256 λίαν
2778 4204 3191 4265 ἐσπουδακόσιν,
3223 4205 3459 4274 ἔμπαλιν
3487 4206 3585 4258 καὶ
3614 4207 3648 4276 ἡ
3682 4207 3804 4259 ἐπί-

2232 4309 2385 4357 τασις
2413 4293 2702 4364 συμϐαίνει
2724 4294 2834 4348 τῶν
2863 4295 3198 4367 ἀλγημάτων
3221 4314 3236 4327 ·
3270 4297 3409 4357 δέον,
3435 4298 3655 4363 τούτοις
3675 4301 3807 4353 πᾶσι

2232 4385 2446 4454 χαίρειν
2461 4385 2740 4450 εἰπόντας,
2761 4387 3116 4457 διαγρυπνεῖν
3134 4390 3191 4442 ὲν
3208 4389 3506 4462 ὑμνῳδίαις
3523 4391 3617 4445 καὶ
3639 4409 3779 4463 προσ
3792 4423 3808 4431 -

2231 4479 2417 4547 ευχαίς
2452 4478 2548 4530 καὶ
2574 4478 2794 4549 δεήσεσι
2833 4482 2952 4543 ταῖς
2975 4481 3111 4550 πρὸς
3135 4481 3229 4560 τὸν
3259 4483 3390 4535 ἴδιον
3431 4483 3670 4555 Ποιητὴν
3712 4484 3806 4536 καὶ

562 4543 742 4638 strict
776 4543 869 4636 Dei
903 4591 957 4636 et
988 4543 1200 4636 Domini
1232 4543 1521 4646 laudibus,
1535 4543 1904 4654 iit—precibus,
1945 4585 1999 4640 in
2027 4588 2126 4641 ob-

2234 4543 2366 4622 Θεδν
2396 4569 2492 4622 καὶ
2514 4543 2831 4639 Δεσπότηνο
2869 4572 2963 4624 καὶ
3003 4543 3220 4634 τούτοις
3270 4543 3647 4646 ἐγκαρτερεῖν,
3686 4576 3808 4628 τού-

562 4672 965 4728 secratiouibus
995 4674 1243 4742 occupati
1278 4673 1492 4744 vigilias
1515 4677 1779 4745 agamus!
1807 4674 1863 4730 Si
1894 4677 2010 4732 haec
2035 4693 2128 4732 co-

564 4768 698 4829 lere,
731 4765 814 4820 his
847 4781 1068 4835 operam
1098 4765 1229 4822 dare
1277 4767 1608 4838 incipiamus
1637 4788 1651 4823 :
1688 4779 1854 4839 atque
1889 4785 1986 4839 per
2013 4771 2128 4825 hmc

562 4858 807 4914 animum
843 4873 907 4912 ac
953 4868 1188 4912 mentem
1223 4860 1290 4914 ad
1337 4859 1946 4927 incmnprehensibilent
1980 4861 2125 4916 illam

562 4949 761 5004 divinte
794 4949 1096 5018 maiestatis
1121 4951 1464 5006 altitudinem
1515 4952 1846 5016 attollentes,
1882 4951 1940 5006 in
1983 4952 2124 5021 ejus.

559 5041 654 5111 qui
679 5041 864 5112 gloria:
889 5042 980 5096 Sol
1006 5051 1106 5106 est,
1132 5041 1535 5110 pulchritudine
1562 5043 1754 5098 oculos
1784 5043 2082 5112 deligamus
2109 5062 2122 5097 :

560 5144 624 5182 ea
657 5137 714 5182 ut
741 5129 860 5182 luce
898 5128 1104 5196 perfusi
1134 5145 1198 5184 ac
1235 5131 1391 5186 ditati
1423 5141 1475 5186 et
1507 5133 1653 5201 quod
1702 5134 1842 5186 intra
1870 5133 1922 5185 in
1951 5133 2127 5187 homi-

561 5235 628 5275 ne
651 5230 704 5275 et
730 5220 874 5287 quod
911 5231 1064 5276 extra
1101 5231 1204 5284 est,
1236 5223 1508 5277 illustrare
1529 5225 1827 5292 possimus,
1854 5223 2127 5279 caelestia-

559 5329 688 5380 qum,
717 5321 982 5382 quantum
1035 5311 1148 5366 ﬁeri
1200 5320 1397 5381 potest,
1448 5314 1838 5368 meditantibus
1891 5324 2127 5370 contem-

561 5405 952 5474 plantibusque
979 5421 1178 5460 arcana
1210 5405 1315 5458 frui
1347 5407 1540 5474 gloria,
1583 5415 1636 5460 et
1679 5407 1934 5462 inell‘abili
1969 5409 2127 5478 plane

454 5539 458 5543 .
560 5497 854 5566 divinaque
889 5499 1084 5568 gaudio
1117 5499 1376 5566 compleri
1424 5499 1600 5553 liccat.
1641 5497 1863 5555 Minime
1889 5500 2000 5569 jam
2025 5501 2128 5554 erit

565 5589 933 5652 metuendum,
971 5606 1034 5643 ne
1075 5604 1236 5659 Opera
1282 5591 1434 5641 vanis
1485 5591 1536 5642 in
1581 5593 1740 5645 rebus
1787 5593 1984 5661 posita,
2030 5609 2127 5647 nos

636 5807 748 5877 (5‘?)
782 5808 883 5863 Sed
917 5808 1053 5864 LXX
1088 5812 1281 5867 habent
1314 5810 1606 5881 προσθήσει
1633 5813 1873 5884 ἄλγημα.

2226 4676 2341 4723 τοις
2368 4659 2677 4730 σχολάζειν,
2710 4661 2799 4714 διὰ
2828 4663 2940 4716 τῶν
2983 4663 3244 4719 τοιούτων
3275 4659 3515 4735 άνυψοῦν
3540 4665 3641 4736 τὴν
3667 4684 3806 4736 καρο

2227 4749 2345 4805 δίαν
2367 4751 2460 4804 καὶ
2479 4751 2570 4805 τὸν
2585 4751 2712 4804 νοῦν
2733 4755 2866 4824 πρὸς
2887 4754 2949 4808 τὸ
2972 4755 3358 4826 ἀκατάληπτον
3378 4755 3509 4826 ὕψος
3537 4758 3636 4827 τῆς
3655 4756 3806 4818 θείας

2233 4841 2648 4914 μεγαλωσύνης,
2678 4845 2775 4898 καὶ
2812 4844 2891 4916 τῷ
2922 4847 3110 4900 κάλλει
3138 4847 3231 4901 τοῦ
3285 4847 3473 4901 Ἡλίου
3501 4848 3604 4918 τῆς
3647 4847 3803 4917 δόξης

2231 4933 2662 5002 προσατενίζειν,
2690 4936 2788 4989 καὶ
2803 4939 2922 5000 ταῖς
2948 4938 3161 4991 ἐκεῖθεν
3191 4938 3444 5008 μεθέξεσι
3481 4941 3578 4993 καὶ
3611 4956 3804 5009 μετου-

2231 5022 2370 5086 σίαις
2405 5024 2966 5096 καταλαμπρύνεσθαι
2992 5030 3087 5083 καὶ
3114 5031 3205 5083 τὸν
3225 5031 3378 5094 ἐντὸς
3408 5031 3616 5086 καὶτὸν
3644 5031 3800 5093 ἐκτὸς

2228 5115 2536 5185 ἄνθρωπον,
2573 5120 2670 5172 καὶ
2705 5121 2806 5190 τῆς
2849 5121 3090 5192 ἀρρήτου
3147 5122 3713 5209 δόξηςοκατατρυφᾷν
3742 5124 3802 5174 ἐν

2228 5208 2347 5267 ταῖς
2378 5207 2520 5262 κατὰ
2550 5209 2609 5262 τὸ
2637 5210 2861 5265 δυνατὸν
2887 5211 3025 5283 πρὸς
3058 5212 3229 5282 αὐτὴν
3260 5207 3516 5284 θεωρίαις
3545 5217 3641 5267 καὶ
3663 5231 3798 5282 φαν-

2227 5296 2461 5362 τασίαις,
2495 5301 2588 5352 καὶ
2613 5299 3070 5372 πληροῦσθαιτῆς
3101 5301 3271 5367 ὅντως
3301 5305 3674 5373 ἀνεκλαλήτου
3702 5307 3798 5358 καὶ

2228 5391 2376 5454 θείας
2409 5391 2781 5460 ἀγαλλιάσεως
2805 5410 2820 5425 ο
2847 5395 2935 5447 ἵνα
2966 5395 3042 5464 μὴ
3064 5394 3144 5464 τῷ
3185 5396 3589 5466 Ἐκκλησιαστῇ
3620 5413 3795 5466 παρα-

2232 5483 2473 5552 πλησίως
2495 5487 2605 5548 τοῖς
2629 5485 2970 5556 ἀσυμφόροις
3004 5488 3380 5557 σχολάζοντες,
3403 5490 3483 5551 εἰς
3513 5489 3797 5557 κατάγνω-

2232 5593 2310 5630 σιν
2341 5575 2580 5649 ἔλθωμεν
2641 5578 2832 5649 μικρὸν
2866 5579 3090 5650 ὕστερον
3123 5581 3216 5652 τῆς,
3258 5583 3518 5653 ἀνονήτου
3576 5581 3797 5652 σχολῆς,
