4172 6504
511 397 620 463 799

1630 409 1692 468 S-
1754 410 2135 473 GREGORII
2185 415 2278 475 AG
2288 416 2691 477 RlGENTlNI

3688 421 3795 485 800

514 526 738 580 quoque
787 512 989 569 cohors
1024 529 1404 586 sarpenumero
1444 523 1687 577 Invasit:
1734 526 2098 594 quemadmo-

2218 529 2417 598 ᾗδονῆς.
2443 530 2620 584 Ὅπου
2648 547 2712 599 γε
2740 530 3001 595 πολλάκις
3025 530 3117 585 xal
3147 531 3473 603 νοσημάτων
3490 530 3655 602 ἐσμὸς
3680 535 3795 594 τοῖς

514 600 646 653 dum
676 610 731 655 et
760 601 902 657 Osee
936 606 1052 677 (64)
1092 611 1356 678 propheta
1385 613 1733 683 signiﬁcavit,
1764 632 1888 671 cum
1920 619 2059 673 dixit
2085 637 2098 672 :

442 770 443 779 ξ
526 711 545 744 ι
584 692 650 747 Et
701 694 1129 753 inl'trmabuntttr
1173 701 1228 755 in
1279 707 1606 776 corporibus
1647 708 1761 763 suis
1792 724 1821 763 a
1853 710 2104 765 multitu-

442 790 445 793 ’
517 784 649 840 dine
682 785 1088 845 fornicationis.
1127 812 1146 844 ι

446 872 447 877 “
585 877 727 948 Ergo
761 880 1040 936 damnatis
1072 885 1260 954 utique
1286 888 1749 960 reprehensisque
1784 894 2105 962 occupatio-

517 970 682 1025 nibus
720 987 783 1025 ac
822 975 1021 1028 studiis
1070 977 1208 1038 suis,
1243 982 1618 1049 pronuntiavit
1660 985 1878 1053 sapiens
1914 986 2105 1040 Eccle—

517 1064 715 1119 siastes
750 1081 763 1117 :
803 1084 822 1116 ‹
863 1065 927 1121 Et
946 1083 1074 1122 ecce
1092 1069 1255 1124 etiam
1289 1072 1394 1128 hoc
1420 1079 1670 1141 vanitas;
1713 1095 1731 1127 ι
1770 1092 1892 1131 nam
1927 1079 2058 1133 illud
2088 1095 2102 1133 :

523 1173 543 1206 ι
580 1154 647 1209 Et
676 1172 806 1211 ecce
841 1177 859 1209 ι
894 1174 1172 1229 usurpans
1203 1174 1389 1231 aperte
1418 1165 1681 1233 ostendit,
1725 1176 1845 1236 post
1880 1183 2107 1225 summa:

521 1246 674 1303 illius
731 1250 932 1306 laetitiae
987 1255 1202 1321 cepiam
1244 1270 1465 1310 omnem
1498 1266 1553 1311 et
1603 1260 1929 1327 satietatem,
1980 1277 2105 1317 cum

521 1344 817 1412 vestigium
868 1360 898 1397 a
952 1361 1011 1399 se
1058 1348 1269 1401 nullum
1313 1350 1609 1419 voluptatis
1659 1362 1956 1420 repertum.
1994 1363 2106 1409 tum

520 1432 719 1503 ipsam,
746 1451 868 1505 quae
896 1436 1077 1491 ltetitia
1108 1450 1352 1507 putatur,
1381 1443 1562 1497 omnis
1595 1444 1848 1498 vanitatis
1868 1445 2108 1500 elfeclri-

520 1538 662 1589 cem,
705 1528 1137 1599 stabilitatisque
1172 1542 1453 1602 expertem
1492 1535 1768 1590 inventam
1801 1550 1944 1591 esse.
1998 1539 2108 1592 Ita-

520 1631 629 1684 que
658 1632 854 1673 rursus
889 1619 965 1673 ait
1002 1637 1017 1672 :

2206 622 2470 685 τοιούτοις
2504 622 2850 692 συμ6ἑ6ηκεν
2873 637 2887 653 ⁸
2916 624 3052 693 ὅπερ
3085 624 3460 693 αἰνιττόμενος
3484 623 3579 675 καὶ
3626 623 3788 691 Ὠσηὲ

2206 715 2235 766 ὁ
2269 715 2558 784 προφήτης
2575 714 2709 784 φησί
2727 732 2741 745 -
2774 732 2792 765 t
2825 716 2932 769 Kal
2954 715 3351 785 άσθενήσουσιν
3378 716 3436 767 ἐν
3464 716 3580 778 τοῖς
3607 713 3796 783 σώμα-

2212 823 2297 859 σιν
2332 806 2513 859 αὐτῶν
2544 807 2650 859 ἀπὸ
2677 807 2916 878 πλήθους
2955 808 3231 878 πορνείας.
3276 824 3295 859 ι

2280 897 2702 965 Ἀμέλειτοίνυν
2741 896 3105 966 κατεγνωκὼς
3152 897 3246 950 καὶ
3293 895 3795 966 καταμεμψάμενος

2209 987 2319 1041 τῶν
2351 989 2497 1043 ἰδίων
2537 989 2989 1060 ἐπιτηδευμάτων
3038 990 3134 1043 καὶ
3180 988 3615 1057 σπουδασμάτων
3644 991 3672 1041 ὁ
3704 1005 3797 1040 σο-

2210 1080 2310 1150 φὸς
2346 1080 2799 1151 Ἐκκλησιαστὴς,
2849 1083 2943 1135 καὶ
2974 1082 3179 1153 φήσας,
3223 1099 3243 1132 ‹
3296 1082 3407 1133 Kal
3442 1081 3550 1133 ίδοὺ
3589 1081 3683 1133 καί
3732 1096 3796 1148 γε

2208 1172 2368 1226 τοῦτο
2410 1173 2728 1244 ματαιότηςο
2762 1195 2780 1227 ι
2843 1172 2920 1245 τῷ
2970 1174 3080 1245 γὰρ
3129 1176 3327 1239 εἰπεῖν,
3381 1193 3399 1225 t
3445 1173 3551 1227 Kal
3594 1173 3727 1237 ἰδοὺ,
3772 1192 3793 1225 ι

2212 1264 2496 1336 προδήλως
2535 1267 2831 1336 ἐσήμανεν,
2864 1266 2939 1330 ὡς
2984 1267 3123 1337 μετὰ
3182 1266 3283 1336 τὴν
3332 1264 3650 1335 πλησμονὴν
3703 1265 3800 1318 καὶ

2211 1357 2304 1409 τὸν
2341 1356 2505 1428 κόρον
2537 1360 2638 1429 τῆς
2660 1358 2971 1428 ἀκροτάτης
3020 1357 3362 1429 εὐφροσύνης
3397 1357 3613 1427 ἐκείνης
3643 1357 3799 1409 οὐδὲν

2212 1442 2342 1519 εὗρε
2388 1448 2641 1520 λείψανον
2692 1451 2925 1521 ἠδονῆς’
2963 1449 3079 1504 ἀλλ’
3108 1450 3185 1514 ὡς
3226 1452 3571 1521 ματαιότητα
3614 1451 3800 1503 πᾶσαν

2214 1543 2588 1613 εἰργασμένην
2639 1543 2733 1595 καὶ
2788 1541 3167 1613 παρελθοῦσαν
3196 1542 3295 1614 τὴν
3323 1542 3679 1613 νομισθεῖσαν
3709 1541 3801 1594 εὑ-

2215 1633 2489 1703 φροσύνην
2522 1633 2817 1704 κατείληφε
2840 1649 2853 1663 ⁸
2884 1633 3090 1687 καὶτοῦ
3114 1634 3274 1705 χάριν
3301 1629 3457 1696 αὖθίς
3488 1649 3621 1702 φησι
3642 1648 3653 1660 ·

2058 1766 2085 1837 §
2122 1768 2241 1823 xx.

594 1864 759 1926 Vsus.
801 1872 855 1926 2.
908 1873 1061 1929 Risui
1084 1878 1202 1932 dixi
1243 1881 1747 1949 circumactionem;
1786 1895 1835 1939 et
1862 1885 2109 1941 lwtitite:

2288 1890 2371 1957 Τῷ
2398 1894 2609 1960 γέλωτι
2632 1888 2771 1944 εἶπα
2800 1890 3135 1960 περιφοράν
3159 1905 3174 1920 ·
3199 1889 3299 1943 και
3319 1888 3393 1956 τῇ
3422 1888 3796 1958 εὐφροσύνῃο

524 1956 665 2025 Quid
698 1962 795 2017 ltoc
839 1965 973 2033 facis
1011 1967 1172 2037 (65)?

596 2056 900 2115 Assecutus
934 2063 1158 2131 sapiens
1202 2064 1587 2131 Ecclesiastes,
1622 2084 1786 2138 quam
1821 2071 1994 2125 futilis
2023 2086 2111 2130 res

523 2148 597 2205 sit
622 2151 789 2214 risus,
822 2154 905 2208 vel
954 2156 1137 2223 potius
1166 2168 1428 2226 quantam
1479 2163 1741 2229 peccandi
1792 2166 2105 2233 materiem,

522 2251 897 2314 quantumque
949 2256 1282 2303 aeternorum
1338 2253 1738 2322 suppliciorum
1800 2256 2109 2325 periculum

529 2334 789 2402 importet
812 2377 826 2401 ,
867 2348 1077 2392 mutato
1108 2342 1333 2397 nomine
1360 2346 1656 2413 appellavit
1693 2347 1847 2401 illum
1886 2350 2113 2403 circum-

529 2426 811 2493 actionem,
841 2439 1045 2483 motum
1073 2448 1267 2503 nempe
1298 2436 1648 2506 inaequalem,
1675 2442 2116 2498 conversionem-

525 2534 632 2588 que
664 2521 1051 2590 inordinatam,
1085 2542 1209 2597 quae
1234 2544 1264 2582 a
1314 2530 1511 2584 virtute
1550 2543 1790 2598 revocat,
1843 2535 2111 2590 bonorum

526 2614 981 2683 contemplationi
1033 2619 1400 2685 adversatur,
1447 2638 1661 2685 eorum,
1703 2640 1826 2695 quae
1868 2626 2111 2681 animum

527 2702 760 2760 ridentis
784 2716 839 2761 et
878 2709 1110 2765 deceant
1132 2721 1186 2766 et
1211 2712 1405 2781 juvare
1428 2715 1665 2784 possint,
1692 2732 1851 2772 usuu:
1889 2717 2113 2775 interci-

530 2794 611 2867 pit
640 2796 786 2868 (66).

600 2887 711 2959 40
740 2888 879 2945 Tum
916 2893 1158 2949 laetitiam
1195 2896 1482 2966 increpare
1535 2898 1728 2969 pergit,
1761 2914 1995 2971 eamque
2036 2901 2117 2957 sic

528 2978 884 3052 interpellat:
925 3004 944 3037 ι
993 2986 1135 3054 Quid
1169 2988 1273 3043 hoc
1312 2990 1492 3045 facis?
1528 3010 1547 3041 ι
1584 3001 1845 3062 tanquam
1883 2994 1927 3048 si
1968 2994 2115 3049 dice-

531 3080 653 3127 ret:
699 3072 846 3129 Nihil
888 3085 943 3131 tu
974 3079 1106 3133 mihi
1137 3080 1388 3135 utilitatis
1416 3083 1667 3146 attulisti,
1703 3097 1806 3137 nec
1845 3082 1952 3136 ulla
1985 3098 2115 3151 pro-

531 3164 675 3222 fecto
698 3184 785 3223 me
809 3184 912 3238 ope
937 3171 1003 3224 ad
1038 3173 1257 3226 beatum
1283 3175 1493 3228 exitum
1522 3175 1803 3243 adjuvisti.
1853 3174 1995 3241 Quin
2022 3184 2112 3229 tua

2218 1986 2281 2041 Τί
2306 1986 2485 2040 τοῦτο
2511 1986 2702 2051 ποιεῖς
2718 2001 2737 2049 ;

2283 2080 2357 2132 Τὸ
2406 2078 2501 2132 τοῦ
2554 2079 2792 2148 γέλωτος
2828 2077 3108 2147 ἀνόνητον,
3145 2074 3345 2147 μᾶλλον
3385 2074 3443 2128 δὲ
3506 2077 3799 2145 ποιητικὸν

2213 2171 2523 2243 ἁμαρτίας,
2561 2171 2656 2223 καὶ
2721 2169 2982 2242 πρόξενον
3033 2164 3452 2236 διαιωνιζούσης
3499 2165 3799 2235 καταδίκης

2214 2263 2309 2316 καὶ
2347 2262 2729 2331 κατακρίσεως
2779 2260 3010 2314 συνιδὼν
3052 2261 3081 2312 ὁ
3112 2258 3279 2327 σοφὸς
3339 2256 3797 2328 Ἐκκλησιαστὴς,

2215 2354 2601 2424 ἁντωνόμασεν
2640 2354 2773 2406 αὐτὸ
2799 2351 3130 2421 περιφορὰν
3152 2392 3165 2415 ,
3207 2350 3373 2421 ήγουν
3406 2349 3620 2420 κίνησιν
3655 2349 3799 2403 ἀνώ-

2218 2448 2384 2517 μαλον
2404 2447 2501 2499 καὶ
2526 2445 2829 2517 μεταϐολὴν
2849 2445 3108 2507 ἄτακτον,
3130 2444 3333 2496 ἁποστε
3342 2441 3544 2513 ροῦσαν
3560 2441 3656 2494 τοῦ
3679 2441 3801 2494 κατ’

2215 2540 2417 2612 ἀρετὴν
2448 2542 2900 2610 καταστήματος,
2928 2538 3024 2591 καὶ
3050 2536 3153 2607 τῆς
3178 2534 3415 2606 θεωρίας
3440 2534 3552 2588 τῶν
3576 2534 3799 2603 ἀγαθῶν

2216 2634 2309 2687 καὶ
2341 2633 2536 2703 σχολῆς
2581 2632 2691 2684 τῶν
2725 2630 3079 2701 καθηκόντων
3130 2630 3227 2682 καὶ
3272 2627 3664 2699 συμφερόντων
3703 2626 3801 2696 τὴν

2216 2726 2309 2779 τοῦ
2343 2724 2611 2794 γελῶντος
2636 2724 2839 2794 ψυχήν.

2285 2898 2419 2957 Εἶτα
2455 2904 2551 2957 καὶ
2588 2900 2731 2955 κατὰ
2758 2900 2817 2954 τὸ
2837 2898 3133 2954 ἀκόλουθον
3168 2901 3233 2970 τῇ
3287 2896 3601 2971 εὐφροσύνῃ
3632 2912 3800 2967 προσ-

2216 2993 2553 3064 επετίμησεν
2580 2989 2770 3045 εἰπών’
2800 3009 2817 3042 t
2838 2990 2902 3043 Ti
2935 2988 3095 3043 τοῦτο
3119 2990 3321 3054 ποιεῖς;
3348 3006 3366 3038 ι
3384 2988 3505 3041 ἀντὶ
3539 2985 3663 3051 τοῦ,
3707 3004 3805 3055 pr;-

2215 3087 2305 3141 δὲν
2351 3084 2546 3155 ὄφελος
2575 3082 2917 3155 προξενοῦσα
2948 3099 3062 3149 μοι,
3098 3082 3238 3152 μήτε
3287 3081 3394 3151 μὴν
3441 3077 3804 3132 λυσιτελοῦσα

2220 3178 2357 3250 πρὸς
2410 3177 2472 3230 τὸ
2526 3176 2801 3247 μακάριον
2839 3174 3028 3237 τέλοςο
3058 3174 3174 3226 ἀλλ’
3203 3171 3443 3242 ἔμπαλιν
3502 3170 3796 3239 διαχέουσά

529 3269 697 3325 opera
724 3259 943 3320 evanui,
974 3269 1028 3314 et
1069 3263 1226 3330 quasi
1274 3265 1632 3333 compedibus
1657 3266 1920 3319 astrictus
1966 3279 2112 3329 sum,

2221 3284 2291 3339 με
2321 3268 2417 3321 καὶ
2453 3265 2939 3337 παρεμποδίζουσα
2976 3262 3114 3335 πρὸς
3138 3262 3236 3332 τὴν
3278 3260 3541 3332 ἀληθινὴν
3574 3261 3668 3314 καὶ
3696 3277 3802 3314 σωο

541 3364 611 3403 ne
639 3348 707 3403 iis
732 3366 864 3405 vero
892 3352 1365 3424 saluberrimoque
1406 3358 1638 3412 consilio
1685 3373 1958 3423 vacarem,
1993 3374 2115 3427 quae

536 3437 647 3492 Deo
705 3441 942 3508 placent,
994 3453 1050 3496 et
1096 3444 1307 3499 homini
1346 3449 1708 3502 conveniunt.
1756 3450 1938 3517 Apage
1988 3449 2113 3502 hinc

533 3530 746 3596 procul,
782 3546 848 3584 ne
895 3548 1109 3588 mecum
1161 3539 1400 3592 verseris
1434 3554 1496 3593 ac
1526 3539 1702 3602 vivas,
1749 3548 1803 3593 et
1826 3556 1892 3593 ne
1922 3540 2111 3593 redeas

538 3620 594 3674 in
623 3631 923 3687 posterum.
951 3624 1243 3698 Nunquam
1261 3630 1405 3684 enim
1440 3633 1570 3686 mihi
1592 3634 1648 3687 in
1676 3635 1879 3703 optatis
1912 3632 2115 3687 adven-

537 3722 623 3768 tus
651 3726 1015 3789 aspectusque
1060 3722 1166 3775 erit
1214 3732 1368 3787 tuus,
1410 3739 1739 3796 semperque
1787 3726 1995 3780 inutilis
2021 3725 2117 3777 ha-

537 3807 770 3875 bebitur,
803 3827 925 3865 cum
952 3814 1150 3868 malum
1190 3816 1255 3869 ad
1288 3817 1492 3872 exitum
1528 3834 1614 3874 me
1636 3820 1953 3889 compellas.
1989 3815 2119 3869 Pro-

538 3909 720 3971 pterea
757 3905 1020 3975 subjecit:

2218 3358 2662 3431 τηριωδεστάτην
2694 3356 2891 3425 σχολὴν
2919 3355 3029 3407 τῶν
3075 3352 3416 3408 ἁνδανόντων
3457 3352 3536 3421 τῷ
3562 3351 3682 3421 Θεῷ
3711 3352 3805 3403 καὶ

2222 3449 2776 3522 προσοικειουμένων.
2826 3447 2893 3499 Τί
2926 3446 3090 3500 τοῦτο
3136 3447 3350 3511 ποιεῖςς
3388 3445 3582 3498 ’Δπιθι
3615 3446 3806 3517 πόρρω

2221 3543 2321 3612 τῆς
2361 3542 2501 3612 ἐμῆς
2536 3541 2928 3603 καταστάσεως
2962 3538 3057 3593 καὶ
3084 3538 3253 3611 ζωῆς,
3283 3538 3483 3610 μηκέτι
3521 3556 3612 3610 μοι
3643 3556 3831 3609 προσ-ν

2224 3634 2490 3702 πελάσῃς.
2523 3632 2914 3701 Ἀπροαίρετον
2931 3633 3042 3701 γάρ
3066 3630 3176 3701 ἔχω
3199 3630 3294 3684 καὶ
3325 3629 3606 3693 παντελῶς
3629 3630 3806 3699 ἀσύμ-

2226 3741 2389 3794 φορον
2428 3723 2526 3795 τὴν
2557 3723 2657 3792 σὴν
2679 3720 2863 3793 ἄφιξιν
2896 3723 2988 3775 καὶ
3014 3722 3344 3793 παρουσίαν,
3366 3722 3442 3785 ὡς
3472 3722 3611 3792 πρὸς
3637 3734 3805 3791 πονη-

2228 3817 2319 3886 ρὸν
2352 3815 2527 3887 πέρας
2554 3831 2623 3886 με
2652 3812 3019 3869 συνωθοῦσαν.
3044 3814 3135 3868 Διὸ
3162 3815 3259 3868 καὶ
3291 3816 3545 3885 ἐπήγαγε
3571 3831 3583 3844 ·

2062 4004 2088 4075 §
2118 3997 2257 4056 XXI.

606 4107 774 4165 Vens.
796 4112 848 4166 5.
876 4111 945 4166 Et
971 4114 1324 4178 comideravi,
1366 4133 1412 4170 st
1440 4134 1531 4170 cor
1566 4134 1741 4171 meum
1778 4116 1951 4169 trahet
1982 4124 2107 4167 tan-

536 4218 695 4270 quam
728 4203 905 4256 vinum
927 4219 1135 4260 carnem
1168 4224 1340 4261 meam
1369 4222 1388 4262 :
1418 4220 1465 4261 et
1487 4225 1579 4261 eor
1601 4224 1776 4263 meum
1800 4209 2022 4262 deduxit
2054 4207 2113 4259 in

609 4333 720 4416 (64)
749 4333 962 4416 ldnvero
996 4338 1344 4416 μνημονικὸν.
1364 4339 1672 4410 ἁμάρτημα
1702 4349 1789 4395 est
1822 4357 1838 4416 :_
1867 4339 2106 4402 hahum,

539 4404 757 4479 opinor,
779 4404 961 4479 dicere
992 4404 1180 4468 voluit,
1207 4410 1349 4476 apud
1406 4404 1957 4477 quein"senteutiam,
1988 4426 2110 4479 qua

2288 4109 2397 4165 Kal
2418 4108 2905 4185 κατεσκεψάμην,
2933 4110 2983 4163 εί
3012 4109 3049 4176 ἡ
3076 4108 3289 4179 καρδία
3308 4126 3427 4177 μου
3455 4109 3704 4162 ἐλκύσει
3722 4108 3801 4173 ὡς

2224 4199 2393 4257 οἶνον
2413 4200 2528 4268 τὴν
2554 4200 2755 4268 σάρκα
2785 4218 2927 4270 μου,
2954 4201 3053 4255 καὶ
3076 4200 3293 4269 καρδία
3340 4218 3451 4255 ’λου
3481 4200 3799 4271 ὡδήγησεν

2212 4337 2494 4409 γύμνωσις
2515 4337 2750 4390 ὀδόντων
2770 4354 2830 4409 τε
2856 4338 2953 4390 καὶ
2987 4337 3162 4409 οὔλων
3195 4338 3295 4391 καὶ
3326 4338 3606 4408 ὑπερῴας,
3635 4339 3797 4409 αὐχέ-

2211 4425 2302 4471 νος
2334 4424 2393 4459 τε
2420 4408 2724 4492 Iovio-uol,-
2742 4407 3393 4492 xal'tpwvﬁqfrapa'titoyo;
3418 4407 3617 4492 θρύψις
3671 4407 3796 4492 συν-

541 4476 811 4549 εθιιυὶῑιις,
848 4476 991 4549 leges
1020 4492 1070 4531 c.
1099 4492 1179 4538 tu,
1203 4479 1235 4545 ᾖν
1263 4480 1316 4542 5,
1346 4476 1571 4535 totidem
1590 4482 1750 4549 plane
1770 4481 1969 4535 verbis.
1996 4476 2113 4534 Cae-

2218 4478 2628 4549 επικοπτομένη
2662 4480 2730 4547 τῇ
2768 4477 2963 4549 κλάσει
3000 4478 3095 4530 τοῦ
3110 4476 3547 4549 πνεύματοςμτί
3577 4478 3644 4549 a3
3671 4481 3799 4535 ἄλλο

542 4556 717 4634 terum
745 4543 899 4629 gseae
926 4547 1017 4599 illa
1063 4543 1307 4634 sunt,‘
1340 4550 1397 4602 δὲ
1443 4543 1665 4613 ὰσεὸἑῖς
1717 4549 2111 4634 ἀσθενήσουσιν

2218 4550 2304 4634 εἴη
2326 4543 2507 4634 τοῦντο,
2549 4543 2835 4634 (ρἰιγσὶξκα)ἒ
2860 4548 2922 4600 οὑ
2947 4549 3229 4634 παράνοια
3248 4543 3265 4612 ξ
3282 4548 3388 4634 Aid
3408 4566 3567 4630 φησι,
3708 4550 3800 4618 γέ-

543 4618 601 4667 ὲν
625 4616 832 4677 αὐτοῖς,
891 4629 942 4669 c.
976 4632 1091 4687 inv,
1119 4617 1173 4682 ᾖ.
1208 4618 1311 4684 10;
1341 4636 1463 4687 qua:
1516 4630 1696 4674 tamen
1748 4616 1939 4674 eodem
1974 4621 2117 4673 trahi

546 4701 651 4760 non
686 4693 937 4760 possunt.
967 4686 1059 4760 Sic
1113 4688 1169 4760 in
1213 4686 1446 4760 Matthxi
1506 4690 1799 4760 Evangelio
1826 4705 1949 4756 cap.
1986 4706 2118 4748 χιιι.

545 4757 596 4837 ξ’.
618 4757 673 4819 9,
697 4769 797 4837 pro
814 4755 1135 4836 Zachariam
1161 4757 1387 4827 legimus
1412 4755 1732 4825 Jeremiafn,
1757 4761 1836 4815 sic
1867 4755 1972 4813 alia
1993 4761 2121 4813 alibi

544 4827 829 4901 immutata
852 4827 1175 4901 accepimus
1212 4847 1236 4901 :_
1259 4845 1493 4897 quorum
1526 4839 1710 4885 tamen
1762 4845 1960 4901 magna
1997 4846 2122 4899 pars

545 4897 743 4952 menda
777 4896 1126 4950 librariorum
1153 4896 1400 4953 habenda
1425 4910 1572 4955 sunt.

614 4966 963 5040 (65)0lymp.
1017 4968 1095 5037 τῷ
1123 4968 1321 5037 γέλωτι
1373 4967 1526 5023 εἷπον
1587 4973 1960 5040 περιφοράν...
2002 4986 2125 5040 qua:

543 5038 805 5163 natamus
830 5039 883 5092 in
925 5042 1189 5108 praeclara
1220 5042 1313 5096 illa
1340 5057 1439 5096 sua
1483 5038 1811 5111 Paraphrasi
1840 5042 1919 5097 sic
1961 5038 2122 5097 extu-

566 5126 582 5163 ι
639 5125 654 5163 :

566 5111 654 5163 it:

656 5179 849 5250 Τόφρα
904 5182 1096 5252 γέλως
1124 5181 1260 5251 παρ’
1289 5182 1419 5251 ἐμοὶ
1474 5182 1670 5249 ἀπάτη
1726 5181 1940 5249 κέκριτ⁹
1966 5184 2123 5237 ἅντι-

1597 5252 1770 5323 ίκρυς
1810 5253 2013 5320 ἐμμενο

649 5324 916 5393 Χάρματί
944 5325 992 5376 τ’
1014 5321 1175 5377 εἶπαο
1216 5324 1317 5390 Τίη
1348 5323 1467 5377 νῦν
1494 5338 1568 5377 σε
1599 5321 1805 5392 μάτην
1826 5324 2122 5391 ἀπαρεῖςπ

618 5394 729 5464 (66)
758 5396 1038 5466 Περιφορα
1059 5396 1189 5464 quid
1221 5398 1323 5449 hoc
1350 5396 1468 5449 loco
1495 5394 1786 5466 signiﬁcet.
1828 5395 1987 5460 paulo
2019 5396 2121 5448 ali-

546 5473 631 5535 ter
658 5465 912 5532 exposUit
947 5466 1226 5533 Nyssenus
1253 5482 1268 5531 ;
1298 5467 1374 5518 ait
1420 5465 1564 5518 enim
1594 5484 1606 5518 :
1649 5465 1754 5535 Kal
1812 5466 2123 5535 περιφορὰν

488 5585 492 5588 .
547 5533 809 5603 ὀνομάζει
844 5538 910 5588 τὸ
937 5536 1129 5598 πάθος,
1165 5538 1305 5603 ὅπερ
1338 5536 1455 5588 ἴσον
1486 5536 1601 5588 ἐστὶ
1626 5534 1766 5588 κατὰ
1785 5533 2030 5588 διάνοιαν
2054 5539 2120 5605 τῇ

549 5607 850 5677 παραφορᾷ
880 5624 939 5659 τε
978 5608 1070 5658 καὶ
1102 5607 1374 5676 παρανοίᾳ
1394 5622 1406 5634 ·
1444 5606 1498 5657 εἴ
1519 5623 1572 5657 τι
1607 5608 1714 5677 γάρ
1735 5604 1863 5657 ἄλλο
1894 5622 1978 5666 τις
2008 5604 2123 5658 dvo;

553 5676 751 5742 μάσειε
792 5676 997 5747 κυρίως
1022 5677 1114 5728 τὸν
1139 5676 1375 5745 γέλωτα,
1406 5676 1434 5728 ὃ
1471 5677 1610 5747 μήτε
1640 5676 1798 5743 λόγος
1838 5677 1955 5747 ἐστί
1985 5678 2121 5747 μήτε

551 5747 717 5813 ἔργον
744 5748 834 5797 ὲπί
871 5745 995 5798 τινι
1046 5748 1233 5815 σκοπῷ
1286 5745 1756 5815 κατορθούμενον;
1788 5745 2044 5808 Διάλυσις
2066 5745 2121 5798 δὲ

557 5817 828 5882 στόματος
856 5817 1132 5885 ἀπρεπὴς,
1166 5818 1261 5869 καὶ
1293 5820 1607 5883 πνεύματος
1658 5816 1845 5879 κλόνος
1874 5817 1966 5868 καὶ
1998 5816 2123 5885 βρα-

557 5886 693 5958 σμδς
727 5886 847 5941 ὅλου
867 5886 959 5939 τοῦ
996 5887 1241 5959 σώματος
1285 5888 1378 5941 καὶ
1408 5886 1660 5957 διαστολὴ
1710 5886 1974 5957 παρειῶν,
2032 5889 2124 5940 καὶ

2224 4614 2355 4671 λωτι
2382 4614 2513 4671 εἶπα
2547 4614 2901 4689 παραφορὰν,
2953 4614 3042 4680 ὡς’
3065 4619 3132 4671 ἂν
3182 4620 3230 4672 εἰ
3279 4614 3437 4685 ἑλεγέ
3465 4614 3543 4689 τῷ
3576 4614 3795 4686 γέλωτι,

2225 4689 2407 4759 Μαίνῃ
2444 4690 2539 4741 καὶ
2569 4688 2989 4758 παρεξέστηκας
3037 4690 3130 4741 καὶ
3181 4693 3280 4741 οὐκ
3327 4689 3479 4752 ἐντὸς
3517 4688 3615 4743 τοῦ
3665 4692 3802 4743 καθ-

2225 4761 2456 4821 εστῶτος
2483 4760 2957 4830 μένεις,ὲκουσίως
2982 4760 3332 4827 ἀσχημονῶν,
3348 4762 3441 4812 καὶ
3456 4761 3799 4830 διαστρέφων

2224 4832 2282 4881 ἐν
2307 4830 2384 4899 τῷ
2408 4825 2576 4901 πάθει
2607 4830 2669 4901 τδ
2704 4825 2866 4901 εἶδος,
2905 4830 3007 4901 ἐπί
3050 4825 3515 4901 ὸύδενὶηχρησίμῳ
3546 4825 3646 4901 τὴν
3681 4825 3797 4884 δια-

2227 4898 2465 4971 στροφὴν
2512 4899 2905 4971 ἐργαζόμενον.
2959 4898 3013 4953 Id
3052 4910 3156 4965 est,
3213 4898 3309 4953 Et,
3339 4898 3799 4955 cireuinac‘tionem

2226 4970 2465 5023 mat-bunt
2497 4970 2654 5023 illum
2688 4971 2939 5039 appellat,
2967 4970 3105 5039 quod
3141 4988 3297 5024 sensu
3328 4972 3467 5024 idem
3495 4984 3573 5024 est
3602 4989 3666 5025 ac
3710 4975 3800 5025 de-

2196 5041 2410 5092 'lirium
2444 5050 2490 5093 et
2516 5041 2751 5093 amentia
2784 5055 2803 5093 :
2831 5042 3090 5111 siquidem
3128 5042 3205 5093 nil
3237 5041 3386 5094 aliud
3441 5043 3559 5111 quis
3589 5046 3799 5111 proprie

2226 5112 2393 5164 risum
2426 5111 2795 5179 appellaverit,
2825 5128 2983 5178 quant
3001 5126 3132 5177 rem,
3160 5128 3278 5180 qua:
3306 5129 3466 5181 neque
3494 5116 3670 5165 oratio
3701 5124 3798 5177 est,

2226 5198 2388 5251 neque
2414 5198 2540 5249 opus
2560 5187 2805 5239 consulto,
2829 5192 3149 5251 susceptum.
3177 5182 3298 5235 Oris
3325 5195 3497 5236 autem
3523 5182 3800 5237 indecorus

2224 5252 2403 5304 hiatus
2431 5264 2475 5305 et
2502 5252 2771 5304 anhelatio
2797 5262 2953 5319 atque
3010 5254 3171 5305 totius
3227 5254 3462 5319 corporis
3505 5256 3800 5315 concussio,

2226 5333 2335 5374 tum
2361 5338 2611 5389 genarum
2641 5321 2974 5375 diductiones
2996 5333 3045 5376 et
3087 5323 3322 5375 dentium
3367 5326 3803 5393 gingivarumque

2226 5409 2287 5444 ac
2308 5393 2478 5461 palati
2508 5396 2757 5455 ostensio,
2794 5403 2843 5445 et
2870 5392 2993 5445 colli
3023 5394 3192 5462 ﬂexus
3222 5404 3269 5445 et
3319 5397 3457 5447 vocis
3480 5392 3801 5462 interruptio

2224 5466 2607 5534 inexspectata,
2672 5467 3011 5531 qualractus
3068 5464 3291 5530 spiritus
3348 5465 3647 5526 colliditur,
3674 5466 3800 5534 quid

2228 5533 2398 5603 aliud,
2429 5535 2620 5599 inquit.
2649 5536 2745 5585 hac
2790 5534 2883 5596 sit,
2916 5536 3020 5587 nisi
3060 5538 3292 5593 amentia
3319 5538 3341 5591 ?
3392 5546 3668 5603 propterea
3689 5533 3799 5596 ait,

2225 5602 2380 5657 Risui
2402 5604 2513 5657 dixi
2548 5604 2801 5657 delirium
2829 5604 3043 5672 perinde
3064 5622 3126 5656 ac
3154 5608 3199 5657 si
3222 5604 3415 5658 diceret
3439 5602 3571 5659 risui
3596 5622 3615 5659 :
3639 5606 3800 5658 Insa-

2225 5692 2321 5726 nus
2351 5691 2426 5732 es.
2455 5685 2504 5728 et
2533 5684 2718 5728 emota:
2742 5675 2947 5735 mentis,
2981 5692 3143 5743 neque
3161 5692 3338 5728 manes
3366 5677 3510 5728 intra
3540 5678 3798 5729 constitu-

2225 5755 2303 5798 tos
2336 5746 2487 5811 ﬁnes,
2520 5745 2767 5798 decorum
2796 5756 2978 5813 sponte
3016 5763 3118 5797 non
3153 5763 3389 5804 servans,
3443 5764 3505 5799 ac
3566 5747 3795 5815 formam

2224 5818 2278 5868 in
2306 5816 2498 5883 affectu
2522 5826 2836 5881 pervertens.
2871 5832 2988 5885 qua?
3019 5818 3301 5869 immutata
3349 5816 3553 5870 nullam
3600 5816 3796 5885 alferat

2225 5887 2533 5940 utilitatem.
2562 5885 2783 5957 (llotnil.
2814 5886 2849 5939 2
2882 5904 2933 5941 tn
2966 5887 3189 5956 Ecele.).
