4172 6544
408 379 510 444 905
1502 378 1582 438 1N
1619 379 2201 440 ECCLESIASTEN.
2238 405 2303 421 -
2340 382 2486 443 LIB.
2532 383 2609 442 II.
3560 384 3668 450 ευδ

405 498 633 569 σαλήμ.
670 498 1023 567 Συνήγαγόν
1049 514 1151 565 μοι
1184 496 1282 550 καί
1307 512 1369 564 γε
1420 496 1706 565 ἀργύριον
1753 497 1857 549 καί
1917 514 1982 565 γε

2087 511 2226 557 rum,
2253 497 2354 565 feci
2373 498 2503 552 mihi
2525 508 2770 553 cantores
2802 511 2849 552 et
2873 502 3193 556 cantatrices
3219 512 3266 556 et
3284 490 3503 557 delicias
3526 503 3669 572 [ilio-

404 592 665 659 νρυσίον
702 592 804 646 καὶ
841 587 1354 658 περιουσιασμοὺς
1377 587 1688 651 ,ϐασιλέων
1717 590 1816 640 καί
1856 586 1976 640 τῶν

2084 602 2201 639 rum
2217 588 2467 654 hominis,
2482 591 2589 644 vini
2614 593 2886 646 ministros
2904 602 2952 647 et
2971 595 3264 649 ministras.
3288 594 3341 649 Μ
3349 596 3668 666 agniﬁcatus

403 682 630 751 χωρῶν,
662 681 925 750 ἐποίησά
962 700 1063 751 μοι
1091 680 1351 748 ᾅδοντας
1410 680 1510 733 καί
1564 680 1834 747 ᾀδούσας
1878 678 1975 731 καί

2085 694 2201 731 sum
2243 688 2291 731 et
2324 681 2496 749 adjeci
2533 699 2691 753 super
2732 701 2932 750 omnes,
2980 686 3071 755 qui
3101 687 3314 755 fuerunt
3350 698 3471 743 ante
3503 705 3584 743 me
3612 691 3669 743 in

402 773 827 843 ἑντρυςρήματη
857 770 1003 826 υίῶν
1025 771 1133 825 τοῦ
1172 768 1513 838 ἀνθρώπου,
1545 770 1862 837 οἰνοχόους
1879 766 1976 820 καὶ

2082 767 2378 825 Jerusalem
2405 788 2422 825 :
2449 782 2499 827 et
2527 775 2737 843 quidem
2768 778 3033 845 sapientia
3054 795 3169 832 mea
3193 780 3513 833 astititmilu'
3532 779 3665 851 (70).

400 867 704 936 οἰνοχόας.
772 865 1220 935 Ἐμεγαλύνθην
1277 864 1375 917 καὶ
1413 861 1763 930 προσέθηκα
1821 860 1982 931 παρὰ
2021 861 2255 929 πάντας
2289 863 2434 931 τοὺς
2497 866 2860 936 γενομένους
2925 870 3267 938 ἔμπροσθέν
3302 888 3421 941 μου
3452 872 3522 928 ἐν
3558 872 3666 927 ⁹1ε.

400 957 723 1026 ρουσαλήμ
748 974 761 986 υ
793 956 894 1010 καί
918 972 985 1025 τε
1013 956 1200 1025 σοφία
1225 973 1345 1025 μου
1379 952 1607 1022 ἐστάθη
1626 969 1750 1022 μοι.

472 1048 566 1119 Τῷ
593 1050 693 1119 τῆς
720 1048 1063 1119 εὐφροσύνης
1101 1047 1179 1110 ὡς
1225 1045 1430 1115 γενικῷ
1466 1045 1817 1116 χρησάμενος
1866 1044 1983 1097 ὀνό-

405 1158 539 1209 ματι
580 1139 870 1210 πρότερον,
903 1139 1086 1191 πᾶσαν
1133 1138 1234 1206 τὴν
1288 1134 1635 1207 ἀνθρωπίνην
1694 1134 1983 1205 εὐετηρίαν

399 1232 472 1284 δι’
505 1230 677 1299 αὐτῆς
705 1228 1056 1297 κατεσήμανε
1078 1244 1091 1256 ·
1144 1226 1237 1279 νῦν
1258 1225 1315 1278 δὲ
1342 1226 1466 1278 κατ’
1494 1219 1632 1287 εἶδος
1674 1222 1984 1289 ἰδιαζόντως

401 1318 551 1373 κατὰ
575 1319 843 1389 διαίρεσιν
858 1317 1087 1369 ἕκαστον
1103 1315 1216 1367 τῶν
1234 1314 1325 1367 ὑπ’
1342 1314 1514 1382 αὐτὴν
1526 1311 1825 1366 τελούντων
1842 1329 1978 1366 κατ-

400 1409 663 1482 ονομάζει
695 1407 882 1477 σαφῶς
915 1407 1012 1460 κα)⁹
1037 1405 1293 1472 διέξεισιν
1314 1446 1329 1469 ,
1360 1407 1450 1457 ἵνα
1494 1404 1569 1475 μὴ
1605 1404 1736 1477 δόξῃ
1762 1403 1981 1472 κόμπου

403 1504 567 1577 χάριν
598 1500 793 1556 ἑαυτοῦ
823 1497 1281 1568 καταψεύδεσθαι,
1313 1498 1406 1550 καὶ
1459 1496 1724 1568 μηδαμῶς
1749 1496 1843 1549 ἐπὶ
1876 1495 1985 1548 τῶν

403 1597 786 1667 ὑποκειμένων
833 1592 1181 1665 πραγμάτων
1231 1592 1414 1663 πάσης
1453 1590 1864 1660 ἀπολαυστικῆς
1893 1591 1988 1642 καὶ

405 1692 695 1762 θελκτικῆς
722 1687 1125 1751 ἐπιτηδεύσεως
1158 1684 1257 1756 τὴν
1318 1686 1515 1752 πεῖραν
1560 1682 1754 1736 ’λαϐεῖν
1782 1699 1796 1715 ·
1847 1681 1984 1735 ἀλλά

404 1786 599 1855 λόγους
678 1780 987 1853 προτείνειν
1046 1778 1393 1848 πραγμάτων
1446 1774 1662 1837 κενούς.
1722 1773 1983 1827 Βούλεται

2163 1040 2388 1095 Laetitiae
2435 1043 2658 1096 nomine
2710 1052 2968 1113 tanquam
3015 1047 3257 1115 generali
3310 1056 3469 1104 antea
3510 1064 3663 1116 usus,

2092 1132 2407 1187 universam
2439 1133 2681 1189 hominis
2720 1135 3140 1204 prosperitatem
3181 1140 3545 1208 appellatione
3575 1142 3663 1198 illa

2088 1224 2417 1294 designavit.
2452 1224 2571 1280 Jam
2604 1242 2701 1297 per
2730 1237 2914 1297 partes
2944 1232 3236 1299 separatim
3271 1231 3510 1302 singula,
3545 1249 3667 1305 qua:

2088 1330 2261 1385 genus
2283 1316 2686 1386 complectitur,
2721 1318 3154 1375 discriminando
3184 1321 3331 1376 clare
3352 1322 3667 1380 denominat

2088 1414 2143 1458 et
2177 1406 2428 1475 pertexit,
2480 1422 2548 1462 ne
2573 1407 2837 1476 jactantia
2875 1411 3109 1480 quadam
3160 1412 3228 1465 de
3257 1427 3317 1466 se
3368 1414 3483 1483 ipse
3514 1410 3665 1471 men-

2088 1497 2201 1563 tiri,
2235 1506 2287 1551 et
2315 1499 2464 1551 nulla
2498 1514 2685 1554 earum
2717 1516 2923 1567 rerum,
2963 1518 3083 1573 quae
3113 1503 3180 1558 ad
3215 1505 3519 1576 voluptaria
3543 1524 3665 1563 om-

2086 1590 2172 1645 nis
2216 1592 2430 1659 generis
2479 1594 2653 1647 studia
2691 1595 2983 1663 pertinent,
3024 1597 3362 1665 experientia
3411 1599 3663 1664 edoctus,

2087 1695 2370 1737 sermones
2426 1698 2607 1739 rerum
2666 1700 2869 1740 vacuos
2914 1685 3161 1756 proferre
3204 1686 3473 1745 videatur.
3530 1687 3661 1745 Illud

2085 1776 2231 1828 enim
2264 1775 2351 1840 iis,
2383 1776 2472 1845 qui
2526 1776 2592 1829 ad
2630 1776 2826 1831 librum
2875 1778 3019 1834 hunc
3064 1778 3348 1849 legendum
3382 1797 3443 1838 se
3474 1781 3665 1838 confe-

402 1884 514 1952 γὰρ
564 1874 943 1932 πιστώσασθαι
982 1874 1193 1936 πάντας
1238 1872 1365 1935 τοὺς
1421 1869 1842 1940 ἐντευξομένους
1902 1867 1980 1937 τῷ

2084 1876 2224 1933 rent,
2262 1869 2517 1925 omnibus
2541 1871 2869 1926 conﬁrmare
2900 1871 3035 1937 vult,
3067 1889 3126 1928 se
3169 1874 3391 1944 quidem
3424 1875 3474 1929 in
3502 1876 3663 1932 volu-

404 1970 636 2043 παρόντι
671 1965 1037 2037 συντάγματι,
1067 1962 1156 2016 διά
1187 1962 1371 2030 πάσης
1401 1960 1594 2031 ἡδονῆς
1624 1958 1721 2011 καὶ
1767 1956 1981 2028 ῥᾳστώ-

402 2079 502 2131 νης
528 2059 768 2130 δαψιλῶς
804 2060 899 2111 καὶ
934 2053 1244 2117 πολυτελῶς
1282 2049 1730 2115 πολιτεύσασθαι,
1762 2048 1856 2101 καὶ
1877 2064 1978 2101 κα-

402 2155 751 2224 τατρυφῆσαι
788 2149 899 2211 τῶν,
947 2147 1214 2218 ὲμπαοῶν
1268 2145 1367 2200 καὶ
1407 2142 1689 2214 σαρκικῶν
1743 2140 1975 2210 ἡδονῶν·

401 2246 543 2299 ἀλλά
582 2242 748 2314 μηδὲν
774 2237 1078 2295 ἀπόνασθαι
1112 2236 1338 2302 τούτων,
1377 2236 1515 2307 μήτε
1551 2235 1658 2305 μὴν
1707 2232 1978 2295 λυσιτελές

399 2356 454 2390 τι
488 2336 664 2405 πέρας
700 2334 925 2405 εὐρεῖν⁰
959 2330 1077 2385 ἀλλ’
1107 2330 1167 2383 ὲν
1202 2327 1530 2400 ματαιότητι
1554 2324 1978 2397 προσαναλῶσαι

399 2430 498 2502 τὴν
532 2428 671 2482 ἰδίαν
724 2426 889 2497 ζωὴν,
923 2425 1012 2494 ἐφ’
1057 2417 1102 2493 ᾧ
1152 2419 1388 2493 χρονικῷ
1443 2419 1773 2490 διαστήματι
1818 2434 1976 2489 περι-

400 2521 739 2575 σπούδαστον
771 2518 960 2591 ἡγεῖτο
983 2516 1083 2579 τάς
1112 2511 1592 2585 σαρκικάςήδονάς
1618 2510 1818 2565 καὶτὸν
1840 2511 1977 2564 ἀπο-

398 2614 691 2669 λαυστικὸν
745 2612 840 2666 καὶ
900 2609 1250 2680 δουλοπρεπῆ
1307 2606 1458 2676 βίον
1527 2604 1616 2659 ἵνα
1668 2603 1835 2677 πείσῃ
1881 2603 1978 2657 καὶ

402 2707 614 2768 πάντας
643 2704 771 2766 τοὺς
800 2688 1303 2774 μεταγενεστέρους
1337 2695 1581 2767 φευκτὴν
1607 2692 1859 2766 ἡγεῖσθαι
1881 2692 1977 2747 καὶ

402 2796 682 2868 στυγητὴν
712 2794 811 2866 τὴν
843 2794 936 2847 ὑπ’
972 2791 1138 2846 αὐτοῦ
1171 2790 1623 2861 διαγραφομένην
1655 2786 1750 2841 καὶ
1803 2803 1976 2856 χαρα-

400 2887 805 2960 κτηριζομὲνην
840 2883 987 2956 ζωὴν
1019 2883 1112 2936 καὶ
1144 2880 1425 2935 πολιτείαν
1461 2878 1537 2943 ὡς
1567 2876 1824 2949 πρόξενον
1854 2875 1979 2929 πολ-

400 2980 499 3051 λῆς
526 2978 865 3048 ἀθλιότητος.

474 3071 835 3142 Κωμῳδήσας
866 3068 976 3140 γὰρ
1006 3072 1100 3122 καὶ
1156 3064 1423 3136 διασύρας
1472 3065 1568 3118 καὶ
1620 3063 1979 3135 στηλιτεύσας

2082 1966 2227 2028 ptate
2255 1960 2494 2029 qualibet
2528 1972 2692 2032 atque
2725 1962 2937 2018 desidia
2972 1964 3197 2034 opipare
3231 1974 3664 2039 sumptuoseque

2080 2066 2202 2105 esse
2225 2060 2526 2115 versatum,
2568 2061 2622 2106 ct
2655 2054 2903 2123 corporis
2949 2055 3341 2124 cupiditatibus
3374 2057 3521 2127 large
3561 2056 3660 2113 ad-

2082 2144 2304 2199 modum
2337 2144 2632 2199 indulsisse
2665 2164 2678 2195 :
2712 2154 2768 2199 at
2796 2147 2930 2201 nihil
2961 2147 3089 2203 inde
3113 2148 3385 2203 commodi
3419 2148 3531 2221 44
3555 2149 3662 2205 sibi

2080 2244 2323 2308 partum,
2355 2252 2457 2292 nec
2490 2238 2638 2291 illum
2675 2237 2730 2293 in
2762 2238 2909 2294 exitu
2954 2242 3337 2311 compendium
3371 2242 3613 2298 oblatum
3642 2258 3658 2297 :

2080 2334 2140 2381 ut
2188 2328 2378 2382 tandiu
2430 2336 2642 2382 aetatem
2701 2343 2854 2383 suam
2918 2330 2971 2384 in
3026 2332 3263 2386 vanitate
3318 2334 3661 2398 contriverlt,

2077 2419 2321 2488 quandiu
2365 2420 2612 2489 corporis
2653 2421 2961 2490 voluptates
3002 2430 3057 2477 et
3121 2424 3448 2480 desidiosam
3490 2427 3662 2482 servi-

2078 2511 2296 2582 lemque
2325 2512 2491 2567 vitam
2525 2528 2714 2569 amore
2746 2523 2801 2570 et
2829 2515 3015 2571 studio
3040 2516 3261 2587 dignam
3294 2518 3516 2587 putarit.
3542 2518 3662 2586 Quo

2078 2605 2320 2675 denique
2353 2615 2409 2661 et
2457 2607 2696 2677 posteris
2736 2609 2991 2664 omnibus
3031 2610 3375 2678 persuadeat,
3410 2619 3472 2666 ut
3512 2613 3658 2681 quod

2080 2696 2196 2766 ipse
2220 2697 2343 2751 vita:
2362 2710 2534 2767 genus
2557 2696 2818 2752 describit
2843 2706 3007 2767 atque
3028 2707 3201 2761 notat,
3231 2707 3492 2769 tanquam
3515 2701 3658 2756 mulo

2080 2794 2259 2840 tarum
2290 2801 2663 2841 aerumnarum
2708 2786 2939 2854 fontem,
2972 2787 3100 2859 fuga
3150 2789 3385 2859 odioque
3434 2791 3660 2848 omnino

2078 2878 2303 2949 dignum
2334 2877 2688 2934 arbitrentur.

2153 3056 2244 3112 Sic
2272 3058 2416 3113 enim
2447 3058 2930 3127 praesumptionem
2959 3057 3051 3113 ille
3079 3074 3255 3125 suam,
3286 3060 3485 3130 quibus
3517 3070 3656 3117 tem-

401 3165 503 3234 τὴν
536 3164 676 3217 ἰδίαν
711 3160 1039 3232 προαίρεσιν
1088 3159 1166 3222 ὡς
1219 3156 1618 3229 ἀπειροκαλίας
1668 3154 1980 3227 εὑρεθεῖσαν

2084 3148 2312 3219 paribus
2340 3165 2521 3220 pravae
2545 3149 2809 3219 voluptati
2839 3149 3085 3216 adhaesit,
3119 3150 3392 3221 vitamque
3421 3167 3577 3207 suam
3600 3152 3652 3207 in

404 3257 730 3326 ἀνάμεστον,
772 3257 832 3309 ὲν
892 3248 973 3317 οἷς
1029 3253 1244 3324 καιροῖς
1298 3251 1428 3321 περὶ
1470 3249 1572 3313 τὰς
1621 3248 1982 3318 φαυλοποιοὺς

406 3350 599 3421 ἡδονάς
636 3351 731 3403 καὶ
782 3347 998 3419 τρυφὰς
1049 3346 1140 3399 τὸν
1188 3342 1383 3397 ἑαυτοῦ
1436 3342 1790 3412 κατηνάλωσε
1844 3338 1979 3410 βίον,

406 3443 713 3514 εἰσηγεῖται
773 3439 1095 3510 διαρρήδην,
1151 3432 1265 3490 οἷόν
1321 3452 1406 3497 τις
1460 3434 1982 3505 μεγαλοφωνότατος

405 3534 607 3608 κῆρυξ,
635 3531 714 3604 τῷ
742 3530 862 3585 καθ’
895 3528 1094 3583 ἑαυτοῦ
1121 3527 1537 3600 παραδείγματι
1570 3525 1836 3598 μηδαμῶς
1870 3525 1981 3587 τοῖς

404 3626 590 3688 αὐτοῖς
625 3620 1003 3693 περιπαρῆναι
1049 3618 1355 3681 θελκτικοῖς
1402 3608 1511 3671 τῶν
1558 3614 1855 3686 ὀφθαλμῶν
1904 3613 1982 3667 εί-

403 3721 521 3775 δεσι
554 3717 652 3771 καὶ
682 3712 1037 3786 μορφώμασι,
1096 3711 1235 3783 μηδὲ
1269 3708 1675 3781 κατασχεθῆναι
1705 3711 1827 3771 ταῖς
1881 3708 1982 3779 ἀρ-

405 3829 532 3865 κυσι
568 3808 679 3863 τῶν
704 3804 1124 3862 ἀπολαυστικῶν
1150 3803 1253 3873 τῆς
1276 3803 1504 3873 ἀτιμίας
1530 3800 1741 3855 παθῶν.
1797 3799 1981 3854 Πάντα

404 3904 538 3974 γὰρ,
568 3899 727 3972 φησὶ,
757 3895 1193 3969 παριππεύουσι,
1227 3894 1325 3947 καὶ
1369 3892 1739 3964 παρέρχονται
1770 3890 1979 3944 καπνοῦ

402 3997 584 4067 δίκην,
614 3990 790 4046 πολλά
837 3989 937 4060 μὲν
991 3985 1349 4057 δριμύξαντος
1398 3986 1524 4047 τοὺς
1565 3982 1661 4037 τοῦ
1728 3982 1981 4053 σώματος

403 4085 741 4156 ὀφθαλμοὺς,
769 4079 1191 4143 πολλαπλασίως
1223 4077 1281 4130 δὲ
1307 4074 1650 4145 ζοφὼσαντος
1696 4074 1825 4136 τοὺς
1862 4090 1979 4127 νοε-

404 4176 533 4247 ροὺς
561 4175 663 4245 τῆς
689 4174 889 4245 ψυχῆς,
930 4172 1025 4226 καὶ
1057 4169 1132 4243 μὴ
1163 4168 1621 4240 συγχωρήσαντος
1652 4166 1980 4221 ἀναϐλέπειν

403 4269 501 4324 καὶ
523 4267 737 4340 δέρκειν
768 4266 905 4337 πρὸς
958 4265 1057 4335 τὴν
1114 4263 1385 4333 ἄχραντον
1422 4258 1619 4331 ἡδονὴν
1670 4260 1769 4330 τῆς
1829 4258 1980 4322 θείας

403 4362 648 4433 ἀγάπης,
690 4358 919 4413 καὶτῶν
951 4356 1052 4427 τῆς
1098 4354 1303 4425 ἀρετῆς
1349 4352 1594 4422 ἀγαθῶν.
1648 4350 1823 4405 Τοῦτο
1869 4349 1977 4422 γάρ

402 4455 704 4511 αἰνίττεται
756 4451 1017 4520 φάσκων*
1056 4466 1075 4501 ‹
1114 4447 1225 4503 Καί
1271 4462 1336 4516 γε
1390 4445 1552 4516 σοφία
1612 4460 1715 4513 μου
1771 4442 1977 4513 ἐστάθη
2064 4486 2067 4493 .

407 4564 777 4706 μοδόοζιονουχὶ
809 4634 916 4705 γάρ
940 4648 1095 4702 φησι,
1122 4629 1244 4683 Τῶν
1268 4627 1443 4683 ἄλλων
1480 4626 1699 4682 πάντων
1740 4623 1981 4680 ἀπολαυ-

408 4728 631 4793 στικῶν,
650 4727 746 4780 καί
763 4721 1084 4787 θελκτικῶν,
1101 4720 1193 4774 καὶ
1206 4718 1478 4790 τερπνῶν,
1494 4718 1589 4771 καὶ
1609 4715 1978 4788 περικαλλῶν,

400 4821 644 4892 δηλονότι
662 4817 770 4873 τῶν
783 4818 841 4870 ὲν
855 4818 977 4880 ταῖς
995 4814 1106 4869 τῶν
1121 4809 1573 4882 οἰκοδομημάτων
1586 4807 1979 4872 κατασκευαῖς,

404 4913 513 4967 τῶν
550 4915 609 4966 ὲν
639 4914 753 4975 τοῖς
794 4907 1082 4981 ἀμπελῶσι
1114 4904 1211 4959 καὶ
1238 4903 1437 4973 κήποις
1476 4902 1571 4963 καὶ
1632 4898 1981 4969 παραδείσοις

409 5004 506 5057 καὶ
553 5005 664 5066 τοῖς
694 4999 1113 5072 κολυμϐήθραις
1140 4994 1252 5050 τῶν
1293 4993 1527 5057 ὑδάτων,
1576 4991 1674 5045 καὶ
1713 4990 1793 5061 τῷ
1828 4989 1982 5061 ὲσμῷ

406 5094 518 5148 τῶν
545 5094 769 5157 δούλων,
796 5094 892 5146 κα)⁸
934 5087 1263 5152 παιδισκῶν,
1300 5085 1397 5138 καὶ
1428 5083 1537 5137 τῶν
1571 5083 1861 5153 ποιμνίων,
1886 5082 1983 5135 καὶ

481 5205 596 5291 (τι)
626 5205 781 5291 ψει
823 5200 968 5287 μοι
1013 5202 1229 5291 tam"
1408 5194 1982 5291 cerfeizéffizér

407 5265 616 5346 δρύμδν
651 5265 964 5346 βλαστῶντα
1011 5265 1236 5346 ξύλαὟ.
1286 5269 1379 5346 καὶ
1412 5266 1808 5346 ἐντρυιρήματα
1829 5265 1983 5346 ὐἱῶν

408 5333 734 5416 ἀνθρώπων,
768 5345 1005 5413 οἰνοχόον
1024 5333 1130 5416 ξκαὶ
1157 5339 1420 5416 οἰνοχόας..
1466 5333 1576 5389 Καὶ
1606 5333 1983 5416 ἐμεγαλύνθην

408 5404 526 5471 καῖ
553 5404 1051 5488 προσέθηκατπαρά
1100 5404 1306 5472 πάντας
1336 5409 1462 5470 τοὺς
1505 5405 1831 5474 γενομένους
1874 5404 1985 5458 ἀπὸ

406 5485 718 5557 ἔμπροσθέν
740 5500 933 5557 μον-ος,
1215 5548 1227 5557 _
1317 5546 1357 5557 ,,
1703 5544 1715 5556 .
1891 5544 1902 5556 .

481 5544 593 5625 (τί)
650 5554 707 5625 ln
740 5544 964 5625 'scholio
1007 5548 1263 5625 editionis
1292 5546 1581 5625 _Roma_naa
1637 5544 1819 5625 priora
1872 5544 1981 5625 illa

407 5615 588 5682 verba,
631 5624 978 5695 Ἐμεγάλυνα
1003 5620 1062 5695 τί)
1102 5617 1315 5687 ποίημά
1346 5634 1447 5687 μου
1494 5616 1579 5669 his
1616 5615 1977 5695 eslplicanlnr,‘

411 5696 638 5765 Μεγάλα
658 5685 896 5765 ἐποίησά
911 5709 1001 5758 μοι
1026 5690 1184 5760 ἔργα,
1199 5685 1356 5765 opera
1376 5701 1569 5765 neppe
1592 5685 1981 5765 mininexstruai

414 5754 722 5837 mabniﬁca,
764 5754 839 5837 Είχ
886 5754 953 5837 iis
997 5754 1163 5837 poer
1207 5757 1370 5811 etiam
1420 5754 1675 5837 Paradisj
1718 5754 1888 5834 fuere,
1915 5755 1982 5808 de

418 5824 619 5908 quibus
646 5824 814 5908 quaeri
841 5824 1014 5900 solet,’
1035 5830 1167 5903 quid
1198 5836 1384 5885 nvera
1405 5832 1607 5883 essent.
1634 5824 1711 5880 Ac
1743 5824 1979 5894 primum

1539 6501 1569 6511 ,η
1585 6502 1609 6512 II
1648 6500 1689 6512 .-
1707 6501 1857 6511 m,
1872 6498 2186 6513 -AWLM,.‘Q
2216 6502 2239 6513 λ
2274 6502 2331 6515 -²‹
2348 6503 2369 6515 ,ο
2392 6500 2487 6516 4%.:
2504 6499 2663 6517 ἰω-...μιὼ
2670 6500 3059 6522 κΜ-“ῳκκ

2088 3242 2296 3299 deliciis
2326 3243 2690 3311 consumpsit,
2718 3242 2875 3310 quasi
2916 3242 3244 3312 ineptiarum
3275 3242 3491 3312 plenam
3533 3258 3657 3300 car-

2088 3336 2187 3405 pit,
2226 3336 2483 3406 exagitat,
2538 3336 2865 3403 insectatur,
2909 3344 2970 3389 ut
3009 3334 3179 3391 veluti
3229 3350 3407 3405 praeco
3460 3335 3658 3407 aliquis

2086 3428 2466 3484 vocalissimus
2525 3429 2863 3499 apertissime
2927 3440 3120 3481 omnes
3192 3426 3526 3492 admoneat,
3590 3442 3658 3481 ne

2087 3523 2393 3593 exemplnm
2421 3523 2539 3593 ejus
2568 3522 2786 3586 imitati,
2815 3523 3005 3577 eadem
3030 3522 3122 3576 illa
3148 3519 3445 3575 formarum
3481 3522 3659 3591 specie

2088 3614 2245 3669 avide
2269 3614 2458 3670 oculos
2487 3623 2734 3685 pascant,
2766 3626 2860 3669 aut
2892 3615 3082 3669 iisdem
3134 3627 3193 3668 se
3226 3613 3655 3683 corruptelarum

2090 3707 2363 3764 illecebris
2399 3707 2600 3763 irretiri
2642 3723 2884 3777 unquam
2927 3707 3224 3777 patiantur.
3257 3704 3452 3761 Omnia
3486 3706 3655 3773 enim,

2089 3793 2289 3865 inquit,
2322 3802 2584 3863 tanquam
2625 3794 2997 3864 obequitando
3028 3802 3371 3864 praetereunt,
3400 3803 3497 3849 aut
3522 3795 3653 3850 fumi

2089 3887 2262 3942 instar
2309 3886 2625 3941 dilabuntur
2672 3904 2688 3940 :
2744 3887 2837 3956 qui
2876 3900 2986 3940 non
3040 3895 3148 3940 tam
3185 3887 3376 3942 oculos
3409 3890 3655 3957 corporis

2086 3976 2351 4041 mordeat,
2379 3992 2543 4046 quam
2593 3976 2795 4032 mentis
2827 3976 3036 4031 lumina
3076 3976 3307 4047 caligine
3335 3976 3551 4043 obruat,
3588 3992 3656 4031 ne

2086 4069 2392 4137 SIISpieiant
2424 4068 2659 4132 scilicet,
2693 4076 2748 4122 et
2784 4068 2837 4122 in
2875 4067 3073 4122 divinae
3100 4068 3387 4125 charitatis
3413 4070 3655 4126 inconta-

2085 4162 2349 4214 minatam
2385 4160 2717 4231 voluptatem
2765 4169 2929 4231 atque
2962 4162 3016 4215 in
3056 4161 3275 4218 virtutis
3307 4163 3448 4218 bona
3482 4164 3653 4228 aciem

2086 4254 2390 4311 intendant.
2444 4251 2559 4309 Hoc
2605 4268 2841 4324 namque
2896 4254 2988 4309 ille
3019 4253 3309 4324 signiﬁcat,
3367 4271 3493 4311 cum
3530 4256 3652 4312 ait:

2090 4364 2110 4397 ι
2155 4344 2222 4400 Ει
2253 4344 2471 4416 quidem
2505 4344 2771 4415 sapientia
2804 4360 2922 4401 mea
2960 4346 3133 4402 astitit
3172 4348 3329 4404 mihi.
3367 4366 3389 4402 ι

2150 4609 2305 4677 Quod
2339 4607 2564 4679 perinde
2609 4615 2715 4674 est,
2765 4622 2830 4663 ac
2868 4608 2914 4663 si
2972 4607 3179 4663 diceret
3210 4627 3223 4663 :
3255 4608 3463 4665 Caetera
3500 4626 3652 4681 qua:-

2082 4715 2300 4771 cnnque
2331 4699 2461 4754 mihi
2496 4699 2561 4754 ad
2594 4701 2925 4770 voluptatem
2956 4710 3009 4754 et
3043 4698 3297 4755 solatium
3327 4709 3382 4755 et
3410 4698 3652 4758 oblecta-

2081 4795 2283 4849 tionem
2318 4803 2372 4849 et
2402 4794 2588 4847 luxum
2622 4792 2863 4852 luerunt.
2902 4806 3024 4862 qua:
3058 4807 3252 4863 nempe
3301 4803 3355 4848 et
3391 4794 3652 4851 aedilicio-

2082 4903 2202 4941 rum
2236 4887 2404 4943 moles
2437 4888 2752 4957 praebebant
2778 4896 2833 4943 et
2856 4888 3082 4943 consitae
3132 4887 3304 4943 vineae
3326 4897 3380 4942 et
3414 4887 3557 4943 horti
3589 4903 3655 4944 ac

2081 4981 2328 5050 pomaria
2375 4988 2429 5034 et
2463 4978 2688 5049 piscina:
2733 4993 3025 5049 aquarum,
3071 4988 3126 5033 et
3171 4993 3454 5034 servorum
3487 4990 3651 5050 atque

2082 5074 2403 5130 ancillarum
2452 5072 2706 5129 examina
2738 5071 2849 5143 (71)
2883 5089 2898 5127 :
2939 5087 3129 5143 greges
3172 5070 3280 5143 45
3308 5071 3436 5126 item
3484 5079 3648 5141 atque

2081 5201 2269 5241 vocem
2297 5186 2469 5254 ipsam
2504 5196 2786 5239 externam
2817 5198 2959 5254 esse,
2994 5183 3206 5254 putavit
3233 5182 3425 5254 Pollux
3452 5201 3467 5237 :
3500 5183 3564 5254 Οί
3591 5182 3650 5236 δὲ

2089 5249 2408 5325 παράδεισοι
2440 5253 2775 5325 βαρϐαρικὸν
2819 5249 2957 5307 εἶναι
2989 5249 3185 5325 δοκοῦν
3238 5253 3496 5325 τοῦνομα,
3526 5253 3652 5325 ἥκει

2084 5322 2372 5405 {tul—petit
2397 5322 2696 5405 .cuvﬁﬁeiav
2734 5324 3041 5405 sig-1953th
3081 5322 3419 5405 Ἑλληνικὴν,
3456 5323 3531 5384 ὡς
3557 5323 3652 5375 καὶ

2083 5393 2221 5450 ἄλλα
2253 5393 2423 5447 πολλά
2464 5393 2571 5464 τῶν
2602 5393 2906 5464 Περσικῶν.
2940 5393 3208 5447 ‘Paradisi
3228 5393 3235 5394 ί
3255 5403 3429 5446 autem
3459 5408 3650 5446 nomen

2084 5465 2419 5519 barbaricum
2450 5463 2753 5525 videtur,“
2784 5465 3153 5516 consuetudine
3181 5465 3239 5516 in
3268 5480 3366 5516 usu
3402 5478 3515 5516 esse
3544 5478 3648 5516 cce-

2083 5537 2223 5605 pisse
2272 5533 2413 5605 apud
2459 5530 3167 5605 ercos,__quemt_tdn_tpdum
3198 5533 3315 5605 galia
3361 5532 3647 5605 Persarum

2084 5601 2276 5657 inulta.
2320 5603 2377 5655 Id
2412 5612 2590 5656 tamen
2636 5601 2858 5656 Alberto
2888 5601 2942 5655 in
2977 5601 3248 5671 Hesychia
3284 5618 3388 5656 non
3420 5603 3644 5666 arridet,

2082 5674 2175 5744 qui
2202 5688 2313 5727 rem
2349 5673 2562 5744 quidem
2595 5687 2623 5725 a
2659 5672 2859 5744 Persis,
2887 5672 3215 5744 vocabulum
3240 5688 3278 5744 a7
3304 5673 3506 5727 Graecis
3525 5687 3648 5744 esse

2082 5740 2381 5798 existimat;
2430 5742 2748 5814 Est__antcm
2789 5740 3059 5814 Hesychio
3109 5743 3441 5814 Παράδεισος
3484 5743 3647 5806 τόπος

2085 5814 2303 5886 ἔνυδρος
2352 5813 2470 5884 ἤτοι
2504 5809 2743 5884 εὔυδρος,
2773 5814 2831 5866 ὲν
2861 5807 3226 5884 περίπατοι
3256 5831 3270 5871 .°
3313 5814 3457 5867 locus
3491 5814 3644 5869 scili—
