4172 6520
285 455 400 524 809

1396 449 1480 512 IN
1512 446 2183 511 ECCLESIASTEN.-
2204 450 2361 511 LIB.
2384 448 2469 509 II-
2579 476 2591 493 ο

3467 442 3576 509 810

289 596 513 658 στύλοις
546 592 656 647 τῶν
688 589 920 663 ἀρετῶν,
948 586 1527 657 ἁκλόνητονξσοντηρεῖ
1553 585 1648 639 καὶ
1683 602 1883 639 παντε-

2012 584 2207 654 lignata
2260 598 2362 639 suo
2394 593 2501 647 est,
2561 582 2711 639 hunc
2744 580 2814 637 ad
2856 581 3109 654 Improba
3142 582 3400 639 vanitatis
3433 580 3575 638 facta

286 690 396 755 λῶς
410 685 816 759 ἀπαράκλιτον·
849 680 1055 738 καὶτὸν
1078 682 1223 752 ἔχειν
1247 682 1416 751 αὐτὴν
1439 679 1739 745 ἀξιωθέντα
1760 679 1883 731 συλ-

286 785 543 853 λήπτορα,
577 777 849 851 μηδαμῶς
885 776 1033 829 ἐῶσα
1065 774 1460 845 κατολισθῆσαι
1493 776 1631 844 πρὸς
1659 771 1758 834 τὰς
1793 788 1884 841 μο·

287 874 509 947 χθηρὰς
544 874 644 943 τῆς
675 870 1040 942 ματαιότητος
1085 866 1336 939 πράξεις.

380 964 543 1018 Ἀλλὰ
592 964 699 1033 γὰρ
732 965 760 1015 ὁ
790 961 956 1030 σοφὸς
997 956 1454 1029 Ἐκκλησιαστὴς,
1497 954 1599 1019 τὰς
1631 955 1755 1009 κατ’
1808 950 1886 1008 εἴ.

288 1056 385 1119 δος
415 1054 718 1126 ὀνομασίας
752 1052 853 1122 τῆς
892 1049 1237 1121 εὐφροσύνης
1291 1046 1601 1113 διεξελθὼν,
1657 1046 1885 1118 ἐμφιλο-

290 1152 471 1220 χωρεί
496 1150 613 1212 τοῖς
641 1147 826 1209 αὐτοῖς
887 1144 995 1209 ἔτι,
1031 1145 1127 1197 καὶ
1181 1142 1507 1197 διατείνεται
1579 1141 1653 1212 μὴ
1709 1141 1887 1211 μάτην

288 1242 408 1295 τῶν
446 1239 951 1312 ἀπαριθμηθέντων
983 1236 1281 1307 ἐσχηκέναι
1313 1236 1411 1307 τὴν
1460 1234 1656 1305 κτῆσιν
1681 1250 1696 1265 ο
1753 1232 1891 1287 ἀλλὰ

291 1335 436 1407 πρὸς
462 1334 523 1388 τὸ
553 1332 989 1401 καταθέλγεσθαι
1029 1330 1123 1384 καὶ
1155 1328 1597 1401 καθωραῖζεσθαι
1631 1328 1751 1391 ταῖς
1767 1325 1890 1379 τού-

290 1444 409 1480 των
439 1427 797 1497 τερπνὸτησι,
831 1427 927 1479 καὶ
961 1422 1371 1477 καταπολαύειν
1400 1421 1498 1475 καὶ
1527 1420 1889 1490 κατατρυφᾷν

292 1520 401 1590 τῆς
432 1519 528 1572 ἀπ’
556 1520 738 1574 αὐτῶν
771 1517 1213 1592 προσγινομένης
1270 1514 1466 1587 ἡδονῆς
1510 1516 1624 1577 τοῖς
1665 1512 1885 1566 ἐθέλον-

297 1626 409 1667 σιν.
451 1612 679 1682 Ἑπάγει
717 1611 826 1684 γὰρ
860 1610 1106 1681 ἀμέσως,
1142 1609 1239 1662 καί
1262 1625 1423 1679 φησι·
1856 1594 1868 1610 ’

1992 679 2168 735 delabi
2200 692 2441 746 unquam
2471 677 2675 746 patitur
2703 674 2838 746 (75).

2060 948 2354 1005 Enimvero
2377 950 2596 1019 sapiens
2626 951 3003 1019 Ecclesiastes,
3034 952 3232 1010 laetitias
3257 955 3578 1013 nominibus

1988 1043 2267 1115 sigillatim
2316 1045 2644 1109 cnuntiatis,
2700 1046 2876 1101 libens
2928 1046 2982 1101 in
3025 1048 3220 1104 iisdem
3275 1051 3578 1107 etiamnum

1988 1135 2338 1202 immoratur,
2368 1145 2423 1192 et
2456 1137 2587 1191 illud
2617 1138 2877 1205 inculcat,
2911 1140 3138 1197 minime
3164 1157 3223 1197 se
3254 1143 3323 1197 ab
3362 1159 3579 1210 eorum,

1992 1244 2114 1299 qua:
2137 1231 2502 1293 enumeravit,
2535 1232 2884 1301 possessione
2923 1230 3246 1289 frustratum
3278 1250 3402 1290 esse
3439 1254 3453 1290 :
3484 1238 3582 1292 sed

1994 1322 2212 1377 abunde
2240 1323 2420 1377 omnia
2455 1323 2557 1378 sibi
2591 1334 2790 1394 prmsto
2842 1326 3015 1381 fuisse
3045 1326 3110 1380 ad
3147 1326 3441 1382 fruendum
3494 1337 3579 1381 at-

1994 1431 2100 1486 que
2147 1416 2481 1486 laatandum;
2519 1425 2574 1473 et
2613 1434 2776 1488 quam
2807 1419 2933 1475 inde
2961 1419 3317 1490 voluptatem,
3358 1421 3403 1477 si
3430 1420 3578 1487 velit,

1992 1524 2188 1578 capere
2218 1511 2454 1582 quisque
2482 1514 2681 1583 possit,
2710 1529 2775 1569 ea
2815 1530 2875 1570 se
2911 1531 3086 1585 usque
3116 1517 3182 1569 ad
3222 1515 3450 1570 delicias
3482 1516 3582 1571 ob-

1991 1603 2182 1657 lectari
2214 1605 2477 1674 potuisse.
2511 1606 2637 1662 llaec
2666 1609 2809 1662 enim
2835 1609 3089 1678 pr0tinus
3111 1606 3391 1665 subnectit
3423 1622 3438 1661 :

1875 1738 1904 1810 δ
1936 1737 2002 1793 n.

374 1842 485 1896 Kal
518 1840 662 1904 πᾶν,
693 1840 725 1894 ὃ
744 1840 985 1910 ᾔτησαν
1013 1841 1071 1893 οἱ
1098 1837 1398 1907 ὀφθαλμοί
1418 1855 1560 1907 μου,
1593 1837 1705 1892 οὐκ
1727 1834 1894 1905 ἀφεῖ-

2072 1831 2238 1888 V'ens.
2270 1833 2359 1896 10,
2388 1835 2473 1889 li.
2509 1833 2578 1889 Et
2605 1851 2780 1902 omne,
2825 1835 2966 1906 quod
3007 1835 3406 1904 postulaverunt
3449 1838 3589 1892 oculi

297 1939 422 1989 λον
445 1935 546 1988 ἀπ’
568 1932 792 1987 αὐτῶν.
823 1934 945 1986 Οὐκ
968 1929 1341 1986 ἀπεκώλυσα
1361 1930 1478 1997 τὴν
1500 1926 1754 2000 καρδίαν
1770 1947 1890 2000 μου

2012 1929 2123 1987 mei,
2153 1941 2254 1977 non
2285 1925 2484 1978 abstuli
2516 1926 2581 1979 ab
2621 1927 2737 1980 eis:
2773 1944 2876 1980 non
2909 1927 3154 1995 prohibui
3201 1944 3292 1981 cor
3316 1946 3489 1983 meum
3519 1930 3587 1983 ab

299 2026 426 2081 ἀπὸ
454 2025 662 2093 πάσης
685 2023 1077 2093 εὐφροσύνης
1103 2038 1119 2054 '
1138 2021 1229 2077 ὅτι
1248 1996 1460 2091 καρδία
1479 1996 1599 2090 μοι)
1627 1996 1888 2091 εὐφράν-

2012 2017 2140 2070 mmi
2187 2016 2411 2083 lwtitia;
2440 2018 2566 2088 quia
2609 2035 2700 2072 cor
2744 2035 2917 2073 meum
2965 2019 3205 2075 lwtatum
3249 2032 3327 2077 est
3361 2025 3415 2077 in
3444 2025 3591 2078 omni

302 2123 381 2189 θη
436 2120 510 2172 ἐν
547 2118 733 2172 παντὶ
754 2118 962 2187 μόχθῳ
986 2133 1127 2188 μου.
1160 2116 1270 2170 Καὶ
1300 2115 1482 2169 τοῦτο
1513 2116 1755 2183 ἐγένετο
1785 2131 1893 2184 με·

301 2214 401 2283 ρίς
443 2230 564 2282 μου
591 2212 713 2266 ἀπὸ
737 2212 969 2274 παντὸς
997 2210 1259 2280 μόχθου.
1291 2206 1406 2263 Kal
1428 2207 1741 2276 ἐπέϐλεψα
1778 2205 1895 2277 ἐγὼ

303 2307 378 2360 ἐν
403 2304 555 2360 πᾶσι
582 2300 877 2371 ποιήμασί
915 2318 1057 2371 μου,
1117 2294 1207 2367 οἷς
1240 2299 1544 2368 ἐποίησαν
1597 2302 1656 2354 al
1699 2295 1894 2367 χεῖρές

303 2416 448 2469 μου,
483 2397 580 2451 καὶ
617 2397 688 2449 ἐν
729 2395 959 2465 μόχθῳ,
997 2385 1046 2461 ᾧ
1093 2395 1409 2462 ἐμόχθησα
1452 2390 1561 2448 τοῦ
1618 2391 1890 2461 ποιῆσαι.

308 2490 425 2544 Kal
459 2488 591 2542 ἰδοὺ
620 2487 693 2542 τὰ
719 2487 917 2542 πάντα
961 2488 1314 2556 ματαιότης,
1370 2484 1476 2539 καὶ
1538 2485 1899 2554 προαίρεσις

308 2583 653 2651 ,πνεύματος
671 2598 686 2611 ο
700 2578 800 2634 καὶ
820 2581 930 2634 οὐκ
949 2578 1081 2633 ἐστι
1102 2580 1421 2647 περίσσεια
1440 2578 1563 2634 ὑπὸ
1574 2579 1681 2633 τὸν
1693 2576 1894 2645 ἣλιον.

381 2675 573 2729 Ταῦτα
607 2674 834 2744 φάσκων
864 2671 1196 2725 διατείνεται
1223 2672 1317 2726 καὶ
1361 2671 1771 2727 διαϐεϐαιοῦται
1800 2687 1898 2725 σα-

310 2768 451 2837 φῶς,
481 2766 550 2820 δι’
576 2766 747 2835 αὐτῆς
776 2765 952 2819 ἐλθεῖν
980 2764 1090 2819 τῶν
1153 2763 1499 2836 πραγμάτων
1553 2764 1651 2833 τῆς
1679 2764 1897 2835 πείρας,

312 2862 412 2916 καὶ
454 2865 592 2933 μήτε
618 2861 746 2924 τοὺς
782 2860 1101 2930 ὀφθαλμοὺς
1152 2857 1506 2912 ἀποκωλῦσαι
1556 2857 1667 2911 τῶν
1731 2874 1900 2913 κατα-

314 2952 620 3020 θελγόντων
644 2951 843 3013 αὐτοὺς
859 2949 1132 3023 εὺηδόνων
1166 2949 1260 3003 καὶ
1298 2947 1552 3021 τερπνῶν
1578 2948 1895 3018 θεαμάτων,

318 3045 460 3117 μήτε
492 3044 591 3116 τὴν
626 3042 853 3114 καρδίαν
881 3041 1140 3113 ἀπεῖρξαι
1169 3041 1279 3095 τῶν
1325 3040 1415 3096 διὰ
1471 3040 1581 3094 τῶν
1624 3040 1901 3112 αἰσθητῶν

316 3137 617 3209 ὀφθαλμῶν
651 3136 1180 3208 παραπεμπομένων
1219 3137 1299 3199 εἰς
1332 3134 1513 3205 αὐτὴν
1543 3135 1639 3188 καὶ
1669 3150 1896 3206 παρεισ-

318 3229 662 3302 κρινομένων
692 3228 971 3300 σαρκικῶν
998 3227 1306 3298 ἐπιθυμιῶν
1340 3227 1458 3281 ’ἵνα
1498 3227 1595 3282 καὶ
1624 3228 1789 3281 πᾶσιν
1812 3226 1905 3281 ἅλλ-

322 3321 435 3389 λοις
452 3319 1057 3395 ἁνθρώποιςὰληθεύων
1086 3320 1361 3390 λογισθείη
1398 3321 1492 3373 καὶ
1521 3319 1712 3384 πιστὸς
1734 3320 1793 3372 ὲν
1826 3321 1903 3392 τῷ
1931 3348 1974 3407 C

320 3415 576 3486 φάσκειν,
597 3434 615 3466 ε
636 3414 746 3467 Καὶ
767 3413 877 3467 ἰδοὺ
894 3412 963 3467 τὰ
995 3413 1171 3466 πάντα
1204 3412 1508 3483 ματαιότης
1528 3409 1625 3467 καὶ
1644 3412 1905 3483 προαιρε-

323 3523 413 3570 σις
425 3505 755 3577 πνεύματος*
777 3506 872 3559 καὶ
885 3503 1115 3559 οὐκέστι
1130 3504 1424 3575 περίσσεια
1443 3504 1547 3559 ὑπὸ
1563 3504 1655 3559 τὸν
1680 3504 1854 3577 ἥλιον.
1881 3524 1900 3557 ι

397 3597 609 3652 Οὐκοῦν
638 3599 748 3668 ἄρα
785 3596 966 3668 μάτην
1002 3595 1150 3659 τινὲς
1190 3595 1452 3667 ᾠήθησαν
1485 3595 1582 3650 καὶ
1608 3597 1910 3668 κατήγγει-

322 3693 427 3748 λαν
449 3691 558 3745 τῶν
588 3690 1040 3763 προγενεστέρων
1097 3689 1405 3761 ἐξηγητῶν,
1452 3689 1528 3753 ὡς
1581 3690 1703 3761 οὐχὶ
1741 3707 1911 3743 κατα-

323 3785 616 3855 γινώσκων
638 3781 835 3837 έαυτοῦ
867 3782 1038 3836 ταῦτα
1071 3782 1328 3849 διέξεισιν
1357 3783 1386 3835 ὁ
1443 3782 1609 3852 σοφὸς
1677 3783 1911 3851 Ἐκκλη-

328 3876 579 3948 σιαστὴς,
618 3875 733 3929 ἀλλ’
765 3875 953 3940 ἁπλῶς
979 3874 1081 3946 τὴν
1099 3874 1438 3946 ματαιότητα
1458 3873 1754 3945 διασύρων,
1776 3876 1913 3945 ὅπερ

326 3971 433 4023 οὐκ
480 3969 619 4023 ἔστι.
668 3968 781 4040 Τὴν
812 3966 913 4036 μὲν
952 3967 1062 4037 γὰρ
1118 3967 1455 4038 ματαιότητα
1514 3969 1774 4037 κωμῳδεῖ
1819 3968 1917 4021 καὶ

328 4062 579 4133 διασᾶρει
607 4061 929 4135 διαρρήδην,
961 4059 1097 4115 ἀλλά
1128 4059 1228 4130 τὴν
1263 4059 1334 4113 δι’
1371 4059 1538 4114 αὐτοῦ
1585 4062 1915 4133 πεπραγμέ-

329 4172 453 4227 νην,
488 4155 581 4208 καὶ
624 4154 691 4208 δι’
721 4154 894 4224 αὐτῆς
932 4152 1031 4223 τῆς
1073 4151 1272 4224 πείρας
1325 4153 1784 4222 κατεγνωσμένην
1840 4153 1916 4218 ὡς

330 4244 677 4316 ἀσύμφορον,
708 4245 803 4300 καὶ¹
852 4244 992 4316 πρὸς
1020 4243 1189 4315 μηδὲν
1219 4242 1395 4314 πέρας
1442 4242 1683 4313 χρηστὸν
1738 4244 1917 4298 ἀπαν-

330 4338 519 4392 τῶσαν
550 4355 564 4371 ·
615 4337 732 4392 ἀλλ’
761 4336 1001 4408 ἔμπαλιν
1030 4336 1126 4389 καὶ
1172 4336 1301 4398 τοὺς
1331 4336 1694 4406 αἱρουμένους
1748 4336 1918 4409 αὐτὴν

334 4430 681 4485 συνωθοῦσαν
747 4432 827 4493 εἰς
879 4428 1154 4499 πέταυρον
1208 4427 1509 4492 ἀπωλείας.
1568 4423 1705 4483 Εἶτά
1762 4446 1915 4500 φησιο

1996 2108 2176 2164 labore
2219 2127 2352 2164 meo.
2388 2109 2457 2164 Et
2492 2111 2587 2166 hoc
2619 2112 2720 2181 fuit
2743 2113 2919 2181 portio
2948 2130 3065 2169 mea
3108 2130 3173 2169 ea:
3198 2118 3341 2170 omni
3385 2116 3587 2172 labore.

2006 2199 2069 2254 Et
2095 2204 2299 2272 respexi
2327 2219 2421 2275 ego
2469 2204 2538 2257 ad
2569 2204 2750 2258 omnia
2800 2221 2958 2274 opera
3007 2224 3142 2273 mea,
3196 2225 3312 2279 qua:
3351 2210 3589 2278 fecerunt

1998 2310 2187 2348 morm:
2212 2311 2361 2361 mete,
2384 2304 2433 2350 et
2455 2296 2511 2349 in
2531 2295 2785 2361 laborem,
2807 2314 2908 2368 quo
2929 2298 3297 2355 laboraveram
3319 2304 3587 2371 faciendo.

1998 2387 2071 2443 Et
2100 2406 2215 2445 ecce
2234 2392 2410 2445 omnia
2440 2392 2647 2448 vanitas
2673 2402 2723 2446 et
2745 2396 3093 2465 praesumptio
3122 2398 3384 2468 spiritus;
3411 2410 3460 2457 et
3484 2418 3590 2458 non

1997 2491 2075 2537 est
2099 2483 2433 2539 abundantia
2456 2485 2553 2540 sub
2575 2485 2685 2542 sole
2716 2486 2851 2559 (74).

2071 2662 2206 2731 Quae
2234 2680 2360 2721 cum
2392 2665 2545 2732 dicit,
2579 2665 2715 2723 illud
2750 2677 2911 2740 urget
2937 2679 3235 2741 aperteque
3272 2673 3588 2740 continuat,

2001 2770 2061 2810 se
2100 2771 2191 2812 res
2241 2756 2359 2827 ipsa
2407 2760 2748 2828 experientia
2798 2762 3138 2832 explorasse,
3187 2782 3365 2836 neque
3396 2770 3590 2825 oculos

2002 2854 2339 2921 cohibuisse,
2370 2871 2439 2910 ne
2466 2855 2683 2911 blandis
2729 2857 3359 2930 jocundisque,quibus
3406 2862 3589 2919 initiae

2004 2946 2159 3011 bant,
2198 2948 2527 3018 spectaculis
2557 2948 2898 3017 fruerentur,
2929 2967 3107 3022 neque
3137 2955 3383 3011 animum
3406 2958 3589 3013 conti-

2006 3040 2197 3096 nuisse
2235 3042 2556 3112 voluptariis
2582 3058 2612 3097 a
2645 3043 2954 3109 desideriis,
3000 3061 3123 3117 quae
3172 3063 3269 3117 per
3300 3051 3590 3107 oculorum

2005 3148 2203 3189 sensus
2231 3134 2497 3201 immissa,
2524 3151 2699 3206 usque
2725 3136 2794 3192 ad
2827 3138 3005 3208 ipsum
3036 3154 3095 3195 se
3126 3140 3411 3200 insinuant
3436 3163 3450 3200 :
3479 3160 3592 3215 quo

2006 3236 2061 3282 et
2087 3243 2116 3281 a
2154 3229 2369 3283 caeteris
2401 3229 2663 3286 omnibus
2696 3232 3022 3289 mortalibus
3073 3235 3349 3292 veridicos
3396 3250 3450 3294 et
3487 3240 3594 3296 lida

2007 3321 2209 3391 dignus
2257 3321 2546 3388 habeatur,
2581 3339 2705 3379 cum
2749 3325 2871 3380 ait:
2918 3345 2937 3379 ι
2974 3326 3041 3382 Ει
3084 3343 3212 3385 ecce
3240 3330 3360 3403 247
3404 3334 3594 3388 omnia

2011 3412 2245 3479 vanitas,
2276 3421 2332 3466 et
2363 3416 2723 3485 prtesumptio
2773 3416 3036 3487 spiritus;
3078 3429 3133 3474 et
3162 3436 3271 3476 non
3301 3431 3388 3478 est
3415 3424 3595 3479 abun-

2010 3504 2195 3560 dantia
2222 3505 2326 3561 sub
2357 3507 2493 3563 sole.
2530 3526 2549 3561 ι

2083 3596 2265 3663 Quare
2293 3613 2508 3665 eorum,
2545 3600 2638 3670 qui
2669 3610 2796 3657 ante
2824 3618 2926 3659 nos
2960 3602 3204 3672 fuerunt,
3238 3608 3599 3680 interpretum

2011 3692 2238 3761 quidam
2262 3706 2372 3748 non
2402 3692 2561 3759 bene,
2589 3696 2803 3764 opinor,
2835 3698 3219 3755 existimarunt
3256 3718 3320 3757 ac
3350 3720 3601 3774 pronun-

2013 3785 2240 3850 tiarunt,
2287 3800 2412 3856 qua:
2446 3785 2537 3841 hic
2565 3788 2774 3857 profert
2803 3791 3024 3861 sapiens
3058 3792 3440 3866 Ecclesiastes,
3474 3816 3600 3865 ,non

2011 3891 2077 3932 eo
2109 3877 2408 3948 pertinere,
2442 3888 2501 3933 ut
2530 3881 2772 3949 seipsum
2796 3881 3042 3948 damnet,
3081 3885 3177 3940 sed
3215 3898 3274 3942 ut
3304 3891 3601 3947 vanitatem

2014 3970 2398 4025 tantummodo
2424 3971 2725 4028 insectatur
2747 3972 2860 4043 (75)
2883 3989 2898 4029 :
2920 3976 3066 4044 quod
3098 3992 3207 4032 non
3239 3979 3312 4034 ita
3335 3992 3436 4037 est.
3465 3982 3602 4039 Nam

2017 4060 2314 4116 vanitatem
2342 4062 2563 4132 quidem
2621 4063 2914 4122 manifesto
2943 4068 3197 4137 objurgat
3224 4080 3280 4125 et
3317 4076 3515 4144 carpit,
3547 4084 3605 4132 at

2016 4169 2161 4217 eam,
2192 4170 2361 4223 quam
2392 4156 2509 4224 ipse
2533 4166 2758 4211 secutus
2788 4166 2928 4226 erat,
2961 4177 3240 4233 quamque
3267 4169 3606 4237 experientia

2015 4247 2243 4301 edoctus
2283 4246 2352 4300 ab
2392 4247 2685 4303 inutilitate
2716 4257 2883 4319 atque
2926 4253 2995 4308 ab
3025 4254 3264 4313 infausto
3304 4262 3454 4316 exitu
3500 4263 3606 4317 im-

2020 4338 2367 4409 probavernt,
2400 4355 2524 4394 cum
2572 4349 2627 4394 et
2667 4350 2945 4399 amatores
2976 4345 3212 4417 denique
3253 4366 3386 4407 suos
3438 4353 3494 4408 in
3529 4354 3609 4409 lac

2028 4448 2203 4504 queos
2233 4434 2485 4489 interitus
2518 4437 2829 4505 compellat.
2869 4437 3033 4494 Addit
3061 4441 3259 4499 deinde
3290 4463 3305 4501 :

1870 4548 1898 4621 ς
1942 4549 2033 4606 ιιι.

406 4658 515 4715 Kal
560 4658 871 4728 ἐπέὂλεψα
897 4658 1013 4729 ἐγὼ
1057 4660 1167 4716 τοῦ
1212 4660 1362 4714 ἰδεῖν
1387 4661 1616 4732 σοφίαν
1644 4663 1745 4717 καὶ
1810 4681 1906 4718 πε-

2096 4663 2264 4720 Vens.
2301 4664 2385 4719 19..
2426 4663 2493 4719 Et
2528 4684 2731 4737 respexi
2763 4687 2878 4741 ego,
2912 4681 2971 4726 ut
3013 4674 3242 4731 uiderem
3292 4681 3612 4750 sapientiora

332 4754 590 4826 ριςοορὰν
618 4753 717 4807 καὶ
755 4755 1123 4824 ἀφροσύνην
1146 4770 1163 4788 ο
1199 4754 1290 4808 ὅτι
1321 4754 1427 4825 [sic
1470 4754 1804 4825 ἅνθρωπος,
1851 4756 1920 4824 ὃς

335 4843 652 4897 ἐλεύσεται
681 4842 876 4897 ὀπίσω
906 4842 1272 4915 τῆςβουλῆς
1295 4861 1314 4909 ;
1336 4847 1459 4900 σύν
1486 4863 1550 4900 τε
1572 4845 1693 4901 ὅσα
1711 4847 1919 4917 ἐποιη-

337 4954 454 4991 σεν
484 4937 640 5006 αὐτῇ
662 4954 681 5001 ;

412 5071 524 5143 (75)
556 5073 846 5139 Columna,
904 5092 1043 5145 quas
1080 5077 1173 5131 hic
1226 5086 1414 5132 noster
1462 5086 1753 5142 memorat,
1819 5077 1925 5132 illae

340 5154 492 5218 sunt,
521 5145 588 5218 de
617 5146 1031 5218 quibussermo
1073 5156 1159 5202 est
1216 5147 1272 5201 in
1323 5146 1679 5218 Proverbiis:
1716 5149 1833 5218 (Ix,
1874 5150 1923 5217 I)

357 5215 629 5290 'Huaotpia
673 5215 1023 5290 ᾠκοδδμησεν
1048 5219 1226 5290 κέαυτῇ
1252 5289 1258 5290 γ
1285 5217 1457 5282 οἶκον,
1518 5218 1628 5290 και
1658 5215 1925 5290 ὑπήρεισε

342 5271 575 5359 στύλους
605 5271 748 5338 έπέά
771 5303 784 5316 ·
817 5271 1093 5353 Sapientia
1123 5271 1405 5359 ludiﬁcavit
1443 5271 1547 5342 sibi
1596 5271 1832 5355 domant,
1876 5298 1926 5343 et

341 5358 607 5428 columna;
634 5358 1542 5428 septemﬁﬁrmamentosupposuit.
1580 5359 1813 5414 Latinus
1844 5360 1929 5414 in-

343 5435 427 5482 ter
468 5443 556 5481 res
596 5427 781 5490 habet,
817 5425 1036 5480 Excidit
1069 5425 1352 5483 columnas
1382 5441 1599 5497 septem,
1634 5440 1696 5485 ut
1730 5432 1927 5500 Aquila

343 5506 397 5551 et
428 5444 792 5551 gvmmachus
812 5536 827 5551 .
859 5497 1164 5551 ὲλατὸιιησε
1183 5518 1197 5532 ·
1232 5511 1419 5551 noster
1444 5515 1574 5551 vero
1601 5499 1742 5551 LXX
1771 5516 1927 5551 secu-

342 5497 460 5552 etS

342 5578 433 5622 tus
461 5577 566 5623 est.
602 5567 774 5621 Porro
809 5567 1137 5637 interpretes
1176 5571 1230 5625 in
1264 5572 1353 5625 illa
1404 5571 1561 5624 domo
1599 5570 1927 5635 Ecclesiam,

342 5639 399 5691 in
428 5638 689 5713 columnis
723 5639 1003 5713 apostolos
1042 5643 1288 5713 maxime
1339 5651 1648 5710 agnoscunt
1691 5660 1704 5696 :
1748 5657 1931 5713 quan-

344 5723 507 5782 quam
535 5718 589 5782 et
613 5710 719 5782 alia
755 5709 980 5782 quidam
1010 5711 1315 5779 signillcata
1347 5709 1703 5782 putaverunt.

416 5779 716 5854 (74)7Apud
936 5777 1149 5850 leges...
1186 5782 1321 5854 ’A_nb
1347 5777 1558 5854 ’πάσης
1587 5785 1932 5854 εὐφροσύνης

348 5847 470 5976 Εἰ.
490 5847 628 5977 [ESSE
668 5850 957 5922 καρδία....
990 5847 1206 5923 Dlymp.
1239 5847 1310 5923 ᾯ
1333 5847 1615 5925 ὲμόχθὴσα
1638 5847 1731 5909 τοῦ
1758 5847 1932 5912 ποιεῖν

401 5923 457 5976 αὶ
490 5923 694 5980 ξδοὺ....

685 6005 695 6011 ⁸
746 6036 1019 6101 Parnm“
1036 6036 1169 6113 βπ.
1201 6034 1478 6101 XCVIII.

469 5497 827 5568 ymmﬁaehus,
859 5497 1164 5568 ὲλατὸμησε
1183 5518 1197 5532 ·
1232 5511 1419 5555 noster
1444 5515 1574 5554 vero
1601 5499 1742 5554 LXX
1771 5497 1931 5556 secu-

2023 4768 2073 4814 et
2095 4774 2323 4814 errorem
2346 4770 2395 4813 et
2430 4761 2716 4816 stultitiam
2743 4780 2761 4817 :
2785 4767 2910 4834 quia
2930 4768 3047 4837 quis
3084 4781 3160 4823 est
3194 4771 3369 4835 homo,
3403 4779 3493 4846 qui
3520 4780 3611 4831 in-

2025 4852 2293 4923 gredietur
2335 4863 2451 4921 post
2485 4857 2807 4913 consilium?
2834 4868 3033 4915 etcum
3083 4863 3179 4917 hoc
3223 4869 3433 4937 singula
3475 4872 3613 4939 [ere-

2026 4948 2096 4999 rit
2128 4945 2284 5017 (76)?

2101 5078 2216 5157 ('15)
2252 5079 2309 5134 In
2340 5082 2547 5136 codicis
2584 5084 2829 5157 margine
2860 5087 3159 5156 ascriptum
3191 5100 3312 5145 erat
3336 5092 3519 5157 Νῖλος.
3548 5096 3619 5151 At

2028 5148 2165 5228 nihil
2188 5151 2246 5228 ᾔει
2273 5167 2394 5206 eam
2424 5148 2751 5228 sententiam
2789 5148 3038 5228 invenias
3068 5161 3212 5228 apud
3247 5148 3524 5224 Ascelani.
3552 5148 3618 5221 3.;

2030 5221 2099 5294 iis
2129 5220 2341 5294 scilicet
2370 5223 2652 5294 operibus,
2683 5241 2804 5294 qua:
2829 5220 3124 5283 Suaresius
3155 5238 3211 5284 et
3237 5232 3474 5289 Allatius
3501 5220 3620 5290 eui;

2030 5292 2181 5346 dere.
2208 5290 2345 5347 Nam
2380 5290 2487 5348 alia
2573 5290 2781 5349 uaedam
2810 5298 3059 5365 ejusdem
3090 5298 3195 5354 Nili
3227 5318 3260 5357 o
3305 5305 3493 5359 uscula
3540 5307 3621 5358 la-

2030 5362 2196 5418 titare
2249 5364 2305 5417 in
2354 5310 2738 5418 biblioﬂtecis.
2788 5368 3050 5418 adnotum
3091 5380 3195 5418 est-
3235 5318 3345 5418 ulla
3374 5390 3506 5418 νριιη
3556 5378 3621 5418 li-

2030 5362 2196 5418 titare
2249 5364 2305 5417 in
2354 5362 2738 5429 bibliothecis,
2788 5362 3050 5423 adnotum
3091 5380 3195 5426 est.
3232 5362 3345 5429 Nec
3374 5390 3506 5429 vero
3555 5378 3623 5430 li-

2031 5440 2185 5515 quet,
2212 5449 2344 5488 num
2377 5437 2482 5490 hoc
2514 5436 2638 5515 loco
2664 5434 2821 5515 Nilus
2845 5446 3051 5515 asceta,
3074 5456 3144 5515 an
3170 5442 3313 5515 alius
3343 5445 3623 5515 quispiam

2032 5503 2556 5586 designetur_:_cum
2603 5510 2661 5586 in
2693 5508 2888 5586 _A-llatii
2948 5509 3182 5586 diatriba
3235 5514 3304 5586 de
3347 5503 3489 5571 ΝΗΕέ
3530 5518 3624 5586 (ad

2032 5573 2170 5628 calc.
2197 5582 2332 5628 tom.
2368 5575 2450 5646 ll)
2491 5578 2626 5654 clari
2651 5578 2757 5654 Aviri
2797 5579 2904 5654 hoc
2940 5583 3163 5654 nomine
3195 5584 3389 5654 viginti
3425 5573 3623 5644 nume-

2035 5654 2246 5721 rentur,
2271 5661 2504 5721 quorum
2527 5648 2776 5719 plerique
2796 5651 2848 5704 in
2872 5652 3207 5721 scriptorum
3235 5648 3407 5713 c'ensu
3437 5656 3621 5716 locum

2036 5715 2259 5798 habent,
2290 5715 2545 5798 quidam
2574 5715 2705 5775 vero
2744 5721 2865 5777 sine
2917 5715 3295 5783 controversia
3355 5715 3625 5798 Gregorio

2035 5797 2225 5859 nostro
2256 5790 2595 5859 antiquiores
2624 5802 2772 5846 sunt.
3462 5792 3487 5805 ⁸

2110 5856 2221 5938 (Z6)
2258 5859 2327 5938 ᾼι
2365 5856 2611 5938 extrema
2643 5865 2810 5938 verba
2850 5865 2991 5935 apud
3029 5864 3169 5938 LXX
3208 5868 3281 5923 ita
3310 5886 3368 5927 se
3397 5872 3622 5938 habent,

2037 5928 2116 5982 Τὰ
2140 5932 2239 5986 ὅσα
2265 5933 2524 6005 ἐποίησεν
2553 5936 2724 6007 αὑτήν
2751 5953 2766 5970 ·
2815 5928 3036 6007 {id-(lilii
3082 5936 3349 6012 Nobilius,
3396 5943 3463 5999 In
3498 5928 3626 6013 meo;

3009 6050 3089 6111 26

2573 5367 2738 5429 necis,
2788 5368 3050 5423 adnotum
3091 5380 3195 5426 est.
