4172 6562
593 447 695 515 811

592 669 840 722 gressus,
871 668 994 722 quae
1025 665 1248 706 SllllllllO
1281 653 1464 705 studio
1496 653 1550 706 in
1583 656 1951 724 votuptatibus
1979 670 2180 725 paran-

589 746 676 800 dis
710 745 1078 814 expromilur,
1130 760 1257 798 cum
1291 744 1345 798 in
1375 744 1464 799 his
1497 743 1851 803 Ecclesiastes
1900 748 2035 802 nihil
2079 749 2180 803 ho-

590 838 761 902 mine,
796 837 935 890 nihil
966 838 1152 892 animo
1181 838 1395 892 ratione
1422 837 1652 909 przedito
1684 840 1908 910 dignun:
1937 841 2181 896 invenis-

591 939 714 995 set;
746 940 1050 999 contraque
1079 946 1298 985 omnem
1345 932 1510 985 vitam
1563 931 1869 1002 improbam
1912 943 1966 986 et
1998 934 2182 1002 pravis

589 1022 648 1075 in
684 1019 850 1076 rebus
885 1031 1135 1075 exactam
1181 1023 1300 1091 ipso
1335 1021 1405 1076 ab
1437 1020 1665 1076 exordio
1707 1029 1758 1076 et
1789 1021 2041 1075 celeriter
2079 1037 2182 1075 au-

590 1109 888 1182 fugientem
935 1121 990 1166 et
1019 1112 1086 1165 ad
1138 1111 1417 1166 interitum
1475 1109 1826 1166 festinantem
1871 1111 2180 1181 deprehen-

589 1203 785 1267 disset,
813 1203 907 1257 illa
936 1205 1309 1275 pronuntiavit
1337 1221 1352 1260 :
1389 1223 1410 1258 ι
1435 1203 1502 1258 Et
1530 1204 1746 1275 respexi
1775 1219 1878 1276 ego
1902 1208 1968 1260 ad
1995 1206 2180 1262 omnia

590 1311 757 1366 Opera
803 1312 946 1363 mea,
987 1313 1109 1368 quae
1141 1296 1391 1352 fecerunt
1423 1313 1620 1353 manus
1661 1315 1818 1366 meae,
1850 1309 1906 1354 et
1939 1299 1992 1352 in
2027 1299 2180 1355 labo-

592 1405 730 1453 rem,
766 1405 876 1458 quo
909 1390 1284 1445 laboraverant
1320 1391 1589 1446 faciendo.
1613 1390 1680 1445 Et
1709 1407 1836 1448 ecce
1865 1393 2054 1446 omnia
2083 1408 2181 1446 va-

591 1482 739 1537 nitas
771 1493 826 1537 et
854 1485 1208 1554 praesumptio
1247 1484 1509 1555 spiritus;
1545 1494 1600 1539 et
1635 1500 1745 1540 non
1782 1495 1866 1541 est
1897 1486 2182 1540 abundan-

593 1577 664 1630 tia
692 1577 797 1633 sub
827 1580 962 1642 sole,
1005 1597 1024 1630 ι
1058 1578 1208 1648 quod
1241 1577 1458 1632 levitate
1488 1593 1586 1633 sua
1614 1594 1775 1633 omne
1808 1579 2062 1649 nequitia:
2085 1594 2180 1649 ge-

593 1687 695 1724 nus
725 1672 1022 1742 dispereat.
1059 1669 1178 1726 Jam
1214 1671 1453 1726 sobriam
1485 1673 1933 1743 moderatamque
1961 1674 2184 1741 sapien-

589 1768 680 1820 tiae
711 1767 873 1819 vitam
914 1781 1060 1818 nunc
1097 1767 1330 1826 confert,
1375 1767 1494 1834 ejus
1525 1767 1755 1830 scilicet,
1789 1781 1956 1835 quam
2005 1782 2036 1819 a
2070 1764 2181 1820 Deo

589 1867 897 1928 acceperat,
929 1857 994 1911 ad
1033 1857 1270 1926 priorem
1303 1865 1506 1912 saneta:
1530 1857 1897 1912 institutionis
1933 1857 2174 1912 formam

593 1952 940 2017 revocantis;
975 1962 1030 2005 et
1059 1951 1130 2004 ob
1166 1950 1428 2006 bonitatis
1453 1954 1827 2021 pra‘stantiam
1856 1962 2068 2007 tantum
2096 1957 2179 2008 in-

596 2056 805 2099 teresse
845 2043 1180 2098 discriminis
1227 2043 1434 2112 reperit
1478 2045 1865 2114 coguovitque,
1911 2054 2177 2114 quantum

591 2147 678 2193 est
710 2138 849 2192 inter
888 2136 1213 2207 sapientiam
1265 2136 1381 2191 sive
1431 2137 1798 2205 prudentiam,
1839 2147 1893 2192 et
1932 2153 2176 2194 errorem

592 2232 770 2302 ipsum
805 2231 916 2304 48
945 2233 1058 2286 sive
1093 2229 1402 2286 stultitiam.
1450 2229 1588 2285 Nam
1625 2231 1766 2286 idem
1811 2243 2043 2303 utraque
2087 2248 2178 2289 so-

591 2333 727 2377 nant
756 2332 916 2393 atque
943 2323 1230 2392 designant
1266 2341 1280 2376 :
1323 2338 1449 2377 cum
1483 2336 1642 2376 error
1669 2322 2092 2377 mutabilitatem
2125 2332 2180 2377 et

593 2418 884 2472 transitum
917 2415 984 2470 ad
1017 2417 1120 2470 hoc
1149 2425 1204 2472 et
1246 2415 1380 2470 illud
1413 2425 1600 2486 aperte
1648 2417 1942 2486 signiticet,
1989 2418 2178 2487 cujus-

591 2511 739 2566 modi
784 2508 1030 2580 profecto
1065 2520 1192 2565 sunt
1227 2509 1556 2580 insipientia:
1606 2510 1989 2580 proprietates,
2025 2520 2084 2566 ut
2113 2512 2181 2565 il-

588 2603 682 2657 lud
727 2602 1037 2656 divinarum
1093 2600 1425 2655 Litterarum
1483 2616 1586 2656 nos
1630 2601 1788 2656 docet
1840 2603 2175 2658 oraculum:

594 2715 614 2747 ι
639 2695 854 2749 Stultus
877 2702 935 2748 ut
959 2695 1086 2748 luna
1113 2702 1355 2748 mutatur
1376 2695 1447 2760 ³¹,
1476 2712 1494 2746 ι
1521 2709 1631 2766 quo
1653 2696 1941 2750 conversio
1966 2696 2087 2766 ejus
2110 2695 2180 2751 ad

586 2790 774 2860 pejora
805 2787 1113 2843 aberrantis
1145 2787 1442 2842 indicatur.

659 2881 759 2936 His
787 2882 954 2949 igitur
977 2881 1121 2934 inter
1167 2895 1224 2935 se
1251 2879 1467 2934 collatis
1503 2879 1969 2950 comparatisque,
2003 2896 2182 2950 quan-

589 2987 756 3043 quam
787 2971 1054 3041 ejusmodi
1100 2979 1251 3035 sunt,
1280 2980 1340 3024 ut
1377 2979 1594 3039 propter
1627 2971 1845 3039 generis
1890 2971 2179 3026 diversita-

589 3075 698 3118 tem
727 3063 984 3132 componi
1016 3063 1108 3116 vix
1157 3063 1412 3131 possint;
1467 3077 1593 3116 cum
1644 3061 1778 3116 illud
1809 3063 2083 3129 didicerit,
2122 3065 2178 3118 in

591 3155 858 3226 sapientia
892 3155 1006 3207 sive
1057 3153 1347 3222 prudentia
1398 3154 1695 3207 maximam
1738 3155 1920 3209 inesse
1973 3156 2181 3210 utilita-

592 3259 726 3310 tem,
761 3261 1002 3302 errorem
1037 3259 1169 3298 vero
1195 3245 1311 3299 sive
1341 3245 1709 3315 insipientiam
1741 3261 1864 3300 cum
1899 3246 2055 3316 plane
2086 3247 2174 3302 fu-

2281 3245 2405 3316 ρὰν,
2436 3245 2604 3316 ήγουν
2626 3244 2962 3314 ἀφροσύνην,
2985 3243 3244 3314 ἀνόνητον
3263 3242 3361 3296 καὶ
3392 3241 3676 3302 παντελῶς
3694 3237 3852 3310 ἀσύμο
3941 3249 3952 3268 '

593 3341 742 3394 tilem
775 3349 829 3393 et
867 3337 1196 3406 ineptiarum
1243 3337 1484 3405 plenum,
1518 3350 1632 3391 tum
1684 3339 1752 3393 ad
1781 3339 1996 3393 beatam
2049 3354 2174 3409 proc

594 3435 831 3502 bamque
884 3431 1054 3483 vitam
1100 3429 1238 3483 nihil
1276 3430 1503 3484 omnino
1550 3429 1802 3484 conferre
1850 3449 1862 3484 :
1916 3432 2073 3500 quasi
2123 3433 2178 3486 in

595 3537 847 3592 magnam
885 3519 1056 3574 animi
1088 3521 1469 3589 azgritudinem
1503 3521 1796 3591 adductus,
1833 3525 1982 3592 quod
2013 3525 2182 3593 pleri-

594 3629 703 3683 que
737 3613 1023 3667 hominum
1063 3612 1390 3680 llagitiosam
1426 3627 1759 3685 pravamque
1810 3616 1977 3670 vitam
2023 3627 2181 3688 opta-

595 3709 845 3761 hiliorem
888 3715 1104 3775 putent,
1137 3705 1226 3758 illa
1265 3706 1336 3758 ob
1371 3720 1641 3760 summam
1681 3706 1760 3761 rei
1798 3707 2178 3777 indignitatem

594 3799 859 3870 subjecit:
894 3817 911 3850 ι
942 3797 1081 3864 Quia
1107 3796 1231 3867 quis
1254 3806 1337 3851 est
1359 3797 1544 3864 homo,
1571 3799 1664 3869 qui
1693 3798 2034 3869 ingredietur
2059 3813 2182 3872 post

595 3891 930 3947 consilium?
965 3908 983 3942 ι
1050 3889 1208 3944 Velut
1261 3890 1309 3944 si
1340 3889 1550 3945 diceret
1600 3908 1614 3944 :
1655 3890 1816 3947 Solus
1850 3893 1939 3948 ille
1980 3895 2181 3965 dignus

591 3995 698 4045 est.
737 3993 798 4038 ut
853 3985 1018 4038 homo
1052 3981 1383 4052 appelletur,
1423 3993 1477 4037 et
1522 3983 1804 4038 hominum
1844 3985 1899 4039 in
1951 4003 2180 4042 numero

593 4076 880 4140 habeatur,
912 4075 1003 4145 qui
1038 4075 1189 4144 prius
1222 4083 1480 4145 tanquam
1521 4090 1551 4129 e
1605 4078 1826 4144 specula
1856 4077 2041 4147 aliqua
2091 4091 2180 4133 at-

589 4188 698 4241 que
725 4171 874 4226 edito
905 4169 1238 4240 sublimique
1265 4170 1387 4224 loco
1426 4184 1612 4224 rerum
1647 4178 1902 4224 naturam
1937 4173 2086 4227 clare
2115 4189 2181 4228 ac

587 4265 845 4319 distincte
875 4263 1316 4332 contemplatus,
1357 4277 1478 4332 quae
1507 4263 1753 4333 eligenda
1797 4265 1908 4320 sint
1958 4276 2013 4321 et
2055 4283 2180 4338 quae

589 4355 970 4426 relinquenda,
990 4371 1112 4426 quae
1141 4355 1293 4410 utilia
1320 4364 1375 4410 et
1402 4369 1524 4426 quae
1551 4355 1921 4424 inutilia,quae
1946 4359 2178 4417 salutem

587 4447 821 4503 aﬂ‘erant
856 4457 910 4502 et
939 4463 1060 4518 qua:
1093 4445 1160 4500 ad
1201 4448 1482 4502 interitum
1522 4447 1816 4516 deducant,
1854 4467 1998 4506 unus
2028 4452 2175 4521 diju-

587 4542 736 4595 dicat
769 4558 782 4592 :
814 4540 1060 4609 initoque
1089 4539 1324 4594 consilio
1345 4540 1425 4593 sic
1446 4540 1675 4594 meliora
1709 4551 1994 4611 praaoplat,
2021 4553 2083 4597 ut
2109 4561 2172 4597 ea
2205 4563 2219 4569 ·

1726 450 1786 510 8.
1827 449 2208 511 GREGORII
2251 451 2764 516 AGRIGENTINI

664 560 744 614 Ad
775 573 958 614 rerum
991 557 1207 627 copiam
1260 572 1495 628 eamque
1543 559 2004 629 magniﬁcentiam
2053 577 2178 632 pro-
2215 569 2256 625 Α

2368 565 2729 636 Ἀφικόμενος
2760 565 2787 617 ὀ
2834 559 3268 632 Ἐκκλησιαστὴς
3289 558 3426 631 πρὸς
3460 563 3556 635 τὴν
3584 565 3840 641 δαψίλειαν

2283 656 2376 708 καὶ
2401 656 2757 709 πολυτέλειαν
2819 655 2929 709 τῶν
2990 656 3114 709 καθ’
3171 654 3363 726 ἡδονὴν
3419 659 3843 735 ἐπιτηδευμάτων

2282 749 2376 803 καὶ
2403 749 2836 821 σπουδασμάτων
2867 749 2963 803 καὶ
3004 748 3173 821 μηδὲν
3202 748 3353 814 ἄξιον
3391 751 3488 819 τῆς
3516 754 3844 833 ἀνθρωπίνης

2282 844 2376 896 καὶ
2406 844 2600 912 νοερᾶς
2627 842 2808 913 ψυχῆς
2833 842 3309 912 ἐντεῦθενσεῦρὼν,
3354 842 3490 896 ἀλλά
3526 847 3701 902 πᾶσαν
3757 853 3845 925 τὴν

2284 933 2566 1004 μοχθηρὰν
2625 933 2770 1005 ζωὴν
2850 937 2948 988 καὶ
3015 933 3228 1003 φαύλην
3302 934 3573 989 πολιτείαν
3621 940 3731 1011 ἅμα
3775 946 3846 1015 τῷ

2284 1025 2537 1093 γενέσθαι
2598 1026 2696 1080 καὶ
2758 1026 2955 1080 θᾶττον
3030 1027 3436 1099 ἀπογινομένην
3485 1070 3502 1097 ,
3555 1033 3648 1086 καὶ
3719 1036 3845 1107 πρὸς

2282 1117 2623 1190 ἁνυπαρξίαν
2653 1119 2940 1191 χωροῦσαν
2970 1119 3315 1192 κατειληφὼς
3347 1121 3441 1175 καὶ
3473 1124 3669 1194 φήσας,
3705 1146 3721 1178 ι
3743 1131 3845 1185 Καὶ

2281 1209 2560 1281 ἐπέϐλεψα
2589 1209 2702 1279 ἐγὼ
2733 1213 2791 1264 ὲν
2822 1213 2960 1265 πᾶσι
2999 1213 3272 1284 ποιήμασί
3307 1230 3434 1284 μου,
3481 1211 3561 1279 οἷς
3601 1219 3848 1290 ἐποίησαν

2282 1305 2340 1358 αἱ
2385 1305 2568 1377 χεῖρές
2611 1322 2737 1376 μου,
2775 1306 2872 1360 καὶ
2895 1305 2953 1359 ὲν
2985 1305 3192 1378 μόχθῳ,
3223 1300 3267 1375 ᾧ
3298 1308 3578 1378 ἐμόχθησα
3605 1311 3693 1364 τοῦ
3709 1316 3846 1386 ποιῆ.

2285 1413 2376 1450 σαι
2404 1413 2419 1428 ο
2457 1398 2554 1452 καὶ
2581 1397 2692 1452 ἰδοὺ
2731 1398 2801 1452 τὰ
2848 1399 3032 1453 πάντα
3069 1399 3368 1471 ματαιότης
3404 1403 3500 1454 καὶ
3544 1405 3846 1477 προαίρεσις

2283 1489 2600 1560 πνεύματος
2625 1507 2640 1522 ο
2674 1491 2768 1545 καὶ
2789 1492 2890 1546 οὐκ
2921 1492 3038 1546 ἔστι
3067 1493 3358 1565 περίσσεια
3389 1493 3495 1548 ὑπὸ
3525 1496 3613 1549 τὸν
3647 1498 3840 1568 filiam

2283 1581 2532 1651 φρούδων
2559 1582 2876 1652 γενομένων
2906 1584 3128 1638 πάντων
3158 1585 3261 1654 τῆς
3287 1585 3494 1648 κακίας
3533 1587 3719 1641 εἰδῶν⁶
3759 1590 3845 1643 νῦν

2284 1673 2570 1743 συγκρίνει
2613 1673 2714 1746 τὴν
2743 1675 3002 1747 σώφρονα
3043 1675 3140 1730 καὶ¹
3171 1677 3515 1748 τεταγμένην
3546 1680 3643 1748 τὴν
3669 1682 3844 1750 σοφίας

2284 1762 2449 1835 ζωὴν,
2497 1765 2600 1835 τῆς
2637 1768 2790 1838 παρὰ
2809 1767 2904 1820 τοῦ
2937 1767 3074 1821 Θεοῦ
3104 1768 3350 1840 δηλονότι
3378 1769 3666 1843 δεδομένης
3690 1773 3840 1845 αὐτῷ,

2285 1857 2378 1909 καὶ
2425 1857 2562 1928 πρὸς
2600 1859 2728 1922 τοὺς
2765 1861 3126 1931 χαρακτῆρας
3159 1859 3576 1931 ἀνθελκυσὰσης
3599 1866 3695 1935 τῆς
3730 1882 3844 1935 προ-

2279 1949 2448 2020 τέρας
2473 1951 2860 2022 πνευματικῆς
2891 1952 3289 2015 καταστάσεως
3313 1969 3330 1982 ⁶
3371 1953 3468 2005 καὶ
3494 1952 3632 2006 πολὺ
3652 1954 3709 2008 τὺ
3735 1954 3844 2010 διὰ-

2279 2059 2447 2113 φορον
2479 2043 2600 2096 καθ’
2619 2043 2894 2116 ὑπεροχὴν
2909 2045 3010 2115 τὴν
3037 2045 3177 2117 πρὸς
3209 2045 3270 2098 τὸ
3298 2045 3508 2115 βέλτιον
3572 2047 3740 2118 εὑρὼν
3757 2050 3847 2102 καὶ

2279 2135 2627 2206 κατειληφὼς
2652 2136 2754 2206 τῆς
2783 2137 2978 2206 σοφίας
3005 2138 3127 2208 ἢτοι
3159 2139 3502 2209 φρονήσεως,
3542 2138 3637 2190 καὶ⁸
3675 2138 3843 2208 μέντοι

2279 2229 2376 2282 καὶ
2406 2232 2507 2301 τῆς
2531 2232 2837 2302 περιφορᾶς
2889 2230 3059 2301 ήγουν
3105 2229 3443 2302 ἀφροσύνης.
3492 2229 3694 2284 Ταυτδν
3745 2229 3843 2300 γὰρ

2280 2321 2519 2392 ἑκάτερα
2542 2321 2695 2393 δηλοῖ
2721 2323 2819 2375 καὶ
2850 2322 3204 2392 παρίστησιν.
3245 2324 3320 2376 Ἥ
3357 2339 3421 2376 τε
3454 2321 3563 2394 γὰρ
3589 2322 3844 2393 περιφορὰ

2287 2416 2650 2487 μετακίνησιν
2682 2417 2778 2470 καὶ
2817 2415 3127 2487 μεταϐολὴν
3156 2415 3292 2488 πρὸς
3307 2417 3470 2470 τοῦτο
3497 2417 3711 2470 κάκεῖνο
3738 2418 3846 2472 δια-

2281 2508 2543 2578 σημαίνει
2603 2506 2794 2576 σαφῶς
2825 2523 2840 2540 ·
2869 2506 2906 2562 ὃ.
2939 2507 3004 2578 δὴ
3032 2507 3134 2578 τῆς
3165 2507 3486 2579 ἀφροσύνης
3515 2507 3652 2560 εἰσὶν
3711 2508 3845 2561 ίδιώ-

2283 2615 2452 2669 ματα,
2482 2597 2666 2660 καθώς
2705 2613 2841 2668 φησι
2886 2597 2948 2651 τὸ
3012 2597 3193 2666 λόγιον
3227 2597 3328 2668 τῆς
3389 2597 3538 2661 θείας
3595 2596 3843 2668 Γραφῆς·

2286 2707 2306 2740 ι
2356 2689 2414 2742 '0
2447 2689 2639 2760 ἄφρων
2689 2690 2765 2753 ὡς
2820 2690 3024 2762 σελήνη
3063 2689 3395 2756 ἀλλοιοῦται,
3435 2708 3455 2742 ι
3515 2690 3614 2763 τὴν
3650 2689 3738 2743 ἐπὶ
3783 2692 3847 2744 τὰ

2281 2783 2448 2854 χείρω
2460 2800 2529 2836 πε
2537 2783 2767 2856 ριφοράν
2791 2782 2959 2836 αὑτοῦ
2975 2785 3069 2838 καὶ
3082 2783 3444 2856 παρατροπὴν
3466 2783 3844 2853 αίνιττόμενον.

2350 2873 2538 2928 Ταῦτα
2563 2873 2743 2927 τοίνυν
2779 2873 3032 2942 ἀλλήλοις
3080 2875 3350 2946 παραθεὶς
3410 2875 3512 2928 καὶ
3546 2872 3845 2945 συγκρίνας.

2279 2967 2460 3020 καίτοι
2499 2982 2562 3034 γε
2595 2965 2986 3036 συγκρίνεσθαι
3019 2965 3096 3037 μὴ
3126 2968 3410 3036 πεφυκότα
3460 2967 3548 3021 διὰ
3598 2966 3658 3020 τὸ
3710 2965 3849 3034 σφῶν

2282 3057 2618 3131 ἐτερογενὲς,
2649 3056 2745 3110 καὶ
2779 3056 2989 3127 σφόδρα
3016 3056 3118 3129 τὴν
3157 3055 3352 3125 σοφίαν
3417 3056 3544 3126 ήτοι
3599 3053 3860 3137 φρόνησιν

2280 3149 2608 3220 ὀνησιφόρον
2630 3149 2807 3220 εὑρὼν
2837 3150 2932 3202 καὶ
2954 3148 3410 3220 λυσιτελεστάτην
3445 3164 3462 3180 ·
3500 3148 3600 3217 τὴν
3635 3162 3850 3219 περιφο·

2282 3355 2468 3410 φορον,
2491 3339 2588 3391 καὶ
2619 3337 2885 3410 μηδαμῶς
2911 3338 3369 3409 συμϐαλλομένην
3396 3337 3536 3408 πρὸς
3561 3336 3652 3389 τὸν
3679 3334 3848 3406 μακά-

2283 3449 2400 3503 ριον
2428 3432 2521 3484 καὶ
2555 3431 2850 3485 σπουδαῖον
2886 3431 3034 3502 βίονο
3070 3430 3263 3501 ὥσπερ
3293 3432 3376 3494 είς
3425 3430 3676 3500 μεγάλην
3731 3427 3851 3481 ἀθυ-

2287 3525 2416 3596 μίαν
2447 3523 2617 3578 ὲλθὼν
2651 3524 2740 3579 διὰ
2769 3524 2832 3576 τὸ
2857 3523 2985 3585 τοὺς
3015 3523 3244 3588 πολλοὺς
3273 3522 3600 3595 ἀνθρώπους
3632 3523 3850 3592 αἱρετω-

2281 3616 2449 3686 τέραν
2481 3615 2738 3687 ἡγεῖσθαι
2771 3616 2872 3688 τὴν
2903 3616 3188 3688 μοχθηρὰν
3216 3617 3312 3670 καὶ
3349 3616 3570 3688 φαύλην
3601 3615 3762 3686 ζωὴν,
3792 3615 3850 3666 ἐκ

2283 3705 2489 3776 πολλῆς
2527 3705 2840 3776 ἀμηχανίας
2870 3707 3174 3775 ἐπήγαγεν,
3206 3724 3225 3758 ι
3266 3706 3390 3759 Ὅτι
3435 3706 3524 3769 τίς
3579 3704 3852 3774 ἄνθρωπος

2281 3797 2564 3851 ἐλεύσεται
2585 3797 2763 3850 ὀπίσω
2793 3797 2892 3866 τῆς
2914 3797 3110 3868 βουλῆς
3135 3815 3149 3861 ;
3173 3818 3191 3850 ο
3225 3799 3349 3853 ἀντὶ
3369 3798 3491 3865 τοῦ,
3524 3798 3695 3858 Μόνος
3719 3796 3853 3848 ἐκεῖ·

2281 3887 2370 3950 νός
2403 3888 2551 3940 ἐστιν
2581 3886 2731 3951 ἄξιος
2760 3886 3048 3960 ἄνθρωπος
3103 3888 3414 3953 καλεῖσθαι,
3467 3889 3566 3942 καὶ
3610 3887 3705 3960 τὴν
3749 3901 3852 3938 τοι-

2281 3979 2453 4052 αύτην
2483 3978 2628 4048 ἔχειν
2658 3979 2975 4050 ὀνομασίαν,
3010 3980 3068 4044 ὃς
3099 3981 3368 4053 πρότερον
3414 3983 3526 4036 ἀπό
3550 3997 3692 4043 τινος
3732 3994 3850 4032 σκο-

2281 4075 2414 4135 πιᾶς
2441 4073 2536 4125 καὶ
2563 4071 2732 4125 τόπου
2761 4072 3060 4144 περιόπτου
3108 4075 3204 4126 καὶ
3259 4073 3558 4145 μεταρσίου
3601 4072 3699 4143 τὴν
3756 4068 3851 4138 φύ-

2281 4182 2366 4217 σιν
2397 4165 2504 4218 τῶν
2532 4166 2872 4236 πραγμάτων
2897 4167 3191 4238 διαϐλέψας
3209 4169 3422 4240 τρανῶς
3455 4170 3555 4224 καὶ
3579 4167 3850 4238 σκοπήσας

2277 4255 2545 4328 διακρίνει
2581 4257 2650 4311 τὰ
2678 4258 2872 4332 αἱρετὰ
2906 4261 3003 4314 καὶ
3043 4261 3141 4330 οὐχ
3175 4262 3394 4332 αἱρετὰ.
3430 4263 3528 4316 καὶ
3552 4262 3622 4314 τά
3653 4258 3851 4329 συμφέ-

2279 4367 2445 4422 ροντα
2497 4351 2594 4405 καὶ
2653 4353 2971 4424 ἀσύμφορα,
3036 4354 3231 4408 καὶτὰ
3290 4355 3530 4426 πρόξενα
3565 4351 3845 4422 σωτηρίας,

2277 4443 2373 4496 καὶ
2401 4443 2471 4496 τὰ
2499 4445 2636 4516 πρὸς
2657 4444 2937 4500 ἀπώλειαν
2972 4445 3321 4500 συνωθοῦντα
3349 4461 3364 4475 °
3411 4447 3508 4500 καὶ
3568 4444 3849 4516 βουλευσάο

2280 4551 2441 4605 μενος
2470 4536 2646 4591 ἕλοιτο
2683 4537 2782 4609 τὴν
2815 4538 3032 4610 αἵρεσιν
3059 4536 3168 4593 τῶν
3197 4539 3549 4611 κρειττόνων,
3595 4539 3688 4592 καὶ
3727 4533 3850 4606 φεύ·

587 4643 892 4694 aversetur,
939 4648 1059 4701 qua:
1101 4647 1212 4686 non
1254 4631 1431 4686 solum
1479 4633 1734 4686 utilitatis
1777 4633 1914 4686 nihil
1946 4635 2167 4701 habent,

2276 4625 2419 4690 ξοιτο
2442 4627 2512 4681 τά
2545 4629 2620 4700 μὴ
2651 4628 2814 4700 μόνον
2843 4629 3160 4698 ὠφελοῦντα
3194 4629 3387 4702 μηδὲν,
3437 4631 3581 4685 ἀλλά
3613 4631 3706 4684 καὶ
3750 4644 3848 4682 πα-

587 4728 682 4783 sed
713 4728 876 4780 etiam
906 4734 1105 4779 aeterna
1139 4725 1204 4779 ad
1236 4725 1502 4793 supplicia
1540 4727 1940 4780 transmittunt.

657 4817 794 4872 Nam
856 4819 1023 4871 homo
1059 4815 1396 4885 hujusmodi,
1430 4818 1524 4886 qui
1565 4827 1780 4872 mature
1814 4819 1980 4872 vitam
2027 4822 2169 4889 opti-

587 4929 730 4968 mam
755 4911 1116 4981 amplectatur
1146 4919 1308 4979 atque
1331 4920 1652 4980 cognoscat,
1673 4927 1906 4982 eamque
1928 4915 2167 4982 sequiori

582 5015 940 5074 anteponens.
972 5002 1240 5071 praeterita
1259 5017 1498 5070 quoque,
1524 5003 1807 5070 sapientia:
1840 5003 2167 5071 prudentiai-

579 5115 690 5168 que
719 5105 1029 5166 opportuno
1061 5109 1192 5149 usus
1221 5094 1477 5159 consilio,
1514 5093 1728 5163 egregie
1759 5096 2013 5149 restituat
2043 5112 2166 5166 per—

583 5191 871 5258 liciatque;
906 5189 973 5252 is,
1018 5187 1266 5258 inquam,
1298 5185 1427 5240 felix
1474 5201 1536 5238 ac
1577 5200 1765 5239 revera
1811 5189 2002 5240 beatus
2033 5197 2116 5243 est
2149 5207 2163 5243 :

575 5285 780 5354 quippe
813 5282 908 5351 qui
941 5283 1187 5336 studium
1229 5296 1392 5333 suum
1425 5278 1480 5332 in
1510 5292 1701 5333 eorum
1728 5278 1999 5333 bonorum
2043 5296 2169 5350 pos-

576 5377 835 5430 sessione
879 5375 1111 5428 ιοιιοοει
1161 5373 1575 5443 impendatque,
1617 5387 1739 5441 quae
1773 5388 1898 5426 vera
1924 5383 1978 5428 et
2009 5391 2164 5429 man-

644 5512 688 5544 ³¹
722 5510 890 5565 Eccli.
927 5525 1092 5570 xxv",
1136 5509 1224 5562 ll.

571 5645 772 5713 inquit,
804 5644 940 5698 libro
969 5660 1064 5714 pro
1094 5644 1162 5697 τά
1188 5656 1264 5698 est
1295 5646 1412 5709 σύν,
1445 5654 1493 5698 ει
1536 5650 1817 5712 utrumque
1852 5645 1988 5698 nihil
2017 5646 2162 5700 vide-

573 5725 663 5768 tur
696 5717 763 5768 ad
789 5717 1100 5768 sententiam
1137 5717 1329 5784 facere,
1360 5717 1452 5768 sed
1483 5723 1690 5767 tantum
1731 5717 2037 5784 respondere
2075 5735 2163 5770 ar-

575 5785 741 5839 ticulo
789 5784 1030 5858 Hebraeo.
1081 5785 1218 5839 'l‘um
1277 5787 1330 5840 in
1387 5787 1659 5856 plerisque
1700 5785 1857 5858 libris
1897 5789 2157 5858 scriptum

574 5873 701 5912 esse
737 5857 909 5920 addit,
947 5857 1132 5909 Πάντα
1157 5859 1256 5928 ὅσα
1284 5859 1542 5928 ἐποίησεν
1573 5858 1630 5907 ὲν
1652 5856 1788 5928 αὐτῇ
1823 5876 1836 5888 ·
1871 5856 2156 5927 (ιιιιιίῆιειη

576 5929 713 5983 satis
742 5930 977 5983 obscura
1011 5946 1037 5999 ¹ε
1072 5935 1131 5980 ιιι
1175 5927 1508 6001 ϐιεεοιίθιιιι
1561 5927 1724 5983 leCtio
1757 5927 1970 5986 ueteris
2021 5945 2158 5999 pra:-

2279 4723 2640 4794 ραπέμποντα
2677 4725 2815 4796 πρὸς
2846 4725 3097 4790 κολάσεις
3123 4727 3538 4798 ἀτελευτήτους.

2362 4813 2420 4869 '0
2450 4815 2559 4888 γὰρ
2596 4816 2836 4882 τοιοῦτος
2849 4818 3156 4890 ἄνθρωπος,
3187 4820 3501 4891 ὀπρότερον
3528 4818 3850 4890 βουλόμενος

2273 4907 2369 4962 καὶ
2389 4907 2762 4977 διαγινώσκων
2791 4910 2890 4980 τὴν
2926 4910 3210 4982 βελτίστην
3223 4911 3390 4984 ζωὴν,
3421 4915 3518 4965 καὶ
3547 4910 3848 4984 προκρίνων

2270 5000 2476 5070 ταύτην
2488 5000 2592 5070 τῆς
2609 5001 2874 5072 χείρονος,
2903 5004 2998 5056 καὶ
3025 5006 3206 5074 μέντοι
3223 5007 3315 5058 καί
3339 5007 3480 5059 κατὰ
3493 5007 3551 5059 τὸ
3566 5003 3849 5058 ἀκόλουθον

2271 5094 2534 5163 πράττων
2561 5094 2630 5146 τὰ
2649 5096 3090 5167 παραλειφθέντα
3122 5099 3360 5168 κρείττω
3388 5099 3483 5151 καὶ
3499 5097 3847 5167 βελτίωπαρά

2269 5185 2370 5255 τῆς
2387 5188 2443 5237 ἐν
2467 5187 2629 5259 σοφίᾳ
2645 5189 2738 5240 καὶ
2753 5189 3012 5260 φρονήσει
3035 5191 3412 5262 γεγενημένης
3437 5191 3657 5260 βουλῆς.
3674 5187 3848 5242 εὐδαί-

2273 5280 2524 5346 μωνὲστὶ
2551 5280 2644 5332 καὶ
2668 5279 2746 5349 τῷ
2768 5279 2883 5332 ὄντι
2915 5282 3187 5350 μακάριος
3213 5299 3225 5310 ·
3262 5282 3337 5344 ὡς
3369 5283 3497 5354 περὶ
3527 5282 3630 5353 τὴν
3661 5281 3847 5349 κτῆσιν
3877 5295 3881 5300 ·

2267 5371 2376 5424 τῶν
2396 5371 2565 5424 ὀντων
2597 5373 2690 5426 καὶ
2717 5371 2825 5426 τῶν
2839 5371 3056 5442 ἀληθῶς
3086 5373 3310 5442 ἀγαθῶν
3338 5374 3564 5445 θέμενος
3587 5374 3688 5443 τὴν
3717 5371 3848 5424 ίδίαν

2265 5653 2396 5706 stet.
2446 5646 2887 5716 sententiamque
2933 5646 3218 5702 absolvere
3258 5647 3555 5701 videatur:
3600 5644 3750 5716 velut
3802 5641 3845 5695 si

2265 5717 2527 5785 scriptum
2563 5729 2708 5789 esset
2739 5736 2752 5771 :
2779 5715 2890 5771 Καὶ
2921 5720 3018 5770 σὺν
3047 5719 3184 5789 αὐτῇ
3221 5719 3527 5788 βουλῇ,ὅσα
3558 5715 3843 5789 ἐποίησενς

2265 5797 2407 5851 esto,
2437 5787 2625 5841 tmesis
2661 5787 2751 5841 illa
2785 5791 3055 5857 poeticam
3090 5786 3269 5857 sapiat
3308 5786 3609 5843 licentiam.
3635 5786 3845 5857 Olymp.

2264 5858 2296 5911 le
2317 5858 2394 5927 git
2470 5857 2566 5977 ’ξς
2591 5853 2943 5913 ἐπελεύσεται
2962 5859 3140 5914 ὀπίσω
3155 5853 3255 5930 τῆς
3281 5857 3502 5931 βουλῆς,
3536 5857 3640 5910 ὅσα
3661 5853 3844 5923 ἐποίη-

2266 5945 2360 5980 σεν
2385 5943 2420 5980 α
2459 5945 2488 5980 τ
2514 5966 2547 5980 ,.

2266 5945 2360 5982 σεν
2385 5943 2547 5998 dum.
