4172 6540
373 456 483 523 813

1477 454 1560 514 IN
1592 452 2149 514 ECCLESIASTEN
2185 475 2251 486 -·
2281 451 2428 510 LIB.
2468 452 2548 509 ll-

3543 444 3650 508 814

374 565 634 637 σπουδὴν,
664 562 772 616 τῶν
794 563 929 634 μήτε
960 565 1027 633 τῇ
1060 562 1382 633 ματαιότητι
1412 564 1508 616 καὶ
1536 565 1603 633 τῇ
1627 562 1804 633 φθορᾷ
1830 561 1961 615 καθ-

2069 575 2217 626 sura,
2250 576 2357 614 non
2402 560 2564 613 modo
2599 572 2878 629 nunquam
2914 567 3251 614 evanescunt
3274 569 3369 616 aut
3396 576 3644 616 corrum-

374 658 777 727 υποκειμένων,
814 657 949 725 μήτε
991 656 1099 725 μὴν
1156 655 1564 725 προξενούντων
1620 657 1732 717 τοῖς
1783 657 1958 726 πράτ-

374 768 530 803 τουσι
584 748 947 809 ἀνυποίστους
1009 747 1296 812 κολάσεις,
1360 748 1478 803 ἀλλ’
1532 748 1773 818 ἔμπαλιν
1821 748 1961 819 ἀκη-

380 842 577 912 ράτους
610 839 849 909 ἀμοιϐὰς
880 840 976 893 καὶ
1007 840 1424 906 διαιωνίζουσαν
1489 841 1839 910 ἁγαλλίάσιν.
1894 842 1961 893 Ol

374 936 486 1005 γὰρ
536 933 787 993 ἀϐούλως
818 931 1055 1000 δρῶντες
1087 932 1247 986 τοῦτο
1286 934 1531 999 κάκεῖνο,
1594 933 1668 1004 μὴ
1709 950 1962 1004 προηγη-

376 1028 625 1097 σαμένης
668 1027 769 1096 τῆς
800 1029 858 1079 ὲν
907 1026 1165 1096 φρονήσει
1189 1030 1284 1079 καὶ
1328 1026 1492 1096 σοφίᾳ
1545 1025 1763 1095 βουλῆς,
1790 1043 1961 1096 προσ-

375 1122 639 1173 κόπτουσι
693 1116 951 1187 συνεχῶς,
1002 1116 1141 1186 πρὸς
1191 1115 1228 1171 ἃ
1296 1116 1372 1187 μὴ
1422 1118 1579 1187 θέμις
1636 1118 1963 1189 κατολισθή-

377 1226 572 1270 σαντες
598 1225 611 1237 ·
655 1206 752 1261 καὶ
783 1204 1277 1277 μεταϐουλεύονται
1348 1206 1448 1278 μὲν
1485 1206 1962 1278 μεταμεληθέντες

376 1303 471 1355 καὶ
496 1300 825 1369 διαγνόντες,
859 1299 1235 1354 ἀνασκευάσαι
1276 1299 1335 1353 δὲ
1400 1299 1504 1371 τῆς
1554 1300 1811 1364 ἀϐουλίας
1863 1300 1963 1373 τὴν

377 1393 581 1465 πρᾶξιν
620 1394 723 1446 οὐκ
753 1390 1119 1462 ὲξισχύουσιν,
1152 1395 1200 1445 εί
1239 1393 1314 1465 μὴ
1347 1394 1587 1448 τοιοῦτον
1617 1394 1868 1468 εὑρεθείη
1900 1395 1962 1448 τὸ

376 1485 760 1554 ὑποκείμενον,
802 1482 879 1546 ὼς
922 1482 1176 1553 δέχεσθαι
1225 1483 1312 1537 διὰ
1376 1486 1476 1555 τῆς
1524 1484 1812 1555 μετανοίας
1862 1486 1962 1558 τὴν

379 1579 528 1630 ίασιν
596 1576 694 1629 καὶ
738 1574 879 1646 πρὸς
942 1576 1043 1645 τὴν
1102 1576 1385 1647 προτέραν
1456 1577 1798 1633 κατάστασιν
1860 1579 1962 1632 ἒπ-

377 1669 699 1739 ανόρθωσιν.
723 1667 823 1722 Διὰ
849 1666 1012 1721 τοῦτό
1040 1668 1175 1739 φησί
1201 1686 1305 1722 που
1328 1668 1390 1723 τὸ
1421 1672 1734 1739 σοφώτατον
1760 1671 1959 1740 λόγιον,

383 1782 403 1814 ‹
453 1762 636 1815 Δεινδν
690 1759 1077 1831 ὑπεροὸουλία
1142 1760 1218 1832 μὴ
1268 1761 1537 1833 δεχομένη
1594 1762 1896 1832 βελτίωσιν.
1934 1782 1955 1816 ι

391 1853 609 1926 Ἀμέλει
641 1853 827 1907 τοίνυν
854 1853 1137 1925 ἐπήγαγεο

2063 663 2286 723 puutur,
2343 669 2521 721 neque
2568 655 2928 709 sectatoribus
2959 656 3073 709 suis
3117 654 3490 713 intolerandos
3541 660 3645 713 im-

2064 754 2282 817 portant
2306 747 2584 802 cruciatus
2604 786 2619 811 ,
2647 746 2742 803 sed
2772 748 2933 802 etiam
2985 750 3313 805 immortalis
3349 751 3646 807 intamina-

2063 845 2242 908 taeque
2270 838 2539 894 mercedis
2576 850 2631 893 et
2690 851 3080 909 perpetuorum
3132 842 3458 911 gaudiorum
3492 860 3644 914 spem

2065 932 2290 986 faciunt.
2321 930 2457 984 Nam
2504 932 2682 986 θειονί
2732 932 2975 1001 quidem,
3013 935 3106 1004 qui
3159 935 3262 990 hoc
3307 944 3362 991 et
3391 936 3520 992 illud
3558 937 3646 991 in-

2063 1024 2313 1078 consulte
2338 1032 2529 1093 agunt,
2554 1038 2654 1078 nec
2680 1024 2979 1092 prudentiae
3004 1025 3396 1099 sapientiaeque
3416 1030 3649 1085 consilio

2066 1124 2351 1185 reguntur,
2395 1114 2616 1168 assidue
2663 1113 2966 1179 oll‘endunt,
3007 1116 3056 1170 in
3106 1132 3167 1171 ea
3210 1120 3472 1190 prolapsi,
3526 1138 3652 1193 quae

2065 1206 2185 1261 ﬁeri
2218 1207 2371 1262 nefas
2400 1216 2484 1262 est
2519 1226 2532 1261 :
2566 1222 2631 1261 ac
2662 1207 2981 1276 paenitentia
3012 1209 3235 1279 quidem
3264 1221 3319 1266 et
3337 1215 3653 1283 cognitione

2063 1303 2286 1358 excitati
2317 1302 2611 1358 consilium
2642 1302 2753 1374 49
2784 1312 3020 1369 mutant,
3050 1306 3147 1359 sed
3179 1306 3501 1363 temeritatis
3535 1324 3652 1364 suae

2063 1395 2320 1465 supplere
2342 1395 2581 1450 admissa
2612 1411 2721 1449 non
2747 1403 2998 1464 possunt,
3027 1397 3135 1451 nisi
3162 1397 3408 1452 animum
3444 1398 3518 1453 ita
3551 1400 3653 1454 lia-

2064 1486 2230 1541 beant
2258 1494 2533 1556 paratum,
2568 1498 2627 1539 ut
2669 1485 3005 1557 pcenitentize
3035 1488 3366 1544 medicinam
3407 1506 3518 1546 non
3563 1507 3653 1547 re-
3693 1499 3704 1513 ‘

2064 1586 2244 1648 spuat,
2277 1594 2445 1649 seque
2478 1579 2544 1633 ad
2576 1579 2871 1650 pristinum
2905 1589 3109 1636 statum
3145 1583 3532 1639 emendatione
3563 1600 3652 1640 re-

2062 1672 2246 1725 vocari
2301 1674 2561 1742 patiatur.
2624 1673 2745 1739 Quo
2783 1676 3021 1743 pertinet
3068 1675 3201 1729 illud
3256 1677 3650 1748 sapientissimi

2062 1762 2272 1817 oraculi
2303 1764 2507 1818 dictum
2546 1782 2561 1819 :
2601 1783 2619 1816 ι
2657 1765 2793 1818 Mala
2817 1781 2905 1822 res
2936 1767 3279 1836 poenitentia,
3305 1784 3429 1839 quae
3460 1784 3652 1826 emen-

2063 1856 2340 1912 dationem
2371 1859 2614 1914 excludit
2647 1859 2780 1929 (77).
2821 1879 2840 1912 ι
2874 1858 2995 1915 Jam
3026 1877 3156 1916 vero
3180 1862 3363 1918 addit:
3414 1860 3417 1861 ⁷

1938 1969 1964 2041 §
2007 1969 2102 2025 ιν..
2145 1986 2154 1994 α

454 2084 564 2139 Kal
608 2079 773 2138 εἶδον
820 2080 1071 2153 emam
1099 2078 1232 2134 ἐστι
1274 2082 1593 2151 περίσσεια
1638 2082 1712 2150 τῇ
1770 2085 1956 2153 σοφίᾳ

2132 2085 2292 2143 Vens.
2329 2089 2415 2142 l3.
2451 2087 2520 2141 Et
2554 2090 2658 2143 vidi
2717 2107 2834 2161 ego,
2883 2092 3008 2161 quia
3059 2092 3394 2151 abundantia
3447 2107 3525 2152 est
3558 2116 3650 2154 sa-

378 2175 531 2243 ὐπὲρ
578 2174 693 2241 τὴν
736 2174 1115 2243 ἀφροσύνην,
1162 2171 1244 2240 ὡς
1263 2173 1583 2242 περίσσειιι
1622 2174 1730 2228 τοῦ
1768 2178 1961 2243 φωτὸς

378 2268 532 2337 ὑπὲρ
560 2268 626 2320 τὸ
652 2267 892 2333 σκότος.

451 2358 726 2430 Πρόδηλον
756 2358 831 2422 ὡς
862 2361 930 2429 τῇ
964 2360 1128 2429 σοφίᾳ
1157 2360 1257 2430 τὴν
1296 2359 1612 2433 ἀφροσύνην
1644 2359 1959 2425 ἀντιτιθεὶς,

377 2453 501 2506 ἀντὶ
516 2450 614 2519 τῆς
627 2451 942 2523 φρονήσεως
957 2450 1136 2521 τίθησι
1151 2451 1248 2522 τὴν
1267 2452 1478 2519 σοφίαν.
1499 2450 1562 2503 Ἠ
1579 2451 1685 2523 γὰρ
1703 2451 1963 2521 φρόνησις

380 2545 701 2616 κυριωτάτη
733 2546 828 2597 καὶ
872 2542 1163 2612 βασίλισσα
1194 2544 1305 2597 τῶν
1352 2543 1529 2598 ἄλλων
1561 2543 1711 2597 ἐστὶν
1748 2545 1963 2615 ἀρετῶν

380 2637 638 2692 ἁπασῶν·
673 2639 743 2706 ἦν
790 2638 886 2691 καὶ
932 2638 1251 2708 περίσσειαν
1307 2637 1509 2709 πολλὴν
1542 2638 1688 2709 ἔχειν
1727 2639 1756 2690 ὁ
1801 2640 1962 2707 σοφὸς

380 2727 586 2797 ἔφησεν
647 2725 1103 2797 Ἐκκλησιαστὴς,
1149 2729 1223 2791 ῶς
1251 2728 1311 2781 τὸ
1349 2729 1465 2796 φῶς
1484 2729 1621 2801 πρὸς
1653 2730 1716 2783 τὸ
1746 2729 1957 2794 σκότος.

392 2820 481 2882 Ὠς
539 2818 648 2888 γὰρ
678 2820 737 2871 ἐν
788 2836 868 2889 τῳ
910 2820 1052 2888 φωτὶ
1098 2819 1198 2890 τὴν
1234 2821 1417 2891 κρίσιν
1462 2822 1572 2875 τῶν
1613 2822 1960 2893 πραγμάτων

378 2912 632 2983 ἀκριϐῶς
699 2912 1067 2983 διακρίνουσιν
1124 2913 1401 2982 ἄνθρωποι
1457 2918 1680 2980 πάντες,
1735 2920 1961 2973 καὶτὸν

379 3000 529 3054 λίθον
553 3003 634 3064 ὼς
665 3000 814 3055 λίθον
843 3044 857 3065 ,
887 3002 982 3055 καὶ
1007 3004 1099 3056 τὸν
1129 3004 1294 3074 ἄρτον
1345 3005 1419 3065 ὡς
1470 3006 1634 3077 ἄρτον
1660 3008 1757 3063 νῦν
1791 3028 1958 3081 προσ-

381 3094 767 3157 6λέπουσιν,ὲν
799 3096 854 3148 δὲ
876 3095 953 3165 τῷ
984 3095 1165 3148 σκότει
1197 3096 1395 3166 πολλὴν
1427 3099 1729 3169 πάσχουσιν
1757 3101 1962 3166 eama-

380 3200 506 3252 την,
533 3184 650 3236 ἀντ’
684 3182 861 3236 ἄλλων
888 3183 1024 3238 ἄλλα
1061 3184 1277 3256 δέρκειν
1306 3187 1646 3257 νομίζοντες·
1682 3190 1825 3244 οὕτω
1867 3195 1962 3246 καὶ

383 3275 462 3344 τῷ
480 3277 620 3344 φωτὶ
647 3274 746 3345 τῆς
777 3274 970 3343 σοφίας
994 3276 1113 3347 ἦτοι
1145 3279 1462 3349 φρονήσεως
1488 3283 1965 3355 καταυγαζόμενοι

384 3367 478 3422 τὸν
503 3366 627 3421 νοῦν
652 3369 855 3438 ἥκιστα
884 3368 1335 3439 διαμαρτάνομεν
1362 3371 1473 3423 τῶν
1521 3374 1858 3429 ἀνδανόντων
1887 3377 1964 3447 τῷ

2066 2177 2279 2244 pientiw
2315 2192 2471 2243 super
2509 2180 2821 2247 stultitiam,
2858 2181 2997 2235 sicut
3028 2182 3360 2240 abundantia
3388 2187 3524 2242 lucis
3558 2207 3650 2244 su-

2065 2284 2159 2336 per
2192 2268 2453 2324 tenebras.

2139 2359 2273 2414 Cum
2318 2362 2600 2431 sapientiae
2641 2372 2883 2433 opponat
2922 2366 3234 2432 stultitiam,
3292 2370 3647 2427 manifestum

2068 2460 2154 2505 est
2209 2452 2530 2520 sapientiam
2597 2455 2665 2509 ab
2712 2471 2778 2509 eo
2824 2458 3129 2526 prudentiae
3176 2459 3301 2516 loco
3370 2465 3646 2533 usurpari.

2071 2537 2309 2595 Maxima
2336 2544 2483 2597 enim
2516 2544 2822 2614 prudentia:
2853 2547 2932 2602 vis
2960 2556 3065 2615 est,
3099 2558 3158 2603 ut
3184 2562 3505 2608 czeterarum
3538 2554 3651 2610 vir-

2073 2640 2252 2687 tutum
2283 2636 2530 2689 omnium
2561 2638 2748 2707 regina
2783 2639 3037 2695 videatur
3067 2659 3082 2695 :
3121 2657 3287 2711 quam
3330 2653 3383 2700 et
3425 2647 3652 2716 sapiens

2070 2724 2429 2782 Ecclesiastes
2460 2729 2624 2801 longe
2656 2731 2811 2802 copia
2845 2746 3105 2804 praestare
3138 2736 3294 2806 dicit,
3337 2754 3443 2794 non
3488 2756 3653 2799 secus

2070 2835 2135 2875 ac
2181 2821 2358 2878 lucem
2413 2840 2527 2894 prae
2586 2828 2850 2884 tenebris.
2889 2827 3362 2895 Quemadmodum
3409 2837 3558 2892 enim
3594 2838 3652 2893 in

2070 2911 2188 2968 luce
2237 2916 2546 2971 rectissime
2584 2921 2818 2990 quisque
2864 2923 2933 2976 de
2979 2923 3144 2979 rebus
3188 2926 3418 2996 judicat,
3455 2938 3510 2985 et
3554 2930 3651 3001 qui

2073 3008 2209 3078 lapis
2237 3020 2342 3073 est,
2383 3012 2612 3081 lapidem
2661 3030 2786 3069 esse
2837 3015 3002 3078 videt,
3053 3021 3145 3088 qui
3190 3022 3370 3091 panis,
3409 3040 3605 3094 panem
3632 3068 3652 3094 ,

2072 3100 2126 3153 in
2178 3102 2416 3157 tenebris
2452 3114 2645 3159 contra
2691 3122 2834 3175 saepe
2882 3108 3171 3179 decipitur,
3221 3113 3327 3169 alia
3380 3131 3479 3187 pro
3526 3119 3653 3176 aliis

2071 3193 2175 3248 sibi
2208 3195 2393 3249 videre
2424 3197 2577 3252 visus
2613 3216 2628 3253 :
2667 3198 2743 3253 ita
2790 3208 2843 3254 et
2890 3216 3014 3268 nos,
3069 3204 3159 3259 ubi
3201 3208 3483 3277 sapientiae
3529 3213 3652 3267 sive

2072 3284 2374 3351 prudentiae
2414 3284 2509 3340 lux
2560 3287 2728 3342 menti
2776 3288 3062 3355 aﬂ‘ulserit,
3110 3293 3335 3349 minime
3365 3295 3420 3350 in
3453 3312 3650 3363 eorum

2067 3374 2275 3443 judicio
2305 3377 2566 3442 fallimur,
2604 3395 2726 3449 quae
2759 3379 2871 3434 Deo
2907 3381 3143 3450 placent,
3188 3395 3243 3439 et
3290 3389 3447 3443 nobis
3492 3391 3650 3447 utilia

384 3460 505 3531 Θεῷ
530 3460 626 3515 καὶ
647 3460 960 3515 λυσιτελῶν.
992 3464 1161 3515 Ὅταν
1181 3463 1235 3515 δὲ
1258 3464 1357 3533 τῆς
1377 3468 1695 3537 φρονήσεως
1724 3470 1847 3540 ἦτοι
1870 3470 1963 3540 τῆς

2071 3476 2221 3521 sunt.
2253 3468 2323 3521 At
2349 3485 2481 3524 vero
2507 3486 2632 3525 cum
2662 3472 2955 3542 prudentia
2996 3475 3116 3530 sive
3154 3477 3422 3546 sapientia
3466 3498 3496 3536 a
3537 3482 3651 3539 Deo

382 3554 538 3625 παρὰ
590 3552 726 3607 Θεοῦ
777 3553 1068 3625 δεδομένης
1114 3557 1308 3624 σοφίας
1353 3562 1761 3631 παραρυῶμεν,
1815 3582 1967 3634 τηνι-

383 3645 561 3698 καῦτι
591 3645 681 3697 τὸν
729 3644 920 3715 λύχνον
984 3647 1086 3700 οὐκ
1141 3647 1359 3719 ἔχοντες
1404 3651 1501 3721 τῆς
1553 3653 1718 3724 ζωῆς,
1749 3658 1842 3709 καὶ
1882 3657 1969 3710 διὰ

383 3734 543 3789 τοῦτο
577 3736 653 3807 μὴ
689 3736 1059 3807 διακρίνοντες
1098 3739 1204 3792 τῶν
1251 3742 1597 3813 πραγμάτων
1640 3746 1740 3816 τὴν
1780 3746 1966 3815 φύσιν,

383 3830 505 3881 ἀντὶ
533 3829 640 3881 τῶν
681 3830 1039 3901 μαργαριτῶν
1067 3832 1289 3886 καὶτῶν
1318 3834 1526 3903 τιμίων
1555 3834 1745 3904 λίθων,
1780 3838 1969 3907 δηλον-

383 3921 468 3974 ότι
528 3922 635 3974 τῶν
676 3923 1114 3993 ἀπεικασμένων
1142 3924 1220 3995 τῷ
1245 3925 1431 3979 κάλλει
1469 3927 1578 3980 τῶν
1606 3929 1837 3996 ἀρετῶν,
1870 3931 1968 4002 τὴν

384 4013 598 4083 δυσώδη
630 4015 835 4085 κόπρον
888 4016 1197 4088 αἱρούμεθα
1225 4018 1319 4072 καὶ
1351 4020 1443 4073 τὸν
1490 4021 1833 4090 πατούμενον
1865 4025 1970 4077 ὑπὸ

386 4103 606 4154 πάντων
657 4104 715 4155 ἐν
761 4108 880 4168 ταῖς
910 4105 1195 4168 πλατείαις
1240 4107 1433 4177 πηλὸν,
1470 4109 1639 4179 ἤγουν
1661 4110 1759 4180 τήν
1788 4113 1967 4182 ἁμαρ-

385 4196 528 4247 τίαν.
1962 4210 1965 4211 ⁷

457 4287 553 4349 Τίς
583 4282 676 4340 οὖν
708 4288 995 4358 ἄνθρωπος
1017 4290 1267 4362 εὑρεθείη
1301 4293 1401 4363 τῆς
1435 4293 1691 4366 τοιαύτης
1726 4296 1969 4366 κλήσεως

388 4374 559 4438 ἄξιος,
590 4375 648 4438 ὃς
676 4375 1105 4449 βουλευσάμενος
1126 4384 1392 4453 πρότερον
1407 4384 1501 4437 καὶ
1526 4386 1872 4458 κατειληφὼς
1900 4391 1970 4443 τὰ

386 4464 575 4518 δέοντα
590 4469 684 4521 καὶ
699 4470 1068 4541 συμφέροντα,
1096 4475 1562 4546 κατακολουθήσει
1576 4480 1642 4549 τῇ
1669 4478 1853 4552 βουλῇ,
1875 4482 1970 4535 καὶ

385 4555 455 4607 τὰ
477 4554 613 4626 ἔργα
643 4557 840 4627 πράξει
858 4560 958 4630 τῆς
977 4560 1236 4631 ἀληθείας
1253 4566 1460 4636 καὶτῆς
1481 4567 1831 4641 δικαιοσύνης
1855 4589 1868 4633 ;
1897 4574 1970 4626 Τὸ

388 4643 519 4696 αὐτὸ
550 4645 609 4697 δὲ
654 4646 814 4701 τοῦτο
859 4654 957 4704 καί
983 4650 1143 4723 Ὠσηὲ
1168 4655 1197 4706 ό
1219 4657 1507 4726 προφήτης
1532 4660 1672 4713 κατὰ
1717 4661 1778 4714 τὸ
1815 4664 1968 4730 τέλος

384 4733 483 4802 τῆς
536 4740 877 4809 προφητείας
922 4743 998 4806 ὡς
1031 4744 1255 4814 ἀπορῶν
1299 4743 1419 4799 εἷπε
1443 4765 1456 4778 ·
1484 4754 1618 4821 φησὶ
1647 4754 1777 4825 γάρ,
1819 4776 1836 4806 ι
1869 4759 1912 4809 Τ
1919 4758 1963 4822 ίς

387 4825 552 4892 σοφὸς
582 4830 676 4881 καὶ
709 4833 932 4902 συνήσει
959 4834 1167 4901 ταῦτα;
1189 4837 1221 4907 ἢ
1246 4839 1469 4902 συνετὸς
1486 4843 1578 4895 καὶ
1599 4847 1966 4914 ἐπιγνώσεται

384 4916 557 4982 astat;
589 4918 724 4972 διότι
756 4923 964 4978 εὐθεῖαι
1008 4928 1068 4980 αἱ
1102 4929 1216 4982 ὁδοὶ
1254 4927 1350 4979 τοῦ
1384 4933 1609 5004 Κυρίου,
1648 4938 1740 4991 καὶ
1769 4938 1967 4993 δίκαιοι

386 5010 745 5078 πορεύσονται
788 5019 848 5070 ὲν
880 5020 1075 5086 αὐταῖς
1097 5039 1112 5053 ·
1143 5027 1192 5077 οί
1233 5026 1291 5080 δὲ
1325 5028 1542 5093 ἀσεϐεῖς
1574 5031 1967 5102 ἁσθενήσουσιν

385 5101 451 5196 ἐν
467 5102 679 5168 αὐταῖς.
704 5126 722 5158 ι
744 5112 1037 5182 Προδήλων
1053 5116 1123 5184 γὰ
1132 5135 1161 5189 ρ
1183 5120 1275 5172 καὶ
1294 5123 1588 5191 προφανῶν
1609 5101 1968 5196 ὑπαρχόντων

381 5190 492 5245 τῶν
540 5200 823 5253 σωστικῶν
870 5205 1323 5280 ἐπιτηδευμάτων
1350 5215 1446 5267 καὶ
1501 5216 1643 5268 κατά
1684 5216 1843 5284 λόγον
1874 5219 1968 5270 καὶ

382 5283 527 5337 κατά
546 5287 765 5357 πρᾶξιν,
799 5292 873 5356 ὡς
912 5295 1149 5367 ἔμπαλιν
1190 5304 1299 5358 τῶν
1331 5306 1472 5375 πρὸς
1523 5306 1805 5365 ἀπώλειαν
1838 5329 1964 5365 συν-

380 5375 671 5432 ωθούντων
719 5382 820 5451 τῆς
848 5390 1211 5462 ματαιότητος
1232 5399 1668 5469 σπουδασμάτων
1697 5418 1711 5431 ·
1730 5404 1966 5473 ὁρῶντες

379 5471 428 5519 οἱ
449 5470 733 5539 φιλόκαλοι
764 5478 861 5531 καὶ
878 5479 1149 5550 θεοσεϐεῖς
1167 5489 1259 5543 τὸν
1292 5493 1461 5547 πολὺν
1487 5470 1777 5567 ἄνθρωπον
1791 5516 1962 5552 κατα-

381 5563 689 5633 φρονοῦντα
739 5569 841 5639 μὲν
881 5572 992 5625 τῶν
1030 5581 1387 5649 κρειττόνων,
1438 5565 1871 5661 ἁνθάιρούμενον
1909 5592 1965 5644 δὲ

597 5747 899 5837 ‘linde'bzec
929 5760 1195 5837 sententia
1244 5764 1527 5837 desumpta
1571 5770 1660 5837 sit,
1714 5770 1959 5828 invenire

524 5820 995 5906 ΡίξιυίπηΗδυεῑεξφ
1017 5830 1251 5906 quidem
1279 5820 1791 5906 Gregdrius‘
1806 5820 1956 5899 e-ll'i:

377 5880 505 5939 bliis
524 5880 855 5959 'siguiliCare
885 5880 1255 5965 νιιιειῖιέῖὲεα
1284 5880 1956 5985 ἷιι”ἕιὶἑὶιῖιῖιέἶίῖὰἒ,”ιιῖἓε

2072 3560 2273 3615 tradita
2301 3562 2631 3628 excidimus,
2662 3566 2821 3635 quasi
2857 3568 2978 3622 vita:
3005 3569 3206 3624 amissa
3241 3571 3380 3640 face,
3415 3573 3527 3642 jam
3558 3593 3648 3631 re-

2072 3670 2194 3709 rum
2231 3666 2484 3711 naturam
2539 3659 2766 3714 minime
2814 3660 3231 3733 dignoscitnus,
3285 3677 3337 3721 et
3387 3679 3648 3741 tanquam

2070 3749 2370 3817 margarita
2416 3758 2581 3820 atque
2623 3768 2910 3820 gemmas,
2974 3773 3095 3825 quae
3138 3776 3332 3851 nempe
3382 3764 3647 3821 virtutum

2073 3839 2540 3909 pulchritudinem
2573 3842 2842 3910 referunt,
2872 3839 3528 3921 graveolentem'litu'um,
3560 3868 3649 3911 2t-

2072 3945 2179 3997 que
2205 3932 2451 3985 omnium
2490 3933 2719 4002 pedibus
2753 3935 2942 3992 tritum
2971 3954 3069 4007 per
3098 3941 3216 3996 vias
3249 3957 3491 4011 caenum,
3523 3965 3650 4018 pec-

2072 4033 2253 4078 catum
2286 4025 2497 4080 scilicet
2536 4029 2811 4096 eligimus.

2144 4292 2348 4363 Ecquis
2384 4296 2553 4365 igitur
2599 4296 2767 4352 homo
2812 4299 3123 4357 invenietur
3152 4303 3255 4360 hac
3285 4307 3655 4377 appellatione

2073 4385 2296 4456 dignus,
2332 4388 2426 4457 qui
2460 4397 2706 4459 tempore
2734 4391 2837 4445 sibi
2873 4394 2939 4447 ad
2965 4395 3383 4453 deliberandum
3411 4411 3651 4470 sumpto,

2075 4479 2256 4548 iisque
2298 4481 2607 4549 perpensis,
2660 4499 2784 4552 qute
2831 4486 3081 4552 deceant,
3133 4505 3365 4561 quaeque
3411 4496 3652 4564 prosint.

2074 4571 2368 4627 consilium
2410 4583 2693 4643 sequatur,
2723 4584 2778 4629 et
2806 4593 2930 4646 quae
2956 4595 3083 4634 vera
3125 4590 3180 4635 et
3225 4582 3377 4653 justa
3415 4597 3565 4652 sunt,
3596 4589 3657 4643 in

2075 4662 2144 4719 iis
2174 4678 2232 4718 se
2258 4672 2550 4721 exerceat?
2583 4666 2699 4723 Hoc
2733 4684 2861 4723 vero
2894 4670 3039 4726 idem
3074 4681 3129 4727 et
3176 4671 3348 4731 Oseas
3386 4680 3653 4749 propheta

2076 4755 2130 4810 in
2170 4758 2417 4813 vaticinii
2447 4759 2534 4814 sui
2564 4760 2671 4815 fine
2698 4762 2848 4817 velut
2872 4765 3040 4819 animi
3071 4767 3316 4835 pendens
3344 4775 3655 4841 expressit;

2071 4851 2147 4905 ait
2179 4852 2324 4904 enim
2354 4870 2369 4905 :
2404 4872 2422 4904 ι
2459 4853 2594 4921 Quis
2640 4857 2861 4927 sapiens
2893 4866 2949 4913 et
2982 4857 3248 4931 intelliget
3287 4864 3390 4917 ea?
3439 4875 3534 4919 aut
3567 4868 3650 4920 in-

2071 4944 2321 5015 telligens
2351 4954 2407 4999 et
2433 4959 2732 5017 cognoscet
2763 4950 2872 5003 ea?
2908 4962 3199 5021 propterea
3231 4964 3396 5009 rectae
3426 4959 3526 5011 viae
3552 4956 3657 5011 Du-

2073 5037 2234 5100 mini,
2264 5049 2319 5091 et
2342 5038 2479 5107 justi
2507 5040 2868 5097 ambulabunt
2905 5044 2961 5097 in
2990 5044 3072 5100 eis
3103 5063 3116 5097 z
3149 5046 3301 5116 impii
3336 5062 3468 5102 vero
3501 5049 3655 5103 inﬁr-

2072 5130 2372 5184 mabuntur
2421 5132 2475 5186 in
2527 5133 2662 5203 ipsis
2699 5134 2833 5205 (78).
2866 5154 2885 5187 ι
2922 5135 3060 5191 Cum
3105 5138 3251 5192 enim
3298 5140 3656 5208 perspicuum

2073 5216 2541 5289 manifestumque
2594 5223 2665 5277 sit
2711 5232 2766 5278 et
2809 5240 2877 5279 ex
2920 5225 3083 5281 dictis
3125 5226 3232 5297 50
3260 5236 3317 5283 et
3345 5244 3414 5284 ex
3453 5228 3657 5294 factis.

2071 5312 2496 5368 exercitationes
2523 5315 2645 5370 illas
2665 5317 2937 5374 salutares
2961 5333 3103 5385 esse,
3132 5329 3300 5391 atque
3321 5336 3353 5376 e
3373 5325 3658 5379 contrario

2071 5406 2329 5460 vanitatis
2373 5408 2570 5462 studia
2623 5408 2691 5463 ad
2743 5412 3044 5479 perniciem
3098 5414 3467 5484 compellere;
3527 5418 3661 5474 hinc

2072 5499 2367 5567 probitatis
2393 5502 2724 5572 pietatisque
2748 5505 3015 5573 cultores,
3043 5508 3135 5577 qui
3159 5508 3452 5579 plerosque
3479 5511 3659 5568 homi-

2075 5608 2207 5645 num
2269 5594 2494 5649 meliora
2546 5597 2858 5668 negligere,
2920 5609 2975 5656 et
3012 5601 3263 5674 pejorum
3315 5607 3657 5675 possessioni

2067 5778 2549 5855 exstantknullum
2584 5782 2885 5855 vestigium,
2916 5796 3019 5842 est.

2063 5846 2251 5974 €672.84)
2288 5846 2443 5907 0⁵⁸³⁸
2480 5867 2589 5919 Χιν»
2632 5854 2699 5922 9;
2727 5846 2792 5911 ’ἐι
2824 5854 2969 5911 LXX
3004 5860 3207 5917 habent
3248 5863 3332 5918 ὅτι
3380 5878 3479 5934 pro
3515 5864 3652 5919 διότι

2096 5937 2121 5970 υ
2163 5935 2210 5971 ει
2253 5938 2339 5974 ι...

2096 5935 2339 5975 υυειαι...
