4172 6536
535 412 642 482 815
1621 418 1683 478 S.
1720 418 2106 480 GREGORII
2146 421 2664 484 AGRIGENTINI
3716 426 3823 493 816

536 533 746 587 inhiare
786 530 1026 593 videant,
1069 529 1306 600 quodam
1354 529 1513 599 quasi
1560 540 1786 601 stupore
1827 538 2075 604 oppressi

2188 589 2192 597 _
2220 538 2330 591 τῶν
2365 540 2629 610 χειρόνων
2677 540 2774 610 τὴν
2808 540 3027 611 κτῆσιν,
3061 540 3360 596 κάντεῦθεν
3393 541 3471 606 ὡς
3500 542 3561 596 έν
3593 540 3821 613 ἀμηχα-

540 645 558 677 ι
601 624 739 691 Quis
772 634 857 678 est
887 623 1075 687 homo,
1110 623 1445 685 exclamant,
1492 623 1585 693 qui
1635 625 1973 693 ingredietur
2000 642 2087 695 pos

2231 630 2321 701 νίᾳ
2382 633 2695 702 γενόμενοι,
2743 633 2826 695 τὸ,
2875 651 2895 685 ι
2942 634 3039 697 Τίς
3101 633 3433 705 ἄνθρωπος,
3490 634 3699 703 φασὶν,
3757 636 3821 699 ὃς

530 718 870 773 consilium?
909 736 927 768 ι
956 726 1010 772 et
1037 734 1050 771 :
1081 735 1098 768 ι
1133 716 1271 782 Quis
1304 717 1548 787 sapiens,
1578 727 1634 771 et
1664 720 1934 789 intelliget
1964 721 2059 775 ea?

2228 722 2514 775 ἐλεύσεται
2545 725 2724 778 ὀπίσω
2757 725 2861 795 τῆς
2886 724 3111 797 βουλῆς;
3138 746 3155 779 ι
3177 730 3293 791 καὶ,
3314 746 3332 778 ι
3362 726 3459 789 Τίς
3492 726 3657 795 σοφὸς
3694 744 3823 780 συν-

526 811 710 880 Atque
747 811 893 866 hunc
944 810 1246 875 hominem,
1288 811 1436 881 quod
1485 827 1548 867 ea
1597 813 1649 866 in
1702 828 1763 869 se
1814 830 1927 869 uno
1969 830 2087 869 com

2228 818 2352 883 ήσει
2408 819 2612 884 ταῦτας
2653 837 2674 871 ι
2719 820 2993 890 μακάριον
3049 818 3140 872 τὸν
3196 819 3442 873 τοιοῦτον
3499 818 3574 881 ὡς
3606 818 3676 873 τὰ
3718 821 3822 889 τῆς

527 904 722 973 plexus
751 904 846 970 sit,
888 920 1012 975 qum
1044 903 1404 961 beatitudinis
1433 907 1655 976 propria
1688 916 1852 973 sunt,
1900 908 2087 962 beatum

2231 911 2641 983 μακαριότητος
2678 912 3041 981 ἐκδεξάμενον
3077 912 3461 983 ὀνομάζοντες.
3496 908 3633 966 Εἷτά
3650 927 3821 983 φησιν

526 996 908 1053 denominant.
937 997 1103 1052 Addit
1131 997 1328 1052 deinde
1354 998 1718 1055 Ecclesiastes
1744 1020 1757 1052 :

2225 1006 2254 1056 ὁ
2291 1003 2730 1075 Ἐκκλησιαστής

2111 1188 2235 1263 gv.

603 1305 764 1364 Vens.
791 1307 877 1363 H.
914 1307 1180 1378 Sapientis
1205 1310 1343 1364 oculi
1368 1312 1422 1364 in
1452 1312 1625 1381 capite
1653 1311 1766 1380 ejus
1793 1328 1811 1364 :
1833 1321 1882 1364 et
1913 1310 2108 1365 stultus

520 1406 575 1459 in
608 1402 831 1458 tenebris
863 1403 1102 1458 ambulat
1134 1404 1271 1476 (79).

596 1496 881 1567 Sapientia
915 1497 1079 1552 modo
1105 1498 1352 1553 stultitiae
1390 1502 1660 1568 opposita,
1706 1507 1761 1554 et
1793 1502 2104 1569 prudentia,

519 1590 599 1645 uti
640 1589 755 1660 jam
798 1588 1062 1653 diximus,
1106 1603 1172 1644 eo
1205 1589 1431 1644 nomine
1459 1590 1765 1661 designata,
1817 1599 2107 1659 utramque

517 1683 665 1737 inter
695 1698 752 1737 se
780 1681 1142 1751 comparavit.
1176 1681 1500 1753 Quanquam
1536 1684 1843 1753 prudentia:
1884 1697 1949 1738 ea
1979 1699 2101 1738 cum

520 1778 594 1831 sit
618 1776 938 1830 excellentia
970 1786 1135 1845 atque
1156 1775 1394 1842 bonitas,
1430 1792 1667 1847 quacum
1703 1777 1915 1832 institui
1947 1793 2103 1833 com-

516 1868 732 1939 paratio
762 1868 910 1921 nulla
946 1867 1142 1937 possit,
1170 1878 1361 1923 nostra
1388 1883 1609 1939 quoque
1642 1869 1830 1938 opinio
1856 1878 1961 1934 est,
1991 1885 2098 1925 non

516 1972 629 2017 tam
666 1960 1136 2029 comparationem
1172 1961 1314 2017 hanc
1354 1977 1496 2027 esse,
1544 1977 1709 2031 quam
1760 1978 1943 2017 rerum
1984 1963 2101 2018 dis-

512 2054 992 2126 junctissimarum
1021 2055 1425 2125 oppositionem
1462 2073 1476 2110 ε
1510 2055 1976 2125 quemadmodum
2008 2058 2100 2112 lux

514 2150 679 2206 etiam
719 2158 772 2204 ct
804 2150 1042 2203 teuebra:
1088 2164 1287 2217 magno
1337 2149 1525 2219 utique
1572 2151 1893 2205 discrimine
1925 2167 2100 2222 oppo-

515 2250 746 2296 nuntur.
782 2240 918 2294 Nam
967 2254 1091 2296 cum
1139 2242 1234 2308 ait,
1283 2242 1461 2311 qualis
1506 2242 1578 2296 sit
1622 2243 1760 2297 lueis
1802 2242 1958 2312 copia
1990 2258 2100 2312 prae

512 2333 782 2400 tenebris,
814 2334 977 2388 talem
1006 2333 1205 2388 essein
1233 2335 1501 2404 sapientia
1535 2337 1904 2405 prmstantiatn
1930 2351 2098 2406 supra

514 2429 830 2493 stultitiam,
866 2429 940 2482 ita
971 2443 1085 2482 rem
1121 2429 1448 2491 enuntiavit,
1482 2438 1678 2483 utnon
1712 2430 1939 2484 alteram
1968 2447 2094 2487 cum

510 2521 682 2575 altera
717 2520 1031 2584 conferret,
1072 2521 1166 2575 sed
1219 2537 1493 2577 summam
1543 2525 1830 2594 utriusque
1873 2525 2097 2593 opposi-

508 2617 718 2671 tionem
749 2615 1155 2671 demonstraret
1189 2616 1325 2687 (80).
1376 2615 1667 2672 Enimvero
1710 2618 1796 2672 his
1842 2618 2092 2687 prolatis,

507 2726 603 2766 eos
625 2711 739 2780 jam
768 2710 1101 2782 aggreditur,
1148 2710 1241 2781 qui
1280 2725 1478 2765 nomen
1511 2710 1638 2765 inde
1675 2711 1907 2779 ducunt,
1939 2727 1969 2765 a
2004 2718 2094 2768 sa;-

506 2804 714 2873 pientia
769 2803 1095 2873 sapientem,
1150 2820 1179 2856 a
1222 2801 1453 2858 stultitia
1501 2803 1752 2866 stultum,
1804 2805 2092 2876 palamque

509 2893 812 2961 contendit,
849 2895 1083 2965 sapienti
1116 2894 1336 2963 quidem
1364 2895 1556 2947 oculos
1589 2894 1641 2947 in
1670 2895 1846 2964 capite
1869 2910 2007 2960 esse,
2035 2904 2092 2952 at

506 2984 737 3039 stultum
777 2994 832 3038 et
859 2985 1038 3039 oculis
1081 2993 1135 3038 ct
1168 2985 1315 3039 omni
1348 2984 1565 3038 videndi
1604 2984 1862 3040 facultate
1895 2988 1964 3042 ita
1996 3003 2091 3043 ca-

506 3092 648 3141 rere,
687 3088 745 3131 ut
772 3078 1056 3148 perpetuis
1085 3078 1138 3131 in
1167 3078 1404 3133 tenebris
1434 3087 1707 3144 versetur,
1757 3081 1812 3134 in
1839 3081 1909 3137 iis
1935 3097 2091 3137 nem-
2114 3077 2161 3140 C

503 3184 599 3240 pe,
637 3185 760 3240 qua:
799 3185 828 3224 a
856 3178 1080 3240 peccato
1108 3178 1257 3223 sunt.

575 3264 644 3317 At
672 3278 770 3317 cur
804 3263 1022 3317 tandem
1059 3264 1164 3317 hoc
1208 3264 1299 3318 ille
1345 3272 1574 3334 prolert,
1620 3274 1676 3321 et
1704 3267 1862 3338 quasi
1897 3269 2092 3339 cogni-

503 3356 655 3410 tione
682 3356 907 3426 dignum
939 3356 1235 3426 proponit?
1280 3374 1403 3412 cum
1436 3376 1629 3416 omnes
1662 3362 1912 3418 homines
1942 3364 2089 3433 ipsa-

502 3464 609 3517 que
651 3448 974 3516 animantia,
1026 3465 1151 3519 quze
1186 3451 1426 3507 hominis
1456 3468 1622 3508 causa
1672 3466 1802 3509 sunt
1845 3456 2089 3522 condita,

500 3540 786 3593 oculorum
842 3540 1013 3594 aciem
1070 3543 1123 3596 in
1165 3543 1343 3613 capite
1375 3559 1487 3613 prte
1519 3559 1579 3599 se
1607 3547 1805 3600 ferant.
1856 3545 1991 3601 Nam
2022 3549 2090 3603 de

501 3632 748 3701 quinque
794 3631 896 3702 5]
945 3633 1053 3688 illis
1081 3635 1359 3699 sensibus,
1413 3636 1507 3706 qui
1546 3651 1575 3691 a
1621 3652 1804 3693 rerum
1838 3641 2087 3695 omnium

499 3737 723 3779 auctore
755 3727 1133 3783 animantibus
1185 3728 1375 3783 tributi
1432 3740 1583 3796 sunt,
1632 3744 1871 3803 quatuor
1914 3735 2090 3789 mani-

500 3816 640 3870 festo
675 3828 839 3886 caput
884 3827 1142 3886 ostentat,
1180 3821 1359 3875 visum
1403 3838 1599 3895 nempe
1643 3835 1698 3880 et
1736 3826 1983 3881 attditum
2032 3835 2088 3882 et

497 3908 763 3962 oll'actum
797 3918 850 3963 et
882 3920 1123 3980 gustum,
1156 3921 1218 3966 ut
1257 3928 1417 3969 nemo
1454 3917 1696 3986 ignorat.
1732 3918 1888 3986 Quod
1922 3920 2087 3991 igitur

496 4019 689 4057 omnes
738 4019 893 4074 aeque
934 4006 1138 4070 sciunt,
1190 4007 1355 4074 quid,
1418 4008 1668 4079 inquam,
1720 4009 2085 4070 Ecclesiastes

496 4096 653 4165 quasi
685 4097 1022 4167 przecipuum
1058 4098 1267 4169 aliquid
1304 4115 1369 4155 ac
1396 4104 1749 4174 peregrinum
1788 4107 2086 4176 proponit?

498 4187 699 4244 Verum
736 4191 897 4260 plane
945 4191 1139 4262 liquet,
1185 4194 1427 4263 potiores
1457 4197 1741 4254 rationalis
1773 4199 2083 4271 intelligen-

493 4280 680 4350 tisque
722 4282 894 4335 animi
932 4283 1177 4339 hominis
1219 4287 1492 4355 potentias
1531 4287 1600 4341 ab
1628 4303 1694 4343 eo
1722 4303 1845 4345 esse
1890 4290 2081 4345 oculos

493 4374 761 4443 sapientis
804 4373 1146 4444 appellatos;
1202 4378 1402 4449 quippe
1430 4380 1486 4434 hi
1515 4390 1667 4445 sunt,
1697 4382 1788 4452 qui
1822 4392 2075 4438 naturam

491 4465 764 4533 cujusque
792 4465 869 4519 rei
917 4466 1221 4537 dispiciunt
1257 4480 1421 4538 atque
1459 4470 1763 4527 intuentur.
1810 4472 1920 4530 Nec
1944 4491 2076 4531 vero

490 4571 587 4612 eos
639 4556 803 4611 habet
850 4558 1081 4625 stultus,
1129 4563 1219 4634 qui
1253 4563 1598 4632 prudentiam
1630 4567 1937 4623 voluntaria
1969 4569 2082 4638 pri-

490 4649 715 4705 vatione
751 4651 960 4707 amisit.
1000 4653 1185 4725 itaque
1228 4671 1329 4712 nec
1373 4670 1613 4714 mentem
1663 4661 1862 4716 acriter
1900 4663 2081 4718 inten-

489 4742 649 4808 dens,
685 4744 751 4799 ad
784 4760 1001 4814 eorum,
1029 4763 1153 4817 quae
1197 4749 1445 4819 subjecta
1488 4763 1638 4817 sunt,
1686 4753 2077 4824 cognitionem,

488 4845 586 4891 aut
609 4837 676 4891 ad
701 4852 917 4904 eorum,
950 4856 1073 4909 quae
1097 4842 1326 4899 edoctus
1363 4844 1489 4910 fuit,
1532 4845 1949 4916 intelligentiam
1983 4849 2079 4903 ad-

487 4930 671 4999 hibet;
746 4938 802 4987 et
851 4933 1003 4987 nulla
1053 4936 1418 4992 ratiocinandi
1482 4939 1707 5010 verique
1761 4941 2077 4998 inveniendi

483 5027 883 5083 exercitatione
924 5030 1197 5097 excultus,
1254 5031 1425 5102 ipsam
1467 5032 1810 5105 intelligendi
1842 5036 2076 5093 faculta-

484 5125 592 5172 tem
624 5134 734 5188 quo
768 5129 929 5191 pacto
962 5133 1272 5193 expromat,
1306 5139 1420 5182 non
1453 5134 1601 5183 tenet
1626 5126 1765 5199 (8i).

519 5314 667 5427 1.
700 5315 845 5369 LXX
891 5318 1113 5388 habent,
1154 5324 1216 5376 OE
1251 5324 1523 5397 ὀφθαλμοὶ
1558 5327 1725 5383 αὐτοῦ
1767 5331 1827 5385 ὲν
1858 5332 2069 5405 κεφαλῇ

478 5401 744 5439 αυτου....
1941 5401 1947 5402 ί
2044 5401 2067 5405 ν’

487 5454 665 5541 ,(80)
703 5458 969 5529 Gregorio
1005 5460 1443 5541 Neoczesariensi
1490 5470 1779 5540 astipulari
1831 5472 2067 5541 videtur,

369 5517 374 5520 ’
476 5517 930 5601 (ιιιί-ρέθεεοξίυι
980 5535 1139 5593 solet.
1176 5536 1414 5599 locutus,
1456 5517 1786 5596 sententiam
1819 5517 2068 5601 ἐδηιᾌέἰῆ

474 5596 660 5677 verbis
697 5600 980 5684 conclusit.
1022 5608 1365 5684 perpaucis:
1402 5596 1485 5684 ait
1522 5612 1667 5684 enim
1704 5632 1716 5666 :
1747 5596 2071 5684 φρριήςέέὶιὶξ

639 5670 734 5721 καὶ
773 5670 1086 5755 ἀφροσύνης
1120 5670 1254 5755 πολὺ
1285 5679 1345 5755 τὸ
1375 5680 1563 5755 μέσον,
1595 5670 1926 5755 διαφοράἶδὲ
1957 5670 2069 5755 ἀμί

476 5742 901 5823 φὶοίνΙτοσαύτη,
940 5742 1150 5823 ὅσηπερ
1194 5742 1409 5823 ἡμέρας
1458 5752 1597 5821 πρὸς
1638 5742 1829 5808 νύκτα.
1868 5754 1922 5809 ld
1957 5742 2061 5823 est,

474 5807 774 5891 Prudentia
811 5807 951 5867 enim
998 5807 1355 5891 etdeme'ntia
1388 5807 1594 5891 ὶηαρηὸ
1637 5807 1922 5880 interuallo

464 5889 671 5943 Juncla:
700 5893 843 5947 sunt,
878 5902 967 5939 nec
1001 5888 1173 5942 minus
1206 5890 1342 5943 inter
1374 5888 1653 5962 utramque
1679 5906 1755 5950 est
1791 5898 2062 5955 discrimi-

2293 1302 2406 1357 Τοῦ
2435 1299 2638 1370 σοφοῦ
2674 1300 2731 1352 οὶ
2764 1295 3065 1368 ὀφθαλμοί
3087 1295 3158 1350 ἐν
3184 1293 3426 1366 κεφαλῇ
3456 1294 3681 1351 αὐτοῦ·
3706 1295 3810 1351 καί

2215 1397 2249 1450 ό
2271 1394 2477 1463 ἄφρων
2496 1391 2569 1446 ἐν
2603 1390 2815 1445 σκότει
2844 1389 3182 1458 πορεύεται.

2284 1484 2581 1559 Προσεχῶς
2606 1483 3008 1554 ἀντιπαραθεὶς
3035 1484 3100 1553 τῇ
3143 1481 3307 1554 σοφίᾳ
3334 1481 3433 1553 τὴν
3469 1480 3806 1553 ἀφροσύνην,

2211 1579 2300 1633 διὰ
2329 1580 2429 1648 τῆς
2457 1577 2653 1647 σοφίας
2689 1576 2977 1647 σημαίνων
3011 1576 3113 1646 τὴν
3143 1576 3433 1646 φρόνησιν,
3459 1573 3535 1637 ὡς
3557 1572 3808 1643 ἐφθημεν

2211 1673 2483 1734 εἰπόντες,
2509 1670 2608 1724 καὶ
2640 1667 2940 1739 συγκρίνας
2970 1667 3235 1739 ἑκάτερα.
3260 1666 3523 1734 Καίτοιγε
3545 1666 3645 1734 τῆς
3665 1682 3806 1737 φρο-

2210 1761 2420 1832 νήσεως
2467 1759 2805 1830 ἀσύγκριτον
2841 1758 2944 1829 τὴν
2994 1758 3135 1829 πρὸς
3165 1757 3233 1810 τὸ
3263 1758 3515 1828 κρεῖττον
3568 1757 3806 1827 ἐχούσης

2208 1856 2487 1927 ὑπεροχήν
2508 1873 2521 1886 ·
2563 1856 2639 1917 ὡς
2701 1857 2795 1907 καὶ
2824 1855 2975 1924 ἡμᾶς
3007 1853 3369 1925 ὑπειληφέναι
3402 1855 3477 1924 μὴ
3512 1852 3803 1924 σύγκρισιν

2204 1944 2346 2002 εἶναι
2378 1949 2440 2000 τὸ
2468 1947 2784 2019 εἰρημένον,
2816 1946 2953 2000 ἀλλά
2981 1945 3093 2000 τῶν
3131 1948 3318 2017 ἄκρως
3363 1947 3623 2000 ἐναντίων
3652 1947 3803 2000 ἀντι-

2204 2040 2531 2113 παράθεσιν,
2546 2039 2732 2098 καθὼς
2750 2040 2885 2110 πρὸς
2909 2039 3115 2110 ἄλληλα
3136 2040 3350 2108 πέφυκε
3374 2038 3436 2092 τὸ
3456 2038 3571 2109 φῶς
3594 2037 3801 2110 δηλαδὴ

2202 2133 2299 2188 καὶ
2325 2133 2385 2186 τὸ
2411 2133 2625 2197 σκότος.
2649 2132 2835 2185 Εἰπὼν
2858 2132 2986 2204 γάρ,
3013 2132 3088 2194 ὡς
3106 2151 3124 2184 ι
3165 2133 3462 2203 Περίσσεια
3489 2131 3583 2185 τοῦ
3618 2133 3801 2202 φωτὸς

2202 2226 2344 2295 ὑπὲρ
2376 2222 2439 2277 τὸ
2466 2224 2681 2288 σκότος,
2722 2243 2739 2275 ι
2773 2222 2949 2286 οὕτως
2982 2216 3123 2277 εἶναι
3153 2222 3477 2292 περίσσειαν
3512 2222 3655 2293 ὑπὲρ
3696 2223 3797 2291 τὴν

2198 2318 2516 2390 ἀφροσύνην
2563 2318 2663 2386 τὴν
2719 2316 2916 2387 σοφίαν
2967 2315 3357 2386 κατήγγειλεν,
3394 2315 3454 2368 ού
3488 2315 3797 2385 συγκρίνων

2198 2408 2473 2480 ἑκατέραν
2528 2407 2668 2480 πρὸς
2716 2408 3010 2477 ἑκατέραν,
3055 2407 3196 2461 ἀλλὰ
3242 2406 3343 2478 τὴν
3379 2405 3560 2479 ἄκραν
3610 2407 3796 2461 αὐτῶν

2196 2501 2514 2553 ἐναντίωσιν
2544 2499 2794 2554 ἐντεῦθεν
2813 2499 3212 2569 διασημαίνων.
3257 2498 3446 2553 Ταῦτα
3485 2500 3665 2554 τοίνυν
3716 2503 3797 2553 εί-

2196 2591 2313 2645 πὼν
2356 2591 2451 2645 νῦν
2504 2592 2726 2662 ἀμέσως
2774 2593 3196 2663 παραλαμϐάνει
3251 2591 3381 2655 τοὺς
3437 2591 3794 2663 παρωνύμως

2194 2682 2622 2754 ὀνομασθέντας,
2650 2683 2741 2743 τὸν
2781 2683 2882 2753 μὲν
2923 2683 3087 2753 σοφὸν
3115 2684 3179 2737 ἐκ
3210 2682 3313 2754 τῆς
3344 2682 3561 2753 σοφίας,
3593 2684 3703 2738 ἀπὸ
3729 2685 3791 2738 δὲ

2192 2777 2295 2847 τῆς
2350 2777 2668 2849 ἀφροσύνης
2722 2777 2816 2831 τὸν
2868 2776 3099 2846 ἄφρονα,
3133 2778 3229 2830 καὶ
3273 2777 3636 2846 καταγγέλλει
3692 2780 3791 2832 καὶ

2192 2866 2521 2921 διατείνεται
2547 2867 2640 2919 τὸν
2673 2868 2772 2936 μὲν
2806 2867 2969 2936 σοφὸν
2991 2867 3049 2919 ὲν
3074 2869 3141 2937 τῇ
3167 2868 3381 2939 κεφαλῇ
3413 2866 3545 2929 τοὺς
3586 2868 3795 2937 ὀφθαλο

2195 2961 2332 3029 μους
2377 2958 2542 3029 ἔχειν,
2576 2958 2667 3010 τὸν
2704 2957 2918 3028 ἄφρονα
2947 2956 3004 3009 δὲ
3046 2956 3343 3027 μηδαμῶςο
3382 2955 3499 3009 ἀλλ’
3531 2956 3609 3020 ὡς
3642 2957 3788 3027 adp.-

2196 3067 2365 3120 ματον
2420 3051 2517 3104 καὶ
2568 3053 2751 3120 πάσης
2799 3048 3247 3120 ἀπεστερημένον
3290 3051 3554 3122 ὁρατικῆς
3584 3050 3792 3120 ὂψεως,

2194 3143 2254 3196 έν
2287 3142 2365 3213 τῷ
2388 3143 2574 3197 σκότει
2610 3141 2960 3215 πορεύεσθαι,
2985 3140 3231 3211 δηλονότι
3256 3142 3355 3212 τῆς
3379 3142 3676 3213 ἁμαρτίας.

2262 3261 2327 3314 Τί
2350 3261 2554 3331 δήποτε
2581 3261 2640 3314 δὲ
2666 3259 2824 3314 τοῦτό
2852 3276 2989 3329 φησι
3022 3261 3117 3313 καὶ
3143 3258 3361 3331 τίθησιν
3387 3260 3463 3326 ὡς
3486 3260 3638 3327 ἄξιον
3662 3261 3785 3316 δια-

2192 3352 2476 3422 γνώσεως;
2515 3352 2735 3407 πάντων
2762 3351 3072 3422 ἀνθρώπων
3104 3352 3339 3421 ἐχόντων
3365 3353 3422 3407 έν
3461 3355 3528 3424 τῇ
3566 3354 3782 3425 κεφαὶῇ

2190 3446 2289 3508 τὰς
2322 3444 2476 3515 ὄψεις
2516 3445 2628 3497 τῶν
2663 3443 2982 3514 ὀφθαλμῶν,
3025 3442 3107 3496 ἐτι
3150 3444 3248 3498 καὶ
3286 3445 3395 3497 τῶν
3426 3444 3602 3500 ἄλλων
3625 3445 3784 3510 ζώων

2189 3538 2298 3593 τῶν
2316 3539 2641 3608 πεφυκότων
2662 3537 2810 3609 παρά
2833 3538 2925 3591 τὸν
2945 3538 3256 3609 ἄνθρωπον.
3289 3539 3459 3592 Πέντε
3474 3539 3584 3611 γὰρ
3604 3539 3783 3593 οὐσῶν

2189 3630 2591 3702 ἁφορισθεισῶν
2638 3630 2793 3702 παρὰ
2844 3630 2939 3685 τοῦ
2985 3631 3333 3701 Δημιουργοῦ
3360 3634 3474 3695 τοῖς
3504 3631 3667 3697 ζώοις
3695 3636 3783 3686 αἰ-

2190 3723 2456 3793 σθήσεων,
2483 3724 2584 3788 τὰς
2607 3724 2887 3796 τέσσαρας
2913 3725 2947 3794 ἡ
2975 3724 3189 3795 κεφαλὴ
3217 3725 3405 3794 σαφῶς
3429 3726 3780 3796 ἐπιφέρεται,

2186 3816 2288 3888 τὴν
2307 3817 2570 3888 ὁρατικὴν
2597 3816 2841 3886 δηλονότι
2894 3816 2991 3869 καὶ
3039 3818 3140 3888 τὴν
3190 3817 3529 3889 ἀκουστικὴν
3555 3819 3646 3871 καὶ
3681 3819 3781 3889 τὴν

2187 3908 2561 3981 ὀσφραντικὴν
2586 3910 2682 3962 καὶ
2710 3908 2806 3980 τὴν
2837 3909 3136 3980 γευστικὴν
3155 3950 3169 3975 ,
3233 3909 3309 3974 ὡς
3363 3910 3510 3965 ἔστιν
3554 3909 3779 3981 εὔδηλον

2188 4003 2377 4055 πᾶσιν.
2407 4001 2473 4054 '0
2498 4000 2677 4054 τοίνυν
2701 3999 2850 4054 ἴσασι
2887 4002 3091 4066 πάντες
3121 4001 3183 4068 ἐξ
3215 4001 3356 4068 ἴσου,
3386 4003 3439 4056 τί
3460 4002 3664 4074 δήποτε
3691 4004 3777 4057 τί·

2186 4092 2347 4165 θησιν
2389 4094 2419 4147 ὁ
2474 4093 2913 4166 Ἐκκλησιαστὴς
2959 4094 3035 4159 ὡς
3076 4095 3354 4168 ἐξαίρετόν
3382 4114 3434 4151 τι
3459 4097 3553 4151 καὶ
3589 4096 3774 4164 ξένονς

2196 4186 2363 4239 Ἀλλὰ
2405 4186 2676 4257 πρόδηλόν
2702 4188 2820 4241 ἐστι
2853 4189 2951 4241 καὶ
2977 4189 3313 4258 καταφανὲς,
3346 4187 3421 4253 ῶς
3448 4188 3548 4253 τὰς
3589 4205 3778 4261 κυριο-

2180 4275 2346 4349 τέρας
2388 4276 2651 4348 δυνάμεις
2698 4278 2800 4349 τῆς
2839 4278 3067 4350 λογικῆς
3106 4282 3202 4334 καὶ
3231 4284 3429 4351 νοερᾶς
3457 4280 3639 4351 ψυχῆς
3679 4280 3773 4335 τοῦ

2181 4367 2495 4439 ἀνθρώπου,
2520 4370 2614 4424 τὸν
2641 4369 2765 4425 νοῦν
2788 4371 3034 4442 δηλονότι
3057 4373 3150 4427 καὶ
3175 4372 3272 4445 τὴν
3301 4373 3543 4428 διάνοιαν
3566 4373 3772 4443 ὀφθαλ-

2182 4463 2318 4535 μοὺς
2360 4463 2454 4517 τοῦ
2478 4462 2643 4533 σοφοῦ
2675 4465 3146 4536 προσηγόρευσεν,
3174 4466 3272 4521 ἅτε
3306 4467 3637 4539 διορατικῶν
3675 4468 3772 4521 καὶ

2183 4556 2605 4627 προϐλεπτικῶν
2633 4557 2734 4629 τῆς
2764 4559 2849 4628 ἔφ’
2879 4558 3096 4631 ἑκάστῳ
3123 4558 3339 4628 φύσεως
3366 4560 3477 4614 τῶν
3506 4561 3772 4633 πραγμά-

2181 4665 2289 4701 των
2335 4650 2622 4721 προδήλως
2663 4650 2865 4704 ὄντων’
2902 4650 2999 4715 οὓς
3038 4654 3067 4705 δ
3112 4651 3305 4721 ἄφρων
3355 4653 3457 4706 οὐκ
3505 4652 3642 4724 ἔχει,
3669 4653 3771 4725 τὴν

2183 4742 2439 4814 στέρησιν
2486 4742 2775 4808 πεπονθὼς
2835 4743 3088 4808 ἑκούσιος
3138 4745 3240 4815 τῆς
3293 4747 3639 4817 φρονήσεως,
3673 4746 3769 4801 καὶ

2178 4831 2268 4887 διά
2317 4833 2480 4887 τοῦτο
2512 4836 2649 4906 μηδὲ
2681 4836 2773 4889 τὸν
2798 4835 2925 4890 νοῦν
2951 4835 3346 4908 ὀξυδορκοῦντα
3376 4839 3474 4892 καὶ
3508 4838 3646 4909 πρὸς
3670 4839 3769 4910 τὴν

2177 4923 2471 4993 διάγνωσιν
2508 4924 2620 4978 τῶν
2670 4926 3053 4997 ὑποκειμένων
3104 4928 3327 4998 ἀμέσως
3381 4928 3765 4997 ἐπιϐάλλοντα,

2176 5018 2270 5071 καὶ
2298 5017 2397 5089 τὴν
2431 5017 2540 5072 τῶν
2565 5019 2907 5089 δεδεγμένων
2950 5020 3260 5092 κατάληψιν
3280 5038 3296 5053 ο
3331 5022 3458 5076 οὔτε
3510 5022 3619 5095 μὴν
3666 5023 3767 5094 τὴν

2175 5109 2414 5165 διάνοιαν
2447 5111 2555 5165 ἀπὸ
2591 5112 2691 5184 τῆς
2726 5111 2819 5165 τοῦ
2876 5111 2971 5166 νοῦ
3023 5114 3257 5185 θεωρίας
3285 5113 3764 5188 συλλογιζομένην,

2175 5202 2272 5256 καὶ
2296 5203 2395 5273 τῆς
2422 5202 2685 5276 ἀληθείας
2712 5204 2813 5275 τὴν
2846 5204 3140 5274 διάγνωσιν
3168 5206 3617 5277 ὲξευρίσκουσαν.

2177 5338 2633 5414 nis,_qua_u_t_inter
2661 5340 2802 5414 diem
2825 5351 2881 5414 et
2908 5351 3133 5414 noctem.
3167 5341 3246 5413 (In
3287 5344 3524 5413 Metaplt.
3555 5344 3727 5414 Eccl.)

2245 5412 2361 5479 (81)
2393 5410 2536 5464 Nihil
2572 5411 2639 5465 ab
2675 5412 2759 5465 his
2783 5412 3059 5481 discrepat
3084 5410 3265 5468 Basilii
3298 5410 3765 5474 Neocaesariensis

2175 5478 2580 5558 interpretatio,
2623 5482 2713 5558 cui
2759 5478 3016 5558 sapientis
3052 5485 3191 5558 oculi
3221 5496 3362 5558 sunt
3397 5490 3767 5558 προορατικὸν

2174 5552 2268 5626 καλ
2296 5553 2770 5626 περιεσκεμμένον
2793 5554 2853 5605 τὸ
2880 5554 3123 5624 κρυπτὸν
3152 5556 3245 5609 τοῦ
3284 5552 3471 5625 σοφοῦ,
3501 5552 3618 5613 sive
3641 5574 3767 5626 pro-

2171 5621 2413 5697 uidentia
2443 5621 2949 5697 circumspectioque
2976 5627 3189 5679 occulta
3215 5621 3494 5694 sapientis.
3536 5621 3761 5697 (linuiil.

2174 5693 2227 5746 in
2268 5709 2351 5760 ps.
2389 5693 2623 5768 xxxiii.)
2647 5696 2717 5746 At
2754 5695 3186 5765 Chrysostomus
3239 5693 3307 5752 de
3355 5693 3549 5753 studio
3578 5702 3765 5768 potius

2174 5778 2361 5839 rerum
2414 5765 2749 5839 ctelestiutn,
2783 5781 2914 5839 __quo
2970 5768 3192 5836 sapiens
3245 5770 3457 5836 ﬂagrat,
3512 5765 3765 5839 accipere

2174 5834 2369 5907 maluit
2401 5853 2424 5907 εί
2452 5835 2533 5888 sic
2578 5836 2722 5888 enim
2756 5836 2970 5907 dictum
3012 5834 3249 5907 explicat
3285 5858 3297 5893 :
3324 5834 3611 5902 Ἶόυτέστι,
3632 5834 3764 5893 ’τῶν

2173 5905 2324 5959 κάτω
2355 5906 2576 5963 πάντων
2602 5906 2968 5977 ἀπήλλακται,
3013 5905 3107 5963 καὶ
3134 5911 3510 5982 οὐρανοπολεῖ,
3539 5913 3631 5966 καὶ
3663 5928 3762 5983 μειο
