4172 6506
346 378 454 444 817

1426 382 1511 442 IN
1538 383 2133 445 ECCLESIASTEN.
2165 410 2239 421 --
2270 384 2420 445 LIB.
2452 384 2534 445 II.

3527 381 3633 448 813

417 485 750 558 Παραδόξως
777 484 872 541 οὖν
902 488 964 541 τό
1016 488 1193 558 παρὸν
1248 489 1412 561 ῥητὸν
1458 490 1811 562 διεμόρφωσε
1850 492 1945 545 καὶ

2118 492 2302 559 Quare
2315 491 2537 547 eﬂ‘atum
2557 490 2681 559 hoc,
2695 510 2712 542 ι
2733 488 3008 561 Sapientis
3027 489 3172 547 oculi
3192 490 3245 546 in
3267 459 3443 563 capite
3458 491 3596 563 ejus.
3610 513 3630 545 ι

343 579 779 650 διεσχημάτισεν
802 582 830 633 6
856 580 1020 650 σοφὸς
1067 580 1526 653 Ἐκκλησιαστὴς,
1556 582 1757 650 εἰπὼν,
1794 603 1812 636 ι
1837 582 1946 638 Τοῦ

347 671 521 740 σοφοῦ
552 672 581 724 6
605 672 878 743 ὀφθαλμοὶ
908 673 969 726 ὲν
1001 673 1216 745 κεφαλῇ
1259 674 1446 739 αὐτοῦ,
1482 694 1501 726 ι
1549 675 1677 738 τοὺς
1723 677 1950 745 νοητοὺς

345 765 671 835 ὀφθαλμοὺς
728 764 932 835 δηλαδὴ
989 766 1240 835 φάσκων,
1277 766 1353 831 ὡς
1394 765 1643 838 ἐφθημεν
1672 768 1948 836 εἰπόντες,

344 852 442 917 οὒς
465 855 526 907 οὐ
556 854 722 924 μόνον
747 855 816 909 τά
843 855 1009 909 λοιπά
1037 856 1146 910 τῶν
1191 858 1405 926 ἀλόγων
1447 856 1605 921 ζώων
1652 860 1758 918 οὐκ
1797 859 1951 930 ἐχου-

347 965 456 1014 σιν,
484 947 601 1001 ἀλλ’
628 948 739 1002 οὐδ’
768 949 819 1002 οί
847 949 1095 1003 πλεῖστοι
1132 950 1241 1004 τῶν
1274 950 1605 1022 ἀνθρώπων,
1641 953 1722 1015 ὡς
1760 952 1954 1009 αὐθαι-

349 1041 524 1111 ρέτως
562 1040 839 1109 μύσαντες
869 1041 1088 1106 αὐτοὺς,
1153 1042 1251 1097 καλ⁵
1303 1044 1442 1115 πρὸς
1493 1045 1592 1109 τὰς
1639 1045 1797 1111 ὁδοὺς
1850 1046 1953 1117 τῆς

344 1132 629 1196 ἀπωλείας
661 1134 1102 1206 παραωρέντες.
1153 1135 1324 1190 Μόνοι
1376 1136 1435 1189 δὲ
1493 1136 1689 1207 σαφῶς
1734 1140 1954 1210 ἔχουσιν

344 1225 397 1277 οἱ
434 1226 589 1293 σοφοὶ
616 1227 717 1297 τῆς
752 1227 961 1282 ἄνωθεν
1004 1228 1304 1300 ἠξιωμένοι
1346 1229 1561 1300 σοφίας,
1616 1210 1703 1284 διδ-μ
1736 1228 1805 1305 ἦς
1853 1232 1956 1304 τὴν

346 1320 588 1389 φυσικὴν
642 1320 908 1392 φρόνησιν
970 1320 1253 1393 ἀλώὸητον
1312 1321 1686 1393 διεφύλαξαντ
1732 1324 1809 1388 ὡς
1861 1326 1957 1379 καὶ

341 1408 417 1461 δι’
442 1410 575 1462 αὐτὸ
606 1409 770 1463 τοῦτο
802 1411 1089 1465 καλεῖσθαι
1144 1414 1327 1482 σοφοὶ,
1379 1412 1470 1466 διὰ
1511 1414 1574 1467 τὸ
1616 1416 1797 1485 σοφῶς
1853 1433 1953 1470 πο-

346 1501 659 1556 λιτεύεσθαι
708 1505 804 1557 καὶ
853 1501 976 1576 ζῇν,
1012 1505 1107 1558 καὶ
1161 1504 1430 1577 μηδαμῶς
1460 1508 1835 1577 προσκόπτειν
1896 1511 1956 1564 ἐν

346 1597 472 1658 ταῖς
504 1595 756 1666 πορείαις
790 1597 971 1650 αὐτῶν
1005 1613 1020 1629 ο
1056 1596 1241 1661 καθὼς
1270 1599 1398 1662 τοὺς
1447 1597 1727 1662 τοιούτους
1784 1602 1958 1655 αἰνιτ-

346 1688 579 1757 τόμενος
629 1687 838 1759 Κύριος
887 1688 1081 1759 ἔφησε,
1148 1710 1166 1742 ι
1200 1691 1318 1753 Πᾶς
1366 1690 1396 1742 ό
1444 1689 1627 1760 φαῦλα
1692 1693 1956 1764 πράσσων

353 1781 507 1851 μισεῖ
529 1778 592 1834 τδ
621 1781 759 1850 φῶς,
797 1780 885 1835 ἴνα
918 1780 993 1853 μὴ
1046 1782 1277 1853 ἐλεγχθῇ
1323 1781 1395 1837 τὰ
1437 1782 1578 1855 ἔργα
1636 1784 1830 1840 αὐτοῦ.
1893 1787 1955 1841 'O

2049 593 2312 655 tanquam
2350 585 2690 655 paradoxum
2729 585 2955 655 aliquod
3004 586 3226 656 sapiens
3274 584 3639 641 Ecclesiastes

2050 677 2321 748 expressit
2355 677 2691 747 aptavitque,
2749 678 2942 732 oculos
2987 677 3198 734 scilicet
3236 680 3438 733 mentis
3471 678 3644 747 signi-

2054 771 2247 835 ﬁcans,
2293 771 2371 825 uti
2403 770 2656 840 superius
2690 769 2952 836 diximus,
3000 787 3147 847 quos
3180 788 3289 827 non
3320 772 3501 826 solum
3530 788 3642 826 eaa-

2050 872 2169 919 tera
2195 861 2495 917 animantia
2526 860 2764 916 rationis
2781 861 3048 931 expertia,
3082 861 3176 916 sed
3199 860 3448 931 plerique
3471 860 3638 915 etiam

2052 956 2340 1012 hominum
2373 970 2484 1010 non
2530 954 2765 1017 habent,
2818 969 2942 1009 cum
2980 955 3035 1009 in
3067 954 3186 1008 vias
3232 950 3484 1009 interitus
3518 969 3642 1023 per-

2053 1048 2236 1115 tracti,
2278 1048 2425 1102 ultro
2471 1046 2573 1116 ipsi
2624 1045 2885 1100 claudant
2925 1064 2939 1099 :
2980 1053 3038 1099 at
3078 1044 3176 1099 uni
3225 1042 3345 1099 sine
3395 1043 3561 1098 dubio
3604 1043 3643 1097 ii

2054 1141 2257 1196 habent
2286 1139 2581 1210 sapientes,
2616 1138 2821 1208 quibus
2871 1138 2999 1193 data
3046 1136 3312 1192 divinitus
3368 1136 3637 1206 sapientia

2052 1241 2155 1299 est,
2186 1232 2344 1301 cujus
2386 1245 2491 1302 ope
2540 1231 2846 1286 naturalem
2880 1230 3229 1301 prudentiam
3273 1230 3499 1285 illaesam
3526 1246 3643 1285 ser-

2052 1332 2354 1389 vaverunt;
2401 1322 2502 1377 hac
2549 1321 2666 1391 ipsa
2696 1321 2766 1375 de
2795 1335 2963 1376 causa
3007 1320 3284 1389 sapientes
3319 1321 3638 1389 nuncupati,

2054 1417 2201 1487 quod
2231 1430 2410 1469 agrum
2451 1431 2613 1470 suum
2662 1414 2936 1485 sapienter
2989 1420 3235 1482 agentes,
3281 1427 3554 1482 nusquam
3585 1412 3641 1466 in

2054 1509 2179 1562 vita:
2229 1507 2507 1564 curriculo
2554 1507 2883 1577 impingam.
2921 1505 3042 1572 Quo
3096 1504 3370 1575 pertinent
3406 1518 3528 1573 qua:
3576 1504 3643 1559 de

2055 1599 2371 1671 hujusmodi
2405 1598 2725 1653 hominibus
2756 1598 2894 1653 dixit
2920 1596 3223 1652 Dominus:
3261 1614 3279 1648 ι
3310 1594 3521 1660 Omnis,
3552 1596 3645 1666 qui

2056 1695 2200 1749 male
2228 1694 2361 1766 agit,
2399 1692 2515 1747 odit
2562 1692 2762 1756 lucem,
2793 1701 2848 1747 et
2894 1706 3006 1747 non
3045 1691 3193 1745 venit
3239 1691 3307 1744 ad
3340 1690 3539 1755 lucem,
3583 1699 3644 1744 ut

2057 1804 2167 1844 non
2198 1796 2502 1859 arguantur
2531 1801 2697 1857 opera
2733 1785 2855 1856 ejus
2885 1802 2900 1839 :
2929 1784 3023 1855 qui
3055 1793 3236 1839 autem
3270 1782 3401 1838 facit
3442 1782 3642 1837 verita—

347 1871 408 1924 δὲ
438 1871 609 1926 ποιῶν
638 1872 738 1944 τὴν
792 1871 1053 1944 ἀλήθειαν
1108 1872 1331 1947 ἔρχεται
1385 1875 1526 1948 πρὸς
1573 1876 1636 1930 τὸ
1678 1876 1817 1949 φῶς,
1872 1878 1956 1932 ἵνα

2062 1889 2194 1945 tem,
2228 1880 2379 1935 venit
2407 1879 2475 1934 ad
2508 1878 2707 1942 lucem,
2754 1886 2812 1932 ut
2852 1876 3275 1932 manifestentur
3307 1891 3471 1945 opera
3502 1876 3641 1942 ejus,

349 1963 645 2035 φανερωθῇ
682 1963 851 2018 αὐτοῦ
897 1966 964 2019 τὰ
1006 1965 1166 2037 ἔργα,
1202 1968 1285 2021 ὅτι
1323 1968 1384 2023 ἐν
1417 1969 1536 2040 Θεῷ
1570 1971 1711 2025 εἰσιν
1765 1972 1959 2043 είργα⁹

353 2055 551 2126 σμένα.
590 2076 609 2110 ι
651 2056 712 2111 '0
738 2058 921 2112 τοίνυν
966 2060 1094 2122 τοὺς
1116 2059 1396 2125 τοιούτους
1429 2062 1748 2133 ὀφθαλμοὺς
1782 2065 1958 2120 καθα-

354 2150 485 2220 ροὺς
509 2150 650 2222 ἔχων
682 2151 792 2205 ἀπὺ
829 2152 1014 2224 πάσης
1037 2152 1324 2223 ἐμπαθούς
1370 2154 1575 2226 λήμης,
1629 2157 1960 2227 ἀκυμάντως

351 2241 454 2313 τὴν
479 2242 797 2315 εὐρύχωρον
824 2244 1034 2316 ταύτην
1060 2245 1155 2299 τοῦ
1186 2245 1305 2317 βίου
1332 2249 1428 2302 καὶ
1451 2249 1698 2320 μεγάλην
1749 2250 1957 2305 θάλασ-

354 2333 458 2387 σαν
498 2335 771 2402 διαπλέει,
833 2339 973 2409 μήτε
1019 2341 1142 2403 ταῖς
1198 2338 1481 2412 εὐθηνίαις
1530 2343 1628 2396 τοῦ
1685 2343 1802 2414 βίου
1862 2345 1959 2399 καὶ

350 2429 479 2490 ταῖς
534 2427 865 2499 εὐημερίαις
922 2429 1018 2483 καὶ
1065 2432 1188 2494 ταῖς
1234 2432 1608 2504 ἀνθρωπίναις
1656 2435 1959 2507 εὐφημίαις

352 2519 451 2572 κα)⁸
478 2523 667 2591 τιμαῖς
695 2522 792 2576 καὶ
810 2522 992 2587 δόξαις
1020 2525 1459 2597 ὑπεραιρόμενος
1480 2528 1577 2581 καὶ
1599 2545 1958 2602 καταφρυατ-

351 2611 583 2683 τόμενος
640 2612 751 2667 τῶν
804 2612 1076 2685 πλησίον,
1132 2617 1271 2687 μήτε
1329 2620 1451 2681 ταῖς
1499 2618 1814 2690 δυστυχίαις
1857 2620 1955 2674 καὶ

351 2708 479 2769 ταῖς
528 2704 642 2760 τῶν
696 2706 928 2762 δεόντων
965 2710 1379 2781 ἀποστερήσεσι
1428 2711 1525 2765 καὶ
1570 2714 1694 2777 ταῖς
1750 2713 1959 2787 δυσφη-

356 2797 509 2867 μίαις
538 2798 776 2863 καὶτοῖς
802 2801 1125 2871 ὀνειδισμοῖς
1149 2801 1264 2869 ίκαὶ
1317 2802 1651 2873 φαυλισμοῖς
1700 2803 1812 2857 τῶν
1859 2804 1957 2857 ἀν-

355 2887 596 2960 θρώπων
626 2890 959 2961 ἡττώμενος,
1011 2894 1107 2948 καὶ
1158 2892 1298 2965 πρὸς
1348 2894 1417 2948 τὰ
1476 2895 1739 2966 μηδαμῶς
1800 2895 1960 2951 ἀνδά-

352 2996 518 3035 νοντα
546 2982 626 3052 τῷ
646 2983 767 3055 Θεῴ
799 2984 1202 3057 καθελκόμενος
1227 3003 1241 3018 ·
1280 2986 1397 3040 ἀλλ’
1431 2988 1459 3040 ὁ
1487 2986 1650 3051 αὐτὸς
1679 2987 1954 3058 διαμένων

355 3074 455 3125 καὶ
479 3075 625 3129 κατά
658 3077 726 3130 τὰ
752 3077 893 3131 αὐτά
922 3078 1018 3131 καὶ
1048 3077 1314 3143 ὡσαύτως
1343 3078 1718 3149 διατιθέμενος
1746 3080 1805 3131 ὲν
1837 3082 1958 3146 ταῖς

354 3164 466 3217 τῶν
499 3167 899 3237 ἀντικειμένων
936 3171 1300 3242 συμϐάσεσιν,
1327 3172 1425 3226 ἆτε
1468 3171 1534 3243 δὴ
1563 3173 1692 3237 τοὺς
1734 3174 1957 3245 νοεροὺς

357 3257 674 3329 ὀφθαλμοὺς
702 3260 1161 3332 ἀνατεινομένους
1217 3262 1360 3333 ἔχων
1401 3262 1491 3316 ἀεὶ
1528 3263 1668 3334 πρὸς
1719 3264 1813 3317 τὸν
1854 3264 1955 3336 τῆς
1988 3266 2148 3342 δόξης
2194 3272 2368 3344 ἥλιον,
2428 3274 2521 3328 καὶ
2573 3277 2696 3339 ταῖς
2741 3273 2952 3328 ἐκεῖθεν
3018 3272 3235 3344 αἴγλαις
3300 3273 3646 3342 καταυγαζο-
3752 3288 3755 3289 ⁷

358 3356 560 3426 μένους
588 3358 684 3411 καὶ
710 3358 892 3426 σοφῶς
914 3358 1013 3430 τὴν
1043 3359 1190 3431 ζωὴν
1229 3359 1323 3414 τοῦ
1374 3360 1540 3431 σοφοῦ
1593 3360 1953 3429 διιθύνοντας.

433 3451 496 3505 Ei
526 3451 584 3506 δέ
620 3470 707 3517 τις
742 3453 1034 3525 βουληθείη
1059 3453 1121 3508 τὸ
1153 3456 1316 3533 ῥητὸν
1338 3456 1686 3528 ἑξειληφέναι
1712 3459 1808 3514 καὶ
1833 3461 1956 3513 κατ’
1984 3468 2031 3532 C

354 3542 532 3616 ἀλλην
581 3545 835 3619 ἐκδοχὴν,
891 3546 1312 3619 γλαφυροτέραν
1344 3546 1485 3605 εἶναι
1533 3550 1819 3618 δοκοῦσαν,
1854 3555 1956 3625 οὐχ

354 3636 676 3707 ἁμαρτήσει
707 3637 807 3707 τῆς
838 3638 1122 3709 ἀληθείας.
1154 3641 1220 3695 Et
1254 3642 1363 3714 γὰρ
1415 3642 1630 3714 κεφαλὴ
1685 3645 1785 3716 μέν
1839 3647 1956 3701 ἐστι

354 3726 463 3798 τῆς
504 3724 832 3799 Ἐκκλησίας
865 3732 894 3783 6
951 3732 1189 3803 Χριστὸς
1242 3733 1340 3789 καὶ
1388 3734 1523 3798 Θεὸς
1571 3735 1754 3807 ἡμῶν,
1813 3737 1959 3793 κατά

359 3819 455 3873 τὸν
493 3819 669 3890 μέγαν
705 3820 1058 3891 Ἀπόστολον,
1087 3824 1200 3894 ἔχει
1259 3825 1317 3879 δέ
1367 3843 1453 3891 τις
1501 3827 1591 3881 ἐπ’
1651 3831 1816 3885 αὐτὸν
1863 3834 1959 3885 καὶ

359 3912 497 3976 τοὺς
524 3914 750 3983 νοητοὺς
776 3915 873 3969 καὶ
904 3917 1033 3979 τοὺς
1062 3916 1360 3989 αἰσθητοὺς
1387 3918 1704 3992 ὀφθαλμοὺς
1729 3923 1959 3977 διαπαν-

359 4003 452 4068 τὸς
484 4004 808 4077 ἀφορῶντας
870 4008 965 4063 καὶ
1001 4008 1099 4081 τὴν
1137 4012 1272 4082 παρ’
1310 4011 1477 4065 αὐτοῦ
1521 4012 1822 4085 ζητοῦντας
1858 4017 1959 4069 όδ-

355 4097 526 4166 ηγίαν
546 4100 641 4153 καὶ
692 4099 947 4172 βοήθειαν
985 4102 1080 4156 καὶ
1127 4103 1464 4175 συντήρησιν
1491 4121 1506 4136 θ
1544 4106 1846 4178 ὑπέρτερος
1876 4108 1960 4176 γί-

361 4207 517 4245 νεται
570 4192 682 4245 τῶν
710 4194 994 4264 κοσμικῶν
1029 4195 1407 4267 πειρατηρίων
1434 4196 1530 4253 καὶ
1554 4198 1664 4251 τῶν
1693 4199 1962 4253 πολυπλό-

361 4300 479 4338 κων
508 4282 605 4338 τοῦ
635 4285 890 4339 διαϐόλου
921 4287 1359 4358 μηχανημάτων,
1385 4290 1481 4343 καὶ
1509 4290 1579 4345 τά
1623 4289 1810 4345 σκῶλα
1864 4291 1959 4345 καὶ

362 4375 774 4447 προσκόμματα
813 4378 1162 4449 παραδλὲπει
1192 4380 1290 4435 καὶ
1324 4383 1550 4454 παρορᾷ
1596 4383 1700 4453 τῆς
1752 4383 1961 4455 ἀνθρω-

364 4466 535 4536 πίνης
563 4467 734 4539 ζωῆς,
760 4469 835 4532 ὡς
866 4472 952 4523 ἐπ’
989 4471 1270 4541 ἀσφαλοῦς
1303 4475 1401 4528 καὶ
1428 4474 1654 4545 βεϐαίας
1706 4475 1960 4546 ἀγκύρας

361 4556 755 4629 ἐρηρεισμένος
774 4559 875 4631 τῆς
902 4560 1042 4632 πρὸς
1086 4561 1188 4633 τὴν
1249 4562 1388 4618 ίδίαν
1441 4564 1689 4636 κεφαλὴν
1736 4566 1961 4635 ἀγάπης

364 4649 460 4703 καὶ
480 4649 697 4716 ἐλπίδος
722 4650 820 4707 καὶ
848 4652 1107 4717 πίστεως.
1157 4652 1218 4708 '0
1248 4653 1306 4707 δὲ
1335 4654 1526 4725 ἄφρων
1552 4656 1612 4709 ἐν
1647 4655 1729 4727 τῷ
1775 4656 1958 4712 σκότει

434 4828 482 4861 ³¹
519 4827 683 4890 Joan.
725 4846 811 4897 in,
850 4832 943 4890 20.
1019 4832 1067 4866 ³⁸
1104 4831 1308 4905 Ephes.
1340 4849 1410 4900 ν,
1449 4834 1541 4892 25.

2060 1974 2191 2045 quia
2240 1973 2297 2029 in
2334 1972 2445 2028 Deo
2476 1983 2606 2027 sunt
2648 1970 2793 2026 facta
2819 1970 2885 2024 ³¹.
2925 1969 3067 2040 Ergo
3120 1970 3256 2025 tales
3310 1970 3501 2024 oculos
3549 1968 3646 2037 qui

2060 2066 2248 2134 habet,
2303 2080 2473 2136 puros
2511 2080 2707 2134 nempe
2759 2073 2922 2133 atque
2969 2064 3039 2118 ab
3090 2065 3241 2119 omni
3285 2063 3647 2132 cupiditatum

2059 2159 2387 2231 lippitudine
2438 2160 2734 2221 immunes,
2789 2161 2836 2214 is
2884 2166 3100 2214 vastum
3150 2158 3297 2212 istud
3348 2165 3404 2210 et
3453 2157 3647 2226 ingens

2058 2253 2186 2308 vitae
2215 2251 2443 2324 pelagus
2472 2251 2686 2321 placide
2713 2252 2971 2322 enavigat
3002 2269 3016 2307 :
3050 2266 3158 2307 non
3188 2251 3314 2306 vita:
3340 2248 3648 2309 commodis

2059 2356 2116 2403 et
2148 2362 2333 2403 rerum
2368 2346 2753 2418 prosperitate,
2795 2362 2905 2402 non
2947 2345 3054 2416 52
3094 2346 3282 2416 populi
3331 2344 3518 2399 favore
3551 2353 3648 2397 aut

2061 2441 2366 2497 honoribus
2399 2449 2496 2495 aut
2520 2441 2695 2510 gloria
2734 2440 2915 2497 elatus
2942 2442 3046 2497 sibi
3071 2440 3353 2510 proximos
3376 2438 3643 2508 despicit:

2059 2532 2407 2588 calamitates
2444 2533 2628 2601 idem,
2678 2533 2947 2603 inOpiam,
3001 2531 3460 2593 obtrectationes,
3508 2544 3644 2584 con-

2060 2625 2226 2690 vicia,
2283 2625 2589 2696 nequitiam
2642 2624 2933 2681 hominum
2980 2623 3112 2679 forti
3163 2626 3350 2679 animo
3386 2622 3644 2686 sustinet,

2060 2731 2165 2771 nec
2195 2716 2263 2773 ad
2294 2731 2358 2772 ea
2403 2732 2462 2773 se
2506 2717 2704 2774 adduci
2748 2717 2979 2788 patitur,
3011 2732 3135 2787 qua:
3166 2715 3278 2771 Deo
3310 2714 3603 2785 displicent
3629 2731 3644 2766 :

2060 2810 2167 2865 sibi
2203 2824 2401 2881 nempe
2425 2820 2694 2881 perpetuo
2715 2820 2998 2876 constans,
3026 2818 3082 2866 et
3109 2826 3262 2881 aeque
3292 2811 3646 2865 adversarum

2061 2913 2247 2955 rerum
2278 2903 2569 2958 eventibus
2601 2918 2737 2974 par;
2776 2903 2982 2973 quippe
3011 2902 3104 2973 qui
3135 2901 3337 2958 mentis
3371 2901 3560 2956 oculos
3589 2900 3647 2953 in

2059 2991 2178 3049 sole
2209 2993 2399 3064 gloriae
2445 3010 2663 3066 semper
2696 2996 2905 3051 deﬁxos
2941 2997 3160 3059 haheat,
3195 3006 3248 3051 et
3295 2996 3481 3049 radios
3520 2993 3648 3049 inde

2060 3084 2303 3153 hauriat,
2330 3089 2535 3158 quibus
2563 3090 2826 3161 sapientis
2852 3091 2962 3146 vita
2986 3090 3318 3154 illustratur,
3344 3089 3647 3158 sapienter-

2059 3194 2166 3249 que
2198 3181 2475 3253 dirigitur.

2133 3461 2289 3530 Quod
2332 3462 2379 3518 si
2413 3464 2540 3534 quis
2585 3463 2812 3521 effatum
2855 3466 2961 3522 hoc
3001 3466 3055 3520 in
3088 3467 3254 3523 aliam
3293 3468 3644 3533 sententiam,

2059 3571 2183 3627 qua:
2213 3557 2517 3626 elegantior
2542 3558 2815 3625 videatur,
2870 3559 3122 3630 accipere
3161 3560 3416 3626 voluerit,
3460 3575 3569 3614 non
3601 3559 3648 3615 is

2061 3667 2091 3706 a
2145 3651 2375 3707 veritate
2422 3650 2785 3708 aberraverit.
2846 3651 2984 3707 Cum
3052 3652 3250 3718 enim,
3305 3661 3363 3707 ut
3418 3668 3649 3722 magnus

2059 3743 2361 3813 Apostolus
2401 3743 2593 3800 docuit
2620 3747 2684 3808 ³³,
2738 3744 2991 3801 Christus
3041 3744 3188 3801 Deus
3237 3755 3425 3800 noster
3478 3756 3651 3816 caput

2060 3832 2321 3889 Ecclesiae
2369 3834 2459 3900 sit,
2498 3834 2546 3890 si
2594 3835 2721 3905 quis
2754 3844 2808 3890 et
2836 3835 3040 3891 mentis
3069 3844 3125 3891 et
3163 3836 3413 3905 corporis
3454 3838 3647 3891 oculos

2061 3924 2114 3979 in
2147 3940 2273 3979 eum
2299 3941 2515 3996 semper
2550 3927 2750 3982 habeat
2782 3927 3047 3992 intentos,
3084 3928 3288 3998 quibus
3316 3928 3386 3982 ab
3419 3942 3486 3983 eo
3524 3929 3650 3983 vitze

2061 4033 2316 4073 normam
2368 4028 2424 4075 et
2467 4021 2735 4075 auxilium
2765 4032 2819 4075 et
2854 4021 3333 4077 conservationem
3364 4023 3645 4091 requirat;

2062 4110 2342 4166 mundana
2372 4111 2419 4167 is
2444 4112 2687 4181 pericula
2715 4122 2768 4169 et
2790 4114 3009 4169 dolosas
3034 4114 3237 4169 diaboli
3267 4124 3412 4169 artes
3439 4114 3610 4169 eludit
3630 4155 3646 4175 ,

2061 4217 2116 4261 et
2168 4204 2495 4262 oﬂ'endicula
2548 4215 2716 4278 atque
2768 4207 3157 4275 impedimenta
3217 4207 3474 4262 humanae
3527 4206 3652 4261 vita:

2062 4298 2369 4368 despicatui
2419 4299 2626 4366 habet,
2679 4309 2940 4370 tanquam
2988 4298 3173 4354 stabili
3214 4300 3501 4370 solidaque
3551 4314 3651 4354 an-

2063 4388 2231 4443 chora
2265 4388 2535 4453 ﬁrmatus,
2589 4389 2832 4444 anchora
2883 4391 3071 4460 utique
3117 4390 3407 4445 cliaritatis
3452 4399 3506 4445 et
3535 4391 3653 4460 spei

2061 4490 2117 4536 et
2153 4480 2281 4536 ﬁdei
2335 4497 2463 4551 erga
2503 4490 2672 4551 caput
2703 4498 2864 4538 suum
2911 4483 3043 4555 (82).
3094 4484 3164 4537 At
3194 4500 3321 4539 vero
3369 4484 3568 4538 stultus
3595 4484 3649 4538 in

2061 4575 2319 4629 tenebras
2346 4574 2605 4630 detrusus
2633 4575 3037 4632 incredulitatis
3063 4592 3199 4643 sum,
3226 4592 3351 4632 cum
3375 4576 3443 4630 ad
3465 4590 3652 4631 veram

2060 4664 2251 4719 mundi
2300 4664 2479 4720 lucem
2524 4675 2578 4722 et
2619 4666 2689 4721 ad
2713 4666 2944 4737 justitia:
2981 4668 3153 4724 solem
3195 4669 3411 4733 oculos,
3446 4668 3649 4738 quibus

359 4950 546 5033 τξωρα
588 4951 971 5033 {avla-digerat:
1009 4952 1216 5033 Id_est,
1267 4953 1528 5033 liberatus
1574 4964 1655 5009 est
1689 4955 1956 5025 (sapiens)

2060 4961 2285 5033 Χριστῳ
2310 4962 2402 5015 τδν
2430 4962 2710 5033 ὀφθαλμὸν
2741 4967 2958 5033 ἔχοντα,
2985 4962 3123 5033 πρός
3170 4978 3222 5014 τι
3256 4961 3366 5013 τῶν
3400 4960 3653 5029 ματαίων

357 5017 429 5071 ab
471 5017 713 5096 amnibus
757 5023 958 5096 inﬁmis
996 5017 1209 5096 rebus,
1253 5041 1348 5095 per
1386 5028 1572 5079 cretum
1612 5017 1856 5096 vagatur,
1907 5017 1957 5083 et

360 5089 757 5165 contemplatur
792 5089 1338 5165 sublimia.i_(Exp'os.
1376 5097 1431 5150 in
1470 5112 1554 5165 ps.
1591 5089 1729 5161 cxi,
1768 5099 1841 5162 1.)

439 5157 706 5236 (8‘2)_llte_c
753 5171 943 5236 noster
987 5181 1019 5218 a
1062 5157 1313 5236 stséno
1362 5157 1648 5221 mutuatus
1701 5157 1955 5235 videtur;

362 5230 443 5307 ai_t
474 5230 619 5307 enim
653 5230 743 5285 ille
770 5249 789 5307 _:
815 5233 875 5284 Ei
902 5234 957 5286 δὲ
978 5230 1312 5307 γνωρίσασα
1340 5240 1462 5307 (τῆς
1487 5237 1666 5307 ψυχῆς
1697 5230 1951 5307 δύναμιςῇ

358 5300 475 5378 τῶν
512 5299 891 5378 ὐποκειειὲνων
941 5299 1290 5378 μάταιον,
1346 5299 1632 5378 ’ἀναγάγοέ
1654 5309 1752 5371 τὰς
1802 5299 1958 5378 ὄψεις

363 5370 458 5457 ἐπὶ
474 5368 573 5455 τξην
604 5368 804 5457 ἑαυτῆς
827 5368 1093 5457 κεφαλὴν,
1143 5368 1287 5448 ἣτις
1327 5368 1487 5457 satin
1515 5368 1824 5457 δ’Χριστδς,
1848 5368 1956 5457 καλ

364 5439 476 5520 θςυς
504 5441 854 5520 διερμηνεύει
879 5439 1505 5520 Παύλοςςμακαριστὴ
1524 5448 1591 5501 ἂν
1620 5439 1835 5517 γένοιτο
1858 5452 1957 5520 τῆς

362 5510 666 5594 όξυωπέας,
692 5510 833 5593 fst
880 5514 1077 5594 ἔχουσα
1112 5510 1238 5594 τοὺς
1297 5510 1644 5594 ὀφθαλμοὺς
1685 5521 1819 5594 ὅπου
1852 5510 1953 5573 οὐκ

363 5580 580 5660 ἔσῖινηή
628 5580 955 5660 τοῦμκακού
998 5580 1650 5660 Δὲξιτισκότησιςε-Παῦλος
1698 5593 1727 5644 6
1754 5590 1949 5660 μέγας,

364 5652 464 5732 καὶ
483 5651 694 5732 aii-rays;
722 5654 873 5732 ἄλλοι
890 5657 1010 5732 κατ’
1032 5651 1512 5732 ἐκεῖνον-μεγάλοι,
1546 5661 1605 5732 ἐν
1633 5651 1700 5731 τῇ
1734 5651 1947 5732 κεφαλῇ

364 5723 495 5784 τοὺς
526 5722 841 5801 ὀφθαλμοὺς
862 5722 1031 5801 εἶχον,
1061 5727 1159 5801 καὶ
1183 5722 1383 5801 πάντες
1409 5730 1459 5801 οἱ
1482 5731 1540 5782 ἐν
1566 5722 1789 5801 Χριστῷ
1803 5722 1945 5794 ζῶνΣ

367 5807 460 5853 τες
489 5795 586 5867 καὶ
609 5795 924 5867 κινούμενοι
940 5795 1043 5850 καὶ
1068 5797 1242 5861 ὄντες,
1285 5799 1372 5861 Ὧς
1402 5799 1467 5853 ἂν
1502 5801 1603 5854 οὐκ
1623 5795 1864 5855 ’ἐστι’τὸν
1885 5805 1944 5853 ἐν

371 5864 512 5930 φωτὶ
536 5864 665 5922 ὄντα
692 5864 882 5934 σκότος
912 5869 1063 5935 ἰδεῖν,
1094 5866 1267 5935 οὕτως
1302 5870 1403 5924 οὐκ
1454 5869 1570 5925 ἔστι
1610 5871 1700 5925 τὸν
1755 5874 1813 5927 ἐν
1862 5872 1940 5937 τῷ

2061 5032 2390 5085 ἐνατενίσαι.
2424 5033 2483 5086 Id
2510 5041 2597 5087 est
2628 5050 2640 5085 :
2675 5032 2969 5087 Sin'autem
3000 5032 3329 5100 objectarum
3355 5048 3533 5085 rerum
3562 5048 3653 5085 va-

2063 5103 2232 5154 nitate
2265 5102 2477 5169 cogm'ta
2513 5103 2609 5172 (vis
2644 5105 2833 5173 animi)
2866 5103 3141 5156 sustulerit
3178 5101 3357 5155 oculos
3394 5104 3461 5173 art
3495 5111 3653 5173 caput

2061 5189 2237 5235 suum,
2264 5173 2402 5242 quod
2433 5170 2821 5234 estC/tristris,
2839 5174 2975 5225 sicut
3006 5175 3388 5241 interpretatur
3425 5170 3652 5239 Paulus,

2062 5242 2370 5297 beatissima
2403 5244 2465 5296 ob
2496 5260 2668 5296 acrem
2703 5243 2977 5297 oculorum
2998 5245 3168 5297 aciem
3190 5243 3445 5297 censenda
3467 5244 3652 5310 fuerit,

2062 5330 2180 5366 cum
2206 5314 2281 5366 ibi
2316 5314 2497 5366 oculos
2530 5314 2743 5377 habeat,
2782 5314 2870 5366 ubi
2898 5314 3028 5366 mali
3071 5330 3176 5368 non
3212 5323 3289 5367 est
3333 5314 3652 5367 obscuritas.

2061 5383 2291 5453 Magnus
2327 5384 2418 5436 ille
2447 5383 2673 5445 Paulus,
2714 5394 2763 5437 et
2800 5385 2845 5436 si
2885 5385 2975 5453 qui
3020 5395 3141 5437 sunt
3193 5385 3311 5445 alii,
3359 5384 3497 5436 sicut
3539 5384 3651 5448 ille,

2061 5454 2262 5526 magni,
2300 5454 2483 5507 oculos
2515 5454 2774 5507 habebant
2805 5455 2857 5506 in
2895 5455 3089 5524 capite,
3119 5456 3409 5526 [tabentque
3451 5472 3652 5520 omnes,

2059 5527 2149 5593 qui
2178 5525 2355 5577 vivunt
2388 5534 2437 5578 et
2469 5534 2744 5577 moventur
2770 5533 2819 5577 et
2855 5536 2977 5578 sunt
3021 5527 3079 5579 in
3118 5525 3351 5580 Christo.
3385 5527 3656 5589 Quemad-

2058 5594 2273 5647 modum
2299 5597 2633 5667 Anemperﬁeri
2660 5612 2761 5649 non
2792 5605 2982 5663 potest,
3014 5608 3069 5649 ut
3100 5597 3167 5659 is,
3200 5600 3289 5667 qui
3319 5599 3373 5651 in
3400 5602 3516 5650 luce
3537 5614 3654 5650 ver-
3734 5640 3735 5643 η

2054 5674 2216 5737 setur,
2260 5665 2432 5737 videat
2478 5667 2748 5730 tenebras;
2792 5668 2871 5720 ita
2915 5683 3018 5719 non
3058 5665 3225 5735 potest
3266 5668 3403 5733 fieri.
3457 5677 3511 5720 ut
3561 5667 3654 5737 qui

2053 5734 2265 5788 oculum
2295 5737 2351 5788 in
2384 5735 2596 5791 Christo
2636 5737 2813 5797 habet,
2856 5734 3096 5792 eumdem
3141 5739 3197 5792 in
3226 5755 3333 5793 rem
3361 5739 3530 5794 ullam
3560 5734 3651 5799 ὺιιο

2053 5822 2179 5861 nam
2206 5807 2421 5879 deligat.
2456 5807 2637 5878 (llum.
2677 5808 2708 5864 5
2746 5809 2800 5863 in
2838 5807 3011 5880 Eccl.)
