4172 6516
553 358 659 423 819
686 412 687 415 η
1662 365 1723 425 S.
1759 364 2141 426 GREGORII
2193 364 2705 426 AGRIGENTINI
3726 368 3831 427 820

552 473 835 547 respiciat,
878 487 986 530 non
1018 474 1240 543 habeat,
1288 491 1467 548 neque
1506 477 1562 531 in
1594 477 1867 534 honorum
1899 496 1963 536 ac
1992 480 2122 536 divi-

2241 480 2643 552 καθειργμένος
2674 481 2774 549 τῆς
2829 476 3110 541 ἀπιστίας,
3169 477 3270 532 οὑκ
3321 476 3460 549 ἔχων
3518 477 3831 550 ὀφθαλμοὺς

551 568 755 625 tiarum
792 570 975 625 laetitia
1007 578 1105 625 aut
1131 571 1185 625 in
1218 572 1624 642 magniﬁcentia
1656 583 1711 628 et
1738 574 2122 640 dominatione,

2241 571 2654 633 ἀποϐλέποντας
2688 569 2824 640 πρὸς
2846 569 2906 621 τὸ
2928 568 3022 623 τοῦ
3051 570 3259 640 κόσμου
3306 568 3421 637 φῶς
3447 567 3701 639 ἀληθινὸν
3733 572 3831 622 καὶ

552 674 725 729 neque
754 659 810 712 in
845 659 977 723 illis,
1007 676 1131 730 quae
1174 661 1455 717 contraria
1505 661 1591 717 his
1637 672 1787 727 sunt,
1830 664 2037 719 utiliter
2079 680 2122 719 st

2241 665 2337 736 τῆς
2391 662 2740 733 δικαιοσύνης
2802 662 2892 714 τὸν
2962 661 3135 733 ἥλιον,
3189 660 3314 714 οὔτε
3374 662 3445 713 τὰ
3501 660 3688 724 ἔνδοξα
3741 662 3830 714 καὶ

550 753 733 824 gerit:
783 752 895 807 imo
954 753 1011 807 in
1066 765 1301 825 utraque
1354 756 1674 811 conditione
1740 766 1877 812 testu
1927 758 2122 823 fertur,

2241 754 2516 826 περιχαρῆ
2545 752 2640 806 τοῦ
2693 752 2925 805 πλούτου
2970 754 3065 805 καὶ
3115 752 3215 821 τῆς
3261 751 3532 822 κοσμικῆς
3582 750 3836 821 λαμπρόη

549 845 903 900 obruentium
937 845 1203 902 ﬂuctuum
1239 848 1499 918 procellis
1540 860 1593 904 et
1636 851 2053 920 tempestatibus
2081 853 2122 904 ir

2241 866 2403 919 τητος
2432 848 2527 900 καὶ
2546 846 3033 909 καταδυναστείας,
3082 843 3207 897 οὔτε
3230 843 3301 897 τὰ
3351 843 3563 907 τούτοις
3611 844 3829 895 ἐναντία

550 938 811 1009 abyssum
841 948 997 995 actus
1036 955 1287 995 errorum
1319 950 1375 994 et
1413 941 1767 1011 ﬂagitiorum.
1816 944 1993 1013 Atque
2031 944 2122 999 hac

2241 938 2509 1009 διατίθησι
2538 938 2931 1008 συμφερόντως
2962 952 2976 966 ·
3011 935 3124 989 ἀλλ’
3179 936 3262 1005 ἐφ’
3295 936 3577 1007 ἑκατέροις
3630 934 3830 1003 συμϐά-

550 1030 619 1084 de
642 1044 809 1085 causa
839 1032 1061 1101 sapiens
1092 1032 1450 1089 Ecclesiastes
1477 1034 1711 1105 subjecit
1735 1035 1986 1104 protinus
2011 1052 2024 1088 :

2248 1048 2380 1103 μασι
2424 1029 2678 1084 κλύδωνα
2722 1030 2921 1099 πάσχει
2966 1029 3062 1083 καὶ
3090 1028 3251 1082 σάλον
3285 1030 3380 1083 καὶ
3408 1030 3708 1100 τρικυμίας
3732 1029 3829 1082 xa‘t

550 1126 875 1195 καταιγίδας
900 1128 1002 1192 τὰς
1028 1128 1551 1195 καταϐαπτιζούσας
1611 1131 1777 1184 αὑτὸν
1831 1131 1928 1185 xui.
1980 1132 2466 1203 παραπεμπούσας
2515 1130 2596 1192 εἰς
2665 1127 2764 1198 τὴν
2810 1126 3050 1181 ἄϐυσσον
3086 1126 3189 1197 τῆς
3259 1126 3535 1197 ἁμαρτίας
3602 1125 3699 1179 καὶ
3738 1143 3831 1178 πο-

550 1218 944 1290 νηροπραξίας.
1016 1221 1237 1291 Ἀμέλει
1274 1222 1450 1277 τοίνυν
1495 1225 1525 1277 ὁ
1584 1224 1749 1294 σοφὸς
1806 1223 2240 1295 Ἐκκλησιαστὴς
2263 1222 2487 1294 ἁμέσως
2514 1220 2801 1292 inﬁxa-75'

2108 1335 2136 1408 ς
2169 1333 2259 1389 Vl.

624 1444 731 1515 53
775 1444 942 1502 Vens.
973 1447 1061 1503 15.
1098 1447 1166 1503 Et
1204 1452 1422 1521 cognovi
1452 1452 1612 1506 etiam
1634 1469 1748 1524 ego,
1781 1454 1907 1524 quia
1927 1461 2122 1507 eventui

2309 1448 2420 1502 Καὶ
2453 1447 2649 1517 ἔγνων
2672 1446 2774 1500 καί
2808 1462 2874 1517 γε
2904 1443 3040 1513 ἐγὼ,
3084 1444 3173 1497 ὅτι
3198 1441 3269 1497 ἒν
3313 1442 3671 1510 συνάντημα
3705 1440 3831 1508 τοῖς

549 1553 690 1592 unus
738 1541 977 1595 omnibus
1025 1544 1272 1609 eveniet;
1312 1552 1360 1597 et
1395 1544 1508 1597 dixi
1546 1561 1637 1615 ego
1683 1546 1737 1598 in
1786 1546 1944 1599 corde
1986 1561 2122 1599 meo.

2241 1539 2429 1596 πᾶσιν
2462 1538 2800 1606 ἀνθρώποις
2844 1536 3300 1600 συναντήσεται
3326 1550 3342 1565 ο
3378 1533 3477 1586 καὶ
3506 1529 3683 1587 εἶπεν
3712 1531 3829 1601 ἐγὼ

556 1627 708 1684 Sicut
740 1641 950 1685 eventus
981 1632 1156 1699 stulti,
1192 1635 1270 1686 ita
1301 1644 1351 1687 et
1400 1635 1530 1688 mihi
1562 1635 1755 1689 eveniet
1783 1651 1801 1689 :
1834 1646 1879 1688 et
1912 1648 1968 1687 ut
2009 1637 2122 1704 quia

2241 1633 2305 1685 ἐν
2325 1630 2538 1698 καρδίῃ
2572 1644 2716 1698 μου*
2757 1629 2852 1694 Ὠς
2879 1627 3241 1695 συνάντημα
3283 1626 3390 1681 τοῦ
3437 1626 3703 1695 ἄφρονος
3730 1627 3830 1679 καί

553 1723 765 1793 sapiens
796 1724 970 1793 [actus
1001 1741 1120 1778 sum
1140 1728 1272 1795 ego?
1293 1736 1415 1780 tunc
1440 1726 1770 1781 abundanter
1791 1727 1998 1781 locutus
2021 1744 2122 1781 sun

2241 1741 2302 1794 re
2349 1724 2478 1793 ἐμοὶ
2540 1722 2992 1788 συναντήσεται
3023 1738 3037 1752 -
3081 1722 3178 1774 καὶ
3215 1720 3318 1773 ἵνα
3348 1720 3406 1774 τί
3440 1717 3830 1787 ἐσοφισάμην

552 1817 611 1869 in
646 1815 803 1871 corde
848 1833 994 1883 meo;
1034 1821 1287 1886 quoniam
1326 1820 1525 1873 stultus
1568 1835 1634 1873 ex
1679 1820 2014 1874 abundantia
2055 1820 2122 1874 lo-

2241 1818 2354 1887 ἑγώ
2380 1835 2399 1883 ;
2430 1818 2563 1870 τότε
2608 1814 2909 1883 περισσὸν
2950 1812 3235 1881 ἐλάλησα
3280 1813 3349 1867 ἐν
3399 1812 3615 1881 καρδίᾳ
3664 1830 3782 1881 μου
3808 1829 3824 1844 ο

553 1909 741 1979 quitur
771 1926 790 1964 :
820 1911 946 1981 quia
976 1911 1073 1965 hoc
1102 1913 1229 1966 item
1259 1914 1467 1967 vanitas
1502 1914 1638 1985 (85).

2241 1910 2389 1963 διότι
2431 1908 2636 1979 ἄφρων
2666 1910 2735 1961 ἐκ
2770 1908 3254 1977 περισσεύματος
3308 1905 3519 1961 λαλεῖ·
3576 1905 3667 1958 ὅτι
3726 1907 3828 1959 καί

2239 2020 2305 2071 γε
2337 2002 2517 2056 τοῦτο
2546 2000 2898 2069 ματαιότης.

623 2086 929 2157 Descriptis
959 2087 1313 2159 definitisque
1347 2090 1611 2160 sapientis
1642 2092 1846 2159 oculis,
1886 2101 1941 2149 et
1987 2103 2122 2149 tanta

2310 2092 2758 2163 Καθυπογράψας
2800 2092 2893 2145 καὶ
2924 2091 3301 2162 διορισάμενος
3350 2092 3478 2154 τοὺς
3514 2089 3826 2160 ὀφθαλμοὺς

553 2181 687 2237 huic
735 2184 803 2237 ad
851 2184 1127 2254 potiorum
1166 2185 1438 2240 delectum
1489 2188 1802 2258 cOgnitioue
1848 2191 2122 2256 attributa,

2241 2186 2332 2241 τοῦ
2367 2187 2554 2255 σοφοῦ,
2583 2188 2678 2240 καὶ
2710 2185 2983 2255 τοσαύτην
3014 2185 3164 2255 αύτῴ
3189 2186 3288 2255 τὴν
3317 2185 3456 2256 πρὸς
3482 2184 3541 2237 τὸ
3575 2188 3827 2254 κρεῖττον

553 2284 757 2345 quanta
791 2275 929 2332 lucis
959 2292 1069 2346 pra
1101 2277 1340 2332 tenebris
1370 2280 1681 2347 praestantia
1715 2290 1830 2347 est;
1876 2281 1985 2352 jam
2025 2283 2122 2336 fort

2241 2280 2507 2350 ὑπόληψιν
2528 2280 2784 2345 ἀποδοὺς,
2822 2280 2955 2350 ὅσην
2988 2279 3102 2349 ἔχει
3136 2280 3276 2348 πρὸς
3313 2279 3373 2331 τὸ
3396 2279 3585 2342 σκότος
3607 2279 3666 2331 τὸ
3687 2277 3824 2347 φῶς,

553 2369 826 2439 praevidit,
860 2380 921 2425 ut
949 2373 1281 2441 quzestiones
1311 2373 1662 2427 exorirentur
1686 2375 2122 2444 repugnantium,

2241 2369 2358 2426 εἶτα
2408 2372 2871 2443 προῦπειδόμενος
2920 2370 3419 2434 ἁνακαλυπτούσας
3472 2372 3826 2441 ἀντιρρήσεις

550 2461 648 2530 qui
699 2473 977 2531 rogarent,
1018 2479 1259 2533 quonam
1303 2464 1467 2518 modo
1512 2465 1629 2519 lieri
1681 2465 1873 2535 possit,
1924 2467 2003 2521 uti
2045 2468 2122 2522 lux

2241 2462 2348 2516 τῶν
2377 2463 2552 2532 λόγων
2599 2464 2693 2515 καὶ
2736 2462 3053 2533 μαχομένας
3086 2463 3182 2517 καὶ
3213 2462 3503 2531 λεγούσας,
3561 2462 3685 2524 Πῶς
3715 2458 3826 2514 οἷον

552 2554 753 2608 melior
785 2562 869 2609 est
916 2556 1177 2621 tenebris,
1226 2556 1299 2610 ita
1349 2559 1520 2612 stulto
1570 2559 1852 2614 meliorem
1897 2575 2018 2616 esse
2049 2576 2122 2616 sa-

2241 2557 2298 2609 τέ
2338 2558 2507 2619 ἐστιν,
2542 2554 2735 2626 ὥσπερ
2767 2556 2885 2608 ἐστί
2929 2555 3141 2625 βέλτιον
3173 2555 3268 2608 τοῦ
3323 2556 3546 2618 σκότους
3591 2554 3653 2608 τὸ
3688 2554 3826 2624 φῶς,

556 2646 796 2715 pientem
822 2686 838 2712 ,
879 2657 1207 2703 cumtamen
1233 2650 1326 2719 qui
1366 2650 1537 2705 stulto
1566 2659 1799 2706 eventus
1839 2652 2122 2716 accidunt,

2241 2648 2415 2710 οὑτως
2445 2644 2588 2701 εἶναι
2618 2648 2906 2721 κρείττονα
2939 2646 3033 2700 καὶ
3070 2646 3165 2700 τοῦ
3195 2648 3427 2718 ἄφρονος
3486 2646 3579 2699 τὸν
3638 2647 3825 2716 σοφὸν,

555 2739 722 2795 iidem
742 2740 1042 2809 sapientem
1081 2742 1245 2796 etiam
1270 2741 1657 2812 intercipiant?
1682 2742 1943 2799 Videmus
1967 2746 2110 2799 enim

2241 2740 2328 2793 ἐπ’
2394 2739 2460 2793 ἂν
2518 2739 2575 2792 αἱ
2636 2739 3053 2809 συμπίπτουσαι
3119 2740 3423 2810 συμϐάσεις
3492 2738 3571 2809 τῷ
3630 2740 3825 2809 ἄφρονι

554 2835 1019 2903 quemadmodum
1058 2835 1309 2901 stultum,
1350 2837 1431 2892 sic
1470 2850 1525 2893 et
1550 2838 1849 2908 sapientem
1878 2855 2122 2894 succum-

2241 2834 2336 2889 καὶ
2399 2832 2494 2887 τοῦ
2559 2832 2727 2902 σοφοῦ
2781 2832 3167 2903 διειλήφασινς
3219 2832 3536 2901 εὑρίσκεται
3588 2832 3700 2901 γὰρ
3750 2831 3826 2895 ὼς

555 2925 687 2983 bere
723 2929 928 2983 morbis
956 2938 1117 2999 atque
1154 2930 1375 3001 impiae,
1409 2947 1473 2985 ac
1518 2946 1661 3001 saape
1694 2932 1777 2985 vel
1814 2933 2122 2988 necessarii:

2241 2926 2455 2998 ἄφρων,
2517 2925 2657 2978 οὑτω
2712 2924 2806 2977 καὶ
2855 2924 2884 2975 ὁ
2924 2924 3087 2993 σοφὸς
3116 2924 3525 2995 κεκρατημένος
3556 2926 3614 2977 ἐν
3649 2925 3827 2987 νόσοις

551 3034 767 3086 carere,
800 3021 947 3075 etab
990 3022 1269 3078 extraneis
1312 3024 1561 3093 spoliari,
1610 3034 1663 3079 et
1700 3035 1924 3081 caeteras
1972 3027 2122 3097 hujus

2242 3019 2338 3072 καὶ
2378 3017 2591 3076 πενίαις
2622 3015 2721 3068 καὶ¹
2750 3015 3189 3085 καθυστερήσεσι
3216 3015 3325 3067 τῶν
3356 3015 3673 3084 ἀναγκαίων
3695 3015 3827 3067 πολ-

552 3113 683 3169 vitae
721 3113 1128 3170 vicissitudines
1168 3115 1375 3170 subire.
1419 3116 1622 3182 Quidni
1662 3118 1830 3189 igitur
1861 3135 2002 3189 quos
2032 3137 2122 3177 ea:-

2241 3112 2399 3172 λάκις
2430 3109 2526 3162 καὶ
2555 3110 2676 3171 ταῖς
2712 3108 2772 3173 ἐξ
2821 3107 3140 3177 ἀλλοφύλων
3183 3107 3511 3177 ἀπαγωγαῖς
3557 3109 3653 3161 καὶ
3705 3112 3828 3173 ταῖς

554 3206 682 3260 dem
732 3204 787 3259 in
844 3206 957 3260 vita
1016 3208 1399 3278 aggressiones
1458 3219 1753 3277 premunt,
1824 3212 2122 3284 eaedemque

2242 3201 2431 3264 ἄλλαις
2481 3197 2822 3269 ἀνωμαλίαις
2870 3197 2970 3269 τῆς
3022 3197 3306 3271 παρούσης
3347 3198 3515 3269 ζωῆς.
3578 3200 3703 3260 Πῶς
3733 3196 3828 3253 οὖν

557 3301 718 3369 plane
771 3314 1032 3355 aerumnae
1085 3315 1151 3355 ac
1204 3302 1563 3357 necessitates
1623 3304 1865 3374 undique
1922 3317 2114 3376 urgent

2241 3294 2369 3356 τοὺς
2420 3293 2534 3355 τοῖς
2576 3292 2761 3354 αὑτοῖς
2815 3290 3088 3361 βιωτικοῖς
3140 3291 3520 3360 πειρατηρίοις
3566 3308 3830 3362 κατισχη-

554 3391 748 3447 eodem
785 3408 881 3448 eos
913 3408 1144 3447 numero
1184 3392 1444 3461 habuisti,
1497 3410 1598 3450 nec
1628 3397 1696 3451 de
1726 3397 1811 3451 liis
1845 3416 1969 3453 cum
2010 3417 2122 3471 age-

2247 3387 2467 3456 μένους,
2521 3385 2618 3438 καὶ
2668 3384 2792 3445 ταῖς
2832 3382 2976 3445 ἴσαις
3002 3384 3097 3435 καὶ
3122 3383 3244 3446 ταῖς
3272 3382 3463 3445 αὑταῖς
3490 3381 3704 3451 θλίψεσι
3732 3384 3829 3437 καὶ

555 3501 670 3549 res,
703 3500 892 3555 parem
938 3488 1158 3557 utrique
1202 3487 1420 3542 laudem
1457 3499 1554 3542 aut
1580 3490 2042 3559 vituperationem
2079 3510 2122 3549 et

2243 3478 2657 3548 περιστατικαῖς
2690 3475 2961 3543 ἀνάγκαις
2993 3473 3409 3543 συνεχομένους,
3437 3474 3558 3543 οὐχὶ
3592 3477 3687 3528 καὶ
3710 3477 3831 3539 ταῖς

556 3578 915 3647 impartitus?
962 3576 1080 3635 Imo
1124 3594 1289 3645 vero,
1348 3589 1613 3649 quantum
1669 3599 1852 3639 rerum
1899 3588 2122 3644 maximt

2242 3570 2435 3631 αὑταῖς
2457 3566 2762 3637 ὑπολήψεσι
2791 3563 3193 3627 καθυπέϐαλες,
3242 3564 3338 3616 καὶ
3374 3564 3474 3634 τῆς
3506 3566 3630 3634 ἴσης
3662 3565 3832 3635 εὐφη-

555 3670 701 3724 inter
729 3686 789 3726 se
819 3672 1207 3742 pugnantium,
1252 3672 1392 3735 lucis
1438 3676 1649 3730 scilicet
1689 3691 1754 3733 ac
1789 3680 2122 3737 tenebrarum

2245 3661 2373 3733 μίας
2396 3661 2430 3731 ἢ
2469 3659 2786 3729 δυσφημίας
2810 3659 2924 3720 τοῖς
2966 3657 3146 3725 λόγοις
3170 3656 3409 3727 διωρίσω
3464 3658 3562 3710 καὶ
3616 3657 3831 3710 καθυπ-

552 3771 661 3826 est,
698 3771 908 3818 tantum
934 3764 1200 3834 sapientis
1226 3774 1280 3821 et
1310 3767 1465 3822 stulti
1500 3768 1798 3825 discrimen
1829 3788 1952 3827 esse
1976 3774 2122 3830 dicti-

2241 3753 2506 3824 ἔγραψας,
2536 3751 2652 3804 ἀλλ’
2676 3751 2751 3813 ὡς
2794 3749 2902 3803 τῶν
2937 3750 3142 3821 ἄκρων.
3170 3749 3449 3815 ἐναντίων,
3502 3748 3598 3802 τοῦ
3653 3750 3832 3819 φωτὸς

554 3856 717 3911 tasti?
742 3855 879 3911 Nam
915 3859 1105 3913 eadem
1137 3868 1285 3914 certe
1319 3861 1540 3930 utrique
1564 3864 1895 3935 contingunt
1924 3882 1937 3917 :
1973 3874 2122 3936 atqui

2241 3843 2443 3915 δηλαδὴ
2474 3840 2683 3896 καὶτοῦ
2717 3841 2967 3905 σκότους,
2993 3840 3137 3893 οὑτω
3168 3840 3376 3894 καὶτοῦ
3409 3840 3575 3911 σοφοῦ
3607 3841 3702 3894 καὶ
3734 3840 3830 3893 τοῦ

551 3948 693 4003 adeo
732 3964 843 4020 quo
872 3959 1033 4020 pacto
1069 3952 1443 4019 demonstras,
1481 3932 1925 4025 sapicntis,vcum
1968 3932 2122 4015 stulti

2241 3935 2474 4007 ἄφρονος
2530 3933 2905 4005 κατήγγειλας
2948 3932 3047 4003 τὴν
3096 3932 3401 4005 διαφοράν;
3449 3935 3557 3986 Καὶ
3610 3932 3715 4003 μὴν
3759 3932 3831 3985 τά

554 4052 932 4112 comparatur,
990 4044 1045 4097 in
1110 4060 1297 4099 rerum
1356 4047 1649 4103 meliorum
1706 4054 2122 4123 przesumptiont

2241 4028 2380 4082 αὐτὰ
2409 4028 2698 4098 συμϐαίνει
2724 4029 2839 4090 τοῖς
2873 4024 3233 4097 ἀμφοτέροις.
3281 4024 3344 4078 Ei
3378 4025 3435 4078 δὲ
3478 4024 3658 4089 τοῦτο,
3712 4026 3828 4089 πῶς

549 4136 799 4189 eamdem
838 4152 962 4191 esse
1003 4139 1402 4207 praestantiam,
1441 4149 1606 4210 atque
1633 4158 1776 4207 eum,
1810 4160 1976 4215 quam
2026 4162 2122 4217 pra

2241 4122 2509 4192 ἁπεφήνω
2542 4118 2812 4190 τοσαύτην
2843 4118 3117 4189 ὑπεροχὴν
3152 4112 3292 4172 εἶναι
3328 4118 3463 4189 πρὸς
3496 4117 3586 4171 τὸν
3616 4118 3828 4190 ἄφρονα

551 4226 796 4281 tenebris
830 4227 885 4281 in
915 4228 1041 4284 luce
1066 4244 1187 4285 esse
1213 4230 1494 4286 statuisti?
1523 4230 1634 4288 Hac
1674 4210 1843 4303 igitur
1874 4235 1941 4290 de
1968 4210 2122 4292 causa

2241 4214 2334 4267 τοῦ
2382 4213 2546 4282 σοφοῦ
2598 4212 2742 4267 κατὰ
2766 4211 2866 4275 τὰς
2903 4210 3203 4282 ὑπολήψεις
3226 4211 3324 4273 τὰς
3366 4210 3667 4281 κρείττους,
3695 4211 3828 4278 ὅσην

550 4321 774 4389 sapiens
831 4320 1235 4389 Ecclesiastes,
1297 4333 1564 4395 tanquam
1618 4328 2122 4397 providentissimus

2241 4306 2546 4378 ὑπείληφας
2578 4305 2673 4358 τοῦ
2708 4304 2885 4373 φωτὸς
2933 4303 3071 4373 πρὸς
3121 4302 3183 4355 τὸ
3226 4302 3459 4367 σκότος;
3523 4303 3622 4354 Διά
3671 4301 3829 4355 τοῦτο

550 4414 759 4483 aliquis
792 4416 1059 4479 medicus,
1101 4416 1419 4481 antevertit,
1453 4428 1508 4472 et
1538 4419 1644 4485 his,
1681 4422 1773 4491 qui
1806 4422 1969 4491 aegris
2009 4436 2122 4478 sum

2241 4398 2421 4452 τοίνυν
2475 4392 2585 4450 οἷόν
2616 4414 2701 4460 τις
2748 4395 3200 4467 προμηθέστατος
3237 4395 3419 4465 ἰατρὸς
3446 4397 3471 4447 ὁ
3500 4394 3660 4462 σοφὸς
3708 4395 3828 4447 Ἐκ-

552 4506 833 4569 sensibus,
857 4516 911 4561 et
937 4506 1271 4578 cogitatione
1295 4508 1591 4579 verbisque
1617 4484 1986 4581 impudentius
2013 4514 2122 4569 eﬂe‘

2241 4490 2577 4558 κλησιαστὴς
2613 4487 2912 4558 προφθάνει
2963 4486 3059 4539 καὶ
3120 4485 3304 4538 δίδωσι
3357 4485 3457 4551 τὴν
3504 4484 3827 4549 ἀλεξίκακον

551 4605 777 4660 runtur,
807 4597 1027 4654 salubre
1058 4602 1315 4670 propinat
1339 4578 1635 4671 poculum;
1676 4578 1753 4657 ait
1782 4606 1927 4658 enim
1961 4623 1974 4658 :
2012 4624 2030 4656 σ
2068 4604 2122 4658 Et

2241 4584 2443 4636 κύλικα
2488 4584 2603 4644 τοῖς
2653 4580 2723 4633 τὰ
2776 4581 2874 4651 τῆς
2928 4578 3108 4649 ψυχῆς
3162 4578 3498 4649 αἰσθητήρια
3533 4578 3823 4647 πάσχουσι,

550 4689 783 4759 cognovi
841 4690 1027 4755 etiam,
1080 4694 1207 4762 quia
1259 4704 1490 4750 eventus
1538 4712 1681 4750 unus
1739 4696 1822 4751 his
1878 4698 2122 4751 omnibus

2243 4676 2339 4729 καὶ
2366 4674 2840 4744 διενθυμουμένοις
2897 4672 2991 4723 καὶ
3034 4671 3356 4739 φάσκουσιν,
3387 4669 3423 4722 ἃ
3450 4670 3525 4741 μὴ
3557 4674 3823 4741 προσῆκε.

549 4782 805 4845 eveniet;
836 4792 891 4836 et
918 4783 1027 4836 dixi
1061 4783 1114 4837 iu
1145 4784 1309 4839 corde
1332 4800 1489 4839 meo:
1524 4785 1677 4840 Sicut
1703 4794 1931 4841 eventus
1960 4786 2122 4850 stulti,

2242 4769 2380 4837 Φησὶ
2415 4767 2524 4835 γάρ
2558 4782 2572 4797 ο
2609 4784 2627 4816 ι
2664 4764 2773 4818 Καὶ
2810 4763 2982 4831 ἔγνων
3008 4762 3099 4815 καί
3158 4780 3221 4830 γε
3275 4764 3357 4816 ὄτι
3400 4763 3717 4832 συνάντημα
3769 4762 3829 4813 ὲν

552 4879 630 4931 ita
659 4886 715 4930 et
741 4876 876 4930 milii
906 4877 1121 4930 eveniet
1150 4896 1161 4930 :
1193 4888 1248 4932 et
1289 4887 1348 4932 ut
1385 4880 1518 4948 quid
1550 4879 1770 4950 sapiens
1803 4880 1982 4933 factus
2013 4895 2122 4933 sun

2243 4863 2355 4920 τοῖς
2414 4862 2577 4913 πᾶσιν
2641 4858 2826 4920 αὑτοῖς
2885 4856 3280 4926 συναντήσεται
3314 4873 3329 4887 ·
3400 4856 3496 4909 καὶ⁹
3555 4850 3710 4909 εἶπον
3769 4858 3827 4909 ἐν

548 4970 693 5041 ego?
722 4989 741 5020 ι
769 4968 981 5037 Quibus
1006 4970 1186 5026 verbis
1214 4972 1266 5025 in
1290 4987 1350 5026 se
1380 4972 1498 5040 ipso
1530 4972 1823 5040 plerosque
1850 4972 2122 5027 hominum

2245 4955 2446 5026 καρδία
2484 4970 2608 5023 μου,
2643 4953 2732 5015 Ὠς
2759 4952 3081 5025 συνάντημα
3104 4950 3198 5003 τοῦ
3231 4950 3469 5023 ἄφρονος
3498 4951 3591 5004 καί
3614 4968 3677 5019 γε
3703 4952 3830 5023 ἐμοὶ

548 5061 836 5127 describit,
887 5062 981 5132 qui
1020 5063 1249 5119 minime
1288 5063 1398 5136 54
1436 5081 1560 5135 qua:
1604 5066 1869 5136 sapientis
1903 5081 2122 5136 quaeque

2245 5048 2681 5117 συναντήσεται·
2706 5046 2801 5098 καὶ
2826 5046 2913 5096 ἳνα
2959 5044 3010 5096 τί
3068 5044 3413 5114 ὲσοφισάμην
3464 5042 3575 5111 ἐγώ
3604 5060 3617 5108 ;
3651 5062 3670 5096 ι
3737 5044 3828 5097 τὸν

547 5155 708 5213 stulti
732 5154 903 5209 verba
936 5164 991 5209 et
1023 5154 1167 5211 facta
1204 5134 1336 5221 sint,
1368 5134 1749 5230 distinguunt.
1782 5168 1837 5214 et
1868 5134 1936 5215 de
1974 5134 2122 5213 utro-

2244 5140 2412 5193 πολὺν
2469 5138 2757 5209 ἄνθρωπον
2812 5138 2870 5189 ἐν
2914 5135 3091 5204 ἑαυτῴ
3156 5134 3624 5206 καθυπογράφων,
3689 5136 3827 5205 μήτε

541 5265 655 5318 que
689 5264 760 5304 ex
800 5248 869 5303 iis
896 5257 1110 5304 tantum
1148 5251 1419 5320 judicant,
1444 5270 1567 5323 qua:
1596 5255 1945 5310 extrinsecus
1972 5253 2122 5308 nobis

2247 5232 2353 5304 μὴν
2380 5230 2760 5284 διαστέλλοντα
2782 5230 2953 5292 ποίοις
2994 5230 3023 5280 ὀ
3050 5228 3212 5298 σοφὸς
3242 5229 3337 5281 καὶ
3378 5228 3550 5290 ποίοις
3579 5228 3608 5279 ὁ
3637 5228 3709 5295 ἀφ
3720 5245 3828 5296 ρων

544 5353 600 5395 ει
634 5350 834 5411 praeter
864 5319 1202 5399 voluntatem
1238 5345 1585 5418 contingunt.

2245 5324 2718 5395 χαρακτηρίζεται
2743 5322 2924 5389 λόγοις
2952 5323 3045 5374 καὶ
3074 5320 3279 5392 ἔργοις,
3316 5321 3405 5373 ἵνα
3429 5319 3493 5390 δὴ
3520 5321 3616 5373 καὶ
3645 5320 3828 5390 μόνοις

2241 5415 2354 5473 τοῖς
2380 5412 2619 5480 ἐφ’ήμῖν
2640 5417 2733 5463 καὶ
2762 5414 2870 5474 τοίς
2926 5411 3077 5482 παρὰ
3141 5410 3462 5483 προαίρεσιν
3503 5410 3827 5481 συμϐάμασι

2242 5504 2337 5557 καὶ
2379 5503 2799 5573 συμπτώμασιν.

622 5635 736 5716 (βὸ)
764 5636 969 5717 Verum
1016 5656 1083 5694 ex
1112 5639 1204 5717 his
1252 5639 1501 5717 quaedam
1542 5642 1688 5717 apud
1733 5638 1881 5717 _I.XX
1936 5641 2122 5717 ordine

2242 5647 2636 5715 συναντήσεταί
2675 5664 2786 5717 μοι,
2818 5647 2912 5699 καὶ
2946 5648 3032 5699 ἵνα
3062 5647 3111 5699 τί
3140 5645 3499 5717 ὲσοφισάμην
3523 5643 3665 5711 ὲγώ;
3724 5645 3828 5717 ζιε-

548 5708 1063 5789 γδιίαιιε,.αιυὲιιι1τηιι
1092 5708 1289 5789 desunt
1310 5732 1327 5789 ξ
1352 5713 1434 5789 sic
1462 5712 1612 5789 .enim
1646 5708 1873 5789 Vulgata
1918 5728 1980 5789 se
2028 5713 2122 5765 hu-

2245 5720 2429 5786 ρισσὸν
2460 5708 2698 5788 ἐλάλησα
2754 5708 2811 5769 ἔν
2860 5718 3059 5789 καρδίᾳ
3113 5708 3502 5789 μου,’ὅτι’κἀ-ί
3551 5708 3613 5781 γε
3665 5714 3826 5789 τοῦτο

551 5779 682 5860 belli
714 5798 727 5831 :
755 5781 867 5833 Kal-
887 5780 1059 5847 ἔγνων
1092 5782 1183 5860 καί
1224 5797 1285 5847 γε
1308 5782 1538 5860 ἐγὼηὸτι
1575 5782 1895 5860 ﬂuxit/3mm
1914 5782 2129 5860 :E'V‘O'Jja-
2242 5779 2564 5860 ματαιότγις,
2613 5779 2755 5841 ’διότι
2801 5791 2828 5841 ὁ
2874 5779 3065 5860 dicunt
3113 5779 3179 5841 εκ
3226 5779 3667 5859 περισσεύματος
3723 5786 3821 5839 λα-

554 5850 851 5918 αντήσεται
916 5854 1027 5913 τοῖς
1090 5853 1253 5903 πᾶσιν
1312 5853 1514 5913 αὑτοῖς.
1575 5852 1683 5903 Καὶ
1738 5848 1867 5902 εἶπα
1910 5850 2019 5919 ἐγὼ
2069 5854 2127 5905 ἐν
2237 5848 2338 5914 isi.

557 5922 757 5991 καρδίᾳ
792 5938 915 5991 μου·
936 5922 1023 5985 Ὠς
1056 5922 1371 5992 συνάντημα
1399 5922 1490 5976 τοῦ
1522 5923 1751 5991 ἄφρονος
1780 5922 1871 5975 καί
1899 5940 1956 5988 γε
2000 5926 2122 5992 ἐμοὶ
