4172 6534
339 358 455 426 82!

1417 376 1501 438 IN
1536 378 2122 450 ECCLESIASTEN.
2154 415 2225 427 -
2248 392 2418 453 LIB.
2446 393 2530 457 II-

3526 395 3633 461 822

429 476 491 581 ΣΟ
513 475 615 581 μξν
639 475 1052 581 γὰρφρόνιμος
1074 482 1170 537 καὶ
1217 485 1380 556 σοφὸς
1429 491 1650 544 πάντων
1701 493 1810 547 τῶν
1857 497 1943 564 ἐφ’

2115 501 2251 558 Nam
2289 507 2532 573 prudens
2566 506 2786 576 quidem
2825 509 3165 581 sapiensque
3198 525 3261 565 ex
3296 508 3388 575 iis,
3421 525 3543 581 quae
3575 510 3634 566 in

342 571 482 639 ἡμῖν
526 569 596 625 τά
644 570 882 640 κρείττω
913 575 1008 627 καὶ
1037 574 1288 650 λυσιτελῆ
1327 580 1421 634 καὶ
1446 585 1688 638 σωστικά
1713 589 1944 658 προκρί-

343 677 457 712 νων
490 659 586 713 καὶ
615 659 996 733 διαιρούμενος
1022 664 1179 736 δρᾷν,
1212 668 1280 721 τά
1307 669 1426 721 κατ’
1479 671 1796 726 ἐναντίωσιν
1851 676 1946 730 ἀν-

346 754 640 825 τικείμενα
665 756 858 828 πόρρω
886 757 990 829 τῆς
1026 759 1166 824 ἰδίας
1197 761 1432 832 ἐξορίζει
1463 767 1556 819 καὶ
1579 768 1946 840 παραπέμπει

348 846 518 916 ζωῆς.
587 841 715 902 οἷον
783 850 884 920 τὴν
931 851 1214 923 ἀλήθειαν,
1279 855 1378 925 τὴν
1435 857 1806 930 δικαιοσύνην,
1849 860 1948 932 τὴν

346 938 795 1012 ὲπιείκειαν,τὴν
814 943 1121 1013 πραότητα,
1153 946 1253 1018 τὴν
1279 949 1609 1020 ἀοργησίαν,
1641 955 1743 1023 τὴν
1782 955 1948 1024 ἐλεη-

351 1031 617 1102 μοσύνην,
669 1035 764 1087 καὶ
815 1034 916 1105 τὴν
967 1037 1106 1106 πρὸς
1149 1039 1245 1092 τὸν
1310 1040 1542 1112 πλησίον
1574 1046 1817 1117 ἀγάπην,
1853 1048 1950 1101 καὶ

347 1122 462 1175 τῶν
508 1124 686 1178 ἄλλων
714 1127 926 1196 ἀρετῶν
979 1128 1072 1182 τὸν
1132 1131 1458 1200 κατάλογον,
1505 1135 1602 1188 καὶ
1661 1137 1842 1208 πολλῷ
1891 1139 1950 1191 δὲ

350 1215 548 1287 πρώην
577 1218 676 1288 τὴν
706 1219 846 1289 πρὸς
871 1220 962 1272 τὸν
996 1221 1129 1275 ῐδιον
1164 1226 1396 1298 ποιητὴν
1439 1229 1533 1282 καὶ
1558 1229 1691 1282 Θεὸν
1725 1232 1819 1284 καὶ
1860 1232 1948 1285 δε-

351 1310 568 1380 σπότην
589 1311 859 1383 εἰλικρινῆ
890 1313 1077 1368 πίστιν
1111 1317 1208 1370 καὶ
1250 1317 1478 1390 βεϐαίαν
1528 1323 1720 1377 ἐλπίδα
1762 1342 1950 1395 προτι-

354 1399 620 1469 μὼμενος
647 1404 743 1456 καὶ
772 1403 1087 1472 φυλάττων,
1131 1409 1242 1464 τῶν
1299 1413 1700 1485 ἀντικειμένων
1738 1419 1950 1485 τούτοις

350 1490 455 1553 τὰς
481 1491 754 1557 διαθέσεις
791 1495 890 1548 καὶ
918 1497 1151 1568 πράξεις
1188 1502 1433 1572 φευκτάς
1458 1506 1676 1576 ἡγεῖται
1705 1511 1801 1564 καὶ
1827 1529 1953 1566 στυ-

354 1583 556 1652 γητάς.
599 1584 657 1637 '0
688 1586 881 1658 ἄφρων
915 1589 975 1641 δὲ
1009 1592 1190 1645 πάντα
1223 1593 1294 1648 τὰ
1322 1595 1403 1666 τῷ
1433 1598 1583 1668 σοφῷ
1617 1602 1826 1670 φευκτά
1856 1603 1954 1656 καὶ

356 1673 605 1742 στυγητά
625 1674 1006 1749 λελογισμένα,
1030 1683 1182 1754 παρά
1206 1685 1299 1740 τὸν
1327 1689 1610 1757 πρέποντα
1633 1695 1836 1749 σκοπὸν
1860 1698 1954 1751 καὶ

355 1763 450 1858 τον
511 1766 636 1837 ὅρον
702 1769 796 1822 καὶ
858 1770 1015 1840 λόγον
1069 1778 1171 1846 τῆς
1232 1781 1553 1852 φρονήσεως
1625 1786 1720 1841 καὶ
1764 1790 1953 1858 σοφίας

356 1857 702 1962 αἱρετώτερα
732 1863 934 1962 μᾶλλον
960 1866 1286 1962 ἡγούμενος,
1329 1875 1426 1928 καὶ
1476 1878 1686 1944 τούτοις
1728 1882 1954 1953 ἑνασχο-

359 1950 623 2022 λούμενος
688 1956 784 2008 καὶ
840 1956 1108 2028 θητεύων,
1166 1962 1580 2037 ἀποστρέφεται
1621 1974 1718 2026 καὶ
1758 1950 1951 2044 φεύγει

357 2043 472 2095 τῶν
506 2045 842 2116 εὑρεθέντων
869 2051 948 2122 τῷ
981 2053 1132 2125 σοφῷ
1166 2055 1464 2114 λυσιτελῶν
1521 2064 1616 2116 καὶ
1671 2043 1953 2122 σωστικῶν

359 2135 460 2206 τὴν
498 2139 714 2209 αἵρεσιν
736 2143 833 2196 καὶ
861 2143 961 2216 τὴν
1003 2147 1222 2218 πρᾶξιν.
1268 2153 1358 2205 Ἐν
1390 2157 1506 2217 τοῖς
1549 2160 1810 2223 τοιούτοις
1860 2157 1954 2215 οὖν

357 2230 390 2281 ὁ
419 2230 582 2298 σοφὸς
608 2236 1080 2307 χαρακτηρίζεται
1102 2241 1196 2293 καὶ
1224 2243 1252 2296 ὁ
1280 2242 1494 2312 ἄφρων,
1524 2247 1641 2300 ἀλλ’
1660 2250 1760 2302 οὑκ
1787 2251 1848 2302 ἐν
1875 2251 1954 2322 τῷ

359 2322 628 2390 ὑγιαίνειν
650 2325 682 2397 ἢ
706 2328 1118 2399 νοσηλεύεσθαι,
1144 2335 1240 2388 καὶ
1263 2337 1516 2391 πλουτεῖν
1546 2339 1577 2409 ἦ
1607 2343 1951 2411 πενητεύειν,

362 2415 462 2468 καὶ
503 2415 614 2469 τῶν
668 2420 982 2489 προσόντων
1008 2439 1016 2456 ‘
1043 2425 1277 2496 πάσχειν
1343 2428 1442 2498 τὴν
1506 2431 1770 2503 στέρησιν
1797 2451 1812 2464 ·
1859 2437 1954 2490 καὶ

360 2505 474 2559 τῶν
518 2508 698 2564 ἄλλων
749 2513 849 2584 τῆς
891 2515 1244 2592 ἀνθρωπίνης
1274 2524 1565 2594 εὐετηρίας
1597 2528 1690 2580 καὶ
1728 2529 1956 2582 πολυτε-

362 2599 518 2691 λείας
547 2603 705 2658 εἱδῶν
730 2605 986 2676 δέχεσθαι
1013 2609 1114 2673 τὰς
1148 2614 1471 2684 συμὸάσεις,
1526 2617 1559 2690 ἦ
1613 2620 1674 2672 τὸ
1720 2621 1954 2691 ἔμπαλιν

363 2690 604 2763 θλίψεων
645 2696 742 2751 καὶ
779 2699 1080 2754 κακώσεων
1114 2704 1210 2757 καὶ
1241 2705 1351 2758 τῶν
1380 2707 1651 2777 βιωτικῶν
1686 2690 1955 2783 πειρατη-

365 2780 500 2851 ρίων
579 2786 851 2859 ἀμέτοχον
912 2791 1266 2862 εὑρίσκεσθαι
1327 2797 1615 2863 παντελῶς
1662 2780 1955 2858 καὶνκαθ-

361 2873 621 2948 ύπερθεν.

436 2969 627 3060 Ταῦτα
656 2971 767 3042 γὰρ
806 2973 916 3028 τῶν
951 2976 1053 3031 ούκ
1103 2979 1192 3048 ἐφ’
1237 2981 1373 3050 ἡμῖν
1421 2982 1612 3051 ὄντων,
1663 2987 1806 3041 κατὰ
1853 2988 1955 3060 τὴν

362 3059 425 3114 ὲν
448 3059 524 3131 τῷ
548 3063 777 3134 παρόντι
801 3065 902 3138 βίῳ
924 3073 1433 3145 συγκεχωρημένην
1456 3076 1794 3146 ἀνωμαλίαν,
1823 3059 1954 3135 ἐκα-

361 3152 512 3224 τέρῳ
541 3156 934 3225 συμϐαίνουσιν
961 3159 1021 3226 ἐξ
1051 3163 1171 3217 ῐσου
1201 3165 1484 3232 πολλάκις,
1531 3169 1636 3224 κᾶν
1677 3173 1778 3244 ούχ
1824 3174 1956 3228 ἑκά⁹

362 3261 524 3312 τερος
552 3247 752 3318 ὁμοίως
783 3253 1234 3326 μεταχειρίζηται
1274 3257 1374 3322 τὰς
1431 3259 1687 3326 τοιαύτας
1737 3263 1951 3334 συμδά-

369 3351 506 3400 σεις.
547 3337 607 3390 '0
635 3338 744 3411 γὰρ
795 3343 961 3413 σοφὸς
983 3346 1084 3399 καὶ
1121 3348 1222 3411 τὰς
1260 3351 1450 3419 ὑγείας
1488 3355 1582 3408 καὶ
1611 3355 1710 3420 τὰς
1739 3357 1950 3422 νόσους,

364 3429 467 3481 καὶ
513 3428 603 3483 τὸν
627 3431 862 3488 πλοῦτον
909 3438 1005 3491 καὶ
1031 3438 1134 3506 τὴν
1166 3442 1381 3509 πενίαν,
1409 3447 1505 3499 καὶ
1535 3447 1633 3516 τὴν
1661 3448 1827 3519 τιμὴν
1859 3452 1954 3504 καὶ

364 3521 469 3594 τὴν
495 3523 743 3594 ἀτιμίαν,
775 3530 870 3582 καὶ⁵
898 3531 1000 3603 τὴν
1021 3531 1181 3599 δόξαν
1203 3537 1300 3589 καὶ
1331 3537 1429 3608 τὴν
1460 3538 1700 3606 ἀδοξίαν,
1734 3543 1827 3596 κα)⁴
1856 3545 1954 3609 τὰς

365 3614 672 3688 ἐπιδρομὰς
700 3621 794 3674 καὶ
818 3622 1072 3694 δηῖὼσεις
1106 3627 1202 3680 καὶ
1229 3627 1524 3700 λεηλασίας
1568 3634 1676 3687 τῶν
1725 3635 1956 3706 ἀλλοφύ-

359 3708 496 3776 λων,
545 3715 641 3767 καὶ
691 3713 794 3778 τάς
848 3717 1148 3788 ἐπαγωγὰς
1178 3722 1426 3788 καὶτοὺς
1459 3726 1826 3798 ἐμπρησμοὺς
1862 3730 1956 3784 καὶ

370 3806 650 3872 σεισμοὺς.
698 3807 797 3860 καὶ
840 3809 941 3879 τῆς
969 3809 1117 3885 ζωῆς
1147 3814 1246 3883 τὴν
1280 3817 1565 3886 είρηναίαν
1594 3820 1953 3889 κατάστασιν,

364 3891 459 3945 διὰ
487 3894 588 3963 τῆς
621 3897 935 3970 προσούσης
964 3903 1118 3974 αὐτῷ
1140 3906 1456 3977 φρονήσεως
1482 3908 1574 3960 καὶ
1601 3911 1797 3979 σοφίας
1820 3913 1958 3983 πρὸς

364 3985 430 4040 τὸ
459 3987 683 4058 ἄμεινον
721 3993 816 4045 καὶ
844 3992 1284 4069 λυσιτελέστερον
1319 3997 1646 4070 διατίθησιν,
1677 4005 1736 4057 ὲν
1791 4007 1959 4059 πᾶσιν

369 4079 712 4153 εὐχαριστῶν
738 4085 816 4156 τῷ
845 4086 964 4159 Θεῷ
1007 4087 1087 4159 τῷ
1141 4091 1320 4145 πάντα
1359 4093 1540 4160 σοφῶς
1586 4098 1960 4169 οἰκονομοῦντι

368 4176 466 4228 καὶ
504 4178 918 4250 συμφερόντως,
958 4181 1057 4235 καὶ
1111 4187 1548 4258 προσκαρτερῶν
1603 4192 1714 4254 τοῖς
1764 4192 1960 4259 δεινοῖς

369 4267 598 4332 καὶτοῖς
639 4268 928 4341 λυπηροῖς,
966 4273 1060 4326 καὶ
1094 4273 1183 4328 διὰ
1217 4275 1318 4345 τῆς
1351 4277 1634 4352 ὑπομονῆς
1682 4282 1962 4357 ἀθλητικῷ

371 4359 624 4429 στεφάνῳ
654 4363 1198 4433 κατακοσμούμενος.
1239 4365 1376 4421 Οὔτε
1408 4369 1516 4440 γὰρ
1549 4373 1608 4425 ἐν
1658 4375 1780 4439 ταῖς
1825 4393 1963 4448 συμ-

369 4452 564 4505 ϐάσεσι
593 4451 702 4506 τῶν
759 4454 1059 4510 δοκούντων
1113 4461 1430 4533 περιχαρῶν
1483 4466 1577 4517 καὶ
1638 4469 1962 4536 κρειττόνων

2044 605 2317 665 potestate
2354 609 2540 654 nostra
2571 601 2675 656 sita
2713 611 2863 666 sunt,
2905 603 3366 673 praestantissima
3402 618 3637 674 qumque

2046 697 2101 743 et
2134 688 2290 743 utilia
2323 698 2377 744 et
2406 692 2652 747 salubria
2693 704 2982 764 prmOptat,
3019 694 3238 765 sibique
3268 695 3334 750 ad
3359 696 3634 766 agendum

2047 789 2370 852 comparat;
2404 795 2625 851 caetera,
2659 802 2783 856 qua:
2824 787 2908 841 his
2958 789 3342 851 adversantur,
3381 787 3570 856 procul
3603 803 3637 842 ει

2047 875 2158 928 vita
2190 889 2288 930 sua
2313 875 2560 931 eliminat
2589 888 2752 948 atque
2779 879 3017 950 depellit.
3046 877 3343 935 Veritatem
3371 882 3634 935 nimirum

2049 967 2423 1037 amplectitur,
2481 970 2777 1038 justitiam,
2833 972 3348 1034 mansuetudinem,
3394 973 3638 1028 clemen-

2051 1060 2210 1123 tiam,
2244 1061 2582 1128 comitatem,
2639 1063 3107 1130 misericordiam,
3149 1064 3474 1118 charitatem
3504 1078 3634 1132 erga

2052 1155 2369 1224 proximos,
2425 1165 2758 1212 caeterarum
2805 1156 3070 1212 virtutum
3119 1158 3361 1213 seriem:
3399 1158 3638 1210 maxime

2050 1263 2183 1304 vero
2213 1251 2486 1306 sinceram
2514 1265 2644 1320 erga
2677 1248 2847 1304 Deum
2883 1259 2939 1304 et
2968 1249 3267 1304 Dominum
3295 1249 3635 1305 conditorem

2052 1355 2215 1394 suum
2246 1339 2404 1394 fidem
2429 1340 2755 1410 ﬁrmamque
2783 1354 2936 1408 spem
2966 1339 3202 1394 antefert
3224 1347 3387 1408 atque
3414 1347 3633 1393 tuetur:

2051 1446 2285 1502 quaeque
2318 1431 2695 1502 oppositarum
2736 1445 2922 1485 rerum
2960 1445 3107 1486 cum
3136 1429 3638 1499 occupationcsque

2055 1532 2204 1587 sunt,
2247 1537 2341 1578 eas
2371 1522 2498 1594 fuga
2531 1523 2771 1593 odioque
2816 1522 3010 1593 dignas
3048 1521 3348 1577 existimat.
3394 1520 3464 1574 At
3506 1536 3638 1574 vero

2055 1616 2283 1681 stultus,
2316 1631 2660 1685 quaecunque
2709 1615 2929 1685 sapiens
2978 1613 3233 1684 fugienda
3266 1614 3504 1683 odioque
3535 1613 3637 1667 ha-

2055 1709 2236 1763 benda
2287 1716 2496 1772 censet,
2544 1717 2878 1778 praepostere
2921 1707 3108 1763 omnia
3161 1714 3214 1761 et
3263 1714 3453 1760 contra
3502 1721 3637 1776 pru-

2057 1797 2258 1853 dentiae
2287 1797 2683 1868 sapientiaeque
2712 1799 2958 1855 rationes
2983 1799 3231 1868 eligenda
3261 1798 3364 1853 sibi
3396 1812 3507 1867 prae
3535 1813 3640 1851 cm-

2057 1891 2189 1945 teris
2217 1889 2548 1954 arbitratur,
2583 1889 2637 1942 in
2669 1889 2755 1944 his
2778 1905 2837 1944 se
2873 1898 3113 1955 exercet,
3163 1889 3251 1944 his
3293 1888 3543 1943 servilem
3582 1889 3638 1941 in

2055 1982 2278 2037 modum
2308 1996 2533 2052 operam
2568 1991 2775 2036 navat:
2811 1997 2935 2052 quae
2971 1981 3194 2051 sapiens
3245 1980 3485 2035 salubria
3533 1979 3640 2034 sibi

2055 2087 2220 2145 atque
2259 2075 2416 2130 utilia
2440 2074 2526 2130 vel
2552 2074 2800 2129 delectus
2830 2090 2997 2130 causa
3025 2075 3110 2128 vel
3146 2073 3526 2143 occupationis
3555 2072 3640 2128 in-

2054 2167 2226 2230 venit,
2256 2181 2322 2222 ea
2365 2176 2653 2221 aversatur
2696 2182 2764 2222 ac
2809 2166 2964 2236 fugit.
2999 2165 3172 2220 Porro
3202 2166 3254 2220 in
3289 2166 3374 2219 his
3418 2165 3640 2235 sapiens

2055 2275 2121 2314 ac
2155 2259 2357 2314 stultus
2407 2273 2467 2313 se
2511 2259 2770 2328 produnt,
2830 2273 2938 2312 non
2999 2257 3046 2313 si
3097 2260 3236 2312 bene
3279 2257 3496 2310 valeant
3543 2264 3641 2310 aut

2054 2349 2248 2404 morbo
2288 2357 2594 2412 tententur,
2628 2363 2734 2402 non
2768 2347 2814 2402 si
2847 2347 3046 2403 divites
3079 2347 3191 2401 sint
3219 2355 3311 2400 aut
3345 2360 3636 2416 pauperes,

2055 2445 2137 2499 vel
2172 2452 2360 2514 partas
2383 2457 2515 2512 opes
2547 2442 2804 2496 amittant
2833 2459 2845 2495 :
2885 2456 2995 2495 non
3039 2441 3086 2497 si
3131 2441 3342 2495 cmteris
3378 2441 3636 2495 humanae

2055 2533 2441 2606 prosperitatis
2488 2543 2544 2588 et
2597 2532 2894 2603 opulentia:
2927 2531 3087 2588 bonis
3120 2531 3421 2602 potiantur,
3473 2540 3567 2584 ant
3605 2544 3638 2586 e

2054 2629 2339 2684 contrario
2386 2625 2757 2689 calamitates,
2790 2639 3090 2692 :erumnas,
3128 2625 3342 2695 reliqua
3380 2625 3505 2678 vitae
3544 2639 3638 2693 pe.

2055 2721 2230 2776 ricula
2257 2720 2338 2774 sic
2365 2717 2649 2788 eﬂugiant,
2688 2717 2828 2772 nihil
2859 2725 2918 2772 ut
2953 2715 3218 2783 sensisse,
3272 2711 3407 2771 nihil
3440 2729 3640 2770 succu-

2055 2813 2244 2869 buisse
2275 2811 2586 2867 videantur.

2124 2991 2262 3046 Nam
2295 2991 2429 3056 haec,
2467 2998 2528 3045 ut
2561 2988 2693 3053 alia,
2723 3004 2847 3060 quae
2891 2987 2944 3042 in
2996 2992 3267 3058 potestate
3318 2996 3502 3041 nostra
3534 2985 3638 3037 mi-

2054 3086 2206 3142 nime
2257 3095 2407 3149 sunt,
2440 3092 2710 3156 quantum
2756 3097 3021 3137 concessa
3051 3080 3363 3135 viventibus
3395 3080 3638 3148 inaequa-

2055 3179 2180 3233 litas
2224 3178 2450 3247 patitur,
2507 3176 2728 3246 utrique
2759 3189 2903 3244 saepe
2934 3172 3263 3242 contingunt
3309 3172 3638 3240 aequaliter:

2053 3271 2160 3326 etsi
2192 3270 2386 3325 iisdem
2431 3269 2487 3324 in
2531 3267 2742 3323 eventis
2783 3266 2929 3321 haud
2975 3265 3169 3320 eodem
3208 3264 3370 3318 modo
3413 3273 3640 3332 uterque

2054 3377 2116 3418 se
2143 3363 2305 3429 gerit.
2338 3359 2474 3416 Nam
2527 3359 2747 3429 sapiens
2795 3358 2995 3418 bonam
3039 3357 3410 3412 valetudinem
3457 3365 3510 3410 et
3543 3357 3641 3408 atl-

2053 3469 2298 3519 versam,
2335 3451 2558 3508 divitias
2584 3461 2638 3508 et
2667 3458 3070 3521 paupertatem,
3100 3449 3364 3503 honorem
3397 3457 3451 3501 et
3476 3447 3634 3516 igno-

2057 3547 2314 3613 miniam,
2367 3545 2601 3616 gloriam
2649 3553 2702 3598 et
2747 3542 3069 3608 infamiam,
3116 3550 3230 3596 tum
3269 3540 3634 3599 incursiones,

2057 3639 2415 3702 vastationes,
2457 3637 2684 3706 rapinas
2711 3643 3126 3698 extraneorum,
3171 3641 3226 3686 et
3269 3630 3498 3685 hostiles
3541 3629 3644 3682 itu-

2057 3735 2238 3797 petus,
2275 3725 2550 3790 incendia,
2586 3734 2745 3779 terra:
2787 3732 2993 3788 motus,
3037 3737 3144 3776 nec
3187 3722 3372 3775 minus
3417 3729 3644 3790 peccata

2058 3818 2469 3888 tranquillaque
2494 3817 2620 3879 vita:
2644 3825 2902 3886 tempora
2933 3815 3007 3880 ita
3036 3814 3177 3868 duce
3211 3813 3482 3883 sapientia
3517 3828 3646 3881 pru-

2059 3911 2359 3981 dentiaque
2389 3910 2800 3980 complectitur,
2833 3918 2894 3962 ut
2927 3908 3123 3962 melior
3157 3907 3275 3978 ipse
3303 3907 3418 3971 fiat,
3451 3914 3507 3959 et
3530 3904 3646 3959 fru-

2059 4015 2212 4060 etum
2249 4003 2491 4072 aliquem
2529 4001 2714 4072 capiat
2743 4000 3002 4055 utilitatis
3039 4018 3052 4054 :
3089 4014 3214 4054 cum
3245 4007 3300 4054 et
3341 3998 3484 4060 Deo,
3519 3997 3645 4066 qui-

2061 4110 2283 4165 cunque
2320 4095 2394 4150 sit
2427 4109 2614 4149 rerum
2666 4103 2877 4160 status,
2938 4092 3148 4164 gratias
3192 4103 3321 4161 agat
3369 4090 3648 4159 sapienter

2061 4188 2248 4243 omnia
2276 4194 2331 4242 et
2361 4186 2574 4240 utiliter
2602 4185 2958 4256 gubernanti,
2999 4193 3056 4238 et
3091 4183 3322 4238 adversa
3362 4197 3425 4236 ac
3465 4181 3644 4235 tristia

2063 4280 2145 4337 sic
2178 4279 2337 4345 ferat,
2371 4288 2431 4333 ut
2461 4279 2781 4334 certaminis
2803 4292 3066 4332 coronam
3102 4276 3208 4347 55
3241 4275 3503 4346 patientia
3529 4274 3648 4328 adi-

2063 4374 2332 4444 piscatur.
2372 4369 2564 4442 Neque
2593 4371 2746 4427 enim
2782 4370 2867 4424 vel
2917 4370 2971 4424 in
3022 4370 3234 4425 eventis
3266 4383 3481 4432 eorum,
3524 4383 3649 4436 qua:

2065 4467 2224 4522 valde
2254 4467 2376 4520 Ireta
2412 4474 2467 4519 et
2496 4464 2717 4535 potiora
2756 4462 3036 4527 videntur,
3081 4477 3246 4531 supra
3282 4461 3506 4514 modum
3533 4459 3648 4513 ela-

371 4544 731 4618 ὑπεραίρεται
754 4549 849 4601 καὶ
872 4549 1190 4621 διακέχυται
1211 4553 1310 4624 τὴν
1326 4555 1526 4628 ψυχὴν,
1546 4559 1642 4612 καὶ
1656 4561 1956 4632 ῥᾳστώναις

2067 4567 2181 4622 tus,
2214 4559 2418 4620 latitia:
2447 4556 2676 4611 nimium
2707 4556 2974 4627 indulget,
3003 4556 3363 4624 animumque
3387 4555 3647 4622 remittit;

371 4637 676 4703 ἐκδίδωσιν,
704 4639 828 4694 οὔτε
852 4646 974 4707 ταῖς
1022 4646 1132 4699 τῶν
1175 4646 1448 4702 ἀνιὼντων
1499 4653 1594 4705 καὶ
1648 4651 1962 4709 λυπούντων

374 4735 768 4803 συναντήσεσιν
810 4737 1045 4806 ἡττᾶται
1101 4738 1198 4792 καὶ
1238 4741 1720 4812 κατακάμπτεται,
1747 4744 1962 4798 καὶτὸν

373 4823 622 4892 ἡγεμόνα
661 4825 788 4880 νοῦν
818 4828 900 4890 είς
930 4828 1177 4894 ἀγεννεῖς
1211 4831 1555 4902 ἐκτραπῆναι
1577 4835 1964 4907 διενθυμήσεις

373 4915 620 4986 ἀφίησιν.
673 4919 732 4972 Ὀ
761 4918 820 4972 δὲ
857 4921 1050 4992 ἄφρων
1107 4924 1375 4994 μηδαμῶς
1420 4925 1558 4996 ἔχων
1605 4927 1706 4996 τὴν
1759 4927 1968 4998 διακρι-

375 5006 535 5079 τικὴν
580 5009 683 5079 τῆς
719 5013 1040 5083 φρονήσεως
1093 5015 1425 5088 ἐπιστήμην,
1466 5019 1561 5070 ἐπὶ
1602 5019 1803 5084 πάσαις
1845 5022 1967 5086 ταῖς

377 5097 660 5166 τοιαύταις
691 5105 1028 5175 συμϐάσεσιν
1049 5106 1205 5175 αὔξει
1233 5108 1331 5173 τὰς
1368 5110 1666 5181 ἀλγηδόνας
1699 5113 1794 5178 καὶ
1837 5112 1965 5165 πολ-

379 5189 718 5258 λαπλασίους
743 5195 924 5268 ἐαυτῷ
950 5197 1137 5256 δίδωσι
1166 5200 1268 5264 τὰς
1295 5200 1584 5264 θλιπτικὰς
1614 5203 1968 5274 περιστάσεις

377 5284 470 5338 διά
501 5287 602 5356 τῆς
630 5287 1085 5361 ,ἀνυπομονησίας
1113 5293 1210 5347 καὶ
1235 5293 1333 5364 τῆς
1381 5294 1697 5365 δυσφημίας
1737 5296 1831 5349 καὶ
1868 5296 1968 5366 τῆς

377 5379 754 5445 ἀνελπιστίας.

453 5469 580 5534 Πῶς
629 5467 725 5526 οὖν
768 5473 870 5536 οὑκ
912 5474 970 5535 ὲν
1012 5477 1148 5540 πᾶσι
1183 5478 1279 5534 καὶ
1310 5481 1425 5544 τοῖς
1453 5481 1541 5549 ἐφ’
1570 5482 1706 5553 ἡμῖν
1733 5483 1970 5546 καὶτοῖς

378 5562 482 5616 οὐκ
511 5561 597 5632 ἐφ’
621 5563 755 5634 ἡμῖν
777 5566 839 5618 τὸ
872 5565 996 5619 καθ’
1034 5568 1308 5641 ὑπεροχὴν
1332 5569 1432 5644 τὴν
1457 5571 1597 5642 πρὸς
1627 5573 1690 5626 τὸ
1720 5575 1969 5644 κρεῖττον

381 5652 612 5726 εὓρηται
663 5656 743 5732 τῷ
792 5658 942 5735 σοφῷ
995 5661 1091 5714 καὶ
1142 5663 1391 5736 φρονίμῳ
1417 5664 1677 5738 διάφορον
1710 5667 1850 5738 ὑπὲρ
1878 5667 1970 5721 τὸν

382 5746 595 5818 ἄφρονα
617 5749 710 5802 τὸν
742 5750 845 5804 κάν
874 5753 986 5815 τοῖς
1020 5751 1106 5820 ἐφ’
1132 5753 1266 5825 ἡμῖν
1295 5742 1389 5808 καίι
1425 5759 1538 5818 τοῖς
1581 5756 1682 5810 οὐκ
1710 5759 1797 5826 ἐφ’
1835 5759 1969 5832 ἡμῖν

388 5839 609 5906 φαύλως
650 5840 992 5916 διακείμενον
1044 5845 1140 5900 καὶ
1187 5845 1470 5918 διᾴττοντα
1496 5853 1564 5923 τῇ
1606 5850 1841 5920 ζοφώσει
1869 5853 1969 5923 τῆς

2066 4653 2154 4707 vel
2214 4651 2591 4722 ingruentium
2649 4665 2908 4705 curarum
2969 4657 3024 4704 et
3086 4648 3465 4704 molestiarum
3517 4648 3651 4703 moli

2067 4744 2381 4811 succumbit
2415 4759 2743 4822 oppressus,
2776 4752 2826 4798 et
2867 4743 3276 4814 principantem
3309 4743 3552 4797 animum
3581 4742 3653 4796 ad

2065 4836 2339 4909 ignobiles
2370 4835 2738 4907 cogitationes
2769 4833 3023 4890 converti
3064 4833 3295 4904 patitur.
3331 4833 3402 4888 At
3448 4833 3654 4888 stultus

2067 4940 2281 4996 contra,
2333 4929 2423 4986 cui
2469 4930 2781 5000 prudentiae
2834 4927 3068 4984 scientia
3119 4929 3186 4983 ad
3234 4925 3654 4996 diiudicandum

2066 5022 2242 5086 deest,
2280 5036 2629 5092 quaecunque
2685 5021 2764 5074 illi
2805 5021 3132 5092 contingant
3178 5017 3517 5088 hujusmodi,
3551 5015 3655 5070 do-

2066 5113 2218 5169 lores
2249 5089 2433 5183 auget,
2460 5089 2846 5184 plurimasque
2884 5089 3150 5182 ipsevsi'bi'
3179 5107 3524 5180 aegritudinis
3553 5121 3653 5159 ne.-

2067 5207 2168 5262 ctit
2201 5223 2426 5273 causas,
2457 5205 2818 5277 impotentiae,
2854 5204 3252 5267 maledictioni,
3279 5199 3655 5272 desperatioui

2067 5300 2368 5355 obnoxius.

2140 5475 2432 5543 Quomodo
2463 5475 2652 5546 igitur,
2685 5473 2803 5531 sive
2835 5489 2899 5529 ea
2930 5483 3174 5544 spectes,
3211 5487 3338 5542 quae
3375 5479 3564 5527 nostra
3598 5471 3655 5526 in

2071 5577 2340 5641 potestate
2371 5577 2522 5628 sunt.
2555 5567 2672 5622 sive
2695 5582 2780 5632 ea,
2806 5583 2930 5637 qua:
2955 5565 3301 5621 extrinsecus
3323 5563 3653 5630 obveniant,

2075 5675 2184 5714 non
2224 5657 2323 5713 tibi
2370 5659 2425 5713 in
2480 5659 2758 5730 potiorum
2809 5657 2993 5712 studio
3037 5654 3259 5725 sapiens
3301 5653 3658 5726 prudensqne

2073 5753 2234 5823 longe
2263 5752 2435 5808 stulto
2475 5759 2739 5822 praestare
2779 5748 3051 5814 videatur,
3088 5747 3183 5818 qui
3213 5757 3266 5802 et
3303 5747 3357 5801 in
3393 5746 3501 5809 his,
3534 5759 3659 5815 quae

2080 5863 2110 5901 a
2143 5845 2303 5903 nobis
2339 5845 2598 5918 pendent,
2632 5853 2688 5902 et
2733 5843 2790 5901 in
2843 5840 3071 5913 reliquis
3104 5839 3363 5898 omnibus
3402 5836 3658 5914 impron
