4172 6548
519 342 628 408 823

1663 346 1721 412 S.
1750 350 2133 414 GREGORII
2183 350 2698 414 AGRIGENTINI

3700 344 3809 411 8%

520 459 779 521 allectus,
811 454 866 509 in
903 457 1113 526 peccati
1146 456 1380 529 caligine
1409 459 1649 517 insanit?
1684 464 1981 519 Enimvero
2020 481 2109 521 sa-

2229 466 2518 536 ipaptla;;
2546 467 2683 529 Τοὺς
2706 443 2998 528 ’τοιούτους
3020 463 3115 521 οὖν
3143 460 3443 533 λογισμοὺς
3484 460 3578 514 καὶ
3609 460 3807 527 λόγους

520 552 680 617 piens
718 548 1115 613 Ecclesiastes.
1167 566 1279 621 quo
1328 556 1602 612 maturius
1652 558 2105 617 ratiocinationes

520 660 711 698 eorum
768 659 1170 715 sermonesque
1233 647 1513 705 inhiberet
1570 661 1736 723 atque
1793 653 2103 719 refelleret,

521 750 686 804 quos,
725 746 787 791 ut
834 736 952 807 ipse
986 737 1043 792 in
1075 748 1253 795 semet
1284 742 1580 810 expressit.
1622 745 1752 799 talia
1783 745 2109 814 cpinaturos

520 828 767 896 videbat,
799 831 964 885 verba
1016 831 1109 886 illa
1160 844 1538 902 usurpantes:
1583 852 1602 888 ι
1640 835 1709 890 Ει
1752 837 1867 891 dixi
1912 851 2015 906 ego
2051 837 2107 891 in

522 920 689 975 corde
715 935 870 977 meo:
898 920 1057 976 Sicut
1078 932 1308 978 eventus
1330 923 1482 978 stulti
1518 924 1591 978 ita
1614 935 1670 979 et
1692 927 1825 981 mihi
1856 927 2105 981 eveniet:

522 1021 578 1068 et
618 1021 678 1068 ut
723 1013 855 1083 quid
907 1016 1127 1084 sapiens
1179 1014 1360 1071 factus
1411 1031 1533 1071 sum
1574 1018 1725 1085 ego?
1756 1037 1775 1069 ι
1839 1018 2004 1073 simul
2050 1025 2112 1072 ut

523 1115 713 1175 aperte
745 1107 1083 1177 ostenderet,
1124 1122 1184 1163 se
1234 1118 1427 1162 contra
1463 1108 1548 1163 fas
1594 1124 1659 1165 ac
1694 1119 1900 1164 temere
1949 1110 2109 1165 locu-

524 1206 666 1266 tum,
704 1199 907 1269 adjecit
941 1200 1199 1270 protinus
1230 1216 1245 1253 :
1278 1220 1296 1253 ι
1333 1200 1488 1257 Tunc
1519 1202 1863 1257 abundanter
1892 1203 2111 1259 locutus

526 1307 652 1346 sum
692 1308 794 1361 ego
842 1293 895 1347 in
928 1295 1094 1350 corde
1125 1309 1270 1349 meo.
1308 1314 1327 1346 ›
1367 1292 1544 1359 Tunc,
1592 1296 1810 1366 inquit;
1858 1297 2112 1366 quando-

525 1384 695 1439 nam?
718 1385 797 1439 Eo
826 1401 1022 1456 nempe
1056 1394 1325 1456 tempore,
1350 1401 1461 1457 quo
1499 1387 1634 1442 tales
1664 1388 1717 1441 in
1748 1388 2114 1457 cogitationes

528 1478 774 1546 devenit,
812 1479 1059 1534 interiori
1109 1495 1368 1535 sermone
1408 1480 1704 1549 superﬂua,
1736 1497 1897 1542 vana.
1943 1497 1973 1536 a
2018 1498 2114 1537 ve-

529 1574 699 1628 ritate
729 1574 910 1627 aliena
956 1589 1144 1629 secum
1193 1575 1310 1645 ipse
1343 1576 1641 1632 meditatus
1672 1584 1837 1646 atque
1870 1576 2110 1632 locutus.

528 1661 598 1718 Et
628 1679 740 1735 quo
780 1664 1101 1733 hujusmodi
1143 1665 1511 1735 cogitationes
1553 1666 1831 1738 insignius
1875 1677 2108 1730 notaret,

529 1755 768 1824 subjecit
797 1757 982 1811 statim
1016 1774 1029 1809 :
1068 1776 1087 1809 ι
1126 1756 1396 1824 Quoniam
1432 1758 1636 1815 stultus
1674 1774 1737 1813 ex
1774 1759 2113 1815 abundantia

528 1845 811 1914 loquitur;
852 1855 907 1901 et
943 1848 1049 1903 hoc
1077 1847 1208 1902 item
1242 1848 1459 1903 vanitas
1491 1848 1629 1919 (84).
1664 1866 1682 1899 ι

603 1938 661 1993 Si
697 1954 828 2009 ergo
857 1940 1087 1995 stultum
1116 1956 1243 1997 esse
1274 1941 1619 2010 pronuntiat,
1649 1941 1743 2011 qui
1769 1940 1899 1995 talia
1929 1941 2115 1995 animo

527 2031 737 2096 volvat,
773 2040 830 2087 et
866 2032 1164 2088 vanitatem
1202 2043 1361 2088 vocat
1403 2032 1512 2104 56
1560 2033 1913 2088 temerarium
1948 2034 2115 2087 istum

529 2127 894 2197 c0gitatarum
950 2144 1135 2184 rerum
1187 2138 1423 2194 motuin,
1488 2129 1659 2198 liquet
1713 2128 1849 2197 jam,
1884 2144 1951 2183 eo
2002 2128 2119 2184 haec

531 2219 721 2275 animo
752 2222 823 2275 ab
854 2236 920 2276 eo
966 2222 1204 2291 prolata,
1241 2230 1300 2277 ut
1326 2222 1579 2292 vulgares
1627 2222 1750 2277 illas
1794 2232 1847 2276 et
1893 2222 2117 2276 insanas

530 2310 926 2383 plerorumque
973 2314 1257 2368 hominum
1298 2313 1688 2369 altercationes
1721 2318 2117 2381 compesceret.

533 2401 1050 2474 lnterpretatiouem
1110 2422 1240 2462 vero
1303 2415 1551 2461 nostram
1616 2404 1685 2461 iis
1739 2406 1937 2470 etiam,
2000 2419 2123 2474 qua:

535 2498 788 2568 proxime
814 2509 1141 2570 sequuntur,
1174 2499 1489 2564 contirmat,
1521 2513 1650 2555 cum
1685 2496 1866 2552 dicat:

2209 560 2661 633 προαναστέλλων
2688 559 2784 612 καὶ
2804 557 3307 629 προανασκευάζων
3325 559 3353 610 ό
3373 555 3541 622 σοφὸς
3573 552 3809 622 Ἐκκληο

2212 655 2439 726 σιαστὴς
2496 653 2557 718 ἐξ
2606 652 2773 706 αὐτοῦ
2822 650 3117 725 προσώπου
3157 651 3267 703 τῶν
3304 649 3373 702 τά
3412 646 3641 700 τοιαῦτα
3676 647 3808 715 μελ-

2208 745 2410 799 λόντων
2444 743 2854 815 ὑπολαμϐάνειν
2902 743 2997 797 καὶ
3033 742 3215 810 λέγειν
3246 758 3260 771 ⁸
3300 759 3318 792 ι
3366 740 3473 792 Καὶ
3501 733 3659 791 εἷπον
3693 736 3807 803 ἐγὼ

2210 838 2268 890 ἐν
2294 836 2491 909 καρδίᾳ
2541 854 2667 907 μου,
2714 836 2801 899 Ὠς
2831 836 3153 905 συνάντημα
3183 833 3277 886 τοῦ
3325 832 3581 900 ἄφρονος,
3614 829 3710 882 καί
3738 847 3806 898 γε

2211 931 2336 1000 ἐμοὶ
2390 930 2821 1000 συναντήσεται·
2864 928 2961 981 καὶ
2991 928 3080 979 ἴνα
3111 926 3165 978 τί
3209 923 3555 993 ἐσοφισάμην
3599 922 3740 989 ἐγώ;
3780 941 3800 973 ι

2213 1022 2309 1075 καὶ
2349 1020 2564 1083 δεικνὺς
2604 1018 2874 1091 ἐναργῶς,
2914 1018 2987 1082 ὡς
3016 1018 3221 1081 ἀδίκως
3249 1016 3351 1086 ἔφη
3382 1014 3541 1067 τοῦτο
3575 1015 3670 1067 καὶ
3698 1031 3808 1066 πα-

2218 1114 2485 1185 ραλόγως,
2509 1113 2729 1184 ἀμέσως
2762 1114 3034 1183 ἐπήγαγε·
3064 1129 3081 1162 ι
3107 1111 3240 1163 Τότε
3273 1108 3535 1181 περισσὸν
3566 1105 3808 1176 ἐλάλησα

2213 1203 2325 1275 ἐγὼ
2357 1207 2416 1258 ἐν
2457 1203 2655 1275 καρδίᾳ
2691 1218 2819 1274 μου.
2861 1221 2879 1255 ι
2911 1202 3068 1265 Τότε,
3096 1201 3258 1266 πότε;
3286 1198 3541 1270 Δηλονότι
3582 1198 3704 1249 καθ’
3745 1196 3808 1249 ὃν

2216 1295 2409 1367 καιρὸν
2430 1295 2509 1357 είς
2533 1293 2635 1357 τὰς
2655 1291 2913 1355 τοιαύτας
2936 1286 3069 1362 ἦλθε
3096 1290 3501 1360 διενθυμήσεις,
3523 1286 3603 1357 τῷ
3626 1286 3807 1340 ἐνδια-

2216 1388 2356 1458 θέτῳ
2397 1386 2542 1456 λόγῳ
2593 1385 2663 1439 τά
2722 1384 2957 1456 περιττὰ
3003 1383 3100 1437 καὶ
3154 1382 3381 1452 μάταια,
3409 1381 3505 1434 καὶ
3534 1378 3806 1449 μηδεμίαν

2214 1482 2477 1552 ἀληθείας
2537 1479 2732 1551 ἔχοντα
2764 1477 2996 1548 δύναμιν
3041 1474 3377 1546 ἐνθυμηθεὶς
3416 1472 3514 1525 καὶ
3543 1470 3804 1541 λαλήσας.

2228 1571 2630 1642 Ἐκφαντικώτε
2638 1588 2731 1643 ρον
2758 1571 2814 1624 δὲ
2838 1568 3110 1623 καθιστῶν
3134 1568 3227 1621 τὸν
3249 1566 3415 1637 ψόγον
3430 1564 3540 1617 τῶν
3554 1562 3813 1616 τοιούτων

2218 1666 2647 1738 ἐνθυμημάτων,
2678 1664 2904 1733 ἀμέσως
2940 1664 3192 1733 ἐπήγαγε
3214 1677 3227 1690 °
3272 1678 3291 1711 ι
3332 1659 3477 1711 Διότι
3510 1656 3701 1727 ἄφρων
3744 1658 3812 1708 ἐκ

2218 1757 2656 1832 περισσεύματος
2685 1755 2839 1811 λαλεῖ
2862 1774 2875 1789 ο
2904 1755 2997 1809 καί
3027 1771 3093 1825 γε
3118 1752 3281 1807 τοῦτο
3311 1751 3637 1823 ματαιότης.
3678 1764 3697 1798 ι

2290 1941 2353 1994 Εἰ
2384 1938 2568 1993 τοίνυν
2608 1938 2821 2010 ἄφρονα
2862 1936 2955 1990 τὸν
3007 1932 3445 2005 διενθυμηθέντα
3480 1930 3550 1983 τά
3581 1926 3815 1982 τοιαῦτα

2219 2030 2643 2104 προσαγορεύει,
2692 2030 2788 2085 xa‘t
2835 2029 3175 2099 ματαιότητα
3221 2027 3379 2080 καλεῖ
3415 2020 3513 2095 τὴν
3543 2024 3652 2077 τῶν
3685 2039 3816 2091 νοη-

2221 2126 2422 2180 θέντων
2452 2124 2767 2196 παράλογον
2795 2124 3030 2192 κίνησιν,
3058 2119 3349 2191 πρόδηλον,
3377 2119 3453 2181 ὡς
3480 2130 3816 2187 προανασει-

2226 2217 2405 2290 ράζων
2443 2216 2551 2270 τῶν
2606 2214 2816 2268 πολλῶν
2858 2214 2953 2268 καὶ
3006 2213 3241 2283 χυδαίων
3287 2212 3383 2265 καὶ
3436 2207 3818 2280 παραπλήγων

2228 2308 2533 2379 ἀνθρώπων
2563 2309 2663 2371 τὰς
2696 2306 3049 2379 ἀντιρρήσεις
3081 2304 3257 2359 ταῦτα
3285 2304 3537 2371 προεῖπε.
3582 2298 3816 2353 Πιστοῦ-

2228 2418 2318 2455 ται
2366 2401 2425 2455 δὲ
2472 2401 2575 2455 κάν
2624 2401 2737 2464 τοῖς
2768 2400 2992 2471 ἀμέσως
3051 2398 3341 2467 ἑπομένοις
3387 2395 3489 2467 τὴν
3539 2391 3819 2464 ἡμετέραν

2230 2494 2463 2566 ἐκδοχὴν
2490 2492 2633 2547 οὕτω
2654 2494 2880 2564 φάσκων

2090 2610 2118 2682 §
2150 2608 2263 2665 vn.

609 2726 776 2782 Vens.
816 2726 904 2782 16.
946 2728 1088 2794 Quia
1118 2744 1222 2784 non
1267 2739 1344 2785 est
1395 2729 1653 2784 memoria
1707 2728 1963 2799 sapientis
2006 2744 2129 2781 cum

536 2816 702 2873 stulto
736 2818 789 2869 in
829 2827 1105 2887 aeternum,
1156 2835 1215 2874 eo
1271 2820 1411 2891 quod
1454 2820 1611 2889 jam,
1674 2820 1853 2873 diebus
1893 2835 2130 2887 superve-

540 2910 826 2974 nientibus,
870 2912 1051 2965 omnia
1092 2912 1286 2967 oblivio
1331 2915 1534 2983 operuit
1564 2929 1583 2969 :
1612 2922 1663 2967 et
1710 2913 1969 2983 quomodo
2018 2929 2131 2968 mo-

540 3004 713 3057 rietur
741 3005 951 3072 sapiens
983 3020 1100 3058 cum
1139 3006 1306 3059 stulto
1341 3004 1495 3075 (85)?

2300 2728 2430 2782 Ὅτι
2456 2728 2568 2782 οὐκ
2592 2726 2722 2781 ἔστι
2738 2724 2948 2797 μνήμη
2976 2726 3083 2781 τοῦ
3107 2723 3307 2793 σοφοῦ
3324 2721 3477 2794 μετὰ
3505 2719 3611 2774 τοῦ
3639 2717 3823 2788 ἀφρο-

2225 2841 2333 2890 νος
2361 2826 2449 2889 είς
2488 2822 2597 2876 τὸν
2626 2819 2835 2885 αἰῶνα,
2864 2821 3069 2875 καθότι
3094 2819 3212 2887 ἤδη
3246 2817 3376 2884 ταῖς
3405 2816 3656 2886 ἡμέραις
3690 2811 3822 2878 ταῖς

2227 2914 2658 2985 ἐπερχομέναις
2678 2912 2749 2966 τὰ
2768 2912 2967 2967 πάντα
2990 2911 3305 2978 ἐπελήσθη
3331 2927 3344 2939 ·
3377 2909 3475 2963 καί
3511 2905 3639 2974 πῶς
3666 2906 3820 2960 ἀπο-

2229 3006 2493 3064 θανεῖται
2534 3009 2567 3060 ὁ
2595 3005 2788 3075 σοφὸς
2813 3006 2965 3075 μετὰ
2996 3004 3105 3058 τοῦ
3142 3004 3437 3073 ᾶφρονοςς

614 3095 741 3149 Haec
771 3096 917 3149 enim
956 3096 1009 3150 in
1044 3096 1231 3152 verbis
1267 3096 1541 3151 sententia
1571 3095 1707 3150 latet
1735 3116 1748 3151 :
1783 3095 1928 3151 Bene
1957 3110 2125 3165 appo-

2301 3100 2604 3169 Movovouxt
2653 3098 2762 3170 γάρ
2804 3113 2973 3167 φησι’
3030 3096 3229 3161 Καλῶς
3283 3096 3380 3150 καὶ
3430 3092 3822 3167 προσηκόντως

543 3186 760 3254 siteque
819 3184 983 3240 dixi:
1024 3204 1044 3237 ι
1083 3185 1357 3252 Quoniam
1417 3187 1620 3240 stultus
1675 3200 1740 3239 ex
1790 3185 2125 3240 abundantia

2230 3188 2401 3247 εἷποψ
2431 3212 2447 3243 ι
2487 3192 2632 3245 Διότι
2662 3192 2852 3264 ἄφρων
2877 3193 2942 3244 ἐκ
2959 3190 3396 3261 περισσεύματος
3428 3187 3601 3249 λαλεῖ,
3623 3188 3704 3239 ὃτι
3728 3183 3824 3238 καί

542 3273 813 3344 loquitur,
846 3274 1034 3331 ethoc
1063 3275 1191 3329 item
1227 3277 1474 3342 vanitas;
1520 3294 1539 3329 ›
1582 3285 1787 3331 temere
1826 3275 1971 3330 enim
2014 3292 2132 3330 om-

543 3368 677 3424 nino
728 3377 893 3438 atque
943 3368 1272 3444 insipienter
1326 3369 1380 3424 in
1433 3369 1703 3439 ejusmodi
1767 3369 2131 3441 cogitationes

545 3459 681 3522 abit,
718 3459 889 3515 falsas
914 3469 967 3514 et
999 3458 1290 3524 absurdas,
1315 3468 1377 3514 ut
1409 3475 1580 3514 unum
1613 3460 1980 3531 cumdemque
2011 3476 2134 3516 esse

547 3562 759 3606 statuat
791 3552 1056 3622 sapientis
1088 3560 1142 3607 et
1172 3554 1324 3608 stulti
1360 3562 1646 3609 eventum.
1687 3554 1966 3625 Sapientis
1999 3569 2133 3610 sane

547 3644 817 3700 memoria
860 3660 987 3699 cum
1027 3646 1169 3716 apud
1202 3646 1443 3716 aequales
1471 3647 1595 3717 jure
1623 3648 1863 3717 quodam
1915 3649 2134 3704 virtutis

545 3736 931 3806 bonorumque
984 3738 1295 3792 studiorum
1348 3739 1568 3809 proprio
1622 3739 1961 3796 immortalis
2011 3750 2131 3806 est,

548 3839 662 3883 tum
696 3844 825 3885 vero
862 3839 1117 3884 aeternam
1166 3831 1309 3898 apud
1357 3841 1606 3900 posteros
1653 3832 1909 3887 nominis
1964 3832 2135 3887 clari-

545 3931 714 3976 tatem
752 3923 932 3977 habet.
964 3921 1098 3978 Nam
1133 3942 1149 3973 σ
1174 3922 1438 3978 Meritoria
1467 3924 1602 3993 justi
1637 3940 1763 3978 cum
1792 3924 2071 3990 laudibus,
2109 3942 2129 3977 ι

550 4013 948 4083 sapientissimi
985 4014 1197 4070 oraculi
1232 4014 1440 4069 dictum
1471 4023 1552 4071 est
1586 4015 1738 4088 (86);
1799 4026 1859 4070 ut
1890 4017 2023 4071 illud
2057 4017 2136 4070 al-

552 4116 731 4159 terum
769 4123 781 4160 :
820 4124 837 4156 ι
874 4104 1019 4161 Justi
1058 4107 1110 4160 in
1146 4118 1416 4162 mternum
1452 4109 1664 4172 vivunt,
1698 4117 1751 4163 et
1798 4108 1851 4162 in
1900 4107 2135 4163 Domino

548 4212 763 4251 merces
819 4213 1009 4253 eorum
1044 4198 1127 4266 “;
1164 4219 1182 4251 ι
1237 4200 1366 4255 item
1424 4200 1556 4254 illud
1608 4219 1623 4255 :
1681 4220 1700 4252 ι
1761 4200 1819 4254 ln
1868 4201 2135 4256 memoria

548 4300 753 4345 aeterna
786 4291 890 4345 erit
913 4290 1100 4361 justus
1125 4291 1201 4360 ’5;
1240 4312 1259 4346 ›
1296 4302 1349 4347 et
1374 4293 1477 4348 hoc
1511 4309 1733 4364 quoque
1768 4312 1782 4350 :
1816 4314 1834 4346 ι
1869 4295 2054 4350 Gloria
2083 4304 2139 4350 et

548 4384 757 4437 divitiae
792 4386 847 4438 in
880 4386 1046 4439 domo
1097 4388 1250 4454 ejus,
1308 4396 1363 4441 ct
1400 4388 1618 4455 justitia
1675 4387 1797 4457 ejus
1846 4398 2033 4443 manet
2081 4389 2136 4443 in

552 4477 818 4531 szeculum
854 4478 1041 4533 saeculi
1070 4478 1149 4545 ³⁶;
1192 4497 1210 4527 ι
1248 4479 1378 4533 item
1415 4481 1522 4534 hoc
1555 4498 1570 4535 :
1603 4498 1620 4531 ι
1655 4480 1947 4550 Dispersit,
1987 4482 2137 4536 dedit

2233 3303 2295 3356 γε
2324 3284 2481 3338 τοῦτο
2511 3283 2811 3355 ματαιότης
2836 3300 2848 3313 ·
2881 3303 2899 3336 ι
2932 3284 3010 3355 τῷ
3039 3283 3153 3335 όντι
3175 3283 3283 3353 γὰρ
3312 3282 3491 3352 μάτην
3518 3280 3613 3333 καὶ
3644 3295 3826 3349 παρα-

2234 3380 2445 3447 φρόνως
2476 3372 2609 3448 ἦλθε
2651 3376 2788 3446 πρὸς
2824 3376 2925 3439 τὰς
2956 3376 3216 3438 τοιαύτας
3252 3373 3582 3444 ἐνθυμήσεις
3608 3370 3825 3441 ψευδεῖς

2234 3470 2329 3522 καὶ
2358 3468 2706 3536 παραλόγους
2739 3466 2837 3529 τὰς
2867 3465 3155 3535 λεγούσας,
3176 3464 3253 3527 ὡς
3280 3463 3339 3515 ἐν
3380 3465 3495 3515 ἐστι
3520 3459 3618 3513 τοῦ
3654 3456 3824 3526 σοφοῦ

2233 3561 2296 3614 τὸ
2331 3562 2645 3630 συνάντημα
2682 3562 2778 3613 καὶ
2805 3558 2898 3612 τοῦ
2922 3558 3177 3629 ἄφρονος.
3203 3557 3315 3611 Καὶ
3341 3556 3446 3626 μὴν
3466 3554 3500 3624 ἡ
3529 3551 3625 3605 τοῦ
3653 3550 3822 3620 σοφοῦ

2237 3654 2429 3726 μνήμη
2473 3653 2563 3706 διὰ
2597 3653 2706 3707 τῶν
2737 3653 3174 3724 προτερημάτων
3210 3650 3310 3719 τῆς
3340 3647 3546 3719 ἀρετῆς
3576 3648 3670 3698 καὶ
3714 3643 3825 3697 τῶν

2235 3744 2456 3814 ἀγαθῶν
2490 3744 2944 3815 σπουδασμάτων,
2983 3742 3077 3795 ὲπί
3103 3759 3163 3794 τε
3196 3743 3310 3804 τοῖς
3332 3738 3416 3808 ἐφ’
3449 3739 3582 3808 ἡμῖν
3616 3735 3825 3789 ἀθάνα-

2234 3837 2327 3901 τός
2381 3838 2532 3901 ἐστι,
2588 3836 2681 3890 καὶ⁵
2748 3835 3160 3900 διαιωνίζουσαν
3222 3831 3338 3902 ἔχει
3391 3831 3491 3901 τὴν
3546 3827 3822 3882 εὔκλειαν.

2242 3947 2261 3980 ι
2319 3928 2528 3999 Μνήμη
2590 3928 2697 3999 γὰρ
2755 3926 2967 3980 δικαίου
3030 3926 3147 3996 μετ’
3226 3922 3553 3993 ἐγκωμίου,
3609 3938 3628 3971 ›
3688 3918 3825 3989 φησί

2237 4039 2340 4075 που
2370 4021 2431 4075 τὸ
2463 4020 2776 4091 σοφώτατον
2818 4020 3031 4089 λόγιον·
3074 4019 3169 4073 καὶ
3209 4018 3404 4071 πάλιν·
3451 4034 3469 4065 ι
3504 4016 3714 4067 Δίκαιοι
3746 4014 3828 4075 εἰς

2236 4115 2327 4169 τὸν
2351 4114 2525 4169 αἰῶνα
2546 4114 2703 4179 ζῶσι,
2736 4114 2832 4168 καὶ
2864 4114 2922 4167 ὲν
2952 4113 3142 4184 Κυρίῳ
3163 4113 3192 4164 ὁ
3215 4110 3409 4182 μισθὸς
3430 4108 3613 4163 αὐτῶν
3635 4124 3649 4138 ’
3680 4125 3697 4157 ι
3731 4106 3827 4158 καὶ

2242 4209 2405 4263 πάλιν
2438 4223 2452 4237 ο
2498 4226 2517 4259 ι
2559 4206 2655 4271 Εἰς
2695 4206 3042 4278 μνημόσυνον
3068 4204 3288 4258 αἰώνιον
3336 4201 3489 4255 ἔσται
3516 4200 3755 4261 δίκαιος·
3799 4216 3818 4248 ι

2238 4300 2333 4355 καὶ
2365 4300 2548 4367 πάλιν,
2585 4320 2604 4352 ι
2634 4300 2772 4366 Δόξα
2799 4299 2895 4353 καὶ
2923 4298 3152 4362 πλοῦτος
3184 4300 3242 4351 ἐν
3268 4297 3344 4367 τῷ
3369 4297 3504 4367 οἴκῳ
3529 4293 3714 4356 αὐτοῦ,
3736 4292 3825 4347 καὶ

2237 4394 2271 4465 ἡ
2303 4392 2622 4463 δικαιοσύνη
2638 4390 2803 4445 αὑτοῦ
2834 4391 2986 4462 μένει
3015 4393 3095 4454 εἰς
3112 4391 3204 4444 τὸν
3228 4393 3403 4444 αἱωνα
3420 4390 3515 4442 τοῦ
3544 4388 3737 4449 αἰῶνος
3757 4403 3771 4415 ο
3798 4404 3819 4438 ι

2240 4483 2337 4537 καὶ
2360 4482 2543 4547 πάλιν,
2582 4501 2601 4533 ι
2662 4482 3021 4551 Ἐσκόρπισεν
3042 4521 3058 4545 ,
3097 4480 3266 4533 ἔδωκε
3290 4483 3401 4543 τοῖς
3426 4479 3680 4550 πένησιν,
3698 4478 3731 4547 ή
3748 4476 3828 4529 δι-

553 4570 917 4639 pauperibus,
951 4570 1173 4642 justitia
1214 4570 1334 4642 ejus
1367 4583 1549 4628 manet
1591 4575 1643 4628 in
1679 4576 1942 4630 sacculum
1970 4576 2036 4629 ³⁷.
2078 4594 2095 4626 ›

2240 4576 2500 4648 καιοσύνη
2524 4575 2691 4630 αὐτοῦ
2725 4576 2878 4648 μένει
2907 4575 2988 4638 εἰς
3022 4574 3115 4627 τὸν
3152 4573 3347 4628 αἰῶνα.
3375 4591 3394 4625 ι

658 4782 708 4815 ⁸⁸
747 4784 879 4853 Sap.
920 4798 974 4849 v,
1022 4782 1109 4839 i5.

624 4905 742 4975 (84)
771 4903 939 4975 Multa
967 4902 1158 4957 multis
1184 4902 1238 4957 in
1272 4901 1410 4975 locis
1443 4904 1513 4957 ab
1541 4901 1874 4975 Ecclesiaste
1896 4902 2131 4975 proferri

552 4992 619 5029 ex
650 4991 887 5046 persona
917 4974 1214 5046 hominum
1254 4974 1618 5046 perditorum,
1649 4974 1746 5046 qui
1781 4974 1917 5027 nihil
1954 4975 2020 5028 de
2048 4974 2134 5029 fu-

556 5044 679 5101 tura
710 5047 816 5101 vita
859 5045 1130 5105 laborant.
1173 5045 1421 5114 apposite
1466 5044 1763 5099 admodum
1803 5054 1857 5097 et
1905 5060 2137 5113 magnus

552 5117 852 5187 Gregorius
883 5116 1166 5187 adnotavit
1194 5134 1207 5171 :
1237 5114 1398 5187 cujus
1420 5117 1586 5169 verba
1612 5116 1794 5187 semel
1812 5116 2140 5187 ascripsisse

552 5186 702 5243 haud
743 5187 939 5241 inutile
970 5186 1135 5240 fuerit
1170 5204 1184 5239 :
1224 5206 1242 5238 ι
1280 5186 1378 5239 llic
1411 5187 1580 5253 igitur
1621 5186 1759 5239 liber
1785 5186 2011 5250 idcirco,
2052 5186 2139 5240 in-

556 5261 698 5327 quit,
722 5258 1093 5314 Concionator
1114 5259 1334 5322 dicitur,
1359 5260 1487 5323 quia
1521 5257 1777 5312 Salomon
1810 5256 1865 5309 in
1891 5274 1958 5310 eo
1983 5256 2140 5327 quasi

554 5326 945 5384 tumultuantis
982 5330 1154 5383 turbae
1182 5330 1426 5394 suscepit
1466 5342 1718 5388 sensum,
1748 5337 1806 5380 ut
1836 5342 1899 5379 ea
1928 5343 2023 5395 per
2051 5326 2135 5380 in-

557 5400 915 5471 quisitionem
969 5400 1137 5463 dicat,
1178 5400 1584 5471 quagiortasse
1634 5414 1729 5467 per
1775 5399 2134 5471 tentationem

555 5468 809 5540 imperita
844 5484 998 5524 mens
1030 5471 1251 5525 sentiat.
1284 5468 1421 5523 Nam
1470 5479 1606 5538 quot
1642 5468 1943 5524 sententias
1980 5468 2138 5536 quasi

1222 4784 1268 4815 ³³
1304 4781 1449 4837 Psal.
1494 4797 1630 4851 cxn,
1672 4783 1726 4839 6.

456 5562 460 5564 γ
556 5558 656 5610 per
692 5541 1105 5610 inquisitionem
1140 5550 1340 5603 movet,
1372 5541 1534 5609 quasi
1571 5549 1650 5593 tot
1684 5540 1738 5593 in
1773 5554 1831 5593 se
1877 5554 2137 5608 personas

555 5614 903 5666 diversorum
938 5612 1187 5680 suscipit.
1239 5611 1345 5665 Sed
1394 5611 1755 5665 concionator
1790 5625 1955 5663 verax
1992 5612 2138 5663 velut

557 5691 787 5737 extensa
820 5697 985 5736 manu
1012 5683 1258 5736 omnium
1296 5683 1564 5735 tumultus
1600 5681 1783 5742 sedat,
1835 5696 2039 5750 eosque
2066 5681 2134 5734 ad

558 5767 731 5806 unam
784 5752 1108 5820 sententiam
1148 5762 1389 5815 revocat,
1437 5768 1563 5806 cum
1613 5753 1665 5805 in
1719 5751 1965 5820 ejusdem
2009 5752 2133 5805 libri

559 5825 797 5882 termino
828 5822 905 5879 ait
933 5841 944 5877 :
976 5818 1164 5878 Finem
1194 5823 1442 5895 loquendi
1481 5839 1659 5879 omnes
1698 5818 1899 5893 pariter
1937 5823 2133 5877 audia-

1854 4782 1900 4815 ³⁸
1938 4781 2069 4837 ibid.
2111 4783 2164 4839 3.

2279 4783 2321 4816 ³¹
2362 4784 2498 4839 ibid.
2538 4784 2592 4839 9.

2243 4921 2359 4959 mus
2390 4921 2408 4959 :
2444 4904 2613 4957 Deum
2646 4904 2793 4967 time,
2828 4913 2875 4957 et
2905 4902 3161 4956 mandata
3199 4901 3315 4969 ejus
3349 4898 3586 4965 observa,
3622 4899 3718 4954 hoc
3750 4913 3829 4957 est

2244 4978 2384 5031 enim
2415 4976 2583 5029 omnis
2615 4975 2789 5027 homo.
2828 4975 2883 5028 Si
2934 4975 3079 5027 enim
3131 4973 3184 5026 in
3223 4972 3361 5025 libro
3392 4972 3584 5025 eodem
3620 4987 3717 5039 per
3746 4971 3831 5025 lo-

2244 5048 2521 5101 cntionem
2552 5060 2708 5099 suam
2738 5047 3032 5099 multorum
3060 5058 3326 5113 personas
3353 5058 3458 5095 non
3490 5053 3827 5111 susceperat,

2244 5134 2343 5172 cur
2389 5117 2457 5172 ad
2500 5115 2832 5171 audiendum
2882 5115 3139 5183 loquendi
3188 5112 3349 5165 ﬁnem
3388 5128 3577 5166 serum
3628 5112 3855 5183 pariter,

2245 5203 2439 5243 omnes
2475 5187 2844 5241 admonebat?
2875 5180 2977 5253 Qui
3033 5186 3201 5255 igitur
3252 5185 3303 5237 in
3358 5186 3471 5255 line
3513 5184 3634 5237 libri
3674 5180 3855 5249 dicitJ

2252 5259 2443 5315 Omnes
2474 5260 2676 5327 pariter
2716 5259 3026 5321 audiamus,
3060 5257 3177 5324 ipse
3208 5254 3305 5327 tibi
3352 5254 3509 5307 testis
3552 5261 3658 5327 est,
3703 5257 3833 5327 quia

2246 5332 2301 5385 in
2340 5347 2399 5387 se
2436 5324 2733 5383 multorum
2772 5343 3038 5397 personas
3082 5325 3422 5397 suscipiens.
3473 5324 3631 5395 quasi
3680 5326 3835 5380 solus

2244 5402 2461 5458 loeutus
2495 5416 2601 5454 non
2642 5409 2745 5455 est.
2775 5396 2801 5450 ⁷)
2840 5399 3015 5465 (Dial.
3052 5398 3148 5450 lib.
3190 5413 3260 5455 tv,
3299 5410 3347 5448 c.
3381 5396 3460 5459 4.)

2314 5475 2428 5543 (85)
2464 5472 2807 5543 Legesapud
2843 5469 3013 5543 LXX.
3049 5467 3241 5522 καθότι
3276 5467 3375 5537 ἤδη
3414 5466 3472 5518 αἱ
3507 5465 3713 5536 ἡμέραι
3738 5468 3828 5538 ἐρε

2239 5540 2562 5615 χύμεναιᾼτά
2587 5542 2765 5595 πάντα
2785 5540 3177 5615 ἐπελήλσθη.....

2313 5608 2425 5685 (86)
2462 5613 2804 5685 ιιι-ονηοεκ,
2850 5630 2903 5666 n.
2947 5608 3372 5685 7._Apudili..\'_x
3410 5610 3676 5685 scriptum
3721 5620 3827 5685 est,

2241 5679 2521 5741 ut'ad'lib.
2558 5702 2596 5751 ι,
2635 5683 2663 5755 §
2700 5682 2732 5738 6
2771 5683 3179 5749 annutavimus,
3210 5681 3417 5753 Μνήμη
3452 5680 3680 5737 δικαίων
3705 5679 3831 5752 μετ’

2241 5755 2553 5808 ἐγκωμίων.

2239 5759 2553 5829 ἐγκωμίων.
