4172 6558
356 352 464 419 825

1451 368 1537 431 ΙΝ
1560 369 2142 436 ECCLESIASTEN.
2165 400 2237 413 ·-
2266 376 2417 443 LIB.
2455 379 2542 442 II.

3531 382 3639 447 8'26

429 466 567 537 Περὶ
623 464 683 520 δὲ
736 467 832 522 τοῦ
870 469 1106 542 ἄφρονος
1159 473 1393 528 ἄκουσον
1448 470 1606 540 αὖθις
1634 477 1689 530 τί
1727 481 1949 549 φησινό

2125 479 2248 540 Jam
2279 500 2412 542 vero
2443 488 2512 544 de
2541 487 2711 544 stulto
2740 489 2869 545 audi
2897 504 3116 555 rursus,
3146 490 3278 562 quid
3319 490 3468 547 dieat
3497 491 3636 549 Pro-

356 560 690 632 Προφήτης·
731 580 752 614 ι
815 565 927 617 Καὶ
982 563 1064 618 ἔτι
1122 566 1327 636 ὀλίγον,
1365 569 1461 622 καὶ
1518 568 1595 642 μὴ
1641 571 1874 641 ὑπάρξει
1923 572 1952 627 6

357 652 703 724 ἁμαρτωλὸς.
735 656 827 709 καὶ
853 656 1113 729 ζητήσεις
1135 659 1231 713 τὸν
1253 661 1419 715 τόπον
1442 662 1633 729 αὐτοῦ,
1659 665 1754 717 καὶ
1780 667 1840 718 οὐ
1875 666 1951 738 μὴ

355 744 563 818 εῦρῃςο
614 764 633 798 ι
662 747 758 801 καὶ
791 748 975 813 πάλιν.
1053 770 1073 803 ι
1112 750 1267 808 Εἶδον
1307 755 1399 809 τὸν
1420 756 1592 828 ἀσεϐῆ
1639 758 1952 829 ὑπεροψού-

360 857 525 909 μενον
555 841 650 894 καὶ
686 843 1052 913 ἐπαιρόμενον
1082 847 1158 909 ὡς
1187 848 1285 912 τὰς
1308 849 1534 920 κέδρους
1562 850 1657 904 τοῦ
1678 852 1911 906 Λιϐάνου
1933 868 1947 883 ο

356 932 455 985 καὶ
495 932 803 1004 παρῆλθον,
839 936 933 988 καὶ
965 936 1075 990 ἰδοὺ
1106 939 1208 992 οὐκ
1228 935 1325 1010 ἦν·
1362 939 1459 994 καὶ
1488 940 1735 1012 ἐζήτησα
1762 942 1948 1008 αὑτὸν,

355 1024 454 1077 καὶ
481 1024 580 1095 οὐχ
610 1025 808 1098 εὑρέθη
833 1029 861 1081 6
881 1028 1046 1093 τόπος
1093 1029 1262 1083 αὐτοῦ
1287 1046 1303 1063 ο
1342 1050 1362 1084 ι
1390 1031 1487 1085 καὶ
1516 1032 1680 1087 πάλιν
1701 1074 1717 1098 ,
1760 1054 1777 1086 ι
1822 1035 1953 1088 Ἀπ-

356 1110 529 1167 ώλετο
560 1114 622 1168 τὸ
660 1116 1014 1187 μνημόσυνον
1044 1118 1210 1173 αὑτοῦ
1250 1123 1367 1191 μετ’
1385 1122 1518 1193 ήχου
1539 1139 1554 1155 '
1585 1124 1678 1177 καί
1700 1126 1728 1177 ὁ
1748 1124 1954 1196 Κύριος

356 1206 441 1269 είς
466 1206 562 1259 τὸν
603 1207 777 1262 αἰῶνα
804 1208 979 1281 μένει.
1022 1229 1041 1263 ι
1085 1211 1197 1282 Τὴν
1220 1208 1314 1267 οῦν
1341 1214 1617 1284 τοσαύτην
1650 1215 1747 1269 τοῦ
1783 1215 1950 1285 σοφοῦ

355 1298 495 1369 πρὸς
516 1299 607 1353 τὸν
632 1299 845 1371 ἄφρονα
869 1301 1138 1374 διαφοράν
1164 1304 1451 1373 γινώσκων
1473 1307 1502 1360 6
1532 1307 1695 1377 σοφὸς
1723 1308 1955 1380 Ἐκκλη-

357 1391 603 1463 σιαστὴς,
653 1391 978 1447 διατείνεται
1019 1395 1289 1466 μηδαμῶς
1337 1391 1479 1451 εἶναι
1512 1398 1607 1452 τοῦ
1641 1399 1809 1468 σοφοῦ
1849 1402 1952 1472 τὴν

357 1480 584 1552 μνήμην
626 1482 765 1552 μετὰ
826 1483 921 1537 τοῦ
959 1485 1195 1557 ἄφρονος
1232 1503 1246 1518 ο
1288 1507 1307 1540 ι
1343 1489 1546 1544 Καθότι
1570 1530 1585 1554 ,
1634 1492 1789 1560 φησὶ,
1846 1493 1950 1565 ήδη

353 1575 478 1637 ταῖς
528 1573 769 1646 ἡμέραις
818 1578 941 1641 ταῖς
973 1578 1383 1650 ἐπερχομέναις
1421 1581 1493 1635 τὰ
1540 1581 1722 1637 πάντα
1748 1583 1952 1653 ἐπελή-

358 1667 485 1738 σθη,
524 1686 543 1718 ι
584 1668 787 1739 δηλαδή
825 1670 895 1724 τὰ
930 1670 1028 1724 τοῦ
1068 1672 1307 1744 ἄφρονος
1331 1689 1346 1705 ο
1404 1675 1500 1730 καὶ
1548 1675 1742 1730 τούτου
1787 1677 1951 1747 χάριν

356 1758 611 1831 ἐπήγαγε
640 1777 655 1792 ³
699 1782 717 1814 ι
754 1763 867 1818 Καὶ
897 1762 1018 1829 πῶς
1048 1765 1407 1820 ἀποθανεῖται
1431 1767 1462 1820 6
1493 1768 1658 1837 σοφὸς
1694 1770 1832 1840 μετὰ
1852 1768 1949 1822 τοῦ

355 1854 626 1925 ᾶφρονος;
667 1874 685 1906 ι
715 1854 775 1909 τὺ
817 1874 835 1908 t
878 1856 1241 1913 ἀποθανεῖται
1277 1876 1297 1911 ι
1327 1860 1510 1931 φήσας
1538 1860 1662 1914 ἀντὶ
1684 1860 1803 1926 τοῦ,
1830 1861 1949 1926 πῶς
1980 1862 2033 1920 Β

356 1950 783 2023 ἑπιλησθήσεται
809 1954 902 2006 καὶ
930 1954 959 2007 ό
984 1954 1149 2023 σοφὸς
1172 1954 1248 2019 ὼς
1269 1954 1486 2025 ἄφρων,
1509 1957 1785 2027 μηδεμιᾶς
1807 1974 1949 2029 παρ-

355 2044 760 2116 ακολουθούσης
808 2046 955 2117 αὐτῷ
992 2048 1219 2119 μνήμης
1256 2049 1344 2101 ἐπ’
1377 2050 1604 2122 εὐκλείᾳ
1649 2052 1745 2103 καὶ
1794 2051 1943 2124 δόξῃ,

355 2141 543 2204 καθὼς
570 2141 692 2196 οὐδέ
721 2141 799 2215 τῷ
832 2144 1028 2212 ἄφρονι
1052 2145 1459 2217 παρακολουθεῖ
1473 2146 1534 2200 τὸ
1564 2147 1848 2218 παράπαν.
1889 2148 1947 2202 '0

359 2232 461 2301 μὲν
495 2232 603 2303 γὰρ
635 2233 820 2301 σοφὸς,
856 2253 875 2285 ‹
906 2234 1002 2297 Εἰς
1027 2236 1378 2307 μνημόσυνον
1402 2236 1642 2301 αίώνιον,
1674 2256 1691 2289 ι
1722 2239 1865 2292 κατὰ
1885 2238 1947 2292 τὸ

354 2325 744 2395 γεγραμμένον
794 2343 815 2379 ι
850 2326 1028 2391 ἐστὶν,
1066 2327 1151 2380 ὅτι
1196 2326 1348 2382 ἔστιν
1390 2328 1820 2401 ἐγκατάλειμμα
1848 2331 1946 2384 άν-

356 2417 563 2488 θρώπῳ
588 2418 852 2490 είρηνικῷ
867 2437 881 2453 ·
907 2422 976 2475 τά
997 2420 1054 2474 δὲ
1076 2421 1573 2494 ἐγκαταλείμματα
1595 2423 1705 2477 τῶν
1730 2424 1946 2478 άσεὸῶν

356 2508 927 2583 ἐξολοθρευθήσονται,
961 2534 980 2564 ι
1008 2514 1192 2578 καθώς
1221 2532 1389 2586 φησιν
1417 2517 1445 2569 6
1483 2517 1803 2587 Προφήτης.
1836 2518 1945 2570 Καὶ

356 2606 542 2669 πάλιν,
600 2607 757 2660 (Ὅτι
795 2605 1056 2677 γινώσκει
1104 2607 1311 2680 Κύριος
1362 2610 1479 2663 ὁδὸν
1529 2610 1795 2664 δικαίων·
1849 2611 1946 2664 καὶ

355 2698 474 2762 ὁδὸς
521 2698 738 2753 ἀσεϐῶν
793 2699 1103 2755 ἀπολεῖται.
1146 2720 1166 2754 ι
1220 2702 1334 2767 Τάς
1385 2703 1495 2774 γὰρ
1551 2703 1782 2775 πράξεις
1833 2703 1945 2757 τῶν

360 2791 670 2845 σπουδαίων
706 2795 773 2864 τῇ
815 2791 1199 2865 διαιωνιζούσῃ
1227 2794 1431 2863 γνώσει
1459 2795 1554 2848 τοῦ
1589 2795 1727 2849 Θεοῦ
1758 2796 1945 2866 σαφῶς

357 2884 667 2956 ἀνατίθησι,
720 2887 821 2951 τὰς
863 2886 921 2941 δὲ
957 2887 1069 2941 τῶν
1100 2887 1395 2961 μοχθηρῶν
1429 2888 1525 2943 καὶ
1555 2888 1777 2959 φαύλων
1806 2890 1946 2962 πρὸς

358 2977 637 3032 ἀπώλειαν
667 2980 1058 3052 παραπέμπει.

430 3073 733 3144 Τοιγαροῦν
771 3073 1165 3145 μεγαλωσύνην
1197 3076 1292 3129 καὶ
1321 3074 1743 3141 διαιωνίζουσαν
1785 3076 1945 3143 δόξαν

2057 574 2221 644 pheta
2255 596 2269 631 :
2312 598 2331 629 ‹
2366 578 2431 633 Et
2463 581 2643 637 adhuc
2675 582 2978 648 modicum,
3003 592 3057 637 et
3082 598 3191 637 non
3219 584 3326 638 erit
3353 594 3636 654 peccator,

2055 675 2111 719 et
2147 666 2396 737 inquires
2430 670 2615 725 locum
2645 672 2793 741 ejus,
2832 682 2888 728 et
2920 690 3030 729 non
3064 674 3313 731 invenies
3347 674 3482 746 (87).
3520 695 3539 727 )
3577 678 3641 731 Et

2056 758 2254 815 iterum
2288 779 2303 816 :
2338 780 2357 814 ι
2397 761 2521 818 Vidi
2573 765 2803 835 impium
2859 768 3327 837 superexallatum
3369 779 3425 822 et
3462 770 3642 824 eleva-

2057 859 2172 905 tum
2207 852 2352 908 sicut
2375 855 2573 910 cedros
2603 856 2837 926 Libani;
2886 872 2940 913 et
2975 860 3227 926 transivi,
3280 870 3336 915 et
3364 875 3494 915 ecce
3528 876 3637 917 non

2054 954 2175 1001 erat
2204 964 2217 1001 :
2246 955 2302 1002 et
2322 948 2553 1018 quaesivi
2584 949 2789 1019 ipsum,
2820 958 2876 1004 et
2909 964 3016 1003 non
3052 950 3307 1005 inventus
3354 960 3439 1005 est
3482 951 3638 1006 locus

2053 1039 2175 1109 ejus
2204 1038 2271 1095 ³⁸.
2311 1060 2330 1093 ι
2378 1043 2445 1097 Et
2483 1057 2706 1097 rursum
2738 1061 2752 1096 :
2789 1061 2807 1094 ι
2841 1041 3014 1097 Periit
3046 1044 3312 1098 memoria
3358 1044 3477 1113 ejus
3510 1059 3636 1098 cum

2054 1132 2271 1201 sonitu;
2323 1142 2379 1189 et
2422 1134 2691 1191 Dominus
2727 1133 2781 1188 in
2811 1143 3080 1189 internum
3127 1144 3316 1190 manet
3345 1136 3411 1189 ³³.
3446 1154 3464 1186 ι
3496 1134 3634 1190 Cum

2055 1226 2225 1297 igitur
2253 1237 2467 1285 tantum
2498 1242 2622 1283 esse
2654 1227 2951 1282 discrimen
2981 1228 3301 1298 cognoverit
3329 1228 3636 1297 sapientem

2054 1318 2200 1373 inter
2245 1329 2300 1375 et
2346 1318 2613 1385 stultum,
2670 1319 2775 1373 hoc
2820 1318 3043 1388 sapiens
3102 1319 3462 1375 Ecclesiastes
3500 1336 3637 1375 con-

2056 1410 2250 1473 tendit,
2282 1413 2607 1467 memoriam
2636 1411 2902 1482 sapientis
2931 1412 3160 1468 minime
3187 1427 3312 1467 cum
3343 1413 3493 1469 stulti
3522 1428 3638 1468 me-

2052 1503 2232 1557 moria
2267 1504 2475 1559 sociari
2506 1520 2521 1558 :
2553 1523 2573 1556 ι
2604 1503 2683 1559 Εο
2714 1506 2885 1575 quod,
2919 1505 3120 1575 inquit,
3153 1504 3267 1575 jam
3305 1504 3411 1575 57
3441 1505 3638 1559 diebus

2054 1597 2575 1667 supervenientibus
2635 1599 2842 1653 oblivio
2886 1598 3075 1653 omnia
3128 1599 3367 1668 operuit,
3406 1616 3425 1649 ο
3481 1597 3637 1653 stulti

2054 1689 2294 1757 scilicet;
2350 1692 2539 1761 itaque
2587 1691 2792 1761 adjecit
2831 1707 2845 1746 :
2886 1709 2905 1743 ι
2940 1689 3007 1746 Et
3045 1689 3329 1761 quomodo
3372 1688 3639 1743 morietur

2055 1783 2277 1854 sapiens
2315 1799 2443 1839 cum
2475 1784 2687 1840 stulto?
2714 1802 2733 1836 ι
2771 1782 3077 1850 Quomodo,
3126 1782 3325 1852 inquit,
3358 1782 3635 1846 morietur,

2051 1877 2109 1932 id
2140 1886 2245 1944 est,
2276 1877 2557 1948 quomodo
2588 1877 2936 1948 ignorabitur
2962 1876 3203 1946 sapiens,
3237 1876 3385 1931 sicut
3412 1874 3635 1936 stultus,

2051 1968 2229 2037 quasi,
2264 1982 2374 2024 non
2405 1982 2568 2023 secus
2609 1981 2677 2023 ac
2720 1967 2976 2033 stultum,
3032 1966 3182 2020 nulla
3236 1981 3362 2019 eum
3415 1979 3637 2034 quoque

2049 2060 2340 2125 memoria,
2384 2060 2536 2116 nulla
2590 2060 2836 2115 nominis
2889 2059 3034 2115 fama
3085 2060 3444 2129 sequeretur?
3496 2055 3635 2111 Nam

2049 2154 2270 2223 sapiens
2298 2154 2547 2224 quidem,
2575 2153 3045 2223 quemadmodum
3076 2166 3252 2208 sacra:
3279 2150 3483 2205 habent
3522 2149 3637 2203 Lit-

2051 2255 2180 2301 terae
2214 2264 2228 2301 :
2268 2264 2287 2297 ι
2340 2244 2398 2298 In
2456 2248 2718 2301 memoria
2776 2255 2982 2300 aeterna
3030 2252 3144 2310 est;
3210 2245 3469 2317 quoniam
3505 2252 3637 2298 sunt

2045 2335 2293 2406 reliquiae
2354 2334 2562 2390 homini
2620 2334 2891 2405 pacitico;
2949 2333 3198 2403 reliquiae
3253 2347 3385 2387 vero
3438 2332 3636 2401 impio-

2046 2444 2170 2483 rum
2233 2426 2783 2493 exterminahuutur,
2835 2444 2855 2479 ι
2923 2425 2999 2480 uti
3066 2424 3338 2494 Propheta
3415 2422 3633 2477 denun-

2046 2519 2204 2574 tiavit
2237 2517 2306 2572 ⁵⁸.
2347 2517 2416 2572 Et
2463 2516 2663 2571 iterum
2702 2532 2717 2570 :
2768 2533 2789 2567 ι
2837 2513 2977 2581 Quia
3029 2511 3314 2583 cognoscit
3371 2508 3636 2565 Dominus

2046 2611 2193 2664 viam
2232 2608 2546 2680 justorum;
2580 2616 2636 2662 et
2663 2607 2751 2661 via
2782 2606 3079 2676 impiorum
3116 2603 3410 2674 peribit“.
3445 2620 3463 2653 ›
3496 2603 3636 2655 Pro-

2047 2700 2245 2756 borum
2280 2699 2484 2770 quippe
2516 2697 2806 2752 hominum
2856 2694 2999 2749 facta
3041 2705 3257 2749 aeternae
3302 2691 3397 2747 Dei
3443 2691 3635 2761 cogni-

2047 2792 2186 2848 tioni
2218 2791 2424 2846 diserte
2456 2789 2725 2859 assignat,
2758 2786 3137 2856 improborum
3175 2790 3370 2840 contra
3400 2793 3455 2836 et
3481 2780 3636 2851 ﬂagi-

2046 2888 2316 2944 tiosorum
2344 2881 2588 2939 destinat
2619 2879 2784 2935 morti

2116 3082 2261 3154 Ergo
2304 3080 2722 3152 amplitudinem
2773 3087 2939 3148 atque
2984 3073 3354 3132 immortalem
3404 3071 3634 3142 gloriam

356 3165 438 3237 τῷ
488 3168 636 3237 σοφῷ
684 3170 1215 3240 προσμαρτυρήσας,
1247 3167 1326 3239 τῷ
1368 3169 1426 3223 δὲ
1469 3169 1666 3238 ἄφρονι
1711 3169 1799 3222 διὰ
1844 3169 1943 3239 τῆς

2051 3176 2280 3247 sapienti
2313 3175 2550 3230 futuram
2584 3188 2709 3229 esse
2732 3178 2987 3235 testatus,
3021 3168 3190 3222 stulto
3218 3175 3400 3220 autem
3440 3162 3636 3218 mortis

360 3258 658 3327 ὀνομασίας
677 3259 772 3313 τοῦ
802 3259 1036 3314 θανάτου
1066 3262 1167 3331 τὴν
1202 3260 1540 3330 ἀνυπαρξίαν
1566 3260 1659 3313 καὶ
1686 3260 1777 3312 τὸν
1802 3261 1945 3330 ἀφα-

2051 3269 2304 3331 nomine,
2353 3280 2619 3332 quantum
2682 3264 2749 3320 ad
2819 3261 3102 3319 memoriae
3171 3258 3371 3314 attinet
3444 3257 3633 3321 decus,

360 3352 579 3421 νισμὸν.
629 3353 751 3407 ὅσον
794 3350 931 3427 ἧκεν
975 3356 1056 3417 εἰς
1087 3353 1243 3419 κλέος
1294 3354 1537 3424 μνήμης,
1576 3354 1947 3425 ἐμφιλοχωρεῖ

359 3447 428 3517 τῇ
467 3445 636 3518 στήλῃ
679 3445 789 3498 τῶν
827 3445 1105 3517 ἀφρόνων,
1136 3445 1230 3499 καὶ
1271 3443 1674 3508 κατασκευάζει
1703 3445 1797 3499 καὶ
1835 3445 1945 3497 δεί-

360 3551 550 3591 κνυσιν
600 3536 783 3589 αὐτῶν
836 3536 935 3610 τήν
982 3536 1130 3608 ζωὴν
1191 3537 1466 3609 στυγητὴν
1514 3538 1611 3591 καὶ
1664 3539 1942 3609 φευκτήν·

360 3630 497 3699 φησὶ
531 3628 677 3700 γάρ·

2047 3361 2330 3417 interitum
2373 3369 2429 3414 et
2452 3373 2740 3415 excessum
2766 3374 2780 3422 ;
2808 3357 2981 3427 pergit
3015 3351 3362 3426 proscribere
3397 3348 3595 3402 stultos
3618 3385 3634 3412 ,

2043 3455 2323 3524 vitamque
2366 3467 2558 3508 eorum
2600 3451 2938 3523 depingens,
2982 3448 3109 3505 odio
3130 3454 3185 3502 et
3236 3442 3362 3511 fuga
3417 3440 3636 3511 dignam

2045 3547 2363 3613 ostendere;
2391 3545 2470 3600 ait
2496 3545 2641 3601 enim
2670 3562 2686 3599 :

1892 3729 1919 3802 ς
1949 3730 2087 3788 Vill.

431 3819 542 3876 Καὶ
603 3820 874 3891 ἐμίσησα
931 3820 1055 3877 σὺν
1112 3822 1228 3891 τὴν
1278 3822 1467 3891 ζωὴν,
1524 3822 1615 3879 ὅτι
1676 3825 1946 3895 πονηρὸν

360 3913 454 3968 ἐπ’
503 3913 610 3983 ἐμὲ
662 3914 730 3968 τὸ
800 3914 1030 3983 ποίημα
1078 3914 1145 3968 τὸ
1189 3915 1599 3983 πεποιημένον
1658 3917 1779 3971 ὑπὸ
1838 3918 1948 3970 τὸν

361 4006 569 4074 ἥλιον·
603 4006 692 4059 ὅτι
732 4007 805 4060 τὰ
851 4006 1052 4060 πάντα
1091 4008 1423 4074 ματαιότης
1453 4006 1553 4060 καὶ
1599 4008 1949 4075 προαιρεσις

360 4101 720 4170 πνεύματος.
762 4099 870 4154 Καὶ
902 4100 1171 4169 ἐμίσησα
1195 4099 1310 4170 ἐγὼ
1346 4100 1674 4170 σύμπαντα
1706 4100 1813 4154 τὸν
1842 4100 1948 4170 μό-

362 4197 511 4263 χθον
526 4212 667 4263 μου,
706 4193 779 4247 ὃν
807 4192 921 4262 ἐγὼ
944 4192 1150 4262 μοχθῶ
1169 4191 1290 4249 ὑπὸ
1314 4193 1422 4247 τὸν
1452 4192 1656 4260 ἥλιον·
1686 4192 1773 4246 ὅτι
1793 4193 1949 4262 ἀφίω

361 4288 551 4341 αὐτὸν
590 4286 671 4351 τῷ
704 4285 996 4354 ἀνθρώπῳ
1040 4285 1122 4350 τῷ
1155 4286 1456 4355 γενομένῳ
1494 4286 1620 4354 μετ’
1664 4284 1800 4355 ἐμέ·
1849 4284 1950 4338 καὶ

361 4381 457 4446 τίς
486 4376 671 4443 οἶδεν,
711 4381 763 4432 εὶ
795 4379 989 4447 σορὸς
1023 4378 1198 4432 ἕσται
1224 4377 1262 4448 ἢ
1298 4378 1535 4447 ᾶφρων;
1571 4376 1671 4431 καὶ
1699 4379 1751 4429 εὶ
1776 4376 1948 4440 ἐξου-

364 4472 641 4526 σιάσεται
681 4472 749 4524 ἐν
786 4470 967 4524 παντὶ
987 4471 1192 4539 μόχθῳ
1229 4487 1370 4539 μου,
1393 4463 1441 4536 ᾧ
1474 4469 1803 4538 ἐμόχθησα,
1845 4466 1946 4521 καὶ

358 4564 747 4634 ἐσοφισάμην
788 4565 908 4617 ὑπὸ
956 4563 1063 4616 τὸν
1108 4562 1323 4632 ἢλιον;
1360 4562 1462 4618 καί
1500 4579 1571 4632 γε
1617 4561 1793 4616 τοῦτο
1828 4577 1947 4630 μα-

358 4658 623 4723 ταιότης.

432 4750 536 4803 Τὸν
572 4748 738 4802 πολὺν
770 4748 1058 4817 ἄνθρωπον
1092 4744 1375 4799 κάνταῦθα
1409 4745 1834 4818 χαρακτηρίζων
1879 4745 1948 4801 τὰ

359 4841 664 4911 λελεγμένα
698 4840 852 4910 φησί.
894 4860 912 4891 ι
951 4839 1196 4909 Πονήρόν
1247 4855 1312 4907 γε
1363 4839 1448 4891 ἐπ’
1485 4838 1584 4909 ἐμὲ
1630 4838 1693 4891 τό
1734 4839 1947 4908 ποίημα

359 4935 423 4989 τὸ
457 4934 827 5004 πεποιημένον
865 4933 971 4986 ὑπὸ
1013 4933 1104 4985 τὸν
1153 4932 1306 5002 ἥλιον
1352 4950 1370 4981 ι
1409 4931 1647 5000 ἔφησενο
1682 4932 1803 5001 οὐχὶ
1850 4933 1947 5003 τὴν

362 5028 467 5080 ὑπὸ
495 5026 630 5079 Θεοῦ
665 5027 1043 5096 γεγενημένην
1068 5026 1247 5078 κτίσιν
1279 5024 1663 5082 ἐνδιαϐάλλων.
1687 5024 1823 5077 ἀλλὰ
1849 5025 1948 5096 τὴν

366 5118 651 5191 μοχθηρὰν
690 5118 889 5188 πρᾶξιν
914 5117 1007 5171 τοῦ
1050 5118 1285 5188 ἄφρονος
1311 5116 1405 5169 τοῦ
1444 5116 1826 5179 κατοικοῦντος
1855 5118 1949 5170 ἐπὶ

364 5215 549 5267 πᾶσαν
594 5211 694 5283 τὴν
728 5211 834 5280 γῆν
866 5210 1126 5264 τελοῦσαν
1177 5211 1283 5263 ὑπὸ
1318 5209 1405 5261 τὸν
1436 5208 1587 5279 ἥλιον
1608 5224 1619 5235 ·
1649 5208 1737 5261 διά
1767 5208 1826 5261 τὸ
1871 5211 1945 5280 μὴ

476 5328 520 5358 ³⁸
561 5324 707 5381 Psal.
746 5340 956 5391 xxxvii,
994 5325 1082 5379 56.
1200 5324 1243 5356 ³³
1285 5322 1431 5379 Psal.
1475 5339 1554 5385 ιχ,
1595 5322 1650 5379 6.

2119 3829 2286 3887 Vsus.
2325 3828 2512 3885 17-19.
2548 3828 2634 3882 'Et
2678 3826 2819 3880 odivi
2860 3825 3052 3888 vitam,
3087 3822 3200 3894 (88)
3254 3822 3382 3892 quia
3430 3817 3637 3873 malum

2049 3939 2205 3992 super
2235 3938 2315 3976 me
2339 3935 2489 3988 opus,
2512 3917 2651 3989 quod
2674 3916 2877 3986 factum
2896 3923 2975 3968 est
3004 3913 3099 3966 sub
3132 3911 3239 3967 sole
3261 3927 3279 3965 :
3300 3911 3427 3981 quia
3457 3909 3637 3963 omnia

2047 4016 2255 4068 vanitas
2289 4022 2338 4068 et
2380 4012 2721 4082 praesumptio
2752 4008 2995 4077 spiritus.
3027 4003 3095 4058 Et
3139 4004 3280 4057 odivi
3305 4019 3398 4073 eqo
3430 4017 3635 4055 onmem

2051 4104 2285 4157 laborem
2309 4118 2517 4166 meum,
2550 4117 2700 4171 quem
2738 4116 2832 4170 ego
2863 4098 3048 4151 laboro
3076 4096 3173 4150 sub
3200 4095 3309 4149 sole
3339 4110 3356 4149 :
3394 4096 3519 4164 quia
3551 4093 3637 4146 di-

2052 4197 2205 4249 mitto
2226 4195 2377 4249 illum
2400 4194 2624 4260 homini,
2646 4194 2735 4261 qui
2758 4192 2930 4260 factus
2954 4200 3069 4257 post
3097 4205 3196 4243 me.
3231 4187 3299 4240 Et
3321 4188 3438 4257 quis
3470 4186 3632 4248 novit,

2050 4299 2234 4342 utrum
2268 4288 2475 4356 sapiens
2506 4288 2668 4354 fuerit
2690 4327 2705 4351 ,
2743 4302 2811 4338 an
2850 4282 3046 4337 stultus
3072 4283 3098 4336 ?
3135 4289 3185 4334 et
3226 4297 3296 4333 an
3322 4288 3637 4349 potestatem

2050 4380 2296 4436 habuerit
2324 4380 2381 4433 in
2412 4379 2558 4432 onmi
2604 4377 2785 4432 labore
2831 4392 2968 4437 meo,
3012 4390 3114 4443 quo
3150 4372 3433 4435 laboravi;
3481 4382 3636 4440 atque

2049 4475 2259 4543 sapiens
2312 4473 2487 4544 factus
2546 4487 2663 4525 sunt
2720 4468 2815 4524 sub
2880 4467 3041 4524 sole?
3098 4468 3264 4522 etiam
3329 4466 3426 4520 hoc
3483 4465 3637 4519 vani-

2052 4578 2135 4622 tas
2166 4567 2302 4639 (89).

2117 4747 2417 4818 Plerosque
2456 4744 2742 4801 hominum
2784 4742 2875 4799 hic
2907 4757 3167 4813 quoque,
3218 4740 3364 4797 dicta
3396 4740 3638 4807 iterans,

2048 4841 2360 4897 describim
2390 4839 2589 4894 Malum
2641 4837 2810 4902 enim,
2852 4836 3052 4907 inquit,
3099 4849 3265 4902 super
3317 4848 3404 4887 me
3463 4848 3639 4901 opus,

2049 4936 2194 5003 quod
2225 4934 2428 4990 factum
2464 4944 2546 4989 est
2575 4932 2678 4985 sub
2708 4932 2822 4986 sole
2848 4947 2863 4985 :
2901 4948 2920 4981 ›
2955 4943 3077 4998 qua:
3106 4938 3221 4980 non
3245 4940 3311 4981 eo
3344 4925 3639 4994 pertinent,

2051 5032 2113 5081 ut
2137 5041 2274 5096 opus
2296 5041 2327 5079 a
2355 5025 2464 5079 Deo
2495 5024 2798 5087 conditum,
2825 5020 2919 5077 sed
2948 5030 3008 5074 ut
3038 5019 3287 5088 improba
3318 5017 3467 5072 stulti
3499 5015 3641 5068 facta

2050 5120 2359 5189 redarguat,
2375 5118 2690 5187 quicunque
2727 5114 3041 5168 universam
3065 5110 3175 5180 58
3193 5111 3353 5173 hanc,
3375 5122 3538 5176 quam
3560 5105 3643 5159 sol

2053 5211 2261 5277 ambit,
2292 5218 2495 5264 terram
2524 5208 2737 5262 habitat
2763 5228 2775 5261 :
2806 5205 3009 5275 quippe
3036 5203 3134 5274 qui
3167 5217 3347 5271 neque
3381 5200 3646 5254 volunta-

1761 5323 1806 5354 ⁸ο
1838 5321 1984 5376 Psal.
2019 5336 2233 5379 xxxvu.
2265 5320 2356 5375 57.
2435 5320 2479 5351 δι
2516 5317 2671 5375 Psal.
2702 5334 2743 5384 ι,
2777 5316 2833 5371 6.

441 5442 555 5509 (87)
596 5440 743 5494 Psal.
778 5455 986 5503 xxxvii,
1034 5438 1121 5493 10.
1161 5436 1305 5492 LXX
1359 5439 1565 5493 habent
1615 5438 1709 5490 καὶ
1754 5437 1819 5490 οὐ
1877 5435 1954 5508 μὴ
2059 5435 2357 5490 editionem
2398 5433 2514 5509 τῶν
2564 5436 2619 5484 0'
2651 5430 2953 5509 i-leutidem.
2988 5426 3473 5509 irrepsit.qur‘um
3510 5424 3641 5509 quia

367 5513 586 5584 ὑπάρξῃ
632 5510 1049 5584 ἁμαρτωλὸς...

440 5578 719 5655 (senum:
744 5578 855 5655 ei»:
886 5589 1013 5655 ante
1050 5578 1150 5651 τὴν
1177 5579 1320 5652 ζωήν
1359 5580 1428 5633 ab
1461 5578 1656 5649 Aquila
1682 5588 1818 5655 est,
1857 5578 1948 5647 qui

368 5650 693 5725 partieulatn
744 5651 1065 5725 llebraicnm
1110 5662 1189 5711 nx
1236 5650 1420 5725 notam
1450 5650 1751 5725 accusativi
1785 5665 1948 5705 casus

371 5721 451 5796 sic
478 5727 769 5796 designare
804 5738 868 5796 ac
906 5721 1132 5776 reddere
1158 5722 1417 5796 solebat:
1453 5722 1596 5783 haec,
1630 5736 1944 5796 quanquam

371 5792 638 5867 Origenes
671 5795 935 5849 asterisco
961 5831 977 5855 ,
1019 5792 1237 5867 quoties
1263 5799 1619 5853 occurreret,
1662 5792 1941 5845 indicave-

374 5861 943 5936 rat'sccluseratque,
992 5872 1173 5919 tamen
1227 5861 1281 5916 in
1327 5877 1676 5918 communem
1722 5876 1941 5932 quoque

2057 5515 2223 5561 vacat
2260 5504 2526 5570 omnino,
2580 5518 2678 5556 nec
2717 5500 3048 5556 sententiam
3098 5500 3256 5566 juvat
3298 5506 3393 5551 aut
3439 5504 3641 5570 auget,

2055 5586 2234 5639 recte,
2265 5576 2493 5642 opinor,
2514 5565 2580 5627 "in
2612 5572 2973 5627 translatione
3002 5570 3312 5625 omittitur:
3350 5577 3408 5622 ut
3442 5565 3637 5621 lliero-

2052 5662 2227 5716 uymo
2251 5646 2422 5716 etiam
2450 5645 2677 5716 placuit.

2124 5715 2240 5787 (89)
2272 5715 2427 5787 Apud
2452 5706 2606 5787 LXX
2638 5717 2853 5787 leges":
2889 5713 2988 5766 Ὃν
3037 5708 3149 5787 ἐγὼ
3198 5707 3381 5787 κοπιῶ
3407 5706 3634 5787 ὑπδιτὸν

2047 5777 2291 5858 ήλίονί...
2323 5777 2452 5858 item
2494 5777 2766 5858 ἀνθρώπῳ
2787 5782 2865 5854 τῷ
2899 5781 3173 5854 γινομένῳ
3195 5821 3210 5850 ,
3243 5788 3298 5836 et
3325 5777 3634 5845 ἐξουσιάζε-

2043 5850 2154 5929 τάι,
2189 5867 2244 5916 et
2273 5857 2369 5913 καὶ
2389 5850 2434 5928 ᾧ
2463 5850 2872 5928 ἐσοφισάαέλνᾲ.
