4172 6572
505 356 610 422 827

1621 362 1681 423 S.
1720 362 2103 427 GREGORII
2154 363 2671 428 AGRIGENTINI

3689 366 3794 436 828

504 475 580 530 tis
605 469 839 528 arbitrio
864 486 1041 543 neque
1070 480 1280 529 naturae
1307 472 1641 530 motibus’ad
1679 486 1831 533 recta
1861 481 2093 536 talionis

2209 480 2504 552 κεχρῆσθαι
2537 480 2676 551 μήτε
2704 478 2819 544 τοῖς
2847 480 3254 551 προαιρετικοῖς
3288 479 3619 552 βουλήμασι,
3651 484 3792 554 μήτε

502 565 824 634 praescripta
854 579 1006 628 usus,
1028 574 1231 620 temere
1258 566 1746 639 imprudenterque
1773 572 1964 642 pejora
1988 589 2096 628 me-

503 658 737 711 lioribus
777 666 989 722 mutat,
1034 669 1091 712 et
1129 674 1252 728 quae
1296 661 1361 715 ad
1391 661 1692 730 perniciem
1721 666 2092 735 compellunt,

502 748 839 802 salutaribus
875 751 1181 818 anteponit.
1234 751 1369 806 Nam
1420 754 1739 823 hujusmodi
1782 756 2096 813 hominibus

508 860 527 892 ι
562 842 769 895 Bonum
811 840 1005 911 utique
1039 840 1235 897 fuisset
1260 884 1275 907 ,
1325 844 1371 899 si
1405 861 1506 900 nec
1544 846 1711 912 geniti
1748 850 1973 902 omnino
2006 865 2098 906 es-

504 944 625 988 sent
646 975 662 1000 ,
698 953 717 986 ι
758 935 1226 1004 quemadmodum
1257 934 1528 991 Dominus
1560 939 1618 992 in
1670 939 1985 1011 Evangeliis
2014 942 2097 996 lo-

503 1029 668 1077 cutus
696 1032 782 1078 est
804 1024 884 1088 ἠς
918 1023 1027 1077 illis
1048 1040 1262 1094 nempe,
1292 1027 1385 1091 qui
1407 1027 1461 1081 in
1483 1028 1624 1083 hanc
1645 1030 1814 1084 vitam
1840 1032 2095 1101 ingressi,

503 1115 672 1168 vitam
718 1124 894 1171 morte
947 1115 1415 1173 detestabiliorem
1463 1120 1749 1188 vixerunt,
1784 1131 1931 1193 (qua:
1975 1125 2098 1181 illos

503 1216 630 1277 post
687 1216 901 1279 tempus
958 1210 1012 1265 in
1076 1221 1306 1266 mortem
1367 1213 1735 1281 amandaret,
1802 1218 1892 1272 cui
1948 1219 2098 1274 nulla

503 1302 733 1358 omnino
786 1305 1020 1359 allatura
1076 1306 1150 1362 sit
1197 1306 1361 1362 ﬁnem
1391 1319 1544 1364 astas.
1574 1308 1873 1380 Propterea
1903 1315 2101 1369 stulto-

505 1410 632 1449 rum
667 1411 756 1452 res
784 1412 976 1453 omnes
1002 1398 1215 1455 vanitas
1244 1408 1300 1455 et
1323 1403 1678 1472 praesumptio
1698 1404 1924 1474 spiritus
1947 1414 2097 1474 sunt,

506 1489 627 1542 sive
650 1489 962 1543 voluntaria
995 1492 1162 1545 animi
1193 1494 1477 1550 temeritas
1506 1503 1675 1565 atque
1704 1496 1963 1567 impetus,
1988 1515 2100 1570 quo

505 1581 563 1634 in
598 1592 856 1651 perpetua
907 1584 1171 1653 supplicia
1206 1596 1478 1657 aguntur:
1528 1604 1654 1645 cum
1685 1602 1869 1647 autem
1914 1593 2097 1650 dicat:

511 1692 531 1725 ι
566 1672 629 1727 Et
663 1675 810 1730 odivi
838 1692 938 1746 ego
983 1692 1204 1733 omnem
1254 1679 1530 1743 laborem,
1570 1698 1734 1752 quem
1764 1700 1867 1756 ego
1911 1686 2101 1742 laboro

509 1762 614 1819 hoc
644 1767 747 1820 sub
775 1766 891 1823 sole
922 1784 935 1821 :
981 1768 1109 1836 quia
1140 1768 1363 1825 dimitto
1395 1770 1548 1825 illum
1582 1773 1829 1841 homini,
1881 1778 1974 1847 qui
2008 1777 2097 1833 [iet

2198 576 2320 635 ταῖς
2346 576 2605 642 φυσικαῖς
2634 572 2881 644 κινήσεσι
2908 572 3143 641 λογικῶς
3171 575 3269 627 καὶ
3293 577 3643 644 πρεπόντως,
3677 576 3794 629 ἀλλ’

2198 664 2259 731 ἐξ
2311 665 2566 728 ἀϐουλίας
2616 665 2819 736 πολλῆς
2866 666 2962 718 καὶ
3003 666 3483 737 ματαιοφροσύνης
3512 667 3795 737 ἀνθαιρεῖ-

2199 758 2425 811 σθαιτά
2470 758 2647 828 χείρω
2700 757 2811 809 τῶν
2844 758 3196 828 κρειττόνων,
3246 762 3341 811 καὶ
3386 759 3456 810 τὰ
3504 759 3642 830 πρὸς
3690 761 3795 811 ἀπ-

2197 850 2398 903 ώλειαν
2419 848 2769 902 συνωθοῦντα
2791 850 2898 903 τῶν
2917 850 3221 903 σωστικῶν.
3248 851 3374 911 Τοῖς
3400 851 3509 922 γὰρ
3526 852 3794 913 τοιούτοις

2203 960 2222 993 ι
2270 940 2449 993 Καλὸν
2476 936 2564 1012 ἦν,
2597 942 2644 993 εἰ
2694 941 2828 1013 μηδὲ
2862 940 2924 993 τὸ
2966 940 3186 994 σύνολον
3216 942 3615 1013 ἐγεννήθησαν,
3663 961 3681 993 ι
3718 943 3795 1005 ὼς

2197 1034 2226 1085 ό
2258 1032 2463 1102 Κύριός
2509 1049 2676 1102 φησιν
2721 1034 2782 1085 ὲν
2834 1035 2947 1095 τοῖς
2973 1032 3366 1101 Εὐαγγελίοις·
3403 1036 3452 1086 οἳ
3500 1036 3639 1103 πρὸς
3691 1033 3793 1105 τὴν

2199 1125 2486 1195 παροῦσαν
2528 1125 2676 1195 ζωὴν
2735 1124 3070 1187 εἰσελθόντες
3120 1124 3322 1195 ἔζησαν
3378 1126 3610 1180 θανάτου
3660 1145 3792 1195 φευ-

2199 1218 2467 1285 κτοτέραν
2493 1218 2662 1287 ζωὴν,
2698 1217 2732 1287 ἢ
2759 1217 2900 1288 πρὸς
2934 1216 3169 1270 θάνατον
3202 1218 3397 1281 αὐτοὺς
3429 1219 3793 1290 παραπέμψει

2202 1307 2343 1377 μετὰ
2382 1306 2558 1378 βραχὺ
2600 1307 2693 1360 τὸν
2742 1307 2965 1360 αἰώνιον
2998 1307 3093 1360 καὶ
3138 1307 3294 1369 τέλος
3345 1310 3446 1362 οὐκ
3496 1310 3691 1379 ἔχοντα
3731 1312 3792 1361 τὸ

2199 1399 2484 1468 παράπαν.
2524 1400 2623 1452 Διά
2652 1398 2811 1452 τοῦτο
2842 1400 3022 1452 πάντα
3051 1399 3119 1452 τά
3148 1398 3258 1451 τῶν
3286 1400 3538 1470 ἀφρόνων
3565 1404 3791 1470 ματαιό-

2199 1508 2300 1561 της
2331 1492 2544 1560 πέφυκε
2578 1494 2670 1543 καὶ
2705 1490 3024 1562 προαίρεσις
3068 1490 3403 1560 πνεύματος,
3436 1492 3554 1562 ἦτοι
3594 1509 3792 1562 προαι-

2202 1583 2393 1655 ρετικὴ
2437 1584 2536 1654 τῆς
2582 1584 2760 1654 ψυχῆς
2792 1584 3018 1637 ἀϐουλία
3066 1584 3164 1638 xui.
3209 1585 3427 1655 κίνησις
3474 1586 3793 1640 συνωθοῦσα

2200 1674 2336 1746 πρὸς
2366 1674 2622 1739 κολάσεις
2660 1675 3056 1748 ἀτελευτήτους
3078 1692 3093 1706 ’
3142 1676 3316 1731 εἰπὼν
3356 1678 3436 1744 δὲ,
3471 1696 3490 1729 ι
3530 1678 3639 1731 Καὶ
3673 1676 3790 1744 ἐμί-

2204 1782 2349 1835 σησα
2379 1764 2491 1834 ἐγὼ
2524 1765 2816 1836 σύμπαντα
2844 1765 2935 1818 τὸν
2965 1766 3185 1837 μόχθον,
3214 1766 3275 1820 ὃν
3305 1766 3417 1836 ἐγὼ
3456 1767 3644 1838 μοχθῶ
3684 1767 3795 1820 ὑπὸ

506 1864 632 1922 post
660 1860 778 1921 me‘,
829 1865 885 1911 et
923 1857 1046 1927 quis
1076 1858 1272 1924 novit,
1308 1869 1492 1916 utrum
1533 1863 1754 1932 sapiens
1788 1864 1986 1932 fuerit,
2024 1881 2093 1922 an

2209 1858 2388 1913 τοῦτον
2415 1857 2509 1913 τὸν
2548 1859 2735 1930 ἥλιον·
2769 1858 2850 1912 ὅτι
2883 1859 3031 1926 ἀφίω
3072 1859 3236 1913 αὑτὸν
3282 1859 3362 1929 τῷ
3409 1859 3687 1930 ἀνθρώπῳ
3711 1860 3794 1930 τῷ

506 1948 805 2004 stultus?»
856 1965 952 2004 eos
1000 1966 1221 2021 quoque
1263 1952 1625 2025 perstringit,
1678 1956 1774 2025 qui
1824 1957 2096 2028 sapientes

508 2039 730 2108 quidem
762 2042 1016 2097 videntur
1045 2084 1060 2109 ,
1109 2053 1165 2097 at
1206 2060 1331 2100 cum
1375 2048 1729 2114 pernoverint
1781 2050 1908 2104 vitae
1971 2066 2099 2105 cur-

509 2146 633 2185 sum
684 2147 808 2188 esse
839 2149 1005 2202 quam
1036 2134 1459 2204 brevissimum,
1514 2148 1568 2192 et
1624 2154 1875 2209 magnam
1933 2142 2100 2197 simul

509 2226 798 2281 hominum
832 2240 1039 2298 partem
1080 2228 1226 2285 vitiis
1256 2231 1664 2297 adhaerescere,
1705 2248 1837 2302 opes
1876 2245 2054 2290 tamen
2081 2277 2096 2301 ,

509 2335 649 2389 quas
686 2323 1009 2378 mercaturis
1040 2324 1154 2377 sive
1186 2337 1445 2393 agrorum
1493 2326 1736 2381 cultione
1789 2338 1883 2383 aut
1923 2329 2010 2383 via
2047 2339 2103 2384 et

510 2414 736 2470 solertia
784 2415 889 2470 sibi
943 2430 1239 2484 peperere,
1282 2418 1336 2469 in
1374 2417 1685 2473 tenuiorum
1715 2428 1769 2474 et
1801 2436 2098 2492 pauperum

509 2504 801 2558 commoda
852 2505 1079 2559 minime
1121 2504 1501 2561 distribuunt:
1551 2510 1908 2581 studiumque
1948 2512 2000 2566 in
2034 2527 2102 2567 eo

512 2611 674 2650 suum
703 2596 1008 2663 collocant,
1047 2607 1106 2652 ut
1133 2597 1354 2653 divitias
1378 2600 1444 2653 ad
1467 2610 1775 2657 extremum
1806 2604 1929 2658 vita:
1959 2604 2100 2658 diem

513 2688 805 2758 ipsamque
835 2698 1066 2744 mortem
1097 2700 1343 2746 servatas
1367 2707 1430 2747 ac
1460 2694 1764 2750 custoditas
1795 2697 1919 2751 aliis
1944 2697 2103 2751 deni-

512 2796 622 2851 que
648 2779 985 2844 hominibus,
1015 2782 1131 2836 sive
1156 2783 1322 2837 velint
1339 2783 1455 2839 sive
1477 2785 1675 2851 nolint,
1698 2788 2100 2854 transmittant,

515 2888 619 2927 nec
658 2874 954 2941 prudenter
988 2890 1085 2929 eas
1123 2890 1225 2930 nec
1263 2875 1539 2944 sapienter
1581 2878 2051 2936 administraturis
2085 2898 2099 2934 :

513 2964 718 3034 quibus
749 2964 1022 3034 integrum
1066 2967 1292 3035 quidem
1334 2972 1437 3022 erit
1464 3008 1479 3033 ,
1532 2968 1601 3023 de
1641 2969 1708 3025 iis
1736 3009 1751 3032 ,
1807 2986 1929 3040 qua:
1960 2972 2103 3027 nacti

518 3056 723 3111 iuerint
745 3094 761 3119 ,
791 3057 1031 3112 inanima
1066 3067 1231 3128 atque
1260 3060 1502 3114 animata
1541 3060 1595 3114 in
1624 3062 1902 3132 egentium
1936 3072 2103 3133 atque

516 3148 743 3220 inopum
792 3150 1099 3206 subsidium
1138 3167 1401 3223 er0gare,
1446 3163 1502 3208 et
1544 3170 1611 3210 ex
1665 3155 1837 3210 libero
1876 3156 2100 3211 humani

516 3241 738 3296 consilii
779 3241 1085 3312 judiciique
1130 3244 1358 3299 arbitrio
1395 3248 1686 3302 thesauros
1728 3248 1784 3301 in
1825 3249 2101 3305 cwlestem

518 3332 753 3402 patriam
784 3333 1151 3401 praemittere;
1200 3335 1335 3389 illud
1375 3345 1555 3391 tamen
1585 3338 1868 3409 continget
1898 3378 1915 3404 ,
1957 3348 2016 3393 ut
2050 3348 2107 3394 et

520 3423 577 3478 vi
610 3440 675 3479 ac
707 3426 998 3495 tyrannide
1023 3426 1338 3482 divitiarum
1368 3430 1422 3483 in
1464 3430 1781 3484 servitutem
1816 3430 1919 3499 ipsi
1957 3430 2105 3487 redi-

519 3526 757 3587 gantur,
798 3526 853 3573 et
905 3518 1111 3571 nullam
1163 3519 1325 3575 iidem
1371 3520 1654 3591 largiendo
1685 3519 2105 3591 miserendoque

520 3611 814 3666 utilitatem
862 3611 929 3666 iis
975 3610 1245 3679 all‘erant,
1302 3614 1357 3669 in
1406 3629 1640 3684 quorum
1674 3629 1808 3684 opes
1834 3622 1889 3670 et
1918 3615 2105 3686 00pias

522 3710 919 3758 successerunt
946 3701 1082 3773 (99).

603 3958 649 3991 δ’
680 3956 877 4012 Matth.
911 3972 1062 4023 xxvn,
1088 3957 1179 4015 24.

595 4069 941 4143 (90)Ρθι·υηι
974 4070 1108 4136 hmo,
1158 4070 1375 4140 opinor,
1411 4070 1747 4143 Calvinianis
1800 4073 2102 4129 arrideant.

527 4142 742 4197 Diserte
773 4142 920 4196 enim
962 4150 1306 4196 constantem
1340 4142 1629 4197 catholicae
1662 4143 1920 4199 Ecclesia:
1975 4162 2105 4198 sen-

528 4213 752 4268 tentiam
805 4211 1056 4280 designat
1102 4211 1372 4273 docentis,
1408 4214 1713 4267 viventium
1746 4226 1893 4269 recte
1947 4214 2105 4269 factis

527 4282 911 4337 defunctorum
944 4284 1155 4336 animas
1213 4284 1458 4338 allevari.
1491 4282 1647 4349 Quod
1701 4293 1881 4339 tamen
1915 4286 2106 4340 Patres

528 4353 621 4424 alii
642 4354 753 4422 jam
785 4352 1131 4424 conﬁrmant,
1167 4352 1591 4424 Chrysostomus
1620 4356 1677 4408 in
1704 4356 1917 4424 primis,
1944 4356 2105 4424 cujus

529 4423 622 4478 ille
648 4424 993 4493 potissimum
1020 4422 1249 4492 insignis
1279 4422 1365 4477 est
1391 4424 1562 4490 locus,
1589 4425 1681 4479 ubi
1701 4422 1966 4479 rationem
1996 4422 2106 4479 tra-

2129 3196 2175 3258 C

2197 1952 2550 2024 γενησομένῳ
2606 1952 2726 2023 μετ’
2779 1953 2914 2022 ἐμέ*
2964 1952 3060 2005 καὶ
3113 1953 3198 2020 τίς
3253 1947 3432 2018 οἶδεν,
3505 1954 3555 2005 εί
3625 1954 3793 2021 σοφὸς

2199 2042 2373 2106 ἔσται,
2409 2042 2442 2112 ἢ
2474 2041 2699 2113 ἄφρων;
2736 2061 2754 2094 ι
2792 2042 2887 2096 καὶ
2916 2042 3027 2097 τῶν
3067 2043 3248 2111 σοφῶν
3276 2043 3376 2114 μὲν
3407 2039 3545 2097 εἶναι
3573 2045 3795 2097 δοκούν-

2199 2153 2307 2187 των
2340 2134 2707 2200 καθάπτεται,
2741 2135 3115 2205 διεγνωκότων
3145 2136 3201 2189 δὲ
3232 2137 3293 2189 τὺ
3325 2138 3421 2207 τῆς
3450 2138 3597 2207 ζωῆς
3640 2137 3794 2191 ὠκύ-

2203 2244 2372 2299 μορον
2426 2228 2519 2279 καὶ
2564 2226 2675 2279 τῶν
2734 2228 2948 2281 πολλῶν
3001 2229 3309 2299 ἀνθρώπων
3374 2231 3476 2300 τὴν
3533 2231 3672 2302 πρὸς
3723 2232 3795 2284 τὰ

2202 2318 2388 2388 φαῦλα
2422 2319 2618 2390 ῥοπὴν,
2658 2321 2754 2374 καὶ
2794 2320 2870 2391 μὴ
2920 2321 3287 2391 διανεμόντων
3333 2324 3429 2375 καὶ
3471 2323 3793 2395 κιχρῶντων

2201 2412 2313 2472 τοῖς
2345 2410 2552 2463 ὲνδεὲσι
2577 2411 2674 2464 καὶ
2706 2411 2906 2482 πένησι
2935 2412 3029 2465 τὸν
3063 2412 3526 2483 συναθροισθέντα
3559 2415 3793 2470 πλοῦτον

2202 2503 2387 2565 αὐτοῖς
2419 2502 2487 2556 δι’
2520 2504 2843 2575 ἐμπορικῶν
2872 2506 3209 2572 ὑποθέσεων,
3243 2507 3275 2577 ἢ
3314 2507 3403 2561 διὰ
3454 2508 3640 2562 κόπων
3687 2527 3787 2580 γη-

2202 2595 2464 2659 πονικῶν,
2516 2596 2549 2667 ἢ
2586 2595 2877 2665 φιλεργίας
2922 2598 3153 2668 ἑτέρας’
3189 2599 3327 2652 ἀλλὰ
3376 2600 3794 2671 συντηρούντων

2201 2688 2368 2741 αὑτὸν
2403 2688 2499 2741 καὶ
2541 2688 2925 2758 φυλαττόντων
2963 2690 3125 2761 μέχρι
3175 2691 3276 2761 τῆς
3305 2692 3624 2756 τελευταίας
3653 2693 3794 2763 ἡμέ-

2205 2796 2307 2849 ρας
2333 2778 2429 2832 xui
2458 2776 2554 2831 τοῦ
2584 2778 2843 2846 θανάτου,
2887 2780 2983 2833 καὶ
3013 2781 3502 2852 παραπεμπόντων
3530 2783 3795 2846 ἑκουσίως

2204 2871 2301 2924 καὶ
2329 2869 2601 2935 ἀκουσίως
2627 2872 2707 2933 είς
2732 2871 2928 2935 ἄλλους
2945 2870 3268 2943 ἀνθρώπους
3293 2875 3421 2936 τοὺς
3437 2875 3643 2945 ἥκιστα
3663 2892 3795 2945 φρο-

2206 2964 2381 3034 νίμως
2416 2964 2512 3017 καὶ
2546 2964 2726 3034 σοφῶς
2757 2965 2919 3019 αὑτὸν
2949 2967 3349 3036 διοικήσοντας,
3379 2968 3474 3020 καὶ
3504 2968 3606 3038 τὴν
3636 2967 3793 3031 ἐξου-

2207 3054 2330 3107 σίαν
2357 3054 2579 3119 ἕξοντας
2609 3056 2755 3110 κατὰ
2774 3058 2884 3110 τῶν
2912 3056 3228 3128 προσόντων
3248 3057 3327 3129 τῷ
3357 3057 3578 3127 πλούτῳ
3604 3074 3793 3129 πραγ-

2210 3148 2396 3215 μάτων
2449 3146 2676 3218 ἀψύχων
2730 3151 2829 3203 καὶ
2892 3148 3156 3220 ἐμψύχων
3204 3148 3299 3204 τοῦ
3353 3149 3643 3203 διαδιδόναι
3694 3149 3796 3218 τῆς

2204 3238 2483 3309 δεομένοις
2537 3240 2635 3293 καὶ
2691 3241 3050 3312 πενητεύουσι
3111 3241 3207 3296 καὶ
3256 3241 3393 3312 πρὸς
3457 3241 3798 3311 αὐτάρκειαν

2204 3333 2412 3401 χρείας,
2450 3334 2548 3386 καὶ
2580 3332 2938 3405 θησαυρίζειν
2985 3334 3044 3387 ὲν
3078 3335 3354 3404 οὐρανοῖς,
3389 3334 3530 3388 κατὰ
3571 3334 3632 3387 τὸ
3661 3335 3798 3387 αὐτ·-

2202 3424 2446 3488 εξούσιον
2496 3425 2596 3494 τῆς
2648 3426 2999 3497 ἀνθρωπίνης
3045 3425 3246 3497 βουλῆς
3272 3444 3332 3479 τε
3378 3428 3475 3481 καὶ
3519 3428 3754 3496 κρίσεως
3781 3442 3794 3454 ·

2204 3516 2320 3570 ἀλλ’
2348 3517 2591 3587 ἔμπαλιν
2624 3518 3223 3590 ὲξουσιασθησομένους
3249 3516 3357 3571 ὑπὸ
3376 3517 3472 3588 τῆς
3507 3516 3602 3571 τοῦ
3630 3516 3799 3570 πλού-
3824 3552 3828 3561 ε

2200 3626 2295 3663 του
2337 3610 2659 3675 δεσποτείας
2710 3611 2806 3665 καὶ
2850 3612 3193 3682 τυραννίδος,
3249 3611 3346 3665 καὶ
3396 3611 3561 3683 μηδὲν
3602 3610 3798 3680 ὄφελος

2215 3700 2650 3773 προξενήσοντας
2678 3703 2767 3756 διὰ
2788 3704 2887 3773 τῆς
2926 3703 3268 3775 μεταδόσεως
3297 3704 3392 3758 καὶ
3434 3703 3536 3773 τῆς
3565 3702 3799 3771 ἐλεημο-

2211 3794 2378 3864 σύνης
2409 3795 2660 3859 ἐκείνοις,
2714 3788 2788 3850 ὧν
2821 3795 3128 3863 διεδέξαντο
3167 3799 3267 3867 τὴν
3300 3796 3394 3849 τοῦ
3429 3794 3664 3849 πλούτου
3695 3811 3798 3846 πε-

2224 3888 2484 3960 ριουσίαν.

2206 4073 2468 4145 μέγιστον
2491 4091 2505 4104 ·
2549 4074 2672 4128 εἰπὲ
2703 4073 2944 4144 τοῦνομα
2965 4090 2978 4105 ⁸
3014 4072 3201 4145 πάσας
3224 4070 3484 4145 κέλευσον
3518 4069 3798 4145 ’ὑπὲρᾷαὒ-

2203 4140 2301 4197 τοῦ
2329 4146 2602 4198 ποιεῖσθαι
2624 4145 2725 4207 τὰς
2753 4140 2971 4213 δεήσεις
3003 4144 3100 4197 xu‘t
3148 4143 3247 4204 τὰς
3318 4141 3599 4213 ἱκετηρίας
3618 4140 3643 4213 ξ
3667 4140 3795 4213 δυσ-

2207 4215 2425 4284 ωπήσει
2453 4216 2614 4268 τοῦτο
2643 4217 2734 4267 τὸν
2757 4210 2908 4276 Θεὸν,
2940 4217 2988 4267 εἰ
3017 4215 3112 4266 καὶ
3136 4214 3211 4283 μὴ
3247 4214 3340 4284 ὑπξ
3364 4211 3560 4284 αὑτοῦ,
3580 4210 3714 4263 ἀλλά
3730 4212 3798 4284 δι’

2203 4280 2366 4338 αὐτόν
2398 4286 2586 4355 ἔτερος
2645 4285 2821 4347 αἴτιος
2881 4286 3094 4352 γίνεται
3138 4280 3244 4353 ’τῆς
3294 4280 3687 4355 ἐλεημοσύνης.
3724 4282 3794 4355 λΙιΙ

2203 4365 2286 4410 est
2323 4373 2336 4408 :
2400 4352 2690 4409 Possumus
2713 4395 2729 4420 ,
2775 4365 2912 4409 certe
2941 4370 3219 4422 possumus
3244 4392 3259 4416 ,
3300 4355 3347 4406 si
3379 4352 3594 4406 velimus
3622 4392 3637 4414 ,
3682 4352 3797 4420 ejus

2211 4426 2529 4495 supplicium
2577 4427 2740 4479 levius
2779 4426 2993 4494 efﬁcere.
3048 4423 3107 4478 Si
3145 4440 3320 4490 preces
3359 4424 3656 4495 frequenter
3703 4439 3798 4489 pro

529 4483 767 4565 ditfqua
798 4483 1202 4565 defuncto,_qvui
1230 4494 1462 4547 crimina
1515 4483 1613 4549 sua
1644 4496 1835 4552 vivens
1876 4511 1983 4548 non
2011 4512 2107 4549 cx-
2141 4483 2182 4537 Ῑ)
2217 4483 2321 4549 illo.
2353 4497 2671 4565 fundamus,
2716 4497 2762 4549 si
2806 4483 2928 4564 quid
2964 4510 3028 4549 ex
3062 4483 3428 4547 misericordia
3452 4483 3799 4565 largiamur:

532 4561 783 4636 piaverit,
798 4562 1051 4636 opitulari
1077 4561 1160 4636 fas
1185 4565 1259 4636 sit
1281 4564 1464 4636 εἜστι
1477 4566 1606 4636 γὰρ,
1625 4565 1794 4631 ἔστιν,
1814 4566 2009 4635 inquit,
2025 4568 2119 4618 ἐὰν

534 4632 802 4707 θέλωμεν,
835 4632 1045 4707 κούφην
1096 4632 1245 4707 αὑτῶ
1288 4632 1565 4707 γενέσθαι⁷
1594 4637 1695 4707 τὴν
1742 4632 1998 4689 κόλασιν
2052 4637 2119 4690 ἂν

535 4700 827 4776 οὗν-εὐχὰς
859 4700 1011 4776 ύπὲρ
1054 4700 1227 4776 αὑτοῦ
1278 4700 1523 4776 ποιῶμεν
1561 4723 1573 4737 ·
1628 4700 1696 4759 ἀν
1740 4707 2119 4776 ἐλεημοσύνην

534 4771 800 4849 διδῶμενο
834 4771 1178 4849 κᾶνέ-κεῖνιὲς
1202 4771 1485 4849 ἀνάξιοςῇ
1511 4816 1527 4840 ,
1558 4778 1713 4849 qua;
1739 4778 1768 4830 ό
1807 4771 1940 4839 Θεὸς
1995 4771 2121 4849 δυσ-ς

450 4870 451 4873 η
535 4836 845 4914 ωπήσεται.
894 4844 956 4898 El
986 4846 1075 4899 διὰ
1119 4836 1336 4899 Παῦλον
1372 4836 1613 4916 έέέρδυξ·
1637 4836 1889 4909 διὲσωσε,
1920 4836 2020 4899 καὶ
2052 4847 2119 4899 δι’

538 4914 986 5003 ἀλλωνφείδεται
1005 4931 1018 4945 ·
1045 4914 1170 5003 πῶς
1199 4916 1321 5003 ούχὶ
1351 4919 1445 4970 καὶ
1474 4919 1706 5003 διήμᾶς
1732 4919 1793 5001 τὸ
1812 4917 1945 4999 αὐτὸ
1962 4918 2121 4997 τούτο

538 4986 843 5057 ἐργάσεται
854 5001 871 5057 ;
904 4986 968 5039 ἐκ
1003 4986 1111 5039 τῶν
1140 4987 1350 5040 ἐκείνου
1405 4986 1724 5057 χρημάτων,
1753 4990 1819 5040 ἐκ
1845 4988 1955 5040 τῶν
1985 4986 2117 5052 σῶν,

540 5002 871 5107 εεγασετακ
904 5002 968 5039 εκ
1003 5005 1111 5039 των
1140 5002 1350 5040 εκεινου
1405 5005 1509 5057 χρη
1521 5002 1724 5057 ματων,
1753 5004 1819 5040 εκ
1845 5004 1955 5040 των
1985 5004 2117 5052 σων,

607 5054 757 5128 ενᾶν
787 5055 972 5128 θέλῃς,
1007 5057 1274 5128 βοήθησον
1300 5058 1647 5128 ’,ἐπίσταξον
1682 5056 1883 5128 ἔλαιον,
1923 5058 2123 5128 μᾶλλον

541 5125 604 5198 δὲ,
626 5125 921 5197 ὕδωρ.οὑκ
946 5125 1060 5198 ἔχει
1077 5125 1447 5197 ἐλεημοσύνας
1465 5128 1674 5190 οἰκείας
1706 5125 2079 5191 ἐπιδείξασθαι
2103 5143 2118 5191 ;

544 5197 649 5250 xiv
668 5197 1021 5264 συγγενικὰς.
1061 5199 1177 5252 Οὐκ
1212 5198 1326 5267 ἔχει
1352 5199 1451 5268 τὰς
1478 5198 1568 5251 ὑπ’
1596 5198 1760 5252 αὐτοῦ
1812 5198 2117 5268 γεγενημέ-

545 5283 670 5340 νας;
726 5268 831 5321 κᾶν
884 5270 984 5332 τὰς
1040 5268 1183 5340 ὑπὲρ
1222 5267 1409 5322 αὑτοῦ.
1446 5268 1774 5340 Ούτωλμετά
1808 5267 2123 5340 παρρησίας

546 5337 715 5412 αὐτὸν
740 5337 1289 5412 παραιτήσεταιτότε
1317 5340 1350 5409 ἡ
1380 5338 1541 5412 γυνὴ,
1577 5338 1771 5412 λύτρον
1793 5337 1938 5410 ὑπὲρ
1960 5337 2121 5412 αύτοῦ

548 5409 916 5483 καταθεμένη.
940 5411 1091 5483 "Usu;
1140 5409 1402 5483 πλειόνων
1439 5409 2124 5483 γέγονενξάμαρτημάτων

551 5478 1142 5552 ὑπεύθυνοςςτοσούτῳ
1163 5479 1423 5552 μείζονος
1463 5481 1613 5551 αὐτῷ
1646 5481 1727 5535 δεῖ
1750 5478 1848 5552 τῆς
1898 5478 2125 5551 ἐλεημο-

477 5595 481 5598 .
554 5548 719 5621 σύνης
740 5566 753 5578 ·
772 5550 841 5621 οὺ
864 5550 952 5621 διὰ
977 5550 1427 5621 τοῦτοδὲᾲμόνον,
1464 5548 1693 5605 autem
1722 5548 1842 5605 οὐδὲ
1861 5552 1981 5620 ἴσην
2012 5548 2123 5621 ἔχει

554 5617 653 5692 τὴν
679 5618 855 5692 ἰσχὺν.
883 5620 997 5684 νῦν,
1038 5620 1155 5674 ἀλλ’
1193 5619 1408 5692 ἐλάττω
1463 5623 1647 5692 πολλῷ
1676 5638 1688 5651 '
1721 5623 1782 5675 οὐ
1829 5617 1948 5690 γάρ’
1977 5617 2123 5692 ἔστιν

558 5688 698 5762 iam,
724 5690 896 5762 αὐτόν.
918 5708 1040 5743 τινα
1091 5691 1338 5762 ποιῆσαι,
1383 5692 1477 5745 καὶ
1525 5688 1715 5761 ἕτερον
1764 5688 2120 5762 ὑπὲραύτοῦ.

572 5758 660 5821 Ὠς
673 5755 781 5833 -οὗν
810 5759 1089 5833 ἐλάττονος
1118 5755 1305 5833 οὔσης,
1339 5762 1481 5815 οὕτω
1513 5762 1592 5830 τῷ
1623 5755 1834 5833 ’πλήθει
1866 5755 2124 5831 μεγίστην

566 5829 807 5914 ποιῶμεν
832 5830 1142 5917 annsch;qu
1176 5834 1304 5902 περὶ
1335 5829 1575 5917 σήματα,
1600 5834 1676 5903 μὴ
1716 5829 1845 5911 περὶ
1868 5829 2120 5915 -,ἐντοάφια

562 5900 966 5971 ἀιτχολώμεθα.⁷
1003 5900 1338 5971 Περξστησον
1390 5900 1612 5971 χήρας(
1666 5900 1821 5957 τοῦτο
1874 5904 2119 5972 ἐντάφιον

2220 4563 2430 4620 etiamsi
2454 4583 2557 4619 non
2579 4568 2648 4619 sit
2675 4566 2767 4619 ille
2792 4568 3005 4635 dignus,
3028 4582 3121 4619 nos
3154 4565 3290 4618 Deus
3315 4573 3564 4619 exoratus
3593 4563 3796 4635 audiet.

2222 4635 2284 4691 Si
2332 4649 2545 4706 propter
2581 4636 2806 4689 Paulum
2852 4634 2989 4690 alios
3024 4638 3284 4697 servavit,
3326 4646 3374 4688 et
3414 4644 3625 4702 propter
3663 4634 3800 4706 alios

2222 4705 2435 4777 parcit,
2460 4723 2555 4760 cur
2586 4723 2687 4759 non
2720 4708 2772 4758 id
2804 4707 2974 4772 ipsum
3004 4706 3212 4774 faciet?
3251 4721 3316 4759 ea:
3342 4706 3495 4777 illius
3516 4705 3752 4777 pecuniis
3782 4742 3798 4765 ,

2221 4774 2287 4831 ea:
2333 4779 2473 4841 tuis,
2511 4778 2649 4831 unde
2695 4777 2920 4830 volueris
2956 4778 3165 4845 juvato,
3192 4776 3397 4829 instilla
3445 4775 3654 4836 oleum,
3694 4774 3802 4829 imo

2224 4865 2443 4918 aquam.
2485 4847 2607 4899 Non
2652 4857 2820 4913 potest
2859 4848 3217 4916 elcemosynas
3251 4848 3494 4914 proprias
3524 4846 3804 4918 exhibere?

2222 4915 2411 4971 saltem
2438 4928 2784 4987 cognatorum
2813 4918 3052 4987 ett/libeat
3076 4915 3099 4971 :7
3128 4934 3230 4970 non
3250 4926 3416 4984 potest
3449 4933 3482 4968 a
3509 4932 3562 4968 se
3583 4916 3760 4983 factas
3778 4915 3805 4967 ?

2222 4987 2410 5042 saltem
2438 4986 2534 5057 pro
2563 5005 2618 5040 se
2637 4987 2829 5055 factas.
2861 4986 2949 5041 Sic
2977 5004 3093 5040 cum
3126 4988 3323 5056 fiducia
3350 4988 3523 5056 ipsum
3558 4996 3681 5057 tunc
3706 4988 3802 5037 de-

2222 5056 2524 5128 precabitur
2557 5074 2694 5111 uxor
2725 5059 2954 5127 pretium
2993 5057 3365 5123 redemptionis
3393 5074 3488 5125 pro
3520 5056 3613 5110 illo
3644 5056 3805 5122 depo-

2225 5144 2373 5184 nens.
2411 5129 2522 5194 Quo
2553 5129 2794 5197 pluribus
2829 5129 2931 5197 fuit
2966 5130 3196 5195 peccatis
3227 5128 3505 5187 obnoxius,
3537 5144 3595 5179 eo
3629 5142 3801 5195 magis

2224 5216 2353 5269 opus
2386 5200 2538 5253 habet
2566 5200 2932 5269 eleemosyna;
2968 5215 3060 5252 nec
3088 5210 3299 5267 propter
3334 5199 3434 5269 hoc
3457 5207 3684 5253 tantum.
3713 5197 3803 5250 sed

2223 5267 2348 5339 quia
2371 5288 2473 5325 non
2500 5288 2680 5340 parem
2708 5267 2845 5325 nunc
2868 5272 2973 5325 vim
2997 5270 3171 5330 habet,
3196 5268 3299 5340 imo
3326 5267 3491 5340 multo
3522 5269 3802 5340 minorem.

2227 5338 2351 5395 Non
2376 5358 2477 5411 par
2499 5338 2637 5417 enim
2667 5358 2751 5417 res
2768 5351 2842 5394 est
2869 5344 3037 5417 ipsum
3058 5338 3300 5417 quaedam
3331 5339 3524 5417 facere,
3551 5347 3606 5417 et
3635 5339 3808 5417 alium

2225 5429 2320 5478 pro
2352 5409 2487 5479 ipso.
2518 5411 2651 5466 Cum
2680 5414 2845 5482 igitur
2872 5414 3045 5465 minor
3072 5409 3166 5475 sit,
3195 5426 3287 5477 per
3305 5410 3515 5479 copiam
3542 5409 3807 5482 faciamus

2225 5484 2376 5537 illaut
2402 5486 2675 5551 majorem.
2704 5480 2788 5535 Ne
2813 5483 2957 5535 circa
2984 5489 3344 5551 monumenta,
3369 5496 3431 5531 ne
3457 5483 3605 5551 circa
3626 5480 3809 5546 sepul-

2226 5555 2397 5606 cralia
2438 5549 2649 5620 operam
2684 5553 3055 5615 insumamus;
3096 5550 3433 5620 patrocinare
3467 5549 3635 5602 viduis
3662 5588 3676 5611 ,
3711 5552 3810 5599 Iwc

2226 5619 2520 5691 sepulcrale
2544 5623 2764 5691 ofﬁcium
2794 5632 2869 5674 est
2896 5624 3186 5675 maximum
3205 5635 3229 5691 :7
3248 5619 3345 5672 Dic
3381 5636 3566 5673 nomen
3591 5658 3605 5678 ,
3629 5634 3808 5670 omnes

2228 5690 2352 5746 illas
2370 5695 2496 5762 jube
2528 5690 2622 5762 pro
2651 5694 2763 5761 ipso
2794 5709 2967 5761 preces
2995 5702 3044 5745 et
3078 5690 3487 5762 supplicationes
3520 5705 3765 5759 peragere
3790 5705 3809 5747 ,-

2228 5763 2323 5816 lioc
2350 5759 2515 5817 Deum
2529 5759 2802 5833 placabit,
2826 5764 3034 5816 etiamsi
3059 5778 3161 5814 non
3180 5776 3272 5828 per
3299 5759 3476 5833 illum,
3508 5771 3562 5813 at
3593 5769 3811 5833 propter

2227 5834 2380 5887 illum
2408 5829 2550 5887 alius
2574 5835 2643 5889 sit
2674 5844 2859 5889 auctor
2884 5833 3244 5904 clcemosynte.
3276 5829 3496 5903 (InAct.
3518 5834 3620 5904 Ap.
3655 5831 3807 5889 hom.

2226 5906 2316 5973 “ll,
2348 5921 2401 5959 n.
2433 5906 2512 5968 5.)
