4172 6502
255 385 361 449 829

1357 373 1442 436 IN
1479 370 2071 435 ECCLESIASTEN.
2104 396 2169 408 --
2187 367 2343 429 LIB.
2379 366 2468 427 II.

3432 348 3542 415 830

327 499 440 555 Καὶ
477 495 636 554 τοῦτο
663 494 772 569 γὰρ
805 492 1106 566 ματαιότης
1153 491 1302 545 ἐστίν
1321 506 1336 524 ο
1365 492 1476 545 εἴτε
1506 490 1617 560 γὰρ
1651 489 1844 561 ἄφρων
1872 495 1899 552 Α

2018 488 2128 559 59
2156 486 2429 541 Nimirum
2460 491 2517 538 et
2541 481 2643 537 hoc
2670 476 2888 534 vanitas
2915 484 3001 532 est
3034 494 3047 529 :
3080 472 3196 529 sive
3230 469 3375 526 enim
3409 473 3549 525 stnl-

255 594 429 657 ἐστὶν,
461 590 574 645 εἴτε
603 589 755 642 δοκεῖ
784 585 948 657 σοφὸς
978 583 1245 654 ὑπάρχειν
1270 581 1299 634 ὁ
1330 581 1423 635 τὸν
1456 581 1688 635 πλοῦτον
1710 597 1847 635 κατ-

261 687 405 758 έχων
459 685 556 739 καὶ
594 683 670 754 μὴ
727 681 1002 750 διανέμων
1045 679 1160 742 τοῖς
1206 675 1518 747 δεομένοις,
1572 673 1712 729 ἀλλά
1758 690 1855 726 τα-

265 778 593 852 μιευόμενος
643 774 807 830 αὐτὸν
866 774 978 836 τοῖς
1021 770 1236 842 ἐχθροῖς
1282 768 1378 822 καὶ
1419 770 1533 831 τοῖς
1579 765 1854 838 μισοῦσιν,

261 872 339 932 ώς
394 868 659 931 πολλάκις
699 863 1070 937 συμϐέϐηκεν,
1105 861 1298 932 ἄφρων
1330 859 1562 929 εὓρηται
1614 857 1693 928 τῷ
1740 857 1859 910 ὅντι

262 965 362 1020 καὶ
397 964 645 1035 μάταιος,
678 959 775 1012 καὶ
803 956 1029 1019 δικαίως
1057 954 1283 1009 ἀκούσει
1312 953 1568 1021 λέγοντος
1590 950 1686 1005 τοῦ
1711 947 1857 1003 Θεοῦ

266 1056 408 1128 πρὸς
446 1053 610 1109 αὐτόν
633 1067 645 1080 ·
691 1068 709 1101 ι
755 1050 986 1118 Ἀφρον,
1028 1045 1204 1117 ταύτῃ
1233 1045 1299 1113 τῇ
1331 1042 1487 1097 νυκτὶ⁵
1518 1040 1618 1111 τὴν
1685 1040 1863 1110 ψυχήν

269 1166 369 1203 σου
434 1143 760 1200 ἀπαιτοῦσιν
816 1139 925 1195 ἀπὸ
978 1136 1107 1191 σοῦ⁹
1165 1135 1202 1190 ἃ.
1255 1136 1312 1188 δὲ
1357 1134 1706 1205 ἡτοίμασας,
1757 1131 1865 1184 τίνι

268 1241 465 1307 Eant;
517 1257 536 1290 ι
590 1236 649 1290 τὸ
690 1234 822 1305 γὰρ,
875 1251 894 1283 ‹
946 1230 1064 1284 Τίνι
1098 1228 1292 1293 ierat;
1331 1246 1349 1278 ι
1384 1227 1482 1296 τὴν
1517 1226 1598 1288 είς
1637 1223 1867 1295 ἐχθροὺς

270 1332 572 1390 αἰνίττεται
612 1328 712 1398 τῆς
736 1325 831 1380 τοῦ
867 1322 1100 1378 πλούτου
1144 1318 1463 1380 δεσποτείας
1496 1317 1865 1389 μετάπτωσιν,

270 1427 352 1489 ώς
378 1425 573 1494 γέγονε
606 1419 885 1480 πολλάκις.
917 1415 1017 1469 Διά
1061 1412 1221 1468 τοῦτο
1250 1410 1347 1463 καὶ
1388 1410 1551 1463 Δαὸὶδ
1582 1408 1870 1480 προφήτης

274 1515 453 1587 φησί·
493 1533 511 1565 ι
554 1508 912 1583 Θησαυρίζει,
947 1508 1042 1561 καὶ
1089 1506 1151 1559 οὐ
1199 1501 1460 1573 γινώσκει
1505 1501 1613 1554 τίνι
1652 1499 1872 1563 συνάξει

277 1608 445 1673 αὐτὰ,
483 1625 502 1659 ι
530 1604 608 1673 τῷ
647 1601 1054 1671 Ἐκκλησιαστῇ
1085 1597 1261 1666 λέγων
1302 1592 1633 1665 συμφώνως,
1671 1591 1748 1656 ὼς
1774 1591 1873 1645 ἀν-

275 1701 499 1757 τίπαλοι
528 1698 624 1753 καὶ
657 1695 942 1767 μισοῦντες
975 1693 1068 1745 τὸν
1104 1690 1198 1744 τοῦ
1229 1686 1623 1750 κεκοπιακότος
1667 1684 1763 1739 καὶ
1787 1682 1876 1738 διὰ

278 1794 494 1851 πολλῶν
571 1789 812 1861 ἱδρώτων
864 1789 958 1840 καὶ
1001 1782 1405 1854 περισπασμῶν
1451 1780 1546 1834 καὶ⁹
1596 1774 1876 1848 μεριμνῶν

1957 591 2042 637 tus
2071 582 2185 644 sit,
2226 578 2342 634 sive
2388 576 2608 646 sapiens
2639 568 2889 627 videatur
2930 582 3088 631 esse,
3120 564 3213 635 qui
3254 563 3544 633 pecuniam

1956 673 2208 730 recondit
2238 669 2611 738 neglectisque
2637 663 2826 735 egenis
2846 705 2861 729 ,
2888 676 3010 715 eam
3047 657 3317 721 inimicis,
3345 666 3404 710 ut
3431 654 3545 723 ple-

1959 779 2191 835 rumque
2221 763 2299 828 fit,
2341 771 2507 830 atque
2550 756 2879 814 adversariis
2914 760 3189 817 reservat;
3226 751 3428 806 stultus
3462 764 3549 799 re-

1960 872 2087 913 vera
2118 870 2185 910 ac
2214 856 2439 909 demens
2481 854 2736 905 inventus
2764 856 2849 903 est
2879 863 2891 899 :
2927 844 3021 913 qui
3053 851 3107 898 et
3142 843 3340 897 merito
3379 839 3546 892 Deum

1963 949 2149 1006 audiet
2174 946 2278 1003 sibi
2308 944 2699 999 inclamantem
2726 954 2740 989 ι
2790 957 2807 990 ι
2841 936 3019 991 Stulte
3039 972 3055 997 ,
3106 935 3207 987 hac
3241 942 3399 986 nocte
3429 930 3550 1001 ani7

1964 1059 2110 1102 mam
2139 1050 2288 1095 tuam
2325 1043 2573 1106 repetunt
2607 1048 2638 1087 a
2671 1041 2758 1096 te;
2810 1046 2933 1100 quae
2967 1036 3149 1083 autem
3179 1025 3414 1095 parasti,
3451 1038 3552 1076 cu-

1962 1137 2054 1207 jus
2076 1130 2270 1189 erunt?
2300 1150 2318 1183 ι
2358 1127 2495 1183 Nam
2534 1125 2688 1192 illud,
2724 1122 2893 1191 Cujus
2914 1128 3068 1186 erant
3094 1120 3118 1171 ?
3146 1117 3457 1171 divitiarum
3498 1122 3554 1167 et

1968 1205 2308 1288 dominatus,
2356 1220 2503 1291 quod
2531 1233 2674 1288 saepe
2710 1215 3001 1282 contingit,
3042 1210 3454 1266 translationem
3485 1205 3555 1259 ad

1968 1316 2222 1370 inimicos
2251 1311 2539 1381 designat;
2566 1308 2755 1376 itaque
2783 1314 2838 1359 et
2878 1302 3047 1357 David
3081 1300 3349 1371 propheta
3378 1297 3509 1350 dicit
3537 1312 3552 1348 :

1977 1429 1996 1461 ι
2026 1407 2338 1462 Thesauros
2368 1410 2565 1473 parat,
2598 1414 2700 1454 nec
2733 1395 3039 1468 cognoscit,
3071 1392 3160 1447 cui
3194 1406 3291 1445 eos
3324 1389 3395 1444 sit
3427 1403 3559 1442 con-

1973 1509 2325 1573 gregaturus,
2353 1514 2372 1548 ι
2409 1495 2551 1549 idem
2576 1506 2703 1546 cum
2735 1486 3067 1543 Ecclesiaste
3089 1485 3387 1547 afﬁrmans,
3421 1496 3562 1549 quas

1975 1606 2177 1660 nempe
2214 1590 2263 1645 is
2302 1601 2436 1658 opes
2466 1586 2656 1641 labore
2684 1582 2858 1636 multo
2888 1590 2942 1635 et
2976 1579 3172 1633 sudore
3193 1617 3208 1640 ,
3237 1588 3400 1645 atque
3426 1589 3562 1628 con-

1976 1682 2222 1740 tentione
2250 1685 2306 1734 et
2335 1674 2635 1747 angoribus
2663 1681 2718 1727 et
2746 1671 2896 1726 curis
2931 1666 3300 1724 cumulaverit
3321 1704 3336 1723 .
3367 1663 3431 1716 ad
3466 1662 3567 1716 ini-

1981 1778 2157 1833 micos
2187 1787 2286 1829 eas
2313 1781 2370 1828 et
2398 1768 2746 1825 adversarios
2774 1780 2895 1820 esse
2920 1771 3281 1834 perventuras
3312 1798 3327 1823 ,
3380 1766 3441 1811 ut
3488 1756 3565 1809 illi

281 1889 381 1943 καὶ
424 1846 721 1958 φροντίδων
768 1846 1226 1950 συναθροισθέντα
1272 1846 1501 1927 πλοῦτον
1535 1846 1740 1935 ἕξουσι,
1781 1868 1879 1923 καὶ

2003 1868 2154 1938 tujus
2188 1863 2470 1920 laboribus
2523 1858 2898 1931 perfruantur.
2943 1854 3160 1909 Idcirco
3214 1850 3571 1906 Ecclesiastes

282 1982 392 2036 τῶν
417 1977 624 2033 ἐκείνου
649 1972 915 2043 καμάτων
947 1966 1445 2024 καταπολαύσουσι.
1475 1962 1679 2017 Τούτου
1715 1960 1876 2032 χάριν

283 2077 315 2129 ὁ
361 2066 797 2143 Ἑκκλησιαστὴς
829 2061 1262 2132 καταγινώσκων
1301 2058 1397 2113 καὶ
1445 2054 1879 2128 καταμεμφόμε-

286 2186 378 2234 νος
402 2167 511 2222 τῶν
541 2161 799 2219 τοιούτων
832 2159 1082 2228 ἐπήγαγε
1112 2172 1126 2186 ·

1985 1965 2050 2018 ad
2093 1955 2411 2029 hujusmodi
2458 1953 2747 2008 hominum
2806 1946 3327 2006 condemnationem
3389 1955 3573 2010 repre-

1988 2055 2421 2118 hensionemque
2441 2043 2644 2116 adjecit
2673 2059 2690 2098 :

1848 2284 1877 2357 §
1914 2282 2012 2338 1x.

364 2405 473 2462 Kal
492 2403 843 2471 ἐπέστρεψα
862 2396 976 2469 ἐγὼ
997 2394 1105 2449 τοῦ
1136 2390 1561 2457 ἀποτάξασθαι
1580 2384 1653 2455 τῇ
1674 2381 1889 2453 καρδίᾳ

292 2519 410 2573 μου
431 2499 503 2554 ἐν
522 2494 703 2550 παντὶ
726 2493 952 2563 μόχθῳ,
974 2483 1022 2557 ᾧ
1049 2488 1364 2559 ἑμόχθησα
1392 2480 1513 2538 ὑπὸ
1544 2480 1651 2533 τὸν
1690 2476 1891 2545 ἣλιον,

298 2565 389 2649 δτι
416 2593 589 2648 ἐστιν
617 2587 953 2655 ἄνθρωπος,
1002 2582 1090 2635 ὅτι
1122 2581 1347 2649 μόχθος
1384 2571 1574 2629 αὑτοῦ
1607 2570 1677 2623 ἐν
1709 2565 1897 2635 σοφίᾳ

300 2685 403 2740 καὶ
437 2684 507 2737 ἐν
535 2680 754 2753 γνώσει
811 2676 911 2730 καὶ
959 2675 1028 2728 ἐν
1074 2668 1362 2739 ἀνδρείᾳ·
1412 2663 1512 2719 καὶ
1565 2661 1897 2728 ἄνθρωπος,

248 2827 258 2839 ,
303 2777 373 2844 ὃς
404 2776 518 2830 οὐκ
543 2748 900 2844 ’ἐμόχθησεν
933 2767 1005 2821 ἐν
1052 2762 1235 2830 αὐτῷ,
1266 2758 1446 2814 δώσει
1497 2752 1659 2819 αὐτῷ
1684 2748 1898 2821 μερίδα

305 2867 518 2925 αὑτοῦ.

377 2960 500 3014 Τῶν
532 2952 969 3025 πολιτευομένων
990 2950 1103 3011 τοῖς
1127 2944 1439 3016 ἀνθρώποις
1461 2941 1556 2996 καὶ
1576 2956 1641 2994 συ
1652 2934 1906 3010 μϐαινόνο

306 3072 417 3108 των
441 3051 805 3126 πραγμάτων,
826 3040 1213 3115 ἀπειροκάλοις
1245 3034 1449 3106 δηλαδὴ
1477 3033 1573 3086 καὶ
1596 3027 1907 3088 σπουδαίοις

2059 2374 2226 2430 Vens.
2264 2372 2357 2437 20,
2390 2370 2484 2424 21.
2517 2366 2587 2420 Et
2611 2375 2896 2420 conversus
2923 2373 3043 2412 sum
3070 2370 3185 2426 ego,
3216 2363 3275 2406 ut
3308 2350 3580 2406 renuntia-

1991 2488 2097 2526 rem
2127 2468 2276 2523 cordi
2304 2480 2416 2518 meo
2444 2464 2499 2517 in
2524 2461 2668 2513 omni
2696 2455 2899 2518 labore,
2926 2469 3027 2522 qna
3054 2446 3297 2503 laboravi
3327 2444 3419 2498 sub
3450 2443 3579 2503 sole,

1992 2565 2117 2634 quia
2144 2571 2219 2615 est
2246 2560 2399 2611 homo
2429 2595 2444 2618 ,
2476 2553 2603 2623 quia
2634 2550 2789 2603 labor
2816 2546 2929 2615 ejus
2957 2545 3009 2597 in
3041 2539 3302 2609 sapientia
3328 2546 3375 2589 et
3409 2536 3462 2587 in
3498 2550 3583 2586 σο-

1995 2656 2228 2728 gnitione
2256 2660 2304 2705 et
2334 2650 2392 2702 in
2414 2648 2608 2701 virtute
2635 2659 2652 2706 ;
2687 2650 2737 2695 et
2767 2641 2944 2701 homo,
2977 2636 3072 2706 qui
3097 2649 3198 2686 non
3229 2627 3495 2684 laboravit
3527 2625 3584 2678 in

1993 2767 2074 2818 eo,
2104 2747 2251 2801 dabit
2280 2742 2364 2798 illi
2386 2749 2595 2812 partem
2620 2750 2775 2790 suam
2808 2731 2943 2805 (9i).

2070 2922 2402 2981 Conditione
2426 2929 2699 2989 perpensa
2736 2926 2917 2967 rerum
2950 2922 3139 2963 earum
3160 2944 3176 2970 ,
3229 2918 3351 2974 qum
3379 2901 3450 2956 ab
3486 2900 3590 2955 ho-

2005 3017 2250 3073 minibus
2294 3018 2593 3084 geruntur,
2626 3019 2860 3075 quaeque
2910 3001 3021 3071 60
3071 2996 3413 3057 inhonestis,
3450 3005 3595 3061 sape

310 3082 417 3108 των
441 3082 805 3126 τιμωιμαιων,
826 3082 1211 3115 κεκινηκυηη
1249 3082 1449 3106 “rm--.
1481 3082 1572 3086 η-.-
1604 3082 1617 3085 τ
1886 3082 1899 3088 _

310 3145 575 3207 πολλάκις
618 3138 1001 3211 παρεξετάσας
1037 3135 1139 3204 τὴν
1184 3130 1369 3201 φύσιν,
1402 3127 1498 3182 καὶ
1528 3125 1626 3197 τὴν
1673 3123 1899 3178 ἄτακτον

2009 3116 2064 3163 et
2092 3103 2339 3161 honestis
2384 3098 2713 3168 contingunt
2742 3134 2756 3158 ,
2806 3102 2919 3145 tum
2950 3088 3303 3144 considerata
3332 3099 3455 3138 cum
3479 3082 3598 3136 ani-

2485 3206 2577 3211 ~---
2611 3189 2883 3211 ιι--Α---η-
2931 3196 3052 3211 mm.
3086 3179 3238 3211 ..ηιιη
3274 3178 3468 3211 ωηιξη..
3503 3183 3595 3211 θη,

312 3240 413 3295 καὶ
464 3236 584 3291 κατ’
635 3231 891 3303 οὐδεμίαν
926 3224 1252 3283 ἀκολουθίαν
1292 3220 1389 3275 τοῦ
1425 3217 1660 3272 πλούτου
1720 3228 1907 3282 παρα-

314 3332 545 3403 πομπὴν
604 3327 705 3399 τὴν
753 3324 891 3395 πρὸς
939 3319 1162 3391 ἑτέρους
1208 3313 1577 3387 χρυσομανεῖς
1630 3308 1727 3362 καὶ
1788 3322 1909 3374 φει-

313 3397 544 3486 δωλοὺς,
591 3421 639 3473 εί
663 3397 778 3471 καὶ
803 3413 1077 3474 κιναίδους
1121 3408 1216 3462 καὶ
1254 3408 1376 3467 ταῖς
1403 3403 1503 3473 τῆς
1548 3399 1751 3471 σαρκὸς
1784 3397 1911 3449 ὲπι-

332 3514 557 3585 θυμίαις
586 3504 1016 3577 δεδουλωμένους
1041 3503 1109 3572 τῇ
1146 3496 1358 3567 διανοίᾳ
1396 3490 1778 3552 κατοπτεύσας
1817 3488 1912 3540 καὶ

232 3620 233 3623 ‘
316 3578 609 3674 διαγνοὺς,
659 3598 865 3667 ἀγαθὸν
900 3593 1259 3664 παράδειγμα
1301 3585 1519 3655 τίθησιν
1566 3580 1760 3635 ἑαυτὸν
1798 3578 1913 3638 τοῖς

324 3670 811 3771 μεταγενεστέροις
866 3684 1209 3745 ἀλλοιώσεως
1252 3678 1355 3748 τῆς
1400 3675 1539 3747 πρὸς
1577 3674 1648 3726 τὰ
1679 3670 1915 3743 κρείττω

322 3762 420 3844 καὶ
470 3762 773 3857 μεταϐολῆς
825 3777 1110 3850 βελτίστης
1157 3771 1254 3826 καὶ
1301 3765 1786 3835 λυσιτελεστάτης·
1828 3762 1917 3815 ἵνα

322 3883 392 3951 τῇ
424 3853 560 3949 πρὸς
606 3872 771 3929 αὑτὸν
806 3871 1040 3942 μιμήσει
1082 3866 1176 3917 καὶ
1204 3861 1409 3923 πάντες
1443 3858 1594 3913 ἄλλοι
1642 3856 1743 3926 τῆς
1780 3853 1918 3916 ίδίας

327 3948 593 4031 άῦουλίας
643 3966 740 4019 καὶ
788 3956 1237 4032 πονηροπραξίας
1286 3948 1733 4018 κατεγνωκότες.
1793 3948 1917 3998 ὲπι-

329 4062 638 4135 στρέψωσιν
686 4056 795 4112 ἀπὸ
824 4055 926 4123 τῆς
956 4051 1093 4123 πρὸς
1138 4048 1209 4102 τὰ
1258 4046 1429 4119 χείρω
1455 4042 1919 4111 κατολισθήσεως,

330 4130 429 4208 καλ
453 4130 552 4223 τὴν
576 4149 712 4204 ἰδίαν
742 4146 886 4217 ζωὴν
913 4140 1354 4197 ἀνακαλέσωνται
1381 4137 1481 4207 τῆς
1502 4133 1638 4205 πρὸς
1664 4132 1735 4185 τὰ
1752 4130 1922 4202 χείρω

337 4245 546 4318 ῥοπῆςο
583 4242 717 4312 φησὶ
739 4240 848 4308 γάρ
875 4252 889 4267 ο
928 4256 945 4288 ι
991 4236 1099 4289 Καὶ
1139 4228 1453 4301 ἐπέστρεψα
1499 4225 1612 4295 ἐγὼ
1648 4222 1743 4277 τοῦ
1783 4224 1924 4275 ἀπο-

334 4308 607 4399 τάξασθαι
633 4308 703 4403 τῇ
737 4328 939 4400 καρδίᾳ
973 4343 1074 4398 μου
1119 4325 1213 4376 ἐπὶ
1264 4322 1431 4376 παντὶ
1468 4317 1673 4391 μόχθῳ,
1702 4308 1747 4382 ᾧ
1793 4312 1924 4384 ἐμό-

336 4429 517 4500 χθησα
553 4425 656 4478 ὑπὸ
681 4422 773 4476 τὸν
801 4421 973 4490 ἥλιον,
1009 4420 1090 4471 ὅτι
1119 4415 1265 4469 ἔστιν
1294 4411 1601 4483 ἄνθρωπος,
1632 4408 1717 4460 ὅτι
1767 4407 1795 4458 ὁ
1831 4403 1926 4474 μό-

2011 3217 2100 3256 mo
2120 3213 2221 3254 suo
2252 3193 2583 3265 cognitaque
2611 3189 2909 3247 bonorum,
2930 3196 3052 3253 qua:
3086 3179 3238 3235 nullo
3274 3178 3469 3232 ordine
3502 3183 3598 3229 ant

2010 3292 2221 3348 delectu
2254 3288 2311 3342 fit
2338 3328 2353 3353 ,
2382 3279 2805 3341 transmissione
2836 3275 2903 3330 ad
2933 3275 3073 3328 alios
3094 3314 3109 3338 ,
3140 3272 3231 3342 qui
3263 3268 3382 3323 auri
3413 3280 3601 3321 amore

2012 3382 2230 3441 insani,
2276 3379 2373 3449 qui
2404 3372 2613 3431 sordidi
2658 3378 2823 3433 sunt,
2858 3367 2942 3421 vel
2978 3365 3140 3419 etiam
3194 3361 3403 3432 pudore
3451 3356 3603 3411 nullo

2012 3473 2275 3547 praediti,
2343 3468 2702 3538 corporisque
2774 3458 3167 3530 cupiditatibus
3228 3453 3439 3525 jamdiu
3502 3451 3602 3503 de-

2012 3566 2150 3632 diti;
2203 3561 2525 3634 praeclarum
2592 3558 2647 3611 in
2720 3568 2780 3607 se
2838 3552 2960 3620 ipso
3006 3545 3315 3617 exemplum
3374 3541 3606 3612 posteris

2014 3657 2273 3729 proponit
2325 3649 2650 3707 mutationis
2703 3640 3193 3707 conversionisque
3251 3637 3319 3690 ad
3380 3633 3606 3687 meliora

2017 3727 2238 3821 optima:
2266 3746 2428 3817 plane
2461 3752 2627 3811 atque
2659 3737 2968 3792 utilissimze
2995 3751 3008 3786 :
3039 3746 3150 3801 quo
3176 3727 3358 3783 caeteri
3389 3737 3610 3794 quoque

2019 3856 2211 3898 omnes
2240 3855 2308 3895 ex
2333 3835 2645 3891 imitatione
2678 3830 2799 3900 ejus
2830 3827 3192 3882 temeritatem
3224 3836 3378 3875 suam
3412 3817 3607 3888 nequi-

2021 3934 2261 4000 tiamque
2282 3925 2489 3998 perosi,
2519 3922 2668 3987 inde,
2696 3934 2807 3989 quo
2835 3920 3023 3989 pejora
3055 3921 3330 3969 sectantes
3361 3906 3610 3979 prolapsi

2022 4036 2169 4089 sunt,
2204 4023 2393 4094 pedem
2429 4018 2508 4073 sic
2536 4014 2799 4076 referant,
2832 4021 2892 4064 ut
2922 4019 3165 4065 veterem
3196 4006 3320 4059 vita:
3348 4017 3461 4056 suae
3483 4016 3614 4070 pro-

2024 4120 2339 4191 pensionem
2391 4113 2447 4166 in
2503 4108 2699 4164 melius
2748 4103 3050 4159 reﬂectant.
3102 4098 3191 4153 Ait
3232 4095 3425 4150 enim:
3484 4111 3502 4143 ι
3549 4090 3617 4143 Et

2025 4225 2326 4269 conversus
2372 4221 2495 4261 sum
2541 4217 2679 4273 ego,
2740 4208 2801 4253 ut
2858 4192 3236 4250 renuntiarent
3291 4185 3443 4242 cordi
3494 4199 3618 4237 meo

2027 4306 2081 4358 in
2127 4302 2276 4357 omni
2321 4298 2540 4361 labore,
2581 4306 2691 4363 quo
2738 4286 2989 4344 laboravi
3039 4284 3143 4338 sub
3181 4280 3339 4342 sole,
3385 4278 3514 4346 quia
3538 4283 3622 4328 est

2031 4397 2219 4459 homo,
2254 4392 2383 4462 quia
2413 4388 2568 4442 labor
2594 4385 2714 4454 ejus
2746 4382 2801 4436 in
2837 4376 3107 4448 sapientia
3138 4381 3193 4427 et
3225 4374 3279 4425 in
3307 4366 3624 4439 cognitiOne

340 4458 517 4500 χιιιδυυ.
554 4458 656 4478 um:
692 4458 772 4476 bur
809 4458 973 4490 ιμηνι,
1010 4458 1090 4471 ν..
1120 4458 1259 4469 --.η
1294 4458 1601 4483 ..,Ἷ.ν,--,,,
1642 4458 1653 4460 _
1831 4458 1843 4474 .

340 4520 468 4591 χθος
498 4515 665 4572 αὐτοῦ
697 4516 754 4566 ὲν
786 4511 949 4581 σοφίᾳ
975 4510 1069 4561 καὶ
1104 4509 1161 4560 ὲν
1194 4506 1395 4574 γνώσει
1436 4501 1533 4555 καὶ
1560 4496 1805 4568 ἀνδρείᾳ,
1827 4511 1899 4547 κα

2032 4498 2087 4545 et
2115 4489 2351 4550 virtute;
2402 4491 2457 4536 et
2490 4480 2654 4535 homo
2691 4476 2785 4545 qui
2811 4488 2920 4529 non
2958 4466 3234 4523 laboravit
3263 4465 3319 4517 in
3345 4477 3442 4519 eo.
3474 4458 3625 4512 dabit

2029 4579 2105 4591 °”‘
2246 4585 2257 4591 ι
2404 4586 2549 4591 κεν-ψ
2611 4589 2622 4591 -
2687 4565 2760 4591 Ii‘-
2808 4563 2993 4591 -..:...n
3076 4557 3253 4591 ἶηηηῖί
3349 4569 3411 4591 an
3444 4552 3625 4591 “hunc

342 4588 652 4684 ἀνθρωπος,
680 4608 738 4671 ὂς
776 4606 876 4660 οὐκ
910 4602 1215 4673 ἐμόχθησεν
1248 4596 1419 4667 αὐτῷ,
1450 4593 1610 4648 δώσει
1645 4588 1796 4659 αὐτῷ
1829 4605 1929 4658 με·-

347 4682 469 4780 ρίδα
500 4700 688 4759 αὑτοῦ.
731 4719 749 4752 ›
799 4696 933 4754 Ἀπὸ
962 4695 1192 4766 καρδίας
1222 4692 1316 4745 καὶ
1357 4687 1652 4749 διαθέσεως
1696 4682 1931 4753 ἀληθοῦς

347 4774 683 4867 ἐπέστρεψα,
709 4791 864 4862 φησὶ,
890 4786 1056 4842 παντὶ
1081 4784 1159 4855 τῷ
1182 4778 1572 4853 προσγεγονότι
1597 4795 1687 4847 μοι
1717 4774 1935 4845 πλούτῳ

348 4891 438 4944 διὰ
469 4886 682 4942 πολλῶν
716 4883 932 4954 μόχθων
957 4880 1053 4933 καὶ
1078 4878 1264 4932 κόπων
1290 4874 1385 4927 καὶ
1404 4869 1813 4944 περισπασμῶν
1837 4867 1934 4920 καὶ⁹

353 4979 654 5052 φροντίδων
687 4976 902 5047 χαίρειν
927 4974 1105 5026 εἰπεῖν
1140 4969 1235 5024 καὶ
1261 4963 1649 5036 διασκορπίσαι
1680 4962 1775 5015 καλ⁸
1819 4960 1937 5013 δια-

355 5074 542 5143 νεῖμαι
574 5072 687 5133 τοῖς
709 5066 936 5121 ὲνδεέσι.
963 5064 1040 5117 Δι’
1067 5066 1133 5135 ἢν
1175 5061 1392 5123 αἰτίαν;
1423 5058 1548 5111 Ὀτι
1586 5055 1696 5115 πᾶς
1726 5051 1941 5122 ἄνθρω-

357 5184 483 5232 πος,
519 5161 708 5232 φησὶν,
750 5160 780 5213 ὁ
827 5157 1106 5229 βουληθεὶς
1142 5155 1236 5208 καὶ
1273 5150 1553 5223 μοχθήσας
1589 5144 1942 5216 συναθροῖσαι

359 5258 597 5313 πλούτου
627 5250 966 5324 περιουσίαν,
997 5250 1072 5313 ὡς
1108 5243 1526 5317 θαυμαστωθεὶς
1558 5242 1591 5313 ἢ
1623 5240 1714 5293 διὰ
1742 5238 1945 5309 πλῆθος

363 5350 579 5419 σοφίας,
616 5320 738 5416 licet
786 5341 1095 5413 μεταρσίων
1131 5337 1505 5408 θεωρημάτων
1539 5332 1819 5403 ἀκρότητα
1853 5329 1948 5381 καὶ
2049 5320 2292 5390 magnitu

362 5414 571 5509 γνῶσιν
616 5414 777 5490 θείων
810 5434 906 5486 καὶ
949 5430 1308 5501 ἀνθρωπίνων
1360 5425 1729 5496 πραγμάτων,
1774 5420 1808 5491 ἢ
1860 5418 1950 5472 διὰ
2052 5414 2303 5469 divinaru

2029 4579 2107 4634 illi
2144 4585 2351 4647 partem
2398 4586 2578 4628 suam.
2609 4589 2628 4620 ›
2684 4565 2763 4620 Ex
2807 4563 3033 4627 animo,
3076 4557 3299 4628 inquit.
3349 4569 3413 4607 ac
3444 4552 3625 4605 libens

2031 4673 2333 4739 volensque
2360 4668 2415 4721 in
2447 4680 2568 4719 eam
2599 4657 3053 4717 deliberationem
3089 4652 3211 4707 veni
3238 4690 3254 4715 ,
3297 4658 3356 4702 ut
3384 4632 3625 4707 divitiis,

2034 4779 2171 4837 quas
2199 4762 2382 4815 labore
2405 4757 2575 4811 multo
2596 4764 2652 4809 et
2678 4751 2931 4807 molestia
2958 4759 3011 4802 et
3031 4743 3388 4802 contentione
3415 4747 3469 4793 et
3496 4751 3630 4792 cura

2037 4863 2382 4925 comparatas
2415 4850 2686 4905 habebam
2707 4887 2722 4909 ,
2758 4841 3034 4900 universis
3068 4837 3432 4891 valedicerem
3460 4871 3475 4896 ,
3518 4846 3635 4883 eas-

2039 4967 2146 5024 que
2186 4949 2241 5003 in
2283 4944 2563 5018 egentium
2610 4954 2778 5009 opera
2827 4934 3156 4990 distributas
3218 4921 3634 4996 profunderent.

2042 5047 2216 5111 Quam
2250 5041 2319 5096 ob
2341 5035 2612 5093 causam?
2653 5031 2793 5098 Quia
2824 5026 3025 5086 omnis,
3071 5021 3283 5090 inquit,
3310 5017 3476 5070 homo
3498 5052 3513 5077 ,
3542 5012 3638 5082 qni

2044 5150 2266 5206 operam
2299 5144 2457 5186 suam
2489 5126 2704 5194 magnis
2738 5121 2795 5174 in
2856 5116 3054 5186 opibus
3123 5104 3481 5179 congerendis
3544 5119 3643 5172 po-

2048 5244 2178 5283 nere
2210 5224 2442 5286 maluit,
2468 5231 2633 5289 quam
2661 5209 3017 5267 admirandus
3060 5203 3177 5259 fieri
3224 5200 3309 5253 vel
3360 5195 3646 5265 sapientiae

2297 5316 2440 5377 dine,
2476 5287 2800 5375 summaque
2830 5298 3147 5356 sublimium
3186 5287 3547 5358 intelligentia
3581 5302 3643 5339 ac

2311 5425 2362 5463 m
2405 5407 2889 5464 humanarumque
2935 5404 3118 5445 rerum
3166 5384 3513 5455 cognitione,
3555 5375 3643 5431 vel

374 5486 562 5509 ιη’-ν
625 5486 767 5490 ’τέ-π
1055 5486 1066 5501 ι
1408 5486 1419 5496 .
1488 5486 1530 5495 ..
1796 5486 1808 5491 -

366 5530 675 5605 πολεμικὴν
699 5526 972 5597 ἀνδρείαν,
1004 5523 1037 5592 ἢ
1062 5524 1163 5592 τὴν
1193 5520 1336 5574 κατά
1361 5519 1470 5572 τῶν
1495 5514 1811 5586 ἀλλοφύλων
1855 5530 1899 5563 κ‹

2053 5506 2247 5561 bellica
2286 5501 2486 5553 virtute
2514 5511 2577 5548 ac
2606 5486 2923 5546 fortitudine
2966 5492 3157 5536 contra
3192 5486 3485 5532 extraneos
3517 5487 3643 5527 cor-

2160 5599 2169 5605 -
2284 5595 2294 5605 -
2494 5590 2503 5599 -
2526 5604 2533 5605 κ
2557 5604 2567 5605 κ
2630 5584 2709 5605 ---ι
2745 5579 2922 5605 ..Μιαρ-
2951 5583 3136 5605 anno...
3168 5573 3428 5605 :mmnmn
3462 5563 3636 5605 .lnmi.

372 5563 674 5605 πυΛιμυιιιν
699 5563 972 5597 *ηυντ-ινιτ,
1010 5563 1037 5592 ιι
1074 5563 1158 5592 -ιιν
1195 5563 1336 5574 ’νυ-η-
1371 5563 1463 5572 -..η
1495 5563 1801 5586 ...πηγῇ---ν

372 5622 707 5696 σωματικῶν
749 5617 1082 5680 ἀντιπάλων,
1130 5615 1163 5685 ἢ
1218 5614 1419 5685 μᾶλλον
1454 5614 1629 5666 εἰπεῖν
1676 5608 1775 5679 τὴν
1815 5623 1899 5660 κατ

2056 5599 2206 5671 poris
2231 5590 2596 5653 adversarios,
2630 5584 2713 5640 vel
2744 5579 2925 5663 potius
2950 5583 3139 5631 contra
3168 5573 3429 5641 impetum
3462 5563 3636 5620 domi-

449 5801 595 5871 (91)
647 5795 802 5868 Apud
1028 5864 1036 5871 _
1063 5794 1237 5863 leges,
1288 5792 1383 5843 τοῦ
1422 5786 1797 5871 ἀποτάξασθαι
1853 5784 1956 5869 riu:

878 5848 1145 5921 inferius"
1165 5848 1289 5920 tero
1308 5902 1323 5931 ,
1407 5862 1503 5917 καὶ
1554 5848 1839 5929 ἄνθρωπος
1867 5898 1882 5924 ,
1907 5848 1961 5925 ’ᾧ

381 5876 607 5946 καρδίαν
659 5886 829 5942 μου...

2065 5778 2165 5861 οῦκ
2208 5770 2512 5853 ἐμόχθησεν
2552 5767 2610 5820 ἐν
2672 5758 2890 5832 αὐτῷ...
2934 5753 3148 5826 Olymp.
3205 5750 3365 5805 δώσει
3449 5743 3643 5820 μερίδα

2069 5862 2257 5903 αυτου.
