4172 6566
568 394 673 464 831

1676 396 1742 457 S.
1784 394 2169 458 GREGORII
2208 388 2730 455 AGRIGENTINI

3792 379 3905 445 83:2

567 521 872 581 natumque
907 508 1353 579 turpissimarum
1397 506 1764 577 cupiditatum
1799 527 1814 564 :
1847 524 1973 565 cum
2007 508 2161 564 deni-

2290 503 2370 574 τῆς
2411 501 2838 561 ἐπαναστάσεως
2869 495 2966 551 καὶ
3010 494 3327 569 τυραννίδος
3356 495 3479 550 τῶν
3507 492 3621 562 τῆς
3672 491 3901 564 ἀτιμίας

567 620 678 672 que
734 603 803 657 ad
858 601 1108 657 ultimam
1164 600 1618 669 uberrimamque
1676 602 1861 656 omnis
1908 601 2168 655 humanae

2290 595 2499 651 παθῶν·
2548 591 2847 647 κάντεῦθεν
2885 592 3027 663 πρὸς
3076 590 3390 661 ὑπερτάτην
3441 588 3549 641 καὶ
3601 585 3902 641 πολυτελε-

567 695 956 767 prosperitatis
1005 694 1221 764 copiam
1269 706 1324 750 et
1370 694 1782 764 possessionem
1821 694 2167 764 pervenerit,

569 790 674 843 nisi
703 790 809 844 hoc
832 789 964 844 velit
997 796 1285 857 curetque.
1316 796 1375 841 ut
1394 802 1520 858 quae
1548 784 1644 842 Dei
1674 801 1903 841 munere
1932 786 2165 856 accepit,

568 883 788 938 miseris
821 881 1119 952 egenisque
1168 881 1319 951 large
1348 879 1537 935 ditatis
1561 920 1579 947 ,
1623 878 1733 934 Deo
1777 879 1974 935 iterum
2007 879 2171 933 retri-

572 974 821 1029 buantur
844 982 1011 1044 atque
1042 973 1325 1042 legentur;
1354 987 1429 1053 ac.
1445 973 1550 1028 nisi
1570 980 1779 1037 caveat,
1808 988 1876 1026 ne
1907 973 2022 1041 ipse
2042 970 2175 1025 divi-

571 1068 778 1121 tiarum
822 1082 1010 1122 amore
1041 1075 1272 1136 captus,
1301 1066 1523 1120 intactis
1569 1065 1769 1135 Opibus
1813 1079 1881 1118 ex
1924 1063 2027 1118 bac
2062 1063 2174 1118 vita

575 1157 865 1223 discedat;
900 1157 1038 1219 alter
1063 1157 1179 1227 jam
1220 1157 1385 1211 homo
1421 1155 1733 1210 invenietur
1757 1194 1773 1220 ,
1807 1154 1901 1223 qui
1930 1153 2175 1207 laborem

576 1248 909 1319 impenderit
950 1250 1164 1304 nullum
1192 1288 1208 1314 ,
1263 1248 1470 1302 nullam
1515 1247 1704 1304 tulerit
1735 1246 2045 1302 molestiam
2071 1287 2086 1311 ,
2122 1254 2178 1302 et

576 1358 784 1416 partem
817 1355 997 1400 tamen
1025 1345 1273 1399 laborum
1302 1343 1425 1413 ejus
1446 1351 1498 1398 et
1523 1342 1903 1397 molestiarum
1935 1338 2179 1395 fructum

578 1441 830 1510 recipiat.
872 1439 1028 1505 Quod
1055 1453 1155 1509 ego
1198 1436 1572 1493 miserrimum
1614 1445 1668 1491 et
1709 1450 1915 1507 magna:
1942 1434 2181 1489 infelici-

583 1536 715 1601 ratis
741 1533 1122 1603 plenissimum
1153 1545 1276 1587 esse
1311 1545 1437 1585 cum
1470 1545 1689 1585 mecum
1721 1530 1840 1600 ipse
1872 1526 2180 1596 reputando

582 1640 830 1689 nossem,
847 1624 1094 1678 animum
1119 1622 1311 1678 induxi
1332 1638 1538 1686 meum,
1557 1630 1615 1677 ut
1635 1621 1902 1677 mundum
1927 1620 2033 1692 61
2064 1619 2183 1675 uni-

583 1733 803 1773 versum
832 1729 887 1773 et
910 1718 1209 1772 amicitiam
1237 1724 1401 1788 atque
1429 1716 1719 1772 illecebras
1750 1715 1894 1787 ejus,
1926 1726 1983 1770 et
2010 1724 2179 1769 totam

585 1812 735 1867 illam
762 1812 1080 1867 divitiarum
1111 1811 1393 1867 cohortem
1434 1812 1595 1880 plane
1634 1810 1862 1881 repudia
1878 1825 1994 1865 rem
2021 1809 2135 1881 (92)
2164 1826 2180 1864 :

2274 688 2478 758 στάτην
2506 684 2602 741 καὶ
2634 684 2953 755 παντοδαπῆ
2982 684 3084 753 τῆς
3125 682 3404 752 κοσμικῆς
3454 678 3740 750 εὐπορίας
3773 680 3906 750 κτῆ-

2274 799 2360 835 σιν
2387 779 2704 850 γενόμενος,
2754 777 2804 831 εί
2847 776 2922 848 μὴ
2969 774 3260 847 βουληθείη
3308 774 3408 829 καὶ
3466 773 3786 826 σπουδάσει
3828 773 3905 838 ὡς

2274 869 2430 940 παρά
2472 868 2568 922 τοῦ
2618 865 2756 922 Θεοῦ
2811 866 2986 921 ταῦτα
3034 865 3421 937 κεχαρισμένα
3472 863 3583 917 καὶ
3634 862 3902 933 δεδομένα

2274 961 2441 1015 πάλιν
2488 960 2639 1032 αύτῷ
2685 960 3128 1034 προσαπονεῖμαι
3188 958 3283 1012 καὶ
3329 955 3904 1029 προσαποκληρῶσαι

2277 1054 2368 1109 διὰ
2395 1054 2497 1126 τῆς
2548 1053 2685 1124 πρὸς
2724 1053 2854 1117 τοὺς
2899 1052 3102 1115 ἐνδεεῖς
3142 1051 3238 1106 καί
3289 1049 3605 1121 δεομένους
3638 1048 3903 1118 δαψιλοῦς

2282 1150 2646 1221 μεταδόσεως,
2696 1148 2835 1203 ἀλλὰ
2883 1151 2950 1219 τῇ
2986 1147 3335 1219 προσπαθεία
3370 1146 3477 1200 τοῦ
3529 1144 3778 1199 πλούτου
3810 1163 3904 1199 κε-

2280 1241 2632 1312 κρατημένος
2662 1237 2853 1308 ἐξέλθῃ
2880 1238 2982 1308 τῆς
3011 1236 3298 1309 παρούσης
3325 1235 3509 1306 ζωῆς,
3540 1233 3643 1287 τὸν
3668 1232 3904 1286 πλοῦτον

2280 1333 2425 1388 οὕτω
2440 1330 2753 1387 καταλιπών
2774 1348 2787 1364 ·
2816 1329 2916 1385 ἀνθ
2924 1347 3108 1401 ρωπος
3139 1328 3301 1393 ἄλλος
3324 1326 3713 1400 εὑρεθήσεται
3736 1328 3903 1397 μηδὲν

2287 1427 2619 1500 μοχθήσαςῆ
2646 1423 3020 1490 κεκοπιακὼς,
3037 1424 3131 1478 καὶ
3148 1422 3381 1494 λήψεται
3409 1422 3525 1493 τὴν
3549 1421 3759 1491 μερίδα
3791 1420 3903 1477 τῶν

2286 1521 2497 1575 ἐκείνου
2536 1521 2722 1573 κόπων
2757 1520 2853 1573 καὶ
2884 1516 3123 1589 μόχθων.
3160 1516 3339 1587 ὐπερ
3372 1514 3767 1568 ἐλεεινότατον
3806 1515 3898 1570 καὶ

2284 1613 2489 1684 πολλῆς
2539 1611 2859 1681 ἀθλιότητος
2912 1611 3123 1682 πλῆρες
3162 1609 3412 1681 ὑπάρχον
3467 1608 3751 1679 ἐννοήσας
3791 1606 3900 1678 ἐγὼ

2286 1705 2382 1759 καὶ
2432 1704 2706 1774 διαγνοὺς,
2756 1702 3090 1776 ἐπέστρεψα,
3150 1702 3304 1774 φησὶ,
3352 1698 3454 1755 τοῦ
3511 1699 3897 1763 ἀποτάξασθαι

2287 1798 2455 1853 παντὶ
2483 1798 2563 1870 τῷ
2601 1797 2794 1867 κόσμῳ
2833 1798 2930 1851 καὶ
2953 1800 3022 1868 τῇ
3067 1795 3222 1867 φιλία
3253 1795 3350 1849 καὶ
3389 1793 3767 1865 προσπαθεία
3806 1793 3898 1846 τοῦ

584 1905 991 1974 consiliumque
1017 1904 1135 1974 cepi
1160 1942 1177 1968 ,
1206 1903 1345 1959 nihil
1382 1903 1617 1974 posthac
1642 1903 1710 1959 de
1738 1904 1935 1975 opibus
1968 1918 2170 1974 conge-

2290 1894 2491 1965 ιιόσμου
2536 1894 2632 1947 καὶ
2680 1894 2885 1956 πάσαις
2928 1893 3053 1953 ταῖς
3097 1890 3206 1943 ἀπὸ
3235 1888 3333 1943 τοῦ
3382 1888 3636 1942 πλούτου
3670 1887 3897 1959 δορυφο-

586 1998 771 2053 rendis
796 1999 1066 2062 laborare,
1094 2012 1236 2068 quas
1261 1998 1370 2052 hoc
1401 1998 1504 2051 sub
1540 1998 1658 2053 sole
1691 1998 1855 2053 linem
1886 1998 2175 2053 habituras

587 2092 731 2146 tinea
764 2105 981 2161 quoque
1022 2100 1076 2145 et
1123 2089 1271 2145 fures
1321 2087 1589 2143 eﬂ‘odiunt
1630 2097 1795 2160 atque.
1836 2089 2173 2161 compilant;

586 2195 644 2239 at
679 2200 774 2241 eos
808 2192 996 2240 contra
1024 2185 1316 2240 thesauros
1360 2182 1416 2236 in
1450 2184 1648 2237 canum
1680 2185 2047 2253 prmmittere,
2084 2184 2178 2253 qui

585 2279 777 2334 aeterni
810 2276 981 2333 futuri
1012 2288 1162 2334 sunt.
1204 2275 1554 2348 Quapropter
1584 2277 1827 2348 adjecit:

2286 1985 2429 2059 ρίαις
2481 1984 2593 2037 ἀπὸ
2638 1983 2890 2054 καρδίας,
2950 1981 3047 2033 καὶ
3099 1980 3293 2051 μηκέτι
3346 1978 3582 2050 μοχθεῖν
3625 1977 3726 2030 τοῦ
3775 1995 3899 2030 συν-

2280 2076 2561 2150 αθροίζειν
2579 2076 2809 2131 πλοῦτον
2828 2075 2918 2128 τὸν
2947 2074 3053 2127 ὑπὸ
3077 2072 3268 2127 τοῦτον
3293 2071 3569 2125 τελοῦντα
3586 2072 3684 2123 τὸν
3713 2071 3862 2141 ἥλιον
3877 2083 3895 2102 ⁶

2280 2170 2418 2224 ὅπου
2447 2169 2546 2240 σὴς
2578 2169 2672 2223 καὶ
2698 2168 2930 2221 κλέπται
2978 2164 3328 2236 διορύσσουσι
3366 2163 3469 2216 καὶ
3521 2161 3893 2215 κλέπτουσιν·

2280 2260 2419 2315 ἀλλά
2447 2258 2802 2329 θησαυρίζειν
2852 2255 3167 2327 θησαυροὺς
3202 2251 3461 2317 αἰωνίους
3508 2252 3573 2304 ὲν
3609 2250 3892 2321 οὐρανοῖς·

2289 2352 2489 2424 ἀμέλει
2517 2351 2697 2405 τοίνυν
2729 2351 2977 2421 ἐπήγαγε
3010 2363 3024 2378 ⁸

2165 2485 2291 2560 5X.

661 2571 731 2627 Et
760 2572 972 2644 quidem
999 2570 1096 2626 Itoc
1130 2572 1344 2627 vanitas
1371 2582 1421 2628 et
1455 2574 1698 2644 nequitia
1728 2591 1925 2646 magna
1968 2576 2107 2650 (95).

661 2664 720 2721 Si
760 2669 884 2736 quis
926 2665 1140 2720 scilicet
1182 2681 1278 2736 per
1310 2665 1526 2722 labores
1552 2706 1567 2729 ,
1612 2682 1778 2723 curas
1802 2709 1818 2734 ,
1860 2670 2180 2736 molestias,

589 2757 774 2811 omnis
800 2756 1035 2826 denique
1059 2756 1275 2826 generis
1303 2756 1742 2812 machinationes
1768 2756 2012 2813 amuenti
2041 2759 2184 2814 divi-

590 2847 796 2903 tiarum
827 2847 985 2915 COpia
1039 2847 1244 2917 potitus
1285 2847 1408 2902 sit:
1459 2863 1559 2903 nec
1611 2857 1795 2902 tamen
1834 2847 2039 2917 cogitet
2086 2858 2186 2905 aut

592 2939 882 3011 intelligat,
907 2955 1072 3011 quam
1102 2940 1307 2995 utiliter
1331 2941 1415 2996 ha:
1443 2940 1847 2996 distribuantur
1868 2956 1933 2997 ac
1959 2942 2186 3014 dispen-

593 3042 808 3097 sentur,
838 3049 964 3090 cum
996 3034 1284 3103 egentibus
1315 3049 1378 3090 ac
1403 3035 1672 3090 mendicis
1696 3034 1931 3107 benigne
1960 3036 2185 3104 habitis,

595 3124 709 3181 Deo
736 3125 938 3180 dantur
960 3124 1307 3193 fenori,Deo,
1342 3127 1588 3197 inquam,
1612 3127 1705 3198 qui
1738 3128 1909 3185 multo
1939 3130 2189 3185 auctiora

596 3224 826 3280 reddere
860 3224 1086 3294 praemia
1139 3225 1347 3295 possit;
1385 3226 1575 3296 itaque
1616 3226 1683 3281 iis
1739 3240 1962 3282 servare
2002 3236 2192 3299 pergat

596 3333 739 3389 quos
786 3334 964 3389 neque
1015 3319 1087 3374 ob
1141 3319 1466 3389 sapientiam
1521 3328 1616 3374 aut
1649 3319 1963 3386 scientiam,
2013 3335 2191 3391 neque

598 3412 672 3466 ob
732 3409 1111 3466 fortitudinem
1166 3420 1263 3466 aut
1324 3426 1712 3481 quamcunque
1759 3410 1922 3466 aliam
1973 3411 2192 3468 virtutis

601 3505 819 3560 laudem
849 3504 993 3560 ullus
1034 3504 1348 3559 exercuerit
1390 3503 1585 3558 labor:
1617 3504 1721 3559 hoc
1753 3519 1920 3570 vero,
1966 3504 2190 3575 inquit,

606 3618 626 3649 ι
667 3597 891 3653 Vanitas
919 3607 1004 3653 est
1029 3608 1084 3653 et
1123 3597 1371 3668 nequitia
1402 3613 1600 3670 magna
1635 3616 1654 3650 ι
1692 3597 1761 3653 iis
1788 3612 1983 3668 nempe
2013 3597 2196 3653 homi-

602 3690 789 3753 nibus,
825 3690 917 3761 qui
949 3690 1074 3745 vitae
1106 3704 1221 3745 suae
1262 3703 1352 3745 res
1384 3688 1465 3745 sic
1494 3689 1924 3755 administrant;
1968 3704 2091 3746 cum
2124 3691 2196 3746 ob

605 3786 659 3841 id
697 3786 872 3855 ipsum
908 3786 1175 3855 majorem
1202 3785 1309 3840 illis
1339 3800 1559 3855 poenam
1592 3793 1647 3841 et
1678 3785 2192 3841 condemnationem

605 3873 879 3945 importet.
916 3874 1101 3941 Quare
1140 3885 1193 3931 et
1227 3860 1437 3932 addidit
1470 3894 1484 3931 :

2359 2588 2474 2642 Kal
2508 2604 2576 2658 γε
2608 2584 2787 2640 τοῦτο
2811 2584 3165 2654 ματαιότης,
3201 2580 3302 2636 καί
3330 2580 3606 2650 πονηρία
3633 2578 3893 2650 μεγάλη.

2358 2681 2614 2747 Δηλονότι
2648 2682 2708 2735 τὸ
2740 2680 2878 2752 μετὰ
2914 2680 3013 2749 τὴν
3075 2678 3424 2751 συνάθροισιν
3452 2676 3559 2749 τὴν
3600 2678 3663 2730 ἐν
3704 2677 3891 2739 κόποις

2290 2772 2389 2827 καὶ
2431 2772 2653 2845 μόχθοις
2695 2773 2789 2826 καὶ
2837 2771 3164 2841 κακουχίαις
3208 2772 3303 2824 καὶ
3338 2770 3730 2833 παντοδαπαῖς
3773 2772 3893 2822 ἐπι-

2292 2864 2466 2928 νοίαις
2509 2865 2611 2935 τῆς
2656 2863 2802 2919 κατὰ
2841 2864 2934 2917 τὸν
2981 2863 3210 2917 πλοῦτον
3247 2862 3597 2933 περιουσίας,
3635 2861 3714 2931 μὴ
3765 2877 3892 2931 φρο-

2291 2959 2456 3030 νῆσαι
2499 2959 2596 3012 καὶ
2625 2958 2855 3029 συνῆσαι
2900 2956 3002 3030 τὴν
3045 2956 3371 3027 ὀνησιφόρον
3414 2952 3692 3024 διανομὴν
3731 2951 3891 3005 αὑτοῦ

2293 3028 2391 3107 καὶ
2431 3050 2722 3121 διοίκησιν.
2750 3028 2871 3101 καὶ
2918 3028 3162 3101 δανεῖσαι
3208 3047 3287 3117 τῷ
3328 3045 3448 3117 θεῷ
3485 3045 3582 3100 διὰ
3610 3044 3715 3116 τῆς
3761 3043 3891 3115 πρὸς

2293 3142 2421 3206 τοὺς
2449 3140 2648 3205 ἐνδεεῖς
2679 3142 2774 3195 καὶ
2802 3142 3186 3211 πτωχεύοντας
3218 3139 3474 3208 δαψιλοῦς
3518 3136 3890 3209 ἐλεημοσύνης

2294 3235 2371 3306 τῷ
2404 3233 2687 3305 δυναμένῳ
2736 3232 3177 3297 πολλαπλασίους
3223 3231 3537 3287 ἀντιδοῦναι
3587 3233 3690 3295 τὰς
3737 3232 3889 3301 ἀμοι-

2296 3326 2399 3391 ϐάς
2422 3343 2436 3357 ·
2484 3324 2621 3379 ἀλλά
2666 3323 3031 3396 ταμιεύεσθαι
3063 3324 3253 3379 τοῦτον
3294 3327 3407 3389 τοῖς
3442 3324 3620 3396 μηδὲν
3659 3338 3892 3389 πεπονη-

2298 3420 2452 3474 κόσιν
2496 3421 2556 3473 ἐν
2614 3418 2780 3490 σοφία
2833 3418 2930 3471 καὶ
2976 3416 3180 3487 γνώσει
3229 3417 3325 3471 καὶ
3370 3417 3602 3488 ἀνδρείᾳ
3644 3416 3741 3469 καὶ
3780 3414 3891 3476 τοῖς

2296 3510 2482 3576 ἄλλοις
2503 3509 2614 3564 τῶν
2640 3509 2855 3581 ἀρετῶν
2878 3509 3261 3582 προτερήμασι
3285 3524 3300 3540 ⁸
3320 3508 3504 3576 τοῦτο,
3529 3507 3687 3579 φησὶ,
3719 3523 3739 3558 ι
3770 3505 3887 3559 Μα-

2296 3603 2518 3673 ταιότης
2564 3602 2661 3656 καὶ
2706 3603 2942 3675 πονηρία
2999 3602 3209 3677 μεγάλη
3263 3601 3552 3671 ι¹πέφυκε
3589 3602 3708 3664 τοῖς
3753 3597 3888 3651 οὕτω

2296 3695 2594 3750 διοικοῦσιν
2636 3695 2953 3767 ἀνθρώποις
3000 3693 3071 3749 τά
3110 3694 3254 3749 κατά
3284 3694 3376 3749 τὸν
3422 3694 3556 3748 ίδιον
3607 3692 3756 3764 βίον·
3798 3689 3887 3743 καὶ

2296 3786 2386 3842 διά
2428 3786 2587 3840 τοῦτο
2629 3787 2724 3839 καί
2754 3788 3061 3857 καταδίκης
3103 3788 3199 3840 καὶ
3227 3786 3616 3858 κατακρίσεως
3647 3783 3883 3856 μείζονος

2297 3878 2614 3950 εὑρίσκεται
2646 3878 2928 3950 πρόξενος.
2960 3881 3052 3934 Διὸ
3084 3880 3180 3934 καὶ
3208 3878 3460 3950 ἐπήγαγε
3488 3878 3749 3949 φάσκων·

2159 4053 2188 4130 5
2224 4053 2321 4113 χι.

685 4174 847 4228 Vens.
887 4173 995 4239 2%,
1035 4175 1126 4230 2'5.
1174 4175 1441 4242 Quoniam
1485 4178 1547 4247 ﬁt
1594 4177 1650 4233 in
1694 4178 1902 4235 homine
1947 4179 2005 4234 in
2048 4195 2193 4234 omni

611 4268 793 4322 labore
822 4285 919 4323 suo
951 4277 999 4322 et
1028 4268 1083 4321 in
1114 4269 1388 4325 voluntate
1418 4271 1595 4325 cordis
1622 4272 1729 4336 sui,
1766 4289 1871 4342 quo
1902 4274 2016 4343 ipse
2043 4271 2196 4327 labo-

612 4369 700 4415 rat
729 4364 823 4415 sub
853 4360 1004 4426 sole;
1048 4362 1172 4431 quia
1209 4379 1387 4417 omnes
1432 4362 1544 4417 dies
1579 4362 1695 4431 ejus
1729 4363 1973 4418 dolorum
2006 4374 2056 4418 et
2084 4366 2196 4418 ira-

612 4453 821 4509 eundiw
849 4454 1098 4508 distentio
1119 4454 1254 4524 ejus.
1289 4452 1393 4509 Sed
1418 4463 1466 4508 et
1491 4454 1587 4508 hoc
1610 4452 1818 4509 vanitas
1847 4464 1926 4510 est
1962 4454 2099 4527 (94).

2369 4176 2495 4232 Ὅτι
2552 4177 2781 4248 γίνεται
2839 4174 2923 4244 τῷ
2981 4175 3277 4246 ἀνθρώπῳ
3332 4177 3403 4231 ἐν
3451 4174 3637 4229 παντὶ
3686 4172 3881 4243 μόχθῳ

2298 4268 2511 4335 αὑτοῦ,
2541 4268 2641 4324 καὶ
2690 4269 2761 4323 ἐν
2803 4269 2879 4337 τῇ
2926 4267 3271 4339 προαιρέσει
3304 4267 3559 4337 καρδίας
3608 4264 3810 4324 αὑτοῦ.
3836 4254 3882 4325 ᾧ

2302 4362 2489 4429 αὐτὸς
2512 4362 2733 4431 μοχθεῖ
2758 4361 2879 4416 ὑπὸ
2922 4361 3031 4415 τὸν
3060 4361 3273 4431 ἢλιονυ
3312 4359 3402 4413 ὅτι
3431 4357 3627 4421 πᾶσαι
3658 4357 3718 4408 al
3747 4351 3879 4422 ἡμέ-

2306 4470 2403 4517 ραι
2448 4455 2638 4509 αὑτοῦ
2684 4454 3045 4525 ἀλγημάτων
3086 4455 3186 4509 καὶ
3233 4452 3425 4523 θυμοῦ
3473 4446 3880 4522 περισπασμὸς

2309 4545 2497 4599 αὐτοῦ
2518 4561 2533 4575 ⁸
2564 4545 2667 4600 καί
2696 4562 2763 4616 γε
2796 4546 2973 4601 τοῦτο
3002 4548 3329 4616 ματαιότης
3359 4544 3556 4599 ἐστίν.

688 4724 801 4797 (92)
837 4724 1072 4797 Rursum
1102 4722 1191 4797 hic
1228 4729 1413 4797 noster
1442 4720 1619 4797 aperit
1653 4724 1984 4797 sententiam
2017 4738 2194 4797 suam,
2227 4733 2276 4793 ι)
2303 4726 2369 4778 ad
2409 4725 2606 4782 faciem
2644 4727 2857 4797 populi,
2893 4727 2989 4783 sed
3031 4728 3085 4782 in
3126 4735 3341 4782 secreto
3369 4723 3741 4797 conscientiae,
3775 4720 3876 4774 Deo

614 4806 671 4851 et
699 4792 792 4849 se
818 4798 884 4846 «le
915 4794 1226 4847 Salomonis
1259 4792 1581 4861 paenitentia
1612 4793 1749 4845 nihil
1800 4793 2056 4847 dubitare
2094 4795 2193 4847 tle-

614 4873 907 4921 monstrat.
936 4866 1081 4918 Inter
1100 4878 1198 4918 eos
1227 4873 1432 4924 autem,
1463 4865 1553 4931 qui
1589 4872 1714 4919 ante
1739 4879 1865 4918 eum
1891 4863 2033 4917 idem
2064 4880 2192 4918 sen-

616 4947 841 4999 serant,
882 4936 1121 4989 maxime
1150 4934 1357 4987 eminet
1391 4931 1713 4989 Baebiarius
1756 4934 1849 4989 ille
1888 4934 2194 4988 monachus

616 5025 680 5062 ex
707 5006 990 5075 Hispania,
1020 5007 1072 5060 in
1095 5004 1235 5059 libro
1256 5005 1330 5059 De
1359 5004 1717 5072 Reparatione
1737 5006 1873 5075 lapsi
1892 5006 1961 5059 ad
1980 5004 2194 5058 Janua-

616 5082 755 5133 rium
784 5080 874 5145 (n.
906 5077 994 5142 12,
1025 5092 1148 5146 pag.
1174 5075 1244 5128 72
1272 5076 1361 5131 ed.
1390 5078 1547 5140 lium,
1576 5076 1767 5137 Florii)
1802 5094 1816 5130 :
1853 5095 1872 5127 ι
1894 5075 2191 5138 Salomon,

618 5152 820 5220 inquit,
855 5150 945 5203 illc
976 5146 1265 5220 mirabilis,
1290 5147 1383 5220 qui
1419 5149 1618 5220 meruit
1652 5146 1922 5203 assistrici
1952 5146 2068 5220 Dei,
2092 5147 2196 5199 hoc

617 5217 711 5276 est
726 5220 1010 5289 sapientia:
1044 5219 1313 5288 copulari,
1347 5219 1399 5271 in
1425 5218 1858 5289 alienigenarum
1886 5217 2193 5289 mulierum

618 5287 853 5347 incurrit
886 5287 1193 5359 amplexus,
1227 5299 1281 5345 et
1320 5289 1535 5343 vinculo
1572 5287 1815 5342 libidinis
1842 5288 2194 5359 illaqueatus,

617 5364 781 5416 etiam
822 5358 1093 5430 sacrilegii
1122 5376 1311 5416 errore
1351 5376 1410 5416 se
1452 5361 1681 5429 polluit.
1720 5359 1939 5427 quando
1967 5358 2197 5430 simulat-

619 5448 773 5488 crum
805 5428 1048 5488 Chamos
1090 5432 1386 5486 Moabitico
1424 5428 1571 5485 idolo
1611 5430 1915 5484 fabricavit.
1960 5428 2066 5483 Sed
2103 5428 2197 5497 qui

620 5519 717 5573 per
736 5505 1055 5570 prophetam
1081 5504 1296 5571 culpam
1322 5502 1528 5557 erroris
1546 5501 1786 5573 agnovit,
1814 5498 2079 5573 numquid
2098 5498 2201 5551 mi-

623 5570 937 5628 sericordia:
969 5570 1213 5628 coelestis
1245 5573 1481 5628 extorris
1501 5574 1619 5625 est?
1650 5574 1719 5624 At
1749 5570 1980 5624 forsitan
2005 5570 2157 5625 dicas
2187 5586 2201 5623 :

622 5642 903 5713 Nusquam
942 5660 1066 5697 eum
1111 5646 1163 5697 in
1217 5658 1429 5700 canone
1469 5642 1988 5713 legoipmuituisse,
2029 5654 2207 5713 neque

622 5711 1063 5769 misericordiam
1093 5723 1470 5770 consecutum.
1502 5712 1641 5767 Audi
1666 5727 1816 5782 ergo,
1844 5712 2014 5766 frater
2042 5730 2055 5765 :
2079 5711 2206 5765 Pce-

626 5784 1094 5865 nitentiamcjus,
1124 5801 1247 5839 (tua:
1270 5801 1375 5865 non
1407 5783 1935 5865 scribilttr‘publicis
1973 5783 2205 5865 legibus,

628 5856 866 5911 fortasse
898 5851 1019 5910 ideo
1052 5856 1440 5927 acceptabilcm
1471 5854 1638 5925 aliqui
1662 5851 1891 5922 dicant,
1931 5854 2061 5924 quia
2104 5870 2211 5909 non

2304 4805 2464 4862 teSIe,
2501 4796 2780 4866 paenituit.
2819 4797 3045 4853 Veniam
3079 4808 3262 4853 autem
3298 4812 3362 4852 ex
3407 4796 3510 4850 hoc
3535 4800 3872 4866 consecutum

2302 4882 2427 4922 esse
2475 4864 3268 4942 cognoscimus,‘__quiaAcum
3318 4868 3534 4942 solutus
3580 4864 3765 4942 fuisset
3846 4874 3875 4913 a

2303 4940 2875 5011 corpore,_sepultum
2910 4938 3062 4993 illum
3105 4939 3248 4994 inter
3287 4953 3476 5009 regum
3501 4938 3871 5011 ΔΙειιιιξιιιειιιιξη

2302 4999 2858 5077 (ςιιι-ᾖιοταὸειίίριιιτιι
2883 5019 3283 5065 commemorat
3307 5027 3321 5073 ;
3350 4999 3515 5079 "quod
3550 5017 3734 5079 tamen
3754 4999 3872 5055 alibi

2299 5079 2678 5150 peccatoribus
2701 5076 2923 5150 regibus
2960 5082 3287 5150 abnegatum
3320 5076 3443 5135 esse
3483 5076 3871 5149 c0gnoscimus,

2303 5148 2397 5216 qui
2432 5165 2604 5219 usque
2648 5151 2701 5204 in
2737 5148 2897 5206 finem
2919 5152 3046 5206 vitae
3077 5148 3193 5206 suae
3225 5152 3279 5204 in
3308 5150 3577 5220 propositi
3609 5159 3865 5220 perversu-

2304 5227 2413 5272 tate
2466 5217 2793 5295 manserunt
2836 5239 2848 5275 :
2894 5231 2949 5276 et
3000 5222 3121 5295 ideo
3155 5221 3282 5295 quia
3308 5217 3477 5275 inter
3518 5217 3673 5295 rcges
3708 5217 3873 5295 iustos

2302 5291 2508 5344 meruit
2539 5292 2790 5359 sepeliri,
2832 5307 2942 5347 non
2994 5292 3095 5345 fuit
3130 5292 3343 5347 alienus
3379 5307 3412 5346 a
3449 5291 3645 5357 venia;
3675 5291 3871 5341 veniam

2302 5371 2487 5443 autem
2539 5362 2711 5432 ipsam
2755 5364 2877 5419 sine
2917 5362 3241 5432 poenitentia
3289 5377 3399 5417 non
3456 5362 3634 5432 potuit
3676 5367 3873 5430 prome-

2314 5444 2446 5486 reri.

2387 5501 2499 5575 (93)
2537 5503 2607 5575 ᾼι
2637 5500 2777 5557 LXX
2804 5519 2911 5558 non
2944 5503 3149 5575 habent
3174 5501 3412 5575 μεχάλη.
3640 5571 3649 5575 _
3762 5564 3774 5575 _
3843 5558 3866 5570 -

2385 5564 2666 5658 (‘91)..Post
2692 5590 2756 5658 ea
2788 5575 2950 5658 verba
2983 5564 3283 5658 ξαιθυμοδ
3311 5564 3693 5658 gemmeam
3719 5564 3868 5658 αύτοξ

2311 5636 2429 5700 haec
2463 5636 2570 5698 alia
2615 5646 2758 5715 apud
2809 5643 2951 5697 LXX
2990 5636 3265 5715 legimus:
3311 5636 3423 5698 Καί
3454 5661 3518 5712 γε
3560 5636 3616 5697 ἐν
3645 5636 3791 5694 νυκτὶ
3816 5636 3870 5711 οὐ

2313 5715 2574 5778 κοιμᾶται
2622 5718 2655 5778 ὴ
2696 5715 2893 5778 καρδία
2940 5715 3130 5769 αὑτοῦ.
3171 5715 3282 5770 Καί
3318 5731 3384 5778 γε
3432 5713 3655 5768 τοῦτο...
3685 5715 3869 5778 quae"!

2313 5715 2574 5784 κοιμᾶται
2622 5718 2655 5785 ἡ
2696 5715 2893 5785 καρδία
2940 5715 3130 5769 αὑτοῦ.
3171 5715 3282 5770 Καί
3318 5731 3384 5783 γε
3432 5715 3655 5768 τοῦτο...
3685 5715 3867 5783 quaem

2316 5785 2551 5856 vulgatis
2586 5786 2668 5841 sic
2700 5785 2907 5840 reddita
2938 5825 2951 5845 ,
2989 5783 3097 5840 Nec
3129 5802 3221 5856 per
3249 5794 3454 5839 noctem
3480 5794 3651 5841 mente
3683 5786 3867 5849 requie-

2318 5853 2437 5912 scit.
2469 5853 2593 5914 llaec
2623 5858 2741 5929 ipsa
2772 5858 2824 5912 in
2864 5856 3083 5928 Olymp.
3117 5853 3282 5914 etiam
3320 5866 3469 5913 sunt.
