4172 6496
305 383 414 448 833

1398 381 1483 441 ΙΝ
1535 377 2123 441 ECCLESIASTEN.
2156 404 2224 415 --
2259 378 2412 439 LIB-
2450 378 2534 439 II.

3496 378 3609 445 834

377 493 789 551 Κατασκὼπτει
816 494 913 550 καὶ
938 492 1187 565 διασύρει
1232 492 1328 545 κα)⁵
1372 490 1591 555 κακίζει
1624 488 1736 542 τῶν
1782 505 1900 557 φει-

2080 490 2387 543 Avarorum
2432 489 2720 543 hominum
2761 503 3086 559 perversum
3127 492 3423 548 consilium
3462 495 3611 550 deri-

300 590 490 646 δωλῶν
535 589 847 661 ἀνθρώπων
887 588 987 660 τὴν
1017 584 1298 649 ἀϐουλίαν,
1330 581 1779 652 καθυπογράφων
1822 580 1904 632 ἔτι

244 740 248 744 .
304 683 403 738 καὶ
444 682 873 755 χαρακτηρίζων
899 681 998 745 τὰς
1024 679 1317 753 φροντίδας
1339 676 1436 731 καὶ
1465 674 1563 737 τὰς
1595 675 1904 745 ἀγρυπνίας

248 760 251 761 ν
303 776 530 840 καὶτὰς
578 774 831 837 ποικίλας
869 773 1098 843 τύρδας,
1145 771 1213 835 ἃς
1254 770 1314 823 ὲν
1368 766 1446 839 τῷ
1494 766 1761 838 θελήματι
1798 765 1901 836 τῆς

308 869 447 932 ἰδίας
477 867 706 940 καρδίας
737 867 1079 937 ὐπήνεγκαν,
1108 864 1200 917 ἵνα
1230 859 1501 927 συνάξωσι
1525 861 1617 915 τὸν
1645 858 1898 922 πλοῦτον,

303 961 365 1015 ὃν
419 960 755 1030 ἀσυμφόρως
812 960 909 1012 καὶ
963 955 1297 1028 παραλόγως
1342 953 1599 1025 ὲπέσχον,
1648 954 1743 1006 καὶ
1787 954 1902 1015 τοῖς

311 1052 743 1125 μοχθηροτέροις
766 1050 1186 1124 ἐταμιεύσαντο,
1216 1049 1311 1101 καὶ
1350 1047 1472 1101 καθ’
1502 1043 1747 1099 ἑκούσιον
1790 1041 1906 1113 βού-

306 1148 469 1219 λησιν
499 1145 903 1218 ὲθησαύρισανο
941 1144 1215 1217 μηδεμίαν
1248 1141 1404 1196 αὐτοὶ⁵
1428 1140 1490 1193 τὸ
1519 1138 1782 1209 παράπαν
1812 1136 1907 1189 εὐ-

310 1241 539 1311 ράμενοι
564 1239 806 1309 ψυχικὴν
839 1238 1049 1309 όνησιν,
1088 1236 1207 1290 ἀλλ’
1238 1235 1268 1306 ἦ
1313 1233 1473 1305 μόνον
1496 1231 1596 1303 τῆς
1616 1232 1673 1283 ἐν
1698 1232 1764 1301 τῇ
1792 1227 1906 1299 ζωῇ

305 1335 493 1390 αὐτῶν
538 1334 831 1404 γεγονυίας
892 1332 1181 1406 ῥᾳστώνης
1225 1331 1326 1401 τὴν
1373 1328 1707 1384 ἀπόλαυσιν’
1768 1328 1909 1399 ὅπερ

308 1427 677 1497 ματαιότητός
700 1428 823 1481 ἐστι
850 1426 1187 1499 σημαντικὸν
1209 1425 1305 1479 καὶ
1327 1421 1531 1494 πολλῆς
1554 1420 1868 1491 ἀθλιότητος
1887 1458 1904 1475 .

307 1520 402 1575 Διὸ
425 1520 522 1577 καὶ
550 1521 830 1593 ἐπήγαγεν
853 1536 867 1551 ·

2015 582 2147 637 dere
2191 593 2245 636 et
2285 582 2619 651 exagitanda
2652 583 2966 653 vituperare
2994 586 3102 655 62
3142 587 3356 657 pergit,
3398 589 3611 644 descri-

2013 676 2149 729 bens
2179 675 2495 741 {etiamnum
2539 684 2704 745 atque
2748 676 3051 746 depingens
3086 693 3224 748 quas
3271 679 3416 733 ultro
3445 696 3611 737 curas

2012 776 2067 822 et
2088 766 2319 836 vigilias,
2349 781 2625 836 quamque
2645 768 2828 823 varios
2852 772 3038 824 animo
3067 774 3336 829 tumultus
3361 775 3609 841 tulerint,

2010 875 2121 930 quo
2150 875 2244 914 eas
2274 869 2637 929 congererent
2674 862 2910 925 divitias,
2945 879 3083 932 quas
3116 866 3384 921 inutiliter
3416 869 3613 923 incon-

2010 956 2262 1023 sulteque
2290 954 2609 1009 reconditas
2640 953 2918 1023 pejoribus
2954 967 3300 1012 reservarent
3334 977 3346 1012 :
3383 958 3610 1028 thesaue

2009 1049 2088 1104 ris
2118 1049 2339 1119 quidem
2359 1091 2374 1115 ,
2415 1058 2477 1103 ut
2503 1047 2883 1118 expctiverant
2908 1087 2923 1109 ,
2953 1049 3112 1117 potiti
3142 1090 3157 1113 ,
3191 1063 3245 1104 at
3290 1052 3442 1107 nullo
3473 1068 3609 1109 sane

2011 1140 2181 1195 animi
2212 1141 2295 1195 sui
2319 1140 2611 1207 bono,[nec
2639 1138 2744 1192 alia
2770 1155 2834 1193 ex
2868 1140 2934 1194 iis
2963 1141 3198 1196 utilitate
3229 1153 3410 1213 capta,
3436 1160 3606 1214 quam

2014 1242 2075 1288 ut
2114 1247 2178 1288 ea
2214 1232 2321 1289 sibi
2365 1242 2555 1303 parata
2601 1248 2724 1287 esse
2767 1233 2893 1287 vitae
2935 1234 3217 1288 commoda
3262 1238 3601 1305 gauderent:

2015 1325 2163 1396 quod
2189 1334 2243 1379 et
2276 1324 2537 1381 vanitatis
2566 1325 2831 1380 indicium
2862 1334 2983 1393 est,
3025 1334 3081 1381 et
3122 1325 3459 1384 infelicitatis
3489 1345 3605 1384 ma-

2013 1433 2152 1489 gnae.
2191 1417 2383 1489 Itaque
2416 1418 2579 1474 etiam
2616 1418 2851 1487 subjecit
2876 1432 2892 1446 ·

1860 1735 1889 1806 5
1920 1731 2039 1790 xu.

387 1856 511 1908 Οὐκ
541 1853 718 1910 ἐστιν
756 1853 984 1925 ἀγαθὸν
1011 1853 1091 1920 τῷ
1116 1853 1406 1924 ἀνθρώπῳ
1454 1852 1625 1923 πλὴν
1653 1854 1685 1909 ὃ
1718 1854 1900 1926 φάγε-

2076 1847 2355 1906 νειιε.24.
2387 1847 2511 1904 Non
2539 1859 2618 1905 est
2645 1848 2840 1904 bonum
2867 1850 3072 1906 homini
3093 1866 3447 1929 praeterquam
3462 1860 3604 1931 quod

310 1968 407 2005 ται
432 1948 533 2004 καί
560 1950 781 2014 πίεται,
814 1948 916 2002 καί
940 1948 1129 2014 δείξει
1154 1946 1230 2017 τῇ
1263 1946 1439 2017 ψυχῇ
1463 1947 1653 2002 αὑτοῦ
1676 1948 1907 2018 ἀγαθὸν

308 2044 381 2097 ἐν
425 2042 634 2112 μόχθῳ
676 2041 886 2096 αὐτοῦ.
944 2041 1056 2095 Καί
1107 2058 1176 2111 γε
1226 2040 1406 2094 τοῦτο
1436 2036 1604 2095 εἶδον
1649 2040 1784 2110 ἐγὼ,
1816 2040 1907 2095 ὅτι

308 2135 430 2191 ἀπὸ
467 2134 667 2205 χειρὸς
692 2133 799 2188 τοῦ
850 2132 999 2188 Θεοῦ
1040 2132 1236 2201 ἐστιν,
1268 2133 1359 2186 ὅτι
1399 2133 1491 2199 τίς
1516 2132 1769 2203 φάγεται
1801 2132 1904 2189 καὶ

310 2232 509 2283 πίεται
540 2228 733 2296 παρὲξ
761 2227 947 2283 αὐτοῦ
969 2243 988 2293 ,'

380 2322 444 2374 Οἱ
485 2319 594 2373 τῶν
630 2318 862 2372 αἰωνίων
902 2317 996 2371 καὶ
1048 2316 1357 2390 μελλόντων
1395 2316 1617 2387 ἀγαθῶν
1654 2316 1751 2372 καὶ
1792 2318 1904 2374 τῶν

307 2410 724 2484 ὑπερουρανίων
769 2410 863 2462 καὶ
909 2409 1073 2463 θείων
1106 2408 1354 2480 ἀμοιὸῶν
1385 2408 1669 2474 παντελῶς
1706 2408 1906 2482 ἀλογή-

309 2524 529 2572 σαντες,
560 2505 658 2560 καὶ
689 2504 780 2558 διά
808 2502 967 2558 τοῦτο
996 2503 1135 2575 πρὸς
1172 2504 1466 2576 μόνηνζτὴν
1497 2503 1906 2577 ἀπολαυστικὴν

306 2602 407 2673 τῆς
440 2598 726 2671 παρούσης
771 2597 917 2668 ζωῆς
953 2597 1096 2665 σφᾶς
1136 2596 1338 2661 αὐτοὺς
1372 2597 1735 2662 ὲκδεδωκότες
1774 2615 1905 2669 τρυ-

309 2694 440 2763 φὴν,
477 2692 687 2763 ταύτην
722 2690 893 2762 μόνην
920 2690 1125 2744 οἴονται
1148 2690 1244 2744 καὶ
1272 2691 1587 2760 νομίζουσιν
1614 2690 1819 2760 ἀγαθὸν
1844 2692 1905 2745 ὲν

307 2788 421 2849 τοῖς
457 2786 607 2847 ἰδίοις
640 2783 862 2854 μόχθοις
890 2781 1205 2845 καὶ’κόποις
1226 2797 1241 2812 ·
1281 2781 1377 2845 οὓς
1404 2783 1776 2853 αἰνιττόμενος
1808 2781 1904 2835 καὶ

307 2877 729 2950 χαρακτηρίςων
766 2878 838 2929 τὰ
879 2875 1146 2947 εἰρημένα
1191 2876 1356 2946 φησὶν
1384 2877 1413 2928 ό
1444 2875 1606 2944 σοφὸς
1665 2875 1903 2945 Ἐκκλη-

309 2972 560 3042 σιαστής.
606 2970 789 3021 Εἰπὼν
834 2967 922 3032 δὲ,
962 2987 981 3018 ι
1024 2966 1133 3020 Καί
1167 2984 1231 3036 γε
1264 2966 1423 3021 τοῦτο
1464 2963 1605 3021 εἶδον
1650 2966 1782 3038 ἐγὼ,
1820 2968 1904 3021 ὅτι

308 3062 419 3116 ἀπὸ
456 3061 639 3133 χειρὸς
667 3060 762 3115 τοῦ
793 3060 930 3115 Θεοῦ
965 3062 1137 3123 ἐστιν,
1179 3078 1198 3111 ι
1250 3059 1451 3126 ἔδειξεν
1494 3059 1789 3132 ἀριδήλως,
1819 3061 1903 3115 ὅτι

308 3156 407 3209 καὶ
444 3154 543 3226 τῆς
577 3156 898 3225 σωματικῆς
930 3152 1261 3223 αὐταρκείας
1300 3153 1333 3224 ὴ
1361 3151 1521 3225 χρεία
1551 3152 1647 3206 καὶ
1676 3153 1709 3221 ή
1732 3152 1903 3223 πρόσε

310 3269 478 3324 (popa;
500 3211 703 3325 .upog‘ij
736 3252 834 3306 καὶ
853 3211 1220 3321 ’κατάλληλος
1241 3211 1461 3320 γῆκιστα
1496 3211 1894 3320 παρεμποδίζει
1924 3211 1969 3272 c

307 3345 406 3399 τὸν
436 3344 724 3397 σπουδαῖον
755 3343 893 3415 πρὸς
922 3344 1024 3415 τὴν
1057 3340 1568 3410 ἀποτελεσματικὴν
1615 3339 1897 3411 ἐνέργειαν

305 3437 419 3492 τῶν
446 3437 619 3493 ἀλλων
651 3436 828 3508 ἔργων
873 3435 1220 3508 κρειττόνων,
1269 3433 1338 3487 δι’
1386 3426 1463 3486 ὧν
1513 3432 1895 3504 εὐαρεστεῖται

306 3530 445 3594 Θεὸς
478 3531 573 3583 καὶ
600 3529 882 3595 δοξάζεται
913 3527 1067 3600 παρὰ
1102 3527 1212 3580 τῶν
1248 3526 1531 3596 εὐφρόνως
1572 3526 1667 3579 καὶ¹
1717 3522 1897 3592 σοφῶς

310 3623 849 3696 μεταχειριζομένων
878 3623 978 3693 τὴν
1007 3620 1211 3691 βρῶσιν
1240 3620 1334 3672 καὶ
1359 3619 1458 3689 τὴν
1486 3617 1645 3670 πόσιν
1670 3632 1683 3645 ’
1725 3634 1743 3668 ι
1775 3616 1898 3669 Εἴτε

304 3716 419 3786 γὰρ
470 3715 701 3781 ἐσθίετε,
760 3715 871 3769 εῐτε
923 3714 1132 3780 πίνετε,
1189 3711 1369 3766 πάντα
1416 3712 1497 3775 είς
1548 3711 1709 3778 δόξαν
1758 3708 1896 3762 Θεοῦ

306 3812 541 3877 ποιεῖτε,
596 3827 615 3860 ι
668 3808 801 3879 φησί
859 3825 965 3860 που
1018 3804 1233 3869 Παῦλος
1274 3804 1303 3858 ό
1354 3804 1530 3876 μέγας
1575 3802 1898 3868 ἀπόστολος,

306 3906 405 3958 καὶ
443 3902 623 3974 πολλῷ
667 3903 722 3956 δὲ
760 3900 955 3973 πρώην
1000 3901 1030 3953 ό
1081 3898 1371 3971 προφήτης
1418 3896 1588 3950 Δαεὶδ
1634 3896 1772 3966 πρὸς
1808 3894 1900 3949 τὸν

303 3996 419 4049 τῶν
451 3995 589 4049 ὅλων
620 3994 787 4048 Θεόν·
825 4012 844 4046 ι
900 3990 1167 4061 Ἀνοίγεις
1200 3990 1266 4045 σύ
1299 3990 1402 4061 τὴν
1445 3988 1605 4060 χεῖρά
1646 4004 1766 4055 σου,
1805 3987 1902 4041 καὶ

306 4087 593 4160 ὲμπιπλᾷς
622 4088 730 4140 πᾶν
758 4085 897 4151 ζῶον
920 4081 1169 4148 εὐδοκίας
1189 4098 1206 4114 ο
1248 4100 1268 4135 ι
1298 4082 1397 4137 καὶ
1433 4079 1596 4136 πάλιν
1617 4120 1635 4148 ,
1670 4096 1691 4133 ι
1736 4079 1796 4134 '0
1823 4079 1898 4135 δι-

373 4304 420 4339 “
450 4305 599 4362 Psal.
628 4317 829 4369 cum,
857 4302 913 4361 9.

383 4438 497 4509 (95)
528 4437 682 4509 Apud
720 4433 862 4509 ιχξς
904 4450 1025 4509 non
1061 4435 1299 4509 legimus
1342 4434 1527 4503 πλήνο
1581 4436 1677 4493 sed
1717 4447 1901 4494 tamen

307 4505 424 4580 jam
478 4505 763 4563 adnotavit
817 4505 1072 4562 Nobilius
1097 4505 1348 4580 {minus
1392 4509 1670 4580 cohaerere
1717 4510 1898 4564 illud:

2006 1944 2245 1999 comedet
2277 1953 2328 1998 et
2375 1943 2533 2011 bibet,
2558 1954 2608 1998 et
2647 1946 2883 2001 ostendet
2930 1948 3122 2003 anima:
3167 1968 3278 2005 sum
3316 1952 3507 2008 bonum
3545 1958 3602 2011 in

2007 2038 2191 2093 labore
2220 2054 2339 2103 suo,
2364 2048 2413 2092 et
2442 2038 2653 2108 quidem
2679 2039 2776 2092 hoc
2806 2040 2915 2094 vidi
2932 2058 3047 2113 ego,
3073 2044 3200 2111 quia
3227 2046 3290 2100 de
3316 2064 3474 2101 manu
3502 2048 3603 2105 Dei

2005 2140 2125 2187 est:
2158 2132 2275 2203 quis
2301 2132 2444 2186 enim
2473 2133 2707 2187 comedet
2736 2143 2785 2187 et
2819 2133 2957 2189 bibet
2983 2137 3095 2191 sine
3127 2137 3244 2209 ipso
3277 2140 3432 2212 (95)?

2077 2306 2184 2377 Qui
2225 2316 2427 2364 aeterna
2474 2309 2576 2364 aevi
2618 2309 2792 2365 futuri
2842 2310 2985 2367 bona
3038 2323 3092 2368 et
3132 2314 3313 2371 divina
3355 2318 3600 2376 caelestis

2005 2403 2199 2476 patria:
2230 2402 2454 2473 praemia
2501 2403 2652 2458 nullo
2697 2403 2752 2458 in
2800 2404 2976 2475 pretio
3027 2405 3268 2473 habent,
3312 2424 3485 2481 eaque
3530 2411 3598 2467 de

2006 2512 2175 2552 causa
2207 2496 2312 2551 soli
2345 2496 2475 2551 vita:
2504 2496 2671 2567 hujus
2701 2496 2968 2567 voluptati
2996 2508 3139 2555 totos
3166 2515 3224 2556 se
3245 2501 3594 2571 dediderunt,

2006 2586 2150 2643 hanc
2167 2603 2333 2642 unam
2356 2588 2413 2643 in
2440 2588 2593 2643 omni
2614 2588 2801 2644 labore
2818 2604 2883 2644 ac
2902 2591 3367 2650 contentionesua
3388 2594 3594 2650 bonum

2006 2680 2219 2736 ducunt
2242 2696 2307 2736 ac
2333 2693 2583 2737 censent.
2620 2681 2700 2737 Ex
2732 2683 2930 2737 borum
2955 2683 3173 2754 ingenio
3199 2684 3477 2758 sigillatim
3506 2705 3617 2744 sa.-

2004 2778 2163 2849 piens
2195 2778 2562 2835 Ecclesiastes
2597 2780 2920 2848 pronuntiat
2947 2782 3081 2850 {quae
3114 2782 3257 2835 dicta
3294 2792 3423 2839 sunt
3454 2782 3594 2855 (96).

2004 2868 2141 2923 Cum
2173 2884 2307 2923 vero
2343 2869 2421 2923 ait
2452 2886 2466 2922 :
2510 2889 2529 2920 ι
2562 2867 2624 2924 Et
2661 2871 2882 2940 quidem
2916 2872 3022 2927 hoc
3055 2872 3162 2927 vidi
3208 2889 3330 2943 ego,
3367 2876 3496 2946 quia
3527 2876 3598 2932 de

2006 2976 2171 3016 manu
2204 2962 2297 3017 Dei
2331 2971 2450 3029 est,
2485 2982 2503 3015 ι
2541 2964 2833 3019 manifesto
2864 2965 3139 3032 declarat,
3171 2966 3381 3036 justam
3412 2969 3597 3026 victus

2005 3056 2276 3111 rationem
2317 3065 2373 3111 et
2404 3057 2791 3128 tempestivum
2828 3073 3242 3130 congruumque
3268 3062 3595 3118 alimentum

2006 3163 2285 3218 nunquam
2333 3148 2567 3205 honesto
2606 3150 2715 3221 63
2754 3151 2874 3207 viro
2909 3153 3307 3224 impedimento
3338 3173 3494 3226 esse,
3526 3176 3597 3216 ne

2000 3249 2196 3295 caetera
2211 3240 2440 3311 potioris
2459 3228 2665 3298 ordinis
2681 3258 2845 3313 opera
2863 3244 3133 3311 absolvat,
3160 3249 3359 3318 quibus
3377 3252 3599 3321 placare

1997 3336 2168 3392 Deum
2199 3347 2253 3393 et
2278 3338 2484 3395 honore
2507 3341 2763 3413 prosequi
2795 3343 2871 3397 illi
2901 3342 3099 3410 solent,
3122 3345 3216 3415 qui
3241 3347 3366 3401 cibo
3382 3357 3436 3403 et
3461 3359 3593 3418 potu

1998 3429 2179 3485 sobrie
2218 3443 2274 3486 et
2306 3432 2586 3502 sapienter
2614 3444 2888 3490 utuntur:
2931 3456 2949 3488 ι
2997 3435 3125 3492 Sive
3164 3438 3311 3494 enim
3345 3445 3595 3498 mandu-

1998 3520 2196 3578 cabitis
2211 3523 2331 3580 sive
2351 3524 2574 3591 bibetis,
2589 3528 2772 3581 omnia
2790 3527 2845 3581 in
2866 3528 3096 3598 gloriam
3114 3530 3208 3586 Dei
3233 3530 3400 3588 facite
3416 3534 3590 3605 (97),)

2000 3613 2080 3667 ait
2133 3614 2337 3670 alicubi
2405 3615 2612 3673 Paulus
2656 3633 2890 3689 magnus
2946 3622 3263 3690 apostolus;
3307 3626 3592 3696 multoque

1998 3705 2152 3776 prius
2168 3706 2334 3762 David
2354 3708 2617 3779 propheta
2634 3726 2817 3765 rerum
2836 3715 3078 3767 omnium
3100 3715 3265 3770 Deum
3285 3718 3589 3787 appellans:

2007 3817 2028 3851 ι
2063 3798 2257 3869 Aperis
2289 3808 2347 3855 tu
2378 3817 2602 3856 manum
2636 3810 2783 3857 tuam
2811 3844 2826 3870 ,
2856 3813 2911 3859 et
2953 3804 3150 3875 imples
3186 3822 3350 3863 onme
3383 3810 3592 3866 animal

2000 3890 2381 3949 benedictione
2424 3895 2561 3966 (98).
2593 3916 2613 3949 ι
2661 3896 2741 3952 Ac
2787 3914 3052 3953 rursum:
3100 3918 3119 3951 ι
3151 3901 3253 3967 Qui
3282 3902 3376 3958 dat
3403 3920 3589 3961 escam

2002 3986 2153 4041 omni
2208 3988 2411 4054 carni,
2479 3998 2534 4044 et
2604 3990 2770 4060 pullis
2844 4007 3137 4048 corvorum
3203 3995 3590 4056 invocantibus

2003 4077 2185 4149 ipsum
2214 4078 2285 4136 “.
2322 4077 2462 4136 Nam
2492 4095 2617 4138 cum
2648 4082 2853 4139 ﬂuxam
2892 4085 3179 4142 hominum
3208 4096 3464 4144 naturam
3492 4106 3591 4146 au-

2003 4433 2313 4514 veaviaxotg
2338 4435 2434 4514 καὶ
2458 4431 2605 4490 οῐνον
2637 4435 2932 4514 παρθένοις
2953 4437 3047 4492 καὶ
3079 4438 3259 4514 ἔλαιον
3287 4440 3370 4506 είς
3393 4441 3590 4514 εὐφρο-

2006 4506 2176 4583 σύνῃν
2195 4506 2305 4583 τῶν
2336 4504 2565 4583 ζῴντων
2585 4523 2598 4536 ⁸
2627 4504 2820 4583 χόρτον
2849 4512 2961 4583 τοῖς
3015 4512 3240 4583 κτήνεσι
3269 4504 3387 4583 ᾐκαὶ
3422 4504 3589 4583 χλόαν

307 4572 466 4657 Quod
497 4580 773 4657 comedet,-
814 4588 1066 4657 namest
1090 4572 1135 4657 ,_
1160 4578 1369 4657 inquit,
1411 4578 1807 4657 H'ebraismps,
1847 4589 1900 4636 et

2007 4581 2075 4648 τῇ
2099 4572 2444 4657 δουλείᾳτῶν
2471 4572 2812 4657 ἀνθρῷτέωνο
2845 4582 2983 4657 κρέα
3009 4572 3123 4657 τοῖς
3150 4581 3383 4653 θηρίοις,
3417 4572 3589 4657 ξπέρ-

307 4652 499 4705 volunt
531 4652 803 4721 suppleri,
839 4645 964 4703 Nisi
995 4648 1135 4719 quod
1165 4645 1413 4705 comedit.
1444 4648 1658 4720 Olymp.
1692 4649 1891 4717 habet,

305 4722 375 4775 Εί
405 4722 483 4791 μὴ
509 4722 537 4775 ὃ
566 4723 823 4790 φάγεται.

381 4789 732 4865 (θεμκῳεω
765 4792 929 4865 modo
968 4791 1361 4865 interpretatus
1416 4790 1531 4865 haec
1578 4796 1664 4845 est
1695 4789 1897 4865 Nysse—

309 4861 419 4945 nus
452 4861 708 4945 ιΤαῦτα,
754 4863 962 4945 inquit,
998 4861 1169 4945 duri};
1209 4861 1546 4945 λαιμαργίας
1597 4861 1895 4945 συνήγορος

308 4933 681 5006 ἀνθυποφέρει
711 4932 790 5004 τῷ
816 4930 1134 5006 δίδασκάλῴ
1155 4947 1171 4964 ⁸
1205 4930 1421 5003 nempe.
1457 4930 1895 5006 ﬂwc__quispiam

308 5000 873 5130 ﬁlthpatrociuator
934 5004 1120 5075 objicit
1181 5000 1515 5075 praceptori.
1554 5000 1893 5062 (nomen.

389 5091 418 5130 c
447 5116 459 5129 .

339 5075 459 5130 Eccl.

379 5076 612 5215 ﬁJquaa
649 5155 977 5215 sequuntur,
1011 5144 1218 5215 scripta
1245 5160 1276 5201 a
1305 5144 1571 5215 Gregorio
1618 5144 1892 5211 videntur,

379 5163 451 5201 Al
528 5163 612 5201 ua:
649 5163 977 5215 sequuntur,
1011 5163 1218 5215 scripta
1245 5163 1276 5201 a
1305 5163 1571 5215 uregorlo
1618 5163 1892 5211 videntur,

307 5232 438 5273 cum
470 5163 542 5272 0(1)
588 5219 778 5273 oculos
819 5217 1046 5272 haberet
1080 5215 1499 5271 Constitutiones
1528 5216 1892 5283 apostolicus;

306 5305 387 5343 eae
415 5288 559 5343 enim
600 5287 668 5357 ab
698 5287 832 5355 ipsis
875 5288 1095 5342 Eusebii
1134 5288 1473 5357 temporibus
1516 5286 1807 5341 exstabant
1839 5296 1895 5341 et

308 5354 739 5428 legebanturﬁlri
757 5357 844 5412 his
876 5358 995 5427 (lib.
1031 5373 1102 5422 IV,
1131 5372 1183 5413 c.
1205 5354 1261 5427 5)
1314 5358 1575 5427 scriptum
1601 5366 1684 5411 est
1710 5375 1724 5411 :
1746 5358 1894 5428 napo

305 5424 569 5499 αιῖιοῦμεν
612 5424 706 5482 οὖν
742 5431 860 5489 ταῖς
887 5424 1106 5499 ’χήραις
1156 5424 1249 5481 καί
1274 5430 1401 5499 τοῖς
1428 5424 1440 5427 ⁷
1459 5426 1893 5499 όρφανοίςίκατά

306 5501 509 5561 παντὸς
546 5500 715 5567 φόϐου
755 5501 846 5553 καὶ
895 5501 1074 5569 πάσης
1115 5498 1409 5563 εὐλαϐείας
1449 5498 1893 5569 μεταλαμϐάνειν

306 5569 416 5621 τῶν
448 5570 632 5632 αὐτοῖς
666 5568 1092 5640 χορηγουμένων
1116 5610 1129 5633 ,
1159 5570 1254 5622 καὶ
1285 5571 1628 5640 εὐχαριστεῖν
1662 5568 1780 5638 Θεῷ
1803 5568 1892 5640 τῷ

305 5640 505 5693 διδόντι
535 5642 647 5703 τοῖς
671 5642 898 5692 πεινῶσι
939 5640 1169 5711 τροφὴν,
1212 5644 1315 5711 καὶ,
1339 5640 1427 5691 ἐπ’
1470 5639 1620 5709 αὐτῴ
1642 5641 1768 5711 τοὺς
1790 5639 1890 5707 6:9-

308 5711 550 5779 θαλμούς
578 5711 861 5763 ἐκτείνειν.
899 5710 995 5773 Τίς
1027 5712 1157 5780 γὰρ,
1196 5710 1383 5779 φησὶν,
1444 5710 1597 5779 ὐμῶν
1632 5710 1887 5777 φάγεται,

306 5781 340 5852 ἢ
371 5782 455 5843 τίς
484 5786 671 5852 πίεται
722 5780 899 5852 παρὲξ
936 5780 1143 5845 αὐτοῦ;
1178 5780 1351 5852 Αὐτός
1396 5780 1506 5852 γὰρ
1533 5781 1743 5852 ἀνοίγει
1789 5780 1891 5851 τὴν

307 5850 467 5917 χεῖρα
500 5851 684 5916 αὐτοῦ,
728 5850 822 5904 καὶ
852 5852 1105 5920 ἐμπιπλᾷ
1134 5853 1239 5905 πᾶν
1257 5850 1393 5914 ζῶον
1420 5850 1667 5915 εὐδοκίας
1685 5868 1697 5881 ·
1739 5850 1885 5905 σῖτον

1996 4646 2148 4772 ματα
2175 4646 2299 4712 τοῖς
2314 4648 2545 4732 όρνέοις,
2577 4646 2697 4731 Stat:
2715 4651 2852 4704 πᾶσι
2878 4646 2979 4722 τὴν
3018 4646 3328 4735 πρόσφορον
3353 4646 3585 4738 τροφήν.

2046 4736 2203 4772 omne
2230 4737 2243 4772 :
2296 4718 2589 4772 Consilium
2621 4731 2788 4772 ruitur
2821 4722 3011 4772 damus
3043 4725 3216 4772 υιάηη
3258 4735 3307 4772 et
3342 4727 3582 4772 num/Im

2046 4736 2203 4788 empe
2230 4737 2243 4772 :
2296 4718 2589 4774 consilium
2621 4721 2788 4791 igitur
2821 4718 3011 4776 damus
3043 4718 3216 4778 viduis
3236 4718 3307 4777 ‘et
3341 4718 3585 4793 pupillis.

1995 4800 2055 4843 ut
2088 4806 2206 4871 cum
2247 4801 2626 4878 summonmetu
2672 4802 2721 4845 et
2779 4809 2989 4878 summa
3029 4796 3323 4878 reverentia
3369 4798 3587 4878 capiant

1995 4876 2114 4930 qua:
2154 4861 2228 4933 eis
2262 4861 2705 4930 suppeditantur,
2738 4874 2897 4933 utque
2927 4864 3038 4918 Deo
3071 4882 3245 4919 escam
3287 4861 3442 4919 danti
3470 4884 3593 4921 esu-

1997 4932 2255 5004 rientibus
2283 4933 2485 5001 gratias
2509 4944 2706 5004 agant,
2744 4932 2891 4989 et’in
2922 4952 3042 4989 eum
3068 4936 3246 4990 oculos
3280 4937 3584 4993 intendant.

1997 5002 2803 5076 Quisenim,_inquit,'vestrum
2833 5007 3098 5070 comedet,
3148 5015 3241 5059 aut
3285 5007 3405 5076 quis
3448 5007 3589 5062 bibet

1995 5075 2107 5127 sine
2133 5073 2296 5146 ipso?
2331 5071 2453 5146 Ipse
2477 5077 2616 5128 enim
2646 5078 2817 5145 aperit
2855 5092 3068 5129 manum
3091 5092 3244 5130 suam
3266 5071 3375 5141 {et
3402 5078 3586 5146 implet

1996 5160 2146 5217 omne
2177 5144 2382 5217 animai
2419 5144 2819 5211 benedictione;
2858 5147 3043 5200 tribuit
3082 5148 3409 5217 frumentum
3432 5144 3587 5217 juve-

1995 5215 2149 5286 nibus
2183 5222 2232 5268 et
2273 5216 2450 5286 vinum
2480 5216 2767 5286 virginibus
2802 5227 2853 5270 et
2883 5218 3055 5271 oieum
3082 5215 3161 5271 ad
3190 5215 3473 5272 viventium
3503 5223 3585 5273 ni-

1997 5285 2300 5347 laritatem;
2327 5285 2505 5354 fenum
2537 5285 2786 5350 iumentis
2809 5297 2858 5340 et
2890 5287 3105 5341 herbam
3131 5288 3373 5341 servituti
3411 5289 3583 5343 Itami-

1996 5372 2121 5408 num
2152 5397 2166 5420 ,
2211 5371 2398 5409 carnes
2443 5357 2661 5420 belluis,
2711 5359 2913 5411 semina
2952 5360 3175 5421 avibus,
3226 5368 3276 5411 et
3342 5362 3583 5415 omnibus

1996 5427 2303 5480 alimentum
2330 5431 2656 5481 conveniens.

2065 5496 2244 5571 (97)_l
2277 5496 2409 5571 Cor.
2455 5495 2533 5561 Χ,
2573 5500 2661 5571 51.
2697 5499 2803 5553 Sed
2835 5501 2997 5555 verba
3050 5502 3170 5571 ipsa
3212 5499 3369 5554 Pauli
3404 5512 3533 5556 sunt
3567 5520 3583 5557 :

1995 5564 2118 5620 Εἴτε
2143 5564 2235 5622 οὖν
2272 5566 2503 5639 ἐσθίετε,
2536 5570 2648 5622 εἴτε
2672 5571 2878 5638 πίνετε,
2915 5572 3024 5625 εἴτε
3052 5564 3103 5626 τι
3136 5573 3364 5639 ποιεῖτε,
3403 5575 3586 5629 πάντα.

1995 5642 2073 5700 εἰς
2106 5639 2264 5703 δόξαν
2285 5636 2419 5689 Θεοῦ
2452 5643 2678 5695 ποιεῖτε.

2067 5711 2180 5780 (9δ)
2216 5709 2361 5764 Psal.
2394 5723 2565 5779 cva,
2599 5712 2666 5765 16
2690 5751 2706 5781 ,
2737 5717 2827 5770 sed
2856 5713 2997 5769 LXX
3020 5714 3224 5772 habent
3254 5714 3354 5776 τὰς
3391 5715 3590 5787 χεῖράς.

1996 5798 2110 5834 σου.
