4172 6526
566 422 675 486 835

1707 414 1764 473 S.
1805 409 2187 471 GREGORII
2240 407 2753 469 AGRIGENTINI

3734 399 3841 463 836

562 540 683 588 ctor
717 530 839 600 ejus
867 527 947 582 sic
970 524 1293 581 formaverit
1327 538 1390 579 ac
1414 522 1781 587 constituerit,
1815 531 1873 574 ut
1920 521 2020 573 nisi
2063 517 2162 570 ali-

2273 516 2388 580 δοὺς
2425 518 2633 589 τροφὴν
2664 518 2815 589 πάσῃ
2855 515 3017 585 σαρκὶ
3057 512 3151 566 καὶ
3183 513 3294 575 τοῖς
3324 510 3563 572 νεοσσοῖς
3606 507 3717 561 τῶν
3745 524 3841 561 κο-

560 637 873 681 mentorum
906 621 1157 677 subsidio
1201 619 1500 674 sustentari
1554 632 1661 669 non
1710 616 1920 685 possit,
1958 613 2153 667 merito

556 729 612 774 et
640 717 1011 772 Ecclesiastes
1034 730 1066 769 a
1096 728 1263 768 manu
1292 713 1385 767 Dei
1411 726 1540 767 esse
1563 710 1722 773 dixit,
1751 708 1896 778 quod
1928 704 2154 760 mandu-

557 824 769 873 cemus,
805 806 1066 877 quodque
1094 805 1371 859 bibamus.

2261 610 2449 678 ράκων
2492 614 2606 673 τοῖς
2638 609 3092 679 ἐπικαλουμένοις
3137 606 3321 659 αὐτόν.
3359 624 3378 657 ι
3410 604 3523 674 Τῆς
3560 602 3671 674 γὰρ
3716 604 3845 673 ῥευ-

2258 702 2392 771 στῆς
2445 704 2605 773 ήμῶν
2652 703 2868 771 φύσεως
2917 700 3092 764 οὕτως
3143 700 3247 753 ὑπὸ
3291 698 3385 752 τοῦ
3444 698 3847 759 διαπλάσαντος

2255 794 2424 866 αὐτὴν
2467 796 2781 867 ὁρισθείσης
2828 795 2974 866 ἔχειν
3019 795 3119 866 τὴν
3158 794 3421 848 σύστασιν
3472 792 3560 845 διὰ
3601 792 3702 861 τῆς
3735 790 3848 843 τῶν

559 902 778 973 τροφῶν
816 899 1194 971 μεταλήψεως,
1227 897 1453 961 εἰκότως
1486 894 1598 949 ἀπὸ
1642 891 1826 963 χειρὸς
1872 884 2013 943 εἶναι
2055 884 2154 939 τοῦ
2228 884 2364 940 Θεοῦ
2432 890 2529 942 καὶ
2561 893 2588 944 6
2630 888 3065 961 Ἐκκλησιαστὴς
3096 887 3267 958 ἔφησε
3302 886 3397 940 καὶ
3434 886 3495 939 τὸ
3522 886 3721 955 φαγεῖν
3738 882 3848 938 ’καὶ

557 996 621 1049 τὸ
644 997 808 1047 πιεῖν.

637 1086 909 1158 Supremo
958 1085 1126 1157 igitur
1158 1083 1430 1149 consilio,
1479 1092 1533 1136 et
1570 1079 1842 1150 singulari
1888 1077 1981 1130 Dei
2026 1089 2155 1145 erga

563 1179 821 1235 homines
857 1178 1203 1248 providentia
1236 1176 1291 1231 id
1327 1176 1489 1230 nobis
1531 1173 1775 1229 delatum
1804 1180 1908 1227 est.
1956 1170 2025 1223 At
2063 1183 2159 1223 co-

565 1273 1031 1336 messationibus,
1067 1283 1267 1342 prteter
1307 1286 1472 1341 quam
1515 1284 1655 1339 opus
1689 1268 1798 1331 sit,
1840 1264 2155 1334 indulgere,

566 1374 623 1420 et
666 1374 881 1419 naturae
920 1365 1045 1434 plus
1095 1363 1399 1419 concedere
1440 1377 1606 1432 quam
1646 1369 1826 1431 petat,
1875 1373 2045 1427 seque
2093 1356 2149 1409 in

566 1461 880 1531 exquisitas
910 1460 1096 1514 omnis
1139 1457 1358 1527 generis
1400 1456 1591 1525 epulas
1636 1469 1701 1507 ac
1741 1452 2051 1522 potationes
2082 1450 2164 1502 in-

569 1553 883 1624 gurgitare;
950 1549 1245 1605 consilium
1308 1556 1394 1602 est
1445 1544 1779 1600 insatiabilis
1837 1541 2162 1607 voracisque

570 1643 893 1714 cupiditatis
934 1658 949 1695 :
998 1639 1465 1710 quemadmodum
1518 1636 1740 1691 sordide
1785 1647 2058 1702 avareque
2102 1646 2163 1685 se

570 1754 761 1809 gerere
781 1778 797 1805 ,
828 1745 883 1791 et
912 1744 1133 1790 coactas
1164 1734 1346 1788 omnis
1373 1730 1591 1802 generis
1623 1744 1756 1799 opes
1798 1729 1869 1782 ita
1901 1740 2119 1781 servare
2144 1762 2160 1789 ,

572 1841 633 1886 ut
682 1846 783 1901 pro
828 1827 1317 1901 portione,copiaa,
1357 1840 1480 1894 qua:
1517 1823 1744 1877 domino
1788 1821 2065 1890 suppetit,
2107 1819 2160 1872 in

2331 1071 2501 1126 Τοῦτο
2527 1072 2621 1126 οὖν
2652 1072 2770 1126 ἐστι
2808 1072 2910 1143 τῆς
2951 1072 3158 1127 ἄνωθεν
3185 1070 3494 1142 ἠρτημένον
3522 1070 3673 1134 θείας
3702 1086 3847 1141 συμ-

2262 1164 2463 1237 ϐουλῆς
2490 1166 2586 1219 καὶ
2612 1167 2995 1236 φιλανθρώπου
3026 1166 3317 1237 προνοίας·
3353 1164 3413 1218 τὸ
3443 1164 3504 1219 δὲ
3543 1164 3847 1237 κεχρῆσθαι

2260 1264 2383 1325 ταῖς
2414 1262 2564 1332 παρά
2594 1262 2694 1333 τὴν
2727 1262 2919 1332 χρείαν
2952 1259 3331 1329 ἀδδηφαγίαις,
3364 1259 3458 1312 καὶ
3497 1258 3598 1326 τῆς
3631 1257 3849 1326 φύσεως

2261 1353 2361 1422 τὴν
2391 1354 2726 1424 αὐτάρκειαν
2752 1353 3101 1424 ὑπερϐαίνειν
3131 1354 3226 1407 καὶ
3252 1352 3716 1424 κατεμφορεῖσθαι
3738 1351 3849 1405 τῶν

2264 1446 2683 1515 καρυκευτικῶν
2730 1445 2825 1499 καὶ
2860 1444 3220 1499 παντοδαπῶν
3269 1442 3577 1515 βρωμάτων
3619 1444 3713 1496 καὶ
3744 1460 3849 1497 πο-

2267 1540 2480 1608 μάτων,
2510 1540 2567 1605 ἐξ
2601 1539 2905 1610 ἀκορέστου
2937 1540 3031 1593 καὶ
3057 1538 3432 1610 λαιμαργικῆς
3452 1537 3549 1591 τοῦ
3579 1535 3847 1609 σαρκικοῦ

2266 1631 2617 1700 φρονήματος
2663 1632 2890 1702 ἡδονῆς·
2938 1632 3061 1703 me
3110 1630 3370 1702 φειδωλὸν
3412 1626 3575 1699 εῖναι,
3612 1632 3707 1685 καὶ
3741 1650 3845 1702 φυ-

2264 1722 2480 1776 λάττειν
2514 1724 2605 1776 τὸν
2646 1725 2890 1779 ποικίλον
2924 1728 3018 1779 καὶ
3051 1726 3395 1780 παντοδαπὸν
3449 1726 3699 1791 πλοῦτον,
3750 1728 3848 1779 καὶ⁹

2269 1816 2343 1886 μὴ
2373 1816 2665 1871 διαδιδόναι
2695 1822 2809 1881 τοῖς
2833 1820 3023 1890 χρείαν
3052 1820 3235 1889 ἔχουσι
3267 1821 3409 1874 κατά
3428 1822 3527 1891 τὴν
3554 1819 3848 1887 ἀναλογίαν

570 1940 763 1979 eorum
791 1921 1080 1977 commoda
1114 1935 1223 1974 non
1253 1916 1646 1979 refundantur,
1679 1929 1818 1983 quos
1860 1912 2161 1967 necessitas

2273 1914 2364 1980 τῆς
2393 1910 2707 1982 προσούσης
2733 1911 2812 1981 τῷ
2847 1914 3171 1984 κεκτημένῳ
3201 1914 3541 1983 περιουσίας,
3573 1913 3672 1965 ούκ
3701 1912 3849 1964 ἐστιν

573 2019 769 2089 premit
799 2057 815 2082 ,
849 2033 877 2071 a
911 2017 1019 2070 Deo
1057 2029 1167 2068 non
1208 2022 1337 2068 est:
1382 2022 1681 2081 utrumque
1732 2010 1878 2064 enim
1927 2008 1997 2061 ah
2046 2021 2154 2060 una

576 2112 816 2165 hominis
867 2110 1151 2162 voluntate
1189 2116 1353 2176 atque
1395 2119 1659 2175 perverso
1699 2102 1932 2157 consilio
1974 2111 2155 2154 ortum

580 2206 777 2269 habet;
811 2218 984 2271 quare
1020 2216 1144 2255 cum
1180 2199 1256 2264 id,
1290 2198 1437 2268 quod
1475 2197 1526 2251 in
1567 2196 1792 2251 homine
1823 2192 2158 2264 praecipuum

574 2309 696 2361 est,
726 2311 881 2349 meus
911 2305 1076 2363 atque
1109 2293 1251 2346 ratio
1274 2331 1289 2357 ,
1328 2298 1589 2360 tanquam
1619 2288 1672 2341 in
1711 2286 2029 2340 servitutem
2060 2284 2158 2337 ad-

575 2388 777 2450 ducta,
826 2386 1027 2439 misere
1072 2384 1145 2438 ob
1196 2382 1481 2452 crapulam
1531 2379 1809 2445 hebeScit,
1856 2392 1957 2432 nec
2002 2389 2161 2430 reno-

575 2483 694 2536 vari
741 2480 1007 2535 divinitus
1044 2487 1099 2531 et
1140 2474 1550 2547 cognitionibus
1590 2488 1653 2527 ac
1700 2470 2026 2526 ministeriis
2065 2484 2162 2539 par

578 2590 702 2628 esse
730 2582 908 2641 potest
942 2587 957 2636 ;
993 2580 1109 2623 tum
1142 2567 1348 2621 divitia:
1378 2567 1433 2620 in
1466 2565 1740 2620 malorum
1779 2572 1833 2617 et
1864 2561 2162 2631 ﬂagitioso-

564 2683 701 2727 rum
739 2664 1021 2717 hominum
1060 2660 1349 2715 commoda
1381 2657 1636 2728 seposita:
1667 2665 1869 2710 :eterna
1896 2652 2163 2723 supplicia

578 2752 1000 2827 possessoribus
1030 2760 1249 2822 parant.
1280 2749 1349 2804 Ut
1378 2751 1524 2804 enim
1556 2747 1790 2801 aliorum
1820 2744 2031 2800 miserti
2055 2757 2163 2798 non

580 2862 731 2914 sunt,
759 2849 832 2901 ita
853 2847 1001 2901 nulla
1025 2846 1158 2915 ipsis
1190 2843 1571 2899 misericordia
1609 2842 1923 2896 tribuetur:
1960 2838 2168 2908 quique

582 2943 723 2997 nihil
750 2942 847 2995 ulli
883 2940 1412 3003 commodaverunt,
1441 2936 1558 3007 pari
1592 2935 1804 2990 ratione
1836 2949 1866 2987 a
1896 2931 2039 2995 Deo,
2072 2928 2166 3000 qui

582 3033 783 3087 donata
823 3033 1011 3105 egenis
1058 3032 1165 3087 sibi
1206 3031 1335 3087 data
1378 3037 1563 3099 putat,
1618 3025 1824 3082 nullam
1850 3021 2168 3095 .mercedem

582 3125 779 3181 ferent.

661 3218 857 3273 Subrie
883 3231 1015 3288 ergo
1035 3225 1301 3286 certoque
1332 3224 1579 3285 tempore
1613 3212 1947 3269 manducare
1974 3212 2085 3285 64
2106 3227 2171 3267 ac

587 3310 777 3365 bibere
800 3351 815 3375 ,
846 3278 1010 3379 atque
1037 3325 1099 3364 ea
1136 3324 1333 3379 agere,
1379 3324 1504 3378 quae
1546 3316 1742 3363 natura
1789 3317 2048 3379 tanquam
2077 3323 2171 3362 ne-
2199 3278 2243 3338 α

586 3402 827 3455 cessaria
866 3400 1093 3456 omnino
1128 3400 1396 3469 requirit,
1429 3409 1483 3453 et
1510 3401 1714 3470 quibus
1743 3400 1789 3453 si
1817 3408 2034 3464 careat,
2074 3414 2177 3453 nec

588 3493 919 3547 incolumem
952 3493 1133 3546 vivere
1172 3492 1377 3556 vitam,
1412 3507 1514 3547 nec
1568 3491 1849 3547 Conditori
1895 3503 2017 3556 tuo,
2055 3507 2177 3562 quae

589 3588 792 3652 debes,
850 3584 1154 3638 ministeria
1203 3583 1421 3639 diurnis
1468 3584 1871 3654 nocturnisque
1922 3584 2176 3653 precibus

590 3686 851 3750 praestare
882 3677 1062 3747 possis
1086 3719 1101 3743 ,
1146 3677 1343 3731 divina:
1381 3677 1573 3747 utique
1601 3677 1840 3731 dexterae
1868 3676 1983 3730 sive
2014 3676 2176 3731 boni-

596 3768 727 3821 tatis
745 3779 799 3820 et
824 3765 1043 3820 consilii
1075 3780 1211 3835 Opus
1238 3772 1345 3820 est.
1370 3764 1439 3819 At
1468 3766 1610 3819 ultra
1643 3767 1865 3819 modum
1897 3774 1951 3819 et
1982 3773 2177 3838 praeter

596 3870 808 3914 natura:
844 3858 1225 3913 necessitatem
1269 3858 1418 3912 hisce
1466 3858 1785 3928 indulgere,
1818 3858 1993 3912 rabidi
2027 3858 2177 3913 insa-

595 3949 766 4019 nique
803 3948 1012 4003 ventris
1056 3958 1112 4003 et
1155 3963 1428 4017 perversa:
1465 3948 1765 4002 voluntatis
1789 3988 1805 4014 ,
1845 3962 1952 4001 non
1984 3947 2179 4001 divinae

595 4042 831 4096 dexterae
861 4052 957 4095 aut
984 4039 1153 4095 divini
1178 4042 1411 4105 .c0nsilii
1446 4056 1585 4111 Opus
1616 4041 1838 4095 dixeris.
1862 4042 2039 4109 Atque
2077 4040 2181 4095 hoc

595 4134 740 4189 idem
765 4134 961 4189 merito
985 4134 1110 4204 quis
1131 4134 1197 4189 de
1221 4133 1431 4188 divitiis
1454 4134 1914 4204 pronuntiaverit.
1944 4133 2011 4188 Ut
2032 4133 2180 4186 enim

595 4242 707 4293 eae,
748 4242 887 4298 quas
914 4227 1020 4282 sibi
1051 4228 1304 4283 homines
1334 4227 1512 4282 multo
1540 4227 1727 4283 labore
1755 4243 1820 4283 ac
1852 4227 2053 4284 sudore
2076 4269 2091 4293 ,
2126 4236 2182 4282 at

595 4328 818 4375 tenaces
855 4320 1107 4374 veritatis
1149 4328 1204 4374 et
1242 4319 1476 4390 iustitia:
1520 4319 1865 4390 pepererint,
1906 4319 2181 4391 siquidem

599 4425 697 4481 spe
731 4410 1026 4465 Dominum
1082 4411 1417 4481 respiciant,
1455 4422 1511 4467 et
1547 4414 1735 4483 egenis
1778 4413 1898 4467 illas
1938 4428 2038 4484 pro
2082 4428 2182 4469 sua

600 4504 834 4574 quisque
876 4502 1141 4560 facultate
1194 4506 1561 4571 distribuant,
1612 4506 1755 4561 bona
1798 4521 1885 4560 res
1929 4517 2085 4571 sunt,
2129 4514 2185 4561 et

601 4596 746 4651 bona
776 4596 1015 4651 afferunt
1048 4598 1363 4670 incorrupta
1389 4609 1555 4669 atque
1590 4609 1891 4669 perpetua;
1940 4600 2011 4654 ita
2045 4614 2178 4668 opes

602 4688 728 4753 illae,
758 4704 897 4758 quas
926 4689 1177 4745 homines
1196 4731 1211 4756 ,
1248 4706 1574 4761 quacunque
1625 4693 1838 4746 ratione
1864 4690 2178 4759 potuerint,

603 4790 893 4852 congestas
946 4781 1001 4836 in
1057 4797 1157 4837 sua
1204 4784 1491 4837 commoda
1536 4783 1869 4846 absumunt,
1912 4798 2089 4851 neque
2128 4783 2181 4837 in

600 4874 879 4942 egentium
926 4888 991 4928 ac
1030 4873 1410 4929 mendicorum
1456 4873 1767 4928 subsidium
1802 4874 2081 4938 derivant,
2115 4874 2183 4928 de

602 4966 803 5034 quibus
857 4966 997 5019 dixit
1074 4965 1338 5021 Dominus
1384 4984 1398 5019 :
1456 4984 1474 5016 ι
1512 4964 1764 5031 Quandiu
1821 4965 2033 5022 iccistis
2090 4983 2183 5022 unt

601 5074 669 5111 ex
709 5059 792 5112 his
844 5056 1106 5112 fratribus
1155 5063 1292 5113 meis
1343 5059 1622 5123 minimis,
1669 5060 1804 5113 mihi
1849 5058 2056 5114 fecistis
2103 5060 2182 5125 “,

602 5156 747 5205 mala
789 5168 876 5206 res
917 5161 1084 5217 sunt,
1116 5164 1169 5206 et
1209 5153 1409 5205 malam
1444 5154 1602 5222 plane
1636 5154 1942 5209 mercedem
1979 5155 2187 5223 impor-

605 5255 741 5299 tant.

680 5511 739 5566 Si
793 5514 920 5583 quis
968 5529 1098 5569 vero
1154 5517 1387 5587 mystico
1434 5520 1598 5573 etiam
1657 5534 1823 5574 sensu
1878 5519 2040 5574 verba
2096 5519 2189 5574 illa

609 5606 881 5660 comedere
910 5617 964 5662 et
1002 5608 1175 5664 bibere
1199 5611 1329 5665 velit
1363 5611 1731 5681 interpretari,
1765 5620 1824 5667 ut
1849 5613 1950 5669 hoc
1974 5618 2192 5683 proprie

612 5695 802 5752 bonum
830 5699 900 5754 ab
927 5698 1255 5758 Ecclesiaste
1277 5703 1690 5761 denominatum
1719 5708 2047 5772 contendat;
2082 5722 2189 5762 non

688 5877 733 5912 “
764 5878 953 5938 Matth.
986 5897 1115 5951 τιν,
1149 5883 1240 5938 40.

2264 2006 2328 2056 ἐκ
2358 2004 2450 2057 τοῦ
2481 2004 2643 2059 Θεοῦ.
2676 2007 2859 2076 Μόνης
2912 2007 3021 2076 γὰρ
3054 2007 3155 2075 τῆς
3199 2006 3549 2078 ἀνθρωπίνης
3585 2006 3848 2076 προαιρέ⁹

2266 2115 2405 2162 σεως
2438 2098 2533 2152 καὶ
2578 2100 3010 2171 πονηροϐουλίας
3041 2102 3189 2154 ἐστὶν
3224 2103 3504 2172 ἑκάτερον,
3541 2101 3608 2155 δι’
3638 2095 3705 2171 ἦς
3754 2099 3851 2154 καὶ

2264 2192 2386 2254 ταῖς
2442 2191 2780 2262 κραιπάλαις
2832 2192 3375 2263 καταδεδουλωμένος
3426 2193 3454 2246 ό
3504 2193 3851 2264 ταλαίπωρος

2266 2284 2556 2356 ἄνθρωπος
2588 2285 2830 2356 ἀμαυροῖ
2879 2286 2940 2339 τὸ
2965 2286 3064 2356 τῆς
3110 2286 3334 2357 λογικῆς
3368 2286 3546 2358 ψυχῆς
3588 2287 3851 2358 ἡγεμονι-

2268 2378 2363 2431 κὺν
2401 2378 2493 2430 καὶ
2545 2378 2682 2448 πρὸς
2727 2377 2827 2441 τὰς
2860 2378 3011 2442 θείας
3043 2378 3270 2441 νεώσεις
3321 2380 3417 2433 καὶ⁴
3470 2379 3709 2451 θεωρίας
3757 2380 3853 2433 καὶ

2267 2470 2616 2540 λειτουργίας
2653 2470 2981 2542 καθίστησιν
3024 2472 3406 2545 ἀνενέργητον.
3453 2473 3563 2526 Καὶ
3593 2482 3853 2541 ταμιευο-

2271 2578 2433 2633 μενος
2479 2562 2536 2615 δὲ
2581 2563 2719 2633 πρὸς
2769 2565 2991 2633 ἐτέρους
3043 2563 3351 2635 μοχθηροὺς
3406 2566 3503 2617 καὶ
3550 2563 3792 2633 φαύλους
3823 2568 3853 2619 6

2270 2660 2498 2724 πλοῦτος
2530 2662 2842 2731 προμνᾶται
2867 2663 2979 2724 τοῖς
3008 2659 3223 2730 ἔχουσιν
3268 2660 3431 2713 αὐτὸν
3462 2658 3855 2729 ἀτελευτήτους

2270 2750 2519 2813 κολάσεις
2540 2768 2553 2781 ·
2589 2751 2664 2815 ώς
2715 2751 2824 2823 γὰρ
2854 2752 2955 2805 ούκ
2999 2749 3265 2822 ⁴ι’λλεξησαν,
3288 2750 3413 2803 ὀὐδ’
3447 2750 3603 2804 αὐτοὶ
3636 2748 3854 2811 πάντως

2273 2843 2691 2914 ἐλεηθήσονται·
2722 2844 2818 2897 καὶ
2848 2846 2960 2907 τοῖς
2993 2842 3068 2914 μὴ
3096 2842 3408 2896 δανείσασιν
3433 2840 3534 2894 οὐκ
3576 2838 3857 2909 ἀντιδοθήο

2276 2951 2430 2987 σεται
2458 2935 2612 3005 παρά
2641 2934 2734 2989 τοῦ
2764 2934 3023 2999 λαϐόντος
3048 2933 3186 2987 Θεοῦ
3216 2933 3305 2987 διά
3336 2932 3437 3004 τῆς
3467 2932 3576 2987 τῶν
3608 2933 3857 3001 πενήτων

2276 3024 2494 3096 λήψεως
2522 3029 2558 3098 ἡ
2589 3025 2880 3091 ἀντίδοσις.

2351 3211 2425 3264 Τὸ
2452 3208 2632 3264 τοίνυν
2683 3211 2977 3281 σωφρόνως
3005 3212 3098 3264 καὶ
3138 3210 3491 3279 τεταγμένως
3535 3210 3731 3279 φαγεῖν
3761 3208 3862 3263 καὶ

2278 3305 2447 3364 πιεῖν,
2478 3303 2573 3356 atati.
2609 3302 2680 3357 τά
2713 3304 2867 3374 παρὰ
2895 3304 2994 3374 τῆς
3024 3302 3241 3371 φύσεως
3268 3302 3661 3373 ἀπαραιτήτως
3690 3302 3862 3369 ἀναγ-

2278 3398 2411 3449 καῖα
2457 3394 2772 3466 ζητούμενα
2817 3396 2987 3467 δρᾷν,
3037 3390 3112 3449 ὧν
3142 3398 3271 3450 ἄνευ
3319 3397 3416 3465 οὐχ
3463 3390 3573 3448 οἷόν
3604 3394 3663 3447 τέ
3711 3396 3863 3447 ἐστιν

2278 3487 2611 3558 ἐρρωμένως
2647 3486 2747 3557 ζῇν
2796 3489 2935 3557 πρὸς
2983 3488 3058 3557 τῷ
3108 3488 3203 3540 καὶ
3250 3486 3328 3558 τῷ
3378 3484 3709 3558 Δημιουργῷ
3761 3482 3864 3546 τὰς

2278 3580 2773 3651 κεχρεωστημένας
2804 3580 3114 3634 ἀποδιδόναι
3134 3580 3478 3651 λειτουργίας
3505 3579 3600 3632 καὶ
3628 3594 3864 3647 προσευ-

2278 3672 2379 3743 χὰς
2403 3674 2670 3744 ἡμερινὰς
2691 3675 2786 3727 καὶ
2808 3674 3150 3743 νυκτερινὰς,
3174 3675 3274 3744 τῆς
3298 3674 3448 3737 θείας
3467 3672 3669 3744 χειρὸς,
3695 3672 3865 3741 ἤγουν

2278 3764 2619 3835 άγαθὸτητος
2653 3766 2746 3818 καὶ
2782 3764 3000 3837 βουλῆς,
3037 3766 3199 3837 ἔργον
3233 3766 3382 3819 ἐστί·
3413 3766 3475 3819 τὸ
3502 3766 3561 3819 δὲ
3606 3763 3865 3834 περιττὸν

2280 3858 2373 3910 καὶ
2405 3856 2501 3926 τῆς
2541 3857 2846 3925 ἀναγκαίας
2874 3858 3065 3930 χρείας
3093 3858 3375 3930 πόρρωθεν
3421 3858 3501 3921 ὃν,
3530 3857 3627 3927 τῆς
3657 3852 3865 3908 λυττώ-

2282 3966 2382 4018 σης
2428 3950 2523 4001 καὶ
2560 3948 2859 4018 μανιώδους
2894 3948 3128 4019 γαστρὸς
3178 3950 3273 4002 καὶ
3319 3949 3713 4021 προαιρέσεως,
3748 3946 3848 4000 ἀλλ

2279 4042 2402 4112 οὐχὶ
2438 4042 2537 4113 τῆς
2584 4042 2735 4106 θείας
2778 4042 2956 4113 χειρὸς
2990 4042 3085 4094 καὶ
3116 4041 3330 4113 βουλῆς.
3364 4040 3439 4093 Τὸ
3490 4040 3623 4094 αὐτὸ
3672 4039 3728 4092 δέ
3778 4056 3865 4103 τις

2281 4136 2377 4188 καὶ⁵
2423 4135 2552 4206 περὶ
2582 4135 2675 4188 τοῦ
2712 4134 2945 4189 πλούτου
2996 4137 3189 4205 φήσειε
3222 4135 3660 4206 οπροσηκόντως·
3708 4132 3785 4192 ὡς
3835 4134 3866 4185 ὀ

2286 4228 2386 4298 μὲν
2413 4230 2521 4283 ἀπὸ
2555 4229 2757 4301 μόχθου
2806 4230 2901 4283 καὶ
2951 4230 3120 4283 κόπου
3164 4228 3396 4282 καὶτῶν
3429 4226 3575 4281 ίδίων
3620 4224 3867 4296 ἱδρώτων

2281 4322 2361 4393 τῷ
2411 4322 2687 4395 ἀνθρώπῳ
2738 4321 3227 4393 συναθροιζόμενος
3282 4321 3511 4383 πλοῦτος
3570 4320 3707 4391 μετά
3760 4318 3866 4388 τῆς

2284 4414 2603 4487 πρεπούσης
2636 4415 2895 4487 ἀληθείας
2923 4416 3016 4468 καὶ
3041 4414 3388 4485 δικαιοσύνης
3415 4416 3527 4477 τοῖς
3557 4413 3737 4484 ἔχουσι
3762 4413 3865 4476 τάς

2283 4505 2508 4570 ἐλπίδας
2536 4508 2630 4560 ἐπὶ
2653 4507 2744 4560 τὸν
2772 4507 3000 4578 Κύριον,
3036 4508 3130 4560 καὶ
3157 4506 3472 4576 διανέμουσι
3501 4506 3597 4560 καὶ⁸
3624 4506 3737 4569 τοῖς
3776 4506 3865 4558 ἐν-

2210 4634 2255 4691 D
2284 4598 2433 4652 δεέσι
2461 4599 2602 4653 κατὰ
2630 4600 2730 4670 τὴν
2758 4600 3054 4669 ἀναλογίαν
3097 4599 3197 4670 τῆς
3228 4598 3364 4661 ἰδίας
3391 4599 3696 4669 δυνάμεως,
3728 4599 3889 4666 ἀγα--

2286 4690 2378 4744 θόν
2408 4693 2526 4745 ἐστι
2550 4692 2644 4745 καὶ
2674 4690 2932 4762 πρόξενος
2963 4691 3185 4760 ἀγαθῶν
3229 4691 3523 4762 ἀκηράτων
3554 4692 3647 4745 καὶ
3680 4691 3867 4745 διαιωα

2284 4780 2540 4846 νιζόντων
2561 4799 2576 4814 ο
2608 4783 2669 4836 τὸ
2706 4783 2763 4837 δὲ
2796 4784 3047 4836 πλουτεῖν
3080 4784 3201 4854 μὲν,
3232 4786 3307 4847 ὡς
3336 4785 3403 4839 ἀν
3450 4802 3530 4847 τις
3565 4786 3660 4838 καὶ
3699 4783 3865 4852 δυνη-

2285 4875 2403 4945 θείη
2439 4875 2720 4939 πλουτεῖν,
2772 4877 2854 4940 είς
2900 4876 3091 4930 ἑαυτὸν
3134 4877 3192 4929 δὲ
3245 4878 3342 4930 καὶ
3392 4877 3533 4948 πρὸς
3582 4879 3679 4939 τὰς
3729 4877 3867 4939 ἰδίας

2285 4968 2476 5039 χρείας
2503 4970 2572 5021 τὰ
2614 4967 2708 5021 τοῦ
2752 4968 2984 5023 πλούτου
3015 4968 3472 5040 προσαναλίσκειν
3492 4986 3505 5000 ο
3545 4970 3620 5040 μὴ
3646 4967 3866 5038 λαμϐά-

2288 5077 2398 5113 νειν
2446 5059 2502 5112 δὲ
2530 5062 2823 5123 κοινωνοὺς
2856 5063 2959 5114 κάν
2994 5059 3167 5131 τούτῳ
3194 5062 3322 5123 τοὺς
3349 5062 3551 5125 ἐνδεεῖς
3580 5060 3676 5113 καὶ
3718 5079 3867 5114 πτω-

2285 5153 2547 5221 χεύοντας
2600 5156 2729 5224 περὶ
2776 5146 2852 5206 ὧν
2905 5150 3058 5207 εἶπεν
3117 5156 3147 5206 6
3198 5155 3403 5223 Κύριος
3434 5168 3448 5182 ⁸
3479 5174 3499 5205 ι
3576 5153 3691 5221 Ἐφ’
3743 5155 3870 5207 ὅσον

2287 5246 2583 5315 ἐποιήσατε
2616 5247 2695 5298 ἐνὶ
2727 5243 2932 5298 τούτων
2975 5246 3084 5299 τῶν
3127 5246 3373 5315 ἀδελφῶν
3413 5262 3515 5315 μου
3547 5244 3655 5299 τῶν
3689 5245 3873 5315 ἐλαχί-

2291 5353 2453 5404 στων,
2485 5337 2608 5409 ἐμοὶ
2650 5338 2972 5408 ἐποιήσατε”
3010 5357 3027 5389 ι
3060 5339 3299 5409 πονηρόν
3341 5339 3458 5391 ἐστι
3492 5338 3585 5391 καὶ
3616 5337 3874 5409 πονηρῶν

2292 5430 2702 5485 ἀνταποδόσεων
2732 5429 3014 5501 πρόξενον.

2358 5523 2419 5575 Ei
2447 5522 2503 5575 δέ
2529 5540 2613 5587 τις
2644 5521 2932 5594 βουληθείη
2985 5522 3080 5577 καὶ
3129 5524 3536 5592 μυστικώτερον
3582 5522 3876 5577 ὑπολαϐεῖν

2292 5614 2353 5668 τὸ
2383 5633 2402 5666 ι
2441 5618 2636 5683 φαγεῖν
2672 5633 2689 5665 ι
2726 5614 2820 5667 καὶ
2853 5634 2869 5665 ι
2923 5617 3089 5679 πιεῖν,
3130 5636 3149 5669 ι
3191 5616 3276 5669 ἵνα
3318 5614 3475 5669 τοῦτο
3523 5615 3618 5668 καὶ
3667 5616 3876 5685 κυρίως

2300 5725 2318 5758 ι
2340 5706 2543 5774 ἀγαθὸν
2565 5725 2583 5759 ι
2609 5705 2970 5777 ὀνομάζεσθαι
2994 5707 3071 5780 τῷ
3094 5708 3493 5778 Ἐκκλησιαστῇ
3517 5706 3879 5777 καταγγείλῃ,
