4172 6530
548 404 655 471 839

1653 395 1717 455 S.
1759 392 2139 456 GREGORII
2193 388 2710 453 AGRIGENTINI

3716 386 3825 455 840

619 519 731 591 68
748 516 965 587 Congru
976 524 1075 571 unt
1098 513 1241 570 inter
1263 528 1322 569 se
1340 512 1447 569 hoc
1469 511 1813 569 Ecclesiaste
1834 511 2055 566 eﬂ‘atum
2078 519 2131 565 et

2309 508 2664 579 Παράλληλόν
2696 509 2812 561 ἐστι
2841 506 2902 560 τὸ
2933 505 3109 577 παρὸν
3144 506 3309 577 ῥητὸν
3356 505 3452 559 τοῦ
3492 506 3824 578 Ἐκκλησια-

545 610 753 678 Moysis
788 608 1032 677 theologi
1064 607 1212 662 illius
1239 606 1422 677 magni
1456 605 1617 659 verba
1645 604 1882 659 dicentis
1915 623 1927 658 :
1970 621 1989 654 ι
2019 601 2127 655 Ρο-

545 704 658 758 suit
681 701 827 755 Deus
854 708 982 754 ante
1016 705 1378 767 conspectum
1412 707 1567 750 tuum
1596 695 1763 749 vitam
1789 703 1844 747 et
1872 703 2126 758 mortem,

544 794 750 848 bonum
781 800 833 845 et
863 790 1069 844 malum
1101 789 1202 859 (2).
1241 809 1259 843 ι
1298 787 1434 842 Nam
1490 787 1785 855 unicuique
1840 784 2128 840 hominum

488 934 494 955 ,
542 885 751 940 Auctor
804 884 978 937 nostri
1034 882 1254 953 generis
1307 890 1363 935 et
1416 880 1760 934 naturalibus
1810 890 1864 932 et
1909 878 2128 948 scriptis

543 978 761 1047 legibus
808 977 980 1043 dedit,
1040 986 1099 1030 ut
1147 992 1271 1045 qua:
1312 975 1454 1029 bona
1507 988 1739 1043 qumque
1788 972 2040 1038 meliora,
2077 979 2131 1025 et

543 1071 688 1124 mala
725 1070 853 1123 item
886 1084 1009 1138 quae
1040 1076 1221 1122 essent
1266 1082 1501 1137 quaeque
1549 1066 1757 1136 pejora,
1794 1078 2131 1135 cognoscere

542 1173 730 1235 posset
758 1181 771 1217 :
809 1178 873 1216 ac
903 1160 1376 1231 quemadmodum
1427 1175 1587 1213 unam
1620 1159 1855 1229 quisque
1892 1158 2131 1213 rationa-

548 1256 654 1310 lem
716 1255 1229 1324 intelligentemque
1281 1252 1511 1307 sortitus
1562 1262 1647 1307 est
1698 1252 1984 1314 animam,
2053 1250 2129 1303 ita

544 1364 715 1402 unam
754 1347 957 1416 pariter
992 1344 1339 1399 aﬂeetionem
1374 1344 1604 1398 haberet
1637 1344 1836 1398 bonam
1880 1342 2127 1396 honesti-

543 1456 654 1510 que
680 1440 1010 1503 studiosam,
1043 1438 1409 1507 seligeretqne
1439 1436 1584 1490 bona
1618 1433 1767 1489 factu
1803 1443 1857 1488 et
1890 1434 2125 1503 potiora,

543 1537 690 1588 unde
719 1534 881 1586 vitam
915 1531 1198 1598 hauriret;
1243 1528 1647 1583 contrariorum
1685 1542 1815 1582 vero
1850 1527 2128 1596 optionem

543 1638 600 1684 et
624 1628 898 1682 delectum
941 1635 1203 1694 tanquam
1239 1622 1589 1677 mortiferum
1621 1630 1924 1690 respueret,
1964 1630 2130 1689 atque

547 1737 577 1776 a
634 1721 742 1774 vita
800 1720 990 1790 procul
1031 1718 1422 1773 detestaretur.
1476 1715 1547 1771 At
1606 1715 1885 1780 homines,
1952 1730 2131 1783 quan-

545 1829 714 1884 quam
756 1822 1010 1867 naturam
1045 1810 1189 1866 nacti
1227 1826 1352 1865 cum
1386 1810 1720 1865 intrinsecus
1755 1809 1827 1869 vi.
1860 1809 2126 1877 potentia,

548 1906 859 1970 allectibus,
910 1914 1025 1960 tum
1071 1904 1419 1959 extrinsecus
1476 1902 1918 1958 conformatione
1975 1900 2132 1955 habi-

548 2008 721 2068 tuque
756 2012 921 2051 unam
956 2006 1121 2066 atque
1160 1995 1437 2064 eamdem,
1465 2011 1665 2067 magna
1711 2011 1778 2050 ex
1818 1994 2132 2066 ignorantia

546 2090 898 2155 honestatis,
934 2097 988 2143 et
1036 2104 1104 2144 ex
1150 2089 1419 2159 pravitate
1460 2088 1679 2143 consilii
1737 2088 1792 2143 in
1849 2096 2131 2151 naturam,

338 2220 347 2237 .
452 2234 459 2243 ,
547 2199 672 2253 qua:
704 2196 814 2235 una
844 2191 1010 2248 esset,
1048 2180 1379 2236 divisionem
1426 2180 1766 2235 induxerunt
1810 2180 2130 2247 absurdam,

550 2281 614 2329 ut
644 2272 852 2325 variam
898 2269 1288 2341 diversamque
1337 2271 1542 2325 mentis
1578 2270 1830 2325 humanae
1871 2270 2132 2325 volunta-

546 2374 656 2418 tem
701 2364 1164 2418 demonstrarent.
1209 2362 1318 2417 Alii
1355 2362 1502 2417 enim
1538 2362 1636 2432 (ὅ),
1679 2364 1809 2433 quia
1853 2361 2132 2418 honestati

545 2461 874 2530 veritatique
902 2459 1142 2522 student,
1166 2470 1377 2511 natura:
1414 2456 1613 2512 limites
1635 2457 1878 2519 reveriti,
1899 2473 1985 2521 ea,
2008 2472 2133 2527 qme

548 2553 822 2607 naturalis
881 2551 1169 2620 prudentia
1220 2548 1584 2620 prmscripsit,
1634 2559 1825 2605 sancte
1877 2559 2128 2614 servant,

548 2662 652 2701 nec
681 2662 804 2715 qua:
842 2646 910 2701 ab
940 2644 1067 2699 aliis
1097 2644 1241 2699 ferre
1270 2644 1468 2712 nolint,
1501 2644 1602 2714 ipsi
1635 2645 1895 2715 cuiquam
1930 2644 2135 2699 inferre

550 2739 756 2793 audent
814 2756 828 2793 :
890 2738 1142 2808 quinimo
1199 2737 1346 2808 quod
1402 2736 1508 2791 sibi
1569 2736 1638 2791 ab
1696 2737 1821 2792 aliis
1886 2736 2132 2807 prmstari

547 2832 773 2901 dignum
808 2838 1025 2901 putant,
1065 2831 1173 2884 hoc
1213 2838 1267 2885 et
1293 2829 1398 2900 ipsi
1434 2828 1560 2883 aliis
1605 2836 1911 2899 prtestant:
1946 2829 2135 2899 itaque

547 2924 766 2978 divinas
802 2924 949 2993 leges
995 2932 1049 2977 et
1089 2932 1301 2977 natura:
1345 2923 1669 2992 praescripta
1711 2922 1869 2992 plane
1901 2922 2042 2977 inter
2075 2938 2135 2977 se

547 3016 866 3072 consentire
905 3015 1215 3071 declarant.
1267 3014 1464 3071 Caneri
1517 3030 1672 3083 Vero,
1729 3030 1852 3085 qua:
1886 3015 2031 3071 ratio
2077 3016 2133 3069 in

547 3106 746 3178 primis
773 3116 826 3161 et
860 3106 1108 3160 omnium
1136 3106 1405 3160 virtutum
1439 3106 1667 3161 domina
1704 3114 1757 3160 et
1786 3105 1972 3176 regina
2003 3120 2135 3175 pru-

2234 603 2361 657 στοῦ
2403 604 2481 675 τῷ
2525 603 2794 672 φάσκοντι
2840 601 2990 675 ρητῷ
3038 600 3132 655 τοῦ
3179 600 3419 672 μεγάλου
3456 601 3682 655 καὶτοῦ
3712 601 3827 658 θεο-

2231 697 2496 766 φάντορος
2518 695 2828 758 Μωῦσέως·
2859 714 2877 745 ι
2906 694 3165 748 Τέθεικεν
3186 696 3214 748 ὁ
3234 694 3366 757 Θεὸς
3393 695 3500 765 πρὸ
3525 694 3826 766 προσώπου

2233 804 2327 839 σου
2356 785 2455 857 τὴν
2486 786 2633 857 ζωὴν
2677 787 2772 839 καὶ
2801 785 2892 839 τὸν
2923 783 3175 848 θάνατον,
3218 786 3280 838 τὸ
3309 786 3475 840 καλὸν
3503 788 3598 840 καὶ
3630 789 3692 841 τὸ
3725 807 3826 842 κα-

2230 880 2345 935 κόν.
2385 899 2403 932 ι
2442 880 2612 934 Παντὶ
2648 879 2756 951 γὰρ
2792 879 3066 951 ἀνθρώπῳ
3094 879 3193 949 τὴν
3222 879 3509 950 διάγνωσιν
3541 881 3652 934 τῶν
3679 882 3822 949 ἀγα-

2232 971 2340 1027 θῶν
2396 972 2491 1025 καὶ⁵
2533 973 2882 1043 κρειττόνων,
2918 974 3016 1024 καί⁹
3067 970 3129 1024 τὸ
3160 971 3396 1044 ἔμπαλιν
3421 972 3532 1025 τῶν
3567 974 3824 1045 πονηρῶν

2232 1067 2325 1117 καὶ
2357 1062 2617 1134 χειρόνων
2647 1063 2878 1117 δέδωκεν
2900 1064 2929 1116 ὁ
2956 1064 3321 1133 Δημιουργὸς,
3353 1064 3449 1119 καὶ
3475 1065 3562 1118 διὰ
3583 1066 3693 1118 τῶν
3722 1068 3825 1137 ἐμ-

2232 1156 2415 1226 φύτων
2438 1156 2642 1226 νόμων,
2671 1156 2765 1210 καὶ
2790 1155 2877 1209 διὰ
2905 1156 3015 1209 τῶν
3044 1156 3328 1228 γραπτῶν,
3355 1157 3443 1210 ἵνα
3474 1156 3658 1221 καθὼς
3692 1160 3825 1229 μιᾶς

2229 1249 2411 1319 ψυχῆς
2439 1248 2667 1319 λογικῆς
2688 1248 2783 1303 καὶ
2799 1251 2992 1321 νοερᾶς
3014 1248 3385 1321 λελό[γ]χασιν
3408 1251 3668 1319 ἅπαντες,
3691 1254 3822 1323 μίαν

2231 1344 2327 1397 καὶ
2358 1343 2601 1397 διάθεσιν
2626 1342 2826 1412 ἔχωσιν
2854 1341 3070 1415 ἀγαθὴν
3107 1346 3202 1397 καὶ
3236 1344 3546 1412 φιλόκαλον,
3584 1348 3679 1399 καὶ
3710 1347 3823 1402 τῶν

2232 1433 2454 1502 ἀγαθῶν
2481 1434 2576 1487 καὶ
2598 1434 2926 1505 κρειττόνων
2951 1436 3045 1488 καὶ
3068 1434 3344 1506 προξένων
3369 1438 3468 1503 τῆς
3490 1436 3635 1507 ζωῆς
3662 1438 3822 1492 ἐκλέ-

2233 1544 2440 1596 γωνται
2461 1527 2560 1589 τάς
2586 1526 2836 1597 πράξεις’
2857 1526 2966 1580 τῶν
2989 1528 3387 1596 ἀντικειμένων
3414 1527 3469 1580 δὲ
3493 1528 3705 1592 τούτοις
3720 1529 3821 1598 τὴν

2232 1622 2443 1692 αἰρεσιν
2464 1623 2559 1675 καὶ
2579 1620 2677 1691 τὴν
2699 1621 2952 1691 ἐκλογὴν,
2968 1620 3045 1685 ώς
3067 1621 3302 1675 θανάτου
3324 1625 3616 1693 ποιητικὴν
3633 1624 3821 1677 ἀποδι-

2228 1714 2513 1786 δράσκωσι
2539 1715 2634 1768 καὶ
2658 1714 2853 1785 πόρρω
2873 1714 2971 1785 τῆς
3003 1712 3141 1778 ιδίας
3170 1712 3316 1784 ζωῆς
3349 1715 3820 1785 παραπέμπωσιν.

2245 1808 2406 1863 Ἀλλὰ
2431 1809 2530 1878 τὴν
2557 1808 2729 1878 αὐτὴν
2762 1808 2857 1860 καὶ
2892 1808 3021 1878 μίαν
3049 1807 3212 1876 φύσιν
3254 1806 3508 1877 λαχόντες
3546 1808 3637 1861 καὶ
3677 1807 3820 1862 κατὰ

2234 1902 2335 1966 τάς
2366 1901 2647 1972 ἐνεργείας
2669 1901 2765 1954 καὶ
2784 1900 3044 1971 δυνάμεις
3067 1901 3162 1954 καὶ
3185 1900 3458 1963 διαθέσεις
3482 1900 3577 1954 τοῦ
3607 1900 3821 1955 ἔνδοθεν

2235 1992 2547 2063 ἀνθρώπου,
2563 1990 2658 2044 καὶ
2675 1990 2819 2044 κατὰ
2833 1989 2931 2061 τὴν
2953 1989 3247 2044 διάπλασιν
3267 1988 3365 2043 καὶ
3382 2006 3484 2061 σχη
3493 1987 3822 2060 ματοθεσίαν

2235 2085 2331 2140 τοῦ
2360 2084 2582 2153 ἔξωθεν,
2612 2084 2877 2155 διαίρεσιν
2906 2082 3216 2155 παράλογον
3247 2084 3328 2146 είς
3356 2082 3457 2154 τὴν
3487 2083 3618 2154 μίαν
3652 2082 3823 2152 φύσιν

2236 2177 2766 2251 παρεισκεκρίκασιν
2794 2178 2861 2230 ὲκ
2887 2176 3089 2247 πολλῆς
3112 2176 3509 2247 ἀπειροκαλίας
3532 2178 3627 2230 καὶ
3648 2194 3821 2247 πονη-

2238 2274 2544 2347 ρο6ουλίας,
2573 2273 2795 2329 ἀλλοίαν
2828 2272 2925 2326 καὶ
2957 2273 3216 2344 διάφορον
3247 2271 3688 2343 ἐπιδεικνύμενοι
3722 2272 3823 2342 τῆς

2234 2369 2460 2439 λογικῆς
2488 2366 2666 2438 ψυχῆς
2690 2367 2789 2437 τὴν
2821 2366 3159 2438 προαίρεσιν.
3202 2368 3265 2421 Ol
3301 2365 3400 2436 μὲν
3429 2366 3539 2437 γάρ
3571 2366 3682 2419 τῶν
3720 2365 3824 2437 τῆς

2236 2461 2452 2530 φύσεως
2482 2461 2644 2532 ὅρων,
2671 2454 2758 2513 οἶα
2786 2460 2851 2529 δὴ
2883 2458 3166 2529 φιλόκαλοι
3187 2459 3282 2512 καὶ
3304 2457 3645 2530 φιλαλήθεις,
3672 2459 3825 2522 ἐντὸς

2238 2554 2553 2626 βουλόμενοι
2592 2552 2889 2624 διαμένειν,
2921 2552 2993 2605 τά
3020 2551 3325 2624 κεκριμένα
3357 2556 3421 2623 τῇ
3456 2555 3662 2622 φυσικῇ
3690 2569 3826 2624 φρο-

2235 2647 2388 2717 νήσει
2413 2645 2793 2714 φυλάττουσιν,
2826 2644 2929 2698 οὐκ
2957 2642 3234 2707 ἐθέλοντες
3260 2643 3445 2707 ἄλλοις
3470 2645 3664 2708 ποιεῖν,
3695 2642 3723 2695 ὃ
3747 2641 3825 2713 μὴ

2238 2737 2517 2810 βούλονται
2566 2738 2801 2809 πάσχειν
2857 2738 3018 2792 αὐτοὶ
3066 2737 3199 2809 παρ’
3243 2735 3482 2807 ἑτέρων·
3528 2735 3644 2791 ἀλλ’
3686 2737 3825 2808 ὅπερ

2235 2829 2481 2896 ἀξιοῦσιν
2516 2830 2711 2895 ἄλλους
2758 2830 2894 2903 δρᾷν
2950 2830 3032 2895 είς
3074 2830 3293 2896 αὐτοὺς,
3330 2827 3491 2883 τοῦτο
3534 2828 3629 2882 καὶ
3666 2826 3826 2882 αὐτοὶ

2235 2921 2404 2993 δρῶσι
2432 2924 2546 2986 τοῖς
2578 2922 2791 2988 ἄλλοις·
2829 2923 2925 2977 καλ⁸
2954 2922 3130 2996 ταύτῃ
3162 2939 3246 2975 τοι
3280 2921 3376 2975 καὶ
3402 2923 3528 2985 τοὺς
3559 2920 3655 2975 τοῦ
3686 2920 3824 2975 Θεοῦ

2236 3017 2433 3088 νόμους
2462 3015 2774 3088 συμφώνως
2800 3018 2912 3081 τοῖς
2944 3015 3045 3087 τῆς
3078 3013 3296 3085 φύσεως
3342 3015 3491 3085 ὅροις
3525 3013 3826 3083 ὲναποφαί-

2236 3125 2441 3165 νουσιν.
2472 3108 2695 3182 Ἕτεροι
2722 3108 2780 3162 δὲ
2809 3108 2879 3163 τά
2907 3108 3062 3180 παρά
3105 3106 3218 3161 τῶν
3253 3107 3514 3180 ἐμφύτων
3546 3106 3826 3178 λογισμῶν

551 3200 737 3255 (lentia
789 3201 933 3253 inter
968 3199 1200 3254 honesta
1244 3207 1300 3253 et
1340 3198 1493 3269 justa
1544 3207 1599 3253 et
1644 3198 1804 3253 utilia
1856 3207 2131 3262 numerat.

2236 3201 2332 3255 καὶ
2362 3200 2464 3270 τῆς
2493 3200 2844 3273 κυριωτάτης
2871 3200 2965 3253 καὶ
2993 3199 3267 3270 βασιλίδος
3306 3200 3420 3254 τῶν
3459 3200 3670 3271 ἀρετῶν
3714 3200 3827 3255 τῶν

549 3310 676 3349 cum
734 3294 1075 3348 honestatem
1125 3292 1254 3347 odio
1292 3301 1720 3364 prosequantur,
1768 3292 1916 3347 ultro
1960 3306 2129 3362 prava

550 3384 1007 3453 interpretatione
1035 3393 1398 3455 pervertunt:
1433 3385 1538 3440 hoc
1573 3385 1745 3450 enim,
1779 3394 1840 3438 ut
1868 3384 2130 3451 arbitror,

552 3476 716 3529 verba
768 3475 1081 3545 signiﬁcant
1136 3474 1276 3529 illa:
1324 3493 1344 3526 ι
1381 3474 1463 3529 Ad
1509 3473 1752 3530 dandum
1803 3474 1951 3529 bono
2006 3484 2133 3529 ante

552 3569 749 3623 faciem
781 3568 912 3633 Dei;
955 3586 975 3619 ι
1027 3567 1290 3621 nimirum
1338 3567 1552 3637 peccati
1611 3568 1808 3622 avidus
1857 3566 2024 3620 homo
2076 3574 2133 3621 et

547 3675 817 3715 vanarum
874 3658 1272 3728 cogitationum
1346 3657 1587 3727 plenus,
1638 3671 1764 3710 cum
1805 3670 1865 3711 se
1915 3655 1968 3709 in
2011 3669 2134 3709 om-

548 3770 676 3809 nem
714 3753 1134 3822 perversitatem
1169 3751 1695 3821 improhitatemque
1740 3751 1993 3819 proiecit,
2039 3764 2135 3805 sa-

548 3848 838 3919 pientiam,
873 3846 1077 3917 inquit,
1118 3854 1174 3900 et
1207 3845 1521 3911 scientiam,
1565 3854 1621 3899 et
1653 3860 1817 3915 quam
1855 3846 1973 3899 haec
2014 3843 2135 3898 ani-

548 3944 659 3999 mis
710 3940 912 3996 rationi
946 3939 1382 4009 obsequentibus
1426 3939 1672 3993 ltetitiam
1721 3938 1898 4003 aﬂ'ert,
1945 3946 2000 3993 et
2046 3937 2133 3992 di-

546 4036 737 4092 vinum
785 4034 893 4105 67
945 4032 1205 4104 gaudium
1247 4046 1312 4086 ac
1338 4030 1769 4102 jucunditatem,
1816 4046 1940 4101 quze
1984 4028 2133 4085 Deus

544 4126 862 4183 volentibus
903 4125 1000 4179 dat
1038 4123 1318 4191 omnibus,
1373 4138 1477 4194 ego
1514 4125 1568 4179 in
1602 4124 1745 4179 votis
1786 4140 1894 4179 non
1933 4125 2130 4192 habeo,

545 4220 659 4276 sint
695 4219 886 4287 utique
920 4228 1050 4273 ante
1074 4228 1434 4290 conspectum
1476 4226 1656 4285 tuum,
1691 4222 1911 4289 quando
1939 4234 2135 4289 nempe

549 4312 698 4367 Deus
736 4311 837 4366 tibi
880 4310 1111 4366 dederit.
1148 4311 1363 4368 Idcirco
1407 4310 1653 4381 adjecit:
1698 4330 1718 4363 ε
1766 4310 2039 4377 Quoniam
2080 4322 2137 4367 et

550 4402 661 4457 hoe
701 4402 916 4457 vanitas
954 4411 1009 4456 et
1048 4402 1407 4471 prasumptio
1448 4400 1679 4471 spiritus
1700 4399 1767 4455 “.
1798 4418 1819 4452 ι
1866 4397 2133 4455 Usitatam

545 4494 883 4551 sententiam
911 4507 1132 4547 rursum
1179 4492 1408 4557 iterans,
1442 4508 1551 4562 qua
1589 4508 1685 4547 eos
1721 4508 1751 4546 a
1789 4506 1850 4548 se
1878 4492 2129 4549 damnari

542 4583 845 4657 signiﬁcat,
878 4582 975 4652 qui
1007 4580 1146 4636 falsa
1175 4592 1229 4636 et
1257 4581 1398 4636 tnala
1433 4591 1758 4653 prmoptant.

619 4678 665 4731 A
704 4691 943 4745 quorum
982 4675 1288 4730 imitatione
1332 4689 1529 4731 omnes
1562 4675 1753 4745 procul
1788 4676 1983 4732 abesse
2012 4687 2131 4733 stu-

547 4768 778 4823 deamus
811 4786 825 4821 :
863 4781 923 4822 ut
973 4778 1029 4823 et
1076 4782 1305 4832 eorum,
1366 4783 1489 4836 quae
1550 4767 1690 4822 mala
1742 4782 1808 4822 ac
1843 4769 2132 4841 ,fngienda

548 4870 680 4918 sunt
711 4861 990 4931 optionem
1039 4861 1167 4915 totis
1212 4860 1423 4917 viribus
1463 4876 1494 4915 a
1534 4860 1697 4917 nobis
1734 4862 2131 4932 deprecemur;

547 4963 603 5009 et
630 4968 752 5023 qua:
796 4952 960 5023 digna
1004 4950 1254 5017 onmino,
1305 4961 1365 5004 ut
1413 4950 1708 5021 eligantur,
1764 4966 1829 5005 ac
1868 4952 2131 5009 salutaria

548 5047 679 5111 sint,
715 5060 781 5099 ea
820 5044 983 5099 nobis
1014 5043 1082 5097 ad
1123 5042 1393 5113 agendum
1423 5052 1479 5097 et
1520 5042 1873 5115 cogitandum
1919 5060 2131 5115 praesu-

618 5203 665 5234 “
709 5202 886 5256 Eccle.
930 5198 1109 5268 11,26.

621 5320 699 5387 (2)
745 5316 960 5387 Denter.
1002 5331 1053 5371 c.
1089 5331 1217 5381 xxx,
1266 5334 1322 5370 n.
1355 5313 1445 5387 l9,
1493 5312 1587 5369 sed
1606 5312 1732 5387 haec
1761 5321 1890 5368 sunt
1917 5312 2135 5387 Moysis

544 5383 710 5446 verba
744 5404 757 5440 :
793 5387 905 5458 Τὴν
936 5386 1083 5456 ζωὴν
1106 5392 1200 5440 καὶ
1227 5388 1317 5440 τὸν
1347 5385 1577 5458 θάνατον
1601 5383 1808 5458 δέδωκα
1836 5384 1943 5455 πρὸ
1969 5383 2135 5456 προσ.

548 5461 699 5514 ώπου
734 5454 911 5525 ὑμῶν,
947 5454 1049 5527 τὴν
1074 5458 1323 5524 εὐλογίαν
1355 5456 1574 5527 καὶντὴν
1597 5454 1874 5527 κατάραν.

622 5532 698 5600 (5⁷)
738 5528 861 5583 Ηιιιο
902 5525 1020 5600 ipsa
1079 5532 1267 5597 paucis
1317 5526 1585 5600 Eusebius
1622 5543 1635 5578 :
1666 5525 1775 5600 Kal
1827 5525 1990 5589 αὐτὸς
2034 5526 2134 5596 μὲν

545 5597 749 5671 ὁμοίως
785 5601 883 5664 τὴν
915 5597 1076 5667 φύσιν
1112 5600 1237 5671 τοὺς
1260 5599 1466 5671 πάντας
1497 5597 1969 5671 ὑποστησάμενος,
1997 5614 2133 5671 προ-

549 5668 761 5740 αἰρέσει
818 5671 995 5739 οίκείᾳ
1049 5670 1304 5740 χρῆσθαι,
1330 5668 1466 5738 πρὸς
1513 5668 1611 5737 τὴν
1654 5668 1764 5740 τῶν
1804 5668 2133 5740 κρειττόνων

549 5736 760 5811 αἵρεσιν
816 5742 928 5801 τοῖς
971 5736 1149 5792 πᾶσιν
1184 5736 1386 5811 ὁμοίως
1442 5736 1889 5811 συγκεχώρηκεν.
2048 5738 2128 5811 δε,

548 5808 646 5868 ἀτέ
678 5810 855 5881 κύριοι
886 5811 1095 5881 ἑαυτῶν
1128 5810 1493 5881 καθεστῶτες,
1530 5808 1719 5881 ἄφετοί
1762 5826 1821 5860 τε
1840 5810 1951 5881 καὶ
1980 5808 2130 5861 ἐλεύ-

552 5883 703 5954 θεροι
732 5878 833 5952 τὴν
865 5880 1063 5951 ὁρμὴν,
1094 5878 1541 5950 αὑτοπροαιρὲτῳ
1585 5879 1782 5950 γνώμῃ
1834 5879 2130 5951 διέστησαν

2235 3293 2471 3363 γενικῶν
2502 3293 2604 3365 τῆς
2637 3294 2975 3364 φρονήσεως,
3023 3290 3289 3362 νοηθέντα
3330 3290 3474 3346 καλά
3516 3294 3611 3347 καὶ
3637 3293 3825 3348 δίκαια

2232 3386 2329 3440 καὶ
2362 3385 2733 3456 συμφέροντα,
2761 3385 2850 3440 διὰ
2878 3386 3171 3455 μισόκαλον
3213 3385 3441 3456 γνώμην
3478 3386 3825 3458 αὐθαιρέτως

2233 3476 2723 3549 παραλογίζονται.
2755 3478 2867 3531 Καὶ
2889 3476 3052 3531 τοῦτο
3080 3477 3214 3549 γὰρ,
3249 3479 3325 3542 ώς
3353 3474 3528 3549 οἶμαι,
3561 3478 3826 3550 σημαίνει

2231 3567 2314 3633 τὸ,
2344 3585 2363 3619 ι
2395 3567 2590 3621 Δοῦναι
2633 3567 2712 3639 τῷ
2741 3566 2931 3639 ἀγαθῷ
2975 3568 3083 3639 πρὸ
3129 3567 3425 3639 προσώπου
3467 3568 3564 3623 τοῦ
3602 3567 3764 3623 Θεοῦ’
3795 3588 3819 3622 ι

2230 3659 2535 3725 τουτέστιν,
2562 3661 2660 3724 Εἰς
2694 3662 2875 3715 πᾶσαν
2914 3659 3193 3728 ἐξοκείλας
3215 3661 3576 3716 κακοϐουλίαν
3600 3663 3695 3716 καὶ
3722 3679 3824 3715 πο-

2232 3749 2608 3822 νηροπραξίαν
2635 3750 2735 3822 τὴν
2765 3750 2959 3821 σοφίαν
3002 3751 3097 3805 καὶ
3129 3751 3229 3822 τὴν
3256 3750 3460 3818 γνῶσιν
3498 3750 3597 3804 καὶ
3627 3750 3726 3822 τὴν
3751 3747 3823 3805 δι’

2232 3841 2414 3896 αὐτῶν
2449 3843 2809 3914 ὲγγινομένην
2837 3845 2959 3907 ταῖς
2983 3843 3231 3913 λογικαῖς
3259 3842 3510 3913 καρδίαις
3547 3842 3821 3912 εὐφροσόει

2234 3950 2334 4004 νην
2388 3935 2485 3988 καὶ
2524 3934 2676 3989 θείαν
2722 3935 3046 4004 ἀγαλλίασιν
3088 3934 3184 3989 καὶ
3224 3933 3421 4005 χαράν,
3462 3933 3530 4006 ἢν
3560 3933 3760 3987 ἔδωκεν
3791 3936 3822 3989 ό

2233 4025 2369 4090 Θεὸς
2403 4028 2537 4079 πᾶσι
2570 4030 2684 4091 τοῖς
2706 4026 3076 4097 βουλομένοις,
3105 4026 3405 4098 ἀϐούλητον
3431 4026 3559 4097 ἔχω,
3595 4026 3762 4096 φησὶν
3792 4028 3824 4080 ὁ

2235 4118 2678 4189 φιλαμαρτήμων
2731 4118 2827 4170 καὶ
2884 4119 3270 4189 ματαιόφρων·
3316 4118 3561 4173 ἔστωσαν
3605 4118 3663 4172 δὲ
3713 4120 3825 4191 πρὸ

2235 4209 2531 4281 προσώπου
2573 4226 2690 4275 σου,
2716 4209 2920 4280 δηλαδὴ
2958 4208 3055 4263 τοῦ
3088 4208 3227 4263 Θεοῦ
3260 4227 3343 4265 σοι
3382 4210 3700 4276 δεδωκότος.
3729 4212 3823 4265 Διὸ

2235 4301 2329 4354 καὶ
2365 4302 2643 4373 ἐπήγαγεο
2680 4318 2699 4352 ι
2736 4300 2846 4355 Καί
2890 4318 2956 4371 γε
2990 4300 3153 4356 τοῦτο
3208 4303 3507 4374 ματαιότης
3563 4305 3659 4359 καὶ
3696 4321 3826 4374 προ-

2234 4393 2447 4464 αίρεσις
2499 4396 2843 4467 πνεύματος·
2878 4413 2898 4447 ι
2950 4394 3012 4449 τὸ
3054 4396 3287 4466 σύνηθες
3332 4397 3668 4469 ἀπόφθεγμα
3728 4400 3826 4453 καὶ

2236 4486 2573 4557 σημαντικὸν
2614 4485 3019 4556 καταγνώσεως
3059 4486 3171 4540 τῶν
3209 4488 3280 4542 τὰ
3315 4487 3486 4562 ψευδῆ
3518 4490 3614 4543 καὶ
3642 4488 3825 4561 φαῦλα

2162 4573 2209 4630 Ι)
2236 4578 2714 4648 προαιρουμένων,
2740 4578 2839 4634 καὶ
2864 4580 2961 4635 νῦν
2986 4575 3143 4646 αὖθις
3178 4581 3368 4638 είπών.

2307 4665 2410 4725 Ὧν
2452 4671 2554 4741 τῆς
2590 4673 2877 4743 μιμήσεως
2917 4674 3108 4745 πόρρω
3135 4674 3391 4744 γενέσθαι
3431 4676 3829 4747 σπουδάσωμεν

2238 4764 2498 4828 ἅπαντες,
2531 4765 2625 4818 καὶ
2653 4765 2765 4819 τῶν
2794 4766 3045 4835 φευκτῶν
3090 4768 3188 4821 καὶ
3229 4768 3451 4835 φαύλων
3480 4767 3578 4839 τὴν
3610 4769 3828 4839 αἵρεσιν

2239 4856 2403 4910 παντὶ
2433 4857 2611 4911 σθένει
2640 4857 2927 4929 διαδρᾶναι
2958 4858 3431 4932 προθυμηθῶμεν·
3461 4860 3570 4914 τῶν
3589 4860 3829 4930 αἱρετῶν

2236 4947 2295 5001 δὲ
2329 4945 2408 5017 τῷ
2449 4948 2564 5001 όντι
2600 4948 2694 5001 καὶ
2733 4950 3019 5003 σωστικῶν
3064 4950 3425 5021 προελώμεθα
3464 4950 3563 5014 τάς
3599 4950 3829 5020 πράξεις

2240 5040 2336 5093 καὶ
2370 5039 2471 5103 τὰς
2497 5039 2708 5104 ἑννοίας
2727 5058 2742 5073 ·
2772 5041 2862 5098 ἴνα
2891 5044 2988 5096 καὶ
3017 5041 3119 5113 τῆς
3147 5044 3254 5097 τῶν
3277 5044 3522 5113 οὐρανῶν
3550 5044 3829 5116 βασιλείας

2234 5316 2285 5368 οί
2322 5316 2421 5385 μὲν
2445 5316 2545 5393 τῂν
2575 5317 2795 5393 αὖθι-ζαν
2813 5319 3041 5393 ὁδεύειν,
3067 5322 3115 5374 οί
3146 5320 3203 5374 δὲ
3229 5321 3330 5393 τὴν
3354 5322 3683 5393 διάστροφον
3716 5326 3833 5378 ἐλόο

2236 5403 2409 5460 μενοι.
2445 5388 2501 5455 Id
2524 5398 2608 5443 est
2641 5406 2655 5443 :
2686 5389 2751 5460 Et
2777 5390 2887 5459 ipse
2916 5392 3147 5460 quidem,
3180 5388 3300 5445 cuni
3327 5388 3605 5447 universos
3630 5406 3831 5449 natura

2233 5456 2849 5533 similes-constituisset,
2884 5456 3153 5515 voluntate
3174 5464 3392 5531 propria
3427 5480 3685 5533 quemque
3721 5484 3831 5519 me-

2233 5526 2373 5605 liore
2417 5528 2644 5605 deligere
2678 5532 2882 5605 pariter
2910 5526 3183 5605 permisit;
3213 5526 3307 5605 Illi
3338 5526 3481 5596 vero,
3529 5526 3708 5603 utpote
3740 5539 3831 5605 qui

2233 5600 2317 5651 sui
2344 5599 2581 5675 ipsorum
2610 5602 2833 5664 domini,
2863 5604 2947 5655 sui
2974 5603 3116 5675 juris
3143 5621 3206 5655 ac
3242 5604 3395 5657 liberi
3416 5599 3597 5675 quoad
3628 5599 3830 5659 motum

2232 5679 2423 5731 essent,
2465 5672 2731 5723 arbitram
2787 5690 2882 5725 suo
2932 5673 3187 5741 disjuncli
3233 5686 3378 5737 sunt,
3429 5672 3567 5741 ullis
3602 5690 3829 5741 rectam,

2239 5740 2513 5881 sua???
2554 5742 2675 5797 aliis
2710 5742 2848 5797 viam
2876 5738 3315 5831 prwdptautib'us.
3342 5745 3426 5833 lin
3460 5738 3659 5819 psalm.
3692 5738 3829 5815 Lvu,
