4172 6498
304 360 408 427 Sil

1363 369 1446 433 IN
1486 371 2063 439 ECCLESIASTENo
2089 404 2161 417 -·
2185 377 2334 441 LIB.
2370 379 2487 443 ΙΙΙ.

3435 394 3541 457 842

303 474 625 542 ἀξιωθῶμεν
653 476 712 527 ἐν
736 475 883 546 αὐτῷ
906 477 1124 547 Χριστῷ
1145 476 1223 545 τῷ
1242 478 1430 547 Κυρίῳ
1456 478 1633 549 ἡμῶν,
1662 472 1706 546 ᾧ
1736 481 1767 549 ἡ
1793 480 1877 532 δό-

1979 498 2195 538 mamus
2222 501 2236 538 :
2267 500 2380 553 quo
2405 493 2462 540 et
2488 484 2758 541 caelorum
2799 503 3026 559 regnum
3059 508 3155 561 per
3178 495 3353 564 ipsum
3384 497 3547 554 Chri-

301 567 371 632 ξα
409 566 500 620 καὶ
548 567 605 618 τὸ
655 567 856 638 κράτος
900 568 997 621 σὺν
1027 568 1103 639 τῷ
1138 572 1537 640 παντοκράτορι
1570 572 1748 643 ῐΙατρὶ
1781 573 1876 625 καὶ

301 657 380 727 τῷ
414 658 666 728 Ιιέαναγίῳ
694 661 789 713 καὶ
820 659 1009 731 ἀγαθῷ
1052 662 1144 714 καὶ
1173 659 1424 733 ζωοποιῷ
1464 664 1739 733 Πνεύματι
1782 663 1874 718 νῦν

300 751 397 804 καὶ
421 753 507 806 ἀεὶ
538 754 631 806 καὶ
660 754 739 818 εἰς
767 755 897 819 τοὺς
930 754 1129 819 αίῶνας
1158 754 1268 809 τῶν
1295 756 1529 813 αἰώνων.
1572 759 1766 830 Ἀμήν.

1981 586 2128 631 stum
2177 574 2471 631 Dominum
2502 584 2751 633 nostrum
2797 579 3188 649 adipiscamur.
3233 584 3334 640 Cui
3371 591 3545 656 gloria

1979 677 2034 722 et
2083 667 2373 737 imperium
2428 682 2555 721 cum
2612 668 2772 723 Patre
2824 670 3200 741 omnipotente
3251 686 3305 730 et
3355 688 3547 733 sancto

1979 753 2237 824 bonoque
2279 769 2345 809 ac
2375 754 2501 810 vita:
2540 766 2766 812 auctore
2816 757 3024 828 Spiritu
3058 778 3201 818 nunc
3235 773 3293 819 et
3332 780 3550 837 semper

1976 855 2032 899 et
2060 844 2119 899 in
2145 844 2346 901 saecula
2379 845 2726 903 seculorum.
2759 850 2979 903 Ameu.‘

1526 1214 1893 1303 ΛΟΓΟΣ
1928 1213 2344 1303 ΤΡΙΤΟΣ.

1876 1420 1951 1436 ἡ

1424 1573 1773 1661 LIBER
1870 1572 2430 1668 TERTIUS.

1861 1926 1969 1999 §l.

378 2036 509 2105 Τοῖς
556 2036 748 2093 πᾶσιν·
791 2040 823 2092 ό
875 2038 1118 2107 χρόνος,
1155 2038 1255 2091 καὶ
1303 2034 1508 2106 καιρὸς
1566 2032 1647 2104 τῷ
1701 2039 1877 2092 παντὶ

2051 2036 2163 2107 68
2200 2032 2326 2090 CAP.
2369 2034 2470 2099 Ill,
2504 2030 2671 2088 Vens.
2720 2035 2770 2089 l-.
2815 2034 3069 2090 Omnibus
3111 2045 3311 2107 (tmpus
3354 2048 3455 2107 est,
3500 2049 3552 2096 et

305 2131 601 2202 πράγματι
624 2134 744 2188 ὑπὸ
758 2132 878 2196 ,τὸν
898 2133 1179 2200 οὐρανόν.

375 2224 457 2279 Τὰ
481 2225 609 2295 περὶ
636 2224 735 2294 τῆς
765 2224 983 2293 φύσεως
1010 2225 1118 2279 τῶν
1151 2225 1318 2280 ὄντων
1343 2225 1417 2289 ὡς
1440 2226 1549 2280 ἀπὸ
1584 2226 1781 2297 μέρους
1804 2227 1877 2280 δι-

302 2315 559 2383 εξελθὼν,
587 2312 864 2387 οἷοναπερὶ
905 2318 1007 2388 τῆς
1052 2318 1338 2390 ἀνθρώπου
1374 2319 1757 2390 παρελεύσεως
1788 2321 1881 2373 καὶ

305 2410 582 2479 γνώσεως,
612 2428 677 2464 πε
687 2410 739 2482 pi.
763 2411 862 2480 τῆς
882 2410 1291 2482 διαιωνιζούπης
1312 2408 1583 2482 ἐδραστῆς
1601 2412 1726 2483 γῆς,
1752 2414 1879 2483 περὶ

303 2503 402 2572 τῆς
420 2503 652 2573 ἡλιακῆς
673 2505 843 2571 φορᾶς
861 2502 953 2556 καὶ
975 2503 1266 2574 κινήσεως,
1294 2505 1423 2573 περὶ
1448 2506 1764 2577 χειμάρρων
1786 2506 1880 2557 καί¹

305 2592 565 2663 ποταμῶν
599 2593 694 2645 καὶ
727 2592 1022 2662 Θαλάσσης,
1052 2592 1148 2647 καὶ
1176 2593 1489 2662 διαγγείλας
1530 2596 1629 2667 τὴν
1676 2595 1878 2650 ὑποτα-

302 2682 406 2754 γὴν
433 2684 526 2736 καὶ
557 2682 781 2753 θητείαν
815 2682 924 2735 τῶν
962 2683 1279 2751 κτισμάτων
1317 2684 1453 2755 πρὸς
1481 2684 1571 2739 τὸν
1604 2686 1733 2740 ίδιον
1762 2687 1879 2739 κτί-

304 2792 437 2845 στην
458 2776 550 2829 καὶ
571 2775 800 2846 ποιητὴν
822 2777 1212 2846 ἀπαραιτήτως
1230 2778 1627 2848 ἐνεργουμένην
1649 2780 1879 2833 πάντοτε

301 2869 395 2922 καὶ
424 2870 565 2921 κατὰ
600 2870 783 2936 φύσιν,
811 2870 906 2922 καὶ
946 2869 1132 2939 μέντοι
1163 2870 1259 2922 καὶ
1288 2871 1429 2923 κατά
1461 2872 1694 2941 φυσικὴν
1726 2874 1880 2925 ὲνανα

299 2958 489 3011 τίωσιν
507 2973 521 2986 ⁶
552 2952 672 3010 εἶτα
693 2958 1019 3029 διαλαλήσας
1048 2958 1175 3028 περὶ
1199 2957 1306 3011 τῶν
1329 2959 1879 3029 παρακολουθούντων

302 3050 399 3103 καὶ
447 3050 855 3119 συμϐαινόντων
896 3051 1008 3114 τοῖς
1048 3050 1354 3120 φιληδόνοις
1402 3050 1731 3122 ἀνθρώποις,
1784 3053 1879 3106 καὶ¹

300 3142 706 3213 περισπασμῶν
744 3142 1037 3214 μοχθηρῶν
1065 3141 1123 3209 ἐξ
1151 3142 1431 3208 ἀϐουλίας,
1462 3146 1559 3198 καὶ
1601 3144 1708 3198 τῶν
1741 3163 1879 3214 φαυο

300 3234 542 3304 λυτήτων
565 3238 660 3288 καὶ
691 3235 1109 3306 κακοπραγιῶν,
1143 3233 1273 3305 περὶ
1295 3229 1371 3289 ὧν
1398 3236 1492 3290 καὶ
1517 3232 1663 3302 εἶπε,
1702 3254 1724 3290 ι
1754 3239 1878 3292 Μα-

300 3327 521 3396 ταιότης
562 3328 962 3397 ματαιοτήτων,
1009 3326 1079 3380 τὰ
1126 3329 1302 3382 πάντα
1354 3329 1687 3397 ματαιότης·
1720 3349 1739 3381 ι
1785 3330 1880 3383 καὶ

1985 2128 2357 2196 tempestivitas
2388 2127 2531 2180 omni
2557 2127 2630 2180 rei
2660 2126 2753 2180 sub
2786 2130 2913 2181 casio
2938 2128 3034 2199 (4).

2050 2220 2352 2288 Postquam
2398 2219 2465 2273 de
2524 2234 2706 2273 rerum
2759 2231 2949 2275 natura
3008 2221 3163 2291 quasi
3224 2239 3322 2294 per
3367 2237 3552 2296 partes

1980 2313 2266 2378 disseruit,
2310 2311 2570 2365 nimirum
2615 2311 2683 2366 de
2723 2312 2961 2367 hominis
2994 2314 3225 2369 transitu
3267 2326 3323 2371 et
3360 2321 3553 2390 cogni-

1981 2404 2149 2469 tione,
2185 2402 2253 2457 de
2290 2412 2552 2472 perpetua
2596 2412 2754 2456 terra:
2784 2404 3105 2468 Stahilitate.
3127 2406 3195 2461 de
3221 2410 3386 2463 solari
3418 2426 3555 2482 gyro

1980 2504 2146 2566 atque
2196 2505 2370 2559 motu,
2421 2495 2491 2549 de
2532 2496 2871 2552 torrentibus
2916 2506 2972 2551 et
3019 2496 3204 2555 ﬂuviis
3249 2510 3305 2556 et
3356 2505 3495 2558 mari
3530 2521 3549 2559 :

1982 2597 2096 2642 tum
2136 2604 2316 2643 rerum
2348 2588 2698 2643 conditarum
2740 2589 3067 2659 obsequium
3112 2592 3244 2648 illud
3285 2602 3339 2648 et
3373 2594 3553 2651 famu-

1980 2679 2153 2735 latum
2186 2680 2514 2745 enuntiavit,
2555 2696 2715 2750 quem
2761 2682 2974 2737 auctori
3021 2699 3087 2739 ac
3127 2686 3400 2742 conditori
3447 2704 3552 2745 suo

1980 2773 2427 2828 constantissime
2477 2782 2531 2828 et
2578 2775 2643 2828 ad
2712 2784 2921 2829 natura:
2972 2777 3190 2832 modum
3250 2788 3305 2834 et
3356 2791 3553 2850 praeter

1981 2865 2155 2933 ipsam
2184 2881 2406 2934 quoque
2436 2876 2689 2919 naturam
2721 2881 2937 2935 semper
2966 2868 3225 2925 exhibent
3254 2888 3268 2925 :
3304 2887 3369 2926 ac
3397 2884 3553 2943 post»

1981 2974 2145 3028 quam
2173 2959 2337 3012 verba
2367 2958 2435 3011 de
2468 2958 2535 3011 iis
2570 2956 2722 3019 fecit,
2767 2973 2889 3027 quae
2930 2959 3271 3028 voluptarios
3301 2962 3553 3020 homines

1981 3051 2320 3106 comitantur
2367 3066 2431 3105 ac
2481 3060 2929 3119 consequuntur,
2983 3051 3161 3121 deque
3207 3054 3471 3123 improbis
3498 3065 3553 3113 et

1981 3152 2188 3198 temere
2218 3143 2488 3213 susceptis
2520 3142 2973 3199 contentionibus
3007 3159 3071 3199 ac
3103 3144 3392 3215 ﬂagitiosis
3425 3165 3552 3217 pra-

1978 3238 2174 3305 visque
2196 3237 2379 3300 l'actis,
2416 3236 2483 3290 de
2498 3235 2698 3306 quibus
2731 3236 2895 3290 etiam
2927 3236 3064 3291 dixit
3093 3251 3109 3290 :
3144 3255 3163 3288 ι
3202 3234 3429 3294 Vanitas
3459 3255 3553 3294 va-

1980 3330 2212 3384 nitatum
2246 3338 2301 3383 et
2331 3328 2517 3383 omnia
2550 3328 2794 3393 vanitas;
2834 3345 2853 3379 »
2888 3342 2952 3382 ac
2978 3328 3175 3384 deinde
3201 3343 3298 3386 eos
3323 3330 3553 3385 damna-

302 3422 609 3488 καταγνοὺς
642 3419 737 3471 καὶ
772 3419 1281 3489 καταμεμψάμενος
1321 3419 1428 3472 τῶν
1470 3422 1530 3472 ἐν
1568 3420 1876 3492 εὐφροσύνῃ

1978 3420 2057 3475 vit
2094 3430 2148 3473 et
2177 3419 2543 3489 reprehendit,
2589 3418 2684 3488 qni
2730 3418 2974 3472 animum
3022 3418 3091 3473 ad
3135 3421 3302 3474 vitam
3361 3421 3551 3478 latitia

301 3511 400 3565 xui.
425 3511 620 3578 γέλωτι
651 3510 748 3581 ζῇν
774 3509 872 3581 τὴν
908 3511 1045 3564 ἰδίαν
1083 3511 1351 3579 ἀφιέντων
1380 3512 1629 3583 καρδίαν,
1659 3514 1751 3565 καὶ
1780 3512 1875 3567 τοῦ

304 3603 786 3674 συναθροισθέντος
815 3603 1000 3664 αὐτοῖς
1022 3602 1253 3656 πλούτου
1282 3602 1352 3656 τὰ
1383 3604 1498 3673 εἴδη
1530 3602 1743 3667 καὶτὰς
1767 3606 1879 3657 ὀνο-

308 3694 507 3764 μασίας
542 3696 731 3757 εἰπὼν,
758 3696 849 3748 καί⁵
873 3694 1228 3764 στηλιτεύσας
1261 3696 1356 3748 καὶ
1389 3695 1761 3767 θριαμϐεύσας
1784 3698 1878 3750 καὶ

303 3785 479 3838 ταῦτα
538 3786 715 3838 πάντα
765 3789 1104 3856 ματαιότητα
1146 3788 1380 3851 καλέσας
1428 3790 1522 3841 καὶ
1554 3790 1878 3859 προαίρεσιν

306 3877 644 3947 πνεύματος,
683 3878 776 3929 καὶ
824 3877 912 3930 διὰ
953 3878 1110 3930 τοῦτο
1141 3877 1341 3947 μᾶλλον
1378 3878 1636 3949 ὑπερθεὶς
1663 3879 1760 3950 τὴν
1796 3896 1879 3931 σο-

304 3970 437 4037 φίαν
466 3970 562 4038 τῆς
586 3967 901 4040 ἀφροσύνης
924 3970 1022 4023 οὐκ
1042 3971 1387 4039 ἀσυγκρίτως
1407 3966 1573 4023 οὖσαν
1594 3970 1877 4038 κρείττονα

305 4062 401 4116 καὶ
431 4063 669 4115 νικῶσαν
695 4062 925 4131 ἔχουσαν
953 4063 1132 4133 ψῆφον
1158 4064 1250 4115 ἐπὶ
1271 4065 1403 4116 πᾶσι
1430 4066 1540 4126 τοῖς
1566 4064 1878 4135 κρατίστοις

302 4155 504 4225 δηλαδὴ
563 4155 658 4207 καὶ
709 4154 1026 4225 βελτίστοις,
1067 4156 1199 4223 ὅσην
1236 4154 1348 4225 ἔχει
1386 4156 1447 4208 τὸ
1492 4156 1605 4225 φῶς
1644 4157 1779 4227 πρὸς
1818 4157 1879 4210 τὸ

306 4246 536 4308 σκότος’
596 4246 891 4299 κάντεῦθεν
944 4246 1041 4317 τὴν
1090 4247 1225 4299 ἰδίαν
1273 4247 1498 4313 καρδίαν
1544 4246 1878 4317 ἐπιστρέψας

305 4340 443 4410 πρὸς
500 4338 571 4392 τὰ
619 4338 836 4409 βελτίω,
890 4340 985 4393 καὶ
1048 4340 1241 4402 πείσας
1299 4338 1667 4406 ἀποτάξασθαι
1714 4340 1879 4393 παντὶ

306 4432 567 4505 μοχθηρῷ
603 4433 789 4505 μόχθῳ
819 4434 912 4489 καὶ
941 4436 1006 4504 τῇ
1039 4433 1191 4505 φιλίᾳ
1223 4433 1315 4486 τοῦ
1351 4434 1555 4504 κόσμου
1576 4451 1590 4464 ο
1624 4432 1719 4487 νῦν
1759 4433 1874 4486 δια-

300 4522 569 4593 λαμϐάνει
616 4525 747 4595 περὶ
788 4525 881 4578 τοῦ
926 4527 1119 4598 χρόνου
1163 4525 1259 4579 τοῦ
1312 4524 1487 4579 ταῦτα
1522 4525 1697 4579 πάντα
1729 4540 1879 4594 περι.

301 4617 517 4685 έχοντος
563 4618 657 4671 καὶ
702 4618 1041 4688 συνέχοντος,
1078 4619 1171 4671 καί
1217 4636 1370 4688 φησι,
1414 4636 1432 4669 ι
1469 4618 1594 4681 Τοῖς
1637 4619 1803 4670 πᾶσιν
1849 4618 1878 4670 ό

301 4712 493 4781 χρόνος
534 4714 628 4766 καὶ
670 4713 866 4782 καιρὸς
904 4715 984 4785 τῷ
1016 4716 1179 4768 παντὶ⁵
1204 4716 1491 4785 πράγματι
1528 4714 1632 4768 ὑπὸ
1661 4713 1754 4767 τὸν
1787 4712 1876 4767 οὐ·

303 4804 483 4871 ρανόν.
512 4824 530 4855 ι

385 4895 546 4948 Ἀλλὰ
573 4898 663 4948 τὸν
710 4898 807 4966 μὲν
840 4897 1031 4967 χρόνον
1067 4897 1142 4960 ὡς
1179 4898 1543 4965 γενικώτατον
1588 4905 1682 4955 καὶ
1716 4919 1871 4973 περι-

301 4985 667 5039 εκτικώτατον
699 4988 796 5041 καὶ
829 4988 939 5041 τῶν
982 4988 1226 5057 φυσικῶν
1264 4991 1607 5061 πραγμάτων
1636 4992 1730 5045 καὶ
1761 4994 1871 5046 τῶν

301 5079 445 5134 κατά
472 5078 741 5146 σύμϐασιν
767 5080 1189 5150 συμπιπτόντων
1212 5097 1225 5111 ·
1257 5082 1351 5135 καὶ
1401 5082 1585 5151 μέντοι
1620 5084 1716 5137 καὶ
1762 5084 1872 5137 τῶν

301 5171 529 5243 καιρῶν,
553 5164 633 5235 οἷς
656 5171 751 5225 καὶ
773 5173 849 5235 ὡς
874 5171 1039 5225 εἴδεσι
1066 5172 1159 5226 τοῦ
1186 5174 1378 5245 χρόνου
1410 5173 1669 5246 δευτέραν
1694 5175 1867 5241 τάξιν,

302 5262 444 5315 κατὰ
470 5262 568 5332 τὴν
595 5262 745 5315 θέσιν
769 5262 877 5315 τῶν
899 5262 1179 5333 ὀνομάτων
1202 5264 1485 5333 ἀπένειμε,
1521 5263 1598 5333 τῷ
1631 5264 1773 5334 λόγῳ
1796 5264 1873 5316 δι-

306 5354 487 5408 έλαϐε.
521 5353 587 5406 Εἴ
610 5370 661 5407 τι
689 5354 788 5423 μὲν
818 5354 925 5426 γὰρ
955 5354 1165 5425 καιρὸς,
1193 5355 1351 5407 τοῦτο
1377 5353 1472 5407 καὶ
1511 5354 1702 5426 χρόνος
1724 5369 1737 5384 ’
1771 5351 1878 5406 ὦσ-

1978 3511 2205 3579 rianue
2257 3510 2557 3579 jucundam
2619 3510 3065 3579 transtulerunt;
3135 3512 3553 3587 designatisque

1979 3605 2334 3668 divitiarum,
2390 3619 2529 3672 quas
2585 3603 2662 3657 illi
2729 3619 3097 3673 congessere,
3150 3609 3440 3676 generibus
3485 3627 3553 3667 ac

1978 3698 2317 3763 nominibus,
2353 3713 2511 3752 suam
2538 3696 2741 3765 cuique
2773 3698 2850 3751 rei
2880 3706 3065 3753 notam
3105 3699 3328 3763 inussit,
3359 3706 3549 3773 quasi-

1978 3805 2083 3858 que
2117 3788 2462 3858 triumphans
2506 3788 2805 3843 vanitatem
2847 3788 3029 3844 omnia
3058 3798 3112 3845 et
3141 3792 3366 3860 spiritus
3406 3811 3547 3862 prte-

1979 3881 2351 3948 sumptionem
2402 3879 2734 3949 appellavit:
2768 3878 3024 3949 idemque
3051 3880 3374 3949 sapientiam
3415 3898 3546 3951 pro-

1977 3982 2161 4041 pterea
2221 3971 2666 4042 magniﬁcentius
2720 3970 2950 4031 extulit.
3007 3986 3239 4041 eamque
3301 3974 3546 4030 stultitiae

1977 4064 2380 4133 quodammodo
2427 4072 2802 4131 comparatam
2858 4060 3016 4132 longe
3045 4063 3331 4127 excellere,
3382 4073 3548 4131 atque

1980 4156 2033 4208 in
2094 4155 2183 4220 iis,
2239 4169 2363 4224 quae
2415 4152 2836 4223 praeclarissima
2887 4161 2941 4206 et
2992 4152 3197 4221 optima
3252 4153 3544 4220 habentur,

1978 4248 2121 4302 lucis
2151 4250 2326 4301 instar
2353 4262 2463 4316 prae
2491 4244 2730 4300 tenebris
2761 4243 2946 4298 omnia
2979 4257 3240 4312 superare
3266 4246 3504 4300 ostendit
3531 4268 3544 4302 :

1979 4354 2043 4394 ac
2092 4339 2330 4408 denique
2386 4338 2572 4391 animo
2627 4335 2693 4389 ad
2742 4334 2965 4389 meliora
3019 4348 3306 4399 converso,
3357 4349 3547 4391 omnes

1977 4431 2228 4486 hortatus
2266 4438 2369 4493 est,
2402 4439 2463 4482 ut
2499 4428 2670 4482 labori
2704 4428 2903 4497 cuique
2942 4438 3274 4497 praepostero
3304 4436 3359 4483 et
3386 4445 3547 4483 mun-

1977 4524 2135 4579 dante
2189 4522 2446 4576 amicitia!
2497 4519 2841 4585 renuntient;
2889 4520 2956 4573 de
2990 4527 3231 4589 tempore
3268 4521 3380 4590 jam
3432 4538 3555 4577 ser.

1978 4631 2199 4670 monem
2233 4614 2490 4677 instituit,
2532 4627 2640 4684 quo
2677 4612 2793 4666 haec
2834 4611 3019 4666 omnia
3050 4613 3333 4682 complexa
3370 4615 3549 4669 conti«

1978 4720 2202 4772 nentur,
2260 4718 2421 4777 atque
2473 4705 2550 4759 ait
2605 4722 2618 4759 :
2682 4722 2700 4755 ι
2739 4702 3005 4759 Omnibus
3051 4713 3267 4775 tempus
3321 4715 3441 4771 est,
3493 4716 3549 4761 et

1979 4801 2375 4871 tempestivitas
2405 4799 2554 4854 omni
2587 4799 2663 4853 rei
2697 4798 2797 4852 sub
2829 4797 2992 4852 ccelo.
3032 4816 3051 4849 ι

2049 4894 2160 4964 69
2184 4895 2253 4948 At
2279 4902 2495 4962 tempus
2522 4892 2596 4945 ita
2628 4890 2793 4945 verbo
2828 4888 3079 4943 distinxit
3105 4890 3263 4959 quasi
3297 4889 3371 4950 id,
3400 4891 3545 4960 quod

1976 4987 2278 5057 generatim
2327 4984 2543 5053 lateque
2593 4998 2682 5038 res
2725 4997 2918 5036 omnes
2954 4980 3383 5050 comprehendit,
3433 4990 3544 5035 tam

1978 5094 2073 5134 eas
2098 5093 2219 5147 quae
2263 5088 2455 5131 natura
2491 5076 2646 5142 ﬁunt,
2679 5090 2842 5143 quam
2885 5088 2980 5128 eas
3019 5088 3143 5143 quae
3171 5083 3369 5127 eventu
3414 5088 3546 5128 con-

1981 5172 2245 5241 tingunt:
2286 5178 2449 5239 atque
2486 5169 2625 5223 adeo
2674 5168 2821 5235 ipsas
2861 5167 3027 5220 etiam
3070 5163 3542 5234 tempestivitates.

1981 5261 2182 5331 quibus
2234 5269 2310 5327 et,
2355 5267 2616 5327 tanquam
2672 5256 2864 5310 formis
2915 5254 3087 5324 ipsius
3137 5255 3430 5325 temporis,
3481 5265 3542 5307 ut

1975 5370 2041 5409 ex
2070 5353 2358 5408 nominum
2395 5350 2757 5407 collocatione
2786 5358 3032 5418 apparet,
3068 5348 3315 5403 ordinem
3347 5363 3545 5402 secun-

305 5462 411 5518 περ
458 5446 512 5499 et
552 5462 603 5499 τι
649 5446 746 5515 μὲν
775 5445 1082 5517 ἄνθρωπος,
1140 5446 1299 5500 τοῦτο
1344 5448 1440 5501 καὶ
1480 5446 1616 5512 ζῶον
1640 5463 1656 5481 ο
1698 5446 1799 5499 οὐκ
1829 5448 1877 5500 εῑ

1981 5446 2108 5499 dum
2141 5443 2411 5499 attribuit.
2442 5442 2579 5497 Nam
2603 5441 2746 5510 quod
2778 5439 3174 5509 tempestivitas
3201 5439 3291 5505 sit,
3331 5449 3547 5509 tempus

302 5554 357 5591 τι
403 5537 459 5591 δὲ
515 5538 728 5608 χρόνος,
774 5538 933 5591 τοῦτο
977 5539 1075 5592 καὶ
1117 5539 1340 5610 καιρός·
1378 5538 1565 5611 ὥσπερ
1594 5538 1706 5593 οὐδ’
1744 5539 1796 5592 εῐ
1824 5556 1879 5591 τι

303 5629 464 5697 ζῶον,
506 5631 666 5685 τοῦτο
706 5633 800 5685 καὶ
832 5631 1142 5704 ἄνθρωπος.
1170 5632 1373 5704 Χρόνος
1405 5633 1505 5705 μὲν
1536 5633 1644 5705 γάρ
1672 5632 1787 5686 ἐστι
1821 5631 1880 5684 τὸ

378 5808 453 5878 (4)
484 5806 693 5879 Olymp.
725 5808 830 5861 ὑπὸ
867 5808 958 5862 τὸν
986 5807 1155 5878 ἥλιον.

625 5903 897 5965 ΡΑτιιοιι.
944 5902 1061 5962 Gn.
1088 5900 1353 5963 XCVlll.

1976 5539 2140 5593 etiam
2194 5546 2300 5603 est,
2352 5534 2812 5607 quemadmodum
2868 5533 3011 5602 quod
3060 5531 3245 5597 homo,
3298 5533 3438 5587 idem
3492 5544 3547 5587 et

1980 5629 2183 5684 animal
2217 5647 2229 5683 :
2274 5635 2327 5683 at
2359 5641 2469 5682 non
2495 5625 2642 5696 quod
2690 5626 2761 5680 sit
2803 5632 3035 5694 tempus,
3073 5623 3215 5681 idem
3247 5632 3301 5679 et
3336 5633 3546 5694 tempe-

3146 5887 3225 5953 27
