4172 6528
565 381 670 449 8ἆ3

1657 378 1720 438 S.
1756 377 2131 439 GREGORII
2166 378 2674 440 AGPJGENTINI

3713 374 3821 444 8M
3856 376 3857 379 “

566 496 783 554 stivitas
822 503 928 559 est,
972 502 1033 549 ut
1073 506 1171 548 nec
1202 488 1349 561 quod
1395 487 1621 554 animal,
1672 487 1812 542 idem
1858 497 1913 542 et
1954 488 2139 542 homo.

2246 492 2821 561 συμπαρατεινόμενον
2850 488 3123 560 διάστημα
3147 493 3213 561 τῇ
3243 490 3469 562 διαμονῇ
3497 492 3590 545 καί
3613 497 3820 563 κινήσει

566 590 782 646 Etenim
837 597 1055 658 tempus
1127 583 1351 657 quidem
1403 591 1489 636 est
1551 582 1940 644 intervallum,
1992 581 2137 651 quod

567 681 916 755 protenditur
968 680 1110 735 inter
1169 688 1372 734 statum
1403 684 1459 731 et
1502 686 1711 730 motum
1754 690 1971 739 eorum,
2018 690 2140 744 qua:

569 784 722 843 sunt,
763 788 865 829 nec
910 773 1076 828 habet
1111 772 1168 826 in
1208 769 1505 839 semetipso
1543 767 1861 823 distinctam
1900 766 2139 821 circum-

567 868 944 937 scriptamque
966 862 1332 920 substantiam
1363 868 1572 915 naturae
1598 874 1709 915 suae
1734 869 1899 929 atque
1924 866 2137 913 motus:

567 960 679 1015 nisi
707 960 831 1031 quis
860 957 1161 1028 praecidere
1187 956 1468 1021 maluerit,
1497 964 1552 1008 et
1580 952 1913 1023 praeteritum
1946 967 1974 1005 a
2002 966 2140 1021 pra:-

568 1050 711 1106 senti
747 1059 803 1105 et
829 1049 1013 1104 futuro
1046 1061 1352 1112 secernere,
1382 1045 1709 1116 tripartitam
1740 1044 1887 1099 illam
1919 1042 2143 1097 divisit»

568 1158 694 1197 nem
742 1150 989 1208 secutus,
1042 1154 1165 1210 qna;
1199 1154 1303 1194 usu
1370 1146 1583 1207 recepta
1644 1152 1677 1191 a
1736 1134 2141 1207 professoribus

570 1234 773 1289 artium
815 1234 872 1288 in
908 1241 1137 1288 caeteros
1172 1232 1426 1286 homines
1476 1229 1741 1283 manavit.
1790 1227 2002 1299 Quippe
2046 1240 2145 1281 na-

571 1336 751 1382 turam
797 1326 963 1381 etiam
1013 1334 1069 1381 et
1110 1332 1321 1379 motum
1368 1322 1633 1392 temporis
1674 1321 1816 1375 inter
1855 1320 2145 1376 continuas

571 1419 909 1491 quantitates
937 1417 976 1473 ii
1014 1416 1362 1488 potissimum
1412 1414 1659 1469 referunt
1703 1421 1868 1489 atque
1896 1422 2143 1474 censent,

570 1511 668 1581 qui
723 1511 900 1565 otium
958 1523 1120 1564 suum
1176 1508 1233 1562 in
1282 1503 1559 1576 ejusmodi
1616 1504 1813 1560 studiis
1875 1501 2148 1559 contrive-

571 1613 701 1658 runt
726 1601 831 1674 (5).
872 1601 943 1655 At
992 1615 1125 1657 vero
1170 1598 1569 1670 tempestivitas
1613 1596 1898 1652 deﬁnitum
1945 1610 2010 1650 ac
2041 1602 2148 1647 ter-

572 1697 845 1751 minatum
896 1694 1065 1750 habet
1117 1692 1452 1763 principium
1512 1697 1675 1759 atque
1726 1688 1955 1744 exitum.
2012 1686 2146 1741 Nam

572 1790 781 1846 aestatis
807 1787 1215 1860 tcmpestivitati
1231 1785 1513 1858 proprium
1530 1793 1617 1840 est
1645 1784 1860 1837 initium
1893 1797 1957 1837 ac
1981 1781 2105 1835 linis
2132 1798 2144 1833 :

2237 584 2347 636 τῶν
2390 584 2582 648 ὄντων,
2616 584 2717 637 οὑκ
2754 584 2894 654 ἔχων
2928 584 3051 637 καθ’
3085 580 3277 664 ἑαυτὸν
3312 586 3681 657 διωρισμένην
3724 592 3823 642 καὶ

2240 676 2766 745 περιγεγραμμένην
2793 676 2892 747 τὴν
2927 676 3159 746 ὓπαρξιν
3186 677 3285 747 τῆς
3321 677 3455 740 ίδίας
3483 680 3698 746 φύσεως
3727 682 3824 733 καὶ

2241 768 2511 836 κινήσεως
2532 785 2546 799 ·
2583 770 2632 821 εί
2661 770 2736 840 μή
2759 787 2844 831 τις
2872 772 3170 840 ἀποτεμεῖν
3200 770 3468 842 ἐθελήσει,
3505 774 3599 826 καὶ
3626 773 3823 827 διελεῖν

2240 856 2333 910 τὸν
2358 857 2773 929 παρεληλυθότα
2794 859 2887 914 τοῦ
2912 861 3207 926 ἐνεστῶτος
3231 862 3324 915 καὶ
3349 862 3633 933 μέλλοντος
3683 866 3826 920 κατὰ

2243 947 2694 1018 παραληφθεῖσαν
2734 951 2899 1005 αὑτοῦ
2932 952 3196 1023 διαίρεσιν
3227 956 3486 1026 τριμερῆ,
3518 956 3610 1008 καὶ⁸
3638 973 3824 1028 παρα-

2241 1039 2487 1093 δοθεῖσαν
2527 1044 2637 1104 τοῖς
2675 1042 2856 1107 ἄλλοις
2896 1043 3205 1115 ἀνθρώποις
3255 1046 3361 1100 ὑπὸ
3393 1047 3503 1102 τῶν
3532 1050 3820 1118 τεχνικῶν.

2244 1132 2495 1186 Μάλιστα
2523 1134 2628 1206 γὰρ
2665 1138 2758 1189 καὶ
2795 1135 2889 1189 τοῦ
2917 1138 3108 1207 χρόνου
3148 1138 3246 1211 τὴν
3276 1139 3439 1207 φύσιν
3483 1140 3577 1193 καὶ
3607 1141 3824 1213 κίνησιν

2246 1222 2351 1274 ὑπὸ
2384 1221 2445 1274 τὸ
2482 1223 2702 1293 συνεχὲς
2727 1225 2891 1278 ποσὸν
2915 1228 3177 1297 ἀνάγουσι
3210 1231 3308 1283 καὶ
3334 1229 3581 1284 τιθέασιν
3606 1232 3656 1285 οἰ
3692 1235 3823 1303 περὶ

2245 1311 2313 1363 τά
2338 1309 2564 1365 τοιαῦτα
2590 1312 2689 1381 τὴν
2720 1314 2916 1386 σχολὴν
2950 1318 3264 1388 ἐσχηκότες,
3309 1320 3366 1373 Ὀ
3395 1320 3451 1374 δὲ
3482 1322 3672 1392 καιρὸς
3700 1323 3826 1394 ὡρι-

2249 1402 2454 1474 σμένην
2480 1402 2594 1474 ἕχει
2624 1405 2720 1458 καὶ
2754 1409 3195 1481 περιωρισμένην
3222 1411 3326 1481 τὴν
3358 1411 3492 1465 ἰδίαν
3520 1414 3697 1484 ἀρχὴν
3729 1415 3826 1467 καὶ

2246 1498 2343 1567 τὴν
2368 1497 2645 1568 τελευτήν.
2674 1499 2882 1569 Καιρὸς
2910 1500 3009 1571 μὲν
3033 1502 3141 1574 γὰρ
3165 1502 3356 1574 θέρους
3382 1504 3692 1570 ἰδιάζουσαν
3710 1506 3825 1577 ἔχει

2247 1588 2345 1659 τὴν
2369 1589 2543 1661 ἀρχὴν
2572 1584 2668 1643 καὶ
2696 1592 2793 1662 τὴν
2823 1593 3108 1665 τελευτήν
3140 1593 3401 1659 ὡσαύτως
3433 1598 3532 1668 μὲν
3576 1599 3819 1667 μετοπώο

2252 1697 2344 1752 ρου
2381 1683 2474 1733 καὶ
2520 1682 2788 1752 χειμῶνος
2823 1683 2902 1736 ἔτι
2952 1702 3016 1754 γε
3048 1685 3154 1758 μὴν
3189 1687 3285 1740 καὶ
3327 1687 3423 1741 τοῦ
3450 1689 3633 1760 ἔαρος,
3662 1689 3698 1742 ἃ
3727 1689 3824 1743 τοῦ

2249 1774 2441 1843 χρόνου
2472 1775 2779 1843 πεφύκασιν
2808 1777 2945 1848 εἴδη,
2978 1780 3069 1832 καὶ
3105 1779 3181 1842 τῷ
3218 1780 3454 1852 χρονικῷ
3495 1782 3823 1853 διαστήματι

572 1885 875 1953 eodemque
918 1880 1080 1936 modo
1118 1890 1173 1935 et
1200 1878 1453 1934 autumni
1496 1885 1552 1932 et
1596 1876 1815 1941 hiemis,
1862 1874 2143 1944 ipsiusque

2257 1867 2599 1938 περιέχονται
2633 1868 2727 1923 καὶ
2763 1873 3103 1941 συνέχονται·
3133 1874 3229 1927 καὶ
3261 1874 3349 1927 διὰ
3390 1873 3546 1929 τοῦτό
3597 1891 3759 1945 φησιν
3795 1877 3826 1927 ὁ

573 1978 745 2044 veris,
776 1990 899 2046 qua:
930 1974 1193 2045 temporis
1224 1983 1351 2029 sunt
1381 1970 1616 2042 species,
1657 1978 1712 2024 et
1739 1968 1996 2039 temporis
2024 1983 2149 2037 spa-

573 2070 649 2123 tio
694 2050 1096 2137 comprehensa
1149 2065 1527 2119 continentur.
1578 2062 1767 2130 itaque
1816 2061 1892 2114 ait
1931 2058 2149 2128 sapiens

570 2160 983 2215 Ecclesiastes:
1039 2176 1059 2211 ι
1095 2155 1366 2211 Omnibus
1415 2162 1632 2222 tempus
1684 2161 1797 2216 est;
1838 2169 1857 2202 ι
1905 2149 2055 2204 velut
2104 2148 2147 2201 si

571 2254 779 2308 diceret
808 2270 823 2308 :
862 2250 969 2306 Per
1003 2264 1195 2306 omnes
1232 2262 1323 2303 res
1354 2255 1410 2301 et
1441 2244 1717 2300 naturales
1752 2252 1806 2298 et
1833 2242 2145 2297 accidentes

569 2355 839 2415 permeat,
870 2343 1055 2401 omnia
1085 2343 1140 2396 in
1170 2355 1229 2396 se
1254 2339 1375 2409 ipso
1397 2336 1759 2397 discriminat,
1788 2334 1974 2388 omnia
2003 2348 2148 2388 com-

570 2438 859 2505 prehendit
902 2452 967 2492 ac
1018 2432 1283 2489 continet.
1330 2428 1576 2499 Singulis
1623 2434 1807 2481 autem
1851 2425 1906 2478 in
1956 2423 2141 2491 rebus,

569 2544 693 2600 quae
722 2537 915 2582 natura
955 2534 1052 2579 aut
1083 2531 1279 2578 eventu
1318 2519 1478 2585 ﬁunt,
1507 2518 1623 2572 sive
1651 2530 1729 2571 eae
1776 2515 1831 2569 in
1871 2522 2143 2584 potestate

570 2628 762 2677 nostra
786 2619 918 2684 sint,
940 2616 1055 2672 sive
1078 2628 1187 2669 non
1207 2612 1337 2676 sint,
1356 2624 1454 2665 sua
1473 2608 1617 2663 inest
1636 2607 2029 2677 tempesrivitas
2047 2605 2143 2678 (6).

643 2710 742 2765 Sol
802 2708 1005 2764 etenim
1054 2719 1211 2762 suam
1276 2701 1441 2758 habet
1487 2699 1765 2771 propriam
1815 2707 1973 2753 terrae
2026 2697 2151 2752 illu-

570 2799 814 2860 strandae
848 2796 1353 2868 tempestivitatem,
1394 2805 1590 2861 nempe
1619 2790 1789 2853 diem,
1834 2802 1991 2843 suam
2019 2786 2147 2842 item

570 2908 803 2950 occasus
843 2889 991 2947 infra
1019 2898 1245 2951 terram,
1284 2884 1339 2940 id
1369 2894 1453 2940 est
1491 2890 1731 2938 noctem.
1764 2881 1843 2935 Ac
1878 2896 1979 2937 sua
2012 2894 2147 2950 quo-
2175 2939 2216 2969 ρ

2251 1957 2415 2027 σοφὸς
2456 1958 2910 2032 Ἐκκλησιαστὴς,
2945 1981 2963 2014 ι
2998 1963 3122 2026 Τοῖς
3147 1966 3311 2017 πᾶσιν
3340 1967 3368 2019 ὁ
3398 1965 3611 2037 χρόνος,
3650 1985 3669 2017 ι
3703 1967 3825 2018 ἀντὶ⁹

2248 2051 2364 2117 τοῦ,
2384 2055 2441 2105 ὲν
2465 2055 2601 2107 πᾶσι
2617 2056 2708 2109 καὶ
2736 2058 2988 2125 φυσικοῖς
3012 2057 3107 2110 καὶ
3134 2057 3510 2129 συμόεϐηκόσι
3536 2058 3825 2128 πράγμασι

2249 2142 2409 2197 δίεισι
2439 2146 2532 2198 κα)⁸
2567 2147 2748 2200 πάντα
2774 2146 3049 2217 διείληφεν
3082 2149 3232 2212 ἐντὸς
3265 2149 3454 2216 αὐτοῦ,
3490 2152 3584 2204 καὶ
3608 2150 3827 2203 πάντων
3870 2176 3873 2177 ν

2250 2238 2368 2291 ἐστὶ
2385 2243 2729 2310 περιεκτικὸς
2752 2242 2847 2295 καὶ
2877 2244 3214 2306 συνεκτικόςο
3240 2244 3325 2315 ἐφ’
3342 2246 3556 2316 ἑκάστῳ
3576 2246 3632 2299 δὲ
3658 2246 3828 2316 πράγ-

2255 2348 2386 2404 ματι
2417 2335 2512 2387 καὶ
2551 2334 2662 2387 τῶν
2699 2335 2942 2405 φυσικῶν
2970 2338 3066 2391 καὶ
3092 2337 3201 2390 τῶν
3233 2339 3375 2393 κατὰ
3425 2339 3705 2409 σύμϐασιν
3739 2356 3828 2406 γι-

2252 2425 2494 2495 νομένων
2532 2428 2590 2479 έν
2623 2430 2737 2492 τοῖς
2764 2425 2850 2499 ἐφ’
2876 2431 3007 2501 ἡμῖν
3034 2430 3131 2485 καὶ
3158 2433 3271 2495 τοῖς
3308 2431 3409 2486 οὐκ
3433 2433 3521 2503 ἐφ’
3550 2434 3684 2503 ἡμῖν
3709 2451 3830 2486 και-

2251 2517 2344 2588 ρὸς
2376 2520 2592 2585 ίδιάζων
2619 2522 2786 2576 ἐστίν.

2336 2702 2393 2756 '0
2433 2704 2529 2773 μὲν
2558 2704 2666 2776 γὰρ
2693 2704 2847 2775 ἥλιος
2886 2704 3021 2760 ἴδιον
3056 2705 3170 2777 ἔχει
3209 2707 3402 2779 καιρὸν
3428 2708 3529 2780 τῆς
3560 2710 3698 2781 ὑπὲρ
3720 2712 3829 2780 γῆν

2247 2795 2509 2865 λάμψεως
2541 2797 2705 2850 αὐτοῦ
2736 2798 2838 2867 τὴν
2875 2798 3090 2869 ἡμέραν
3114 2816 3128 2831 ο
3162 2800 3364 2871 ὁμοίως
3393 2802 3489 2855 καὶ
3524 2803 3623 2873 τὴν
3654 2801 3829 2858 νύκτα

2246 2887 2348 2957 τῆς
2375 2887 2478 2941 ὑπὸ
2503 2888 2608 2957 γῆν
2635 2888 2858 2951 δύσεως.
2894 2890 3015 2942 Ἐτι
3042 2889 3101 2943 δὲ
3129 2892 3225 2944 καὶ
3246 2892 3354 2945 τῶν
3379 2892 3555 2947 ἄλλων
3579 2894 3825 2966 ἀστέρων

572 2999 680 3055 que
726 2981 939 3039 caeteris
981 2978 1148 3035 astris
1205 2973 1604 3046 tempestivitas
1648 2979 1750 3027 est.
1809 2966 1919 3025 Nec
1963 2970 2143 3024 minus

2248 2980 2479 3043 ἕκαστος
2515 2980 2648 3034 ῖδιον
2688 2979 2801 3050 εχει
2844 2981 3057 3053 καιρόνε
3106 2980 3269 3037 Ἀλλὰ
3298 2984 3396 3037 καὶ
3427 2987 3462 3055 ἡ
3506 2983 3577 3056 γῆ
3618 2990 3827 3057 καιροῖς

572 3088 720 3133 terra
767 3073 1009 3146 propriis
1054 3066 1573 3140 tempestivitatibus
1630 3064 2003 3135 respondens,
2065 3062 2146 3119 fe-

572 3170 749 3228 cunda
787 3165 1148 3223 animantium
1195 3160 1431 3233 genitrix
1471 3169 1526 3215 et
1566 3158 1785 3228 frugum
1814 3172 2013 3227 parens
2042 3157 2149 3227 70

572 3262 902 3326 ostenditur,
932 3256 1148 3327 fertque
1178 3253 1446 3326 germina,
1484 3259 1539 3305 et
1583 3249 1726 3304 fetus
1758 3249 1869 3303 edit
1899 3248 2147 3302 innume-

572 3353 828 3413 rabilium
854 3365 919 3407 ac
940 3348 1285 3405 diversorum
1308 3357 1606 3417 generum;
1632 3341 1932 3411 eademque
1954 3356 2149 3396 rursus

571 3444 841 3500 emoritur
871 3437 1280 3512 quodammodo
1327 3450 1392 3491 ac
1425 3443 1630 3499 cessat,
1662 3432 1893 3488 minime
1929 3432 2043 3503 jam
2082 3432 2147 3487 ad

572 3537 788 3592 fruetus
838 3532 1141 3605 gignendos
1178 3540 1234 3586 et
1276 3528 1487 3601 prolem
1532 3527 1927 3598 procreandam
1976 3534 2145 3596 apta:

576 3629 756 3684 donec
784 3627 982 3682 iterum
1011 3624 1327 3687 reviviscat,
1358 3620 1691 3689 vltalcmque
1716 3619 1827 3673 vim
1857 3618 2144 3689 pristinam

571 3737 705 3779 vere
735 3729 1002 3776 resumat.
1038 3716 1222 3784 Quare
1252 3724 1540 3786 postquam
1568 3711 1963 3782 pronuntiavit.
2007 3718 2146 3764 tem-

572 3830 679 3885 pus
707 3826 989 3883 permeare
1014 3826 1112 3880 per
1134 3808 1344 3873 omnia,
1374 3806 1631 3875 idemque
1653 3802 1840 3859 omnia
1868 3802 2147 3857 continere

573 3915 738 3976 atque
765 3904 1091 3974 complecti;
1132 3910 1246 3955 tum
1288 3914 1445 3956 suam
1494 3899 1697 3968 cuique
1737 3894 1818 3950 rei
1863 3895 2145 3965 tempeSti-

568 3988 794 4053 vitalem
836 3999 954 4053 sive
995 4003 1193 4050 natura
1232 3993 1349 4050 sive
1378 4000 1576 4049 eventu
1624 3989 1960 4060 contingenti
1991 3989 2145 4043 attri-

573 4088 693 4141 huit
743 4105 757 4142 :
804 4087 1067 4143 distincte
1113 4085 1225 4154 jam
1281 4098 1467 4139 rerum
1519 4082 1780 4155 pleraque
1835 4082 2140 4152 percurrit,

572 4192 737 4250 atque
765 4179 863 4235 ait:

2252 3071 2401 3135 ἰδίοις
2429 3071 2781 3143 διαιρουμένη
2805 3072 3083 3127 δείκνυται
3114 3074 3381 3144 ζωογόνος
3429 3078 3524 3130 καὶ
3550 3081 3826 3147 καρπογό-

2249 3178 2357 3227 νος,
2394 3161 2491 3214 καὶ
2518 3159 2702 3215 δίδωσι
2730 3161 2830 3233 τὴν
2861 3162 3098 3236 βλάστην
3132 3166 3229 3218 καὶ
3265 3165 3363 3219 τὸν
3392 3167 3553 3223 τόκον
3584 3168 3692 3221 τῶν
3725 3186 3828 3239 μυ-

2250 3251 2382 3323 ρίων
2423 3252 2520 3306 καὶ
2555 3250 2829 3322 διαφόρων
2872 3253 3062 3308 εἰδῶνο
3114 3255 3212 3308 καὶ
3249 3256 3411 3310 πάλιν
3457 3259 3659 3330 τρόπον
3703 3260 3827 3312 τινὰ

2250 3344 2472 3416 θνήσκει
2503 3348 2596 3399 καὶ
2627 3345 2874 3417 τελευτᾷ,
2914 3347 3008 3400 καὶ
3036 3347 3247 3417 γίνεται
3281 3350 3565 3415 παντελῶς
3604 3351 3827 3422 ἀνενέρ-

2247 3454 2412 3509 γητος
2437 3438 2573 3510 πρὸς
2594 3439 2963 3507 καρπογονίαν
2992 3440 3085 3494 καὶ
3116 3443 3532 3514 γενεσιουργίαν
3556 3459 3569 3475 ·
3594 3445 3689 3497 καὶ
3720 3447 3828 3499 πά-

2247 3532 2329 3587 λιν
2362 3533 2593 3597 άνασιοῖ,
2633 3535 2729 3586 καὶ
2756 3534 2854 3594 τὰς
2881 3533 3119 3597 ζωτικάς
3149 3536 3321 3606 αὐτῆς
3368 3537 3651 3607 ἐνεργείας
3696 3539 3826 3591 ἀνα-

2247 3626 2515 3697 λαμϐάνει
2545 3626 2688 3681 κατὰ
2719 3627 2781 3680 τὸ
2825 3626 2946 3698 ἔαρ.
2978 3627 3165 3683 Εἰπὼν
3191 3624 3285 3681 οὖν
3312 3628 3388 3693 ὡς
3416 3630 3606 3683 δίεισιν
3634 3632 3691 3683 ὲν
3719 3633 3827 3683 πᾶ-

2249 3736 2333 3773 σιν
2376 3721 2405 3774 ὁ
2445 3720 2634 3791 χρόνος
2679 3718 2771 3772 καὶ
2817 3720 2994 3773 πάντα
3051 3723 3267 3792 συνέχει
3315 3721 3409 3776 καὶ
3449 3724 3668 3776 πάντων
3708 3725 3827 3776 ἐστὶ

2246 3810 2611 3883 περιεκτικδς,
2640 3809 2734 3863 καὶ
2761 3809 2954 3881 καιρὸν
2999 3811 3215 3882 ἑκάστῳ
3246 3812 3537 3882 πράγματι
3584 3813 3678 3866 καὶ
3715 3812 3826 3864 τῶν

2246 3903 2491 3974 φυσικῶν
2525 3903 2620 3958 καὶ
2646 3903 2756 3958 τῶν
2784 3904 2925 3957 κατὰ
2970 3904 3318 3974 συμϐεϐηκὸς
3350 3906 3653 3976 γινομένων
3684 3906 3816 3959 ἀποο

2245 3996 2556 4067 κληρώσεις,
2600 3995 2818 4060 διέξεισι
2872 3998 3012 4049 κατὰ
3069 3996 3334 4063 διαίρεσιν
3388 3996 3457 4051 τὰ
3493 3996 3665 4050 πλείω
3711 3997 3822 4049 τῶν

2246 4087 2608 4158 πραγμάτων,
2637 4087 2730 4139 καί
2761 4104 2892 4157 φησι
2921 4102 2934 4115 ·

2123 4312 2243 4385 gn.

640 4431 789 4489 Vens
826 4433 883 4487 2.
928 4430 1328 4500 Tempestivitas
1365 4431 1629 4500 pariendi,
1671 4438 1721 4484 et
1766 4428 2141 4497 tempestivitas

2316 4422 2528 4494 Καιρὸς
2558 4423 2667 4477 τοῦ
2696 4421 2913 4488 τεκεῖν,
2945 4423 3044 4476 καὶ
3077 4424 3281 4493 καιρὸς
3318 4424 3425 4480 τοῦ
3455 4426 3817 4483 ἀποθανεῖν·

566 4527 824 4580 moriendi
862 4524 1286 4593 :tempestivitas
1333 4522 1632 4593 plantandi,
1663 4534 1713 4577 et
1759 4523 2135 4590 tempestivitas

564 4618 814 4673 avellendi
834 4618 972 4688 quod
994 4616 1295 4686 plantatum
1322 4624 1398 4668 est
1427 4614 1528 4687 (Ἰ).

638 4710 847 4766 Obvius
875 4707 1093 4778 quidem
1126 4706 1324 4761 horum
1352 4707 1644 4761 verborum
1686 4721 1883 4761 sensus
1916 4716 2138 4761 natura-

563 4805 668 4859 lem
721 4801 1031 4867 hominum,
1079 4797 1321 4854 fortasse
1357 4806 1411 4853 et
1458 4807 1780 4854 caeterorum
1834 4799 1967 4853 item
2021 4798 2141 4854 ani-

567 4895 844 4953 mantium
896 4892 1339 4965 procreationem
1395 4891 1599 4947 indicat
1665 4901 1830 4962 atque
1876 4891 2138 4954 exhibet,

567 4988 845 5059 simulque
897 4995 1109 5043 natura:
1165 4998 1520 5056 progressum
1575 4994 1740 5055 atque
1805 4984 1969 5040 linem
2020 4983 2135 5054 (8);

632 5193 711 5260 (5)
742 5189 1345 5260 Aristotelem,iopinor,
1372 5189 1717 5260 potissimum
1744 5188 2013 5260 designat,
2042 5205 2136 5243 cu-

556 5258 1200 5346 jus-auctpritatehinlra‘
1239 5258 1401 5346 etiam
1437 5258 1980 5346 Ill'ltlll‘.'Slclalll.t3.m
2002 5260 2137 5346 “hoc

558 5328 738 5403 ipsum
766 5332 856 5403 ille
881 5332 1059 5401 attigit
1089 5349 1104 5384 :
1134 5331 1257 5403 Ὅτι
1291 5331 1391 5400 μὲν
1420 5330 1599 5384 τοίνυν
1627 5329 1656 5381 ό
1680 5330 1872 5403 χρόνος
1904 5328 2135 5403 ἀριθμὸς

559 5399 831 5473 κινήσεώς
858 5399 1007 5468 ὲστιξ
1031 5401 1178 5473 κατὰ
1208 5399 1271 5453 τὸ
1295 5399 1583 5473 πρότερον
1608 5401 1702 5473 καὶ
1722 5399 1727 5400 ⁷
1745 5399 1993 5473 ὕστερον,
2039 5401 2137 5473 καὶ

560 5470 803 5543 συνεχές·
832 5471 1087 5542 συνεχοῦς
1114 5472 1252 5540 γάρ·
1279 5470 1533 5540 φανερόν.
1567 5470 1621 5524 Id
1650 5478 1753 5543 est.
1778 5470 2001 5540 Tempus
2032 5471 2135 5540 igi-

473 5561 478 5564 ·
560 5553 661 5597 tur:
680 5542 793 5598 esse
823 5558 1096 5598 numerum
1126 5553 1301 5595 motus
1342 5544 1549 5594 ratione
1570 5542 1764 5609 prioris
1797 5550 1846 5595 et
1871 5543 2131 5609 posterio-

557 5615 659 5678 ris,
687 5624 735 5667 et
769 5630 878 5667 esse
914 5613 1240 5685 continuum,
1276 5628 1395 5685 eam
1422 5613 1656 5665 continui
1698 5615 1783 5679 sit,
1817 5614 1997 5685 liquet.
2029 5611 2129 5684 (De

558 5693 739 5739 natur.
774 5686 996 5752 princip.
1028 5682 1065 5736 ἰ.
1104 5699 1179 5745 Iv,
1205 5698 1254 5737 c.
1291 5683 1400 5751 l8.)

630 5754 704 5821 (6)
740 5754 871 5807 Illud
918 5751 994 5823 τῷ
1027 5755 1191 5806 παντὶ
1230 5754 1535 5822 πράγματι.
1568 5752 1682 5808 sive
1721 5754 1863 5807 omni
1903 5754 1977 5807 rei
2022 5751 2129 5807 He-

556 5824 800 5882 braicam
832 5836 1013 5880 vocem
1044 5833 1168 5900 vnn
1196 5824 1419 5881 rcdderc
1446 5833 1608 5895 negat
1647 5823 1870 5882 Drusius
1900 5823 2125 5894 (Quaest.

2243 4518 2450 4587 καιρὸς
2471 4516 2578 4571 τοῦ
2606 4515 2923 4585 φυτεῦσαι,
2958 4516 3058 4570 καὶ
3088 4518 3293 4586 καιρὸς
3334 4519 3439 4573 τοῦ
3477 4520 3709 4574 ἐκτίλαι
3750 4521 3818 4574 τὸ

2243 4610 2717 4680 πεφυτευμένον.

2334 4702 2391 4755 Ὀ
2424 4701 2521 4772 μὲν
2552 4701 2841 4773 πρόχειρος
2867 4700 2992 4766 νοῦς
3031 4701 3139 4755 τῶν
3180 4701 3464 4773 παρόντων
3499 4702 3679 4773 ῥητῶν
3720 4703 3818 4771 τὴν

2248 4795 2482 4867 φυσικὴν
2508 4797 2721 4864 γένεσιν
2749 4795 2857 4848 τῶν
2884 4798 3209 4868 ἀνθρώπων,
3234 4799 3377 4869 τάχα
3399 4797 3455 4851 δὲ
3484 4799 3708 4851 καὶτῶν
3731 4798 3822 4851 ἄλ-

2245 4892 2351 4944 λων
2381 4889 2558 4956 ζώων,
2588 4887 2887 4945 αἰνίττεται
2928 4890 3017 4943 καὶ
3052 4890 3373 4963 παρίστησι,
3409 4892 3501 4944 καὶ
3548 4889 3647 4960 τὴν
3683 4891 3818 4942 ἁκο-

2244 4982 2460 5041 λουθίαν
2502 4983 2601 5055 τῆς
2643 4983 2854 5054 φύσεως
2885 4984 2980 5037 καὶ
3004 4982 3385 5055 τὴντελευτήν
3408 4995 3423 5011 °
3463 4981 3724 5044 ὡσαύτως
3750 4997 3818 5050 γε

2246 5189 2410 5270 Hebr.
2444 5189 2541 5270 lil_)_.
2574 5204 2659 5270 in,
2692 5206 2748 5242 η.
2779 5188 2870 5270 8_l)
2906 5206 2919 5242 :
2963 5207 2982 5240 ι
3013 5187 3512 5270 (ἷιιηιείικίηψιίι.
3541 5196 3663 5270 γετί
3705 5203 3813 5241 non

2241 5278 2329 5314 res
2352 5261 2695 5330 simpliciter,
2716 5261 2808 5314 sed
2841 5277 2927 5314 res
2950 5262 3130 5329 cupita
3154 5260 3670 5321 desideratatefant
3694 5275 3820 5328 ψιλε

2242 5332 2401 5385 alicui
2437 5333 2838 5386 oblectamento
2872 5341 2971 5387 est.
3007 5349 3025 5380 ι

2312 5402 2388 5472 (7)
2419 5400 2475 5455 ln
2508 5402 2739 5471 vulgatis
2786 5399 2881 5453 τοῦ
2926 5402 3105 5454 τεκεῖν
3132 5395 3378 5455 redditur
3412 5398 3685 5472 nascendi.
3722 5399 3813 5452 cui

2244 5467 2380 5527 sane
2433 5467 2629 5528 melius
2683 5472 2975 5540 respondet
3025 5472 3306 5533 moriendi,
3344 5472 3525 5540 itaque
3568 5472 3618 5523 in
3650 5467 3816 5523 Para-

2247 5544 2429 5610 pbrasi
2460 5560 2559 5597 sua
2587 5541 2841 5596 Petavius
2877 5542 3093 5600 cecinit.

2240 5614 2383 5682 Ὥρη
2426 5614 2533 5669 τοῦ
2564 5612 2851 5684 τεχθέντα
2885 5613 3106 5681 φόωσδ²
3132 5612 3201 5684 ἐκ
3227 5611 3485 5684 γαστρὸς
3516 5610 3744 5664 ἱκέσθαι
3763 5623 3777 5636 ’

2344 5678 2490 5751 "Dm
2522 5678 2858 5753 φθιᾶῗούσης
2888 5678 2990 5735 ’καὶ
3025 5678 3257 5753 θανάτῳ
3290 5678 3527 5748 βιοτῆς.

2308 5754 2384 5823 (8)
2414 5750 2507 5808 Sic
2525 5750 2763 5808 vomnino
2792 5762 2962 5806 totum
2995 5754 3139 5807 hnm-
3162 5752 3507 5823 Ecclesiastas
3541 5752 3718 5823 locum
3747 5750 3814 5804 ile

2235 5818 2388 5882 varia
2419 5840 2605 5882 rerum
2636 5824 3055 5895 tempestivitate
3090 5825 3297 5895 accepit
3339 5822 3634 5894 Gregorius
3665 5818 3813 5875 Neo.
