4172 6546
364 432 479 502 ειει

1437 436 1515 497 ΙΝ
1544 433 2116 497 ECGLESIASTEN-
2142 457 2211 469 ·-
2238 433 2386 492 LIB.
2423 432 2539 491 III.

3499 426 3603 489 846

372 554 478 621 μὴν
521 548 615 603 καὶ
659 551 758 620 τῆς
805 548 1030 618 φυτείας
1070 551 1104 620 ἡ
1141 550 1407 620 ὀνομασία
1440 550 1535 603 καὶ
1564 547 1669 619 τῆς
1698 550 1937 618 ὲκκοπῆς

2042 543 2497 614 quemadmodum
2516 542 2618 612 71,
2642 540 2756 611 ipsa
2774 540 2936 596 etiam
2966 540 3321 611 plantationis
3345 555 3599 608 usurpata

368 641 557 712 αὐτῆς,
589 642 683 692 καὶ
710 640 811 710 τῆς
842 639 1149 711 καταόολῆς
1179 642 1410 695 ἑκάστου
1454 638 1621 711 φυτοῦ
1664 639 1741 709 τῷ
1771 654 1938 707 προσ-

368 734 521 805 φόρῳ
544 731 719 803 καιρῷ
752 732 954 804 δηλαδὴ
982 734 1293 806 γινομένης.
1328 735 1437 787 Καὶ
1484 734 1645 788 πάλιν
1685 734 1718 804 ἡ
1753 732 1842 785 διὰ
1877 730 1938 785 τὸ

368 818 742 897 παλαιωθῆναι
772 828 868 879 καὶ
908 828 1313 898 καταγηράσαι,
1341 827 1436 882 καὶ
1469 822 1637 899 μηδὲν
1663 842 1937 898 καρπογο-

367 920 500 984 νείν,
532 918 565 988 ἢ
592 912 732 988 τάχα
764 919 859 972 καὶ
885 919 974 973 διὰ
1000 914 1061 973 τὸ
1088 920 1358 991 μηδέποτε
1392 922 1664 993 χρήσιμον
1702 918 1937 991 εὑρεθῆ-

366 1029 451 1065 ναι
471 1002 529 1065 τδ
548 1003 732 1082 φυτὸν,
745 1011 881 1066 ἀλλὰ
898 1012 1059 1082 μόνον
1076 1014 1170 1068 καὶ
1188 1014 1289 1087 τὴν
1305 1013 1409 1084 γῆν
1425 1014 1744 1084 καταργεῖν,
1759 1012 1938 1066 εύκαί-

372 1122 480 1177 ρως
500 1105 836 1160 ὲκτίλλεσθαι
863 1109 1116 1176 σημαίνει
1148 1109 1298 1179 παρὰ
1318 1108 1424 1161 τῶν
1452 1107 1772 1178 φυτοκόμων
1796 1122 1811 1138 ⁸
1842 1105 1938 1159 τά·

368 1200 453 1265 ξιν
473 1188 567 1250 τοῦ
590 1198 745 1267 λόγου
767 1199 1075 1265 δεικνύντος
1096 1200 1154 1253 ὲν
1182 1203 1294 1265 τοῖς
1316 1196 1435 1254 οῦσι
1462 1200 1558 1254 καὶ
1578 1197 1814 1272 φυσικὴν
1841 1199 1938 1252 καὶ

368 1276 778 1362 προαιρετικὴν,
800 1290 915 1343 ἀλλ’
934 1290 996 1344 ού
1026 1291 1443 1362 συγκεχυμένως
1460 1290 1555 1344 καὶ
1574 1291 1937 1361 πεφυρμένως

368 1384 438 1436 τὰ
458 1375 662 1451 φυσικά
684 1382 985 1452 πράγματα
1009 1383 1103 1436 καὶ
1129 1383 1201 1437 τὰ
1226 1383 1481 1454 γνωμικὰ
1503 1383 1612 1436 τῶν
1637 1381 1761 1436 νοῦν
1787 1384 1939 1453 ὲχόν-

367 1492 475 1528 των
495 1474 745 1546 ὲπιτηδεύ
753 1493 897 1546 ματα
919 1476 1183 1548 δεχόμενα
1207 1476 1305 1545 τὴν
1335 1477 1623 1547 διοίκησιν,
1642 1476 1777 1530 ἀλλὰ
1798 1476 1937 1530 κατὰ

366 1568 467 1637 τὴν
490 1569 810 1621 ἀκολουθίαν
832 1570 928 1623 καὶ¹
954 1568 1052 1640 τὴν
1074 1568 1410 1641 κατάλληλον
1437 1570 1532 1623 καὶ
1554 1568 1938 1640 συμφέρουσαν

365 1652 522 1719 τάξιν
541 1670 554 1684 ο
591 1654 677 1709 ἵνα
708 1656 1003 1710 κάντεῦθεν
1038 1655 1295 1729 ἐξελέγξῃ
1325 1658 1452 1715 τοὺς
1484 1657 1573 1710 ἀεὶ
1604 1657 1695 1711 τὸν
1725 1658 1941 1729 φιλήδο-

365 1764 455 1800 νον
502 1748 618 1819 βίον
658 1749 1073 1820 προελομένους,
1108 1751 1203 1805 καὶ
1231 1750 1300 1804 τὰ
1334 1750 1515 1819 φαῦλα
1560 1751 1653 1804 καὶ
1684 1751 1939 1822 μοχθηρά

368 1838 469 1911 ζῇν
528 1837 943 1911 ἐπιτηδεύοντας
997 1842 1092 1895 καὶ
1142 1842 1561 1908 σπουδάζοντας,
1622 1842 1735 1896 ἀλλ’
1793 1844 1934 1913 οὐχὶ,

367 1932 510 1986 κατὰ
542 1932 773 2003 μίμησιν
800 1933 910 1986 τῶν
943 1932 1187 2002 φυσικῶν
1224 1934 1570 2006 πραγμάτων
1600 1934 1633 2007 ἢ
1663 1933 1772 1989 τῶν
1796 1952 1937 2003 γνω-
1969 1913 2011 1968 Β

371 2022 546 2093 μικῶν
592 2023 1060 2096 ἐπιτηδευμάτων,
1096 2024 1155 2080 ὲν
1183 2027 1347 2079 πᾶσιν
1389 2025 1570 2089 ἄλλοις
1610 2026 1799 2098 καιρὸν
1828 2028 1935 2094 ἀφ-

366 2112 649 2187 ορίζοντας
712 2116 843 2170 ῐδιον
898 2119 1017 2179 ταῖς
1069 2120 1360 2189 σαρκικαῖς
1404 2117 1617 2188 ἡδοναῖς
1680 2118 1775 2171 καὶ
1818 2121 1937 2182 ταῖς

366 2203 746 2278 ἡδυπαθείαις,
796 2211 892 2264 καὶ
952 2209 1117 2265 πάλιν
1178 2210 1287 2264 τῶν
1339 2210 1598 2265 τοιούτων
1660 2212 1936 2282 ἀπεχομέ-

367 2318 514 2365 νους.

439 2405 663 2474 Μήποτε
714 2404 772 2457 δὲ
822 2403 891 2459 τά
938 2402 1165 2459 τοιαῦτα
1208 2419 1346 2477 προς
1377 2405 1536 2477 μόνον
1567 2406 1659 2460 τὸν
1693 2405 1935 2478 ἔμψυχον

365 2495 660 2566 ἀνδριάντα
699 2495 791 2550 τὸν
824 2495 1109 2566 ἄνθρωπον
1145 2495 1385 2563 διέξεισι,
1416 2497 1935 2568 δυσωπητικὼτερον

365 2589 466 2652 τὰς
495 2589 732 2659 φυσικὰς
760 2588 1062 2659 προτείνων
1101 2590 1345 2657 γενέσεις
1387 2590 1482 2643 καὶ
1519 2592 1644 2655 τοὺς
1674 2591 1936 2654 θανάτους

367 2683 459 2734 καὶ
496 2680 595 2744 τὰς
634 2681 857 2751 φυτείας
897 2697 957 2733 τε
998 2680 1218 2745 καὶτὰς
1244 2679 1394 2751 σφῶν
1420 2682 1657 2753 ἐκτομάς
1700 2684 1794 2736 καὶ
1826 2683 1935 2735 τῶν

364 2769 593 2833 λοιπῶν,
622 2762 697 2825 ὧν
725 2770 1117 2841 άπαριθμεῖται
1146 2770 1284 2841 πρὸς
1327 2772 1389 2825 τὸ
1417 2772 1545 2843 ἑξῆς
1580 2772 1671 2825 τὸν
1706 2774 1937 2826 κατάλο-

364 2878 482 2929 γον,
536 2862 817 2932 μονονουχὶ
858 2861 1116 2929 φάσκων;
1152 2861 1229 2925 ὡς
1269 2860 1345 2914 ἴδε
1383 2863 1480 2916 καὶ
1515 2862 1684 2931 γνῶθι
1726 2864 1931 2934 σαφῶς,

364 2954 646 3024 ἄνθρωπε,
702 2955 772 3007 τὰ
828 2954 1005 3006 πάντα
1061 2952 1465 3024 πειθαρχοῦντα
1526 2957 1593 3025 τῇ
1649 2955 1798 3023 τάξει
1864 2959 1930 3028 τῇ

365 3044 520 3115 παρὰ
565 3043 658 3097 τοῦ
706 3043 1212 3114 δημιουργήσαντος
1260 3043 1443 3108 αὐτοῖς
1485 3044 1793 3117 τεθειμένῃ,
1842 3047 1935 3099 καὶ

372 3135 538 3209 μηδὲν
567 3134 672 3201 ἔξω
710 3135 805 3189 τοῦ
846 3134 1146 3206 πρέποντος
1187 3134 1382 3206 καιροῦ
1425 3138 1599 3190 ποιεῖν
1643 3137 1936 3208 ἢπάσχειν

367 3228 669 3299 ἀνεχόμενα
721 3232 782 3281 τὸ
830 3227 1124 3298 παράπανο
1168 3226 1263 3280 καὶ
1318 3226 1476 3292 σύνες
1519 3228 1548 3281 ὁ
1596 3228 1715 3282 κατ’
1751 3231 1934 3285 εἰκόνα

371 3431 711 3506 Caesariensis
740 3451 753 3487 :
784 3444 841 3488 nt
868 3448 975 3488 non
999 3444 1106 3506 tam
1138 3450 1261 3504 quze
1284 3434 1426 3506 aptis
1455 3437 1793 3505 temporibus
1824 3440 1935 3492 ﬁeri

371 3505 621 3578 debeant,
646 3520 806 3578 quam
827 3520 957 3578 qua:
988 3504 1106 3578 ﬁeri
1135 3504 1335 3578 solent,
1362 3505 1452 3578 hic
1482 3504 1751 3578 designari
1786 3522 1941 3578 pulu-

372 3585 473 3630 ret.
507 3576 593 3628 Ait
615 3566 759 3628 enim
790 3566 1029 3647 εΧρόνος
1063 3574 1120 3628 δὲ
1153 3566 1328 3647 ,οὗτος
1371 3566 1801 3647 πάντωνίγέμεί
1830 3579 1939 3633 τῶν

374 3646 781 3718 ὲναντιοτῄτων,
822 3643 1078 3718 τοκετῶν,
1122 3643 1241 3718 εἶτα
1280 3646 1547 3709 θανάτων,
1591 3643 1939 3718 βλαστήσεως

377 3716 578 3783 φυτῶν,
605 3716 723 3770 εἶτα
746 3716 1087 3787 ᾲά-νατροπῆς,
1127 3716 1322 3769 ίάσεων
1355 3719 1449 3770 καὶ
1475 3716 1824 3787 ἀναιρέσεων,
1866 3721 1941 3773 οτ-

378 3802 574 3871 κωνθτε
604 3784 955 3867 ἁνορθὼσεθως
998 3784 1093 3871 καὶ
1121 3787 1491 3871 καταλύσεως,
1523 3784 1819 3871 κλαυθμῶν
1846 3791 1942 3844 καὶ

381 3856 655 3923 γελώτων,
688 3856 934 3907 κοπετῶν
980 3856 1073 3908 καὶ
1118 3857 1467 3928 ὀρχημάτων.
1523 3857 1636 3913 Νῦν
1673 3856 1792 3927 μὶν,
1818 3877 1942 3913 συν-

379 3928 503 3999 άγει
529 3941 636 3999 ,τις
678 3925 746 3977 τά
772 3924 879 3976 ἀπὸ
907 3925 1031 3999 γῆς,
1060 3925 1153 3999 νῦν
1178 3928 1235 3999 δὲ
1258 3926 1476 3999 ὲξέὸαλε
1500 3945 1517 3960 σ
1547 3928 1640 3983 καὶ⁸
1671 3930 1805 3999 ποτὲ
1844 3932 1941 3999 μὲν

379 3994 693 4096 ὲπιμέμηνξ
708 3996 977 4096 ’γυνῗικῂ
1014 3995 1140 4096 πρτὲ
1159 3996 1235 4076 ’δὲ
1278 3997 1809 4096 αύτὴέλὰἒτοσξύγειδ
1845 3994 1942 4096 ita}

379 4064 485 4119 νῦν
505 4068 602 4134 μὲν
632 4064 865 4134 ὲζήτησέ
905 4081 989 4127 τις
1042 4065 1241 4131 ὁτιοῦν,
1284 4066 1377 4120 νῦν
1403 4064 1471 4121 ’δὲ
1509 4064 1761 4123 ἀπώλεσε
1789 4086 1804 4099 ·
1847 4071 1942 4124 καὶ

377 4135 475 4188 νῦν
511 4137 610 4204 μὲν
640 4133 893 4203 ἐφύλαξε,
926 4135 1022 4189 νῦν
1050 4135 1107 4189 δὲ
1138 4141 1415 4205 προήκατο
1436 4154 1452 4171 ·
1481 4138 1667 4195 ἄλλοτε
1690 4139 1943 4193 ἀπέκτει-

379 4222 489 4265 νεν.
541 4205 729 4258 ἄλλοτε
776 4205 1041 4276 ὲφονεύθη
1060 4222 1074 4237 ·
1135 4206 1414 4277 ἐλάλησεν,
1471 4207 1590 4263 εἶτα
1632 4209 1901 4280 ἡσύχασεν
1923 4226 1939 4242 ⁶

379 4277 663 4312 quvi-rnatu
703 4270 817 4312 εἶα-η
846 4276 1095 4312 laniant-reo
1115 4277 1183 4312 πρὸ
1213 4278 1319 4312 νλη
1346 4281 1403 4312 in
1431 4279 1736 4312 Ᾱηιιὶιιιτηυυρ
1764 4281 1937 4312 πλέαι-

378 4277 682 4345 ἠγάπησεν,
701 4276 822 4328 εἶτα
844 4276 1095 4347 ἐμίσησεο
1115 4277 1186 4330 τὰ
1213 4276 1319 4345 γὰρ
1346 4281 1403 4331 ἐν
1430 4276 1939 4352 ἀνθρὼποις’πράγ-

382 4363 535 4421 ματαΔ
559 4346 694 4421 ποτὲ
732 4346 832 4421 μμὲν
867 4346 1440 4421 πολεμεῖται,γάλλοτε
1468 4349 1533 4421 δὲ
1576 4350 1936 4421 εἰρηνεύεται,

378 4415 691 4488 ὀξυρῤόπως
718 4416 826 4489 τῶν
851 4415 1191 4489 πραγμάτων
1217 4419 1275 4486 ἐξ
1310 4420 1530 4489 ἀγαθῶν
1555 4415 1695 4473 εἷναί
1722 4420 1940 4474 δοκούν-

378 4486 486 4558 των
521 4488 601 4558 είς
636 4486 1044 4558 ὁμολογούμενα
1087 4490 1234 4542 κακά
1277 4486 1748 4558 μεταπιπτόντων.
1791 4492 1940 4544 Παυ-

382 4555 602 4640 σώμεθα
627 4556 803 4640 τοίνυν
836 4555 1194 4640 ὲξάγονήτων
1226 4555 1463 4631 μόχθων.
1501 4560 1556 4640 I_d
1586 4570 1670 4615 est
1706 4579 1717 4613 :
1752 4560 1940 4640 Εηξιῃ-

2037 634 2328 705 appellatio
2377 644 2434 690 et
2490 634 2793 689 excisionis
2845 648 2909 688 ac
2956 632 3279 702 dejectionis
3342 630 3606 701 cujusque

2038 728 2259 799 plantze,
2289 742 2410 796 qua:
2453 726 2800 782 convenienti
2848 739 2979 781 sane
3019 725 3442 795 tempestivitate
3477 739 3605 793 pcr-

2037 828 2294 890 aguntur.
2314 821 2391 873 Ac
2419 834 2659 883 rursum,
2678 819 2807 889 quia
2833 816 2976 873 forte
3002 818 3165 873 arbor
3190 820 3273 874 vel
3306 820 3604 875 inveterata

2037 910 2172 965 adeo
2223 908 2533 970 consenuit,
2576 909 2787 963 nullum
2835 917 2896 964 ut
2929 907 3167 963 fructum
3210 909 3472 979 proferat,
3523 914 3607 965 Vel

2038 994 2244 1057 nullius
2287 1003 2401 1074 jam
2440 1017 2575 1057 usus
2619 1015 2763 1067 esse,
2815 1008 2870 1055 et
2916 1000 3095 1055 solum
3145 1002 3337 1059 inutile
3378 1005 3607 1059 reddere

2039 1095 2307 1158 videatur,
2347 1094 2489 1148 hanc
2517 1101 2822 1163 opportune
2857 1108 2888 1147 a
2916 1092 3216 1149 cultoribus
3243 1096 3402 1149 evelli
3431 1096 3606 1166 signi-

2039 1187 2185 1242 ticat.
2232 1187 2489 1242 Ordinem
2517 1201 2647 1241 vero
2693 1186 2748 1239 in
2789 1185 2874 1239 his
2903 1195 2958 1240 et
2984 1188 3286 1242 naturalem
3319 1197 3375 1243 et
3409 1188 3606 1243 volun-

2040 1281 2238 1334 tarium
2284 1280 2399 1350 ipsa
2430 1278 2592 1333 verba
2637 1278 2943 1349 designant,
2990 1293 3059 1333 ne
3098 1288 3309 1335 naturae
3347 1294 3510 1349 opera
3554 1290 3608 1336 et

2040 1373 2399 1444 cogitantium
2443 1380 2607 1443 atque
2649 1373 2968 1444 eligentium
3014 1373 3195 1429 studia
3240 1374 3470 1430 confuse
3512 1392 3608 1444 po-

2044 1467 2151 1522 tius
2201 1478 2364 1536 atque
2408 1466 2741 1537 promiscue,
2789 1481 2954 1535 quam
2992 1482 3089 1533 per
3133 1466 3335 1538 gradus
3380 1483 3608 1536 qumque

2041 1573 2173 1613 suos
2210 1567 2264 1613 et
2299 1559 2519 1629 propria
2565 1569 2730 1628 atque
2764 1558 2880 1612 utili
2931 1558 3074 1614 serie
3102 1557 3424 1629 digerantur
3454 1577 3466 1611 :
3498 1576 3608 1627 quo

2043 1651 2173 1705 hinc
2216 1651 2381 1705 etiam
2431 1665 2526 1705 eos
2572 1650 2891 1721 redarguat,
2950 1650 3046 1721 qui
3101 1651 3393 1706 delicatam
3445 1652 3607 1705 vitam

2043 1754 2451 1815 prmoptarunt,
2495 1760 2733 1815 cumque
2773 1745 2921 1801 vitiis
2988 1744 3316 1816 ﬂagitiisque
3364 1761 3426 1800 se
3466 1755 3609 1800 totos

2044 1838 2385 1903 addixeriut,
2456 1838 2718 1905 minime,
2788 1854 2856 1893 ex
2918 1838 3223 1894 imitatione
3276 1841 3608 1895 naturalium

2043 1945 2268 1999 operum
2296 1929 2380 1984 vel
2406 1930 2474 1985 ad
2505 1930 2769 1984 rationem
2798 1929 3235 1986 voluntariorum
3278 1933 3608 2001 studiorum,

2043 2023 2508 2091 opportunitatem
2573 2037 2850 2093 corporeae
2910 2022 3284 2082 delectationis
3343 2038 3398 2083 et
3457 2032 3612 2083 volu-

2043 2114 2210 2184 ptatis
2266 2114 2543 2184 propriam
2594 2115 2737 2169 inter
2785 2115 3027 2185 reliquas
3069 2116 3206 2173 alias
3244 2119 3607 2191 distinguunt.

2043 2219 2145 2258 nec
2193 2219 2412 2258 rursum
2453 2205 2522 2258 ab
2569 2204 2838 2274 ejusmodi
2869 2206 3286 2266 oblectamentis
3329 2213 3433 2267 sibi
3470 2225 3610 2268 tem-

2042 2311 2234 2367 perare
2259 2297 2504 2351 animum
2538 2298 2824 2354 inducunt.

2114 2390 2253 2444 Num
2284 2406 2415 2446 vero
2453 2391 2570 2447 hate
2600 2392 2827 2458 homini,
2857 2400 3069 2450 tantum
3098 2405 3159 2451 ut
3183 2397 3410 2466 spiranti
3441 2400 3612 2455 simu-

2042 2482 2191 2538 lacro
2214 2483 2312 2554 (9),
2356 2483 2632 2547 edisserit,
2672 2499 2821 2550 cum,
2860 2502 2983 2557 quae
3024 2503 3149 2542 eum
3180 2489 3374 2559 majori
3406 2492 3612 2562 pudore

2042 2574 2259 2630 allicere
2305 2575 2539 2645 possint,
2583 2575 2862 2631 naturales
2907 2580 3286 2649 generationes
3320 2592 3484 2653 atque
3530 2585 3612 2639 in-

2043 2668 2238 2723 teritus
2265 2676 2434 2738 ponat
2470 2667 2540 2722 ob
2578 2668 2770 2723 oculos
2794 2668 2930 2740 (10),
2978 2678 3035 2724 et
3074 2671 3333 2726 arborum
3370 2676 3611 2732 sationes

2040 2758 2576 2829 exstirpationesque
2640 2772 2869 2825 earum,
2940 2769 3373 2833 cantarat-imque
3425 2781 3613 2823 rerum

2043 2852 2267 2918 seriem,
2304 2866 2443 2920 quas
2482 2849 2739 2920 deinceps
2785 2862 3092 2916 enumerat,
3138 2856 3219 2910 sic
3262 2871 3429 2928 prope
3461 2875 3614 2916 com-

2041 2945 2294 3017 pellans?
2345 2944 2478 3001 Vide
2524 2959 2721 3013 nempe
2789 2960 2852 3000 ac
2900 2946 3191 3003 manifesto
3240 2967 3513 3021 agnosce,
3579 2971 3613 3011 ο

2044 3039 2317 3105 mortalis,
2352 3053 2515 3109 quam
2547 3037 2732 3092 omnia
2758 3039 3005 3096 ordinem
3049 3041 3204 3096 illum
3242 3055 3473 3113 servent,
3517 3049 3613 3120 qui

2042 3148 2073 3188 a
2106 3132 2406 3188 Conditore
2437 3132 2571 3202 ipsis
2596 3133 2951 3204 praescriptus
2975 3135 3095 3191 est!
3137 3145 3197 3191 ut
3226 3138 3361 3193 nihil
3389 3142 3614 3198 omnino

2040 3236 2193 3282 extra
2227 3225 2705 3297 tempestivitatem
2739 3241 2895 3283 suam
2933 3228 3015 3285 vel
3057 3240 3222 3300 agant
3267 3233 3348 3288 vel
3396 3236 3611 3305 patian-

2043 3432 2451 3505 griptnmest,
2488 3446 2658 3501 usque
2709 3432 2773 3486 ad
2806 3433 2959 3485 illum
3008 3432 3211 3499 locum,
3245 3450 3299 3488 ιιι
3327 3450 3437 3505 quo
3487 3446 3608 3493 att:

2046 3501 2265 3569 Tempus
2315 3501 2434 3578 belli
2480 3512 2528 3578 et
2572 3512 2773 3578 tempus
2817 3505 3175 3578 pacis,_‘supet_'
3211 3501 3612 3578 Israelintclli-

2043 3586 2194 3643 gunt.
2218 3613 2231 3626 .
2252 3612 2266 3625 .
2294 3610 2308 3625 .
2342 3571 2581 3642 Tempus
2606 3572 3016 3644 fuitgenerandi
3048 3571 3102 3627 et
3124 3576 3405 3644 plantandi
3437 3576 3612 3632 Israe-

2045 3645 2169 3706 lem,
2209 3652 2420 3711 tempus
2452 3642 2713 3716 moriendi
2756 3652 2808 3716 et
2847 3644 3080 3716 ducendi
3113 3642 3167 3699 in
3200 3649 3607 3716 captivitatem;

2043 3723 2256 3787 tempus
2312 3713 2590 3787 occidendi
2647 3729 2743 3769 eos
2788 3714 2842 3767 in
2896 3712 3151 3785 Egypto,
3207 3712 3515 3787 etlempu-t
3544 3712 3612 3773 de

2044 3784 2273 3858 {Egypto
2312 3784 2614 3858 liberandi;
2657 3794 2869 3854 tempus
2905 3784 3217 3858 destruendi
3270 3784 3453 3858 templi
3507 3791 3611 3843 sub

2043 3855 2562 3917 Nabuchodonosor,
2592 3864 2641 3908 et
2678 3864 2888 3922 tempus
2920 3855 3221 3910 aediﬁcandi
3266 3855 3606 3925 sub'Dario;

2043 3936 2254 3999 tempus
2290 3924 2575 3999 plangendi
2611 3925 2948 3999 eversionem
2980 3927 3155 3999 urbis,
3192 3937 3251 3999 et
3285 3938 3509 3999 tempus
3532 3924 3607 3984 ri?

2043 3993 2203 4051 dendi
2233 4004 2395 4064 atque
2425 3993 2663 4049 saltandi
2696 3995 2799 4048 sub
2833 3993 3155 4059 Zorobabel,
3191 3998 3361 4053 Esdra
3390 3993 3443 4054 et
3467 3998 3610 4054 Nee-

2045 4067 2190 4133 mia;
2220 4073 2432 4133 tempus
2459 4064 2799 4135 dispergendi
2826 4064 3010 4129 Israel,
3034 4076 3088 4120 et
3112 4076 3326 4136 tempus
3351 4070 3404 4123 in
3439 4085 3606 4123 unum

2044 4136 2442 4206 congregandi;
2481 4143 2697 4203 tempus
2725 4136 2881 4206 quasi
2909 4205 2917 4206 ί
2950 4137 3226 4206 cingulum
3268 4148 3322 4193 et
3368 4140 3607 4193 balteum

2042 4204 2381 4278 circumdari
2398 4205 2506 4278 Deo
2534 4206 2789 4278 pOpulum
2820 4204 3153 4278 Iudaeorum,
3181 4218 3234 4262 et
3268 4218 3480 4278 tempus
3510 4212 3609 4263 du-

2045 4278 2199 4333 cendi
2236 4292 2329 4330 eos
2370 4276 2424 4329 in
2468 4274 2818 4346 Balgloniam
2850 4277 3241 4346 captivitatem,
3278 4291 3331 4333 et
3362 4274 3431 4333 ibi
3458 4296 3610 4334 com-

2046 4358 2357 4430 putrescere
2383 4356 2534 4430 trans
2562 4346 2896 4430 Euphratem
2917 4385 2930 4399 .
2950 4386 2963 4400 .
2990 4363 3041 4430 .‘;
3086 4359 3299 4430 tempus
3329 4352 3609 4418 quaerendi

2046 4416 2169 4474 illos
2197 4428 2256 4490 et
2278 4416 2548 4481 servandi,
2575 4425 2639 4490 et,
2657 4418 3152 4490 tempuspcrdendi
3178 4416 3232 4472 et
3255 4416 3467 4490 tempus
3492 4438 3611 4490 pro-

2040 4488 2258 4560 jiciendi
2281 4496 2537 4560 ;7tctnpus
2566 4486 2860 4560 scindendi
2879 4487 3065 4550 Israel,
3092 4500 3145 4543 et
3174 4486 3387 4559 tempus
3410 4486 3605 4546 iterum

2044 4558 2370 4628 consuendi;
2410 4568 2621 4625 tempus
2656 4558 2865 4612 tacendi
2901 4562 3213 4628 prophetas,
3250 4558 3393 4617 nunc
3428 4564 3479 4615 in
3513 4577 3608 4614 ca-

380 4625 495 4700 vero
527 4626 622 4679 hoc
654 4638 851 4696 tempus
898 4625 1238 4682 rebus'intef
1280 4625 1335 4685 se
1381 4632 1611 4685 maxime
1656 4632 1937 4686 contrariis
1971 4625 2015 4681 D
2042 4631 2287 4700 ptivitate
2344 4627 2613 4700 Romana,
2664 4625 2973 4700 etutempus
3003 4625 3274 4700 loquendi
3319 4647 3436 4695 eos,
3480 4642 3611 4687 tunc

376 4698 587 4764 plenum
614 4705 712 4762 est,
746 4711 931 4766 partus
956 4707 1005 4752 et
1032 4703 1238 4766 mortis,
1264 4710 1409 4755 ortus
1444 4703 1688 4769 stirpium
1722 4711 1769 4756 et
1799 4718 1940 4756 ever-

378 4770 538 4821 sionis
567 4777 722 4835 atque
749 4770 1014 4831 interitus,
1040 4772 1374 4824 curationum
1396 4774 1710 4837 etcazdium,
1733 4785 1941 4827 exstru-

378 4839 567 4892 clionis
606 4840 899 4910 redimiret
954 4840 1378 4903 disturbationis,
1428 4843 1652 4910 gemitus
1690 4852 1739 4896 et
1778 4844 1938 4906 risus,

377 4910 717 4983 planctusuet‘
748 4909 1115 4963 saltationum.
1150 4910 1305 4983 Nunc
1334 4909 1598 4983 quispiam
1637 4924 1790 4968 terra:
1822 4914 1939 4983 {ru-

377 4990 492 5050 ctus
540 4980 765 5049 colligit,
792 4996 926 5033 nunc
950 4996 1135 5034 rursus
1162 4982 1306 5050 ejicit
1330 4980 1354 5042 ξ
1377 4980 1515 5036 nunc
1552 4980 1831 5038 mulierem'
1850 4985 1941 5037 de-

377 5049 513 5121 perit
555 5058 708 5121 atque
755 5051 943 5103 insano
988 5049 1592 5121 amore'complectitur,
1645 5070 1783 5108 nunc
1826 5070 1942 5108 eam

378 5119 583 5194 infense
617 5120 726 5172 odit
747 5128 1144 5194 etuaeersatur;
1174 5119 1532 5192 nunc'aliquid
1557 5126 1771 5194 quwril,
1804 5141 1943 5179 nunc

380 5189 606 5263 amittit;_
628 5203 763 5241 nunc
785 5189 1060 5259 diligenter
1085 5203 1340 5257 asservat,
1363 5189 1501 5247 nunc
1528 5189 1777 5263 proﬁcit;
1809 5210 1943 5248 nunc

379 5259 650 5335 interﬁcit,
689 5274 832 5335 nunc
853 5263 1232 5328 obtruncatur;
1259 5281 1396 5318 nunc
1425 5259 1680 5335 loquitur,
1712 5282 1849 5319 nunc
1868 5268 1945 5319 si-

378 5331 538 5381 lentio
571 5329 890 5398 acquiescit;
919 5347 1055 5385 nunc
1093 5345 1257 5399 amat,
1302 5352 1438 5388 nunc
1472 5329 1591 5389 odio
1632 5329 1940 5391 insectatur.

378 5399 488 5476 Res
501 5399 644 5476 enim
665 5399 907 5455 humana:
932 5419 1069 5455 nunc
1100 5404 1233 5459 bello
1261 5407 1600 5476 aﬂlictantur,
1629 5422 1766 5460 nunc
1795 5418 1945 5459 tran-

375 5470 558 5539 quilla:
611 5479 663 5547 et
720 5480 927 5539 pacatae
987 5484 1141 5547 sunt;
1194 5470 1443 5547 tertiaque
1492 5470 1805 5531 esteorum
1862 5478 1944 5530 in-

376 5542 700 5613 constantia,
730 5552 787 5596 ut
829 5558 946 5613 qua:
988 5545 1144 5597 modo
1179 5542 1419 5602 secunda:
1461 5564 1569 5601 esse
1610 5549 1942 5607 videbantur,

375 5611 532 5665 celeri
562 5611 848 5666 momento
874 5616 931 5667 in
976 5617 1273 5669 certissima
1316 5618 1459 5672 mala
1499 5618 1839 5673 delabantur.
1872 5623 1945 5673 Ac

374 5683 765 5760 proittde_ranis
795 5682 1067 5760 laboribus
1099 5689 1328 5741 exerceri
1364 5689 1691 5743 desinamus.
1733 5689 1810 5760 (In
1836 5690 1946 5742 Me-

373 5752 553 5823 taphr.
583 5751 811 5823 Eccles.)

446 5825 515 5876 At
538 5838 665 5879 vero
697 5842 716 5876 ι
749 5824 984 5893 Hebraei,
1022 5844 1042 5878 ι
1076 5826 1250 5897 inquit
1271 5826 1337 5881 ad
1370 5828 1515 5882 hunc
1550 5829 1730 5883 locum
1764 5829 1949 5883 Hiero-

378 5906 598 5963 nymus,
624 5913 642 5947 ι
662 5909 825 5951 omne
846 5897 971 5965 hoc,
989 5899 1131 5968 quod
1152 5898 1218 5953 de
1242 5899 1623 5955 contrarietate
1645 5908 1946 5969 temporum

2041 4698 2260 4770 quando
2294 4700 2454 4753 etiam
2509 4698 2570 4770 ιιι
2604 4698 2786 4752 hostili
2831 4698 2975 4754 terra
3020 4698 3111 4753 Dei
3143 4705 3516 4757 consolatione
3555 4713 3611 4757 et

2040 4768 2282 4840 alloquio
2305 4784 2409 4823 non
2430 4768 2724 4841 carebant;
2763 4781 2977 4841 tempus
3012 4771 3340 4837 dilectionis,
3378 4788 3482 4841 qua
3512 4789 3609 4829 eos

2041 4842 2145 4897 sub
2176 4841 2418 4909 patribus
2453 4849 2580 4912 ante
2616 4840 2823 4905 dilexit,
2865 4852 2918 4895 et
2968 4851 3182 4910 tempus
3222 4844 3354 4897 odii.
3388 4840 3513 4912 quia
3552 4845 3605 4897 in

2040 4912 2320 4966 Christum
2351 4910 2661 4981 intulerunt
2705 4926 2936 4978 manus;
2974 4924 3183 4981 tempus
3218 4910 3417 4981 praelii,
3444 4915 3608 4967 tnodo

2042 4999 2149 5053 non
2181 4980 2469 5053 agentibus
2497 4980 2576 5053 eis
2608 4981 3003 5049 pmnitentiam,
3033 4980 3099 5035 et,
3114 4980 3327 5052 tempus
3363 4985 3512 5053 pacis
3554 4986 3604 5038 ιιι

2043 5050 2248 5118 futuro,
2274 5051 2491 5120 quando
2515 5050 2752 5122 intrante
2775 5052 3108 5120 plenitudine
3131 5050 3395 5122 gentium,
3427 5057 3608 5110 omnis

2042 5123 2209 5179 Israel
2256 5126 2439 5176 salvus
2472 5120 2595 5173 erit.
2622 5139 2640 5172 ι

2114 5193 2191 5316 ἕθ)
2225 5192 2283 5246 1n
2322 5193 2444 5246 cod.
2484 5189 2767 5272 Sangerm.
2808 5191 2911 5243 Τὸν
2964 5191 3213 5277 ἔμψυχον⁹
3255 5195 3349 5248 καὶ
3392 5194 3607 5262 λογικὸν

2147 5266 2359 5316 οιάντα.
2411 5272 2464 5315 et
2512 5262 2741 5316 subinde
2787 5264 2881 5314 καὶ
2923 5265 3019 5316 τὰς
3052 5281 3338 5316 φυτευσειε
3385 5268 3482 5316 καὶ
3508 5268 3607 5316 τὰς

2044 5262 2359 5332 ἀνδριάντα,
2411 5272 2464 5315 et
2512 5262 2741 5316 subinde
2787 5264 2881 5314 καὶ
2923 5265 3019 5325 τὰς
3052 5262 3338 5332 φυτεύσεις
3385 5268 3608 5328 καὶτὰς

2046 5335 2195 5404 σφῶν
2225 5332 2481 5404 ἐκτομάς.

2118 5406 2227 5475 (ill)
2258 5401 2561 5475 [legendum
2587 5401 2819 5475 fortasse
2842 5401 2895 5456 in
2915 5401 3130 5475 Graecis
3158 5402 3611 5473 δυσωπητικὼτι-

2049 5471 2141 5547 ρόν
2163 5492 2236 5538 τι,
2271 5471 2435 5547 idest
2457 5476 2594 5542 quod
2618 5471 2686 5547 ad
2715 5473 3023 5547 pudendum
3038 5477 3205 5547 magis
3229 5471 3452 5547 inducit.
3474 5477 3609 5532 Illud

2049 5542 2228 5600 autem
2260 5542 2571 5612 significare
2608 5542 2901 5611 Gregorius
2943 5542 3182 5599 voluisse
3214 5545 3345 5598 mihi
3375 5547 3607 5613 videtur,

2048 5617 2192 5672 dicta
2229 5614 2568 5685 Ecclesiasten
2595 5629 2659 5668 ea
2689 5622 2869 5669 mente
2898 5631 3020 5671 esse
3049 5616 3280 5685 prolata,
3316 5626 3375 5670 ut
3406 5632 3513 5671 non
3546 5621 3615 5674 ad

2049 5701 2213 5741 aures
2233 5685 2433 5748 solum,
2463 5684 2557 5739 sed
2582 5684 2649 5740 ad
2676 5686 2917 5757 animum
2954 5684 3129 5754 usque
3157 5685 3397 5740 hominis
3427 5704 3616 5757 perve-

2051 5758 2225 5831 niant,
2263 5771 2499 5831 eumque
2537 5757 2605 5831 de
2645 5755 2823 5810 ollicio
2868 5770 2990 5819 suo,
3025 5755 3439 5831 comparatione
3478 5777 3617 5831 qua-

2051 5829 2174 5882 dam
2210 5828 2477 5895 instituta,
2504 5828 2833 5884 admoneant
2862 5845 2876 5884 :
2900 5828 3047 5899 quod
3075 5843 3138 5883 ea
3157 5826 3449 5884 declarant
3495 5826 3617 5901 quae

2054 5908 2375 5969 sequuntur.
