4172 6520
543 431 644 499 817

1668 428 1731 487 S.
1760 427 2135 490 GREGORII
2172 428 2680 491 AGRIGEN’I‘INI

3669 422 3775 490 858

540 546 663 600 tur!
705 542 930 611 jamque
975 537 1270 609 intelligas,
1322 537 1417 608 qui
1467 538 1534 593 ad
1585 537 1876 609 imaginem
1924 541 2016 597 Dei
2051 549 2104 597 et

2208 542 2339 597 Θεοῦ
2366 546 2459 598 καὶ
2494 544 2755 615 ὁμοίωσιν
2788 539 3045 609 γεγονὼς,
3081 540 3175 594 καὶ
3208 539 3383 612 ψυχὴν
3428 538 3609 611 λαχὼν
3640 542 3773 594 αύτ-

540 633 955 694 similitudinem
1006 630 1282 696 conditus,
1336 631 1581 686 animum
1636 633 1845 688 arbitrii
1882 649 2106 705 compo-

541 741 646 785 tem
696 737 895 781 nactus
929 739 1029 791 es,
1069 732 1334 794 quantum
1373 725 1587 779 auctori
1634 734 1729 779 tuo
1770 741 1871 797 pro
1918 727 2103 783 collati

541 819 763 876 honoris
791 817 1043 889 portione
1070 816 1268 872 debeas
1294 816 1617 887 obsequium
1649 833 1714 872 ac
1744 816 2101 875 famulatum!

538 913 673 968 Nam
705 912 750 967 si
779 910 965 967 omnia
1000 924 1156 965 suam
1187 924 1219 963 a
1247 909 1543 965 Conditore
1576 910 1697 981 ipso
1729 913 2107 982 opportunita-

536 1017 645 1063 tem
686 1005 885 1061 sortita
928 1014 1078 1068 sunt,
1126 1002 1317 1073 quidni
1356 1003 1569 1059 tribuas
1600 1012 1658 1059 tu
1698 1020 1918 1076 quoque
1945 1021 2105 1077 sepa-

537 1107 717 1154 ratum
764 1096 987 1166 aliquod
1046 1096 1306 1167 temporis
1352 1096 1458 1166 72
1489 1095 1836 1151 intervallum
1892 1098 2102 1154 auctori

538 1202 653 1257 tuo,
690 1199 752 1246 ut
803 1190 1069 1247 meditere
1118 1196 1173 1245 et
1218 1203 1480 1259 agnoscas
1521 1190 1697 1260 ipsum
1743 1206 1863 1246 esse
1910 1191 2104 1257 Deum,

535 1292 701 1354 atque
732 1281 871 1337 adeo
920 1290 982 1336 ut
1031 1282 1313 1350 praeceptis
1359 1280 1479 1351 ejus
1510 1290 1699 1337 sancte
1744 1282 2105 1354 obtemperes,

533 1378 590 1425 et
630 1378 777 1424 recte
808 1368 971 1424 factis
1017 1369 1085 1423 ad
1128 1369 1389 1424 bonitatis
1424 1370 1546 1441 ejus
1589 1371 1910 1442 dignitatem
1948 1389 2107 1429 accc-

535 1462 679 1517 das?
723 1477 851 1517 cum
896 1471 947 1517 te
989 1468 1179 1515 contra
1229 1477 1442 1517 summa
1484 1465 1765 1521 temeritas
1805 1467 2015 1522 ceteris
2050 1466 2105 1522 in

536 1555 702 1609 rebus
735 1564 790 1609 et
836 1569 866 1607 a
900 1562 1112 1607 natura:
1151 1555 1406 1622 operibus
1440 1555 1789 1611 aberrantem
1838 1567 1893 1612 et
1932 1573 1963 1612 a
2010 1574 2105 1613 vo-

536 1646 791 1701 luntariis
829 1646 1115 1700 hominum
1161 1647 1357 1701 studiis
1387 1655 1760 1705 transversum
1804 1661 1951 1721 agat.
1982 1652 2108 1710 Haec

540 1736 818 1801 nimirum,
866 1751 989 1806 qua:
1041 1735 1184 1791 dicta
1230 1746 1379 1802 sunt,
1422 1738 1528 1792 nisi
1577 1742 1795 1811 sapiens
1838 1741 2108 1800 Ecclesia-

542 1837 651 1883 stes
691 1827 745 1881 in
779 1828 889 1882 illis
916 1827 1096 1882 verbis
1127 1837 1445 1897 spectasset,
1476 1829 1681 1887 frustra
1708 1834 1865 1903 plane
1894 1850 1959 1891 ac
1987 1837 2106 1893 sine

540 1934 707 1973 causa
764 1933 829 1973 ea
880 1918 1221 1989 protulisset,
1273 1936 1396 1990 quae
1442 1935 1634 1978 omnes
1690 1934 1913 1981 norunt.
1966 1927 2103 1983 Cum

539 2026 668 2065 vero
703 2019 759 2067 et
805 2012 987 2082 partui
1028 2022 1083 2067 et
1114 2016 1279 2067 morti
1321 2028 1478 2069 suam
1520 2030 1640 2071 esse
1669 2016 1858 2072 horam
1903 2021 2106 2074 consti-

537 2114 709 2160 tutam
739 2120 903 2161 nemo
947 2106 1251 2161 viventium
1288 2106 1523 2178 ignoret,
1567 2110 1635 2164 ad
1665 2110 2103 2181 objurgatiouem

535 2214 765 2265 eorum,
814 2198 911 2268 qui
963 2213 1182 2269 semper
1235 2198 1291 2253 in
1348 2200 1558 2270 peccati
1608 2204 1864 2260 sordibus
1908 2206 2105 2263 misere

536 2299 845 2355 versantur,
887 2290 1160 2361 ejusmodi
1197 2291 1359 2348 dictis
1388 2309 1522 2350 usus
1559 2303 1663 2350 est.

606 2382 931 2451 Quanquam
971 2382 1275 2452 elegantior
1321 2398 1510 2439 eorum
1561 2387 1855 2443 verborum
1907 2406 2104 2448 sensus

536 2483 590 2528 et
619 2474 848 2545 mystice
875 2483 1127 2545 sumptus
1148 2475 1273 2532 talis
1299 2485 1417 2532 est:
1450 2477 1868 2549 Tempestivitas
1894 2492 1977 2538 est
2004 2500 2103 2539 sua

537 2567 718 2621 timori
780 2567 897 2633 Dei,
952 2576 1215 2637 tanquam
1262 2567 1319 2622 in
1380 2577 1559 2636 utero,
1611 2570 1663 2623 in
1700 2581 1881 2627 mente
1918 2574 2104 2628 conci-

538 2657 759 2728 piendo,
808 2656 1201 2728 pariendisque
1242 2667 1392 2714 recte
1431 2658 1593 2716 factis
1636 2662 1877 2717 divinam
1921 2665 2104 2719 chari-

540 2760 704 2806 tatem
726 2765 836 2820 pra:
852 2765 911 2806 se
933 2750 1268 2807 ferentibus:
1288 2751 1749 2821 quemadmodum
1787 2754 1955 2810 Isaias
1982 2772 2106 2827 pro-

536 2840 697 2909 pbeta
726 2839 867 2895 dixit
903 2857 917 2895 :
966 2858 985 2893 ι
1022 2840 1164 2905 Quia
1208 2840 1263 2895 in
1306 2848 1463 2896 utero
1501 2844 1855 2913 concepimus
1889 2856 1943 2900 et
1976 2862 2103 2917 par-

538 2932 835 2988 turivimus
865 2941 1029 3003 atque
1074 2932 1364 3004 genuimus
1393 2935 1644 3006 spiritum
1693 2937 1909 3005 salutis,
1940 2954 2103 3010 quem

536 3030 872 3099 gestavimus
918 3043 1085 3098 super
1126 3036 1327 3083 terram
1353 3029 1503 3101 (ll);
1541 3048 1561 3082 ι
1600 3046 1664 3085 ac
1696 3031 1927 3086 subinde
1980 3049 2103 3089 cor-

538 3123 689 3191 poris
742 3121 1081 3192 protervitati
1131 3130 1434 3192 opportune
1481 3123 1878 3189 interimendte,
1928 3140 2103 3180 mem-

538 3216 762 3287 brisque
789 3214 897 3281 his,
938 3214 1141 3309 quibus
1176 3215 1501 3309 premimur,
1540 3216 1950 3285 perdomandis.
1995 3218 2102 3273 Sua
2135 3251 2177 3309 ο

538 3309 669 3363 item
702 3307 1085 3377 opportunitas
1114 3316 1219 3373 est,
1262 3315 1323 3362 ut
1355 3307 1669 3377 quicunque
1697 3310 1828 3363 recti
1861 3309 2104 3365 honesti-

537 3416 646 3471 que
676 3400 859 3455 studio
884 3408 1122 3465 tenetur,
1153 3399 1313 3471 quasi
1353 3400 1407 3454 in
1438 3410 1613 3469 prato,
1647 3411 1796 3456 serat
1831 3402 1885 3456 in
1922 3403 2107 3458 animo

539 3506 641 3548 suo
676 3492 987 3562 plantarum
1019 3491 1194 3546 instar
1222 3491 1514 3562 praclaras
1544 3506 1791 3562 quasque
1820 3502 1874 3547 et
1902 3494 2105 3550 virtute

540 3592 864 3654 praestantes
912 3585 1159 3638 actiones
1196 3602 1210 3638 :
1245 3591 1299 3638 et
1347 3599 1448 3639 sua
1499 3584 1633 3639 item
1684 3585 2105 3655 tempestivitate

539 3684 965 3731 consentancam
995 3674 1082 3730 his
1107 3674 1346 3745 quietem
1380 3675 1639 3746 assignet,
1673 3690 1974 3747 earumque
1998 3678 2104 3731 vim

538 3780 593 3826 et
636 3779 895 3826 conatum
940 3768 1334 3833 convenienter
1378 3769 1693 3832 imminuat,
1731 3770 1890 3839 quasi
1937 3772 2106 3825 otium

540 3873 751 3919 natura:
793 3861 1106 3933 impertitus
1133 3880 1147 3917 :
1179 3876 1305 3917 cum
1352 3876 1512 3917 secus
1560 3862 1604 3916 si
1658 3864 1774 3927 liat,
1815 3862 1872 3917 in
1914 3863 2109 3920 volun-

539 3958 681 4013 taria
735 3955 853 4027 ipsa
912 3955 1040 4011 boni
1099 3955 1437 4027 appetitione
1489 3954 1746 4011 humanae
1801 3956 1948 4013 vires
2014 3959 2106 4013 diu

541 4047 887 4104 contentioni
923 4061 1082 4116 pares
1112 4061 1237 4102 esse
1275 4062 1385 4102 non
1428 4048 1662 4117 possint.
1707 4047 1787 4103 lta
1816 4064 1918 4105 nos
1958 4048 2107 4118 ejus-

539 4140 687 4196 modi
716 4138 879 4195 eﬂ'ata
898 4138 1300 4195 consideranda
1322 4138 1663 4206 censuimus,
1684 4148 1744 4193 ut
1766 4149 1821 4195 et
1837 4142 2106 4196 naturalis

538 4232 671 4286 ordo
702 4238 758 4286 et
794 4229 1023 4301 mystica
1077 4229 1220 4284 ratio
1267 4228 1499 4284 ferebat.
1553 4227 1730 4297 Quam
1779 4229 2105 4301 interpreta-

540 4324 744 4379 tionem
777 4338 843 4379 ea
874 4337 1098 4394 quoque
1133 4321 1419 4393 adjuvant,
1466 4337 1588 4393 qua:
1625 4333 1973 4395 sequuntur;
2011 4325 2107 4380 ad-

537 4416 617 4471 dit
644 4415 816 4485 enim,
848 4424 1011 4487 atque
1038 4415 1152 4471 ait:

2205 636 2468 701 εξούσιον,
2496 634 2691 707 ἡλίκην
2723 632 2956 704 ὀφείλεις
2991 632 3137 702 ἔχειν
3180 632 3319 685 κατά
3350 632 3449 701 τὴν
3483 631 3777 699 ἀναλογίαν

2202 728 2303 798 τῆς
2326 726 2619 797 δεδομένης
2649 742 2729 778 σοι
2754 724 2919 795 τιμῆς
2957 724 3055 794 τὴν
3094 723 3229 793 πρὸς
3252 722 3342 775 τὸν
3378 722 3507 775 [διον
3542 722 3776 793 ποιητὴν

2206 817 2485 887 ὑποταγὴν
2524 815 2621 869 καὶ
2663 814 2901 885 θητείαν.
2946 813 3009 867 Ei
3042 813 3151 883 γὰρ
3180 812 3357 866 πάντα
3381 812 3471 864 τὸν
3500 811 3629 865 ίδιον
3661 812 3776 882 ἔχει

2205 909 2421 981 καιρὸν,
2450 907 2510 962 ὃν
2541 908 2570 961 6
2594 906 2937 979 Δημιουργδς
2958 906 3140 969 αὐτοῖς
3166 905 3583 975 ἀπεκλήρωσεν,
3610 905 3672 959 οὐ
3698 903 3778 957 δί-

2204 1001 2311 1064 δως
2357 1002 2422 1054 σὺ
2467 998 2544 1069 τῷ
2591 999 2790 1069 ποιητῇ
2835 998 2929 1051 σού
2980 1013 3102 1050 τινα
3150 996 3342 1066 καιρὸν
3394 996 3778 1067 ἀφωρισμένον

2204 1091 2342 1160 πρὸς
2391 1088 2452 1144 τὸ
2499 1089 2758 1160 σχολάσαι
2799 1089 2894 1142 καὶ
2937 1087 3162 1157 γνῶναι,
3210 1088 3292 1141 ὅτι
3328 1086 3443 1142 ἐστι
3487 1087 3640 1152 Θεὸς,
3682 1088 3779 1141 καὶ

2205 1185 2349 1241 κατά
2396 1184 2461 1238 τὸ
2501 1182 2795 1239 ἀκόλουθον
2840 1182 2940 1247 τάς
2990 1182 3209 1247 ἐντολὰς
3256 1182 3422 1236 αὑτοῦ
3465 1182 3778 1251 φυλάττειν,

2204 1277 2501 1332 κάντεῦθεν
2535 1275 3013 1348 πφσοικειοῦσθαι
3058 1277 3126 1347 τῇ
3153 1273 3279 1347 δόξῃ
3316 1274 3415 1345 τῆς
3440 1274 3779 1346 ἀγαθότητος

2205 1368 2373 1425 αὐτοῦ
2397 1370 2486 1423 διὰ
2513 1369 2819 1423 σπουδαίων
2843 1367 3131 1440 πράξεων;
3157 1367 3290 1422 ἀλλά
3318 1368 3518 1438 χείρων
3548 1367 3642 1420 καὶ
3666 1362 3779 1420 τῶν

2207 1462 2451 1534 φυσικῶν
2490 1461 2778 1533 ἐνεργειῶν
2820 1462 2916 1514 καὶ
2955 1461 3065 1513 τῶν
3095 1460 3389 1530 γνωμικῶν
3418 1460 3778 1529 ἐπιτηδευμά-

2205 1572 2315 1609 των
2345 1556 2402 1608 ὲν
2431 1557 2543 1619 τοῖς
2574 1555 2753 1619 ἄλλοις
2782 1555 3011 1625 εὑρίσκῃ
3056 1552 3146 1606 διὰ
3172 1552 3370 1623 πολλὴν
3402 1552 3679 1607 ἀϐουλίαν.
3714 1551 3777 1605 ΕΙ

2210 1647 2286 1719 μὴ
2312 1649 2418 1719 γὰρ
2440 1646 2767 1701 ἀποϐλέπων
2792 1645 2928 1717 πρὸς
2952 1647 3042 1699 τὸν
3063 1644 3302 1698 τοιοῦτον
3329 1643 3529 1697 σκοπὸν
3560 1646 3588 1697 6
3617 1644 3779 1712 σοφὸς

2221 1740 2650 1813 Ἐκκλησιαστης
2689 1736 2811 1793 εἷπε
2854 1739 2921 1793 τά
2950 1736 3234 1808 εἰρημένα,
3278 1737 3454 1807 μάτην
3482 1736 3655 1789 ταῦτα
3685 1736 3779 1791 καὶ

2210 1835 2479 1908 περιττῶς
2508 1829 2682 1897 εἶπεν,
2712 1833 2849 1902 ὅπερ
2876 1832 3114 1892 ἅπαντες
3146 1831 3316 1884 ῐσασι.
3363 1829 3471 1883 Καὶ
3498 1829 3591 1882 τὸν
3618 1829 3777 1883 τόκον

2212 1929 2321 1997 γὰρ
2380 1927 2473 1981 καὶ¹
2532 1925 2760 1980 θάνατον
2810 1924 2983 1987 οὐδεὶς
3028 1924 3214 1991 ἀγνοεῖ
3253 1922 3361 1975 τῶν
3398 1921 3779 1992 μετασχόντων

2210 2020 2303 2075 τοῦ
2331 2019 2469 2092 βίου,
2500 2018 2690 2090 καιρὸν
2712 2017 2841 2070 ίδιον
2875 2016 3020 2086 ἔχειν
3040 2033 3053 2046 ·
3076 2016 3214 2072 ἀλλά
3242 2015 3380 2086 πρὸς
3414 2015 3637 2085 ἔλεγχον
3670 2014 3779 2069 τῶν

2209 2114 2298 2167 ἀεὶ⁵
2355 2114 2420 2182 τῇ
2475 2109 2709 2181 δυσωδίᾳ
2779 2108 2883 2178 τῆς
2940 2108 3215 2179 ἁμαρτίας
3274 2106 3777 2177 ὲγκαλινδουμένων

2208 2204 2429 2271 ἀθλίως,
2466 2204 2735 2276 ἐχρήσατο
2765 2204 2876 2266 τοῖς
2903 2201 3164 2266 τοιούτοις
3198 2203 3401 2272 ῥητοῖς.

2292 2384 2350 2437 '0
2386 2383 2569 2455 μέντοι
2598 2379 3021 2453 γλαφυρώτερος
3066 2381 3191 2445 νοῦς
3234 2383 3329 2435 καὶ
3362 2378 3779 2451 λαμϐανόμενος

2209 2474 2567 2544 ἀναγωγικῶς
2608 2473 2717 2526 τῶν
2761 2471 3069 2543 εἰρημένων
3102 2471 3343 2534 τοιοῦτός
3371 2472 3526 2524 ὲστιο
3570 2470 3775 2541 Καιρός

2208 2568 2355 2621 ὲστιν
2393 2566 2523 2629 ἴδιος
2565 2564 2659 2619 τοῦ
2712 2563 2995 2618 συλλαϐεῖν
3046 2565 3103 2617 ἐν
3154 2563 3371 2635 γαστρὶ,
3419 2562 3659 2632 δηλονότι
3706 2564 3775 2633 τῇ

2207 2663 2395 2732 νοητῇ,
2423 2660 2584 2729 φόϐον
2610 2658 2768 2721 Θεοῦ,
2796 2657 2894 2713 κιιλ⁸
2920 2660 3098 2712 τεκεῖν
3124 2657 3353 2731 πράξεις
3382 2658 3600 2726 ἀγάπης
3626 2654 3777 2718 θείας

2212 2755 2572 2824 σημαντικὰς,
2636 2750 2821 2815 καθώς
2872 2769 3039 2823 φησιν
3093 2753 3121 2805 6
3181 2752 3465 2823 προφήτης
3508 2750 3773 2813 Ἡσαΐαςσ

2216 2864 2234 2896 ι
2264 2845 2385 2898 Ὀτι
2416 2846 2472 2897 ὲν
2506 2844 2706 2916 γαστρὶ
2730 2843 3000 2913 ἐλάϐομεν
3034 2845 3125 2898 καὶ
3152 2843 3492 2915 ὠδινήσαμεν
3533 2842 3625 2895 καὶ
3656 2840 3777 2896 ἐτι-

2210 2954 2377 3006 κομεν
2432 2936 2653 3007 πνεῦμα
2700 2937 2997 3008 σωτηρίας.
3053 2936 3082 2989 6
3143 2939 3454 3007 ἐκυήσαμεν
3515 2936 3610 2990 ἐπὶ
3673 2934 3773 3004 τῆς

2209 3028 2313 3099 γῆς
2338 3046 2352 3059 ·
2390 3046 2411 3080 ι
2446 3027 2739 3083 κάντεῦθεν
2764 3026 3072 3090 ἀκολούθως
3097 3027 3154 3079 ὲν
3186 3026 3301 3096 ἰδίῳ
3328 3025 3503 3097 καιρῷ
3533 3025 3775 3079 θανατῶ-

2212 3138 2301 3173 σαι
2332 3120 2391 3175 τὸ
2426 3121 2682 3192 φρόνημα
2715 3120 2815 3190 τῆς
2850 3119 3072 3189 σαρκὸς,
3103 3119 3197 3171 καὶ
3229 3118 3503 3190 νεκρῶσαι
3540 3120 3608 3171 τὰ
3641 3118 3780 3189 μέλη

2208 3213 2281 3267 τά
2308 3213 2399 3265 ἐπὶ
2426 3213 2522 3282 τῆς
2549 3212 2673 3281 γῆς.
2704 3210 2911 3281 Καιρός
2947 3212 3093 3262 ἐστιν
3122 3210 3250 3273 ἴδιος
3281 3202 3326 3278 ᾧ
3352 3212 3456 3273 πᾶς
3486 3212 3515 3263 6
3548 3210 3779 3281 φιλόκα-

2211 3304 2300 3357 λον
2332 3303 2425 3356 καὶ
2457 3302 2748 3356 σπουδαίαν
2776 3301 2915 3373 ἔχων
2940 3303 3257 3372 προαίρεσιν
3294 3303 3515 3371 φυτεύει
3551 3302 3631 3372 τῷ
3664 3302 3777 3356 λει-

2215 3392 2351 3465 μῶνι
2381 3394 2479 3463 τῆς
2508 3393 2732 3463 καρδίας
2761 3392 2831 3445 τά
2852 3394 3167 3445 παντοῖαπά
3200 3392 3343 3458 φυτά
3370 3393 3476 3446 τῶν
3505 3394 3627 3447 κατ’
3653 3395 3783 3465 ἀρε-

2210 3487 2309 3558 τὴν
2338 3485 2915 3557 παραλαμϐανομένων
2962 3486 3438 3554 κατορθωμάτων
3473 3487 3568 3539 καὶ
3617 3486 3779 3541 πάλιν

2210 3580 2269 3633 ὲν
2309 3580 2423 3651 ἰδίῳ
2462 3577 2641 3651 καιρῷ
2682 3578 2899 3650 τίθησιν
2947 3578 3035 3631 ἐπ’
3066 3579 3249 3641 αὐτοῖς
3302 3579 3401 3650 τὴν
3447 3580 3780 3651 κατάλληλον

2212 3670 2444 3737 παῦλαν,
2468 3673 2563 3725 καὶ
2584 3670 2682 3741 τὴν
2710 3670 2859 3738 σφῶν
2892 3670 3130 3723 ὲκτίλλει
3152 3671 3477 3742 προσφόρως
3500 3672 3781 3741 ἐνέργειαν

2213 3763 2309 3816 καὶ
2360 3762 2578 3833 πρᾶξιν,
2610 3762 2685 3827 ὡς
2721 3763 3029 3817 ἀνάπαυσιν
3076 3765 3141 3834 τῇ
3174 3762 3333 3832 φύσει
3373 3764 3568 3829 διδοὺς,
3603 3765 3690 3818 διὰ
3718 3765 3782 3818 τὸ

2218 3856 2480 3928 μηδαμῶς
2527 3855 2734 3927 ισχύειν
2785 3857 3143 3911 συντετάσθαι
3193 3858 3313 3919 ταῖς
3369 3860 3781 3929 πρωιρετικαῖς

2215 3947 2349 4017 πρὸς
2399 3945 2462 4000 τδ
2513 3946 2715 4016 ἀγαθὸν
2762 3947 2983 4015 ἐφέσεσι
3045 3949 3137 4000 καὶ
3197 3948 3538 4019 βουλήσεσιν.
3592 3947 3780 4011 Οὕτως

2213 4043 2372 4112 ἡμεῖς
2391 4040 2459 4094 τά
2478 4041 2722 4112 παρόντα
2746 4041 2884 4111 ρητά
2905 4040 3142 4105 νοεῖσθαι
3167 4041 3349 4105 καλῶς
3376 4040 3776 4110 ὑπειλήφαμεν,

2210 4135 2452 4208 δηλονότι
2500 4134 2597 4188 καὶ
2641 4132 2781 4186 κατά
2839 4133 3074 4203 φυσικὴν
3130 4133 3451 4187 ἀκολουθίαν
3498 4134 3591 4188 καὶ
3638 4134 3779 4188 κατά

2212 4228 2303 4282 τὸν
2357 4226 2651 4296 ἀναγωγῆς
2699 4224 2878 4294 λόγον.
2934 4226 3282 4296 Παρεμπεδοῖ
3333 4226 3390 4279 δὲ
3435 4224 3532 4297 τὴν
3581 4226 3780 4297 ἡμετέ-

2216 4338 2311 4392 ραν
2371 4320 2595 4391 ὲκδοχὴν
2638 4318 2729 4373 διά
2776 4318 2885 4371 τῶν
2931 4319 3247 4389 ἑπομένωνν
3283 4320 3480 4387 ἐπάγει
3531 4321 3637 4392 γὰρ
3685 4320 3779 4374 καί

2213 4431 2367 4486 φησι·

2117 4619 2144 4691 §
2166 4618 2252 4673 ιιι.

612 4746 779 4801 Vens.
821 4744 913 4800 50.
957 4744 1356 4815 Tempestivitas
1404 4748 1695 4811 occidendi.
1740 4760 1789 4804 et
1841 4757 2097 4824 lempesti.

2277 4760 2493 4829 Καιρὸς
2549 4757 2658 4813 τοῦ
2714 4756 3082 4823 ἀποκτεῖναι,
3138 4756 3237 4810 καὶ
3298 4754 3502 4824 καιρὸς
3542 4756 3646 4808 τοῦ
3694 4756 3780 4809 id-

537 4840 670 4892 vitaa
697 4839 945 4892 sanandi.

609 4928 745 4986 Nam
786 4934 832 4989 si
877 4934 1045 4989 alium
1075 4934 1360 4991 occidendi
1401 4937 1549 4991 nulla
1586 4953 1826 5006 unquam
1854 4950 1939 4995 est
1969 4952 2106 4997 tem-

540 5027 846 5098 pestivitas,
881 5030 1025 5098 quod
1062 5031 1333 5085 actionem
1367 5029 1638 5101 ejusmodi
1674 5032 1820 5089 Deus
1848 5036 2102 5101 vetuerit,

534 5136 600 5174 ac
634 5119 895 5175 detestari
926 5122 1161 5194 quisque
1190 5131 1246 5179 et
1276 5124 1459 5179 odisse
1491 5125 1715 5193 debeat;
1766 5126 1938 5197 liquet
1963 5128 2101 5198 jam,

536 5212 643 5283 73
674 5213 742 5268 ab
777 5213 896 5285 ipso
928 5214 1175 5286 sapiente
1214 5214 1550 5273 Ecclesiaste
1588 5232 1779 5272 ansam
1824 5218 1914 5274 hic
1946 5219 2107 5275 nobis

538 5306 766 5377 praeberi
825 5308 1181 5379 mysticarum
1241 5312 1809 5379 commentatiouum,
1865 5328 1991 5367 cum
2052 5321 2109 5368 et

2213 4854 2459 4906 σασθαι.

2284 4944 2345 4996 Ei
2374 4941 2482 5011 γὰρ
2505 4938 2679 5002 οὐδεὶς
2711 4937 2899 5010 καιρὸς
2939 4937 3182 5007 πέφυκεν
3215 4936 3520 5008 ἐπιτήδειος
3550 4937 3686 5008 πρὸς
3721 4937 3789 4989 τὸ

2209 5032 2529 5087 ἀποκτεῖναί
2552 5049 2694 5096 τινα,
2721 5030 2823 5101 τῆς
2848 5028 3106 5100 τοιαύτης
3129 5028 3381 5101 πράξεως
3404 5029 3783 5101 ἀπηγορευμέ·

2206 5142 2305 5196 νης
2332 5122 2536 5190 θεόθεν,
2561 5123 2656 5178 καὶ
2679 5124 2847 5177 πᾶσιν
2869 5122 3214 5187 ἀπευκταίας
3236 5121 3333 5176 καὶ
3368 5121 3661 5193 στυγητῆς,
3694 5122 3784 5174 εύ-

2201 5218 2380 5288 δηλον,
2409 5216 2484 5281 ὡς
2515 5214 2877 5285 ἀναγωγικῶς
2908 5214 3125 5269 δίδωσιν
3156 5216 3292 5285 ἡμῖν
3323 5214 3524 5268 ἐννοεῖν
3554 5215 3582 5266 6
3615 5213 3780 5281 σοφὸς

2214 5308 2642 5380 Ἐκκλησιαστὴς
2669 5308 2763 5362 τοῦ
2796 5310 3117 5363 ἀποκτεῖναι
3143 5307 3235 5362 τὸν
3266 5307 3477 5380 καιρὸν,
3508 5309 3565 5361 έν
3595 5299 3639 5375 ᾧ
3671 5309 3780 5369 πᾶς

536 5399 825 5456 occidendi
883 5402 1363 5471 tempestivitatem
1435 5418 1560 5461 esse
1633 5405 1765 5459 dicit
1814 5422 1829 5459 :
1878 5420 2107 5477 eamque

2208 5402 2228 5455 ό
2261 5400 2359 5473 ζῇν
2391 5401 2587 5456 ἐθέλων
2622 5402 3033 5473 πνευματικῶς,
3068 5401 3138 5455 τὰ
3170 5401 3409 5476 σαρκικά
3452 5402 3781 5472 φρονήματα

461 5552 464 5555 Α
532 5507 694 5557 esse,
740 5492 796 5547 in
834 5508 940 5565 qua
982 5495 1075 5566 qui
1122 5497 1289 5551 vitam
1339 5512 1501 5567 agere
1547 5497 1886 5569 spiritualem
1925 5498 2105 5570 cupit,

537 5582 794 5640 obscenis
844 5586 1241 5656 cupiditatibus
1284 5588 1581 5659 pravisque
1637 5591 1975 5660 voluptatum
2020 5588 2100 5645 af-

2201 5496 2297 5550 καὶ
2339 5496 2437 5561 τὰς
2471 5497 2786 5567 φιληδόνους
2817 5498 2915 5569 τῆς
2945 5495 3218 5569 ἁμαρτίας
3252 5495 3579 5559 ἀποκτείνας
3620 5495 3777 5565 κινή-

2208 5606 2343 5655 σεις,
2371 5588 2635 5661 λαμϐάνει
2664 5592 2974 5663 πρόσφορον
3021 5589 3214 5662 καιρὸν
3259 5588 3513 5643 ἰάσασθαι
3554 5586 3621 5641 τὰ
3647 5603 3775 5638 συν-

610 5802 725 5887 (ῌ)
756 5805 904 5887 Isaia;
930 5823 1075 5869 xxvr.
1107 5811 1193 5878 l8,
1217 5809 1310 5870 sed
1340 5810 1482 5881 apud
1508 5808 1649 5866 LXX
1682 5811 2010 5881 legimus....
2032 5813 2107 5867 2o;

2208 5811 2313 5877 aiat;
2344 5812 2504 5881 σου,ὃ
2522 5812 2871 5886 ἐποιήσαμεν
2897 5812 2994 5867 ἐπὶ
3010 5812 3107 5884 τῆς
3136 5815 3258 5886 γῆς.
3285 5812 3476 5871 Latina
3498 5825 3627 5867 vero
3656 5824 3773 5865 ma-

524 5875 617 5947 gis
648 5877 812 5931 etiam
841 5880 1172 5947 discrepant.
