4172 6524
525 397 627 465 851

1621 418 1678 478 So
1719 419 2093 487 GREGORII
2126 427 2633 494 AGRIGEN’I‘INI

3654 434 3763 499 852

530 529 711 617 minus
740 514 937 571 divina
986 520 1300 590 respondet,
1340 538 1463 580 cum
1495 525 1626 582 illud
1684 533 1961 598 omnibus,
2002 537 2084 591 in-

2194 541 2290 596 άτε
2315 544 2382 616 δὴ
2414 547 2547 599 πᾶσι
2598 544 2693 600 καλ⁸
2729 546 2843 609 τοῖς
2885 544 3122 617 ἀμαθέσι
3170 545 3583 614 διεγνωσμὲνον.
3626 541 3759 603 Εἶτά

529 605 703 662 doctis
736 622 975 678 quoque,
1029 612 1293 674 adnotum
1322 617 1409 673 sit.
1441 620 1533 674 Ait
1562 622 1757 679 deinde
1818 625 2091 684 Ecclesia-

525 708 636 751 stes
657 714 671 749 Ζ

2199 654 2362 707 φησιν
2389 641 2417 691 ό
2447 636 2881 710 Ἑκκλησιαστής
2908 654 2923 669 ·

2074 830 2203 903 5v.

599 921 760 981 Vens.
795 928 849 982 4.
893 928 1287 1000 Tempestivims
1316 937 1499 1006 ﬂendi,
1527 950 1576 994 et
1619 943 1991 1011 tempestivitas
2014 945 2089 997 ri-

522 1019 715 1074 dendi:
752 1026 1127 1092 tempestivitas
1156 1029 1464 1102 plangendi,
1490 1043 1539 1087 et
1579 1037 1948 1105 tempestivitas
1978 1038 2090 1091 sat-

524 1112 674 1165 tundi
682 1152 697 1166 .

590 1204 798 1261 Auctor
830 1209 1073 1279 optimus
1102 1222 1156 1269 et
1182 1214 1369 1271 virtuti
1396 1218 1672 1276 tradenda!
1696 1236 1933 1292 superna
1990 1233 2086 1277 ne-

521 1295 785 1387 nignitate
810 1304 1135 1372 praepositus
1161 1308 1482 1365 mortalibus
1515 1312 1783 1370 universis
1818 1328 2085 1387 praecepta

521 1386 636 1453 dat,
672 1405 740 1445 ne
772 1392 845 1446 ob
867 1408 930 1447 ea
960 1410 1082 1465 quae
1127 1397 1179 1451 in
1205 1398 1309 1454 hoc
1334 1401 1461 1456 vita:
1488 1418 1552 1458 ac
1580 1386 2089 1464 tentationumcur-

519 1478 698 1533 riculo
755 1482 979 1537 adversa
1015 1500 1080 1540 ac
1118 1488 1347 1544 molesta
1384 1492 1737 1564 contingunt,
1796 1512 2086 1554 mterorem

522 1585 764 1640 unquam
782 1574 1267 1649 aegritudinemque
1286 1583 1589 1654 suscipiant
1606 1603 1617 1639 :
1636 1601 1759 1641 cum
1775 1588 1906 1644 illud
1921 1593 2089 1660 probe

520 1665 794 1729 noverint,
828 1677 1149 1736 praesentem
1184 1672 1349 1728 vitam
1380 1690 1445 1730 ex
1469 1679 1763 1736 contrariis
1808 1694 2084 1751 constare,

2264 944 2478 1013 Καίρὸς
2510 944 2622 1000 τοῦ
2644 946 2929 1013 κλαῦσαι,
2957 946 3055 1000 καί
3090 946 3293 1014 καιρὸς
3328 947 3432 1000 τοῦ
3465 947 3762 1016 γελᾶσαν

2193 1036 2397 1105 καιρὸς
2455 1037 2563 1092 τοῦ
2615 1039 2955 1107 κόψασθαι,
3006 1039 3104 1093 καὶ
3164 1038 3367 1106 καιρὸς
3424 1040 3528 1095 τοῦ
3578 1042 3765 1110 ἀρχῆς

2192 1130 2437 1181 σασθαι.
2702 1130 2711 1137 ’

2264 1218 2573 1289 Κράτιστος
2612 1219 2907 1292 εἰσηγητὴς
2951 1224 3359 1295 προχειρισθεὶς
3416 1225 3517 1297 τῆς
3552 1225 3757 1296 ἀρετῆς

2194 1307 2297 1361 ὑπὸ
2339 1309 2440 1379 τῆς
2489 1309 2698 1364 ἄνωθεν
2742 1310 2982 1382 χάριτος,
3006 1314 3132 1376 τοὺς
3192 1314 3296 1368 άνά
3346 1314 3446 1386 τὴν
3489 1314 3579 1384 ὑφ’
3608 1315 3759 1386 ἥλιον

2191 1400 2400 1464 πάντας
2451 1399 2688 1456 διδάσκει
2741 1403 3013 1473 μηδαμῶς
3057 1404 3376 1461 ἀποκναίειν
3429 1408 3524 1464 καὶ
3564 1407 3759 1476 δυσχε-

2192 1492 2399 1563 ραίνειν
2432 1493 2490 1547 ὲν
2526 1496 2641 1557 τοῖς
2670 1494 3031 1565 συμϐαίνουσι
3060 1496 3329 1569 λυπηροῖς
3354 1499 3433 1563 είς
3476 1498 3541 1551 τὸ
3572 1497 3757 1568 βιωτι-

2191 1585 2285 1638 κδν
2313 1585 2473 1640 τοῦτο
2503 1587 2602 1652 τῆς
2631 1587 2779 1659 ζωῆς
2805 1588 2964 1660 ἡμῶν
3000 1591 3359 1661 πειρατήριον
3388 1606 3401 1620 ⁶
3444 1589 3537 1644 ἀτε
3574 1590 3638 1661 δὴ
3662 1609 3759 1643 σα-

2192 1677 2308 1748 φῶς
2342 1678 2746 1749 ἐπισταμένους
2768 1681 2840 1746 ὼς
2871 1682 2934 1734 ἐκ
2966 1681 3075 1735 τῶν
3100 1683 3360 1736 ἐναντίων
3388 1682 3507 1754 ἔχει
3540 1684 3638 1754 τὴν
3664 1685 3760 1737 σύ·-

521 1755 574 1810 id
599 1767 797 1823 est,ex
837 1760 904 1815 iis
955 1777 1077 1831 quae
1116 1762 1415 1822 humanum
1472 1769 1717 1825 animum
1755 1782 1963 1843 angunt
2022 1790 2084 1829 ac

2192 1789 2381 1825 στασιν
2406 1774 2434 1826 ό
2461 1773 2649 1844 παρὼν
2682 1773 2828 1842 βίος’
2864 1774 3109 1843 δηλονότι
3151 1775 3261 1829 τῶν
3311 1776 3625 1845 ἀλγούντων.
3665 1778 3758 1830 καὶ

520 1851 790 1916 cruciant,
833 1861 893 1907 ut
917 1852 1046 1910 ﬂere
1110 1858 1303 1926 perdiu
1339 1868 1393 1914 et
1441 1861 1548 1915 vim
1599 1863 1962 1937 lacrymarum
2022 1882 2088 1921 ex

520 1942 700 1997 oculis
730 1952 991 2015 tanquam
1026 1962 1091 2003 ex
1127 1948 1369 2006 fontibus
1394 1954 1649 2011 emittere
1693 1972 1998 2028 cogamur;
2036 1970 2089 2015 et

522 2048 593 2086 ex
647 2034 714 2092 iis
768 2052 892 2105 quae
949 2040 1258 2097 exhilarant
1313 2058 1379 2098 ac
1436 2046 1652 2103 laetandi
1705 2051 2087 2123 gaudendique

520 2138 839 2195 argumenta
871 2129 1140 2197 praebent.
1168 2131 1304 2186 Nam
1332 2134 1437 2190 hoc
1479 2136 1682 2193 diserte
1736 2140 2083 2211 signiﬁcavit,

520 2237 646 2276 cum
674 2222 813 2277 dixit
843 2241 855 2276 :
888 2243 905 2276 ‹
939 2223 1356 2294 'l‘empestivitas
1385 2229 1621 2285 ridendi.
1662 2252 1681 2285 ι
1716 2232 1782 2287 Et
1840 2245 2078 2306 oportet,

515 2328 663 2377 eum,
691 2314 783 2383 qui
815 2315 980 2369 vitam
1010 2332 1163 2371 suam
1196 2318 1497 2388 prudenter
1526 2323 1862 2389 moderatur,
1909 2343 2087 2397 neque

518 2405 573 2458 in
622 2404 729 2461 illis
761 2407 1053 2475 desperare
1086 2411 1477 2469 consolationis
1508 2414 1672 2481 diem,
1700 2432 1879 2487 neque
1909 2419 1963 2473 in
2002 2420 2087 2473 bis

515 2493 656 2549 adeo
714 2496 915 2551 eﬂ‘undi
971 2515 1034 2555 ac
1098 2500 1300 2558 laetitiae
1356 2505 1635 2576 voluptate
1686 2508 1887 2574 eﬂ‘erri,
1923 2514 2082 2581 quasi

518 2586 659 2641 nihil
681 2587 794 2658 jam
824 2592 978 2646 triste
1003 2593 1221 2649 evenire
1278 2598 1473 2666 possit.
1526 2596 1755 2655 Paratos
1811 2602 1992 2671 potius
2029 2604 2083 2658 in

516 2689 817 2751 utrumque
854 2700 955 2740 nos
988 2700 1112 2741 esse
1152 2688 1428 2757 convenit,
1482 2699 1645 2762 atque
1710 2694 1784 2750 ita
1844 2696 2085 2766 cogitare

516 2774 811 2847 animoque
831 2780 1166 2848 perpendere
1194 2790 1507 2852 temporum
1539 2785 1709 2853 vices,
1753 2796 1813 2843 ut
1837 2798 1963 2857 post
1989 2790 2086 2843 tri-

514 2866 679 2921 stium
706 2879 759 2923 et
782 2871 1139 2926 molestarum
1164 2888 1344 2928 rerum
1386 2874 1492 2946 75
1526 2886 1756 2935 eventus
1780 2879 1900 2935 laata
1943 2895 2081 2950 pra!-

515 2962 806 3030 slolemur,
839 2964 1118 3036 iidemque
1146 2977 1269 3037 post
1296 2967 1478 3025 fausta
1508 2972 1932 3042 atquejucunda
1982 2988 2083 3043 0p-

514 3054 818 3122 positorum
849 3056 1078 3127 illapsus
1102 3061 1518 3130 prospiciamus.
1554 3064 1668 3119 Hac
1694 3065 1841 3120 enim
1870 3066 2082 3120 ratione

514 3145 605 3214 qui
638 3162 696 3201 se
726 3146 1043 3203 instruxerit
1070 3166 1133 3207 ac
1152 3155 1897 3223 praeparaverit,vitamillum
1924 3173 2080 3212 suam

516 3235 790 3305 sapienter
838 3239 1244 3312 prudenterque
1295 3243 1582 3299 traducere
1627 3246 2027 3316 comperiemus
2067 3265 2080 3300 :

514 3334 576 3380 ut
625 3343 801 3398 neque
835 3330 887 3382 in
921 3330 1056 3384 lanis
1082 3331 1449 3404 jucundisque
1502 3336 1739 3392 exsultet
1795 3338 2080 3404 audacius,

515 3427 681 3488 atque
708 3423 774 3475 ad
804 3422 1089 3477 inhonesta
1128 3435 1516 3493 convertatur;
1546 3442 1723 3497 neque
1753 3428 1807 3483 in
1835 3430 2084 3485 adversis

515 3526 580 3569 ac
604 3513 852 3568 tristibus
883 3514 1041 3583 plane
1069 3516 1311 3570 animum
1339 3518 1582 3588 abjiciat,
1611 3527 1666 3574 et
1694 3520 1761 3575 ad
1791 3519 2082 3577 indecoras

513 3602 888 3671 querimonias
921 3604 1234 3659 descendat.

2189 1864 2494 1919 κατώδυνον
2516 1866 2813 1921 ποιούντων
2844 1869 2942 1940 τὴν
2990 1869 3345 1941 ἀνθρωπίνην
3399 1869 3648 1941 καρδίαν,
3682 1872 3758 1933 ὡς

2187 1957 2246 2022 ἐξ
2278 1958 2521 2029 ἀνάγκης
2553 1960 2647 2013 καὶ
2686 1960 2828 2013 κατά
2853 1960 2915 2013 τὸ
2952 1961 3247 2014 ἀκόλουθον
3296 1959 3506 2017 κλαίειν
3538 1960 3630 2013 καὶ
3660 1960 3758 2011 δαη

2188 2051 2371 2122 κρύων
2417 2051 2548 2122 ροἀς
2585 2052 2863 2122 πηγάζειν
2907 2052 3016 2106 ἀπὸ
3070 2053 3182 2105 τῶν.
3219 2051 3552 2123 ὀφθαλμῶν·
3586 2052 3650 2108 ἔκ
3696 2068 3756 2104 τε

2185 2141 2295 2193 τῶν
2316 2141 2718 2212 εὐφραινόντων
2778 2143 2872 2195 καὶ
2895 2142 3193 2209 γάννυσθαι
3227 2141 3756 2215 παρασκευαζόντων

2188 2234 2281 2286 καὶ
2312 2234 2544 2305 χαίρειν.
2586 2233 2759 2287 Τοῦτο
2791 2233 2900 2305 γάρ
2953 2234 3198 2303 ἐσήμανε
3235 2234 3519 2304 προδήλως
3546 2233 3634 2286 διά
3660 2232 3755 2287 τοῦ

2188 2325 2378 2392 φάναι,
2413 2340 2432 2375 ι
2472 2324 2675 2395 Καιρδς
2723 2323 2819 2377 τοῦ
2846 2324 3096 2392 γελάσαι.
3130 2341 3149 2375 ι
3175 2323 3286 2377 Καὶ
3316 2324 3421 2396 χρὴ
3448 2324 3537 2377 τὸν
3566 2324 3757 2394 φρονίε-

2190 2435 2307 2488 μως
2336 2415 2639 2470 διῖθύνοντα
2689 2416 2788 2486 τὴν
2824 2415 2962 2469 ἰδίαν
3007 2414 3173 2485 ζωὴν,
3224 2415 3363 2486 μήτε
3415 2413 3758 2477 ἐπ”ὲκείνοις

2185 2506 2504 2570 ἀπελπίζειν
2531 2505 2722 2575 καιρὸν
2755 2506 3177 2575 παρακλήσεως,
3228 2504 3363 2577 μήτ*
3391 2504 3486 2556 ἐπὶ
3542 2504 3757 2565 τούτοις

2186 2597 2536 2669 διακεχύσθαι
2580 2597 2833 2651 τοσοῦτον
2882 2600 2938 2649 ὲν
2969 2599 3081 2661 τοῖς
3123 2596 3505 2666 εὐφραίνωσι,
3536 2595 3634 2648 καὶ
3660 2595 3759 2648 δαο.

2185 2689 2355 2758 ψιλῶς
2395 2688 2863 2759 κατεμφορεῖσθαι
2924 2687 3028 2757 τῆς
3088 2687 3377 2758 θυμηδίας,
3428 2688 3502 2750 ὡς
3558 2687 3760 2756 ἥκιστα.

2186 2780 2615 2853 συμϐησομένων
2640 2781 2747 2834 τῶν
2776 2780 3033 2851 λυπηρῶν
3054 2797 3069 2811 ο
3100 2779 3239 2834 ἀλλά
3268 2781 3559 2849 σωφρόνως
3587 2794 3756 2848 προσ-

2188 2874 2361 2927 ίεσθαι
2407 2874 2503 2927 καὶ
2557 2872 2763 2926 τούτων
2828 2873 3097 2926 κάκείνων
3164 2872 3264 2943 τὴν
3316 2872 3625 2942 σύμϐασιν,
3671 2872 3756 2923 ὲν-

2185 2964 2437 3027 νοοῧντας
2487 2964 2583 3017 καὶ
2622 2963 3117 3033 διενθυμουμένους
3163 2964 3261 3035 τήν
3299 2963 3437 3035 πρὸς
3492 2962 3756 3033 ἀλλήλους

2189 3054 2490 3127 μεταϐολὴν
2518 3054 2629 3107 τῶν
2657 3054 2897 3126 καιρῶν,
2931 3054 3026 3108 καὶ
3070 3053 3508 3126 καραδοκοῦντας
3549 3053 3620 3107 τά
3665 3070 3765 3107 κες

2186 3146 2431 3219 χαρμένα
2460 3147 2600 3217 μετά
2627 3146 2724 3217 τὴν
2756 3146 3033 3218 σύμϐασιν
3063 3146 3175 3201 τῶν
3220 3146 3496 3200 ἀνιώντων
3516 3147 3611 3199 καὶ
3641 3145 3764 3199 θλικ

2189 3241 2423 3295 ϐόντωνσ
2469 3243 2564 3295 καὶ
2596 3240 2757 3295 πάλιν
2782 3242 2846 3295 ὲκ
2877 3240 2985 3292 τῶν
3018 3240 3420 3311 εὐφραινόντων
3459 3240 3552 3293 καὶ
3602 3239 3743 3309 θυμ-

2188 3334 2345 3403 ηδίας
2384 3332 2705 3403 ποιητικῶν,
2731 3332 2829 3403 τὴν
2860 3332 2968 3385 τῶν
2990 3332 3384 3402 ἀντικειμένων
3411 3330 3754 3402 σύμπτωσιν.

2188 3424 2250 3484 Ei
2278 3424 2384 3495 γάρ
2410 3423 2633 3476 τοιῶσδε
2661 3422 2967 3477 διακεῖσθαί
2993 3441 3077 3486 τις
3116 3421 3406 3492 ἄνθρωπος
3441 3421 3754 3493 βουληθείη,

2192 3516 2327 3586 μετά
2357 3517 2625 3579 συνέσεως
2655 3518 2748 3570 καὶ
2771 3517 3086 3587 φρονήσεως
3120 3515 3475 3586 εὑρεθήσεται
3495 3513 3593 3583 τὴν
3620 3512 3763 3565 ἰδίαν.

2187 3607 2439 3661 διῖθύνων
2489 3606 2825 3683 ζωὴν,ούτε
2877 3611 2990 3670 τοῖς
3046 3608 3397 3681 εὐφραίνουσι
3456 3607 3551 3660 καὶ
3594 3623 3763 3676 χαροι

516 3696 693 3757 ποιοῖς
739 3695 1209 3766 ὑπεραιρόμενος,
1246 3698 1343 3752 καὶ
1380 3699 1517 3771 πρὸς
1560 3700 1598 3755 ἀ
1630 3700 1706 3772 μή
1746 3699 1904 3772 θέμις
1941 3700 2480 3773 παρεκτρεπόμενος,
2537 3700 2661 3757 οὔτε
2720 3702 2833 3763 τοῖς
2886 3700 3131 3755 ἀδικοῦσι
3186 3700 3282 3753 καὶ
3310 3701 3583 3753 θλίϐουσιν
3600 3701 3767 3765 ἀγενε

513 3786 621 3850 νῶς
646 3787 1077 3857 ταπεινούμενος
1105 3791 1200 3844 καὶ
1237 3792 1374 3863 πρὸς
1416 3795 1688 3865 ἀπρεπεῖς
1731 3794 2082 3866 ἐξελκόμενος
2116 3797 2331 3865 λόγους.

589 3878 700 3933 Iloc
733 3880 898 3950 igitur
922 3883 1194 3951 praecipue
1220 3893 1416 3939 natura
1445 3902 1627 3941 rerum
1660 3890 1936 3957 suspicari
1990 3905 2084 3945 nos

2266 3886 2437 3943 Τοῦτο
2466 3886 2566 3957 μὲν
2590 3881 2681 3940 οὖν
2729 3885 3155 3958 προηγουμένως
3209 3887 3356 3957 ήμᾶς
3400 3885 3759 3957 ὑπειληφέναι

514 3973 661 4043 cogit
704 3992 717 4028 :
752 3974 1009 4044 deinceps
1047 3990 1176 4030 vero
1200 3980 1513 4047 persuadet,
1541 3989 1603 4034 ut
1631 3981 1697 4035 ad
1759 3982 2084 4051 interpreta-

2197 3980 2606 4048 καταναγκάζει
2645 3979 2753 4033 τῶν
2803 3979 3205 4050 πραγμάτωνή
3238 3979 3400 4048 φύσις
3423 3996 3437 4010 ·
3470 3979 3664 4032 ἔπειτα
3702 3980 3763 4038 δὲ

517 4068 719 4121 tionem
771 4068 937 4123 etiam
960 4068 1133 4138 magis
1168 4070 1510 4139 spiritualem
1534 4082 1900 4131 transeamus.
1951 4074 2084 4130 Nam

2196 4075 2291 4127 καὶ
2329 4073 2466 4144 πρὸς
2492 4072 3010 4143 πνευματικωτέραν
3035 4072 3261 4144 ἐκδοχὴν
3300 4074 3392 4127 τὸν
3422 4073 3580 4142 λόγον
3631 4090 3761 4143 μετ-

512 4177 652 4223 qnos
683 4161 772 4216 hic
794 4162 1065 4227 ducimus,
1095 4162 1212 4218 dics
1266 4180 1389 4219 esse
1452 4166 1633 4223 luctus
1680 4168 1853 4237 dicit;
1903 4169 2084 4240 itaque

2197 4168 2427 4233 αγαγεῖν
2467 4167 2789 4236 εἰσηγεῖται.
2812 4165 3018 4238 Καιρὸν
3048 4166 3156 4237 γάρ
3196 4160 3336 4219 εἶναι
3364 4164 3645 4236 κλαυθμοῦ
3670 4165 3767 4217 τὸν

514 4255 751 4315 ﬂendum
786 4256 875 4310 hic
901 4270 1024 4311 esse
1046 4272 1111 4312 ac
1148 4256 1477 4325 plorandum
1540 4260 1970 4332 ululantiumque
2005 4263 2074 4317 iis

2190 4257 2289 4327 τῆς
2318 4257 2554 4310 ἐνταῦθα
2585 4258 2882 4328 παροικίας
2922 4258 3079 4327 φησὶ,
3108 4259 3202 4311 καὶ
3254 4257 3362 4330 χρὴ
3411 4257 3622 4310 κλαίειν
3663 4262 3762 4310 καὶ

513 4346 793 4409 omnibus,
833 4347 926 4416 qui
968 4348 1023 4400 in
1063 4347 1222 4403 ﬂetus
1246 4348 1368 4403 loco
1394 4351 1699 4406 etiamnum
1752 4364 2082 4408 versantur:

2189 4345 2653 4418 κατολοφύρεσθαι
2708 4347 2805 4401 καὶ
2844 4346 3233 4411 κατολολύζειν
3262 4350 3322 4401 ὲν
3367 4345 3534 4400 παντὶ
3582 4346 3771 4417 καιρῷ

514 4451 625 4504 quo
652 4436 704 4489 in
742 4436 924 4490 futura
954 4436 1089 4497 vita,
1156 4452 1281 4491 cum
1322 4440 1545 4507 praemia
1570 4456 1759 4495 eorum
1809 4456 1932 4511 qua:
1968 4457 2084 4511 ges-

2189 4438 2314 4499 τοὺς
2349 4436 2430 4488 ἔτι
2485 4437 2544 4489 ἐν
2565 4436 2644 4506 τῷ
2669 4437 2821 4507 τόπῳ
2848 4435 2943 4489 τοῦ
2967 4435 3327 4505 κλαυθμῶνος
3371 4435 3716 4505 ὑπάρχοντας
3742 4451 3758 4463 ⁸

515 4529 711 4589 serint,
742 4528 904 4583 laturi
935 4537 1084 4592 sunt,
1124 4528 1303 4586 ridere
1331 4540 1536 4587 aeterno
1580 4534 1834 4601 possint;
1896 4549 2084 4603 quem-

2189 4526 2273 4578 ἵνα
2301 4526 2439 4580 κατά
2466 4527 2565 4601 τὴν
2600 4526 2903 4597 μέλλουσαν
2930 4524 3076 4597 ζωὴν
3102 4528 3162 4578 ἐν
3204 4524 3284 4595 τῷ
3317 4523 3494 4597 καιρῷ
3519 4524 3622 4595 τῆς
3652 4523 3765 4577 τῶν

514 4620 809 4679 admodum
837 4619 949 4674 veri
975 4628 1172 4675 auctor
1194 4621 1448 4677 Christus
1479 4631 1534 4677 et
1581 4622 1728 4679 Deus
1788 4634 1973 4680 noster
2033 4625 2084 4678 in

2189 4613 2537 4686 βεϐιωμένων
2580 4616 2990 4679 ἀνταποδόσεως
3038 4615 3273 4679 αίωνίως
3314 4616 3629 4685 γελάσωσι*
3662 4633 3765 4674 xc..-

516 4711 824 4782 Evangeliis
852 4711 1112 4779 ostendit,
1163 4726 1287 4766 cum
1346 4712 1456 4768 ait:
1518 4732 1537 4765 ι
1578 4712 1728 4769 Beati
1785 4715 1881 4784 qui
1937 4731 2084 4770 nunc

2191 4706 2299 4770 θὼς
2323 4709 2351 4759 ὁ
2399 4709 2743 4783 ταυταληθὴς
2777 4708 3011 4779 Χριστὸς
3062 4708 3159 4762 καὶ
3202 4708 3336 4771 Θεὸς
3370 4708 3528 4778 ἡμῶν
3554 4709 3765 4775 ἀπεφή-

516 4804 752 4877 plorant,
801 4804 929 4879 quia
983 4804 1242 4861 ridebunt
1288 4806 1447 4876 (l5);
1506 4827 1524 4858 ο
1594 4817 1649 4863 et
1693 4827 1705 4861 :
1762 4827 1782 4860 ι
1818 4808 1965 4863 Beati
1992 4811 2084 4879 qui

2193 4817 2321 4853 νατο
2361 4800 2585 4868 φάσκων
2629 4801 2688 4854 ὲν
2750 4804 2863 4861 τοῖς
2914 4800 3302 4868 Εύαγγελίοις,
3333 4819 3352 4851 ι
3388 4799 3669 4868 Μακάριοι
3710 4800 3764 4851 οἰ

515 4903 721 4967 lugent,
753 4895 1011 4966 quoniam
1051 4895 1157 4965 ipsi
1186 4897 1617 4957 consolabuntur
1651 4899 1717 4937 ἠ’
1748 4916 1763 4965 ;
1805 4917 1823 4950 ι
1862 4909 1917 4954 et
1966 4916 2084 4954 iur-

2190 4891 2473 4953 κλαίοντες
2499 4891 2612 4955 νῦν,
2636 4892 2720 4945 ὅτι
2748 4893 3069 4959 γελάσονται
3091 4908 3105 4923 ο
3147 4910 3166 4943 ι
3205 4892 3323 4956 καὶ,
3356 4911 3374 4944 ι
3403 4893 3681 4962 Μακάριοι
3707 4893 3763 4949 οἱ,

514 5006 649 5044 sus:
691 5008 710 5042 ι
758 4988 1002 5044 Gaudete
1033 4998 1087 5043 et
1135 4990 1408 5046 exsultate
1442 4993 1704 5062 quoniam
1730 5006 1943 5048 merces
1996 5007 2085 5046 ve-

513 5092 624 5137 stra
648 5082 869 5157 copiosa
901 5092 985 5138 est
1012 5083 1066 5147 in
1097 5083 1256 5141 caelis
1290 5083 1354 5138 ⁸⁸.
1396 5103 1414 5138 ι

528 5304 533 5308 ν
585 5239 842 5297 Fortasse
867 5256 996 5299 vero
1024 5241 1211 5302 etalio
1242 5256 1403 5297 sensu
1444 5241 1616 5311 accipi
1672 5256 1736 5298 ea
1791 5243 1955 5297 verba
1986 5257 2085 5311 par

516 5338 608 5387 sit.
666 5332 800 5389 Nam
865 5352 989 5390 cum
1048 5336 1225 5390 virtus
1288 5349 1515 5405 quaeque
1576 5336 1631 5389 in
1682 5336 1860 5391 medio
1932 5343 2085 5401 stet,

515 5442 579 5480 ac
610 5430 917 5496 proximum
974 5429 1077 5483 sibi
1124 5443 1411 5484 excessum
1477 5443 1631 5495 teque
1685 5443 1749 5484 ac
1809 5427 2081 5483 defectum

461 5560 463 5563 .
513 5518 711 5583 evitet;
761 5521 916 5575 multi
970 5536 1100 5577 vero
1154 5530 1209 5580 et
1248 5520 1302 5578 in
1360 5521 1661 5591 ploratibus
1719 5529 1773 5574 et
1824 5522 1879 5576 in
1949 5521 2084 5575 laeti-

514 5608 588 5661 tia
645 5610 952 5680 gaudioque
1013 5614 1237 5668 modum
1315 5621 1640 5667 transeant:
1698 5612 1887 5682 quidni
1966 5627 2082 5673 COS.

590 5696 658 5727 ‘7‘
703 5697 894 5752 Matth.
936 5717 989 5765 v,
1028 5702 1081 5757 5.
1157 5702 1203 5733 ⁸⁸
1250 5702 1381 5757 ibid.
1417 5702 1504 5755 12.

2192 4982 2537 5045 πενθοῦντες,
2566 4982 2647 5034 ὅτι
2674 4983 2829 5035 «om
2879 4981 3436 5053 παρακληθήσονται·
3477 5001 3495 5033 ι
3533 4984 3629 5036 κοιλ⁸
3654 4983 3758 5037 πά-

2190 5072 2296 5133 λιν,
2338 5092 2356 5123 ι
2392 5074 2628 5144 Χαίρετε
2655 5074 2749 5127 καὶ
2785 5072 3138 5141 ἀγαλλιᾶσθε,
3168 5075 3250 5130 ὅτι
3296 5076 3326 5128 ὁ
3359 5074 3550 5149 μισθδς
3604 5074 3763 5144 ὑμῶν

2202 5164 2366 5228 πολὺς
2394 5167 2451 5217 ἐν
2488 5168 2601 5228 τοῖς
2622 5168 2893 5235 οὐρανοῖς.
2925 5186 2944 5219 ι
3250 5156 3260 5165 ’

2266 5259 2421 5327 Τάχα
2442 5258 2499 5312 δὲ
2524 5259 2616 5311 καὶ
2640 5259 2813 5322 άλλως
2844 5259 3162 5327 ἐκδέξασθαι
3193 5259 3264 5312 τὰ
3298 5258 3566 5330 εἰρημένα
3598 5275 3765 5328 προσ-

2195 5351 2317 5421 ῆκε.
2358 5352 2468 5404 Καὶ
2497 5352 2605 5420 γάρ
2660 5353 2847 5421 ἐπειδὴ
2901 5352 3133 5422 μεσότης
3176 5351 3323 5409 ἐστὶν
3378 5351 3550 5423 ἀρετὴ
3590 5352 3762 5413 πᾶσα,

2197 5444 2295 5515 τὴν
2343 5444 2871 5514 συμπαρακειμένην
2924 5444 3261 5516 ἑκατέρωθεν
3310 5443 3617 5515 ὑπερϐολὴν
3668 5446 3766 5496 καὶ

2199 5537 2426 5608 μείωσιν
2484 5535 2925 5608 παρεκκλίνουσα
2946 5554 2961 5567 ·
2998 5537 3184 5591 πολλοὶ
3211 5537 3269 5591 δὲ
3310 5540 3376 5608 τῇ
3405 5536 3644 5607 ἀμετρία
3668 5537 3762 5587 κέ-

2195 5647 2425 5700 χρηνται
2457 5629 2553 5682 καὶ
2590 5632 2655 5700 τῇ
2690 5629 2962 5704 ὑπερϐολῇ
3016 5633 3117 5685 κάν
3164 5632 3279 5694 τοῖς
3323 5629 3620 5702 κλαυθμοῖς
3657 5636 3762 5680 am

586 5871 701 5951 (15)
754 5874 887 5930 an.
964 5891 1033 5939 vt,
1076 5878 1177 5937 ‘ll,
1230 5880 1432 5931 nostris
1481 5880 1531 5931 in
1586 5878 1846 5946 exemplis
1883 5887 1966 5931 est
1998 5878 2076 5930 ὅτι
2122 5876 2400 5946 γελάσετε.
