4172 6512
358 381 465 449 853

1405 399 1490 463 IN
1541 402 2123 474 ECCLESIASTEN.
2156 438 2228 451 --
2268 418 2418 479 LIB.
2455 417 2570 478 III.

3504 420 3612 489 854

358 501 499 605 ταῖς,
539 499 905 574 εὐφροσύναις
962 507 1057 562 καὶ
1128 508 1417 581 θυμηδίαις
1436 529 1457 546 ’ν
1517 516 1729 587 μήποτε
1814 521 1927 575 τῶν

2042 525 2122 597 {ui
2146 528 2403 586 virtutem
2446 530 2788 601 prolitentur,
2842 531 3049 588 hortari
3072 532 3293 605 sapiens
3337 534 3613 597 Ecclesiae

352 592 615 650 τοιούτων
643 596 963 668 ὑπερϐολῶν
1004 600 1303 671 ἀπέχεσθαι
1347 606 1475 671 τοὺς
1540 609 1747 681 ἀρετῆς
1802 613 1930 666 ἀντ-

355 685 653 758 εχομένους
696 690 725 743 ό
783 691 946 759 σοφὸς
984 693 1415 768 Ἐκκλησιαστὴς
1466 701 1933 771 είσηγεῖται,καὶ

356 783 499 838 κατά
527 785 590 839 τὸ
618 786 830 858 πρέπον
858 789 953 843 καὶ
985 790 1076 843 τὸν
1124 794 1357 848 κοπετὸν
1403 797 1811 856 ἐπιδείκνυσθαι
1837 802 1933 855 καὶ

355 878 836 949 τὴνὶάγαλλίασιἩ
871 883 1009 938 Οὔτε
1034 884 1144 957 γάρ
1176 886 1497 959 ἀναλγήτως
1519 891 1696 964 πάντη
1727 892 1936 948 διακεῖ-

358 972 487 1026 σθαι
537 975 632 1028 καὶ
669 974 950 1046 διαμένειν
988 979 1047 1031 ἐν
1078 981 1194 1045 τοῖς
1243 981 1519 1051 βιωτικοῖς
1555 986 1934 1057 πειρατηρίοις

358 1065 687 1135 ὀφείλομενο
720 1067 840 1121 ἀλλ’
870 1071 920 1122 εἰ
964 1070 1039 1141 μὴ
1082 1072 1151 1125 δι’
1174 1074 1438 1142 ἑαυτοὺς,
1462 1075 1552 1130 διὰ
1592 1075 1690 1139 τὰς
1725 1093 1935 1149 συμφο-

362 1164 463 1230 ράς
487 1160 597 1214 τῶν
630 1161 800 1226 πέλας
832 1164 1219 1221 συνοδύνεσθαι
1260 1168 1356 1222 καὶ
1399 1168 1779 1225 συνθλίϐεσθαι
1808 1171 1935 1225 τού-

359 1271 472 1318 τοις
494 1254 695 1326 χρεὼν,
727 1258 824 1310 καὶ
842 1258 1008 1312 πάλιν
1032 1260 1091 1312 ἐν
1118 1261 1245 1323 ταῖς
1262 1260 1594 1334 εὐημερίαις
1633 1262 1936 1332 γάννυσθαι

360 1348 456 1402 καὶ
491 1350 808 1421 συγχαίρειν
863 1352 1071 1415 αὐτοῖς.
1106 1351 1262 1407 Οὖτω
1287 1353 1395 1426 γὰρ
1438 1355 1540 1425 τῆς
1567 1355 1938 1429 ἀποστολικῆς

366 1441 651 1513 ὑποθήκης
686 1442 1099 1515 φυλαχθήσεται
1139 1446 1235 1499 καὶ
1276 1446 1407 1517 παρ’
1434 1446 1593 1517 ἡμῶν
1617 1450 1645 1502 ό
1668 1448 1894 1518 φάσκων
1918 1464 1935 1481 ⁸

370 1554 388 1585 ι
425 1534 650 1589 κλαίειν
680 1535 819 1605 μετά
846 1536 1165 1602 κλαιόντων,
1194 1538 1291 1591 καὶ⁵
1321 1538 1534 1611 χαίρειν
1552 1540 1693 1611 μετά
1720 1541 1939 1613 χαιρόν-

361 1641 507 1681 των*
541 1645 559 1679 ι
590 1628 676 1681 ῖνα
718 1626 793 1699 μὴ
833 1630 927 1683 καὶ
974 1629 1073 1698 τῆς
1127 1630 1493 1702 εὐαγγελικῆς
1560 1631 1878 1703 παραϐολῆς
1908 1632 1938 1685 ό

362 1719 522 1788 λόγος
565 1720 979 1791 καθαπτόμενος
1035 1722 1194 1793 ὴμῶν
1234 1723 1330 1777 καὶ
1354 1724 1785 1793 καταγινώσκων
1839 1727 1937 1796 ρη-

362 1810 483 1882 θείη
506 1810 643 1883 πρὸς
675 1813 845 1883 ἡμᾶς,
872 1831 891 1864 ι
928 1813 1245 1885 Ηύλίσαμεν
1278 1816 1430 1887 ύμῖν,
1473 1815 1568 1870 καὶ
1604 1816 1706 1869 οὐκ
1753 1815 1938 1889 ὠρχή-

2032 628 2143 677 stes
2168 622 2441 687 videatur,
2478 622 2615 678 lines
2646 633 2704 677 ut
2756 635 2996 691 servent,
3055 627 3347 699 ipsumque
3401 630 3607 687 luctum

2032 722 2194 785 atque
2224 716 2472 772 laetitiam
2500 731 2627 773 cum
2655 718 2920 788 dignitate
2952 736 3062 790 prae
3086 736 3147 777 se
3181 721 3399 778 ferant?
3421 722 3609 794 Neque

2032 806 2177 859 enim
2198 808 2252 862 in
2280 816 2363 863 tot
2380 808 2543 875 hujus
2569 809 2697 863 vitae
2715 811 3108 868 tentationibus
3124 813 3334 869 doloris
3358 827 3609 887 expertes

2033 913 2134 952 nos
2183 913 2306 955 esse
2354 910 2571 970 oportet
2609 903 2745 973 :qui
2777 903 2826 958 si
2883 904 3068 961 minus
3115 916 3305 962 nostra
3360 908 3607 979 ipsorum

2034 1004 2223 1056 causa,
2252 999 2307 1047 at
2337 1002 2486 1048 certe
2517 994 2586 1049 ob
2610 994 2993 1067 proximorum
3025 996 3366 1055 calamitates
3423 1000 3611 1059 dolere

2035 1098 2159 1137 cum
2189 1085 2276 1139 his
2304 1086 2540 1160 angique
2567 1089 2835 1146 debemus
2872 1110 2884 1146 :
2916 1091 3383 1161 quemadmodum
3444 1102 3500 1150 et
3551 1095 3608 1150 in

2035 1178 2289 1233 secundis
2322 1180 2487 1237 rebus
2520 1181 2692 1238 lzetari
2750 1197 2877 1237 cum
2925 1183 3060 1253 ipsis
3111 1191 3167 1240 et
3223 1186 3458 1255 gaudere
3508 1203 3610 1245 nos

2035 1270 2325 1338 convenit;
2361 1282 2421 1327 ut
2458 1274 2605 1329 illam
2638 1276 2889 1345 Apostoli
2928 1275 3175 1346 regulam
3230 1294 3331 1334 nos
3387 1295 3610 1354 quoque

2036 1374 2339 1426 servemus,
2388 1380 2496 1434 qua
2559 1368 2856 1423 edocemur
2908 1386 2926 1420 ι
2970 1368 3103 1423 flere
3143 1383 3268 1424 cum
3328 1368 3607 1436 ﬂentibus,

2036 1461 2089 1507 et
2115 1455 2353 1525 gaudere
2375 1472 2500 1512 cum
2533 1459 2898 1527 gaudentibus
2934 1458 3049 1534 (l6)
3079 1478 3092 1525 ;
3134 1480 3152 1514 ι
3188 1477 3252 1516 ac
3279 1477 3349 1519 ne
3414 1463 3611 1519 adver-

2038 1561 2133 1601 sus
2159 1560 2258 1603 nos
2287 1546 2431 1603 dicta
2498 1549 2751 1607 ferantur
2816 1552 2908 1607 illa
2964 1554 3293 1625 evangelica:
3339 1556 3612 1625 parabole

2037 1637 2246 1693 verba:
2287 1657 2306 1690 ι
2347 1638 2702 1698 Cantavimus
2732 1644 2884 1701 vobis
2916 1646 3027 1717 76
3077 1645 3245 1711 tibiis,
3285 1656 3339 1701 et
3366 1662 3475 1703 non
3500 1649 3609 1703 sal-

2038 1730 2230 1797 tastis;
2272 1729 2550 1787 lamentati
2577 1746 2788 1799 sumus,
2820 1744 2875 1791 et
2904 1753 3013 1792 non
3040 1737 3295 1807 plorastis
3320 1736 3366 1771 δ’
3391 1756 3408 1806 ;
3438 1757 3457 1790 ι
3490 1755 3612 1807 qua:

2038 1836 2105 1876 eo
2131 1823 2425 1891 pertinent,
2460 1835 2515 1879 ut
2535 1826 2816 1896 praeduros
2835 1828 3069 1893 animos,
3103 1831 3196 1900 qui
3222 1846 3400 1901 neque
3431 1831 3611 1886 alieno

364 1904 534 1958 σασθε
556 1921 573 1938 ο
606 1904 986 1977 ἐθρηνήσαμεν
1016 1907 1167 1978 ὑμῖν,
1201 1907 1296 1961 καὶ
1318 1885 1420 1964 οὐκ
1450 1908 1748 1979 ἐκόψασθε,

2042 1911 2188 1966 luctu
2228 1913 2527 1983 quidquam
2552 1925 2648 1970 aut
2694 1932 2932 1973 nicerore
2963 1929 3405 1988 commoventur,
3432 1936 3611 1991 neque

364 1996 775 2066 ἁπεσκληκυίας
832 1996 1059 2067 καρδίας
1098 1998 1194 2051 καὶ
1245 1998 1514 2070 μηδαμῶς
1552 2002 1665 2062 τοῖς
1707 1999 1935 2070 ἀλγοῦσι

364 2091 459 2141 καὶ
504 2089 866 2161 λυπουμένοις
906 2090 1359 2163 συλλυπουμένας
1405 2092 1500 2146 καὶ
1541 2093 1930 2162 συναλγούσας,

368 2183 506 2252 μήτε
538 2186 650 2245 τοῖς
676 2181 817 2235 κατά
861 2199 981 2236 τινα
1021 2183 1224 2254 τρόπον
1278 2181 1642 2255 εὐημεροῦσιν
1683 2183 1932 2251 ἀδελφοῖς

365 2275 455 2325 καὶ
476 2274 651 2343 φίλοις
678 2274 1079 2344 συγχαιρούσας
1098 2276 1191 2328 καλ⁸
1217 2274 1771 2346 συνευφραινομένας,
1794 2276 1930 2346 πρὸς

2040 2004 2233 2062 faustis
2285 2008 2667 2077 quadantenus
2706 2013 3098 2083 prosperisque
3155 2013 3386 2069 fratrum
3443 2023 3612 2085 atque

2041 2100 2341 2154 amicorum
2403 2101 2569 2157 rebus
2628 2104 2947 2160 consociare
2995 2105 3235 2161 laetitiam
3289 2108 3487 2174 solent,
3540 2108 3610 2163 ad

2032 2190 2211 2259 justos
2252 2190 2479 2249 all'ectus
2518 2194 2812 2251 deducant.
2843 2194 2935 2253 Ait
2968 2196 3166 2254 deinde
3202 2216 3217 2254 :

362 2364 465 2427 τὰς
529 2364 842 2435 πρεπούσας
898 2364 1166 2431 διαθέσεις
1235 2364 1729 2438 ἐπανορθούμενος.
1778 2363 1911 2421 Εἶτά
1949 2384 2153 2438 φησιν·

1903 2460 1931 2533 §
1966 2461 2052 2518 v1.

364 2554 581 2622 Καιρὸς
623 2553 728 2609 τοῦ
758 2554 984 2619 ,βαλεῖν
1032 2556 1263 2621 λίθους,
1294 2554 1391 2609 καὶ
1419 2554 1623 2624 καιρὸς
1651 2555 1759 2611 τοῦ
1780 2572 1922 2611 συν-

910 2651 1156 2719 αγαγεῖν
1182 2649 1413 2715 λίθους.

437 2735 608 2809 Οἶμαι
634 2740 815 2805 λίθους
838 2741 1075 2795 ἐνταῦθα
1109 2742 1296 2796 καλεῖν
1338 2743 1465 2806 τούς
1489 2742 1817 2805 ἀντιτύπους
1841 2744 1937 2798 καλ⁵

370 2833 644 2905 σκληροὺς
674 2834 888 2904 λόγους,
914 2833 1008 2897 οὓς
1044 2835 1128 2889 δεῖ
1173 2834 1388 2906 βάλλειν
1425 2834 1568 2889 κατά
1596 2834 1705 2889 τῶν
1736 2853 1939 2908 φρονηο·

373 2927 558 2997 μάτων
610 2929 707 2981 καῖ⁸
758 2929 1137 3000 προαιρέσεων
1184 2926 1292 2981 τῶν
1320 2926 1528 2982 δεῖσθαι
1552 2928 1663 2981 τῶν
1686 2928 1941 2982 τοιούτων

371 3020 836 3091 ὑπειλημμένων·
872 3021 969 3074 καὶ
1029 3020 1195 3074 πάλιν
1239 3020 1552 3075 ἀναστεῖλαι
1610 3018 1835 3084 τούτους
1880 3021 1945 3074 ἐκ

369 3112 479 3166 τῶν
511 3112 795 3178 τοιούτων,
836 3112 965 3165 ὅταν
996 3113 1096 3182 τῆς
1128 3112 1353 3166 ἐκείνων
1382 3111 1673 3177 αὐθαδείας
1687 3128 1938 3183 καταμα-

370 3205 742 3275 λακισθείσης,
800 3205 895 3259 καὶ
952 3205 1055 3277 τῆς
1115 3204 1432 3276 ἀγερωχίας
1472 3203 1936 3276 καταϐληθείσης,

370 3298 580 3351 δέονται
638 3298 802 3351 πάλιν
852 3297 990 3369 πρὸς
1042 3296 1406 3368 ψυχαγωγίαν
1452 3295 1815 3368 ἡμερωτέρας
1845 3296 1939 3349 καὶ

372 3388 682 3461 πραοτέρας
710 3388 1061 3453 διδασκαλίας
1083 3403 1097 3419 °
1137 3390 1225 3443 ἵνα
1254 3388 1330 3460 μὴ
1352 3387 1433 3459 τῷ
1455 3388 1635 3459 πολλῷ
1666 3388 1820 3459 βάρει
1841 3388 1941 3460 τῆς

372 3482 719 3552 ἐπιπλήξεως
751 3481 785 3552 ἢ
827 3484 895 3552 τῇ
925 3479 1073 3554 λύπῃ
1118 3478 1524 3543 καταποθῶσιν,
1555 3478 1589 3550 ἦ
1618 3479 1758 3551 πρὸς
1777 3478 1939 3550 χαλε-

371 3574 627 3645 πωτέραν
650 3573 893 3644 ἀρθῶσιν
922 3573 1234 3627 αὐθάδειαν.
1264 3571 1419 3626 Οὕτω
1461 3571 1523 3625 τὸ
1564 3571 1739 3644 παρδν
1779 3573 1941 3643 ῥητὸν

371 3670 561 3737 νοῆσαι
587 3668 682 3719 καὶ
702 3665 1038 3735 διασαφῆσαι
1064 3664 1422 3735 προήχθημεν
1442 3680 1457 3694 ·
1489 3663 1666 3727 οὐδεὶς
1688 3665 1797 3735 γάρ
1820 3664 1936 3717 ἐστι

375 3760 563 3828 καιρὸς
587 3758 681 3811 τοῦ
714 3759 854 3811 κατά
880 3774 1024 3821 τινος
1054 3756 1236 3820 λίθους
1267 3755 1503 3826 βάλλειν.
1533 3757 1595 3811 El
1623 3756 1681 3809 δὲ
1718 3756 1814 3809 καὶ
1842 3756 1937 3825 γέ-

378 3850 537 3917 νηταί
566 3844 697 3904 ποτε
724 3850 817 3903 τοῦ
844 3848 1062 3918 βάλλειν
1093 3848 1277 3913 λίθους
1309 3848 1452 3903 κατὰ
1474 3848 1581 3902 τῶν
1608 3845 1735 3913 ἀξια
1767 3864 1940 3918 πρατ-

377 3945 583 3995 τόντων
640 3943 777 4013 ἔργα
821 3940 1375 4012 λιθοϐολευστήσεως,
1411 3940 1553 3994 κατά
1595 3940 1725 4003 τούς
1770 3940 1939 3994 πάλαι

374 4034 579 4103 νόμους
634 4033 727 4087 τοῦ
792 4032 1152 4102 θεοφάντορος
1214 4030 1517 4095 Μωῦσέως,
1549 4029 1664 4085 ἀλλ’
1690 4030 1941 4100 οὐδαμῶς

376 4125 795 4195 ἀκολουθήσεως
819 4124 1007 4194 ἔχεται
1037 4124 1097 4177 τὸ
1125 4124 1459 4193 συναγαγεῖν
1490 4122 1619 4186 τοὺς
1634 4121 1821 4185 λίθους
1846 4116 1943 4175 αὗ-

376 4216 463 4281 θις
488 4218 553 4270 ἐκ
577 4216 686 4270 τῶν
708 4215 908 4270 αὐτῶν.
943 4213 1074 4269 Εἶτά
1101 4229 1283 4285 φησιν·

2104 2558 2271 2614 Vens.
2304 2561 2357 2616 5.
2396 2559 2793 2633 Tempestivitas
2825 2566 3062 2635 jacicndi
3096 2566 3320 2638 lapides,
3370 2579 3419 2623 et
3481 2579 3613 2625 tem-

2033 2653 2298 2721 pestivitas
2331 2654 2612 2724 colligendi
2646 2655 2869 2726 lapides.
3056 2663 3065 2670 ’

2108 2743 2339 2814 Lapides
2377 2745 2482 2801 hoc
2542 2746 2664 2803 loco
2724 2749 2999 2819 appellari
3043 2752 3285 2806 arbitror
3325 2767 3483 2808 acres
3544 2769 3608 2807 ac

2039 2836 2206 2893 duros
2267 2852 2571 2904 sermones,
2633 2856 2773 2910 quos
2815 2840 3001 2911 jacere
3051 2853 3302 2915 Oporteat
3349 2845 3615 2899 adversus

2043 2929 2400 2999 cogitationes
2430 2938 2593 3000 atque
2643 2934 2872 2988 consilia
2928 2949 3116 2990 eorum
3173 2937 3268 3007 qui
3314 2951 3472 3008 egere
3528 2935 3615 2989 his

2043 3029 2341 3091 putantur;
2383 3031 2439 3077 et
2480 3037 2620 3091 quos
2678 3025 2961 3081 continere
3007 3027 3136 3082 item
3193 3036 3432 3098 praestat,
3488 3043 3614 3083 cum

2048 3110 2345 3179 pertinacia
2376 3111 2690 3167 eorumdem
2728 3113 2987 3180 edomita,
3023 3118 3387 3187 depressaque
3416 3133 3615 3187 super-

2044 3204 2153 3266 bia,
2176 3202 2285 3274 jam
2318 3203 2487 3258 animi
2512 3205 2725 3261 solandi
2755 3223 2926 3264 causa
2958 3211 3389 3266 mansuetiorem
3422 3210 3611 3265 mitio-

2046 3311 2269 3366 remque
2299 3296 2608 3351 doctrinam
2644 3300 2932 3369 requirunt
2967 3318 2981 3355 :
3020 3316 3089 3355 ne
3137 3302 3306 3355 nimia
3355 3302 3615 3374 objurga-

2044 3388 2209 3443 tionis
2235 3389 2524 3445 severitate
2552 3400 2646 3445 aut
2674 3391 2880 3447 doloris
2909 3394 2962 3447 vi
2989 3404 3277 3459 corruant,
3332 3395 3417 3450 vel
3469 3395 3614 3449 ditii-

2045 3479 2220 3534 riliori
2247 3492 2537 3552 assurgant
2572 3482 2825 3539 audacia.
2863 3483 2954 3539 Sic
2988 3484 3208 3540 eﬂ‘atum
3247 3474 3352 3542 hoc
3418 3487 3619 3542 intelli-

2046 3585 2171 3639 gere
2201 3578 2365 3640 atque
2430 3574 2706 3643 explicare
2760 3591 2985 3631 necesse
3026 3576 3177 3633 fuit:
3222 3578 3375 3633 nulla
3418 3579 3619 3649 quippe

2047 3667 2439 3735 tempestivitas
2471 3677 2578 3733 est,
2618 3685 2725 3739 qua
2755 3671 2923 3726 alium
2952 3671 3225 3741 lapidibus
3258 3682 3453 3743 petas;
3488 3690 3551 3729 ac
3570 3673 3619 3729 si

2045 3756 2149 3812 fuit
2177 3758 2331 3823 olim,
2360 3775 2467 3829 qua
2490 3760 2699 3830 lapides
2756 3762 2809 3817 in
2862 3779 2959 3821 eos
3024 3765 3361 3834 iacerentur,
3394 3766 3491 3836 qui
3529 3766 3619 3821 di-

2046 3866 2212 3921 gnum
2241 3850 2570 3921 lapidatione
2604 3852 2819 3911 facinus
2846 3867 3277 3927 perpetrassent,
3306 3867 3367 3912 ut
3410 3867 3619 3913 veteres

2047 3942 2284 4013 theologi
2318 3943 2516 4015 Moysis
2549 3945 2695 4017 leges
2736 3946 2986 4003 ferebant
3044 3949 3158 4019 (l7)
3189 3987 3205 4015 ,
3242 3949 3470 4005 minime
3536 3959 3618 4004 ta-

2051 4051 2172 4090 men
2196 4051 2259 4091 ea
2289 4026 2579 4107 quadrant,
2612 4056 2733 4111 qua:
2775 4041 2843 4097 de
2875 4042 3150 4113 lapidibus
3200 4058 3425 4099 rursum
3462 4042 3618 4099 colli-

2048 4126 2236 4197 gendis
2268 4129 2501 4185 subinde
2523 4131 2818 4188 adduntur.
2844 4134 3103 4190 Protinus
3128 4135 3207 4190 ait
3232 4152 3247 4189 :

1915 4309 1943 4381 ς
1985 4308 2093 4366 vn.

362 4432 593 4501 ’Κοιρὸς
621 4436 728 4487 τοῦ
760 4434 1122 4501 περιλαϐεῖν,
1153 4434 1255 4489 καὶ
1297 4433 1503 4503 καιρὸς
1550 4434 1656 4489 τοῦ
1681 4449 1936 4503 paprr-

2123 4434 2229 4504 77
2261 4431 2426 4489 Vens.
2458 4434 2511 4488 6.
2538 4433 2932 4501 Tempestivitas
2990 4436 3350 4503 amplexandi,
3396 4446 3443 4491 et
3486 4446 3621 4490 tem-

763 4528 939 4597 θῆναι
969 4528 1088 4583 ἀπὸ
1111 4526 1577 4599 περιλήμμιιτος.

449 4640 492 4675 δ’
533 4640 698 4695 Matth
730 4657 807 4705 xt,
844 4640 949 4708 l7;
993 4639 1123 4697 Luc.
1154 4657 1255 4706 vn,
1286 4639 1379 4694 δᾶ.

452 4754 561 4826 (l6)
598 4755 757 4810 Rom.
817 4770 936 4826 xu,
998 4754 1085 4810 15.
1144 4753 1248 4826 Sed
1308 4755 1361 4808 in
1397 4752 1615 4826 nostris
1681 4748 1944 4826 exemplis

381 4820 639 4897 scriptum
676 4835 779 4887 est,
806 4824 1034 4897 Χαίρειν
1080 4824 1221 4897 μετά
1253 4824 1582 4895 χαιρόντων,
1616 4824 1711 4875 καὶ
1739 4820 1944 4873 κλαίειν

385 4895 865 4969 μετάῌκλαιόντων.

455 4966 567 5032 (l7)
598 4966 998 5033 Suppliciorum
1023 4966 1164 5035 apud
1214 4963 1470 5035 Hebraeos
1505 4973 1741 5035 quatuor
1776 4964 1945 5020 fuisse

384 5051 616 5107 genera,
657 5045 880 5107 annotat
919 5033 1149 5091 Drusius
1180 5035 1269 5105 (ad
1299 5034 1470 5107 Levit.
1496 5033 1590 5097 xix,
1623 5033 1732 5107 lli),
1758 5036 1945 5107 rsull‘o-

385 5103 675 5165 cationem.
709 5105 1165 5172 combustiouem,
1192 5103 1630 5174 ‘suspensionem,
1662 5103 1945 5175 lapidatio-

386 5192 542 5231 nem:
575 5176 908 5247 levissimum
951 5177 1144 5231 horum
1194 5176 1603 5231 sull‘ocationem
1630 5218 1645 5243 ,
1693 5178 1948 5247 gravissi-

388 5262 535 5299 mum
571 5245 985 5317 lapidationem,
1022 5250 1206 5317 itaque
1245 5263 1367 5301 cum
1419 5246 1592 5301 sacris
1631 5245 1945 5303 iu'Litteris

389 5318 651 5385 legimus:
689 5315 857 5369 Morte
898 5315 1231 5380 multabitur.
1250 5320 1315 5372 de
1353 5316 1706 5372 sullocatinne
1732 5333 1947 5371 sermo-

389 5404 509 5441 nem
542 5404 681 5449 esse,
726 5395 914 5441 contra
942 5404 1064 5441 cum
1109 5390 1357 5443 additur:
1394 5388 1624 5457 Sanguis
1652 5387 1765 5456 ejus
1790 5404 1947 5457 super

386 5474 526 5518 runt,
552 5457 1261 5529 lapidationemdesignari.
1296 5460 1453 5513 Tales
1487 5468 1663 5512 autem
1700 5458 1945 5523 formulae

389 5538 677 5581 occurrent
709 5529 801 5581 tibi
831 5527 1001 5581 Levit.
1039 5527 1131 5589 xx.
1165 5541 1215 5584 et
1246 5530 1397 5584 Deut.
1427 5545 1559 5584 xxu.

463 5600 531 5651 At
559 5600 788 5668 quaestio
815 5609 896 5653 est
917 5599 1249 5669 subobscura
1277 5603 1343 5655 de
1368 5603 1731 5655 adulterarum
1761 5615 1941 5669 paula,

393 5670 535 5735 quod
592 5685 785 5739 nempe
838 5670 890 5723 in
938 5668 1168 5741 Joannis
1231 5672 1516 5741 Evangelio
1564 5668 1822 5741 scriptum
1874 5673 1946 5729 sit

389 5746 537 5809 (cap.
574 5756 689 5801 vm,
724 5738 786 5795 ν.
824 5742 912 5807 5):
958 5738 1023 5793 In
1062 5740 1170 5811 lege
1201 5738 1626 5811 autem-Moyses
1673 5738 1944 5795 inundavit

2052 4525 2343 4591 pestivitas,
2372 4542 2477 4595 qua
2513 4525 2697 4595 procul
2729 4526 2795 4580 ab
2839 4527 3168 4596 amplexibus
3222 4526 3434 4582 recedas
3477 4529 3614 4600 (l8).

2050 4757 2163 4825 tuta
2196 4750 2407 4817 legitur,
2444 4753 2535 4825 sed
2584 4753 2637 4807 in
2667 4769 2992 4825 novercam,
3028 4769 3150 4824 qua
3199 4768 3322 4808 cum
3367 4754 3617 4825 privigno

2048 4820 2447 4889 adulterasset;
2479 4823 2604 4878 item
2633 4826 2686 4877 in
2724 4820 3147 4880 Deuteronoinio
3175 4820 3438 4878 adversus
3455 4820 3619 4893 sptin-

2050 4905 2165 4944 sam
2200 4902 2430 4963 tantum,
2460 4909 2583 4961 qua:
2609 4895 2677 4948 ab
2723 4895 2901 4950 alieno
2939 4909 3253 4963 compressa
3297 4902 3477 4956 esset,
3513 4910 3615 4949 nec

2048 4963 2307 5032 cumvim
2337 4962 2387 5015 ei
2432 4965 2641 5018 adulter
2673 4966 2923 5027 all‘erret,
2969 4962 3259 5019 clamasset
3286 5002 3301 5025 ,
3345 4964 3615 5032 siquidem

2052 5030 2106 5085 in
2143 5030 2363 5095 civitate
2383 5044 2712 5105 versaretur.
2736 5035 2914 5101 Quare
2941 5035 3163 5105 quidam
3190 5030 3438 5105 arbitrati
3463 5042 3613 5095 sunt.

2052 5115 2363 5175 sermonem
2414 5104 2468 5158 in
2515 5102 2811 5175 Evangelio
2855 5102 2977 5160 esse
3035 5105 3102 5160 de
3131 5102 3445 5175 _adnlter_a,
3493 5118 3617 5175 qua:

2054 5186 2255 5239 sponsa
2289 5172 2572 5228 etiamtum
2608 5172 2783 5230 esset:
2838 5175 2929 5229 alii
2963 5190 3087 5229 vero
3129 5173 3406 5243 Evangelii
3451 5172 3617 5229 verba

2054 5246 2135 5313 sic
2165 5256 2285 5297 esse
2321 5245 2583 5298 sumenda
2608 5246 2920 5311 duxerunt,
2955 5243 3109 5313 quasi
3161 5243 3366 5297 dictum
3429 5251 3615 5297 esset:

2054 5312 2227 5366 Moses
2269 5313 2398 5368 tales
2436 5316 2673 5384 prcecipit
2715 5326 2881 5368 morte
2935 5312 3150 5384 puniri,
3198 5329 3356 5384 quam
3396 5322 3619 5366 mortem

2052 5394 2344 5451 postremus
2390 5383 2514 5439 usus
2553 5386 2675 5453 fecit
2722 5383 3121 5453 lapidationem.
3166 5383 3432 5437 Nimirum
3479 5385 3621 5437 obti-

2054 5454 2240 5507 nuisse
2267 5469 2382 5511 mos
2405 5456 2614 5509 videtur
2650 5456 2958 5525 aliquando,
2986 5465 3047 5509 ut
3082 5454 3327 5525 adultera
3362 5456 3620 5523 quaelibet

2053 5540 2117 5577 ea
2151 5532 2326 5579 morte
2372 5526 2692 5580 alliceretnr.
2739 5524 2870 5579 Nam
2922 5525 3218 5580 Ezechielis
3258 5524 3363 5578 illa:
3418 5524 3617 5578 contir-

2044 5605 2197 5666 mant
2222 5595 2402 5658 minae,
2436 5612 2553 5663 cap.
2593 5613 2701 5660 xvr,
2735 5612 2784 5648 ν.
2809 5597 2911 5650 58:
2948 5595 3014 5648 Et
3033 5594 3289 5666 judicabo
3322 5605 3373 5666 te
3391 5593 3616 5666 judiciis

2044 5664 2407 5720 adulterarum
2432 5676 2480 5719 et
2508 5668 2888 5736 e/fundentium
2920 5664 3321 5736 sanguinem...
3349 5665 3415 5719 Et
3439 5665 3613 5736 addu-

2044 5747 2157 5789 cent
2185 5752 2340 5808 super
2379 5747 2426 5791 te
2474 5734 2863 5791 multitudinem
2891 5778 2905 5803 ,
2950 5746 2999 5791 et
3025 5734 3352 5804 'lapidabrml
3383 5744 3430 5789 te
3469 5735 3613 5803 lapi-

401 5812 544 5862 uobis
591 5810 891 5879 Itujusmodi
957 5809 1216 5880 lapidare.
1256 5815 1312 5866 lu
1356 5809 1592 5868 Levitico
1654 5823 1831 5867 autem
1878 5829 1941 5867 ca
2040 5809 2215 5862 dibus.

409 5896 560 5950 ιοωιιη
586 5899 690 5937 non
722 5887 987 5939 adversus
1028 5884 1302 5939 adulteras
1331 5898 1681 5955 quascunque
1734 5892 1939 5943 constt-

2116 5882 2222 5954 (l8)
2253 5879 2391 5935 LXX
2423 5881 2620 5941 habent
2655 5881 2759 5936 ἀπὸ
2790 5875 3155 5951 περιλήψεως.
