4172 6514
410 376 516 447 857

1470 378 1553 439 ΙΝ
1585 373 2160 439 ECCLESIASTEN-
2198 398 2266 412 ·-
2300 375 2445 436 LIB.
2481 376 2594 439 III.

3544 381 3687 449 8m

2001 486 2141 543 VIII.

483 593 698 663 Καιρὸς
768 593 876 649 τοῦ
936 592 1227 662 ζητῆσαι,
1288 593 1387 647 και
1440 592 1648 661 καιρὸς
1704 590 1809 644 τοῦ
1862 490 1977 642 ἀξ-

2102 490 2141 543 Ι.

2152 584 2318 640 Vens.
2360 591 2413 639 6.
2458 586 2849 656 Tempestivitas
2887 590 3215 658 acquirendi,
3254 600 3302 642 et
3339 592 3653 651 tempestivi-

414 688 645 741 ολέσαι.

485 778 549 830 Τί
581 778 853 848 ζητῆσαις
889 777 1095 846 Σοφίαν
1138 778 1233 832 καὶ
1265 776 1466 845 γνῶσιν
1517 774 1669 844 παρά
1704 772 1859 833 Θεοῦ,
1885 771 1985 839 τὴν

415 867 761 937 ἀνθρωπίνην
800 868 1003 940 δηλαδὴ
1053 868 1147 921 καὶ
1207 866 1388 937 πολλῷ
1437 867 1638 935 μᾶλλον
1674 865 1771 933 τὴν
1810 862 1986 927 θείαν,

414 958 483 1011 δι’
520 950 595 1010 ὧν
640 957 903 1028 σχοίημεν
954 960 1050 1012 καὶ
1110 958 1209 1029 τὴν
1260 958 1369 1011 τῶν
1426 958 1597 1010 ὄντων
1644 956 1983 1025 κατάληψινο

415 1048 510 1101 καὶ
544 1047 866 1118 δυνηθῶμεν
897 1053 1183 1108 κατανοεῖν
1211 1050 1322 1107 ἀπὸ
1350 1050 1450 1119 τῆς
1486 1048 1749 1117 καλλονῆς
1772 1048 1867 1101 καὶ
1892 1044 1987 1099 τοῦ

418 1140 685 1206 μεγέθους
712 1142 821 1193 τῶν
856 1142 1156 1213 ὁρωμένων
1184 1144 1506 1211 κτισμάτων
1556 1140 1647 1193 τὸν
1676 1139 1989 1209 ὑπέρκαλον

415 1232 757 1302 Δημιουργὸν
797 1233 892 1287 καὶ
923 1234 1055 1287 Θεὸν
1086 1234 1181 1291 καὶ
1224 1234 1502 1303 Δεσπότην
1526 1250 1539 1265 ο
1570 1230 1706 1287 ἀλλά
1733 1233 1827 1283 καὶ
1855 1231 1990 1301 πρὸς

416 1326 544 1386 τοὺς
597 1324 1026 1395 βρενθυομένους
1070 1332 1165 1380 καὶ
1212 1325 1600 1395 κομπάζοντας
1649 1326 1742 1377 ἐπὶ
1772 1326 1839 1396 τῇ
1900 1340 1993 1377 κοο

419 1418 591 1487 σμικῇ
628 1417 792 1488 σοφίᾳ
824 1419 916 1473 καὶ
939 1421 1004 1490 τῇ
1034 1419 1144 1474 τῶν
1188 1417 1422 1491 θύραθεν
1472 1416 1812 1488 μαθημάτων
1832 1415 1992 1485 δῆθεν

420 1510 735 1582 περιουσίᾳ,
766 1509 861 1562 καὶ
905 1509 1216 1572 λυττῶντας
1259 1510 1400 1563 κατά
1448 1508 1547 1576 τῆς
1591 1506 1849 1577 ἀληθείας
1894 1506 1992 1560 κα)⁹

416 1598 529 1651 τῶν
558 1600 858 1667 ὀρθοδὸξων
879 1602 1189 1669 δογμάτων,
1209 1600 1568 1672 ὲξισχύσομεν
1597 1599 1868 1655 ποιεῖσθαι
1893 1598 1991 1662 τὰς

419 1690 776 1763 ἀντιρρήσεις
838 1692 1220 1761 προσφόρους,
1246 1692 1340 1744 καὶ
1405 1692 1505 1751 τάς
1543 1688 1851 1749 ἁνασκευάς
1884 1688 1991 1739 τῶν

420 1784 713 1851 ἐριστικῶν
781 1784 1210 1856 προϐλημάτων.
1243 1785 1411 1838 ὐταν
1470 1783 1579 1852 γὰρ
1640 1779 1862 1851 τοιαύτη
1907 1796 1993 1841 τις

418 1873 626 1942 ἅμιλλα
657 1875 888 1943 γένηται
938 1876 1091 1946 παρὰ
1130 1874 1239 1927 τῶν
1266 1874 1582 1945 συνηγόρων
1607 1872 1701 1930 καὶ
1746 1871 1993 1925 συνιστόο

2091 686 2170 729 tas
2202 679 2471 741 perdendi.

2158 766 2298 833 Quid
2330 770 2688 838 acquirendi?
2722 772 3060 841 Sapientiam
3094 782 3150 827 et
3181 774 3545 843 cognitionem
3587 790 3655 830 es

2093 855 2222 920 Deo,
2266 856 2562 911 humanam
2608 861 2814 929 utique,
2862 863 3142 932 multoque
3186 864 3361 936 magis
3389 865 3654 929 divinam,

2090 966 2323 1019 quarum
2357 965 2459 1020 ope
2507 952 2920 1023 intelligentiam
2962 970 3181 1022 eorum,
3220 973 3344 1028 qua:
3374 972 3521 1022 sunt,
3565 974 3659 1014 as-

2090 1057 2419 1113 sequamur,
2484 1052 2540 1096 et
2586 1058 2650 1097 ex
2700 1046 3111 1115 pulchritudine
3163 1062 3229 1102 ac
3281 1048 3658 1119 magnitudine

2092 1137 2435 1191 conditarum
2469 1152 2673 1204 rerum,
2717 1154 2856 1208 quas
2900 1138 3077 1194 oculis
3121 1156 3473 1210 usurpamus,
3511 1143 3660 1196 tion-

2093 1230 2328 1284 ditorem
2362 1239 2415 1284 et
2452 1228 2619 1283 Deum
2639 1240 2801 1301 atque
2825 1229 3116 1286 Dominum
3137 1233 3299 1304 longe
3321 1235 3660 1302 praestantis-

2094 1321 2293 1375 simum
2323 1322 2683 1393 contemplari
2718 1323 2993 1392 possimus
3022 1340 3036 1376 :
3072 1334 3183 1377 tum
3213 1324 3380 1378 etiam
3410 1340 3505 1379 eos
3564 1327 3658 1396 qui

2095 1413 2239 1467 fastu
2274 1413 2424 1477 elati,
2480 1415 2769 1468 mundanae
2817 1414 3099 1483 sapientia:
3143 1425 3199 1470 et
3241 1415 3660 1485 disciplinarum

2093 1514 2444 1560 externarum
2482 1508 2637 1576 c0pia
2666 1506 3012 1576 superbiunt,
3046 1522 3109 1563 ac
3138 1523 3321 1562 veram
3347 1520 3663 1579 rectamque

2094 1596 2400 1650 doctrinam
2456 1596 2840 1662 insectantur,
2893 1595 3145 1651 refellere
3196 1606 3539 1667 Opportune,
3606 1608 3661 1653 et

2097 1692 2379 1760 Captioues
2431 1690 2675 1762 ipsorum
2745 1693 3025 1747 discutere
3077 1691 3377 1750 valeamus.
3434 1694 3661 1760 Quoties

2098 1784 2358 1837 nimirum
2389 1784 2457 1838 ab
2500 1784 2651 1839 hisce
2695 1785 2899 1839 erroris
2947 1783 3255 1839 fautoribus
3301 1800 3365 1838 ac
3414 1788 3661 1855 patronis

2098 1876 2152 1928 in
2181 1884 2457 1931 certamen
2488 1890 2768 1939 vocemur,
2799 1876 3080 1931 caelestem
3121 1892 3151 1928 a
3192 1876 3300 1928 Deo
3336 1878 3658 1946 sapientiam

420 1983 531 2037 ρων
557 1966 649 2019 τοῦ
679 1967 936 2037 ψεύδους,
966 1968 1071 2038 χρὴ
1100 1967 1195 2020 καὶ
1239 1969 1386 2039 ἡμᾶς
1425 1967 1607 2035 ζητεῖν
1655 1966 1809 2037 παρά
1858 1963 1992 2016 Θεοῦ

2099 1968 2400 2037 inquirere.
2421 1977 2477 2022 et
2499 1966 2750 2021 humana:
2776 1981 2999 2037 quoque
3026 1968 3307 2037 sapientia:
3324 1971 3661 2037 perceptioni

415 2058 517 2126 τὴν
546 2058 755 2113 ἀνωθεν
790 2059 985 2127 σοφίαν
1006 2076 1021 2089 ·
1051 2059 1428 2128 ἐπιμελεῖσθαι
1471 2058 1529 2111 δὲ
1563 2060 1657 2111 καὶ
1691 2058 1875 2128 ζητεῖν
1897 2058 1992 2112 καὶ

417 2150 517 2219 τὴν
555 2150 654 2219 τῆς
680 2149 1030 2221 ἀνθρωπίνης
1065 2149 1255 2219 σοφίας
1293 2148 1563 2220 ἀνάληψιν
1602 2150 1737 2220 πρὸς
1764 2150 1823 2201 τὸ
1855 2166 1991 2202 παν·-

418 2241 648 2310 ταχόθεν
680 2242 1008 2313 εὐδοκιμεῖν.
1034 2242 1128 2295 καὶ
1156 2245 1381 2312 κρατεῖν
1408 2242 1516 2295 τῶν
1544 2242 1854 2295 ἀντιπάλων
1890 2241 1987 2311 τῆς

422 2333 700 2403 ἀληθείας.
735 2335 904 2387 Ὅταν
960 2334 1016 2386 δὲ
1052 2335 1244 2405 καιρὸς
1307 2334 1535 2404 εἰρήνης
1598 2335 1693 2387 καὶ
1743 2333 1988 2403 γαλήνης

422 2426 590 2489 ἔστιν,
621 2426 833 2489 οὐδενὸς
867 2426 1329 2497 ἀναρριπίζοντος
1360 2429 1418 2479 ὲν
1453 2430 1520 2497 τῇ
1563 2426 1866 2496 Ἐκκλησία
1896 2424 1992 2477 τοῦ

425 2516 665 2585 Χριστοῦ
721 2516 966 2588 ταραχὰς
1021 2517 1115 2570 καὶ
1145 2515 1311 2582 ζάλας
1340 2516 1371 2587 ἢ
1405 2517 1726 2583 κακοδοξίας
1753 2516 1786 2587 ἢ
1811 2532 1993 2586 παρα-ο

428 2608 609 2679 μόνων
638 2608 815 2679 ἔργων
847 2610 947 2672 τὰς
994 2608 1340 2678 φαυλότητας
1382 2609 1475 2661 καὶ
1528 2606 1993 2677 πονηροπραξίας,

421 2699 731 2769 τηνικαῦτα
779 2700 884 2770 χρὴ
929 2700 1028 2769 τὴν
1066 2700 1164 2769 μὲν
1204 2698 1551 2770 ἀνθρωπίνην
1594 2700 1856 2753 ἀπολέσαι
1905 2717 1995 2754 σο-

424 2793 579 2857 φίαν,
607 2792 683 2853 ὡς
712 2794 915 2862 ἣκιστα
959 2792 1367 2857 λυσιτελοῦσαν,
1418 2794 1514 2847 καὶ
1547 2792 1759 2847 παῦλαν
1791 2794 1995 2847 mea.

422 2899 513 2936 ναι
537 2886 659 2945 ταῖς
683 2884 805 2938 κατ’
829 2884 1000 2955 αὐτὴν
1029 2887 1122 2939 καὶ
1152 2888 1280 2959 περὶ
1297 2886 1464 2958 αὐτὴν
1492 2887 1771 2957 ἀσχολίαις
1787 2905 1802 2919 ο
1824 2906 1994 2959 προσεῳ

422 2978 701 3044 ευκαιρεῖν
723 2976 780 3029 δὲ
809 2978 902 3029 καὶ
934 2979 1220 3048 σχολάζειν
1256 2980 1447 3049 μόναις
1490 2984 1610 3043 ταῖς
1662 2986 1999 3053 προσευχαῖς

2095 2078 2313 2131 operam
2349 2063 2480 2117 dare
2515 2077 2738 2117 necesse
2769 2074 2852 2117 est
2874 2103 2887 2127 ,
2915 2076 3025 2131 quo
3053 2062 3107 2115 in
3142 2062 3399 2118 omnibus
3424 2063 3659 2132 probati,

2094 2154 2341 2209 veritatis
2357 2155 2705 2209 adversarios
2724 2169 3064 2223 superemus.
3084 2155 3153 2209 At
3179 2170 3301 2207 cum
3327 2170 3427 2225 pax
3450 2157 3553 2209 erit
3577 2165 3662 2210 at-

2094 2262 2202 2316 que
2225 2247 2513 2312 serenitas,
2554 2245 2663 2316 79
2698 2254 2757 2300 ut
2784 2246 3083 2301 Ecclesiam
3115 2242 3320 2301 Clu-isti
3348 2247 3507 2301 nulla:
3533 2262 3663 2301 exa-

2098 2341 2271 2410 gitent
2298 2338 2493 2403 turbae,
2524 2340 2686 2393 nulla:
2714 2340 2986 2409 procella,
3012 2355 3119 2393 non
3145 2355 3325 2409 prava:
3350 2340 3660 2409 Opiniones,

2100 2447 2207 2489 non
2227 2446 2480 2501 perversa
2496 2440 2658 2501 atque
2681 2431 2923 2500 improba
2946 2431 3225 2486 hominum
3246 2432 3520 2499 facinora;
3547 2442 3660 2485 tum

2099 2536 2225 2576 vero
2244 2522 2537 2576 humanam
2560 2522 2785 2591 perdere
2802 2523 3125 2592 sapientiam
3150 2532 3384 2593 oportet,
3405 2533 3661 2593 tanquam

2099 2615 2328 2670 minime
2355 2613 2754 2685 proﬁcientem,
2804 2623 2859 2669 et
2909 2616 3129 2669 modum
3177 2616 3664 2670 exercitationibus

2100 2710 2168 2763 iis
2195 2724 2420 2779 ponere.
2455 2724 2595 2779 quas
2626 2708 2747 2778 ejus
2785 2724 2949 2763 causa
2982 2709 3337 2779 suscipimus,
3380 2717 3437 2762 ut
3466 2724 3665 2778 Oppor-

2100 2812 2230 2858 tune
2260 2802 2515 2872 precibus
2544 2812 2755 2856 tantum
2795 2812 2849 2856 et
2878 2801 3346 2857 obsecrationibus
3388 2817 3663 2867 vacemus,

2102 2911 2165 2952 ac
2205 2895 2473 2964 justitiam
2508 2905 2693 2950 sancte
2730 2896 2997 2960 colentes,
3041 2894 3281 2950 cmlestis
3313 2894 3463 2964 regni
3494 2894 3664 2946 haere-

2107 2987 2329 3043 ditatem
2370 2989 2742 3058 acquiramus.
2778 2988 2868 3041 Ait
2904 2988 3100 3042 deinde
3129 3005 3143 3041 :

423 3070 518 3124 καὶ
549 3069 804 3140 δεήσεσι,
834 3073 929 3126 καὶ
978 3072 1163 3143 ζητεῖν
1210 3075 1561 3146 κατορθῶσαι
1601 3076 1699 3148 τὴν
1732 3078 1825 3133 τοῦ
1856 3080 1992 3135 Θεοῦ
2062 3084 2412 3157 δικαιοσύνην
2437 3127 2454 3152 ,
2518 3087 2612 3140 καὶ
2657 3086 2759 3156 τὴν
2809 3085 3180 3156 κληρονομίαν
3221 3084 3403 3156 εὑρεῖν
3435 3083 3533 3151 τῆς
3559 3084 3667 3136 τῶν

425 3163 667 3232 οὐρανῶν
700 3165 999 3235 βασιλείας.
1028 3163 1164 3222 Εἶτά
1186 3184 1344 3240 φησιο

1967 3288 1993 3356 §
2023 3286 2112 3347 Ix.

500 3391 713 3457 Καιρὸς
776 3392 885 3445 τοῦ
936 3391 1231 3461 φυλάξαι,
1272 3396 1371 3447 καί
1416 3395 1623 3464 καιρὸς
1676 3398 1780 3452 τοῦ
1828 3400 1993 3454 ἐκϐα-

2172 3384 2564 3452 Τρηιρεειὶυἱιαδ
2605 3385 2960 3448 custodiendi,
3010 3393 3057 3439 et
3105 3386 3477 3453 tempestivitas
3517 3385 3670 3436 emit-

427 3480 580 3540 ,ιε-ἵν.

501 3577 566 3629 Τί
595 3576 865 3647 φυλάξαις
895 3579 1009 3643 Τάς
1044 3581 1105 3633 ὲν
1134 3579 1212 3651 τῷ
1236 3581 1426 3651 ἀγαθῷ
1455 3582 1718 3655 θησαυρῷ
1744 3587 1843 3656 τῆς
1864 3605 2001 3658 καρο

428 3668 544 3733 δίας
582 3672 952 3742 ἀποκειμένας
981 3673 1191 3740 ἀγαθὰς
1226 3676 1431 3739 ἐννοίας
1464 3676 1557 3729 καὶ
1582 3677 1753 3745 σοφάς
1777 3679 2001 3749 εἰσηγή-

434 3762 721 3825 σεις,δταν
776 3764 1143 3834 ἀνεπιτήδειοι
1193 3763 1497 3835 βλέπωνται
1543 3772 1745 3831 πάντες
1781 3769 1831 3821 οἱ
1880 3769 2002 3822 τοῦ·

430 3867 538 3904 των
575 3852 859 3921 μέλλοντες
898 3856 1148 3908 ὲπαῖεινο
1217 3855 1403 3919 καθὼς
1449 3858 1477 3909 ό
1531 3856 1737 3927 Κύριος
1792 3875 1999 3928 παρεγ-

432 3944 603 4015 γύησε
650 3944 846 4014 λέγων,
880 3964 899 3997 ι
932 3946 1023 4016 Μὴ
1058 3946 1257 4018 βάλητε
1303 3950 1432 4012 τοὺς
1466 3952 1809 4020 μαργαρίτας
1840 3952 1996 4022 ὑμῶν

432 4037 744 4107 ἔμπροσθεν
770 4038 878 4091 τῶν
906 4039 1123 4109 χοίρων,
1162 4040 1247 4091 ἵνα
1297 4041 1370 4110 μὴ
1414 4044 1874 4114 καταπατήσωσιν
1902 4047 1999 4097 αὐ-

430 4132 579 4191 τοὺς,
618 4130 715 4182 καὶ
745 4129 1079 4199 στραφέντες
1115 4131 1349 4201 ῥήξωσιν
1381 4133 1545 4202 ὑμᾶς.
1584 4153 1603 4185 ι

504 4219 657 4273 Ἔστι
676 4220 733 4274 δὲ
763 4221 927 4276 πάλιν
958 4224 1147 4293 καιρὸς
1180 4223 1465 4294 προσφυὴς
1496 4226 1587 4277 καὶ
1640 4226 1995 4297 κατάλληλος,

2106 3479 2266 3532 tendi.

2174 3570 2317 3637 Quid
2355 3570 2743 3651 custodiendi?
2770 3570 2952 3627 Bonas
2996 3571 3231 3635 scilicet,
3264 3586 3402 3640 quas
3435 3570 3488 3623 in
3528 3572 3673 3623 bono

2104 3666 2303 3720 mentis
2350 3666 2605 3720 thesauro
2656 3666 2904 3719 conditas
2958 3664 3258 3728 habemus,
3315 3662 3673 3733 cogitationes

2107 3765 2164 3811 et
2211 3758 2365 3827 plena
2414 3758 2698 3827 sapientia)
2740 3758 3089 3820 documenta,
3139 3754 3380 3825 quandiu
3425 3754 3517 3824 qui
3560 3755 3675 3807 haec

2107 3847 2345 3901 audituri
2376 3857 2525 3907 sunt,
2557 3847 2796 3901 nondum
2828 3846 3009 3900 idonei
3040 3845 3330 3899 videantur
3364 3861 3379 3900 :
3412 3844 3675 3914 quemad-

2107 3938 2331 3991 modum
2380 3948 2435 3991 et
2479 3937 2731 3992 Christus
2784 3936 3155 4007 praescripsit,
3204 3949 3330 3991 cum
3380 3936 3490 3989 ait:
3542 3953 3560 3986 ι
3597 3930 3675 3987 Ne

2106 4030 2336 4082 mittatis
2371 4029 2695 4098 margaritas
2729 4037 2941 4081 vestras
2986 4035 3112 4081 ante
3153 4041 3352 4096 porcos
3382 4068 3398 4091 ,
3442 4042 3510 4080 ne
3539 4042 3674 4081 con-

2105 4124 2323 4177 culcent
2352 4136 2469 4185 eas,
2498 4127 2555 4175 et
2587 4120 2837 4176 conversi
2863 4120 3181 4187 dirumpant
3218 4134 3315 4173 vos
3339 4118 3470 4191 (2i).
3508 4137 3527 4169 ι

2170 4220 2239 4271 At
2261 4225 2344 4271 est
2364 4231 2584 4286 quoque
2614 4230 2710 4269 sua
2739 4215 2911 4284 probo
2950 4214 3065 4266 viro
3104 4214 3499 4282 tempestivitas
3519 4253 3534 4279 ,
3569 4228 3674 4283 qua

431 4313 490 4371 ὲν
521 4306 564 4382 ᾧ
592 4314 621 4375 ὀ
647 4314 853 4383 ἀγαθὸς
888 4314 1170 4386 ἄνθρωπος
1211 4316 1272 4367 ὲκ
1316 4314 1412 4368 τοῦ
1462 4316 1666 4385 ἀγαθοῦ
1720 4316 1993 4389 θησαυροῦ

2113 4311 2180 4367 de
2217 4310 2362 4366 bono
2396 4309 2594 4364 mentis
2626 4308 2881 4362 thesauro
2913 4307 3055 4362 bona
3104 4321 3355 4376 supernae
3393 4307 3675 4361 charitatis

1881 4425 1896 4451 θ

434 4488 665 4561 longior,
699 4489 864 4561 modo
888 4489 1101 4545 brevior
1128 4499 1475 4554 occurreret,
1513 4490 1606 4546 sed
1638 4506 1781 4545 unus
1820 4492 1991 4547 idem-

2098 4491 2147 4561 οἱ
2178 4491 2285 4561 γάρ
2314 4489 2547 4561 τοιοῦτοι
2576 4488 2637 4561 οὐ
2671 4487 2831 4561 μόνον
2849 4486 3002 4541 οὐδὲν
3031 4486 3408 4561 κερδαίνουσιν
3440 4486 3548 4561 diro
3569 4487 3679 4540 τῶν

430 4556 539 4629 quo
569 4560 622 4614 in
669 4560 923 4617 omnibus
960 4562 1026 4614 ad
1077 4577 1176 4615 nos
1213 4563 1564 4631 pervenisset.
1616 4562 1883 4616 Caeterum
1918 4562 1990 4616 ob

2098 4556 2430 4631 λεγομένων,
2466 4559 2600 4631 ἀλλά
2628 4556 2721 4612 καὶ
2757 4559 2884 4621 τοὺς
2930 4556 3302 4631 ἀνεξετάστως
3329 4556 3680 4631 παραθέντας

430 4631 790 4700 Apocalypsin
832 4631 1169 4695 potissimum
1199 4630 1456 4698 Θεολόγον
1484 4634 1688 4686 dictum
1720 4631 1988 4691 Joannem

430 4700 711 4773 Bucherns
739 4701 878 4757 idem
910 4702 1164 4769 opinatur
1192 4701 1343 4767 (ibid.
1372 4717 1426 4773 7p.
1453 4701 1581 4764 850,
1623 4702 1651 4772 §
1691 4702 1808 4773 28),
1837 4712 1990 4757 ratus

2094 4628 2685 4701 tobg'xaiobgﬂmtisooc
2722 4632 3089 4701 μαργαρίτας,
3114 4631 3195 4691 είς
3239 4629 3301 4681 τὸ
3337 4628 3468 4681 αὐτὸ
3495 4629 3679 4701 αὐτοῖς

2098 4701 2371 4772 βάραθρον
2400 4700 2500 4772 τῆς
2522 4698 3434 4772 ἀπωλείαςπολλάκιςκατήγαγον.
3459 4698 3679 4772 Διδλχρῂ

431 4771 776 4863 ςίιτὶειίειιιοε
824 4779 1037 4851 veteres
1096 4774 1165 4825 ob
1215 4772 1443 4863 totJilla‘
1482 4769 1738 4863 mysteria
1767 4769 1986 4826 'nomen

2098 4769 2238 4863 μετά
2275 4769 2561 4858 ἀκριϐείας
2581 4770 2790 4863 ,ταῦταὸ
2806 4770 3350 4863 παραφυλάττεσθαι,
3383 4769 3487 4863 ῖνρΙ
3506 4770 3581 4839 μὴ
3603 4770 3678 4863 τά

430 4839 623 4896 Joanui
658 4842 1006 4909 imposuisse,
1041 4857 1151 4913 quo
1189 4840 1333 4909 apud
1360 4838 1570 4913 veteres
1604 4852 1772 4911 poetae
1811 4858 1989 4911 quan-

2098 4838 2236 4913 αὐτά
2261 4838 2375 4904 τοῖς
2427 4840 2530 4913 νῦνΔ
2570 4838 2933 4913 ἀπατηθεῖσιν
2984 4840 3375 4913 ὑπομένωμεν.
3434 4838 3513 4893 Id
3539 4838 3622 4913 est
3660 4857 3674 4893 :

433 4914 610 4982 doque
631 4921 686 4965 ct
716 4913 1024 4967 sacerdotes
1046 4912 1099 4966 et
1134 4912 1444 4980 philosophi
1474 4921 1526 4965 et
1560 4925 1769 4981 epoptae
1798 4914 1988 4982 appel-

438 4981 779 5038 latifuerant.
796 4982 961 5035 Atilla
980 4982 1325 5040 communior
1348 4982 1629 5036 doctorum
1648 4981 1939 5045 sententia,
1959 4998 1991 5037 a

435 5052 633 5108 divinis
658 5052 951 5106 tractandis
979 5068 1097 5105 eam
1122 5052 1195 5104 illi
1220 5052 1631 5119 appellationem
1653 5054 1991 5108 attributam.

507 5122 618 5189 (ει)
645 5120 832 5174 Matth.
859 5138 958 5180 vn.
985 5125 1039 5175 6.
1075 5122 1178 5175 Sed
1208 5123 1295 5176 hic
1329 5124 1526 5175 omissa
1559 5124 1647 5177 illa
1687 5128 1743 5177 ὲν
1766 5128 1877 5187 τοῖς
1906 5141 1995 5175 πο⁶

439 5190 524 5263 σὶν
550 5191 992 5263 αυτῶνηὸίιηὶιίει
1018 5210 1118 5246 nos
1141 5196 1296 5247 docet
1320 5192 1774 5263 Chrysostomus,
1817 5196 1997 5263 ipsum

439 5262 543 5319 hoc
572 5260 779 5331 Christi,
802 5261 1005 5316 dictum
1032 5264 1309 5331 praefatus.
1342 5260 1612 5317 Ait'enim
1644 5283 1659 5319 :
1705 5260 2004 5317 Ἀκουέτως

439 5350 536 5384 σαν
557 5332 608 5384 oi
838 5332 939 5419 ttat
956 5332 1277 5419 ’ἀδιαφόρως
1304 5332 1439 5419 πρὸς
1470 5333 1716 5419 ἅπανλτας
1739 5333 2003 5419 ,διαλεγό-

440 5419 609 5475 μενοι.
644 5402 778 5454 Οὐδὲ
810 5402 883 5468 γά
952 5404 1068 5455 ἐκεῖ
1112 5402 1239 5473 περὶ
1277 5402 1461 5475 χοίρου
1506 5404 1766 5475 αἰσθητοῦ
1805 5407 1833 5457 ὁ
1866 5405 2003 5473 Χρι-

438 5475 560 5557 στὸς
582 5472 752 5540 λέγει,
776 5422 917 5557 ait}:
929 5474 1054 5557 τρὺς
1080 5473 1360 5557 χοιρώδεις
1379 5474 1810 5557 τῶν-ἀνθρὼπων
1830 5475 2001 5557 αἰνιτ-

436 5545 697 5614 τόμενος,
716 5545 811 5595 καὶ
844 5543 1046 5614 ὁμοίως
1078 5543 1189 5614 τοῖς
1240 5544 1455 5614 ἀλόγοις
1481 5543 1990 5614 ὲγκυλινδουμένους

436 5614 512 5681 τῷ
549 5614 647 5683 τῆς
677 5613 951 5686 ἁμαρτίας
981 5612 1245 5686 βορόόρῳ,
1303 5613 1575 5686 παιδεύων
1616 5617 1762 5686 ἡμᾶς
1790 5612 1990 5686 εἰδέναι

439 5688 531 5759 καὶ
557 5683 881 5759 προσώπων
928 5683 1213 5759 διαφορὰν,
1256 5685 1348 5759 κα).
1384 5683 1668 5759 πολιτείας
1715 5685 1994 5759 ἐπιζητεῖν

437 5752 743 5826 ἀκρίϐειαν.
777 5753 939 5826 ἡνίκα
970 5752 1039 5806 ἂν
1063 5753 1156 5826 δέῃ
1185 5770 1237 5804 τι
1277 5755 1384 5806 τῶν
1417 5754 1575 5808 θείων
1604 5756 1800 5824 λογίων
1833 5758 2001 5807 ἐκκα-

439 5821 681 5887 λύπτειν,
715 5821 805 5883 ἵνα
822 5824 896 5899 μὴ
923 5821 1203 5886 κάκείνους
1223 5826 1316 5879 καὶ
1335 5826 1559 5890 ἑαυτοὺς
1580 5821 1966 5899 λυμαινὼμεθα
1985 5840 1997 5851 ·

2096 4912 2355 4974 Audiant,
2383 4911 2598 4982 quisiue
2619 4912 2922 4964 discrimine
2946 4911 3260 4982 simpliciter
3284 4926 3403 4982 cum
3431 4910 3676 4982 omnibus

2099 4978 2493 5053 colloquuntur.
2529 4978 2881 5053 Nequeemm
2912 4981 2983 5033 ibi
3031 4980 3275 5053 Christus
3332 4980 3394 5053 de
3437 4979 3677 5053 sensibili

2099 5051 2259 5123 porco
2290 5053 2557 5121 praecepit,
2593 5054 2681 5103 sed
2707 5052 2940 5123 homines
2975 5052 3207 5123 porcinis
3242 5052 3474 5123 moribus
3508 5051 3675 5119 signi-

2100 5120 2244 5193 ﬁcat.
2276 5126 2365 5192 qui
2398 5124 2534 5176 sicut
2562 5126 2720 5176 bruta
2756 5122 2851 5173 illa
2869 5124 2921 5173 in
2943 5122 3141 5189 peccati
3168 5122 3280 5193 luto
3310 5120 3674 5193 involvuntur,

2099 5191 2294 5247 docens
2314 5210 2430 5255 nos,
2480 5202 2538 5243 ut
2588 5207 2934 5259 personarum
2989 5192 3346 5245 diversitatem
3388 5191 3674 5260 dignosca-

2102 5281 2239 5328 mus,
2263 5272 2312 5316 et
2352 5265 2473 5315 vitta
2515 5262 2746 5315 rationes
2782 5261 3110 5328 inquiramus
3147 5301 3162 5325 ,
3207 5260 3419 5329 quando
3468 5260 3673 5329 aliquid

2100 5334 2407 5389 divinorum
2435 5332 2762 5402 eloquiorum
2809 5346 3231 5402 exponere‘opus
3270 5331 3433 5399 fuerit
3466 5372 3481 5397 ,
3530 5347 3592 5383 ne
3623 5340 3674 5385 et

2100 5404 2225 5458 illos
2254 5412 2302 5456 et
2328 5400 2695 5469 nosmetipsos
2728 5402 3005 5455 ltedamus.
3045 5400 3188 5456 Nam
3219 5402 3309 5469 qui
3358 5402 3491 5454 tales
3524 5411 3671 5467 sunt,

2105 5490 2206 5528 non
2238 5475 2410 5527 solum
2440 5472 2572 5525 nihil
2595 5472 2729 5524 lucri
2757 5487 2822 5527 ex
2868 5473 3026 5525 dictis
3059 5474 3273 5539 capiunt
3301 5512 3316 5535 ,
3350 5474 3440 5525 sed
3470 5481 3520 5525 et
3560 5488 3669 5537 eos,

2105 5546 2194 5613 qui
2225 5544 2389 5597 bonas
2416 5543 2540 5597 illas
2572 5544 2896 5612 margaritas
2924 5542 3117 5612 absque
3162 5542 3531 5611 disquisitione
3563 5542 3674 5595 illis

2105 5625 2504 5684 proposuerant,
2544 5614 2812 5684 secum_in
2839 5628 2950 5666 sua:
2990 5613 3302 5682 perditionis
3352 5614 3672 5682 profundum

2108 5682 2242 5753 sirpe
2276 5694 2664 5747 pertraxerunt.
2715 5682 2843 5738 Ideo
2876 5700 2994 5736 cum
3039 5685 3312 5753 diligentia
3353 5684 3677 5738 observanda

2111 5766 2230 5810 sunt
2262 5755 2389 5816 Iure,
2434 5771 2495 5825 ne
2527 5755 3025 5825 eademipatiamur.
3071 5772 3187 5825 qua:
3213 5754 3314 5819 illi,
3346 5756 3441 5822 qui
3469 5756 3554 5808 hic
3584 5755 3672 5808 de.

2114 5829 2245 5897 ceptt'
2276 5837 2415 5882 sunt.
2448 5824 2625 5897 (Tom.
2658 5824 2747 5890 IV,
2785 5825 2930 5883 hom.
2970 5826 3030 5879 I6
3060 5824 3112 5879 in
3146 5826 3303 5888 Gen.,
3346 5844 3398 5879 ιι.
3436 5828 3516 5894 2.)
