4172 6534
354 400 458 466 861
1410 409 1494 471 IN
1535 409 1917 473 ECCI.ESIAE

2021 414 2115 475 ΞΝ.
2154 442 2224 452 -
2258 416 2403 477 LIB.
2436 415 2554 478 ΙΙΙ.
3318 443 3322 447 ‘
3501 427 3609 491 862

355 512 604 583 σκέψεων
632 513 724 568 καὶ
766 513 866 586 τὴν
896 515 1178 587 ἀντίληψιν
1220 518 1355 593 πρὸς
1400 520 1541 575 αὐτὰ
1577 522 1672 575 καὶ
1696 521 1796 592 τὴν
1822 539 1917 593 κη-

2028 536 2132 590 est,
2168 526 2219 579 in
2249 528 2653 593 sollicitudine;
2679 527 2773 597 qui
2800 528 3109 593 miseretur,
3131 529 3183 584 in
3208 530 3477 588 hilaritate
3497 540 3599 595 ".s

350 600 604 672 δεμονίαν
629 602 1028 671 ἔπιδειξὼμεθα
1059 606 1154 660 καὶ
1182 606 1283 678 τὴν
1314 608 1604 679 πρόνοιαν·
1636 628 1655 661 ι
1709 610 1767 664 '0
1794 626 1917 682 προ-

2036 618 2173 671 dixit
2219 619 2456 685 quodam
2507 619 2563 672 in
2608 620 2729 673 loco
2777 618 2981 676 Paulus
3028 637 3256 693 magnus
3303 632 3604 695 apostolus.

350 696 644 766 ’ἱστάμενος
686 716 704 747 ι
747 698 876 768 γὰρ,
910 716 929 748 ι
972 699 1030 750 ὲν
1053 697 1281 768 σπουδῇ,
1314 700 1343 753 ὀ
1386 700 1588 766 ἐλεῶν,
1636 701 1694 755 ὲν
1742 702 1917 774 ἱλαρό-

2036 711 2198 765 Addit
2225 712 2417 766 deinde
2445 710 2809 769 Ecclesiastes
2838 730 2855 767 :

348 807 495 861 τητι,
535 809 555 841 ι
594 790 729 859 φησί
782 806 887 842 που
930 788 1141 854 Παῦλος
1173 790 1206 844 ὁ
1228 790 1408 861 μέγας
1437 793 1760 859 ἀπόστολος.
1788 791 1921 850 Εἶτά

349 901 517 953 φησιν
554 882 1009 953 Ἐκκλησιαστήςο

1899 994 2049 1072 5x1.

418 1115 631 1183 Καιρὸς
670 1114 778 1170 τοῦ
807 1113 1012 1185 σιγᾷν,
1048 1114 1150 1170 καὶ
1178 1116 1385 1184 καιρὸς
1411 1114 1519 1170 τοῦ
1546 1115 1782 1171 λαλεῖν.

2065 1109 2464 1178 Tempestivitas
2511 1108 2745 1171 tacendi,
2777 1117 2826 1161 et
2868 1110 3247 1177 tempestivitas
3292 1109 3561 1181 loquendi,

417 1207 624 1272 Ταῦτα,
654 1206 715 1260 τὸ
748 1205 933 1280 σιγᾷν
965 1207 1208 1277 δηλονότι
1241 1208 1336 1261 καὶ¹
1368 1207 1428 1259 τὸ
1483 1208 1719 1273 λαλεῖν,
1786 1225 1917 1278 συμ-

2095 1200 2242 1256 lstud
2295 1209 2466 1253 tacere
2500 1209 2664 1268 atque
2720 1200 2863 1255 istud
2915 1199 3062 1269 loqui
3117 1200 3170 1254 in
3220 1202 3600 1271 superioribus

347 1299 849 1369 περιλαμϐάνονται
878 1301 973 1354 καὶ
1004 1300 1595 1370 συμπεριέχονταιταῖς
1624 1299 1917 1371 διαιρέσεσι

2026 1291 2391 1345 divisionibus
2438 1299 2603 1360 atque
2646 1289 3162 1345 enumerationibus
3202 1292 3599 1360 comprehensa

346 1394 442 1446 καὶ
473 1394 595 1454 ταῖς
623 1390 1035 1463 ἁπαριθμήσεσι
1062 1390 1170 1443 τῶν
1201 1391 1509 1461 εἰρημένων
1543 1391 1759 1449 ἀνόπιν.
1807 1392 1923 1444 Πᾶν

348 1484 478 1555 γὰρ,
513 1484 541 1537 ὅ
575 1500 740 1554 φησιν
770 1484 857 1536 ἐπ’
892 1484 1142 1547 ἐκείνοις,
1179 1482 1398 1551 Καιρὸς
1427 1483 1533 1537 τοῦ
1556 1482 1765 1551 ῥῆξαι,
1826 1483 1921 1535 καὶ

346 1575 547 1642 καιρὸς
588 1574 691 1628 τοῦ
716 1570 1019 1643 φυλάξαι,
1055 1575 1150 1627 καὶ
1186 1575 1393 1642 καιρὸς
1445 1574 1555 1629 τοῦ
1614 1573 1917 1634 ἐκϐαλεῖν,

350 1669 443 1720 καὶ
469 1669 670 1741 καιρὸς
706 1666 813 1720 τοῦ
840 1664 1107 1733 ζητῆσαι,
1139 1668 1235 1720 καὶ
1281 1666 1487 1735 καιρὸς
1542 1666 1651 1720 τοῦ
1700 1664 1921 1720 ἀπολέ-

351 1742 478 1821 o'at,
514 1761 606 1813 καὶ
641 1759 710 1811 τὰ
748 1758 1048 1825 λελεγμένα
1074 1756 1287 1823 τούτοις
1323 1757 1742 1829 παραπλησίως,
1786 1757 1925 1826 μετὰ

347 1850 443 1902 τοῦ
476 1850 633 1922 σιγᾷν
659 1849 690 1920 ἢ
718 1848 811 1902 τοῦ
839 1850 1019 1906 λαλεῖν
1050 1851 1301 1919 γίνεσθαι
1331 1850 1618 1921 προδήλως
1670 1849 1923 1917 πεφύκα-

350 1962 453 1996 σιν.
494 1944 682 2007 Οὐδεὶς
715 1944 822 2015 γὰρ
886 1938 1000 2006 οἷός
1035 1944 1097 1996 τέ
1129 1945 1245 1997 ἐστι
1306 1941 1503 2016 δρᾷνῆ
1559 1938 1844 2011 διάρρηξιν
1884 1939 1916 2009 ἢ

350 2035 727 2105 συνάφειανμῆ
805 2035 1053 2106 φυλακὴν
1106 2035 1139 2106 ἢ
1213 2034 1467 2107 ἐκϐολὴν,
1514 2033 1549 2105 ἢ
1608 2035 1837 2105 ζήτησιν
1886 2031 1920 2102 ἢ

350 2124 649 2190 ἀπώλειαν,
682 2126 715 2196 ἢ
745 2126 1039 2197 περίληψιν
1068 2125 1101 2197 ἢ
1134 2126 1455 2201 μακρυσμδν
1499 2125 1608 2181 ἀπὸ
1641 2126 1911 2195 περιλημ-

352 2233 540 2282 ματος,
568 2216 689 2269 οὐδέ
720 2234 772 2269 τι
800 2216 909 2269 τῶν
941 2217 1020 2269 ἔτι
1052 2216 1483 2287 προειρημένων,
1506 2216 1555 2270 εί
1593 2214 1668 2286 μὴ
1695 2217 1924 2284 σιγήσας

349 2307 471 2361 καθ’
498 2307 745 2361 ἑκούσιον
775 2307 1048 2378 βούλησιν,
1078 2308 1110 2378 ἢ
1147 2309 1220 2378 μὴ
1251 2308 1489 2377 λαλήσας
1519 2305 1680 2360 πάλιν
1736 2304 1923 2358 εὐκαί-

354 2412 481 2473 ρως.
517 2394 686 2467 Εἴπερ
712 2397 819 2467 γὰρ
847 2396 972 2448 ἄνευ
1004 2396 1098 2448 τοῦ
1135 2396 1293 2465 σιγᾷν
1323 2393 1355 2464 ἢ
1386 2393 1484 2447 τοῦ
1519 2392 1703 2445 λαλεῖν
1733 2392 1793 2443 οὐ
1842 2390 1921 2442 δι-

351 2488 619 2555 έγνωσταί
648 2506 721 2553 τι,
747 2489 828 2551 τίς
850 2487 911 2540 τὸ
943 2486 1162 2541 σύνολον
1196 2488 1371 2539 ποιεῖν
1405 2487 1521 2558 έρεῖ
1544 2502 1596 2538 τι
1625 2484 1735 2537 τῶν
1786 2500 1922 2549 προ·

352 2578 696 2650 λελεγμένων
736 2577 1043 2645 συζυγιῶν;
1076 2578 1139 2630 Ei
1168 2577 1225 2630 δὲ
1268 2576 1446 2639 τοῦτο,
1503 2575 1619 2638 πῶς
1655 2572 1923 2637 ἰδιάζοντα

352 2672 541 2742 καιρὸν
572 2670 647 2739 τῷ
691 2672 847 2741 σιγᾷν
880 2671 976 2724 καὶ
1000 2669 1078 2741 τῷ
1110 2669 1290 2723 λαλεῖν
1334 2669 1364 2720 ὁ
1414 2668 1576 2737 σοφὸς
1627 2666 1923 2734 ἀπένειμεν

364 2765 796 2836 Ἐκκλησιαστής
821 2783 836 2831 ;
863 2767 911 2819 εἰ
950 2765 1058 2835 γὰρ
1089 2766 1318 2818 ἕκαστον
1348 2765 1455 2817 τῶν
1480 2763 1618 2817 κατὰ
1664 2760 1924 2827 συζυγίαν

352 2860 505 2929 παρὰ
554 2859 650 2911 τοῦ
721 2855 1151 2921 Ἐκκλησιαστοῦ
1214 2854 1555 2925 λελεγμένων
1594 2853 1655 2905 οὑ
1710 2852 1923 2919 πέφυκε

350 2949 597 3019 γίνεσθαι
620 2951 786 3023 χωρὶς
812 2949 905 3003 τοῦ
934 2949 1091 3021 σιγᾷν
1119 2947 1152 3019 ἢ
1184 2947 1278 3000 τοῦ
1300 2947 1500 3008 λαλεῖν,
1522 2946 1575 2997 τί
1605 2945 1804 3012 δήποτε
1830 2942 1925 2994 νῦν

2029 1380 2217 1447 utique
2264 1379 2583 1447 inclusaque
2635 1387 2805 1433 sunt:
2838 1393 2964 1431 nam
2996 1393 3119 1446 quae
3152 1379 3333 1434 verbis
3373 1379 3480 1437 illis
3522 1382 3598 1436 si-

2027 1470 2392 1540 gniﬁcantur,
2445 1469 2818 1538 tempestivitas
2850 1467 3152 1534 avellendi;
3207 1480 3280 1533 et,
3328 1471 3597 1539 tempesti-

2028 1561 2161 1614 vitas
2206 1561 2570 1621 custodiendi;
2618 1570 2692 1624 et,
2729 1562 3104 1628 tempestivitas
3149 1560 3464 1625 emittendi;
3516 1572 3592 1625 et,

2029 1649 2403 1717 tempestivitas
2432 1649 2745 1718 acquirendi
2768 1664 2788 1713 ;
2810 1659 2884 1713 et,
2917 1650 3290 1718 tempestivitas
3319 1650 3592 1719 perdendi,

2026 1753 2255 1808 quaeque
2291 1738 2376 1793 his
2404 1739 2608 1793 similia
2644 1739 2912 1794 hactenus
2941 1739 3254 1803 retulimus,
3283 1740 3467 1794 omnia
3520 1742 3596 1795 si—

2028 1832 2198 1886 lentio
2231 1839 2326 1885 aut
2373 1831 2590 1901 loquela
2642 1831 2829 1901 peragi
2864 1830 3218 1886 manifestum
3264 1840 3368 1886 est.
3411 1831 3599 1901 Neque

2024 1924 2171 1977 enim
2204 1923 2493 1993 quisquam
2526 1926 2658 1978 dare
2686 1938 2910 1992 operam
2960 1932 3158 1992 potest,
3188 1932 3247 1977 ut
3279 1924 3476 1978 avellat
3504 1937 3600 1980 aut

2025 2026 2276 2079 consuat,
2306 2015 2580 2071 custodiat
2602 2023 2697 2070 aut
2721 2016 2957 2080 emittat,
2985 2017 3233 2083 acquirat
3258 2026 3352 2070 aut
3383 2019 3594 2087 perdat,

2037 2106 2375 2177 amplexetur
2408 2106 2614 2161 aut-ab
2659 2107 3000 2177 amplexibus
3036 2108 3274 2171 recedat,
3318 2108 3405 2164 vel
3442 2110 3599 2164 deni-

2033 2214 2140 2268 que
2168 2198 2314 2253 aliud
2356 2198 2484 2268 quid
2526 2208 2651 2269 agat
2682 2214 3038 2268 eorum-qua:
3079 2200 3186 2255 huc
3240 2216 3415 2270 usque
3450 2202 3595 2256 dicta

2025 2298 2178 2353 sunt,
2211 2289 2344 2359 quin
2372 2299 2426 2343 et
2450 2289 2645 2343 silendi
2683 2305 2848 2359 quam
2899 2290 3134 2343 voluerit
3181 2289 3360 2359 legem
3396 2300 3592 2353 servet.

2022 2389 2075 2434 et
2105 2380 2243 2434 idem
2272 2394 2466 2436 rursus
2488 2394 2554 2432 ex
2584 2378 2989 2448 opportunitate
3022 2379 3300 2449 loquatur,
3326 2376 3594 2433 Nimirum

2026 2473 2071 2527 si
2121 2473 2258 2526 nihil
2294 2472 2413 2528 sine
2453 2471 2669 2526 silentio
2706 2479 2761 2525 et
2798 2471 3010 2541 loquela
3056 2470 3259 2525 factum
3308 2472 3592 2533 novimus.

2031 2564 2155 2633 quis
2179 2563 2282 2618 hoc
2318 2562 2422 2618 sibi
2454 2562 2678 2625 tribuat,
2710 2570 2771 2616 ut
2793 2563 3018 2617 omnino
3060 2562 3265 2631 aliquid
3295 2577 3361 2617 ex
3388 2562 3455 2617 iis
3476 2578 3597 2632 quae

2024 2654 2316 2722 conjuncta
2356 2654 2759 2719 recensuimus,
2790 2663 3052 2722 praestare
3083 2654 3189 2707 alia
3224 2647 3434 2708 ratione
3463 2670 3593 2723 pos-

2025 2747 2151 2800 sit?
2182 2746 2237 2800 ld
2264 2761 2394 2800 vero
2429 2745 2473 2799 si
2509 2744 2585 2799 ita
2615 2756 2719 2809 est,
2764 2746 3042 2815 quomodo
3080 2761 3236 2800 suam
3285 2746 3504 2801 silentio
3542 2754 3595 2799 et

2029 2838 2266 2908 loquelae
2296 2836 2772 2908 tempestivitatem
2797 2838 3017 2908 sapiens
3058 2837 3412 2893 Ecclesiastes
3442 2838 3598 2892 attri-

2027 2932 2174 2987 buit?
2203 2946 2436 3002 cumque
2464 2931 2600 2985 nihil
2626 2945 2692 2986 ex
2726 2932 2959 3001 iisquae
2992 2932 3081 2987 ille
3109 2930 3594 2994 commemoravit,

354 3041 663 3106 ἰδιαζόντως
709 3043 862 3115 φησὶ,
894 3058 916 3094 ι
954 3041 1162 3111 Καιρὸς
1190 3038 1285 3098 τοῦ
1317 3040 1474 3113 σιγᾷν
1500 3039 1596 3093 καὶ
1620 3034 1810 3109 καιρὸς
1826 3034 1917 3086 τοῦ

2027 3026 2145 3079 sine
2189 3024 2408 3079 silentio
2441 3032 2495 3078 et
2532 3024 2747 3093 loquela
2783 3024 2898 3078 ﬁeri
2935 3025 3046 3078 ullo
3089 3026 3248 3079 modo
3277 3024 3466 3093 possit,
3496 3038 3597 3077 cur

348 3134 532 3187 λαλεῖν
553 3150 567 3199 ;
611 3151 629 3183 ι

431 3304 571 3357 Ἀλλ’
604 3303 717 3374 ἔχει
745 3302 903 3358 λύσιν
930 3304 964 3373 ἡ
992 3301 1195 3375 ἀπορία
1221 3301 1479 3370 τοιαύτην
1508 3317 1521 3334 ⁸
1572 3301 1656 3359 ὅτι
1687 3299 1923 3352 ἕκαστον

353 3399 452 3471 μὶν
481 3397 588 3450 τῶν
619 3395 1068 3468 προλελεγμένων
1098 3394 1390 3465 συζυγιῶν,
1426 3395 1475 3445 εἰ
1505 3395 1599 3447 καὶ
1620 3395 1693 3463 μὴ
1708 3393 1920 3459 πέφυκε

349 3492 519 3563 χωρὶς
557 3491 650 3543 τοῦ
682 3491 840 3560 σιγᾷν
868 3489 903 3559 ἢ
926 3488 1020 3541 τοῦ
1055 3488 1257 3555 λαλεῖν¹
1282 3486 1396 3539 ἀλλ’
1429 3487 1487 3554 ἐξ
1533 3487 1735 3555 ἐτέρων
1788 3485 1921 3537 ὑποο

287 3604 290 3606 ν
346 3582 614 3651 κειμένων
644 3580 986 3651 πραγμάτων
1009 3578 1284 3648 λαμϐάνον
1314 3578 1523 3639 καὶτὰς
1552 3576 1746 3647 ἀρχὰς,
1779 3573 1921 3628 οὕτω

344 3675 559 3728 δίδωσιν
588 3671 806 3741 εὔλογον
844 3672 1118 3743 πρόφασιν
1151 3671 1228 3742 τῷ
1280 3670 1552 3745 ἀνθρώπῳ
1611 3669 1705 3722 τοῦ
1760 3670 1919 3738 σιγᾷν

346 3768 378 3836 ἢ
410 3767 500 3818 τοῦ
533 3766 712 3819 λαλεῖν
733 3781 748 3794 ο
782 3766 877 3818 καὶ
900 3766 1224 3835 προηγεῖται
1257 3762 1355 3833 μὲν
1386 3763 1421 3836 ἡ
1453 3761 1589 3837 πρὸς
1614 3761 1676 3813 τὸ
1705 3758 1921 3821 {most

349 3870 507 3922 μενον
544 3854 774 3923 πρᾶγμα
804 3850 986 3921 κρίσις
1014 3852 1112 3920 τῆς
1163 3852 1555 3921 προαιρέσεως,
1613 3851 1804 3903 ἕπεται
1861 3849 1918 3901 δὲ

344 3944 481 4013 πρὸς
528 3944 628 4014 τὴν
660 3945 717 3996 ἐν
755 3940 832 4010 τῷ
866 3944 1150 4012 πράγματι
1198 3939 1451 4011 βούλησιν
1480 3941 1540 3995 τὸ
1574 3942 1731 4010 σιγᾷν
1776 3940 1811 4008 ἢ
1857 3939 1918 3990 τὸ

360 4034 561 4086 λαλεῖνο
602 4027 734 4099 οἷον,
764 4031 952 4101 καιρός
979 4032 1096 4083 ἐστι
1127 4030 1217 4083 τοῦ
1246 4029 1477 4100 ζητῆσαι
1496 4046 1511 4065 ο
1548 4029 1722 4085 λαλῶν
1744 4031 1919 4086 ποιεῖ-

345 4146 434 4182 ται
463 4127 555 4189 τοῦ
592 4126 954 4199 προκειμένου
980 4125 1077 4196 τὴν
1119 4125 1346 4195 ζήτησιν
1377 4139 1392 4152 ·
1442 4126 1639 4194 καιρός
1664 4126 1778 4176 ἐστι
1820 4123 1914 4176 τοῦ

342 4219 634 4275 ἀπολέσαι·
668 4218 838 4288 σιγῶν
884 4217 981 4271 καὶ
1012 4216 1387 4287 παρασιωπῶν
1416 4218 1653 4269 ποιεῖται
1677 4216 1765 4270 διὰ
1817 4216 1917 4286 τῆς

343 4313 743 4384 παραϐλέψεως
780 4311 875 4365 καὶ
913 4310 1393 4381 παρασιωπήσεως
1458 4308 1553 4361 τοῦ
1589 4310 1915 4381 πράγματος

2028 3126 2207 3169 tamen
2248 3115 2335 3169 hic
2367 3115 2644 3184 sigillatim
2704 3117 3071 3185 pronuntiat:
3110 3135 3129 3167 ι
3179 3114 3597 3185 Tempestivitas

2024 3209 2237 3263 tacendi
2264 3218 2318 3263 et
2349 3208 2744 3277 tempestivitas
2778 3208 3073 3278 loquendi?
3107 3230 3127 3263 ι

2096 3299 2257 3368 Atqui
2280 3298 2680 3354 dubitationem
2710 3300 2870 3353 istam
2904 3300 3086 3360 tollas.
3118 3300 3163 3355 si
3197 3299 3597 3353 animadverte—

2024 3392 2122 3455 ris,
2164 3390 2378 3460 singula
2423 3390 2511 3444 illa
2539 3392 2711 3460 paria,
2736 3406 2855 3461 qua:
2895 3391 3148 3461 superius
3169 3390 3592 3452 enuntiavimus,

2022 3481 2124 3535 etsi
2158 3480 2260 3535 hoc
2306 3489 2497 3539 natura
2547 3481 2856 3550 requirunt,
2902 3490 2962 3537 ut
2993 3482 3224 3535 omnino
3254 3480 3470 3535 silentio
3502 3489 3597 3532 aut

2021 3573 2237 3642 loquela
2265 3573 2375 3642 82
2400 3571 2533 3626 ﬁant
2552 3612 2568 3639 ,
2596 3572 2875 3628 sictamen
2906 3573 3114 3627 homini
3149 3571 3352 3640 justam
3386 3569 3595 3624 tacemli

2021 3675 2117 3716 aut
2150 3662 2405 3732 loquendi
2430 3664 2774 3718 occasionem
2800 3663 2950 3730 dare,
2978 3671 3038 3716 ut
3067 3662 3179 3732 ipsa
3208 3664 3310 3717 hoc
3338 3670 3432 3716 aut
3464 3660 3594 3714 illud

2019 3756 2305 3811 exordium
2357 3756 2482 3810 aliis
2527 3771 2593 3810 ex
2633 3756 2800 3810 rebus
2836 3756 3077 3825 capiant,
3126 3771 3265 3825 quas
3319 3753 3595 3822 subjectus

2022 3848 2270 3902 habent:
2306 3855 2419 3900 tum
2458 3846 2729 3915 judicium
2782 3846 2999 3915 quidem
3050 3846 3199 3900 circa
3242 3860 3359 3899 rem
3412 3843 3595 3912 subje-

2021 3950 2161 3993 ctam
2192 3937 2513 3992 antecedere
2554 3937 2859 4002 voluntati;
2899 3937 3074 4007 ipsum
3115 3945 3295 3990 autem
3332 3942 3510 3990 tacere
3540 3944 3595 3987 et

2022 4032 2170 4107 loqui
2203 4041 2316 4087 tum
2347 4030 2634 4099 consequi,
2662 4044 2785 4083 cum
2814 4029 2926 4097 jam
2957 4027 3212 4082 voluntas
3241 4026 3295 4080 in
3318 4040 3377 4080 re
3405 4025 3592 4094 subje-

2020 4135 2104 4183 cta
2164 4132 2464 4183 versatur:
2508 4132 2567 4176 ut
2614 4122 2661 4177 si
2695 4121 3091 4191 tempestivitas
3125 4120 3197 4174 sit
3241 4118 3591 4188 acquirendi,

2018 4217 2249 4286 loquens
2291 4214 2371 4269 rei
2420 4213 2683 4284 subjecta:
2742 4212 3157 4283 inquisitionem
3214 4209 3503 4265 instituit:
3544 4209 3590 4263 si

2019 4305 2409 4376 tempestivitas
2438 4305 2508 4363 sit
2534 4304 2820 4375 perdendi,
2854 4304 3075 4359 silentio
3115 4313 3302 4359 tacens
3331 4318 3430 4373 per
3456 4318 3590 4357 con-

344 4408 442 4476 τὴν
501 4404 801 4463 ἀπώλειαν.
852 4403 1086 4473 Ὁμοίως
1114 4402 1171 4456 δὲ
1202 4403 1297 4457 καὶ
1328 4402 1413 4470 ἐφ’
1444 4403 1658 4473 ἑκάστῳ
1680 4402 1792 4455 τῶν
1814 4402 1911 4455 ἄλ-

2021 4399 2312 4455 niventiam
2337 4413 2401 4453 ac
2424 4397 2764 4452 reticentiam
2792 4397 2869 4451 rei
2890 4395 3243 4450 amissionem
3273 4394 3427 4449 facit.
3460 4392 3585 4448 Pari

342 4497 449 4550 λων
485 4496 816 4567 φιλοκρινεῖν
846 4512 931 4559 τις
971 4496 1040 4548 τὰ
1068 4494 1293 4548 τοιαῦτα
1342 4493 1686 4566 βουλόμενος,
1744 4496 1911 4566 εὑρή-

343 4608 427 4643 σει
454 4590 556 4660 τὴν
589 4589 711 4660 ἴσην
748 4589 843 4642 καὶ
873 4589 974 4658 τὴν
1002 4588 1174 4656 αὐτὴν
1196 4587 1470 4640 ἀπόδοσιν.
1517 4586 1781 4642 Ἐνταῦθα
1834 4587 1911 4653 δὲ,

341 4682 511 4758 χωρὶς
542 4680 702 4736 ἄλλου
733 4681 879 4744 τινὸς
914 4677 1382 4751 προῦποκειμένου
1442 4678 1765 4749 πράγματος
1822 4677 1914 4730 τοῦ

342 4772 851 4841 καταναγκάζοντος
880 4773 1038 4843 σιγᾷν
1067 4771 1101 4841 ἡ
1140 4770 1342 4833 λαλεῖν,
1374 4769 1506 4822 ἴδιον
1540 4769 1652 4839 ἔχει
1696 4770 1907 4841 καιρόν.

344 4866 457 4919 Καὶ
480 4865 628 4918 δοκεῖ
669 4863 829 4921 τοῦτό
864 4881 980 4927 πως
1018 4857 1158 4917 εἶναι
1204 4861 1640 4923 καθολικώτατον
1698 4862 1913 4917 πάντων

345 4958 454 5009 τῶν
486 4959 544 5011 ὲν
575 4956 653 5024 τῷ
697 4956 798 5028 βίῳ
830 4955 1192 5026 πραγμάτων.
1256 4956 1591 5027 Ἐνεργεῖται
1653 4956 1751 5025 μὲν
1804 4954 1912 5025 γὰρ

356 5050 450 5103 καὶ
480 5048 569 5102 ἐπὶ
602 5047 801 5119 πάσαις
830 5052 950 5111 ταῖς
1002 5046 1431 5123 προειρημέναις
1480 5047 1785 5115 συζυγίαις,
1836 5046 1912 5109 ὡς

344 5142 592 5211 ἔφοημεν
626 5142 1020 5206 είπόντες,τοῖς
1054 5140 1177 5199 νοῦν
1209 5140 1422 5210 ἔχουσιν
1456 5138 1788 5211 ὲρῤωμένον,
1817 5139 1914 5195 καὶ

342 5238 412 5288 τὰ
442 5234 723 5304 φωνητικὰ
740 5233 840 5305 τῆς
856 5234 1139 5298 διαλέξεως
1158 5234 1364 5305 δργανα
1386 5233 1619 5303 πάμπαν
1634 5231 1909 5301 ἀλώϐηταο

346 5327 837 5398 παραλαμϐάνεται
863 5326 921 5380 δὲ
949 5327 1043 5379 καὶ
1072 5328 1166 5378 ἐπὶ
1201 5328 1371 5379 πᾶσιν
1402 5325 1580 5386 ἄλλοις
1611 5326 1703 5377 καὶ
1755 5342 1916 5378 πνευ-

348 5423 599 5489 ματικοῖς
615 5421 708 5475 καὶ
729 5421 1081 5489 σωματικοῖς,
1114 5420 1209 5479 καὶ
1230 5418 1394 5482 θείοις
1421 5417 1515 5471 καὶ
1531 5416 1627 5471 ἀνθ
1637 5417 1910 5489 ρωπίνοις.

346 5516 587 5584 Ιιάρεστι
623 5510 719 5565 τοῦ
769 5511 1098 5580 καθευδῆσαι
1150 5511 1385 5582 καιρός;
1435 5510 1715 5564 ἀκολουθεί
1766 5527 1913 5579 τηνι-

345 5608 518 5659 καῦτα
543 5604 606 5657 τὸ
634 5604 793 5674 σιγᾷν
815 5603 1050 5664 πάντως.
1081 5602 1399 5673 Ἐξανέστης
1423 5601 1518 5655 τοῦ
1544 5600 1711 5654 ὕπνου
1746 5618 1760 5666 ;
1791 5601 1911 5654 τότε

344 5699 537 5769 καιρός
562 5700 676 5750 ἐστι
704 5696 799 5756 τοῦ
830 5696 1031 5755 λαλεῖν.
1058 5694 1469 5766 Προσελήλυθας
1491 5695 1551 5749 έν
1582 5694 1911 5765 προσήκοντι

360 5844 371 5854 ’
416 5854 458 5889 δκ
496 5854 650 5910 Rom.
690 5870 786 5918 xu,
816 5853 869 5909 8.

2019 4501 2200 4546 autem
2230 4490 2393 4546 modo
2433 4490 2487 4544 in
2521 4489 2756 4545 aliorum
2797 4489 3048 4560 singulis,
3085 4487 3133 4544 si
3176 4486 3299 4556 quis
3326 4487 3455 4542 talia
3484 4501 3590 4548 ,οχ-

2018 4584 2251 4654 pendere
2300 4582 2555 4645 voluerit,
2614 4582 2850 4637 similem
2887 4580 3244 4651 eamdemque
3293 4579 3588 4636 convenire

2015 4679 2453 4749 explanationem
2493 4680 2816 4749 comperiet.
2855 4676 2952 4734 Hic
2994 4692 3145 4744 vero,
3183 4676 3313 4746 quin
3343 4675 3451 4730 alia
3495 4690 3586 4730 res

2017 4772 2125 4826 ulla
2164 4771 2410 4840 subjecta
2452 4771 2547 4834 sit,
2575 4787 2697 4841 qua:
2727 4770 3113 4825 necessitatem
3151 4766 3344 4823 aderat
3371 4767 3582 4820 tacendi

2016 4874 2110 4923 aut
2148 4862 2432 4933 loquendi,
2460 4865 2680 4932 prOpria
2709 4864 2928 4934 utrique
2949 4862 3027 4917 rei
3061 4860 3460 4930 tempestivitas
3499 4872 3587 4912 as-

2019 4957 2285 5026 signatur.
2306 4954 2620 5024 Atquehaac
2646 4957 2757 5011 duo
2779 4958 2832 5011 in
2863 4956 3148 5010 hominum
3169 4952 3278 5007 vita
3303 4950 3437 5005 illud
3460 4963 3583 5004 esse

2014 5049 2419 5119 quodammodo
2474 5048 2749 5113 videntur,
2815 5048 2962 5119 quod
3009 5062 3078 5104 ex
3137 5043 3392 5099 omnibus
3422 5041 3585 5095 rebus

2016 5142 2261 5196 maxime
2296 5150 2498 5211 pateat.
2546 5139 2682 5197 Cum
2715 5140 2859 5194 enim
2898 5140 2952 5194 in
3000 5138 3231 5209 paribus
3261 5135 3371 5190 illis
3402 5134 3583 5189 omni-

2020 5237 2124 5290 bus
2168 5252 2288 5305 qua:
2310 5244 2467 5289 antea
2487 5234 2883 5296 recensuimus,
2910 5230 3179 5301 siquidem
3196 5237 3252 5284 et
3270 5243 3403 5283 sana
3430 5242 3587 5281 mens

2016 5330 2106 5393 sit,
2136 5337 2190 5383 et
2212 5328 2468 5399 loquendi
2502 5326 2732 5381 facultas
2754 5325 2995 5389 innoxia,
3030 5321 3327 5392 plurimum
3359 5318 3584 5383 valent;

2015 5431 2129 5474 tum
2163 5431 2215 5471 et
2237 5422 2411 5476 locum
2430 5419 2515 5471 his
2533 5433 2654 5471 esse
2675 5417 2885 5471 caeteris
2924 5416 2976 5469 in
3002 5416 3165 5471 rebus
3193 5421 3435 5483 apparet,
3469 5411 3587 5465 sive

2017 5513 2352 5582 spiritalibus
2381 5511 2496 5565 sive
2520 5508 2821 5577 corporeis,
2853 5508 2966 5563 sive
3004 5505 3208 5561 divinis
3247 5505 3361 5560 sive
3392 5504 3587 5556 huma-

2017 5608 2124 5658 nis.
2164 5602 2327 5673 Finge
2364 5601 2671 5656 dormiendi
2720 5600 2911 5654 horam
2953 5600 3142 5654 adesse
3178 5597 3330 5669 :jam
3389 5605 3444 5651 et
3486 5593 3585 5648 tibi

2015 5696 2235 5767 penitus
2266 5694 2553 5753 tacendum
2591 5703 2692 5750 est.
2726 5693 2795 5753 At
2844 5692 2891 5749 si
2930 5707 3124 5749 somno
3170 5688 3585 5761 expergefactus
