4172 6504
561 346 667 410 863

1689 350 1749 411 S.
1785 348 2164 413 GREGORII
2200 347 2709 410 AGRIGENTINI
2736 372 2739 373 ν

3704 346 3813 418 884

567 461 666 521 sis,
721 456 833 527 jam
878 454 1130 526 loquendi
1169 465 1252 512 est
1295 458 1711 528 tempestivitas.
1765 463 2130 519 Accessistine

2251 461 2411 533 ιαιρῷ
2445 462 2579 532 πρὸς
2608 461 2708 530 τὴν
2731 457 2839 511 τῶν
2877 457 3037 511 θείων
3096 457 3409 529 μυστηρίων
3470 460 3811 531 μετάληψινς

566 560 873 619 opportune
911 549 978 602 ad
1019 548 1197 603 divina
1228 551 1483 621 mysteria
1512 553 1928 623 participanda?
1956 554 2132 609 Silen-

570 641 705 695 tium
733 650 782 694 te
806 644 869 694 ac
886 641 1187 705 reticentia,
1215 642 1456 697 humano
1478 644 1725 713 quolibet
1745 661 1998 702 sermone
2021 646 2133 701 evi-

568 743 700 798 tato,
728 732 903 788 sacris
926 733 1245 803 peragendis
1268 744 1515 804 paratutu
1552 718 1855 805 praestabit.
1897 736 2130 792 Indulsi-

569 829 714 883 stine
740 826 925 895 pietati
956 834 1082 889 tum,
1114 842 1179 881 ac
1212 827 1430 881 nemine
1478 828 1856 899 interpellante
1888 829 2132 900 mysticis

570 917 763 971 olliciis
791 924 844 970 et
882 927 1067 971 sancta
1107 916 1367 972 libatione
1390 916 1678 973 defunctus
1715 919 1815 974 es?
1845 916 1964 973 Jam
1997 929 2135 975 tem-

569 1007 937 1075 pestivitatem
985 1005 1229 1075 arripere
1266 1015 1422 1073 potes
1450 1045 1466 1069 ,
1502 1016 1563 1060 ut
1610 1022 1675 1061 ca
1715 1022 1836 1076 quae
1889 1011 2043 1061 decet
2085 1017 2140 1061 et

569 1101 634 1149 de
669 1094 924 1148 humanis
953 1096 1119 1149 rebus
1141 1104 1195 1149 et
1214 1095 1282 1149 de
1308 1095 1591 1150 hominum
1622 1096 1851 1165 negotiis
1873 1095 2136 1163 loquaris.

576 1187 663 1240 sic
685 1196 739 1238 et
769 1185 823 1238 in
854 1184 977 1240 aliis
1008 1187 1194 1241 multis
1224 1187 1489 1256 reperies,
1508 1196 1687 1241 tacere
1710 1188 1791 1240 vel
1825 1186 1997 1258 loqui,
2029 1202 2137 1241 non

570 1279 744 1331 aliena
763 1294 826 1333 ex
859 1292 1047 1343 causa,
1080 1278 1172 1331 sed
1196 1279 1309 1332 suis
1342 1295 1372 1332 e
1393 1278 1679 1347 principiis
1711 1278 1979 1333 exsistere
2002 1278 2136 1348 (23).

639 1370 880 1424 Maxime
912 1379 1090 1425 autem
1116 1385 1178 1425 ac
1212 1370 1479 1439 praecipue
1512 1372 1911 1440 tempestivitas
1938 1381 2023 1426 est
2056 1380 2139 1425 ta-

570 1464 723 1518 cendi
743 1504 758 1529 ,
792 1480 915 1517 cum
947 1464 1239 1532 impiorum
1277 1464 1557 1518 hominum
1588 1480 1861 1535 praveque
1892 1465 2140 1520 sentien~

573 1559 705 1612 tium
746 1559 911 1612 corda
951 1557 1208 1611 adversus
1241 1556 1602 1610 orthodoxam
1651 1558 1809 1610 ﬁdem
1858 1565 1911 1611 et
1940 1558 2141 1613 verita-

571 1659 681 1705 tem
721 1657 773 1704 et
798 1650 1067 1720 justitiam
1104 1648 1287 1703 furore
1317 1648 1497 1704 eﬂ'erri
1532 1651 1797 1703 videmus.
1826 1648 1968 1704 Tum
1993 1651 2139 1704 enim

575 1744 814 1813 prudens
845 1751 899 1796 et
923 1741 1177 1796 cordatus
1196 1740 1461 1795 doctrinae
1483 1741 1808 1811 evangelica:
1833 1740 2141 1796 mensarius

2248 552 2310 606 Ἠ
2337 553 2463 623 σιγή
2498 569 2556 605 σε
2580 554 2674 604 καὶ
2700 551 2733 620 ἡ
2764 548 3190 620 παρασιώπησις
3238 550 3620 621 παραλήψεται
3674 555 3811 623 πρὸς

2233 648 2302 701 τὰ
2331 648 2453 700 θεῖα
2480 644 2802 699 διατεθέντα
2829 642 3119 706 εὐλαϐείας
3150 642 3259 696 ἀπὸ
3283 644 3463 714 πάσης
3487 643 3676 708 λαλιᾶς
3717 648 3813 701 ἀν.

2235 737 2537 807 θρωπίνης.
2576 734 2919 800 Ἐξετέλεσας
2949 735 3007 787 ὲν
3030 737 3097 804 τῇ
3153 736 3279 804 σιγῇ
3313 738 3380 805 τῇ
3420 734 3555 807 πρὸς
3598 736 3811 807 ἀνθρώ-

2236 844 2371 889 πους
2400 828 2498 897 τὴν
2527 826 2665 896 πρὸς
2691 824 2762 879 τὰ
2814 827 2933 879 θεῖα
2970 825 3151 879 νεῦσιν
3194 826 3290 883 καὶ
3321 824 3664 896 λειτουργίαν
3719 845 3817 897 μυ-

2239 919 2429 988 στικὴν
2458 920 2552 971 καὶ
2578 917 2880 989 μετάληψιν
2900 933 2915 982 ;
2939 917 3251 982 Λαμὸἀνεις
3273 917 3463 989 καιρὸν
3492 917 3582 970 τοῦ
3608 918 3815 983 λαλεῖν,

2236 1010 2272 1067 ἃ.
2298 1012 2378 1064 δεῖ
2403 1009 2603 1073 λαλεῖν,
2633 1010 2727 1061 καὶ
2758 1010 2886 1081 περὶ
2916 1009 3023 1062 τῶν
3065 1009 3425 1081 ἀνθρωπίνων
3472 1012 3819 1083 πραγμάτων,

2239 1106 2334 1157 καὶ
2366 1104 2690 1172 διοικήσεων
2714 1103 2852 1173 πρὸς
2885 1101 3224 1175 ἀνθρώπους.
3260 1103 3415 1156 Οὕτω
3442 1105 3577 1157 κάπὶ
3602 1106 3815 1167 πολλοῖς

2237 1194 2418 1257 ἄλλοις
2463 1194 2724 1262 εὑρήσεις
2764 1192 2826 1257 ἐξ
2861 1193 3047 1264 ἀρχῶν
3072 1192 3235 1257 ἰδίων,
3272 1194 3385 1251 ἀλλ’
3413 1194 3512 1249 οὐκ
3540 1196 3817 1267 ὲξὲτέρων

2238 1284 2428 1339 αἰτιῶν
2450 1284 2864 1354 λαμϐανόμενον
2892 1284 2953 1336 τὸ
2983 1284 3142 1351 σιγᾷν
3169 1283 3203 1354 ἢ
3225 1285 3285 1338 τὸ
3314 1284 3515 1340 λαλεῖν.

2308 1377 2555 1431 Μάλιστα
2578 1376 2633 1428 δὲ
2663 1376 2757 1431 xal.
2778 1377 3143 1447 διαφερόντως
3174 1377 3365 1448 καιρός
3392 1376 3613 1430 ὲστιτοῦ
3634 1381 3816 1448 σιγᾷν,

2239 1467 2366 1519 ὅταν
2394 1467 2625 1536 ὁρῶνται
2658 1468 3093 1539 φλεγμαίνουσαι
3145 1468 3254 1521 τῶν
3282 1469 3497 1522 ἀσεόὦν
3532 1471 3627 1523 καὶ
3650 1486 3818 1523 κακο-

2237 1558 2404 1622 δὸξων
2432 1560 2487 1611 al
2516 1560 2735 1631 καρδίαι
2763 1562 2905 1615 κατά
2925 1561 3023 1631 τῆς
3050 1561 3332 1631 ὀρθοδὸξου
3348 1563 3584 1626 πίστεως
3608 1564 3817 1633 καὶτῆς

2242 1650 2495 1719 ἀληθείας
2544 1651 2636 1703 καὶ
2664 1654 2762 1722 τῆς
2790 1652 3158 1722 δικαιοσύνης.
3194 1653 3502 1722 Καθυφίησι
3529 1654 3635 1725 γὰρ
3666 1672 3825 1725 τηνιη

2242 1744 2421 1796 καῦτα
2471 1745 2567 1797 καὶ
2596 1747 2939 1816 παρασιωπᾷ
2973 1746 3068 1800 καὶ
3100 1749 3227 1817 σιγᾷ
3254 1751 3346 1800 τῖον
3380 1747 3537 1816 λόγον
3564 1748 3664 1818 τῆς
3687 1751 3822 1818 ἀλη-

575 1831 819 1887 veritatis
856 1832 1020 1886 verba
1069 1845 1361 1900 parumper
1389 1830 1632 1885 continet
1673 1830 1781 1901 83
1823 1845 1885 1885 ac
1914 1831 2133 1885 silentio

2251 1833 2384 1898 laici;
2397 1834 2531 1907 πρὸς
2551 1836 3064 1907 μικρδνὸφρόνιμος
3078 1838 3172 1890 καὶ
3200 1839 3456 1909 νουνεχὴς
3485 1840 3818 1911 τραπεζίτης

574 1926 799 1994 premit;
828 1924 1285 1995 quemadmodum
1314 1932 1369 1980 et
1400 1923 1600 1978 Paulus
1649 1940 1881 1995 magnus
1915 1934 2139 1994 aposto-

576 2017 662 2072 lus
693 2017 799 2072 illis
847 2016 1030 2073 verbis
1079 2017 1452 2087 comprobavit
1491 2016 1602 2088 (24)
1641 2035 1655 2072 :
1711 2034 1729 2068 ι
1797 2015 2145 2072 Redimentes

575 2112 811 2172 tempus,
865 2105 1124 2174 quoniam
1157 2105 1273 2161 dies
1301 2106 1429 2160 mali
1458 2116 1584 2161 sunt
1612 2106 1691 2171 5';
1724 2124 1742 2157 ι
1776 2115 1830 2161 et
1872 2122 2089 2161 rursum
2130 2124 2145 2161 :

579 2213 600 2245 ι
640 2195 709 2251 Ut
742 2196 949 2262 sciatis,
989 2195 1268 2266 quomodo
1313 2207 1557 2266 oporteat
1588 2214 1683 2252 vos
1712 2197 2009 2266 unicuique
2053 2213 2147 2250 re-

573 2290 841 2357 spondere
868 2288 933 2342 “.
968 2308 986 2339 ι
1014 2288 1293 2358 Multoque
1320 2290 1470 2359 prius
1500 2305 1725 2357 magnus
1749 2290 1916 2343 Isaias
1946 2306 1959 2342 :
1990 2307 2008 2340 t
2040 2287 2148 2341 Do-

574 2381 757 2435 minus
787 2378 937 2433 dedit
972 2380 1107 2433 mihi
1156 2379 1420 2449 linguam,
1457 2391 1516 2434 ut
1564 2382 1732 2435 sciant
1775 2380 1998 2451 quando
2032 2395 2148 2435 ser-

575 2486 791 2524 tuonent
833 2470 1076 2540 proferre
1106 2481 1356 2541 oporteat
1383 2474 1452 2527 ⁵⁷.
1490 2490 1507 2522 ι

644 2561 782 2615 Cum
825 2579 957 2617 vero
1007 2563 1289 2633 paululum
1343 2563 1433 2617 ille
1472 2562 1706 2619 furentis
1764 2561 1937 2617 animi
1986 2572 2152 2633 atque

576 2656 767 2723 agitati
811 2655 1095 2725 rabidique
1151 2656 1330 2710 cordis
1375 2656 1531 2725 quasi
1577 2655 1744 2710 maris
1793 2663 1960 2710 aestus
2001 2656 2153 2710 detu-

578 2747 802 2811 iuuerit,
832 2758 944 2801 tttm
978 2764 1037 2802 se
1070 2749 1164 2802 tibi
1219 2749 1613 2818 tempestivitas
1660 2747 1818 2803 θεῖοι-ι
1869 2748 2148 2818 loquendi,

578 2848 635 2891 et
696 2840 946 2894 veritatis
993 2856 1059 2895 ac
1090 2841 1316 2909 justitia:
1356 2841 1730 2910 praedicanda,
1765 2848 1823 2893 ut
1865 2841 2152 2911 propheta:

578 2926 798 2983 Davidis
825 2931 1040 3000 sapiens
1062 2933 1359 2986 consilium
1391 2946 1620 3001 sequare
1640 2933 1872 2988 dicentis
1910 2952 1921 2987 :
1961 2953 1979 2985 ι
2017 2934 2151 2988 Cum

577 3023 1042 3090 opportunitatem
1099 3023 1395 3087 invenero,
1445 3041 1545 3095 ego
1594 3024 1841 3096 justitias
1894 3026 2153 3096 judicabo

581 3116 714 3184 (25),
756 3134 775 3166 ι
810 3113 1046 3169 Uteuim
1077 3117 1305 3170 minime
1358 3116 1491 3170 utile
1546 3124 1653 3181 est,
1686 3133 1812 3171 cum
1846 3118 2151 3172 vehementi

2246 1927 2343 1994 τῆς
2371 1926 2747 1996 Εὑαγγελικῆς
2776 1927 3137 1997 εἰσηγήσεως.
3169 1929 3340 1982 Τοῦτο
3354 1931 3461 2001 γὰρ
3479 1932 3710 2000 ἐμπεδοί
3728 1935 3822 1984 καὶ

2247 2016 2457 2081 Παῦλος
2497 2018 2524 2069 ὁ
2561 2019 2734 2091 μέγας
2767 2018 3064 2082 ἀπόστολος
3089 2020 3315 2089 φάσκων
3338 2036 3353 2051 ο
3391 2039 3409 2072 ι
3455 2019 3819 2093 Ἐξαγοραζόφ

2250 2124 2398 2178 μενοι
2428 2108 2517 2160 τὸν
2549 2108 2765 2177 καιρὸν,
2794 2108 2875 2161 ὅτι
2905 2108 2960 2160 al
2993 2109 3200 2179 ἡμέραι
3228 2112 3465 2180 πονηραί
3486 2114 3616 2163 εἱσι.
3651 2130 3669 2160 ι
3709 2112 3823 2164 Καὶ

2246 2199 2430 2261 πάλιν,
2468 2218 2486 2249 ι
2528 2198 2763 2257 Εἰδὲναι.
2797 2198 2915 2262 πῶς
2982 2200 3064 2253 δεῖ
3126 2200 3208 2251 ἐνὶ
3261 2198 3475 2265 ἑκάστῳ
3528 2201 3832 2271 ἀποκρίνεσ.

2250 2289 2394 2343 σθαι.
2442 2310 2461 2343 ›
2519 2291 2627 2343 Καὶ
2660 2290 2833 2343 πολλά
2886 2290 2944 2345 δὲ
2995 2288 3189 2361 πρώην
3242 2293 3270 2344 ὁ
3320 2291 3493 2363 μέγας
3551 2292 3823 2357 Ἦσαϊαςο

2256 2401 2275 2433 ι
2306 2382 2509 2452 Κύριος
2532 2381 2716 2436 δίδωσί
2753 2400 2843 2453 μοι
2882 2382 3139 2451 γλῶσσαν
3182 2383 3463 2446 παιδείας,
3494 2383 3590 2436 τοῦ
3619 2384 3822 2451 γνῶναι

2248 2474 2409 2546 ἡνίκα
2434 2474 2515 2527 δεῖ
2552 2477 2729 2528 εἰπεῖν
2768 2473 2948 2542 λόγον.
2993 2493 3010 2525 ι

2321 2566 2491 2619 Ὅταν
2517 2566 2573 2618 δὲ
2623 2566 2850 2639 λωφήσῃ
2897 2566 3001 2619 κᾶν
3036 2566 3174 2636 πρὸς
3223 2565 3394 2638 βραχὺ
3447 2568 3547 2638 τῆς
3586 2586 3832 2640 φριμασε

2250 2655 2487 2727 σομὲνης
2522 2657 2619 2709 καὶ
2645 2656 3066 2727 ταραττομένης
3124 2660 3219 2710 καὶ
3268 2656 3551 2725 λυττώσης
3604 2661 3829 2729 καρδίας

2251 2751 2347 2802 καὶ
2380 2750 2775 2819 προαιρέσεως,
2809 2745 2919 2802 οἷόν
2948 2765 3093 2812 τινος
3125 2749 3444 2819 θαλάσσηςδ
3467 2750 3647 2816 σάλος,
3685 2751 3835 2823 ἔχεις.

2250 2839 2552 2912 τηνικαῦτα
2587 2841 2780 2911 καιρὸν
2806 2839 2901 2894 τοῦ
2954 2839 3135 2894 λαλεῖν
3166 2842 3257 2894 καὶ
3288 2840 3584 2913 κηρύττειν
3614 2843 3704 2896 τὸν
3738 2844 3827 2895 λό-

2251 2951 2349 3004 γον
2386 2935 2484 3003 τῆς
2517 2932 2776 3003 ἀληθείας
2797 2936 2891 2987 καὶ
2916 2934 3016 3004 τῆς
3042 2934 3418 3004 δικαιοσύνης,
3455 2934 3533 3004 τῷ
3561 2939 3816 3007 προφήτῃ

2253 3026 2415 3080 Δαϐἰδ
2455 3024 2604 3095 σοφῷ
2638 3024 2933 3095 συμὸούλῳ
2961 3024 3308 3096 χρησάμενος
3332 3039 3347 3055 ⁶
3382 3042 3401 3076 ι
3436 3026 3607 3079 Ὅταν
3649 3047 3668 3078 ι
3694 3028 3835 3098 γὰρ,

2255 3116 2439 3185 φησὶν,
2472 3135 2489 3164 ι
2522 3113 2698 3183 εὑρὼν
2726 3114 2920 3184 καιρὸν
2952 3112 3064 3183 ἐγὼ
3092 3112 3399 3184 εύθύτητας
3428 3115 3619 3184 κρίνω.
3678 3132 3697 3165 ι
3743 3114 3829 3177 Ὠς

581 3212 815 3280 procella
856 3226 1019 3280 quam
1053 3212 1316 3266 latissime
1369 3227 1518 3264 mare
1569 3224 1815 3275 vexatur,
1845 3212 2148 3279 navigatio-

2254 3208 2362 3277 γὰρ
2395 3209 2495 3260 οὐκ
2523 3207 2641 3259 ἔστι
2672 3206 2969 3268 λυσιτελὲς,
3006 3205 3100 3260 τοῦ
3143 3206 3513 3276 σφοδροτάτου
3561 3205 3830 3270 κλύδωνος

581 3315 706 3356 tteut
755 3300 1054 3369 suscipere,
1104 3299 1254 3367 quod
1295 3300 1397 3353 nisi
1455 3301 1681 3353 demens
1722 3300 1919 3353 audeat
1959 3315 2153 3365 nemo;

581 3390 656 3445 ita
682 3406 804 3445 eum
834 3390 1051 3459 justitia
1095 3399 1261 3460 atque
1300 3389 1476 3459 pietas
1516 3389 1799 3457 iniustitia:
1827 3400 1881 3443 et
1911 3390 2158 3460 impieta-

584 3486 658 3537 tis
687 3482 739 3536 vi
762 3482 1112 3552 opprimitur,
1150 3481 1235 3535 vel
1282 3482 1541 3552 petentia:
1580 3496 1645 3535 ac
1692 3481 2005 3551 tyrannidis
2038 3482 2157 3536 vio-

582 3574 747 3628 lentia
784 3573 1093 3629 vastitatem
1147 3584 1311 3643 atque
1360 3574 1676 3629 incendium
1728 3575 1981 3641 intentat,
2044 3590 2160 3629 ser-

584 3680 798 3720 monem
830 3665 956 3735 quis
988 3666 1299 3721 liberiorem
1324 3675 1585 3738 tauquam
1615 3666 1863 3735 gladium
1893 3666 2156 3736 intempe-

584 3760 721 3814 stive
753 3760 1065 3829 distringat,
1109 3769 1202 3814 aut
1235 3759 1480 3815 veritatis
1523 3759 1756 3814 imbrem
1791 3758 2060 3814 demittat.
2083 3760 2155 3815 At

584 3862 776 3907 contra
812 3862 957 3907 recte
982 3855 1230 3919 omnino,
1263 3862 1553 3924 postquam
1577 3868 1880 3923 parumper
1911 3854 2152 3923 seipsum

586 3945 809 4001 silentio
835 3954 888 3999 et
926 3944 1294 3999 taciturnitate
1316 3945 1383 3999 ab
1409 3945 1758 4016 obiurgando
1788 3944 2150 4009 continuerit,

585 4054 773 4093 vocem
823 4037 1073 4105 denique,
1116 4046 1330 4106 arrepta
1365 4037 1676 4101 occasione,
1726 4038 1891 4107 quasi
1945 4038 2155 4103 tubam,

587 4130 872 4184 contendet
916 4128 1060 4201 (26):
1087 4129 1548 4199 quemadmodum
1574 4143 1805 4199 magnus
1840 4128 2005 4183 Isaias
2033 4127 2145 4201 84

655 4242 701 4273 ⁸³
734 4240 930 4311 Ephcs.
969 4255 1022 4301 v,
1053 4239 1137 4293 l6.
1214 4240 1259 4271 ⁸⁸
1293 4238 1500 4294 Coloss.
1521 4255 1594 4303 tv,
1625 4239 1679 4294 6.
1753 4240 1797 4271 "
1831 4239 1937 4293 lsa.
1963 4256 2015 4303 t.,
2038 4239 2092 4292 4.

658 4355 767 4423 (‘25)
792 4374 807 4405 ι
839 4356 1228 4425 Pythagoricos
1248 4369 1396 4416 reor,
1414 4352 1983 4423 inquitﬂteronymus,
2009 4369 2143 4422 quo-

2257 3300 2315 3352 ὲν
2339 3301 2406 3369 τῇ
2434 3298 2678 3371 θαλάσσῃ
2717 3297 3212 3367 κατακρατοῦντος,
3246 3299 3303 3351 ἐν
3358 3298 3494 3368 αὐτῇ
3532 3297 3777 3350 διαπλεῖν
3812 3314 3827 3325 ·

2256 3389 2415 3443 τοῦτο
2482 3390 2591 3459 γὰρ
2659 3389 2769 3443 τῶν
2831 3390 3076 3458 ἀνοήτων
3146 3388 3297 3441 ἐστίν
3361 3388 3502 3441 οὓτω
3551 3388 3673 3441 οῦδὲ
3732 3388 3831 3457 τῆς

2258 3482 2474 3545 ἀδικίας
2540 3482 2633 3535 καὶ
2686 3482 2787 3552 τῆς
2837 3482 3093 3545 ἀσεϐείας
3176 3480 3682 3553 παρευδοκιμούσης
3732 3482 3833 3552 τὴν

2260 3574 2538 3626 εὐσέϐειαν
2610 3574 2705 3626 καὶ
2751 3573 2847 3643 τὴν
2898 3572 3269 3644 δικαιοσύνην,
3321 3574 3416 3627 καὶ
3464 3574 3845 3643 σφοδροτάτην,

2262 3668 2726 3740 ἀναρριπιζούσης
2757 3668 2856 3738 τὴν
2892 3667 3167 3740 πυρκαϊὰν
3207 3667 3303 3720 καὶ
3351 3669 3449 3738 τὴν
3511 3668 3686 3736 φλόγα
3733 3667 3832 3736 τῆς

2267 3761 2402 3825 ιδίας
2458 3761 3031 3824 καταδυναστείαςκαὶ
3079 3760 3413 3832 τυραννίδος,
3466 3759 3656 3831 καιρός
3715 3762 3833 3813 ἔστι

2264 3854 2572 3926 πρόσφορος
2602 3853 2891 3924 γυμνῶσαι
2956 3853 3059 3924 τῆς
3113 3854 3428 3927 παρρησίας
3472 3853 3572 3925 τὴν
3630 3852 3832 3923 μάχαι-

2265 3961 2387 4016 ραν,
2423 3946 2516 3998 καὶ
2539 3945 2629 3997 τὸν
2655 3944 2863 4015 ὄμϐρον
2892 3939 3022 3999 ῦσαι
3052 3945 3151 4016 τῆς
3195 3944 3454 4015 ἀληθείας
3487 3961 3502 3976 ⁶
3550 3944 3689 3998 ἀλλά
3754 3943 3836 3996 δεῖ

2264 4037 2401 4108 πρὸς
2453 4037 2626 4109 βραχὺ
2691 4037 3058 4100 συσταλέντας
3089 4039 3149 4089 ὲν
3221 4039 3288 4107 τῇ
3330 4038 3457 4107 σιγῇ
3508 4037 3604 4088 καὶ
3654 4051 3831 4104 παρα-

2263 4131 2526 4201 σιωπήσει
2552 4130 2658 4182 τῶν
2688 4129 2822 4201 πρὸς
2850 4129 3047 4193 αὐτοὺς
3081 4129 3344 4200 ἐλέγχων,
3377 4130 3656 4203 εὐκαίρως
3694 4129 3829 4181 ἀνα-

2246 4352 2544 4407 redemisse.
2590 4348 2680 4403 Ita
2725 4361 2780 4403 tu
2833 4365 3037 4419 quoque
3067 4350 3281 4403 domum
3311 4349 3469 4403 habes
3498 4367 3743 4418 magnam
3778 4362 3827 4406 et

588 4422 1006 4504 ruut_disci_plitta
1022 4422 1301 4504 esttacere
1321 4440 1410 4492 per
1428 4422 2144 4504 qttutqucnnium,etpostea
2177 4432 2219 4487 ι)
2246 4424 2401 4504 [idem
2429 4439 2603 4474 verum
2632 4437 2649 4473 :
2681 4423 2999 4489 irrumpunt,
3053 4432 3111 4504 ut
3154 4422 3330 4473 omnia
3385 4423 3667 4504 accipiant"
3690 4438 3708 4504 ,ς
3758 4426 3828 4477 da

586 4496 1025 4563 erlldilos‘lnqttt,
1054 4495 1178 4547 hinc
1203 4496 1468 4563 originem
1498 4496 1580 4547 sui
1616 4497 1847 4547 traxisse
1878 4494 2136 4547 decreti.)

660 4564 771 4634 (24)
811 4561 943 4617 Nou'
966 4564 1219 4618 dissentit
1256 4561 1703 4634 Chrysostomus,
1757 4564 1936 4617 locum
1997 4564 2143 4618 hunc

588 4635 831 4704 Aposmli
860 4635 1135 4703 explicans
1176 4652 1189 4687 :
1232 4634 1363 4687 illud
1393 4638 1534 4704 enim
1579 4647 1634 4689 et
1665 4636 1777 4703 ipse
1800 4634 1981 4697 docet,
2015 4649 2142 4689 cum

588 4703 659 4760 ab
691 4704 1017 4759 adversariis
1056 4707 1372 4771 premimur.
1415 4703 1466 4758 id
1511 4719 1608 4760 nos
1654 4706 1995 4774 p0tissimum
2053 4721 2149 4758 ru-

590 4791 713 4830 rare
742 4786 1013 4843 oportere,
1050 4790 1116 4828 ne
1168 4776 1270 4829 lide
1322 4774 1556 4845 prodita,
1602 4790 1745 4841 eam,
1787 4790 1894 4845 qua
1932 4775 2146 4830 animus

589 4847 743 4919 vivit,
775 4836 940 4919 vitam
966 4850 1279 4919 amittamus
1373 4836 1626 4919 usque;
1664 4836 1963 4919 inquit,_'sb
1991 4846 2147 4919 elpq—

590 4916 789 5007 μένοι]
815 4918 950 5007 Φέρε
998 4913 1137 5007 οῦν.)
1173 4918 1278 5007 ιέπὶΙ
1312 4915 1709 5007 ὑποδείγματος
1741 4913 2147 5007 inutilem—attito

588 4987 842 5058 φανερόν.
892 4986 1171 5058 Ἐννόησόν
1191 4988 1279 5057 μοί
1305 5005 1428 5040 τινα
1453 4986 1631 5043 οἰκίαν
1658 4987 1851 5058 ἔχοντα
1870 4986 2147 5056 λαμπρὰν,

591 5053 709 5112 εἷτά
738 5074 888 5121 τινας
942 5057 1451 5128 ὲπεισερχομένους,
1511 5056 1653 5111 ὥστε
1699 5057 1860 5111 αὐτὸν
1918 5058 2148 5121 ἀνελεῖν,

593 5130 842 5199 κάκεῖνον
874 5128 1045 5181 πολλά
1091 5127 1323 5193 διδόντα,
1372 5131 1467 5181 καὶ
1507 5127 1893 5199 ἐξαιρούμενον
1926 5129 2113 5181 ἑαυτόν
2134 5144 2148 5158 ο

589 5199 714 5251 τότε
750 5198 999 5268 λέγομεν,
1027 5199 1107 5251 ὅτι
1141 5199 1474 5268 ἐξηγόρασεν
1508 5198 1909 5253 ὲαυτόν.οὓτω
1939 5200 2034 5251 καὶ
2086 5198 2150 5251 σὺ

589 5270 771 5341 οἰκίαν
796 5270 939 5339 ἔχεις
976 5270 1237 5339 μεγάλην,
1258 5274 1352 5324 καὶ
1375 5270 1555 5341 πίστιν
1587 5270 1782 5341 ἀληθῆ.
1800 5269 2152 5340 Ἐπέρχονται

591 5339 950 5413 ὥστελλαόεῖν
973 5342 1183 5413 πάντα.
1200 5342 1297 5404 Δὸς
1321 5340 1496 5413 ὁτιοῦν
1517 5340 1580 5393 ἂν
1607 5339 1887 5413 ἀπαιτήσῃ
1916 5339 2021 5406 τις,
2059 5341 2155 5413 μρο

592 5427 682 5462 νον
709 5410 769 5463 τὸ
793 5408 1087 5477 κεφάλαιον
1109 5410 1392 5473 διάσωσον,
1428 5410 1527 5535 Ἓν
1556 5408 1893 5478 πίστινλὲγῶ
1917 5426 1929 5440 ·
1958 5413 2015 5463 al
2048 5410 2157 5480 γὰρ

594 5479 818 5535 ήιιὲοαι.
849 5480 1002 5535 φησὶ.
1034 5483 1267 5535 πονηραί
1297 5484 1422 5535 εἰσι.
1508 5498 1684 5535 emne.
1748 5480 2040 5535 Obscurum
2081 5490 2157 5535 est

594 5479 818 5603 ημὲραι,
849 5480 1002 5549 φησὶ,
1034 5483 1267 5551 πονηραί
1297 5484 1422 5535 εἰσι.
1461 5479 1684 5551 Nempe,
1748 5480 2040 5537 Obscurum
2081 5479 2157 5535 est

634 5551 795 5603 iclum
829 5566 845 5603 :
880 5567 973 5603 aae
1005 5567 1142 5603 vero.
1178 5554 1509 5603 perspicuum
1540 5553 1774 5603 exentnlo
1802 5550 2023 5603 faciam.
2059 5551 2157 5603 Cu-

548 5575 553 5578 ·
595 5550 795 5603 dictum
829 5566 845 5603 :
880 5567 973 5619 age
1005 5550 1509 5621 vero,perspicuum
1540 5550 1774 5621 exetttplo
1800 5550 2023 5621 faciam.
2059 5551 2160 5604 Cu-

598 5622 709 5689 gita
740 5622 866 5674 mihi
890 5623 1207 5691 quempiam.
1238 5625 1325 5691 qui
1353 5624 1565 5677 domum
1585 5623 1769 5676 habent
1798 5622 2160 5689 splendidam:

598 5691 787 5744 deinde
810 5692 1009 5759 ingredt
1048 5692 1277 5759 aliquos,
1314 5704 1369 5746 ut
1399 5711 1517 5747 eum
1556 5694 1894 5761 interﬁciant,
1934 5703 1983 5747 et
2009 5693 2165 5746 illum

614 5761 781 5817 Multa
810 5764 935 5815 dare
981 5764 1157 5832 itaque
1187 5781 1241 5818 se
1269 5766 1464 5834 eripere
1499 5780 1517 5818 .'
1548 5773 1657 5818 tum
1692 5765 1915 5818 dicimus
1962 5780 2079 5817 eum
2111 5778 2165 5816 se

2248 4490 2589 4563 quodcunque
2638 4503 2899 4558 exegerint
2936 4490 3157 4563 {solum
3208 4508 3355 4563 se_rva
3403 4504 3581 4563 caput,
3633 4493 3813 4563 fidem,

2250 4560 2487 4632 inquam.
2522 4562 2640 4616 Dies
2675 4563 2815 4613 enim
2864 4561 2994 4614 mali
3038 4570 3182 4614 sunt.
3214 4560 3394 4631 (Tom.
3422 4560 3512 4627 XI,
3548 4568 3598 4616 itt
3641 4561 3816 4631 Epist.

2250 4636 2315 4689 ad
2346 4632 2477 4700 Eph.
2516 4635 2661 4685 hom.
2692 4648 2804 4693 χιι,
2854 4632 2931 4701 1.)

2323 4703 2435 4773 (25)
2474 4702 2671 4755 Psalm.
2697 4718 2857 4766 Lxxv,
2879 4700 2934 4773 ‘2'.
2975 4700 3081 4755 Sed
3109 4700 3319 4773 ,Graaca
3353 4702 3685 4769 exemplaria
3721 4705 3818 4759 ba-

2250 4772 2381 4829 beut
2403 4772 2572 4824 Ὅταν
2601 4772 2748 4825 λάϐω
2780 4772 2987 4842 καιρόν,
3007 4772 3205 4839 quibus
3233 4773 3561 4841 respondent
3595 4774 3782 4828 Latina
3807 4790 3821 4828 :

2254 4842 2387 4899 Cum
2409 4857 2655 4913 accepero,
2683 4852 2980 4913 tempus....
3025 4842 3173 4897 Psal.
3207 4858 3389 4903 Lxxw,
3418 4842 3473 4896 2.

2326 4912 2437 4983 (26)
2472 4911 2581 4967 Hoc
2620 4911 2857 4968 llilarius
2880 4913 3237 4967 Pictaviensis
3278 4921 3603 4982 praestiterat
3633 4915 3827 4966 atIVcr-

2256 5000 2352 5041 sus
2375 4986 2780 5050 Constantium,
2807 4986 2874 5039 ab
2905 4986 3013 5053 hoc
3039 4984 3157 5053 ipso
3190 4983 3537 5038 Ecclesiastaa
3571 4984 3719 5039 dicto
3760 4986 3827 5036 li-

2256 5058 2415 5112 brum
2467 5058 2546 5109 sic
2595 5070 2827 5110 exorsus
2863 5072 2877 5108 :
2918 5073 2935 5105 ι
2974 5052 3212 5125 Tempus
3244 5066 3327 5109 est
3378 5054 3656 5124 loquendi,
3696 5056 3825 5125 quia

2256 5129 2365 5198 jam
2398 5126 2652 5194 praeteriit
2685 5136 2898 5198 tempus
2918 5124 3153 5198 tacendi.
3176 5125 3427 5179 Christus
3455 5124 3829 5198 exspectetur.

2259 5196 2387 5268 quia
2421 5198 2655 5249 obtinuit
2704 5196 3111 5257 Anticltristus;
3139 5199 3373 5249 clament
3405 5207 3672 5265 pastores,
3700 5197 3831 5265 quia

2262 5267 2584 5322 mercenarii
2615 5267 2900 5336 fugerunt;
2941 5282 3209 5336 ponamus
3236 5269 3448 5320 animas
3479 5281 3577 5335 pro
3608 5269 3829 5331 ovibus,

2262 5341 2389 5408 quia
2431 5338 2952 5396 furesitttroieruut.
3006 5347 3059 5390 et
3114 5337 3197 5391 leo
3252 5338 3482 5408 saaviens
3549 5338 3764 5408 circuit.
3803 5356 3823 5387 ι

2263 5405 2439 5478 Atque
2461 5409 2599 5478 idem
2635 5409 2861 5462 subinde
2894 5418 3133 5476 tempore
3162 5423 3221 5462 se
3250 5407 3395 5474 loqui
3431 5405 3717 5461 conﬁrmat
3745 5407 3831 5478 his

2264 5476 2442 5533 verbis
2468 5499 2479 5533 :
2510 5497 2527 5529 ι
2561 5476 2616 5532 Si
2644 5479 2970 5548 quisrigitur
3024 5478 3259 5547 prudens
3312 5479 3575 5531 rationein
3625 5477 3829 5548 silentii

2267 5553 2369 5602 mei
2396 5550 2643 5618 percipit,
2675 5547 2918 5617 proiecto
2963 5563 3047 5602 me
3070 5563 3244 5618 usque
3282 5562 3425 5601 nunc
3488 5549 3722 5618 recentis
3747 5547 3829 5599 in-

2265 5616 2423 5689 juria:
2443 5616 2792 5674 acerbitatem
2826 5616 3187 5679 moderatum,
3221 5635 3364 5689 nune
3409 5618 3647 5681 demum,
3688 5616 3827 5672 ﬁdeli

2272 5688 2324 5745 in
2348 5690 2567 5743 Christo
2613 5690 2856 5744 libertate
2878 5699 3129 5751 testante,
3159 5707 3264 5743 non
3317 5688 3498 5757 aliquo
3559 5690 3690 5741 vitio
3727 5689 3829 5741 bu—

2286 5776 2461 5815 maua:
2499 5761 2916 5829 perturbationis
2949 5759 3014 5814 ad
3056 5762 3168 5816 haec
3214 5758 3500 5815 scribenda
3535 5768 3726 5829 arguet
3752 5761 3830 5810 in-
