4172 6536
591 370 697 435 ῖ67

1714 374 1776 433 So
1817 370 2191 435 GREGORII
2224 372 2732 434 AGRIGENTINI

3728 379 3832 445 868

594 499 787 553 pareas
837 482 1097 552 sapientis
1139 481 1521 548 Ecclesiasten,
1572 485 1915 540 admonentis
1961 486 2154 542 scilicet

2270 484 2488 539 σιαστοῦ
2522 486 2619 556 τὴν
2650 482 2819 553 σοφὴν
2848 478 3185 553 παραίνεσιν,
3217 476 3458 552 δηλονότι
3507 484 3607 557 τὴν
3639 486 3835 553 λέγουο

594 576 1065 647 tempestivitatem
1088 590 1210 630 esse
1231 577 1472 643 amandi,
1497 589 1549 631 et
1567 578 2014 648 tempestivitaem
2030 579 2157 634 odio

595 668 849 721 habendi.
874 667 931 722 lu
969 682 1077 721 uno
1121 667 1265 722 enim
1291 669 1591 739 eodemque
1617 670 1855 735 homine,
1882 673 1974 742 qui
2000 672 2157 727 bonis

592 758 882 823 adhaereat,
907 768 964 813 et
999 759 1282 815 veritatem
1313 759 1691 831 iustitiamque
1716 762 1900 827 colat,
1931 777 1996 817 ac
2029 778 2156 816 rur-

592 866 714 905 sum
755 851 1003 907 inversus
1032 852 1426 923 traductusque
1449 854 1523 910 sit
1552 855 1619 908 ad
1640 853 1917 923 oppositas
1942 854 2156 924 opinio-

591 961 689 999 nes
717 955 877 1014 atque
910 945 1204 1000 sententias
1228 986 1243 1010 ,
1276 946 1493 1016 propria
1532 955 1589 1002 et
1638 948 1893 1003 distincta
1940 948 2155 1002 amandi

592 1046 754 1105 atque
808 1037 933 1091 odio
993 1037 1223 1093 habendi
1274 1040 1481 1094 eminet
1523 1039 1937 1110 tempestivitas.
1994 1039 2157 1094 Addit

592 1129 785 1184 deinde
817 1146 831 1183 :

2264 593 2384 639 σαν,
2425 595 2443 628 ι
2476 574 2682 645 Καιρὸς
2707 573 2803 626 τοῦ
2834 572 3081 642 φιλῆσαι,
3113 572 3207 625 καὶ
3239 573 3429 642 καιρὸς
3446 572 3545 625 τοῦ
3574 576 3830 646 μισῆσαι.

2265 670 2408 738 Πρὸς
2432 667 2542 738 γὰρ
2571 667 2662 720 τὸν
2688 666 2783 719 ἕνα
2814 665 2909 717 καὶ
2938 664 3031 719 τὸν
3056 664 3219 717 αὑτὸν
3270 662 3557 733 ἱστάμενον
3603 666 3666 718 ὲν
3722 670 3833 731 τοῖς

2266 761 2496 830 ἀγαθοῖς
2534 760 2631 812 καὶ
2654 757 2958 829 φρονοῦντα
3005 756 3077 810 τὰ
3124 754 3222 825 τῆς
3283 753 3543 827 ἀληθείας
3574 757 3674 811 καὶ
3734 757 3834 827 τῆς

2263 850 2634 920 δικαιοσύνης,
2670 850 2766 903 καὶ
2793 848 2957 903 πάλιν
2996 846 3360 901 ἀλλοιωθέντα
3415 846 3511 900 καὶ
3559 844 3833 919 μεταϐλη-

2274 943 2437 997 θέντα
2461 943 2600 1013 πρὸς
2644 942 2742 1006 τὰς
2771 940 3150 1012 ἀντικειμένας
3183 938 3483 1012 ὑπολήψεις
3528 940 3622 993 καὶ
3652 939 3831 1004 δόξας.

2264 1033 2405 1104 ἔχεις
2434 1032 2641 1087 καὶτοῦ
2674 1032 2846 1101 φιλεῖν
2876 1032 2969 1085 καὶ
2998 1030 3093 1085 τοῦ
3148 1032 3328 1101 μισεῖν
3374 1029 3707 1103 διῃρημένον
3741 1028 3835 1080 nat

2263 1126 2573 1198 πρόσφορον
2607 1124 2695 1179 τὸν
2720 1122 2932 1195 καιρόν.
2964 1117 3100 1177 Εἷτά
3129 1137 3315 1194 φησιν·

2133 1240 2159 1310 §
2183 1238 2319 1295 xm.

667 1366 1062 1436 Tempestivilas
1097 1363 1240 1427 belli,
1276 1362 1648 1434 tempestivitas
1677 1363 1824 1432 pacis
1862 1361 1996 1431 (29).

665 1459 780 1513 Hoc
803 1470 1022 1527 quoque
1051 1455 1370 1510 sententiam
1389 1454 1555 1508 habet
1586 1453 1852 1507 eamdem.
1882 1450 2158 1507 Obluctari

593 1555 739 1606 enim
776 1565 896 1614 nos,
938 1549 1247 1617 bellumque
1270 1562 1456 1617 gerere
1491 1562 1612 1603 cum
1644 1546 1971 1603 adversariis
2000 1558 2160 1616 atque

598 1644 847 1699 hostibus
878 1642 1094 1712 pietatis
1115 1656 1211 1710 par
1241 1638 1421 1695 fuerit.
1449 1642 1518 1694 At
1547 1638 1638 1694 ubi
1668 1640 2006 1710 resipiscere,
2030 1641 2161 1709 piis-

2334 1354 2554 1423 Καιρὸς
2587 1352 2875 1418 πολέμου,
2917 1352 3124 1421 καιρὸς
3160 1352 3425 1422 εἰρήνης.

2334 1445 2445 1497 Καὶ
2478 1444 2634 1498 τοῦτο
2663 1444 2761 1513 τῆς
2801 1444 2972 1513 αὐτῆς
3024 1442 3205 1514 ἔχεται
3264 1444 3543 1505 διανοίαςο
3592 1444 3834 1511 ἀνταγω-

2265 1537 2511 1602 νίζεσθαι
2538 1537 2644 1606 γάρ
2679 1537 2923 1607 προσῆκε
2958 1536 3052 1589 καὶ
3078 1536 3336 1604 πολεμεῖν
3374 1540 3485 1597 τοῖς
3512 1536 3832 1600 ἀντιπάλοις

2264 1631 2361 1685 καὶ⁵
2390 1630 2667 1700 πολεμίοις
2712 1631 2812 1699 τῆς
2841 1628 3138 1691 εὐσεϐείας.
3188 1630 3297 1682 Εάν
3327 1629 3381 1682 δὲ
3426 1632 3701 1700 συνήσωσι
3742 1630 3833 1683 καὶ

598 1749 707 1804 que
737 1732 1080 1790 sermonibus
1111 1746 1270 1786 aures
1328 1730 1569 1801 praebere
1620 1730 1903 1800 coeperint,
1944 1730 2154 1801 iamque

2269 1720 2678 1794 παραδέξωνται
2707 1721 2807 1791 τῆς
2836 1720 3121 1785 εὐσεϐείας
3159 1722 3250 1775 τὸν
3276 1721 3453 1789 λόγον,
3485 1724 3579 1775 καὶ
3606 1722 3712 1792 τῆς
3757 1728 3831 1776 εἱ-

606 1825 964 1897 prolessionis
986 1832 1188 1879 nostrae
1209 1823 1466 1894 praeclara
1496 1830 1622 1877 nota
1646 1821 1905 1893 insignes,
1932 1823 1985 1878 in
2030 1837 2158 1877 vera

598 1918 842 1973 doctrina
869 1927 921 1971 et
959 1914 1050 1972 Dei
1093 1915 1333 1985 supremi
1381 1914 1527 1969 cultu
1573 1913 1857 1969 nobiscum
1886 1916 2159 1981 sentiant;

602 2022 717 2065 tum
753 2025 939 2081 pacem
972 2022 1118 2064 recte
1156 2024 1277 2062 cum
1308 2006 1391 2062 his
1420 2016 1475 2061 et
1497 2007 1841 2062 concordiam
1876 2007 2144 2063 ineamus.

600 2104 739 2159 Ecce
766 2117 895 2157 vero
930 2102 1015 2156 hic
1039 2101 1201 2155 etiam
1236 2099 1629 2169 tempestivitas
1674 2099 1823 2169 pacis
1861 2108 1915 2153 et
1957 2109 2160 2165 tempe-

602 2195 819 2249 stivitas
841 2192 989 2254 belli,
1014 2191 1161 2261 pacis
1188 2191 1399 2244 scilicet
1420 2205 1482 2244 ac
1507 2189 1631 2243 belli
1659 2205 1784 2259 erga
1818 2206 1978 2243 unam
2010 2206 2160 2243 eatu-

599 2287 831 2354 (Ietnque
865 2298 1174 2355 personam.
1207 2281 1391 2336 lunata
1435 2282 1633 2351 quippe
1669 2283 1950 2350 prudentia
1984 2292 2038 2336 et
2074 2283 2157 2336 di-

597 2376 852 2430 vinarum
893 2374 1068 2444 legum
1114 2372 1434 2442 praescripta
1477 2386 1541 2425 ac
1568 2371 1739 2424 multo
1789 2372 1959 2439 magis
1989 2372 2158 2440 gratia

595 2468 710 2530 illa,
742 2483 903 2534 quam
945 2466 1208 2537 singulari
1236 2465 1325 2520 Dei
1353 2462 1689 2533 benignitate
1732 2462 1769 2517 ii
1803 2464 2094 2534 accipiunt,
2130 2481 2160 2520 a

598 2561 801 2629 quibus
841 2579 860 2613 ι
900 2560 1151 2614 voluntas
1176 2558 1268 2611 Dei
1299 2558 1437 2613 bona
1472 2567 1525 2612 et
1547 2558 1684 2611 bene
1713 2558 1933 2627 placens
1959 2567 2011 2611 et
2036 2572 2159 2627 per-

598 2653 741 2709 fecta
767 2653 812 2685 ⁸⁸
859 2670 878 2705 ι
935 2651 1254 2720 inquiritur,
1306 2658 1609 2718 opportune
1640 2663 1852 2717 semper
1890 2663 1990 2703 nos
2029 2649 2160 2703 edo-

592 2758 739 2805 cent.
765 2743 952 2813 quales
981 2742 1236 2797 exhibere
1267 2754 1368 2794 nos
1385 2740 1699 2804 debeamus,
1728 2748 1781 2794 et
1819 2756 1922 2810 qua
1954 2741 2162 2795 ratione

598 2836 829 2891 meliora
870 2849 897 2886 a
931 2831 1215 2903 peioribus
1240 2838 1610 2895 secernentes,
1643 2830 1900 2885 salutaria
1942 2830 2158 2902 Deoque

594 2936 820 2995 accepta
860 2935 1184 2995 praeoptare,
1234 2922 1561 2992 contemptis
1594 2922 1681 2987 iis,
1736 2937 1857 2991 quae
1893 2933 2155 2992 quantum

596 3035 627 3072 a
664 3017 773 3071 Deo
804 3024 1074 3081 avertunt,
1106 3023 1312 3068 tantum
1342 3013 1455 3084 86
1486 3012 1552 3067 ad
1589 3011 1880 3083 perniciem
1918 3014 2159 3084 compel-

592 3111 733 3164 lunt.
768 3107 929 3162 Addit
966 3105 1198 3163 subinde
1222 3103 1580 3159 Ecclesiastes
1616 3122 1630 3158 :

2264 1812 2539 1885 λικρινοῦς
2577 1812 2733 1884 ἡμῶν
2765 1812 3001 1877 πίστεως
3037 1814 3517 1884 μεταμορφωθῶσι
3567 1817 3687 1879 τοῖς
3738 1834 3832 1885 χα-

2262 1908 2554 1980 ρακτῆρσι,
2586 1906 2681 1963 καὶ
2711 1908 3151 1977 συμφωνήσωσιν
3180 1908 3312 1976 ἡμῖν
3336 1907 3417 1970 εἰς
3462 1906 3562 1970 τὰς
3610 1906 3833 1979 ἀληθεῖς

2262 2000 2559 2071 ὑπολήψεις
2588 1998 2686 2063 τὰς
2716 1998 2852 2070 πρὸς
2901 1997 2991 2051 τὸν
3035 1998 3129 2050 ἐπὶ
3169 1996 3386 2051 πάντων
3445 1997 3617 2051 Θεόν·
3678 2016 3829 2067 τηνι-

2260 2097 2437 2153 καῦτα
2461 2096 2555 2151 καὶ
2575 2095 2673 2167 τὴν
2703 2097 2925 2167 εἰρήνην
2951 2094 3329 2165 ἀσπασώμεθα
3359 2095 3453 2149 καὶ
3472 2096 3571 2166 τὴν
3602 2096 3829 2165 ἀγάπην

2261 2189 2359 2260 τὴν
2411 2187 2549 2260 πρὸς
2606 2187 2825 2251 αὐτούς.
2868 2187 3000 2240 Ἰδοὺ
3040 2186 3319 2242 κάνταῦθα
3366 2190 3558 2261 καιρὸς
3604 2190 3830 2259 εἰρήνης

2272 2282 2366 2335 καὶ
2392 2281 2582 2350 καιρὸς
2611 2280 2872 2348 πολέμου,
2916 2280 3156 2351 δηλονότι
3185 2280 3279 2333 καὶ
3332 2281 3430 2350 τῆς
3463 2282 3691 2353 εἰρήνης
3740 2283 3831 2334 καὶ

2260 2374 2352 2429 τοῦ
2394 2375 2630 2444 πολέμου
2660 2373 2796 2444 πρὸς
2821 2372 2881 2426 τὸ
2913 2374 3044 2427 αὐτὸ
3074 2373 3167 2426 καὶ
3192 2375 3250 2426 ἓν
3275 2374 3636 2444 ὑποκείμενον
3664 2375 3832 2445 πρόσ-

2259 2482 2433 2519 ωπον.
2500 2464 2565 2517 Ἡ
2590 2464 2699 2533 γὰρ
2732 2464 2970 2534 ἔμφυτος
3004 2464 3266 2535 φρόνησις
3294 2467 3391 2518 καὶ
3422 2466 3529 2518 τῶν
3556 2466 3721 2519 θείων
3748 2468 3833 2519 νό-

2264 2575 2379 2627 μων
2429 2558 2483 2609 αί
2510 2556 2802 2626 ὑποθῆκαι,
2832 2556 2926 2610 καὶ
2954 2556 3133 2627 πολλῷ
3158 2558 3214 2610 δὲ
3242 2557 3440 2627 μᾶλλον
3475 2560 3508 2628 ἡ
3550 2561 3703 2628 παρά
3734 2560 3832 2626 τῆς

2262 2649 2605 2717 θεοπρεποῦς
2666 2649 2999 2720 ἀγαθότητος
3052 2649 3309 2720 δεδομένη
3346 2651 3506 2722 χάρις
3555 2653 3675 2715 τοῖς
3727 2653 3833 2705 ἀπὸ

2261 2742 2488 2813 καρδίας
2517 2741 2805 2812 ὲκζητοῦσι
2837 2760 2856 2793 ι
2891 2742 2950 2795 τὸ
2981 2741 3193 2813 θέλημα
3226 2742 3317 2796 τοῦ
3349 2742 3484 2795 Θεοῦ
3531 2743 3592 2797 τὸ
3623 2744 3828 2813 ἀγαθὸν

2262 2835 2356 2887 καὶ
2409 2834 2701 2907 εὐάρεστον
2755 2836 2850 2889 καὶ
2912 2836 3136 2899 τέλειον,
3173 2855 3192 2887 ι
3232 2836 3644 2891 ὲκδιδάσκουσιν
3686 2836 3831 2908 ἡμᾶς

2263 2924 2347 2993 ἐφ’
2374 2926 2587 2997 ἑκάστῳ
2617 2925 2794 2997 καιρῷ
2821 2926 3004 2989 ποίαις
3043 2926 3329 2996 ὀφείλομεν
3356 2928 3661 2998 κεχρῆσθαι
3692 2944 3831 2996 γνωο

2266 3022 2454 3088 μικαῖς
2485 3019 2754 3073 διαθέσεσι
2798 3023 2919 3083 ταῖς
2973 3019 3409 3085 διαστελλούσαις
3469 3021 3529 3075 τὸ
3584 3025 3831 3094 κρεῖττον

2186 3090 2233 3151 C
2263 3108 2371 3162 ἀπὸ
2398 3108 2493 3163 τοῦ
2534 3110 2795 3181 χείρονος,
2842 3111 2936 3165 καὶ
2987 3111 3047 3164 τὸ
3093 3114 3360 3166 σωστικδν
3411 3115 3505 3167 καὶ
3564 3090 3827 3184 πρόξενον

591 3206 695 3277 τῆς
721 3204 860 3277 πρὸς
887 3203 1019 3257 Θεὸν
1065 3201 1399 3273 οἰκειότητος
1427 3200 1538 3256 ἀπὸ
1566 3197 1659 3253 τοῦ
1709 3200 2076 3275 μακρύνοντος
2103 3204 2167 3259 ὲκ
2203 3203 2362 3271 Θεοῦ,
2408 3207 2501 3261 καὶ
2538 3206 2675 3277 πρὸς
2737 3208 3013 3269 ἀπώλειαν
3077 3207 3465 3273 συνωθοῦντος.
3504 3203 3638 3264 Είτά
3669 3222 3831 3279 φησιν

590 3302 621 3356 ὀ
662 3300 1088 3371 Ἐκκλησιαστής
1110 3313 1125 3329 ⁶

2129 3386 2158 3456 ᾗ
2186 3389 2321 3449 XIV.

664 3483 832 3539 Vens.
876 3482 1037 3538 9-l0.
1090 3479 1218 3546 Qua:
1271 3478 1599 3534 abundantia
1628 3491 1705 3535 est
1758 3480 2046 3551 facientis,
2114 3487 2169 3538 in

2348 3486 2445 3552 Τίς
2476 3488 2785 3556 περίσσειιι
2821 3489 2927 3544 τοῦ
2957 3490 3274 3558 ποιοῦντος
3302 3492 3374 3547 ἐν
3399 3486 3488 3561 οἷς
3516 3496 3705 3563 αὐτος
3722 3510 3827 3566 μου

592 3581 780 3650 qnibns
801 3578 908 3647 ipse
929 3576 1134 3631 laborat
1156 3576 1181 3629 ?
1220 3571 1341 3629 Vidi
1358 3590 1562 3629 onmem
1598 3574 1989 3638 distentionem.
2006 3594 2154 3647 quam

2259 3578 2420 3649 1087;
2473 3576 2654 3633 Εἶδον
2692 3580 2813 3634 σὺν
2866 3581 2974 3635 τὸν
3014 3584 3455 3653 περισπασμὸν,
3495 3585 3571 3641 ὃν
3608 3587 3828 3643 ἔδωκεν

591 3673 738 3727 dedit
787 3670 924 3725 Deus
971 3669 1099 3739 ﬁliis
1148 3668 1437 3734 hominum,
1487 3676 1547 3721 ut
1594 3668 1965 3722 distendantur
1991 3667 2047 3723 in
2079 3686 2160 3725 ea.

600 3764 859 3819 Uniuersa
885 3779 1000 3834 qua
1017 3762 1138 3832 fecit
1162 3760 1296 3814 bona
1320 3760 1374 3813 in
1407 3760 1808 3827 tempestivitate
1829 3761 1996 3830 ipsius
2023 3763 2158 3833 (50).

664 3853 781 3908 Erit
822 3852 1072 3916 fortasse,
1112 3850 1202 3919 qui
1237 3850 1351 3903 Iure
1386 3858 1644 3917 reputans
1674 3851 1894 3916 haereat,
1917 3861 1971 3908 et
2008 3869 2039 3908 a
2069 3868 2160 3907 sa-

596 3947 779 4015 piente
817 3942 1149 3998 Ecclesiaste
1179 3941 1361 3995 iterari
1393 3942 1493 3996 hoc
1534 3942 1653 3996 loco
1688 3942 1856 4008 dicat,
1893 3960 2013 4015 quae
2040 3944 2153 4015 jam

596 4036 880 4091 enuntiata
912 4042 1060 4089 sunt.
1093 4032 1227 4087 Nam
1258 4033 1304 4087 si
1342 4031 1654 4102 hujusmodi
1685 4034 1860 4090 elIatis
1894 4037 2154 4105 superius

589 4145 808 4201 quoque
840 4144 973 4184 usus
1015 4134 1122 4192 est,
1152 4141 1274 4180 cum
1306 4124 1381 4179 ait
1417 4142 1430 4178 :
1472 4143 1490 4175 ι
1530 4124 1671 4191 Quid
1716 4125 1875 4182 habet
1920 4128 2157 4198 amplius

592 4225 754 4276 homo
802 4219 870 4275 de
922 4219 1181 4274 universo
1230 4217 1414 4271 labore
1464 4232 1587 4280 suo,
1640 4232 1750 4287 quo
1801 4218 2013 4274 laborat
2052 4220 2155 4275 sub

588 4312 705 4366 sole
729 4310 843 4364 ὀί»
880 4319 933 4364 et
960 4324 1173 4364 rursum
1211 4326 1224 4361 :
1260 4327 1279 4359 ι
1312 4308 1581 4373 Quoniam
1612 4307 1993 4364 distentionem
2035 4327 2156 4365 ma-

590 4402 695 4455 lam
727 4401 875 4455 dedit
905 4398 1049 4453 Deus
1082 4398 1209 4452 liliis
1246 4398 1552 4463 hominum,
1595 4408 1656 4452 ut
1687 4399 2066 4455 distendantur
2100 4403 2155 4456 in

589 4493 714 4547 ea“
738 4510 754 4560 ;
782 4511 800 4544 ι
837 4491 970 4561 quid
1006 4505 1149 4544 nunc
1178 4490 1399 4544 demum
1426 4489 1619 4544 eadem
1653 4492 1925 4562 usurpat?
1960 4493 2030 4547 At
2055 4509 2157 4549 nos

589 4584 779 4654 iudicii
810 4584 930 4652 ejus
959 4582 1276 4638 defensione
1308 4592 1582 4653 suscepta,
1619 4582 1865 4639 dicemus
1890 4586 2153 4654 apposite,

2262 3671 2295 3725 ὀ
2326 3671 2468 3736 Θεὸς
2504 3669 2657 3737 υἱοῖς
2689 3670 2807 3724 τῶν
2834 3670 3161 3741 ἀνθρώπων
3191 3673 3297 3727 τοῦ
3330 3674 3737 3743 περισπᾶσθαι
3760 3660 3845 3730 sr‘

2259 3758 2438 3825 αὐτῷ.
2461 3760 2841 3830 Σύμπανταίᾶ
2858 3762 3105 3831 ἐποίησε
3130 3764 3287 3818 καλὰ
3315 3761 3386 3818 ἐν
3419 3760 3599 3834 καιρῷ
3615 3766 3821 3824 αὐτοῦ.

2350 3853 2503 3922 Τάχα
2525 3871 2605 3918 τις
2638 3855 2859 3926 ἀπορῶν
2890 3855 3081 3923 λόγους
3105 3858 3340 3929 οἰηθείη,
3369 3860 3463 3913 καὶ
3488 3862 3678 3931 φήσειε
3711 3879 3831 3916 ταυο

2278 3943 2517 4013 τολογεῖν
2543 3948 2602 3999 ὲν
2632 3947 2746 4011 τοῖς
2777 3949 2960 4019 ῥητοῖς
2991 3948 3202 4013 τούτοις
3258 3950 3349 4004 τὸν
3386 3952 3546 4019 σοφὸν
3592 3953 3824 4017 Ἐκκλη-

2268 4041 2515 4107 σιαστήν.
2568 4037 2630 4091 Εἰ
2663 4040 2772 4110 γὰρ
2800 4043 2910 4104 τοῖς
2950 4041 3187 4110 παροῦσι
3221 4044 3405 4113 ῥητοῖς
3433 4046 3709 4116 ἐχρήσατο
3737 4048 3827 4100 καὶ

2264 4131 2546 4202 πρότερον,
2577 4132 2704 4186 ὅταν
2735 4132 2906 4201 ἔλεγε,
2944 4152 2963 4185 ι
3005 4133 3101 4197 Τίς
3126 4136 3412 4205 περίσσεια
3437 4138 3515 4208 τῷ
3548 4139 3825 4210 ἀνθρώπῳ

2265 4222 2325 4274 ἐν
2372 4223 2535 4276 παντὶ
2568 4223 2750 4294 μόχθῳ
2781 4224 2967 4289 αὑτοῦ,
3006 4219 3049 4292 ᾧ
3098 4227 3289 4297 μοχθεῖ
3350 4229 3454 4282 ὑπὸ
3499 4230 3590 4285 τὸν
3634 4231 3822 4301 ἥλιονς

2259 4314 2355 4367 καὶ
2414 4314 2611 4379 πάλιν,
2649 4336 2667 4368 ι
2710 4315 2833 4371 Ὅτι
2890 4320 3270 4391 περισπασμὸν
3322 4323 3558 4393 πονηρὸν
3616 4323 3817 4377 ἔδωκεν

2260 4404 2290 4455 ὁ
2319 4402 2452 4468 Θεὸς
2488 4406 2599 4469 τοῖς
2642 4407 2776 4471 υἱοῖς
2818 4407 2925 4462 τῶν
2961 4408 3261 4481 ἀνθρώπων
3310 4410 3404 4465 τοῦ
3447 4412 3821 4483 περισπᾶσθαι

2262 4497 2319 4549 ἐν
2368 4497 2548 4569 αὐτῷ·
2585 4518 2604 4550 ι
2639 4500 2691 4553 τί
2745 4500 2943 4571 δήποτε
3001 4503 3095 4557 νῦν
3146 4505 3415 4574 ἐχρήσατο
3450 4508 3563 4568 τοῖς
3598 4504 3822 4571 αὐτοῖς;

2261 4589 2401 4645 Ἀλλ’
2423 4595 2581 4663 ἡμεῖς
2603 4592 2704 4647 ὑπε
2711 4594 2941 4664 ραπολογ
2951 4595 3011 4648 ού
3018 4612 3167 4666 μενοι
3184 4594 3280 4669 τῆς
3296 4598 3616 4669 ὑπολήψεως
3637 4599 3822 4661 αὐτοῦ,

585 4680 778 4733 iterata
825 4692 932 4732 non
974 4676 1165 4741 videri,
1197 4692 1317 4747 qua:
1360 4676 1567 4732 eisdem
1603 4676 2058 4746 appellationibus
2092 4693 2154 4734 ac

2261 4684 2500 4753 φαίημεν
2571 4684 2636 4738 ἂν
2696 4686 2853 4739 τοῦτο
2881 4689 3251 4757 χρεωστικῶς,
3283 4690 3358 4754 ὡς
3388 4691 3490 4744 οὐκ
3524 4690 3639 4744 ἔστι
3695 4710 3823 4745 ταυ-

586 4771 841 4827 l‘ormulis
869 4784 983 4825 rem
1013 4769 1171 4839 plane
1198 4769 1469 4824 diversam
1497 4767 1953 4824 considerandam
1999 4770 2157 4823 exhi-

585 4868 767 4922 beant.
798 4863 937 4919 Tum
987 4864 1033 4920 si
1064 4865 1338 4919 sententia
1388 4864 1576 4931 etiam,
1627 4880 1748 4935 qua:
1783 4864 1917 4935 ipsis
1948 4864 1999 4919 in
2030 4882 2155 4921 ver-

584 4962 671 5017 bis
724 4960 887 5025 inest,
955 4958 1064 5012 vim
1122 4955 1532 5027 quodammodo
1584 4963 1638 5010 et
1697 4955 2150 5025 signiﬁcationem

582 5054 829 5110 eamdem
862 5053 1063 5108 habere
1110 5067 1328 5106 rursum
1379 5050 1667 5114 videatur;
1720 5064 1829 5104 non
1869 5047 1921 5103 id
1957 5048 2152 5105 absur-

579 5148 711 5203 dum
759 5161 900 5213 esse,
961 5144 1232 5216 siquidem
1286 5143 1393 5197 illis
1448 5153 1560 5197 tum
1612 5143 1806 5208 utaris,
1856 5158 1981 5198 cum
2036 5158 2146 5206 res,

580 5254 702 5310 qua:
752 5246 1060 5294 tractantur
1106 5248 1159 5290 et
1224 5250 1470 5303 personae
1520 5234 1849 5305 requirunt;
1891 5232 2155 5303 quemad-

582 5333 798 5386 modum
860 5331 964 5384 hoc
1014 5328 1136 5383 loco
1192 5327 1397 5383 factum
1454 5337 1559 5383 est.
1610 5326 1743 5381 Nam
1805 5326 1849 5381 si
1897 5325 2150 5394 superius

577 5424 764 5489 etiam,
802 5437 927 5477 cum
982 5420 1182 5476 similia
1218 5420 1304 5474 his
1356 5418 1739 5490 perpendenda
1802 5425 2149 5488 proponeret,

534 5572 537 5575 .
577 5515 853 5572 dictiones
884 5513 1176 5584 usurpavit
1202 5514 1421 5570 easdem
1453 5531 1467 5579 ;
1526 5512 1592 5566 iis
1624 5527 1771 5567 nunc
1818 5510 1950 5579 ipsis
1975 5510 2148 5580 potis-

646 5649 692 5682 ⁵⁸
726 5649 882 5702 Rom.
911 5665 1011 5713 χιι,
1038 5648 1094 5703 2.
1168 5648 1214 5681 ”
1240 5648 1417 5704 Eccle.
1451 5664 1511 5712 ll,
1540 5648 1631 5702 ΞΩ.
1670 5647 1863 5702 “ibid.
1895 5646 1984 5702 26.

668 5745 756 5803 29)
788 5745 938 5811 Apud
967 5743 1127 5814 LXX,
1150 5745 1242 5798 καὶ
1281 5744 1471 5813 καιρὸς
1501 5744 1743 5814 εἰρήνης.

2261 4775 2478 4843 τολογία
2500 4778 2561 4831 τὸ
2609 4778 2909 4849 κεχρῆσθαι
2935 4783 3059 4843 ταῖς
3110 4782 3305 4845 αὐταῖς
3363 4780 3681 4853 ὀνομασίαις
3734 4783 3823 4836 καὶ

2260 4865 2491 4931 λέξεσιν,
2526 4868 2652 4921 ὅταν
2699 4867 3022 4941 εὑρίσκηται
3078 4870 3336 4941 διάφορος
3386 4872 3421 4943 ἡ
3488 4872 3665 4925 ἔννοια
3719 4872 3821 4925 τῶν

2262 4957 2463 5030 ῥητῶν.
2496 4959 2558 5011 Εἰ
2587 4958 2644 5011 δὲ
2679 4960 2773 5013 καὶ
2799 4963 2901 5031 τῆς
2930 4963 3100 5032 αὐτῆς
3154 4962 3363 5027 ἑννοίας
3410 4964 3821 5034 ἐνυπαρχούσης

2255 5052 2369 5113 τοῖς
2395 5052 2576 5122 ῥητοῖς
2599 5050 2739 5118 δόξει
2787 5071 2903 5117 πως
2929 5055 2962 5124 ἡ
2999 5055 3100 5126 τῆς
3132 5056 3485 5124 ταυτολογίας
3542 5057 3804 5127 ὀνομασία

2255 5139 2316 5191 τὸ
2347 5138 2512 5213 κῦρος
2542 5139 2704 5212 ἔχειν,
2756 5137 2869 5195 ὧν
2896 5144 3050 5197 οὐδὲν
3077 5145 3299 5211 ἄτοπον,
3332 5148 3380 5200 εἰ
3410 5148 3636 5220 γένηται
3665 5148 3819 5219 χρεία

2256 5232 2391 5301 πρὸς
2422 5231 2519 5303 τὴν
2546 5235 2653 5288 τῶν
2684 5237 3059 5307 ὑποκειμένων
3110 5240 3452 5309 πραγμάτων
3514 5241 3607 5294 καὶ
3654 5257 3816 5311 προσ-

2255 5325 2419 5379 ώπων
2444 5326 2716 5391 ὑπόθεσιν,
2734 5330 3046 5399 χρήσασθαι
3072 5334 3184 5393 τοῖς
3214 5334 3414 5398 αὐτοῖς,
3431 5333 3564 5405 ὅπερ
3585 5334 3819 5387 κάνταῦ-

2255 5418 2324 5473 θα
2358 5420 2727 5493 συμϐέϐηκεν.
2763 5424 2825 5475 Εἰ
2846 5423 2955 5494 γὰρ
2989 5426 3083 5477 καὶ⁵
3114 5426 3377 5496 πρότερον
3403 5426 3491 5480 διά
3523 5427 3621 5489 τὰς
3651 5426 3818 5486 αὑτὰς

2252 5511 2463 5575 ἐννοίας
2489 5513 2581 5566 καὶ
2618 5517 2734 5577 ταῖς
2780 5515 2972 5580 αὑταῖς
2997 5518 3270 5589 ἐχρήσατο
3302 5517 3530 5585 λέξεσιν,
3557 5519 3695 5575 ἀλλά
3718 5516 3811 5573 νῦν

668 5815 756 5879 30)
787 5808 939 5886 Apud
966 5808 1124 5882 LXX,
1154 5816 1222 5869 τὰ
1249 5808 1535 5886 σύμπαντα
1554 5808 1595 5869 ’ἀ
1608 5808 2118 5885 ἐποίησε...01γιιιρ.
2160 5813 2254 5869 τοῦ
2286 5810 2563 5878 ποιοῦντος
2592 5813 2649 5867 ἐν
2674 5813 2856 5879 αὐτοῖς
2890 5808 2970 5879 οἷς
2998 5815 3159 5882 αὒτδς
3194 5817 3416 5890 μοχθεῖς
