4172 6540
410 413 523 478 8'59

1472 398 1551 459 IN
1585 388 2159 456 ECCLESIASTEN.
2199 414 2268 427 --
2294 390 2445 451 LIB.
2483 391 2600 451 III.

3578 394 3684 459 870

420 529 658 600 μάλιστα
682 519 890 575 τούτων
924 515 1123 586 ἐδεήθη
1156 514 1252 569 καὶ
1274 509 1471 585 χρείαν
1501 511 1626 582 ἐσχε
1656 508 1766 563 τῶν
1794 504 1997 561 ἐννοιῶι

2117 501 2317 555 simum
2366 511 2421 557 et
2455 502 2743 559 sententiis
2779 512 2832 558 et
2886 502 3140 559 formulis
3171 518 3319 575 npus‘
3363 505 3484 562 fuit.
3529 508 3684 565 Post-

416 623 511 677 καὶ
535 619 648 674 τῶν
675 615 894 679 λέξεων.
929 609 1069 679 Περὶ⁹
1100 608 1211 678 γάρ
1239 607 1333 660 τοῦ
1365 606 1560 677 χρόνου
1577 601 1870 674 διειληφὼς
1908 604 2004 656 καὶ

415 717 526 771 τῶν
555 709 696 767 κατὰ
731 702 997 770 συζυγίαν
1034 700 1249 773 καιρῶν
1302 700 1701 771 ἀντικειμένως
1755 697 2002 767 παραλη-

419 806 689 877 φθέντων,
726 797 822 853 καὶ
848 794 1190 865 θεασάμενος
1217 793 1319 864 τῆς
1372 792 1725 863 ἀνθρωπίνης
1786 789 2005 860 φύσεως

418 899 520 970 τὴν
550 894 861 953 ἀσθένειαν,
894 889 971 952 ὡς
999 889 1103 943 οὒκ
1160 886 1557 958 ἐξικνουμένης
1602 886 1696 940 τὸν
1751 884 2004 940 τοσοῦτον

420 992 587 1046 κόπον
616 985 781 1056 δῆθεν
817 980 1255 1050 ἀναλαμϐάνειν,
1309 980 1405 1033 καὶ
1454 979 1818 1051 περισκοπεῖν
1872 976 2003 1030 ἐκά-

421 1099 549 1137 στου
572 1078 900 1152 πράγματος
926 1073 1024 1127 τοῦ
1054 1072 1225 1127 καλοῦ
1254 1074 1349 1127 καὶ
1381 1072 1751 1144 συμφέροντος
1787 1069 2005 1124 ἀντιθέ-

418 1192 524 1236 τως
552 1166 975 1241 λαμϐανομένου
1025 1167 1121 1220 καὶ
1143 1165 1328 1238 ζητεῖν
1358 1165 1451 1219 τὸν
1482 1164 1694 1237 καιρὸν,
1717 1162 1833 1218 ἀλλ’
1867 1161 2005 1229 ἰλιγ-

418 1265 624 1335 γιώσης
680 1260 821 1332 πρὸς
873 1260 972 1323 τὰς
1025 1259 1315 1328 γεγονυίας
1360 1259 1653 1330 διαιρέσεις
1706 1256 1858 1328 παρά
1906 1254 2002 1309 τοῦ

430 1353 870 1424 Ἐκκλησιαστοῦ
901 1352 1012 1405 τῶν
1060 1352 1460 1422 ἀντικειμένων
1517 1349 1747 1421 καιρῶν,
1802 1349 2003 1420 χρῆναι

419 1447 603 1508 καλῶς
634 1446 788 1517 ᾠήθη
827 1444 1113 1513 συντόμως
1169 1445 1310 1513 ἀγαν
1342 1445 1435 1499 καὶ
1465 1443 1559 1498 νῦν
1592 1440 1751 1509 αὖθις
1786 1445 2001 1497 συστεῖ-

419 1538 510 1592 λαι
558 1536 620 1591 τὸ
671 1538 942 1609 φρύαγμα
984 1536 1085 1605 τῆς
1138 1537 1371 1607 οἰήσεως
1421 1538 1522 1607 τῆς
1569 1535 2004 1608 περισπωμένης

422 1629 554 1700 rupi
604 1627 704 1700 τὴν
758 1628 954 1697 κτῆσιν
993 1626 1105 1681 τῶν
1168 1627 1417 1697 ματαίων
1480 1627 1576 1680 καὶ
1630 1625 2003 1699 φθειρομένων

420 1718 605 1789 ψυχῆς
634 1718 772 1789 πρὸς
815 1717 1153 1789 ἀπράγμονα
1210 1716 1306 1770 καὶ⁵
1346 1716 1631 1780 παντελῶς
1688 1715 2003 1784 ἀπερίσπαη

418 1822 549 1863 ’στον
579 1808 723 1879 ζωὴν
762 1808 857 1861 καὶ⁹
894 1807 1242 1876 γαληνιῶσαν
1299 1807 1639 1862 κατάστασιν
1687 1806 1999 1877 συνωθῆσαι

418 1902 522 1972 τὴν
564 1900 921 1969 φιλόπλουτον
955 1898 1204 1969 γνώμην.

490 1994 591 2048 Διά
642 1992 802 2046 τοῦτό
845 2010 1031 2063 φησιν,
1083 2009 1101 2041 ι
1139 1991 1235 2054 Τίς
1264 1991 1552 2062 περίσσεια
1589 1990 1685 2044 τοῦ
1719 1989 2001 2054 ποιοῦντος

420 2086 477 2138 ἐν
507 2079 588 2149 οἷς
625 2084 786 2147 αὐτὸς
820 2084 1042 2154 μοχθεῖς
1083 2103 1102 2135 ›
1152 2084 1434 2153 μονονουχὶ
1485 2081 1594 2153 γάρ
1628 2099 1815 2151 φησιν,
1850 2082 1910 2134 Εἰ
1941 2081 2001 2134 δέ

422 2177 550 2246 περὶ
583 2178 800 2230 πάντων
827 2175 933 2227 τῶν
967 2175 1107 2228 κατά
1140 2175 1233 2227 τὸν
1267 2174 1381 2245 βίον
1418 2175 1638 2243 ἀγαθῶν
1681 2175 1777 2228 καὶ
1823 2174 2001 2228 καλῶν

422 2271 521 2324 acati;
562 2268 859 2322 λυσιτελῶν
905 2268 1032 2321 ἴδιον
1079 2268 1190 2336 ἐγὼ
1222 2267 1416 2338 καιρὸν
1462 2266 1598 2335 έφην
1627 2266 1898 2337 ὑπάρχειν
1922 2284 1935 2296 ·
1973 2268 2001 2319 ό

410 2363 479 2415 δὲ
530 2360 699 2424 πολὺς
753 2360 1061 2428 ἄνθρωπος,
1099 2359 1446 2423 κατοκλάσας
1483 2358 1613 2429 περὶ
1662 2358 1762 2427 τὴν
1792 2356 1999 2411 τούτων

428 2453 681 2522 μελέτην,
717 2452 778 2505 οὐ
814 2451 1063 2521 βούλεται
1090 2450 1297 2504 τιθέναι
1327 2449 1564 2519 σπουδὴν
1593 2451 1650 2502 ἐν
1682 2452 1794 2511 τοῖς
1825 2448 2003 2503 τοιού-

422 2561 570 2608 τοις,
610 2542 745 2597 ἀλλά
779 2542 938 2611 μόνον
972 2544 1179 2595 ἐκεῖνον
1214 2542 1358 2612 ἔχειν
1391 2540 1565 2593 ἐθέλει
1595 2540 1687 2592 τὸν
1725 2556 2001 2610 περισπα-

427 2636 564 2708 σμὸν
589 2637 684 2690 καὶ
715 2635 808 2689 τὸν
842 2635 1061 2706 μόχθον,
1095 2635 1161 2688 δι’
1190 2630 1250 2689 οὗ
1288 2632 1632 2704 συναθροίσει
1661 2634 1755 2686 καὶ
1784 2630 1999 2697 συνάξει

422 2728 867 2783 πολλαπλασίονα
928 2728 1025 2783 καὶ
1101 2726 1443 2781 παντοδαπὸν
1508 2727 1598 2781 τὸν
1647 2726 2001 2799 φθειρόμενον

427 2820 678 2887 πλοῦτον,
707 2820 802 2875 καὶ
831 2820 1102 2891 μηδεμίαν
1130 2820 1315 2891 ὄνησιν
1339 2818 1702 2891 προξενοῦντα
1730 2823 1841 2884 τοῖς
1869 2837 2002 2890 κτη-

428 2913 708 2984 σαμένοις,
742 2911 883 2984 πλὴν
912 2911 1005 2966 τοῦ
1043 2914 1234 2980 φαγεῖν
1270 2912 1364 2966 καὶ
1394 2914 1574 2965 πιεῖνο
1608 2914 1815 2967 είπάτω
1841 2912 2001 2966 ποίαν

427 3005 748 3074 περίσσειαν
792 3002 1125 3070 ἐπελπίζων,
1172 3005 1270 3059 καὶ
1320 3006 1456 3076 πρὸς
1494 3006 1647 3059 ποῖον
1678 3004 2002 3058 ἀποϐλέπων

427 3097 618 3169 κέρδος
669 3097 1014 3169 ὀνησιφόρον,
1062 3089 1145 3160 οἷς
1198 3096 1361 3161 αὐτὸς
1412 3095 1609 3169 εὑρεθῇ
1650 3096 1864 3167 μοχθῶν
1908 3098 2003 3150 καὶ

424 3188 977 3260 ταλαιπωρούμενος,
1030 3188 1394 3260 αἱρετώτερον
1449 3189 1622 3242 οῖεται
1672 3188 1861 3242 τοῦτον
1909 3189 1999 3242 τὸν

430 3280 626 3353 μόχθον
654 3281 750 3336 καὶ
780 3281 875 3334 τὸν
905 3281 1289 3352 περισπασμὸν
1331 3281 1424 3334 καὶ
1453 3281 1546 3335 τὸν
1576 3281 1742 3335 κόπον
1772 3281 1869 3352 τῆς
1902 3282 1996 3334 ἐπὶ

423 3374 491 3443 τῇ
521 3370 739 3443 εὑρέσει
782 3370 891 3425 τῶν
929 3372 1257 3442 προσφόρων
1303 3369 1515 3441 καιρῶν
1541 3370 1859 3442 ἐπιμελείας
1902 3371 1996 3425 καὶ

421 3462 706 3534 ζητήσεως
750 3464 846 3517 καὶ
875 3464 1092 3535 νήψεως
1122 3462 1414 3537 εὑτρεχοῦς
1448 3464 1544 3518 καὶ
1583 3464 1998 3535 νηφαλιότητος,

424 3556 512 3610 ἵνα
536 3556 806 3627 μηδέποτε
833 3556 1184 3630 διαμαρτήσῃ
1209 3559 1309 3629 τῆς
1329 3557 1544 3627 ἀγαθῆς
1571 3558 1665 3611 καὶ
1690 3557 1996 3623 λυσιτελοῦς

425 3645 677 3714 πράξεως
696 3663 712 3714 ;

504 3739 645 3793 Ἀλλ’
699 3739 939 3812 εῦδηλον,
978 3742 1061 3805 ὡς
1101 3742 1360 3814 οὐδεμίαν
1414 3744 1735 3816 περίσσειαν
1781 3744 1993 3809 ἐλπίζει

422 3828 810 3885 λυσιτελοῦσαν
839 3832 936 3886 καὶ
967 3834 1259 3904 σωστικὴν,
1287 3835 1409 3889 οὐδὲ
1438 3836 1629 3909 κέρδος
1649 3837 1990 3908 ὀνησιφόρον.

436 3921 523 3985 Ὠς
552 3923 659 3992 γὰρ
693 3922 899 3977 ἐπίπαν
930 3922 1273 3995 ἢφθονηθεὶς
1309 3925 1397 3979 διὰ
1417 3926 1509 3979 τὸν
1543 3926 1773 3981 πλοῦτον
1803 3929 1831 3980 ό
1857 3945 1992 3980 κατ-

384 4022 389 4025 ‘
418 4014 564 4083 έχων
609 4013 772 4069 αὐτὸν
804 4016 935 4087 παρ’
956 4015 1157 4085 ἐτέρων
1184 4017 1570 4089 ἐπεϐουλεύθη,
1601 4020 1694 4073 καὶ
1720 4019 1994 4083 διαϐολαῖς

422 4107 625 4178 ἐϐλήθη
671 4108 766 4161 καὶ
794 4109 1182 4179 συκοφαντίαις
1229 4110 1672 4181 χαλεπωτάταις·
1707 4114 1801 4166 καὶ
1853 4114 1991 4185 μετά

416 4200 516 4253 τοῦ
572 4200 806 4254 πλούτου
859 4201 955 4254 καὶ
1012 4204 1109 4273 τῆς
1169 4202 1304 4267 ἰδίας
1345 4203 1507 4274 ,ζωῆς
1560 4201 1841 4277 ἐζημιώθη
1894 4206 1991 4277 τὴν

422 4291 692 4363 ὕπαρξινο
729 4292 762 4361 ἢ
797 4291 974 4345 πολλά
1026 4294 1271 4365 μογήσας
1320 4296 1415 4349 καὶ
1468 4295 1860 4369 κακοπαθήσας
1898 4300 1990 4353 καὶ

418 4384 779 4455 τληπαθήσας
826 4385 913 4438 διά
945 4385 1043 4456 τὴν
1092 4387 1187 4440 τοῦ
1235 4387 1467 4443 πλούτου
1516 4391 1858 4462 συνάθροισιν
1897 4394 1988 4446 τὸν

419 4478 679 4547 ἐξαπίνης
702 4477 1124 4550 ἀπροσδοκήτως
1148 4480 1446 4536 ἐπελθόντα
1466 4481 1695 4537 θάνατον
1725 4484 1870 4555 ἔσχε,
1894 4485 1987 4538 καὶ

2111 607 2278 663 quam
2309 594 2456 647 enim
2500 593 2567 649 de
2600 604 2844 664 tempore
2871 611 2935 652 ac
2974 596 3041 651 de
3086 599 3418 668 comparatis
3463 602 3685 670 opposi-

2112 699 2295 740 tarum
2338 701 2526 741 rerum
2565 689 3081 757 tempestivitatibus
3110 690 3390 757 disseruit,
3430 693 3685 749 humana:

2110 788 2322 834 natura:
2364 780 2799 836 imbecillitatem
2849 783 3277 854 contemplatus,
3316 801 3436 856 quae
3472 796 3684 843 tantum

2112 872 2219 927 sibi
2247 872 2490 928 laborem
2526 889 2807 931 assumere
2833 891 2939 930 non
2967 885 3178 949 pergat,
3212 888 3272 932 ut
3302 878 3355 932 in
3391 879 3480 933 illa
3509 894 3681 951 Oppo-

2110 965 2307 1021 sitione
2342 969 2611 1037 cujusque
2635 970 2713 1023 rei
2746 970 2901 1026 bonae
2929 980 3091 1040 atque
3119 971 3270 1026 utilis
3290 975 3686 1042 tempestivita-

2111 1066 2217 1114 tem
2248 1058 2551 1130 distinguat
2579 1066 2745 1128 atque
2778 1063 3076 1133 perquirat,
3107 1064 3409 1134 eademque
3446 1066 3512 1119 ad
3548 1082 3682 1120 con-

2113 1154 2315 1210 trarias
2357 1155 2541 1225 potius
2577 1154 3070 1226 tempestivitates,
3134 1170 3273 1225 quas
3325 1155 3683 1213 Ecclesiastes

2110 1245 2441 1316 designavit,
2478 1247 2637 1316 quasi
2682 1245 2948 1316 vertigine
2985 1245 3307 1314 delabatur;
3352 1261 3528 1318 opera:
3559 1264 3684 1318 pre-

2110 1336 2244 1391 tium
2296 1337 2474 1400 duxit,
2527 1337 2575 1393 si
2627 1337 2709 1393 vel
2757 1337 2933 1393 obiter
2979 1337 3069 1394 hic
3115 1337 3280 1393 etiam
3334 1338 3681 1394 insolentiam

2110 1446 2302 1485 eorum
2358 1447 2554 1486 rursus
2616 1432 3044 1501 comprimeret,
3121 1447 3357 1500 quorum
3417 1448 3551 1487 cura
3623 1434 3679 1488 in

2113 1518 2281 1574 rebus
2310 1521 2469 1576 vanis
2502 1529 2556 1575 et
2586 1521 2770 1576 animo
2815 1523 3148 1592 perniciosis
3181 1530 3292 1577 tota
3322 1530 3591 1587 versatur,
3627 1534 3683 1578 et

2112 1608 2281 1664 simul
2313 1609 2537 1664 eosdem
2574 1626 2603 1665 a
2641 1610 2955 1665 divitiarum
2991 1611 3283 1680 cupiditate
3331 1610 3395 1665 ad
3435 1609 3680 1677 quietam

2106 1702 2281 1755 vitam
2334 1717 2399 1758 ac
2433 1712 2611 1757 tutum
2642 1704 2752 1773 87
2786 1703 2946 1774 plane
2975 1702 3442 1773 tranquillumque
3475 1712 3679 1758 statum

2109 1795 2441 1849 traduceret.

2175 1970 2388 2025 Idcirco
2417 1970 2494 2026 ait
2524 1989 2539 2026 :
2567 1989 2585 2022 ι
2613 1970 2745 2036 Qua:
2776 1972 3107 2026 abundantia
3128 1970 3377 2027 facientis
3396 1974 3449 2026 in
3478 1973 3679 2043 quibus

2104 2063 2219 2132 ipse
2252 2063 2505 2119 laborat?
2549 2082 2568 2114 ι
2599 2065 2745 2117 velut
2795 2064 2839 2119 si
2877 2063 3129 2117 diceret;
3168 2063 3368 2118 Rerum
3424 2065 3675 2134 equidem

2103 2152 2349 2208 omnium
2397 2169 2515 2222 quae
2547 2156 2603 2209 in
2646 2156 2755 2209 vita
2798 2164 2926 2210 sunt
2973 2156 3116 2209 bona
3166 2165 3258 2210 aut
3312 2157 3535 2225 pulchra
3583 2167 3679 2210 aut

2102 2244 2275 2315 utilia,
2330 2244 2605 2314 propriam
2670 2260 2795 2301 esse
2851 2247 3332 2316 tempestivitatem
3390 2247 3672 2311 iudicavi;

2100 2352 2225 2392 cum
2275 2346 2454 2393 tamen
2503 2340 2749 2409 plerique
2794 2340 3080 2395 hominum
3110 2340 3163 2394 in
3197 2357 3386 2396 eorum
3420 2355 3552 2395 cura
3591 2341 3672 2392 la-

2100 2430 2319 2495 bantur,
2356 2447 2455 2487 nec
2493 2432 2828 2503 diligentiam
2881 2433 2952 2488 ob
2985 2449 3048 2488 ea
3089 2434 3252 2487 ullam
3294 2432 3555 2487 adhibere
3583 2449 3681 2487 ve-

2100 2523 2245 2589 lint;
2301 2534 2466 2594 atque
2492 2540 2661 2579 unum
2712 2526 2864 2579 illum
2900 2541 3110 2597 magnae
3156 2524 3541 2579 sollicitudinis
3593 2525 3683 2577 la-e

2102 2616 2293 2671 borem
2356 2616 2547 2672 subire
2603 2628 2833 2683 ament,
2904 2633 3011 2688 quo
3068 2618 3271 2672 multas
3332 2616 3436 2672 sibi
3490 2616 3674 2671 omnis

2102 2710 2319 2779 generis
2349 2726 2482 2783 opes
2513 2713 2866 2781 caducasque
2895 2712 3110 2765 divitias
3135 2721 3477 2780 comparent,
3505 2710 3670 2774 unde,

2101 2815 2225 2855 cum
2261 2801 2439 2872 adepti
2473 2802 2698 2867 fuerint,
2729 2803 2932 2856 nullam
2966 2812 3162 2872 prmter
3189 2800 3370 2855 cibum
3401 2810 3456 2855 et
3480 2809 3670 2871 potum

2103 2892 2391 2948 utilitatem
2432 2893 2649 2949 auferre
2681 2896 2933 2964 possint;
2977 2894 3186 2958 dicant,
3223 2908 3332 2963 qua
3386 2892 3673 2947 abundan-

2104 2986 2190 3041 tiae
2220 3002 2334 3056 spe,
2372 3002 2549 3058 quove
2582 2987 2684 3042 sibi
2716 2987 3047 3057 compendio
3089 2985 3159 3041 iis
3200 3001 3231 3041 e
3265 2986 3429 3040 rebus
3466 3001 3669 3055 propo-
3712 3052 3713 3057 η

2103 3078 2243 3145 situ,
2288 3094 2427 3149 quas
2459 3080 2602 3136 duro
2641 3080 2955 3151 miseroque
2986 3080 3171 3135 studio
3202 3081 3483 3151 prosecuti
3519 3089 3667 3143 sunt,

2104 3170 2344 3226 laborem
2394 3170 2561 3227 istum
2616 3181 2671 3227 et
2722 3172 3030 3227 molestiam
3066 3181 3120 3227 et
3152 3186 3342 3226 curam
3397 3173 3667 3243 potiorem

2103 3270 2315 3331 putant,
2350 3278 2514 3332 quam
2567 3278 2688 3318 eam
2733 3263 3098 3333 diligentiam,
3157 3278 3279 3333 quae
3312 3264 3367 3318 in
3403 3273 3670 3333 opportu-

2098 3355 2268 3409 nitate
2299 3370 2480 3410 rerum
2507 3354 2885 3425 investiganda
2916 3366 3172 3425 ponatur,
3201 3363 3295 3410 aut
3324 3372 3490 3425 quam
3519 3356 3664 3410 illam

2097 3446 2446 3517 sobrietatem
2501 3461 2565 3501 ac
2604 3446 2862 3502 solertem
2902 3447 3341 3516 temperantiam,
3386 3464 3509 3516 quae
3546 3465 3667 3518 per-

2095 3545 2259 3607 petuo
2288 3553 2388 3594 nos
2418 3537 2561 3593 intra
2592 3538 2726 3594 recti
2758 3547 2813 3594 et
2843 3538 2993 3593 utilis
3022 3540 3158 3593 lines
3187 3539 3506 3595 contineat?

2162 3740 2330 3812 Atqui
2360 3742 2532 3813 liquet
2560 3743 2828 3813 profecto,
2862 3745 3067 3801 nullam
3110 3746 3196 3802 his
3223 3747 3410 3803 utilem
3446 3749 3657 3819 copiam

2094 3847 2159 3889 ac
2186 3836 2509 3903 salutarem,
2534 3837 2743 3891 nullum
2770 3853 2893 3893 esse
2918 3839 3263 3894 commodum
3292 3850 3387 3895 aut
3409 3856 3663 3911 compen-

2091 3927 2288 3993 dium,
2347 3929 2495 3998 quod
2554 3939 2795 3999 sperent.
2854 3929 3138 4001 Nam'qui
3195 3932 3400 3987 divitiis
3451 3935 3660 4004 potitus

2093 4019 2293 4087 fuerit,
2314 4021 2474 4076 livori
2514 4024 2741 4078 omnino
2769 4033 2824 4079 et
2853 4024 3075 4080 invidia:
3107 4025 3400 4088 obnoxius,
3434 4036 3485 4081 et
3524 4029 3661 4083 insi-

2090 4113 2198 4168 diis
2224 4129 2542 4183 oppressus,
2592 4124 2648 4171 et
2677 4117 2971 4175 calumniis
3020 4128 3186 4189 atque
3232 4119 3498 4175 conviciis
3535 4137 3660 4192 gra-

2089 4206 2332 4261 vissimis
2390 4209 2666 4278 appetitus
2716 4220 2819 4274 est,
2874 4220 2932 4264 ut
2976 4211 3287 4266 divitiarum
3334 4214 3498 4268 etiam
3534 4231 3657 4269 cum

2089 4296 2209 4366 ipsa
2260 4297 2373 4353 vita
2431 4298 2797 4355 substantiam
2839 4301 3113 4356 amitteret
3166 4320 3181 4356 :
3237 4301 3418 4374 itaque
3470 4303 3657 4359 multis

2088 4403 2253 4458 opum
2294 4391 2760 4460 congerendarum
2792 4408 2964 4447 causa
2994 4392 3278 4450 laboribus
3306 4404 3360 4449 et
3395 4397 3658 4451 arumnis

2086 4494 2230 4549 aegre
2285 4480 2613 4544 exantlatis,
2669 4490 2898 4536 mortem
2961 4481 3258 4551 improviso
3316 4486 3656 4553 ingruentem

418 4571 742 4639 κατέπεμπε
772 4569 865 4623 τὸν
892 4568 1120 4623 πλοῦτον
1147 4573 1260 4636 τοῖς
1279 4572 1493 4644 ἐχθροῖς
1512 4575 1605 4628 καὶ
1624 4575 1897 4643 μισοῦσιν.
1920 4577 1982 4630 Ei

2097 4572 2305 4638 sensit,
2356 4582 2409 4627 et
2463 4572 2684 4628 divitias
2741 4573 2981 4629 inimicis
3048 4576 3491 4648 adversariisque
3541 4579 3656 4634 suis

414 4660 475 4714 δέ
500 4660 666 4731 μηδὲν
682 4658 942 4729 περισσὸν
978 4659 1072 4712 καὶ
1095 4662 1359 4715 σωστικὸν
1392 4662 1684 4733 εὑρίσκεις,
1708 4665 1982 4736 ἄνθρωπε,

412 4750 503 4805 διά
526 4751 620 4803 τοῦ
655 4750 895 4804 τοιούτου
926 4754 1310 4823 περισπασμοῦ
1341 4757 1434 4808 καὶ
1459 4757 1750 4828 μόχθου,τί
1783 4760 1984 4831 δήποτε

421 4843 497 4910 μὴ
520 4842 817 4914 διαρρήξας
856 4844 951 4897 καὶ⁹
982 4845 1302 4899 καταλιπὼν
1341 4848 1441 4911 τὰς
1499 4850 1690 4921 ἀρκεις
1723 4852 1821 4914 τὰς
1851 4870 1982 4906 κατ-

418 4932 644 5001 εχούσας
668 4950 725 4986 σε
752 4935 889 5005 πρὸς
917 4935 1015 5007 τὴν
1047 4936 1142 4989 τοῦ
1181 4938 1389 5008 κόσμου
1424 4940 1606 5008 φιλίαν
1636 4944 1729 4996 καὶ
1763 4944 1860 5016 τὴν
1887 4945 1983 4999 τοῦ

419 5022 651 5077 πλούτου
669 5028 1059 5096 προσπάθειαν,
1082 5030 1406 5100 μεταϐαλεῖς
1421 5034 1517 5086 καὶ
1539 5035 1864 5107 μεταθήσεις
1881 5037 1983 5109 τὴν

420 5113 737 5180 ἐπιμέλειαν
753 5119 946 5173 καὶτὸν
965 5121 1162 5191 μόχθον
1183 5125 1241 5176 ὲν
1257 5126 1320 5195 τῇ
1338 5127 1466 5178 ἀνευ
1476 5126 1625 5197 ρέσει
1642 5128 1746 5181 τῶν
1761 5130 1982 5198 ἀγαθῶν

418 5206 513 5258 καὶ
551 5204 839 5262 λυσιτελῶν
870 5228 927 5263 τε
958 5214 1051 5266 καὶ
1097 5217 1378 5270 σωστικῶν
1416 5219 1510 5271 καὶ
1542 5220 1641 5286 τῆς
1681 5220 1859 5293 ψυχῆς
1888 5224 1981 5278 καὶ

413 5295 513 5350 τοῦ
547 5296 835 5369 σώματος;
871 5322 889 5354 ι
928 5303 1112 5359 Πάντα
1141 5306 1250 5378 γὰρ
1277 5310 1414 5364 καλά
1436 5314 1496 5365 ἐν
1517 5313 1693 5384 καιρῷ
1725 5316 1923 5370 αὐτῶν.
1955 5335 1973 5369 ι

416 5388 530 5441 Καὶ
571 5388 652 5441 δεῖ
688 5407 747 5443 σε
785 5392 878 5446 τὸν
913 5395 1103 5466 καιρὸν
1134 5398 1365 5453 ἑκάστου
1402 5402 1725 5473 πράγματος
1773 5405 1977 5478 ζητεῖν,

413 5481 509 5535 καὶ
583 5482 771 5552 μηδενὶ
837 5484 898 5538 τὸ
970 5490 1232 5558 παράπαν
1292 5493 1553 5565 ’ἀκαίρως
1638 5498 1974 5569 κεχρῆσθαι,

415 5574 552 5644 μηδέ
605 5575 681 5646 τῷ
724 5580 918 5645 φαγεῖν
980 5579 1115 5651 μηδὲ
1143 5581 1221 5652 τῷ
1273 5588 1436 5651 πιεῖν,
1474 5589 1609 5657 μήτε
1642 5589 1719 5660 τῷ
1771 5590 1977 5645 κλαίειν

481 5769 594 5870 (ill)
628 5771 889 5870 Superius
927 5774 1145 5870 quidem
1182 5776 1433 5865 legimus.
1466 5782 1522 5834 ἐν
1553 5785 1730 5870 καιρῷ
1772 5788 1971 5842 αὐτοῦ⁸

409 5846 470 5897 ιι
493 5840 582 5897 hic
607 5840 892 5913 scriptum,
943 5840 1000 5901 ἐν
1052 5840 1451 5919 καιρῴἀὺτῶν
1474 5870 1486 5884 ο
1524 5855 1589 5908 ad
1637 5840 1972 5929 Simulat-lii,

2089 4662 2417 4718 transmisit.
2468 4662 2626 4729 Quod
2672 4664 2718 4719 si
2770 4665 2926 4729 nihil,
2977 4680 3010 4719 o
3049 4668 3321 4732 mortalis,
3369 4669 3516 4738 quod
3570 4686 3658 4724 rc-

2086 4756 2315 4821 dundet,
2350 4756 2489 4811 nihil
2523 4757 2669 4827 quod
2701 4756 2931 4812 salutem
2976 4758 3133 4825 ferat,
3181 4760 3234 4813 in
3275 4760 3461 4816 labore
3499 4776 3658 4815 cura-

2084 4865 2193 4921 que
2223 4850 2386 4917 inest,
2416 4866 2583 4921 quam
2612 4851 2822 4907 divitiis
2861 4854 3121 4923 parandis
3155 4853 3526 4923 impenderis;
3558 4870 3658 4910 cur

2086 4944 2382 5013 aliquando
2431 4946 2568 4999 retia
2602 4945 2730 5012 ista,
2768 4961 2888 5016 quae
2926 4956 2976 5002 te
3010 4948 3286 5003 mundana
3323 4948 3564 5003 amicitia
3601 4956 3659 5002 et

2084 5036 2402 5091 divitiarum
2455 5053 2643 5094 amore
2701 5050 2920 5110 captum
2972 5042 3303 5111 impediunt,
3365 5057 3474 5095 non
3524 5057 3657 5095 con-

2084 5129 2290 5184 scindis
2320 5143 2386 5185 ac
2414 5129 2664 5185 deseris?
2690 5146 2807 5198 cur,
2843 5141 3052 5186 mutato
3082 5132 3287 5195 studio,
3318 5133 3656 5202 diligentiam

2084 5230 2249 5290 atque
2280 5220 2521 5276 laborem
2582 5222 2649 5277 ad
2702 5222 2968 5278 bonarum
3001 5234 3165 5295 atque
3200 5225 3413 5279 utilium
3448 5239 3654 5290 rerum,

2082 5330 2203 5384 qua:
2258 5318 2476 5388 corpori
2527 5329 2583 5373 et
2639 5318 2835 5373 animae
2885 5322 3127 5390 prosint,
3182 5322 3657 5393 investigationem

2082 5422 2191 5461 non
2228 5409 2535 5465 transfers?
2579 5429 2597 5461 ι
2638 5409 2905 5468 Universa
2936 5415 3081 5469 enim
3110 5414 3250 5470 bona
3284 5414 3336 5468 in
3374 5418 3654 5485 tempesti-

2081 5498 2248 5555 vitate
2293 5501 2546 5572 sua(5l).
2588 5521 2607 5553 ι
2646 5502 2710 5558 Ει
2751 5514 2989 5574 oportet,
3021 5515 3083 5560 ut
3110 5508 3375 5579 cujusque
3408 5510 3482 5563 rei
3517 5520 3652 5565 tem-

2080 5592 2441 5662 pcstivitatem
2480 5595 2597 5665 ipse
2637 5597 2906 5667 inquiras,
2940 5610 2994 5655 et
3035 5601 3181 5655 nulla
3214 5602 3439 5658 omnino
3478 5606 3651 5662 utaris
3756 5637 3759 5645 ν

2077 5801 2295 5865 pptnnr,
2319 5793 2671 5854 sententiam.
2709 5797 2799 5865 qui
2834 5814 2895 5851 ea
2929 5800 3093 5858 verba
3110 5802 3205 5861 ,εἰς
3231 5799 3465 5858 reddidit
3492 5820 3502 5859 :
3530 5803 3648 5859 Κα-

2077 5857 2166 5912 λὸν
2200 5858 2429 5917 ἕκαστον
2461 5867 2517 5919 ἐν
2551 5857 2739 5938 καιριξί
2772 5867 2906 5940 ἰδίῳ.
