4172 6534
454 410 554 479 ιιι

1534 403 1594 464 S.
1625 400 2001 464 GREGORII
2040 392 2548 458 AGRIGENTINI

3583 379 3685 447 872

459 544 519 585 re
550 520 951 592 intempestive,
992 530 1099 571 non
1146 515 1269 571 cibo
1307 522 1403 568 aut
1438 522 1587 580 potu,
1623 525 1731 564 non
1767 509 1893 563 lletu
1929 517 2024 562 aut
2055 521 2068 566 Α

2163 506 2266 574 ,ήτε
2289 503 2369 574 τῷ
2410 503 2597 573 γελᾷν,
2645 499 2781 571 μήτε
2815 497 2893 568 τῷ
2920 494 3202 551 καθεύδειν
3238 496 3371 565 μήτε
3404 494 3479 565 τῷ
3523 496 3698 566 ἀγρυ-

460 623 596 681 risu.
630 632 736 672 non
770 627 964 667 somno
994 618 1087 664 aut
1111 609 1227 680 88
1254 608 1459 677 vigilia.
1497 621 1604 659 non
1657 619 1716 658 re
1746 604 1849 657 alia
1891 617 2026 671 qua-

2128 599 2305 659 πνεῖν,
2347 598 2486 666 μήτε
2507 594 2614 647 τινὶ
2645 593 2756 647 τῶν
2790 589 3191 661 παραπλησίως
3222 587 3429 649 τούτοις
3458 590 3552 642 καὶ
3586 590 3701 653 τοῖς

460 723 679 777 cunque
718 718 908 759 earum
951 703 1150 768 simili,
1206 715 1345 771 quas
1392 698 1644 753 homines
1676 697 1729 749 in
1776 696 1878 748 hac
1917 693 2026 748 vita

2163 707 2185 738 ν
2234 688 2312 757 τῷ
2344 688 2444 758 βίῳ
2474 685 2811 757 πράττεσθαι
2858 680 3361 753 κεχρεωστημένων
3407 680 3562 751 παρὰ
3606 684 3701 735 ἀν-

461 810 718 874 praestare
745 798 997 851 debeant.

533 890 809 959 Numquid
862 886 1116 941 Davidem
1169 898 1276 939 non
1330 881 1559 946 attdisti,
1609 878 1811 950 quibus
1849 878 2033 933 verbis

464 987 681 1041 beatum
723 981 1001 1036 hominem
1058 976 1218 1031 nobis
1250 975 1500 1045 designet
1536 982 1701 1042 atque
1742 968 2035 1040 depingat?

471 1098 491 1129 ι
532 1076 637 1131 Sed
670 1076 723 1129 in
758 1075 892 1143 lege,
933 1070 1131 1139 inquit,
1164 1067 1377 1121 Domini
1409 1066 1661 1120 voluntas
1687 1064 1845 1133 ejus;
1891 1072 1947 1117 et
1978 1061 2034 1115 in

469 1172 588 1240 lege
629 1168 752 1237 ejus
787 1164 1137 1219 meditabitur
1182 1161 1271 1214 die
1311 1174 1377 1214 ac
1420 1168 1579 1214 nocte
1617 1174 1631 1211 :
1671 1164 1727 1212 et
1762 1155 1867 1210 erit
1915 1163 2039 1208 tan-

467 1278 633 1330 quam
673 1260 878 1329 lignum
924 1254 1067 1325 quod
1115 1254 1419 1324 plantatnm
1458 1260 1542 1305 est
1573 1264 1732 1305 secus
1770 1250 2038 1303 decursus

470 1365 763 1421 aquarum,
796 1347 941 1417 quod
969 1345 1206 1399 fructum
1240 1360 1399 1398 suum
1428 1341 1581 1396 dabit
1618 1339 2041 1411 tempestivitate

473 1460 602 1511 sua;
624 1453 675 1496 et
706 1440 895 1495 folium
920 1438 1041 1507 ejus
1067 1452 1173 1490 non
1202 1435 1486 1491 deﬂuet‘“.
1518 1452 1537 1486 ι
1567 1434 1704 1489 Cum
1734 1433 1899 1487 arbor
1923 1433 2041 1501 ipsa

473 1538 687 1592 fruetus
710 1540 1031 1600 tempestate
1061 1544 1159 1582 sua
1183 1526 1443 1597 proferat,
1466 1540 1566 1596 age
1588 1533 1645 1581 tu
1672 1525 1844 1579 multo
1870 1524 2043 1593 magis

478 1631 554 1679 rei
579 1628 869 1693 cujusque,
898 1638 932 1677 ο
960 1622 1229 1683 mortalis,
1269 1618 1739 1686 tempestivitatem
1779 1616 1996 1686 inquire
2024 1632 2040 1669 :

477 1719 616 1774 nihil
647 1718 715 1770 ab
753 1731 819 1770 eo
853 1714 997 1784 quod
1036 1714 1211 1779 decet,
1258 1726 1498 1781 unquam
1541 1708 1845 1765 aberrabis.
1882 1707 2045 1762 Addit

478 1810 675 1868 deinde
699 1808 1058 1865 Ecclesiastes
1083 1821 1097 1859 :

2129 780 2371 853 θρώπου.

2203 872 2273 925 Ἦ
2304 872 2406 925 οὐκ
2437 871 2680 942 ἡκουσας
2712 867 2806 922 τοῦ
2842 868 3126 938 προφήτου
3158 864 3324 919 Δασίδ
3368 865 3461 918 τὸν
3530 866 3704 934 μακα-

2136 981 2254 1036 ριον
2286 963 2577 1035 ἄνθρωπον
2635 961 3141 1034 χαρακτηρίζοντος
3200 960 3295 1013 καὶ
3355 959 3707 1027 καθυπογρά-

2136 1058 2330 1129 φοντός
2357 1075 2419 1111 τε
2444 1059 2542 1111 καὶ
2568 1057 2869 1127 φάσκοντος
2896 1072 2911 1120 ;
2959 1072 2978 1105 ι
3026 1052 3170 1107 Ἀλλ’
3197 1054 3255 1105 ὲν
3303 1051 3384 1120 τῷ
3414 1052 3562 1123 νόμῳ
3599 1055 3712 1106 Κυ-

2140 1152 2257 1223 ρίου
2297 1150 2510 1220 θέλημα
2539 1150 2704 1203 αὐτοῦ
2739 1166 2752 1179 ·
2788 1149 2883 1202 καὶ
2910 1150 2966 1201 ὲν
3020 1146 3099 1216 τῷ
3123 1143 3275 1215 νόμῳ
3332 1141 3498 1199 αὑτοῦ
3549 1146 3709 1210 μελε-

2136 1244 2294 1312 τήσει
2328 1242 2546 1313 ἡμέρας
2591 1243 2687 1296 καὶ
2714 1242 2928 1303 νυκτός.
2964 1240 3076 1291 Καὶ
3109 1238 3262 1290 ἔσται.
3321 1232 3398 1297 ὡς
3441 1234 3503 1287 τὺ
3554 1232 3710 1297 ξύλον

2138 1336 2200 1389 τὸ
2230 1335 2644 1405 πεφυτευμένον
2673 1333 2826 1402 παρὰ
2852 1332 2953 1395 τὰς
2981 1330 3256 1395 διεξόδους
3281 1328 3393 1381 τῶν
3430 1326 3663 1389 ὐδάτων,
3684 1325 3714 1377 δ

2140 1428 2232 1480 τὸν
2249 1428 2462 1498 καρπὸν
2475 1427 2642 1479 αὑτοῦ
2654 1425 2815 1479 δώσει
2840 1427 2897 1478 ὲν
2911 1423 3086 1495 καιρῷ
3112 1416 3298 1487 αὑτοῦ,
3316 1421 3412 1473 καὶ
3439 1418 3499 1473 τὸ
3518 1417 3714 1487 φύλλον

2142 1516 2308 1570 αὑτοῦ
2343 1519 2444 1571 οὐκ
2475 1518 2911 1590 ἀπορῤυήσεται.
2951 1537 2969 1568 ι
3007 1511 3205 1578 Καθὼς
3233 1514 3295 1567 τὸ
3322 1512 3454 1566 αὐτὸ
3472 1510 3639 1581 φυτὸν
3658 1512 3717 1563 ἑν

2146 1610 2325 1681 καιρῷ
2370 1611 2553 1665 δίδωσι
2576 1614 2667 1665 τὸν
2713 1612 2947 1683 καρπὸν,
2979 1609 3124 1664 οὕτω
3149 1607 3332 1678 πολλῷ
3372 1605 3593 1677 μᾶλλον,
3624 1604 3719 1658 ἀν-

2146 1705 2355 1776 θρωπε,
2395 1708 2460 1761 σὺ
2497 1706 2692 1778 καιρὸν
2719 1707 2951 1760 ἑκάστου
2984 1704 3308 1776 πράγματος
3340 1701 3471 1754 ῐδιον
3522 1695 3722 1768 ἐπιζή-

2147 1818 2228 1855 τει
2250 1817 2264 1832 ·
2296 1803 2392 1856 καὶ
2418 1802 2481 1855 τδ
2510 1802 2775 1870 παράπαν
2796 1801 2857 1855 οὐ
2908 1796 3307 1870 διαμαρτήσεις
3355 1793 3448 1848 τοῦ
3485 1791 3724 1864 πρέπον-

2077 1870 2120 1925 B
2147 1910 2260 1958 τος.
2294 1891 2434 1949 Εἶτά
2466 1912 2632 1964 φησιν
2664 1896 2693 1948 ὁ
2735 1892 3193 1964 Ἐκκλησιαστής·

2010 1980 2037 2052 §
2069 1980 2184 2039 xv.

556 2082 721 2138 Vens.
754 2080 840 2133 il.
879 2075 947 2131 Et
978 2074 1187 2145 quidem
1218 2072 1473 2128 sarculum
1509 2071 1728 2125 tradidit
1769 2072 2054 2125 secundum

485 2191 579 2232 eor
614 2186 816 2235 eorum,
862 2177 1049 2221 utnon
1088 2165 1321 2219 inveniat
1364 2164 1517 2217 homo
1557 2177 1707 2230 opus,
1757 2162 1894 2233 quod
1934 2161 2055 2229 fecit

487 2266 633 2322 Deus
658 2263 723 2317 ab
751 2260 927 2323 initio,
957 2268 1009 2313 et
1038 2272 1201 2327 usque
1230 2257 1283 2309 in
1321 2256 1477 2325 ﬁnem
1507 2256 1639 2325 ('52).

561 2356 683 2411 Vim
726 2355 921 2409 hornm
965 2350 1255 2404 verborum
1286 2348 1341 2403 in
1373 2363 1467 2403 eos
1514 2346 1738 2417 profert,
1790 2346 1882 2417 qui
1937 2355 2061 2401 tau-

490 2466 655 2522 quam
700 2446 968 2516 vertigine
1008 2445 1338 2504 laborantes,
1378 2441 1434 2494 in
1464 2442 1839 2511 oppositarum
1878 2455 2059 2494 rerum

490 2542 903 2615 opportunitate
947 2535 1323 2606 inveStiganda
1357 2543 1523 2604 atque
1570 2533 1897 2587 inuenienda
1937 2532 2063 2587 dili-

492 2637 732 2706 gentiam
787 2642 842 2687 et
900 2631 1143 2685 studium
1198 2626 1487 2698 defugiunt
1530 2643 1543 2679 :
1590 2635 1652 2679 ut
1704 2640 1823 2693 qua
1870 2638 2065 2692 nempe

494 2726 732 2784 bellandi
773 2733 868 2778 aut
900 2723 1176 2777 ﬁrmanda
1206 2721 1360 2790 pacis
1397 2719 1796 2789 tempestivitas
1827 2717 1918 2777 sit.
1949 2731 2067 2786 qua:

495 2818 719 2875 amandi
751 2828 848 2871 aut
876 2814 1004 2870 odio
1040 2811 1295 2875 habendi,
1342 2825 1463 2880 qua:
1496 2809 1761 2863 avellendi
1806 2818 1901 2862 aut
1942 2822 2069 2861 con-

494 2910 717 2975 suendi,
743 2925 865 2980 qua)
890 2905 1236 2963 custodiendi
1263 2912 1358 2958 aut
1388 2902 1690 2965 emittendi,
1723 2915 1845 2969 quae
1874 2900 2068 2967 acqui-

498 3006 653 3063 rendi
702 3014 799 3059 aut
845 3000 1125 3071 perdendi,
1161 3012 1284 3068 qua:
1326 2996 1489 3051 ﬂendi
1533 3004 1629 3049 aut
1677 2992 1906 3056 ridendi,
1948 3006 2070 3061 quae

463 3098 819 3156 “destruendi
852 3104 945 3150 aut
990 3091 1319 3157 mdilicandi,
1368 3103 1422 3145 et
1467 3087 1801 3155 huiusmodi,
1847 3085 2071 3140 minime

501 3205 891 3263 assequamur.
948 3188 1083 3243 Nam
1138 3204 1264 3243 cum
1333 3201 1589 3254 operam,
1641 3199 1805 3254 quam
1857 3182 1921 3236 ad
1983 3195 2071 3233 res

500 3287 777 3358 quaslibet
818 3290 1122 3353 opportune
1166 3279 1402 3349 agendas
1439 3277 1493 3330 in
1542 3275 1759 3345 propria
1804 3274 2072 3343 cujusque

2226 2080 2337 2134 Kal
2378 2098 2444 2151 γε
2476 2080 2601 2135 σὺν
2639 2079 2749 2133 τὸν
2788 2076 2976 2131 αἰῶνα
3030 2073 3251 2129 δέδωκε
3306 2073 3423 2140 τὴν
3471 2071 3728 2139 καρδίαν

2154 2172 2354 2228 αὐτῶν
2390 2191 2406 2207 ·
2447 2173 2608 2240 ὅπως
2652 2171 2736 2241 μὴ
2778 2172 2941 2239 εὕροι
2996 2169 3308 2237 ἄνθρωπος
3366 2169 3426 2220 τὸ
3479 2166 3723 2234 ποίημα.

2157 2266 2189 2320 ὃ
2218 2267 2508 2334 ἐποίησεν
2554 2266 2585 2319 δ
2628 2266 2772 2330 Θεὸς
2802 2264 2903 2318 ἀπ’
2932 2261 3126 2333 ἀρχῆς
3150 2258 3249 2315 καὶ
3275 2259 3450 2329 μέχρι
3487 2261 3725 2322 τέλους.

2232 2360 2376 2430 Πρὸς
2402 2360 2529 2422 τοὺς
2555 2358 2900 2427 ἰλιγγιῶντας
2961 2356 3058 2409 καὶ
3102 2351 3541 2415 κατοκλάζοντας
3594 2351 3729 2420 πρὸς

2159 2450 2257 2521 τὴν
2288 2452 2608 2516 ἐπιμέλειαν
2653 2453 2747 2502 καὶ
2783 2448 3019 2519 σπουδὴν
3064 2447 3162 2517 τῆς
3210 2445 3489 2515 ζητήσεως
3515 2442 3610 2495 καὶ
3629 2440 3730 2508 τῆς

2161 2542 2492 2613 ὲξευρέσεως
2521 2542 2630 2594 τῶν
2657 2541 2952 2603 ἀντιθέτως
2983 2540 3191 2610 καιρῶν
3212 2538 3320 2591 τῶν
3375 2537 3460 2604 ἐφ’
3517 2536 3734 2604 ἑκάστῳ

2163 2636 2449 2705 πράγματι
2500 2633 3085 2705 παραλαμϐανομένων
3147 2628 3563 2699 ἀντικειμένως,
3613 2627 3733 2699 ἦτοι

2163 2727 2258 2780 τοῦ
2287 2727 2548 2797 πολεμεῖν
2577 2728 2609 2798 ἢ
2650 2728 2817 2782 πάλιν
2847 2727 2993 2797 ἔχειν
3044 2726 3291 2796 εἰρήνην,
3320 2722 3412 2775 τοῦ
3445 2722 3619 2788 φιλεῖν
3641 2721 3737 2774 καί⁸

2169 2823 2370 2890 μισεῖν,
2411 2819 2504 2873 τοῦ
2532 2819 2791 2892 ῥηγνύειν
2815 2819 2909 2871 καὶ
2933 2818 3181 2888 ῥάπτειν,
3208 2812 3301 2869 τοῦ
3333 2815 3620 2885 φυλάττειν
3642 2812 3737 2867 καὶ

2167 2910 2260 2965 τοῦ
2287 2911 2593 2975 ὲκδάλλειν,
2626 2910 2717 2963 τοῦ
2768 2910 2950 2979 ζητεῖν
3009 2909 3106 2962 καὶ
3160 2906 3254 2962 τοῦ
3318 2905 3594 2969 ἀπολλεῖν,
3640 2901 3737 2957 τοῦ

2169 3005 2375 3058 κλαίειν
2408 3006 2503 3058 καὶ
2532 3005 2626 3059 τοῦ
2676 3006 2860 3076 γελᾷν,
2897 3000 2992 3056 τοῦ
3026 3003 3277 3057 καθελεῖν
3318 3001 3414 3054 καὶ
3447 2998 3542 3053 τοῦ
3588 3000 3738 3052 οἰκο·

2168 3098 2374 3169 δομεῖν,
2411 3097 2505 3152 καὶ
2533 3098 2603 3152 τὰ
2642 3099 2997 3169 παραπλήσια
3024 3098 3260 3162 τούτοις,
3304 3092 3605 3164 προτείνει
3629 3090 3741 3143 τῶν

2173 3191 2352 3263 ῥητῶν
2380 3191 2587 3245 τούτων
2612 3190 2710 3261 τὴν
2735 3190 2983 3260 δύναμιν.
3008 3189 3119 3243 Καὶ
3143 3188 3254 3258 γὰρ
3289 3185 3476 3255 ἐπειδὴ
3516 3183 3616 3255 τὴν
3648 3180 3743 3249 ἐπὶ

2171 3286 2236 3354 τῇ
2268 3282 2575 3355 καταλήψει
2607 3283 2719 3336 τῶν
2754 3282 3079 3353 προσφόρων
3107 3280 3315 3353 καιρῶν
3338 3276 3575 3349 σπουδὴν
3602 3290 3744 3346 παρ⁶

501 3350 923 3450 tempestivitate
956 3371 1278 3443 inquirenda
1311 3383 1513 3439 ponere
1550 3367 1837 3431 debebant,
1881 3365 1935 3418 in
1971 3363 2067 3417 lla-

2173 3350 2447 3448 ῃτήσαντο
2468 3350 2478 3355 Π
2500 3350 2649 3447 ⁷’πρὸς
2679 3376 2740 3428 τὸ
2762 3350 2937 3428 ποιεῖν
2965 3350 3284 3427 ’έκαστοννὲν
3316 3369 3497 3442 καιρῷ
3551 3366 3771 3429 αὐτοῦ,⁶

506 3471 722 3543 gitiosis
820 3466 1100 3521 laboribus
1175 3461 1552 3532 perdiderint,
1608 3469 1663 3514 et
1732 3456 2071 3527 intempesti-

504 3578 604 3621 vas
677 3560 859 3632 potius
918 3555 1301 3626 occupationes
1368 3569 1433 3607 ac
1494 3551 1865 3623 perturbatam
1913 3560 2076 3619 atque

507 3661 904 3727 praeposteram
944 3648 1114 3703 vitam
1164 3646 1496 3710 adamarint,
1539 3659 1659 3714 qua:
1693 3645 1745 3696 in
1776 3641 1983 3697 deliciis
2012 3657 2075 3696 ac

508 3746 783 3818 pudendis
852 3740 1101 3812 corporis
1155 3736 1529 3807 voluptatibus
1588 3734 1923 3800 conteritur;
1979 3748 2076 3787 eos

508 3838 809 3893 etiamnum
844 3836 1193 3897 condemnat,
1222 3841 1278 3885 et
1307 3828 1613 3884 honestatis
1640 3839 1893 3899 expertes
1917 3843 2078 3883 coar-

510 3930 669 3999 guit:
702 3941 801 3980 nec
846 3925 958 3993 jam
1009 3924 1127 3977 fore
1173 3936 1415 3991 unquam
1452 3936 1699 3990 sperans,
1751 3930 1811 3975 ut
1850 3920 2077 3975 mutatis

510 4016 761 4073 moribus
793 4015 862 4070 ad
894 4016 1093 4069 bonam
1136 4014 1361 4067 redeant
1396 4009 1629 4081 frugem,
1664 4010 1863 4082 adjecit
1901 4028 1915 4065 :
1959 4031 1977 4061 ι
2013 4010 2081 4064 Ει

510 4110 731 4182 quidem
784 4109 1044 4163 saaculum
1078 4105 1303 4161 tradidit
1335 4104 1390 4159 in
1437 4104 1604 4159 corde
1631 4118 1843 4168 eorum,
1881 4113 1942 4158 ut
1972 4119 2078 4157 non

510 4202 755 4258 inveniat
793 4201 959 4255 homo
1003 4214 1166 4268 opus,
1198 4197 1344 4268 quod
1381 4196 1508 4252 fecit
1542 4196 1686 4251 Deus
1728 4196 1797 4249 ab
1828 4196 1985 4250 initio
2024 4204 2078 4250 et

512 4310 688 4363 usque
732 4293 787 4346 in
832 4292 1034 4357 linem;
1077 4308 1098 4342 ι
1155 4303 1253 4359 pro
1295 4288 1410 4359 89
1446 4289 1682 4358 permisit
1732 4302 1866 4343 usus
1912 4288 2082 4342 verbo

513 4386 761 4448 tradidit,
821 4392 883 4438 ut
926 4397 1097 4437 sacrae
1141 4382 1252 4435 lere
1298 4381 1596 4450 loquuntur
1629 4380 1866 4445 Litterae,
1922 4390 1979 4435 et
2025 4389 2085 4433 ut

514 4477 841 4548 superius"
886 4476 1028 4531 alius
1072 4474 1231 4529 nobis
1276 4472 1583 4540 exemplum
1628 4472 1811 4526 divina
1859 4473 2083 4528 oracula

516 4569 959 4639 suppeditarunt.
1028 4564 1287 4621 Permisit
1335 4564 1545 4633 igitur.
1601 4570 1663 4618 ut
1718 4565 1978 4619 haberent
2029 4566 2085 4619 in

513 4662 679 4715 corde
732 4676 876 4723 suo,
930 4657 1390 4729 quemadmodum
1455 4657 1611 4712 liberi
1677 4658 1886 4713 arbitrii
1943 4659 2081 4713 ratio

514 4752 795 4823 poscebat,
820 4751 1115 4806 voluntatis
1146 4751 1213 4804 ad
1244 4758 1472 4818 utraque
1498 4749 1916 4819 propensionem
1944 4749 2078 4822 (53).

514 4858 681 4914 porro
714 4843 814 4896 hac
860 4841 1073 4897 ratione
1112 4842 1159 4896 si
1190 4840 1315 4910 quis
1345 4840 1526 4909 ipsum
1564 4840 1699 4895 illud
1731 4840 1952 4894 tradidit
1987 4858 2082 4911 per

515 4952 576 4991 se
603 4936 898 5004 acceperit,
942 4936 1193 5005 apposite
1226 4934 1481 5003 usurpari
1528 4934 1898 5005 deprehendat
1920 4947 2084 5006 atque

516 5039 827 5100 pernoscat.
872 5027 1137 5085 Homines
1162 5043 1357 5099 nempe
1398 5027 1695 5085 voluntatis
1719 5030 1947 5085 arbitrio
1975 5033 2081 5095 usi,

589 5168 633 5200 "
664 5167 806 5222 Psal.
844 5166 954 5232 1,2.
988 5166 1043 5220 ’5.
1118 5165 1163 5199 ⁸³
1190 5164 1311 5221 Lib.
1350 5180 1389 5232 ι,
1425 5164 1452 5237 §
1484 5165 1571 5220 M.

589 5304 700 5371 ('52)
735 5300 889 5372 Apud
924 5297 1063 5372 LXX
1106 5299 1351 5357 invenies
1383 5314 1399 5355 :
1428 5300 1538 5372 Καί
1563 5317 1628 5369 γε
1670 5301 1960 5370 σύμπαντα
1991 5302 2083 5355 τδν

515 5374 689 5456 αἰῶνα
744 5371 949 5456 ἔδωκε-ν
996 5371 1070 5456 γὲν
1123 5371 1568 5456 καρδίαναύτῶψ
1607 5372 1765 5455 ,ὅπως
1799 5371 2084 5456 μὴβῦρῃδ

515 5444 875 5513 ᾅτθρωπος...
911 5440 1083 5513 Porro
1123 5440 1257 5497 illud
1295 5440 1659 5513 adpngv'rain
1684 5440 2083 5511 exemplaribus

494 5587 496 5589 γ
519 5511 801 5568 Hebraicis
827 5512 1195 5593 desideratur,
1227 5529 1327 5593 nec
1356 5511 1423 5593 ab
1442 5511 1787 5593 .Hieironymo
1809 5514 2080 5593 redditum

519 5595 603 5638 est
633 5600 647 5636 :
682 5594 877 5638 caetera
906 5582 1025 5655 ipse
1057 5581 1358 5654 Gregorius
1381 5582 1521 5636 infra
1553 5581 1825 5637 immutat.
1864 5584 2079 5652 Ulymp.

519 5668 671 5707 vero.
700 5651 761 5705 τὸ
781 5654 924 5707 σὺν.
961 5655 1160 5707 innuit.
1196 5654 1401 5707 ἰδίωμα
1442 5652 1748 5707 Ἐὅοαῖκὸν.
1772 5655 2082 5707 stupebam-

517 5668 671 5715 vero,
700 5655 761 5705 τὸ
781 5655 924 5716 σὺν,
961 5655 1160 5722 inquit,
1196 5655 1401 5720 ἰδίωμα
1442 5655 1748 5723 Ἑϐραῖκὸν,
1772 5655 2053 5725 παρερριμ

521 5725 696 5796 μένεος
721 5723 971 5796 κείμενον
997 5726 1056 5776 ἐν
1082 5727 1146 5794 τῇ
1195 5724 1456 5796 Ἐϐραῖκῇ
1481 5727 1655 5796 φωνῇ.

593 5793 706 5921 ‘53)
742 5792 857 5846 Neu
890 5794 977 5846 hie
1010 5792 1196 5849 noster
1224 5795 1395 5845 αίῶνα
1431 5792 1486 5847 et
1516 5792 1687 5864 ῥοπὴν
1715 5796 1854 5850 idem
1889 5806 2080 5864 putat:

662 5880 831 5919 unum
892 5864 1147 5921 idemuue
1181 5864 1341 5919 habet
1380 5880 1398 5914 t
1439 5863 1654 5920 tradere
1686 5866 1946 5921 saeculum
1998 5883 2080 5921 se-

514 5863 614 5922 sed
662 5880 831 5919 unum
892 5864 1147 5934 idemque
1181 5864 1341 5919 habet
1380 5880 1398 5914 t
1439 5863 1654 5920 tradere
1686 5863 1946 5921 saeculum
1998 5883 2085 5922 se-

2176 3465 2504 3537 καὶμᾶλλον
2567 3465 2892 3537 ᾑρετίσαντο
2955 3464 3084 3528 τοὺς
3146 3463 3456 3535 μοχθηροὺς
3516 3460 3746 3532 μόχθους

2176 3559 2270 3612 καὶ
2316 3559 2442 3621 τοὺς
2471 3558 2734 3629 ἀκαίρους
2774 3557 3193 3627 περισπασμοὺς
3247 3556 3343 3607 καὶ
3393 3553 3492 3622 τὴν
3546 3567 3744 3620 συγκε-

2177 3650 2425 3721 χυμένην
2466 3652 2559 3704 καὶ
2587 3650 2944 3721 πεφυρμένην
2979 3649 3149 3721 ζωὴν,
3193 3649 3294 3718 τὴν
3345 3647 3745 3701 καταναλισκοο

2183 3740 2351 3812 μένην
2381 3740 2476 3795 ἐπὶ
2503 3744 2625 3805 ταῖς
2656 3743 2888 3814 τρυφαῖς
2930 3743 3024 3795 καὶ
3074 3741 3334 3804 κιναίδοις
3385 3737 3487 3810 τῆς
3539 3738 3748 3809 σαρκὸς

2179 3834 2396 3904 ἡδοναῖς
2432 3850 2447 3864 ’
2492 3834 2925 3902 καταγινώσκων
2958 3834 3037 3887 ἔτι
3067 3832 3274 3888 τούτων
3316 3833 3411 3886 καὶ
3457 3848 3747 3903 καταμεμ-

2184 3926 2421 3996 φόμενος
2454 3926 2553 3995 τῆς
2580 3921 2996 3997 ἀπειροκαλίας,
3047 3924 3142 3980 καὶ
3164 3924 3444 3987 παντελῶς
3474 3923 3749 3990 ἀπογνοὺς

2178 4019 2282 4089 τῆς
2332 4019 2469 4088 πρὸς
2498 4018 2786 4087 διόρθωσιν
2827 4017 2920 4070 καὶ
2953 4016 3237 4086 βελτίωσιν
3266 4014 3605 4077 ἀλλοιώσεως
3652 4016 3749 4067 καὶ

2183 4110 2509 4183 μεταϐολῆς,
2540 4111 2809 4182 ἐπήγαγε,
2845 4126 2865 4159 ι
2885 4109 2994 4164 Καί
3024 4126 3086 4177 γε
3117 4108 3213 4161 σὺν
3240 4107 3332 4161 τὸν
3352 4107 3520 4161 αἰῶνα
3548 4106 3749 4161 ἔδωκεν

2181 4206 2241 4259 ὲν
2290 4206 2489 4277 καρδίᾳ
2534 4204 2756 4257 αὐτῶν·
2806 4204 2955 4266 ὅπως
3014 4202 3086 4273 μὴ
3139 4199 3291 4271 εὖροι
3348 4200 3633 4271 ἄνθρωπος
3687 4199 3749 4254 τὸ

2184 4298 2419 4368 ποίημα,
2442 4296 2471 4349 δ
2510 4295 2771 4367 ἐποίησεν
2804 4297 2832 4348 6
2858 4295 2989 4357 Θεὸς
3015 4295 3109 4347 ἀπ’
3136 4292 3311 4365 ἀρχῆς
3342 4296 3436 4347 καὶ
3462 4292 3623 4362 μέχρι
3657 4293 3748 4345 τέ·-

2183 4390 2308 4453 λους
2341 4404 2355 4420 ο
2386 4406 2405 4441 ι
2451 4389 2573 4442 ἀντὶ
2618 4387 2736 4450 τοῦ,
2789 4385 3177 4454 συνεχώρησε
3228 4389 3406 4455 φήσας
3453 4386 3513 4438 τὺ
3541 4385 3745 4451 ἔδωκε,

2188 4481 2328 4535 κατά
2365 4481 2425 4534 τὸ
2465 4481 2665 4550 ἰδίωμα
2694 4483 2793 4550 τῆς
2820 4480 2971 4542 θείας
2996 4480 3032 4531 Γ
3039 4478 3241 4550 ραφῆς,
3265 4479 3340 4543 ὡς
3365 4480 3468 4533 κάν
3492 4481 3606 4541 τοῖς
3628 4477 3750 4531 ἀνόο

2186 4591 2281 4626 πιν
2306 4573 2554 4628 ἀπέδωκε
2577 4571 2679 4641 τῆς
2733 4570 2990 4640 ἀληθείας
3042 4573 3070 4624 δ
3127 4570 3302 4637 λόγος.
3363 4569 3749 4643 Συνεχώρησεν

2114 4695 2157 4751 D
2186 4660 2279 4718 οὖν
2317 4665 2461 4734 ἔχειν
2492 4667 2550 4717 ὲν
2588 4666 2655 4734 τῇ
2709 4662 2906 4734 καρδίᾳ
2934 4662 3113 4716 αὐτῶν
3146 4661 3224 4733 τῷ
3278 4662 3423 4733 λόγῳ
3482 4663 3581 4732 τῆς
3629 4662 3751 4715 αὐτο

2188 4755 2585 4825 εξουσιότητος,
2621 4751 2721 4821 τῆς
2755 4753 2839 4822 ἐφ’
2860 4752 3095 4824 ἑκάτερα
3125 4754 3497 4824 προαιρέσεως
3532 4752 3629 4822 τὴν
3660 4756 3752 4823 po-

2190 4851 2321 4921 πήν.
2358 4848 2449 4918 Τῷ
2472 4849 2528 4902 δὲ
2561 4848 2790 4919 τοιούτῳ
2819 4848 2961 4919 λόγῳ
3013 4850 3106 4902 καὶ
3160 4849 3221 4902 τὸ
3278 4849 3460 4904 ἔδωκε
3510 4851 3751 4904 καθαυτό

2192 4960 2277 5005 τις
2304 4938 2626 5012 ἑξειληφὼς,
2660 4942 3045 5012 προσηκόντως
3110 4942 3360 5013 εἰρῆσθαι
3388 4944 3751 5014 καταλήψοιτο

2199 5036 2295 5089 καὶ
2319 5032 2586 5104 διαγνοίη.
2635 5032 2724 5104 Τῷ
2756 5032 2865 5104 γὰρ
2889 5034 3216 5106 αὐτεξουσίῳ
3241 5034 3339 5105 τῆς
3380 5038 3751 5108 προαιρέσεως

2188 5304 2428 5358 cundum
2455 5318 2549 5355 cor
2582 5322 2601 5354 ι
2640 5311 2735 5357 aut
2773 5321 2790 5353 ι
2819 5301 2873 5355 in
2904 5300 3071 5373 corde
3096 5316 3308 5373 eorum,
3334 5312 3387 5357 et
3414 5304 3747 5373 permittere,

2188 5384 2245 5427 ut
2276 5374 2509 5444 quisque
2543 5373 2971 5444 voluntatissuae
3000 5371 3225 5426 arbitrio
3257 5371 3459 5444 utatur,
3498 5384 3552 5429 et
3592 5376 3752 5442 cupi—

2186 5443 2382 5498 ditates
2416 5444 2500 5498 vel
2530 5452 2753 5512 respuat
2782 5443 2864 5497 vel
2891 5454 3169 5509 sequatur.
3208 5462 3226 5494 ι
3265 5443 3374 5499 Nec
3399 5459 3528 5498 vero
3560 5460 3589 5499 a
3620 5445 3750 5500 dicti

2189 5515 2457 5569 sententia
2492 5514 2757 5577 discedit;
2791 5529 2913 5566 nam
2949 5513 3039 5567 alii
3070 5528 3308 5583 quoque.
3342 5516 3485 5583 quod
3520 5517 3752 5570 adnuta-

2186 5587 2260 5639 vit
2292 5584 2621 5647 Munsterus,
2654 5583 2782 5637 illud
2810 5584 2981 5655 αἰῶνα
3014 5584 3149 5647 sive.
3171 5584 3422 5639 saeculum
3457 5600 3754 5655 exposuere

2186 5654 2663 5723 concupiscentiam
2695 5654 2893 5718 steculi,
2921 5655 3054 5718 sive,
3090 5664 3147 5709 ut
3195 5657 3270 5709 ait
3318 5654 3565 5717 Drusius.
3597 5673 3753 5710 curas

2191 5726 2467 5780 simulares
2520 5734 2567 5781 et
2620 5725 2954 5788 mundanas;
2990 5726 3069 5777 vel
3121 5726 3458 5793 interpretati
3515 5738 3662 5791 sunt,
3699 5738 3756 5781 ut

2198 5796 2475 5859 Vatablus.
2509 5796 2848 5864 cupiditatem
2880 5797 3221 5865 cognoscendi
3246 5813 3322 5849 res
3353 5796 3507 5863 hujus
3538 5801 3754 5861 mundi;

2195 5873 2337 5937 quod
2371 5868 2454 5925 his
2484 5868 2656 5939 magis
2686 5868 2975 5938 respondet
3005 5884 3124 5936 qua:
3154 5877 3469 5936 sequuntur.
