4172 6534
380 417 487 481 873

1419 413 1503 474 IN
1544 411 2125 473 ECCLESIASTEN.
2182 436 2249 446 -σ
2286 413 2432 473 LIB.
2476 414 2591 473 III.

3532 418 3638 481 87b

378 530 516 601 πρὸς
542 526 669 588 τοὺς
702 522 968 591 ἀκαίρους
1000 520 1431 591 περισπασμοὺς
1458 519 1552 572 καὶ
1599 518 1697 581 τὰς
1746 518 1957 586 φαύλας

2086 516 2485 587 intempestivis
2532 519 2989 590 occupationibus
3025 529 3078 574 et
3112 520 3296 590 pravis
3329 521 3647 578 laboriosis-

378 622 473 677 καὶ
512 616 795 689 μοχθηρὰς
827 612 1060 685 πράξεις
1087 614 1229 679 σφᾶς
1272 612 1473 673 αὐτοὺς
1522 609 1832 680 ὁλοσχερῶς
1868 612 1963 662 ὲκ-

377 710 779 777 δόντες,εὑρεῖν
809 706 1155 759 ἐσπούδασαν
1184 704 1286 773 τὴν
1316 700 1586 773 διαίρεσιν
1618 701 1726 754 τῶν
1758 700 1967 771 καιρῶν

378 804 487 857 τῶν
520 804 577 853 ἐν
611 803 722 862 τοῖς
763 798 1035 866 ποιήμασι
1063 813 1157 847 του
1194 792 1331 846 Θεοῦ
1363 810 1377 824 ο
1420 791 1516 845 τοῦ
1549 792 1712 863 ἔαρος
1761 792 1967 863 δηλαδὴ

381 896 478 949 καὶ
508 893 600 947 τοῦ
642 891 833 961 θέρους
860 890 956 942 καὶ
981 886 1076 941 τοῦ
1110 883 1433 956 μετοπώρου
1464 884 1559 937 καὶ
1583 884 1678 937 τοῦ
1695 884 1969 955 χειμῶνος

395 983 469 1042 ὧν
512 987 743 1048 ἕκαστος
789 984 968 1038 πάντα
1020 979 1159 1033 καλά
1211 978 1513 1048 παρίστησι
1575 977 1671 1030 καὶ
1727 977 1969 1030 δείκνυσι

382 1082 450 1135 τὰ
481 1082 766 1148 ποιήματα
794 1075 888 1129 τοῦ
933 1072 1093 1136 Θεοῦ,
1129 1071 1442 1141 βλεπόμενα
1475 1070 1571 1123 καὶ
1601 1070 1969 1140 παραλαμϐα-

384 1173 587 1243 νόμενα
613 1169 945 1243 προσφόρως
979 1165 1077 1219 καὶ
1118 1163 1416 1234 προσφυῶς
1448 1179 1462 1194 ⁸
1508 1164 1594 1216 ἵνα
1623 1166 1733 1217 κάκ
1762 1163 1971 1217 τούτων

384 1270 414 1321 ὁ
439 1266 563 1328 νοῦς
617 1262 760 1316 κατά
809 1260 1043 1330 μίμησιν
1081 1259 1179 1327 τῆς
1218 1256 1369 1319 Θείας
1401 1256 1495 1309 καὶ
1541 1255 1833 1325 ποιητικῆς
1864 1257 1971 1309 τῶν

386 1361 646 1415 ἁπάντων
675 1353 872 1423 βουλῆς
912 1352 1017 1405 κάν
1046 1352 1158 1413 τοῖς
1187 1347 1343 1412 ἰδίοις
1394 1348 1576 1418 ἔργοις
1628 1346 1959 1402 διαστέλλων

386 1454 478 1507 τὸν
504 1452 815 1522 πρόσφορον
853 1444 1071 1514 ἑκάστῳ
1099 1442 1388 1514 πράγματι
1442 1442 1580 1513 πρὸς
1630 1440 1727 1511 τὴν
1771 1441 1972 1513 πρᾶξιν

387 1544 604 1615 καιρόν.
670 1539 813 1595 Ἀλλ’
837 1538 913 1601 ὡς
940 1537 1107 1597 ἔοικε,
1150 1534 1339 1604 φησὶν,
1364 1534 1439 1597 ὡς
1471 1533 1567 1587 ἀπ’
1598 1534 1793 1605 ἀρχῆς,
1830 1532 1974 1585 οὕτω

387 1638 483 1691 καὶ
529 1636 694 1707 μέχρι
722 1632 910 1691 τέλους
949 1629 999 1681 οἱ
1035 1626 1316 1697 ἄνθρωποι
1347 1627 1436 1680 διὰ
1479 1627 1685 1699 πολλὴν
1717 1626 1974 1681 ἀϐουλίαν

389 1728 480 1782 ἐπὶ
508 1727 577 1779 τά
604 1722 818 1793 πονηρά
853 1720 1315 1792 παρεκκλίνοντες
1357 1722 1424 1774 ὲκ
1474 1721 1727 1790 νεότητος
1778 1720 1856 1791 τῷ
1916 1719 1976 1784 ἐξ

387 1819 608 1887 ἀγνοίας
635 1816 786 1887 ζόφῳ
814 1814 1161 1885 κατέχονται,
1205 1813 1298 1866 καὶ
1334 1812 1588 1884 καθάπερ
1609 1814 1667 1865 ὲν
1697 1831 1975 1884 νυκτομα⁸

388 1913 501 1983 χὲᾳ,
562 1910 703 1963 κατά
748 1908 847 1975 τῆς
876 1907 1013 1965 ἰδίας
1040 1906 1318 1978 σωτηρίας
1375 1908 1815 1978 παραπέμπουσι
1873 1908 1973 1973 τάς

390 2004 602 2074 βολίδας
622 2000 721 2070 τῆς
748 2000 1047 2071 ἁμαρτίας.
1100 2000 1156 2051 Ἀ
1167 1999 1321 2067 μέλει
1367 1999 1549 2052 τοίνυν
1579 2002 1861 2070 ἐπήγαγεν
1886 2018 1899 2029 ’

2080 626 2187 681 que
2232 612 2394 667 iactis
2448 621 2590 668 totos
2639 628 2698 668 se
2744 613 3088 679 dediderunt,
3144 623 3208 668 ut
3262 623 3645 685 tempestatum

2069 704 2400 760 discrimina
2432 706 2484 758 in
2519 705 2612 760 Dei
2638 706 2898 776 operibus
2924 706 3236 761 invenirent
3262 725 3277 761 :
3307 708 3453 763 veris
3487 709 3649 763 nimi-

2070 814 2193 852 rum
2212 807 2267 852 et
2288 798 2519 862 aestatis,
2550 798 2799 853 autumni
2824 810 2986 868 atque
3015 799 3234 866 hiemis,
3267 816 3501 870 quarum
3538 803 3651 856 sin-

2071 890 2210 960 gulae
2254 890 2485 960 pulchra
2551 892 2737 945 omnia
2796 900 3192 959 repraesentant
3242 894 3650 964 ostenduntque

2072 981 2169 1035 Dei
2218 996 2420 1051 opera,
2470 982 2737 1051 siquidem
2787 983 2925 1038 scite
2973 983 3067 1037 illa
3112 993 3275 1055 atque
3322 984 3517 1039 idonea
3566 998 3652 1038 ra-

2073 1074 2225 1129 tione
2272 1083 2326 1130 ct
2374 1084 2689 1144 spectentur
2736 1084 2793 1128 et
2836 1084 3230 1142 assumantur;
3294 1086 3354 1131 ut
3412 1078 3537 1132 inde
3584 1078 3652 1133 ad

2072 1168 2273 1222 divinae
2311 1182 2363 1221 et
2405 1167 2589 1222 omnia
2630 1165 2913 1221 eﬂicientis
2956 1167 3256 1222 voluntatis
3286 1168 3651 1223 imitationem

2073 1260 2314 1315 humana
2372 1277 2526 1317 mens
2578 1276 2877 1331 congruam
2932 1260 3203 1330 cujusque
3242 1262 3324 1315 rei
3379 1264 3655 1332 tempesti-

2074 1356 2303 1409 vitatcm
2363 1354 2432 1409 ad
2491 1356 2763 1426 agendum
2817 1354 2873 1407 in
2931 1354 3050 1408 suis
3112 1368 3333 1424 quoque
3394 1354 3652 1423 operibus

2075 1447 2403 1513 distinguat.
2448 1447 2715 1502 Caeterum
2765 1454 2824 1500 ut
2864 1454 3110 1516 apparet,
3159 1445 3358 1516 inquit,
3392 1448 3653 1515 quemad—

2076 1539 2299 1593 modum
2345 1538 2413 1592 ab
2453 1538 2633 1603 initio,
2686 1539 2759 1592 ita
2807 1546 2862 1592 et
2890 1552 3063 1608 usque
3102 1538 3155 1591 in
3210 1539 3373 1592 ﬁnem
3402 1537 3653 1593 homines

2075 1631 2149 1685 ob
2192 1631 2421 1685 nimiam
2480 1630 2839 1685 temeritatem
2895 1630 2962 1684 ab
3006 1631 3123 1700 ipsa
3170 1630 3541 1685 adolescentia
3587 1630 3652 1681 ad

2078 1723 2327 1794 improba
2356 1721 2727 1790 deﬂectentes,
2774 1722 3097 1793 ignorantia:
3136 1722 3377 1777 tenebris
3413 1723 3655 1776 obruun-

2081 1824 2190 1880 tur,
2230 1824 2283 1870 et
2318 1816 2475 1885 quasi
2510 1826 2777 1870 nocturna
2820 1816 2874 1868 iu
2919 1831 3120 1887 pugna,
3160 1824 3507 1887 peccatorum
3553 1816 3653 1869 tela

2080 1909 2132 1961 in
2175 1911 2454 1979 propriam
2498 1910 2793 1979 perniciem
2834 1919 3182 1965 convertunt.
3221 1910 3428 1966 Idcirco
3468 1910 3657 1980 utique

2077 2000 2280 2069 adjerit
2306 2018 2321 2051 :

1927 2179 1955 2250 §
2000 2181 2139 2239 XVI.

468 2387 717 2454 Ἕγνων,
744 2383 834 2436 ὅτι
864 2383 975 2437 οὐκ
997 2382 1170 2435 ἐστιν
1200 2381 1427 2451 ἀγαθὸν
1449 2382 1519 2436 ἐν
1548 2383 1774 2450 αὐτοῖς,
1806 2387 1857 2438 εἰ
1876 2385 1965 2454 μὴ

397 2478 462 2530 τὸ
486 2474 896 2546 εὐφρανθῆναι
936 2474 1033 2527 καὶ
1060 2474 1125 2527 τὸ
1149 2473 1345 2528 ποιεῖν
1367 2474 1596 2545 ἀγαθὸν
1622 2475 1693 2529 ἐν
1723 2474 1837 2546 ζωῇ
1863 2479 1972 2531 αὺ-

397 2567 524 2621 τοῦ.
556 2568 664 2621 Καί
700 2583 764 2636 γε
805 2563 925 2631 πᾶς
954 2564 1285 2633 ἄνθρωπος,
1327 2564 1394 2630 ὃς
1430 2563 1679 2633 φάγεται
1710 2566 1808 2619 καὶ
1844 2568 1974 2621 πίε-

398 2677 512 2725 ται,
544 2661 642 2714 καί
666 2661 781 2713 ἴδοι
806 2656 1033 2727 ἀγαθὸν
1053 2657 1123 2711 ἐν
1142 2656 1323 2711 παντί
1346 2656 1551 2726 μόχθῳ
1574 2656 1785 2721 αὑτοῦ,
1802 2657 1978 2711 τοῦτο

395 2752 551 2821 δόμα
582 2751 730 2806 Θεοῦ
760 2752 953 2807 ἐστιν.

470 2843 668 2911 Πολλὰ,
707 2846 860 2914 φησὶ,
893 2842 1002 2895 τῶν
1034 2840 1411 2912 νομιζομένων
1462 2840 1702 2907 ἀγαθῶν,
1750 2842 1851 2896 οὐκ
1892 2841 1981 2895 ὃν·

397 2954 504 2991 των
542 2936 600 2989 δὲ
634 2934 915 2999 τοιούτων,
947 2933 1161 3004 κυρίως
1180 2932 1416 3003 δρῶντες
1450 2934 1501 2985 οἱ
1534 2933 1836 3005 ἄνθρωποι,
1874 2934 1981 3003 μά-

398 3047 496 3098 την
555 3028 905 3098 εὑρίσκονται
964 3024 1138 3078 ταῦτα
1186 3023 1494 3087 ποιοῦντες
1550 3025 1629 3087 είς
1672 3022 1825 3085 τέλος
1872 3026 1982 3096 γὰρ

399 3121 583 3176 ἄθλιον
623 3119 823 3182 αὐτοὺς
859 3117 1348 3189 παραπέμπουσιν.
1404 3117 1501 3169 Ἐκ
1529 3117 1585 3170 δὲ
1624 3118 1863 3181 πάντων,
1910 3110 1984 3170 ὧν

402 3216 599 3266 ἐκεῖνοι
633 3211 731 3283 τὴν
761 3212 973 3283 αἵρεσιν
1007 3211 1102 3264 καὶ
1130 3208 1228 3280 τὴν
1265 3208 1467 3280 πρᾶξιν
1516 3209 1985 3280 περισπούδαστον

403 3306 639 3376 ἔχουσιν,
669 3305 820 3358 οὐδὲν
849 3302 1050 3372 ἀγαθὸν
1081 3302 1253 3370 ἔγνων
1284 3300 1417 3369 ἐγὼ,
1452 3304 1606 3372 φησὶ,
1640 3303 1779 3375 πλὴν
1803 3304 1901 3373 τῆς
1926 3304 1986 3370 ἐξ

403 3400 652 3471 ἀνάγκης
686 3397 1179 3469 κεχρεωστημένης
1207 3394 1445 3449 δίδοσθαι
1470 3397 1536 3467 τῇ
1567 3395 1727 3463 φύσει
1754 3400 1983 3468 τροφῆς,

403 3491 497 3546 τοῦ
540 3493 735 3561 φαγεῖν
762 3490 1007 3563 δηλονότι
1034 3491 1127 3543 καὶ
1158 3487 1248 3542 τοῦ
1285 3491 1450 3555 πιεῖν,
1480 3489 1577 3543 καὶ
1604 3490 1703 3560 τῆς
1736 3488 1986 3543 ἐντεῦθεν

403 3585 696 3657 γινομένης
723 3584 1066 3655 εὐφροσύνης
1098 3584 1212 3646 τοῖς
1246 3580 1412 3645 ζῶσιν
1445 3584 1504 3636 ἐν
1533 3585 1602 3655 τῇ
1633 3582 1745 3654 ζωῇ
1780 3584 1983 3638 αὐτῶν.

406 3678 579 3731 Τοῦτο
632 3678 740 3746 γὰρ
770 3678 835 3747 δὴ
880 3677 1043 3748 μόνον
1069 3676 1143 3738 ώς
1170 3674 1401 3747 δώρημα
1434 3674 1571 3728 Θεοῦ
1615 3675 1986 3747 παρείληπται

405 3772 515 3831 τοῖς
543 3766 853 3838 ἀνθρώποις
884 3768 1292 3837 ἀκατακρίτως,
1326 3768 1416 3822 διὰ
1443 3768 1504 3822 τὺ
1535 3769 1732 3840 ροῶδες
1759 3769 1860 3839 τῆς
1883 3768 1987 3837 φύ-

410 3876 569 3921 σεως.
614 3876 633 3909 ι
670 3858 856 3911 Πάντα
880 3859 1013 3928 γὰρ,
1044 3861 1212 3929 φησὶν
1237 3859 1265 3912 ὁ
1295 3861 1582 3931 προφήτης
1619 3860 1807 3927 Δαόὶδ,
1850 3861 1990 3931 πρὸς

414 3950 473 4003 σὲ
502 3949 865 4018 προσδοκῶσι,
889 3950 1075 4003 δοῦναι
1113 3950 1211 4020 τὴν
1242 3953 1451 4021 τροφὴν
1485 3950 1664 4004 αὐτῶν
1688 3952 1766 4014 είς
1798 3951 1988 4004 εὔκαι-

413 4060 537 4115 ρον·
574 4040 756 4103 δόντος
802 4058 897 4094 σου
942 4042 1126 4106 αὐτοῖς
1163 4042 1509 4107 συλλέξουσιν
1531 4062 1546 4075 ·
1578 4044 1890 4110 ἀνοίξαντος
1931 4044 1988 4098 δέ

416 4148 509 4185 σου
543 4130 643 4202 τὴν
674 4132 856 4201 χεῖρα,
889 4130 958 4184 τὰ
990 4130 1284 4201 σύμπαντα
1316 4132 1724 4203 πλησθήσονται
1756 4133 1957 4203 χρηστό
1976 4160 1989 4172 ο

410 4240 593 4295 τητος.
630 4241 652 4275 ι
692 4223 805 4276 Καὶ
856 4223 1053 4277 πάλιν
1092 4242 1111 4277 ι
1145 4225 1208 4277 Ol
1242 4223 1514 4295 ὀφθαλμοὶ
1546 4224 1765 4278 πάντων
1810 4226 1892 4289 είς
1930 4225 1991 4278 σὲ

412 4318 716 4383 ἐλπίζουσι,
747 4316 843 4370 καὶ
869 4314 933 4369 σὺ
958 4315 1115 4379 δίδως
1144 4317 1243 4388 τὴν
1275 4316 1483 4387 τροφὴν
1513 4315 1693 4371 αὐτῶν
1724 4319 1781 4369 ἐν
1807 4318 1992 4371 εύκαι-

2155 2386 2320 2441 Vsus.
2348 2385 2435 2451 12,
2474 2386 2561 2441 I5.
2605 2383 2830 2456 Cognoui
2856 2387 2981 2455 quia
3014 2401 3116 2439 non
3143 2395 3219 2439 est
3258 2386 3449 2440 bonum
3480 2385 3536 2438 in
3561 2385 3656 2452 eis,

2085 2479 2187 2531 nisi
2217 2479 2409 2541 laetari,
2440 2487 2487 2531 et
2517 2477 2689 2546 facere
2713 2476 2903 2530 bonum
2942 2478 2996 2531 in
3037 2478 3145 2531 vita
3188 2494 3309 2531 sua.
3350 2476 3418 2531 Et
3451 2482 3658 2549 quidem

2084 2568 2254 2624 omnis
2287 2568 2462 2634 homo,
2499 2569 2589 2638 qui
2610 2568 2831 2621 comedit
2861 2576 2908 2622 et
2940 2568 3091 2632 bibit,
3116 2579 3167 2623 et
3192 2569 3364 2623 videat
3392 2572 3582 2626 bonum
3604 2576 3659 2629 in

2083 2662 2226 2715 omni
2260 2660 2438 2714 labore
2473 2676 2591 2727 suo,
2622 2659 2717 2713 hoc
2741 2660 2939 2712 donum
2965 2657 3063 2713 Dei
3092 2669 3167 2714 est
3199 2660 3333 2730 (54).

2154 2840 2342 2904 Multa,
2384 2839 2582 2911 inqu.t,
2613 2854 2826 2905 eorum,
2871 2854 2992 2908 quae
3027 2847 3287 2907 putantur
3325 2838 3489 2905 bona,
3535 2856 3660 2896 cum

2083 2934 2212 2989 talia
2260 2950 2371 2989 non
2428 2935 2559 2999 sint,
2596 2942 2887 3003 postquam
2944 2946 3143 3002 magno
3184 2932 3434 2988 homines
3482 2929 3663 2989 studio

2088 3027 2330 3098 aggressi
2360 3025 2584 3093 fuerint,
2623 3023 2823 3079 frustra
2850 3039 3069 3096 operam
3103 3024 3157 3077 in
3191 3038 3254 3078 ea
3282 3039 3437 3079 suam
3462 3033 3664 3079 contu-

2090 3118 2221 3174 lisse
2254 3118 2603 3188 reperiuntur
2637 3134 2649 3170 :
2681 3117 2880 3185 quippe
2907 3114 2974 3169 ad
3009 3114 3268 3170 miserum
3302 3115 3425 3170 illos
3455 3117 3662 3171 exitum

2087 3210 2390 3266 deducunt.
2421 3208 2715 3264 Enimvero
2745 3224 2807 3264 ex
2839 3208 3116 3273 omnibus,
3153 3222 3276 3277 qua:
3307 3206 3395 3262 isti
3430 3209 3667 3263 maxime

2086 3303 2328 3373 optanda
2371 3312 2535 3372 atque
2578 3300 2951 3369 amplectenda
2996 3308 3268 3355 censent:
3312 3300 3457 3354 Nihil
3507 3300 3662 3367 mihi,

2088 3396 2287 3467 inquit,
2332 3396 2536 3450 bonum
2564 3394 2674 3465 90
2705 3395 2882 3449 visum
2908 3402 2993 3447 est
3027 3405 3221 3463 praeter
3254 3393 3506 3449 alimenta
3544 3410 3667 3465 qua:

2087 3498 2299 3543 naturae
2328 3488 2617 3554 debentur,
2644 3488 2696 3542 id
2731 3496 2814 3542 est
2849 3496 3043 3556 praeter
3067 3487 3251 3542 cibum
3282 3498 3337 3542 et
3371 3496 3580 3557 potum,
3612 3498 3667 3543 et

2087 3597 2249 3651 quam
2281 3582 2399 3636 haec
2430 3580 2666 3637 aﬂ‘erunt
2691 3581 2744 3635 in
2779 3580 2881 3634 ista
2905 3580 3028 3635 vita:
3055 3579 3371 3635 conditione
3399 3580 3662 3635 laetitiam.

2088 3668 2146 3723 Id
2178 3670 2324 3723 enim
2356 3685 2521 3724 unum
2574 3671 2821 3725 homines
2861 3679 3120 3739 tanquam
3153 3672 3244 3726 Dei
3292 3688 3496 3729 munus
3527 3675 3665 3730 citra

2088 3762 2569 3831 reprehensionem
2600 3762 2672 3817 ob
2710 3761 2887 3817 Iluxas
2932 3772 3144 3817 naturae
3171 3764 3313 3819 vires
3352 3777 3663 3821 assumunt.

2094 3874 2116 3906 ι
2158 3856 2351 3910 Omnia
2381 3857 2553 3921 enim,
2589 3856 2767 3926 inquit
2796 3854 2965 3911 David
2995 3858 3278 3927 propheta,
3310 3874 3341 3911 a
3386 3868 3438 3913 te
3468 3874 3667 3929 exspe«

2090 3956 2261 4012 ctant,
2288 3957 2347 4003 ut
2379 3948 2475 4002 des
2495 3962 2679 4003 escam
2710 3948 2955 4017 ipsorum
2988 3948 3043 4002 in
3099 3958 3343 4020 tempore
3370 3968 3385 4005 :
3421 3951 3583 4007 dante
3615 3961 3667 4007 te

2092 4041 2197 4094 illis
2230 4040 2516 4112 colligent;
2563 4041 2842 4111 aperiente
2882 4050 2932 4095 te
2969 4056 3213 4107 manum,
3247 4044 3433 4097 omnia
3478 4045 3667 4113 imple-

2093 4133 2289 4186 buntur
2319 4132 2557 4187 bonitate
2582 4131 2716 4202 (55).
2749 4151 2769 4185 ι
2798 4132 2864 4186 Ει
2894 4147 3111 4187 rursum
3137 4146 3152 4185 :
3183 4151 3204 4185 ι
3236 4133 3390 4187 Oculi
3418 4136 3664 4189 omnium

2092 4219 2144 4273 in
2178 4228 2228 4274 te
2251 4230 2494 4289 sperant,
2526 4232 2582 4275 et
2609 4234 2667 4275 tu
2698 4221 2797 4276 das
2843 4236 3025 4277 escam
3068 4222 3287 4277 illorum
3331 4224 3386 4277 in
3424 4234 3667 4295 tempore

2090 4321 2403 4382 opportuno
2439 4332 2452 4367 :
2485 4314 2667 4384 aperis
2698 4322 2755 4369 tu
2786 4329 3008 4370 manum
3038 4324 3189 4369 tuam
3211 4324 3266 4371 et
3289 4317 3480 4387 imples
3500 4333 3667 4373 omne

414 4411 507 4483 ρία
530 4426 543 4439 °
572 4411 814 4476 ἀνοίγεις
846 4410 912 4463 σὺ
956 4402 1056 4481 τὴν
1091 4410 1253 4482 χεῖρά
1282 4426 1402 4476 σου,
1436 4410 1531 4465 καὶ
1572 4409 1851 4481 ἑμπιπλᾷς
1880 4413 1980 4465 πᾶν

2094 4406 2298 4460 animal
2330 4406 2707 4463 benedictione
2735 4408 2868 4479 (56).
2902 4428 2921 4461 ι

412 4503 552 4568 ζῶον
584 4503 854 4566 εὐδοκίας.
894 4521 912 4554 ι

481 4594 584 4647 Διά
622 4593 783 4647 τοῦτο
815 4595 909 4646 καὶ
942 4591 1038 4646 νῦν
1079 4594 1109 4645 ό
1146 4593 1309 4662 σοφὸς
1349 4593 1787 4666 Ἐκκλησιαστὴς
1835 4594 1992 4647 τοῦτο

416 4687 577 4755 μόνον
608 4684 748 4754 δόμα
772 4682 912 4737 Θεοῦ
946 4684 1300 4755 κατήγγειλε,
1325 4683 1569 4755 δηλονότι
1598 4687 1659 4737 τὸ
1677 4688 1870 4753 φαγεῖν
1898 4686 1992 4738 καὶ

414 4780 558 4830 πιεῖν
592 4778 884 4848 σωφρόνως
918 4778 1012 4831 καὶ
1040 4776 1411 4846 τεταγμένως.
1455 4777 1537 4830 Ta
1569 4777 1626 4830 δὲ
1679 4777 1844 4831 λοιπά
1883 4777 1993 4830 τῶν

415 4866 788 4939 νομιζομένων
847 4872 961 4933 τοῖς
1010 4868 1322 4940 ἀνθρώποις
1370 4868 1853 4939 περισπουδάστων
1894 4871 1993 4939 τῆς

420 4958 738 5029 ὑπολήψεως
779 4962 871 5015 τοῦ
918 4959 1124 5031 ἀγαθοῦ
1164 4962 1357 5031 πόρρω
1385 4959 1657 5031 διώρισεν,
1688 4961 1763 5022 ώς
1798 4959 1992 5014 θᾶττον

419 5049 775 5119 ἀλλοιούμενα
811 5055 906 5108 καὶ
950 5054 1309 5125 φθειρόμενα,
1341 5054 1436 5109 καὶ
1468 5053 1605 5125 πρὸς
1648 5052 1993 5122 ἀνυπαρξίαν

421 5143 817 5213 περιιστάμενα
841 5145 1141 5209 παντελῶς,
1170 5146 1266 5199 καὶ
1308 5144 1581 5215 μηδεμίαν
1628 5143 1996 5216 προξενοῦντο-

493 5345 605 5418 (ἷξιί)
642 5344 857 5418 plymp.
902 5348 992 5399 καὶ
1024 5349 1126 5418 ἴδῃ.
1418 5405 1422 5408 ,

492 5417 603 5487 (55)
641 5417 787 5471 Psal.
817 5434 923 5477 etv,
951 5418 1041 5479 27,
1065 5416 1153 5473 Ξὸ.
1178 5420 1246 5474 At
1278 5418 1417 5473 LXX
1453 5419 1651 5473 habent
1681 5416 1863 5470 δοῦναι
1892 5416 1993 5487 τὴν

417 5486 625 5557 τροφὴν
652 5488 834 5548 αὐτοῖς
869 5487 1144 5557 εὔκαιρον.

492 5558 603 5625 (56)
642 5557 969 5629 Psal._cn.v,
1004 5558 1088 5612 15.
1119 5558 1286 5629 Leges
1324 5560 1464 5629 apud
1496 5558 1636 5613 LXX
1674 5575 1685 5609 :
1732 5558 1995 5625 Ἀνοίγεις

421 5627 488 5680 σὺ
521 5628 615 5688 τὰς
648 5627 837 5697 χεῖράς
868 5643 982 5679 σου.
1006 5668 1027 5697 ,ί
1048 5669 1059 5681 .
1081 5668 1094 5680 .

492 5698 603 5766 (57)
645 5696 978 5751 Sententiam
1018 5696 1361 5753 Ecclesiaste
1400 5710 1589 5761 totam,
1625 5699 1839 5768 opinor,
1897 5712 1996 5751 nec

456 5784 512 5821 er
545 5768 822 5835 ambages,
872 5768 1059 5835 paucis
1103 5770 1419 5835 complexus
1469 5767 1989 5830 fuerat'Gregorius

464 5839 873 5895 eocwsariensis
941 5853 954 5891 :
1026 5839 1336 5907 Πέπεισμαι
1394 5841 1574 5895 τοίνυν
1636 5840 1704 5892 τά
1758 5838 1990 5909 μέγιστα

659 5950 936 6013 Pyram.
975 5950 1095 6013 Gs.
1128 5951 1385 6014 XCVIII

2164 4587 2457 4658 Propterea
2485 4599 2539 4644 et
2582 4590 2670 4645 hic
2713 4592 2931 4663 sapiens
2960 4590 3318 4649 Ecclesiastes
3362 4594 3467 4650 hoc
3494 4611 3662 4650 unum

2094 4680 2188 4735 Dei
2224 4698 2425 4737 munus
2448 4683 2759 4752 appellavit,
2791 4694 2851 4739 ut
2876 4686 3060 4740 sobrie
3087 4687 3295 4742 scilicet
3322 4703 3387 4743 ac
3419 4688 3664 4744 destina-

2095 4774 2165 4828 tis
2183 4775 2526 4843 temporibus
2556 4777 2783 4832 edamus
2809 4786 2974 4848 atque
3000 4780 3251 4836 bibamus
3275 4800 3290 4834 :
3316 4791 3509 4836 caetera
3534 4798 3663 4837 vero

2092 4883 2217 4938 qua:
2251 4869 2499 4925 homines
2528 4871 2709 4925 studio
2732 4871 2892 4941 digna
2919 4873 3271 4940 arbitrantur,
3297 4890 3326 4928 a
3356 4878 3667 4945 suspicione

2095 4960 2214 5030 ipsa
2249 4961 2381 5015 boni
2430 4963 2623 5032 procul
2662 4964 2904 5033 sejunxit
2953 4965 3099 5037 ('57);
3154 4968 3356 5037 quippe
3384 4984 3510 5035 quae
3557 4968 3665 5021 cito

2094 5061 2374 5106 mutentur
2412 5062 2576 5123 atque
2625 5056 3039 5122 contabescant,
3093 5074 3329 5128 cumque
3386 5059 3664 5113 interitum

2096 5140 2338 5210 undique
2368 5152 2633 5208 metuant,
2664 5146 2867 5199 nullam
2903 5149 3120 5217 penitus
3148 5149 3433 5203 utilitatem
3467 5163 3667 5218 suppe-

2096 5343 2596 5416 ayaﬁaaveptbmp
2634 5345 2897 5416 εὐθυμίαν
2940 5346 3034 5398 καὶ
3086 5346 3332 5399 εὐποιίαν
3378 5346 3665 5416 ὑπάρχειν,

2096 5418 2217 5487 και
2241 5415 2422 5485 μέντοι
2448 5417 2542 5487 καὶ
2566 5416 2665 5487 τὴν
2694 5417 3025 5487 πρόσκαιρον
3054 5416 3256 5485 ταύτην
3278 5415 3575 5470 ἀπόλαυσιν
3606 5422 3669 5468 ἐκ

2095 5486 2230 5558 Θεοῦ
2271 5485 2720 5558 λπαραγέννεσοαι
2752 5485 2948 5555 μόνον,
2973 5489 3021 5538 εἰ
3047 5487 3361 5557 δικαιοσύνη
3397 5488 3502 5539 τῶν
3525 5490 3668 5558 πρά-

2097 5555 2233 5620 ξεων
2258 5554 2463 5624 ἡγοῖτο.
2505 5554 2558 5608 ld
2587 5565 2669 5608 est
2702 5574 2714 5610 :
2750 5554 3072 5610 Persuasum
3107 5558 3267 5626 igitur
3296 5554 3479 5618 habeo.
3505 5554 3670 5610 animi

2096 5626 2429 5678 hilaritatem
2474 5636 2522 5679 et
2570 5626 2964 5695 beneﬁcentiam
3010 5630 3246 5680 maxima
3292 5629 3490 5681 homini
3535 5628 3669 5681 bona

2096 5712 2228 5758 esse,
2256 5708 2411 5768 atque
2450 5696 2577 5749 adeo
2610 5696 2810 5749 brevem
2838 5701 2974 5750 hanc
2995 5700 3161 5752 solam
3198 5698 3513 5768 voluptatem
3536 5700 3672 5752 divi-

2096 5768 2237 5839 nitus
2268 5766 2525 5839 obvenire,
2564 5768 2610 5820 si
2650 5768 2799 5821 rebus
2825 5770 3064 5838 gerendis
3092 5766 3545 5838 justitia'prteeat.
3590 5770 3669 5839 (In

2096 5835 2357 5907 Metaphr.
2381 5836 2614 5907 Eccles.)

3311 5954 3388 6014 '28
