4172 6548
502 418 608 482 s75
1624 407 1678 465 s
1712 401 2097 466 GREGORII
2139 400 2647 463 AGRIGENTINI
3676 412 3778 474 375

502 531 696 586 ditent.
723 528 896 582 Porro
924 522 1431 594 interpretationem
1469 520 1790 589 hujusmodi
1832 520 1900 574 iis
1926 518 2089 573 etiam

2220 514 2259 566 τὸ
2314 514 2578 584 παράπαν
2628 515 2920 583 ὠφέλειαν.
2974 518 3271 575 Πιστοῦται
3331 520 3389 575 δὲ
3452 520 3551 592 τὴν
3600 524 3783 580 τοιαύ-

503 623 813 686 conﬁrmat,
845 634 966 690 qua:
997 618 1181 672 statim
1219 614 1473 685 subjecit.
1506 613 1596 669 Ait
1630 613 1774 668 enim
1805 630 1817 666 :

2225 624 2289 677 ην
2317 607 2543 675 ἐκδοχὴν
2599 608 2694 660 καὶ
2719 608 2789 661 δι’
2822 606 2897 663 ὧν
2927 611 3149 681 ἀμέσως
3175 615 3443 685 ἐπήγαγε.
3476 616 3609 689 Φησὶ
3638 618 3777 688 γάρ·

2036 812 2062 883 §
2101 812 2264 871 xvu.

581 985 740 1040 Vens.
778 981 865 1036 Η.
899 977 1152 1048 Cognovi,
1195 976 1319 1046 quia
1363 974 1564 1036 omnia,
1609 988 1726 1043 qua:
1768 972 1891 1041 fecit
1924 970 2088 1036 Deus,

508 1083 624 1148 ipsa
650 1074 889 1131 eruntin
929 1081 1209 1125 aeternum.
1252 1067 1332 1119 Ad
1383 1066 1480 1119 illa
1516 1066 1600 1135 fas
1627 1080 1729 1117 non
1771 1073 1848 1118 est
1875 1065 2090 1126 addere,

508 1168 652 1224 etab
680 1167 792 1220 illis
828 1164 910 1235 fas
954 1177 1058 1215 non
1098 1168 1173 1213 est
1202 1157 1428 1212 demere.
1463 1155 1532 1208 Et
1564 1154 1700 1210 Deus
1742 1155 1889 1223 fecit,
1919 1163 1976 1207 ut
2028 1155 2094 1208 tio

510 1270 685 1317 meant
708 1277 741 1313 a
770 1258 907 1329 facie
932 1271 1029 1308 sua
1054 1252 1189 1323 (38).

2265 976 2519 1043 Ἐγνων,
2550 974 2640 1029 ὅτι
2675 976 2897 1041 πάντα,
2928 977 3047 1033 ὅσα
3085 981 3383 1051 ἐποίησεν
3411 986 3444 1038 ό
3475 985 3641 1051 Θεὸς,
3676 991 3782 1044 αὑ-

2191 1066 2265 1120 τὰ
2313 1066 2486 1120 ἔσται
2543 1070 2633 1133 εὶς
2683 1069 2791 1121 τὸν
2842 1067 3049 1125 αιῶνα.
3100 1074 3220 1125 Ἐπ’
3258 1074 3459 1129 αὐτῶν
3503 1081 3616 1133 οὐκ
3650 1080 3783 1136 ἐστι

2193 1157 2562 1226 προσθεῖναι,
2619 1160 2720 1212 καὶ
2767 1161 2870 1215 ἀπ’
2922 1161 3125 1217 αὐτῶν
3170 1166 3283 1219 οὐκ
3308 1168 3483 1223 ἐστιν
3511 1173 3782 1240 ἀφελεῖν.

2194 1248 2304 1302 Καὶ
2347 1251 2381 1303 ό
2406 1248 2552 1315 Θεὸς
2581 1250 2893 1317 ἐποίησεν,
2928 1252 3029 1305 ἵνα
3059 1254 3409 1321 φοϐηθῶσιν
3444 1260 3563 1313 ἀπὸ
3602 1278 3785 1330 προσ-

2197 1339 2365 1395 ώπου
2388 1341 2599 1395 αὐτοῦ.

584 1484 715 1554 Quae
744 1500 773 1539 a
805 1479 1094 1551 ﬂagitiosis
1144 1474 1441 1546 pravisque
1476 1470 1795 1526 hominibus
1828 1479 2095 1541 geruntur

2284 1478 2766 1533 Ἀντιδιαστέλλων
2792 1482 2905 1543 τοῖς
2930 1480 3034 1533 ὑπὸ
3059 1480 3169 1533 τῶν
3203 1483 3493 1556 μοχθηρῶν
3524 1489 3619 1542 καὶ
3648 1491 3783 1558 φεύ-

514 1598 578 1637 ac
608 1580 765 1644 ﬁunt,
794 1588 1028 1647 quorum
1058 1570 1193 1625 nihil
1217 1568 1362 1623 illico
1386 1580 1493 1620 non
1523 1564 1753 1629 disperit
1778 1575 1943 1634 atque
1968 1579 2096 1617 eva~

2220 1588 2308 1624 κων
2350 1572 2659 1643 ἀνθρώπων
2689 1574 2997 1643 γινομένοις
3033 1577 3127 1628 κα)⁸
3168 1582 3607 1649 πεπραγμένοις,
3647 1585 3681 1639 ἃ
3718 1586 3784 1657 δὴ

516 1672 712 1735 nescit,
746 1669 814 1724 ab
847 1667 914 1722 iis
943 1662 1305 1733 distinguens,
1335 1674 1456 1729 quae
1485 1659 1555 1712 ab
1586 1657 1856 1712 universae
1888 1666 2098 1711 natura:

2220 1663 2522 1733 παραυτίκα
2552 1664 2877 1731 διόλλυνται,
2916 1668 3010 1719 καὶ⁹
3043 1666 3251 1737 φροῦδα
3294 1671 3539 1738 γίνονται
3588 1692 3784 1728 παντε-

516 1779 744 1821 auctore
769 1771 823 1817 et
858 1758 1145 1814 conditore
1197 1754 1306 1807 Deo
1347 1752 1621 1823 prodiere,
1664 1750 1795 1803 illud
1845 1749 2101 1819 proponit

2220 1756 2332 1818 ιὼς,
2368 1756 2437 1809 τὰ
2464 1757 2618 1828 παρὰ
2650 1756 2745 1811 τοῦ
2778 1760 2998 1813 πάντων
3032 1762 3391 1832 γενεσιάρχου
3426 1768 3522 1818 καὶ
3562 1768 3786 1838 ποιητοῦ

517 1858 774 1913 omnibus
804 1860 968 1920 atque
1001 1847 1261 1911 ostendit,
1292 1854 1490 1899 cuncta
1532 1843 1667 1903 haec,
1700 1842 1832 1896 nulli
1866 1840 2101 1895 obnoxia

2220 1849 2343 1902 θεοῦ
2385 1850 2677 1921 προτίθησι
2723 1853 2837 1915 τοῖς
2885 1852 3218 1925 ἀνθρώποις,
3261 1859 3355 1910 καὶ
3402 1858 3787 1929 διαδείκνυσιν,

522 1946 793 2012 varietati,
851 1955 1171 2015 permanere
1230 1946 1498 2007 perpetuo
1556 1944 1725 1998 statu,
1786 1950 1887 1989 nec
1939 1934 2101 1988 ﬁnem

521 2059 679 2101 suum
722 2051 887 2109 atque
942 2034 1226 2090 interitum
1280 2030 1605 2100 przestolari,
1656 2027 1759 2083 nisi
1815 2036 2104 2097 postquam

521 2140 641 2193 dies
667 2131 968 2195 advenerit,
998 2144 1109 2200 quo
1134 2136 1380 2182 extrema
1422 2122 1613 2178 mundi
1647 2121 1811 2190 hujus
1842 2122 2107 2175 immuta-

525 2235 600 2288 tio
634 2226 1055 2293 terminatioque
1086 2226 1397 2291 peragatur.
1438 2216 1616 2285 Atque
1672 2214 1788 2269 inec
1822 2213 1927 2282 91
1961 2212 2110 2282 ejus-

527 2324 674 2381 modi
714 2336 831 2377 esse
855 2316 1108 2379 aﬂirmat,
1140 2322 1200 2367 ut
1224 2325 1404 2380 neque
1429 2307 1554 2363 addi
1580 2306 1904 2377 quidquam,
1933 2319 2111 2375 neque

527 2417 669 2473 demi
696 2414 808 2469 ullo
841 2408 1005 2467 modo
1039 2405 1233 2478 possit,
1266 2419 1335 2458 ne
1361 2402 1431 2457 ab
1454 2417 1519 2456 eo
1544 2400 1764 2471 quidem
1800 2399 1940 2468 ipso,
1967 2398 2112 2453 unde

527 2510 712 2566 omnia
766 2520 890 2562 esse
930 2506 1235 2571 coeperunt.
1286 2494 1483 2551 Omnia
1520 2493 1665 2563 enim
1707 2492 1930 2561 illejam
1982 2490 2112 2546 fecit

528 2601 684 2657 valde
718 2599 861 2652 bona
888 2613 900 2647 :
934 2601 994 2647 ut
1023 2606 1144 2661 qua:
1172 2598 1299 2660 apto
1333 2588 1659 2656 integroque
1690 2599 1922 2639 numero
1950 2592 2114 2652 atque

529 2691 721 2747 ordine
755 2687 825 2741 ab
852 2701 918 2739 eo
950 2682 1171 2738 condita
1207 2678 1433 2741 fuerint,
1466 2677 1860 2732 detractionem
1900 2674 2113 2745 singula

530 2794 693 2854 atque
722 2778 1055 2834 additionem
1085 2787 1307 2828 omnem
1336 2784 1491 2839 aeque
1516 2776 1799 2839 respuant.
1833 2766 1968 2821 Nam
1997 2781 2116 2835 quae

531 2876 675 2931 Deus
702 2870 909 2944 judicio
948 2883 1048 2923 suo
1078 2863 1318 2920 deﬁnivit
1351 2871 1406 2918 et
1438 2860 1595 2916 valde
1620 2862 1759 2916 bona
1790 2859 2116 2931 pronuntia-

533 2970 630 3035 vit,
656 2978 899 3037 quonam
941 2959 1100 3014 modo
1131 2956 1291 3028 quasi
1326 2964 1421 3011 aut
1446 2955 1661 3010 defectu
1700 2963 1795 3008 aut
1828 2952 2118 3023 superﬂui-

533 3073 646 3117 tate
676 3059 979 3115 laborantia
1004 3052 1088 3108 vel
1123 3051 1365 3106 tollendo
1396 3050 1484 3104 ille
1508 3050 1719 3103 minuat
1749 3048 1835 3103 vel
1868 3047 2116 3103 addendo

2205 1942 2280 2005 ὡς
2314 1943 2495 1997 πάντα
2526 1942 2875 2013 διαμένουσιν
2906 1944 3241 2001 ἀναλλοίωτα
3272 1950 3365 2002 καὶ
3395 1950 3788 2019 διαιωνίζοντα,

2207 2033 2302 2086 καὶ
2334 2031 2609 2103 μηδεμίαν
2638 2033 2981 2104 ὑπομένοντα
3011 2037 3151 2108 πρὸς
3179 2037 3240 2090 τὸ
3279 2038 3353 2109 μὴ
3380 2038 3438 2092 ὃν
3476 2044 3792 2114 περιχὼρη-

2211 2139 2316 2187 σιν,
2347 2122 2546 2193 μέχρις
2571 2122 2638 2176 ἂν
2664 2125 2692 2177 ὁ
2718 2127 2909 2196 καιρὸς
2952 2126 3100 2179 ἔλθοι
3132 2126 3231 2197 τῆς
3258 2131 3531 2199 κοσμικῆς
3571 2132 3798 2185 ἀλλοιώ-

2212 2233 2351 2279 σεως
2393 2216 2488 2270 καὶ
2514 2216 2815 2280 παντελοῦς
2840 2219 3339 2290 ἁποπερατώσεως.
3377 2222 3466 2274 Ἐν
3491 2216 3793 2293 οἷς,φησὶν,

2209 2306 2334 2361 οὗτε
2358 2310 2479 2361 τινὰ
2511 2308 2833 2380 προσθήκην
2861 2310 2985 2364 οὕτε
3014 2314 3121 2383 μὴν
3146 2313 3435 2384 ἀφαίρεσιν
3466 2316 3796 2386 ποιήσασθαι

2209 2401 2433 2456 δυνατόν
2463 2404 2634 2466 ἐστιν,
2664 2404 2775 2456 οὐδ’
2804 2404 2969 2459 αὑτὸν
3000 2408 3209 2460 ἐκεῖνον
3255 2406 3347 2461 τὸν
3392 2409 3608 2463 πάντων
3663 2412 3799 2465 ὑπο-

2215 2499 2492 2567 στήσαντα
2524 2496 2624 2568 τὴν
2657 2497 2937 2552 ούσίωσιν.
2982 2500 3119 2572 Ἤδη
3159 2502 3266 2573 γὰρ
3310 2506 3487 2557 πάντα
3521 2504 3663 2558 καλά
3701 2522 3801 2558 πε-

2213 2591 2408 2658 ποίηκε
2439 2588 2561 2642 λίαν
2590 2606 2602 2618 ·
2639 2589 2735 2642 καὶ
2782 2591 2893 2644 τῶν
2939 2592 3239 2664 ἀμηχάνων
3287 2595 3404 2647 ἐστὶ
3452 2598 3563 2659 τοῖς
3607 2596 3800 2668 ρυθμῷ

2216 2683 2310 2736 καὶ
2339 2681 2493 2748 τάξει
2523 2684 2590 2752 τῇ
2626 2682 2911 2754 πρεπούσῃ
2944 2685 3038 2738 καὶ
3079 2689 3321 2758 σωστικῇ
3358 2687 3488 2759 παρ’
3510 2688 3676 2742 αὑτοῦ
3706 2706 3801 2758 γε·

2214 2775 2451 2843 γονόσιν,
2502 2774 2793 2845 ἀφαίρεσίν
2852 2793 2977 2830 τινα
3028 2778 3329 2849 ὑποστῆναι
3381 2779 3443 2832 τὸ
3479 2780 3718 2845 σύνολον,
3764 2781 3798 2852 ἢ

2216 2867 2540 2939 προσθήκην
2571 2866 2631 2922 τὸ
2654 2868 2914 2938 ἔμπαλιν.
2950 2872 3017 2923 Ἃ
3042 2872 3152 2941 γὰρ
3192 2872 3291 2943 ήδη
3322 2872 3583 2943 κέκρικεν
3615 2875 3643 2927 ὁ
3669 2873 3801 2936 Θεὸς

2217 2959 2313 3013 καὶ
2355 2957 2577 3029 διώρισε
2626 2959 2722 3013 καὶ
2754 2958 2896 3013 καλὰ
2937 2959 3057 3013 λίαν
3090 2961 3363 3031 ὠνόμασε,
3398 2962 3516 3026 πῶς
3548 2962 3622 3026 ὡς
3657 2962 3801 3015 ἐλλι-

2220 3049 2388 3121 πῶςῆ
2422 3049 2697 3120 περιττῶς
2731 3050 2925 3120 ἔχοντα
2956 3051 3387 3123 δι’ἀφαιρέσεως
3415 3052 3727 3117 ἐλαττώσει,
3766 3053 3800 3125 ἢ

535 3153 776 3226 augeat?
804 3152 860 3206 ld
893 3148 1155 3204 nimirum
1188 3160 1219 3199 a
1249 3143 1539 3214 prudentia
1561 3143 1798 3196 alienum
1828 3151 1911 3196 est
1939 3149 1992 3195 et
2018 3154 2118 3210 po-

2223 3140 2546 3212 προσθήκης
2578 3141 2805 3210 αὐξήσει
2831 3159 2844 3206 ;
2890 3140 3063 3195 Τοῦτο
3094 3143 3201 3213 γὰρ
3236 3143 3518 3215 ἀλλότριόν
3557 3148 3673 3198 ἐστι
3703 3144 3803 3215 τῆς

536 3250 703 3305 tentia
735 3254 790 3302 et
813 3241 1101 3314 sapientia,
1130 3254 1252 3309 quae
1280 3236 1447 3291 Deum
1477 3237 1671 3292 decent
1703 3254 1715 3289 :
1747 3250 1871 3291 cum
1911 3235 1965 3288 in
1989 3250 2118 3305 pru-

536 3342 690 3399 denti
720 3338 887 3394 etiam
912 3334 1244 3401 cordatoque
1267 3331 1388 3384 viro
1418 3329 1830 3384 dissentancum
1854 3329 2012 3398 plane
2037 3334 2119 3381 at-

539 3447 646 3505 que
696 3426 997 3484 absurdum
1032 3421 1283 3476 videatur
1325 3427 1543 3474 mutare
1581 3418 1921 3497 consilium,
1945 3427 1997 3473 et
2034 3432 2120 3473 se-

540 3524 739 3580 cundis
767 3519 916 3576 curis
944 3531 1006 3571 ea
1053 3511 1351 3585 corrigere,
1381 3528 1503 3583 quae
1544 3512 1658 3582 jam
1705 3513 1961 3568 inchoata
2001 3510 2119 3566 (ue.

543 3621 672 3676 rint.

614 3752 741 3806 Haec
762 3761 892 3801 vero
922 3744 1129 3805 omnia,
1160 3758 1286 3813 qua
1319 3742 1375 3797 in
1401 3741 1556 3798 uelis
1581 3740 1789 3796 scilicet
1817 3749 1869 3794 et
1893 3738 1945 3793 in
1981 3749 2120 3794 terra

546 3857 600 3901 et
636 3846 692 3900 in
724 3841 861 3896 mari
900 3847 1053 3903 sunt,
1095 3837 1169 3891 ita
1197 3835 1343 3891 Deus
1378 3834 1642 3898 condidit,
1673 3834 1807 3889 utin
1838 3842 1948 3887 tam
1981 3832 2122 3886 miro

545 3952 735 3993 eorum
768 3931 963 3989 ordine
1021 3944 1087 3984 ac
1136 3927 1498 3983 conversione
1536 3925 1966 3996 contemplantes
2026 3924 2125 3977 ho-

547 4031 727 4085 mines
773 4026 1103 4080 immeusum
1157 4016 1598 4090 magnitudinum
1649 4016 2018 4085 spectaculum
2072 4023 2127 4069 et

546 4135 852 4178 consonum
889 4117 1043 4171 illum
1083 4122 1293 4170 motum
1326 4127 1393 4168 ac
1410 4119 1637 4174 statum,
1668 4107 2018 4164 Conditorem
2046 4122 2127 4162 re-

547 4231 670 4271 rum
701 4212 951 4268 omnium
982 4208 1171 4264 animo
1207 4205 1469 4275 cogitent,
1502 4216 1744 4269 eumque
1773 4198 1943 4255 veteri
1988 4198 2128 4254 inci-

549 4310 788 4380 pientes,
848 4303 1109 4376 pmentiaa
1154 4297 1569 4369 maiestatisque
1618 4294 1737 4363 ejus
1791 4293 2023 4380 imperio
2068 4306 2130 4347 se

553 4398 898 4454 submittant.
932 4392 1003 4446 At
1126 4399 1318 4444 contra
1352 4382 1679 4452 obsequium
1723 4389 1777 4435 et
1805 4379 2129 4434 famulatum

2221 3231 2561 3303 θεοπρεποῦς
2617 3234 2888 3296 συνέσεως
2952 3234 3379 3302 καὶδυνάμεως
3431 3237 3529 3290 καὶ⁴
3586 3237 3799 3306 σοφίας.

2220 3325 2395 3378 Ὅπου
2426 3341 2491 3394 γε
2524 3324 2663 3379 κάπὶ
2706 3324 2814 3379 τῶν
2849 3325 3141 3397 ἐμφρόνων
3182 3326 3277 3380 καὶ
3304 3327 3543 3380 συνετῶν
3592 3326 3804 3400 ἀνθρὼ-

2219 3435 2337 3472 πων
2365 3417 2627 3483 ἀπεοικδς
2660 3416 2890 3489 εὓρηται
2918 3419 3015 3472 καὶ
3043 3418 3324 3483 παντελῶς
3355 3421 3462 3473 ἀπε
3472 3423 3706 3490 μφαῖνον
3742 3422 3804 3475 τὸ

2224 3510 2740 3581 μεταϐουλεύεσθαι,
2764 3512 2858 3564 καὶ
2884 3512 3022 3582 πρὸς
3048 3511 3110 3564 τὸ
3137 3512 3350 3582 βέλτιον
3378 3512 3477 3584 τὴν
3506 3513 3643 3568 ιδίαν
3670 3516 3809 3587 πρᾶ-

2222 3603 2303 3668 ξιν
2334 3604 2636 3672 ἐπανάγειν
2658 3603 2925 3673 ὑστέρως.

2294 3740 2450 3794 Οὕτω
2481 3740 2540 3795 δὲ
2570 3740 2746 3795 ταῦτα
2785 3741 2965 3795 πάντα
2996 3742 3303 3815 πεποίηκεν
3344 3747 3373 3799 ὁ
3414 3745 3549 3810 Θεὸς
3586 3747 3655 3800 τὰ
3683 3750 3807 3803 κατ’

2223 3833 2454 3902 οὐρανὸν
2483 3832 2730 3905 δηλονότι
2760 3835 2856 3887 καὶ
2876 3834 2976 3905 τὴν
3006 3835 3110 3907 γῆν
3142 3837 3238 3889 καὶ
3265 3835 3366 3909 τὴν
3388 3837 3681 3907 θάλατταν,
3719 3842 3807 3896 ινα

2224 3927 2314 3981 διὰ
2349 3926 2450 3997 τῆς
2489 3927 2864 3999 παναρμονίου
2920 3928 3131 3993 τάξεως
3172 3929 3352 3983 αὐτῶν
3400 3932 3497 3985 καὶ
3537 3935 3808 4004 κινήσεως

2229 4019 2521 4090 βλέποντες
2567 4022 2617 4072 οἱ
2659 4019 2938 4092 ἄνθρωποι
2981 4024 3094 4077 τῶν
3143 4023 3391 4094 μεγεθῶν
3435 4025 3537 4096 τὴν
3579 4026 3811 4080 ἄπλετον

2228 4114 2356 4168 θέαν
2380 4114 2478 4167 καὶ
2503 4113 2605 4185 τὴν
2627 4114 3144 4187 συμπεφωνημένην
3174 4115 3387 4186 κίνησιν
3411 4117 3508 4171 καὶ
3528 4119 3809 4192 διαμονὴν⁹

2228 4205 2453 4260 ὲννοῶσι
2472 4205 2565 4259 τὸν
2590 4206 2823 4279 ποιητὴν
2850 4206 3048 4273 αὑτῶν,
3074 4208 3169 4261 καὶ
3199 4208 3291 4262 τὸν
3320 4209 3484 4280 φόϐον
3507 4211 3672 4265 αὑτοῦ
3698 4212 3814 4266 δια-

2231 4300 2432 4365 παντὸς
2462 4300 2522 4352 ὲν
2551 4301 2673 4362 ταῖς
2720 4300 2872 4369 σφῶν
2925 4299 3175 4370 καρδίαις
3222 4299 3669 4372 ἀναλαμόἁνωσι,
3720 4305 3815 4358 κα)⁸

2232 4392 2753 4447 καθυποτάττωνται
2788 4391 2929 4461 μετὰ
2959 4392 3129 4461 φόϐου
3160 4391 3239 4463 τῷ
3273 4388 3465 4461 κράτει
3499 4395 3597 4465 τῆς
3632 4395 3813 4466 ίσχύος

550 4491 672 4560 ejus
696 4498 810 4542 tota
843 4492 1024 4539 mente
1051 4478 1313 4545 aversati,
1348 4476 1524 4531 ﬂuxas
1547 4476 1729 4539 potius
1756 4490 1845 4528 res
1875 4482 1929 4527 et
1965 4473 2118 4527 cadu-

2233 4484 2398 4538 αὑτοῦ
2434 4485 2532 4538 καὶ
2572 4484 3008 4556 μεγαλειότητος.
3048 4486 3111 4539 Οἱ
3158 4484 3217 4538 δὲ
3252 4487 3443 4558 πόρρω
3482 4489 3815 4553 διατιθέντες

554 4598 649 4639 cas
699 4578 973 4635 serviliter
1025 4580 1440 4632 consectantur,
1494 4578 1660 4638 atque
1709 4564 1988 4621 abdomini
2030 4579 2118 4618 suc

2235 4576 2335 4648 τὴν
2377 4576 2608 4649 καρδίαν
2636 4576 2738 4647 τῆς
2767 4576 2904 4647 πρὸς
2939 4576 3102 4630 αὑτὸν
3132 4578 3414 4647 ὑποταγῆς
3447 4582 3540 4632 καὶ
3570 4580 3810 4650 θητείας,

552 4687 608 4735 et
632 4676 879 4745 corporis
913 4666 1286 4740 voluptatibus
1318 4665 1637 4733 indulgent;
1667 4676 1776 4716 non
1802 4661 1991 4730 utique
2013 4675 2133 4713 om-

560 4770 825 4841 nipotenti
875 4767 986 4822 Deo
1021 4783 1034 4818 :
1070 4783 1090 4816 ι
1132 4759 1454 4817 Extendenti
1489 4756 1686 4813 cretum
1736 4756 1879 4811 sicut
1910 4754 2132 4825 pellem,

556 4878 630 4932 et,
665 4860 914 4919 [undanti
966 4867 1170 4912 terram
1223 4868 1390 4922 super
1441 4849 1792 4905 stabilitatem
1843 4861 2019 4912 suam,
2079 4854 2135 4900 et

556 4959 788 5029 abyssus
828 4964 994 5023 atque
1028 4951 1353 5005 immensam
1392 4942 1561 4997 maris
1595 4940 1992 5012 plenitudinem
2042 4955 2131 4994 re-

557 5048 793 5106 trenanti
824 5046 958 5118 (59),
984 5040 1399 5110 dominantique
1436 5037 1491 5092 in
1519 5037 1717 5090 virtute
1751 5050 1851 5091 sua
1892 5033 1948 5089 in
1981 5042 2136 5089 aiter-

559 5158 691 5199 num
713 5143 777 5199 θ’.
814 5160 834 5193 ι
870 5140 1073 5211 Utique
1098 5152 1228 5207 ergo
1251 5132 1450 5205 adjecit
1476 5131 1663 5187 statim
1688 5148 1702 5183 :

630 5535 677 5569 ⁸³
708 5531 829 5588 Lib.
865 5548 906 5599 ι,
948 5528 976 5602 ς
1016 5530 1103 5586 Η.

632 5746 744 5817 (38)
792 5744 946 5816 Apud
994 5738 1137 5817 LXX
1182 5737 1438 5817 invenies
1473 5754 1495 5817 _:
1542 5735 1660 5817 ’ξπ
1700 5731 1989 5817 aegaeo}
2022 5732 2139 5785 ἐστι

637 5803 898 5877 οσθεῖνοὶι,
951 5813 1047 5867 καὶ
1102 5812 1196 5866 ἀπ’
1226 5807 1393 5862 αὑτοῦ
1435 5808 1537 5861 οὐκ
1571 5805 1719 5859 ἔστιν
1763 5803 2007 5870 ἀφελεῖν.
2035 5841 2048 5855 .
2078 5842 2090 5855 .
2120 5841 2134 5855 .

609 5834 773 5941 fvmu.
831 5886 941 5941 Kal.
1002 5885 1031 5937 ὀ
1083 5882 1216 5941 Θεὸς
1271 5877 1530 5941 εποίησεν
1588 5872 1753 5941 αὐτὰ,
1819 5873 1907 5927 ἵνα
1969 5872 2134 5941 φοϐη-

563 5834 898 5941 προσυειναι,
951 5834 1047 5867 και
1102 5834 1181 5866 απ
1226 5834 1393 5862 αυτυυ
1435 5834 1537 5861 ουκ.
1571 5834 1718 5891 eo}...
1763 5834 2007 5870 αγεηςιν.
2035 5841 2048 5855 .
2078 5842 2090 5855 .
2120 5841 2134 5855 .

562 5889 773 5961 Oymp.
831 5886 941 5941 Kal.
1002 5885 1031 5937 ὁ
1083 5882 1216 5945 Θεὸς
1271 5877 1530 5948 ἐποίησεν
1588 5872 1753 5941 αυτὰ,
1819 5873 1907 5927 ἵνα
1969 5872 2138 5943 φοϐη-

2233 4671 2347 4732 τοῖς
2394 4670 2826 4738 παρερχομένοις
2863 4669 2957 4720 καὶ
3000 4668 3381 4740 φθειρομένοις
3426 4670 3815 4725 ὑποτάττονται

2238 4762 2461 4834 μᾶλλον,
2485 4763 2579 4815 καί
2603 4763 2669 4831 τῇ
2700 4760 2880 4831 κοιλίᾳ.
2906 4763 2999 4815 καὶ
3020 4765 3139 4825 ταῖς
3166 4766 3454 4834 σαρκικαϊς
3476 4763 3817 4817 δουλεύουσιν

2234 4854 2485 4925 ἡδοναῖς,
2514 4853 2631 4905 ἀλλ’
2661 4853 2781 4922 ούχὶ
2807 4852 2884 4923 τῷ
2916 4854 3181 4907 παναλκεῖ
3214 4854 3332 4924 Θεῷ
3366 4873 3385 4907 ι
3413 4854 3501 4925 Τῷ
3521 4855 3818 4910 ὲκτείναντι

2238 4946 2332 5000 τὸν
2366 4945 2594 5016 οὐρανὸν
2620 4944 2753 4997 ὡσεὶ
2784 4944 2993 5017 δέρριν,
3025 4948 3119 5000 καὶ
3155 4947 3550 5016 θεμελιώσαντι
3587 4946 3687 5017 τὴν
3714 4947 3820 5017 γῆν

2242 5038 2337 5092 ἐπὶ
2368 5037 2465 5109 τὴν
2490 5036 2791 5106 ἀσφάλειαν
2824 5039 3016 5107 αὐτῆς,
3040 5041 3137 5092 καὶ
3162 5039 3262 5102 τὰς
3296 5039 3568 5103 ἀϐύσσους
3599 5040 3691 5092 καὶ
3721 5041 3821 5103 τὴν

2241 5130 2481 5202 ἄμετρον
2513 5130 2721 5201 πληθὺν
2751 5130 3113 5201 χαλινώσαντι
3151 5133 3250 5203 τῆς
3282 5133 3581 5204 θαλάσσης,
3609 5133 3703 5187 καὶ
3732 5132 3819 5185 δε-

2244 5225 2498 5289 σπόζοντι
2529 5225 2587 5276 ὲν
2611 5226 2676 5295 τῇ
2701 5224 2992 5297 δυναστείᾳ
3021 5224 3189 5279 αὑτοῦ
3214 5225 3307 5279 τοῦ
3342 5226 3556 5290 αἰῶνος.
3596 5245 3617 5279 ι
3660 5226 3821 5297 ’Δμέο

2242 5316 2324 5369 λει
2354 5316 2534 5369 τοίνυν
2559 5316 2782 5386 ἀμέσως
2813 5315 3062 5385 ἐπήγαγε
3095 5333 3109 5348 ·

2247 5728 2435 5877 Mali).
2462 5800 2607 5859 Psal.
2632 5816 2739 5869 civ,
2775 5800 2831 5868 2,
2855 5800 3036 5858 verbis
3063 5800 3292 5872 carptim
3322 5798 3590 5855 delibans.
