4172 6516
398 383 501 447 877

1464 382 1545 441 ΙΝ
1584 378 2156 444 ECCLESIASTEN.
2205 404 2273 414 -·
2307 380 2454 439 LIB.
2502 380 2616 441 III.

3553 381 3660 447 878

1844 512 1847 517 ι
1902 492 1928 565 5
1962 491 2192 547 X\’lll.~

470 612 541 665 re
584 611 930 678 γενόμενον,
970 606 1087 675 ἤδη
1140 608 1308 663 ἐστι’
1358 608 1455 662 καί
1492 608 1610 662 ὅσα
1657 609 1769 664 τοῦ
1806 612 1975 679 τεγέ-

2147 605 2314 662 Vsns.
2352 607 2436 661 15.
2468 606 2621 672 Quod
2649 606 2774 674 fuit,
2793 606 2909 673 jam
2938 614 3054 669 est;
3084 612 3135 659 et
3165 620 3281 675 qua:
3307 605 3493 674 futura
3515 618 3659 672 sunt,

394 706 537 757 σθαι
567 700 684 771 ἤδη
711 700 921 769 γέγονε
943 712 959 727 ·
991 699 1091 751 καὶ
1127 702 1161 752 ό
1188 698 1335 765 Θεὸς
1358 698 1599 768 ζητήσει
1639 703 1745 755 τὸν
1769 701 1975 755 διωκό-

389 812 600 866 μενον.

462 886 762 955 Μονονουχὶ
783 885 895 955 γάρ
918 900 1108 956 φησιν’
1134 883 1332 947 Ἀἲδιος
1364 884 1465 955 μέν
1490 887 1638 937 ἐστιν
1666 888 1694 938 ό
1720 884 1851 948 Θεὸς
1882 887 1979 955 μό-

393 998 503 1041 νος,
540 978 665 1050 μήτ’
705 977 883 1047 ἀρχὴν
938 976 1081 1047 ἔχων
1140 978 1280 1047 μήτε
1332 976 1439 1047 μὴν
1471 977 1656 1040 τέλος*
1704 977 1842 1031 ἀλλὰ
1885 979 1980 1031 καὶ⁵

393 1069 536 1122 κατά
570 1068 633 1120 τὸ
660 1066 957 1121 ἀκόλουθον
1000 1065 1360 1130 ἀναλλοίωτος
1392 1067 1482 1121 ἀεὶ
1520 1067 1796 1139 διαμένων
1839 1070 1981 1123 κατὰ

392 1160 459 1216 τὰ
487 1160 626 1215 αὐτὰ
657 1160 755 1213 καὶ
782 1159 1071 1222 ὡσαύτως,
1108 1158 1186 1220 ὡς
1219 1158 1382 1229 μόνος
1422 1160 1517 1212 καὶ
1557 1160 1741 1231 πάσης
1769 1161 1981 1232 τροπῆς

392 1255 489 1307 καὶ
517 1252 826 1325 μεταϐολῆς
856 1250 1259 1323 ἀπαράδεκτος.
1286 1253 1358 1306 Σὺ
1381 1251 1439 1306 δὲ
1465 1252 1657 1323 θνητὸς
1688 1254 1979 1325 ὑπάρχεις,

393 1342 671 1414 ἄνθρωπε,
697 1342 792 1395 καὶ
817 1343 1203 1413 περιτροπαῖς
1228 1341 1454 1412 μυρίαις
1473 1342 1777 1396 καθυποκεί
1783 1362 1944 1414 μενος
1963 1386 1979 1409 ,

394 1436 489 1489 καὶ
512 1434 761 1505 θητεύων
784 1434 1017 1488 πάντοτε
1041 1434 1135 1487 καὶ
1160 1434 1301 1488 κατὰ
1334 1434 1494 1504 σῶμα
1518 1436 1612 1488 καὶ
1636 1437 1780 1490 κατά
1802 1436 1982 1509 ψυχὴν

395 1523 707 1597 προφανῶς.
773 1522 960 1577 Ταῦτα
1011 1523 1070 1577 δέ
1104 1540 1187 1577 σοι
1230 1526 1615 1596 προσγίνονται
1660 1526 1749 1580 διὰ
1787 1527 1848 1581 τὸ
1879 1528 1981 1597 τῆς

394 1618 621 1689 γνώμης
675 1616 987 1686 ὀλισθηρὸν,
1033 1615 1129 1671 καὶ
1172 1617 1234 1669 τὸ
1280 1616 1383 1687 τῆς
1416 1618 1792 1689 προαιρέσεως
1842 1618 1981 1692 πρὸς

393 1711 494 1781 τὴν
520 1711 629 1762 τῶν
652 1708 947 1779 χειρίστων
973 1706 1173 1777 πρᾶξιν
1209 1708 1596 1778 μετακίνητον.
1620 1708 1759 1763 Οὐδὲ
1782 1708 1891 1780 γὰρ
1920 1708 1980 1774 ἐξ

397 1802 515 1854 icon
548 1802 649 1853 κάν
679 1802 794 1863 τοῖς
827 1800 934 1852 ὑπὸ
979 1798 1116 1853 Θεοῦ
1147 1801 1429 1868 γεγονόσιν
1457 1801 1689 1872 ἀψύχοις
1729 1801 1830 1872 τὴν
1858 1801 1977 1855 δια-

396 1890 563 1963 μονὴν
598 1893 691 1945 καὶ
723 1891 821 1961 τὴν
854 1891 1233 1961 ἀμετάϐλητον
1260 1893 1478 1963 κίνησιν
1515 1893 1611 1946 καὶ
1637 1894 1975 1947 κατάστασιν

2065 699 2183 767 jam
2216 697 2430 755 fuerunt
2462 712 2480 751 :
2524 707 2573 751 et
2603 696 2742 750 Deus
2774 706 2971 765 qureret
3003 711 3145 759 eum,
3173 697 3262 766 qui
3302 696 3662 765 persecutione

2071 790 2332 861 premitur
2364 787 2498 860 (40).

2148 882 2311 938 Velut
2342 883 2389 937 si
2422 883 2567 937 dicat
2594 900 2606 935 :
2638 882 2901 938 Eternus
2929 882 3150 953 quidem
3190 892 3274 937 est
3321 886 3470 940 solus
3495 884 3660 952 Deus,

2076 975 2330 1049 principii
2363 989 2519 1043 atque
2552 982 2607 1028 et
2633 973 2756 1029 [luis
2778 988 2974 1043 expers
3001 989 3017 1027 :
3045 981 3211 1043 atque
3235 973 3373 1030 adeo
3400 974 3666 1032 immuta-

2076 1069 2205 1125 bilis
2257 1082 2476 1139 semper
2509 1066 2567 1121 in
2601 1066 2885 1128 omnibus,
2926 1081 2991 1121 ac
3020 1066 3125 1123 sibi
3171 1067 3333 1137 plane
3378 1079 3661 1136 constans,

2079 1172 2137 1216 ut
2164 1160 2580 1217 conversionem
2612 1168 2667 1214 et
2697 1158 3017 1214 varietatem
3049 1174 3196 1215 unus
3226 1175 3446 1216 omnem
3479 1163 3665 1218 exclu-

2077 1257 2192 1309 dat.
2223 1256 2292 1308 At
2322 1264 2402 1318 tu,
2435 1253 2622 1317 homo,
2652 1261 2707 1307 et
2744 1253 2993 1309 mortalis
3022 1268 3106 1318 es,
3140 1263 3193 1309 et
3231 1253 3340 1324 92
3373 1256 3662 1312 variationi

2079 1347 2285 1418 passim
2319 1346 2729 1417 mutationique
2750 1346 3027 1401 obnoxius
3054 1365 3068 1400 :
3096 1362 3197 1402 nec
3232 1348 3412 1404 minus
3437 1365 3665 1421 corpore

2079 1457 2244 1509 quam
2278 1441 2463 1495 animo
2504 1457 2724 1512 semper
2746 1440 2999 1495 addictus
3025 1440 3205 1509 planel
3227 1440 3282 1494 in
3318 1442 3661 1497 servitutem.

2077 1531 2254 1588 Porro
2287 1534 2402 1588 haec
2435 1542 2489 1588 tu
2525 1535 2681 1589 subis
2712 1544 2931 1604 propter
2964 1532 3228 1587 lubricam
3262 1532 3423 1588 istam
3466 1536 3666 1590 mentis

2079 1639 2144 1679 ac
2172 1624 2469 1680 voluntatis
2514 1635 2618 1680 tua:
2648 1624 2716 1679 ad
2756 1625 2995 1694 pessima
3027 1638 3259 1695 quaeque
3320 1623 3660 1683 facilitatem.

2079 1717 2291 1788 Quippe
2312 1718 2409 1788 qui
2429 1733 2644 1784 eorum,
2666 1733 2788 1788 quae
2812 1717 3056 1772 inanima
3083 1734 3114 1772 a
3140 1716 3250 1773 Deo
3272 1719 3489 1774 condita
3511 1731 3663 1784 sunt,

2078 1810 2543 1876 perseverantiam
2577 1820 3034 1880 eonstantemque
3080 1819 3291 1865 motum
3332 1820 3429 1864 aut
3468 1811 3665 1866 immu-

2078 1903 2300 1958 tabilem
2337 1912 2542 1960 statum
2572 1903 2645 1959 ob
2685 1902 3049 1959 voluntariam
3088 1904 3422 1958 naturalium
3463 1903 3665 1959 consti-

391 1980 756 2035 ἀναλλόίωτον
783 1978 1055 2053 ἡδυνήθης
1086 1978 1255 2050 ἔχειν,
1278 1982 1367 2035 διὰ
1406 1984 1506 2054 τὴν
1535 1981 1840 2036 ἐθελούσιον
1868 1982 1977 2037 τῶν

2080 1995 2353 2050 tutionum
2393 1996 2912 2051 transmutationem
2947 2003 3003 2050 et
3045 1994 3315 2050 deﬂexum
3361 2006 3417 2052 et
3460 1998 3665 2068 produ-

394 2070 647 2142 φυσικῶν
678 2071 1069 2126 καταστάσεων
1102 2074 1463 2142 μετακίνησιν
1486 2074 1579 2127 καὶ
1613 2073 1976 2144 παρέγκλισιν

392 2164 487 2217 καὶ
516 2163 888 2234 παρέκτασιν·
919 2163 1027 2217 τῶν
1052 2165 1161 2235 γὰρ
1187 2164 1292 2218 ὑπὸ
1320 2164 1457 2219 Θεοῦ
1498 2166 1806 2237 γενομένων
1843 2166 1977 2221 ἕκα-

395 2272 520 2310 στον
542 2257 644 2327 ἢδη
674 2256 789 2310 ἔστι
812 2272 827 2287 ο
857 2256 951 2309 καὶ
978 2256 1080 2309 ὅσα
1106 2257 1355 2326 γίνεσθαι
1379 2258 1716 2329 προεϐλεψεν
1745 2260 1772 2312 ό
1800 2261 1976 2329 Δημι-

393 2350 591 2421 ουργὸς
621 2351 701 2413 είς
729 2351 828 2422 τὴν
859 2350 1013 2404 τοῦδε
1059 2349 1155 2404 τοῦ
1196 2352 1405 2422 κόσμου
1442 2351 1701 2406 σύστασιν
1733 2354 1826 2406 καὶ
1856 2354 1975 2406 δια-

398 2444 567 2515 μονὴν
614 2446 707 2498 κα)⁵
768 2446 1121 2517 συντήρησιν,
1154 2446 1254 2517 ἤδη
1303 2446 1517 2515 γέγονε.
1553 2446 1626 2499 Σὺ
1674 2446 1730 2499 δὲ
1770 2448 1977 2500 τούτων

394 2539 651 2591 ἁπάντων
684 2537 1027 2607 αὐθαιρέτως
1073 2539 1307 2611 εὑρίσκῃ
1340 2538 1544 2610 χείρων
1586 2540 1614 2593 ό
1645 2539 1767 2592 κατ’
1796 2539 1978 2591 εἰκόνα

394 2628 495 2695 τῆς
544 2626 693 2691 θείας
749 2627 1051 2699 ἀῖδιότητος
1092 2627 1354 2696 γεγονὼς,
1399 2627 1520 2682 οὐδὲ
1562 2631 1682 2692 ταῖς
1722 2630 1979 2698 φυσικαῖς

394 2720 649 2790 ἐμμένων
709 2721 1012 2791 κινήσεσιν,
1063 2720 1186 2774 οὐδὲ
1240 2722 1362 2784 ταῖς
1408 2721 1651 2785 ἐντολαῖς
1698 2721 1791 2775 τοῦ
1841 2720 1978 2774 Θεοῦ

396 2810 733 2883 πειθαρχῶν,
766 2810 955 2865 καὶτὰ
991 2810 1133 2865 καλὰ
1182 2812 1276 2865 καί⁸
1332 2810 1517 2865 δίκαια
1563 2812 1657 2865 καὶ
1696 2812 1980 2881 πρέποντα

394 2903 493 2958 καὶ
524 2903 767 2958 σωστικὰ
798 2901 1087 2973 φυλάττων
1116 2903 1534 2976 ἀμεταϐλήτως.
1559 2903 1659 2957 Διὰ
1682 2903 1841 2957 τοῦτο
1868 2904 1979 2956 τοί-

397 3011 491 3048 νυν
533 2992 853 3065 παρερῤύης
900 2993 1003 3063 τῆς
1056 2992 1224 3063 ζωῆς,
1274 2993 1368 3048 καὶ
1400 2992 1477 3059 τῷ
1519 2993 1735 3062 Θανάτῳ
1777 2992 1875 3047 καὶ
1911 2993 1977 3063 τῇ

398 3085 576 3158 φθορᾷ
613 3083 1041 3155 παρεπέμφθης.
1087 3084 1207 3137 Κᾶν
1245 3085 1273 3137 ό
1302 3083 1436 3146 Θεὸς
1465 3084 1494 3136 ὁ
1529 3084 1763 3154 ποιήσας
1791 3099 1849 3135 σε
1886 3082 1982 3135 καὶ

396 3179 486 3231 διὰ
525 3178 585 3230 σὲ
634 3179 729 3231 καὶ
772 3178 951 3233 πάντα
977 3176 1069 3230 τδν
1100 3175 1382 3247 ὁρώμενον
1431 3175 1638 3244 κόσμον
1670 3174 1747 3237 ὡς
1775 3172 1982 3242 ἀγαθὸς

400 3270 732 3340 ὑποστήσας,
766 3267 1090 3341 ἀναζητήσῃ
1124 3284 1183 3321 σε
1232 3265 1395 3321 πάλιν
1431 3266 1522 3320 τὸν
1557 3265 1662 3319 ὑπὸ
1701 3264 1796 3319 τοῦ
1845 3264 1979 3335 φθο-

398 3361 558 3431 νεροῦ
601 3362 694 3415 καὶ
744 3360 1131 3432 μισανθρώπου
1174 3358 1423 3413 διαϐόλου
1461 3359 1594 3430 πρὶν
1644 3356 1981 3429 φθονηθέντα

400 3457 493 3509 καὶ
551 3454 871 3525 διωχθέντα.
920 3455 1016 3509 καὶ
1070 3451 1210 3524 πρὸς
1271 3452 1371 3523 τὴν
1432 3451 1527 3505 τοῦ
1587 3434 1823 3506 θανάτου
1888 3450 1984 3504 καὶ

398 3546 497 3617 τῆς
550 3546 756 3618 φθορᾶς
817 3544 1288 3619 παραπεμφθῆναι
1320 3543 1822 3614 παρασκευάσαντα
1851 3559 1985 3595 κατ-

400 3641 503 3711 οχή
513 3659 559 3694 ν.

470 3731 645 3784 Τοῦτο
671 3730 730 3784 δὲ
758 3729 1107 3802 προφητικῆς
1134 3729 1250 3782 ἐστι
1276 3727 1496 3798 χάριτος
1518 3728 1617 3799 τῆς
1639 3726 1717 3798 τῷ
1751 3727 1982 3800 Ἐκκλη-

405 3825 601 3893 σιαστῇ
629 3821 922 3891 δεδομένης
954 3819 1163 3884 θεόθεν,
1198 3819 1258 3873 τὸ
1294 3820 1460 3889 φάναι
1494 3819 1555 3872 τὸ
1589 3820 1740 3890 παρὰ
1769 3820 1864 3873 τοῦ
1892 3820 1979 3874 θε-

2080 2086 2317 2142 ctionem
2344 2102 2565 2153 aequare
2619 2102 2726 2141 non
2776 2086 3041 2155 potueris.
3074 2083 3211 2140 Nam
3270 2102 3453 2142 rerum
3494 2103 3524 2142 a
3551 2087 3662 2144 Deo

2077 2176 2422 2233 conditarum
2463 2177 2692 2248 singulae
2727 2176 2840 2245 jam
2874 2184 3024 2242 sunt,
3060 2187 3114 2231 et
3148 2192 3490 2247 quaecunque
3518 2193 3663 2234 sum-

2079 2286 2203 2325 mus
2235 2269 2326 2325 ille
2364 2269 2561 2325 artifex
2590 2270 2660 2326 ad
2689 2271 2877 2324 mundi
2915 2269 3077 2339 hujus
3114 2270 3569 2339 compositionem
3608 2280 3664 2327 et

2078 2364 2513 2419 incolumitatem
2553 2373 2605 2417 et
2650 2363 2876 2417 tutelam
2928 2362 3173 2417 facienda
3220 2378 3345 2419 esse
3389 2365 3660 2433 praevidit,

2072 2456 2188 2525 jam
2215 2456 2495 2511 exstitere.
2532 2452 2615 2510 Tu
2670 2470 2801 2510 vero
2838 2455 2989 2509 hisce
3026 2455 3283 2511 omnibus
3333 2466 3427 2510 tua
3467 2468 3663 2526 sponte

2077 2547 2317 2619 pejorem
2372 2556 2424 2602 te
2468 2548 2677 2618 prodis,
2707 2557 2788 2611 tu,
2833 2549 3080 2618 inquam,
3115 2549 3183 2603 ad
3214 2548 3412 2605 divina:
3450 2553 3665 2606 aeterni-

2080 2641 2210 2695 tatis
2239 2640 2657 2695 similitudinem
2690 2641 2967 2706 conditus,
2994 2643 3086 2711 qui
3119 2656 3292 2711 neque
3322 2644 3662 2700 naturalibus

2079 2730 2427 2787 obsecundes
2469 2732 2733 2794 motibus,
2772 2746 2950 2801 neque
2982 2732 3184 2786 divinis
3221 2748 3416 2802 pareas
3442 2737 3664 2789 manda-

2082 2823 2172 2889 tis,
2202 2839 2379 2894 neque
2404 2825 2633 2880 honesta
2664 2840 2787 2895 quas
2815 2825 2929 2880 sint
2952 2834 3006 2880 et
3028 2824 3172 2894 justa
3202 2835 3255 2879 et
3280 2827 3662 2882 convenientia

2078 2925 2134 2972 et
2168 2916 2432 2972 salutaria
2465 2926 2785 2973 constanter
2829 2917 3057 2972 tuearis.
3105 2917 3312 2974 Idcirco
3357 2919 3526 2989 igitur
3553 2920 3661 2976 vita

2080 3009 2287 3064 amissa
2320 3008 2389 3063 ad
2424 3020 2660 3065 mortem
2699 3009 3221 3080 corruptionemque
3251 3009 3519 3066 deductus
3553 3026 3614 3067 es
3645 3032 3658 3067 :

2080 3114 2393 3170 quanquam
2430 3099 2609 3167 Deus,
2655 3102 2750 3171 qui
2799 3110 2851 3157 te
2894 3101 3161 3167 condidit,
3200 3110 3257 3157 et
3287 3116 3387 3172 pro
3420 3102 3665 3158 bonitate

2080 3204 2177 3248 sua
2207 3194 2471 3249 mundum
2505 3193 2673 3260 hunc,
2702 3209 2865 3266 quem
2893 3195 3190 3261 intuemur,
3223 3196 3538 3251 universum
3574 3207 3666 3252 tua

2083 3302 2249 3343 causa
2277 3287 2583 3349 constituit.
2611 3296 2663 3342 ιε
2709 3288 2903 3343 iterum
2935 3289 3187 3359 requirit,
3226 3287 3434 3343 invidia
3464 3287 3578 3357 jam
3611 3301 3666 3344 ει

2084 3381 2450 3436 insectatione
2500 3381 2814 3437 communis
2853 3381 3031 3436 hostis
3076 3380 3391 3449 subactum,
3438 3383 3663 3450 diaboli,

2083 3473 2327 3542 inquam,
2362 3473 2455 3542 qui
2510 3482 2777 3527 aeternum
2838 3472 2942 3528 tibi
2977 3472 3209 3529 exitium
3256 3473 3667 3546 perniciemque

2087 3566 2307 3620 molitur
2339 3565 2473 3636 (Μ).

2160 3725 2230 3780 At
2269 3739 2398 3779 vero
2424 3724 2742 3795 prophetica
2782 3724 2838 3779 ln
2870 3740 2938 3780 eo
2990 3724 3223 3783 facultas
3274 3725 3496 3792 eminet,
3544 3744 3665 3799 qute

2085 3821 2350 3875 divinitus
2378 3818 2727 3874 Ecclesiastae
2756 3819 2877 3872 data
2917 3828 3022 3884 est,
3064 3819 3210 3891 quod
3238 3835 3304 3875 ea
3342 3822 3661 3890 enuntiarit,

403 3913 637 3985 αρχικοῦ
664 3914 837 3982 Λόγου
869 3912 964 3967 καὶ
994 3910 1226 3983 Ποιητοῦ
1257 3911 1364 3965 τῶν
1392 3912 1648 3966 ἁπάντων
1681 3913 1981 3984 γενησόμε-

405 4022 496 4059 νον
541 4005 629 4059 διὰ
662 4006 760 4074 τῆς
801 4003 1225 4076 ἀγαθοπρεποῦς
1265 4003 1432 4057 αὐτοῦ
1468 4004 1563 4058 καὶ
1596 4003 1978 4075 φιλανθρώπου

2085 3927 2206 3984 quae
2234 3928 2262 3966 a
2305 3925 2522 3966 summo
2564 3910 2861 3980 divinaque
2896 3908 3077 3965 Verbo
3103 3921 3157 3966 et
3190 3912 3434 3968 omnium
3469 3913 3667 3970 Condi-

2085 4016 2203 4060 tore
2229 4021 2322 4075 per
2359 4005 2579 4075 dignum
2614 4004 2762 4057 illum
2795 4004 3042 4059 bonitate
3070 4003 3188 4074 ejus
3218 4014 3382 4076 atque
3422 4006 3666 4061 humani-

406 4098 898 4168 συγκαταὸἀσεως’
945 4097 1108 4161 αὐτὸς
1142 4098 1250 4169 γάρ
1282 4113 1468 4168 φησιν,
1502 4114 1520 4147 ι
1554 4092 1762 4151 ’Ἦλθεν
1792 4100 1819 4150 ὁ
1852 4096 1980 4162 Υίδς

2089 4110 2198 4154 tate
2219 4102 2542 4155 descensum
2568 4098 2816 4154 facienda
2841 4108 2994 4153 erant
3020 4116 3034 4150 :
3062 4100 3173 4169 ipse
3197 4100 3340 4155 enim
3365 4101 3476 4155 ait:
3514 4099 3665 4157 Venit

401 4193 498 4247 τοῦ
540 4190 832 4264 ἀνθρώπου
880 4190 1118 4262 ζητῆσαι
1163 4192 1257 4245 καὶ
1293 4192 1464 4245 σῶσαι
1512 4190 1573 4243 τὸ
1613 4190 1918 4253 ἀπολωλός.
1953 4209 1971 4243 ι

2087 4190 2264 4245 Filius
2295 4191 2524 4246 hominis
2552 4208 2785 4264 qurerere
2822 4201 2872 4246 et
2902 4190 3106 4246 salvum
3131 4193 3306 4262 facere
3333 4194 3472 4264 quod
3505 4194 3665 4260 peris-

401 4284 695 4341 Πιστοῦται
740 4283 852 4355 γὰρ
898 4284 1001 4356 τὴν
1048 4284 1306 4355 τοιαύτην
1336 4283 1563 4355 ἐκδοχὴν
1603 4284 1698 4337 κει)⁸
1748 4283 1837 4336 διὰ
1868 4284 1977 4339 τῶν

2081 4293 2166 4337 rat
2193 4283 2258 4338 ⁸³.
2294 4302 2313 4337 ι
2343 4284 2407 4339 Ει
2437 4282 2594 4338 fidem
2625 4283 3070 4353 interpretationi
3095 4284 3223 4339 huic
3256 4284 3511 4349 all'eruut,
3543 4300 3664 4354 quae

400 4377 625 4447 ἀμέσως
649 4374 954 4447 ἑπομένων.
985 4376 1125 4448 Φησὶ
1162 4376 1273 4448 γάρ
1292 4392 1307 4406 ⁸

2082 4379 2336 4448 protinus
2359 4379 2751 4450 subjiciuntur.
2785 4378 2878 4434 Ait
2898 4379 3047 4435 enim
3081 4397 3095 4433 :

1833 4547 1941 4621 93
2000 4548 2028 4621 θ
2061 4549 2209 4605 XIX.

475 4690 582 4745 Kal
628 4690 718 4745 ἔτι
757 4684 923 4743 εἶδον
967 4687 1090 4744 ὑπὸ
1128 4686 1237 4743 τὸν
1274 4688 1453 4756 ἣλιον
1493 4692 1685 4744 τόπον
1714 4691 1827 4759 τῆς
1860 4691 1980 4761 κρί-

2158 4686 2326 4748 νῖιιε.
2364 4691 2450 4748 16.
2490 4690 2560 4745 Et
2603 4692 2778 4746 adhuc
2822 4693 2929 4747 vidi
2962 4691 3058 4747 sub
3095 4690 3203 4746 sole
3228 4690 3403 4744 locum
3436 4688 3664 4759 judicii;

401 4800 555 4849 σεως
574 4798 588 4813 ·
614 4781 743 4837 ἐκεῖ
760 4785 793 4837 ό
815 4780 1046 4851 ἀσεϐής
1064 4798 1078 4813 ·
1107 4781 1207 4835 καὶ
1226 4782 1416 4836 τόπον
1432 4782 1540 4837 τοῦ
1561 4782 1821 4839 δικαίου·
1855 4783 1980 4839 ἐκεῖ

2082 4784 2197 4839 illic
2222 4785 2417 4856 impius
2448 4800 2467 4839 :
2496 4795 2544 4839 et
2577 4786 2751 4839 locum
2770 4786 2941 4857 justi;
2978 4785 3090 4838 illic
3118 4785 3258 4852 pius.

403 4879 436 4927 ό
467 4874 745 4941 εὐσεϐής,

476 4966 763 5030 Μυστικὰς
799 4970 934 5037 ἡμῖν
962 4967 1055 5021 δύο
1085 4967 1318 5039 θεωρίας
1347 4968 1559 5035 είσάγει
1595 4969 1689 5020 καὶ
1719 4968 1978 5039 προτίθη-

408 5073 493 5109 σιν
545 5056 641 5108 νῦν
697 5060 725 5110 ὁ
766 5059 929 5125 σοφὸς
976 5059 1413 5131 Ἐκκλησιαστής
1440 5076 1455 5090 ⁸
1511 5060 1981 5129 προκαταγγέλλει

404 5145 513 5217 γὰρ
539 5148 893 5217 προφητικῶς
922 5149 1021 5220 τὴν
1046 5150 1152 5204 ὑπὸ
1174 5151 1364 5205 τοῦτον
1393 5151 1484 5204 τὸν
1505 5152 1656 5223 ἥλιον
1686 5154 1985 5223 γενησομέ-

406 5255 503 5308 νην
528 5236 622 5290 τοῦ
656 5237 1009 5311 Ἐμμανουὴλ
1039 5242 1133 5293 καὶ
1162 5241 1400 5313 Χριστοῦ
1431 5243 1526 5295 καὶ
1549 5241 1802 5313 Σωτῆρος
1825 5242 1985 5313 ήμῶν

2155 4966 2413 5039 Mysticas
2488 4983 2635 5022 nunc
2688 4964 3162 5021 eonsiderationes
3209 4963 3434 5019 adducit
3487 4964 3665 5028 binas,

2084 5075 2288 5129 easque
2318 5060 2480 5115 nobis
2521 5057 2779 5129 proponit
2839 5058 3056 5125 sapiens
3086 5055 3482 5121 Ecclesiastes;
3530 5072 3669 5127 pra:-

2089 5154 2303 5208 nuntiat
2339 5154 2486 5207 enim
2514 5152 2846 5215 vaticinans,
2878 5166 3003 5221 qua:
3033 5151 3135 5205 hoc
3166 5151 3271 5206 sub
3297 5151 3411 5206 sole
3432 5150 3548 5206 ﬁeri
3575 5150 3670 5207 de-

2090 5246 2273 5313 bebat,
2310 5244 2690 5301 Emmanuelis
2721 5253 2778 5300 et
2808 5244 3013 5301 Christi
3047 5258 3113 5299 ac
3148 5242 3460 5299 Servatoris
3494 5242 3668 5297 nostri

474 5417 543 5450 “‘
572 5417 720 5473 Psal.
775 5434 922 5482 vaI,
965 5418 1016 5473 7.
1092 5419 1139 5452 ⁸⁸
1169 5416 1283 5474 Luc
1313 5434 1429 5483 xIx,
1473 5418 1560 5471 10.

476 5552 590 5623 (40)
622 5552 838 5623 Olymp.
871 5552 967 5604 καὶ
992 5552 1092 5623 ὅσα
1109 5551 1202 5605 τοῦ
1233 5552 1505 5621 γίνεσθαι.

482 5621 593 5694 (Η)
625 5621 821 5676 Ιιιέιιίε
846 5622 1386 5694 abit_Symmachus;
1424 5624 1539 5677 ha'c
1567 5621 1711 5694 enim
1754 5631 1840 5694 est
1866 5622 1985 5690 ejus

403 5692 783 5763 interpretatio
811 5692 923 5763 ;_'O
964 5692 1179 5763 aé‘ﬂsb;
1224 5694 1551 5763 ἐπιζητήσει
1582 5692 1723 5763 ὑπὲρ
1750 5693 1861 5744 τῶν
1894 5696 1987 5744 ὲκ·

402 5760 771 5833 διωκομένων.
811 5760 1042 5834 Nempe,
1076 5762 1218 5817 Deus
1264 5760 1458 5818 autem
1484 5760 1711 5832 inquiret
1732 5779 1847 5887 Iro
1885 5764 1985 5823 eis,

402 5836 490 5887 aui
537 5834 951 5887 persecutionem
993 5837 1296 5887 patiuntur.
1352 5834 1463 5887 Nec
1510 5836 1579 5887 ab
1626 5847 1692 5887 eo
1774 5835 1985 5887 issenttt

401 5836 490 5905 qui
537 5834 951 5905 persecutionem
993 5837 1296 5904 patiuntur.
1352 5834 1463 5892 Nec
1510 5836 1579 5888 ab
1626 5847 1692 5888 eo
1732 5834 1988 5889 dissentit

2083 5554 2548 5611 Neocaesariensis
2581 5555 2904 5626 Gregorius,
2943 5554 3037 5626 qni
3066 5554 3247 5626 locum
3286 5553 3433 5626 hunc
3460 5553 3546 5626 sic
3574 5570 3669 5609 ex-

2084 5627 2273 5698 planat
2306 5644 2318 5678 :
2350 5627 2469 5697 Θεῷ
2518 5628 2574 5680 δὲ
2611 5624 2885 5698 κέχρηται
2930 5627 2958 5677 ὁ
2985 5625 3338 5698 ἀδικούμενος
3379 5624 3578 5698 βοηθῷ.
3612 5626 3670 5683 Id

2084 5708 2187 5759 est,
2230 5696 2392 5768 Deum
2442 5695 2559 5751 sero
2604 5695 2803 5768 is,"qui
2840 5698 3035 5766 injuste
3068 5695 3223 5752 (Iasus
3248 5705 3347 5761 est,
3383 5695 3672 5751 auxiliato-

2088 5784 2194 5821 rem
2224 5767 2397 5823 habet.
2434 5768 2616 5840 (lbid.)
