4172 6534
496 412 600 477 ετξ)

1634 403 1697 462 S.
1725 399 2101 461 GREGORII
2147 400 2659 461 AGRIGENTINI

3667 404 3771 470 880

503 517 1008 579 inhumanationem
1070 511 1181 583 (ιι)
1226 530 1239 565 :
1289 508 1751 581 quemadmodum
1808 520 1863 566 ct
1919 510 2076 564 David

2191 510 2643 583 ὲνανθρὼπησινυ
2684 510 2866 575 καθὼς
2899 513 2994 566 καὶ
3029 513 3197 566 Δαϐἰδ
3241 516 3268 566 6
3316 519 3601 588 προφήτης
3644 536 3773 591 προ-

499 615 759 684 propheta
790 608 1059 679 praedixit,
1085 620 1208 659 cum
1240 605 1315 657 ait
1344 623 1357 659 :
1394 621 1414 655 ι
1446 603 1503 658 in
1537 604 1651 659 sole
1681 605 1865 673 posuit
1894 605 2078 658 taber-

500 702 754 758 naculum
782 712 979 760 suum;
1014 714 1033 747 ι
1089 695 1224 749 Illud
1276 694 1566 748 declarans
1615 693 1842 761 iustitiae
1870 691 2076 758 Solem,

499 794 675 865 quiin
714 790 943 848 summis
997 787 1308 856 divinisque
1358 786 1666 841 caelestium
1727 784 2077 839 altitudinum

499 886 719 942 sedibus
748 892 1013 936 aeternum
1049 880 1226 939 sedet,
1259 887 1451 932 natura
1489 876 1729 930 humana
1772 885 2075 944 assumpta,

501 975 909 1034 tabernaculum
941 972 1045 1026 sibi
1085 972 1189 1024 hoc
1219 969 1325 1025 sub
1348 969 1481 1033 sole,
1514 985 1676 1039 quem
1713 970 1888 1023 oculis
1917 984 2080 1022 usur—

500 1084 717 1140 pamus,
749 1067 1075 1125 electorum,
1106 1061 1388 1132 quomodo
1427 1062 1590 1114 etiam
1630 1059 1870 1115 Joannes
1910 1076 2078 1113 evan-

498 1164 718 1233 gelistes
740 1160 872 1215 dicit
903 1176 915 1211 :
959 1176 977 1207 ι
1008 1158 1072 1208 Ει.
1096 1155 1359 1209 habitavit
1392 1153 1446 1205 in
1482 1153 1641 1206 nobis
1664 1152 1731 1215 ⁸⁸,
1766 1171 1784 1203 ι
1821 1167 1883 1205 ac
1914 1152 2078 1208 simul

494 1255 761 1327 judicium
800 1251 1070 1320 designat,
1111 1247 1257 1317 quod
1290 1246 1338 1299 is
1369 1245 1567 1299 deinde
1602 1244 1789 1297 subire
1822 1257 2078 1298 necessa-

499 1349 583 1402 rio
620 1344 873 1407 debebat,
914 1342 1007 1411 qui
1050 1343 1261 1409 primus
1293 1337 1519 1406 impium
1566 1336 1802 1388 maxime
1848 1351 1907 1390 se
1935 1350 2077 1405 prae-

501 1441 638 1502 buit,
690 1436 963 1493 diabolus.
1004 1432 1249 1500 inquam,
1298 1430 1365 1483 de
1409 1444 1519 1498 quo
1572 1429 1835 1487 Dominus
1869 1430 1985 1498 ipse
2020 1428 2077 1481 in

500 1528 809 1598 Evangeliis
839 1526 957 1579 ait:
1001 1540 1021 1574 ι
1063 1520 1139 1575 De
1162 1519 1368 1587 judicio
1404 1529 1609 1585 autem,
1642 1520 1768 1589 quia
1820 1520 2079 1589 princeps

503 1625 666 1688 hujus
699 1620 885 1676 mundi
913 1619 1026 1688 jam
1073 1616 1351 1686 judicatus
1396 1623 1481 1669 est
1509 1634 1521 1669 :
1564 1634 1581 1664 ι
1621 1613 1687 1668 Ει
1718 1614 1891 1679 multo
1919 1625 2078 1668 antea

503 1715 669 1769 David
702 1713 960 1783 propheta
994 1727 1009 1763 :
1047 1728 1065 1760 ι
1118 1708 1413 1776 lncrepasti
1448 1717 1653 1775 gentes,
1703 1716 1757 1759 et
1789 1708 1948 1775 periit
1976 1708 2078 1759 im-

502 1809 659 1875 pius;
693 1819 889 1858 nomen
920 1800 1039 1867 ejus
1060 1799 1307 1853 delevisti
1342 1799 1396 1850 in
1425 1806 1690 1851 aeternum
1721 1806 1773 1850 et
1816 1799 1867 1850 in
1900 1813 2075 1852 szecu-

500 1899 612 1953 lum
643 1898 826 1951 saeculi
860 1895 994 1961 (45).
1036 1911 1055 1942 ι

850 2014 865 2054 ι

568 2076 840 2133 Judicium
875 2076 1040 2143 igitur
1074 2072 1426 2143 praenuntiat,
1461 2071 1606 2140 quod
1665 2070 1930 2126 adversus
1973 2070 2075 2126 Sa-

501 2182 680 2225 tanam
738 2165 940 2222 laetum
991 2172 1094 2224 est,
1136 2163 1231 2233 qui
1283 2163 1492 2232 primus
1522 2176 1750 2215 summae
1782 2161 2077 2231 impietatis

502 2280 650 2328 reus,
678 2272 731 2317 et
753 2273 942 2315 contra
968 2258 1135 2312 Deum
1160 2256 1587 2325 omnipotentem
1617 2255 1874 2322 superbia
1897 2255 2077 2309 elatus

500 2358 635 2412 dixit
671 2378 681 2409 :
730 2372 748 2404 ι
791 2352 996 2405 Ponam
1052 2351 1308 2404 thronum
1364 2364 1545 2419 meum
1604 2363 1767 2417 super
1801 2348 1995 2411 nubes,
2025 2355 2079 2402 et

498 2466 594 2505 ero
626 2448 826 2504 similis
872 2444 1157 2498 Allissimo
1190 2441 1339 2512 (M);
1382 2461 1401 2493 ι
1450 2451 1561 2494 tum
1595 2442 1757 2494 etiam
1808 2441 2075 2511 judicium

496 2543 608 2616 θῇ
641 2550 965 2597 cancrorum
1001 2536 1272 2600 omnium,
1300 2536 1395 2603 qui
1427 2536 1655 2589 comites
1686 2535 1807 2603 ejus
1860 2535 2079 2590 fuerunt

497 2644 553 2691 ct
605 2630 910 2688 honestatis
958 2629 1149 2683 hostes
1200 2627 1536 2691 daemonum,
1585 2636 1749 2694 atque
1796 2626 2077 2679 hominum

499 2742 717 2799 quoque
742 2725 1035 2785 malorum,
1073 2721 1166 2789 qui
1199 2720 1369 2774 Deum
1411 2734 1477 2774 ac
1520 2719 1774 2788 pietatmn
1821 2718 2079 2787 repudia-

498 2828 716 2881 verunt,
755 2823 816 2869 ut
844 2818 1039 2868 iterum
1082 2801 1348 2877 PrOplteta
1374 2818 1642 2863 memorat
1672 2828 1684 2864 :
1719 2829 1736 2861 ι
1775 2808 1995 2863 Paravit
2024 2809 2077 2863 in

494 2910 704 2979 judicio
749 2909 1006 2963 thronum
1065 2919 1249 2965 suum,
1299 2913 1353 2957 et
1406 2904 1522 2972 ipse
1572 2902 1835 2973 iudicabit
1889 2904 2079 2957 orbem

500 3016 661 3059 terra:
689 3001 745 3054 in
768 3000 1045 3068 aequitate,
1066 2994 1336 3065 judicabit
1358 2994 1589 3063 populos
1624 2992 1676 3047 in
1701 2992 1914 3062 justitia
1945 2993 2011 3047 ".
2057 3011 2075 3044 ι

496 3094 618 3151 .Iam
650 3106 783 3147 vero
839 3092 1045 3151 locum,
1088 3087 1179 3142 ubi
1219 3087 1422 3143 diaboli
1460 3094 1515 3141 et
1552 3095 1897 3150 caaterorutn,
1939 3100 2082 3156 quos

2182 605 2374 676 είρηκε
2426 607 2673 676 φάσκων,
2711 626 2729 658 ι
2772 607 2860 658 Ἑν
2900 606 2979 677 τῷ
3015 607 3151 676 ἡλίῳ
3197 608 3350 662 ἔθετο
3394 611 3457 664 τὸ
3508 613 3771 684 σκήνωμα

2180 700 2347 753 αὐτοῦ
2371 716 2385 729 °
2418 718 2438 751 ι
2468 700 2564 769 τῆς
2590 699 2938 771 δικαιοσύνης
2966 700 3056 754 τὸν
3082 701 3234 771 ἥλιον
3261 704 3351 757 τὸν
3378 706 3436 757 ὲν
3460 708 3573 770 τοῖς
3600 707 3771 775 ὑπερ-

2180 794 2454 860 ουρανίοις
2510 795 2603 845 καὶ
2658 793 2824 856 θείοις
2881 793 3143 862 ὑψώμασι
3198 797 3292 848 καὶ
3343 796 3542 863 θώκοις
3584 800 3772 865 ἀϊδίως

2180 882 2514 951 καθήμενον,
2548 883 2652 935 ὑπὸ
2680 885 2770 935 τὸν
2802 884 2956 953 ἥλιον
2989 884 3182 939 τοῦτον
3215 886 3307 939 τὸν
3336 889 3595 958 αἰσθητὸν
3632 910 3769 962 προ-

2179 973 2394 1026 ελέσθαι
2420 975 2508 1026 διὰ
2531 975 2629 1042 τῆς
2658 974 3104 1046 προσληφθείσης
3134 978 3285 1051 αὐτῷ
3313 980 3528 1047 φύσεως
3556 984 3771 1055 ἀνθρω-

2181 1064 2340 1133 πίνης
2376 1066 2474 1135 τὴν
2508 1068 2928 1137 κατασκήνωσιν
2961 1069 3272 1139 προδηλῶν,
3299 1073 3482 1137 καθώς
3513 1093 3646 1147 φησι
3679 1080 3771 1132 καὶ

2179 1160 2206 1210 6
2266 1160 2659 1227 εὐαγγελιστὴς
2720 1161 3011 1225 ’ἰωάννηςο
3078 1181 3097 1215 ι
3152 1163 3263 1217 Καὶ
3339 1167 3652 1239 ἐσκήνωσεν
3713 1173 3773 1224 ὲν

2181 1252 2311 1319 ἡμῖν
2336 1268 2349 1281 ο
2397 1271 2416 1303 ι
2450 1252 2743 1305 κάντεῦθεν
2773 1254 2873 1322 τὴν
2899 1254 2957 1320 ἐξ
2989 1254 3240 1325 ἀνάγκης
3268 1256 3335 1309 δι’
3367 1261 3539 1328 αὐτῆς
3569 1262 3774 1331 ἑπομέ-

2180 1359 2276 1410 νην
2324 1343 2504 1412 κρίσιν
2552 1342 2629 1412 τῷ
2671 1344 2859 1396 ἁσεῦεῖ
2902 1345 3149 1412 γεγονότι
3199 1350 3632 1421 προηγουμένως
3676 1356 3772 1405 καὶ

2181 1437 2483 1506 καταρχὰς,
2519 1434 2763 1504 δηλονότι
2802 1435 2877 1505 τῷ
2909 1436 3162 1507 διαϐόλῳ,
3207 1439 3336 1508 περὶ
3366 1432 3427 1492 οὗ
3461 1456 3627 1509 φησιν
3671 1445 3771 1494 αὑ-

2179 1527 2270 1589 τὸς
2295 1529 2322 1578 6
2349 1526 2553 1596 Κύριος
2579 1528 2635 1577 ὲν
2657 1528 2770 1588 τοῖς
2802 1526 3176 1593 [εὐαγγελίοις.
3212 1546 3230 1578 ι
3264 1529 3401 1598 Περὶ
3421 1529 3476 1582 δὲ
3502 1532 3765 1602 κρίσεως,

2179 1616 2261 1669 ὅτι
2316 1618 2345 1667 6
2391 1615 2575 1686 ἄρχων
2629 1615 2720 1668 τοῦ
2766 1617 2975 1685 κόσμου
3023 1616 3218 1670 τούτου
3270 1620 3543 1690 κέκριται.
3583 1642 3600 1673 ι
3660 1624 3769 1677 Καὶ

2182 1707 2363 1777 πολλῷ
2398 1707 2456 1759 δὲ
2488 1704 2679 1777 πρώην
2721 1710 2747 1759 ὁ
2774 1708 3061 1777 προφήτης
3088 1708 3255 1760 Δαὸίδ
3282 1724 3295 1736 °
3335 1726 3353 1759 ι
3396 1708 3769 1781 Ἐπετίμησας

2182 1798 2382 1859 ἔθνεσι,
2419 1798 2511 1850 καὶ
2551 1797 2801 1849 ἀπώλετο
2839 1799 2866 1849 ὁ
2896 1796 3134 1867 ἀσεϐής·
3167 1800 3228 1850 τὸ
3267 1799 3438 1869 ὄνομα
3468 1800 3634 1854 αὐτοῦ
3680 1804 3767 1866 ἐξ-

2178 1887 2409 1959 ήλειψας
2445 1888 2523 1950 εἰς
2558 1888 2649 1939 τὸν
2687 1888 2860 1940 αἰῶνα
2904 1891 2997 1941 καὶ
3047 1890 3127 1951 εἰς
3164 1889 3254 1941 τὸν
3287 1890 3461 1942 αἰῶνα
3505 1890 3602 1943 τοῦ
3634 1892 3769 1945 αἰῶ-

2177 1998 2285 2043 νος.
2325 1999 2343 2031 ι

2248 2072 2360 2143 Τὴν
2391 2072 2576 2143 κρίσιν
2609 2068 2702 2126 οὖν
2732 2071 3203 2140 προκαταγγέλλει
3239 2076 3339 2144 τὴν
3369 2078 3659 2142 γεγονυῖαν
3687 2076 3765 2147 τῷ

2178 2157 2414 2232 πρώτως
2453 2159 2548 2211 καὶ
2573 2158 2779 2230 κυρίως
2804 2160 2993 2213 ἀσεϐεῖ
3022 2162 3246 2229 φανέντι
3278 2163 3476 2225 Σατᾶν,
3513 2166 3607 2217 καὶ
3635 2183 3769 2235 τρα-

2177 2250 2503 2321 χηλιάσαντι
2537 2250 2680 2303 κατὰ
2708 2250 2843 2303 Θεοῦ
2894 2252 3337 2324 παντοκράτορος
3383 2256 3475 2307 καί¹
3517 2256 3765 2310 εἰπόντι·

2185 2361 2204 2392 ι
2235 2341 2396 2409 Θήσω
2442 2340 2632 2412 θρόνον
2684 2360 2787 2411 μου
2836 2344 2929 2395 ἐπὶ
2974 2344 3081 2396 τῶν
3128 2345 3385 2415 νεφελῶν,
3435 2347 3529 2399 καὶ
3574 2347 3766 2418 ἔσομαι

2178 2434 2364 2501 ὅμοιος
2420 2432 2497 2502 τῷ
2556 2432 2819 2503 Ὑψίστῳ.
2859 2453 2879 2485 ι
2918 2435 3153 2487 Ἔπειτα
3196 2435 3253 2488 δὲ
3306 2436 3402 2488 καὶ
3441 2436 3549 2489 τῶν
3588 2438 3767 2491 ἄλλων

2181 2524 2439 2576 ἁπάντων
2471 2524 2785 2577 συνοπαδῶν
2812 2524 2977 2577 αὑτοῦ
3006 2526 3100 2579 καὶ
3130 2528 3440 2597 μισοκάλων
3470 2528 3762 2598 δαιμόνων,

2181 2617 2275 2669 καὶ
2311 2616 2495 2685 μέντοι
2535 2616 2632 2670 καὶ
2664 2617 2774 2668 τῶν
2815 2617 2993 2670 ἀθέων
3025 2620 3123 2672 καὶ
3154 2619 3430 2672 δυσσεόῶν
3459 2619 3766 2691 ἀνθρώπων

2180 2706 2277 2759 καὶ
2305 2703 2543 2774 φαύλων,
2574 2705 2756 2767 καθὼς
2788 2699 2942 2769 αὖθις
2971 2709 2998 2759 6
3027 2711 3313 2781 προφήτης
3345 2712 3506 2782 φησί·
3531 2731 3547 2761 ι
3587 2713 3765 2765 Ἠτοί-

2185 2815 2355 2868 μασεν
2390 2800 2448 2851 ὲν
2475 2798 2656 2868 κρίσει
2691 2798 2781 2852 τὸν
2816 2800 3004 2871 θρόνον
3037 2801 3223 2867 αὐτοῦ,
3263 2805 3358 2856 καὶ
3392 2804 3553 2869 αὐτὸς
3591 2810 3769 2878 κρινεῖ

2180 2888 2279 2960 την
2308 2890 2636 2960 οἰκουμένην
2668 2890 2725 2942 ὲν
2756 2891 3098 2965 δικαιοσύνῃ,
3125 2895 3303 2964 κρινεῖ
3326 2894 3490 2959 λαοὺς
3519 2898 3577 2951 ὲν
3607 2899 3765 2951 εὐθύ-

2181 2997 2326 3052 τητι.
2368 3001 2387 3033 ι
2432 2982 2536 3033 Τὸν
2563 2982 2728 3034 τόπον
2753 2978 2846 3035 οὖν
2889 2984 2990 3052 τῆς
3036 2986 3272 3055 κρίσεως
3312 2989 3514 3058 ταύτης
3542 2990 3641 3058 τῆς
3672 3007 3765 3058 γε-

2184 3074 2407 3140 γονυίας
2438 3073 2518 3144 τῷ
2546 3074 2779 3145 διαϐόλῳ
2807 3077 2900 3129 καὶ
2928 3079 3041 3140 τοῖς
3066 3078 3267 3143 ἄλλοις,
3300 3083 3425 3148 περὶ
3449 3075 3524 3134 ὧν
3553 3077 3705 3135 εἶπεν
3736 3082 3766 3134 ό

499 3188 605 3243 sub
639 3187 744 3241 hoc
777 3184 893 3240 sole
937 3198 1059 3236 esse
1091 3180 1291 3245 aiebat,
1321 3179 1592 3247 judicium
1642 3187 1917 3246 peractum
1973 3189 2076 3241 est,

2185 3164 2342 3233 λόγος
2372 3166 2477 3218 ὑπὸ
2518 3166 2705 3219 τοῦτον
2731 3167 2904 3219 τελεῖν
2932 3170 3023 3221 τὸν
3049 3169 3222 3240 ἥλιον,
3263 3171 3388 3224 ἰδεῖν
3418 3173 3762 3240 διατείνεται,

501 3278 687 3333 videre
712 3273 1015 3337 contendit,
1062 3280 1117 3327 et
1147 3269 1541 3341 Hierosolyma,
1570 3280 1629 3323 ut
1662 3270 1874 3338 opinor,
1911 3269 2076 3338 potis-

2183 3256 2381 3327 δηλῶν,
2412 3258 2486 3320 ὡς
2521 3253 2699 3327 οἶμαι,
2748 3262 3177 3331 προηγουμένως
3227 3262 3326 3334 τὴν
3368 3264 3760 3337 Ἰερουσαλήμο

499 3372 701 3427 simum
746 3366 970 3422 indicat.
1004 3365 1120 3419 lllic
1154 3364 1300 3418 enim
1349 3361 1596 3431 patibulo
1649 3361 1838 3416 amxns
1889 3371 2076 3416 auctor

2183 3354 2301 3405 ἐκεῖ
2321 3353 2430 3424 γὰρ
2464 3355 2522 3407 ὲν
2551 3353 2630 3424 τῷ
2653 3355 2813 3425 ἱκρίῳ
2845 3356 3240 3427 προσηλωθεὶς,
3268 3358 3361 3411 καὶ
3394 3358 3453 3411 τὸ
3481 3359 3765 3433 ζωηφόρον

499 3460 627 3517 vitae
646 3466 868 3523 nostrae,
900 3453 1196 3511 salutiferis
1218 3452 1555 3510 cruciatibus
1585 3458 1782 3520 sponte
1807 3452 2078 3518 toleratis,

501 3553 835 3607 desertorem
867 3557 920 3602 et
955 3549 1169 3601 hostem
1198 3543 1424 3598 humani
1453 3543 1668 3613 generis
1702 3542 1962 3597 Satanam
1994 3558 2084 3597 so-

502 3644 727 3712 ciosque
764 3642 885 3710 ejus
909 3637 1223 3706 transfugas
1252 3650 1415 3690 cruce
1448 3636 1563 3703 ipsa
1594 3644 1649 3689 et
1678 3634 1931 3689 dolorum
1959 3650 2083 3703 per-

504 3732 758 3800 pessione
819 3725 1087 3797 judicavit
1139 3733 1194 3777 et
1255 3723 1656 3779 condemnavit.
1716 3723 2083 3792 Consequitur

510 3834 715 3885 autem,
750 3829 809 3874 ut
839 3826 894 3873 et
924 3828 1125 3873 terram
1154 3816 1488 3879 universam,
1514 3831 1637 3884 qua:
1678 3816 1781 3872 sub
1828 3815 1933 3870 hoc
1967 3817 2082 3870 sole

502 3924 607 3978 est,
626 3912 823 3983 judicii
844 3912 1024 3964 locum
1044 3909 1308 3979 appellet;
1334 3908 1537 3977 quippe
1557 3909 1920 3977 omnipotenti
1944 3923 2082 3977 pra:-

502 4015 659 4076 cepto
689 4002 809 4071 ejus
845 4014 899 4056 et
936 3998 1160 4053 oraculo
1212 3999 1412 4052 divina
1460 3997 1749 4067 potestatis
1795 3998 2029 4052 edicenti
2063 4016 2076 4052 :

507 4117 529 4149 ι
567 4097 771 4152 Euntes
814 4096 1003 4148 docete
1051 4105 1242 4144 omnes
1273 4099 1481 4159 gentes,
1522 4088 1859 4158 baptizautes
1898 4105 1993 4144 eos
2023 4091 2077 4145 in

503 4190 728 4247 nomine
752 4187 953 4251 Patris,
981 4195 1034 4239 et
1058 4183 1203 4247 Filii,
1229 4191 1284 4237 et
1314 4181 1552 4252 Spiritus
1582 4182 1760 4237 sancti
1791 4183 1855 4250 ⁸⁸,
1892 4202 1912 4235 ι
1952 4199 2076 4239 cum

503 4281 819 4354 paruissent
841 4275 1175 4332 sanctissimi
1205 4290 1270 4330 ac
1295 4273 1656 4329 laudatissimi
1680 4273 1936 4343 discipuli
1957 4275 2079 4343 ejus

502 4381 559 4427 et
590 4369 849 4441 apostoli,
877 4369 950 4421 ita
987 4382 1081 4435 per
1115 4377 1290 4420 totum
1320 4365 1510 4420 orbem
1537 4365 1696 4419 divisi
1727 4376 1876 4431 sunt,
1912 4376 1973 4420 ut
2009 4382 2077 4421 ex

505 4463 721 4517 Domini
772 4457 1021 4513 doctrina
1069 4466 1233 4524 atque
1265 4454 1610 4509 sermonibus
1650 4455 1847 4524 impios
1886 4471 2076 4510 omnes

502 4553 817 4626 judicarcnt
869 4548 1422 4640 condemnarentque,
1472 4554 1635 4616 atque
1682 4547 2070 4613 idololatriam,

602 4676 651 4718 “
690 4682 835 4739 Psal.
880 4698 996 4747 χιιι,
1035 4682 1089 4736 ι.
1190 4681 1237 4712 ⁸⁵
1273 4679 1432 4737 Joan.
1473 4698 1515 4747 ι,
1558 4682 1646 4737 14.

1750 4683 1795 4715 ⁸³
1832 4681 1993 4737 Joan.
2034 4698 2145 4748 xw,
2179 4684 2266 4740 ll.

2182 3445 2417 3509 ἀνατλὰς
2447 3446 2618 3509 πάθος
2650 3447 2975 3511 ἐθελουσίως
3010 3449 3039 3501 6
3071 3449 3170 3519 τῆς
3199 3447 3343 3520 ζωῆς
3373 3452 3636 3523 ἀρχηγὸς,
3674 3456 3767 3509 διὰ

2180 3533 2276 3589 τοῦ
2303 3535 2540 3606 σταυροῦ
2576 3536 2789 3590 καὶτοῦ
2822 3537 3030 3602 πάθους
3061 3541 3288 3610 κέκρικε
3331 3542 3428 3594 καὶ
3471 3543 3765 3616 κατέκρινε

2180 3624 2273 3676 τὸν
2306 3626 2621 3696 ἀποστάτην
2655 3628 2749 3680 καὶ
2793 3628 3181 3700 μισάνθρωπον
3214 3632 3461 3686 Σατανᾶν
3502 3636 3596 3687 καὶ
3636 3637 3766 3702 τοὺς

2184 3719 2599 3782 συναποστάτας
2628 3719 2792 3772 αὐτοῦ
2820 3722 2915 3772 καὶ
2942 3723 3298 3788 συνοπαδούς.
3346 3726 3677 3792 Ἀκολούθως
3705 3730 3763 3782 δὲ

2182 3808 2278 3860 καὶ
2321 3810 2501 3862 πᾶσαν
2530 3811 2631 3879 τὴν
2657 3813 2761 3882 γῆν
2787 3812 2888 3884 τὴν
2912 3809 3079 3868 οὖσαν
3110 3815 3215 3869 ὑπὸ
3239 3817 3429 3871 τοῦτον
3460 3819 3551 3872 τὸν
3586 3821 3763 3892 ήλιον,

2180 3902 2345 3955 τόπον
2367 3902 2627 3972 ὀνομάζει
2667 3904 2768 3974 τῆς
2798 3905 3064 3978 κρίσεως·
3107 3908 3184 3981 τῷ
3211 3911 3317 3980 γὰρ
3368 3914 3763 3987 παντοδυνάμῳ

2181 3996 2568 4065 προστάγματι
2606 3997 2699 4050 καὶ
2721 3998 2867 4069 λόγῳ
2902 4003 2999 4070 τῆς
3030 4000 3369 4072 θεοπρεποῦς
3402 4007 3569 4060 αὑτοῦ
3600 4008 3761 4063 δυνά-

2184 4105 2331 4158 μεως
2379 4089 2497 4159 (τῷ
2549 4089 2854 4158 φάσκοντι⁸
2892 4112 2908 4142 ι
2950 4094 3314 4164 Πορευθέντες
3381 4100 3760 4172 μαθητεύσατε

2180 4180 2359 4233 πάντα
2387 4179 2455 4232 τὰ
2480 4180 2630 4253 ἔθνη,
2658 4182 3012 4251 βαπτίζοντες
3043 4186 3241 4251 αὐτοὺς
3270 4190 3347 4252 εἰς
3376 4190 3436 4243 τὸ
3465 4191 3632 4260 ὄνομα
3662 4193 3759 4247 τοῦ

2178 4273 2413 4342 Πατρὸς,
2450 4274 2542 4327 καὶ
2585 4279 2677 4327 τοῦ
2710 4275 2862 4342 Υἰοῦ,
2900 4278 2992 4330 καὶ
3024 4279 3117 4331 τοῦ
3149 4280 3303 4349 ἁγίου
3345 4284 3659 4355 Πνεὺματος
3693 4307 3708 4337 ι
3737 4288 3761 4359 )

2178 4364 2656 4435 πειθαρχήσαντες
2688 4368 2737 4420 οἱ
2769 4367 3049 4423 θεσπέσιοι
3076 4371 3171 4423 καὶ
3201 4372 3552 4443 πανεύφημοι
3580 4377 3759 4446 μαθη-

2176 4457 2269 4509 ταὶ
2308 4459 2402 4511 καὶ
2438 4459 2729 4512 ἀπόστολοι
2759 4459 3088 4531 διῃρέθησαν
3124 4465 3203 4526 εἰς
3233 4465 3413 4518 πᾶσαν
3438 4467 3536 4536 τήν
3564 4468 3669 4535 γῆν
3698 4470 3757 4521 ἐν

2178 4552 2291 4614 τοῖς
2322 4549 2417 4603 τοῦ
2454 4552 2664 4623 Κυρίου
2705 4553 2941 4624 δόγμασι
2984 4556 3077 4608 καὶ
3115 4555 3296 4624 λόγοις
3338 4558 3612 4629 κρίνοντες
3661 4562 3757 4612 καὶ

2340 4688 2387 4719 ⁸⁸⁷
2412 4687 2561 4744 Psal.
2595 4707 2673 4756 ιχ,
2704 4693 2755 4747 7.
2858 4694 2903 4725 ⁸³
2935 4692 3127 4748 Matth.
3175 4709 3364 4758 xxviii,
3404 4694 3489 4748 19.

582 4777 1236 4857 (ζῇ-Ἰξιρανθρώπησιις,
1254 4792 1416 4845 quam
1439 4791 1623 4857 vocem
1643 4775 1816 4832 Graeci
1839 4776 2076 4857 Patresa

2183 4790 2359 4834 autem
2379 4786 2541 4836 etiam
2573 4786 2716 4839 circa
2741 4786 2897 4839 ὲνανθ
2909 4790 3207 4856 ρωπήσεως
3236 4804 3408 4857 vocem
3432 4788 3665 4857 improbe
3692 4807 3754 4844 ac

502 4847 722 4921 COIIClltl
747 4847 948 4902 Nicazn't
986 4849 1317 4921 temporibus
1347 4848 1545 4921 passim
1572 4860 1927 4921 usurparunt,
1955 4848 2077 4901 red-

503 4922 614 4976 didi
648 4918 1127 4974 inltumanationem
1156 4934 1174 4972 :
1208 4917 1257 4971 id
1293 4920 1491 4987 quippe
1534 4920 1855 4971 vocabulum
1889 4919 2076 4972 Grazco

506 4992 751 5061 apprime
777 4990 1083 5061 respondet,
1112 5003 1211 5042 nec
1242 5004 1444 5061 novum
1477 4997 1735 5061 est,cum
1771 4989 1852 5041 bis
1888 4989 2024 5061 libro
2057 5005 2075 5041 ι

502 5056 721 5117 codicis
750 5056 1009 5129 legainus,
1044 5058 1081 5113 l.
1116 5073 1146 5110 v
1176 5068 1229 5129 et
1256 5074 1331 5123 νι,
1366 5059 1450 5111 tit.
1476 5059 1549 5129 ξι.
1586 5060 1850 5111 Caeterum
1879 5056 2078 5113 Graeca:

483 5131 762 5187 'dictiouis
800 5128 905 5183 vim
943 5141 1000 5186 et
1027 5128 1477 5199 signiﬁcationem
1509 5128 1727 5199 eludere
1754 5129 1880 5199 olim
1909 5143 2077 5183 cona-

507 5201 704 5271 bantur
741 5200 1059 5271 Apollinarii
1088 5197 1509 5271 'sectatores,‘de
1550 5197 2078 5271 quibusGregorius

504 5267 879 5326 Nazianzenus
930 5272 1007 5325 sic
1052 5270 1242 5325 scribit
1281 5284 1293 5320 :
1333 5268 1406 5320 Τὸ
1430 5267 1485 5319 δὲ
1524 5267 1655 5339 αὐτὸ
1682 5270 1777 5339 καὶ
1807 5268 1934 5337 περὶ
1966 5270 2066 5339 τὴν

503 5344 603 5411 τῆς
647 5342 1155 5412 ιὲνανθρωπήσεως
1184 5358 1201 5390 ι
1246 5336 1611 5412 κακουργοῦσι
1632 5338 1835 5412 φωνην,
1860 5336 1920 5412 το
1955 5336 2068 5412 Ἑνς

502 5407 1043 5483 ηνθριὶνιιτησεν,,οὐκΔ
1074 5412 1132 5462 ὲν
1179 5407 1451 5483 ἀνθρῴπιρ
1505 5410 1745 5483 γέγονεν,
1773 5407 1840 5461 ὃν
1888 5410 2068 5483 ἐαυτῷ

506 5479 835 5555 περἰέπηξεν
855 5480 1203 5555 ἐξηγφιὶμεγοι
1234 5479 1375 5555 κριτβι
1398 5481 1460 5555 ξτδ
1480 5479 1824 5555 εἰρημένφγς,
1852 5479 2068 5555 sm:

504 5548 613 5623 γὰρ
648 5548 1006 5623 ἐγί’νωσκε,’τί
1028 5548 1095 5623 ἢν
1133 5553 1191 5602 ἐν
1216 5549 1295 5623 τῷ
1323 5548 1615 5623 ἀνθρώπῳ,
1639 5567 1675 5623 ί»
1710 5549 1825 5603 ἀλλ’
1852 5549 2067 5623 ἀνθρῴ-

504 5619 627 5685 ποις
651 5622 914 5691 ὡμίλησε,
950 5619 1562 5674 καὶσυνεπολιτεύσατο
1592 5621 1840 5691 λέγοντες
1869 5623 1963 5674 καὶ
1989 5621 2069 5673 δι·-

501 5690 933 5777 δάσκοντες,κα“ι
960 5693 1093 5777 πρὸς
1108 5691 1329 5777 ἐκείμην
1361 5690 1793 5777 καταιξεύγονξες
1820 5692 1921 5777 τὴν
1954 5710 2068 5774 φω-

503 5761 763 5843 νήν,τὴν,
798 5781 816 5812 ι
849 5763 1004 5814 Μετὰ
1038 5761 1197 5815 τοῦτο
1222 5762 1314 5812 ἐπὶ
1343 5765 1440 5844 τής
1479 5761 1581 5829 γῆς
1615 5761 1793 5830 ὤφθη,
1826 5761 1915 5813 καὶ
1960 5764 2070 5825 τοῖς

507 5831 816 5903 ανθρωποις
840 5832 1275 5902 συνανεστράφη,
1307 5848 1325 5881 ι
1349 5830 1635 5898 λεγουσαν.
1665 5828 1888 5899 Nempe,
1924 5830 2069 5884 Idem

2181 4862 2383 4927 versute
2407 4866 2687 4922 usurpant,
2709 4858 2803 4908 hoc
2827 4858 3034 4909 verbum
3066 4856 3479 4927 ὲνηνθρώπησεν
3508 4856 3651 4912 haud
3674 4863 3751 4913 ita

2182 4922 2526 4997 explicantes,
2557 4934 2615 4978 ut
2643 4926 2779 4979 idem
2803 4930 2892 4987 sit,
2925 4937 3103 4995 atquet
3141 4922 3208 4979 1η
3230 4922 3464 4990 homine,
3481 4945 3629 4997 quem
3651 4933 3754 4984 sibi

2183 4994 2375 5075 a/ﬁxit,
2409 4997 2654 5078 esstitit,
2675 5014 2693 5078 ξ
2718 4994 3159 5078 quemadmodum
3193 5000 3446 5078 scriptum
3468 4994 3565 5078 est,
3596 4999 3753 5069 «Ipse

2181 5064 2321 5138 enim
2342 5065 2541 5118 sciebat
2564 5067 2691 5128 quid
2717 5077 2846 5120 esset
2879 5068 2934 5119 in
2961 5067 3170 5122 homine
3193 5087 3210 5117 ι
3245 5064 3748 5138 (Ευαηθλοαηζιι,

2180 5132 2322 5257 Ξὸἐῑ
2357 5151 2533 5189 verum
2566 5140 2699 5189 idem
2742 5153 2853 5191 esse
2889 5137 3117 5191 dicentes
3162 5154 3225 5190 ac
3256 5132 3527 5203 ‘docen‘tes,
3556 5132 3750 5209 atque}

2191 5220 2209 5252 ι
2289 5220 2377 5256 um
2413 5206 2712 5257 hominibus
2749 5208 3175 5257 consuetudinem
3199 5208 3383 5257 habuit
3427 5222 3475 5257 et
3509 5221 3750 5257 versatus

2191 5220 2209 5252 ι
2242 5206 2377 5257 Cum
2413 5206 2712 5259 hominibus
2749 5208 3175 5261 consuetudinem
3199 5208 3383 5261 habuit
3427 5222 3475 5263 et
3509 5206 3750 5265 versutus

2170 5284 2269 5338 est,
2305 5292 2323 5325 ι
2360 5284 2411 5329 et
2440 5277 2522 5329 his
2553 5293 2605 5329 se
2633 5280 2798 5330 verbis
2832 5288 3063 5331 tutantes
3106 5293 3124 5330 :
3163 5297 3183 5331 ‹
3221 5277 3352 5333 Post
3381 5280 3491 5333 hwc
3517 5282 3570 5332 in
3607 5291 3752 5334 terra

2169 5346 2311 5418 visus
2348 5355 2463 5411 est,
2490 5355 2540 5418 et
2568 5363 2687 5418 cum
2732 5350 3030 5402 hominibus
3054 5362 3388 5403 conversatus
3421 5361 3497 5403 est
3542 5369 3558 5401 ι
3604 5350 3751 5418 (Ba-

2173 5414 2297 5537 rucg
2328 5432 2413 5481 ιιι,
2445 5417 2556 5485 38).
2620 5416 2769 5482 Vide,
2806 5422 2851 5472 si
2890 5420 3059 5484 lubet,
3116 5422 3317 5491 reliqua
3359 5432 3497 5474 orat.
3537 5414 3748 5485 Iib'.t.tt,

2173 5500 2227 5537 n.
2302 5525 2313 5537 .

2172 5500 2227 5539 ιι.
2260 5500 2313 5537 θ.

2174 5623 2214 5691 ψ
2244 5555 2355 5623 (43)
2403 5556 2471 5610 At
2520 5556 2662 5611 LXX
2709 5558 2911 5613 habent
2946 5574 2959 5611 :
2996 5561 3069 5612 Τὸ
3106 5560 3277 5630 ὄνομα
3320 5559 3500 5614 αὐτῶν
3545 5561 3751 5630 ἐξήλει-

2218 5641 2282 5686 ας
2304 5662 2317 5674 .
2341 5664 2354 5678 .
2378 5665 2391 5679 .
2410 5665 2423 5680 .

2218 5641 2423 5686 άς....

2251 5696 2363 5765 (is)
2393 5696 2584 5771 Isaias,
2614 5714 2727 5771 xw,
2761 5700 2845 5753 14.
2895 5700 3000 5755 Sed
3027 5702 3167 5768 apud
3206 5698 3346 5753 LXX
3384 5700 3551 5771 leges,
3589 5701 3751 5757 Ἀναο

2178 5764 2419 5836 ϐήσομαι
2445 5769 2631 5822 ἐπάνω
2660 5770 2770 5825 τῶν
2801 5771 2998 5841 νεφῶν,
3029 5764 3223 5841 ἔσομαι
3250 5764 3467 5842 ὅμοιοςῖ
3488 5808 3575 5827 ...
