4172 6532
535 475 639 541 εδει
1653 476 1713 535 S.
1741 473 2118 535 GREGORII
2176 471 2654 532 AGRIGENTIN
2661 472 2689 530 Ι
3468 502 3475 509 ι
3706 460 3809 526 884

533 589 754 655 studiis,
788 588 947 653 nihil,
982 589 1230 660 inquam,
1256 590 1648 659 comprobandi
1673 590 1869 660 gratia,
1898 588 1992 643 sed
2017 589 2116 641 ob-

2228 586 2317 640 xa‘t
2363 588 2805 658 σπουδασμάτων
2854 584 3189 657 ποιήσασθαι
3224 582 3322 654 τὴν
3360 580 3659 651 ἐξήγησιν
3692 581 3808 635 ἀλλ’

533 681 801 738 trectandi
850 683 1031 751 potius
1068 692 1123 737 et
1151 684 1492 754 deprimendi
1535 692 1590 738 et
1638 682 1941 751 castigandi
1984 696 2119 736 con-

2228 681 2282 733 ἐν
2307 680 2529 751 διαϐολῇ
2563 683 2658 735 καὶ
2684 680 2940 752 θριάμϐῳ
2974 680 3070 734 καὶ
3099 679 3272 749 στήλῃ
3307 675 3404 730 καὶ
3437 671 3806 739 καταγνώσει,

531 773 937 844 demnandique
986 790 1154 830 causa
1208 775 1483 845 prolatum
1517 790 1660 838 esse,
1699 783 1756 828 ut
1798 788 1991 828 omnes
2034 773 2121 827 ille

2228 774 2359 842 πρὸς
2385 774 2445 825 τὸ
2480 773 2687 837 πάντας
2722 771 3069 845 ἀνθρώπους,
3094 772 3220 826 ὅσον
3249 764 3386 842 ἧκεν
3428 772 3511 832 είς
3542 768 3643 837 τὴν
3676 768 3809 823 ἰδίαν

532 864 806 931 homines,
838 876 1107 937 quantum
1164 868 1231 922 ad
1264 867 1596 921 desiderium
1628 866 1749 934 ejus
1783 876 1837 920 et
1873 865 2116 919 studium

2228 864 2411 932 ἔφεσιν
2457 866 2553 919 καὶ
2604 866 2861 937 σπουδὴν,
2898 865 3320 935 παρασκευάσαι
3367 865 3688 936 διατεθῆναι
3714 862 3810 917 καὶ

530 960 859 1031 pertinebat,
892 960 1200 1015 institueret
1234 959 1338 1015 hoc
1365 969 1524 1029 pacto
1552 959 1925 1028 erudiretque,
1955 966 2118 1025 atque

2228 956 2361 1008 κατὰ
2384 954 2606 1027 [τ]αυτὰ
2627 958 2721 1009 καὶ
2751 956 3036 1019 ὡσαύτως,
3057 956 3151 1008 καὶ
3177 956 3313 1027 πρὸς
3345 956 3683 1029 ἐπιστροφὴν
3710 958 3811 1009 ὲπ-

533 1054 599 1109 ad
634 1061 837 1108 rectam
878 1053 1111 1123 potioris
1142 1053 1268 1107 vitae
1308 1052 1575 1107 rationem
1615 1052 1940 1106 traduceret.
1980 1050 2115 1103 Pro-

2228 1049 2418 1114 ανάξαι
2445 1050 2541 1103 καὶ⁸
2575 1049 2863 1119 διόρθωσιν
2904 1049 3000 1103 καὶ
3030 1048 3336 1118 βελτίωσιν.
3385 1049 3602 1120 Ἀμέλει
3630 1047 3817 1103 τοίνυν

531 1156 714 1215 pterea
745 1148 934 1216 utique
965 1147 1044 1201 ait
1078 1161 1339 1201 rursum:

2228 1136 2381 1204 αὖθίς
2410 1159 2575 1211 φησιν
2597 1158 2612 1171 °

2130 1273 2250 1327 XX.

602 1370 716 1441 96
742 1370 909 1426 Vens.
942 1371 1031 1426 i8.
1071 1371 1199 1425 Dixi
1221 1389 1313 1443 ego
1353 1374 1405 1426 in
1436 1374 1593 1426 corde
1640 1388 1754 1426 meo
1786 1387 1804 1424 :
1828 1369 2049 1424 Iustum
2074 1275 2125 1419 Et

533 1465 759 1532 impium
781 1462 1050 1531 judicabit
1081 1462 1255 1525 Deus;
1284 1466 1411 1533 quia
1438 1466 1819 1533 tempestivitas
1857 1462 2000 1516 omni
2025 1461 2123 1524 rei,

2297 1359 2453 1418 Εἷπα
2486 1363 2602 1433 ἐγὼ
2629 1366 2699 1418 ἐν
2730 1366 2803 1433 τῇ
2837 1364 3051 1433 καρδίᾳ
3078 1382 3233 1432 μου·
3278 1365 3401 1418 Σὺν
3438 1364 3547 1418 τὸν
3577 1363 3810 1417 δίκαιον

2228 1458 2327 1510 καὶ
2356 1456 2465 1509 τὸν
2485 1457 2678 1525 ἀσεϐῆ
2705 1458 2947 1525 κρινεῖό
2977 1459 3151 1522 Θεός·
3177 1457 3265 1511 ὅτι
3296 1456 3501 1525 καιρὸς
3526 1454 3606 1521 τῷ
3633 1456 3809 1523 παντί

534 1564 584 1606 et
615 1569 773 1621 super
805 1569 955 1605 omne
986 1554 1208 1622 factum.
1244 1553 1367 1607 Dixi
1400 1570 1492 1624 ego
1523 1556 1577 1607 in
1607 1556 1763 1608 corde
1798 1570 1912 1607 meo
1951 1554 2016 1605 de
2047 1553 2123 1605 lo-

535 1648 690 1706 quela
715 1646 951 1716 ﬁliorum
980 1647 1229 1712 hominis,
1272 1649 1395 1717 quia
1427 1649 1695 1715 separabit
1718 1648 1837 1701 illos
1867 1646 2031 1711 Deus,
2071 1655 2120 1699 et

536 1750 594 1793 ut
626 1742 892 1801 ostendat,
922 1743 1046 1809 quia
1078 1741 1179 1809 ipsi
1202 1740 1446 1810 jumenta
1496 1750 1639 1794 sunt.
1676 1739 1747 1793 Et
1782 1739 1993 1810 quidem
2032 1740 2114 1807 ip—
2154 1778 2194 1831 Β

538 1833 632 1897 sis,
655 1834 783 1902 quia
811 1842 1022 1886 erentus
1045 1832 1281 1899 ﬁliorum
1315 1833 1564 1898 hominis,
1595 1843 1643 1887 et
1667 1844 1876 1887 eventus
1898 1835 2115 1900 pecoris,

538 1935 750 1977 eventus
792 1939 929 1976 unus
972 1924 1101 1991 ipsis
1131 1922 1396 1976 omnibus.
1430 1922 1583 1978 Sicut
1631 1941 1772 1978 mors
1816 1926 1993 1994 hujus,
2043 1926 2118 1977 ita

480 2082 489 2093 κ
537 2029 681 2070 mors
710 2014 896 2079 illius;
926 2024 975 2068 et
1015 2016 1238 2083 spiritus
1263 2030 1397 2067 unus
1428 2014 1668 2067 omnibus
1701 2014 1834 2085 (46).

609 2281 853 2340 Locutus
887 2284 1048 2340 modo
1069 2284 1138 2340 de
1162 2285 1355 2354 judicii
1387 2287 1527 2346 loco.
1560 2285 1675 2341 sive
1715 2286 1883 2351 illius,
1912 2288 2056 2357 quod
2088 2303 2119 2342 a

539 2377 719 2448 primo
743 2392 918 2448 eoque
940 2378 1206 2433 benevolo
1241 2378 1443 2432 summi
1477 2392 1541 2432 ac
1569 2378 1739 2433 divini
1772 2376 1934 2434 Verbi
1959 2378 2122 2435 Chri-

541 2470 612 2525 sti
665 2469 973 2525 Servatoris
1003 2470 1176 2525 nostri
1227 2471 1495 2525 descensu
1535 2480 1812 2540 peractum
1854 2484 1966 2539 est;
2006 2474 2122 2530 sive

540 2562 682 2630 eius,
712 2561 855 2632 quod
882 2562 1141 2631 deinceps
1172 2562 1412 2617 secundo
1440 2562 1674 2617 adventu
1716 2564 1886 2633 ipsius
1922 2581 2119 2635 magno

542 2655 853 2724 illustrique
879 2655 993 2709 lleri
1024 2656 1187 2709 debet
1222 2656 1340 2708 :vel
1362 2654 1525 2708 etiam
1557 2656 1624 2709 de
1649 2670 1902 2726 utroque,
1927 2675 2120 2728 quem-

539 2746 837 2802 admodum
882 2763 984 2802 nos
1024 2748 1227 2818 opinati
1278 2764 1506 2817 sumus;
1546 2760 1660 2805 tum
1695 2751 1864 2820 impio
1896 2752 2116 2820 quidem

543 2838 599 2893 in
650 2838 842 2909 judicii
875 2840 989 2894 sive
1040 2840 1343 2909 punitionis
1388 2840 1569 2897 locum
1609 2841 1881 2912 ablegato,
1927 2853 2117 2898 contra

540 2947 674 2987 vero
705 2933 983 3003 sedejusti
1013 2932 1127 2988 sive
1158 2934 1534 2990 sanctimonia:
1561 2935 1820 2989 attributa
1849 2936 1960 3005 pio,
1992 2951 2117 2990 cum

539 3040 737 3096 nempe
766 3027 834 3081 de
890 3027 1175 3098 utriusque
1221 3025 1343 3083 loco
1382 3027 1498 3080 ait:
1538 3045 1556 3077 ι
1597 3026 1714 3082 lllic
1744 3027 1966 3097 impius,
2002 3046 2020 3079 ι
2057 3044 2121 3083 ac

2226 1546 2520 1616 πράγματι
2564 1548 2661 1602 καὶ
2709 1548 2808 1601 ἐπὶ
2854 1547 3034 1601 παντὶ
3063 1547 3367 1617 ποιήματι.
3400 1543 3554 1600 Εἷπα
3581 1546 3696 1615 ἐγὼ
3741 1546 3810 1599 έν

2226 1642 2441 1710 καρδίᾳ
2477 1660 2599 1711 μου
2653 1641 2788 1710 περὶ
2842 1640 3066 1709 λαλιᾶς
3116 1641 3267 1695 υἱῶν
3322 1640 3665 1707 ἀνθρώπου,
3722 1638 3809 1691 ὅτι

2224 1733 2518 1802 διακρινεῖ
2548 1734 2771 1799 αὐτοὺς
2802 1736 2836 1787 ὁ
2871 1735 3037 1800 Θεὸς,
3066 1734 3164 1787 καὶ
3192 1733 3299 1787 τοῦ
3337 1731 3548 1797 δεῖξαι,
3577 1730 3663 1784 ὅτι
3700 1732 3808 1783 αὑ-

2225 1826 2313 1879 τοὶ
2362 1826 2552 1892 κτήνη
2606 1826 2748 1880 εἰσί.
2804 1826 2915 1879 Καί
2950 1841 3018 1894 γε
3054 1823 3283 1890 αὐτοῖς,
3321 1822 3411 1877 ὅτι
3452 1820 3809 1889 minimum

2225 1918 2371 1972 υἱῶν
2402 1917 2507 1971 τοῦ
2538 1917 2876 1986 ἀνθρώπου,
2903 1919 3002 1971 καὶ
3027 1920 3385 1986 avrai-nuta
3401 1917 3507 1969 τοῦ
3524 1914 3803 1980 κτήνους,

2225 2010 2582 2079 συνάντημα
2611 2010 2680 2064 ὲν
2714 2012 2922 2075 αὐτοῖς
2950 2008 3162 2063 πᾶσιν.
3205 2008 3302 2075 Ὠς
3328 2012 3360 2062 ό
3384 2006 3644 2073 θάνατος
3671 2008 3806 2061 τού-

2225 2122 2351 2169 του,
2402 2104 2588 2169 οῦτως
2624 2106 2658 2156 ό
2705 2102 2961 2169 θάνατος
3008 2102 3266 2156 τούτου’
3309 2100 3409 2154 καὶ
3444 2100 3682 2170 πνεῦμα
3736 2101 3809 2154 ἐν

2225 2197 2348 2262 τοῖς
2387 2196 2597 2250 πᾶσιν.

2298 2288 2484 2343 Εἰπὼν
2540 2286 2822 2359 προσεχῶς
2871 2288 3002 2359 περὶ
3042 2288 3213 2342 τόπου
3262 2289 3361 2359 τῆς
3392 2288 3651 2358 κρίσεως.
3695 2288 3805 2341 εἴτε

2225 2385 2325 2452 τῆς
2355 2382 2497 2434 κατά
2530 2380 2628 2450 τὴν
2658 2380 2935 2451 προτέραν
2967 2380 3063 2434 καὶ
3099 2380 3485 2451 φιλάνθρωπον
3526 2380 3807 2449 συγκατά-

2227 2476 2385 2528 ϐασιν
2436 2476 2532 2527 καὶ
2588 2475 2984 2546 καταφοίτησιν
3015 2473 3111 2528 τοῦ
3155 2473 3448 2545 θεαρχικοῦ
3495 2472 3672 2541 Λόγου
3713 2473 3808 2527 καὶ

2226 2566 2463 2638 Χριστοῦ
2490 2569 2584 2620 καὶ
2612 2566 2865 2637 Σωτῆρος
2890 2566 3050 2637 ἡμῶν
3080 2566 3490 2636 γεγενημένης,
3522 2564 3636 2617 είτε
3676 2563 3809 2634 περὶ

2225 2661 2323 2727 τῆς
2352 2660 2431 2711 ἔτι
2462 2658 2605 2711 κατὰ
2634 2658 2734 2729 τὴν
2764 2658 3026 2728 δευτέραν
3058 2657 3265 2722 ἔνδοξον
3300 2655 3602 2726 παρουσίαν
3645 2672 3809 2725 γενη-

2227 2755 2494 2826 σομένης,
2532 2755 2640 2808 εἴτε
2691 2754 2788 2808 καὶ
2829 2754 2958 2825 περὶ
2990 2754 3100 2807 τῶν
3139 2754 3491 2825 ἀμφοτέρων,
3538 2751 3615 2816 ὡς
3645 2753 3809 2821 ἡμεῖς

2227 2846 2640 2917 ὑπειλήφαμεν·
2692 2848 2789 2901 καὶ
2834 2847 2913 2918 τῷ
2952 2847 3052 2919 μὲν
3078 2848 3229 2917 τόπῳ
3257 2847 3358 2918 τῆς
3397 2846 3657 2916 κρίσεως,
3688 2845 3808 2915 ῆτοι

2226 2938 2525 3003 κολάσεως,
2566 2937 2972 3012 ἀποκληρώσας
2998 2936 3091 2991 τὸν
3115 2938 3310 3008 ἀσεϐῆ,
3346 2936 3509 3006 τῷκδὲ
3529 2935 3680 3005 τόπῳ
3712 2931 3809 2987 τοῦ

2224 3027 2457 3091 δικαίου,
2480 3028 2728 3081 τουτέστι
2759 3028 2860 3098 τῆς
2886 3027 3246 3093 δικαιώσεως,
3270 3024 3674 3097 ἀποκληρώσας
3707 3023 3808 3095 ἐμ-

541 3134 763 3175 rursum
799 3135 815 3186 ;
848 3138 867 3171 ι
904 3119 1014 3174 illic
1056 3120 1214 3188 pius;
1254 3138 1274 3170 ι
1319 3119 1637 3189 ampliorem
1670 3120 1783 3189 jam
1822 3129 1877 3175 et
1906 3120 2118 3190 planio-

2228 3120 2389 3173 παλιν
2441 3121 2532 3173 τὸν
2582 3119 2807 3190 εὐσεϐῆ,
2857 3119 2947 3174 διά
3003 3118 3098 3173 τοῦ
3160 3121 3246 3187 ἐφ’
3286 3118 3568 3190 ἑκατέρων
3621 3118 3804 3170 τόπων

540 3227 656 3268 rem
693 3211 939 3268 dehisce
975 3216 1377 3270 enarrationem
1418 3215 1673 3278 instituit,
1711 3214 1954 3285 illudque
1993 3231 2125 3271 con-

541 3302 735 3367 tendit,
766 3318 889 3358 cum
915 3303 1065 3371 justo
1096 3304 1324 3374 impium
1350 3319 1570 3374 quoque
1592 3320 1621 3358 a
1655 3305 1765 3360 Deo
1795 3305 2036 3360 universi
2069 3307 2121 3361 in

539 3391 809 3464 judicium
831 3404 1084 3449 vocatum
1114 3392 1204 3458 iri,
1237 3408 1300 3447 eo
1326 3393 1515 3463 utique
1545 3401 1809 3462 tempore,
1839 3395 1984 3463 quod
2009 3395 2122 3464 jam

542 3492 598 3540 et
618 3485 818 3540 divinae
851 3486 1320 3543 inhumanationis
1342 3502 1494 3557 ergo,
1524 3495 1579 3541 et
1608 3486 1830 3557 gloriosi
1863 3488 2126 3544 adventus

543 3576 772 3634 alterius
805 3594 969 3634 causa
1001 3578 1285 3634 deﬁnitum
1309 3580 1781 3651 constitutumque
1806 3590 1948 3636 esset
1978 3598 2126 3652 :quo

542 3678 599 3724 ct
654 3668 957 3725 caelestium
1016 3671 1331 3741 angelorum
1387 3671 1453 3726 ad
1502 3680 1721 3727 sanctos
1770 3672 2129 3744 laudatasque

543 3762 822 3829 apostolos
882 3763 1044 3817 verba
1102 3763 1420 3832 pertinent,
1471 3780 1599 3840 cum
1662 3765 2020 3822 Emmanuele
2072 3775 2127 3821 et

543 3852 769 3910 Christo
802 3869 866 3909 ac
893 3854 1183 3912 Servatore
1213 3864 1402 3912 nostro
1436 3858 1593 3913 caelis
1626 3867 1866 3929 recepto,
1889 3859 2075 3913 dixere
2109 3876 2123 3913 :

551 3968 569 3999 ι
606 3948 716 4002 Viri
767 3948 993 4014 Galilaei,
1028 3948 1160 4019 quid
1217 3949 1376 4005 statis
1409 3950 1740 4020 aspicientes
1793 3951 1846 4006 in
1880 3951 2125 4006 ccelnm?

546 4037 644 4097 Hic
676 4040 859 4106 Jesus,
889 4041 982 4112 qui
1007 4056 1330 4112 assumpsus
1360 4051 1444 4098 est
1471 4058 1501 4097 a
1531 4042 1688 4097 vobis
1716 4042 1770 4096 in
1795 4042 2017 4107 coelum,
2045 4042 2127 4098 sic

543 4133 745 4197 veniet,
787 4131 1247 4206 quemadmodum
1277 4132 1494 4189 vidistis
1522 4148 1647 4188 eum
1673 4141 1893 4189 euntem
1918 4133 1971 4187 in
2003 4150 2119 4190 ca:-

545 4222 655 4278 lum
690 4224 755 4276 ⁷⁰.
791 4242 811 4276 ι

2228 3213 2406 3265 εἰπεῖν
2428 3228 2442 3241 ·
2474 3230 2492 3263 ι
2530 3212 2678 3265 Ἐκεῖ
2703 3213 2731 3265 6
2758 3211 2983 3285 ἀσεϐὴς,
3013 3233 3031 3265 ο
3073 3213 3171 3266 καὶ
3202 3212 3387 3275 πάλιν,
3424 3230 3443 3261 ι
3484 3209 3632 3264 Ἐκεῖ
3657 3211 3685 3262 6
3714 3209 3810 3261 εὐ-

2231 3304 2395 3375 σεϐής
2421 3321 2436 3335 ο
2478 3324 2496 3355 ι
2533 3303 2981 3375 διεξοδικωτέραν
3011 3304 3092 3358 ἔτι
3124 3306 3361 3357 ποιεῖται
3395 3300 3496 3374 τὴν
3528 3302 3657 3372 περὶ
3699 3299 3810 3354 τῶν

2228 3394 2481 3448 τοιούτων
2506 3395 2787 3467 ἐξήγησιν,
2812 3398 2907 3451 καὶ
2931 3396 3255 3451 διατείνεται
3286 3393 3646 3467 κριθήσεσθαι
3672 3392 3811 3465 μετά

2230 3486 2323 3541 τοῦ
2346 3487 2557 3542 δικαίου
2582 3491 2675 3543 καὶ
2707 3490 2797 3543 τὸν
2827 3489 2997 3561 ἀσεϐῆ
3027 3488 3181 3560 παρά
3201 3488 3295 3543 τοῦ
3324 3488 3459 3542 Θεοῦ
3491 3486 3602 3540 τῶν
3633 3486 3811 3540 ἀπάν-

2230 3597 2340 3634 των
2366 3581 2424 3633 ὲν
2450 3582 2903 3654 προδιωρισμένῳ
2932 3582 3024 3636 καὶ
3047 3582 3367 3653 τεταγμένῳ
3400 3579 3596 3651 καιρῷ,
3628 3579 3815 3649 δηλον-

2230 3673 2315 3727 ότι
2348 3673 2443 3725 καὶ⁵
2476 3672 2554 3743 τῷ
2589 3674 2734 3727 κατά
2773 3674 2871 3745 τὴν
2904 3674 3056 3728 θείαν
3095 3675 3485 3742 ὲνσωμάτωσιν
3516 3670 3813 3743 παραλαμ-

2235 3767 2539 3839 ϐανομένῳ·
2574 3770 2666 3821 καὶ
2699 3771 2882 3838 μέντοι
2915 3770 3012 3823 καὶ
3041 3768 3119 3839 τῷ
3151 3768 3293 3822 κατὰ
3320 3769 3418 3838 τὴν
3443 3766 3653 3831 ἔνδοξον
3685 3765 3809 3817 δευ-

2233 3857 2397 3930 τέραν
2428 3860 2733 3931 παρουσίαν
2752 3877 2766 3891 ο
2813 3859 2954 3914 οὕτω
2983 3861 3076 3913 καὶ
3115 3858 3224 3912 τῶν
3267 3859 3533 3930 οὐρανίων
3564 3855 3809 3925 ἀγγέλων

2233 3951 2513 4022 γέγονεντή
2547 3952 2697 4023 φωνὴ
2726 3952 2861 4022 πρὸς
2888 3952 3012 4015 τοὺς
3043 3952 3241 4019 ἁγίους
3278 3951 3374 4004 καὶ
3416 3949 3810 4019 πανευφήμους

2232 4044 2567 4109 ἀποστόλους
2627 4046 2685 4099 ὲν
2738 4043 2816 4115 τῷ
2859 4042 3036 4113 καιρῷ
3082 4043 3182 4108 τῆς
3233 4044 3315 4113 είς
3367 4041 3631 4112 οὐρανοὺς
3675 4040 3809 4092 ἀνα-

2230 4135 2446 4208 λήψεως
2492 4138 2585 4190 τοῦ
2621 4135 2973 4207 Ἐμμανουήλ
3010 4135 3105 4189 καὶ
3142 4132 3384 4204 Χριστοῦ
3432 4132 3527 4186 καὶ
3562 4131 3810 4201 Σωτῆρος

2236 4230 2413 4301 ἡμῶν,
2464 4231 2746 4294 εἰπόντων,
2775 4247 2793 4279 ι
2828 4229 3054 4299 ’Ἄνδρες
3100 4225 3400 4291 Γαλιλαῖοι,
3449 4224 3501 4279 τί
3544 4225 3811 4295 ἑστήκατε

547 4313 913 4386 ἐμϐλέποντες
940 4313 1021 4377 είς
1046 4313 1135 4368 τδν
1165 4314 1429 4386 οὐρανόν;
1463 4310 1632 4380 Οὗτος
1659 4318 1689 4370 6
1722 4318 1928 4388 Ἰησοῦς
1965 4322 1994 4373 6
2021 4319 2356 4390 ἀναληφθεὶς
2422 4321 2516 4388 ἀφ’
2576 4319 2729 4391 ὑμῶν
2771 4322 2850 4384 εἰς
2908 4320 3035 4383 τοὺς
3066 4318 3356 4389 οὐρανοὺς,
3387 4316 3562 4382 οὕτως
3595 4316 3808 4369 ἐλεύσε-

544 4423 662 4468 ται,
689 4406 748 4458 6v
770 4406 975 4479 τρόπον
1002 4404 1304 4461 ἐθεάσασθε
1335 4406 1498 4459 αὐτὸν
1537 4408 1905 4480 πορευόμενον
1947 4413 2029 4470 είς
2064 4413 2155 4465 τὸν
2186 4412 2435 4483 οὐρανόν.
2468 4431 2486 4463 ι

617 4498 911 4553 Deﬁnitum
946 4499 1109 4567 igitur
1129 4498 1459 4554 eratdivinte
1474 4516 1693 4572 quoque
1715 4503 2120 4559 inhumanatio-
2154 4509 2196 4561 D

542 4591 632 4646 nis
669 4600 906 4660 tempus,
938 4606 1033 4659 per
1061 4606 1225 4660 quam
1258 4591 1347 4645 ille
1372 4591 1596 4663 impium
1623 4611 1689 4651 ac
1722 4597 2127 4666 superbientem

548 4678 810 4735 Satanam
831 4677 1213 4734 condemnavit
1235 4696 1451 4750 :quem,
1478 4698 1602 4738 cum
1623 4695 1845 4756 propter
1866 4686 2129 4743 defectio-

544 4788 669 4831 nem
702 4772 903 4845 impius
924 4772 1221 4828 exstitisset
1244 4775 1476 4846 primus,
1506 4785 1560 4829 et
1589 4779 1842 4836 tenebras
1863 4781 1975 4847 jam
2007 4781 2129 4836 luce

544 4872 836 4926 mutasset,
865 4878 1029 4918 cruce
1052 4866 1216 4920 etiam
1250 4874 1304 4920 et
1336 4876 1510 4922 morte
1540 4868 1932 4941 sepultumque
1961 4887 2025 4927 ac
2053 4872 2130 4926 vi-

542 4954 703 5011 viﬁca
738 4955 1163 5023 resurrectione,
1198 4958 1357 5027 quasi
1406 4974 1547 5013 novo
1585 4962 1824 5029 quodam
1871 4962 2127 5035 iustoque

540 5049 750 5122 judicio
778 5066 931 5106 reum
964 5051 1192 5124 peregit.
1224 5049 1335 5107 Nec
1367 5068 1493 5107 vero
1524 5054 1706 5110 minus
1733 5054 2017 5113 deﬁnitum
2045 5066 2127 5111 est

543 5142 655 5214 97
683 5151 916 5213 tempus,
964 5158 1075 5214 quo
1108 5144 1177 5199 ad
1200 5144 1470 5214 judicium
1504 5156 1660 5216 coget
1688 5156 1955 5217 quotquot
1992 5162 2126 5203 con-

544 5238 686 5292 didit
734 5236 965 5293 rationis
1004 5245 1058 5292 ct
1099 5237 1407 5295 intellectus
1447 5240 1762 5309 participes,
1805 5241 2127 5311 arbitriique

545 5333 796 5390 libertate
830 5332 1094 5390 divinitus
1118 5332 1472 5398 honestatos;
1508 5350 1615 5389 non
1649 5336 1837 5403 utique
1874 5343 1929 5389 et
1960 5337 2126 5389 ratio-

544 5425 631 5481 nis
661 5434 910 5493 expertes
947 5426 1280 5491 animantes,
1312 5425 1595 5494 multoque
1634 5425 1816 5481 minus
1854 5426 1938 5481 vel
1969 5428 2125 5497 plan-

545 5526 631 5572 tas
659 5516 744 5570 vel
790 5516 995 5586 lapides
1027 5535 1039 5570 :
1070 5532 1246 5586 neque
1270 5517 1416 5572 enim
1448 5532 1638 5571 eorum
1676 5533 1798 5588 qua:
1832 5518 1885 5571 in
1922 5519 2127 5572 mundo

546 5608 809 5663 universo
854 5618 1002 5672 sunt.
1057 5610 1204 5669 aliud
1256 5611 1552 5680 quidquam
1604 5624 1797 5682 prteter
1850 5612 2124 5669 hominem

617 5742 665 5776 '°
695 5744 819 5797 Act.
850 5757 889 5807 t,
919 5743 1007 5797 11.

621 5877 733 5951 (46)
756 5881 826 5936 At
860 5877 1004 5935 LXX
1025 5880 1228 5936 habent
1260 5882 1353 5935 ml.
1379 5881 1471 5934 hri.
1502 5881 1664 5935 παντὶ
1689 5879 1955 5952 ποιήματι
1986 5882 2121 5934 ἐκεῖ.

551 5947 729 6013 Eine;
752 5991 767 6007 .
792 5992 804 6008 .
826 5991 840 6007 .
873 5961 926 6009 et
947 5961 1139 6008 contra
1166 5967 1275 6009 non
1304 5952 1507 6009 habent
1538 5952 1620 6005 ότι
1646 5960 1770 6021 post
1803 5947 1897 6005 καί
1934 5967 1999 6020 γε
2024 5952 2124 6006 αὐ-

2312 4506 2631 4576 Ὡρισμένος
2668 4502 2763 4559 οὖν
2800 4500 2868 4575 ῆν
2912 4506 2942 4557 6
2981 4504 3172 4575 καιρὸς
3219 4505 3314 4558 καὶ⁵
3343 4503 3444 4573 τῆς
3473 4503 3622 4568 θείας
3656 4504 3813 4557 ὲναν·

2234 4595 2593 4666 θρωπήσεως,
2628 4597 2699 4649 δι’
2730 4591 2796 4667 ἦς
2821 4595 2914 4648 τὸν
2944 4595 3142 4667 εὐσεϐῆ
3174 4596 3268 4649 καὶ
3299 4594 3643 4665 μεγάλαυχον
3681 4613 3811 4649 κατ-

2232 4687 2415 4757 έκρινε
2476 4688 2742 4751 Σατανᾶν,
2803 4687 2897 4741 τὸν
2954 4688 3045 4740 διά
3086 4688 3188 4758 τῆς
3244 4686 3585 4751 ἀποστασίας
3635 4686 3810 4757 ἀσεϐῆ

2232 4779 2449 4850 πρῶτον
2494 4779 2732 4848 φανέντα
2755 4818 2769 4842 ,
2815 4780 2912 4834 καὶ
2960 4780 3049 4833 διά
3093 4779 3252 4833 τοῦτο
3301 4780 3566 4848 γεγονότα
3619 4780 3811 4843 σκότος

2229 4872 2351 4927 avri.
2380 4870 2581 4942 φωτὸς,
2611 4874 2670 4924 ὲν
2698 4870 2877 4943 κρίσει
2900 4872 2993 4925 καὶ
3022 4870 3336 4943 δικαιοσύνῃ
3365 4872 3466 4941 τὴν
3495 4871 3615 4924 κατ’
3643 4871 3809 4925 αὐτοῦ

2231 4960 2557 5032 κατάκρισιν
2598 4960 2967 5031 ποιησάμενος
3007 4959 3095 5012 διὰ
3138 4956 3375 5027 σταυροῦ
3426 4955 3522 5011 καὶ
3573 4956 3811 5010 θανάτου

2232 5056 2326 5108 καὶ
2348 5054 2548 5127 ταφῆς,
2578 5054 2673 5108 καλ⁸
2700 5053 2801 5123 τῆς
2827 5053 3142 5124 ζωαρχικῆς
3168 5050 3541 5113 ἀναστάσεως.
3568 5050 3679 5104 Καὶ
3704 5048 3810 5103 πά·-

2228 5148 2311 5200 λιν
2337 5146 2644 5217 ὡρισμένος
2670 5146 2820 5199 ἐστὶν
2859 5148 2888 5200 6
2924 5146 3117 5217 καιρὸς
3144 5146 3263 5199 καθ’
3286 5144 3345 5198 ὃν
3380 5144 3462 5207 είς
3488 5141 3671 5215 κρίσιν
3691 5141 3812 5208 ἄξει

2228 5239 2338 5293 πᾶν
2363 5238 2424 5292 τὸ
2444 5238 2675 5310 ποίημα,
2701 5237 2945 5310 δηλονότι
2970 5237 3030 5291 τὸ
3058 5237 3283 5307 λογικὴν
3313 5236 3407 5289 καὶ
3429 5236 3621 5306 vos.in
3649 5232 3814 5287 λαϐὸν

2227 5330 2428 5403 ψυχὴν,
2458 5330 2533 5395 ὡς
2563 5330 3005 5400 αὐτεξουσιότητι
3034 5329 3187 5400 παρά
3215 5326 3311 5385 τοῦ
3348 5325 3699 5399 Δημιουργοῦ
3724 5341 3812 5377 τι-

2231 5424 2440 5494 μηθέν·
2474 5422 2596 5493 οὐχὶ
2628 5423 2686 5475 δὲ
2734 5424 2829 5478 καλ
2871 5422 2980 5476 τῶν
3020 5421 3233 5491 ἀλόγων
3280 5419 3437 5484 ζώων
3480 5419 3733 5481 ἕκαστον,
3772 5414 3810 5488 ἢ

2227 5514 2409 5586 πολλῷ
2437 5514 2641 5585 μᾶλλον
2662 5515 2770 5568 τῶν
2801 5513 2985 5583 φυτῶν
3014 5514 3111 5567 καὶ
3143 5512 3251 5567 τῶν
3285 5511 3471 5566 λίθων.
3502 5509 3670 5564 Οὐδὲν
3700 5509 3813 5579 γὰρ

2226 5608 2357 5665 ἄλλο
2387 5607 2498 5660 τῶν
2527 5607 2682 5678 παρὰ
2728 5606 2821 5661 τὸν
2857 5604 3145 5675 ἄνθρωπον
3170 5603 3273 5658 άνά
3305 5605 3482 5658 πάντα
3528 5600 3681 5655 τόνδε
3720 5600 3813 5653 τὸν

2230 5886 2366 5956 τοῖς.
2402 5899 2503 5942 nec
2525 5885 2692 5941 πᾶσιν
2714 5892 2837 5956 post
2865 5882 2924 5935 ἐν
2952 5880 3159 5943 αὐτοῖς.
3190 5873 3313 5932 Vid.
3349 5870 3597 5939 inferius,
3626 5866 3723 5924 lib.
3752 5880 3812 5927 χ.

2229 5955 2336 6023 Q8.
