4172 6518
382 387 489 449 885

1440 397 1521 457 IN
1564 396 2147 461 ECCLESIASTEN.
2192 426 2260 435 —
2286 401 2434 463 LIB.
2469 402 2582 463 III.

3568 402 3675 466 886

380 500 585 572 κόσμον
641 500 1085 574 αύτεξουσιότητι
1123 502 1303 575 ψυχῆς
1353 504 1584 574 λογικῆς
1637 509 1732 561 καὶ
1781 511 1972 579 νοερᾶς

2085 511 2246 565 libero
2278 512 2563 567 rationalis
2602 510 3064 582 intelligentisque
3106 508 3275 565 animi
3308 508 3540 565 arbitrio
3575 526 3671 564 cx-

381 593 636 665 έτιμήθη,
663 595 786 647 οὔτε
830 595 965 666 πρὸς
1012 596 1200 663 κρίσιν
1242 597 1545 669 ἀχθήσεται
1589 600 1652 653 τὸ
1680 600 1965 672 παράπαν,

380 688 489 741 οὐδ’
520 687 875 757 ἁνταμείψεις
917 688 1029 753 ἕξει
1067 689 1322 760 πράξεων
1372 692 1595 761 ἀγαθῶν
1644 693 1676 764 ἢ
1727 694 1967 763 φαύλων.

382 781 593 834 Οὐκοῦν
636 782 664 834 ὅ
701 798 867 849 φησιν
901 782 929 833 6
962 782 1420 855 Ἐκκλησιαστὴς,
1456 806 1474 839 ι
1506 790 1632 841 Ὅτι
1656 788 1849 859 καιρὸς
1892 787 1971 859 τῷ

382 874 548 927 παντὶ
600 875 892 944 πράγματι
946 878 1043 929 καὶ
1086 878 1179 930 ἐπὶ
1236 883 1400 933 παντὶ
1436 883 1729 951 ποιήματι,
1764 901 1782 933 ›
1822 882 1973 953 δηλοί

383 967 678 1037 προφανῶς
707 967 805 1038 τὴν
832 967 1145 1040 ὡρισμένην
1174 974 1231 1025 ὲν
1264 973 1402 1042 τῷδε
1427 973 1505 1043 τῷ
1540 974 1641 1043 βίῳ
1679 974 1828 1043 ζωὴν
1878 975 1976 1028 καὶ

382 1055 657 1127 διαγωγὴν
699 1058 795 1111 καὶ
827 1058 1087 1132 διαμονὴν
1120 1062 1216 1115 καὶ
1250 1063 1357 1115 τῶν
1389 1064 1695 1135 ἀνθρώπων
1736 1067 1835 1119 καὶ
1864 1067 1971 1119 τῶν

382 1144 553 1200 ἄλλων
588 1146 746 1210 ζώων
773 1148 1029 1202 ἁπάντων
1054 1164 1067 1176 ·
1105 1149 1187 1202 ἔτι
1226 1151 1284 1204 δὲ
1316 1153 1414 1205 καὶ
1449 1154 1549 1222 τῆς
1580 1156 1842 1224 οὐρανίας
1878 1159 1972 1209 καὶ

384 1239 903 1311 κυκλοφορουμένης
936 1244 1202 1313 κινήσεως
1238 1247 1333 1299 καὶ
1368 1247 1466 1315 τῆς
1494 1248 1595 1317 γῆς
1623 1249 1680 1301 δὲ
1730 1249 1822 1302 καὶ
1870 1250 1972 1321 τῆς

385 1330 695 1400 θαλάσσης;
730 1332 902 1387 ’Ὀταν
953 1334 1010 1387 δὲ
1059 1335 1229 1405 πέρας
1269 1337 1488 1408 δέξηται
1535 1340 1629 1393 καὶ
1674 1340 1886 1395 παῦλαν
1937 1344 1972 1413 ἡ

386 1424 645 1489 σύστασις
674 1425 775 1496 τῆς
809 1427 1113 1498 ἐνεστώσης
1146 1428 1291 1498 ζωῆς
1310 1447 1322 1459 ο
1341 1415 1863 1506 ’τηνικαῦτακρίσις
1892 1437 1971 1490 δι-

385 1516 519 1572 καία
549 1522 840 1590 γενήσεται
870 1523 963 1575 καὶ
998 1523 1332 1592 κατάλληλος
1375 1527 1755 1593 ἀνταπόδοσις,
1788 1529 1973 1599 μόνοις

385 1611 585 1682 δηλαδὴ
613 1615 727 1676 τοῖς
754 1612 979 1683 λαχοῦσι
1008 1616 1161 1684 παρά
1189 1616 1283 1669 τοῦ
1307 1618 1658 1689 Δημιουργοῦ·
1685 1620 1864 1693 ψυχὴν
1888 1622 1974 1675 λο-

387 1703 552 1773 γικήν
582 1721 642 1756 τε
682 1706 776 1757 καὶ
822 1704 1038 1775 νοεράν,
1074 1707 1148 1770 di;
1179 1708 1275 1779 τὴν
1309 1709 1394 1777 ἐφ’
1420 1711 1658 1783 ἑκάτερα
1700 1715 1974 1785 κεκτημέ-

388 1812 500 1858 νοις
541 1796 883 1867 προαίρεσιν.
918 1799 1089 1853 Τοῦτο
1127 1801 1237 1871 γὰρ
1279 1804 1505 1873 ἐμπεδοῖ
1533 1808 1779 1875 φάσκων,
1819 1828 1837 1860 ‹
1868 1809 1972 1863 Σὺν

2077 615 2329 661 ornatum
2370 616 2474 670 est,
2509 614 2674 676 atque
2714 606 2849 660 adeo
2890 620 2987 660 nec
3014 604 3213 674 judicii
3247 618 3388 660 onus
3440 602 3668 666 subibit.

2077 712 2178 752 nec
2213 697 2352 751 male
2386 705 2480 750 aut
2512 705 2662 751 recte
2696 696 2968 751 factorum
2997 692 3481 764 compensationes
3511 692 3666 748 feret.

2074 786 2195 842 Jam
2231 787 2377 858 quod
2408 788 2485 842 ait
2518 786 2904 847 Ecclesiastes,
2948 805 2967 837 ι
2999 784 3482 855 tempestivitatem
3520 783 3666 838 omni

2079 881 2154 935 rei
2178 895 2320 942 esse,
2350 888 2403 934 et
2444 895 2610 948 super
2640 893 2804 933 omne
2843 876 3071 942 factum,
3106 896 3124 929 ι
3164 891 3345 931 nonne
3374 872 3669 931 manifesto

2076 973 2340 1036 declarat,
2371 972 2651 1027 deﬁnitam
2688 971 2831 1040 apud
2866 985 2969 1024 nos
3000 969 3165 1023 vitam
3198 977 3251 1024 et
3295 967 3587 1023 stationem
3615 977 3668 1023 et

2079 1080 2288 1119 moram
2325 1080 2448 1119 cum
2501 1062 2783 1117 hominum
2836 1071 2951 1116 tum
2990 1070 3310 1116 caeterorum
3351 1059 3514 1115 etiam
3549 1061 3667 1115 ani-

2079 1160 2344 1212 mantium
2382 1175 2395 1211 :
2440 1141 2664 1225 inSuper
2695 1155 3001 1211 caelestium
3036 1155 3164 1209 item
3210 1152 3663 1215 conversionum,

2080 1265 2144 1304 ac
2176 1259 2332 1304 terra:
2366 1248 2529 1304 etiam
2562 1258 2615 1303 et
2656 1247 2863 1302 maris?
2888 1263 3054 1316 porro
3096 1246 3187 1301 ubi
3220 1247 3505 1317 praesentis
3540 1246 3665 1300 vita:

2080 1343 2395 1397 constitutio
2428 1342 2591 1396 ﬁnem
2617 1342 2970 1411 quietemque
2997 1340 3287 1405 habuerit;
3322 1339 3661 1408 tumjustuur

2080 1436 2171 1492 ﬁet
2194 1435 2463 1507 judicium
2499 1445 2553 1490 et
2584 1444 2952 1490 consentanea
2988 1432 3359 1488 remuneratio
3391 1431 3524 1503 (67),
3553 1432 3664 1486 uti-

2080 1546 2186 1599 que
2218 1538 2439 1600 propter
2469 1543 2564 1582 eos
2597 1536 2829 1591 tantum,
2865 1526 2961 1595 qui
2993 1525 3064 1580 ab
3106 1533 3331 1580 auctore
3357 1540 3460 1579 suo
3492 1523 3662 1578 ratio-

2081 1623 2258 1677 nalem
2293 1631 2346 1676 et
2375 1620 2765 1690 intelligentem
2803 1618 3050 1672 animum
3076 1618 3231 1671 nacti
3264 1626 3424 1682 sunt;
3464 1615 3665 1687 quippe

2080 1720 2173 1787 qui
2215 1716 2385 1770 libera
2413 1714 2685 1785 eligendi.»
2707 1713 2852 1783 quod
2887 1710 3129 1775 mallent,
3166 1709 3425 1765 facultate
3453 1708 3661 1778 praediti

2081 1812 2321 1867 fuerunt.
2361 1811 2495 1866 Nam
2536 1811 2588 1865 id
2638 1808 2994 1865 Ecclesiastes
3033 1806 3342 1870 conﬁrmat,
3375 1820 3499 1860 cum
3530 1803 3607 1859 ait
3644 1822 3659 1858 :

386 1886 481 1939 τὸν
502 1887 711 1941 δίκαιον
740 1889 956 1943 καὶτὸν
980 1892 1150 1964 ἀσεϐῆ
1188 1899 1367 1965 κρινεί
1408 1899 1436 1950 6
1474 1897 1631 1961 Θεός.
1671 1920 1689 1951 ι
1743 1902 1975 1973 Ἀσεεὴς

2085 1927 2101 1959 ι
2132 1904 2347 1961 Justum
2379 1916 2434 1959 et
2466 1903 2691 1972 impium
2720 1900 2990 1972 judicahit
3032 1899 3196 1954 Deus.
3232 1916 3251 1949 ι
3303 1896 3489 1968 Neque
3515 1897 3660 1951 enim

387 1978 496 2048 γάρ
529 1979 625 2032 καὶ
657 1979 867 2044 δίκαιος
894 1984 1070 2046 οὐδεὶς
1096 1985 1258 2050 ἄλλος
1286 1987 1513 2059 εὕρηται
1543 1991 1603 2043 τὺ
1626 1992 1906 2062 παράπαν.
1939 1993 1971 2064 ἢ

388 2075 861 2146 προσαγορεύεται
886 2078 994 2132 τῶν
1022 2080 1345 2148 πεφυκότων
1374 2082 1525 2152 παρὰ
1544 2082 1635 2137 τὸν
1665 2084 1969 2155 ἄνθρωπον.

388 2165 559 2220 Τοῦτο
616 2167 725 2238 γὰρ
776 2170 1077 2224 αἰνίττεται
1125 2174 1230 2226 κάν
1282 2177 1395 2238 τοῖς
1442 2175 1729 2245 ἑπομένοις
1781 2176 1972 2241 εἰπὼν,

393 2276 413 2309 ι
443 2255 591 2313 Εἶπα
626 2259 736 2329 ἐγὼ
763 2262 822 2313 ὲν
852 2263 1052 2334 καρδία
1085 2281 1187 2334 μου
1222 2266 1351 2336 περὶ
1383 2265 1571 2331 λαλιᾶς
1602 2268 1733 2321 υἱῶν
1768 2268 1975 2339 ἀνθρώ-

390 2368 517 2417 που,
554 2354 636 2406 ὅτι
676 2354 946 2426 διακρινεί
988 2357 1186 2421 αὐτοὺς
1216 2361 1243 2411 6
1272 2358 1425 2423 Θεὸς,
1461 2378 1479 2411 ›
1510 2359 1834 2431 ἀνθρώπους
1863 2365 1975 2414 εἰσ-

395 2441 543 2509 άγων
575 2444 853 2513 πανταχοῦ
898 2445 1028 2508 τοὺς
1055 2448 1636 2519 είσπραχθησομένους
1669 2451 1765 2513 τάς
1795 2452 1974 2517 δίκας,

394 2533 490 2586 καὶ⁸
533 2533 963 2605 κριθησομένους
1008 2538 1136 2608 περὶ
1184 2531 1259 2593 ὧν
1306 2539 1662 2609 διεπράξαντο
1703 2541 1845 2594 κατὰ
1876 2542 1976 2613 τῆς

395 2625 624 2695 γνώμης
653 2627 999 2699 αὐθαίρετον,

473 2718 538 2771 ⁸0
566 2719 623 2772 δέ
654 2736 809 2791 φησι,
843 2739 861 2772 ι
899 2721 1036 2793 Περὶ
1065 2721 1277 2787 λαλιᾶς,
1340 2743 1358 2776 ι
1395 2723 1491 2777 τοῦ
1523 2725 1728 2796 Κυρίου
1758 2728 1975 2797 προδια-

398 2810 600 2881 γράφει
623 2814 713 2865 τὸν
743 2813 899 2882 λόγον
920 2815 1013 2868 τὸν
1042 2816 1500 2888 ἀποφαινόμενον,
1532 2819 1628 2871 καὶ
1653 2820 1780 2888 περὶ
1804 2821 1975 2889 ἀργοῦ

398 2903 560 2973 λόγου
604 2904 786 2958 δοῦναι
824 2906 980 2975 λόγον
1013 2908 1071 2962 έν
1101 2908 1285 2981 ἡμέρᾳ
1331 2912 1431 2981 τῆς
1462 2911 1697 2978 κρίσεως
1723 2913 1849 2975 τοὺς
1882 2914 1977 2966 ἀν-

398 2995 671 3066 θρώπους.
726 2997 783 3050 '0
835 2997 1017 3067 μέντοι
1068 3002 1356 3071 προφήτης
1400 3002 1564 3056 Δα6¹ιδ
1612 3006 1670 3059 ὲν
1704 3004 1977 3075 πνεύματι

399 3089 539 3158 ἁγίῳ
568 3094 662 3144 καὶ
686 3092 867 3145 πλεῖον
890 3089 1011 3146 εἶπε
1040 3093 1148 3146 τῶν
1176 3096 1484 3166 εἰρημένων
1505 3112 1518 3127 ·
1546 3098 1678 3169 φησὶ
1708 3098 1816 3170 γάρ
1843 3099 1977 3169 πρὸς

2078 1999 2281 2067 impius
2331 2005 2386 2051 et
2431 1996 2615 2066 justus
2671 1993 2905 2048 inveniri
2945 1992 3087 2046 alius
3125 1989 3401 2061 quispiam
3456 1996 3656 2058 potest.

2077 2101 2259 2145 anteo
2310 2089 2530 2143 nomine
2562 2095 2757 2156 praeter
2800 2084 3078 2139 hominem
3132 2084 3186 2137 in
3232 2097 3410 2137 rerum
3464 2090 3660 2137 natura

2077 2183 2353 2254 appellari.
2393 2181 2548 2246 Quod
2599 2179 2666 2234 iis
2711 2178 2877 2233 etiam
2911 2177 3203 2247 significat,
3235 2190 3356 2244 qua:
3385 2173 3658 2241 subjecit:

2083 2295 2102 2328 ι
2134 2274 2251 2328 Dixi
2293 2272 2392 2345 ego
2422 2273 2474 2326 in
2522 2270 2684 2326 corde
2718 2284 2838 2324 meo
2873 2268 2941 2323 de
2976 2268 3189 2339 loquela
3218 2267 3450 2321 ﬁliorum
3478 2266 3658 2321 homi-

2077 2368 2185 2428 nis.
2218 2367 2345 2437 quia
2380 2366 2656 2435 separabit
2690 2363 2813 2417 illos
2852 2361 3019 2427 Deus,
3048 2379 3067 2412 ι
3113 2360 3363 2414 homines
3396 2358 3661 2414 inducens

2080 2458 2342 2525 undique,
2378 2456 2471 2525 qui
2519 2470 2711 2525 ptenas
2742 2452 2972 2517 solvere,
3008 2461 3060 2505 et
3082 2451 3349 2521 judicium
3378 2450 3563 2505 subire
3593 2452 3661 2504 de

2080 2551 2147 2606 iis
2177 2550 2400 2614 debent,
2433 2564 2555 2619 quae
2580 2561 2647 2602 ex
2680 2547 2850 2601 libero
2884 2544 3055 2599 animi
3084 2543 3311 2617 arbitrio
3333 2543 3613 2600 admisere.

2147 2730 2307 2795 Quod
2354 2741 2485 2781 vero
2534 2725 2668 2779 dicit
2699 2742 2717 2775 ι
2743 2723 2820 2777 De
2859 2723 3106 2792 loquela,
3136 2741 3155 2774 ι
3210 2722 3274 2776 ad
3306 2720 3524 2776 Domini
3579 2722 3663 2776 di-

2078 2833 2224 2877 ctum
2262 2820 2504 2890 pertinet
2531 2818 2901 2882 admonentis,
2931 2817 2985 2871 in
3014 2816 3110 2871 illo
3137 2815 3330 2885 judicii
3362 2815 3449 2869 die
3485 2814 3662 2868 homi-

2079 2928 2178 2967 nes
2212 2912 2294 2966 vel
2338 2912 2406 2966 de
2435 2910 2601 2963 verbo
2632 2909 2811 2963 otioso
2861 2908 3127 2963 rationem
3165 2921 3287 2962 esse
3330 2906 3658 2963 reddituros.

2081 3001 2403 3070 Quanquam
2455 3000 2622 3055 David
2658 3002 2925 3071 propheta
2972 3006 3166 3055 sancto
3202 2994 3406 3067 Spiritu
3451 2996 3663 3052 amatus

2082 3094 2169 3149 his
2219 3093 2355 3163 ipsis
2385 3093 2508 3163 plus
2561 3092 2764 3162 aliquid
2805 3090 3150 3146 enuntiavit:
3180 3090 3260 3145 sic
3305 3090 3449 3143 enim
3493 3088 3661 3143 Deum

398 3182 490 3234 τὸν
523 3182 631 3235 τῶν
672 3184 808 3237 ὅλων
838 3184 990 3250 Θεὸν,
1029 3204 1047 3236 ι
1089 3187 1210 3240 Ὀτι
1250 3188 1506 3259 ἐνθύμιον
1543 3190 1830 3261 ἀνθρώπου
1890 3193 1977 3260 ἐξ·

2085 3187 2329 3243 universi
2372 3186 2673 3255 alloquitur
2704 3203 2716 3239 :
2758 3203 2777 3236 ι
2811 3183 3084 3251 Quoniam
3125 3181 3389 3253 cogitatio
3422 3182 3663 3237 hominis

400 3275 797 3347 ομολογήσεταί
830 3293 932 3330 σοι.
971 3297 991 3327 ι
1026 3278 1331 3349 Παρίστησί
1357 3298 1419 3350 γε
1455 3283 1562 3352 μὴν
1592 3286 1805 3346 καὶτὰς
1851 3288 1981 3357 περὶ

402 3366 589 3431 λαλιᾶς
618 3370 727 3420 τῶν
755 3370 895 3433 υἱῶν¹
914 3371 1008 3424 τοῦ
1053 3370 1340 3442 ἀνθρώπου
1385 3374 1688 3439 καταδίκας
1737 3378 1831 3429 καὶ
1883 3394 1982 3431 κα-

400 3460 684 3529 τακρίσεις
726 3463 827 3515 κάν
861 3465 974 3528 τοῖς
1017 3466 1370 3536 Εὑαγγελίοις
1405 3468 1629 3537 φάσκων
1672 3471 1700 3522 6
1740 3468 1975 3540 Κύριος·

409 3571 427 3602 ι
476 3552 570 3606 Ἐκ
595 3554 704 3607 τῶν
734 3556 907 3623 λόγων
939 3574 1031 3610 σου
1063 3557 1421 3630 δικαιωθήσῃ,
1457 3560 1551 3613 καὶ
1578 3560 1645 3613 ἐκ
1673 3558 1779 3613 τῶν
1807 3559 1981 3630 λόγων

406 3661 498 3699 σου
544 3648 1015 3721 καταδικασθήσῃ.
1061 3668 1079 3701 ›
1125 3650 1197 3703 Τὸ
1238 3650 1315 3713 δὲ,
1352 3671 1369 3703 ‹
1407 3653 1686 3721 Διακρινεῖ
1732 3654 1927 3716 αὐτοὺς
1952 3655 1981 3706 6

404 3736 561 3801 Θεὸς,
615 3757 635 3789 ι
674 3741 816 3795 κατά
869 3743 968 3811 μὲν
997 3741 1088 3794 τὸν
1132 3742 1323 3812 καιρὸν
1372 3743 1471 3811 τῆς
1519 3744 1984 3815 ὲνανθρωπήσεως

405 3829 501 3882 τοῦ
552 3832 787 3900 Χριστοῦ
845 3832 938 3885 καὶ
994 3833 1243 3903 Σωτῆρος
1296 3834 1475 3903 ἡμῶν,
1531 3834 1771 3888 δείκνυσι
1827 3836 1923 3889 καὶ
1956 3838 1985 3889 6

410 3919 721 3990 Βαπτιστὴς
780 3922 1032 3993 Ἰωάννης
1082 3925 1210 3994 περὶ
1262 3924 1426 3977 αὐτοῦ
1479 3925 1673 3993 λέγων,
1724 3946 1742 3979 ι
1799 3922 1874 3981 Οῦ
1923 3929 1985 3982 τὸ

412 4010 581 4063 πτύον
602 4013 660 4063 ἐν
686 4015 750 4083 τῇ
782 4015 925 4084 χειρὶ
954 4014 1140 4080 αὐτοῦ,
1173 4016 1269 4069 καὶ
1301 4017 1645 4088 διακαθαριεῖ
1671 4022 1769 4091 τὴν
1801 4021 1984 4075 ἅλωνα

412 4102 597 4167 αὑτοῦ,
627 4104 723 4156 καὶ
769 4103 987 4169 συνάξει
1014 4106 1105 4159 τὸν
1144 4110 1290 4161 σῖτον
1330 4110 1493 4162 αὑτοῦ
1540 4114 1619 4174 εἰς
1646 4111 1745 4182 τὴν
1776 4114 1987 4185 ἀποθή-

412 4212 534 4267 κην,
575 4197 636 4250 τὸ
686 4198 743 4252 δὲ
797 4200 1000 4271 ἄχυρον
1056 4203 1393 4256 κατακαύσει
1443 4205 1578 4275 πυρὶ
1629 4206 1899 4278 ἀσϐέστῳ.
1962 4229 1981 4260 ι

410 4290 568 4344 Κατὰ
601 4291 658 4343 δὲ
684 4292 775 4345 τὸν
809 4294 998 4365 καιρὸν
1030 4296 1127 4367 τῆς
1157 4295 1368 4361 ἐνδόξου
1403 4299 1497 4351 καὶ
1530 4298 1767 4370 φοϐερᾶς
1806 4301 1987 4357 δευτέ-

413 4401 513 4453 ρας
569 4383 736 4437 αὑτοῦ
790 4388 1098 4457 παρουσίας
1160 4389 1433 4444 δείκνυσιν
1487 4391 1650 4451 αὐτὸς
1706 4394 1912 4457 ἐκεῖνος
1962 4396 1990 4448 6

412 4476 846 4547 θεαρχικώτατος
873 4480 1046 4548 Λόγος
1083 4483 1179 4535 κα)⁵
1209 4482 1441 4553 Χριστὸς
1481 4483 1574 4536 καὶ
1606 4483 1796 4555 Σωτὴρ
1830 4490 1859 4555 ἡ
1871 4486 1990 4555 μῶν

2083 3280 2434 3337 confitebitur
2482 3279 2579 3334 tibi
2603 3280 2671 3333 ".
2707 3297 2726 3329 ι
2762 3278 3060 3333 Enimvero
3102 3276 3168 3330 ad
3201 3291 3416 3345 pinnam
3449 3283 3503 3329 et
3526 3289 3661 3328 con-

2083 3374 2486 3430 demnationem
2520 3372 2739 3442 loqueta:
2763 3372 2999 3426 ﬁliorum
3032 3369 3144 3443 98
3173 3369 3415 3424 hominis
3438 3382 3503 3422 ea
3526 3382 3666 3436 quo-

2084 3484 2192 3538 que
2215 3475 2487 3538 spectant,
2518 3482 2640 3537 quae
2664 3464 2928 3520 Dominus
2961 3464 3018 3518 in
3043 3462 3350 3533 Evangeliis
3383 3462 3459 3515 ait
3489 3480 3501 3517 :
3535 3480 3554 3513 ι
3584 3460 3662 3515 Ex

2082 3561 2266 3617 verbis
2300 3561 2407 3615 tuis
2427 3558 2841 3629 justiticaberis,
2873 3566 2927 3613 et
2956 3572 3022 3612 ex
3050 3556 3232 3613 verbis
3264 3557 3373 3610 tuis
3412 3554 3667 3610 condem-

2084 3653 2305 3710 naberis
2329 3654 2397 3706 ⁷³.
2438 3671 2456 3704 ι
2504 3650 2644 3705 Tum
2673 3650 2804 3704 illud
2840 3669 2852 3705 :
2893 3667 2912 3701 ι
2945 3647 3232 3718 Separabit
3274 3646 3397 3701 illos
3442 3647 3603 3710 Deus,
3636 3665 3657 3698 ι

2085 3748 2132 3802 si
2188 3747 2255 3801 ad
2310 3755 2529 3815 tempus
2572 3742 2779 3798 referas
2834 3740 3306 3796 inhumanationis
3355 3738 3563 3793 Chrisﬁ
3612 3745 3667 3793 et

2089 3838 2403 3896 Servatoris
2436 3836 2632 3901 nostri,
2660 3834 2900 3889 ostendit
2923 3833 3090 3888 etiam
3120 3832 3364 3887 Joannes
3395 3829 3662 3901 Baptista.

2087 3946 2211 3987 cum
2244 3930 2313 3985 de
2367 3930 2486 4000 ipso
2520 3928 2693 3983 dicit:
2732 3946 2750 3979 ι
2780 3926 2949 3996 Cujus
2989 3926 3353 3980 ventilabrum
3408 3925 3462 3978 in
3502 3939 3667 3979 manu

2089 4024 2229 4090 ejus,
2261 4024 2315 4076 et
2346 4006 2605 4090 ‘purgabit
2644 4033 2827 4073 aream
2860 4032 3041 4079 suam,
3084 4024 3139 4071 et
3172 4014 3530 4084 congregabit
3570 4013 3668 4067 tri-

2090 4116 2259 4170 ticum
2311 4128 2471 4168 suum
2517 4112 2570 4166 in
2608 4112 2889 4175 horreum,
2943 4109 3128 4179 paleas
3169 4116 3350 4160 autem
3383 4104 3667 4159 comburet

2090 4209 2217 4275 igne
2252 4204 2688 4273 inexstinguibili
2711 4203 2777 4256 ⁷⁸.
2810 4221 2828 4255 ι
2872 4202 2967 4256 Sin
2996 4216 3125 4255 vero
3154 4209 3368 4268 tempus
3405 4197 3667 4267 respicias

2090 4299 2325 4372 gloriosi
2364 4298 2529 4353 simul
2578 4307 2743 4367 atque
2790 4294 3052 4351 terribilis
3094 4293 3363 4348 adventus
3411 4290 3531 4360 ejus
3578 4304 3666 4345 se-

2091 4392 2284 4458 cundi,
2321 4391 2557 4445 Verbum
2597 4391 2776 4459 ipsum
2812 4388 3058 4444 divinum
3100 4397 3472 4455 aeternumque
3510 4383 3669 4440 Chri-

2092 4496 2212 4542 stus
2256 4493 2310 4540 et
2347 4487 2606 4540 Servator
2642 4492 2832 4538 noster
2877 4482 3142 4546 declarat,
3192 4478 3282 4533 ubi
3329 4480 3443 4533 ait:
3479 4497 3498 4529 ι
3531 4478 3670 4534 Cum

410 4567 554 4623 οὕτω
596 4571 822 4639 φάσκων
845 4589 860 4605 ο
901 4592 921 4626 ι
962 4574 1128 4628 Ὅταν
1162 4574 1219 4627 δὲ
1272 4575 1398 4647 ἔλθῃ
1442 4578 1470 4629 ό
1499 4576 1625 4640 Υἱὸς
1654 4576 1747 4630 τοῦ
1778 4578 1983 4646 ἀνθρώ-

2092 4588 2274 4633 autem
2318 4577 2532 4631 venerit
2559 4574 2732 4629 Filius
2774 4574 3015 4629 hominis
3049 4574 3103 4628 in
3138 4573 3425 4643 majestate
3457 4585 3580 4635 sua,
3615 4580 3676 4626 et.

413 4679 515 4715 που
551 4666 608 4716 ὲν
651 4667 716 4735 τῇ
753 4666 879 4737 δόξῃ
910 4667 1098 4730 αὑτοῦ,
1127 4668 1221 4721 καὶ
1262 4669 1463 4731 πάντες
1504 4669 1553 4721 oi
1592 4670 1737 4736 ἆγιοι
1766 4672 1987 4738 ἄγγελοι

417 4755 533 4822 μετ’
564 4756 753 4821 αὑτοῦ,
794 4759 915 4811 τότε
950 4758 1166 4812 καθίσει
1214 4760 1306 4813 ἐπὶ
1344 4760 1534 4828 θρόνου
1579 4762 1737 4831 δόξης
1782 4764 1984 4827 αὐτοῦ’

418 4853 512 4902 καὶ
546 4853 969 4925 συναχθήσονται
1001 4840 1307 4925 ἔμπροσθεν
1338 4855 1503 4908 αὑτοῦ
1542 4857 1719 4910 πάντα
1744 4856 1812 4911 τά
1838 4857 1988 4929 ἔθνη,

423 4942 517 4994 καὶ
558 4944 775 5014 ἀφοριεῖ
805 4946 1002 5009 αὐτοὺς
1044 4944 1141 5000 ἀπ’
1188 4944 1456 5016 ἀλλήλων,
1500 4945 1690 5017 ὥσπερ
1718 4950 1746 5002 6
1786 4949 1990 5020 ποιμὴν

2092 4686 2285 4725 omnes
2327 4670 2501 4725 sancti
2553 4667 2730 4738 angeli
2774 4682 2899 4722 cum
2938 4680 3026 4731 eo,
3074 4677 3204 4722 tunc
3253 4662 3460 4719 sedebit
3505 4676 3667 4732 super

2096 4763 2277 4819 sedem
2333 4762 2637 4831 majestatis
2697 4775 2846 4825 sum;
2903 4767 2958 4814 et
3012 4757 3492 4828 congregabuntur
3542 4767 3670 4809 ante

2096 4869 2221 4909 eum
2255 4867 2448 4909 omnes
2487 4861 2702 4923 gentes,
2749 4857 2805 4905 et
2848 4848 3126 4919 separabit
3167 4861 3265 4901 eos
3298 4846 3365 4899 ab
3410 4844 3667 4908 invicem,

2099 4947 2245 5003 sicut
2287 4953 2475 5015 pastor
2522 4951 2773 5014 segregat
2815 4955 2947 4996 oves
2996 4939 3067 4995 ab
3116 4937 3329 4994 hamis:
3362 4944 3435 4991 et.
3464 4939 3670 4991 statuet

496 5165 537 5197 "
570 5163 715 5223 Psal.
749 5184 929 5235 Lxxvt,
958 5172 1044 5228 i9.
1118 5172 1164 5204 "
1202 5170 1524 5259 Matinum,
1554 5171 1645 5227 57.
1720 5171 1766 5203 ’³
1788 5171 1919 5229 Luc.
1948 5186 2032 5240 nt,
2065 5171 2149 5229 17.

495 5418 607 5494 (47)
626 5420 968 5494 Εειᾱοιηᾼιιιεο
994 5421 1158 5478 refert
1188 5422 1587 5494 Hieronymus;
1619 5424 1699 5480 sic
1736 5424 1879 5479 enim
1903 5422 1983 5478 Ecl

2102 5424 2250 5493 quod
2279 5423 2353 5477 ait
2378 5440 2410 5494 :7
2429 5421 2727 5494 Ettempus
2932 5418 3194 5494 voluntati
3228 5424 3305 5494 et_
3325 5428 3483 5493 super
3522 5427 3672 5465 omne

423 5492 715 5545 elesiasten
757 5489 965 5565 inducit
998 5508 1293 5565 sensagsua
1342 5489 1703 5565 explicantem
1733 5512 1779 5550 ιι
1814 5493 2003 5548 Postea

424 5578 553 5634 vero
583 5576 706 5617 cum
752 5563 915 5616 corde
954 5578 1075 5616 meo
1101 5563 1425 5634 colloquens
1441 5571 1495 5619 et
1523 5576 1800 5633 reputans,
1839 5565 2003 5620 intel-

425 5631 551 5695 lc-xi,
604 5648 710 5685 non
747 5649 842 5704 per
873 5642 1066 5704 partes
1114 5631 1279 5688 Deum
1328 5640 1384 5688 et
1431 5649 1528 5703 per
1558 5631 1803 5704 singulos
1854 5650 2001 5689 nunc

422 5704 691 5771 judicare.
743 5701 836 5759 sed
870 5702 922 5757 in
975 5701 1220 5757 futurum
1275 5701 1485 5773 tempus
1537 5701 1815 5759 reservare
1852 5705 2001 5773 judi-

425 5774 593 5843 cium,
647 5782 706 5827 ut
739 5788 929 5828 omnes
974 5773 1175 5843 pariter
1214 5773 1550 5839 judicentur,
1594 5785 1647 5828 et
1695 5776 1994 5831 secundum

425 5841 759 5900 voluntatem
791 5852 846 5901 et
875 5841 1039 5915 opera
1064 5858 1161 5901 sua
1193 5843 1267 5899 ibi
1296 5845 1578 5914 recipiant.
1606 5844 1719 5902 Hoc
1751 5855 1833 5902 est
1856 5846 2002 5901 enim

2103 5483 2305 5563 factum
2339 5493 2434 5564 ibi,
2468 5492 2520 5546 id
2545 5483 2637 5546 est'
2662 5492 2715 5545 in
2740 5490 2971 5564 judicio.
3003 5487 3226 5564 quando
3269 5483 3539 5564 Dominus
3559 5496 3672 5563 cge-

2104 5557 2242 5633 perit
2272 5562 2540 5632 judicare.
2572 5570 2703 5634 tunc
2733 5557 2915 5634 futura
2957 5557 3299 5634 est_veritas,_
3324 5567 3488 5634 nunc
3527 5557 3672 5634 in‘j‘u-

2101 5622 2614 5690 stitia'dominatur
2664 5632 2717 5685 in
2756 5633 2975 5686 mundo:
3032 5628 3162 5682 Tale
3210 5626 3338 5696 quid
3374 5633 3429 5696 et
3475 5622 3531 5678 in
3576 5622 3673 5677 Sa-

2101 5705 2322 5771 pientia,
2348 5718 2469 5773 quae
2514 5702 2607 5773 ﬁlii
2643 5702 2832 5756 Sirach
2866 5699 3196 5773 m_scribitur_
3230 5694 3429 5768 (Eccli.
3480 5704 3671 5773 κξιξιικ,

2097 5764 2199 5839 96)
2218 5764 2445 5845 legimus
2475 5791 2489 5831 :
2523 5772 2606 5827 Ne
2633 5772 2831 5826 dixeris
2857 5788 2876 5827 :
2902 5771 3042 5837 Quid
3068 5779 3145 5825 est
3175 5764 3289 5845 Itob,
3314 5774 3407 5821 aut
3444 5764 3573 5833 quid
3597 5770 3673 5817 est

2100 5845 2235 5900 iHud
2256 5841 2483 5899 fomnia
2519 5846 2655 5900 enim
2692 5852 2919 5912 tempore
2948 5858 3042 5897 suo
3070 5841 3419 5913 requirentur.
3460 5854 3479 5888 ι
