4172 6524
563 346 665 409 837
1704 363 1768 422 S.
1799 363 2180 425 GREGOBII
2210 364 2719 429 AGRIGENTINI
3719 380 3826 441 888

562 472 690 510 oves
718 458 937 526 quidem
986 477 1011 513 a
1048 462 1256 520 dextris
1298 466 1437 530 suis,
1491 469 1676 525 haedos
1712 483 1895 527 autem
1945 489 1974 527 a
2005 472 2125 527 sini-

2244 472 2312 526 τὰ
2360 475 2607 545 πρόϐατα
2643 477 2754 529 ἀπὸ
2796 479 2904 530 τῶν
2956 480 3193 549 ἐρίφων·
3243 486 3337 539 καὶ
3389 486 3577 559 στήσει
3616 488 3682 542 τὰ
3726 496 3825 561 μὲν

561 550 693 604 stris
725 548 861 621 (48).
894 569 913 615 ι
2247 566 2491 636 πρόϐατα
2537 572 2601 622 ἐκ
2642 568 2834 634 δεξιῶν
2866 573 3057 640 αὑτοῦ,
3092 574 3160 627 τά
3195 575 3252 629 δὲ
3293 548 3487 649 ἐρίφια.
3525 581 3584 645 ἐξ
3622 548 3826 636 εὑωινύ-

636 729 867 787 Maxime
924 746 1107 789 autem
1147 740 1532 813 praecipueque
1590 744 1719 801 illud
1758 766 1777 799 ι
1811 746 1886 803 De
1920 748 2141 821 loquela

561 822 796 877 ﬁliorum
826 825 1137 891 hominum,
1169 848 1187 879 ι
1221 832 1396 902 accipi
1428 838 1821 894 convenienter
1852 842 1919 897 de
1946 843 2142 898 inﬁde-

560 914 701 969 libus
736 927 916 984 potest
950 927 1116 989 atque
1148 923 1333 994 impiis
1363 928 1642 995 omnibus,
1684 941 1793 986 tam
1826 934 1894 990 de
1920 936 2009 998 iis,
2043 938 2136 1007 qui

558 1006 628 1056 ob
651 1021 942 1074 perversos
970 1013 1258 1081 opiniones
1287 1020 1527 1075 hazretici
1558 1025 1848 1088 exstitere,
1881 1044 2044 1098 quam
2072 1031 2140 1085 de

558 1096 664 1152 illis
695 1101 790 1167 qui
826 1116 1018 1156 eorum
1060 1106 1271 1178 decepti
1319 1109 1513 1166 fraude
1552 1113 1873 1187 laqueisque
1901 1096 2136 1185 irretiti,

560 1189 652 1245 Dei
703 1195 1050 1264 majestatem
1110 1203 1418 1260 maledictis
1467 1220 1772 1277 vexarunt,
1821 1223 1915 1266 ant
1965 1214 2135 1269 Deum

558 1284 804 1341 universi
839 1306 1111 1360 nusquam
1164 1310 1286 1352 esse
1319 1302 1742 1371 contenderunt,
1774 1307 1859 1361 vel
1893 1310 1971 1362 sic
2016 1326 2138 1365 esse

554 1375 688 1431 fassi
740 1391 905 1445 sunt,
959 1388 1423 1453 quemadmodum
1475 1403 1529 1448 et
1570 1396 1848 1453 daemones
1896 1417 2134 1473 agnove-

555 1480 723 1535 runt;
757 1475 833 1526 ait
872 1478 1017 1530 enim
1065 1482 1304 1548 quodam
1336 1484 1458 1540 loco
1504 1503 1738 1558 magnus
1766 1489 2008 1549 Jacobus
2039 1495 2133 1552 Dei

556 1560 727 1617 frater
755 1565 912 1638 (αυτ
952 1589 970 1620 ‹
1003 1570 1069 1624 Et
1118 1571 1395 1632 daemones
1450 1581 1682 1635 credunt
1732 1591 1786 1638 et
1832 1589 2132 1642 contremi-

555 1666 719 1710 scunt
740 1658 821 1721 τδς
855 1678 874 1711 ι
907 1661 1178 1733 iidemque
1206 1682 1468 1725 erroneas
1492 1673 1782 1742 opiniones
1811 1680 2134 1736 mendaces-

553 1761 661 1814 que
689 1757 744 1803 et
785 1749 952 1808 falsas
982 1760 1283 1815 sententias
1325 1762 1391 1815 de
1422 1764 1605 1819 divina
1638 1767 1760 1835 ejus
1792 1768 2034 1826 bonitate
2082 1786 2133 1826 et

2247 676 2381 727 μων.
2432 679 2451 712 ι

2316 751 2473 804 Ἐστι
2514 751 2572 805 δὲ
2612 753 2846 823 μάλιστα
2880 756 2975 809 καὶ
3000 757 3366 829 διαφερόντως
3398 761 3478 827 τὸ,
3512 782 3530 813 ι
3562 765 3695 834 Περὶ
3725 766 3820 818 λα-

2242 838 2363 903 λιᾶς
2421 841 2553 893 υἱῶν
2609 843 2921 914 ἀνθρώπου,
2966 867 2984 898 ι
3036 850 3425 919 προσηκόντως
3483 852 3822 925 ἑξειληφέναι

2242 929 2371 999 περὶ
2406 931 2627 984 πάντων
2657 935 2765 986 τῶν
2812 937 3057 992 ἀπίστων
3106 941 3199 994 καὶ
3238 942 3539 1008 δυσσεϐῶν,
3577 947 3669 998 καὶ
3714 947 3819 1000 τῶν

2240 1021 2296 1072 ὲν
2329 1024 2449 1085 ταῖς
2499 1024 2806 1095 αἱρετικαίς
2842 1032 3186 1096 κακοδοξίαις
3219 1035 3515 1105 αἱρετικῶν
3565 1038 3816 1108 εὑρεθέν-

2238 1126 2370 1175 των,
2403 1114 2632 1167 καὶτῶν
2667 1116 2843 1170 ἄλλων
2875 1119 2981 1172 τῶν
3033 1124 3153 1184 ταῖς
3202 1124 3405 1192 ἄρκυσι
3449 1126 3551 1196 τῆς
3595 1128 3817 1181 ἐκείνων

2240 1205 2519 1275 ἐξαπάτης
2569 1212 3039 1280 κατασχεθέντων,
3078 1217 3175 1268 καὶ
3223 1215 3574 1289 λαλησάντων
3626 1223 3704 1284 εἰς
3759 1222 3819 1275 τὸ

2240 1293 2373 1364 ὕψος
2412 1296 2508 1350 τοῦ
2555 1300 2692 1353 Θεοῦ
2740 1302 3113 1373 βλασφημίας,
3148 1307 3242 1359 καὶ
3276 1306 3307 1377 ἢ
3346 1307 3441 1361 τὸν
3476 1311 3570 1363 ἐπὶ
3603 1313 3818 1365 πάντων

2237 1389 2369 1440 Θεὸν
2421 1392 2700 1455 παντελῶς
2747 1396 3231 1468 ἀρνησαμένων,ῆ
3278 1400 3412 1452 Θεὸν
3450 1402 3819 1476 καθομολογης

2240 1482 2449 1537 σάντων
2497 1486 2899 1558 παραπλησίως
2949 1494 3065 1553 τοῖς
3109 1492 3362 1563 δαίμοσι·
3418 1495 3514 1547 καὶ
3561 1498 3665 1564 γάρ
3715 1498 3815 1550 πού

2238 1591 2406 1643 φησιν
2456 1577 2484 1628 6
2516 1578 2837 1647 άδελφόθεος
2872 1584 2965 1635 καὶ
3001 1584 3173 1653 μέγας
3222 1585 3500 1649 Ἰάκωϐος,
3550 1606 3569 1637 ι
3611 1590 3719 1641 Καὶ
3748 1589 3817 1642 τὰ

2236 1664 2492 1735 δαιμόνια
2522 1671 2838 1724 πιστεύουσι
2868 1675 2963 1726 καὶ
2996 1676 3317 1745 φρίσσουσιν
3337 1694 3351 1708 ·
3400 1696 3417 1727 ›
3474 1679 3817 1748 ἐσφαλμένας

2237 1757 2292 1809 δὲ
2322 1757 2478 1823 δόξας
2526 1762 2622 1815 καὶ
2651 1763 2867 1830 ψευδεῖς
2908 1766 3206 1837 ὑπολήψεις
3256 1769 3492 1838 ἐχόντων
3546 1771 3677 1841 περὶ
3719 1772 3817 1842 τῆς

552 1841 839 1910 majestate
892 1855 947 1900 et
1004 1847 1379 1908 dominatione
1440 1859 1734 1912 commenti
1790 1873 1938 1916 sunt.
1997 1863 2125 1918 Natu

2236 1847 2577 1920 θεοπρεποῦς
2647 1854 2984 1927 ἁγαθότητος
3070 1861 3165 1911 καὶ
3245 1860 3636 1932 μεγαλωσύνης
3724 1841 3817 1918 καὶ

550 1932 824 2003 ejusmodi
856 1939 1110 1997 homines
1135 1946 1483 2014 potissimum
1506 1950 1741 2008 invictus
1768 1954 1857 2009 ille
1879 1966 1933 2011 et
1951 1958 2132 2024 justus

548 2024 716 2096 judex
753 2032 894 2085 alios
945 2034 1013 2087 ab
1046 2036 1170 2092 aliis
1215 2042 1513 2108 separabit,
1553 2044 1733 2116 impiae
1764 2046 1990 2117 loquela:
2018 2050 2134 2121 99

551 2134 715 2188 poena
745 2124 947 2194 cuique
974 2135 1029 2180 et
1060 2130 1368 2197 punitione,
1397 2135 1618 2204 qualem
1652 2139 1887 2208 quisque
1920 2157 2134 2198 merue-

549 2214 647 2278 rit,‘
679 2214 903 2271 definita
941 2238 954 2273 :
988 2236 1131 2290 quos
1175 2225 1340 2279 etiam
1376 2228 1510 2297 ipsis
1557 2245 1587 2284 e
1621 2229 1782 2287 factis
1817 2234 1998 2288 divina
2034 2237 2131 2290 bo-

550 2306 697 2362 nitas
743 2319 797 2363 et
843 2312 1102 2381 majestas
1152 2327 1206 2369 et
1249 2318 1461 2388 justitia
1495 2322 1793 2392 judicatrix
1844 2328 2133 2399 redarguet

548 2406 716 2465 atque
746 2401 1010 2468 revincet,
1049 2406 1238 2475 gloriae
1284 2425 1398 2465 sure
1430 2414 1659 2469 veritate
1688 2416 1924 2482 detecta,
1957 2434 2130 2489 eaque

550 2492 728 2557 palam
758 2494 1107 2567 dilucideque
1151 2503 1383 2571 prolata,
1416 2522 1538 2574 quae
1581 2511 1854 2573 ostendat,
1879 2512 2126 2581 jumenta

548 2594 643 2633 eos
678 2596 799 2637 esse
835 2601 942 2638 non
979 2602 1162 2653 secus,
1205 2601 1368 2661 atque
1413 2596 1724 2652 animantes
1770 2600 2000 2655 rationis
2030 2618 2129 2656 ex-

548 2682 750 2738 pertes,
769 2679 1009 2732 amentia
1040 2682 1370 2750 depravatos
1392 2694 1557 2755 atque
1585 2689 1838 2757 stultitia,
1863 2694 2129 2763 vanisque

548 2775 613 2815 ac
661 2761 949 2821 fallacibus
990 2770 1343 2839 opinionibus
1385 2792 1549 2845 prave
1591 2794 1656 2834 ac
1702 2797 1985 2851 perperam
2028 2761 2127 2841 ad-

550 2850 792 2921 ba'sisse,
822 2873 960 2927 quas
995 2870 1108 2915 tum
1153 2864 1204 2916 in
1259 2865 1348 2920 illa
1407 2867 1606 2923 divinae
1645 2850 1953 2941 majestatis
2006 2876 2125 2947 glo-

548 2944 627 2997 ria
656 2961 1003 3021 nequaquam
1068 2953 1448 3025 intuebuntur,
1515 2976 1615 3016 nec
1680 2964 1908 3019 omnino
1975 2968 2127 3021 inve-

548 3037 716 3093 nient.

617 3303 849 3360 Istorum
888 3317 1069 3364 autem
1105 3314 1333 3381 exitum,
1367 3318 1531 3373 simul
1572 3330 1627 3375 et
1655 3338 1869 3389 eorum,
1901 3329 1995 3396 qui
2032 3329 2124 3382 de-

550 3398 816 3451 testandis
863 3403 1112 3470 corporis
1154 3409 1528 3476 voluptatibus
1562 3413 1770 3470 nefarie
1806 3418 1971 3473 dediti
2005 3418 2124 3474 fue-

548 3487 680 3547 rint,
723 3503 889 3560 seque
932 3492 986 3547 in
1018 3498 1227 3563 peccati
1271 3501 1528 3558 sordibus
1560 3514 1820 3577 tanquam
1870 3525 1997 3565 sues
2027 3528 2124 3566 vo-

546 3578 797 3645 lutarint,
854 3598 978 3638 cum
1012 3585 1245 3656 jumenti
1302 3592 1452 3648 exitu
1501 3597 1722 3666 sapiens
1768 3598 2125 3659 Ecclesiastes

546 3688 735 3742 parem
776 3690 919 3741 esse,
951 3672 1052 3733 nec
1088 3681 1247 3750 plane
1282 3683 1533 3741 dissimili
1578 3700 1753 3746 morte
1783 3692 1869 3746 vel
1900 3693 2001 3749 hoc
2042 3695 2125 3749 vel

544 3766 668 3822 illos
714 3771 986 3838 perituros
1026 3779 1421 3843 pronuntiavit.
1460 3779 1931 3847 Quemadmodum
1977 3789 2122 3843 enim

543 3861 694 3915 nulla
738 3878 967 3932 prorsus
1012 3867 1285 3937 jumentis
1333 3883 1551 3928 aeterna:
1586 3876 1712 3931 vitae
1754 3894 1880 3948 spes
1920 3890 2025 3945 est,
2072 3892 2126 3938 et

543 3958 787 4026 quandiu
831 3961 976 4029 apud
1017 3977 1118 4016 nos
1155 3964 1209 4017 in
1243 3966 1593 4022 dominorum
1634 3974 1919 4028 commoda
1964 3975 2123 4030 alun-

544 4060 656 4118 tur,
692 4052 879 4106 tandiu
914 4053 1090 4109 solum
1141 4056 1307 4112 vitam
1351 4059 1584 4126 ducunt,
1618 4078 1784 4133 atque
1815 4067 1884 4121 ad
1936 4068 2119 4123 interi-

544 4151 656 4196 tum
705 4144 934 4199 subinde
985 4146 1066 4200 sic
1096 4146 1418 4216 deveniunt,
1467 4154 1623 4222 quasi
1659 4156 1878 4211 animus
1930 4174 2119 4214 eorum

543 4235 679 4290 nihil
727 4239 796 4291 ab
832 4239 1076 4307 ipsorum
1116 4245 1382 4314 sanguine
1431 4245 1829 4318 distinguatur;
1872 4251 1967 4317 ita,
2013 4268 2119 4308 non

543 4348 703 4387 secus
750 4348 814 4388 ac
853 4336 1115 4404 pecudes,
1161 4339 1255 4408 qui
1294 4338 1536 4395 divinam
1586 4345 1814 4414 gloriam
1860 4350 2118 4412 aversati,

544 4422 639 4478 Dei
679 4427 927 4480 omnium
978 4428 1283 4486 conditoris
1322 4432 1665 4501 majestatem
1718 4437 1958 4493 infandis
1987 4455 2120 4493 con-

2236 1944 2577 2016 κυριότητος.
2636 1946 2776 2009 Τοὺς
2824 1950 2934 2019 γὰρ
2977 1950 3257 2015 τοιούτους
3298 1952 3536 2021 μάλιστα
3579 1957 3671 2008 καὶ
3704 1954 3821 2009 δια-

2235 2034 2511 2103 φερόντως
2553 2038 2581 2088 6
2643 2038 3152 2112 ἀπρωσοπόληπτος
3214 2046 3308 2099 καὶ
3357 2047 3565 2113 δίκαιος
3624 2052 3817 2122 κριτής

2234 2126 2331 2179 ἀπ’
2392 2127 2638 2199 ἀλλήλων
2683 2131 2986 2202 διακρινεῖ,
3054 2136 3155 2206 τὴν
3203 2138 3468 2209 ἀνάλογον
3538 2142 3815 2213 ἀφορίζων

2232 2219 2417 2282 αὑτοῖς
2476 2223 2576 2291 τῆς
2645 2222 2797 2291 σφῶν
2862 2225 3093 2289 ἀσεϐοῦς
3142 2228 3332 2291 λαλιᾶς
3399 2233 3670 2304 τιμωρίαν
3722 2235 3817 2287 καὶ

2232 2307 2489 2361 κόλασινο
2535 2309 2628 2374 οὓς
2678 2314 2774 2364 καὶ
2832 2314 3020 2383 σαφῶς
3068 2316 3343 2386 ἐξελέγξει
3396 2323 3490 2374 καὶ
3536 2322 3702 2389 δείξει
3745 2324 3815 2377 δι’

2231 2400 2412 2455 αὑτῶν
2487 2402 2595 2454 τῶν
2666 2406 3010 2474 πραγμάτων
3078 2411 3111 2479 ἡ
3177 2410 3486 2484 θεοπρεπὴς
3540 2415 3813 2485 άγαθότης

2232 2493 2327 2545 καὶ
2416 2496 2775 2568 μεγαλωσύνη
2861 2501 2953 2554 καὶ
3027 2501 3432 2574 δικαιοκρισία,
3512 2508 3610 2577 τῆς
3678 2509 3812 2572 ἰδίας

2229 2586 2633 2658 ἀποκαλύψασα
2681 2591 2774 2644 καὶ
2818 2597 3184 2666 φανερώσασα
3233 2598 3388 2669 δόξης
3437 2601 3685 2673 ἐναργῶς
3719 2604 3815 2655 καὶ

2228 2678 2517 2747 τηλαυγῶς
2546 2683 2644 2754 τὴν
2687 2684 2981 2756 ἀλήθειαν·
3015 2690 3098 2742 ὅτι
3138 2691 3294 2743 αὑτοὶ
3322 2694 3493 2764 κτήνη
3542 2695 3670 2757 εἰσὶ,
3707 2712 3814 2747 πα-

2232 2772 2551 2845 ραπλησίως
2584 2778 2697 2839 τοῖς
2744 2777 2959 2846 ἀλόγοις
2992 2779 3176 2848 ζώοις,
3216 2784 3462 2857 ἀνοήτως
3507 2789 3599 2841 καὶ
3636 2806 3809 2858 παρα·

2229 2866 2441 2934 φρόνως
2470 2866 2825 2937 διατεθέντες,
2862 2872 2955 2925 καὶ
2993 2876 3179 2941 κακῶς
3213 2880 3306 2932 καὶ
3351 2880 3676 2951 παραλόγως
3705 2882 3808 2933 ὑπ-

2227 2956 2512 3027 ειληφότες
2543 2960 2643 3024 τὰς
2691 2962 2931 3031 ματαίας
2966 2967 3058 3019 καὶ
3106 2966 3326 3036 ψευδεῖς
3377 2971 3694 3043 ὑπολήψεις,
3740 2971 3808 3035 ἃς

2227 3050 2481 3119 οὐδαμῶς
2536 3054 2843 3123 τηνικαῦτα
2894 3058 3351 3129 προσόλέψουσιν,
3387 3062 3419 3133 ἢ
3453 3063 3515 3115 τὸ
3546 3063 3809 3133 παράπαν

2149 3184 2193 3243 C
2227 3142 2555 3215 εὑρήσουσιν
2589 3149 2647 3200 ἐν
2682 3152 2746 3219 τῇ
2780 3148 2906 3221 δόξῃ
2940 3151 3042 3221 τῆς
3069 3152 3222 3217 θείας
3256 3153 3667 3225 μεγαλωσύνης.

2301 3318 2421 3372 Τῶν
2454 3320 2510 3373 δὲ
2556 3322 2815 3377 τοιούτων
2864 3327 2926 3378 τὸ
2975 3330 3298 3400 συνάντημα
3344 3334 3435 3385 καὶ
3479 3334 3663 3403 μέντοι
3715 3335 3810 3388 καὶ

2228 3408 2337 3462 τῶν
2360 3414 2480 3474 ταῖς
2505 3418 2801 3483 σαρκικαῖς
2825 3417 2919 3470 καὶ
2950 3417 3265 3487 βδελυκταῖς
3291 3423 3505 3494 ἡδοναῖς
3536 3426 3810 3496 άθεμίτως

2228 3500 2794 3575 ὲνδαψιλευσαμένων,
2826 3509 3027 3578 καὶτῷ
3070 3510 3317 3583 βορϐόρῳ
3365 3516 3465 3584 τῆς
3513 3517 3807 3587 ἁμαρτίας,

2228 3592 2428 3662 χοίρων
2448 3593 2627 3666 δίκην,
2660 3597 3112 3665 ἐγκυλισθέντων,
3143 3603 3238 3655 καὶ
3268 3603 3329 3655 τὸ
3363 3606 3684 3674 συνάντημα
3713 3605 3808 3660 τοῦ

2226 3686 2458 3757 κτήνους
2503 3686 2561 3740 ἓν
2608 3691 2969 3758 κατήγγειλεν
3018 3692 3048 3743 6
3096 3692 3260 3762 σοφὸς
3324 3695 3757 3767 Ἐκκλησιαστής
3785 3714 3802 3728 ·

2227 3779 2321 3832 καὶ
2354 3780 2539 3849 μέντοι
2574 3782 2668 3835 καὶ
2701 3782 2792 3834 τὸν
2841 3783 3071 3838 θάνατον
3103 3786 3324 3840 ἔσεσθαι
3359 3789 3587 3855 τούτων,
3624 3790 3808 3855 καθὼς

2226 3874 2471 3926 ἐκείνων.
2509 3873 2595 3936 Ὠς
2617 3875 2727 3946 γάρ
2754 3877 3013 3948 οὐδεμίαν
3036 3880 3334 3951 κέκτηνται
3358 3882 3424 3935 τὰ
3449 3885 3621 3955 κτήνη
3659 3884 3806 3955 ζωῆς

2226 3963 2456 4026 αἰωνίας
2493 3964 2686 4018 ἐλπίδα
2714 3965 2777 4019 τὸ
2807 3966 3047 4034 σύνολον,
3084 3968 3200 4022 ἀλλ’
3226 3971 3350 4022 ὅσον
3400 3972 3466 4024 ἂν
3508 3974 3805 4044 οἰκονομη-

2227 4053 2361 4108 θῶσι
2402 4055 2545 4109 κατὰ
2584 4056 2683 4128 τὴν
2714 4057 2996 4129 παροῦσαν
3028 4059 3173 4132 ζωὴν
3205 4059 3367 4133 ζήσαι
3415 4065 3508 4117 καὶ
3542 4064 3806 4135 θητεῦσαι

2224 4149 2337 4211 τοῖς
2384 4150 2749 4220 κεκτημένοις
2794 4150 3120 4219 δεσπόταις,
3189 4156 3445 4209 τοσοῦτον
3500 4156 3663 4227 μόνον
3710 4160 3804 4210 καὶ

2226 4240 2412 4305 ζῶσιν,
2448 4241 2640 4296 ἔπειτα
2683 4242 2997 4312 θνήσκουσι,
3032 4246 3127 4300 καὶ
3151 4248 3290 4318 πρὸς
3322 4249 3665 4320 άνυπαρξίαν
3696 4268 3805 4321 χω-

2226 4334 2436 4404 ροῦσιν,
2487 4335 2562 4397 ὡς
2610 4334 2705 4387 τοῦ
2758 4337 2991 4407 αἵματος
3043 4339 3225 4392 αὐτῶν
3284 4340 3385 4410 τῆς
3434 4343 3584 4411 σφῶν
3622 4343 3804 4413 ψυχῆς

2224 4425 2577 4496 ὑπαρχούσης
2597 4443 2612 4458 ο
2644 4426 2816 4485 οὕτως
2847 4430 2937 4481 ἴσα
2970 4429 3065 4481 καὶ
3098 4432 3211 4493 τοῖς
3249 4429 3589 4501 βοσκήμασιν
3623 4435 3672 4486 οἱ
3704 4434 3803 4505 τὴν

544 4512 701 4567 viciis
750 4516 1174 4585 appetiverunt,
1235 4520 1443 4592 quique
1500 4525 1663 4579 etiam
1730 4530 2118 4598 omnipotentis

2229 4518 2373 4570 θείαν
2410 4517 2780 4587 ἀρνησάμενοι
2812 4517 2987 4583 δόξαν,
3024 4522 3120 4574 καὶ
3162 4522 3306 4576 κατὰ
3346 4524 3447 4590 τῆς
3480 4525 3797 4594 μεγαλωσύο

545 4602 908 4662 Providentite
952 4611 1265 4669 rationibus
1310 4617 1533 4684 spretis,
1578 4629 1632 4673 et
1661 4622 1813 4689 pravi
1853 4622 2122 4691 cujusque

540 4696 671 4751 facti
699 4710 953 4769 suscepta
992 4706 1232 4770 macula,
1272 4706 1532 4763 obscenis
1569 4712 1805 4768 maxime
1830 4712 2123 4783 voluptati-

647 4814 695 4848 ⁷³
723 4810 840 4872 Jac.
872 4831 935 4883 ιι,
959 4815 1047 4873 li.

613 4953 727 5036 (ιε)
768 4953 1118 5036 Mattb._xxv,
1151 4957 1345 5036 5i_._At
1390 4958 1616 5036 Vulgata
1647 4965 1983 5036 exemplaria
2017 4968 2119 5021 ha-

541 5023 712 5103 bent;
750 5064 764 5078 .
797 5064 822 5103 _.
881 5028 1001 5103 Kai._
1043 5029 1443 5103 συναχθήσεται
1495 5023 1842 5103 ἔμπροσθεν’.
1883 5074 1899 5091 .
1944 5076 1959 5091 .
2020 5050 2116 5092 et:

546 5093 817 5173 ’Ώσῖεερ-ιξ
847 5098 1051 5173 ποιμὴν
1084 5093 1337 5170 ἀφορίζει
1362 5101 1431 5155 τά
1460 5093 1732 5173 πρόϐατα.
1779 5144 1793 5159 .
1838 5149 1852 5162 .

615 5164 736 5247 (4ο)
768 5164 920 5220 Haud
947 5164 1154 5223 temere
1183 5164 1307 5247 quis
1336 5164 1664 5247 suspicetur,
1702 5185 1948 5231 nostrum
1980 5195 2119 5247 quo-

541 5250 648 5303 que
684 5235 962 5317 in'eorum‘
976 5235 1242 5295 sententia
1274 5235 1466 5317 fuisse,
1495 5245 1588 5313 qui
1614 5235 1875 5301 Jacobum
1906 5235 2119 5317 episco-

542 5321 669 5384 pum
717 5307 1241 5384 Hierosolymorum,
1279 5307 1553 5383 cojnsest
1586 5317 1816 5384 epistola
1849 5307 2115 5374 catholica

543 5376 607 5454 ad
644 5391 718 5454 ιιι
766 5376 1296 5454 tri_bus,'apostolum
1346 5376 1564 5454 quidem
1605 5376 1923 5454 agnoscunt,
1968 5398 2024 5444 at
2062 5392 2117 5444 in

540 5446 877 5518 duodenario
927 5452 1297 5518 apostolorum
1353 5446 1586 5509 numero
1635 5446 1741 5509 non
1811 5446 2113 5515 recensent.

542 5512 921 5597 Quater_enim
955 5512 1139 5597 noster
1166 5520 1427 5597 Jacobum
1455 5527 1581 5588 ciet,
1613 5543 1846 5597 cumque
1871 5529 2007 5585 alios
2049 5547 2113 5585 ex

543 5602 608 5639 eo
653 5586 864 5668 ordine,
921 5591 1197 5658 apostolos
1246 5592 1359 5648 fere
1412 5586 1707 5668 nuncupet,
1755 5586 1970 5668 quoties
2021 5616 2115 5655 eos

545 5657 798 5736 appellat,
841 5657 987 5714 hunc
1018 5677 1345 5736 unuminon
1378 5665 1486 5736 alio
1519 5657 1788 5736 unquam.
1814 5670 1970 5724 titulo
2001 5671 2114 5724 dis-

546 5726 988 5807 tinguituquant
1027 5733 1150 5798 hoc,
1197 5735 1226 5786 6
1268 5726 1733 5803 άδελφόθεος’καὶ
1780 5739 1950 5807 μέγας
2013 5742 2115 5795 Ἰά-

534 5795 745 5863 κωϐος.
777 5795 1103 5871 Perantiqua
1131 5795 1326 5875 nempe
1354 5795 1622 5862 clarorum
1658 5795 1894 5864 virorum
1930 5795 2115 5881 opinio

2226 4629 2322 4679 νης
2352 4611 2444 4665 τοῦ
2476 4612 2542 4664 τὰ
2569 4612 2746 4665 πάντα
2768 4615 3282 4681 κατασκευάσαντος
3310 4618 3446 4672 Θεοῦ
3477 4620 3654 4685 κακὰς
3680 4621 3800 4677 λίαν

2226 4704 2571 4777 βλασφημίας
2599 4704 2953 4777 λαλήσαντες.
2979 4708 3090 4761 Καὶ
3119 4710 3307 4781 μέντοι
3338 4712 3432 4765 καὶ
3462 4714 3514 4766 οἱ
3547 4714 3674 4777 τοὺς
3698 4715 3799 4784 τῆς

2221 4988 2281 5051 ea
2316 4970 2434 5051 fuit,
2468 4969 3055 5051 IlegesippiLEusebii,
3090 4976 3276 5051 erilli
3326 4976 3622 5051 Hierosol.,
3674 4980 3798 5051 Epi-

2222 5042 2431 5110 phanii,
2484 5040 2713 5096 Joannis
2759 5040 3456 5120 CliryspstOmi,_Gregorii
3507 5040 3785 5120 Nysseni:

2260 5127 2382 5164 uam
2418 5120 2473 5186 et
2499 5115 3338 5186 _nuperipost_Florentinium,'
3364 5115 3787 5186 Henscbenium,

2219 5181 2630 5247 tlombelisium,
2663 5181 2823 5246 alios,
2861 5183 3055 5240 Franc.
3102 5189 3375 5242 Antonius
3417 5186 3671 5244 Zaccaria
3701 5181 3795 5246 de;

2219 5250 2389 5330 {endit
2411 5250 2573 5330 atque
2609 5252 2897 5330 illustravit
2919 5256 3079 5330 (Diss.
3105 5256 3168 5330 ‘l_,_
3184 5267 3319 5311 tom.
3354 5259 3395 5321 l,
3423 5261 3551 5315 edit.
3577 5260 3792 5330 Fulgin.

2218 5321 2474 5399 etalibi).
2508 5322 2642 5399 Ires
2672 5321 3171 5399 enitn__Jacobos_lii
3207 5338 3497 5383 numerant
3518 5321 3788 5399 aequares:

2218 5392 2454 5470 primum
2491 5392 2752 5470 Ἀρδεάζρ
2801 5395 3007 5470 ﬁlium,
3062 5397 3291 5470 alterum
3340 5400 3510 5453 filium
3558 5392 3788 5470 Alphaei,

2220 5464 2462 5535 tertiumA
2484 5462 2653 5515 lilium
2688 5463 2960 5535 Cleophze,
2993 5468 3084 5535 qui
3128 5476 3182 5521 et
3217 5466 3407 5524 Justus
3446 5462 3738 5526 dictus'est
3769 5462 3787 5526 ξ

2216 5541 2380 5608 atque
2434 5532 2570 5608 duos
2626 5532 2837 5602 priores
2861 5532 3152 5608 apostolos
3202 5537 3410 5593 faciunt
3468 5543 3783 5608 primarios,

2216 5604 2436 5673 tertium
2486 5602 2630 5673 hunc
2664 5602 2967 5671 apostolum
3003 5608 3406 5673 secundarium,
3459 5602 3534 5665 uti
3578 5602 3785 5666 Barna-l

2219 5673 2313 5746 bas
2341 5672 2569 5746 fu_it,_ut
2594 5672 2816 5746 Paulus,
2854 5690 2913 5729 ut
2950 5677 3111 5732 Silas.
3152 5676 3284 5733 Vide
3327 5672 3475 5744 vero,
3514 5683 3559 5736 si
3604 5693 3780 5746 vacat,

2214 5743 2439 5820 Joannis
2473 5740 2711 5820 _S.t_il‘t‘ingi
2754 5745 3195 5820 dissertatioucm
3244 5749 3323 5804 De
3361 5740 3619 5820 fratribus
3672 5740 3784 5808 Do;

2216 5814 2366 5877 mitti,
2405 5826 2443 5867 t.
2473 5810 2542 5865 Vl
2754 5814 3000 5872 Bolland.
