4172 6512
142 5760 191 5889 >

318 376 425 439 889
1362 384 1445 443 ΙΝ
1496 384 2084 445 ECCLESIASTEN.
2114 409 2183 418 —
2214 385 2361 444 LIB.
2409 384 2528 444 III.
3204 408 3206 412 '
3481 378 3585 447 8'20

318 488 837 558 παντοκρατορικῆς
872 490 1137 556 Προνοίας
1173 490 1365 559 λόγους
1418 492 1770 563 ¹ήθετηκότες,
1806 494 1901 547 καὶ

2014 493 2107 546 bus
2134 501 2278 548 totos
2323 510 2382 549 se
2412 493 2765 555 addixerunt,
2800 502 2860 548 ut
2914 508 3023 547 non
3059 492 3237 547 solum
3271 493 3483 548 consilii
3523 512 3588 550 ac

319 582 523 644 πάσαις
556 579 1021 651 πονηροπραξίαις
1052 581 1300 645 ἐκδότους
1357 586 1495 653 σφᾶς
1525 584 1726 646 αὐτοὺς
1763 585 1900 637 ἀπο-

319 673 611 741 φήναντες,
649 672 743 724 καὶ
792 671 1011 740 σφόδραί
1046 672 1155 723 τῶν
1193 675 1516 745 ἀκαθάρτων
1554 676 1756 741 ἡδονῶν
1801 678 1901 745 ἐμ-

319 762 668 832 φορηθέντες,
704 762 780 824 ὡς
812 760 1022 828 ἀλόγως
1070 764 1166 815 καὶ
1216 766 1579 835 παραφρόνως
1626 765 1901 819 διατεθέν-

316 871 429 919 τες,
481 856 574 907 καὶ
625 854 793 922 μηδὲν
827 854 979 918 ἄξιον
1027 855 1250 924 λογικῆς
1291 856 1471 925 ψυχῆς
1524 858 1901 927 ἐννοήσαντες,

317 945 453 999 ἀλλὰ
481 945 541 998 τὸ
573 945 646 1015 μὴ
677 946 736 999 ὃν
773 948 866 999 καὶ
898 948 960 1000 τὸ
990 946 1186 1016 ψεῦδος
1215 948 1289 1010 ὼς
1323 948 1584 1019 ἀλήθειαν
1612 952 1904 1019 καταγγεί-

316 1039 528 1102 λαντες,
563 1039 657 1090 καὶ
704 1039 765 1091 τὸ
798 1038 913 1108 φῶς
964 1041 1176 1102 σκότος,
1212 1041 1309 1094 καὶ
1346 1043 1408 1095 τὸ
1460 1043 1625 1095 καλὸν
1662 1046 1903 1115 πονηρὸν

318 1129 713 1198 όνομὰσαντες’
765 1130 966 1197 ὁμοίως
997 1131 1228 1194 ἐκείνοις
1263 1133 1401 1201 πρὸς
1442 1133 1504 1185 τὸ
1533 1133 1627 1186 τοῦ
1670 1134 1901 1189 θανάτου

319 1220 721 1290 καταντήσουσι
760 1221 931 1284 τέλος,
966 1222 1224 1293 οὐδεμίαν
1254 1224 1463 1295 ἀγαθὴν
1515 1225 1705 1279 ἐλπίδα
1752 1245 1902 1297 χειρ-

318 1308 641 1378 αγωγοῦσαν
671 1312 869 1374 αὐτοὺς
900 1312 1116 1382 ἔχοντες
1148 1314 1286 1386 πρὸς
1331 1316 1429 1385 τὴν
1461 1316 1609 1386 ζωήν
1647 1318 1746 1388 τὴν
1775 1318 1904 1371 αἰώ-

320 1417 432 1452 νιον
453 1416 466 1431 ·
499 1400 613 1454 ἀλλ’
650 1402 725 1464 ὡς
752 1403 812 1468 ἐξ
840 1401 957 1456 ἴσου
993 1405 1086 1456 καὶ
1118 1405 1514 1477 παραπλησίως
1541 1410 1653 1471 τοῖς
1681 1410 1902 1479 κτήνεσι

321 1491 622 1563 ζήσαντες,
677 1494 819 1547 οὓτω
884 1497 975 1547 καὶ
1032 1494 1377 1566 θνήσκοντες.
1444 1498 1662 1570 Ἐπειδὴ
1722 1516 1741 1548 ι
1812 1499 1904 1552 καὶ

319 1582 540 1653 πνεῦμα
584 1587 640 1640 ἓν
691 1589 825 1639 πᾶσι
867 1606 884 1638 ι
922 1586 1133 1656 πέφυκε
1157 1592 1269 1652 τοῖς
1305 1590 1588 1654 τοιούτοις.
1640 1591 1765 1644 Εἴτε
1793 1592 1903 1662 γὰρ

319 1675 412 1729 τὸν
441 1677 578 1745 ἀέρα
609 1678 849 1747 πνεῦμά
882 1697 1036 1750 φησι,
1076 1680 1370 1746 δείκνυσιν,
1405 1683 1482 1744 ὼς
1520 1684 1709 1736 τοῦτον
1745 1684 1903 1754 μόνον

320 1768 623 1840 εὑρέθησαν
666 1770 1026 1834 ἀναπνέοντες
1073 1771 1163 1824 τὸν
1209 1771 1347 1841 ἀέρα
1387 1772 1483 1825 καὶ
1530 1774 1580 1826 oi
1628 1773 1776 1828 ἄθεοι
1809 1774 1903 1827 καὶ

2010 585 2209 639 mentis
2237 594 2493 655 expertes
2523 584 2659 639 nihil
2688 584 2942 638 rationali
2970 584 3195 654 dignum
3229 584 3416 638 animo
3441 585 3589 655 cogi-

2010 686 2144 741 tent,
2181 677 2275 731 sed
2306 678 2468 729 etiam
2512 679 2659 747 quod
2694 676 2919 730 minime
2958 686 3041 730 est
3084 685 3138 730 et
3185 676 3332 745 quod
3365 676 3586 742 falsum,

2009 769 2166 837 quasi
2196 785 2381 823 verum
2410 768 2659 833 elferant,
2694 769 2988 838 lumenque
3017 770 3268 824 tenebras
3297 778 3351 824 et
3383 770 3586 824 bonum

2010 861 2368 916 denominent
2407 862 2655 916 malum:
2688 863 2878 930 utique
2932 860 2972 915 ii
3024 876 3178 931 mque
3220 877 3283 916 ac
3317 862 3588 930 iumenta,

2010 970 2136 1007 eum
2186 955 2378 1008 mortis
2434 954 2640 1007 exitum
2685 954 2985 1018 habebunt,
3028 953 3170 1007 bona
3212 962 3269 1009 ut
3307 969 3426 1022 spe,
3468 969 3589 1024 quae

2011 1055 2273 1101 aeternam
2326 1046 2393 1099 ad
2444 1047 2612 1099 vitam
2659 1045 2915 1109 deducat,
2971 1047 3122 1099 omni
3176 1062 3241 1099 ex
3293 1056 3443 1115 parte
3495 1062 3589 1099 ca-

2015 1149 2206 1204 reant;
2265 1150 2317 1192 et
2365 1154 2597 1208 quorum
2631 1137 2867 1192 vivendo
2907 1153 3226 1205 expressere
3266 1138 3453 1203 vitam,
3498 1153 3592 1192 eoo

2014 1232 2260 1285 rumdem
2305 1240 2364 1284 ut
2411 1240 2640 1284 mortem
2675 1230 2989 1284 decedendo
3043 1230 3343 1285 imitentur.
3379 1228 3590 1299 Quippe

2010 1335 2064 1378 et
2112 1343 2131 1375 ι
2161 1324 2400 1393 Spiritus
2446 1324 2530 1378 his
2582 1339 2725 1378 unus
2776 1323 3038 1377 omnibus
3083 1332 3211 1378 est:
3247 1342 3265 1374 ι
3321 1322 3588 1392 siquidem

2010 1418 2155 1471 enim
2179 1432 2361 1471 aerem
2391 1416 2654 1483 Spiritum
2678 1415 2831 1478 dicit,
2861 1415 2993 1469 illud
3015 1414 3372 1470 demonstrat.
3398 1416 3588 1469 atheos

2012 1510 2148 1563 istos
2197 1517 2251 1561 et
2307 1508 2504 1576 impios
2545 1508 2904 1577 impurosque
2949 1508 3204 1560 homines
3254 1505 3391 1559 nihil
3440 1505 3588 1559 aliud

2011 1600 2353 1670 praestitisse,
2405 1614 2572 1668 quam
2628 1609 2686 1653 ut
2728 1599 3092 1653 animantium
3142 1597 3389 1651 omnium
3440 1611 3592 1657 more

2008 1706 2188 1746 aerem
2237 1691 2591 1761 respirarent,
2633 1692 2782 1744 nulla
2814 1690 3042 1744 omnino
3085 1689 3199 1743 veri
3252 1686 3587 1756 agnoscendi

2011 1801 2144 1841 cura
2175 1794 2428 1853 suscepta
2457 1784 2592 1853 (50).
2633 1782 2726 1838 Sin
2774 1793 2952 1837 autem
2981 1781 3242 1850 Spiritum
3276 1780 3366 1835 hic
3394 1780 3593 1840 volun-

319 1858 622 1923 δυσσεϐεῖς,
672 1861 766 1913 καὶ
814 1862 862 1913 οἱ
909 1861 1102 1929 φαῦλοι
1136 1863 1229 1914 καὶ
1274 1862 1514 1931 βέϐηλοι,
1553 1864 1688 1934 πρὸς
1718 1863 1776 1916 ὃν
1808 1865 1903 1918 καὶ

2014 1886 2173 1931 tatem
2224 1876 2461 1939 vocavit,
2519 1874 2985 1945 quemadmodum
3038 1873 3199 1942 100
3245 1870 3417 1927 Oseas
3462 1885 3591 1940 pro-

318 1952 427 2003 τῶν
458 1953 671 2021 κτηνῶν
710 1955 738 2005 ὁ
788 1954 1111 2021 κατάλογος,
1162 1954 1422 2025 οὐδεμίαν
1470 1956 1728 2026 φροντίδα
1777 1958 1906 2029 περὶ

318 2042 419 2114 τῆς
448 2044 556 2097 τῶν
586 2046 932 2115 πραγμάτων
954 2046 1209 2118 ἀληθείας
1232 2046 1521 2111 λα6όντες’
1550 2049 1660 2101 είτε
1687 2068 1705 2101 ι
1738 2050 1906 2103 πνεῦ-

323 2150 401 2204 μα
450 2154 469 2187 ι
523 2136 622 2208 τήν
670 2138 992 2209 προαίρεσιν
1038 2139 1293 2211 ὠνόμασε
1338 2141 1456 2205 νῦν,
1506 2140 1692 2205 καθώς
1741 2160 1907 2212 φησιν

333 2228 494 2300 Ὠσηέ
525 2231 554 2283 ό
580 2233 895 2303 προφήτης·
931 2252 950 2285 ι
986 2233 1110 2287 Ὅτι
1142 2233 1416 2304 πνεύματι
1452 2236 1709 2305 πορνείας
1741 2235 1908 2289 ἐπλα-

322 2319 565 2390 νήθησαν
584 2339 599 2351 ο
634 2341 653 2374 ι
683 2323 776 2376 καὶ
807 2322 991 2386 πάλιν,
1021 2343 1039 2375 ι
1083 2324 1204 2378 Ὅτι
1235 2323 1455 2396 πνεῦμα
1480 2326 1738 2396 πορνείας
1757 2327 1907 2380 ἐστὶν

323 2411 383 2489 ἐν
409 2413 612 2477 αὐτοῖς,
645 2433 663 2465 ι
694 2414 794 2486 τήν
822 2416 1174 2489 ἀνθρωπίνην
1204 2420 1526 2490 προαίρεσιν
1554 2421 1643 2473 καὶ
1678 2419 1905 2491 γνώμην

326 2499 470 2555 οὕτω
514 2506 989 2578 προσαγορεύσας’
1042 2508 1143 2581 τὴν
1193 2511 1362 2581 αὑτήν
1405 2517 1519 2577 τοῖς
1568 2512 1908 2583 βοσκήμασιν

328 2594 472 2667 ἔχειν
518 2598 809 2665 ἀϐουλίαν,
871 2600 1052 2672 ἔργοις
1105 2603 1289 2667 αὐτοῖς
1350 2606 1910 2677 παρεμπεδώσαντες,

2010 1971 2169 2040 pheta
2230 1969 2330 2034 ait,
2391 1989 2409 2019 ι
2444 1968 2680 2038 Spiritus
2737 1969 2882 2021 enim
2933 1966 3324 2031 fornicationis
3376 1963 3592 2032 decepit

2007 2078 2105 2119 eos
2127 2063 2209 2128 ";
2242 2082 2260 2115 ι
2300 2078 2365 2117 ac
2397 2078 2616 2117 rursum
2654 2080 2667 2116 :
2710 2080 2727 2113 ι
2756 2061 2894 2128 Quia
2953 2061 3182 2131 spiritus
3211 2056 3593 2113 fornicationis

2011 2154 2065 2207 in
2107 2154 2287 2208 medio
2318 2168 2510 2206 eorum
2553 2153 2739 2216 est";
2769 2170 2787 2203 ι
2822 2153 3122 2206 humanum
3166 2164 3363 2219 nempe
3389 2162 3593 2219 propo-

2011 2247 2178 2301 situm
2224 2254 2279 2299 et
2304 2246 2643 2300 voluntatem
2678 2244 2761 2299 sic
2806 2244 3129 2314 appellans;
3172 2242 3303 2296 illud
3331 2239 3596 2295 Ecciesia-

2013 2344 2124 2390 stes
2147 2335 2412 2402 declarat,
2447 2352 2542 2392 eos
2582 2351 2693 2391 non
2734 2336 2920 2391 minus
2949 2351 3113 2405 quam
3148 2334 3383 2406 pecudes
3411 2331 3592 2401 inopia

2013 2428 2231 2481 consilii
2262 2428 2564 2494 laborasse,
2597 2429 2689 2498 qui
2727 2427 2888 2482 iactis
2915 2441 3075 2497 pares
3106 2441 3165 2480 se
3195 2434 3359 2493 atque
3383 2423 3594 2476 similes

2017 2521 2430 2576 irrationalibus
2469 2521 2734 2591 jumentis
2782 2537 2906 2575 esse
2953 2518 3358 2574 conﬁrmarint.
3406 2515 3596 2585 Itaque

2017 2608 2085 2664 de
2108 2610 2192 2665 his
2225 2613 2413 2681 utique
2442 2612 2578 2681 ipsis
2607 2613 2806 2682 adjecit
2839 2629 2853 2666 :
3178 2614 3181 2615 ⁷

329 2692 887 2764 παρασνμὸληθέντες
938 2697 1048 2759 τοῖς
1080 2698 1300 2768 κτήνεσι
1341 2700 1454 2762 τοῖς
1498 2700 1768 2770 ἀνοήτοις,
1810 2702 1905 2755 καὶ
1963 2702 2321 2773 ὁμοιωθέντες
2386 2704 2591 2768 αὐτοῖς.
2635 2705 2855 2776 Ἀμέλει
2889 2704 3067 2758 τοίνυν
3134 2699 3395 2772 περὶτῶν
3422 2696 3599 2751 τοιού-

326 2805 435 2840 των
470 2790 718 2860 ἐπήγαγε
746 2808 758 2821 ·

1924 2890 2067 2945 XXI.

396 2977 508 3032 Καὶ
544 2979 600 3030 τί
631 2979 1077 3049 ἐπερίσσευσεν
1107 2982 1421 3051 ἄνθρωπος
1449 2986 1608 3053 παρὰ
1648 2985 1716 3040 τὸ
1761 2890 1906 3055 xci?-

2014 2892 2067 2945 .l.

2083 2986 2250 3042 Vsus.
2305 2986 2394 3041 19.
2437 2984 2507 3040 Et
2552 2985 2680 3056 quid
2730 2985 3019 3039 abundavit
3068 2985 3223 3037 homo
3270 2999 3303 3036 a
3355 2979 3600 3051 pecude?

325 3088 433 3136 νος
454 3088 473 3135 ;
507 3072 709 3126 οὐδέν.

398 3159 488 3232 Τῷ
533 3162 759 3232 ὀνόματι
811 3163 960 3234 μόνῳ
1004 3164 1573 3236 παραλαμϐανόμενον
1599 3166 1906 3238 ἄνθρωπον,

327 3254 480 3307 οὐδὲν
508 3256 564 3308 δὲ
593 3256 693 3325 τῆς
723 3258 980 3327 τοιαύτης
1032 3258 1403 3330 προσηγορίας
1446 3259 1534 3313 διὰ
1578 3261 1690 3313 τῶν
1734 3261 1909 3332 ἔργων

328 3349 770 3419 ἐπιδεικνύμενον
808 3351 979 3417 ἄξιον,
1036 3353 1203 3423 μηδὲν
1238 3352 1380 3423 ἔχειν
1430 3353 1760 3408 διατείνεται
1814 3355 1910 3408 τοῦ

328 3442 561 3513 κτήνους
586 3442 842 3512 περισσὸν
866 3443 945 3507 εἰς
972 3443 1238 3512 ὠφέλειαν
1265 3446 1358 3499 καὶ
1389 3446 1666 3516 σωτηρίαν
1694 3446 1873 3517 ψυχῆς
1894 3462 1906 3474 ’

329 3532 422 3587 ἅτε
457 3533 523 3605 δή
559 3536 698 3588 κατά
728 3536 796 3588 τὰ
829 3536 972 3590 αὐτὰ
1002 3538 1096 3590 καὶ
1127 3538 1390 3601 ὡσαύτως
1434 3538 1629 3607 ἐκείνῳ
1659 3538 1911 3591 πολιτευ-

331 3627 585 3698 σάμενον.
637 3629 782 3701 Πλὴν
834 3633 884 3684 εί
921 3631 995 3701 μή
1049 3647 1134 3693 τις
1184 3630 1421 3701 ἔμπαλιν
1465 3629 1728 3703 περισσὸν
1781 3630 1909 3702 είπῃ

332 3720 562 3790 κτήνους
586 3721 729 3791 ἔχειν
757 3724 847 3773 τὸν
869 3723 1093 3775 τοιῶσδε
1119 3721 1363 3793 ζήσαντα
1394 3724 1762 3793 παραφρόνως
1808 3722 1910 3793 τὴν

334 3811 719 3882 διαδεξομένην
750 3814 917 3867 αὑτὸν
951 3818 1011 3868 ἐν
1041 3818 1107 3885 τῇ
1137 3815 1245 3869 τῶν
1284 3815 1634 3886 βεϐιωμένων
1677 3818 1916 3869 ἀνταπο-

335 3901 481 3955 δόσει
527 3903 792 3974 τιμωρίαν
843 3906 939 3959 ita).
983 3906 1203 3959 κόλασιν
1249 3907 1631 3977 ἀτελεύτητον.
1693 3907 1910 3977 Ἀμέλει

336 3994 515 4045 τοίνυν
541 3994 844 4059 ταλανίζων
867 3995 962 4049 τοῦ
989 3997 1229 4049 τοιούτου
1278 3995 1568 4068 ἀνθρώπου
1592 3996 1690 4069 τὴν
1714 3996 1913 4066 διαγω-

335 4085 441 4156 γήν
469 4086 562 4140 καὶ
600 4088 765 4159 ζωήν,
801 4089 1024 4159 ἁμέσως
1054 4090 1331 4161 ἐπήγαγεν
1358 4106 1376 4125 ο

2011 3081 2147 3134 nihil
2178 3080 2314 3149 (51).

2082 3171 2373 3225 Hominem
2418 3172 2641 3226 nomine
2673 3180 2833 3226 tenus
2876 3181 3188 3241 acceptum.
3224 3183 3276 3223 et
3301 3171 3394 3238 qui
3436 3168 3598 3225 factis

2010 3279 2070 3318 se
2126 3263 2293 3317 nullis
2345 3262 2433 3315 tali
2488 3262 2712 3331 dignum
2767 3262 3136 3331 appellatione
3199 3258 3489 3322 ostendat,
3550 3259 3595 3312 si

2011 3357 2179 3409 animi
2210 3355 2508 3409 utilitatem
2552 3356 2902 3423 salutemque
2945 3364 3180 3422 spectes,
3220 3352 3371 3405 nulla
3418 3366 3476 3405 re
3507 3364 3600 3419 po-

2014 3450 2207 3502 tiorem
2253 3462 2376 3502 esse
2424 3447 2710 3501 contendit
2749 3463 2914 3517 quam
2965 3446 3267 3516 pecudem;
3309 3452 3596 3513 postquam

2012 3556 2144 3595 sane
2164 3538 2309 3593 circa
2333 3537 2550 3601 eadem,
2587 3540 2894 3609 eodemque
2928 3539 3090 3592 modo
3115 3546 3279 3604 atque
3314 3551 3503 3604 Pecus,
3542 3535 3597 3589 in

2012 3631 2124 3684 vita
2164 3642 2415 3685 versatus
2472 3640 2601 3684 est:
2635 3632 2740 3686 nisi
2796 3642 2990 3686 contra
3044 3631 3170 3699 quis
3220 3630 3415 3699 pecudi
3456 3644 3600 3700 prte-

2016 3733 2164 3778 stare
2201 3722 2369 3788 dicat,
2403 3724 2552 3792 quod
2585 3723 2696 3777 vita
2734 3734 2843 3777 tam
2877 3723 3043 3778 stulte
3073 3732 3216 3788 acta,
3248 3736 3409 3791 paena
3442 3722 3597 3775 illum

2014 3815 2358 3883 subsequens
2400 3829 2466 3868 ac
2516 3815 2846 3884 supplicium
2894 3824 3160 3868 aeternum
3207 3822 3445 3878 maneat,
3475 3824 3599 3868 cum

2014 3919 2209 3959 e0rum
2243 3920 2367 3973 qua:
2398 3907 2756 3974 gesserimus,
2789 3920 3002 3959 merces
3027 3905 3228 3974 cuique
3258 3919 3358 3959 sua
3389 3904 3601 3959 tribue-

2014 4006 2147 4062 tur;
2182 4006 2471 4065 propterea
2501 3998 2689 4066 utique
2728 3996 2971 4050 hominis
3011 3995 3281 4066 ejusmodi
3334 3994 3603 4049 conditio-

2014 4105 2138 4144 nem
2180 4090 2461 4159 vitamque
2492 4088 2940 4155 commiseratus,
2974 4088 3172 4159 adjecit
3204 4088 3495 4158 protinus:

1905 4204 2069 4259 XXII.

405 4300 530 4354 Ὅτι
556 4301 627 4354 τὰ
649 4301 850 4354 πάντα
877 4302 1207 4371 ματαιότης
1225 4316 1243 4334 ο
1278 4300 1351 4355 τὰ
1378 4301 1575 4355 πάντα
1604 4204 1909 4370 πορεύετὲαι

2014 4204 2069 4259 ll.

2097 4299 2261 4355 Vens.
2296 4298 2385 4355 20.
2432 4299 2575 4365 Quia
2600 4299 2775 4352 omnia
2805 4297 3013 4350 vanitas
3038 4310 3057 4349 :
3084 4294 3260 4348 omnia
3282 4302 3501 4365 pergunt
3532 4296 3601 4347 ad

336 4393 487 4463 πρὸς
531 4395 723 4447 τόπον
769 4393 916 4447 ἔναυ
977 4392 1051 4447 τὰ
1104 4393 1301 4447 πάντα
1356 4394 1594 4464 ἐγένετο
1639 4393 1759 4448 ἀπὸ
1811 4393 1918 4447 τοῦ

339 4487 503 4557 χοὸς,
540 4487 637 4540 καὶ
669 4488 742 4541 τὰ
787 4486 985 4540 πάντα
1021 4487 1364 4555 ἐπιστρέφει
1420 4486 1571 4554 πρὸς
1604 4486 1711 4539 τόν
1742 4487 1915 4556 χοῦν.

409 4576 492 4630 Τά
534 4577 736 4641 πάντα,
788 4578 949 4641 mia;
1008 4576 1248 4646 δηλονότι
1298 4577 1368 4631 τὰ
1425 4575 1774 4640 κακοϐούλως
1823 4579 1918 4629 καὶ

337 4667 691 4739 κακοφρόνως
720 4666 993 4737 λεγόμενα
1036 4668 1131 4720 καὶ
1159 4665 1507 4737 διοικούμενα
1558 4667 1651 4721 καὶ
1686 4668 1917 4738 πραττό-

344 4779 480 4831 μενα
532 4762 685 4832 παρὰ
732 4761 841 4815 τῶν
894 4759 1205 4831 μισοκάλων
1252 4757 1590 4831 ἀνθρώπων,
1641 4759 1751 4813 τῶν
1796 4761 1917 4814 κατ’

344 4854 525 4907 εἰκόνα
554 4855 653 4924 μὲν
676 4853 812 4907 Θεοῦ
846 4854 941 4907 κα)⁵
978 4852 1237 4922 ὁμοίωσιν
1273 4851 1596 4919 γεγονότων,
1629 4854 1695 4924 τῇ
1727 4851 1783 4905 δὲ
1811 4852 1919 4904 τῶν

346 4947 640 5015 κτημάτων
690 4946 917 5012 ἀϐουλίᾳ
964 4945 1060 4997 καὶ
1112 4944 1225 5015 ζωῇ
1257 4944 1353 4997 καὶ
1385 4944 1630 5015 διαγωγῇ
1662 4946 1801 5013 σφᾶς
1830 4945 1922 4997 αὐ-

344 5037 472 5099 τοὺς
503 5040 981 5108 ἀφομοιωσάντων,
1010 5036 1105 5090 καὶ
1136 5036 1533 5107 παραπλησίως
1566 5038 1796 5101 ἐκείνοις
1822 5037 1921 5107 ζη-

350 5133 557 5186 σάντων
580 5150 594 5165 ·
631 5132 727 5185 καὶ
753 5131 841 5183 διὰ
876 5130 1033 5184 τοῦτο
1065 5131 1163 5184 σὺν
1209 5130 1392 5191 αὐτοῖς
1424 5127 1919 5199 ἀποστρεφομένων

348 5227 430 5289 εἰς
458 5224 549 5277 τὸν
580 5224 708 5295 χοῦν
740 5225 920 5295 μόνον,
955 5226 1012 5290 ἐξ
1040 5217 1100 5278 οὗ
1140 5224 1236 5275 καὶ
1282 5221 1601 5291 γεγόνασιν
1642 5220 1708 5273 οὐ·
1735 5220 1921 5290 μέντοι

347 5319 406 5373 δὲ
435 5319 698 5390 καὶπρὸς
739 5318 837 5386 τὴν
888 5316 1144 5384 οὐρανίαν
1191 5314 1337 5387 ζωήν
1381 5313 1637 5368 ἀνιόντων
1681 5315 1777 5366 καὶ
1821 5313 1923 5385 τῆς

419 5494 468 5526 ’⁸
493 5492 633 5547 Osee
681 5508 756 5556 ιν,
790 5490 874 5545 12.
952 5490 997 5521 ⁷⁸
1028 5494 1164 5548 Osee
1193 5507 1246 5549 ν.
1272 5493 1319 5545 4.

422 5632 537 5702 (50)
578 5633 668 5689 Sic
716 5634 768 5705 in
823 5632 1066 5705 Vulgatis
1112 5634 1363 5703 legimus,
1409 5635 1671 5691 Similiter
1715 5636 1915 5703 spirant

351 5707 571 5771 omnia;
628 5713 682 5759 et
734 5703 1097 5775 Symmachus
1149 5706 1444 5770 transtulit,
1510 5707 1605 5760 καί
1674 5706 1921 5775 ἀναπνοὴ

351 5777 512 5847 ὁμοία
539 5776 725 5835 πᾶσιν.
760 5790 953 5847 nempe
980 5789 1151 5830 aerem
1180 5776 1359 5828 omnia
1394 5777 1569 5831 eodem
1597 5775 1749 5831 modo
1783 5779 1922 5829 acci-

354 5850 500 5903 piunt
528 5856 577 5901 et
611 5847 852 5902 reddunt.

2016 4392 2191 4445 lorum
2217 4405 2420 4454 unum;
2455 4391 2636 4443 omnia
2666 4389 2814 4459 facta
2839 4399 2962 4441 sunt
2994 4393 3058 4442 de
3086 4387 3319 4457 pulvere,
3354 4396 3401 4441 et
3423 4387 3601 4440 omnia

2016 4496 2356 4540 revertuntur
2392 4485 2445 4537 in
2473 4485 2739 4553 pulverem
2764 4481 2896 4553 (5‘2).

2086 4575 2306 4640 Omnia,
2366 4575 2575 4646 inquit;
2632 4584 2688 4629 at
2730 4574 3027 4645 quaenam?
3075 4571 3150 4627 Ea
3198 4573 3430 4637 scilicet,
3481 4587 3603 4642 quae

2015 4684 2272 4741 perverse
2306 4670 2608 4736 insaneque
2640 4667 2920 4732 dicuntur,
2949 4664 3427 4726 administrantur,
3469 4665 3603 4719 ﬁunt

2017 4763 2087 4818 ab
2118 4762 2442 4816 hominibus
2479 4762 2822 4815 honestatem
2856 4761 3090 4829 perosis,
3116 4760 3207 4830 qui
3237 4761 3338 4814 etsi
3367 4759 3433 4812 ad
3471 4760 3602 4812 ima-

2018 4856 2201 4926 ginem
2247 4853 2780 4922 similitudinemque
2812 4852 2908 4906 Dei
2960 4852 3087 4907 facti
3152 4851 3601 4920 sunt,jumento«

2022 4963 2143 5002 rum
2173 4956 2353 5002 tamen
2383 4946 2759 5015 stupiditatem
2782 4954 2837 4999 et
2865 4945 3036 4999 vitam
3062 4952 3114 4999 et
3145 4944 3516 4999 conditionem
3547 4946 3598 4997 in

2025 5052 2086 5092 se
2120 5038 2253 5107 ipsis
2287 5035 2685 5106 exprimentes,
2720 5033 3040 5088 eorumdem
3080 5032 3191 5086 fere
3228 5031 3473 5099 vestigiis
3517 5030 3599 5084 in-

2026 5130 2249 5185 sistunt.
2285 5127 2474 5198 Itaque
2518 5142 2641 5181 cum
2676 5126 2784 5179 illis
2816 5140 2941 5180 eum
2966 5124 3348 5179 tantummodo
3392 5124 3447 5177 in
3482 5122 3600 5192 pul-

2027 5238 2211 5278 verem
2256 5223 2618 5292 rediguntur,
2670 5219 2815 5274 unde
2858 5219 3022 5273 etiam
3066 5218 3394 5273 exstiterunt
3436 5234 3449 5270 :
3498 5231 3601 5271 nec

2028 5315 2307 5371 caelestem
2358 5313 2426 5368 ad
2473 5314 2641 5366 vitam
2690 5310 2990 5382 progressi,
3040 5311 3356 5366 beatitatem
3410 5310 3598 5364 aeterni

2096 5632 2209 5702 (51)
2248 5630 2460 5702 Olymp.
2503 5629 2786 5702 καὶούδ-ὲν
2807 5629 3218 5702 περιέσσευσεν.

2096 5697 2208 5771 (52)
2249 5697 2355 5755 Sed
2400 5697 2541 5770 apud
2589 5699 2729 5753 LXX
2760 5697 3444 5771 ἀεείἱιιειξιιιιιιχπορεύεται,
3480 5706 3595 5771 tum

2028 5768 2124 5843 pro
2152 5768 2469 5843 ἐπιστρέφει
2502 5772 2699 5842 legitur
2723 5770 3051 5842 ἐπιστρέψει.
3087 5769 3298 5842 Olymp.
3326 5771 3406 5833 εἰς
3433 5768 3595 5823 τόπον

2026 5845 2126 5898 Eva
2154 5845 2222 5897 τὰ
2247 5843 2424 5897 πάντα
2466 5843 2732 5911 ἐγένοντο.
2761 5878 2774 5892 .
2805 5879 2819 5893 .
