  <div class='ocr_page' id='page_1' title='image "/cluster/home/n/w/nwhite01/storage/ocr_20150623/98/hvd.32044015586951/457.png"; bbox 0 0 4172 6540; ppageno 0'>
   <div class='ocr_carea' id='block_1_1' title="bbox 589 382 692 450">
    <p class='ocr_par' dir='ltr' id='par_1_1' title="bbox 589 382 692 450">
     <span class='ocr_line' id='line_1_1' title="bbox 589 382 692 450; baseline -0.029 0"><span class='ocrx_word' id='word_1_1' title='bbox 589 382 692 450; x_wconf 85' lang='grc'>891</span> 
     </span>
    </p>
   </div>
   <div class='ocr_carea' id='block_1_2' title="bbox 1717 364 2733 437">
    <p class='ocr_par' dir='ltr' id='par_1_2' title="bbox 1717 364 2733 437">
     <span class='ocr_line' id='line_1_2' title="bbox 1717 364 2733 437; baseline -0.007 0"><span class='ocrx_word' id='word_1_2' title='bbox 1717 376 1780 437; x_wconf 92' lang='lat' dir='ltr'><strong>S.</strong></span> <span class='ocrx_word' id='word_1_3' title='bbox 1808 364 2187 437; x_wconf 79' lang='lat' dir='ltr'><strong>GREGORII</strong></span> <span class='ocrx_word' id='word_1_4' title='bbox 2224 370 2733 435; x_wconf 81' lang='lat' dir='ltr'><strong>AGRIGENTINI</strong></span> 
     </span>
    </p>
   </div>
   <div class='ocr_carea' id='block_1_3' title="bbox 3755 358 3860 421">
    <p class='ocr_par' dir='ltr' id='par_1_3' title="bbox 3755 358 3860 421">
     <span class='ocr_line' id='line_1_3' title="bbox 3755 358 3860 421; baseline 0 0"><span class='ocrx_word' id='word_1_5' title='bbox 3755 358 3860 421; x_wconf 80' lang='lat'><strong>892</strong></span> 
     </span>
    </p>
   </div>
   <div class='ocr_carea' id='block_1_4' title="bbox 592 469 2196 554">
    <p class='ocr_par' dir='ltr' id='par_1_4' title="bbox 592 481 2173 554">
     <span class='ocr_line' id='line_1_4' title="bbox 592 481 2173 554; baseline -0.01 -2"><span class='ocrx_word' id='word_1_6' title='bbox 592 498 693 552; x_wconf 66' lang='lat' dir='ltr'><strong>aevi</strong></span> <span class='ocrx_word' id='word_1_7' title='bbox 756 510 882 550; x_wconf 89' lang='lat' dir='ltr'><strong>cum</strong></span> <span class='ocrx_word' id='word_1_8' title='bbox 935 492 1214 548; x_wconf 74' lang='lat' dir='ltr'><strong>ctelitibus</strong></span> <span class='ocrx_word' id='word_1_9' title='bbox 1278 487 1684 545; x_wconf 87' lang='lat' dir='ltr'><strong>immortalibus</strong></span> <span class='ocrx_word' id='word_1_10' title='bbox 1743 486 2040 554; x_wconf 77' lang='lat' dir='ltr'><strong>attingunt.</strong></span> <span class='ocrx_word' id='word_1_11' title='bbox 2094 481 2173 537; x_wconf 86' lang='lat' dir='ltr'><strong>De</strong></span> 
     </span>
    </p>
   </div>
   <div class='ocr_carea' id='block_1_5' title="bbox 2297 469 3858 554">
    <p class='ocr_par' dir='ltr' id='par_1_5' title="bbox 2297 469 3858 553">
     <span class='ocr_line' id='line_1_5' title="bbox 2297 469 3858 553; baseline -0.011 -16"><span class='ocrx_word' id='word_1_12' title='bbox 2297 483 2567 553; x_wconf 70' lang='grc' dir='ltr'>ὶκηράτου</span> <span class='ocrx_word' id='word_1_13' title='bbox 2609 481 2755 549; x_wconf 79' lang='grc' dir='ltr'>ζωῆς</span> <span class='ocrx_word' id='word_1_14' title='bbox 2800 474 2895 531; x_wconf 72' lang='grc' dir='ltr'>καὶ</span> <span class='ocrx_word' id='word_1_15' title='bbox 2948 476 3047 546; x_wconf 76' lang='grc' dir='ltr'>τῆς</span> <span class='ocrx_word' id='word_1_16' title='bbox 3090 473 3387 536; x_wconf 81' lang='grc' dir='ltr'>ἀθανασίας</span> <span class='ocrx_word' id='word_1_17' title='bbox 3439 469 3858 541; x_wconf 46' lang='lat' dir='ltr'><strong>monemus,</strong></span> 
     </span>
    </p>
   </div>
   <div class='ocr_carea' id='block_1_6' title="bbox 592 576 2175 660">
    <p class='ocr_par' dir='ltr' id='par_1_6' title="bbox 592 576 2175 660">
     <span class='ocr_line' id='line_1_6' title="bbox 592 576 2175 660; baseline -0.01 -15"><span class='ocrx_word' id='word_1_18' title='bbox 592 590 795 660; x_wconf 83' lang='lat' dir='ltr'><strong>quibus</strong></span> <span class='ocrx_word' id='word_1_19' title='bbox 853 586 939 640; x_wconf 90' lang='lat' dir='ltr'><strong>hic</strong></span> <span class='ocrx_word' id='word_1_20' title='bbox 997 584 1139 639; x_wconf 91' lang='lat' dir='ltr'><strong>idem</strong></span> <span class='ocrx_word' id='word_1_21' title='bbox 1194 584 1248 637; x_wconf 92' lang='lat' dir='ltr'><strong>in</strong></span> <span class='ocrx_word' id='word_1_22' title='bbox 1308 582 1450 636; x_wconf 89' lang='lat' dir='ltr'><strong>libro</strong></span> <span class='ocrx_word' id='word_1_23' title='bbox 1499 578 1926 635; x_wconf 87' lang='lat' dir='ltr'><strong>Proverbiorum</strong></span> <span class='ocrx_word' id='word_1_24' title='bbox 1987 576 2175 631; x_wconf 88' lang='lat' dir='ltr'><strong>dicit:</strong></span> 
     </span>
    </p>
   </div>
   <div class='ocr_carea' id='block_1_7' title="bbox 598 672 2180 753">
    <p class='ocr_par' dir='ltr' id='par_1_7' title="bbox 598 672 2180 753">
     <span class='ocr_line' id='line_1_7' title="bbox 598 672 2180 753; baseline -0.006 -19"><span class='ocrx_word' id='word_1_25' title='bbox 598 702 618 734; x_wconf 72' lang='lat' dir='ltr'><strong>c</strong></span> <span class='ocrx_word' id='word_1_26' title='bbox 652 680 791 736; x_wconf 84' lang='lat' dir='ltr'><strong>Justi</strong></span> <span class='ocrx_word' id='word_1_27' title='bbox 836 681 889 734; x_wconf 92' lang='lat' dir='ltr'><strong>in</strong></span> <span class='ocrx_word' id='word_1_28' title='bbox 942 689 1208 733; x_wconf 57' lang='lat' dir='ltr'><strong>aeternum</strong></span> <span class='ocrx_word' id='word_1_29' title='bbox 1261 677 1474 741; x_wconf 89' lang='lat' dir='ltr'><strong>vivunt,</strong></span> <span class='ocrx_word' id='word_1_30' title='bbox 1528 674 1682 753; x_wconf 83' lang='lat'><strong>101</strong></span> <span class='ocrx_word' id='word_1_31' title='bbox 1742 682 1798 726; x_wconf 90' lang='lat' dir='ltr'><strong>et</strong></span> <span class='ocrx_word' id='word_1_32' title='bbox 1836 672 1891 726; x_wconf 86' lang='lat' dir='ltr'><strong>in</strong></span> <span class='ocrx_word' id='word_1_33' title='bbox 1934 680 2180 739; x_wconf 88' lang='lat' dir='ltr'><strong>tempore</strong></span> 
     </span>
    </p>
   </div>
   <div class='ocr_carea' id='block_1_8' title="bbox 595 763 2181 839">
    <p class='ocr_par' dir='ltr' id='par_1_8' title="bbox 595 763 2181 839">
     <span class='ocr_line' id='line_1_8' title="bbox 595 763 2181 839; baseline -0.008 -12"><span class='ocrx_word' id='word_1_34' title='bbox 595 782 679 827; x_wconf 89' lang='lat' dir='ltr'><strong>cst</strong></span> <span class='ocrx_word' id='word_1_35' title='bbox 702 787 911 827; x_wconf 87' lang='lat' dir='ltr'><strong>merces</strong></span> <span class='ocrx_word' id='word_1_36' title='bbox 947 771 1164 825; x_wconf 89' lang='lat' dir='ltr'><strong>illorum</strong></span> <span class='ocrx_word' id='word_1_37' title='bbox 1197 768 1334 839; x_wconf 77' lang='grc'><strong>(55).</strong></span> <span class='ocrx_word' id='word_1_38' title='bbox 1365 785 1383 818; x_wconf 77' lang='grc' dir='ltr'>ι</span> <span class='ocrx_word' id='word_1_39' title='bbox 1406 797 1477 807; x_wconf 89' lang='grc'><strong><em>-</em></strong></span> <span class='ocrx_word' id='word_1_40' title='bbox 1500 784 1519 818; x_wconf 80' lang='grc' dir='ltr'>ι</span> <span class='ocrx_word' id='word_1_41' title='bbox 1551 765 1664 821; x_wconf 82' lang='lat' dir='ltr'><strong>Visi</strong></span> <span class='ocrx_word' id='word_1_42' title='bbox 1693 773 1823 821; x_wconf 91' lang='lat' dir='ltr'><strong>sunt</strong></span> <span class='ocrx_word' id='word_1_43' title='bbox 1852 763 2027 818; x_wconf 87' lang='lat' dir='ltr'><strong>oculis</strong></span> <span class='ocrx_word' id='word_1_44' title='bbox 2049 763 2181 816; x_wconf 80' lang='lat' dir='ltr'><strong>insi-</strong></span> 
     </span>
    </p>
   </div>
   <div class='ocr_carea' id='block_1_9' title="bbox 598 856 2178 935">
    <p class='ocr_par' dir='ltr' id='par_1_9' title="bbox 598 856 2178 935">
     <span class='ocr_line' id='line_1_9' title="bbox 598 856 2178 935; baseline -0.006 -18"><span class='ocrx_word' id='word_1_45' title='bbox 598 864 867 935; x_wconf 90' lang='lat' dir='ltr'><strong>pientium</strong></span> <span class='ocrx_word' id='word_1_46' title='bbox 899 863 1040 917; x_wconf 89' lang='lat' dir='ltr'><strong>mori</strong></span> <span class='ocrx_word' id='word_1_47' title='bbox 1064 880 1079 929; x_wconf 90' lang='lat'><strong>;</strong></span> <span class='ocrx_word' id='word_1_48' title='bbox 1113 870 1167 917; x_wconf 86' lang='lat' dir='ltr'><strong>et</strong></span> <span class='ocrx_word' id='word_1_49' title='bbox 1192 861 1463 916; x_wconf 72' lang='lat' dir='ltr'><strong>aestimata</strong></span> <span class='ocrx_word' id='word_1_50' title='bbox 1492 868 1579 914; x_wconf 90' lang='lat' dir='ltr'><strong>est</strong></span> <span class='ocrx_word' id='word_1_51' title='bbox 1606 857 1826 912; x_wconf 78' lang='lat' dir='ltr'><strong>aﬂlietio</strong></span> <span class='ocrx_word' id='word_1_52' title='bbox 1852 857 2032 911; x_wconf 82' lang='lat' dir='ltr'><strong>exitus</strong></span> <span class='ocrx_word' id='word_1_53' title='bbox 2056 856 2178 910; x_wconf 86' lang='lat' dir='ltr'><strong>illo-</strong></span> 
     </span>
    </p>
   </div>
   <div class='ocr_carea' id='block_1_10' title="bbox 597 947 2178 1024">
    <p class='ocr_par' dir='ltr' id='par_1_10' title="bbox 597 947 2178 1024">
     <span class='ocr_line' id='line_1_10' title="bbox 597 947 2178 1024; baseline -0.006 -15"><span class='ocrx_word' id='word_1_54' title='bbox 597 972 719 1009; x_wconf 86' lang='lat' dir='ltr'><strong>rum</strong></span> <span class='ocrx_word' id='word_1_55' title='bbox 744 956 811 1009; x_wconf 86' lang='lat'><strong>&quot;.</strong></span> <span class='ocrx_word' id='word_1_56' title='bbox 851 974 870 1006; x_wconf 73' lang='grc' dir='ltr'><strong>ι</strong></span> <span class='ocrx_word' id='word_1_57' title='bbox 911 975 928 1006; x_wconf 80' lang='grc' dir='ltr'>ι</span> <span class='ocrx_word' id='word_1_58' title='bbox 962 953 1098 1024; x_wconf 89' lang='lat' dir='ltr'><strong>Spes</strong></span> <span class='ocrx_word' id='word_1_59' title='bbox 1126 962 1307 1008; x_wconf 90' lang='lat' dir='ltr'><strong>autem</strong></span> <span class='ocrx_word' id='word_1_60' title='bbox 1340 953 1554 1006; x_wconf 84' lang='lat' dir='ltr'><strong>illorum</strong></span> <span class='ocrx_word' id='word_1_61' title='bbox 1579 949 2001 1004; x_wconf 88' lang='lat' dir='ltr'><strong>immortalitate</strong></span> <span class='ocrx_word' id='word_1_62' title='bbox 2020 947 2178 1018; x_wconf 83' lang='lat' dir='ltr'><strong>plena</strong></span> 
     </span>
    </p>
   </div>
   <div class='ocr_carea' id='block_1_11' title="bbox 598 1041 1938 1115">
    <p class='ocr_par' dir='ltr' id='par_1_11' title="bbox 598 1041 1938 1115">
     <span class='ocr_line' id='line_1_11' title="bbox 598 1041 1938 1115; baseline -0.006 -12"><span class='ocrx_word' id='word_1_63' title='bbox 598 1060 682 1105; x_wconf 89' lang='lat' dir='ltr'><strong>est</strong></span> <span class='ocrx_word' id='word_1_64' title='bbox 703 1048 771 1102; x_wconf 81' lang='grc'><strong>⁷⁸.</strong></span> <span class='ocrx_word' id='word_1_65' title='bbox 806 1068 824 1101; x_wconf 76' lang='grc' dir='ltr'><strong>ι</strong></span> <span class='ocrx_word' id='word_1_66' title='bbox 856 1046 1023 1102; x_wconf 79' lang='lat' dir='ltr'><strong>Addit</strong></span> <span class='ocrx_word' id='word_1_67' title='bbox 1056 1045 1255 1101; x_wconf 90' lang='lat' dir='ltr'><strong>deinde</strong></span> <span class='ocrx_word' id='word_1_68' title='bbox 1286 1044 1507 1115; x_wconf 84' lang='lat' dir='ltr'><strong>sapiens</strong></span> <span class='ocrx_word' id='word_1_69' title='bbox 1536 1041 1893 1097; x_wconf 76' lang='lat' dir='ltr'><strong>Ecclesiastes</strong></span> <span class='ocrx_word' id='word_1_70' title='bbox 1919 1056 1938 1095; x_wconf 76' lang='grc' dir='ltr'>ε</span> 
     </span>
    </p>
   </div>
   <div class='ocr_carea' id='block_1_12' title="bbox 2284 562 3859 646">
    <p class='ocr_par' dir='ltr' id='par_1_12' title="bbox 2284 562 3859 646">
     <span class='ocr_line' id='line_1_12' title="bbox 2284 562 3859 646; baseline -0.009 -19"><span class='ocrx_word' id='word_1_71' title='bbox 2284 577 2422 646; x_wconf 78' lang='grc' dir='ltr'>μετὰ</span> <span class='ocrx_word' id='word_1_72' title='bbox 2445 574 2555 627; x_wconf 76' lang='grc' dir='ltr'><strong>τῶν</strong></span> <span class='ocrx_word' id='word_1_73' title='bbox 2590 575 2649 639; x_wconf 80' lang='grc' dir='ltr'>ἐξ</span> <span class='ocrx_word' id='word_1_74' title='bbox 2693 568 2890 634; x_wconf 78' lang='grc' dir='ltr'>αἰῶνος</span> <span class='ocrx_word' id='word_1_75' title='bbox 2918 570 3112 639; x_wconf 76' lang='grc' dir='ltr'>ἁγξων.</span> <span class='ocrx_word' id='word_1_76' title='bbox 3150 568 3287 638; x_wconf 80' lang='grc' dir='ltr'>Περὶ</span> <span class='ocrx_word' id='word_1_77' title='bbox 3316 584 3392 620; x_wconf 88' lang='grc' dir='ltr'><strong>ων</strong></span> <span class='ocrx_word' id='word_1_78' title='bbox 3423 580 3588 634; x_wconf 80' lang='grc' dir='ltr'>φησιν</span> <span class='ocrx_word' id='word_1_79' title='bbox 3630 564 3659 616; x_wconf 97' lang='lat'><strong>6</strong></span> <span class='ocrx_word' id='word_1_80' title='bbox 3699 562 3859 625; x_wconf 71' lang='grc' dir='ltr'>αὐτὸς</span> 
     </span>
    </p>
   </div>
   <div class='ocr_carea' id='block_1_13' title="bbox 2284 654 3859 737">
    <p class='ocr_par' dir='ltr' id='par_1_13' title="bbox 2284 654 3859 737">
     <span class='ocr_line' id='line_1_13' title="bbox 2284 654 3859 737; baseline -0.01 -15"><span class='ocrx_word' id='word_1_81' title='bbox 2284 671 2343 722; x_wconf 77' lang='grc' dir='ltr'>ἐν</span> <span class='ocrx_word' id='word_1_82' title='bbox 2396 667 2570 737; x_wconf 84' lang='grc' dir='ltr'>βίϐλῳ</span> <span class='ocrx_word' id='word_1_83' title='bbox 2607 663 2716 717; x_wconf 82' lang='grc' dir='ltr'><strong>τῶν</strong></span> <span class='ocrx_word' id='word_1_84' title='bbox 2738 663 3060 736; x_wconf 78' lang='grc' dir='ltr'><strong>Παροιμιῶν</strong></span> <span class='ocrx_word' id='word_1_85' title='bbox 3085 679 3098 695; x_wconf 81' lang='grc' dir='ltr'><strong><em>ο</em></strong></span> <span class='ocrx_word' id='word_1_86' title='bbox 3140 680 3157 712; x_wconf 77' lang='grc' dir='ltr'>ι</span> <span class='ocrx_word' id='word_1_87' title='bbox 3198 659 3409 712; x_wconf 88' lang='grc' dir='ltr'>Δίκαιοι</span> <span class='ocrx_word' id='word_1_88' title='bbox 3460 658 3539 712; x_wconf 75' lang='grc' dir='ltr'><strong>είς</strong></span> <span class='ocrx_word' id='word_1_89' title='bbox 3566 654 3658 708; x_wconf 81' lang='grc' dir='ltr'>τὸν</span> <span class='ocrx_word' id='word_1_90' title='bbox 3689 654 3859 707; x_wconf 83' lang='grc' dir='ltr'>αίῶνα</span> 
     </span>
    </p>
   </div>
   <div class='ocr_carea' id='block_1_14' title="bbox 2282 742 3863 824">
    <p class='ocr_par' dir='ltr' id='par_1_14' title="bbox 2282 742 3863 824">
     <span class='ocr_line' id='line_1_14' title="bbox 2282 742 3863 824; baseline -0.009 -14"><span class='ocrx_word' id='word_1_91' title='bbox 2282 758 2438 824; x_wconf 83' lang='grc' dir='ltr'>ζῶσι,</span> <span class='ocrx_word' id='word_1_92' title='bbox 2471 755 2567 808; x_wconf 76' lang='grc' dir='ltr'><strong>καὶ</strong></span> <span class='ocrx_word' id='word_1_93' title='bbox 2595 756 2652 807; x_wconf 78' lang='grc' dir='ltr'>ἐν</span> <span class='ocrx_word' id='word_1_94' title='bbox 2679 756 2858 824; x_wconf 81' lang='grc' dir='ltr'><strong>καιρῷ</strong></span> <span class='ocrx_word' id='word_1_95' title='bbox 2890 753 3037 804; x_wconf 76' lang='grc' dir='ltr'>ἐστιν</span> <span class='ocrx_word' id='word_1_96' title='bbox 3072 752 3100 802; x_wconf 94' lang='lat'><strong>6</strong></span> <span class='ocrx_word' id='word_1_97' title='bbox 3131 747 3261 819; x_wconf 86' lang='grc' dir='ltr'>μισθ</span> <span class='ocrx_word' id='word_1_98' title='bbox 3302 789 3316 797; x_wconf 85' lang='grc'>.</span> <span class='ocrx_word' id='word_1_99' title='bbox 3353 747 3419 799; x_wconf 89' lang='grc' dir='ltr'><strong>αύ</strong></span> <span class='ocrx_word' id='word_1_100' title='bbox 3458 742 3863 799; x_wconf 58' lang='grc' dir='ltr'>ῶνα-«Ἔδο-</span> 
     </span>
    </p>
   </div>
   <div class='ocr_carea' id='block_1_15' title="bbox 2285 834 3860 916">
    <p class='ocr_par' dir='ltr' id='par_1_15' title="bbox 2285 834 3860 916">
     <span class='ocr_line' id='line_1_15' title="bbox 2285 834 3860 916; baseline -0.009 -15"><span class='ocrx_word' id='word_1_101' title='bbox 2285 847 2380 912; x_wconf 83' lang='grc' dir='ltr'>ξαν</span> <span class='ocrx_word' id='word_1_102' title='bbox 2418 850 2475 901; x_wconf 81' lang='grc' dir='ltr'>ὲν</span> <span class='ocrx_word' id='word_1_103' title='bbox 2519 846 2821 916; x_wconf 83' lang='grc' dir='ltr'><strong>ὀφθαλμοῖς</strong></span> <span class='ocrx_word' id='word_1_104' title='bbox 2868 844 3121 915; x_wconf 75' lang='grc' dir='ltr'><strong>ἀφρόνων</strong></span> <span class='ocrx_word' id='word_1_105' title='bbox 3165 838 3436 902; x_wconf 75' lang='grc' dir='ltr'><strong>τεθνάναι,</strong></span> <span class='ocrx_word' id='word_1_106' title='bbox 3472 836 3570 891; x_wconf 73' lang='grc' dir='ltr'>καὶ</span> <span class='ocrx_word' id='word_1_107' title='bbox 3608 834 3860 903; x_wconf 74' lang='grc' dir='ltr'><strong>ἐλογίσθη</strong></span> 
     </span>
    </p>
   </div>
   <div class='ocr_carea' id='block_1_16' title="bbox 2284 927 3862 1009">
    <p class='ocr_par' dir='ltr' id='par_1_16' title="bbox 2284 927 3862 1009">
     <span class='ocr_line' id='line_1_16' title="bbox 2284 927 3862 1009; baseline -0.009 -17"><span class='ocrx_word' id='word_1_108' title='bbox 2284 938 2529 1001; x_wconf 80' lang='grc' dir='ltr'><strong>κάκωσις</strong></span> <span class='ocrx_word' id='word_1_109' title='bbox 2571 941 2605 1009; x_wconf 89' lang='grc' dir='ltr'><strong>ή</strong></span> <span class='ocrx_word' id='word_1_110' title='bbox 2654 937 2830 1002; x_wconf 73' lang='grc' dir='ltr'>ἔξοδος</span> <span class='ocrx_word' id='word_1_111' title='bbox 2874 935 3076 989; x_wconf 79' lang='grc' dir='ltr'>αὐτῶν.</span> <span class='ocrx_word' id='word_1_112' title='bbox 3112 952 3130 985; x_wconf 71' lang='grc' dir='ltr'>ι</span> <span class='ocrx_word' id='word_1_113' title='bbox 3166 961 3236 971; x_wconf 93' lang='grc'><strong><em>-</em></strong></span> <span class='ocrx_word' id='word_1_114' title='bbox 3258 950 3276 981; x_wconf 79' lang='grc' dir='ltr'><strong>ι</strong></span> <span class='ocrx_word' id='word_1_115' title='bbox 3332 930 3396 982; x_wconf 82' lang='grc' dir='ltr'><strong>Ἦ</strong></span> <span class='ocrx_word' id='word_1_116' title='bbox 3414 930 3470 982; x_wconf 81' lang='grc' dir='ltr'>δὲ</span> <span class='ocrx_word' id='word_1_117' title='bbox 3503 927 3659 990; x_wconf 75' lang='grc' dir='ltr'>ἐλπὶς</span> <span class='ocrx_word' id='word_1_118' title='bbox 3684 928 3862 981; x_wconf 79' lang='grc' dir='ltr'>αὐτῶν</span> 
     </span>
    </p>
   </div>
   <div class='ocr_carea' id='block_1_17' title="bbox 2284 1020 3862 1101">
    <p class='ocr_par' dir='ltr' id='par_1_17' title="bbox 2284 1020 3862 1101">
     <span class='ocr_line' id='line_1_17' title="bbox 2284 1020 3862 1101; baseline -0.008 -18"><span class='ocrx_word' id='word_1_119' title='bbox 2284 1031 2434 1083; x_wconf 76' lang='grc' dir='ltr'>ἐστὶν</span> <span class='ocrx_word' id='word_1_120' title='bbox 2462 1030 2763 1094; x_wconf 80' lang='grc' dir='ltr'><strong>ἀθανασίας</strong></span> <span class='ocrx_word' id='word_1_121' title='bbox 2799 1029 3034 1101; x_wconf 82' lang='grc' dir='ltr'><strong>πλήρης.</strong></span> <span class='ocrx_word' id='word_1_122' title='bbox 3076 1045 3093 1078; x_wconf 75' lang='grc' dir='ltr'><strong>ι</strong></span> <span class='ocrx_word' id='word_1_123' title='bbox 3128 1020 3263 1078; x_wconf 78' lang='grc' dir='ltr'>Εἶτά</span> <span class='ocrx_word' id='word_1_124' title='bbox 3293 1039 3458 1094; x_wconf 84' lang='grc' dir='ltr'>φησιν</span> <span class='ocrx_word' id='word_1_125' title='bbox 3482 1023 3510 1074; x_wconf 97' lang='lat'><strong>6</strong></span> <span class='ocrx_word' id='word_1_126' title='bbox 3540 1020 3704 1089; x_wconf 81' lang='grc' dir='ltr'>σοφὸς</span> <span class='ocrx_word' id='word_1_127' title='bbox 3739 1020 3862 1073; x_wconf 83' lang='grc' dir='ltr'><strong>Ἐκ-</strong></span> 
     </span>
    </p>
   </div>
   <div class='ocr_carea' id='block_1_18' title="bbox 2285 1123 2655 1194">
    <p class='ocr_par' dir='ltr' id='par_1_18' title="bbox 2285 1123 2655 1194">
     <span class='ocr_line' id='line_1_18' title="bbox 2285 1123 2655 1194; baseline -0.005 -18"><span class='ocrx_word' id='word_1_128' title='bbox 2285 1123 2620 1194; x_wconf 86' lang='grc' dir='ltr'>κλησιαστής</span> <span class='ocrx_word' id='word_1_129' title='bbox 2640 1140 2655 1153; x_wconf 88' lang='grc'><strong>·</strong></span> 
     </span>
    </p>
   </div>
   <div class='ocr_carea' id='block_1_19' title="bbox 2090 1234 2350 1311">
    <p class='ocr_par' dir='ltr' id='par_1_19' title="bbox 2090 1234 2350 1311">
     <span class='ocr_line' id='line_1_19' title="bbox 2090 1234 2350 1311; baseline -0.008 -19"><span class='ocrx_word' id='word_1_130' title='bbox 2090 1239 2118 1311; x_wconf 67' lang='lat'><strong>5</strong></span> <span class='ocrx_word' id='word_1_131' title='bbox 2160 1234 2350 1291; x_wconf 80' lang='lat' dir='ltr'><strong>xxut.</strong></span> 
     </span>
    </p>
   </div>
   <div class='ocr_carea' id='block_1_20' title="bbox 658 1333 2187 1408">
    <p class='ocr_par' dir='ltr' id='par_1_20' title="bbox 658 1333 2187 1408">
     <span class='ocr_line' id='line_1_20' title="bbox 658 1333 2187 1408; baseline -0.01 -10"><span class='ocrx_word' id='word_1_132' title='bbox 658 1343 838 1398; x_wconf 76' lang='lat' dir='ltr'><strong>Vitas.</strong></span> <span class='ocrx_word' id='word_1_133' title='bbox 873 1342 964 1395; x_wconf 65' lang='lat'><strong>9|.</strong></span> <span class='ocrx_word' id='word_1_134' title='bbox 1011 1339 1077 1393; x_wconf 82' lang='lat' dir='ltr'><strong>Et</strong></span> <span class='ocrx_word' id='word_1_135' title='bbox 1129 1340 1248 1408; x_wconf 79' lang='lat' dir='ltr'><strong>quis</strong></span> <span class='ocrx_word' id='word_1_136' title='bbox 1284 1339 1426 1392; x_wconf 81' lang='lat' dir='ltr'><strong>novit</strong></span> <span class='ocrx_word' id='word_1_137' title='bbox 1464 1337 1685 1405; x_wconf 76' lang='lat' dir='ltr'><strong>spiritus</strong></span> <span class='ocrx_word' id='word_1_138' title='bbox 1731 1333 1968 1403; x_wconf 79' lang='lat' dir='ltr'><strong>ﬁliorum</strong></span> <span class='ocrx_word' id='word_1_139' title='bbox 2008 1333 2187 1384; x_wconf 79' lang='lat' dir='ltr'><strong>Itami-</strong></span> 
     </span>
    </p>
   </div>
   <div class='ocr_carea' id='block_1_21' title="bbox 602 1425 2188 1496">
    <p class='ocr_par' dir='ltr' id='par_1_21' title="bbox 602 1425 2188 1496">
     <span class='ocr_line' id='line_1_21' title="bbox 602 1425 2188 1496; baseline -0.008 -6"><span class='ocrx_word' id='word_1_140' title='bbox 602 1437 687 1490; x_wconf 81' lang='lat' dir='ltr'><strong>m&#39;s</strong></span> <span class='ocrx_word' id='word_1_141' title='bbox 730 1436 773 1487; x_wconf 76' lang='lat' dir='ltr'><strong>si</strong></span> <span class='ocrx_word' id='word_1_142' title='bbox 815 1429 1062 1486; x_wconf 78' lang='lat' dir='ltr'><strong>ascendat</strong></span> <span class='ocrx_word' id='word_1_143' title='bbox 1112 1431 1222 1495; x_wconf 82' lang='lat' dir='ltr'><strong>ipse</strong></span> <span class='ocrx_word' id='word_1_144' title='bbox 1266 1430 1522 1482; x_wconf 79' lang='lat' dir='ltr'><strong>sursum?</strong></span> <span class='ocrx_word' id='word_1_145' title='bbox 1556 1438 1604 1481; x_wconf 86' lang='lat' dir='ltr'><strong>et</strong></span> <span class='ocrx_word' id='word_1_146' title='bbox 1634 1428 1856 1492; x_wconf 80' lang='lat' dir='ltr'><strong>spiritus</strong></span> <span class='ocrx_word' id='word_1_147' title='bbox 1886 1426 2104 1496; x_wconf 79' lang='lat' dir='ltr'><strong>pecudis</strong></span> <span class='ocrx_word' id='word_1_148' title='bbox 2141 1425 2188 1477; x_wconf 78' lang='lat' dir='ltr'><strong>si</strong></span> 
     </span>
    </p>
   </div>
   <div class='ocr_carea' id='block_1_22' title="bbox 604 1519 1785 1593">
    <p class='ocr_par' dir='ltr' id='par_1_22' title="bbox 604 1519 1785 1593">
     <span class='ocr_line' id='line_1_22' title="bbox 604 1519 1785 1593; baseline -0.008 -11"><span class='ocrx_word' id='word_1_149' title='bbox 604 1527 886 1582; x_wconf 74' lang='lat' dir='ltr'><strong>descendat</strong></span> <span class='ocrx_word' id='word_1_150' title='bbox 912 1526 1021 1593; x_wconf 78' lang='lat' dir='ltr'><strong>ipse</strong></span> <span class='ocrx_word' id='word_1_151' title='bbox 1050 1524 1294 1576; x_wconf 82' lang='lat' dir='ltr'><strong>deorsum</strong></span> <span class='ocrx_word' id='word_1_152' title='bbox 1322 1524 1376 1574; x_wconf 87' lang='lat' dir='ltr'><strong>in</strong></span> <span class='ocrx_word' id='word_1_153' title='bbox 1402 1533 1596 1574; x_wconf 76' lang='lat' dir='ltr'><strong>terram</strong></span> <span class='ocrx_word' id='word_1_154' title='bbox 1631 1519 1785 1590; x_wconf 69' lang='lat'><strong>(54)?</strong></span> 
     </span>
    </p>
   </div>
   <div class='ocr_carea' id='block_1_23' title="bbox 678 1611 2190 1687">
    <p class='ocr_par' dir='ltr' id='par_1_23' title="bbox 678 1611 2190 1687">
     <span class='ocr_line' id='line_1_23' title="bbox 678 1611 2190 1687; baseline -0.007 -14"><span class='ocrx_word' id='word_1_155' title='bbox 678 1620 893 1675; x_wconf 81' lang='lat' dir='ltr'><strong>Diserte</strong></span> <span class='ocrx_word' id='word_1_156' title='bbox 927 1616 1185 1687; x_wconf 73' lang='lat' dir='ltr'><strong>praefatus</strong></span> <span class='ocrx_word' id='word_1_157' title='bbox 1214 1633 1228 1668; x_wconf 87' lang='lat'><strong>:</strong></span> <span class='ocrx_word' id='word_1_158' title='bbox 1267 1632 1285 1664; x_wconf 76' lang='grc' dir='ltr'>ι</span> <span class='ocrx_word' id='word_1_159' title='bbox 1319 1611 1517 1668; x_wconf 87' lang='lat' dir='ltr'><strong>Omnia</strong></span> <span class='ocrx_word' id='word_1_160' title='bbox 1559 1627 1731 1666; x_wconf 92' lang='lat' dir='ltr'><strong>unum</strong></span> <span class='ocrx_word' id='word_1_161' title='bbox 1767 1611 1833 1666; x_wconf 89' lang='lat' dir='ltr'><strong>ad</strong></span> <span class='ocrx_word' id='word_1_162' title='bbox 1860 1611 2040 1665; x_wconf 89' lang='lat' dir='ltr'><strong>locum</strong></span> <span class='ocrx_word' id='word_1_163' title='bbox 2067 1626 2190 1679; x_wconf 83' lang='lat' dir='ltr'><strong>per-</strong></span> 
     </span>
    </p>
   </div>
   <div class='ocr_carea' id='block_1_24' title="bbox 2358 1318 3865 1394">
    <p class='ocr_par' dir='ltr' id='par_1_24' title="bbox 2358 1318 3865 1394">
     <span class='ocr_line' id='line_1_24' title="bbox 2358 1318 3865 1394; baseline -0.009 -12"><span class='ocrx_word' id='word_1_164' title='bbox 2358 1327 2465 1382; x_wconf 78' lang='grc' dir='ltr'><strong>Καὶ</strong></span> <span class='ocrx_word' id='word_1_165' title='bbox 2518 1328 2610 1391; x_wconf 78' lang='grc' dir='ltr'><strong>τίς</strong></span> <span class='ocrx_word' id='word_1_166' title='bbox 2657 1323 2782 1381; x_wconf 81' lang='grc' dir='ltr'><strong>οἶδε</strong></span> <span class='ocrx_word' id='word_1_167' title='bbox 2821 1325 3057 1394; x_wconf 82' lang='grc' dir='ltr'>πνεῦμα</span> <span class='ocrx_word' id='word_1_168' title='bbox 3100 1321 3249 1377; x_wconf 78' lang='grc' dir='ltr'><strong>υἱῶν</strong></span> <span class='ocrx_word' id='word_1_169' title='bbox 3297 1321 3403 1374; x_wconf 82' lang='grc' dir='ltr'><strong>τοῦ</strong></span> <span class='ocrx_word' id='word_1_170' title='bbox 3440 1318 3776 1387; x_wconf 81' lang='grc' dir='ltr'>ἀνθρώπου,</span> <span class='ocrx_word' id='word_1_171' title='bbox 3811 1318 3865 1370; x_wconf 81' lang='grc' dir='ltr'><strong>εί</strong></span> 
     </span>
    </p>
   </div>
   <div class='ocr_carea' id='block_1_25' title="bbox 2287 1406 3868 1479">
    <p class='ocr_par' dir='ltr' id='par_1_25' title="bbox 2287 1406 3868 1479">
     <span class='ocr_line' id='line_1_25' title="bbox 2287 1406 3868 1479; baseline -0.008 -8"><span class='ocrx_word' id='word_1_172' title='bbox 2287 1418 2598 1473; x_wconf 76' lang='grc' dir='ltr'>ἀναϐαίνει</span> <span class='ocrx_word' id='word_1_173' title='bbox 2651 1416 2794 1470; x_wconf 82' lang='grc' dir='ltr'>αὐτὸ</span> <span class='ocrx_word' id='word_1_174' title='bbox 2846 1417 2933 1479; x_wconf 77' lang='grc' dir='ltr'><strong>εἰς</strong></span> <span class='ocrx_word' id='word_1_175' title='bbox 2983 1414 3149 1476; x_wconf 48' lang='lat' dir='ltr'><strong>diem;</strong></span> <span class='ocrx_word' id='word_1_176' title='bbox 3200 1411 3298 1464; x_wconf 74' lang='grc' dir='ltr'>καὶ</span> <span class='ocrx_word' id='word_1_177' title='bbox 3350 1411 3417 1462; x_wconf 80' lang='grc' dir='ltr'>τὸ</span> <span class='ocrx_word' id='word_1_178' title='bbox 3482 1408 3718 1475; x_wconf 74' lang='grc' dir='ltr'>πνεῦμα</span> <span class='ocrx_word' id='word_1_179' title='bbox 3760 1406 3868 1459; x_wconf 80' lang='grc' dir='ltr'><strong>τοῦ</strong></span> 
     </span>
    </p>
   </div>
   <div class='ocr_carea' id='block_1_26' title="bbox 2285 1497 3865 1576">
    <p class='ocr_par' dir='ltr' id='par_1_26' title="bbox 2285 1497 3865 1576">
     <span class='ocr_line' id='line_1_26' title="bbox 2285 1497 3865 1576; baseline -0.008 -12"><span class='ocrx_word' id='word_1_180' title='bbox 2285 1510 2568 1576; x_wconf 79' lang='grc' dir='ltr'><strong>κτήνους,</strong></span> <span class='ocrx_word' id='word_1_181' title='bbox 2603 1513 2654 1563; x_wconf 83' lang='grc' dir='ltr'>ει</span> <span class='ocrx_word' id='word_1_182' title='bbox 2692 1507 3032 1562; x_wconf 80' lang='grc' dir='ltr'>καταϐαίνει</span> <span class='ocrx_word' id='word_1_183' title='bbox 3067 1504 3214 1559; x_wconf 84' lang='grc' dir='ltr'>αὐτὸ</span> <span class='ocrx_word' id='word_1_184' title='bbox 3262 1501 3418 1563; x_wconf 81' lang='grc' dir='ltr'>κάτω</span> <span class='ocrx_word' id='word_1_185' title='bbox 3437 1503 3524 1567; x_wconf 76' lang='grc' dir='ltr'><strong>εἰς</strong></span> <span class='ocrx_word' id='word_1_186' title='bbox 3571 1501 3688 1569; x_wconf 75' lang='grc' dir='ltr'>τήν</span> <span class='ocrx_word' id='word_1_187' title='bbox 3716 1497 3865 1568; x_wconf 54' lang='grc' dir='ltr'><strong>γῆιτ</strong></span> 
     </span>
    </p>
   </div>
   <div class='ocr_carea' id='block_1_27' title="bbox 2368 1590 3866 1671">
    <p class='ocr_par' dir='ltr' id='par_1_27' title="bbox 2368 1590 3866 1671">
     <span class='ocr_line' id='line_1_27' title="bbox 2368 1590 3866 1671; baseline -0.009 -16"><span class='ocrx_word' id='word_1_188' title='bbox 2368 1600 2821 1671; x_wconf 83' lang='grc' dir='ltr'>Ἀποφηνάμενος</span> <span class='ocrx_word' id='word_1_189' title='bbox 2846 1598 2940 1650; x_wconf 74' lang='grc' dir='ltr'>καὶ</span> <span class='ocrx_word' id='word_1_190' title='bbox 2976 1594 3167 1659; x_wconf 75' lang='grc' dir='ltr'>εἰπὼν,</span> <span class='ocrx_word' id='word_1_191' title='bbox 3203 1613 3220 1644; x_wconf 79' lang='grc' dir='ltr'>ι</span> <span class='ocrx_word' id='word_1_192' title='bbox 3253 1593 3335 1646; x_wconf 84' lang='grc' dir='ltr'>Τὰ</span> <span class='ocrx_word' id='word_1_193' title='bbox 3369 1593 3548 1647; x_wconf 80' lang='grc' dir='ltr'>πάντα</span> <span class='ocrx_word' id='word_1_194' title='bbox 3577 1590 3866 1659; x_wconf 82' lang='grc' dir='ltr'>πορεύεται</span> 
     </span>
    </p>
   </div>
   <div class='ocr_carea' id='block_1_28' title="bbox 607 1679 2196 1785">
    <p class='ocr_par' dir='ltr' id='par_1_28' title="bbox 607 1703 2182 1785">
     <span class='ocr_line' id='line_1_28' title="bbox 607 1703 2182 1785; baseline -0.009 -18"><span class='ocrx_word' id='word_1_195' title='bbox 607 1729 753 1785; x_wconf 73' lang='lat' dir='ltr'><strong>gere,</strong></span> <span class='ocrx_word' id='word_1_196' title='bbox 810 1721 864 1767; x_wconf 89' lang='lat' dir='ltr'><strong>et</strong></span> <span class='ocrx_word' id='word_1_197' title='bbox 916 1710 1103 1765; x_wconf 84' lang='lat' dir='ltr'><strong>omnia</strong></span> <span class='ocrx_word' id='word_1_198' title='bbox 1154 1724 1221 1762; x_wconf 81' lang='lat' dir='ltr'><strong>ex</strong></span> <span class='ocrx_word' id='word_1_199' title='bbox 1280 1707 1504 1777; x_wconf 82' lang='lat' dir='ltr'><strong>pulvere</strong></span> <span class='ocrx_word' id='word_1_200' title='bbox 1550 1706 1847 1768; x_wconf 83' lang='lat' dir='ltr'><strong>exstitisse,</strong></span> <span class='ocrx_word' id='word_1_201' title='bbox 1909 1711 2075 1773; x_wconf 89' lang='lat' dir='ltr'><strong>atque</strong></span> <span class='ocrx_word' id='word_1_202' title='bbox 2130 1703 2182 1754; x_wconf 91' lang='lat' dir='ltr'><strong>iu</strong></span> 
     </span>
    </p>
   </div>
   <div class='ocr_carea' id='block_1_29' title="bbox 2297 1679 3864 1785">
    <p class='ocr_par' dir='ltr' id='par_1_29' title="bbox 2297 1679 3864 1762">
     <span class='ocr_line' id='line_1_29' title="bbox 2297 1679 3864 1762; baseline -0.008 -18"><span class='ocrx_word' id='word_1_203' title='bbox 2297 1690 2426 1762; x_wconf 75' lang='grc' dir='ltr'>πρὸς</span> <span class='ocrx_word' id='word_1_204' title='bbox 2459 1690 2621 1743; x_wconf 84' lang='grc' dir='ltr'><strong>τόπον</strong></span> <span class='ocrx_word' id='word_1_205' title='bbox 2650 1689 2766 1753; x_wconf 67' lang='grc' dir='ltr'>ἕνα,</span> <span class='ocrx_word' id='word_1_206' title='bbox 2803 1688 2897 1738; x_wconf 79' lang='grc' dir='ltr'>καὶ</span> <span class='ocrx_word' id='word_1_207' title='bbox 2926 1686 2991 1738; x_wconf 82' lang='grc' dir='ltr'>τὰ</span> <span class='ocrx_word' id='word_1_208' title='bbox 3019 1685 3190 1736; x_wconf 83' lang='grc' dir='ltr'>πάντα</span> <span class='ocrx_word' id='word_1_209' title='bbox 3225 1682 3441 1751; x_wconf 79' lang='grc' dir='ltr'>ἐγένετο</span> <span class='ocrx_word' id='word_1_210' title='bbox 3470 1680 3575 1733; x_wconf 76' lang='grc' dir='ltr'><strong>ἀπὸ</strong></span> <span class='ocrx_word' id='word_1_211' title='bbox 3600 1679 3695 1733; x_wconf 82' lang='grc' dir='ltr'>τοῦ</span> <span class='ocrx_word' id='word_1_212' title='bbox 3723 1680 3864 1749; x_wconf 78' lang='grc' dir='ltr'>χοὸς,</span> 
     </span>
    </p>
   </div>
   <div class='ocr_carea' id='block_1_30' title="bbox 608 1794 2187 1875">
    <p class='ocr_par' dir='ltr' id='par_1_30' title="bbox 608 1794 2187 1875">
     <span class='ocr_line' id='line_1_30' title="bbox 608 1794 2187 1875; baseline -0.009 -15"><span class='ocrx_word' id='word_1_213' title='bbox 608 1807 886 1875; x_wconf 84' lang='lat' dir='ltr'><strong>pulverem</strong></span> <span class='ocrx_word' id='word_1_214' title='bbox 941 1803 1128 1858; x_wconf 84' lang='lat' dir='ltr'><strong>omnia</strong></span> <span class='ocrx_word' id='word_1_215' title='bbox 1190 1802 1469 1866; x_wconf 87' lang='lat' dir='ltr'><strong>converti;</strong></span> <span class='ocrx_word' id='word_1_216' title='bbox 1520 1819 1539 1851; x_wconf 73' lang='grc' dir='ltr'>ι</span> <span class='ocrx_word' id='word_1_217' title='bbox 1593 1800 1706 1869; x_wconf 83' lang='lat' dir='ltr'><strong>jam</strong></span> <span class='ocrx_word' id='word_1_218' title='bbox 1762 1794 2187 1851; x_wconf 87' lang='lat' dir='ltr'><strong>contradictioni</strong></span> 
     </span>
    </p>
   </div>
   <div class='ocr_carea' id='block_1_31' title="bbox 610 1884 2187 1964">
    <p class='ocr_par' dir='ltr' id='par_1_31' title="bbox 610 1884 2187 1964">
     <span class='ocr_line' id='line_1_31' title="bbox 610 1884 2187 1964; baseline -0.009 -12"><span class='ocrx_word' id='word_1_219' title='bbox 610 1911 905 1953; x_wconf 88' lang='lat' dir='ltr'><strong>occurrere</strong></span> <span class='ocrx_word' id='word_1_220' title='bbox 944 1895 1081 1957; x_wconf 89' lang='lat' dir='ltr'><strong>vult,</strong></span> <span class='ocrx_word' id='word_1_221' title='bbox 1128 1911 1292 1964; x_wconf 90' lang='lat' dir='ltr'><strong>quam</strong></span> <span class='ocrx_word' id='word_1_222' title='bbox 1326 1894 1393 1947; x_wconf 84' lang='lat' dir='ltr'><strong>ad</strong></span> <span class='ocrx_word' id='word_1_223' title='bbox 1430 1890 1730 1947; x_wconf 81' lang='lat' dir='ltr'><strong>sententias</strong></span> <span class='ocrx_word' id='word_1_224' title='bbox 1772 1888 1948 1959; x_wconf 88' lang='lat' dir='ltr'><strong>ipsius</strong></span> <span class='ocrx_word' id='word_1_225' title='bbox 1976 1884 2187 1941; x_wconf 79' lang='lat' dir='ltr'><strong>labefa-</strong></span> 
     </span>
    </p>
   </div>
   <div class='ocr_carea' id='block_1_32' title="bbox 611 1980 2187 2056">
    <p class='ocr_par' dir='ltr' id='par_1_32' title="bbox 611 1980 2187 2056">
     <span class='ocr_line' id='line_1_32' title="bbox 611 1980 2187 2056; baseline -0.008 -13"><span class='ocrx_word' id='word_1_226' title='bbox 611 1990 842 2043; x_wconf 89' lang='lat' dir='ltr'><strong>ctamlas</strong></span> <span class='ocrx_word' id='word_1_227' title='bbox 879 1986 1120 2041; x_wconf 81' lang='lat' dir='ltr'><strong>suboriri</strong></span> <span class='ocrx_word' id='word_1_228' title='bbox 1152 1987 1433 2056; x_wconf 64' lang='lat' dir='ltr'><strong>praevidet,</strong></span> <span class='ocrx_word' id='word_1_229' title='bbox 1468 1993 1633 2052; x_wconf 87' lang='lat' dir='ltr'><strong>atque</strong></span> <span class='ocrx_word' id='word_1_230' title='bbox 1682 1982 1826 2036; x_wconf 91' lang='lat' dir='ltr'><strong>hunc</strong></span> <span class='ocrx_word' id='word_1_231' title='bbox 1869 1981 1921 2034; x_wconf 89' lang='lat' dir='ltr'><strong>in</strong></span> <span class='ocrx_word' id='word_1_232' title='bbox 1965 1980 2187 2033; x_wconf 89' lang='lat' dir='ltr'><strong>modum</strong></span> 
     </span>
    </p>
   </div>
   <div class='ocr_carea' id='block_1_33' title="bbox 611 2072 2189 2149">
    <p class='ocr_par' dir='ltr' id='par_1_33' title="bbox 611 2072 2189 2149">
     <span class='ocr_line' id='line_1_33' title="bbox 611 2072 2189 2149; baseline -0.006 -17"><span class='ocrx_word' id='word_1_233' title='bbox 611 2078 848 2149; x_wconf 78' lang='lat' dir='ltr'><strong>proferri</strong></span> <span class='ocrx_word' id='word_1_234' title='bbox 880 2097 893 2131; x_wconf 88' lang='lat'><strong>:</strong></span> <span class='ocrx_word' id='word_1_235' title='bbox 920 2093 1161 2148; x_wconf 86' lang='lat' dir='ltr'><strong>quonam</strong></span> <span class='ocrx_word' id='word_1_236' title='bbox 1213 2092 1379 2132; x_wconf 85' lang='lat' dir='ltr'><strong>sensu</strong></span> <span class='ocrx_word' id='word_1_237' title='bbox 1420 2076 1603 2130; x_wconf 89' lang='lat' dir='ltr'><strong>omnia</strong></span> <span class='ocrx_word' id='word_1_238' title='bbox 1637 2089 1703 2127; x_wconf 80' lang='lat' dir='ltr'><strong>ex</strong></span> <span class='ocrx_word' id='word_1_239' title='bbox 1743 2072 1969 2142; x_wconf 88' lang='lat' dir='ltr'><strong>pulvere</strong></span> <span class='ocrx_word' id='word_1_240' title='bbox 2017 2072 2189 2127; x_wconf 78' lang='lat' dir='ltr'><strong>exsti-</strong></span> 
     </span>
    </p>
   </div>
   <div class='ocr_carea' id='block_1_34' title="bbox 612 2163 2193 2235">
    <p class='ocr_par' dir='ltr' id='par_1_34' title="bbox 612 2163 2193 2235">
     <span class='ocr_line' id='line_1_34' title="bbox 612 2163 2193 2235; baseline -0.004 -12"><span class='ocrx_word' id='word_1_241' title='bbox 612 2169 747 2223; x_wconf 86' lang='lat' dir='ltr'><strong>tisse</strong></span> <span class='ocrx_word' id='word_1_242' title='bbox 778 2167 1004 2222; x_wconf 76' lang='lat' dir='ltr'><strong>dixisti?</strong></span> <span class='ocrx_word' id='word_1_243' title='bbox 1045 2182 1189 2221; x_wconf 91' lang='lat' dir='ltr'><strong>anne</strong></span> <span class='ocrx_word' id='word_1_244' title='bbox 1235 2166 1379 2221; x_wconf 90' lang='lat' dir='ltr'><strong>euim</strong></span> <span class='ocrx_word' id='word_1_245' title='bbox 1431 2174 1491 2220; x_wconf 85' lang='lat' dir='ltr'><strong>ut</strong></span> <span class='ocrx_word' id='word_1_246' title='bbox 1526 2164 1931 2235; x_wconf 85' lang='lat' dir='ltr'><strong>quadrupedes,</strong></span> <span class='ocrx_word' id='word_1_247' title='bbox 1985 2172 2046 2217; x_wconf 87' lang='lat' dir='ltr'><strong>ut</strong></span> <span class='ocrx_word' id='word_1_248' title='bbox 2079 2163 2193 2218; x_wconf 88' lang='lat' dir='ltr'><strong>bel-</strong></span> 
     </span>
    </p>
   </div>
   <div class='ocr_carea' id='block_1_35' title="bbox 612 2254 2191 2328">
    <p class='ocr_par' dir='ltr' id='par_1_35' title="bbox 612 2254 2191 2328">
     <span class='ocr_line' id='line_1_35' title="bbox 612 2254 2191 2328; baseline -0.003 -16"><span class='ocrx_word' id='word_1_249' title='bbox 612 2257 757 2318; x_wconf 92' lang='lat' dir='ltr'><strong>luas.</strong></span> <span class='ocrx_word' id='word_1_250' title='bbox 794 2268 855 2313; x_wconf 91' lang='lat' dir='ltr'><strong>ut</strong></span> <span class='ocrx_word' id='word_1_251' title='bbox 884 2266 1140 2328; x_wconf 87' lang='lat' dir='ltr'><strong>repentes</strong></span> <span class='ocrx_word' id='word_1_252' title='bbox 1180 2258 1513 2321; x_wconf 88' lang='lat' dir='ltr'><strong>animantes,</strong></span> <span class='ocrx_word' id='word_1_253' title='bbox 1541 2257 1634 2328; x_wconf 86' lang='lat' dir='ltr'><strong>qui</strong></span> <span class='ocrx_word' id='word_1_254' title='bbox 1660 2257 1728 2311; x_wconf 92' lang='lat' dir='ltr'><strong>de</strong></span> <span class='ocrx_word' id='word_1_255' title='bbox 1754 2265 1897 2311; x_wconf 89' lang='lat' dir='ltr'><strong>terra</strong></span> <span class='ocrx_word' id='word_1_256' title='bbox 1920 2254 2191 2324; x_wconf 85' lang='lat' dir='ltr'><strong>procreati</strong></span> 
     </span>
    </p>
   </div>
   <div class='ocr_carea' id='block_1_36' title="bbox 614 2345 2193 2420">
    <p class='ocr_par' dir='ltr' id='par_1_36' title="bbox 614 2345 2193 2420">
     <span class='ocr_line' id='line_1_36' title="bbox 614 2345 2193 2420; baseline -0.003 -17"><span class='ocrx_word' id='word_1_257' title='bbox 614 2357 779 2413; x_wconf 84' lang='lat' dir='ltr'><strong>sunt,</strong></span> <span class='ocrx_word' id='word_1_258' title='bbox 832 2350 1296 2419; x_wconf 86' lang='lat' dir='ltr'><strong>quemadmodum</strong></span> <span class='ocrx_word' id='word_1_259' title='bbox 1355 2365 1387 2404; x_wconf 87' lang='lat' dir='ltr'><strong>a</strong></span> <span class='ocrx_word' id='word_1_260' title='bbox 1437 2349 1623 2420; x_wconf 84' lang='lat' dir='ltr'><strong>Moyse</strong></span> <span class='ocrx_word' id='word_1_261' title='bbox 1678 2348 2037 2417; x_wconf 88' lang='lat' dir='ltr'><strong>accepimus:</strong></span> <span class='ocrx_word' id='word_1_262' title='bbox 2074 2365 2093 2399; x_wconf 80' lang='grc' dir='ltr'>ι</span> <span class='ocrx_word' id='word_1_263' title='bbox 2127 2345 2193 2399; x_wconf 87' lang='grc' dir='ltr'>Ει</span> 
     </span>
    </p>
   </div>
   <div class='ocr_carea' id='block_1_37' title="bbox 613 2438 2189 2497">
    <p class='ocr_par' dir='ltr' id='par_1_37' title="bbox 613 2438 2189 2497">
     <span class='ocr_line' id='line_1_37' title="bbox 613 2438 2189 2497; baseline -0.002 -2"><span class='ocrx_word' id='word_1_264' title='bbox 613 2441 753 2496; x_wconf 82' lang='lat' dir='ltr'><strong>dixit</strong></span> <span class='ocrx_word' id='word_1_265' title='bbox 804 2441 1284 2497; x_wconf 76' lang='lat' dir='ltr'><strong>Deuszproducat</strong></span> <span class='ocrx_word' id='word_1_266' title='bbox 1329 2450 1476 2497; x_wconf 88' lang='lat' dir='ltr'><strong>terra</strong></span> <span class='ocrx_word' id='word_1_267' title='bbox 1529 2442 1770 2496; x_wconf 90' lang='lat' dir='ltr'><strong>animam</strong></span> <span class='ocrx_word' id='word_1_268' title='bbox 1814 2441 2089 2495; x_wconf 86' lang='lat' dir='ltr'><strong>viventem</strong></span> <span class='ocrx_word' id='word_1_269' title='bbox 2137 2438 2189 2492; x_wconf 92' lang='lat' dir='ltr'><strong>in</strong></span> 
     </span>
    </p>
   </div>
   <div class='ocr_carea' id='block_1_38' title="bbox 615 2534 2194 2606">
    <p class='ocr_par' dir='ltr' id='par_1_38' title="bbox 615 2534 2194 2606">
     <span class='ocr_line' id='line_1_38' title="bbox 615 2534 2194 2606; baseline 0.001 -19"><span class='ocrx_word' id='word_1_270' title='bbox 615 2549 814 2604; x_wconf 73' lang='lat' dir='ltr'><strong>genere</strong></span> <span class='ocrx_word' id='word_1_271' title='bbox 837 2550 957 2599; x_wconf 89' lang='lat' dir='ltr'><strong>suo,</strong></span> <span class='ocrx_word' id='word_1_272' title='bbox 975 2536 1359 2606; x_wconf 87' lang='lat' dir='ltr'><strong>quadrupedes</strong></span> <span class='ocrx_word' id='word_1_273' title='bbox 1389 2544 1442 2590; x_wconf 88' lang='lat' dir='ltr'><strong>et</strong></span> <span class='ocrx_word' id='word_1_274' title='bbox 1459 2536 1696 2606; x_wconf 87' lang='lat' dir='ltr'><strong>reptilia,</strong></span> <span class='ocrx_word' id='word_1_275' title='bbox 1720 2544 1775 2590; x_wconf 88' lang='lat' dir='ltr'><strong>et</strong></span> <span class='ocrx_word' id='word_1_276' title='bbox 1795 2534 2001 2591; x_wconf 87' lang='lat' dir='ltr'><strong>bestias</strong></span> <span class='ocrx_word' id='word_1_277' title='bbox 2025 2541 2194 2589; x_wconf 65' lang='lat' dir='ltr'><strong>terra:</strong></span> 
     </span>
    </p>
   </div>
   <div class='ocr_carea' id='block_1_39' title="bbox 616 2626 2196 2697">
    <p class='ocr_par' dir='ltr' id='par_1_39' title="bbox 616 2626 2196 2697">
     <span class='ocr_line' id='line_1_39' title="bbox 616 2626 2196 2697; baseline 0.001 -18"><span class='ocrx_word' id='word_1_278' title='bbox 616 2626 919 2680; x_wconf 89' lang='lat' dir='ltr'><strong>secundum</strong></span> <span class='ocrx_word' id='word_1_279' title='bbox 978 2628 1189 2696; x_wconf 89' lang='lat' dir='ltr'><strong>species</strong></span> <span class='ocrx_word' id='word_1_280' title='bbox 1244 2643 1407 2693; x_wconf 89' lang='lat' dir='ltr'><strong>suas,</strong></span> <span class='ocrx_word' id='word_1_281' title='bbox 1472 2636 1527 2685; x_wconf 91' lang='lat' dir='ltr'><strong>et</strong></span> <span class='ocrx_word' id='word_1_282' title='bbox 1574 2627 1818 2697; x_wconf 85' lang='lat' dir='ltr'><strong>jumenta</strong></span> <span class='ocrx_word' id='word_1_283' title='bbox 1876 2627 1930 2681; x_wconf 92' lang='lat' dir='ltr'><strong>iu</strong></span> <span class='ocrx_word' id='word_1_284' title='bbox 1998 2641 2196 2697; x_wconf 82' lang='lat' dir='ltr'><strong>genere</strong></span> 
     </span>
    </p>
   </div>
   <div class='ocr_carea' id='block_1_40' title="bbox 615 2716 2193 2787">
    <p class='ocr_par' dir='ltr' id='par_1_40' title="bbox 615 2716 2193 2787">
     <span class='ocr_line' id='line_1_40' title="bbox 615 2716 2193 2787; baseline 0.001 -18"><span class='ocrx_word' id='word_1_285' title='bbox 615 2730 717 2769; x_wconf 86' lang='lat' dir='ltr'><strong>suo</strong></span> <span class='ocrx_word' id='word_1_286' title='bbox 743 2716 889 2786; x_wconf 80' lang='lat'><strong>(55);</strong></span> <span class='ocrx_word' id='word_1_287' title='bbox 923 2736 942 2767; x_wconf 82' lang='grc'><strong>›</strong></span> <span class='ocrx_word' id='word_1_288' title='bbox 984 2718 1056 2771; x_wconf 79' lang='lat' dir='ltr'><strong>ita</strong></span> <span class='ocrx_word' id='word_1_289' title='bbox 1099 2719 1338 2772; x_wconf 90' lang='lat' dir='ltr'><strong>animam</strong></span> <span class='ocrx_word' id='word_1_290' title='bbox 1373 2718 1612 2773; x_wconf 82' lang='lat' dir='ltr'><strong>hominis</strong></span> <span class='ocrx_word' id='word_1_291' title='bbox 1639 2726 1838 2771; x_wconf 86' lang='lat' dir='ltr'><strong>eterra</strong></span> <span class='ocrx_word' id='word_1_292' title='bbox 1872 2726 2193 2787; x_wconf 81' lang='lat' dir='ltr'><strong>prognatam</strong></span> 
     </span>
    </p>
   </div>
   <div class='ocr_carea' id='block_1_41' title="bbox 616 2809 2194 2881">
    <p class='ocr_par' dir='ltr' id='par_1_41' title="bbox 616 2809 2194 2881">
     <span class='ocr_line' id='line_1_41' title="bbox 616 2809 2194 2881; baseline 0.003 -18"><span class='ocrx_word' id='word_1_293' title='bbox 616 2809 931 2874; x_wconf 86' lang='lat' dir='ltr'><strong>arbitraris,</strong></span> <span class='ocrx_word' id='word_1_294' title='bbox 972 2822 1030 2865; x_wconf 93' lang='lat' dir='ltr'><strong>ut</strong></span> <span class='ocrx_word' id='word_1_295' title='bbox 1062 2812 1287 2881; x_wconf 84' lang='lat' dir='ltr'><strong>perinde</strong></span> <span class='ocrx_word' id='word_1_296' title='bbox 1328 2828 1392 2865; x_wconf 89' lang='lat' dir='ltr'><strong>ac</strong></span> <span class='ocrx_word' id='word_1_297' title='bbox 1419 2812 1666 2880; x_wconf 90' lang='lat' dir='ltr'><strong>jumenta</strong></span> <span class='ocrx_word' id='word_1_298' title='bbox 1705 2812 1757 2864; x_wconf 92' lang='lat' dir='ltr'><strong>in</strong></span> <span class='ocrx_word' id='word_1_299' title='bbox 1805 2820 2005 2866; x_wconf 89' lang='lat' dir='ltr'><strong>terram</strong></span> <span class='ocrx_word' id='word_1_300' title='bbox 2036 2811 2194 2867; x_wconf 86' lang='lat' dir='ltr'><strong>deni—</strong></span> 
     </span>
    </p>
   </div>
   <div class='ocr_carea' id='block_1_42' title="bbox 618 2902 2193 2974">
    <p class='ocr_par' dir='ltr' id='par_1_42' title="bbox 618 2902 2193 2974">
     <span class='ocr_line' id='line_1_42' title="bbox 618 2902 2193 2974; baseline 0.003 -21"><span class='ocrx_word' id='word_1_301' title='bbox 618 2915 725 2969; x_wconf 87' lang='lat' dir='ltr'><strong>que</strong></span> <span class='ocrx_word' id='word_1_302' title='bbox 778 2902 1099 2972; x_wconf 78' lang='lat' dir='ltr'><strong>redigatur?</strong></span> <span class='ocrx_word' id='word_1_303' title='bbox 1149 2920 1250 2959; x_wconf 88' lang='lat' dir='ltr'><strong>nec</strong></span> <span class='ocrx_word' id='word_1_304' title='bbox 1302 2914 1358 2958; x_wconf 92' lang='lat' dir='ltr'><strong>tu</strong></span> <span class='ocrx_word' id='word_1_305' title='bbox 1408 2902 1625 2973; x_wconf 82' lang='lat' dir='ltr'><strong>Moysen</strong></span> <span class='ocrx_word' id='word_1_306' title='bbox 1685 2903 1884 2957; x_wconf 85' lang='lat' dir='ltr'><strong>audisti</strong></span> <span class='ocrx_word' id='word_1_307' title='bbox 1935 2918 2193 2974; x_wconf 87' lang='lat' dir='ltr'><strong>magnum</strong></span> 
     </span>
    </p>
   </div>
   <div class='ocr_carea' id='block_1_43' title="bbox 616 2994 2196 3066">
    <p class='ocr_par' dir='ltr' id='par_1_43' title="bbox 616 2994 2196 3066">
     <span class='ocr_line' id='line_1_43' title="bbox 616 2994 2196 3066; baseline 0.003 -19"><span class='ocrx_word' id='word_1_308' title='bbox 616 2994 770 3048; x_wconf 87' lang='lat' dir='ltr'><strong>illum</strong></span> <span class='ocrx_word' id='word_1_309' title='bbox 800 2995 1109 3066; x_wconf 84' lang='lat' dir='ltr'><strong>theologum</strong></span> <span class='ocrx_word' id='word_1_310' title='bbox 1143 2996 1413 3052; x_wconf 83' lang='lat' dir='ltr'><strong>dicentem</strong></span> <span class='ocrx_word' id='word_1_311' title='bbox 1447 3014 1460 3050; x_wconf 92' lang='lat'>:</span> <span class='ocrx_word' id='word_1_312' title='bbox 1491 3016 1507 3047; x_wconf 80' lang='grc' dir='ltr'><strong>ι</strong></span> <span class='ocrx_word' id='word_1_313' title='bbox 1542 2995 1825 3050; x_wconf 85' lang='lat' dir='ltr'><strong>Formavit</strong></span> <span class='ocrx_word' id='word_1_314' title='bbox 1852 2996 2020 3063; x_wconf 74' lang='lat' dir='ltr'><strong>igitur</strong></span> <span class='ocrx_word' id='word_1_315' title='bbox 2054 2996 2196 3051; x_wconf 87' lang='lat' dir='ltr'><strong>Deus</strong></span> 
     </span>
    </p>
   </div>
   <div class='ocr_carea' id='block_1_44' title="bbox 2291 1773 3867 1848">
    <p class='ocr_par' dir='ltr' id='par_1_44' title="bbox 2291 1773 3867 1848">
     <span class='ocr_line' id='line_1_44' title="bbox 2291 1773 3867 1848; baseline -0.01 -10"><span class='ocrx_word' id='word_1_316' title='bbox 2291 1784 2385 1838; x_wconf 67' lang='lat' dir='ltr'><strong>xui.</strong></span> <span class='ocrx_word' id='word_1_317' title='bbox 2410 1782 2481 1835; x_wconf 84' lang='grc' dir='ltr'><strong>τά</strong></span> <span class='ocrx_word' id='word_1_318' title='bbox 2512 1782 2688 1836; x_wconf 84' lang='grc' dir='ltr'>πάντα</span> <span class='ocrx_word' id='word_1_319' title='bbox 2716 1777 3037 1848; x_wconf 78' lang='grc' dir='ltr'><strong>ἐπιστρέφει</strong></span> <span class='ocrx_word' id='word_1_320' title='bbox 3068 1774 3206 1846; x_wconf 68' lang='grc' dir='ltr'>πρὸξ</span> <span class='ocrx_word' id='word_1_321' title='bbox 3230 1774 3321 1827; x_wconf 82' lang='grc' dir='ltr'>τὸν</span> <span class='ocrx_word' id='word_1_322' title='bbox 3346 1773 3475 1844; x_wconf 83' lang='grc' dir='ltr'>χοῦν</span> <span class='ocrx_word' id='word_1_323' title='bbox 3496 1790 3508 1803; x_wconf 92' lang='grc'><strong>·</strong></span> <span class='ocrx_word' id='word_1_324' title='bbox 3548 1793 3566 1824; x_wconf 72' lang='grc' dir='ltr'><strong>ι</strong></span> <span class='ocrx_word' id='word_1_325' title='bbox 3603 1773 3867 1843; x_wconf 71' lang='grc' dir='ltr'>ἀντίρρη-</span> 
     </span>
    </p>
   </div>
   <div class='ocr_carea' id='block_1_45' title="bbox 2293 1863 3870 1938">
    <p class='ocr_par' dir='ltr' id='par_1_45' title="bbox 2293 1863 3870 1938">
     <span class='ocr_line' id='line_1_45' title="bbox 2293 1863 3870 1938; baseline -0.008 -11"><span class='ocrx_word' id='word_1_326' title='bbox 2293 1892 2376 1927; x_wconf 90' lang='grc' dir='ltr'><strong>σιν</strong></span> <span class='ocrx_word' id='word_1_327' title='bbox 2401 1872 2821 1927; x_wconf 81' lang='grc' dir='ltr'><strong>ἀνακύπτουσαν</strong></span> <span class='ocrx_word' id='word_1_328' title='bbox 2866 1868 3002 1938; x_wconf 77' lang='grc' dir='ltr'>πρὸς</span> <span class='ocrx_word' id='word_1_329' title='bbox 3048 1866 3356 1935; x_wconf 77' lang='grc' dir='ltr'>ἀνασκευὴν</span> <span class='ocrx_word' id='word_1_330' title='bbox 3400 1865 3508 1918; x_wconf 78' lang='grc' dir='ltr'>τῶν</span> <span class='ocrx_word' id='word_1_331' title='bbox 3545 1863 3870 1931; x_wconf 76' lang='grc' dir='ltr'>ἀποφάσεων</span> 
     </span>
    </p>
   </div>
   <div class='ocr_carea' id='block_1_46' title="bbox 2291 1955 3873 2037">
    <p class='ocr_par' dir='ltr' id='par_1_46' title="bbox 2291 1955 3873 2037">
     <span class='ocr_line' id='line_1_46' title="bbox 2291 1955 3873 2037; baseline -0.009 -17"><span class='ocrx_word' id='word_1_332' title='bbox 2291 1965 2456 2021; x_wconf 81' lang='grc' dir='ltr'>αὑτοῦ</span> <span class='ocrx_word' id='word_1_333' title='bbox 2496 1962 2981 2037; x_wconf 76' lang='grc' dir='ltr'>προῦπειδάμενος,</span> <span class='ocrx_word' id='word_1_334' title='bbox 3015 1957 3266 2028; x_wconf 86' lang='grc' dir='ltr'>βούλεται</span> <span class='ocrx_word' id='word_1_335' title='bbox 3300 1956 3459 2009; x_wconf 91' lang='grc' dir='ltr'>λῦσαι</span> <span class='ocrx_word' id='word_1_336' title='bbox 3492 1956 3591 2026; x_wconf 79' lang='grc' dir='ltr'>τὴν</span> <span class='ocrx_word' id='word_1_337' title='bbox 3632 1955 3873 2023; x_wconf 79' lang='grc' dir='ltr'>φάσκου-</span> 
     </span>
    </p>
   </div>
   <div class='ocr_carea' id='block_1_47' title="bbox 2294 2046 3872 2127">
    <p class='ocr_par' dir='ltr' id='par_1_47' title="bbox 2294 2046 3872 2127">
     <span class='ocr_line' id='line_1_47' title="bbox 2294 2046 3872 2127; baseline -0.009 -14"><span class='ocrx_word' id='word_1_338' title='bbox 2294 2078 2393 2113; x_wconf 89' lang='grc' dir='ltr'><strong>σαν</strong></span> <span class='ocrx_word' id='word_1_339' title='bbox 2422 2076 2435 2090; x_wconf 81' lang='grc'><strong>-</strong></span> <span class='ocrx_word' id='word_1_340' title='bbox 2460 2058 2585 2121; x_wconf 83' lang='grc' dir='ltr'><strong>Πῶς</strong></span> <span class='ocrx_word' id='word_1_341' title='bbox 2613 2058 2770 2127; x_wconf 77' lang='grc' dir='ltr'>ἔφης,</span> <span class='ocrx_word' id='word_1_342' title='bbox 2809 2054 2890 2107; x_wconf 83' lang='grc' dir='ltr'><strong>Τὰ</strong></span> <span class='ocrx_word' id='word_1_343' title='bbox 2920 2054 3099 2106; x_wconf 79' lang='grc' dir='ltr'>πάντα</span> <span class='ocrx_word' id='word_1_344' title='bbox 3151 2051 3366 2118; x_wconf 78' lang='grc' dir='ltr'>ἐγένετο</span> <span class='ocrx_word' id='word_1_345' title='bbox 3416 2048 3523 2101; x_wconf 77' lang='grc' dir='ltr'><strong>ἀπὸ</strong></span> <span class='ocrx_word' id='word_1_346' title='bbox 3570 2046 3664 2100; x_wconf 87' lang='grc' dir='ltr'><strong>τοῦ</strong></span> <span class='ocrx_word' id='word_1_347' title='bbox 3717 2048 3872 2117; x_wconf 83' lang='grc' dir='ltr'><strong>χοός;</strong></span> 
     </span>
    </p>
   </div>
   <div class='ocr_carea' id='block_1_48' title="bbox 2293 2140 3877 2224">
    <p class='ocr_par' dir='ltr' id='par_1_48' title="bbox 2293 2140 3877 2224">
     <span class='ocr_line' id='line_1_48' title="bbox 2293 2140 3877 2224; baseline -0.011 -16"><span class='ocrx_word' id='word_1_348' title='bbox 2293 2148 2404 2224; x_wconf 83' lang='grc' dir='ltr'><strong>ἆρά</strong></span> <span class='ocrx_word' id='word_1_349' title='bbox 2455 2169 2519 2220; x_wconf 87' lang='grc' dir='ltr'>γε</span> <span class='ocrx_word' id='word_1_350' title='bbox 2563 2150 2637 2213; x_wconf 83' lang='grc' dir='ltr'>ὡς</span> <span class='ocrx_word' id='word_1_351' title='bbox 2664 2148 2731 2202; x_wconf 81' lang='grc' dir='ltr'><strong>τὰ</strong></span> <span class='ocrx_word' id='word_1_352' title='bbox 2774 2146 3086 2216; x_wconf 79' lang='grc' dir='ltr'>τετράποδα</span> <span class='ocrx_word' id='word_1_353' title='bbox 3123 2144 3218 2197; x_wconf 59' lang='grc' dir='ltr'><strong>καὶ⁵</strong></span> <span class='ocrx_word' id='word_1_354' title='bbox 3253 2143 3322 2195; x_wconf 85' lang='grc' dir='ltr'>τὰ</span> <span class='ocrx_word' id='word_1_355' title='bbox 3357 2141 3522 2210; x_wconf 79' lang='grc' dir='ltr'>θηρία</span> <span class='ocrx_word' id='word_1_356' title='bbox 3566 2140 3752 2193; x_wconf 76' lang='grc' dir='ltr'>καὶτὰ</span> <span class='ocrx_word' id='word_1_357' title='bbox 3784 2140 3877 2207; x_wconf 83' lang='grc' dir='ltr'><strong>ὲρ-</strong></span> 
     </span>
    </p>
   </div>
   <div class='ocr_carea' id='block_1_49' title="bbox 2294 2230 3874 2313">
    <p class='ocr_par' dir='ltr' id='par_1_49' title="bbox 2294 2230 3874 2313">
     <span class='ocr_line' id='line_1_49' title="bbox 2294 2230 3874 2313; baseline -0.011 -14"><span class='ocrx_word' id='word_1_358' title='bbox 2294 2245 2435 2299; x_wconf 87' lang='grc' dir='ltr'><strong>πετά</strong></span> <span class='ocrx_word' id='word_1_359' title='bbox 2467 2244 2565 2313; x_wconf 85' lang='grc' dir='ltr'>τῆς</span> <span class='ocrx_word' id='word_1_360' title='bbox 2602 2242 2703 2311; x_wconf 82' lang='grc' dir='ltr'>γῆς</span> <span class='ocrx_word' id='word_1_361' title='bbox 2738 2238 3139 2308; x_wconf 79' lang='grc' dir='ltr'>ἀποτεχθῆναι,</span> <span class='ocrx_word' id='word_1_362' title='bbox 3194 2233 3371 2295; x_wconf 83' lang='grc' dir='ltr'>καθώς</span> <span class='ocrx_word' id='word_1_363' title='bbox 3426 2248 3557 2301; x_wconf 88' lang='grc' dir='ltr'>φησι</span> <span class='ocrx_word' id='word_1_364' title='bbox 3602 2230 3874 2298; x_wconf 74' lang='grc' dir='ltr'>Μωῦσῆςο</span> 
     </span>
    </p>
   </div>
   <div class='ocr_carea' id='block_1_50' title="bbox 2302 2323 3879 2397">
    <p class='ocr_par' dir='ltr' id='par_1_50' title="bbox 2302 2323 3879 2397">
     <span class='ocr_line' id='line_1_50' title="bbox 2302 2323 3879 2397; baseline -0.011 -7"><span class='ocrx_word' id='word_1_365' title='bbox 2302 2359 2319 2390; x_wconf 83' lang='grc' dir='ltr'><strong>ι</strong></span> <span class='ocrx_word' id='word_1_366' title='bbox 2358 2339 2469 2392; x_wconf 72' lang='grc' dir='ltr'>Καὶ</span> <span class='ocrx_word' id='word_1_367' title='bbox 2498 2333 2651 2389; x_wconf 77' lang='grc' dir='ltr'>εἶπεν</span> <span class='ocrx_word' id='word_1_368' title='bbox 2681 2337 2709 2387; x_wconf 89' lang='lat'><strong>6</strong></span> <span class='ocrx_word' id='word_1_369' title='bbox 2741 2332 2872 2394; x_wconf 85' lang='grc' dir='ltr'><strong>Θεός</strong></span> <span class='ocrx_word' id='word_1_370' title='bbox 2897 2347 2910 2360; x_wconf 74' lang='grc'><strong><em>³</em></strong></span> <span class='ocrx_word' id='word_1_371' title='bbox 2942 2328 3294 2397; x_wconf 80' lang='grc' dir='ltr'>Ἐξαγαγέτω</span> <span class='ocrx_word' id='word_1_372' title='bbox 3328 2327 3359 2396; x_wconf 89' lang='grc' dir='ltr'><strong>ή</strong></span> <span class='ocrx_word' id='word_1_373' title='bbox 3390 2327 3459 2395; x_wconf 84' lang='grc' dir='ltr'>γῆ</span> <span class='ocrx_word' id='word_1_374' title='bbox 3482 2324 3658 2394; x_wconf 72' lang='grc' dir='ltr'>ψυχὴν</span> <span class='ocrx_word' id='word_1_375' title='bbox 3694 2323 3879 2387; x_wconf 81' lang='grc' dir='ltr'>ζῶσαν</span> 
     </span>
    </p>
   </div>
   <div class='ocr_carea' id='block_1_51' title="bbox 2296 2414 3879 2496">
    <p class='ocr_par' dir='ltr' id='par_1_51' title="bbox 2296 2414 3879 2496">
     <span class='ocr_line' id='line_1_51' title="bbox 2296 2414 3879 2496; baseline -0.013 -11"><span class='ocrx_word' id='word_1_376' title='bbox 2296 2430 2435 2485; x_wconf 87' lang='grc' dir='ltr'><strong>κατά</strong></span> <span class='ocrx_word' id='word_1_377' title='bbox 2483 2429 2661 2496; x_wconf 85' lang='grc' dir='ltr'>γένος,</span> <span class='ocrx_word' id='word_1_378' title='bbox 2699 2422 3005 2495; x_wconf 80' lang='grc' dir='ltr'>τετράποδα</span> <span class='ocrx_word' id='word_1_379' title='bbox 3057 2420 3151 2474; x_wconf 76' lang='grc' dir='ltr'><strong>καί</strong></span> <span class='ocrx_word' id='word_1_380' title='bbox 3192 2416 3398 2488; x_wconf 79' lang='grc' dir='ltr'>ἑρπετά</span> <span class='ocrx_word' id='word_1_381' title='bbox 3450 2415 3543 2468; x_wconf 78' lang='grc' dir='ltr'>καὶ</span> <span class='ocrx_word' id='word_1_382' title='bbox 3572 2414 3735 2483; x_wconf 80' lang='grc' dir='ltr'>θηρία</span> <span class='ocrx_word' id='word_1_383' title='bbox 3777 2414 3879 2480; x_wconf 69' lang='grc' dir='ltr'>τῆς</span> 
     </span>
    </p>
   </div>
   <div class='ocr_carea' id='block_1_52' title="bbox 2286 2508 3876 2592">
    <p class='ocr_par' dir='ltr' id='par_1_52' title="bbox 2286 2508 3876 2592">
     <span class='ocr_line' id='line_1_52' title="bbox 2286 2508 3876 2592; baseline -0.011 -15"><span class='ocrx_word' id='word_1_384' title='bbox 2286 2524 2398 2592; x_wconf 80' lang='grc' dir='ltr'>,γῆς</span> <span class='ocrx_word' id='word_1_385' title='bbox 2449 2519 2588 2575; x_wconf 78' lang='grc' dir='ltr'>κατὰ</span> <span class='ocrx_word' id='word_1_386' title='bbox 2644 2518 2801 2587; x_wconf 79' lang='grc' dir='ltr'>γένος</span> <span class='ocrx_word' id='word_1_387' title='bbox 2851 2516 3051 2574; x_wconf 74' lang='grc' dir='ltr'>αὐτῶν,</span> <span class='ocrx_word' id='word_1_388' title='bbox 3111 2514 3205 2567; x_wconf 72' lang='grc' dir='ltr'>καὶ</span> <span class='ocrx_word' id='word_1_389' title='bbox 3251 2512 3320 2565; x_wconf 87' lang='grc' dir='ltr'>τὰ</span> <span class='ocrx_word' id='word_1_390' title='bbox 3365 2512 3534 2580; x_wconf 82' lang='grc' dir='ltr'>κτήνη</span> <span class='ocrx_word' id='word_1_391' title='bbox 3588 2510 3728 2562; x_wconf 82' lang='grc' dir='ltr'>κατὰ</span> <span class='ocrx_word' id='word_1_392' title='bbox 3782 2508 3876 2576; x_wconf 83' lang='grc' dir='ltr'><strong>γέ-</strong></span> 
     </span>
    </p>
   </div>
   <div class='ocr_carea' id='block_1_53' title="bbox 2296 2600 3878 2678">
    <p class='ocr_par' dir='ltr' id='par_1_53' title="bbox 2296 2600 3878 2678">
     <span class='ocr_line' id='line_1_53' title="bbox 2296 2600 3878 2678; baseline -0.011 -11"><span class='ocrx_word' id='word_1_393' title='bbox 2296 2629 2424 2678; x_wconf 66' lang='lat' dir='ltr'><strong>veg;</strong></span> <span class='ocrx_word' id='word_1_394' title='bbox 2473 2631 2491 2664; x_wconf 77' lang='grc' dir='ltr'>ι</span> <span class='ocrx_word' id='word_1_395' title='bbox 2557 2610 2732 2673; x_wconf 76' lang='grc' dir='ltr'>οὕτως</span> <span class='ocrx_word' id='word_1_396' title='bbox 2802 2609 2901 2661; x_wconf 78' lang='grc' dir='ltr'>οἴει</span> <span class='ocrx_word' id='word_1_397' title='bbox 2955 2606 3050 2659; x_wconf 77' lang='grc' dir='ltr'>καὶ</span> <span class='ocrx_word' id='word_1_398' title='bbox 3102 2603 3348 2672; x_wconf 76' lang='grc' dir='ltr'><strong>δοξάζεις</strong></span> <span class='ocrx_word' id='word_1_399' title='bbox 3417 2602 3515 2671; x_wconf 82' lang='grc' dir='ltr'>τῆς</span> <span class='ocrx_word' id='word_1_400' title='bbox 3567 2601 3671 2669; x_wconf 74' lang='grc' dir='ltr'><strong>γῆς</strong></span> <span class='ocrx_word' id='word_1_401' title='bbox 3738 2600 3878 2652; x_wconf 85' lang='grc' dir='ltr'>ἀπο-</span> 
     </span>
    </p>
   </div>
   <div class='ocr_carea' id='block_1_54' title="bbox 2303 2692 3880 2776">
    <p class='ocr_par' dir='ltr' id='par_1_54' title="bbox 2303 2692 3880 2776">
     <span class='ocr_line' id='line_1_54' title="bbox 2303 2692 3880 2776; baseline -0.011 -17"><span class='ocrx_word' id='word_1_402' title='bbox 2303 2705 2563 2776; x_wconf 84' lang='grc' dir='ltr'>τεχθῆναι</span> <span class='ocrx_word' id='word_1_403' title='bbox 2600 2701 2693 2755; x_wconf 86' lang='grc' dir='ltr'><strong>τοῦ</strong></span> <span class='ocrx_word' id='word_1_404' title='bbox 2716 2699 3020 2773; x_wconf 60' lang='grc' dir='ltr'><strong>⁸ἀνθρώπου</strong></span> <span class='ocrx_word' id='word_1_405' title='bbox 3057 2700 3156 2767; x_wconf 83' lang='grc' dir='ltr'>τὴν</span> <span class='ocrx_word' id='word_1_406' title='bbox 3207 2695 3406 2766; x_wconf 78' lang='grc' dir='ltr'>ψυχὴν,</span> <span class='ocrx_word' id='word_1_407' title='bbox 3454 2694 3541 2746; x_wconf 81' lang='grc' dir='ltr'>ἵνα</span> <span class='ocrx_word' id='word_1_408' title='bbox 3586 2692 3880 2761; x_wconf 84' lang='grc' dir='ltr'>παραπλη-</span> 
     </span>
    </p>
   </div>
   <div class='ocr_carea' id='block_1_55' title="bbox 2299 2782 3877 2861">
    <p class='ocr_par' dir='ltr' id='par_1_55' title="bbox 2299 2782 3877 2861">
     <span class='ocr_line' id='line_1_55' title="bbox 2299 2782 3877 2861; baseline -0.009 -14"><span class='ocrx_word' id='word_1_409' title='bbox 2299 2794 2430 2857; x_wconf 88' lang='grc' dir='ltr'>σίως</span> <span class='ocrx_word' id='word_1_410' title='bbox 2475 2795 2588 2854; x_wconf 86' lang='grc' dir='ltr'>τοῖς</span> <span class='ocrx_word' id='word_1_411' title='bbox 2620 2791 2876 2861; x_wconf 84' lang='grc' dir='ltr'>κτήνεσιν</span> <span class='ocrx_word' id='word_1_412' title='bbox 2922 2789 3248 2857; x_wconf 79' lang='grc' dir='ltr'>ἀποστραφῇ</span> <span class='ocrx_word' id='word_1_413' title='bbox 3292 2786 3427 2853; x_wconf 72' lang='grc' dir='ltr'>πρὸς</span> <span class='ocrx_word' id='word_1_414' title='bbox 3475 2782 3565 2837; x_wconf 77' lang='grc' dir='ltr'><strong>τὸν</strong></span> <span class='ocrx_word' id='word_1_415' title='bbox 3596 2782 3756 2852; x_wconf 86' lang='grc' dir='ltr'>χοῦν;</span> <span class='ocrx_word' id='word_1_416' title='bbox 3807 2782 3877 2833; x_wconf 84' lang='grc' dir='ltr'><em>Ἢ</em></span> 
     </span>
    </p>
   </div>
   <div class='ocr_carea' id='block_1_56' title="bbox 2294 2874 3877 2949">
    <p class='ocr_par' dir='ltr' id='par_1_56' title="bbox 2294 2874 3877 2949">
     <span class='ocr_line' id='line_1_56' title="bbox 2294 2874 3877 2949; baseline -0.009 -11"><span class='ocrx_word' id='word_1_417' title='bbox 2294 2886 2397 2939; x_wconf 85' lang='grc' dir='ltr'><strong>ούκ</strong></span> <span class='ocrx_word' id='word_1_418' title='bbox 2449 2883 2690 2936; x_wconf 81' lang='grc' dir='ltr'>ὲπέπυσο</span> <span class='ocrx_word' id='word_1_419' title='bbox 2757 2880 2850 2934; x_wconf 83' lang='grc' dir='ltr'><strong>τοῦ</strong></span> <span class='ocrx_word' id='word_1_420' title='bbox 2902 2880 3138 2949; x_wconf 75' lang='grc' dir='ltr'>μεγάλου</span> <span class='ocrx_word' id='word_1_421' title='bbox 3191 2878 3287 2930; x_wconf 76' lang='grc' dir='ltr'>καὶ</span> <span class='ocrx_word' id='word_1_422' title='bbox 3328 2876 3686 2945; x_wconf 81' lang='grc' dir='ltr'>θεοφάντορος</span> <span class='ocrx_word' id='word_1_423' title='bbox 3744 2874 3877 2927; x_wconf 66' lang='lat' dir='ltr'><strong>Mm-</strong></span> 
     </span>
    </p>
   </div>
   <div class='ocr_carea' id='block_1_57' title="bbox 2299 2965 3880 3042">
    <p class='ocr_par' dir='ltr' id='par_1_57' title="bbox 2299 2965 3880 3042">
     <span class='ocr_line' id='line_1_57' title="bbox 2299 2965 3880 3042; baseline -0.009 -10"><span class='ocrx_word' id='word_1_424' title='bbox 2299 2980 2437 3042; x_wconf 84' lang='grc' dir='ltr'>σέως</span> <span class='ocrx_word' id='word_1_425' title='bbox 2468 2978 2737 3042; x_wconf 76' lang='grc' dir='ltr'>εἰπόντος,</span> <span class='ocrx_word' id='word_1_426' title='bbox 2766 2976 2848 3029; x_wconf 84' lang='grc' dir='ltr'>ὅτι</span> <span class='ocrx_word' id='word_1_427' title='bbox 2881 2994 2899 3026; x_wconf 80' lang='grc' dir='ltr'>ι</span> <span class='ocrx_word' id='word_1_428' title='bbox 2939 2973 3046 3026; x_wconf 75' lang='grc' dir='ltr'><strong>Καὶ</strong></span> <span class='ocrx_word' id='word_1_429' title='bbox 3081 2971 3313 3025; x_wconf 77' lang='grc' dir='ltr'>ἔπλασεν</span> <span class='ocrx_word' id='word_1_430' title='bbox 3338 2971 3365 3022; x_wconf 94' lang='lat'><strong>6</strong></span> <span class='ocrx_word' id='word_1_431' title='bbox 3394 2968 3526 3030; x_wconf 74' lang='grc' dir='ltr'>Θεὸς</span> <span class='ocrx_word' id='word_1_432' title='bbox 3551 2969 3643 3020; x_wconf 75' lang='grc' dir='ltr'>τὸν</span> <span class='ocrx_word' id='word_1_433' title='bbox 3672 2965 3880 3036; x_wconf 82' lang='grc' dir='ltr'>ἄνθρω-</span> 
     </span>
    </p>
   </div>
   <div class='ocr_carea' id='block_1_58' title="bbox 619 3059 2196 3156">
    <p class='ocr_par' dir='ltr' id='par_1_58' title="bbox 619 3085 2196 3156">
     <span class='ocr_line' id='line_1_58' title="bbox 619 3085 2196 3156; baseline 0.003 -18"><span class='ocrx_word' id='word_1_434' title='bbox 619 3086 896 3140; x_wconf 89' lang='lat' dir='ltr'><strong>hominem</strong></span> <span class='ocrx_word' id='word_1_435' title='bbox 923 3088 988 3141; x_wconf 94' lang='lat' dir='ltr'><strong>de</strong></span> <span class='ocrx_word' id='word_1_436' title='bbox 1016 3088 1147 3142; x_wconf 88' lang='lat' dir='ltr'><strong>limo</strong></span> <span class='ocrx_word' id='word_1_437' title='bbox 1178 3097 1357 3152; x_wconf 65' lang='lat' dir='ltr'><strong>terrae,</strong></span> <span class='ocrx_word' id='word_1_438' title='bbox 1386 3096 1441 3142; x_wconf 91' lang='lat' dir='ltr'><strong>et</strong></span> <span class='ocrx_word' id='word_1_439' title='bbox 1474 3087 1760 3156; x_wconf 73' lang='lat' dir='ltr'><strong>inspiravit</strong></span> <span class='ocrx_word' id='word_1_440' title='bbox 1785 3088 1835 3140; x_wconf 89' lang='lat' dir='ltr'><strong>iu</strong></span> <span class='ocrx_word' id='word_1_441' title='bbox 1864 3086 2054 3141; x_wconf 84' lang='lat' dir='ltr'><strong>faciem</strong></span> <span class='ocrx_word' id='word_1_442' title='bbox 2078 3085 2196 3155; x_wconf 89' lang='lat' dir='ltr'><strong>ejus</strong></span> 
     </span>
    </p>
   </div>
   <div class='ocr_carea' id='block_1_59' title="bbox 2297 3059 3881 3156">
    <p class='ocr_par' dir='ltr' id='par_1_59' title="bbox 2301 3059 3881 3141">
     <span class='ocr_line' id='line_1_59' title="bbox 2301 3059 3881 3141; baseline -0.01 -16"><span class='ocrx_word' id='word_1_443' title='bbox 2301 3088 2402 3125; x_wconf 86' lang='grc' dir='ltr'>πον</span> <span class='ocrx_word' id='word_1_444' title='bbox 2436 3069 2567 3141; x_wconf 85' lang='grc' dir='ltr'>χοῦν</span> <span class='ocrx_word' id='word_1_445' title='bbox 2610 3066 2792 3121; x_wconf 86' lang='grc' dir='ltr'>λαϐὼν</span> <span class='ocrx_word' id='word_1_446' title='bbox 2845 3065 2952 3119; x_wconf 80' lang='grc' dir='ltr'>ἀπὸ</span> <span class='ocrx_word' id='word_1_447' title='bbox 2983 3066 3081 3134; x_wconf 78' lang='grc' dir='ltr'>τῆς</span> <span class='ocrx_word' id='word_1_448' title='bbox 3119 3064 3241 3133; x_wconf 82' lang='grc' dir='ltr'>γῆς,</span> <span class='ocrx_word' id='word_1_449' title='bbox 3279 3062 3373 3115; x_wconf 76' lang='grc' dir='ltr'>καὶ</span> <span class='ocrx_word' id='word_1_450' title='bbox 3419 3059 3751 3130; x_wconf 77' lang='grc' dir='ltr'>ἐνεφύσησεν</span> <span class='ocrx_word' id='word_1_451' title='bbox 3800 3059 3881 3120; x_wconf 83' lang='grc' dir='ltr'><strong>είς</strong></span> 
     </span>
    </p>
   </div>
   <div class='ocr_carea' id='block_1_60' title="bbox 617 3178 2197 3247">
    <p class='ocr_par' dir='ltr' id='par_1_60' title="bbox 617 3178 2197 3247">
     <span class='ocr_line' id='line_1_60' title="bbox 617 3178 2197 3247; baseline -0.001 -14"><span class='ocrx_word' id='word_1_452' title='bbox 617 3178 953 3247; x_wconf 77' lang='lat' dir='ltr'><strong>spiraculum</strong></span> <span class='ocrx_word' id='word_1_453' title='bbox 1004 3179 1172 3245; x_wconf 70' lang='lat' dir='ltr'><strong>vitaa,</strong></span> <span class='ocrx_word' id='word_1_454' title='bbox 1200 3191 1254 3234; x_wconf 91' lang='lat' dir='ltr'><strong>et</strong></span> <span class='ocrx_word' id='word_1_455' title='bbox 1301 3179 1480 3235; x_wconf 82' lang='lat' dir='ltr'><strong>factus</strong></span> <span class='ocrx_word' id='word_1_456' title='bbox 1528 3188 1613 3234; x_wconf 89' lang='lat' dir='ltr'><strong>est</strong></span> <span class='ocrx_word' id='word_1_457' title='bbox 1660 3180 1824 3233; x_wconf 90' lang='lat' dir='ltr'><strong>homo</strong></span> <span class='ocrx_word' id='word_1_458' title='bbox 1859 3178 1913 3232; x_wconf 88' lang='lat' dir='ltr'><strong>iu</strong></span> <span class='ocrx_word' id='word_1_459' title='bbox 1955 3179 2197 3232; x_wconf 88' lang='lat' dir='ltr'><strong>animam</strong></span> 
     </span>
    </p>
   </div>
   <div class='ocr_carea' id='block_1_61' title="bbox 617 3273 2200 3344">
    <p class='ocr_par' dir='ltr' id='par_1_61' title="bbox 617 3273 2200 3344">
     <span class='ocr_line' id='line_1_61' title="bbox 617 3273 2200 3344; baseline 0.001 -18"><span class='ocrx_word' id='word_1_460' title='bbox 617 3273 886 3329; x_wconf 84' lang='lat' dir='ltr'><strong>viventem</strong></span> <span class='ocrx_word' id='word_1_461' title='bbox 915 3274 1047 3344; x_wconf 79' lang='lat'><strong>(56).</strong></span> <span class='ocrx_word' id='word_1_462' title='bbox 1087 3294 1106 3327; x_wconf 74' lang='grc' dir='ltr'>ι</span> <span class='ocrx_word' id='word_1_463' title='bbox 1163 3273 1350 3340; x_wconf 87' lang='lat' dir='ltr'><strong>Vides,</strong></span> <span class='ocrx_word' id='word_1_464' title='bbox 1402 3274 1619 3343; x_wconf 86' lang='lat' dir='ltr'><strong>opinor,</strong></span> <span class='ocrx_word' id='word_1_465' title='bbox 1674 3275 1818 3328; x_wconf 88' lang='lat' dir='ltr'><strong>inter</strong></span> <span class='ocrx_word' id='word_1_466' title='bbox 1858 3274 2073 3328; x_wconf 86' lang='lat' dir='ltr'><strong>animas</strong></span> <span class='ocrx_word' id='word_1_467' title='bbox 2110 3273 2200 3342; x_wconf 87' lang='lat' dir='ltr'><strong>ju-</strong></span> 
     </span>
    </p>
   </div>
   <div class='ocr_carea' id='block_1_62' title="bbox 620 3367 2197 3436">
    <p class='ocr_par' dir='ltr' id='par_1_62' title="bbox 620 3367 2197 3436">
     <span class='ocr_line' id='line_1_62' title="bbox 620 3367 2197 3436; baseline 0.001 -16"><span class='ocrx_word' id='word_1_468' title='bbox 620 3375 930 3420; x_wconf 81' lang='lat' dir='ltr'><strong>tnentorum</strong></span> <span class='ocrx_word' id='word_1_469' title='bbox 974 3376 1028 3422; x_wconf 92' lang='lat' dir='ltr'><strong>et</strong></span> <span class='ocrx_word' id='word_1_470' title='bbox 1069 3368 1307 3420; x_wconf 89' lang='lat' dir='ltr'><strong>animam</strong></span> <span class='ocrx_word' id='word_1_471' title='bbox 1360 3367 1599 3423; x_wconf 88' lang='lat' dir='ltr'><strong>hominis</strong></span> <span class='ocrx_word' id='word_1_472' title='bbox 1650 3378 1918 3436; x_wconf 89' lang='lat' dir='ltr'><strong>quantum</strong></span> <span class='ocrx_word' id='word_1_473' title='bbox 1960 3367 2197 3422; x_wconf 85' lang='lat' dir='ltr'><strong>intersit.</strong></span> 
     </span>
    </p>
   </div>
   <div class='ocr_carea' id='block_1_63' title="bbox 620 3457 2200 3529">
    <p class='ocr_par' dir='ltr' id='par_1_63' title="bbox 620 3457 2200 3529">
     <span class='ocr_line' id='line_1_63' title="bbox 620 3457 2200 3529; baseline 0.002 -18"><span class='ocrx_word' id='word_1_474' title='bbox 620 3457 730 3512; x_wconf 74' lang='grc' dir='ltr'>ιιιεε</span> <span class='ocrx_word' id='word_1_475' title='bbox 760 3459 963 3528; x_wconf 91' lang='lat' dir='ltr'><strong>quippe</strong></span> <span class='ocrx_word' id='word_1_476' title='bbox 992 3459 1137 3513; x_wconf 87' lang='lat' dir='ltr'><strong>unde</strong></span> <span class='ocrx_word' id='word_1_477' title='bbox 1164 3474 1399 3529; x_wconf 88' lang='lat' dir='ltr'><strong>corpora</strong></span> <span class='ocrx_word' id='word_1_478' title='bbox 1431 3475 1554 3513; x_wconf 85' lang='lat' dir='ltr'><strong>esse</strong></span> <span class='ocrx_word' id='word_1_479' title='bbox 1590 3469 1897 3528; x_wconf 74' lang='lat' dir='ltr'><strong>coeperunt,</strong></span> <span class='ocrx_word' id='word_1_480' title='bbox 1935 3459 2065 3514; x_wconf 90' lang='lat' dir='ltr'><strong>inde</strong></span> <span class='ocrx_word' id='word_1_481' title='bbox 2085 3460 2200 3515; x_wconf 91' lang='lat' dir='ltr'><strong>ori-</strong></span> 
     </span>
    </p>
   </div>
   <div class='ocr_carea' id='block_1_64' title="bbox 621 3548 2201 3619">
    <p class='ocr_par' dir='ltr' id='par_1_64' title="bbox 621 3548 2201 3619">
     <span class='ocr_line' id='line_1_64' title="bbox 621 3548 2201 3619; baseline 0.003 -17"><span class='ocrx_word' id='word_1_482' title='bbox 621 3548 802 3619; x_wconf 81' lang='lat' dir='ltr'><strong>ginem</strong></span> <span class='ocrx_word' id='word_1_483' title='bbox 847 3550 1057 3603; x_wconf 81' lang='lat' dir='ltr'><strong>duxere</strong></span> <span class='ocrx_word' id='word_1_484' title='bbox 1085 3564 1267 3613; x_wconf 88' lang='lat' dir='ltr'><strong>suam,</strong></span> <span class='ocrx_word' id='word_1_485' title='bbox 1305 3565 1371 3605; x_wconf 82' lang='lat' dir='ltr'><strong>ex</strong></span> <span class='ocrx_word' id='word_1_486' title='bbox 1412 3551 1636 3619; x_wconf 87' lang='lat' dir='ltr'><strong>pulvere</strong></span> <span class='ocrx_word' id='word_1_487' title='bbox 1675 3551 1901 3615; x_wconf 86' lang='lat' dir='ltr'><strong>scilicet,</strong></span> <span class='ocrx_word' id='word_1_488' title='bbox 1956 3559 2018 3605; x_wconf 93' lang='lat' dir='ltr'><strong>ut</strong></span> <span class='ocrx_word' id='word_1_489' title='bbox 2054 3560 2201 3607; x_wconf 90' lang='lat' dir='ltr'><strong>recte</strong></span> 
     </span>
    </p>
   </div>
   <div class='ocr_carea' id='block_1_65' title="bbox 621 3642 2204 3713">
    <p class='ocr_par' dir='ltr' id='par_1_65' title="bbox 621 3642 2204 3713">
     <span class='ocr_line' id='line_1_65' title="bbox 621 3642 2204 3713; baseline 0.003 -18"><span class='ocrx_word' id='word_1_490' title='bbox 621 3657 688 3713; x_wconf 90' lang='lat' dir='ltr'><strong>ac</strong></span> <span class='ocrx_word' id='word_1_491' title='bbox 722 3642 917 3695; x_wconf 88' lang='lat' dir='ltr'><strong>merito</strong></span> <span class='ocrx_word' id='word_1_492' title='bbox 962 3643 1028 3696; x_wconf 90' lang='lat' dir='ltr'><strong>ad</strong></span> <span class='ocrx_word' id='word_1_493' title='bbox 1070 3652 1347 3711; x_wconf 90' lang='lat' dir='ltr'><strong>parentem</strong></span> <span class='ocrx_word' id='word_1_494' title='bbox 1383 3645 1657 3713; x_wconf 87' lang='lat' dir='ltr'><strong>prepriam</strong></span> <span class='ocrx_word' id='word_1_495' title='bbox 1704 3653 1756 3697; x_wconf 90' lang='lat' dir='ltr'><strong>et</strong></span> <span class='ocrx_word' id='word_1_496' title='bbox 1794 3644 2062 3699; x_wconf 88' lang='lat' dir='ltr'><strong>nutricem</strong></span> <span class='ocrx_word' id='word_1_497' title='bbox 2101 3644 2204 3699; x_wconf 88' lang='lat' dir='ltr'><strong>ite-</strong></span> 
     </span>
    </p>
   </div>
   <div class='ocr_carea' id='block_1_66' title="bbox 624 3736 2201 3801">
    <p class='ocr_par' dir='ltr' id='par_1_66' title="bbox 624 3736 2201 3801">
     <span class='ocr_line' id='line_1_66' title="bbox 624 3736 2201 3801; baseline 0.002 -13"><span class='ocrx_word' id='word_1_498' title='bbox 624 3750 746 3788; x_wconf 90' lang='lat' dir='ltr'><strong>rum</strong></span> <span class='ocrx_word' id='word_1_499' title='bbox 810 3744 1175 3790; x_wconf 85' lang='lat' dir='ltr'><strong>revertantur.</strong></span> <span class='ocrx_word' id='word_1_500' title='bbox 1225 3737 1295 3791; x_wconf 83' lang='lat' dir='ltr'><strong>At</strong></span> <span class='ocrx_word' id='word_1_501' title='bbox 1344 3751 1474 3790; x_wconf 88' lang='lat' dir='ltr'><strong>vero</strong></span> <span class='ocrx_word' id='word_1_502' title='bbox 1525 3737 1707 3790; x_wconf 90' lang='lat' dir='ltr'><strong>anima</strong></span> <span class='ocrx_word' id='word_1_503' title='bbox 1750 3736 2026 3801; x_wconf 89' lang='lat' dir='ltr'><strong>hominis,</strong></span> <span class='ocrx_word' id='word_1_504' title='bbox 2077 3753 2201 3792; x_wconf 91' lang='lat' dir='ltr'><strong>cum</strong></span> 
     </span>
    </p>
   </div>
   <div class='ocr_carea' id='block_1_67' title="bbox 622 3828 2204 3899">
    <p class='ocr_par' dir='ltr' id='par_1_67' title="bbox 622 3828 2204 3899">
     <span class='ocr_line' id='line_1_67' title="bbox 622 3828 2204 3899; baseline 0.001 -16"><span class='ocrx_word' id='word_1_505' title='bbox 622 3828 826 3883; x_wconf 71' lang='lat' dir='ltr'><strong>divinae</strong></span> <span class='ocrx_word' id='word_1_506' title='bbox 864 3829 1245 3899; x_wconf 85' lang='lat' dir='ltr'><strong>inspirationis</strong></span> <span class='ocrx_word' id='word_1_507' title='bbox 1280 3830 1454 3899; x_wconf 85' lang='lat' dir='ltr'><strong>gratia</strong></span> <span class='ocrx_word' id='word_1_508' title='bbox 1502 3831 1796 3885; x_wconf 82' lang='lat' dir='ltr'><strong>constituta</strong></span> <span class='ocrx_word' id='word_1_509' title='bbox 1832 3831 1923 3892; x_wconf 88' lang='lat' dir='ltr'><strong>sit.</strong></span> <span class='ocrx_word' id='word_1_510' title='bbox 1968 3838 2204 3885; x_wconf 66' lang='lat' dir='ltr'><strong>naturae-</strong></span> 
     </span>
    </p>
   </div>
   <div class='ocr_carea' id='block_1_68' title="bbox 622 3924 2204 3994">
    <p class='ocr_par' dir='ltr' id='par_1_68' title="bbox 622 3924 2204 3994">
     <span class='ocr_line' id='line_1_68' title="bbox 622 3924 2204 3994; baseline 0.001 -18"><span class='ocrx_word' id='word_1_511' title='bbox 622 3938 731 3993; x_wconf 87' lang='lat' dir='ltr'><strong>que</strong></span> <span class='ocrx_word' id='word_1_512' title='bbox 757 3938 872 3978; x_wconf 83' lang='lat' dir='ltr'><strong>suae</strong></span> <span class='ocrx_word' id='word_1_513' title='bbox 900 3924 1266 3979; x_wconf 86' lang='lat' dir='ltr'><strong>substantiam</strong></span> <span class='ocrx_word' id='word_1_514' title='bbox 1299 3924 1572 3985; x_wconf 85' lang='lat' dir='ltr'><strong>habuerit,</strong></span> <span class='ocrx_word' id='word_1_515' title='bbox 1612 3924 1686 3977; x_wconf 90' lang='lat' dir='ltr'><strong>ita</strong></span> <span class='ocrx_word' id='word_1_516' title='bbox 1732 3924 2000 3979; x_wconf 82' lang='lat' dir='ltr'><strong>excellere</strong></span> <span class='ocrx_word' id='word_1_517' title='bbox 2028 3925 2204 3994; x_wconf 84' lang='lat' dir='ltr'><strong>digni-</strong></span> 
     </span>
    </p>
   </div>
   <div class='ocr_carea' id='block_1_69' title="bbox 628 4012 2201 4085">
    <p class='ocr_par' dir='ltr' id='par_1_69' title="bbox 628 4012 2201 4085">
     <span class='ocr_line' id='line_1_69' title="bbox 628 4012 2201 4085; baseline 0.001 -18"><span class='ocrx_word' id='word_1_518' title='bbox 628 4024 736 4071; x_wconf 87' lang='lat' dir='ltr'><strong>tate</strong></span> <span class='ocrx_word' id='word_1_519' title='bbox 777 4012 1016 4080; x_wconf 82' lang='lat' dir='ltr'><strong>videtur,</strong></span> <span class='ocrx_word' id='word_1_520' title='bbox 1066 4026 1128 4070; x_wconf 88' lang='lat' dir='ltr'><strong>ut</strong></span> <span class='ocrx_word' id='word_1_521' title='bbox 1173 4016 1638 4085; x_wconf 89' lang='lat' dir='ltr'><strong>comparationem</strong></span> <span class='ocrx_word' id='word_1_522' title='bbox 1687 4030 1906 4069; x_wconf 92' lang='lat' dir='ltr'><strong>omnem</strong></span> <span class='ocrx_word' id='word_1_523' title='bbox 1954 4016 2201 4070; x_wconf 81' lang='lat' dir='ltr'><strong>excedat.</strong></span> 
     </span>
    </p>
   </div>
   <div class='ocr_carea' id='block_1_70' title="bbox 625 4107 2205 4180">
    <p class='ocr_par' dir='ltr' id='par_1_70' title="bbox 625 4107 2205 4180">
     <span class='ocr_line' id='line_1_70' title="bbox 625 4107 2205 4180; baseline -0.002 -17"><span class='ocrx_word' id='word_1_524' title='bbox 625 4107 904 4175; x_wconf 88' lang='lat' dir='ltr'><strong>Quantum</strong></span> <span class='ocrx_word' id='word_1_525' title='bbox 950 4110 1097 4165; x_wconf 93' lang='lat' dir='ltr'><strong>enim</strong></span> <span class='ocrx_word' id='word_1_526' title='bbox 1130 4112 1308 4180; x_wconf 84' lang='lat' dir='ltr'><strong>gratia</strong></span> <span class='ocrx_word' id='word_1_527' title='bbox 1357 4125 1422 4163; x_wconf 90' lang='lat' dir='ltr'><strong>ac</strong></span> <span class='ocrx_word' id='word_1_528' title='bbox 1449 4109 1694 4180; x_wconf 89' lang='lat' dir='ltr'><strong>potentia</strong></span> <span class='ocrx_word' id='word_1_529' title='bbox 1731 4108 1931 4163; x_wconf 66' lang='lat' dir='ltr'><strong>divinae</strong></span> <span class='ocrx_word' id='word_1_530' title='bbox 1970 4107 2205 4178; x_wconf 82' lang='lat' dir='ltr'><strong>inspira-</strong></span> 
     </span>
    </p>
   </div>
   <div class='ocr_carea' id='block_1_71' title="bbox 624 4200 2207 4272">
    <p class='ocr_par' dir='ltr' id='par_1_71' title="bbox 624 4200 2207 4272">
     <span class='ocr_line' id='line_1_71' title="bbox 624 4200 2207 4272; baseline -0.001 -16"><span class='ocrx_word' id='word_1_531' title='bbox 624 4202 792 4257; x_wconf 90' lang='lat' dir='ltr'><strong>tionis</strong></span> <span class='ocrx_word' id='word_1_532' title='bbox 825 4202 1075 4259; x_wconf 87' lang='lat' dir='ltr'><strong>terrestri</strong></span> <span class='ocrx_word' id='word_1_533' title='bbox 1116 4212 1327 4257; x_wconf 70' lang='lat' dir='ltr'><strong>nnturre</strong></span> <span class='ocrx_word' id='word_1_534' title='bbox 1358 4218 1423 4257; x_wconf 90' lang='lat' dir='ltr'><strong>ac</strong></span> <span class='ocrx_word' id='word_1_535' title='bbox 1462 4201 1721 4272; x_wconf 72' lang='lat' dir='ltr'><strong>potentiae</strong></span> <span class='ocrx_word' id='word_1_536' title='bbox 1755 4200 2050 4268; x_wconf 83' lang='lat' dir='ltr'><strong>antecedit,</strong></span> <span class='ocrx_word' id='word_1_537' title='bbox 2086 4210 2207 4255; x_wconf 90' lang='lat' dir='ltr'><strong>tan-</strong></span> 
     </span>
    </p>
   </div>
   <div class='ocr_carea' id='block_1_72' title="bbox 626 4293 2204 4362">
    <p class='ocr_par' dir='ltr' id='par_1_72' title="bbox 626 4293 2204 4362">
     <span class='ocr_line' id='line_1_72' title="bbox 626 4293 2204 4362; baseline -0.003 -12"><span class='ocrx_word' id='word_1_538' title='bbox 626 4303 741 4350; x_wconf 87' lang='lat' dir='ltr'><strong>tum</strong></span> <span class='ocrx_word' id='word_1_539' title='bbox 767 4296 1087 4351; x_wconf 84' lang='lat' dir='ltr'><strong>existimare</strong></span> <span class='ocrx_word' id='word_1_540' title='bbox 1113 4297 1395 4359; x_wconf 84' lang='lat' dir='ltr'><strong>debemus,</strong></span> <span class='ocrx_word' id='word_1_541' title='bbox 1426 4296 1747 4350; x_wconf 87' lang='lat' dir='ltr'><strong>rationalem</strong></span> <span class='ocrx_word' id='word_1_542' title='bbox 1780 4293 2204 4362; x_wconf 64' lang='lat' dir='ltr'><strong>intelligentiam-</strong></span> 
     </span>
    </p>
   </div>
   <div class='ocr_carea' id='block_1_73' title="bbox 627 4382 2206 4454">
    <p class='ocr_par' dir='ltr' id='par_1_73' title="bbox 627 4382 2206 4454">
     <span class='ocr_line' id='line_1_73' title="bbox 627 4382 2206 4454; baseline 0 -17"><span class='ocrx_word' id='word_1_543' title='bbox 627 4399 736 4453; x_wconf 89' lang='lat' dir='ltr'><strong>que</strong></span> <span class='ocrx_word' id='word_1_544' title='bbox 784 4384 1022 4439; x_wconf 86' lang='lat' dir='ltr'><strong>hominis</strong></span> <span class='ocrx_word' id='word_1_545' title='bbox 1082 4385 1322 4439; x_wconf 88' lang='lat' dir='ltr'><strong>animam</strong></span> <span class='ocrx_word' id='word_1_546' title='bbox 1378 4395 1636 4454; x_wconf 59' lang='lat' dir='ltr'><strong>praestare</strong></span> <span class='ocrx_word' id='word_1_547' title='bbox 1682 4384 1879 4438; x_wconf 67' lang='lat' dir='ltr'><strong>anima:</strong></span> <span class='ocrx_word' id='word_1_548' title='bbox 1934 4382 2206 4443; x_wconf 86' lang='lat' dir='ltr'><strong>iumento-</strong></span> 
     </span>
    </p>
   </div>
   <div class='ocr_carea' id='block_1_74' title="bbox 632 4473 2204 4546">
    <p class='ocr_par' dir='ltr' id='par_1_74' title="bbox 632 4473 2204 4546">
     <span class='ocr_line' id='line_1_74' title="bbox 632 4473 2204 4546; baseline -0.002 -18"><span class='ocrx_word' id='word_1_549' title='bbox 632 4490 752 4529; x_wconf 91' lang='lat' dir='ltr'><strong>rum</strong></span> <span class='ocrx_word' id='word_1_550' title='bbox 780 4491 794 4527; x_wconf 88' lang='lat'><strong>:</strong></span> <span class='ocrx_word' id='word_1_551' title='bbox 828 4475 1288 4543; x_wconf 88' lang='lat' dir='ltr'><strong>quemadmodum</strong></span> <span class='ocrx_word' id='word_1_552' title='bbox 1319 4476 1435 4546; x_wconf 89' lang='lat' dir='ltr'><strong>ipsa</strong></span> <span class='ocrx_word' id='word_1_553' title='bbox 1464 4475 1627 4529; x_wconf 91' lang='lat' dir='ltr'><strong>etiam</strong></span> <span class='ocrx_word' id='word_1_554' title='bbox 1662 4489 1844 4528; x_wconf 90' lang='lat' dir='ltr'><strong>rerum</strong></span> <span class='ocrx_word' id='word_1_555' title='bbox 1870 4473 2204 4542; x_wconf 82' lang='lat' dir='ltr'><strong>experientia</strong></span> 
     </span>
    </p>
   </div>
   <div class='ocr_carea' id='block_1_75' title="bbox 631 4563 2209 4634">
    <p class='ocr_par' dir='ltr' id='par_1_75' title="bbox 631 4563 2209 4634">
     <span class='ocr_line' id='line_1_75' title="bbox 631 4563 2209 4634; baseline -0.001 -16"><span class='ocrx_word' id='word_1_556' title='bbox 631 4564 809 4618; x_wconf 90' lang='lat' dir='ltr'><strong>edocti</strong></span> <span class='ocrx_word' id='word_1_557' title='bbox 841 4564 1326 4634; x_wconf 89' lang='lat' dir='ltr'><strong>deprehendimus.</strong></span> <span class='ocrx_word' id='word_1_558' title='bbox 1362 4564 1518 4634; x_wconf 81' lang='lat'><strong>102</strong></span> <span class='ocrx_word' id='word_1_559' title='bbox 1551 4563 1725 4618; x_wconf 88' lang='lat' dir='ltr'><strong>Homo</strong></span> <span class='ocrx_word' id='word_1_560' title='bbox 1760 4564 2053 4633; x_wconf 89' lang='lat' dir='ltr'><strong>siquidem,</strong></span> <span class='ocrx_word' id='word_1_561' title='bbox 2082 4578 2209 4633; x_wconf 85' lang='lat' dir='ltr'><strong>pro-</strong></span> 
     </span>
    </p>
   </div>
   <div class='ocr_carea' id='block_1_76' title="bbox 633 4655 2209 4726">
    <p class='ocr_par' dir='ltr' id='par_1_76' title="bbox 633 4655 2209 4726">
     <span class='ocr_line' id='line_1_76' title="bbox 633 4655 2209 4726; baseline 0.001 -18"><span class='ocrx_word' id='word_1_562' title='bbox 633 4665 756 4724; x_wconf 87' lang='lat' dir='ltr'><strong>pter</strong></span> <span class='ocrx_word' id='word_1_563' title='bbox 800 4655 1159 4726; x_wconf 83' lang='lat' dir='ltr'><strong>iutelligentis</strong></span> <span class='ocrx_word' id='word_1_564' title='bbox 1194 4671 1259 4712; x_wconf 87' lang='lat' dir='ltr'><strong>ac</strong></span> <span class='ocrx_word' id='word_1_565' title='bbox 1299 4655 1683 4711; x_wconf 88' lang='lat' dir='ltr'><strong>ratiocinantis</strong></span> <span class='ocrx_word' id='word_1_566' title='bbox 1727 4655 1897 4710; x_wconf 90' lang='lat' dir='ltr'><strong>animi</strong></span> <span class='ocrx_word' id='word_1_567' title='bbox 1930 4655 2209 4725; x_wconf 87' lang='lat' dir='ltr'><strong>principa-</strong></span> 
     </span>
    </p>
   </div>
   <div class='ocr_carea' id='block_1_77' title="bbox 632 4747 2210 4815">
    <p class='ocr_par' dir='ltr' id='par_1_77' title="bbox 632 4747 2210 4815">
     <span class='ocr_line' id='line_1_77' title="bbox 632 4747 2210 4815; baseline 0 -15"><span class='ocrx_word' id='word_1_568' title='bbox 632 4756 770 4809; x_wconf 91' lang='lat' dir='ltr'><strong>tum,</strong></span> <span class='ocrx_word' id='word_1_569' title='bbox 816 4747 1134 4802; x_wconf 88' lang='lat' dir='ltr'><strong>animalium</strong></span> <span class='ocrx_word' id='word_1_570' title='bbox 1169 4748 1417 4802; x_wconf 90' lang='lat' dir='ltr'><strong>omnium</strong></span> <span class='ocrx_word' id='word_1_571' title='bbox 1466 4756 1785 4803; x_wconf 70' lang='lat' dir='ltr'><strong>caaterorum</strong></span> <span class='ocrx_word' id='word_1_572' title='bbox 1825 4747 2080 4815; x_wconf 89' lang='lat' dir='ltr'><strong>princeps</strong></span> <span class='ocrx_word' id='word_1_573' title='bbox 2126 4754 2210 4801; x_wconf 88' lang='lat' dir='ltr'><strong>est</strong></span> 
     </span>
    </p>
   </div>
   <div class='ocr_carea' id='block_1_78' title="bbox 631 4837 2207 4910">
    <p class='ocr_par' dir='ltr' id='par_1_78' title="bbox 631 4837 2207 4910">
     <span class='ocr_line' id='line_1_78' title="bbox 631 4837 2207 4910; baseline -0.003 -17"><span class='ocrx_word' id='word_1_574' title='bbox 631 4854 697 4893; x_wconf 91' lang='lat' dir='ltr'><strong>ac</strong></span> <span class='ocrx_word' id='word_1_575' title='bbox 757 4854 850 4894; x_wconf 85' lang='lat' dir='ltr'><strong>rex</strong></span> <span class='ocrx_word' id='word_1_576' title='bbox 906 4841 1212 4909; x_wconf 80' lang='lat' dir='ltr'><strong>appellatus</strong></span> <span class='ocrx_word' id='word_1_577' title='bbox 1262 4858 1275 4893; x_wconf 92' lang='lat'>:</span> <span class='ocrx_word' id='word_1_578' title='bbox 1324 4841 1487 4910; x_wconf 88' lang='lat' dir='ltr'><strong>eique</strong></span> <span class='ocrx_word' id='word_1_579' title='bbox 1535 4839 1627 4893; x_wconf 85' lang='lat' dir='ltr'><strong>illa</strong></span> <span class='ocrx_word' id='word_1_580' title='bbox 1677 4837 1859 4892; x_wconf 88' lang='lat' dir='ltr'><strong>omnia</strong></span> <span class='ocrx_word' id='word_1_581' title='bbox 1922 4852 2030 4892; x_wconf 89' lang='lat' dir='ltr'><strong>non</strong></span> <span class='ocrx_word' id='word_1_582' title='bbox 2087 4852 2207 4890; x_wconf 85' lang='lat' dir='ltr'><strong>mn-</strong></span> 
     </span>
    </p>
   </div>
   <div class='ocr_carea' id='block_1_79' title="bbox 630 4928 2201 5004">
    <p class='ocr_par' dir='ltr' id='par_1_79' title="bbox 630 4928 2201 5004">
     <span class='ocr_line' id='line_1_79' title="bbox 630 4928 2201 5004; baseline -0.003 -18"><span class='ocrx_word' id='word_1_583' title='bbox 630 4932 702 4986; x_wconf 93' lang='lat' dir='ltr'><strong>do</strong></span> <span class='ocrx_word' id='word_1_584' title='bbox 743 4932 1010 5004; x_wconf 88' lang='lat' dir='ltr'><strong>subjecta,</strong></span> <span class='ocrx_word' id='word_1_585' title='bbox 1052 4933 1173 4988; x_wconf 83' lang='lat' dir='ltr'><strong>sed</strong></span> <span class='ocrx_word' id='word_1_586' title='bbox 1237 4933 1403 4989; x_wconf 91' lang='lat' dir='ltr'><strong>etiam</strong></span> <span class='ocrx_word' id='word_1_587' title='bbox 1474 4932 1529 4986; x_wconf 91' lang='lat' dir='ltr'><strong>in</strong></span> <span class='ocrx_word' id='word_1_588' title='bbox 1598 4932 1917 4987; x_wconf 88' lang='lat' dir='ltr'><strong>servitutem</strong></span> <span class='ocrx_word' id='word_1_589' title='bbox 1984 4928 2201 4983; x_wconf 86' lang='lat' dir='ltr'><strong>addicta</strong></span> 
     </span>
    </p>
   </div>
   <div class='ocr_carea' id='block_1_80' title="bbox 631 5033 781 5080">
    <p class='ocr_par' dir='ltr' id='par_1_80' title="bbox 631 5033 781 5080">
     <span class='ocr_line' id='line_1_80' title="bbox 631 5033 781 5080; baseline -0.007 0"><span class='ocrx_word' id='word_1_590' title='bbox 631 5033 781 5080; x_wconf 86' lang='lat' dir='ltr'><strong>sunt.</strong></span> 
     </span>
    </p>
   </div>
   <div class='ocr_carea' id='block_1_81' title="bbox 701 5098 2203 5187">
    <p class='ocr_par' dir='ltr' id='par_1_81' title="bbox 701 5098 2203 5187">
     <span class='ocr_line' id='line_1_81' title="bbox 701 5098 2203 5187; baseline -0.001 -15"><span class='ocrx_word' id='word_1_591' title='bbox 701 5116 988 5184; x_wconf 88' lang='lat' dir='ltr'><strong>Quomodo</strong></span> <span class='ocrx_word' id='word_1_592' title='bbox 1018 5118 1186 5187; x_wconf 82' lang='lat' dir='ltr'><strong>igitur</strong></span> <span class='ocrx_word' id='word_1_593' title='bbox 1215 5117 1696 5173; x_wconf 86' lang='lat' dir='ltr'><strong>indiscriminatim</strong></span> <span class='ocrx_word' id='word_1_594' title='bbox 1724 5098 1907 5171; x_wconf 89' lang='lat' dir='ltr'><strong>omnia</strong></span> <span class='ocrx_word' id='word_1_595' title='bbox 1939 5131 2108 5170; x_wconf 89' lang='lat' dir='ltr'><strong>unum</strong></span> <span class='ocrx_word' id='word_1_596' title='bbox 2139 5115 2203 5170; x_wconf 89' lang='lat' dir='ltr'><strong>ad</strong></span> 
     </span>
    </p>
   </div>
   <div class='ocr_carea' id='block_1_82' title="bbox 703 5249 1487 5317">
    <p class='ocr_par' dir='ltr' id='par_1_82' title="bbox 703 5249 1487 5317">
     <span class='ocr_line' id='line_1_82' title="bbox 703 5249 1487 5317; baseline -0.004 -11"><span class='ocrx_word' id='word_1_597' title='bbox 703 5255 748 5286; x_wconf 86' lang='lat'><strong>&quot;&quot;</strong></span> <span class='ocrx_word' id='word_1_598' title='bbox 781 5252 911 5310; x_wconf 80' lang='lat' dir='ltr'><strong>Sat).</strong></span> <span class='ocrx_word' id='word_1_599' title='bbox 944 5268 1028 5317; x_wconf 86' lang='lat' dir='ltr'><strong>Ill,</strong></span> <span class='ocrx_word' id='word_1_600' title='bbox 1062 5250 1119 5307; x_wconf 77' lang='grc'><strong>2.</strong></span> <span class='ocrx_word' id='word_1_601' title='bbox 1196 5250 1241 5283; x_wconf 79' lang='grc'><strong>⁷⁸</strong></span> <span class='ocrx_word' id='word_1_602' title='bbox 1264 5250 1396 5305; x_wconf 90' lang='lat' dir='ltr'><strong>ibid.</strong></span> <span class='ocrx_word' id='word_1_603' title='bbox 1435 5249 1487 5303; x_wconf 66' lang='lat'>6.</span> 
     </span>
    </p>
   </div>
   <div class='ocr_carea' id='block_1_83' title="bbox 696 5382 2211 5512">
    <p class='ocr_par' dir='ltr' id='par_1_83' title="bbox 696 5382 2211 5512">
     <span class='ocr_line' id='line_1_83' title="bbox 696 5382 2211 5512; baseline -0.003 -70"><span class='ocrx_word' id='word_1_604' title='bbox 696 5388 819 5512; x_wconf 38' lang='lat'><strong>$5.5)</strong></span> <span class='ocrx_word' id='word_1_605' title='bbox 863 5388 1215 5473; x_wconf 70' lang='grc' dir='ltr'>Μνημονικὸν</span> <span class='ocrx_word' id='word_1_606' title='bbox 1245 5386 1590 5469; x_wconf 68' lang='grc' dir='ltr'>ἀμάρτημα,</span> <span class='ocrx_word' id='word_1_607' title='bbox 1636 5400 1746 5439; x_wconf 90' lang='lat' dir='ltr'><strong>non</strong></span> <span class='ocrx_word' id='word_1_608' title='bbox 1780 5384 1834 5438; x_wconf 90' lang='lat' dir='ltr'><strong>in</strong></span> <span class='ocrx_word' id='word_1_609' title='bbox 1880 5382 2211 5466; x_wconf 62' lang='lat' dir='ltr'><strong>Proverbiis,</strong></span> 
     </span>
     <span class='ocr_line' id='line_1_84' title="bbox 765 5453 2211 5512; baseline -0.002 -2"><span class='ocrx_word' id='word_1_610' title='bbox 765 5474 816 5510; x_wconf 81' lang='lat' dir='ltr'><strong>In</strong></span> <span class='ocrx_word' id='word_1_611' title='bbox 848 5458 985 5512; x_wconf 77' lang='lat' dir='ltr'><strong>libro</strong></span> <span class='ocrx_word' id='word_1_612' title='bbox 1016 5469 1309 5512; x_wconf 68' lang='lat' dir='ltr'><strong>bantenttm</strong></span> <span class='ocrx_word' id='word_1_613' title='bbox 1337 5458 1453 5511; x_wconf 70' lang='lat' dir='ltr'><strong>haec</strong></span> <span class='ocrx_word' id='word_1_614' title='bbox 1481 5456 1731 5512; x_wconf 64' lang='lat' dir='ltr'><strong>leguntur</strong></span> <span class='ocrx_word' id='word_1_615' title='bbox 1757 5470 1875 5512; x_wconf 87' lang='lat' dir='ltr'><strong>can.</strong></span> <span class='ocrx_word' id='word_1_616' title='bbox 1911 5471 1964 5512; x_wconf 87' lang='lat' dir='ltr'><strong>v.</strong></span> <span class='ocrx_word' id='word_1_617' title='bbox 1997 5454 2082 5509; x_wconf 80' lang='grc'><strong>15.</strong></span> <span class='ocrx_word' id='word_1_618' title='bbox 2113 5453 2211 5509; x_wconf 88' lang='lat' dir='ltr'><strong>Ubt</strong></span> 
     </span>
    </p>
   </div>
   <div class='ocr_carea' id='block_1_84' title="bbox 634 5453 2212 5527">
    <p class='ocr_par' dir='ltr' id='par_1_84' title="bbox 634 5453 2212 5527">
     <span class='ocr_line' id='line_1_85' title="bbox 634 5453 2212 5527; baseline -0.004 -13"><span class='ocrx_word' id='word_1_619' title='bbox 634 5453 730 5514; x_wconf 79' lang='lat' dir='ltr'><strong>sed</strong></span> <span class='ocrx_word' id='word_1_620' title='bbox 765 5453 816 5510; x_wconf 86' lang='lat' dir='ltr'><strong>in</strong></span> <span class='ocrx_word' id='word_1_621' title='bbox 848 5453 1309 5527; x_wconf 50' lang='lat' dir='ltr'><strong>libro&#39;Sapientiai</strong></span> <span class='ocrx_word' id='word_1_622' title='bbox 1337 5453 1731 5525; x_wconf 33' lang='lat' dir='ltr'><strong>haec—leguntur</strong></span> <span class='ocrx_word' id='word_1_623' title='bbox 1757 5470 1875 5524; x_wconf 91' lang='lat' dir='ltr'><strong>cap.</strong></span> <span class='ocrx_word' id='word_1_624' title='bbox 1911 5471 1964 5518; x_wconf 87' lang='lat' dir='ltr'><strong>v,</strong></span> <span class='ocrx_word' id='word_1_625' title='bbox 1997 5454 2082 5527; x_wconf 71' lang='lat'><strong>15.</strong></span> <span class='ocrx_word' id='word_1_626' title='bbox 2113 5453 2212 5509; x_wconf 90' lang='lat' dir='ltr'><strong>Ubi</strong></span> 
     </span>
    </p>
   </div>
   <div class='ocr_carea' id='block_1_85' title="bbox 634 5525 2211 5597">
    <p class='ocr_par' dir='ltr' id='par_1_85' title="bbox 634 5525 2211 5597">
     <span class='ocr_line' id='line_1_86' title="bbox 634 5525 2211 5597; baseline -0.001 -16"><span class='ocrx_word' id='word_1_627' title='bbox 634 5529 875 5595; x_wconf 78' lang='lat' dir='ltr'><strong>reperies</strong></span> <span class='ocrx_word' id='word_1_628' title='bbox 911 5530 969 5580; x_wconf 78' lang='grc' dir='ltr'>ὲν</span> <span class='ocrx_word' id='word_1_629' title='bbox 1014 5525 1202 5597; x_wconf 80' lang='grc' dir='ltr'>Κυρίῳ</span> <span class='ocrx_word' id='word_1_630' title='bbox 1250 5529 1278 5579; x_wconf 93' lang='lat'><strong>6</strong></span> <span class='ocrx_word' id='word_1_631' title='bbox 1311 5527 1500 5597; x_wconf 81' lang='grc' dir='ltr'>μισθὸς</span> <span class='ocrx_word' id='word_1_632' title='bbox 1533 5527 1734 5597; x_wconf 82' lang='grc' dir='ltr'>αὐτῶν,</span> <span class='ocrx_word' id='word_1_633' title='bbox 1768 5534 1829 5597; x_wconf 85' lang='lat' dir='ltr'><strong>ut</strong></span> <span class='ocrx_word' id='word_1_634' title='bbox 1858 5540 2022 5595; x_wconf 91' lang='lat' dir='ltr'><strong>supra</strong></span> <span class='ocrx_word' id='word_1_635' title='bbox 2069 5525 2106 5578; x_wconf 83' lang='lat' dir='ltr'><strong>l&#39;.</strong></span> <span class='ocrx_word' id='word_1_636' title='bbox 2150 5540 2211 5588; x_wconf 86' lang='lat' dir='ltr'><strong>tt,</strong></span> 
     </span>
    </p>
   </div>
   <div class='ocr_carea' id='block_1_86' title="bbox 637 5596 1835 5669">
    <p class='ocr_par' dir='ltr' id='par_1_86' title="bbox 637 5596 1835 5669">
     <span class='ocr_line' id='line_1_87' title="bbox 637 5596 1835 5669; baseline 0.002 -21"><span class='ocrx_word' id='word_1_637' title='bbox 637 5598 665 5669; x_wconf 68' lang='grc' dir='ltr'>ς</span> <span class='ocrx_word' id='word_1_638' title='bbox 703 5598 771 5669; x_wconf 17' lang='grc' dir='ltr'><strong>Ἱνς</strong></span> <span class='ocrx_word' id='word_1_639' title='bbox 805 5613 913 5669; x_wconf 77' lang='lat' dir='ltr'><strong>non</strong></span> <span class='ocrx_word' id='word_1_640' title='bbox 945 5600 1003 5651; x_wconf 81' lang='grc' dir='ltr'>ὲν</span> <span class='ocrx_word' id='word_1_641' title='bbox 1039 5596 1234 5667; x_wconf 83' lang='grc' dir='ltr'>καιρῷ,</span> <span class='ocrx_word' id='word_1_642' title='bbox 1269 5607 1329 5650; x_wconf 85' lang='grc' dir='ltr'>ιιι</span> <span class='ocrx_word' id='word_1_643' title='bbox 1356 5597 1441 5669; x_wconf 80' lang='lat' dir='ltr'><strong>hic</strong></span> <span class='ocrx_word' id='word_1_644' title='bbox 1471 5607 1522 5669; x_wconf 78' lang='lat' dir='ltr'><strong>et</strong></span> <span class='ocrx_word' id='word_1_645' title='bbox 1552 5598 1586 5650; x_wconf 91' lang='grc' dir='ltr'><strong>ι.</strong></span> <span class='ocrx_word' id='word_1_646' title='bbox 1623 5614 1662 5662; x_wconf 88' lang='grc' dir='ltr'>ι,</span> <span class='ocrx_word' id='word_1_647' title='bbox 1694 5596 1720 5668; x_wconf 81' lang='lat'>§</span> <span class='ocrx_word' id='word_1_648' title='bbox 1752 5596 1835 5650; x_wconf 68' lang='grc' dir='ltr'>ιε.</span> 
     </span>
    </p>
   </div>
   <div class='ocr_carea' id='block_1_87' title="bbox 734 5665 1612 5738">
    <p class='ocr_par' dir='ltr' id='par_1_87' title="bbox 734 5665 1612 5738">
     <span class='ocr_line' id='line_1_88' title="bbox 734 5665 1612 5738; baseline 0.001 -18"><span class='ocrx_word' id='word_1_649' title='bbox 734 5666 823 5738; x_wconf 69' lang='grc'><strong>54)</strong></span> <span class='ocrx_word' id='word_1_650' title='bbox 863 5666 1076 5738; x_wconf 82' lang='lat' dir='ltr'><strong>Olymp.</strong></span> <span class='ocrx_word' id='word_1_651' title='bbox 1118 5665 1250 5721; x_wconf 73' lang='grc' dir='ltr'>αὐτὸ</span> <span class='ocrx_word' id='word_1_652' title='bbox 1275 5669 1353 5729; x_wconf 84' lang='grc' dir='ltr'><strong>είς</strong></span> <span class='ocrx_word' id='word_1_653' title='bbox 1384 5665 1612 5738; x_wconf 22' lang='grc' dir='ltr'>τᾲγᾷνω.</span> 
     </span>
    </p>
   </div>
   <div class='ocr_carea' id='block_1_88' title="bbox 710 5673 2214 5807">
    <p class='ocr_par' dir='ltr' id='par_1_88' title="bbox 710 5673 2214 5807">
     <span class='ocr_line' id='line_1_89' title="bbox 734 5673 1612 5738; baseline 0.001 -18"><span class='ocrx_word' id='word_1_654' title='bbox 734 5673 802 5720; x_wconf 71' lang='grc'><strong>54</strong></span> <span class='ocrx_word' id='word_1_655' title='bbox 863 5673 1076 5738; x_wconf 77' lang='lat' dir='ltr'><strong>Olymp.</strong></span> <span class='ocrx_word' id='word_1_656' title='bbox 1118 5673 1250 5721; x_wconf 76' lang='grc' dir='ltr'>αὐτὸ</span> <span class='ocrx_word' id='word_1_657' title='bbox 1275 5673 1353 5729; x_wconf 83' lang='grc' dir='ltr'><strong>είς</strong></span> <span class='ocrx_word' id='word_1_658' title='bbox 1384 5673 1451 5720; x_wconf 82' lang='grc' dir='ltr'>τὰ</span> <span class='ocrx_word' id='word_1_659' title='bbox 1480 5673 1612 5721; x_wconf 79' lang='grc' dir='ltr'>ἀνω.</span> 
     </span>
     <span class='ocr_line' id='line_1_90' title="bbox 710 5673 2214 5807; baseline -0.004 -15"><span class='ocrx_word' id='word_1_660' title='bbox 710 5673 823 5807; x_wconf 49' lang='grc' dir='ltr'><strong>ξὸὄζ</strong></span> <span class='ocrx_word' id='word_1_661' title='bbox 865 5737 1060 5792; x_wconf 79' lang='lat' dir='ltr'><strong>Cenes.</strong></span> <span class='ocrx_word' id='word_1_662' title='bbox 1111 5754 1150 5800; x_wconf 87' lang='grc' dir='ltr'><strong>ι,</strong></span> <span class='ocrx_word' id='word_1_663' title='bbox 1194 5738 1285 5791; x_wconf 74' lang='grc'><strong>24.</strong></span> <span class='ocrx_word' id='word_1_664' title='bbox 1318 5741 1386 5791; x_wconf 84' lang='lat' dir='ltr'><strong>At</strong></span> <span class='ocrx_word' id='word_1_665' title='bbox 1418 5737 1557 5790; x_wconf 80' lang='lat' dir='ltr'><strong>LXX</strong></span> <span class='ocrx_word' id='word_1_666' title='bbox 1591 5754 1697 5791; x_wconf 91' lang='lat' dir='ltr'><strong>non</strong></span> <span class='ocrx_word' id='word_1_667' title='bbox 1750 5738 1970 5802; x_wconf 76' lang='lat' dir='ltr'><strong>habent,</strong></span> <span class='ocrx_word' id='word_1_668' title='bbox 2006 5736 2100 5788; x_wconf 73' lang='lat' dir='ltr'><strong>xui.</strong></span> <span class='ocrx_word' id='word_1_669' title='bbox 2145 5734 2214 5787; x_wconf 75' lang='grc' dir='ltr'>τὰ</span> 
     </span>
    </p>
   </div>
   <div class='ocr_carea' id='block_1_89' title="bbox 640 5806 2214 5881">
    <p class='ocr_par' dir='ltr' id='par_1_89' title="bbox 640 5806 2214 5881">
     <span class='ocr_line' id='line_1_91' title="bbox 640 5806 2214 5881; baseline -0.003 -18"><span class='ocrx_word' id='word_1_670' title='bbox 640 5808 811 5881; x_wconf 79' lang='grc' dir='ltr'>κτήνη</span> <span class='ocrx_word' id='word_1_671' title='bbox 838 5808 975 5862; x_wconf 72' lang='grc' dir='ltr'>κατὰ</span> <span class='ocrx_word' id='word_1_672' title='bbox 1005 5806 1179 5878; x_wconf 79' lang='grc' dir='ltr'>γένος,</span> <span class='ocrx_word' id='word_1_673' title='bbox 1213 5823 1333 5879; x_wconf 73' lang='lat' dir='ltr'><strong>quae</strong></span> <span class='ocrx_word' id='word_1_674' title='bbox 1364 5816 1577 5864; x_wconf 90' lang='lat' dir='ltr'><strong>tantum</strong></span> <span class='ocrx_word' id='word_1_675' title='bbox 1613 5808 1667 5863; x_wconf 87' lang='lat' dir='ltr'><strong>in</strong></span> <span class='ocrx_word' id='word_1_676' title='bbox 1704 5808 1951 5878; x_wconf 87' lang='lat' dir='ltr'><strong>sequenti</strong></span> <span class='ocrx_word' id='word_1_677' title='bbox 1990 5819 2214 5861; x_wconf 89' lang='lat' dir='ltr'><strong>numero</strong></span> 
     </span>
    </p>
   </div>
   <div class='ocr_carea' id='block_1_90' title="bbox 2296 3150 3878 3233">
    <p class='ocr_par' dir='ltr' id='par_1_90' title="bbox 2296 3150 3878 3233">
     <span class='ocr_line' id='line_1_92' title="bbox 2296 3150 3878 3233; baseline -0.01 -15"><span class='ocrx_word' id='word_1_678' title='bbox 2296 3165 2360 3218; x_wconf 82' lang='grc' dir='ltr'><strong>τὸ</strong></span> <span class='ocrx_word' id='word_1_679' title='bbox 2392 3163 2682 3233; x_wconf 87' lang='grc' dir='ltr'>πρόσωπον</span> <span class='ocrx_word' id='word_1_680' title='bbox 2731 3160 2895 3213; x_wconf 84' lang='grc' dir='ltr'>αὐτοῦ</span> <span class='ocrx_word' id='word_1_681' title='bbox 2943 3158 3112 3226; x_wconf 81' lang='grc' dir='ltr'>πνοὴν</span> <span class='ocrx_word' id='word_1_682' title='bbox 3143 3156 3308 3221; x_wconf 80' lang='grc' dir='ltr'>ζωῆς.</span> <span class='ocrx_word' id='word_1_683' title='bbox 3340 3154 3435 3207; x_wconf 78' lang='grc' dir='ltr'>καὶ</span> <span class='ocrx_word' id='word_1_684' title='bbox 3464 3154 3683 3222; x_wconf 82' lang='grc' dir='ltr'>ἐγένετο</span> <span class='ocrx_word' id='word_1_685' title='bbox 3725 3152 3752 3203; x_wconf 92' lang='lat'><strong>6</strong></span> <span class='ocrx_word' id='word_1_686' title='bbox 3782 3150 3878 3204; x_wconf 80' lang='grc' dir='ltr'><strong>ἄν-</strong></span> 
     </span>
    </p>
   </div>
   <div class='ocr_carea' id='block_1_91' title="bbox 2301 3241 3881 3326">
    <p class='ocr_par' dir='ltr' id='par_1_91' title="bbox 2301 3241 3881 3326">
     <span class='ocr_line' id='line_1_93' title="bbox 2301 3241 3881 3326; baseline -0.011 -15"><span class='ocrx_word' id='word_1_687' title='bbox 2301 3257 2519 3326; x_wconf 87' lang='grc' dir='ltr'>θρωπος</span> <span class='ocrx_word' id='word_1_688' title='bbox 2548 3255 2628 3318; x_wconf 87' lang='grc' dir='ltr'><strong>είς</strong></span> <span class='ocrx_word' id='word_1_689' title='bbox 2658 3252 2836 3322; x_wconf 71' lang='grc' dir='ltr'>ψυχὴν</span> <span class='ocrx_word' id='word_1_690' title='bbox 2867 3251 3082 3315; x_wconf 80' lang='grc' dir='ltr'>ζῶσαν;</span> <span class='ocrx_word' id='word_1_691' title='bbox 3123 3267 3142 3301; x_wconf 69' lang='grc' dir='ltr'><em>υ</em></span> <span class='ocrx_word' id='word_1_692' title='bbox 3193 3248 3354 3317; x_wconf 79' lang='grc' dir='ltr'>Ὁρᾷς</span> <span class='ocrx_word' id='word_1_693' title='bbox 3380 3241 3473 3299; x_wconf 88' lang='grc' dir='ltr'><strong>οῦν</strong></span> <span class='ocrx_word' id='word_1_694' title='bbox 3514 3244 3576 3297; x_wconf 80' lang='grc' dir='ltr'>τὸ</span> <span class='ocrx_word' id='word_1_695' title='bbox 3626 3242 3881 3311; x_wconf 83' lang='grc' dir='ltr'>διάφορον</span> 
     </span>
    </p>
   </div>
   <div class='ocr_carea' id='block_1_92' title="bbox 2301 3333 3879 3420">
    <p class='ocr_par' dir='ltr' id='par_1_92' title="bbox 2301 3333 3879 3420">
     <span class='ocr_line' id='line_1_94' title="bbox 2301 3333 3879 3420; baseline -0.008 -18"><span class='ocrx_word' id='word_1_696' title='bbox 2301 3349 2437 3420; x_wconf 74' lang='grc' dir='ltr'>πρὸς</span> <span class='ocrx_word' id='word_1_697' title='bbox 2464 3350 2562 3410; x_wconf 87' lang='grc' dir='ltr'>τὰς</span> <span class='ocrx_word' id='word_1_698' title='bbox 2592 3343 2888 3417; x_wconf 85' lang='grc' dir='ltr'>κτηνὼδεις</span> <span class='ocrx_word' id='word_1_699' title='bbox 2918 3342 3097 3412; x_wconf 80' lang='grc' dir='ltr'>ψυχὰς</span> <span class='ocrx_word' id='word_1_700' title='bbox 3141 3339 3242 3408; x_wconf 82' lang='grc' dir='ltr'>τῆς</span> <span class='ocrx_word' id='word_1_701' title='bbox 3283 3335 3637 3407; x_wconf 80' lang='grc' dir='ltr'>ἀνθρωπίνης</span> <span class='ocrx_word' id='word_1_702' title='bbox 3681 3333 3879 3404; x_wconf 73' lang='grc' dir='ltr'>ψυχῆς.</span> 
     </span>
    </p>
   </div>
   <div class='ocr_carea' id='block_1_93' title="bbox 2300 3426 3881 3510">
    <p class='ocr_par' dir='ltr' id='par_1_93' title="bbox 2300 3426 3881 3510">
     <span class='ocr_line' id='line_1_95' title="bbox 2300 3426 3881 3510; baseline -0.01 -17"><span class='ocrx_word' id='word_1_703' title='bbox 2300 3443 2366 3494; x_wconf 86' lang='grc' dir='ltr'><strong>Αἱ</strong></span> <span class='ocrx_word' id='word_1_704' title='bbox 2417 3439 2514 3510; x_wconf 80' lang='grc' dir='ltr'><strong>μὲν</strong></span> <span class='ocrx_word' id='word_1_705' title='bbox 2559 3437 2667 3506; x_wconf 78' lang='grc' dir='ltr'><strong>γὰρ</strong></span> <span class='ocrx_word' id='word_1_706' title='bbox 2696 3435 2816 3489; x_wconf 84' lang='grc' dir='ltr'>ὅθεν</span> <span class='ocrx_word' id='word_1_707' title='bbox 2849 3436 2918 3487; x_wconf 84' lang='grc' dir='ltr'>τὰ</span> <span class='ocrx_word' id='word_1_708' title='bbox 2965 3432 3197 3503; x_wconf 77' lang='grc' dir='ltr'>σώματα</span> <span class='ocrx_word' id='word_1_709' title='bbox 3239 3429 3337 3501; x_wconf 84' lang='grc' dir='ltr'>τὴν</span> <span class='ocrx_word' id='word_1_710' title='bbox 3383 3428 3680 3482; x_wconf 81' lang='grc' dir='ltr'>ὑπόστασιν</span> <span class='ocrx_word' id='word_1_711' title='bbox 3703 3426 3881 3496; x_wconf 75' lang='grc' dir='ltr'>ἔσχον,</span> 
     </span>
    </p>
   </div>
   <div class='ocr_carea' id='block_1_94' title="bbox 2303 3517 3881 3596">
    <p class='ocr_par' dir='ltr' id='par_1_94' title="bbox 2303 3517 3881 3596">
     <span class='ocr_line' id='line_1_96' title="bbox 2303 3517 3881 3596; baseline -0.011 -11"><span class='ocrx_word' id='word_1_712' title='bbox 2303 3530 2513 3585; x_wconf 77' lang='grc' dir='ltr'>ἐκεῖθεν</span> <span class='ocrx_word' id='word_1_713' title='bbox 2546 3530 2642 3582; x_wconf 79' lang='grc' dir='ltr'>καὶ</span> <span class='ocrx_word' id='word_1_714' title='bbox 2685 3527 2783 3596; x_wconf 83' lang='grc' dir='ltr'>τὴν</span> <span class='ocrx_word' id='word_1_715' title='bbox 2813 3528 3025 3594; x_wconf 83' lang='grc' dir='ltr'>γένεσιν</span> <span class='ocrx_word' id='word_1_716' title='bbox 3065 3523 3278 3588; x_wconf 75' lang='grc' dir='ltr'>ἔλαϐον,</span> <span class='ocrx_word' id='word_1_717' title='bbox 3308 3521 3474 3593; x_wconf 83' lang='grc' dir='ltr'>ήγουν</span> <span class='ocrx_word' id='word_1_718' title='bbox 3507 3521 3571 3573; x_wconf 81' lang='grc' dir='ltr'>ὲκ</span> <span class='ocrx_word' id='word_1_719' title='bbox 3612 3518 3707 3573; x_wconf 84' lang='grc' dir='ltr'><strong>τοῦ</strong></span> <span class='ocrx_word' id='word_1_720' title='bbox 3736 3517 3881 3588; x_wconf 76' lang='grc' dir='ltr'><strong>χοὸς,</strong></span> 
     </span>
    </p>
   </div>
   <div class='ocr_carea' id='block_1_95' title="bbox 2304 3606 3883 3687">
    <p class='ocr_par' dir='ltr' id='par_1_95' title="bbox 2304 3606 3883 3687">
     <span class='ocr_line' id='line_1_97' title="bbox 2304 3606 3883 3687; baseline -0.01 -11"><span class='ocrx_word' id='word_1_721' title='bbox 2304 3622 2397 3677; x_wconf 82' lang='grc' dir='ltr'>καὶ</span> <span class='ocrx_word' id='word_1_722' title='bbox 2444 3619 2625 3683; x_wconf 81' lang='grc' dir='ltr'>καλῶς</span> <span class='ocrx_word' id='word_1_723' title='bbox 2673 3619 2769 3672; x_wconf 53' lang='grc' dir='ltr'><strong>καὶ⁹</strong></span> <span class='ocrx_word' id='word_1_724' title='bbox 2820 3616 3209 3687; x_wconf 79' lang='grc' dir='ltr'>προσηκόντως</span> <span class='ocrx_word' id='word_1_725' title='bbox 3257 3613 3681 3682; x_wconf 78' lang='grc' dir='ltr'>ἐπιστρέφουσιν</span> <span class='ocrx_word' id='word_1_726' title='bbox 3724 3606 3883 3672; x_wconf 82' lang='grc' dir='ltr'>αὖθις</span> 
     </span>
    </p>
   </div>
   <div class='ocr_carea' id='block_1_96' title="bbox 2304 3700 3881 3783">
    <p class='ocr_par' dir='ltr' id='par_1_96' title="bbox 2304 3700 3881 3783">
     <span class='ocr_line' id='line_1_98' title="bbox 2304 3700 3881 3783; baseline -0.01 -16"><span class='ocrx_word' id='word_1_727' title='bbox 2304 3716 2385 3776; x_wconf 82' lang='grc' dir='ltr'>εἰς</span> <span class='ocrx_word' id='word_1_728' title='bbox 2416 3711 2514 3783; x_wconf 82' lang='grc' dir='ltr'>τὴν</span> <span class='ocrx_word' id='word_1_729' title='bbox 2554 3709 2705 3780; x_wconf 85' lang='grc' dir='ltr'>σφῶν</span> <span class='ocrx_word' id='word_1_730' title='bbox 2741 3709 2953 3779; x_wconf 80' lang='grc' dir='ltr'>μητέρα</span> <span class='ocrx_word' id='word_1_731' title='bbox 3002 3707 3096 3760; x_wconf 72' lang='grc' dir='ltr'><strong>καὶ</strong></span> <span class='ocrx_word' id='word_1_732' title='bbox 3122 3704 3358 3774; x_wconf 86' lang='grc' dir='ltr'>τιθηνόν.</span> <span class='ocrx_word' id='word_1_733' title='bbox 3413 3704 3477 3756; x_wconf 85' lang='grc' dir='ltr'>Ἡ</span> <span class='ocrx_word' id='word_1_734' title='bbox 3510 3702 3567 3755; x_wconf 79' lang='grc' dir='ltr'><strong>δὲ</strong></span> <span class='ocrx_word' id='word_1_735' title='bbox 3612 3701 3757 3771; x_wconf 79' lang='grc' dir='ltr'>ψυχὴ</span> <span class='ocrx_word' id='word_1_736' title='bbox 3787 3700 3881 3754; x_wconf 81' lang='grc' dir='ltr'><strong>τοῦ</strong></span> 
     </span>
    </p>
   </div>
   <div class='ocr_carea' id='block_1_97' title="bbox 2304 3800 3884 3878">
    <p class='ocr_par' dir='ltr' id='par_1_97' title="bbox 2304 3800 3884 3878">
     <span class='ocr_line' id='line_1_99' title="bbox 2304 3800 3884 3878; baseline -0.009 -16"><span class='ocrx_word' id='word_1_737' title='bbox 2304 3806 2591 3878; x_wconf 79' lang='grc' dir='ltr'>ἀνθρώπου</span> <span class='ocrx_word' id='word_1_738' title='bbox 2627 3804 2777 3877; x_wconf 82' lang='grc' dir='ltr'>παρὰ</span> <span class='ocrx_word' id='word_1_739' title='bbox 2812 3805 2910 3874; x_wconf 79' lang='grc' dir='ltr'>τῆς</span> <span class='ocrx_word' id='word_1_740' title='bbox 2937 3804 3032 3857; x_wconf 81' lang='grc' dir='ltr'>τοῦ</span> <span class='ocrx_word' id='word_1_741' title='bbox 3061 3801 3206 3855; x_wconf 87' lang='grc' dir='ltr'>θείου</span> <span class='ocrx_word' id='word_1_742' title='bbox 3238 3802 3455 3871; x_wconf 79' lang='grc' dir='ltr'>ὲμφυσή</span> <span class='ocrx_word' id='word_1_743' title='bbox 3466 3815 3633 3869; x_wconf 85' lang='grc' dir='ltr'>ματος</span> <span class='ocrx_word' id='word_1_744' title='bbox 3662 3800 3884 3869; x_wconf 78' lang='grc' dir='ltr'>χάριτος</span> 
     </span>
    </p>
   </div>
   <div class='ocr_carea' id='block_1_98' title="bbox 2305 3889 3886 3962">
    <p class='ocr_par' dir='ltr' id='par_1_98' title="bbox 2305 3889 3886 3962">
     <span class='ocr_line' id='line_1_100' title="bbox 2305 3889 3886 3962; baseline -0.008 -10"><span class='ocrx_word' id='word_1_745' title='bbox 2305 3898 2628 3954; x_wconf 80' lang='grc' dir='ltr'>ούσιωθεῖσα</span> <span class='ocrx_word' id='word_1_746' title='bbox 2680 3897 2773 3949; x_wconf 78' lang='grc' dir='ltr'>καὶ</span> <span class='ocrx_word' id='word_1_747' title='bbox 2821 3894 3063 3948; x_wconf 82' lang='grc' dir='ltr'>λαϐοῦσα</span> <span class='ocrx_word' id='word_1_748' title='bbox 3128 3896 3226 3962; x_wconf 84' lang='grc' dir='ltr'>τὴν</span> <span class='ocrx_word' id='word_1_749' title='bbox 3278 3891 3577 3945; x_wconf 83' lang='grc' dir='ltr'>ὑπόστασιν</span> <span class='ocrx_word' id='word_1_750' title='bbox 3636 3890 3730 3942; x_wconf 78' lang='grc' dir='ltr'>καὶ</span> <span class='ocrx_word' id='word_1_751' title='bbox 3784 3889 3886 3957; x_wconf 76' lang='grc' dir='ltr'>τὴν</span> 
     </span>
    </p>
   </div>
   <div class='ocr_carea' id='block_1_99' title="bbox 2308 3977 3886 4059">
    <p class='ocr_par' dir='ltr' id='par_1_99' title="bbox 2308 3977 3886 4059">
     <span class='ocr_line' id='line_1_101' title="bbox 2308 3977 3886 4059; baseline -0.009 -16"><span class='ocrx_word' id='word_1_752' title='bbox 2308 3987 2572 4059; x_wconf 76' lang='grc' dir='ltr'>ὕπαρξιν,</span> <span class='ocrx_word' id='word_1_753' title='bbox 2628 3986 2803 4039; x_wconf 76' lang='grc' dir='ltr'>ἔοικεν</span> <span class='ocrx_word' id='word_1_754' title='bbox 2855 3985 3186 4054; x_wconf 85' lang='grc' dir='ltr'>ἀσύγκριτον</span> <span class='ocrx_word' id='word_1_755' title='bbox 3235 3982 3432 4053; x_wconf 74' lang='grc' dir='ltr'>ἔχουσα</span> <span class='ocrx_word' id='word_1_756' title='bbox 3481 3978 3580 4050; x_wconf 83' lang='grc' dir='ltr'>τὴν</span> <span class='ocrx_word' id='word_1_757' title='bbox 3637 3977 3770 4049; x_wconf 85' lang='grc' dir='ltr'>πρὸς</span> <span class='ocrx_word' id='word_1_758' title='bbox 3822 3978 3886 4030; x_wconf 87' lang='grc' dir='ltr'>τὸ</span> 
     </span>
    </p>
   </div>
   <div class='ocr_carea' id='block_1_100' title="bbox 2309 4068 3886 4153">
    <p class='ocr_par' dir='ltr' id='par_1_100' title="bbox 2309 4068 3886 4153">
     <span class='ocr_line' id='line_1_102' title="bbox 2309 4068 3886 4153; baseline -0.011 -17"><span class='ocrx_word' id='word_1_759' title='bbox 2309 4084 2554 4153; x_wconf 85' lang='grc' dir='ltr'>κρεῖττον</span> <span class='ocrx_word' id='word_1_760' title='bbox 2585 4079 2883 4149; x_wconf 77' lang='grc' dir='ltr'>ὑπεροχήν.</span> <span class='ocrx_word' id='word_1_761' title='bbox 2933 4076 3072 4129; x_wconf 81' lang='grc' dir='ltr'>Καθ’</span> <span class='ocrx_word' id='word_1_762' title='bbox 3102 4076 3224 4129; x_wconf 82' lang='grc' dir='ltr'>ὅσον</span> <span class='ocrx_word' id='word_1_763' title='bbox 3270 4074 3378 4141; x_wconf 82' lang='grc' dir='ltr'>γὰρ</span> <span class='ocrx_word' id='word_1_764' title='bbox 3409 4072 3683 4142; x_wconf 84' lang='grc' dir='ltr'>διενήνοχε</span> <span class='ocrx_word' id='word_1_765' title='bbox 3724 4068 3886 4139; x_wconf 81' lang='grc' dir='ltr'>χάρις</span> 
     </span>
    </p>
   </div>
   <div class='ocr_carea' id='block_1_101' title="bbox 2308 4159 3885 4242">
    <p class='ocr_par' dir='ltr' id='par_1_101' title="bbox 2308 4159 3885 4242">
     <span class='ocr_line' id='line_1_103' title="bbox 2308 4159 3885 4242; baseline -0.01 -13"><span class='ocrx_word' id='word_1_766' title='bbox 2308 4174 2404 4229; x_wconf 73' lang='grc' dir='ltr'>καὶ</span> <span class='ocrx_word' id='word_1_767' title='bbox 2448 4173 2679 4242; x_wconf 86' lang='grc' dir='ltr'>δύναμις</span> <span class='ocrx_word' id='word_1_768' title='bbox 2730 4170 3126 4241; x_wconf 79' lang='grc' dir='ltr'>ὲμφυσήματος</span> <span class='ocrx_word' id='word_1_769' title='bbox 3158 4167 3293 4221; x_wconf 83' lang='grc' dir='ltr'><strong>Θεοῦ</strong></span> <span class='ocrx_word' id='word_1_770' title='bbox 3327 4165 3463 4237; x_wconf 81' lang='grc' dir='ltr'>πρὸς</span> <span class='ocrx_word' id='word_1_771' title='bbox 3508 4164 3607 4233; x_wconf 79' lang='grc' dir='ltr'><strong>τήν</strong></span> <span class='ocrx_word' id='word_1_772' title='bbox 3651 4162 3746 4231; x_wconf 80' lang='grc' dir='ltr'>τῆς</span> <span class='ocrx_word' id='word_1_773' title='bbox 3780 4159 3885 4228; x_wconf 76' lang='grc' dir='ltr'>γῆς</span> 
     </span>
    </p>
   </div>
   <div class='ocr_carea' id='block_1_102' title="bbox 2308 4252 3886 4336">
    <p class='ocr_par' dir='ltr' id='par_1_102' title="bbox 2308 4252 3886 4336">
     <span class='ocr_line' id='line_1_104' title="bbox 2308 4252 3886 4336; baseline -0.011 -15"><span class='ocrx_word' id='word_1_774' title='bbox 2308 4266 2471 4336; x_wconf 86' lang='grc' dir='ltr'>φύσιν</span> <span class='ocrx_word' id='word_1_775' title='bbox 2528 4267 2622 4320; x_wconf 80' lang='grc' dir='ltr'>καὶ</span> <span class='ocrx_word' id='word_1_776' title='bbox 2672 4264 2922 4333; x_wconf 85' lang='grc' dir='ltr'>δύναμιν,</span> <span class='ocrx_word' id='word_1_777' title='bbox 2981 4259 3123 4315; x_wconf 82' lang='grc' dir='ltr'>κατὰ</span> <span class='ocrx_word' id='word_1_778' title='bbox 3167 4256 3422 4312; x_wconf 85' lang='grc' dir='ltr'>τοσοῦτον</span> <span class='ocrx_word' id='word_1_779' title='bbox 3477 4252 3886 4323; x_wconf 80' lang='grc' dir='ltr'>ὑπολαμϐάνειν</span> 
     </span>
    </p>
   </div>
   <div class='ocr_carea' id='block_1_103' title="bbox 2309 4343 3884 4428">
    <p class='ocr_par' dir='ltr' id='par_1_103' title="bbox 2309 4343 3884 4428">
     <span class='ocr_line' id='line_1_105' title="bbox 2309 4343 3884 4428; baseline -0.01 -16"><span class='ocrx_word' id='word_1_780' title='bbox 2309 4358 2597 4428; x_wconf 82' lang='grc' dir='ltr'>ὀφείλομεν</span> <span class='ocrx_word' id='word_1_781' title='bbox 2634 4356 2734 4425; x_wconf 79' lang='grc' dir='ltr'>τὴν</span> <span class='ocrx_word' id='word_1_782' title='bbox 2783 4352 3008 4424; x_wconf 84' lang='grc' dir='ltr'>λογικὴν</span> <span class='ocrx_word' id='word_1_783' title='bbox 3064 4351 3157 4405; x_wconf 78' lang='grc' dir='ltr'>καὶ</span> <span class='ocrx_word' id='word_1_784' title='bbox 3210 4350 3401 4420; x_wconf 82' lang='grc' dir='ltr'>νοεράν</span> <span class='ocrx_word' id='word_1_785' title='bbox 3450 4347 3544 4401; x_wconf 88' lang='grc' dir='ltr'><strong>τοῦ</strong></span> <span class='ocrx_word' id='word_1_786' title='bbox 3598 4343 3884 4417; x_wconf 76' lang='grc' dir='ltr'>ἀνθρώπου</span> 
     </span>
    </p>
   </div>
   <div class='ocr_carea' id='block_1_104' title="bbox 2236 4436 3885 4521">
    <p class='ocr_par' dir='ltr' id='par_1_104' title="bbox 2236 4436 3885 4521">
     <span class='ocr_line' id='line_1_106' title="bbox 2236 4436 3885 4521; baseline -0.01 -16"><span class='ocrx_word' id='word_1_787' title='bbox 2236 4442 2282 4497; x_wconf 80' lang='grc' dir='ltr'>Ῑ)</span> <span class='ocrx_word' id='word_1_788' title='bbox 2306 4450 2485 4521; x_wconf 76' lang='grc' dir='ltr'>ψυχὴν</span> <span class='ocrx_word' id='word_1_789' title='bbox 2516 4448 2801 4520; x_wconf 79' lang='grc' dir='ltr'>ὑπερέχειν</span> <span class='ocrx_word' id='word_1_790' title='bbox 2833 4448 2934 4516; x_wconf 84' lang='grc' dir='ltr'>τῆς</span> <span class='ocrx_word' id='word_1_791' title='bbox 2963 4444 3141 4516; x_wconf 76' lang='grc' dir='ltr'>ψυχῆς</span> <span class='ocrx_word' id='word_1_792' title='bbox 3170 4442 3278 4496; x_wconf 84' lang='grc' dir='ltr'><strong>τῶν</strong></span> <span class='ocrx_word' id='word_1_793' title='bbox 3308 4441 3521 4511; x_wconf 82' lang='grc' dir='ltr'>κτηνῶν</span> <span class='ocrx_word' id='word_1_794' title='bbox 3540 4457 3556 4473; x_wconf 73' lang='grc' dir='ltr'><strong>ο</strong></span> <span class='ocrx_word' id='word_1_795' title='bbox 3590 4439 3666 4501; x_wconf 82' lang='grc' dir='ltr'><strong>ὡς</strong></span> <span class='ocrx_word' id='word_1_796' title='bbox 3694 4437 3786 4490; x_wconf 71' lang='grc' dir='ltr'>καὶ</span> <span class='ocrx_word' id='word_1_797' title='bbox 3815 4436 3885 4489; x_wconf 76' lang='grc' dir='ltr'><strong>δι’</strong></span> 
     </span>
    </p>
   </div>
   <div class='ocr_carea' id='block_1_105' title="bbox 2306 4528 3885 4613">
    <p class='ocr_par' dir='ltr' id='par_1_105' title="bbox 2306 4528 3885 4613">
     <span class='ocr_line' id='line_1_107' title="bbox 2306 4528 3885 4613; baseline -0.012 -15"><span class='ocrx_word' id='word_1_798' title='bbox 2306 4544 2479 4613; x_wconf 81' lang='grc' dir='ltr'>αὐτῆς</span> <span class='ocrx_word' id='word_1_799' title='bbox 2530 4544 2637 4596; x_wconf 85' lang='grc' dir='ltr'>τῶν</span> <span class='ocrx_word' id='word_1_800' title='bbox 2686 4541 3029 4613; x_wconf 80' lang='grc' dir='ltr'>πραγμάτων</span> <span class='ocrx_word' id='word_1_801' title='bbox 3078 4538 3276 4608; x_wconf 88' lang='grc' dir='ltr'>πείρας</span> <span class='ocrx_word' id='word_1_802' title='bbox 3325 4531 3756 4601; x_wconf 79' lang='grc' dir='ltr'>ὲκδιδασκόμεθα</span> <span class='ocrx_word' id='word_1_803' title='bbox 3792 4528 3885 4581; x_wconf 77' lang='grc' dir='ltr'>καὶ</span> 
     </span>
    </p>
   </div>
   <div class='ocr_carea' id='block_1_106' title="bbox 2306 4619 3887 4705">
    <p class='ocr_par' dir='ltr' id='par_1_106' title="bbox 2306 4619 3887 4705">
     <span class='ocr_line' id='line_1_108' title="bbox 2306 4619 3887 4705; baseline -0.012 -14"><span class='ocrx_word' id='word_1_804' title='bbox 2306 4633 2829 4705; x_wconf 80' lang='grc' dir='ltr'>καταλαμϐάνομεν.</span> <span class='ocrx_word' id='word_1_805' title='bbox 2875 4632 2933 4685; x_wconf 88' lang='lat'><strong>&#39;0</strong></span> <span class='ocrx_word' id='word_1_806' title='bbox 2969 4630 3066 4702; x_wconf 80' lang='grc' dir='ltr'><strong>μὲν</strong></span> <span class='ocrx_word' id='word_1_807' title='bbox 3102 4629 3207 4699; x_wconf 79' lang='grc' dir='ltr'><strong>γὰρ</strong></span> <span class='ocrx_word' id='word_1_808' title='bbox 3235 4626 3518 4698; x_wconf 79' lang='grc' dir='ltr'>ἄνθρωπος</span> <span class='ocrx_word' id='word_1_809' title='bbox 3566 4622 3656 4677; x_wconf 81' lang='grc' dir='ltr'><strong>διὰ</strong></span> <span class='ocrx_word' id='word_1_810' title='bbox 3698 4621 3755 4673; x_wconf 88' lang='grc' dir='ltr'>τδ</span> <span class='ocrx_word' id='word_1_811' title='bbox 3784 4619 3887 4686; x_wconf 78' lang='grc' dir='ltr'>τῆς</span> 
     </span>
    </p>
   </div>
   <div class='ocr_carea' id='block_1_107' title="bbox 2306 4712 3885 4801">
    <p class='ocr_par' dir='ltr' id='par_1_107' title="bbox 2306 4712 3885 4801">
     <span class='ocr_line' id='line_1_109' title="bbox 2306 4712 3885 4801; baseline -0.014 -17"><span class='ocrx_word' id='word_1_812' title='bbox 2306 4731 2500 4801; x_wconf 86' lang='grc' dir='ltr'>νοερᾶς</span> <span class='ocrx_word' id='word_1_813' title='bbox 2530 4728 2625 4782; x_wconf 76' lang='grc' dir='ltr'>καὶ</span> <span class='ocrx_word' id='word_1_814' title='bbox 2662 4726 2888 4795; x_wconf 82' lang='grc' dir='ltr'>λογικῆς</span> <span class='ocrx_word' id='word_1_815' title='bbox 2917 4725 3095 4796; x_wconf 76' lang='grc' dir='ltr'>ψυχῆς</span> <span class='ocrx_word' id='word_1_816' title='bbox 3122 4723 3349 4793; x_wconf 73' lang='grc' dir='ltr'>ἀρχικὸν</span> <span class='ocrx_word' id='word_1_817' title='bbox 3389 4719 3573 4788; x_wconf 78' lang='grc' dir='ltr'>ἄρχων</span> <span class='ocrx_word' id='word_1_818' title='bbox 3603 4715 3697 4767; x_wconf 71' lang='grc' dir='ltr'><strong>καὶ</strong></span> <span class='ocrx_word' id='word_1_819' title='bbox 3727 4712 3885 4782; x_wconf 88' lang='grc' dir='ltr'>βασι-</span> 
     </span>
    </p>
   </div>
   <div class='ocr_carea' id='block_1_108' title="bbox 2305 4801 3885 4891">
    <p class='ocr_par' dir='ltr' id='par_1_108' title="bbox 2305 4801 3885 4891">
     <span class='ocr_line' id='line_1_110' title="bbox 2305 4801 3885 4891; baseline -0.013 -14"><span class='ocrx_word' id='word_1_820' title='bbox 2305 4820 2434 4884; x_wconf 82' lang='grc' dir='ltr'>λεὺς</span> <span class='ocrx_word' id='word_1_821' title='bbox 2467 4819 2686 4891; x_wconf 81' lang='grc' dir='ltr'>εἴρηται</span> <span class='ocrx_word' id='word_1_822' title='bbox 2738 4819 2956 4872; x_wconf 85' lang='grc' dir='ltr'>πάντων</span> <span class='ocrx_word' id='word_1_823' title='bbox 3000 4816 3108 4869; x_wconf 85' lang='grc' dir='ltr'><strong>τῶν</strong></span> <span class='ocrx_word' id='word_1_824' title='bbox 3144 4814 3319 4870; x_wconf 82' lang='grc' dir='ltr'>ἄλλων</span> <span class='ocrx_word' id='word_1_825' title='bbox 3356 4810 3545 4877; x_wconf 69' lang='grc' dir='ltr'>ζώωνε</span> <span class='ocrx_word' id='word_1_826' title='bbox 3601 4808 3782 4861; x_wconf 72' lang='grc' dir='ltr'>ἐκεῖνα</span> <span class='ocrx_word' id='word_1_827' title='bbox 3825 4801 3885 4857; x_wconf 66' lang='grc' dir='ltr'><strong>δὲ</strong></span> 
     </span>
    </p>
   </div>
   <div class='ocr_carea' id='block_1_109' title="bbox 2312 4895 3889 4982">
    <p class='ocr_par' dir='ltr' id='par_1_109' title="bbox 2312 4895 3889 4982">
     <span class='ocr_line' id='line_1_111' title="bbox 2312 4895 3889 4982; baseline -0.009 -17"><span class='ocrx_word' id='word_1_828' title='bbox 2312 4912 2490 4967; x_wconf 85' lang='grc' dir='ltr'>πάντα</span> <span class='ocrx_word' id='word_1_829' title='bbox 2538 4910 2616 4982; x_wconf 84' lang='grc' dir='ltr'>τῷ</span> <span class='ocrx_word' id='word_1_830' title='bbox 2664 4909 2939 4980; x_wconf 78' lang='grc' dir='ltr'>ἀνθρώπῳ</span> <span class='ocrx_word' id='word_1_831' title='bbox 2994 4906 3527 4967; x_wconf 86' lang='grc' dir='ltr'>καθυποτάττονται,</span> <span class='ocrx_word' id='word_1_832' title='bbox 3582 4899 3676 4952; x_wconf 71' lang='grc' dir='ltr'>καὶ</span> <span class='ocrx_word' id='word_1_833' title='bbox 3721 4895 3889 4951; x_wconf 84' lang='grc' dir='ltr'>δοῦλα</span> 
     </span>
    </p>
   </div>
   <div class='ocr_carea' id='block_1_110' title="bbox 2310 5002 2610 5072">
    <p class='ocr_par' dir='ltr' id='par_1_110' title="bbox 2310 5002 2610 5072">
     <span class='ocr_line' id='line_1_112' title="bbox 2310 5002 2610 5072; baseline -0.003 -16"><span class='ocrx_word' id='word_1_834' title='bbox 2310 5002 2610 5072; x_wconf 79' lang='grc' dir='ltr'>πεφύκασι.</span> 
     </span>
    </p>
   </div>
   <div class='ocr_carea' id='block_1_111' title="bbox 2382 5095 3890 5179">
    <p class='ocr_par' dir='ltr' id='par_1_111' title="bbox 2382 5095 3890 5179">
     <span class='ocr_line' id='line_1_113' title="bbox 2382 5095 3890 5179; baseline -0.014 -9"><span class='ocrx_word' id='word_1_835' title='bbox 2382 5114 2509 5179; x_wconf 81' lang='grc' dir='ltr'>Πῶς</span> <span class='ocrx_word' id='word_1_836' title='bbox 2539 5114 2635 5168; x_wconf 85' lang='grc' dir='ltr'><strong>οῦν</strong></span> <span class='ocrx_word' id='word_1_837' title='bbox 2668 5110 3000 5174; x_wconf 86' lang='grc' dir='ltr'>ἀδιαστόλως</span> <span class='ocrx_word' id='word_1_838' title='bbox 3034 5109 3300 5178; x_wconf 84' lang='grc' dir='ltr'>ἀπεφήνω</span> <span class='ocrx_word' id='word_1_839' title='bbox 3345 5105 3413 5159; x_wconf 77' lang='grc' dir='ltr'>τὰ</span> <span class='ocrx_word' id='word_1_840' title='bbox 3445 5100 3624 5157; x_wconf 78' lang='grc' dir='ltr'>πάντα</span> <span class='ocrx_word' id='word_1_841' title='bbox 3659 5095 3890 5170; x_wconf 70' lang='grc' dir='ltr'>πορεύε-</span> 
     </span>
    </p>
   </div>
   <div class='ocr_carea' id='block_1_112' title="bbox 2310 5393 2627 5442">
    <p class='ocr_par' dir='ltr' id='par_1_112' title="bbox 2310 5393 2627 5442">
     <span class='ocr_line' id='line_1_114' title="bbox 2310 5393 2627 5442; baseline -0.006 0"><span class='ocrx_word' id='word_1_842' title='bbox 2310 5400 2443 5442; x_wconf 84' lang='lat' dir='ltr'><strong>occu</strong></span> <span class='ocrx_word' id='word_1_843' title='bbox 2454 5393 2627 5440; x_wconf 88' lang='lat' dir='ltr'><strong>rrunt.</strong></span> 
     </span>
    </p>
   </div>
   <div class='ocr_carea' id='block_1_113' title="bbox 2381 5439 3890 5529">
    <p class='ocr_par' dir='ltr' id='par_1_113' title="bbox 2381 5439 3890 5529">
     <span class='ocr_line' id='line_1_115' title="bbox 2381 5439 3890 5529; baseline -0.013 -17"><span class='ocrx_word' id='word_1_844' title='bbox 2381 5439 2734 5529; x_wconf 21' lang='lat' dir='ltr'><strong>(&#39;56)AGeue_s.</strong></span> <span class='ocrx_word' id='word_1_845' title='bbox 2766 5452 2914 5529; x_wconf 53' lang='lat'><strong>1],].</strong></span> <span class='ocrx_word' id='word_1_846' title='bbox 2948 5450 3100 5519; x_wconf 87' lang='lat' dir='ltr'><strong>Apud</strong></span> <span class='ocrx_word' id='word_1_847' title='bbox 3289 5446 3367 5529; x_wconf 74' lang='lat' dir='ltr'><strong>sic</strong></span> <span class='ocrx_word' id='word_1_848' title='bbox 3391 5445 3569 5527; x_wconf 37' lang='lat' dir='ltr'><strong>leges:</strong></span> <span class='ocrx_word' id='word_1_849' title='bbox 3595 5439 3890 5529; x_wconf 14' lang='grc' dir='ltr'>Καὶηςπλα-</span> 
     </span>
    </p>
   </div>
   <div class='ocr_carea' id='block_1_114' title="bbox 2313 5510 3883 5592">
    <p class='ocr_par' dir='ltr' id='par_1_114' title="bbox 2313 5510 3883 5592">
     <span class='ocr_line' id='line_1_116' title="bbox 2313 5510 3883 5592; baseline -0.011 -9"><span class='ocrx_word' id='word_1_850' title='bbox 2313 5510 2621 5588; x_wconf 23' lang='grc' dir='ltr'>σεντὸίΘεὸς</span> <span class='ocrx_word' id='word_1_851' title='bbox 2650 5526 2742 5578; x_wconf 79' lang='grc' dir='ltr'>τὸν</span> <span class='ocrx_word' id='word_1_852' title='bbox 2771 5510 3057 5592; x_wconf 78' lang='grc' dir='ltr'>ἄνθρωπον</span> <span class='ocrx_word' id='word_1_853' title='bbox 3083 5520 3209 5592; x_wconf 83' lang='grc' dir='ltr'><strong>χοῦν</strong></span> <span class='ocrx_word' id='word_1_854' title='bbox 3241 5518 3346 5570; x_wconf 71' lang='grc' dir='ltr'>ἀπὸ</span> <span class='ocrx_word' id='word_1_855' title='bbox 3367 5510 3471 5592; x_wconf 54' lang='grc' dir='ltr'>τῆς</span> <span class='ocrx_word' id='word_1_856' title='bbox 3502 5514 3625 5592; x_wconf 65' lang='grc' dir='ltr'>γῇς,</span> <span class='ocrx_word' id='word_1_857' title='bbox 3866 5551 3883 5565; x_wconf 92' lang='grc'><strong>.</strong></span> 
     </span>
    </p>
   </div>
   <div class='ocr_carea' id='block_1_115' title="bbox 2312 5580 3887 5654">
    <p class='ocr_par' dir='ltr' id='par_1_115' title="bbox 2312 5580 3887 5654">
     <span class='ocr_line' id='line_1_117' title="bbox 2312 5580 3887 5654; baseline -0.015 0"><span class='ocrx_word' id='word_1_858' title='bbox 2312 5580 2617 5654; x_wconf 57' lang='grc' dir='ltr'>ίιιοοίιίοιί</span> <span class='ocrx_word' id='word_1_859' title='bbox 2647 5580 2987 5649; x_wconf 68' lang='lat' dir='ltr'><strong>bibliothecae</strong></span> <span class='ocrx_word' id='word_1_860' title='bbox 3040 5580 3323 5646; x_wconf 65' lang='lat' dir='ltr'><strong>Marciana:</strong></span> <span class='ocrx_word' id='word_1_861' title='bbox 3367 5580 3623 5648; x_wconf 83' lang='lat' dir='ltr'><strong>Vénetiis,</strong></span> <span class='ocrx_word' id='word_1_862' title='bbox 3676 5580 3887 5654; x_wconf 62' lang='lat' dir='ltr'><strong>&#39;_Er:?ta._-</strong></span> 
     </span>
    </p>
   </div>
   <div class='ocr_carea' id='block_1_116' title="bbox 2317 5649 3891 5738">
    <p class='ocr_par' dir='ltr' id='par_1_116' title="bbox 2317 5649 3891 5738">
     <span class='ocr_line' id='line_1_118' title="bbox 2317 5649 3891 5738; baseline -0.011 -17"><span class='ocrx_word' id='word_1_863' title='bbox 2317 5649 2524 5721; x_wconf 45' lang='lat' dir='ltr'><strong>3;;er</strong></span> <span class='ocrx_word' id='word_1_864' title='bbox 2542 5669 2569 5718; x_wconf 87' lang='lat'><strong>6</strong></span> <span class='ocrx_word' id='word_1_865' title='bbox 2588 5682 2828 5738; x_wconf 88' lang='grc' dir='ltr'>οντωτης</span> <span class='ocrx_word' id='word_1_866' title='bbox 2849 5663 2969 5736; x_wconf 81' lang='lat' dir='ltr'><strong>(sic)</strong></span> <span class='ocrx_word' id='word_1_867' title='bbox 3001 5664 3028 5716; x_wconf 88' lang='lat'><strong>6</strong></span> <span class='ocrx_word' id='word_1_868' title='bbox 3051 5661 3185 5725; x_wconf 81' lang='grc' dir='ltr'>Θεὸς</span> <span class='ocrx_word' id='word_1_869' title='bbox 3198 5662 3288 5713; x_wconf 73' lang='grc' dir='ltr'><strong>τὸν</strong></span> <span class='ocrx_word' id='word_1_870' title='bbox 3313 5657 3596 5728; x_wconf 83' lang='grc' dir='ltr'>ἄνθρωπον</span> <span class='ocrx_word' id='word_1_871' title='bbox 3623 5649 3751 5723; x_wconf 90' lang='grc' dir='ltr'>χοῦν</span> <span class='ocrx_word' id='word_1_872' title='bbox 3775 5649 3891 5705; x_wconf 79' lang='grc' dir='ltr'>ἀπὸ</span> 
     </span>
    </p>
   </div>
   <div class='ocr_carea' id='block_1_117' title="bbox 2312 5739 2548 5811">
    <p class='ocr_par' dir='ltr' id='par_1_117' title="bbox 2312 5739 2548 5811">
     <span class='ocr_line' id='line_1_119' title="bbox 2312 5739 2548 5811; baseline -0.021 0"><span class='ocrx_word' id='word_1_873' title='bbox 2312 5740 2407 5811; x_wconf 80' lang='grc' dir='ltr'><strong>τῆς</strong></span> <span class='ocrx_word' id='word_1_874' title='bbox 2425 5739 2548 5808; x_wconf 79' lang='grc' dir='ltr'><strong>γῆςο</strong></span> 
     </span>
    </p>
   </div>
  </div>
