4172 6522
351 411 457 475 893

1400 416 1482 476 IN
1512 418 2093 483 ECCLESIASTEN.
2130 446 2201 458 --
2231 424 2377 482 LIB.
2417 422 2536 482 III.

3508 412 3613 472 894

354 529 480 585 σθαι
512 527 647 601 πρὸς
678 528 777 581 ινα
807 526 992 592 τόπον,
1043 528 1139 581 καὶ
1187 527 1322 599 πρὸς
1369 530 1461 584 τὸν
1506 532 1632 602 χοῦν
1680 536 1936 607 ἐπιστρέ-

2041 539 2220 592 1οι·ιιιιι
2246 554 2494 608 pergere,
2532 553 2596 591 ac
2628 538 2680 591 in
2708 536 2983 607 pulverem
3016 529 3261 589 converti
3294 526 3617 600 pronuntia-

354 636 511 690 φειν;
567 622 616 673 εί
663 618 765 688 μὲν
814 620 922 691 γὰρ
970 619 1108 688 μετὰ
1157 619 1441 691 διαστολῆς
1478 623 1635 693 ἔφης,
1666 627 1726 678 τὸ
1777 626 1936 696 σῶμα

352 712 454 783 τῆς
487 712 837 783 ἀνθρωπίνης
873 710 1089 779 φύσεως
1122 714 1259 781 μετά
1289 714 1397 765 τῶν
1430 720 1644 786 κτηνῶν
1678 716 1816 787 πρὸς
1844 718 1936 771 τὸν

354 805 483 877 χοῦν
516 804 892 874 ἐπιστρέφειν,
925 805 1078 858 οὐδὲν
1107 800 1200 858 οὖν
1231 805 1510 878 ἀλλότριον
1541 809 1634 860 καὶ
1665 808 1813 874 ξένον
1838 811 1937 880 τῆς

354 897 572 965 φύσεως
602 896 838 967 εὑρέθης
869 898 1325 967 ἀποφαινόμενος.
1377 898 1491 952 Νῦν
1537 899 1594 952 δὲ
1632 901 1803 970 χωρὶς
1836 901 1938 971 τῆς

355 988 744 1060 προσηκούσης
799 988 1122 1058 διαστολῆς,
1185 991 1263 1059 τῷ
1316 991 1542 1044 καθόλου
1592 995 1938 1063 χρησάμενος

355 1081 786 1153 προσδιορισμῷ,
840 1082 975 1151 πρὸς
1025 1081 1226 1134 ἄτοπον
1279 1082 1603 1153 ἐξενήνοχας
1641 1087 1732 1138 τὸν
1780 1086 1938 1154 λόγον

357 1174 685 1243 ἀπαγωγήν.
720 1172 909 1227 Ταῦτα
941 1175 1405 1244 προῦπειδόμενος
1436 1176 1464 1227 ὁ
1501 1176 1665 1244 σοφὸς
1706 1178 1936 1247 Ἐκκλη-

360 1266 605 1335 σιαστὴς,
642 1266 956 1335 προέφθασε
985 1266 1083 1336 τὴν
1131 1266 1361 1319 δέουσαν
1411 1267 1711 1335 ἀπολογίαν
1763 1286 1936 1321 κατα-

358 1355 682 1425 ϐαλόμενος,
721 1356 813 1408 καί
848 1373 1003 1425 φησι,
1046 1374 1065 1407 t
1104 1356 1199 1419 Τίς
1226 1351 1367 1409 οἶδεν
1413 1358 1633 1428 πνεῦμα
1677 1358 1805 1411 υἱῶν
1843 1358 1936 1411 τοῦ

358 1448 674 1519 ἀνθρώπου,
699 1450 747 1500 εί
770 1448 1049 1502 ἀναϐαίνει
1079 1449 1209 1502 αὐτὸ
1239 1450 1317 1512 είς
1346 1448 1479 1515 ἀνω,
1508 1450 1604 1503 καὶ
1636 1451 1697 1504 τὸ
1721 1450 1939 1521 πνεῦμα

357 1539 453 1592 τοῦ
480 1540 732 1609 κτήνους,
757 1540 807 1592 εἰ
835 1538 1150 1594 καταϐαίνει
1182 1538 1310 1591 αὐτὸ
1339 1540 1488 1593 κάτω
1521 1542 1599 1604 είς
1630 1540 1728 1611 τὴν
1749 1541 1884 1610 γῆν;
1914 1561 1932 1591 ι

364 1633 649 1703 μονονουχὶ
679 1633 903 1701 φάσκων
927 1649 941 1663 ο
975 1628 1104 1685 Οἶδα
1146 1631 1303 1699 κάγὼ
1355 1633 1540 1701 σαφῶς
1570 1633 1631 1686 τὸ
1679 1634 1937 1703 διάφορον

359 1725 461 1794 τῆς
487 1724 748 1793 ἑκατέρου
781 1724 977 1794 ψυχῆς,
1010 1722 1296 1793 ἀνθρώπου
1328 1724 1531 1795 δηλαδὴ
1562 1725 1772 1777 καὶτοῦ
1804 1727 1938 1795 κτή-

360 1832 504 1879 νους.
548 1815 690 1868 Ἀλλ’
724 1816 798 1877 ὡς
838 1814 1209 1885 ἀφωμοίωσαν
1248 1818 1389 1883 σφᾶς
1426 1817 1622 1879 αὐτοὺς
1659 1819 1772 1880 τοῖς
1803 1818 1937 1888 κτή·

359 1924 509 1960 νεσιν
557 1910 606 1960 οἱ
654 1907 931 1977 ἄνθρωποι
983 1906 1261 1970 παντελῶς
1310 1910 1430 1969 ταῖς
1484 1910 1541 1961 ἐν
1596 1912 1706 1972 τοῖς
1755 1908 1937 1979 ἔργοις

356 1996 640 2059 ἀϐουλίαις
675 1998 769 2051 καὶ
814 2000 937 2057 ταῖς
967 1997 1483 2071 ἀθεμιτοπραγίαις,
1535 1988 1631 2053 καὶ
1660 1999 1839 2070 πολλῷ
1880 2000 1937 2054 δὲ

360 2088 562 2159 μᾶλλον
608 2092 727 2151 ταῖς
774 2090 1253 2161 παραφρονούσαις
1288 2090 1383 2142 καὶ
1424 2091 1544 2152 ταῖς
1586 2090 1808 2143 ἀσεϐέσι
1845 2092 1938 2143 καὶ

357 2180 694 2253 παραλόγοις
740 2178 919 2245 δόξαις
950 2179 1061 2232 τῶν
1107 2180 1461 2249 ἐσφαλμένων
1496 2180 1623 2250 περὶ
1670 2180 1803 2233 Θεοῦ
1843 2181 1937 2232 καὶ

356 2272 569 2341 ψευδῶν
598 2271 923 2340 ὑπολήψεων
944 2287 958 2301 ’
996 2271 1072 2334 ὡς
1101 2270 1163 2323 ἐκ
1200 2287 1343 2333 τινος
1388 2274 1779 2341 περιστατικῆς
1809 2272 1938 2325 ἀνά-

359 2378 501 2430 γκης
546 2360 683 2431 πρὸς
713 2357 1040 2429 ἀμφιϐολίαν
1073 2376 1140 2429 με
1177 2357 1541 2429 συνωθούσης,
1577 2362 1657 2421 εἰς
1695 2359 1795 2423 τὰς
1828 2377 1937 2412 τοια

360 2450 532 2514 αὐτας
560 2450 925 2520 περιηνέχθην
954 2450 1256 2518 ἀποφάσεις
1284 2449 1395 2501 τῶν
1426 2449 1617 2518 λόγων.
1654 2450 1798 2518 "Ap:
1828 2449 1938 2520 γὰρ

360 2543 419 2595 ὲν
451 2541 629 2611 ἐαυτῷ
658 2540 1051 2612 διενεθυμήθην
1108 2541 1205 2593 καὶ
1237 2536 1424 2593 εἶπον·
1457 2540 1530 2593 Τὸ
1566 2540 1784 2609 πνεῦμα
1828 2540 1938 2593 τῶν

361 2633 494 2687 υἱῶν
521 2634 616 2687 τοῦ
666 2633 972 2702 ἀνθρώπου,
1024 2634 1301 2685 τουτέστιν
1349 2635 1381 2701 ή
1434 2633 1755 2704 προαίρεσις
1800 2633 1937 2703 μετὰ

358 2728 461 2798 τῆς
502 2726 726 2797 λογικῆς
755 2726 953 2796 ψυχῆς,
989 2726 1066 2796 τῷ
1097 2724 1365 2795 πνεύματι
1398 2724 1505 2777 τῶν
1538 2725 1754 2795 κτηνῶν
1802 2742 1937 2795 συμ-

361 2821 621 2890 φωνῆσαν
661 2821 721 2873 ἐν
753 2820 909 2884 πᾶσι,
944 2822 1040 2873 καὶ
1083 2820 1226 2873 κατὰ
1260 2819 1439 2873 πάντα
1485 2820 1622 2889 πρὸς
1663 2820 1795 2872 αὐτὸ
1841 2821 1939 2890 τὴν

360 2913 623 2983 ὁμοίωσιν
670 2914 813 2983 ἔχον,
867 2911 1235 2983 ἀξιωθήσεται
1274 2913 1370 2981 τῆς
1404 2912 1547 2965 κατὰ
1582 2906 1745 2980 φύσιν
1776 2915 1939 2983 τιμῆς

358 3005 493 3074 πρὸς
540 3006 602 3057 τὸ
650 3004 895 3058 ἀνελθεῖν
929 3006 1010 3067 είς
1042 3004 1168 3067 τοὺς
1226 3004 1510 3073 οὐρανοὺς,
1558 3004 1757 3075 δηλαδή
1804 3005 1939 3076 πρὸς

358 3096 450 3149 τὸν
474 3096 627 3159 Θεὸν,
682 3097 814 3167 παρ’
866 3090 927 3150 οὗ
975 3098 1070 3150 καὶ
1120 3095 1208 3149 διὰ
1254 3097 1352 3165 τῆς
1398 3096 1619 3167 χάριτος
1659 3095 1754 3150 τοῦ
1793 3096 1939 3151 θείου

2038 630 2148 685 sti?
2178 645 2301 683 nam
2344 632 2388 685 si
2435 628 2759 684 discrimine
2803 628 3027 682 inducto
3057 624 3317 686 dixisses,
3360 621 3616 676 humana:

2038 731 2248 776 naturae
2280 737 2482 791 corpus
2526 722 2579 774 in
2620 721 2897 791 pulverem
2928 734 3051 773 cum
3076 715 3338 784 iumentis
3393 712 3612 777 reverti,

2039 814 2172 869 nihil
2221 814 2410 882 utique
2456 812 2715 877 alienum,
2764 820 2859 865 aut
2906 810 2960 863 in
3019 817 3213 862 natura
3264 806 3615 878 peregrinum

2038 906 2333 976 protulisse
2372 905 2642 957 viderere.
2682 905 2748 957 At
2777 903 2904 971 quia
2954 901 3042 955 hic
3085 898 3461 962 distinctione,
3494 910 3617 967 quae

2038 1014 2177 1067 Opus
2225 1005 2362 1062 erat,
2419 996 2683 1064 neglecta,
2722 993 2945 1062 praecise
2990 991 3216 1046 omnino
3263 990 3481 1044 locutus
3530 1001 3613 1053 es,

2038 1094 2339 1147 orationem
2378 1092 2444 1145 ad
2486 1089 2720 1144 absurda
2754 1087 2910 1156 plane
2940 1096 3102 1156 atque
3137 1086 3260 1139 avia
3300 1082 3596 1139 deduxisti.

2040 1179 2165 1235 Haec
2212 1194 2341 1235 vero
2376 1182 2593 1249 sapiens
2637 1176 2994 1231 Ecclesiastes
3024 1174 3355 1246 providerat.
3423 1171 3613 1241 Itaque

2039 1274 2413 1329 defensionem
2448 1273 2727 1343 praemittit
2769 1272 3042 1335 idoneam,
3083 1278 3247 1339 atque
3282 1268 3397 1321 ait:
3432 1285 3449 1318 ι
3480 1265 3615 1332 Quis

2042 1363 2214 1427 novit,
2268 1361 2496 1431 spiritus
2550 1361 2787 1416 filiorum
2841 1360 3079 1415 hominis
3113 1360 3160 1414 si
3211 1358 3469 1413 ascendat
3505 1358 3618 1426 ipse

2040 1471 2283 1521 sursum,
2310 1464 2364 1509 et
2393 1456 2618 1524 spiritus
2650 1455 2876 1525 pecudis
2915 1454 2961 1510 si
2988 1452 3285 1508 descendat
3320 1452 3433 1529 ipse
3455 1449 3616 1504 deor-

2040 1564 2159 1603 sum
2214 1549 2268 1603 in
2320 1549 2565 1603 terram?
2601 1567 2619 1600 ι
2666 1548 2823 1603 Velut
2872 1548 2919 1601 si
2955 1547 3203 1601 diceret:
3236 1542 3362 1597 Vidi
3411 1552 3464 1597 et
3513 1555 3616 1612 ego

2042 1640 2334 1695 manifesto
2381 1642 2578 1695 animae
2642 1642 2968 1710 utriusque,
3030 1637 3267 1692 hominis
3316 1649 3511 1704 nempe
3562 1642 3617 1688 et

2041 1733 2267 1803 pecudis
2313 1733 2678 1787 differentiam
2724 1733 2861 1803 (57).
2924 1730 3029 1785 Sed
3081 1746 3205 1785 cum
3263 1745 3322 1785 se
3364 1727 3615 1782 homines

2042 1824 2310 1895 pecudum
2342 1825 2550 1879 similes
2576 1824 2877 1889 ellecerint,
2910 1832 3061 1878 tanta
3087 1836 3284 1891 nempe
3307 1821 3616 1875 temeritate

2041 1920 2092 1972 in
2126 1917 2266 1972 facta
2294 1933 2524 1987 quaeque
2550 1917 2751 1987 injusta
2785 1917 3050 1986 prolapsi,
3080 1925 3133 1970 et
3160 1915 3446 1984 opiniones
3478 1926 3617 1981 prae-

2040 2022 2183 2064 terea
2219 2011 2442 2065 insanas
2465 2019 2520 2063 et
2547 2008 2744 2078 impias
2767 2017 2821 2061 et
2854 2006 3282 2071 irrationabiles,
3313 2021 3377 2061 ac
3401 2004 3612 2059 fallacia

2037 2110 2092 2156 et
2136 2102 2421 2155 mendacia
2469 2104 2534 2154 de
2587 2098 2694 2153 Deo
2752 2106 3064 2154 commenta
3118 2097 3396 2167 amplexi;
3458 2100 3613 2167 quasi

2038 2195 2285 2261 quaedam
2339 2208 2425 2246 me
2467 2195 2833 2245 circumstans
2877 2188 3178 2244 necessitas
3223 2188 3291 2242 ad
3340 2187 3617 2257 ambigen-

2038 2286 2166 2339 dum
2216 2284 2584 2353 compelleret,
2643 2283 2709 2336 ad
2758 2280 3029 2352 ejusmodi
3089 2279 3254 2334 verba
3302 2278 3614 2349 usurpanda

2039 2377 2308 2432 adductus
2340 2392 2483 2431 sum.
2516 2376 2785 2429 Nimirum
2825 2375 2939 2429 bare
2988 2388 3203 2428 mecum
3249 2374 3498 2441 cogitans
3533 2371 3618 2426 di-

2039 2469 2226 2522 cebam
2261 2487 2273 2521 :
2306 2465 2542 2537 Spiritus
2576 2468 2809 2521 ﬁliorum
2846 2466 3088 2520 hominis
3126 2465 3239 2519 sive
3272 2464 3388 2533 ipsa
3417 2463 3616 2517 volun-

2039 2571 2121 2615 tas
2168 2569 2221 2613 et
2266 2559 2551 2613 rationalis
2600 2559 2804 2622 anima,
2866 2574 2989 2611 cum
3040 2557 3310 2627 pecudum
3362 2556 3614 2625 spiritum

2039 2654 2268 2707 omnino
2303 2652 2569 2716 imitetur,
2598 2659 2652 2705 et
2688 2650 2742 2703 in
2767 2650 3023 2705 omnibus
3055 2648 3466 2703 similitudinem
3495 2647 3617 2715 ejus

2042 2747 2395 2816 speciemque
2439 2753 2615 2814 gerat,
2648 2743 2738 2796 ille
2780 2758 2846 2795 ne
2876 2740 3086 2797 honore
3122 2750 3330 2795 naturae
3361 2739 3472 2807 (58)
3504 2754 3617 2794 sua:

2039 2851 2286 2907 congruo
2323 2834 2662 2905 dignabitur,
2698 2833 2853 2903 103
2882 2844 2940 2886 ut
2976 2834 3041 2886 ad
3076 2833 3248 2887 cwlos
3284 2831 3495 2886 scilicet
3533 2839 3618 2884 at-

2039 2946 2145 3000 que
2180 2929 2246 2982 ad
2280 2928 2445 2981 Deum
2478 2928 2759 2987 ascendat,
2810 2941 2840 2978 a
2880 2939 2990 2992 quo
3032 2939 3129 2994 per
3158 2923 3359 2977 divinae
3391 2922 3620 2992 inspira-

2041 3023 2207 3079 tionis
2236 3021 2469 3093 gratiam
2498 3018 2782 3074 exordium
2818 3018 3008 3072 habuit
3038 3025 3091 3071 et
3128 3016 3285 3070 duxit
3314 3026 3566 3071 naturam
3599 3034 3613 3071 :

2041 3118 2193 3173 solus
2228 3130 2357 3170 vero
2405 3113 2635 3185 pecudis
2684 3112 2936 3181 spiritus,
2974 3113 3175 3180 quippe
3210 3121 3354 3164 terra
3404 3110 3617 3179 genitus

360 3191 753 3263 ὲμφυσήματος
818 3190 1057 3259 οὺσιὼθη
1119 3192 1213 3243 καὶ
1274 3191 1502 3259 γέγονεθ
1559 3191 1718 3260 μόνον
1773 3190 1830 3244 δὲ
1881 3192 1938 3246 τὸ

2045 3209 2186 3265 infra
2230 3219 2431 3263 terram
2475 3204 2813 3262 descendet?
2846 3204 3018 3258 Porro
3052 3204 3195 3257 hanc
3243 3202 3375 3257 mihi
3407 3201 3619 3257 dubita-

360 3282 579 3353 πνεῦμα
612 3284 707 3337 τοῦ
742 3285 972 3353 κτήνους
1006 3283 1376 3352 καταϐήσεται
1407 3283 1543 3355 πρὸς
1576 3283 1674 3355 τήν
1707 3284 1836 3353 γῆν,
1867 3283 1943 3346 ὡς

361 3374 622 3442 γηγενέ;;
656 3375 754 3443 τῆς
782 3374 838 3427 δὲ
878 3373 1137 3445 τοιαύτης
1178 3374 1641 3445 ἀμφισϐητήσεως
1675 3377 1730 3428 ai
1780 3392 1943 3445 πονη-

367 3466 639 3532 ροϐουλίαι
674 3468 765 3519 καὶ
796 3467 1169 3536 κακοπραγίαι
1201 3467 1310 3519 τῶν
1343 3465 1633 3536 μοχθηρῶν
1677 3468 1771 3520 καὶ
1804 3467 1943 3536 φαύ-

361 3554 470 3609 λων
493 3557 797 3629 ἀνθρώπων
826 3558 1155 3629 παρέχονταί
1191 3575 1281 3625 μοι
1311 3558 1407 3619 τὰς
1440 3559 1642 3621 αἰτίας.
1683 3558 1942 3630 Ἀπορίας

360 3643 455 3702 οὖν
486 3648 679 3717 λόγους
713 3650 1152 3721 προεϐαλλόμην,
1203 3648 1320 3703 ἀλλ’
1350 3651 1472 3719 οὐχὶ
1517 3650 1942 3720 δογματοποιίας

364 3744 461 3797 καὶ
491 3744 646 3816 δόξης
680 3745 913 3816 ἀληθοῦς
946 3746 1039 3798 καὶ
1066 3744 1207 3799 κατά
1242 3744 1403 3812 φύσιν
1423 3744 1589 3813 οὔσης
1610 3761 1624 3775 '
1662 3744 1938 3815 ἐντρέπων

440 3918 553 3990 (57)
602 3917 802 3984 Quidni
849 3919 978 3972 illud
1040 3917 1172 3983 Quis
1226 3920 1366 3972 novit
1409 3923 1433 3974 ἶ)
1474 3922 1748 3989 explicare
1811 3922 1937 3975 item

367 3989 565 4042 liceat:
596 3994 664 4060 Ait
689 4005 853 4060 quam
882 3989 1037 4057 pauci
1082 4000 1277 4060 norunt
1298 3990 1323 4042 7
1354 4007 1496 4060 saepe
1547 3993 1714 4055 enim,
1752 3999 1809 4045 ut
1842 3992 1939 4046 ad-

367 4060 575 4128 notavit
634 4058 999 4128 Hieronymus
1056 4059 1150 4127 (in.
1194 4058 1503 4115 Comment.
1554 4061 1692 4115 Nab.
1751 4080 1801 4117 c.
1855 4076 1935 4116 ιιι.

276 4176 279 4179 .
373 4147 392 4180 ι
437 4127 671 4183 Verbum
707 4126 884 4191 Quis?
924 4143 1029 4200 non
1066 4126 1217 4200 ιιιιιι⁸
1242 4144 1339 4197 pro
1370 4130 1593 4197 dillicili,
1641 4148 1800 4200 quam
1844 4148 1942 4200 pro

366 4216 492 4253 raro
520 4202 783 4253 debemus
831 4199 1097 4267 accipere.
1144 4218 1163 4251 ›
1204 4197 1278 4252 Ita
1311 4215 1474 4269 porro
1519 4212 1572 4256 et
1615 4197 1941 4257 Massore‘tas

365 4270 419 4323 in
453 4270 668 4342 punctis
698 4269 1109 4342 subscribendis
1142 4270 1348 4323 dictum
1380 4273 1766 4342 interpretatos
1799 4288 1939 4339 esse,

366 4341 752 4393 animadvertit
783 4344 1032 4393 Amama.

436 4410 547 4480 (58)
590 4408 1329 4482 Immortalesesseanimos
1378 4426 1485 4464 non
1518 4410 1680 4480 φύσει
1711 4412 1802 4466 sed
1844 4412 1942 4482 χά-

367 4497 499 4552 ριτι,
530 4478 694 4552 ἠιιιΙιι
729 4496 758 4532 e
791 4478 1044 4552 l’atribus
1071 4478 1597 4552 docuere,_quorutn
1632 4478 1941 4537 testimonia

363 4548 639 4618 congessit
672 4550 923 4620 Petavius
968 4548 1067 4617 (De
1119 4550 1308 4620 angel.
1345 4548 1440 4605 lib.
1464 4567 1502 4616 1,
1555 4567 1605 4617 c,
1639 4552 1732 4620 5);
1774 4569 1939 4608 unum

362 4635 463 4701 ego
498 4621 681 4701 locum
715 4619 1013 4701 proferant,
1046 4623 1138 4701 qui
1170 4619 1252 4675 est
1286 4619 1579 4701 SOpbronii
1625 4621 1941 4694 Hierosoly-

2039 3304 2244 3358 tionem
2280 3300 2530 3369 improba
2567 3298 2801 3353 consilia
2831 3312 2895 3353 ac
2934 3295 3143 3349 nefaria
3174 3294 3314 3350 facta
3346 3294 3614 3348 malorum

2039 3409 2102 3448 ac
2130 3405 2516 3462 perversorum
2551 3389 2838 3443 hominum
2870 3388 3200 3455 iniecerunt.
3237 3385 3381 3457 Ergo
3411 3400 3617 3440 sermo-

2038 3501 2159 3541 nem
2195 3483 2399 3555 pr0tuli
2464 3482 2850 3547 dubitationis,
2901 3495 3011 3533 non
3036 3478 3229 3548 judicii
3267 3487 3362 3531 aut
3397 3484 3617 3531 senten-

2036 3580 2125 3634 tia:
2157 3578 2416 3643 indicem,
2445 3591 2610 3647 quam
2655 3590 2844 3630 revera
2875 3573 3063 3627 animo
3102 3572 3437 3627 imbibissem
3468 3588 3483 3624 :
3512 3583 3616 3639 pu-

2038 3674 2173 3728 dore
2215 3671 2562 3741 potissimum
2610 3678 2665 3723 et
2699 3666 3026 3721 verecundia
3076 3667 3259 3735 aliqua
3299 3662 3513 3719 allicere
3570 3663 3615 3717 si

2038 3777 2257 3833 possem
2287 3774 2403 3822 eos,
2441 3759 2534 3829 qui
2569 3758 2942 3826 jumentorum
2971 3756 3228 3825 spiritum
3264 3770 3329 3810 ac
3362 3755 3530 3809 vitam
3559 3752 3615 3808 in

2038 3920 2177 3974 enim
2213 3916 2375 3970 Pater
2399 3930 2491 3983 per
2524 3914 2862 3984 Unigenitum
2901 3918 2957 3968 in
2987 3912 3192 3981 Spiritu
3235 3924 3416 3967 sancto
3462 3913 3616 3983 fecit,

2076 4007 2157 4043 nte
2179 3998 2227 4042 et
2249 3988 2473 4056 sapienti
2504 3986 2830 4056 providentia
2866 3986 3115 4049 continet,
3148 3986 3387 4056 operibus
3421 3986 3530 4037 suis
3558 3994 3615 4056 ut

2076 4007 2157 4043 ttae
2179 4006 2227 4042 et
2249 4006 2473 4056 sapteuu
2504 4006 2830 4056 providentia
2866 4006 3115 4049 continet,
3148 4006 3387 4053 opertuus
3421 4006 3530 4037 suis
3558 4006 3615 4037 ut

2037 4006 2180 4113 Zieus
2235 4058 2552 4127 praesidens;
2610 4056 2986 4127 principioque
3008 4054 3247 4108 omnibus
3294 4054 3619 4127 temporaria

2039 4124 2345 4185 constttuto.
2381 4144 2444 4181 ea
2492 4124 2724 4197 quidem,
2760 4141 2877 4195 qua:
2905 4124 2997 4177 sub
3028 4141 3235 4178 sensum
3279 4125 3495 4187 cadunt,
3540 4126 3617 4246 [i-

2039 4201 2145 4246 m'ri
2175 4200 2333 4246 uoluit
2360 4200 2411 4246 in
2438 4208 2685 4246 temnere.
2721 4195 3080 4246 intelliaibilia
3110 4211 3227 4246 vero
3255 4206 3302 4246 et
3328 4194 3536 4246 inrisibi
3563 4197 3616 4246 ia

2038 4201 2145 4253 niri
2175 4200 2333 4253 voluit
2360 4200 2411 4252 in
2438 4194 2685 4267 tempore,
2721 4194 3080 4267 intelligibilia
3110 4211 3227 4248 vero
3255 4206 3302 4248 et
3328 4194 3616 4267 invisibilia

2040 4270 2273 4338 majori,
2324 4285 2481 4338 quam
2535 4265 2651 4329 illa,
2704 4267 2897 4319 honore
2952 4265 3113 4319 voluit
3166 4267 3384 4335 afﬁcere,
3440 4266 3617 4338 itaque

2040 4336 2186 4392 nullo
2220 4336 2373 4408 pacto
2411 4340 2708 4392 moriuntur
2738 4352 2896 4408 neque
2918 4349 3339 4408 corrumpuntur,
3375 4336 3453 4388 uti
3475 4351 3617 4408 sen-

2037 4406 2281 4462 sibilibus
2316 4409 2529 4469 accidit,
2567 4425 2683 4477 qua:
2713 4408 2768 4461 in
2800 4407 2949 4475 ﬂuxu
2990 4407 3161 4475 posita
3191 4417 3334 4471 sunt,
3366 4418 3415 4460 et
3458 4406 3617 4477 facile

2036 4491 2375 4548 praetereunt.
2427 4476 2607 4549 Neque
2639 4489 2813 4549 tamen
2860 4486 3056 4549 natura
3098 4486 3220 4549 sunt
3265 4476 3614 4549 immortalia,

2038 4546 2131 4602 aut
2156 4552 2225 4603 ad
2252 4546 2609 4618 incorruptam
2637 4547 2988 4602 substantiam
3019 4548 3305 4618 transitum
3337 4546 3569 4618 fecerunt
3597 4561 3615 4605 :

2036 4636 2214 4674 verum
2243 4617 2474 4689 gratiam
2510 4621 2576 4673 iis
2606 4619 2846 4689 indulsit,
2879 4633 2996 4687 qua:
3029 4617 3092 4670 ab
3126 4618 3424 4689 corruptela
3452 4626 3501 4669 et
3534 4617 3615 4689 in-

365 4687 554 4769 r_n_itani
594 4689 1006 4769 ett-“Synodicis
1041 4687 1180 4769 ejus.
1220 4687 1603 4769 qua:_perlec_ta
1648 4687 1936 4769 sunt__act.
1972 4714 2015 4769 ο
2042 4693 2199 4769 terim
2229 4687 2325 4743 illa
2354 4690 2609 4743 vindicat.
2657 4688 2748 4769 Sic
2780 4690 3047 4769 [agminum
3081 4688 3274 4769 animae
3320 4687 3614 4756 corruptio-

363 4759 703 4833 Hinconcilii
760 4759 1387 4833 ⁷Ο-ο-ιιε-ι-ειιιριιοροιἱιιιιιιί
1429 4778 1488 4817 ιιι
1541 4764 1716 4833 (Apud
1770 4763 1936 4818 Hard.

366 4837 407 4916 ξ.
535 4831 695 4916 lianc.
729 4844 781 4916 ρ.
807 4827 966 4916 i282)
990 4846 1003 4882 :
1028 4827 1240 4916 ῌὰντα,
1242 4832 1350 4916 γὰρ
1370 4832 1457 4884 διὰ
1488 4832 1581 4916 τοῦ
1604 4827 1941 4916 Μονογενοῦς

364 4899 609 4985 δνΠατὴρ
634 4902 692 4951 ὲν
728 4899 866 4985 ἀγίιρ
899 4900 1166 4985 πεποίηκε
1195 4899 1495 4985 Πνευύματι,
1588 4899 1939 4985 κιαι-προνοίᾳ.

368 4970 504 5045 σοφῇ
554 4969 849 5045 συγκρατεῖ
885 4969 995 5023 τῶν
1026 4969 1242 5045 οίκείων
1288 4969 1466 5042 ἔργων
1500 4973 1580 5045 νὼς
1613 4969 1769 5036 Θεὸς
1802 4969 1938 5045 προέ

361 5039 685 5114 ἲιξτόιμενος⁸
709 5040 884 5114 ἀρχὴν
906 5057 965 5114 τε
992 5044 1103 5103 τοῖς
1134 5039 1560 5114 πᾶσιλχρονικὴν
1586 5039 1933 5114 ὁρισάμενος,

362 5107 434 5160 τά
470 5107 567 5183 μεν
613 5107 846 5183 αίσθητὰ
887 5111 1043 5183 τέλει
1066 5107 1719 5183 χρονικῷκαθυπέϐαλε,
1753 5107 1831 5169 ’τά
1874 5107 1932 5168 δὲ

364 5176 531 5253 νοητά
563 5179 676 5253 ⁸κιιιὶ
705 5176 935 5253 ἀόραταΔ
956 5176 1161 5253 sou:in
1213 5176 1369 5246 ἀξίας
1402 5182 1607 5247 ἁξίωσε
1657 5176 1908 5253 μείζονος
1929 5204 1943 5218 ο

364 5246 709 5328 καὶλθνήςσκει
736 5246 1258 5328 μὲνιούδαμώςθύδὲ
1278 5246 1556 5328 φθείρεται
1581 5246 1721 5328 κατὰ
1748 5246 1808 5308 τὸ
1833 5246 1942 5328 τῶν

363 5315 653 5407 αἰσθητῶν
670 5315 892 5407 petiero:
920 5315 1417 5407 nat‘eunap'otétov:
1698 5327 1813 5378 ἐστι
1843 5327 1942 5397 τὴν

363 5387 526 5456 φύσιν
556 5387 825 5448 ἀθάνατα,
859 5387 892 5457 ἢ
938 5390 1071 5458 πρὸς
1112 5393 1302 5445 οὐσίαν
1336 5387 1699 5463 μετελήλυθεν
1729 5387 1941 5466 ἀφθαρ-

360 5475 453 5534 τον
473 5471 494 5534 Ἀ
518 5456 658 5534 ἀλλά
684 5458 840 5534 χᾲριν
881 5458 1067 5534 αὐτοῖς
1093 5464 1404 5534 ἐχαρίσατο,
1435 5462 1639 5534 φθορᾶς
1670 5467 1807 5519 αὑτά
1847 5466 1940 5518 καὶ

365 5528 599 5605 θανάτου
632 5528 1233 5605 διείρργουσανκοῦτωξς
1281 5528 1778 5605 ἀνθρώπωνίψυχαὶ
1826 5536 1940 5588 δια-

366 5599 951 5671 μένουσινάφθαρτοιζ
989 5598 1159 5671 οὕτως
1188 5598 1408 5671 ἄγγελοι
1443 5598 1779 5659 διατελοῦσιν
1803 5606 1937 5660 ἀθά-

364 5667 536 5746 νατοι,
587 5670 648 5721 οὐ
695 5667 881 5746 φύσιν-
899 5668 1141 5746 ἀληθῶς,
1170 5667 1247 5746 ᾡς
1275 5667 1525 5746 ἔφημεν,Δ
1548 5673 1868 5746 Αάφθαρτον,
1901 5677 1934 5746 ἢ

364 5738 804 5817 ορτςανικυρίως
857 5738 1123 5817 ἀθάνατον
1178 5738 1424 5817 ἔχοντες·
1480 5738 1632 5797 ἀλλά
1665 5738 1827 5817 χάριν
1855 5738 1937 5799 ’ὲκ

366 5809 502 5886 Θεοῦ
529 5808 945 5886 κληρξυσάμενοι
981 5808 1286 5886 ἀθανασίας
1316 5818 1571 5886 χορηγδν,
1600 5808 1700 5868 καῖ
1730 5808 1936 5886 ἀφθαρ-

367 5879 490 5946 σίας
533 5878 715 5945 αὑτοίς
762 5878 1118 5951 ὑπάρχουσαν
1151 5878 1530 5953 πρόξενον.’ἰ(1
1558 5878 1648 5943 δεῖ.
1684 5903 1697 5940 :
1742 5878 1937 5942 Omnia

2042 4763 2122 4815 nis
2170 4770 2401 4830 expertes
2463 4768 2673 4813 manent
2715 4775 2734 4812 .·
2781 4758 2860 4811 sic
2907 4758 3231 4811 immortales
3285 4767 3613 4830 perseverant

2040 4828 2252 4901 angeli;
2284 4848 2385 4884 non
2417 4832 2555 4899 quod
2585 4840 2845 4901 naturam
2885 4844 3061 4901 revera
3103 4831 3468 4901 incorruptam
3511 4828 3611 4901 ha:

2038 4897 2212 4965 beant,
2241 4912 2299 4956 ut
2337 4897 2592 4965 dia-intus,
2629 4912 2721 4953 aut
2761 4897 3061 4953 substantia
3093 4898 3301 4966 proprie
3323 4897 3613 4951 immortali

2033 4982 2291 5033 constent,
2321 4970 2409 5025 sed
2434 4970 2570 5040 quod
2603 4971 2834 5039 gratiam
2873 4970 3123 5022 divinitus
3156 4969 3331 5040 sortiti
3358 4976 3477 5040 sunt
3507 4966 3616 5040 lar-

2032 5044 2270 5109 gitricem
2311 5038 2754 5103 immortalitatis,
2790 5049 2839 5092 et
2882 5038 3614 5109 incorruptibilitatis;conci—

2030 5107 2313 5168 Iiatricem.
2382 5112 2648 5165 Caeterum
2714 5111 2851 5164 bene
2910 5119 3096 5163 noster
3149 5107 3609 5162 immortalitatem

2031 5184 2266 5252 appellat
2312 5182 2553 5235 honorem
2587 5190 2793 5252 natura:
2832 5180 3067 5252 hominis
3108 5194 3416 5252 congruunt,
3466 5186 3613 5252 post-

2039 5246 2203 5323 quam
2238 5253 2440 5308 homini
2474 5267 2568 5320 per
2596 5250 2968 5319 inspirationis
2992 5246 3223 5323 gratiam
3244 5246 3608 5323 et__exo_rdium

2039 5317 2202 5378 ἐιιιιιιι
2234 5324 2359 5378 vitae
2389 5317 2573 5374 dat—um
2596 5317 2701 5381 est,
2728 5329 2781 5374 et
2812 5317 3012 5373 natura
3038 5317 3386 5373 immortalis.
3419 5317 3610 5371 Patres

2038 5409 2254 5464 nempe,
2316 5408 2452 5464 cum,
2505 5391 2814 5464 animorum
2883 5389 3347 5464 immortalitatem
3414 5396 3608 5441 natura

2039 5459 2238 5518 nullam
2261 5478 2384 5517 esse
2405 5463 2612 5522 dicunt,
2642 5460 3101 5513 inmortalitatem
3132 5459 3467 5528 intelligunt.
3488 5471 3610 5528 qua:

2036 5533 2129 5587 Dei
2165 5535 2378 5604 prepria
2407 5542 2511 5604 est,
2541 5540 2596 5604 et
2629 5530 2840 5604 initium
2876 5544 2980 5583 non
3021 5529 3210 5604 habuit
3234 5547 3248 5583 :
3276 5526 3388 5604 [lein
3410 5526 3519 5604 γάρ
3546 5526 3608 5579 τὸ

2035 5597 2363 5674 ἀρξάμενον,
2402 5602 2579 5671 inquit
2637 5602 2999 5674 Damascenus
3046 5598 3224 5674 (Orth.
3300 5598 3395 5667 ﬁd.
3450 5597 3494 5651 l.
3541 5612 3604 5674 ιι,

2034 5668 2087 5728 οξ
2122 5668 2215 5744 Β),
2274 5675 2367 5726 καὶ
2436 5668 2662 5744 τελευτᾷ
2719 5668 3082 5744 κατὰφύσιν.
3139 5671 3324 5739 Itaque
3375 5682 3511 5744 eam
3548 5668 3603 5722 in

2035 5737 2234 5797 aniniis
2266 5737 2753 5803 immortalitatem,
2806 5743 2874 5796 ob
2902 5737 3068 5812 quam
3113 5737 3325 5810 semper
3376 5737 3600 5812 fuerint.

2034 5816 2231 5868 merito
2283 5828 2390 5866 non
2450 5820 2753 5883 agnoscunt
2800 5829 2813 5865 :
2859 5808 2936 5865 at'
2968 5826 3087 5868 eam
3120 5808 3485 5883 iagnoscuut,
3529 5808 3602 5883 ob

2034 5899 2203 5954 quam
2253 5898 2467 5954 semper
2489 5880 2692 5953 erunt;
2741 5898 2882 5955 quae,
2930 5883 3061 5955 quia
3102 5880 3357 5953 denegari
3400 5880 3601 5935 animis
