4172 6654
576 428 688 496 335
1694 424 1755 488 S.
1789 418 2166 483 GREGORII
2231 412 2741 475 AGRIGENTINI
3744 400 3879 463 896

585 548 783 617 seipsis
836 544 1160 599 retulerunt.
1220 542 1343 597 llaec
1390 544 1627 608 locutus,
1681 554 1736 599 et
1776 545 2035 615 ambiguo
2076 542 2199 602 diu

2296 536 2320 587 ὲ
2345 535 2545 607 μᾶλλον
2572 533 2665 587 καὶ
2682 529 3060 601 καταισχύνων
3082 529 3206 590 τοὺς
3240 524 3692 595 ἀφομοιώσαντας
3724 524 3875 574 ἑαυο

586 638 741 693 cendi
783 652 983 706 genere
1011 636 1307 689 verborum
1343 652 1571 690 suorum
1606 638 1935 691 sententiam
1968 635 2165 689 adver-

2298 630 2391 691 οὓς
2422 627 2500 699 τῷ
2532 625 2807 696 πνεύματι
2852 624 2946 675 καὶ
2974 623 3039 691 τῇ
3092 620 3205 689 ζωῆ
3252 618 3359 670 τῶν
3411 616 3639 685 κτηνῶν.
3684 613 3877 667 Ταῦτ’

587 744 683 785 sus
714 730 1114 784 obtrectatores
1157 744 1223 784 ac
1255 738 1667 797 percontatores
1699 738 1930 793 tutatus,
1952 730 2064 799 jam
2101 726 2166 781 ad

2301 721 2437 775 ἰπὼν
2480 720 2572 774 καὶ
2603 717 2692 771 διὰ
2722 719 2819 787 τῆς
2849 712 3152 785 ἀμφιϐόλου
3182 709 3381 775 λέξεως
3408 709 3501 761 καὶ
3530 707 3621 761 τὸν
3650 707 3879 761 ἐνδοια-

586 821 749 876 aliam
769 820 930 891 justas
970 831 1024 874 et
1058 820 1322 889 spiritalis
1354 820 1557 875 laetitia:
1592 798 2049 891 signiﬁcationem
2082 818 2166 872 di-

2296 814 2405 881 ’μὸν
2436 809 2833 881 ἐμφαινούσης,
2863 808 2962 877 τὴν
2986 802 3346 875 ὀφειλομένην
3372 798 3669 867 ἀπολογίαν
3698 816 3880 865 mmo

586 912 771 967 vertit.
807 910 898 964 Ait
929 912 1074 965 enim
1112 928 1125 963 :

2296 905 2505 973 ’άμενος
2541 903 2677 972 πρὸς
2730 901 2857 957 τοὺς
2907 898 3202 968 μέλλοντας
3253 893 3415 946 αὑτὸν
3462 891 3707 944 εὐθύνειν
3760 892 3879 942 καὶ

2267 993 2726 1049 διαπυνθάνεσθαι
2759 994 2951 1060 λόγους
2970 1031 2984 1053 ,
3010 990 3251 1060 μέτεισιν
3277 986 3360 1055 ἐφ’
3386 985 3582 1055 ἑτέραν
3616 984 3880 1054 ἔμφασιν

2272 1087 2587 1158 πρεπούσης
2615 1088 2706 1141 καὶ
2740 1083 3118 1156 πνευματικῆς
3145 1080 3510 1152 εὐφροσύνης.
3541 1080 3678 1150 Φησὶ
3704 1081 3823 1149 γάρ
3862 1098 3875 1105 τ

2093 1221 2119 1293 §
2160 1222 2350 1278 xxnv.

660 1340 824 1394 Vens.
861 1340 951 1394 22.
999 1338 1063 1393 Et
1090 1342 1218 1404 vidi.
1250 1343 1373 1411 quia
1398 1358 1499 1394 non
1528 1350 1606 1395 est
1633 1338 1849 1401 bonum,
1888 1338 1991 1391 nisi
2023 1337 2164 1407 quod

592 1431 800 1488 lwtetttr
843 1434 995 1486 homo
1041 1434 1098 1487 in
1132 1435 1373 1503 operibus
1424 1434 1535 1488 suis
1565 1451 1582 1487 :
1610 1433 1734 1503 quia
1763 1433 1873 1487 haec
1923 1441 1997 1486 est
2042 1447 2167 1501 pars

592 1526 705 1594 ejus
738 1525 871 1595 (59).

666 1615 721 1671 ld
769 1627 873 1681 est,
905 1632 1005 1687 ego
1051 1631 1204 1679 vero,
1260 1600 1747 1687 reprehensisjam
1790 1616 2173 1687 damnatisque

598 1708 917 1762 hominibus
968 1709 1035 1762 iis
1070 1708 1346 1774 omnibus,
1381 1708 1471 1777 qui
1519 1707 1865 1777 stupidarum
1902 1710 2172 1778 pecudum

2344 1340 2453 1393 Καὶ
2499 1334 2684 1401 εἶδον,
2718 1338 2807 1391 ὅτι
2846 1337 2958 1391 οὐκ
2990 1336 3166 1389 ἔστιν
3196 1334 3444 1402 ἀγαθὸν,
3489 1336 3541 1386 εὶ
3580 1332 3665 1401 μὴ
3701 1333 3733 1384 ὃ
3758 1336 3875 1387 εὐ-

2274 1432 2683 1501 φρανθήσεται
2715 1432 3023 1498 ἅνθρωπος
3056 1428 3125 1480 ἐν
3153 1426 3486 1496 ποιήμασιν
3514 1426 3698 1480 αὑτοῦ
3721 1444 3733 1455 ·
3768 1426 3872 1479 ὅτι

2276 1526 2423 1581 αὐτὸ
2463 1528 2635 1595 μερὶς
2666 1525 2875 1579 αὐτοῦ.

2350 1614 2667 1679 Τουτὲστιν,
2690 1614 2835 1681 Ἐγὼ
2860 1615 2916 1667 δὲ
2948 1612 3169 1665 πάντων
3214 1608 3715 1678 καταμεμφόμενος
3772 1609 3877 1661 καὶ

2281 1707 2711 1777 καταγινώσκων
2763 1707 3065 1778 ἀνθρώπων
3114 1704 3224 1756 τῶν
3289 1702 3875 1773 παρασυμϐληθέντων

598 1799 773 1853 instar
808 1799 981 1853 habiti
1029 1810 1178 1864 sunt,
1225 1814 1394 1868 seque
1428 1800 1535 1854 illis
1581 1801 1889 1869 persimiles
1918 1801 2173 1871 prodide-

2296 1804 2394 1864 τοῖς
2437 1802 2660 1871 κτήνεσι
2709 1802 2821 1861 τοῖς
2866 1801 3136 1870 ἀνοήτοις,
3172 1798 3268 1850 καὶ
3317 1796 3714 1865 ὼμοιωθέντων
3765 1797 3876 1847 αύο

601 1902 751 1957 runt,
788 1900 847 1945 ut
878 1900 1166 1961 propterea
1204 1892 1413 1962 indigni
1456 1892 1554 1946 visi
1601 1893 1730 1955 sint,
1766 1893 1968 1962 quibus
1999 1894 2179 1949 aditus

601 1985 670 2040 ad
722 1986 967 2040 coelestia
1014 1994 1245 2054 pateret,
1279 1992 1569 2055 postquam
1615 2002 1807 2054 nempe
1839 1985 1998 2040 factis
2048 1987 2180 2055 ipsis

601 2087 657 2131 et
686 2078 885 2131 Stolida
935 2076 1205 2146 brutaque
1252 2077 1468 2131 vivendi
1530 2078 1742 2131 ratione
1786 2078 2180 2143 ostendissent,

604 2167 920 2222 societatem
976 2183 1035 2221 se
1086 2183 1212 2222 cum
1254 2169 1521 2238 jumentis
1571 2168 1730 2240 104
1775 2170 2185 2240 pecudibusque

605 2259 842 2328 iniisse;
895 2260 1105 2314 nullum
1162 2261 1323 2331 plane
1378 2262 1526 2316 aliud
1577 2264 1781 2316 bonum
1842 2279 2080 2334 agnosco
2131 2274 2186 2319 et

606 2350 735 2405 ﬁliis
761 2351 1043 2405 hominum
1078 2353 1352 2422 reliquum
1389 2368 1513 2409 esse
1561 2354 1843 2420 denuntio,
1877 2356 2021 2424 quod
2052 2357 2187 2413 utile

606 2458 674 2498 ac
708 2443 951 2498 salutare
980 2444 1070 2510 sit,
1104 2446 1212 2500 nisi
1246 2455 1324 2509 ut,
1356 2446 1486 2500 dum
1522 2447 1735 2511 vivunt,
1762 2447 1991 2517 justitiae
2018 2451 2189 2505 culto-

608 2551 697 2589 res
723 2536 855 2599 sint,
889 2547 943 2592 et
969 2552 1031 2591 ex
1072 2538 1204 2592 recti
1231 2538 1425 2607 judicii
1455 2556 1647 2594 norma
1683 2540 1905 2597 divitias
1940 2559 2189 2612 quacun-

611 2645 717 2698 que
749 2631 959 2684 ratione
984 2642 1168 2700 partas
1191 2634 1375 2698 egenis
1398 2642 1450 2687 et
1475 2636 1805 2705 pauperibus
1825 2637 2185 2707 distribuant;

611 2724 834 2792 quando
885 2742 903 2773 ι
932 2724 1125 2778 beatus
1163 2727 1246 2779 vir
1276 2725 1367 2780 ille
1401 2726 1621 2793 dicitur,
1671 2729 1761 2797 qui
1808 2730 2096 2784 miseretur
2138 2741 2192 2786 et

611 2816 922 2869 commodat
953 2814 1103 2887 (66);
1136 2836 1154 2867 ι
1215 2828 1326 2870 tum
1366 2829 1420 2871 ut
1466 2835 1685 2889 operam
1732 2824 1860 2876 deut
1909 2823 2189 2879 assiduam

611 2903 1082 2960 obsecrationibus
1125 2915 1179 2959 et
1228 2908 1481 2976 precibus
1523 2920 1575 2963 et
1619 2912 1794 2964 sacris
1830 2914 2045 2982 hymnis
2083 2915 2192 2970 Deo

613 2993 995 3050 universorum
1038 2998 1444 3066 supplicantes;
1488 3000 1761 3070 iidemque
1808 3004 2054 3059 dextram
2094 3007 2192 3060 Ιιο-

2281 1898 2412 1955 τοῖς,
2450 1895 2541 1946 καὶ
2584 1893 2671 1946 διά
2702 1893 2861 1945 τοῦτο
2891 1891 2987 1944 καὶ⁸
3032 1891 3169 1961 πρὸς
3207 1890 3333 1952 τοὺς
3379 1889 3645 1955 οὐρανοὺς
3677 1886 3874 1939 ἀνόδου

2282 1988 2372 2039 καὶ
2405 1985 2630 2055 πορείας
2661 1983 2897 2050 ἀναξίων
2927 1980 3353 2051 ὑπειλημμένων
3388 1979 3606 2048 (ἔργοις
3633 1978 3742 2049 γάρ
3776 1980 3878 2030 αὑ·-

2283 2080 2394 2140 τοίς
2429 2076 2784 2139 ἐϐεϐαίωσαν,
2832 2075 2907 2138 ὡς
2956 2074 3045 2125 τὸν
3091 2073 3220 2127 ἴδιον
3255 2073 3456 2141 κλῆρον
3491 2071 3585 2124 καὶ
3632 2072 3729 2142 τὴν
3770 2089 3879 2140 με-

2287 2170 2406 2241 ρίδα
2439 2169 2576 2239 μετά
2606 2168 2714 2220 τῶν
2752 2167 3116 2238 βοσκημάτων
3150 2165 3380 2219 καὶτῶν
3411 2164 3624 2235 κτηνῶν
3661 2164 3874 2228 ἔθεντο,

2287 2262 2552 2331 ζήσαντες
2578 2260 2789 2327 ἀλόγως
2811 2257 3221 2329 παραπλησίως
3242 2257 3476 2317 ἐκείνοις
3500 2255 3540 2325 ),
3573 2256 3725 2309 οὐδὲν
3752 2255 3882 2308 ἕτε-

2291 2371 2380 2427 ρον
2414 2352 2618 2422 ἀγαθὸν
2645 2349 2992 2420 διαγινώσκω
3038 2351 3132 2403 καὶ
3171 2349 3533 2417 καταγγέλλω
3579 2349 3688 2410 τοῖς
3735 2349 3881 2410 υίοῐς

2286 2444 2397 2499 τῶν
2429 2443 2733 2516 ἀνθρώπων
2766 2442 3035 2514 ὑπάρχειν
3082 2441 3158 2504 ὡς
3185 2440 3511 2511 ὀνησιφόρον
3548 2440 3643 2493 καὶ
3674 2456 3875 2492 σωστι-

2290 2539 2405 2601 κὸν,
2455 2538 2503 2589 εἰ
2542 2538 2615 2607 μὴ
2662 2537 2722 2590 τὸ
2767 2539 2941 2589 ποιεῖν
2977 2535 3325 2605 δικαιοσύνην
3359 2536 3452 2587 ἐπὶ
3496 2534 3597 2603 τῆς
3643 2533 3747 2603 γῆς
3781 2533 3879 2586 καὶ

2291 2633 2467 2700 κρῖμα
2504 2629 2880 2693 κατευθύνειν,
2931 2630 3028 2681 καὶ
3072 2628 3348 2698 διανέμειν
3392 2629 3504 2689 τοῖς
3539 2626 3742 2679 ἐνδεέσι
3781 2626 3879 2679 καὶ

2293 2721 2653 2789 πενητεύουσι
2669 2721 2762 2772 τὸν
2782 2721 3033 2774 ὁπωσοῦν
3056 2720 3204 2790 αὐτῷ
3228 2719 3683 2790 συναθροισθέντα
3712 2716 3878 2771 πλοῦ-

2293 2831 2416 2867 τον·
2455 2832 2473 2865 t
2526 2815 2812 2883 Μακάριος
2852 2832 2869 2864 ι
2910 2812 3039 2881 γὰρ,
3073 2814 3258 2883 φησὶν,
3313 2832 3331 2863 ‹
3367 2811 3507 2882 ἀνὴρ
3538 2812 3566 2863 6
3595 2809 3879 2881 οἰκτείρων

2295 2908 2391 2958 καὶ
2418 2906 2624 2976 κιχρῶν
2645 2922 2657 2935 ·
2691 2924 2709 2956 ι
2746 2907 2840 2959 καὶ
2870 2904 3151 2975 σχολάζειν
3179 2904 3276 2957 ttat
3302 2905 3736 2974 προσκαρτερεῖν
3758 2903 3881 2964 ταῖς

2295 3000 2626 3068 προσευχαῖς
2676 2999 2770 3049 καὶ
2822 2997 3038 3068 δεήσεσι
3096 2997 3189 3049 καὶ
3240 2997 3361 3057 ταῖς
3412 2993 3717 3064 ὑμνῳδίαις
3760 2994 3879 3055 ταῖς

613 3087 848 3158 spitibus
881 3104 1066 3145 comes
1095 3090 1399 3159 porrigant,
1427 3092 1759 3162 domumque
1782 3094 2076 3151 deducant.
2111 3098 2192 3152 Ad

2297 3094 2433 3162 πρὸς
2460 3092 2551 3144 τὸν
2584 3092 2675 3144 ἐπὶ
2706 3092 2923 3145 πάντων
2952 3091 3085 3144 Θεόν
3107 3106 3120 3120 '
3154 3090 3247 3143 καὶ
3276 3088 3582 3154 δεξιοῦσθαι
3608 3089 3703 3141 καὶ
3734 3086 3881 3156 φιλο-

614 3179 731 3234 haac
760 3180 904 3234 enim
930 3190 983 3235 ct
1014 3182 1182 3237 Isaias
1212 3185 1477 3253 propheta
1513 3184 1762 3242 hortatus
1797 3198 1879 3243 est
1920 3189 2028 3244 illis
2069 3208 2194 3244 ver-

614 3272 701 3326 bis
735 3290 749 3327 :
782 3291 800 3324 ι
830 3274 900 3327 At
932 3275 1083 3329 solve
1128 3291 1348 3330 onmem
1392 3278 1795 3347 colligationem
1843 3281 2150 3351 iniquitatis
2178 3304 2190 3339 :

617 3363 857 3418 dissolve
885 3364 1110 3433 laqueos
1150 3366 1513 3421 violentorum
1551 3380 1953 3437 contractuum,
1986 3374 2198 3429 dimitte

618 3456 935 3511 vulneratos
968 3457 1022 3510 in
1069 3458 1474 3526 remissionem,
1512 3470 1567 3515 et
1598 3477 1815 3515 omnem
1857 3463 2195 3533 Scripturam

620 3548 867 3618 iniquam
900 3550 1195 3605 conscinde
1225 3570 1237 3605 :
1268 3550 1456 3621 frange
1507 3555 1766 3608 esurienti
1799 3572 1992 3624 panem
2020 3569 2196 3622 tuum.

622 3647 679 3694 et
720 3654 990 3709 pauperes
1038 3648 1287 3694 extorres
1336 3639 1514 3695 deduc
1564 3642 1615 3695 in
1656 3642 1880 3697 domum
1925 3656 2093 3698 tuam.
2142 3646 2200 3701 Si

621 3731 827 3785 videris
879 3732 1125 3797 nudum,
1175 3732 1421 3786 amicito.
1471 3732 1627 3788 Tunc
1673 3745 1925 3805 erumpet
1973 3741 2200 3793 matuti-

626 3839 758 3879 num
791 3825 973 3879 lumen
1007 3834 1183 3888 tuum,
1230 3838 1283 3881 et
1314 3827 1553 3881 remedia
1589 3838 1677 3881 tua
1710 3829 1820 3883 cito
1848 3832 2197 3897 exorientur;

626 3925 681 3971 et
720 3917 933 3986 praeibit
976 3917 1029 3970 in
1072 3926 1368 3986 conspectu
1424 3928 1518 3973 tuo
1544 3920 1757 3989 iustitia
1793 3930 1904 3988 tua,
1948 3934 2001 3977 et
2030 3925 2202 3993 gloria

630 4007 722 4061 Dei
769 4007 1132 4062 circumdabit
1176 4019 1228 4063 te
1250 4009 1317 4063 ⁷⁸.
1355 4028 1373 4061 ι
1409 4008 1541 4071 Quae
1585 4013 1676 4080 qui
1714 4024 1951 4081 praestet,
1988 4017 2100 4085 jam
2149 4028 2205 4073 et

628 4099 813 4152 dicere
870 4099 1076 4167 possit,
1130 4100 1277 4169 quod
1325 4117 1556 4171 magnus
1600 4103 1773 4160 Isaias
1824 4123 2040 4162 rursum
2084 4111 2201 4165 ait:

638 4210 656 4242 ι
692 4191 941 4246 Exsultet
986 4191 1172 4245 anima
1214 4207 1335 4245 mea
1396 4192 1451 4246 in
1517 4194 1778 4262 Domino;
1821 4198 1996 4253 induit
2058 4204 2202 4257 enim

634 4298 721 4336 me
760 4282 927 4351 pallio
978 4283 1199 4347 salutis,
1255 4292 1309 4338 et
1357 4285 1541 4341 tunica
1593 4288 1794 4343 laetitia:
1845 4291 2206 4348 circumdedit

635 4374 874 4448 me(6l).
904 4395 923 4429 ι

708 4552 789 4610 Eo
821 4553 986 4623 igitur
1023 4554 1188 4621 bono,
1230 4553 1377 4623 quod
1412 4553 1578 4608 homo
1612 4554 1739 4608 talia
1772 4559 2011 4625 gerendo
2058 4577 2216 4618 asse-

636 4657 861 4717 qoatur,
911 4648 1089 4717 ipsum
1131 4647 1428 4701 exbilarari
1476 4649 1698 4718 sapiens
1739 4650 2095 4711 Ecclesiastes
2137 4657 2216 4711 si-

638 4737 883 4809 gniﬁcat,
926 4739 1009 4792 vel
1033 4738 1181 4807 quod
1229 4739 1444 4793 laudem
1485 4752 1539 4795 et
1582 4742 1929 4811 splendorem
1971 4752 2217 4807 nominis

639 4845 705 4883 ac
734 4830 961 4900 gloriam
996 4847 1059 4886 ex
1096 4831 1261 4885 rebus
1292 4833 1459 4900 gestis
1496 4834 1695 4889 viventi
1730 4839 1926 4906 pariat,
1957 4843 2041 4895 vel
2072 4845 2214 4911 quod

638 4923 840 4979 futurae
885 4926 1008 4979 vitae
1053 4940 1217 4980 causa
1260 4927 1633 4997 peregrinanti
1677 4945 1773 4998 pro
1818 4932 2016 4988 viatico
2064 4935 2214 5005 large

640 5015 895 5071 sufﬁciat.
926 5017 981 5071 Id
1010 5017 1155 5071 enim
1192 5018 1474 5083 indicavit,
1511 5021 1602 5074 illa
1644 5022 1944 5092 subjiciens
1973 5044 1987 5079 :
2020 5045 2038 5077 ι
2075 5027 2214 5092 Quia

645 5112 759 5163 ha-c
803 5118 883 5164 est
929 5122 1055 5179 pars
1100 5108 1241 5177 ejus.
1278 5131 1294 5159 ι
1349 5110 1530 5165 Sumit
1585 5112 1730 5167 enim
1783 5115 1945 5169 homo
1998 5132 2211 5182 secum,

712 5282 760 5317 ⁷³
779 5282 883 5338 lsa.
914 5298 1067 5349 Lvm,
1101 5283 1153 5336 6.

646 5440 844 5512 potuit,
908 5441 1094 5511 iique,
1157 5442 1261 5499 nisi
1312 5442 1405 5499 Dei
1458 5458 1559 5512 ope
1609 5449 2099 5506 conservarentur,
2169 5439 2221 5512 i_n

648 5510 877 5583 nihilum
910 5510 1148 5583 redituri
1196 5523 1417 5575 essent,
1465 5510 1649 5583 χάριτι
1688 5513 1868 5579 potius
1897 5527 2059 5581 quam
2115 5510 2220 5583 φύ-

649 5594 731 5630 σει
761 5581 1035 5636 trihuitur.
1076 5584 1170 5637 Est
1198 5594 1373 5636 tamen
1409 5580 1598 5638 eadem
1626 5581 1719 5635 Dei
1759 5580 2220 5641 dono’naturalis,

650 5651 777 5716 quia
819 5652 886 5704 ab
912 5654 1121 5723 origine
1155 5654 1300 5718 data,
1350 5664 1401 5706 et
1449 5656 1595 5721 quia.
1641 5653 1685 5705 si
1715 5667 1840 5705 cum
1872 5652 2084 5705 ueteris
2131 5649 2219 5701 Dei

651 5723 933 5789 operibus,
969 5739 1090 5792 quze
1132 5724 1405 5777 inferioris
1440 5734 1567 5777 sunt
1597 5723 1828 5782 ordinis,
1868 5723 2034 5775 animi
2075 5736 2218 5774 com-

657 5802 928 5857 parentur,
963 5810 1086 5846 cum
1131 5794 1406 5860 simplices
1450 5793 1674 5847 omnino
1708 5792 1817 5846 sint
1856 5801 2068 5853 natura,
2116 5806 2221 5860 non

656 5863 866 5917 ratione
919 5864 1025 5918 ulla
1069 5866 1136 5919 ab
1188 5859 1298 5920 illis
1342 5864 1586 5931 dissolvi,
1639 5878 1748 5917 non
1789 5862 1899 5916 ulla
1944 5865 1994 5914 vi
2031 5859 2224 5930 peritni

2295 3188 2513 3256 φρονεῖν
2558 3186 2686 3247 τοὺς
2735 3183 3205 3252 ἐπιξενουμένους.
3256 3180 3444 3235 Ταῦτα
3492 3181 3604 3250 γὰρ
3669 3194 3882 3250 παρηγ-

2296 3277 2466 3346 γύησε
2503 3278 2597 3329 καὶ
2622 3278 2649 3328 6
2680 3278 2964 3348 προφήτης
3010 3276 3237 3338 Ἡσαΐας
3282 3275 3481 3342 λέγων,
3519 3293 3537 3326 ι
3589 3272 3751 3326 Ἅλλά
3790 3272 3881 3323 λύε

2300 3370 2476 3423 πάντα
2500 3369 2795 3439 σύνδεσμον
2815 3368 3055 3431 ἀδικίαςο
3079 3367 3262 3421 διάλυε
3289 3365 3669 3437 στραγγαλιὰς
3693 3365 3883 3434 βιαίων

2300 3460 2784 3528 συναλλαγμάτων,
2857 3459 3156 3511 ἀπόστελλε
3208 3457 3647 3529 τεθραυσμένους
3686 3459 3743 3509 ἐν
3781 3457 3886 3525 ἀφ-

2300 3553 2436 3614 έσει,
2458 3553 2552 3603 καὶ
2587 3552 2769 3603 πᾶσαν
2801 3552 3125 3621 συγγραφὴν
3152 3550 3333 3603 ἄδικον
3376 3549 3615 3603 διάσπα·
3666 3547 3885 3617 διάθρυ-

2302 3661 2401 3695 πτε
2435 3641 2691 3696 πεινῶντι
2726 3643 2817 3701 τὸν
2862 3642 3027 3711 ἄρτον
3068 3660 3183 3707 σου,
3217 3643 3314 3695 καὶ
3343 3642 3593 3712 πτωχοὺς
3623 3640 3886 3707 ἀστέγους

2302 3736 2563 3804 εἰσάγαγε
2596 3737 2677 3799 είς
2705 3736 2794 3789 τὸν
2828 3732 2976 3790 οἶκόν
3010 3754 3125 3790 σου.
3168 3737 3295 3789 Ἐὰν
3351 3735 3466 3805 ῐδῃς
3494 3734 3701 3804 γυμνὸν
3730 3732 3885 3803 περί-

2304 3829 2457 3884 ϐαλε.
2506 3829 2640 3881 Τότε
2671 3830 2973 3900 ῥαγήσεται
3017 3828 3268 3899 πρώῖμον
3293 3828 3356 3881 τὸ
3387 3827 3503 3897 φῶς
3548 3842 3663 3888 σου,
3696 3824 3791 3878 καὶ
3815 3824 3887 3876 τὰ

2307 3921 2515 3990 ίάματά
2554 3938 2651 3973 σου
2694 3922 2833 3991 ταχὺ
2871 3921 3124 3974 ἀνατελεῖ
3168 3919 3262 3973 καλ⁴
3305 3917 3744 3989 προπορεύσεται
3787 3915 3886 3986 ἔμ-

2303 4012 2540 4082 προσθέν
2573 4029 2666 4065 σου
2693 4014 2727 4083 ή
2760 4012 3076 4081 δικαιοσύνη
3108 4029 3223 4073 σου,
3272 4011 3366 4063 mi.
3400 4012 3433 4081 ή
3463 4010 3591 4074 δόξα
3629 4005 3724 4062 τοῦ
3751 4005 3885 4060 Θεοῦ

2307 4103 2615 4175 περιστελεῖ
2647 4122 2729 4158 σε.
2771 4124 2788 4156 ι
2825 4104 3013 4158 Ταῦτα
3062 4105 3170 4175 γὰρ
3217 4106 3244 4156 6
3276 4103 3446 4157 ποιῶν
3477 4104 3594 4172 ἐρεῖ
3642 4100 3785 4155 κατά
3823 4100 3886 4153 τὸ

2305 4197 2620 4262 ἀκόλουθον,
2646 4198 2675 4250 δ
2696 4214 2860 4267 φησιν
2882 4193 3036 4259 αὖθις
3061 4200 3089 4249 ὁ
3118 4197 3292 4266 μέγας
3331 4195 3560 4258 Ἠσαίας
3580 4212 3594 4224 υ
3632 4213 3650 4244 ι
3699 4191 3888 4260 Ἀγαλ-

2305 4288 2516 4341 λιὰσθω
2542 4290 2575 4359 ή
2609 4289 2754 4359 ψυχή
2793 4304 2895 4356 μου
2927 4288 3022 4341 ἐπὶ
3049 4286 3129 4354 τῶ
3170 4286 3361 4359 Κυρίῳ
3382 4303 3395 4317 ·
3432 4285 3647 4339 ἐνέδυσε
3683 4285 3787 4356 γάρ
3819 4299 3886 4353 με

2311 4380 2528 4446 ἱμάτιον
2578 4379 2888 4451 σωτηρίου,
2938 4378 3035 4431 καὶ
3084 4379 3289 4448 χιτῶνα
3342 4374 3683 4447 εὐφροσύνης
3738 4390 3888 4443 περι-

2239 4452 2281 4507 Ῑ)
2310 4471 2475 4538 ἐθηκέ
2513 4489 2602 4541 με.
2646 4492 2665 4523 ι

2384 4563 2456 4617 Τὸ
2488 4564 2667 4617 τοίνυν
2710 4566 2829 4627 τοῖς
2865 4562 3131 4627 τοιούτοις
3177 4565 3448 4633 ποιήμασι
3494 4561 3648 4628 παρά
3678 4555 3884 4630 ἀνθρὼ-

2314 4674 2418 4709 που
2470 4657 2759 4727 γινόμενον
2804 4656 3042 4725 ἀγαθὸν,
3089 4654 3404 4725 εὐφραίνειν
3455 4653 3547 4707 τὸν
3611 4650 3889 4723 ἄνθρωπον

2312 4748 2607 4801 αἰνίττεται
2639 4747 2734 4802 καὶ
2778 4748 2807 4799 ό
2858 4748 3022 4816 σοφὸς
3071 4744 3526 4815 Ἐκκλησιαστὴς,
3560 4742 3637 4806 ὡς
3674 4741 3775 4792 κάν
3819 4740 3882 4807 τῇ

2312 4839 2563 4913 παρούσῃ
2611 4839 2725 4912 ζωῇ
2779 4838 3075 4910 προξενοῦν
3114 4837 3195 4907 τῷ
3240 4835 3488 4890 ποιοῦντι
3530 4834 3622 4887 τὸν
3673 4832 3886 4885 ἔπαινον

2321 4934 2417 4988 καὶ
2445 4933 2543 5003 τὴν
2584 4931 2834 4985 εὔκλειαν
2872 4933 2967 4985 καὶ
2999 4931 3096 5001 τὴν
3132 4931 3308 4997 δόξαν,
3344 4928 3438 4981 καὶ
3464 4925 3601 4997 πρὸς
3630 4925 3730 4990 τὴν
3768 4922 3888 4992 μὲλ-

2319 5023 2519 5075 λουσαν
2555 5020 2886 5089 ἐκδημοῦντι
2918 5021 3062 5089 ζωὴν
3093 5020 3257 5074 καλὸν
3289 5017 3495 5086 ἐφόδιον
3534 5012 3886 5085 παραλαμϐα-

2319 5114 2563 5183 νόμενον.
2619 5112 2792 5165 Τοῦτο
2831 5112 2939 5185 γὰρ
2980 5112 3241 5183 ἐνέφηνεν
3289 5110 3482 5174 εἰπὼν,
3531 5127 3549 5160 ι
3596 5109 3721 5160 Ὅτι
3765 5103 3887 5158 αὐτὸ

2331 5444 2713 5512 exstinguique
2736 5450 2989 5512 possunt.

2402 5505 2765 5584 (59)"0li'mp1
2803 5513 2863 5565 Εἰ
2902 5511 2976 5584 μὴ
3005 5505 3051 5584 ᾧ
3079 5508 3539 5584 εὐφρανβήετὲτφιιο

2400 5575 2510 5670 ςδο)
2552 5575 2866 5646 Ps'aL'cxu,
2900 5575 3091 5636 δίδοι]
3128 5575 3269 5651 apud
3300 5577 3441 5632 LXX
3472 5579 3616 5649 leges
3649 5575 3884 5646 Χρηστὺς

2328 5652 2659 5795 “wh-Ea.
2698 5739 2808 5795 ωτι,
2848 5720 2934 5775 10.
2974 5719 3079 5776 Sed
3116 5719 3205 5775 hic
3239 5720 3292 5774 in
3326 5728 3558 5788 utroque
3591 5718 3709 5771 loco
3734 5715 3885 5771 verba

2333 5795 2594 5849 nonnulla
2628 5794 3027 5849 desiderantur.
