4172 6524
306 390 405 454 807

1366 391 1450 453 IN
1490 390 2075 452 ECCLESIASTEN.
2103 414 2173 425 -
2212 391 2362 451 LIB.
2402 393 2519 450 lli.

3456 397 3563 459 898

307 504 468 577 μερὶς
497 502 686 559 αὐτοῦ.
730 523 748 556 ι
787 504 1067 574 Δαμϐάνει
1100 504 1213 575 γὰρ
1255 506 1283 558 ὁ
1310 504 1594 575 ἄνθρωπος
1626 505 1881 575 καὶπρὸς

1988 512 2101 553 tum
2136 514 2378 570 quoque,
2411 516 2538 556 cum
2562 500 2627 556 ad
2666 501 2789 557 vita
2814 513 3014 559 metam
3041 503 3369 574 pervenerit,
3399 506 3567 563 veluti

303 596 365 652 τὸ
406 596 502 650 τοῦ
535 596 653 667 βίου
687 598 860 668 πέρας
890 596 1061 650 ἐλθὼν
1094 592 1206 650 οἷόν
1237 614 1360 652 τινα
1392 598 1586 669 μερίδα
1616 600 1709 651 καὶ
1751 599 1886 669 κλη-

306 689 567 760 ρονομίαν
611 690 712 753 τὰς
749 690 887 754 ἰδίας
923 691 1153 759 πράξεις
1186 690 1305 760 μεθ’
1351 691 1546 745 ἑαυτοῦ
1571 706 1583 719 ⁸
1628 691 1886 762 ταύτητοι

304 779 429 845 μετ’
457 779 797 849 εὐφροσύνης
846 780 1174 849 μεθίσταται
1220 782 1320 852 τῆς
1363 782 1887 852 πολυαμαρτήμονος

303 871 400 922 καὶ
458 870 952 941 πολυπαθεστάτης
1006 874 1102 927 καὶ
1153 874 1517 927 πολυθλίπτου
1574 875 1741 945 ζωῆς,
1794 875 1888 927 καὶ

300 961 400 1031 τήν
446 963 726 1034 μακαρίαν
758 963 1005 1035 εὑρίσκει
1034 965 1189 1034 λῆξιν
1219 965 1329 1017 τῶν
1359 966 1417 1029 ἐξ
1454 966 1651 1028 αἰῶνος
1692 966 1881 1034 ἁγίων.

303 1056 460 1107 Πᾶσα
505 1055 613 1126 γὰρ
664 1057 698 1126 ἡ
753 1056 955 1126 σπουδὴ
1006 1057 1083 1126 τῷ
1144 1058 1543 1128 Ἐκκλησιαστῇ
1594 1058 1888 1127 πρόκειται

301 1146 398 1200 νῦν
457 1147 766 1217 ἀποστῆσαι
816 1149 910 1200 τὸν
963 1147 1303 1219 ἀνθρώπινον
1357 1149 1483 1202 νοῦν
1532 1149 1632 1220 τῆς
1695 1150 1887 1219 ὑλικῆς

305 1240 678 1310 προσπαθείας
713 1241 933 1311 καὶτῆς
964 1240 1060 1295 τοῦ
1090 1242 1295 1311 κόσμου
1344 1242 1551 1310 φιλίας,
1580 1242 1673 1294 καὶ⁵
1700 1241 1891 1311 πόρρω

303 1334 397 1387 καὶ
429 1336 650 1405 μακρὰν
695 1336 973 1406 ἀποφῆναι
1014 1336 1125 1388 τῶν
1164 1335 1431 1406 ὲμπαθῶν
1478 1335 1756 1406 σαρκικῶν
1791 1334 1888 1387 καὶ

305 1426 613 1498 βδελυκτῶν
665 1426 891 1498 ἡδονῶν.
958 1428 1257 1499 Μονονουχὶ
1311 1428 1418 1498 γάρ
1475 1444 1644 1498 φησι·
1698 1426 1886 1493 Σύνες,

303 1519 581 1591 ἄνθρωπε,
632 1519 686 1570 τί
736 1519 963 1586 ἀγαθὸν,
995 1520 1087 1573 καὶ
1129 1520 1361 1590 ποίησον
1413 1520 1565 1585 αὐτὸ,
1620 1520 1716 1573 καὶ
1755 1519 1885 1573 λάϐε

302 1612 401 1665 καὶ
452 1612 519 1665 σὺ
560 1610 721 1664 τοῦτο
756 1611 954 1682 μερίδα
983 1611 1264 1681 φρονίμως
1306 1613 1365 1678 ἐξ
1413 1609 1490 1666 ὧν
1527 1611 1885 1683 συνήθροισας

305 1702 486 1773 ἑαυτῷ
513 1703 879 1757 παντοδαπῶν
912 1704 1069 1756 εἰδῶν
1092 1702 1186 1756 τοῦ
1219 1703 1453 1756 πλούτου
1480 1704 1567 1756 διὰ
1597 1704 1705 1756 τῶν
1741 1704 1885 1757 ἰδίων

305 1793 491 1847 κόπων
519 1795 611 1847 καὶ
645 1796 884 1864 μόχθων,
918 1795 1005 1847 ἵνα
1039 1795 1380 1866 θησαυρίσας
1410 1798 1469 1848 ὲν
1498 1798 1748 1866 οὐρανοῖς
1777 1796 1884 1848 τῶν

1987 598 2197 660 partem
2231 592 2526 660 quamdam
2573 592 2688 647 sive
2721 594 3086 649 haereditatem
3127 594 3268 651 facta
3315 610 3413 651 sua
3445 616 3459 653 :
3488 598 3571 652 id-

1988 682 2135 736 circo
2157 698 2224 737 ex
2258 683 2362 738 hac
2386 684 2517 749 vita,
2553 701 2715 755 quam
2750 687 2937 741 multis
2962 688 3256 742 obnoxiam
3286 690 3570 745 erroribus

1987 784 2040 828 et
2073 776 2233 830 malis
2262 777 2525 847 curisque
2553 780 2929 849 compluribus
2960 780 3219 836 refertam
3244 784 3419 851 novit,
3441 800 3566 839 cum

1989 867 2176 921 laetitia
2233 871 2607 940 transmigrat,
2667 872 2988 943 beatamque
3037 874 3244 929 invenit
3300 878 3566 947 requiem,

1988 977 2095 1031 qua
2137 963 2349 1017 caelites
2388 973 2649 1032 perpetua
2687 964 2968 1020 fruuntur.
3008 965 3178 1021 Totus
3223 969 3371 1022 enim
3410 970 3464 1023 in
3505 986 3572 1025 eo

1990 1054 2080 1109 hic
2113 1064 2198 1110 est
2232 1056 2453 1125 sapiens
2483 1055 2865 1119 Ecclesiastes,
2904 1070 2963 1112 ut
3002 1058 3296 1113 humanam
3330 1072 3568 1118 mentem

1988 1161 2019 1201 a
2070 1148 2405 1203 caducarum
2456 1165 2641 1203 rerum
2690 1149 2993 1219 cupiditate
3042 1163 3096 1206 et
3143 1153 3333 1207 mundi
3387 1170 3573 1209 amore

1989 1239 2247 1305 abducat,
2275 1249 2437 1311 atque
2469 1242 2537 1294 ali
2563 1241 2713 1295 omni
2747 1241 3113 1296 immoderato
3143 1243 3336 1298 ali'ectu
3376 1245 3572 1301 obsce-

1990 1331 2185 1401 nisque
2226 1333 2478 1402 corporis
2508 1333 2884 1402 voluptatibus
2914 1332 3112 1387 efﬁciat
3148 1348 3316 1403 quam
3347 1336 3572 1392 alienis-

1987 1425 2204 1480 simam.
2240 1425 2369 1481 Hac
2402 1428 2547 1481 enim
2585 1426 2994 1497 quodammodo
3034 1426 3231 1481 eﬂ‘atur
3259 1444 3273 1481 :
3306 1428 3570 1500 intellige,

1988 1533 2021 1573 ο
2053 1522 2318 1585 mortalis,
2360 1521 2493 1593 quid
2539 1523 2609 1577 sit
2656 1523 2885 1588 bonum,
2920 1531 3085 1593 atque
3118 1522 3277 1594 105
3310 1523 3359 1577 id
3413 1540 3569 1595 urge,

1988 1611 2042 1665 id
2080 1614 2177 1667 tibi
2211 1615 2428 1683 sapiens
2460 1615 2617 1685 quasi
2660 1624 2868 1685 partem
2916 1618 3119 1671 sumito
3148 1633 3211 1671 ex
3242 1619 3419 1672 iismet
3452 1632 3573 1672 om-

1990 1703 2075 1758 nis
2107 1706 2327 1773 generis
2377 1706 2605 1771 divitiis,
2658 1723 2799 1775 quas
2847 1709 2999 1764 curis
3048 1720 3102 1763 et
3146 1709 3426 1764 laboribus
3465 1709 3573 1765 tuis

1988 1797 2213 1865 coegisti
2247 1815 2260 1852 :
2290 1814 2422 1867 quo,
2474 1807 2763 1869 postquam
2796 1799 2863 1854 de
2903 1812 3048 1855 recte
3092 1800 3255 1857 factis
3299 1802 3570 1871 ejusmodi

303 1885 563 1938 τοιούτων
609 1902 692 1938 σοι
721 1886 1044 1956 ποιημάτων
1081 1886 1177 1939 καὶ
1204 1886 1379 1958 ἔργων
1405 1888 1504 1958 τὴν
1534 1886 1746 1956 ἀγαθὴν
1774 1904 1882 1957 με-

1988 1886 2187 1941 bonam
2229 1888 2282 1941 in
2335 1890 2507 1943 caelos
2544 1899 2751 1958 partem
2806 1891 3161 1959 praemiseris,
3216 1893 3461 1945 eamdem
3515 1892 3569 1944 in

304 1978 447 2048 ρίδα,
479 1978 651 2049 λάϐῃς
695 1978 867 2048 αὐτὴν
917 1979 975 2031 ὲν
1020 1980 1206 2051 ἡμέρᾳ
1256 1981 1359 2050 τῆς
1391 1981 1625 2050 κρίσεως
1656 1982 1748 2032 καὶ
1789 1981 1886 2049 τῆς

1988 1976 2173 2046 iudicii
2212 1986 2267 2031 et
2316 1979 2631 2048 promerita:
2678 1979 3142 2035 remunerationis
3179 1982 3267 2035 die
3314 1982 3567 2047 recipias.

300 2067 413 2121 τῶν
441 2066 795 2138 βεϐιωμένων
826 2070 1262 2134 ἀνταποδόσεως.
1300 2070 1459 2125 Οὕτω
1488 2071 1552 2142 δὴ
1581 2072 1676 2125 καὶ
1705 2074 1733 2125 ὁ
1776 2071 1889 2124 Κύ-

305 2168 422 2230 pio;
470 2160 860 2231 παρεγγύησεν
906 2164 966 2215 ὲν
1002 2163 1361 2233 Εὑαγγελίοις
1412 2163 1618 2218 εἰπών’
1667 2182 1688 2215 ι
1730 2162 1890 2233 Ποιή-

306 2267 437 2307 σατε
465 2252 558 2307 οὖν
593 2254 753 2322 ὑμεῖς
798 2254 987 2322 φίλους
1015 2256 1080 2308 ἐκ
1110 2255 1203 2308 τοῦ
1236 2257 1495 2323 Μαμωνᾶ
1524 2256 1625 2323 τῆς
1656 2254 1886 2318 ἀδικίας,

306 2342 396 2396 ἵνα
446 2343 706 2410 δέξωνται
759 2344 903 2414 ὑμᾶς
958 2346 1038 2407 εἰς
1086 2346 1187 2407 τὰς
1248 2346 1453 2414 σκηνὰς
1516 2346 1615 2416 τῆς
1667 2344 1885 2398 αἰωνίου

307 2431 477 2503 ζωῆς.
519 2454 539 2488 ι
575 2434 708 2489 Εἶτά
747 2450 913 2504 φησιν
959 2437 988 2488 ὁ
1027 2435 1458 2506 Ἐκκλησιαστής
1484 2450 1499 2466 .

1986 2065 2061 2119 Ita
2106 2081 2237 2121 sane
2267 2075 2320 2121 ct
2357 2067 2621 2123 Dominus
2655 2068 2708 2121 in
2754 2067 3064 2137 Evangeliis
3096 2068 3404 2132 admonuit,
3443 2085 3569 2123 cum

1986 2156 2063 2207 ait
2120 2172 2134 2209 :
2193 2174 2212 2207 ‹
2245 2155 2435 2211 Facite
2475 2157 2643 2228 igitur
2692 2172 2792 2213 vos
2837 2159 2906 2213 de
2950 2157 3205 2213 Mamona
3260 2160 3570 2229 iniquitatis

1988 2252 2240 2319 amicos,
2316 2261 2373 2305 ut
2430 2254 2697 2322 recipiant
2758 2270 2858 2309 vos
2922 2255 2974 2310 in
3033 2256 3379 2310 tabernacula
3450 2255 3571 2310 vita:

1994 2350 2210 2397 aeterna:
2240 2341 2376 2413 (62).
2409 2362 2427 2395 ι
2465 2343 2631 2399 Addit
2675 2345 2870 2400 deinde
2904 2347 3121 2416 sapiens
3156 2344 3517 2401 Ecclesiastes
3552 2363 3565 2399 :

1830 2543 2056 2620 §xxv.

383 2640 512 2693 Ὅτι
552 2642 642 2705 τίς
670 2641 798 2705 ἄξει
836 2641 1024 2695 αὐτὸν
1070 2641 1177 2695 τοῦ
1223 2640 1395 2707 ἰδεῖν,
1455 2643 1526 2696 ἐν
1555 2636 1604 2709 ᾧ
1646 2643 1889 2713 γένηται

303 2734 436 2801 μετ’
468 2733 657 2785 αὐτόν
674 2749 693 2798 ;

379 2824 643 2877 Τουτέστι
665 2866 679 2889 ,
716 2825 814 2888 Τίς
845 2824 965 2892 ἄξει
991 2826 1083 2879 τὸν
1111 2826 1369 2880 πλούσιον
1400 2830 1536 2898 μετὰ
1568 2827 1667 2899 τὴν
1701 2826 1890 2879 τελευ-

305 2916 408 2988 τὴν
430 2918 526 2971 καὶ
559 2918 658 2987 τὴν
684 2918 1010 2983 ἀποϐίωσιν,
1052 2918 1149 2973 ἐὰν
1178 2920 1252 2991 μὴ
1286 2921 1494 2991 συνήσῃ
1523 2919 1632 2983 ζῶν
1662 2918 1743 2971 ἔτι
1775 2920 1891 2973 δια·

307 3012 490 3078 νεῖμαι
521 3009 711 3062 τοῦτον
750 3014 863 3074 τοῖς
898 3011 1105 3065 ὲνδεέσι
1143 3012 1239 3066 καὶ
1270 3011 1505 3081 πένησι,
1537 3010 1633 3063 τοῦ
1677 3010 1803 3064 ἰδεῖν
1832 3012 1890 3063 ὲν

308 3102 503 3171 ἐκείνῳ
524 3102 606 3171 τῷ
624 3102 900 3173 ἀνθρώπῳ
930 3102 1009 3173 τῷ
1044 3103 1161 3174 μετ’
1185 3105 1349 3158 αὐτὸν
1379 3105 1740 3175 διαδεξομένῳ
1764 3106 1889 3167 τοὺς

308 3192 519 3244 ἐκείνου
584 3190 820 3262 μόχθους
884 3196 981 3247 καὶ
1023 3195 1262 3261 κόπους,
1316 3197 1367 3249 τί
1413 3200 1741 3270 γενήσεται,
1796 3200 1889 3250 καὶ

310 3285 474 3337 ποίαν
501 3284 613 3348 ’ἕξει
644 3285 982 3341 κατάστασιν
1011 3288 1338 3352 διοικήσεως
1357 3285 1523 3361 ;⁷Αρα
1549 3294 1657 3360 γὰρ
1682 3294 1709 3344 ό
1736 3292 1892 3346 πλοῦ-

308 3392 404 3439 τος
435 3377 585 3447 παρά
613 3378 709 3430 τοῦ
734 3379 879 3432 κατὰ
906 3380 1162 3451 διαδοχὴν
1196 3383 1607 3453 παραλαϐόντος
1629 3387 1709 3447 εἰς
1732 3385 1887 3454 ἐλεη-

313 3467 554 3537 μοσύνας
592 3469 690 3521 καὶ
726 3468 993 3541 διανομὰς
1038 3471 1273 3542 πτωχῶν
1312 3473 1409 3527 καὶ
1438 3472 1631 3544 χρείαν
1664 3474 1773 3528 τῶν
1805 3476 1890 3527 ὲν-

308 3559 446 3623 δεῶς
484 3559 719 3631 ἑχόντων
765 3562 1127 3635 εὑρεθήσεται
1185 3564 1595 3636 διοικούμενος;
1640 3565 1674 3636 ἢ
1714 3566 1892 3620 ταῦτα

312 3650 413 3722 μὲν
450 3652 707 3723 οὐδαμῶς
746 3652 936 3720 ισται,
972 3654 1111 3725 μετὰ
1143 3654 1396 3724 μεθύσων
1422 3656 1479 3709 δὲ
1526 3656 1622 3714 καὶ
1650 3672 1891 3726 κραιπα-

312 3742 527 3811 ληστῶν
563 3745 655 3795 καὶ
708 3747 923 3815 πορνῶν
946 3746 1042 3799 καὶ
1081 3745 1466 3816 πορνοϐοσκῶν
1500 3748 1889 3819 καταναλωθῆ-

316 3844 471 3883 σεται
525 3834 663 3902 πρὸς
707 3835 930 3889 πλείονα
973 3836 1303 3907 κατάκρισιν
1349 3837 1446 3890 τοῦ
1492 3840 1685 3910 πρώην
1726 3843 1891 3893 αὑτὸν

316 3920 535 3991 ἔχοντος
579 3925 673 3976 καὶ
705 3926 780 3995 μὴ
830 3926 1323 3997 διασκορπίσαντος
1354 3928 1757 4000 φιλανθρώπως
1797 3932 1892 3984 καὶ

317 4011 585 4075 θεοσεϐῶς
632 4015 777 4067 κατὰ
827 4015 888 4067 τὸ
953 4018 1372 4087 γεγραμμένονο
1428 4036 1447 4070 ι
1496 4019 1889 4090 Ἐσκόρπισεν,

315 4104 487 4159 ἔδωκε
517 4108 632 4170 τοῖς
669 4108 1000 4179 πένησινοὴ
1042 4109 1359 4179 δικαιοσύνη
1412 4112 1577 4166 αὐτοῦ
1618 4114 1773 4182 μένει
1812 4116 1892 4179 εἰς

314 4197 407 4250 τὸν
449 4198 622 4251 αἰῶνα
668 4199 764 4252 τοῦ
818 4201 1053 4267 αἰῶνος,
1088 4221 1107 4254 ι
1153 4204 1269 4256 ἀλλ’
1312 4203 1551 4275 ἔμπαλιν
1588 4206 1768 4261 αἰτίαν
1799 4209 1893 4261 καὶ

316 4291 592 4361 πρόφασιν
619 4295 1000 4364 παρασχόντος
1022 4296 1116 4349 καὶ
1144 4299 1256 4360 τοῖς
1284 4300 1765 4370 μεταγενεστέρως
1797 4302 1893 4354 αὑο

314 4383 411 4435 τὸν
463 4385 725 4455 ἐσχηκόσι
770 4388 909 4458 πρὸς
954 4388 1341 4460 ἀνοσιουργίας
1390 4392 1485 4445 καὶ
1535 4410 1891 4464 πονηροπραο

2060 2637 2229 2693 Vens.
2264 2638 2354 2691 22.
2389 2637 2525 2703 Quia
2548 2639 2663 2707 quis
2688 2638 2912 2691 adducet
2946 2653 3085 2703 eum,
3118 2648 3175 2691 ut
3213 2640 3379 2693 videat
3416 2640 3467 2691 in
3498 2640 3570 2692 ilo

1990 2730 2104 2795 Iud,
2144 2731 2285 2801 quod
2320 2731 2563 2800 futurum
2591 2740 2667 2784 est
2698 2739 2815 2799 post
2854 2730 3027 2798 ipsum
3068 2731 3219 2803 (65)?

2057 2820 2192 2886 Quis
2239 2821 2452 2875 scilicet
2509 2819 2730 2874 divitem
2778 2829 2903 2890 post
2968 2819 3129 2875 linem
3181 2822 3570 2894 interitumque

1988 2915 2108 2984 ejus
2131 2956 2145 2979 ,
2182 2914 2289 2969 nisi
2322 2930 2447 2969 cum
2479 2915 2723 2979 viveret,
2768 2914 2953 2984 egenis
2990 2914 3106 2985 ipse
3133 2926 3186 2971 et
3234 2920 3569 2988 pauperibus

1988 3008 2205 3061 divitias
2240 3007 2650 3062 distribuendas
2672 3008 2948 3063 curaverit
2975 3026 2989 3073 ;
3024 3010 3168 3079 quis,
3198 3010 3443 3080 inquam,
3473 3013 3568 3067 ad-

1935 3146 1955 3164 ,
1990 3101 2154 3155 ducet
2193 3110 2249 3153 ut
2279 3116 2346 3154 eo
2404 3100 2458 3154 in
2494 3101 2747 3163 homine,
2784 3101 2875 3169 qui
2917 3112 3039 3170 post
3073 3103 3249 3171 ipsum
3283 3105 3570 3161 haeredita-

1992 3202 2100 3245 tem
2153 3192 2433 3247 laboribus
2471 3192 2592 3260 ejus
2654 3201 2707 3244 et
2747 3192 3043 3245 sudoribus
3086 3204 3297 3261 partam
3351 3194 3566 3263 adierit,

1994 3284 2121 3335 illud
2152 3283 2364 3346 videat,
2417 3283 2560 3352 quod
2598 3284 2721 3343 liet.
2763 3294 2814 3336 et
2844 3300 3007 3351 quant
3038 3283 3085 3335 is
3117 3300 3297 3339 rerum
3336 3288 3570 3341 admini-

1990 3377 2314 3431 strationem
2362 3376 2648 3431 instituet?
2685 3376 2829 3429 Num
2863 3375 3010 3427 enim
3055 3376 3158 3431 iste
3186 3394 3323 3448 quas
3350 3378 3571 3435 divitias

1990 3471 2363 3525 successionis
2383 3471 2507 3539 jure
2537 3471 2766 3539 accepit,
2803 3484 2897 3523 eas
2926 3467 2979 3522 in
3011 3469 3266 3526 solatium
3291 3474 3569 3543 egentium

1989 3560 2369 3626 distribuisse,
2413 3571 2580 3631 atque
2645 3561 2699 3615 in
2750 3576 2909 3614 nsunt
2962 3562 3284 3617 miserorum
3338 3562 3575 3617 admini-

1990 3660 2198 3706 strasse
2232 3651 2579 3706 invenietur?
2605 3652 2686 3707 An
2717 3653 2849 3706 nihil
2878 3654 3073 3709 horum
3107 3655 3266 3723 plane
3300 3652 3571 3717 futurum,

1989 3757 2195 3812 easque
2229 3759 2353 3797 cum
2386 3744 2555 3798 ebriis
2600 3745 2779 3815 potius
2812 3754 2867 3799 et
2901 3744 3404 3810 comessatoribus,
3445 3760 3569 3798 cum

1991 3835 2190 3889 scortis
2241 3835 2643 3904 lenonibusque
2682 3835 2771 3889 ille
2816 3836 3096 3899 absumet,
3151 3836 3216 3889 ad
3263 3836 3569 3906 graviorem

1990 3926 2111 3995 ejus
2134 3928 2649 3981 condemnationem
2675 3969 2689 3993 ,
2722 3928 2814 3997 qui
2850 3928 3002 3996 prius
3036 3928 3306 3996 possedit,
3333 3943 3433 3981 nec
3464 3927 3569 3979 hu-

1991 4019 2227 4073 maniter
2253 4035 2347 4075 eas
2396 4021 2590 4089 pieque
2613 4020 2893 4090 dispersit,
2926 4019 3387 4089 quemadmodum
3430 4019 3567 4073 scri-

1990 4117 2143 4177 ptum
2173 4118 2259 4162 est
2294 4124 2307 4160 :
2349 4127 2365 4159 ‹
2400 4108 2710 4179 Dispersit,
2756 4109 2903 4163 dedit
2946 4109 3311 4177 pauperibus;
3352 4108 3564 4175 justitia

1991 4201 2111 4269 ejus
2152 4208 2334 4255 manet
2362 4202 2416 4255 in
2450 4202 2711 4256 saeculum
2748 4200 3028 4267 saeculi”;
3059 4200 3152 4254 sed
3183 4214 3403 4253 causam
3435 4214 3570 4253 con~

1993 4301 2074 4346 tra
2100 4302 2155 4345 et
2183 4294 2530 4349 occasionem
2560 4294 2793 4364 posteris
2822 4308 3041 4363 quoque
3068 4291 3318 4362 praebuit,
3342 4292 3405 4345 ad
3431 4306 3571 4362 quos

1992 4386 2099 4441 illa:
2144 4400 2480 4457 pervenere,
2515 4396 2575 4441 ut
2611 4386 2834 4455 impiam
2878 4386 3283 4455 pessimamque
3321 4385 3447 4437 vitae
3488 4398 3572 4435 ra-

318 4473 462 4540 ξίας,
504 4479 1052 4548 παρεκτρεπομένοις
1094 4480 1149 4534 δὲ
1195 4484 1292 4535 καὶ
1337 4484 1475 4555 πρὸς
1505 4485 1758 4557 ἁρπαγὰς
1793 4488 1888 4541 καὶ

1993 4488 2196 4541 tionem
2252 4483 2490 4550 inirent,
2530 4498 2629 4536 nec
2661 4482 2945 4551 rapiendi,
2979 4476 3445 4548 concupiscendi,
3486 4493 3574 4531 ca-

318 4566 631 4635 πλεονεξίας
658 4572 752 4625 καὶ
787 4574 1160 4643 συκοφαντίας
1190 4576 1270 4629 ἔτι
1302 4578 1446 4631 κατὰ
1477 4579 1538 4631 τὸ
1571 4579 1794 4650 μᾶλλον,
1813 4580 1890 4643 ὡς

314 4659 418 4712 οὐκ
473 4662 837 4732 ἐξαρκοῦντος
886 4662 981 4717 τοῦ
1051 4667 1500 4737 περιενεχθέντος
1556 4672 1637 4732 εἰς
1688 4670 1888 4732 αὐτοὺς

316 4751 552 4805 πλούτου
582 4755 913 4825 παραλόγως
941 4758 1035 4811 καὶ
1065 4758 1347 4829 δυστυχῶς
1378 4762 1515 4829 πρὸς
1548 4762 1887 4833 ὲξυπηρέτηο

320 4858 405 4893 σιν
445 4844 544 4911 τῆς
588 4845 872 4916 φιληδόνου
908 4846 1077 4917 ζωῆς.
1128 4847 1299 4902 Τοῦτο
1327 4849 1436 4921 γὰρ
1465 4852 1767 4905 αἰνίττεται
1804 4852 1891 4906 διὰ

318 4933 427 4986 τῶν
455 4936 739 5007 ἑπομένων
760 4956 776 4973 ο
810 4942 947 5011 φησί
974 4944 1084 5014 γάρ
1109 4958 1122 4973 ·

1992 4576 2294 4632 lumuiandi
2334 4574 2500 4628 ullum
2549 4572 2792 4627 facerent
2828 4572 3027 4626 linem:
3060 4570 3215 4641 quasi
3264 4586 3418 4638 opes,
3448 4584 3570 4639 quae

1995 4683 2201 4725 temere
2233 4669 2341 4724 illis
2382 4667 2783 4736 infeliciterque
2810 4666 3198 4725 obvenissent,
3233 4664 3295 4717 ad
3324 4665 3571 4731 volupta-

1995 4763 2093 4815 ria:
2119 4761 2242 4814 vita:
2275 4757 2579 4812 ministeria
2605 4756 2765 4826 plane
2798 4770 2905 4809 noo
2940 4756 3261 4810 sulliccrent.
3286 4754 3401 4808 lloc
3423 4754 3569 4807 enim

1998 4856 2067 4911 iis
2100 4854 2394 4935 signiﬁcat,
2428 4867 2549 4924 quae
2577 4860 2916 4921 sequuntur;
2948 4852 3146 4919 quippe
3180 4850 3256 4903 ait
3286 4866 3299 4901 :

1701 5061 1858 5132 106
1894 5057 1921 5131 ς)
1960 5055 2150 5111 XXVI.

407 5141 783 5215 Ἐπέστρεψα
837 5149 983 5219 ἐγὼ,
1032 5153 1132 5205 καὶ
1180 5149 1347 5207 εἶδον
1398 5155 1731 5224 συμπάσας
1786 5157 1892 5221 τὰς

321 5236 735 5302 συκοφαντίας
760 5237 867 5303 τὰς
895 5240 1212 5309 γινομένας
1244 5245 1364 5297 ὑπὸ
1398 5246 1506 5299 τὸν
1536 5245 1716 5313 ἣλιον
1736 5261 1750 5275 ·
1792 5245 1889 5299 καὶ

320 5319 487 5377 εἶδον
518 5322 785 5392 δάκρυον
829 5327 948 5382 τῶν
990 5334 1601 5404 συκοφαντουμένων,
1638 5336 1737 5391 καὶ
1781 5339 1893 5390 οὐκ

319 5414 495 5468 ἐστιν
518 5414 722 5481 αὐτοῖς
751 5420 784 5470 ὀ
820 5421 1215 5486 παρακαλῶν·
1262 5426 1361 5479 καὶ
1392 5426 1509 5480 ἀπὸ
1539 5427 1738 5496 χειρὸς
1775 5444 1889 5481 συ-

392 5545 439 5577 ⁸⁰
468 5545 614 5601 Psal.
648 5562 781 5615 cm,
822 5548 875 5603 9.

350 5670 513 5757 4(62),
548 5682 683 5739 Luc.
714 5700 824 5751 xvr,
854 5683 908 5739 9.
947 5682 1040 5738 Sic
1064 5694 1252 5757 tamen
1293 5685 1347 5738 in
1374 5686 1578 5742 Graacis
1619 5688 1895 5757 exempla-

322 5755 472 5809 ribus
505 5756 648 5823 leges
682 5771 695 5807 :
738 5756 1009 5825 Ποιήσατε
1057 5755 1268 5817 ἑαυτοῖς
1309 5756 1493 5823 φίλους
1530 5762 1593 5810 ὲκ
1634 5758 1728 5810 τοῦ
1773 5755 1892 5810 Μα-

322 5825 480 5894 μωνᾶ
506 5825 606 5895 τῆς
634 5825 869 5891 ἀδικίας,
899 5826 983 5880 ἵνα
1005 5826 1134 5881 ὅταν
1164 5825 1446 5893 ὲκλίπητε,
1470 5827 1725 5891 δέξωνται
1752 5829 1895 5892 ὑμᾶς

2070 5151 2202 5205 CAP.
2232 5148 2321 5206 IV.
2357 5166 2512 5205 VERS.
2556 5150 2671 5204 1-5.
2704 5148 2946 5204 Converti
2983 5162 3074 5217 ego
3106 5161 3205 5210 me,
3239 5154 3287 5199 et
3315 5143 3422 5197 vidi
3452 5143 3572 5195 uni-

1996 5263 2170 5301 versas
2189 5248 2483 5300 calumnias
2499 5262 2616 5316 qua:
2639 5247 2774 5313 ﬁunt
2801 5246 2895 5297 sub
2915 5243 3057 5307 sole;
3080 5254 3126 5296 et
3152 5242 3257 5296 vidi
3280 5240 3572 5310 lacrymant

1995 5356 2207 5405 eorum,
2263 5342 2351 5409 qui
2402 5339 2721 5393 calumniam
2757 5338 3050 5398 sustinent,
3108 5349 3154 5388 et
3206 5350 3307 5387 non
3352 5342 3426 5386 est
3484 5332 3573 5401 qui

1995 5437 2295 5490 consoletur
2327 5452 2413 5489 eos
2444 5452 2461 5489 :
2491 5445 2538 5487 et
2570 5434 2632 5487 de
2674 5450 2836 5486 manu
2865 5433 3304 5486 calumniantium
3333 5445 3418 5484 eos
3459 5427 3570 5497 [or-

2002 5697 2081 5758 εἰς
2107 5694 2207 5768 τᾲς
2236 5697 2483 5768 αἰωνίους
2508 5701 2732 5768 σκηνάς.

2073 5766 2183 5836 (65)
2224 5766 2437 5838 Olytnp.
2464 5773 2520 5821 ὲν
2550 5764 2609 5837 ᾧ
2629 5770 2694 5823 ἂν
2719 5778 2961 5838 γενηται.
