  <div class='ocr_page' id='page_1' title='image "/cluster/home/n/w/nwhite01/storage/ocr_20150623/98/hvd.32044015586951/461.png"; bbox 0 0 4172 6514; ppageno 0'>
   <div class='ocr_carea' id='block_1_1' title="bbox 634 349 741 417">
    <p class='ocr_par' dir='ltr' id='par_1_1' title="bbox 634 349 741 417">
     <span class='ocr_line' id='line_1_1' title="bbox 634 349 741 417; baseline 0 0"><span class='ocrx_word' id='word_1_1' title='bbox 634 349 741 417; x_wconf 84' lang='lat'><strong><em>899</em></strong></span> 
     </span>
    </p>
   </div>
   <div class='ocr_carea' id='block_1_2' title="bbox 1754 351 2787 419">
    <p class='ocr_par' dir='ltr' id='par_1_2' title="bbox 1754 351 2787 419">
     <span class='ocr_line' id='line_1_2' title="bbox 1754 351 2787 419; baseline 0.002 -6"><span class='ocrx_word' id='word_1_2' title='bbox 1754 353 1813 413; x_wconf 93' lang='lat' dir='ltr'><strong>S.</strong></span> <span class='ocrx_word' id='word_1_3' title='bbox 1850 351 2238 419; x_wconf 53' lang='lat' dir='ltr'><strong>iGREGORII</strong></span> <span class='ocrx_word' id='word_1_4' title='bbox 2278 354 2787 416; x_wconf 73' lang='lat' dir='ltr'><strong>AGRIGENTINI</strong></span> 
     </span>
    </p>
   </div>
   <div class='ocr_carea' id='block_1_3' title="bbox 3796 358 3919 421">
    <p class='ocr_par' dir='ltr' id='par_1_3' title="bbox 3796 358 3919 421">
     <span class='ocr_line' id='line_1_3' title="bbox 3796 358 3919 421; baseline 0 0"><span class='ocrx_word' id='word_1_5' title='bbox 3796 358 3919 421; x_wconf 85' lang='lat'><strong>900</strong></span> 
     </span>
    </p>
   </div>
   <div class='ocr_carea' id='block_1_4' title="bbox 637 459 2213 533">
    <p class='ocr_par' dir='ltr' id='par_1_4' title="bbox 637 459 2213 533">
     <span class='ocr_line' id='line_1_4' title="bbox 637 459 2213 533; baseline -0.001 -16"><span class='ocrx_word' id='word_1_6' title='bbox 637 459 848 525; x_wconf 80' lang='lat' dir='ltr'><strong>titudo,</strong></span> <span class='ocrx_word' id='word_1_7' title='bbox 877 467 929 514; x_wconf 78' lang='lat' dir='ltr'><strong>et</strong></span> <span class='ocrx_word' id='word_1_8' title='bbox 970 473 1075 512; x_wconf 75' lang='lat' dir='ltr'><strong>non</strong></span> <span class='ocrx_word' id='word_1_9' title='bbox 1126 466 1201 511; x_wconf 75' lang='lat' dir='ltr'><strong>est</strong></span> <span class='ocrx_word' id='word_1_10' title='bbox 1248 459 1572 515; x_wconf 70' lang='lat' dir='ltr'><strong>consolator.</strong></span> <span class='ocrx_word' id='word_1_11' title='bbox 1615 459 1687 514; x_wconf 84' lang='lat' dir='ltr'><strong>Et</strong></span> <span class='ocrx_word' id='word_1_12' title='bbox 1727 463 1943 517; x_wconf 77' lang='lat' dir='ltr'><strong>laudavi</strong></span> <span class='ocrx_word' id='word_1_13' title='bbox 1988 478 2081 533; x_wconf 85' lang='lat' dir='ltr'><strong>ego</strong></span> <span class='ocrx_word' id='word_1_14' title='bbox 2136 479 2213 533; x_wconf 88' lang='lat' dir='ltr'><strong><em>qu:</em></strong></span> 
     </span>
    </p>
   </div>
   <div class='ocr_carea' id='block_1_5' title="bbox 2311 459 3913 533">
    <p class='ocr_par' dir='ltr' id='par_1_5' title="bbox 2329 462 3913 533">
     <span class='ocr_line' id='line_1_5' title="bbox 2329 462 3913 533; baseline 0.004 -17"><span class='ocrx_word' id='word_1_15' title='bbox 2329 480 2798 533; x_wconf 68' lang='grc' dir='ltr'>κοφαντουντων</span> <span class='ocrx_word' id='word_1_16' title='bbox 2846 463 3033 518; x_wconf 77' lang='grc' dir='ltr'>αὐτοῦ</span> <span class='ocrx_word' id='word_1_17' title='bbox 3085 462 3294 532; x_wconf 85' lang='grc' dir='ltr'>ισχὺς,</span> <span class='ocrx_word' id='word_1_18' title='bbox 3348 465 3447 518; x_wconf 81' lang='grc' dir='ltr'><strong>καί</strong></span> <span class='ocrx_word' id='word_1_19' title='bbox 3499 468 3609 521; x_wconf 85' lang='grc' dir='ltr'>οὐκ</span> <span class='ocrx_word' id='word_1_20' title='bbox 3650 466 3826 521; x_wconf 74' lang='grc' dir='ltr'>ἐστιν</span> <span class='ocrx_word' id='word_1_21' title='bbox 3870 471 3913 522; x_wconf 79' lang='grc' dir='ltr'><em>ὀ</em></span> 
     </span>
    </p>
   </div>
   <div class='ocr_carea' id='block_1_6' title="bbox 635 549 2217 620">
    <p class='ocr_par' dir='ltr' id='par_1_6' title="bbox 635 549 2217 620">
     <span class='ocr_line' id='line_1_6' title="bbox 635 549 2217 620; baseline -0.002 -14"><span class='ocrx_word' id='word_1_22' title='bbox 635 551 829 606; x_wconf 85' lang='lat' dir='ltr'><strong>mortui</strong></span> <span class='ocrx_word' id='word_1_23' title='bbox 874 558 999 603; x_wconf 76' lang='lat' dir='ltr'><strong>sunt</strong></span> <span class='ocrx_word' id='word_1_24' title='bbox 1048 564 1207 617; x_wconf 79' lang='lat' dir='ltr'><strong>super</strong></span> <span class='ocrx_word' id='word_1_25' title='bbox 1240 549 1497 615; x_wconf 75' lang='lat' dir='ltr'><strong>viventes,</strong></span> <span class='ocrx_word' id='word_1_26' title='bbox 1550 551 1844 620; x_wconf 83' lang='lat' dir='ltr'><strong>quicunque</strong></span> <span class='ocrx_word' id='word_1_27' title='bbox 1883 552 1984 619; x_wconf 84' lang='lat' dir='ltr'><strong>ipsi</strong></span> <span class='ocrx_word' id='word_1_28' title='bbox 2041 553 2217 605; x_wconf 80' lang='lat' dir='ltr'><strong>vivunt</strong></span> 
     </span>
    </p>
   </div>
   <div class='ocr_carea' id='block_1_7' title="bbox 634 642 2219 715">
    <p class='ocr_par' dir='ltr' id='par_1_7' title="bbox 634 642 2219 715">
     <span class='ocr_line' id='line_1_7' title="bbox 634 642 2219 715; baseline -0.001 -16"><span class='ocrx_word' id='word_1_29' title='bbox 634 660 798 715; x_wconf 76' lang='lat' dir='ltr'><strong>usque</strong></span> <span class='ocrx_word' id='word_1_30' title='bbox 836 658 997 695; x_wconf 86' lang='lat' dir='ltr'><strong>nunc.</strong></span> <span class='ocrx_word' id='word_1_31' title='bbox 1029 643 1098 695; x_wconf 85' lang='lat' dir='ltr'><strong>Et</strong></span> <span class='ocrx_word' id='word_1_32' title='bbox 1140 642 1305 695; x_wconf 79' lang='lat' dir='ltr'><strong>bonus</strong></span> <span class='ocrx_word' id='word_1_33' title='bbox 1339 659 1495 712; x_wconf 77' lang='lat' dir='ltr'><strong>super</strong></span> <span class='ocrx_word' id='word_1_34' title='bbox 1536 642 1630 696; x_wconf 79' lang='lat' dir='ltr'><strong>hos</strong></span> <span class='ocrx_word' id='word_1_35' title='bbox 1672 643 1819 697; x_wconf 84' lang='lat' dir='ltr'><strong>binos</strong></span> <span class='ocrx_word' id='word_1_36' title='bbox 1862 644 1953 712; x_wconf 86' lang='lat' dir='ltr'><strong>qui</strong></span> <span class='ocrx_word' id='word_1_37' title='bbox 1988 645 2219 697; x_wconf 81' lang='lat' dir='ltr'><strong>nondum</strong></span> 
     </span>
    </p>
   </div>
   <div class='ocr_carea' id='block_1_8' title="bbox 635 736 2219 807">
    <p class='ocr_par' dir='ltr' id='par_1_8' title="bbox 635 736 2219 807">
     <span class='ocr_line' id='line_1_8' title="bbox 635 736 2219 807; baseline -0.001 -16"><span class='ocrx_word' id='word_1_38' title='bbox 635 739 812 807; x_wconf 78' lang='lat' dir='ltr'><strong>factus</strong></span> <span class='ocrx_word' id='word_1_39' title='bbox 836 744 912 791; x_wconf 79' lang='lat' dir='ltr'><strong>est</strong></span> <span class='ocrx_word' id='word_1_40' title='bbox 936 775 951 799; x_wconf 85' lang='lat'><strong>,</strong></span> <span class='ocrx_word' id='word_1_41' title='bbox 990 736 1081 806; x_wconf 89' lang='lat' dir='ltr'><strong><em>qui</em></strong></span> <span class='ocrx_word' id='word_1_42' title='bbox 1122 753 1226 789; x_wconf 85' lang='lat' dir='ltr'><strong>non</strong></span> <span class='ocrx_word' id='word_1_43' title='bbox 1255 736 1383 790; x_wconf 72' lang='lat' dir='ltr'><strong>uidit</strong></span> <span class='ocrx_word' id='word_1_44' title='bbox 1411 754 1540 807; x_wconf 83' lang='lat' dir='ltr'><strong>opus</strong></span> <span class='ocrx_word' id='word_1_45' title='bbox 1572 737 1772 789; x_wconf 82' lang='lat' dir='ltr'><strong>malum</strong></span> <span class='ocrx_word' id='word_1_46' title='bbox 1799 775 1813 799; x_wconf 91' lang='lat'><strong>,</strong></span> <span class='ocrx_word' id='word_1_47' title='bbox 1843 737 1981 806; x_wconf 85' lang='lat' dir='ltr'><strong>quod</strong></span> <span class='ocrx_word' id='word_1_48' title='bbox 2016 737 2219 806; x_wconf 77' lang='lat' dir='ltr'><strong>factum</strong></span> 
     </span>
    </p>
   </div>
   <div class='ocr_carea' id='block_1_9' title="bbox 636 828 1157 899">
    <p class='ocr_par' dir='ltr' id='par_1_9' title="bbox 636 828 1157 899">
     <span class='ocr_line' id='line_1_9' title="bbox 636 828 1157 899; baseline -0.002 -16"><span class='ocrx_word' id='word_1_49' title='bbox 636 838 725 889; x_wconf 11' lang='lat' dir='ltr'><strong>est,</strong></span> <span class='ocrx_word' id='word_1_50' title='bbox 752 829 848 883; x_wconf 79' lang='lat' dir='ltr'><strong>sub</strong></span> <span class='ocrx_word' id='word_1_51' title='bbox 877 829 988 883; x_wconf 76' lang='lat' dir='ltr'><strong>sole</strong></span> <span class='ocrx_word' id='word_1_52' title='bbox 1020 828 1157 899; x_wconf 73' lang='lat'><strong>(64).</strong></span> 
     </span>
    </p>
   </div>
   <div class='ocr_carea' id='block_1_10' title="bbox 705 1007 2219 1076">
    <p class='ocr_par' dir='ltr' id='par_1_10' title="bbox 705 1007 2219 1076">
     <span class='ocr_line' id='line_1_10' title="bbox 705 1007 2219 1076; baseline -0.001 -13"><span class='ocrx_word' id='word_1_53' title='bbox 705 1009 876 1063; x_wconf 82' lang='lat' dir='ltr'><strong>Amor</strong></span> <span class='ocrx_word' id='word_1_54' title='bbox 910 1023 1106 1076; x_wconf 86' lang='lat' dir='ltr'><strong>nempe</strong></span> <span class='ocrx_word' id='word_1_55' title='bbox 1132 1007 1451 1062; x_wconf 78' lang='lat' dir='ltr'><strong>divitiarum</strong></span> <span class='ocrx_word' id='word_1_56' title='bbox 1486 1007 1760 1061; x_wconf 87' lang='lat' dir='ltr'><strong>hominem</strong></span> <span class='ocrx_word' id='word_1_57' title='bbox 1788 1023 2008 1062; x_wconf 83' lang='lat' dir='ltr'><strong>avarum</strong></span> <span class='ocrx_word' id='word_1_58' title='bbox 2036 1022 2065 1061; x_wconf 90' lang='lat' dir='ltr'><strong>a</strong></span> <span class='ocrx_word' id='word_1_59' title='bbox 2097 1023 2219 1063; x_wconf 88' lang='lat' dir='ltr'><strong>sus-</strong></span> 
     </span>
    </p>
   </div>
   <div class='ocr_carea' id='block_1_11' title="bbox 635 1098 2219 1171">
    <p class='ocr_par' dir='ltr' id='par_1_11' title="bbox 635 1098 2219 1171">
     <span class='ocr_line' id='line_1_11' title="bbox 635 1098 2219 1171; baseline -0.003 -15"><span class='ocrx_word' id='word_1_60' title='bbox 635 1102 808 1171; x_wconf 90' lang='lat' dir='ltr'><strong>ceptis</strong></span> <span class='ocrx_word' id='word_1_61' title='bbox 855 1100 1106 1155; x_wconf 84' lang='lat' dir='ltr'><strong>consiliis</strong></span> <span class='ocrx_word' id='word_1_62' title='bbox 1135 1099 1374 1161; x_wconf 89' lang='lat' dir='ltr'><strong>avertit,</strong></span> <span class='ocrx_word' id='word_1_63' title='bbox 1425 1107 1480 1153; x_wconf 87' lang='lat' dir='ltr'><strong>et</strong></span> <span class='ocrx_word' id='word_1_64' title='bbox 1523 1099 1588 1152; x_wconf 90' lang='lat' dir='ltr'><strong>ad</strong></span> <span class='ocrx_word' id='word_1_65' title='bbox 1629 1099 1917 1151; x_wconf 77' lang='lat' dir='ltr'><strong>dementia:</strong></span> <span class='ocrx_word' id='word_1_66' title='bbox 1950 1098 2067 1152; x_wconf 84' lang='lat' dir='ltr'><strong>vias</strong></span> <span class='ocrx_word' id='word_1_67' title='bbox 2106 1109 2219 1153; x_wconf 87' lang='lat' dir='ltr'><strong>tra-</strong></span> 
     </span>
    </p>
   </div>
   <div class='ocr_carea' id='block_1_12' title="bbox 635 1189 2219 1260">
    <p class='ocr_par' dir='ltr' id='par_1_12' title="bbox 635 1189 2219 1260">
     <span class='ocr_line' id='line_1_12' title="bbox 635 1189 2219 1260; baseline -0.001 -14"><span class='ocrx_word' id='word_1_68' title='bbox 635 1191 859 1246; x_wconf 88' lang='lat' dir='ltr'><strong>ductum</strong></span> <span class='ocrx_word' id='word_1_69' title='bbox 894 1202 1057 1260; x_wconf 86' lang='lat' dir='ltr'><strong>atque</strong></span> <span class='ocrx_word' id='word_1_70' title='bbox 1078 1190 1346 1244; x_wconf 77' lang='lat' dir='ltr'><strong>deﬂexum</strong></span> <span class='ocrx_word' id='word_1_71' title='bbox 1368 1189 1422 1242; x_wconf 90' lang='lat' dir='ltr'><strong>in</strong></span> <span class='ocrx_word' id='word_1_72' title='bbox 1451 1190 1757 1259; x_wconf 86' lang='lat' dir='ltr'><strong>praecipites</strong></span> <span class='ocrx_word' id='word_1_73' title='bbox 1787 1199 1842 1243; x_wconf 90' lang='lat' dir='ltr'><strong>et</strong></span> <span class='ocrx_word' id='word_1_74' title='bbox 1875 1189 2134 1244; x_wconf 90' lang='lat' dir='ltr'><strong>sinuosas</strong></span> <span class='ocrx_word' id='word_1_75' title='bbox 2164 1199 2219 1244; x_wconf 88' lang='lat' dir='ltr'><strong>et</strong></span> 
     </span>
    </p>
   </div>
   <div class='ocr_carea' id='block_1_13' title="bbox 636 1283 2218 1358">
    <p class='ocr_par' dir='ltr' id='par_1_13' title="bbox 636 1283 2218 1358">
     <span class='ocr_line' id='line_1_13' title="bbox 636 1283 2218 1358; baseline -0.003 -15"><span class='ocrx_word' id='word_1_76' title='bbox 636 1302 860 1358; x_wconf 83' lang='lat' dir='ltr'><strong>asperas</strong></span> <span class='ocrx_word' id='word_1_77' title='bbox 899 1284 1165 1356; x_wconf 81' lang='lat' dir='ltr'><strong>protrudit</strong></span> <span class='ocrx_word' id='word_1_78' title='bbox 1207 1299 1456 1339; x_wconf 91' lang='lat' dir='ltr'><strong>errorum</strong></span> <span class='ocrx_word' id='word_1_79' title='bbox 1510 1285 1771 1349; x_wconf 80' lang='lat' dir='ltr'><strong>semitas,</strong></span> <span class='ocrx_word' id='word_1_80' title='bbox 1810 1292 1867 1337; x_wconf 91' lang='lat' dir='ltr'><strong>ut</strong></span> <span class='ocrx_word' id='word_1_81' title='bbox 1905 1293 1959 1336; x_wconf 91' lang='lat' dir='ltr'><strong>et</strong></span> <span class='ocrx_word' id='word_1_82' title='bbox 1997 1283 2218 1338; x_wconf 89' lang='lat' dir='ltr'><strong>mentiri</strong></span> 
     </span>
    </p>
   </div>
   <div class='ocr_carea' id='block_1_14' title="bbox 636 1374 2219 1445">
    <p class='ocr_par' dir='ltr' id='par_1_14' title="bbox 636 1374 2219 1445">
     <span class='ocr_line' id='line_1_14' title="bbox 636 1374 2219 1445; baseline -0.004 -12"><span class='ocrx_word' id='word_1_83' title='bbox 636 1388 694 1434; x_wconf 87' lang='lat' dir='ltr'><strong>et</strong></span> <span class='ocrx_word' id='word_1_84' title='bbox 726 1378 881 1432; x_wconf 86' lang='lat' dir='ltr'><strong>vario</strong></span> <span class='ocrx_word' id='word_1_85' title='bbox 918 1392 983 1431; x_wconf 87' lang='lat' dir='ltr'><strong>ac</strong></span> <span class='ocrx_word' id='word_1_86' title='bbox 1007 1375 1299 1445; x_wconf 85' lang='lat' dir='ltr'><strong>multiplici</strong></span> <span class='ocrx_word' id='word_1_87' title='bbox 1329 1374 1563 1429; x_wconf 85' lang='lat' dir='ltr'><strong>artilicio</strong></span> <span class='ocrx_word' id='word_1_88' title='bbox 1589 1374 1921 1428; x_wconf 81' lang='lat' dir='ltr'><strong>calumniam</strong></span> <span class='ocrx_word' id='word_1_89' title='bbox 1949 1374 2219 1427; x_wconf 73' lang='lat' dir='ltr'><strong>instruere</strong></span> 
     </span>
    </p>
   </div>
   <div class='ocr_carea' id='block_1_15' title="bbox 638 1466 2214 1537">
    <p class='ocr_par' dir='ltr' id='par_1_15' title="bbox 638 1466 2214 1537">
     <span class='ocr_line' id='line_1_15' title="bbox 638 1466 2214 1537; baseline -0.004 -11"><span class='ocrx_word' id='word_1_90' title='bbox 638 1471 840 1526; x_wconf 79' lang='lat' dir='ltr'><strong>audeat</strong></span> <span class='ocrx_word' id='word_1_91' title='bbox 872 1468 1260 1524; x_wconf 86' lang='lat' dir='ltr'><strong>innocentibus</strong></span> <span class='ocrx_word' id='word_1_92' title='bbox 1290 1487 1303 1522; x_wconf 90' lang='lat'><strong>:</strong></span> <span class='ocrx_word' id='word_1_93' title='bbox 1338 1467 1489 1532; x_wconf 88' lang='lat' dir='ltr'><strong>huic,</strong></span> <span class='ocrx_word' id='word_1_94' title='bbox 1528 1478 1586 1521; x_wconf 91' lang='lat' dir='ltr'><strong>ut</strong></span> <span class='ocrx_word' id='word_1_95' title='bbox 1617 1481 1749 1537; x_wconf 81' lang='lat' dir='ltr'><strong>opes</strong></span> <span class='ocrx_word' id='word_1_96' title='bbox 1779 1468 1847 1522; x_wconf 90' lang='lat' dir='ltr'><strong>ab</strong></span> <span class='ocrx_word' id='word_1_97' title='bbox 1886 1482 1953 1521; x_wconf 89' lang='lat' dir='ltr'><strong>eo</strong></span> <span class='ocrx_word' id='word_1_98' title='bbox 1982 1466 2214 1531; x_wconf 78' lang='lat' dir='ltr'><strong>auferat,</strong></span> 
     </span>
    </p>
   </div>
   <div class='ocr_carea' id='block_1_16' title="bbox 639 1560 2217 1633">
    <p class='ocr_par' dir='ltr' id='par_1_16' title="bbox 639 1560 2217 1633">
     <span class='ocr_line' id='line_1_16' title="bbox 639 1560 2217 1633; baseline -0.004 -15"><span class='ocrx_word' id='word_1_99' title='bbox 639 1575 693 1618; x_wconf 85' lang='lat' dir='ltr'><strong>et</strong></span> <span class='ocrx_word' id='word_1_100' title='bbox 719 1564 1020 1633; x_wconf 89' lang='lat' dir='ltr'><strong>plurimum</strong></span> <span class='ocrx_word' id='word_1_101' title='bbox 1052 1560 1189 1614; x_wconf 90' lang='lat' dir='ltr'><strong>lucri</strong></span> <span class='ocrx_word' id='word_1_102' title='bbox 1224 1575 1420 1630; x_wconf 86' lang='lat' dir='ltr'><strong>magno</strong></span> <span class='ocrx_word' id='word_1_103' title='bbox 1450 1575 1575 1613; x_wconf 92' lang='lat' dir='ltr'><strong>cum</strong></span> <span class='ocrx_word' id='word_1_104' title='bbox 1600 1560 1867 1613; x_wconf 80' lang='lat' dir='ltr'><strong>dedecore</strong></span> <span class='ocrx_word' id='word_1_105' title='bbox 1902 1570 2217 1628; x_wconf 65' lang='lat' dir='ltr'><strong>aeternaque</strong></span> 
     </span>
    </p>
   </div>
   <div class='ocr_carea' id='block_1_17' title="bbox 643 1648 2216 1719">
    <p class='ocr_par' dir='ltr' id='par_1_17' title="bbox 643 1648 2216 1719">
     <span class='ocr_line' id='line_1_17' title="bbox 643 1648 2216 1719; baseline -0.002 -14"><span class='ocrx_word' id='word_1_106' title='bbox 643 1651 886 1719; x_wconf 76' lang='lat' dir='ltr'><strong>pernicie</strong></span> <span class='ocrx_word' id='word_1_107' title='bbox 924 1665 1019 1703; x_wconf 91' lang='lat' dir='ltr'><strong>sua</strong></span> <span class='ocrx_word' id='word_1_108' title='bbox 1052 1648 1220 1704; x_wconf 81' lang='lat' dir='ltr'><strong>faciat</strong></span> <span class='ocrx_word' id='word_1_109' title='bbox 1255 1667 1267 1702; x_wconf 89' lang='lat'>:</span> <span class='ocrx_word' id='word_1_110' title='bbox 1302 1650 1418 1714; x_wconf 86' lang='lat' dir='ltr'><strong>illi,</strong></span> <span class='ocrx_word' id='word_1_111' title='bbox 1456 1659 1514 1703; x_wconf 88' lang='lat' dir='ltr'><strong>ut</strong></span> <span class='ocrx_word' id='word_1_112' title='bbox 1538 1650 1677 1717; x_wconf 88' lang='lat' dir='ltr'><strong>apud</strong></span> <span class='ocrx_word' id='word_1_113' title='bbox 1711 1650 1952 1704; x_wconf 88' lang='lat' dir='ltr'><strong>invidum</strong></span> <span class='ocrx_word' id='word_1_114' title='bbox 1986 1649 2216 1718; x_wconf 83' lang='lat' dir='ltr'><strong>gratiam</strong></span> 
     </span>
    </p>
   </div>
   <div class='ocr_carea' id='block_1_18' title="bbox 641 1739 2213 1809">
    <p class='ocr_par' dir='ltr' id='par_1_18' title="bbox 641 1739 2213 1809">
     <span class='ocr_line' id='line_1_18' title="bbox 641 1739 2213 1809; baseline -0.003 -11"><span class='ocrx_word' id='word_1_115' title='bbox 641 1746 822 1809; x_wconf 88' lang='lat' dir='ltr'><strong>ineat;</strong></span> <span class='ocrx_word' id='word_1_116' title='bbox 862 1743 991 1796; x_wconf 88' lang='lat' dir='ltr'><strong>huic</strong></span> <span class='ocrx_word' id='word_1_117' title='bbox 1022 1742 1176 1795; x_wconf 85' lang='lat' dir='ltr'><strong>alteri</strong></span> <span class='ocrx_word' id='word_1_118' title='bbox 1201 1781 1217 1804; x_wconf 84' lang='lat'><strong>,</strong></span> <span class='ocrx_word' id='word_1_119' title='bbox 1253 1751 1309 1794; x_wconf 90' lang='lat' dir='ltr'><strong>ut</strong></span> <span class='ocrx_word' id='word_1_120' title='bbox 1338 1751 1571 1795; x_wconf 82' lang='lat' dir='ltr'><strong>mortem</strong></span> <span class='ocrx_word' id='word_1_121' title='bbox 1607 1743 1802 1805; x_wconf 85' lang='lat' dir='ltr'><strong>etiam,</strong></span> <span class='ocrx_word' id='word_1_122' title='bbox 1835 1756 1998 1809; x_wconf 87' lang='lat' dir='ltr'><strong>quam</strong></span> <span class='ocrx_word' id='word_1_123' title='bbox 2042 1739 2213 1809; x_wconf 88' lang='lat' dir='ltr'><strong>cupit,</strong></span> 
     </span>
    </p>
   </div>
   <div class='ocr_carea' id='block_1_19' title="bbox 2320 553 3915 627">
    <p class='ocr_par' dir='ltr' id='par_1_19' title="bbox 2320 553 3915 627">
     <span class='ocr_line' id='line_1_19' title="bbox 2320 553 3915 627; baseline 0.005 -21"><span class='ocrx_word' id='word_1_124' title='bbox 2320 553 2709 623; x_wconf 66' lang='grc' dir='ltr'>παρακαλῶν.</span> <span class='ocrx_word' id='word_1_125' title='bbox 2751 554 2859 607; x_wconf 78' lang='grc' dir='ltr'><strong>Καὶ</strong></span> <span class='ocrx_word' id='word_1_126' title='bbox 2898 555 3171 623; x_wconf 80' lang='grc' dir='ltr'><strong>ἐπῄνεσα</strong></span> <span class='ocrx_word' id='word_1_127' title='bbox 3211 555 3324 626; x_wconf 72' lang='grc' dir='ltr'><strong>ἐγὼ</strong></span> <span class='ocrx_word' id='word_1_128' title='bbox 3352 556 3475 610; x_wconf 76' lang='grc' dir='ltr'><strong>σὺν</strong></span> <span class='ocrx_word' id='word_1_129' title='bbox 3512 558 3656 624; x_wconf 84' lang='grc' dir='ltr'>τοὺς</span> <span class='ocrx_word' id='word_1_130' title='bbox 3694 564 3915 627; x_wconf 68' lang='grc' dir='ltr'>τεθνη-</span> 
     </span>
    </p>
   </div>
   <div class='ocr_carea' id='block_1_20' title="bbox 2319 644 3912 716">
    <p class='ocr_par' dir='ltr' id='par_1_20' title="bbox 2319 644 3912 716">
     <span class='ocr_line' id='line_1_20' title="bbox 2319 644 3912 716; baseline 0.003 -17"><span class='ocrx_word' id='word_1_131' title='bbox 2319 647 2501 712; x_wconf 82' lang='grc' dir='ltr'>κότας</span> <span class='ocrx_word' id='word_1_132' title='bbox 2530 647 2687 713; x_wconf 80' lang='grc' dir='ltr'>ὑπὲρ</span> <span class='ocrx_word' id='word_1_133' title='bbox 2721 646 2864 711; x_wconf 84' lang='grc' dir='ltr'>τοὺς</span> <span class='ocrx_word' id='word_1_134' title='bbox 2890 644 3110 712; x_wconf 81' lang='grc' dir='ltr'>ζῶντας</span> <span class='ocrx_word' id='word_1_135' title='bbox 3130 688 3145 713; x_wconf 90' lang='grc'><strong>,</strong></span> <span class='ocrx_word' id='word_1_136' title='bbox 3192 646 3326 701; x_wconf 84' lang='grc' dir='ltr'>ὅσοι</span> <span class='ocrx_word' id='word_1_137' title='bbox 3374 648 3543 702; x_wconf 84' lang='grc' dir='ltr'>αὐτοί</span> <span class='ocrx_word' id='word_1_138' title='bbox 3574 646 3755 709; x_wconf 79' lang='grc' dir='ltr'>ζῶσιν</span> <span class='ocrx_word' id='word_1_139' title='bbox 3789 649 3912 716; x_wconf 81' lang='grc' dir='ltr'>ἕως</span> 
     </span>
    </p>
   </div>
   <div class='ocr_carea' id='block_1_21' title="bbox 2318 738 3911 808">
    <p class='ocr_par' dir='ltr' id='par_1_21' title="bbox 2318 738 3911 808">
     <span class='ocr_line' id='line_1_21' title="bbox 2318 738 3911 808; baseline 0.002 -16"><span class='ocrx_word' id='word_1_140' title='bbox 2318 738 2427 792; x_wconf 85' lang='grc' dir='ltr'>τοῦ</span> <span class='ocrx_word' id='word_1_141' title='bbox 2452 738 2588 792; x_wconf 73' lang='grc' dir='ltr'><strong>νῦν.</strong></span> <span class='ocrx_word' id='word_1_142' title='bbox 2628 738 2736 808; x_wconf 79' lang='lat' dir='ltr'><strong>Kal</strong></span> <span class='ocrx_word' id='word_1_143' title='bbox 2766 738 2987 807; x_wconf 74' lang='grc' dir='ltr'>ἀγαθὸς</span> <span class='ocrx_word' id='word_1_144' title='bbox 3027 738 3180 807; x_wconf 77' lang='grc' dir='ltr'>ὑπὲρ</span> <span class='ocrx_word' id='word_1_145' title='bbox 3206 739 3348 805; x_wconf 87' lang='grc' dir='ltr'>τοὺς</span> <span class='ocrx_word' id='word_1_146' title='bbox 3377 740 3488 794; x_wconf 82' lang='grc' dir='ltr'><strong>δύο</strong></span> <span class='ocrx_word' id='word_1_147' title='bbox 3516 743 3766 808; x_wconf 81' lang='grc' dir='ltr'><strong>τούτους</strong></span> <span class='ocrx_word' id='word_1_148' title='bbox 3798 742 3911 795; x_wconf 83' lang='grc' dir='ltr'><strong>ὅσ-</strong></span> 
     </span>
    </p>
   </div>
   <div class='ocr_carea' id='block_1_22' title="bbox 2318 828 3908 902">
    <p class='ocr_par' dir='ltr' id='par_1_22' title="bbox 2318 828 3908 902">
     <span class='ocr_line' id='line_1_22' title="bbox 2318 828 3908 902; baseline 0.003 -19"><span class='ocrx_word' id='word_1_149' title='bbox 2318 848 2410 897; x_wconf 83' lang='grc' dir='ltr'><strong>τις</strong></span> <span class='ocrx_word' id='word_1_150' title='bbox 2439 831 2604 884; x_wconf 80' lang='grc' dir='ltr'>οὔπω</span> <span class='ocrx_word' id='word_1_151' title='bbox 2631 830 2869 901; x_wconf 72' lang='grc' dir='ltr'><strong>ἐγένετο</strong></span> <span class='ocrx_word' id='word_1_152' title='bbox 2892 871 2907 895; x_wconf 92' lang='grc'><strong>,</strong></span> <span class='ocrx_word' id='word_1_153' title='bbox 2940 831 3007 897; x_wconf 84' lang='grc' dir='ltr'>ὃς</span> <span class='ocrx_word' id='word_1_154' title='bbox 3032 834 3146 885; x_wconf 78' lang='grc' dir='ltr'>οὐκ</span> <span class='ocrx_word' id='word_1_155' title='bbox 3183 828 3305 886; x_wconf 74' lang='grc' dir='ltr'>εἶδε</span> <span class='ocrx_word' id='word_1_156' title='bbox 3339 832 3462 885; x_wconf 82' lang='grc' dir='ltr'><strong>σὺν</strong></span> <span class='ocrx_word' id='word_1_157' title='bbox 3492 835 3559 886; x_wconf 80' lang='grc' dir='ltr'>τὸ</span> <span class='ocrx_word' id='word_1_158' title='bbox 3582 834 3808 902; x_wconf 80' lang='grc' dir='ltr'>ποίημα</span> <span class='ocrx_word' id='word_1_159' title='bbox 3833 834 3908 888; x_wconf 83' lang='grc' dir='ltr'>τὸ</span> 
     </span>
    </p>
   </div>
   <div class='ocr_carea' id='block_1_23' title="bbox 2317 923 3643 992">
    <p class='ocr_par' dir='ltr' id='par_1_23' title="bbox 2317 923 3643 992">
     <span class='ocr_line' id='line_1_23' title="bbox 2317 923 3643 992; baseline 0.002 -15"><span class='ocrx_word' id='word_1_160' title='bbox 2317 923 2588 991; x_wconf 76' lang='grc' dir='ltr'>πονηρόν</span> <span class='ocrx_word' id='word_1_161' title='bbox 2625 923 2690 977; x_wconf 84' lang='grc' dir='ltr'><strong>τό</strong></span> <span class='ocrx_word' id='word_1_162' title='bbox 2719 925 3128 992; x_wconf 74' lang='grc' dir='ltr'>πεποιημένον</span> <span class='ocrx_word' id='word_1_163' title='bbox 3151 925 3270 979; x_wconf 83' lang='grc' dir='ltr'><strong>ὑπὸ</strong></span> <span class='ocrx_word' id='word_1_164' title='bbox 3305 927 3411 978; x_wconf 79' lang='grc' dir='ltr'><strong>τὸν</strong></span> <span class='ocrx_word' id='word_1_165' title='bbox 3445 925 3643 992; x_wconf 81' lang='grc' dir='ltr'><strong>ἣλιον.</strong></span> 
     </span>
    </p>
   </div>
   <div class='ocr_carea' id='block_1_24' title="bbox 2389 1014 3911 1088">
    <p class='ocr_par' dir='ltr' id='par_1_24' title="bbox 2389 1014 3911 1088">
     <span class='ocr_line' id='line_1_24' title="bbox 2389 1014 3911 1088; baseline 0.003 -21"><span class='ocrx_word' id='word_1_166' title='bbox 2389 1016 2511 1068; x_wconf 85' lang='grc' dir='ltr'><strong>Τῶν</strong></span> <span class='ocrx_word' id='word_1_167' title='bbox 2545 1017 2654 1086; x_wconf 80' lang='grc' dir='ltr'>γάρ</span> <span class='ocrx_word' id='word_1_168' title='bbox 2707 1016 3010 1085; x_wconf 88' lang='grc' dir='ltr'>χρημάτων</span> <span class='ocrx_word' id='word_1_169' title='bbox 3054 1014 3082 1064; x_wconf 86' lang='grc'>6</span> <span class='ocrx_word' id='word_1_170' title='bbox 3134 1015 3276 1088; x_wconf 80' lang='grc' dir='ltr'>ἔρως</span> <span class='ocrx_word' id='word_1_171' title='bbox 3325 1014 3574 1088; x_wconf 80' lang='grc' dir='ltr'><strong>ἐξίστησι</strong></span> <span class='ocrx_word' id='word_1_172' title='bbox 3615 1017 3726 1069; x_wconf 90' lang='grc' dir='ltr'><strong>τῶν</strong></span> <span class='ocrx_word' id='word_1_173' title='bbox 3770 1018 3911 1072; x_wconf 66' lang='grc' dir='ltr'>καθ’</span> 
     </span>
    </p>
   </div>
   <div class='ocr_carea' id='block_1_25' title="bbox 2320 1107 3903 1177">
    <p class='ocr_par' dir='ltr' id='par_1_25' title="bbox 2320 1107 3903 1177">
     <span class='ocr_line' id='line_1_25' title="bbox 2320 1107 3903 1177; baseline 0.001 -18"><span class='ocrx_word' id='word_1_174' title='bbox 2320 1107 2575 1160; x_wconf 86' lang='grc' dir='ltr'>εστώτων</span> <span class='ocrx_word' id='word_1_175' title='bbox 2623 1108 2994 1177; x_wconf 71' lang='grc' dir='ltr'><strong>φρονημάτων</strong></span> <span class='ocrx_word' id='word_1_176' title='bbox 3036 1107 3127 1161; x_wconf 81' lang='grc' dir='ltr'><strong>τὸν</strong></span> <span class='ocrx_word' id='word_1_177' title='bbox 3176 1107 3535 1176; x_wconf 78' lang='grc' dir='ltr'><strong>φιλόπλουτον</strong></span> <span class='ocrx_word' id='word_1_178' title='bbox 3590 1110 3903 1177; x_wconf 42' lang='grc' dir='ltr'>ἀνθιιωπον,</span> 
     </span>
    </p>
   </div>
   <div class='ocr_carea' id='block_1_26' title="bbox 2320 1200 3906 1272">
    <p class='ocr_par' dir='ltr' id='par_1_26' title="bbox 2320 1200 3906 1272">
     <span class='ocr_line' id='line_1_26' title="bbox 2320 1200 3906 1272; baseline 0.002 -19"><span class='ocrx_word' id='word_1_179' title='bbox 2320 1202 2414 1253; x_wconf 84' lang='grc' dir='ltr'><strong>καὶ</strong></span> <span class='ocrx_word' id='word_1_180' title='bbox 2441 1200 2578 1272; x_wconf 81' lang='grc' dir='ltr'>πρὸς</span> <span class='ocrx_word' id='word_1_181' title='bbox 2610 1201 2710 1263; x_wconf 82' lang='grc' dir='ltr'><strong>τὰς</strong></span> <span class='ocrx_word' id='word_1_182' title='bbox 2743 1201 2896 1264; x_wconf 84' lang='grc' dir='ltr'>ὁδοὺς</span> <span class='ocrx_word' id='word_1_183' title='bbox 2928 1202 3028 1271; x_wconf 83' lang='grc' dir='ltr'>τῆς</span> <span class='ocrx_word' id='word_1_184' title='bbox 3068 1202 3503 1272; x_wconf 82' lang='grc' dir='ltr'>παραφροσύνης</span> <span class='ocrx_word' id='word_1_185' title='bbox 3537 1202 3906 1272; x_wconf 76' lang='grc' dir='ltr'><strong>ἐκτρέπεσθαι</strong></span> 
     </span>
    </p>
   </div>
   <div class='ocr_carea' id='block_1_27' title="bbox 2319 1292 3904 1365">
    <p class='ocr_par' dir='ltr' id='par_1_27' title="bbox 2319 1292 3904 1365">
     <span class='ocr_line' id='line_1_27' title="bbox 2319 1292 3904 1365; baseline 0.003 -21"><span class='ocrx_word' id='word_1_186' title='bbox 2319 1293 2414 1345; x_wconf 77' lang='grc' dir='ltr'>καὶ</span> <span class='ocrx_word' id='word_1_187' title='bbox 2464 1292 2846 1361; x_wconf 83' lang='grc' dir='ltr'>παρεκκλίνειν</span> <span class='ocrx_word' id='word_1_188' title='bbox 2912 1294 3366 1362; x_wconf 76' lang='grc' dir='ltr'><strong>παρασκευάζει,</strong></span> <span class='ocrx_word' id='word_1_189' title='bbox 3419 1295 3517 1347; x_wconf 71' lang='grc' dir='ltr'><strong>καὶ</strong></span> <span class='ocrx_word' id='word_1_190' title='bbox 3567 1295 3904 1365; x_wconf 87' lang='grc' dir='ltr'>πορεύεσθαι</span> 
     </span>
    </p>
   </div>
   <div class='ocr_carea' id='block_1_28' title="bbox 2317 1384 3902 1458">
    <p class='ocr_par' dir='ltr' id='par_1_28' title="bbox 2317 1384 3902 1458">
     <span class='ocr_line' id='line_1_28' title="bbox 2317 1384 3902 1458; baseline 0.003 -23"><span class='ocrx_word' id='word_1_191' title='bbox 2317 1384 2541 1455; x_wconf 75' lang='grc' dir='ltr'>τροχιὰς</span> <span class='ocrx_word' id='word_1_192' title='bbox 2575 1384 2872 1454; x_wconf 80' lang='grc' dir='ltr'><strong>καμπύλας</strong></span> <span class='ocrx_word' id='word_1_193' title='bbox 2916 1385 3011 1437; x_wconf 87' lang='grc' dir='ltr'>καὶ</span> <span class='ocrx_word' id='word_1_194' title='bbox 3053 1384 3275 1448; x_wconf 87' lang='grc' dir='ltr'>σκολιάς</span> <span class='ocrx_word' id='word_1_195' title='bbox 3307 1385 3405 1438; x_wconf 76' lang='grc' dir='ltr'><strong>καὶ</strong></span> <span class='ocrx_word' id='word_1_196' title='bbox 3432 1386 3902 1458; x_wconf 63' lang='grc' dir='ltr'>διεσττραμμένας,</span> 
     </span>
    </p>
   </div>
   <div class='ocr_carea' id='block_1_29' title="bbox 2320 1476 3905 1550">
    <p class='ocr_par' dir='ltr' id='par_1_29' title="bbox 2320 1476 3905 1550">
     <span class='ocr_line' id='line_1_29' title="bbox 2320 1476 3905 1550; baseline 0.002 -19"><span class='ocrx_word' id='word_1_197' title='bbox 2320 1479 2415 1531; x_wconf 79' lang='grc' dir='ltr'><strong>καὶ</strong></span> <span class='ocrx_word' id='word_1_198' title='bbox 2467 1476 2851 1547; x_wconf 81' lang='grc' dir='ltr'>διαψεύδεσθαι</span> <span class='ocrx_word' id='word_1_199' title='bbox 2897 1477 2993 1529; x_wconf 76' lang='grc' dir='ltr'>καὶ</span> <span class='ocrx_word' id='word_1_200' title='bbox 3030 1480 3389 1546; x_wconf 75' lang='grc' dir='ltr'>συκοφαντεῖν</span> <span class='ocrx_word' id='word_1_201' title='bbox 3436 1479 3761 1550; x_wconf 82' lang='grc' dir='ltr'>πολυμερῶς</span> <span class='ocrx_word' id='word_1_202' title='bbox 3807 1482 3905 1534; x_wconf 74' lang='grc' dir='ltr'>καὶ</span> 
     </span>
    </p>
   </div>
   <div class='ocr_carea' id='block_1_30' title="bbox 2319 1570 3905 1641">
    <p class='ocr_par' dir='ltr' id='par_1_30' title="bbox 2319 1570 3905 1641">
     <span class='ocr_line' id='line_1_30' title="bbox 2319 1570 3905 1641; baseline 0.002 -18"><span class='ocrx_word' id='word_1_203' title='bbox 2319 1571 2680 1641; x_wconf 82' lang='grc' dir='ltr'><strong>πολυτρόπως</strong></span> <span class='ocrx_word' id='word_1_204' title='bbox 2730 1572 2858 1634; x_wconf 81' lang='grc' dir='ltr'>τοὺς</span> <span class='ocrx_word' id='word_1_205' title='bbox 2920 1570 3281 1634; x_wconf 85' lang='grc' dir='ltr'>ἀνευθύνους·</span> <span class='ocrx_word' id='word_1_206' title='bbox 3334 1571 3496 1625; x_wconf 81' lang='grc' dir='ltr'>ἀλλον</span> <span class='ocrx_word' id='word_1_207' title='bbox 3546 1572 3646 1641; x_wconf 84' lang='grc' dir='ltr'><strong>μὲν</strong></span> <span class='ocrx_word' id='word_1_208' title='bbox 3697 1572 3786 1625; x_wconf 86' lang='grc' dir='ltr'><strong>διά</strong></span> <span class='ocrx_word' id='word_1_209' title='bbox 3842 1571 3905 1626; x_wconf 78' lang='grc' dir='ltr'><strong>τὸ</strong></span> 
     </span>
    </p>
   </div>
   <div class='ocr_carea' id='block_1_31' title="bbox 2318 1663 3905 1736">
    <p class='ocr_par' dir='ltr' id='par_1_31' title="bbox 2318 1663 3905 1736">
     <span class='ocr_line' id='line_1_31' title="bbox 2318 1663 3905 1736; baseline 0.002 -20"><span class='ocrx_word' id='word_1_210' title='bbox 2318 1665 2579 1735; x_wconf 82' lang='grc' dir='ltr'>χρήματα</span> <span class='ocrx_word' id='word_1_211' title='bbox 2608 1664 2741 1735; x_wconf 80' lang='grc' dir='ltr'>παρ’</span> <span class='ocrx_word' id='word_1_212' title='bbox 2768 1663 2932 1717; x_wconf 81' lang='grc' dir='ltr'>αὑτοῦ</span> <span class='ocrx_word' id='word_1_213' title='bbox 2958 1664 3170 1729; x_wconf 88' lang='grc' dir='ltr'>λαϐεῖν,</span> <span class='ocrx_word' id='word_1_214' title='bbox 3197 1664 3292 1718; x_wconf 69' lang='grc' dir='ltr'>καὶ</span> <span class='ocrx_word' id='word_1_215' title='bbox 3318 1664 3577 1736; x_wconf 82' lang='grc' dir='ltr'>κερδᾶναι</span> <span class='ocrx_word' id='word_1_216' title='bbox 3607 1665 3793 1735; x_wconf 72' lang='grc' dir='ltr'>κέρδος</span> <span class='ocrx_word' id='word_1_217' title='bbox 3819 1668 3905 1719; x_wconf 88' lang='grc' dir='ltr'>αί-</span> 
     </span>
    </p>
   </div>
   <div class='ocr_carea' id='block_1_32' title="bbox 2322 1755 3900 1829">
    <p class='ocr_par' dir='ltr' id='par_1_32' title="bbox 2322 1755 3900 1829">
     <span class='ocr_line' id='line_1_32' title="bbox 2322 1755 3900 1829; baseline -0.001 -17"><span class='ocrx_word' id='word_1_218' title='bbox 2322 1758 2485 1828; x_wconf 85' lang='grc' dir='ltr'>σχρὸν</span> <span class='ocrx_word' id='word_1_219' title='bbox 2534 1758 2629 1812; x_wconf 74' lang='grc' dir='ltr'><strong>καὶ</strong></span> <span class='ocrx_word' id='word_1_220' title='bbox 2676 1758 2814 1829; x_wconf 86' lang='grc' dir='ltr'>πρὸς</span> <span class='ocrx_word' id='word_1_221' title='bbox 2864 1758 3084 1812; x_wconf 74' lang='grc' dir='ltr'>αἰώνιον</span> <span class='ocrx_word' id='word_1_222' title='bbox 3148 1755 3427 1811; x_wconf 85' lang='grc' dir='ltr'>ἀπώλειαν</span> <span class='ocrx_word' id='word_1_223' title='bbox 3492 1758 3900 1828; x_wconf 79' lang='grc' dir='ltr'>παραπέμπον·</span> 
     </span>
    </p>
   </div>
   <div class='ocr_carea' id='block_1_33' title="bbox 641 1828 2213 1922">
    <p class='ocr_par' dir='ltr' id='par_1_33' title="bbox 641 1833 2212 1902">
     <span class='ocr_line' id='line_1_33' title="bbox 641 1833 2212 1902; baseline -0.001 -15"><span class='ocrx_word' id='word_1_224' title='bbox 641 1844 908 1899; x_wconf 87' lang='lat' dir='ltr'><strong>maturet,</strong></span> <span class='ocrx_word' id='word_1_225' title='bbox 954 1842 1009 1889; x_wconf 88' lang='lat' dir='ltr'><strong>et</strong></span> <span class='ocrx_word' id='word_1_226' title='bbox 1039 1834 1092 1887; x_wconf 89' lang='lat' dir='ltr'><strong>in</strong></span> <span class='ocrx_word' id='word_1_227' title='bbox 1124 1833 1245 1902; x_wconf 89' lang='lat' dir='ltr'><strong>ejus</strong></span> <span class='ocrx_word' id='word_1_228' title='bbox 1282 1834 1422 1887; x_wconf 83' lang='lat' dir='ltr'><strong>bona</strong></span> <span class='ocrx_word' id='word_1_229' title='bbox 1457 1836 1750 1900; x_wconf 75' lang='lat' dir='ltr'><strong>succedat;</strong></span> <span class='ocrx_word' id='word_1_230' title='bbox 1805 1833 1935 1887; x_wconf 84' lang='lat' dir='ltr'><strong>huic</strong></span> <span class='ocrx_word' id='word_1_231' title='bbox 1969 1848 2212 1898; x_wconf 89' lang='lat' dir='ltr'><strong>rursum,</strong></span> 
     </span>
    </p>
   </div>
   <div class='ocr_carea' id='block_1_34' title="bbox 2311 1828 3902 1922">
    <p class='ocr_par' dir='ltr' id='par_1_34' title="bbox 2322 1849 3902 1922">
     <span class='ocr_line' id='line_1_34' title="bbox 2322 1849 3902 1922; baseline 0 -18"><span class='ocrx_word' id='word_1_232' title='bbox 2322 1850 2481 1904; x_wconf 84' lang='grc' dir='ltr'>ἄλλον</span> <span class='ocrx_word' id='word_1_233' title='bbox 2503 1851 2561 1904; x_wconf 84' lang='grc' dir='ltr'>δὲ</span> <span class='ocrx_word' id='word_1_234' title='bbox 2592 1851 2751 1922; x_wconf 83' lang='grc' dir='ltr'>χάριν</span> <span class='ocrx_word' id='word_1_235' title='bbox 2772 1850 2849 1921; x_wconf 83' lang='grc' dir='ltr'><strong>τῷ</strong></span> <span class='ocrx_word' id='word_1_236' title='bbox 2878 1850 3164 1919; x_wconf 80' lang='grc' dir='ltr'>φθονοῦντι</span> <span class='ocrx_word' id='word_1_237' title='bbox 3184 1849 3659 1919; x_wconf 88' lang='grc' dir='ltr'>καταϐαλλόμενος</span> <span class='ocrx_word' id='word_1_238' title='bbox 3680 1866 3693 1880; x_wconf 81' lang='grc'>⁶</span> <span class='ocrx_word' id='word_1_239' title='bbox 3714 1850 3902 1922; x_wconf 73' lang='grc' dir='ltr'>ἕτερον</span> 
     </span>
    </p>
   </div>
   <div class='ocr_carea' id='block_1_35' title="bbox 638 1922 2221 1992">
    <p class='ocr_par' dir='ltr' id='par_1_35' title="bbox 638 1922 2221 1992">
     <span class='ocr_line' id='line_1_35' title="bbox 638 1922 2221 1992; baseline -0.001 -14"><span class='ocrx_word' id='word_1_240' title='bbox 638 1932 700 1978; x_wconf 89' lang='lat' dir='ltr'><strong>ut</strong></span> <span class='ocrx_word' id='word_1_241' title='bbox 732 1924 961 1979; x_wconf 81' lang='lat' dir='ltr'><strong>nefariis</strong></span> <span class='ocrx_word' id='word_1_242' title='bbox 985 1922 1358 1990; x_wconf 78' lang='lat' dir='ltr'><strong>voluptatibus</strong></span> <span class='ocrx_word' id='word_1_243' title='bbox 1386 1924 1644 1992; x_wconf 88' lang='lat' dir='ltr'><strong>potiatur.</strong></span> <span class='ocrx_word' id='word_1_244' title='bbox 1666 1922 1798 1987; x_wconf 62' lang='lat' dir='ltr'><strong>Quia</strong></span> <span class='ocrx_word' id='word_1_245' title='bbox 1815 1932 1868 1976; x_wconf 90' lang='lat' dir='ltr'><strong>et</strong></span> <span class='ocrx_word' id='word_1_246' title='bbox 1895 1922 2025 1975; x_wconf 91' lang='lat' dir='ltr'><strong>olim</strong></span> <span class='ocrx_word' id='word_1_247' title='bbox 2058 1937 2221 1990; x_wconf 60' lang='lat' dir='ltr'><strong>smpe-</strong></span> 
     </span>
    </p>
   </div>
   <div class='ocr_carea' id='block_1_36' title="bbox 638 2012 2218 2083">
    <p class='ocr_par' dir='ltr' id='par_1_36' title="bbox 638 2012 2218 2083">
     <span class='ocr_line' id='line_1_36' title="bbox 638 2012 2218 2083; baseline 0.001 -16"><span class='ocrx_word' id='word_1_248' title='bbox 638 2028 871 2067; x_wconf 87' lang='lat' dir='ltr'><strong>numero</strong></span> <span class='ocrx_word' id='word_1_249' title='bbox 923 2012 1235 2082; x_wconf 83' lang='lat' dir='ltr'><strong>contigere,</strong></span> <span class='ocrx_word' id='word_1_250' title='bbox 1284 2021 1338 2066; x_wconf 94' lang='lat' dir='ltr'><strong>et</strong></span> <span class='ocrx_word' id='word_1_251' title='bbox 1398 2028 1544 2067; x_wconf 92' lang='lat' dir='ltr'><strong>nunc</strong></span> <span class='ocrx_word' id='word_1_252' title='bbox 1591 2029 1811 2083; x_wconf 88' lang='lat' dir='ltr'><strong>quoque</strong></span> <span class='ocrx_word' id='word_1_253' title='bbox 1868 2013 2218 2083; x_wconf 78' lang='lat' dir='ltr'><strong>contingunt.</strong></span> 
     </span>
    </p>
   </div>
   <div class='ocr_carea' id='block_1_37' title="bbox 640 2104 2219 2175">
    <p class='ocr_par' dir='ltr' id='par_1_37' title="bbox 640 2104 2219 2175">
     <span class='ocr_line' id='line_1_37' title="bbox 640 2104 2219 2175; baseline -0.001 -15"><span class='ocrx_word' id='word_1_254' title='bbox 640 2104 802 2160; x_wconf 87' lang='lat' dir='ltr'><strong>Plena</strong></span> <span class='ocrx_word' id='word_1_255' title='bbox 834 2105 977 2159; x_wconf 92' lang='lat' dir='ltr'><strong>enim</strong></span> <span class='ocrx_word' id='word_1_256' title='bbox 1008 2105 1290 2159; x_wconf 88' lang='lat' dir='ltr'><strong>hominum</strong></span> <span class='ocrx_word' id='word_1_257' title='bbox 1327 2104 1435 2158; x_wconf 87' lang='lat' dir='ltr'><strong>vita</strong></span> <span class='ocrx_word' id='word_1_258' title='bbox 1474 2106 1765 2159; x_wconf 89' lang='lat' dir='ltr'><strong>calumniis</strong></span> <span class='ocrx_word' id='word_1_259' title='bbox 1810 2105 2123 2175; x_wconf 82' lang='lat' dir='ltr'><strong>hujusmodi</strong></span> <span class='ocrx_word' id='word_1_260' title='bbox 2152 2105 2219 2163; x_wconf 87' lang='lat' dir='ltr'><strong>ab</strong></span> 
     </span>
    </p>
   </div>
   <div class='ocr_carea' id='block_1_38' title="bbox 638 2197 2218 2267">
    <p class='ocr_par' dir='ltr' id='par_1_38' title="bbox 638 2197 2218 2267">
     <span class='ocr_line' id='line_1_38' title="bbox 638 2197 2218 2267; baseline -0.001 -15"><span class='ocrx_word' id='word_1_261' title='bbox 638 2199 797 2253; x_wconf 89' lang='lat' dir='ltr'><strong>initio</strong></span> <span class='ocrx_word' id='word_1_262' title='bbox 827 2198 892 2252; x_wconf 90' lang='lat' dir='ltr'><strong>ad</strong></span> <span class='ocrx_word' id='word_1_263' title='bbox 928 2197 1044 2251; x_wconf 69' lang='lat' dir='ltr'><strong>haec</strong></span> <span class='ocrx_word' id='word_1_264' title='bbox 1085 2213 1257 2265; x_wconf 89' lang='lat' dir='ltr'><strong>usque</strong></span> <span class='ocrx_word' id='word_1_265' title='bbox 1292 2206 1535 2266; x_wconf 83' lang='lat' dir='ltr'><strong>tempora</strong></span> <span class='ocrx_word' id='word_1_266' title='bbox 1570 2198 1706 2261; x_wconf 81' lang='lat' dir='ltr'><strong>fuit,</strong></span> <span class='ocrx_word' id='word_1_267' title='bbox 1756 2198 2218 2267; x_wconf 82' lang='lat' dir='ltr'><strong>quemadmodum</strong></span> 
     </span>
    </p>
   </div>
   <div class='ocr_carea' id='block_1_39' title="bbox 638 2289 2216 2360">
    <p class='ocr_par' dir='ltr' id='par_1_39' title="bbox 638 2289 2216 2360">
     <span class='ocr_line' id='line_1_39' title="bbox 638 2289 2216 2360; baseline -0.001 -16"><span class='ocrx_word' id='word_1_268' title='bbox 638 2290 707 2344; x_wconf 83' lang='lat' dir='ltr'><strong>ab</strong></span> <span class='ocrx_word' id='word_1_269' title='bbox 721 2289 1072 2344; x_wconf 89' lang='lat' dir='ltr'><strong>historiarum</strong></span> <span class='ocrx_word' id='word_1_270' title='bbox 1092 2289 1461 2358; x_wconf 86' lang='lat' dir='ltr'><strong>scriptoribus</strong></span> <span class='ocrx_word' id='word_1_271' title='bbox 1476 2290 1732 2343; x_wconf 87' lang='lat' dir='ltr'><strong>traditum</strong></span> <span class='ocrx_word' id='word_1_272' title='bbox 1750 2291 2062 2360; x_wconf 90' lang='lat' dir='ltr'><strong>accepimus</strong></span> <span class='ocrx_word' id='word_1_273' title='bbox 2082 2290 2216 2360; x_wconf 84' lang='lat'><strong>(65).</strong></span> 
     </span>
    </p>
   </div>
   <div class='ocr_carea' id='block_1_40' title="bbox 637 2382 2218 2454">
    <p class='ocr_par' dir='ltr' id='par_1_40' title="bbox 637 2382 2218 2454">
     <span class='ocr_line' id='line_1_40' title="bbox 637 2382 2218 2454; baseline -0.001 -16"><span class='ocrx_word' id='word_1_274' title='bbox 637 2382 931 2438; x_wconf 83' lang='lat' dir='ltr'><strong>Enimvero</strong></span> <span class='ocrx_word' id='word_1_275' title='bbox 958 2391 1105 2437; x_wconf 88' lang='lat' dir='ltr'><strong>recte</strong></span> <span class='ocrx_word' id='word_1_276' title='bbox 1135 2382 1360 2436; x_wconf 89' lang='lat' dir='ltr'><strong>omnino</strong></span> <span class='ocrx_word' id='word_1_277' title='bbox 1385 2393 1549 2451; x_wconf 88' lang='lat' dir='ltr'><strong>atque</strong></span> <span class='ocrx_word' id='word_1_278' title='bbox 1580 2385 1829 2451; x_wconf 88' lang='lat' dir='ltr'><strong>apposite</strong></span> <span class='ocrx_word' id='word_1_279' title='bbox 1856 2382 2101 2438; x_wconf 77' lang='lat' dir='ltr'><strong>Converti</strong></span> <span class='ocrx_word' id='word_1_280' title='bbox 2126 2400 2218 2454; x_wconf 88' lang='lat' dir='ltr'><strong>eqo</strong></span> 
     </span>
    </p>
   </div>
   <div class='ocr_carea' id='block_1_41' title="bbox 638 2478 2220 2549">
    <p class='ocr_par' dir='ltr' id='par_1_41' title="bbox 638 2478 2220 2549">
     <span class='ocr_line' id='line_1_41' title="bbox 638 2478 2220 2549; baseline 0.001 -16"><span class='ocrx_word' id='word_1_281' title='bbox 638 2495 723 2534; x_wconf 79' lang='lat' dir='ltr'><strong>me</strong></span> <span class='ocrx_word' id='word_1_282' title='bbox 752 2479 890 2533; x_wconf 85' lang='lat' dir='ltr'><strong>dixit</strong></span> <span class='ocrx_word' id='word_1_283' title='bbox 920 2494 934 2531; x_wconf 86' lang='lat'><strong>:</strong></span> <span class='ocrx_word' id='word_1_284' title='bbox 963 2493 1089 2532; x_wconf 88' lang='lat' dir='ltr'><strong>nam</strong></span> <span class='ocrx_word' id='word_1_285' title='bbox 1120 2478 1265 2547; x_wconf 87' lang='lat' dir='ltr'><strong>quod</strong></span> <span class='ocrx_word' id='word_1_286' title='bbox 1295 2480 1490 2532; x_wconf 91' lang='lat' dir='ltr'><strong>oculos</strong></span> <span class='ocrx_word' id='word_1_287' title='bbox 1522 2490 1717 2532; x_wconf 86' lang='lat' dir='ltr'><strong>natura</strong></span> <span class='ocrx_word' id='word_1_288' title='bbox 1748 2490 2093 2549; x_wconf 87' lang='lat' dir='ltr'><strong>comparatos</strong></span> <span class='ocrx_word' id='word_1_289' title='bbox 2122 2480 2220 2534; x_wconf 87' lang='lat' dir='ltr'><strong>ha-</strong></span> 
     </span>
    </p>
   </div>
   <div class='ocr_carea' id='block_1_42' title="bbox 637 2570 2220 2638">
    <p class='ocr_par' dir='ltr' id='par_1_42' title="bbox 637 2570 2220 2638">
     <span class='ocr_line' id='line_1_42' title="bbox 637 2570 2220 2638; baseline 0 -13"><span class='ocrx_word' id='word_1_290' title='bbox 637 2570 871 2626; x_wconf 86' lang='lat' dir='ltr'><strong>beamus</strong></span> <span class='ocrx_word' id='word_1_291' title='bbox 901 2571 965 2624; x_wconf 89' lang='lat' dir='ltr'><strong>ad</strong></span> <span class='ocrx_word' id='word_1_292' title='bbox 997 2584 1061 2625; x_wconf 86' lang='lat' dir='ltr'><strong>ea</strong></span> <span class='ocrx_word' id='word_1_293' title='bbox 1088 2570 1426 2638; x_wconf 84' lang='lat' dir='ltr'><strong>aspicienda,</strong></span> <span class='ocrx_word' id='word_1_294' title='bbox 1463 2584 1584 2638; x_wconf 82' lang='lat' dir='ltr'><strong>quae</strong></span> <span class='ocrx_word' id='word_1_295' title='bbox 1613 2578 1740 2624; x_wconf 85' lang='lat' dir='ltr'><strong>ante</strong></span> <span class='ocrx_word' id='word_1_296' title='bbox 1773 2587 1872 2625; x_wconf 92' lang='lat' dir='ltr'><strong>nos</strong></span> <span class='ocrx_word' id='word_1_297' title='bbox 1904 2581 2066 2635; x_wconf 89' lang='lat' dir='ltr'><strong>sunt,</strong></span> <span class='ocrx_word' id='word_1_298' title='bbox 2090 2588 2220 2626; x_wconf 92' lang='lat' dir='ltr'><strong>con-</strong></span> 
     </span>
    </p>
   </div>
   <div class='ocr_carea' id='block_1_43' title="bbox 638 2660 2218 2717">
    <p class='ocr_par' dir='ltr' id='par_1_43' title="bbox 638 2660 2218 2717">
     <span class='ocr_line' id='line_1_43' title="bbox 638 2660 2218 2717; baseline 0 -2"><span class='ocrx_word' id='word_1_299' title='bbox 638 2662 802 2716; x_wconf 82' lang='lat' dir='ltr'><strong>vertit</strong></span> <span class='ocrx_word' id='word_1_300' title='bbox 822 2660 1189 2717; x_wconf 86' lang='lat' dir='ltr'><strong>Ecclesiastes</strong></span> <span class='ocrx_word' id='word_1_301' title='bbox 1229 2660 1399 2714; x_wconf 86' lang='lat' dir='ltr'><strong>animi</strong></span> <span class='ocrx_word' id='word_1_302' title='bbox 1428 2660 1635 2713; x_wconf 90' lang='lat' dir='ltr'><strong>lumina</strong></span> <span class='ocrx_word' id='word_1_303' title='bbox 1666 2660 1717 2713; x_wconf 91' lang='lat' dir='ltr'><strong>in</strong></span> <span class='ocrx_word' id='word_1_304' title='bbox 1743 2661 1928 2714; x_wconf 84' lang='lat' dir='ltr'><strong>orbem</strong></span> <span class='ocrx_word' id='word_1_305' title='bbox 1954 2662 2019 2715; x_wconf 89' lang='lat' dir='ltr'><strong>ad</strong></span> <span class='ocrx_word' id='word_1_306' title='bbox 2048 2661 2218 2715; x_wconf 86' lang='lat' dir='ltr'><strong>homi-</strong></span> 
     </span>
    </p>
   </div>
   <div class='ocr_carea' id='block_1_44' title="bbox 638 2751 2218 2823">
    <p class='ocr_par' dir='ltr' id='par_1_44' title="bbox 638 2751 2218 2823">
     <span class='ocr_line' id='line_1_44' title="bbox 638 2751 2218 2823; baseline 0 -15"><span class='ocrx_word' id='word_1_307' title='bbox 638 2767 759 2818; x_wconf 85' lang='lat' dir='ltr'><strong>nes,</strong></span> <span class='ocrx_word' id='word_1_308' title='bbox 799 2762 1069 2823; x_wconf 89' lang='lat' dir='ltr'><strong>quotquot</strong></span> <span class='ocrx_word' id='word_1_309' title='bbox 1112 2761 1310 2807; x_wconf 87' lang='lat' dir='ltr'><strong>terram</strong></span> <span class='ocrx_word' id='word_1_310' title='bbox 1345 2751 1624 2815; x_wconf 87' lang='lat' dir='ltr'><strong>incolunt,</strong></span> <span class='ocrx_word' id='word_1_311' title='bbox 1670 2762 1722 2805; x_wconf 92' lang='lat' dir='ltr'><strong>et</strong></span> <span class='ocrx_word' id='word_1_312' title='bbox 1759 2752 1864 2805; x_wconf 89' lang='lat' dir='ltr'><strong>hoc</strong></span> <span class='ocrx_word' id='word_1_313' title='bbox 1890 2754 2075 2820; x_wconf 85' lang='lat' dir='ltr'><strong>utique</strong></span> <span class='ocrx_word' id='word_1_314' title='bbox 2115 2754 2218 2808; x_wconf 90' lang='lat' dir='ltr'><strong>sub</strong></span> 
     </span>
    </p>
   </div>
   <div class='ocr_carea' id='block_1_45' title="bbox 639 2840 2214 2913">
    <p class='ocr_par' dir='ltr' id='par_1_45' title="bbox 639 2840 2214 2913">
     <span class='ocr_line' id='line_1_45' title="bbox 639 2840 2214 2913; baseline -0.002 -13"><span class='ocrx_word' id='word_1_315' title='bbox 639 2844 756 2902; x_wconf 87' lang='lat' dir='ltr'><strong>sole</strong></span> <span class='ocrx_word' id='word_1_316' title='bbox 782 2844 1183 2913; x_wconf 80' lang='lat' dir='ltr'><strong>ingrediuntur.</strong></span> <span class='ocrx_word' id='word_1_317' title='bbox 1211 2840 1346 2896; x_wconf 86' lang='lat' dir='ltr'><strong>Nam</strong></span> <span class='ocrx_word' id='word_1_318' title='bbox 1373 2842 1464 2911; x_wconf 87' lang='lat' dir='ltr'><strong>qui</strong></span> <span class='ocrx_word' id='word_1_319' title='bbox 1491 2857 1656 2909; x_wconf 86' lang='lat' dir='ltr'><strong>supra</strong></span> <span class='ocrx_word' id='word_1_320' title='bbox 1682 2842 1849 2897; x_wconf 89' lang='lat' dir='ltr'><strong>solem</strong></span> <span class='ocrx_word' id='word_1_321' title='bbox 1883 2842 2027 2896; x_wconf 92' lang='lat' dir='ltr'><strong>hunc</strong></span> <span class='ocrx_word' id='word_1_322' title='bbox 2048 2843 2214 2897; x_wconf 80' lang='lat' dir='ltr'><strong>vitam</strong></span> 
     </span>
    </p>
   </div>
   <div class='ocr_carea' id='block_1_46' title="bbox 638 2933 2215 3007">
    <p class='ocr_par' dir='ltr' id='par_1_46' title="bbox 638 2933 2215 3007">
     <span class='ocr_line' id='line_1_46' title="bbox 638 2933 2215 3007; baseline -0.001 -16"><span class='ocrx_word' id='word_1_323' title='bbox 638 2944 835 3007; x_wconf 80' lang='lat' dir='ltr'><strong>agunt,</strong></span> <span class='ocrx_word' id='word_1_324' title='bbox 869 2935 1143 2989; x_wconf 82' lang='lat' dir='ltr'><strong>calumnia</strong></span> <span class='ocrx_word' id='word_1_325' title='bbox 1176 2934 1243 2988; x_wconf 90' lang='lat' dir='ltr'><strong>ad</strong></span> <span class='ocrx_word' id='word_1_326' title='bbox 1286 2949 1383 2987; x_wconf 90' lang='lat' dir='ltr'><strong>eos</strong></span> <span class='ocrx_word' id='word_1_327' title='bbox 1419 2935 1566 2987; x_wconf 90' lang='lat' dir='ltr'><strong>nulla</strong></span> <span class='ocrx_word' id='word_1_328' title='bbox 1593 2933 1706 3003; x_wconf 87' lang='lat' dir='ltr'><strong>jam</strong></span> <span class='ocrx_word' id='word_1_329' title='bbox 1759 2936 2049 3002; x_wconf 84' lang='lat' dir='ltr'><strong>pervenit,</strong></span> <span class='ocrx_word' id='word_1_330' title='bbox 2090 2951 2215 2989; x_wconf 88' lang='lat' dir='ltr'><strong>cum</strong></span> 
     </span>
    </p>
   </div>
   <div class='ocr_carea' id='block_1_47' title="bbox 637 3026 2214 3083">
    <p class='ocr_par' dir='ltr' id='par_1_47' title="bbox 637 3026 2214 3083">
     <span class='ocr_line' id='line_1_47' title="bbox 637 3026 2214 3083; baseline 0.001 -2"><span class='ocrx_word' id='word_1_331' title='bbox 637 3028 747 3081; x_wconf 91' lang='lat' dir='ltr'><strong>illic</strong></span> <span class='ocrx_word' id='word_1_332' title='bbox 793 3036 847 3082; x_wconf 92' lang='lat' dir='ltr'><strong>et</strong></span> <span class='ocrx_word' id='word_1_333' title='bbox 887 3028 1100 3081; x_wconf 86' lang='lat' dir='ltr'><strong>stabilis</strong></span> <span class='ocrx_word' id='word_1_334' title='bbox 1147 3027 1351 3080; x_wconf 87' lang='lat' dir='ltr'><strong>veritas</strong></span> <span class='ocrx_word' id='word_1_335' title='bbox 1402 3034 1457 3080; x_wconf 91' lang='lat' dir='ltr'><strong>et</strong></span> <span class='ocrx_word' id='word_1_336' title='bbox 1506 3026 1654 3079; x_wconf 89' lang='lat' dir='ltr'><strong>omni</strong></span> <span class='ocrx_word' id='word_1_337' title='bbox 1698 3042 1926 3082; x_wconf 89' lang='lat' dir='ltr'><strong>numero</strong></span> <span class='ocrx_word' id='word_1_338' title='bbox 1965 3028 2214 3083; x_wconf 84' lang='lat' dir='ltr'><strong>absoluta</strong></span> 
     </span>
    </p>
   </div>
   <div class='ocr_carea' id='block_1_48' title="bbox 632 3118 2214 3190">
    <p class='ocr_par' dir='ltr' id='par_1_48' title="bbox 632 3118 2214 3190">
     <span class='ocr_line' id='line_1_48' title="bbox 632 3118 2214 3190; baseline -0.001 -14"><span class='ocrx_word' id='word_1_339' title='bbox 632 3120 848 3190; x_wconf 83' lang='lat' dir='ltr'><strong>justitia</strong></span> <span class='ocrx_word' id='word_1_340' title='bbox 884 3120 1216 3174; x_wconf 87' lang='lat' dir='ltr'><strong>dominetur.</strong></span> <span class='ocrx_word' id='word_1_341' title='bbox 1245 3118 1415 3171; x_wconf 89' lang='lat' dir='ltr'><strong>Porro</strong></span> <span class='ocrx_word' id='word_1_342' title='bbox 1441 3120 1495 3172; x_wconf 88' lang='lat' dir='ltr'><strong>in</strong></span> <span class='ocrx_word' id='word_1_343' title='bbox 1527 3119 1627 3173; x_wconf 87' lang='lat' dir='ltr'><strong>hac</strong></span> <span class='ocrx_word' id='word_1_344' title='bbox 1661 3119 1767 3172; x_wconf 90' lang='lat' dir='ltr'><strong>vita</strong></span> <span class='ocrx_word' id='word_1_345' title='bbox 1812 3121 2027 3187; x_wconf 83' lang='lat' dir='ltr'><strong>plorant</strong></span> <span class='ocrx_word' id='word_1_346' title='bbox 2058 3121 2214 3175; x_wconf 91' lang='lat' dir='ltr'><strong>multi</strong></span> 
     </span>
    </p>
   </div>
   <div class='ocr_carea' id='block_1_49' title="bbox 636 3211 2217 3283">
    <p class='ocr_par' dir='ltr' id='par_1_49' title="bbox 636 3211 2217 3283">
     <span class='ocr_line' id='line_1_49' title="bbox 636 3211 2217 3283; baseline 0 -16"><span class='ocrx_word' id='word_1_347' title='bbox 636 3227 701 3267; x_wconf 85' lang='lat' dir='ltr'><strong>ac</strong></span> <span class='ocrx_word' id='word_1_348' title='bbox 741 3213 1129 3277; x_wconf 83' lang='lat' dir='ltr'><strong>lamentantur,</strong></span> <span class='ocrx_word' id='word_1_349' title='bbox 1159 3211 1559 3264; x_wconf 84' lang='lat' dir='ltr'><strong>calumniarum</strong></span> <span class='ocrx_word' id='word_1_350' title='bbox 1603 3213 1756 3265; x_wconf 89' lang='lat' dir='ltr'><strong>oneri</strong></span> <span class='ocrx_word' id='word_1_351' title='bbox 1789 3211 2010 3266; x_wconf 82' lang='lat' dir='ltr'><strong>ferendo</strong></span> <span class='ocrx_word' id='word_1_352' title='bbox 2046 3212 2217 3283; x_wconf 83' lang='lat' dir='ltr'><strong>impa-</strong></span> 
     </span>
    </p>
   </div>
   <div class='ocr_carea' id='block_1_50' title="bbox 637 3301 2214 3375">
    <p class='ocr_par' dir='ltr' id='par_1_50' title="bbox 637 3301 2214 3375">
     <span class='ocr_line' id='line_1_50' title="bbox 637 3301 2214 3375; baseline 0.003 -18"><span class='ocrx_word' id='word_1_353' title='bbox 637 3318 767 3359; x_wconf 87' lang='lat' dir='ltr'><strong>res:</strong></span> <span class='ocrx_word' id='word_1_354' title='bbox 798 3319 863 3358; x_wconf 92' lang='lat' dir='ltr'><strong>ac</strong></span> <span class='ocrx_word' id='word_1_355' title='bbox 891 3304 1214 3372; x_wconf 88' lang='lat' dir='ltr'><strong>plerumque</strong></span> <span class='ocrx_word' id='word_1_356' title='bbox 1249 3301 1337 3354; x_wconf 80' lang='lat' dir='ltr'><strong>vix</strong></span> <span class='ocrx_word' id='word_1_357' title='bbox 1378 3302 1677 3365; x_wconf 82' lang='lat' dir='ltr'><strong>invenitur,</strong></span> <span class='ocrx_word' id='word_1_358' title='bbox 1712 3304 1805 3373; x_wconf 90' lang='lat' dir='ltr'><strong>qui</strong></span> <span class='ocrx_word' id='word_1_359' title='bbox 1841 3314 2214 3375; x_wconf 87' lang='lat' dir='ltr'><strong>opportunum</strong></span> 
     </span>
    </p>
   </div>
   <div class='ocr_carea' id='block_1_51' title="bbox 636 3391 2215 3461">
    <p class='ocr_par' dir='ltr' id='par_1_51' title="bbox 636 3391 2215 3461">
     <span class='ocr_line' id='line_1_51' title="bbox 636 3391 2215 3461; baseline 0.002 -12"><span class='ocrx_word' id='word_1_360' title='bbox 636 3396 708 3449; x_wconf 88' lang='lat' dir='ltr'><strong>iis</strong></span> <span class='ocrx_word' id='word_1_361' title='bbox 759 3396 1022 3450; x_wconf 84' lang='lat' dir='ltr'><strong>solatium</strong></span> <span class='ocrx_word' id='word_1_362' title='bbox 1074 3393 1294 3457; x_wconf 72' lang='lat' dir='ltr'><strong>afferat,</strong></span> <span class='ocrx_word' id='word_1_363' title='bbox 1343 3391 1502 3461; x_wconf 76' lang='lat'><strong>107</strong></span> <span class='ocrx_word' id='word_1_364' title='bbox 1552 3402 1608 3448; x_wconf 89' lang='lat' dir='ltr'><strong>et</strong></span> <span class='ocrx_word' id='word_1_365' title='bbox 1654 3395 1973 3451; x_wconf 81' lang='lat' dir='ltr'><strong>defensione</strong></span> <span class='ocrx_word' id='word_1_366' title='bbox 2027 3412 2215 3452; x_wconf 85' lang='lat' dir='ltr'><strong>eorum</strong></span> 
     </span>
    </p>
   </div>
   <div class='ocr_carea' id='block_1_52' title="bbox 636 3488 2219 3559">
    <p class='ocr_par' dir='ltr' id='par_1_52' title="bbox 636 3488 2219 3559">
     <span class='ocr_line' id='line_1_52' title="bbox 636 3488 2219 3559; baseline 0 -14"><span class='ocrx_word' id='word_1_367' title='bbox 636 3500 915 3558; x_wconf 83' lang='lat' dir='ltr'><strong>suscepta,</strong></span> <span class='ocrx_word' id='word_1_368' title='bbox 950 3488 1382 3542; x_wconf 85' lang='lat' dir='ltr'><strong>calumniatores</strong></span> <span class='ocrx_word' id='word_1_369' title='bbox 1414 3488 1731 3558; x_wconf 77' lang='lat' dir='ltr'><strong>redarguat,</strong></span> <span class='ocrx_word' id='word_1_370' title='bbox 1764 3504 1996 3559; x_wconf 67' lang='lat' dir='ltr'><strong>quasque</strong></span> <span class='ocrx_word' id='word_1_371' title='bbox 2029 3490 2219 3545; x_wconf 85' lang='lat' dir='ltr'><strong>adver-</strong></span> 
     </span>
    </p>
   </div>
   <div class='ocr_carea' id='block_1_53' title="bbox 636 3580 2216 3653">
    <p class='ocr_par' dir='ltr' id='par_1_53' title="bbox 636 3580 2216 3653">
     <span class='ocr_line' id='line_1_53' title="bbox 636 3580 2216 3653; baseline 0.003 -18"><span class='ocrx_word' id='word_1_372' title='bbox 636 3596 733 3635; x_wconf 88' lang='lat' dir='ltr'><strong>sus</strong></span> <span class='ocrx_word' id='word_1_373' title='bbox 788 3580 1098 3650; x_wconf 78' lang='lat' dir='ltr'><strong>proximum</strong></span> <span class='ocrx_word' id='word_1_374' title='bbox 1156 3580 1485 3646; x_wconf 89' lang='lat' dir='ltr'><strong>moliuntur,</strong></span> <span class='ocrx_word' id='word_1_375' title='bbox 1533 3580 1614 3636; x_wconf 89' lang='lat' dir='ltr'><strong>sic</strong></span> <span class='ocrx_word' id='word_1_376' title='bbox 1675 3580 1815 3636; x_wconf 86' lang='lat' dir='ltr'><strong>falsa</strong></span> <span class='ocrx_word' id='word_1_377' title='bbox 1862 3591 2027 3653; x_wconf 89' lang='lat' dir='ltr'><strong>atque</strong></span> <span class='ocrx_word' id='word_1_378' title='bbox 2078 3600 2216 3639; x_wconf 80' lang='lat' dir='ltr'><strong>vana</strong></span> 
     </span>
    </p>
   </div>
   <div class='ocr_carea' id='block_1_54' title="bbox 635 3674 2210 3739">
    <p class='ocr_par' dir='ltr' id='par_1_54' title="bbox 635 3674 2210 3739">
     <span class='ocr_line' id='line_1_54' title="bbox 635 3674 2210 3739; baseline 0.006 -14"><span class='ocrx_word' id='word_1_379' title='bbox 635 3674 912 3739; x_wconf 87' lang='lat' dir='ltr'><strong>ostendat,</strong></span> <span class='ocrx_word' id='word_1_380' title='bbox 952 3685 1009 3727; x_wconf 91' lang='lat' dir='ltr'><strong>ut</strong></span> <span class='ocrx_word' id='word_1_381' title='bbox 1036 3688 1132 3728; x_wconf 87' lang='lat' dir='ltr'><strong>eos</strong></span> <span class='ocrx_word' id='word_1_382' title='bbox 1169 3674 1388 3727; x_wconf 87' lang='lat' dir='ltr'><strong>tandem</strong></span> <span class='ocrx_word' id='word_1_383' title='bbox 1423 3690 1491 3729; x_wconf 85' lang='lat' dir='ltr'><strong>ex</strong></span> <span class='ocrx_word' id='word_1_384' title='bbox 1524 3675 1759 3731; x_wconf 90' lang='lat' dir='ltr'><strong>istorum</strong></span> <span class='ocrx_word' id='word_1_385' title='bbox 1792 3677 2045 3734; x_wconf 88' lang='lat' dir='ltr'><strong>manibus</strong></span> <span class='ocrx_word' id='word_1_386' title='bbox 2075 3679 2125 3733; x_wconf 93' lang='lat' dir='ltr'><strong>vi</strong></span> <span class='ocrx_word' id='word_1_387' title='bbox 2155 3689 2210 3735; x_wconf 84' lang='lat' dir='ltr'><strong>et</strong></span> 
     </span>
    </p>
   </div>
   <div class='ocr_carea' id='block_1_55' title="bbox 630 3762 1393 3835">
    <p class='ocr_par' dir='ltr' id='par_1_55' title="bbox 630 3762 1393 3835">
     <span class='ocr_line' id='line_1_55' title="bbox 630 3762 1393 3835; baseline 0.001 -19"><span class='ocrx_word' id='word_1_388' title='bbox 630 3762 873 3835; x_wconf 80' lang='lat' dir='ltr'><strong>potentia</strong></span> <span class='ocrx_word' id='word_1_389' title='bbox 909 3764 1156 3818; x_wconf 85' lang='lat' dir='ltr'><strong>veritatis</strong></span> <span class='ocrx_word' id='word_1_390' title='bbox 1176 3762 1393 3834; x_wconf 89' lang='lat' dir='ltr'><strong>eripiat.</strong></span> 
     </span>
    </p>
   </div>
   <div class='ocr_carea' id='block_1_56' title="bbox 2320 1942 3904 2015">
    <p class='ocr_par' dir='ltr' id='par_1_56' title="bbox 2320 1942 3904 2015">
     <span class='ocr_line' id='line_1_56' title="bbox 2320 1942 3904 2015; baseline 0.001 -20"><span class='ocrx_word' id='word_1_391' title='bbox 2320 1944 2377 1996; x_wconf 78' lang='grc' dir='ltr'>δὲ</span> <span class='ocrx_word' id='word_1_392' title='bbox 2430 1945 2526 1997; x_wconf 79' lang='grc' dir='ltr'>καὶ</span> <span class='ocrx_word' id='word_1_393' title='bbox 2571 1943 2802 1996; x_wconf 88' lang='grc' dir='ltr'>θάνατον</span> <span class='ocrx_word' id='word_1_394' title='bbox 2851 1942 3004 2013; x_wconf 84' lang='grc' dir='ltr'>αὑτῷ</span> <span class='ocrx_word' id='word_1_395' title='bbox 3047 1942 3382 2015; x_wconf 80' lang='grc' dir='ltr'>προξενῆσαι</span> <span class='ocrx_word' id='word_1_396' title='bbox 3431 1943 3753 2013; x_wconf 86' lang='grc' dir='ltr'>βουλόμενος</span> <span class='ocrx_word' id='word_1_397' title='bbox 3803 1943 3904 1997; x_wconf 79' lang='grc' dir='ltr'>καὶ</span> 
     </span>
    </p>
   </div>
   <div class='ocr_carea' id='block_1_57' title="bbox 2321 2033 3907 2106">
    <p class='ocr_par' dir='ltr' id='par_1_57' title="bbox 2321 2033 3907 2106">
     <span class='ocr_line' id='line_1_57' title="bbox 2321 2033 3907 2106; baseline 0.004 -19"><span class='ocrx_word' id='word_1_398' title='bbox 2321 2034 2676 2099; x_wconf 80' lang='grc' dir='ltr'>διαδέξασθαι</span> <span class='ocrx_word' id='word_1_399' title='bbox 2700 2034 2799 2106; x_wconf 82' lang='grc' dir='ltr'>τὴν</span> <span class='ocrx_word' id='word_1_400' title='bbox 2822 2036 3031 2089; x_wconf 75' lang='grc' dir='ltr'>ἐκείνου</span> <span class='ocrx_word' id='word_1_401' title='bbox 3062 2036 3387 2106; x_wconf 81' lang='grc' dir='ltr'>περιουσίαν</span> <span class='ocrx_word' id='word_1_402' title='bbox 3407 2055 3419 2066; x_wconf 83' lang='grc'><em>’</em></span> <span class='ocrx_word' id='word_1_403' title='bbox 3451 2036 3613 2091; x_wconf 87' lang='grc' dir='ltr'>ἀλλον</span> <span class='ocrx_word' id='word_1_404' title='bbox 3639 2038 3683 2090; x_wconf 80' lang='grc' dir='ltr'>δ’</span> <span class='ocrx_word' id='word_1_405' title='bbox 3710 2033 3777 2092; x_wconf 85' lang='grc' dir='ltr'>αὖ</span> <span class='ocrx_word' id='word_1_406' title='bbox 3802 2040 3907 2093; x_wconf 61' lang='grc' dir='ltr'><strong>καὶ⁹</strong></span> 
     </span>
    </p>
   </div>
   <div class='ocr_carea' id='block_1_58' title="bbox 2321 2127 3902 2201">
    <p class='ocr_par' dir='ltr' id='par_1_58' title="bbox 2321 2127 3902 2201">
     <span class='ocr_line' id='line_1_58' title="bbox 2321 2127 3902 2201; baseline 0.004 -22"><span class='ocrx_word' id='word_1_407' title='bbox 2321 2127 2392 2179; x_wconf 72' lang='grc' dir='ltr'>δι’</span> <span class='ocrx_word' id='word_1_408' title='bbox 2429 2127 2663 2197; x_wconf 83' lang='grc' dir='ltr'>αἰσχρὰς</span> <span class='ocrx_word' id='word_1_409' title='bbox 2691 2129 2916 2198; x_wconf 83' lang='grc' dir='ltr'>ἡδονάς·</span> <span class='ocrx_word' id='word_1_410' title='bbox 2948 2128 3025 2191; x_wconf 87' lang='grc' dir='ltr'>ὼς</span> <span class='ocrx_word' id='word_1_411' title='bbox 3062 2129 3232 2183; x_wconf 90' lang='grc' dir='ltr'>πάλαι</span> <span class='ocrx_word' id='word_1_412' title='bbox 3262 2130 3524 2194; x_wconf 80' lang='grc' dir='ltr'>πολλάκις</span> <span class='ocrx_word' id='word_1_413' title='bbox 3556 2132 3902 2201; x_wconf 86' lang='grc' dir='ltr'>συμϐέϐηκε,</span> 
     </span>
    </p>
   </div>
   <div class='ocr_carea' id='block_1_59' title="bbox 2322 2215 3905 2293">
    <p class='ocr_par' dir='ltr' id='par_1_59' title="bbox 2322 2215 3905 2293">
     <span class='ocr_line' id='line_1_59' title="bbox 2322 2215 3905 2293; baseline 0.005 -26"><span class='ocrx_word' id='word_1_414' title='bbox 2322 2216 2415 2268; x_wconf 72' lang='grc' dir='ltr'><strong>καὶ</strong></span> <span class='ocrx_word' id='word_1_415' title='bbox 2461 2215 2558 2268; x_wconf 82' lang='grc' dir='ltr'><strong>νῦν</strong></span> <span class='ocrx_word' id='word_1_416' title='bbox 2601 2216 2658 2269; x_wconf 83' lang='grc' dir='ltr'>δὲ</span> <span class='ocrx_word' id='word_1_417' title='bbox 2699 2216 3085 2286; x_wconf 81' lang='grc' dir='ltr'>συμϐαίνουσι.</span> <span class='ocrx_word' id='word_1_418' title='bbox 3131 2218 3351 2289; x_wconf 86' lang='grc' dir='ltr'>Πλήρης</span> <span class='ocrx_word' id='word_1_419' title='bbox 3389 2221 3498 2291; x_wconf 86' lang='grc' dir='ltr'>γάρ</span> <span class='ocrx_word' id='word_1_420' title='bbox 3534 2221 3683 2274; x_wconf 79' lang='grc' dir='ltr'>ἐστιν</span> <span class='ocrx_word' id='word_1_421' title='bbox 3715 2224 3742 2275; x_wconf 86' lang='grc' dir='ltr'><strong>ό</strong></span> <span class='ocrx_word' id='word_1_422' title='bbox 3784 2223 3905 2293; x_wconf 85' lang='grc' dir='ltr'>βίος</span> 
     </span>
    </p>
   </div>
   <div class='ocr_carea' id='block_1_60' title="bbox 2318 2306 3905 2384">
    <p class='ocr_par' dir='ltr' id='par_1_60' title="bbox 2318 2306 3905 2384">
     <span class='ocr_line' id='line_1_60' title="bbox 2318 2306 3905 2384; baseline 0.005 -24"><span class='ocrx_word' id='word_1_423' title='bbox 2318 2308 2429 2360; x_wconf 85' lang='grc' dir='ltr'><strong>τῶν</strong></span> <span class='ocrx_word' id='word_1_424' title='bbox 2476 2306 2734 2361; x_wconf 79' lang='grc' dir='ltr'>τοιούτων</span> <span class='ocrx_word' id='word_1_425' title='bbox 2769 2309 2865 2362; x_wconf 72' lang='grc' dir='ltr'><strong>καὶ</strong></span> <span class='ocrx_word' id='word_1_426' title='bbox 2905 2310 3014 2363; x_wconf 88' lang='grc' dir='ltr'><strong>τῶν</strong></span> <span class='ocrx_word' id='word_1_427' title='bbox 3062 2311 3464 2382; x_wconf 78' lang='grc' dir='ltr'>παραπλησίων</span> <span class='ocrx_word' id='word_1_428' title='bbox 3496 2314 3596 2384; x_wconf 85' lang='grc' dir='ltr'>τῆς</span> <span class='ocrx_word' id='word_1_429' title='bbox 3627 2330 3905 2384; x_wconf 70' lang='grc' dir='ltr'>συκοῳαν-</span> 
     </span>
    </p>
   </div>
   <div class='ocr_carea' id='block_1_61' title="bbox 2318 2400 3931 2477">
    <p class='ocr_par' dir='ltr' id='par_1_61' title="bbox 2318 2400 3931 2477">
     <span class='ocr_line' id='line_1_61' title="bbox 2318 2400 3931 2477; baseline 0.002 -25"><span class='ocrx_word' id='word_1_430' title='bbox 2318 2401 2443 2462; x_wconf 88' lang='grc' dir='ltr'>τίας</span> <span class='ocrx_word' id='word_1_431' title='bbox 2472 2400 2631 2452; x_wconf 82' lang='grc' dir='ltr'>εἰδῶν</span> <span class='ocrx_word' id='word_1_432' title='bbox 2671 2400 2914 2471; x_wconf 77' lang='grc' dir='ltr'>ἀρχῆθεν</span> <span class='ocrx_word' id='word_1_433' title='bbox 2967 2402 3131 2472; x_wconf 84' lang='grc' dir='ltr'>μέχρι</span> <span class='ocrx_word' id='word_1_434' title='bbox 3173 2402 3269 2455; x_wconf 78' lang='grc' dir='ltr'>καὶ</span> <span class='ocrx_word' id='word_1_435' title='bbox 3312 2403 3490 2475; x_wconf 82' lang='grc' dir='ltr'>δεῦρο,</span> <span class='ocrx_word' id='word_1_436' title='bbox 3524 2406 3709 2470; x_wconf 86' lang='grc' dir='ltr'>καθὼς</span> <span class='ocrx_word' id='word_1_437' title='bbox 3740 2410 3931 2477; x_wconf 84' lang='grc' dir='ltr'>ίσμεν.</span> 
     </span>
    </p>
   </div>
   <div class='ocr_carea' id='block_1_62' title="bbox 2318 2493 3900 2570">
    <p class='ocr_par' dir='ltr' id='par_1_62' title="bbox 2318 2493 3900 2570">
     <span class='ocr_line' id='line_1_62' title="bbox 2318 2493 3900 2570; baseline 0.004 -24"><span class='ocrx_word' id='word_1_438' title='bbox 2318 2493 2405 2546; x_wconf 86' lang='grc' dir='ltr'><strong>διά</strong></span> <span class='ocrx_word' id='word_1_439' title='bbox 2428 2493 2538 2545; x_wconf 90' lang='grc' dir='ltr'><strong>τῶν</strong></span> <span class='ocrx_word' id='word_1_440' title='bbox 2567 2494 3044 2565; x_wconf 80' lang='grc' dir='ltr'>ἀναγραψαμένων</span> <span class='ocrx_word' id='word_1_441' title='bbox 3072 2496 3171 2559; x_wconf 72' lang='grc' dir='ltr'><strong>τὰς</strong></span> <span class='ocrx_word' id='word_1_442' title='bbox 3202 2497 3463 2566; x_wconf 78' lang='grc' dir='ltr'>ἱστορίας.</span> <span class='ocrx_word' id='word_1_443' title='bbox 3499 2516 3518 2549; x_wconf 77' lang='grc' dir='ltr'>ι</span> <span class='ocrx_word' id='word_1_444' title='bbox 3550 2497 3900 2570; x_wconf 79' lang='grc' dir='ltr'>Ἐπὲστρεψα</span> 
     </span>
    </p>
   </div>
   <div class='ocr_carea' id='block_1_63' title="bbox 2318 2583 3898 2663">
    <p class='ocr_par' dir='ltr' id='par_1_63' title="bbox 2318 2583 3898 2663">
     <span class='ocr_line' id='line_1_63' title="bbox 2318 2583 3898 2663; baseline 0.006 -26"><span class='ocrx_word' id='word_1_445' title='bbox 2318 2583 2373 2637; x_wconf 82' lang='grc' dir='ltr'>δὲ</span> <span class='ocrx_word' id='word_1_446' title='bbox 2412 2583 2544 2654; x_wconf 78' lang='grc' dir='ltr'>ἐγὼ,</span> <span class='ocrx_word' id='word_1_447' title='bbox 2577 2604 2595 2637; x_wconf 74' lang='grc' dir='ltr'>ι</span> <span class='ocrx_word' id='word_1_448' title='bbox 2640 2587 2965 2654; x_wconf 82' lang='grc' dir='ltr'>πρεπόντως</span> <span class='ocrx_word' id='word_1_449' title='bbox 2997 2589 3090 2640; x_wconf 71' lang='grc' dir='ltr'>καὶ</span> <span class='ocrx_word' id='word_1_450' title='bbox 3124 2587 3244 2641; x_wconf 90' lang='grc' dir='ltr'>λίαν</span> <span class='ocrx_word' id='word_1_451' title='bbox 3278 2590 3462 2655; x_wconf 89' lang='grc' dir='ltr'>καλῶς</span> <span class='ocrx_word' id='word_1_452' title='bbox 3484 2585 3606 2644; x_wconf 75' lang='grc' dir='ltr'>εἶπε</span> <span class='ocrx_word' id='word_1_453' title='bbox 3630 2608 3643 2620; x_wconf 85' lang='grc'><strong>·</strong></span> <span class='ocrx_word' id='word_1_454' title='bbox 3683 2593 3753 2645; x_wconf 77' lang='grc' dir='ltr'>τὰ</span> <span class='ocrx_word' id='word_1_455' title='bbox 3788 2593 3898 2663; x_wconf 86' lang='grc' dir='ltr'><strong>γὰρ</strong></span> 
     </span>
    </p>
   </div>
   <div class='ocr_carea' id='block_1_64' title="bbox 2319 2674 3897 2753">
    <p class='ocr_par' dir='ltr' id='par_1_64' title="bbox 2319 2674 3897 2753">
     <span class='ocr_line' id='line_1_64' title="bbox 2319 2674 3897 2753; baseline 0.006 -25"><span class='ocrx_word' id='word_1_456' title='bbox 2319 2674 2635 2746; x_wconf 73' lang='grc' dir='ltr'>ἔμπροσθεν</span> <span class='ocrx_word' id='word_1_457' title='bbox 2668 2676 2825 2747; x_wconf 78' lang='grc' dir='ltr'>ἡμῶν</span> <span class='ocrx_word' id='word_1_458' title='bbox 2848 2678 3068 2747; x_wconf 83' lang='grc' dir='ltr'>βλέπειν</span> <span class='ocrx_word' id='word_1_459' title='bbox 3090 2679 3197 2734; x_wconf 91' lang='grc' dir='ltr'><strong>τῶν</strong></span> <span class='ocrx_word' id='word_1_460' title='bbox 3223 2681 3518 2752; x_wconf 65' lang='grc' dir='ltr'>ὀφθαλμῶν</span> <span class='ocrx_word' id='word_1_461' title='bbox 3548 2686 3897 2753; x_wconf 67' lang='grc' dir='ltr'>πεφυκότων,</span> 
     </span>
    </p>
   </div>
   <div class='ocr_carea' id='block_1_65' title="bbox 2319 2771 3896 2848">
    <p class='ocr_par' dir='ltr' id='par_1_65' title="bbox 2319 2771 3896 2848">
     <span class='ocr_line' id='line_1_65' title="bbox 2319 2771 3896 2848; baseline 0.007 -26"><span class='ocrx_word' id='word_1_462' title='bbox 2319 2772 2666 2841; x_wconf 75' lang='grc' dir='ltr'>ἐπέστρεψεν</span> <span class='ocrx_word' id='word_1_463' title='bbox 2706 2774 2735 2825; x_wconf 84' lang='grc' dir='ltr'>ὁ</span> <span class='ocrx_word' id='word_1_464' title='bbox 2768 2771 3204 2843; x_wconf 81' lang='grc' dir='ltr'>Ἐκκλησιαστὴς</span> <span class='ocrx_word' id='word_1_465' title='bbox 3237 2774 3335 2838; x_wconf 90' lang='grc' dir='ltr'><strong>τάς</strong></span> <span class='ocrx_word' id='word_1_466' title='bbox 3383 2777 3582 2847; x_wconf 81' lang='grc' dir='ltr'>νοητὰς</span> <span class='ocrx_word' id='word_1_467' title='bbox 3609 2778 3761 2848; x_wconf 73' lang='grc' dir='ltr'>ὄψεις</span> <span class='ocrx_word' id='word_1_468' title='bbox 3795 2780 3896 2833; x_wconf 83' lang='grc' dir='ltr'>κύ-</span> 
     </span>
    </p>
   </div>
   <div class='ocr_carea' id='block_1_66' title="bbox 2318 2864 3897 2940">
    <p class='ocr_par' dir='ltr' id='par_1_66' title="bbox 2318 2864 3897 2940">
     <span class='ocr_line' id='line_1_66' title="bbox 2318 2864 3897 2940; baseline 0.006 -24"><span class='ocrx_word' id='word_1_469' title='bbox 2318 2864 2432 2935; x_wconf 85' lang='grc' dir='ltr'>κλῳ</span> <span class='ocrx_word' id='word_1_470' title='bbox 2468 2864 2604 2936; x_wconf 82' lang='grc' dir='ltr'>πρὸς</span> <span class='ocrx_word' id='word_1_471' title='bbox 2634 2865 2763 2928; x_wconf 76' lang='grc' dir='ltr'>τοὺς</span> <span class='ocrx_word' id='word_1_472' title='bbox 2794 2865 2898 2919; x_wconf 85' lang='grc' dir='ltr'><strong>ἀνὰ</strong></span> <span class='ocrx_word' id='word_1_473' title='bbox 2922 2866 3022 2936; x_wconf 85' lang='grc' dir='ltr'><strong>τὴν</strong></span> <span class='ocrx_word' id='word_1_474' title='bbox 3045 2866 3378 2939; x_wconf 83' lang='grc' dir='ltr'>οἰκουμένην</span> <span class='ocrx_word' id='word_1_475' title='bbox 3397 2869 3739 2940; x_wconf 82' lang='grc' dir='ltr'>ἀνθρώπους,</span> <span class='ocrx_word' id='word_1_476' title='bbox 3768 2872 3897 2934; x_wconf 79' lang='grc' dir='ltr'>τοὺς</span> 
     </span>
    </p>
   </div>
   <div class='ocr_carea' id='block_1_67' title="bbox 2317 2955 3895 3032">
    <p class='ocr_par' dir='ltr' id='par_1_67' title="bbox 2317 2955 3895 3032">
     <span class='ocr_line' id='line_1_67' title="bbox 2317 2955 3895 3032; baseline 0.004 -24"><span class='ocrx_word' id='word_1_477' title='bbox 2317 2956 2418 3024; x_wconf 84' lang='grc' dir='ltr'>τὴν</span> <span class='ocrx_word' id='word_1_478' title='bbox 2471 2956 2575 3026; x_wconf 83' lang='grc' dir='ltr'><strong>γῆν</strong></span> <span class='ocrx_word' id='word_1_479' title='bbox 2623 2955 2934 3021; x_wconf 79' lang='grc' dir='ltr'>πατοῦντας</span> <span class='ocrx_word' id='word_1_480' title='bbox 2974 2956 3080 3011; x_wconf 85' lang='grc' dir='ltr'><strong>ὑπὸ</strong></span> <span class='ocrx_word' id='word_1_481' title='bbox 3114 2958 3303 3013; x_wconf 81' lang='grc' dir='ltr'>τοῦτον</span> <span class='ocrx_word' id='word_1_482' title='bbox 3339 2960 3432 3013; x_wconf 85' lang='grc' dir='ltr'><strong>τὸν</strong></span> <span class='ocrx_word' id='word_1_483' title='bbox 3466 2960 3653 3032; x_wconf 77' lang='grc' dir='ltr'>ἥλιον·</span> <span class='ocrx_word' id='word_1_484' title='bbox 3703 2962 3737 3032; x_wconf 80' lang='grc' dir='ltr'>ὴ</span> <span class='ocrx_word' id='word_1_485' title='bbox 3783 2961 3895 3032; x_wconf 83' lang='grc' dir='ltr'><strong>γὰρ</strong></span> 
     </span>
    </p>
   </div>
   <div class='ocr_carea' id='block_1_68' title="bbox 2319 3046 3897 3123">
    <p class='ocr_par' dir='ltr' id='par_1_68' title="bbox 2319 3046 3897 3123">
     <span class='ocr_line' id='line_1_68' title="bbox 2319 3046 3897 3123; baseline 0.005 -25"><span class='ocrx_word' id='word_1_486' title='bbox 2319 3047 2659 3111; x_wconf 85' lang='grc' dir='ltr'>κατάστασις</span> <span class='ocrx_word' id='word_1_487' title='bbox 2713 3046 2822 3100; x_wconf 87' lang='grc' dir='ltr'><strong>τῶν</strong></span> <span class='ocrx_word' id='word_1_488' title='bbox 2868 3046 3086 3113; x_wconf 79' lang='grc' dir='ltr'>ζώντων</span> <span class='ocrx_word' id='word_1_489' title='bbox 3131 3050 3226 3103; x_wconf 77' lang='grc' dir='ltr'><strong>καὶ</strong></span> <span class='ocrx_word' id='word_1_490' title='bbox 3275 3050 3716 3122; x_wconf 80' lang='grc' dir='ltr'>πολιτευομένων</span> <span class='ocrx_word' id='word_1_491' title='bbox 3756 3053 3897 3123; x_wconf 85' lang='grc' dir='ltr'>ὑπὲρ</span> 
     </span>
    </p>
   </div>
   <div class='ocr_carea' id='block_1_69' title="bbox 2241 3137 3895 3226">
    <p class='ocr_par' dir='ltr' id='par_1_69' title="bbox 2241 3137 3895 3226">
     <span class='ocr_line' id='line_1_69' title="bbox 2241 3137 3895 3226; baseline 0.006 -36"><span class='ocrx_word' id='word_1_492' title='bbox 2241 3170 2284 3226; x_wconf 73' lang='lat' dir='ltr'><strong>C</strong></span> <span class='ocrx_word' id='word_1_493' title='bbox 2317 3137 2408 3191; x_wconf 80' lang='grc' dir='ltr'><strong>τὸν</strong></span> <span class='ocrx_word' id='word_1_494' title='bbox 2449 3138 2602 3209; x_wconf 78' lang='grc' dir='ltr'>ἥλιον</span> <span class='ocrx_word' id='word_1_495' title='bbox 2626 3139 2813 3194; x_wconf 81' lang='grc' dir='ltr'>τοῦτον</span> <span class='ocrx_word' id='word_1_496' title='bbox 2843 3141 3223 3214; x_wconf 87' lang='grc' dir='ltr'>ἀπαράδεκτός</span> <span class='ocrx_word' id='word_1_497' title='bbox 3257 3145 3375 3198; x_wconf 73' lang='grc' dir='ltr'>ἐστι</span> <span class='ocrx_word' id='word_1_498' title='bbox 3405 3145 3589 3217; x_wconf 82' lang='grc' dir='ltr'>πάσης</span> <span class='ocrx_word' id='word_1_499' title='bbox 3616 3163 3895 3216; x_wconf 74' lang='grc' dir='ltr'>συκοφαν-</span> 
     </span>
    </p>
   </div>
   <div class='ocr_carea' id='block_1_70' title="bbox 2318 3230 3897 3311">
    <p class='ocr_par' dir='ltr' id='par_1_70' title="bbox 2318 3230 3897 3311">
     <span class='ocr_line' id='line_1_70' title="bbox 2318 3230 3897 3311; baseline 0.007 -28"><span class='ocrx_word' id='word_1_500' title='bbox 2318 3230 2465 3297; x_wconf 86' lang='grc' dir='ltr'>τίας,</span> <span class='ocrx_word' id='word_1_501' title='bbox 2495 3232 2571 3297; x_wconf 87' lang='grc' dir='ltr'>ὼς</span> <span class='ocrx_word' id='word_1_502' title='bbox 2599 3232 2857 3304; x_wconf 84' lang='grc' dir='ltr'>ἀλήθειαν</span> <span class='ocrx_word' id='word_1_503' title='bbox 2892 3234 3171 3307; x_wconf 85' lang='grc' dir='ltr'>σταθηρὰν</span> <span class='ocrx_word' id='word_1_504' title='bbox 3201 3239 3293 3292; x_wconf 77' lang='grc' dir='ltr'>καὶ</span> <span class='ocrx_word' id='word_1_505' title='bbox 3320 3238 3670 3310; x_wconf 84' lang='grc' dir='ltr'>δικαιοσύνην</span> <span class='ocrx_word' id='word_1_506' title='bbox 3698 3240 3897 3311; x_wconf 77' lang='grc' dir='ltr'>ἔχουσα</span> 
     </span>
    </p>
   </div>
   <div class='ocr_carea' id='block_1_71' title="bbox 2315 3322 3897 3405">
    <p class='ocr_par' dir='ltr' id='par_1_71' title="bbox 2315 3322 3897 3405">
     <span class='ocr_line' id='line_1_71' title="bbox 2315 3322 3897 3405; baseline 0.008 -31"><span class='ocrx_word' id='word_1_507' title='bbox 2315 3322 2553 3393; x_wconf 84' lang='grc' dir='ltr'>παντελῆ</span> <span class='ocrx_word' id='word_1_508' title='bbox 2585 3328 2680 3379; x_wconf 77' lang='grc' dir='ltr'>καὶ</span> <span class='ocrx_word' id='word_1_509' title='bbox 2705 3325 2941 3381; x_wconf 84' lang='grc' dir='ltr'>τελείαν.</span> <span class='ocrx_word' id='word_1_510' title='bbox 2976 3328 3085 3381; x_wconf 76' lang='grc' dir='ltr'>Καὶ</span> <span class='ocrx_word' id='word_1_511' title='bbox 3115 3328 3302 3383; x_wconf 78' lang='grc' dir='ltr'>πολλοὶ</span> <span class='ocrx_word' id='word_1_512' title='bbox 3327 3330 3428 3401; x_wconf 83' lang='grc' dir='ltr'><strong>μὲν</strong></span> <span class='ocrx_word' id='word_1_513' title='bbox 3458 3332 3517 3385; x_wconf 77' lang='grc' dir='ltr'>ὲν</span> <span class='ocrx_word' id='word_1_514' title='bbox 3548 3334 3616 3402; x_wconf 75' lang='grc' dir='ltr'>τῇ</span> <span class='ocrx_word' id='word_1_515' title='bbox 3642 3331 3897 3405; x_wconf 76' lang='grc' dir='ltr'>παρούσῃ</span> 
     </span>
    </p>
   </div>
   <div class='ocr_carea' id='block_1_72' title="bbox 2315 3411 3893 3495">
    <p class='ocr_par' dir='ltr' id='par_1_72' title="bbox 2315 3411 3893 3495">
     <span class='ocr_line' id='line_1_72' title="bbox 2315 3411 3893 3495; baseline 0.008 -29"><span class='ocrx_word' id='word_1_516' title='bbox 2315 3411 2428 3486; x_wconf 79' lang='grc' dir='ltr'><strong>ζωῇ</strong></span> <span class='ocrx_word' id='word_1_517' title='bbox 2482 3414 2904 3482; x_wconf 79' lang='grc' dir='ltr'>κατολολύζουσι</span> <span class='ocrx_word' id='word_1_518' title='bbox 2949 3420 3043 3473; x_wconf 68' lang='grc' dir='ltr'><strong>καὶ</strong></span> <span class='ocrx_word' id='word_1_519' title='bbox 3092 3420 3581 3492; x_wconf 82' lang='grc' dir='ltr'>κατολοφύρονται,</span> <span class='ocrx_word' id='word_1_520' title='bbox 3633 3425 3703 3478; x_wconf 84' lang='grc' dir='ltr'><strong>τά</strong></span> <span class='ocrx_word' id='word_1_521' title='bbox 3750 3423 3893 3495; x_wconf 83' lang='grc' dir='ltr'>βάρη</span> 
     </span>
    </p>
   </div>
   <div class='ocr_carea' id='block_1_73' title="bbox 2313 3506 3897 3585">
    <p class='ocr_par' dir='ltr' id='par_1_73' title="bbox 2313 3506 3897 3585">
     <span class='ocr_line' id='line_1_73' title="bbox 2313 3506 3897 3585; baseline 0.008 -27"><span class='ocrx_word' id='word_1_522' title='bbox 2313 3506 2423 3559; x_wconf 88' lang='grc' dir='ltr'><strong>τῶν</strong></span> <span class='ocrx_word' id='word_1_523' title='bbox 2455 3510 2834 3578; x_wconf 84' lang='grc' dir='ltr'>συκοφαντιῶν</span> <span class='ocrx_word' id='word_1_524' title='bbox 2859 3513 3049 3582; x_wconf 81' lang='grc' dir='ltr'>φέρειν</span> <span class='ocrx_word' id='word_1_525' title='bbox 3078 3514 3180 3566; x_wconf 79' lang='grc' dir='ltr'>οὐκ</span> <span class='ocrx_word' id='word_1_526' title='bbox 3217 3512 3564 3585; x_wconf 63' lang='grc' dir='ltr'>ἐξισχυκότες</span> <span class='ocrx_word' id='word_1_527' title='bbox 3583 3531 3597 3546; x_wconf 71' lang='grc' dir='ltr'><strong>ο</strong></span> <span class='ocrx_word' id='word_1_528' title='bbox 3634 3516 3810 3575; x_wconf 79' lang='grc' dir='ltr'>οὐδεὶς</span> <span class='ocrx_word' id='word_1_529' title='bbox 3832 3518 3897 3571; x_wconf 67' lang='grc' dir='ltr'>δι</span> 
     </span>
    </p>
   </div>
   <div class='ocr_carea' id='block_1_74' title="bbox 2313 3598 3895 3678">
    <p class='ocr_par' dir='ltr' id='par_1_74' title="bbox 2313 3598 3895 3678">
     <span class='ocr_line' id='line_1_74' title="bbox 2313 3598 3895 3678; baseline 0.009 -28"><span class='ocrx_word' id='word_1_530' title='bbox 2313 3598 2376 3651; x_wconf 85' lang='grc' dir='ltr'><strong>τὸ</strong></span> <span class='ocrx_word' id='word_1_531' title='bbox 2424 3598 2645 3656; x_wconf 89' lang='grc' dir='ltr'>σύνολον</span> <span class='ocrx_word' id='word_1_532' title='bbox 2686 3600 2916 3673; x_wconf 82' lang='grc' dir='ltr'>εὓρηται</span> <span class='ocrx_word' id='word_1_533' title='bbox 2949 3604 3137 3675; x_wconf 83' lang='grc' dir='ltr'>σχεδὸν</span> <span class='ocrx_word' id='word_1_534' title='bbox 3175 3605 3203 3657; x_wconf 87' lang='grc' dir='ltr'><strong>ό</strong></span> <span class='ocrx_word' id='word_1_535' title='bbox 3229 3607 3329 3678; x_wconf 83' lang='grc' dir='ltr'><strong>τὴν</strong></span> <span class='ocrx_word' id='word_1_536' title='bbox 3360 3608 3481 3659; x_wconf 85' lang='grc' dir='ltr'>κατ’</span> <span class='ocrx_word' id='word_1_537' title='bbox 3512 3607 3668 3674; x_wconf 80' lang='grc' dir='ltr'>ἀξίαν</span> <span class='ocrx_word' id='word_1_538' title='bbox 3708 3610 3895 3673; x_wconf 77' lang='grc' dir='ltr'>αὐτοῖς</span> 
     </span>
    </p>
   </div>
   <div class='ocr_carea' id='block_1_75' title="bbox 2314 3692 3898 3772">
    <p class='ocr_par' dir='ltr' id='par_1_75' title="bbox 2314 3692 3898 3772">
     <span class='ocr_line' id='line_1_75' title="bbox 2314 3692 3898 3772; baseline 0.008 -30"><span class='ocrx_word' id='word_1_539' title='bbox 2314 3692 2687 3763; x_wconf 85' lang='grc' dir='ltr'>ἀντεισφέρων</span> <span class='ocrx_word' id='word_1_540' title='bbox 2721 3695 3092 3768; x_wconf 85' lang='grc' dir='ltr'>παράκλησιν,</span> <span class='ocrx_word' id='word_1_541' title='bbox 3128 3698 3222 3750; x_wconf 83' lang='grc' dir='ltr'><strong>καὶ</strong></span> <span class='ocrx_word' id='word_1_542' title='bbox 3260 3698 3350 3751; x_wconf 80' lang='grc' dir='ltr'><strong>τὸν</strong></span> <span class='ocrx_word' id='word_1_543' title='bbox 3381 3698 3523 3772; x_wconf 83' lang='grc' dir='ltr'>ὑπὲρ</span> <span class='ocrx_word' id='word_1_544' title='bbox 3554 3698 3737 3753; x_wconf 80' lang='grc' dir='ltr'>αὐτῶν</span> <span class='ocrx_word' id='word_1_545' title='bbox 3758 3702 3898 3754; x_wconf 83' lang='grc' dir='ltr'>ἀνα-</span> 
     </span>
    </p>
   </div>
   <div class='ocr_carea' id='block_1_76' title="bbox 2314 3780 3891 3864">
    <p class='ocr_par' dir='ltr' id='par_1_76' title="bbox 2314 3780 3891 3864">
     <span class='ocr_line' id='line_1_76' title="bbox 2314 3780 3891 3864; baseline 0.01 -31"><span class='ocrx_word' id='word_1_546' title='bbox 2314 3780 2608 3852; x_wconf 88' lang='grc' dir='ltr'>λαμϐάνων</span> <span class='ocrx_word' id='word_1_547' title='bbox 2650 3788 2868 3855; x_wconf 83' lang='grc' dir='ltr'>ἀγῶνα,</span> <span class='ocrx_word' id='word_1_548' title='bbox 2916 3791 3011 3842; x_wconf 81' lang='grc' dir='ltr'><strong>καὶ</strong></span> <span class='ocrx_word' id='word_1_549' title='bbox 3035 3791 3160 3853; x_wconf 79' lang='grc' dir='ltr'>τοὺς</span> <span class='ocrx_word' id='word_1_550' title='bbox 3189 3791 3530 3860; x_wconf 80' lang='grc' dir='ltr'>συκοφάντας</span> <span class='ocrx_word' id='word_1_551' title='bbox 3564 3794 3891 3864; x_wconf 79' lang='grc' dir='ltr'>ἐξελέγχων.</span> 
     </span>
    </p>
   </div>
   <div class='ocr_carea' id='block_1_77' title="bbox 634 3854 3896 3953">
    <p class='ocr_par' dir='ltr' id='par_1_77' title="bbox 634 3854 3896 3953">
     <span class='ocr_line' id='line_1_77' title="bbox 634 3854 3896 3953; baseline 0.006 -30"><span class='ocrx_word' id='word_1_552' title='bbox 634 3854 728 3907; x_wconf 63' lang='grc' dir='ltr'><strong>καὶ</strong></span> <span class='ocrx_word' id='word_1_553' title='bbox 758 3854 1349 3953; x_wconf 41' lang='grc' dir='ltr'><strong>δεικνΫς-συῒξοφέντᾳς</strong></span> <span class='ocrx_word' id='word_1_554' title='bbox 1382 3857 1667 3953; x_wconf 19' lang='grc' dir='ltr'><strong>ὼςλψξυδῆ</strong></span> <span class='ocrx_word' id='word_1_555' title='bbox 1701 3860 1797 3913; x_wconf 59' lang='grc' dir='ltr'><strong>καὶ</strong></span> <span class='ocrx_word' id='word_1_556' title='bbox 1830 3862 2035 3931; x_wconf 84' lang='grc' dir='ltr'>μάταια</span> <span class='ocrx_word' id='word_1_557' title='bbox 2059 3866 2200 3921; x_wconf 80' lang='grc' dir='ltr'>κατὰ</span> <span class='ocrx_word' id='word_1_558' title='bbox 2240 3873 2333 3926; x_wconf 78' lang='grc' dir='ltr'>τοῦ</span> <span class='ocrx_word' id='word_1_559' title='bbox 2395 3878 2623 3948; x_wconf 81' lang='grc' dir='ltr'>πλησίον</span> <span class='ocrx_word' id='word_1_560' title='bbox 2681 3881 3078 3953; x_wconf 87' lang='grc' dir='ltr'>θηρεύσαντας,</span> <span class='ocrx_word' id='word_1_561' title='bbox 3111 3854 3411 3939; x_wconf 75' lang='grc' dir='ltr'>κάντεῦθεν</span> <span class='ocrx_word' id='word_1_562' title='bbox 3446 3854 3896 3953; x_wconf 60' lang='grc' dir='ltr'>ἀκολούθωςάπδ</span> 
     </span>
    </p>
   </div>
   <div class='ocr_carea' id='block_1_78' title="bbox 633 3946 2742 4042">
    <p class='ocr_par' dir='ltr' id='par_1_78' title="bbox 633 3946 2742 4042">
     <span class='ocr_line' id='line_1_78' title="bbox 633 3946 2742 4042; baseline 0.013 -42"><span class='ocrx_word' id='word_1_563' title='bbox 633 3946 812 4020; x_wconf 77' lang='grc' dir='ltr'>χειρὸς</span> <span class='ocrx_word' id='word_1_564' title='bbox 864 3946 1046 4000; x_wconf 81' lang='grc' dir='ltr'>αὐτῶν</span> <span class='ocrx_word' id='word_1_565' title='bbox 1087 3950 1144 4001; x_wconf 83' lang='grc' dir='ltr'>ὲν</span> <span class='ocrx_word' id='word_1_566' title='bbox 1178 3948 1350 4019; x_wconf 85' lang='grc' dir='ltr'>ίσχύει</span> <span class='ocrx_word' id='word_1_567' title='bbox 1399 3950 1494 4003; x_wconf 79' lang='grc' dir='ltr'>καὶ</span> <span class='ocrx_word' id='word_1_568' title='bbox 1539 3951 1771 4021; x_wconf 86' lang='grc' dir='ltr'>δυνάμει</span> <span class='ocrx_word' id='word_1_569' title='bbox 1814 3952 1913 4021; x_wconf 81' lang='grc' dir='ltr'>τῆς</span> <span class='ocrx_word' id='word_1_570' title='bbox 1946 3954 2210 4025; x_wconf 81' lang='grc' dir='ltr'>ἀληθείας</span> <span class='ocrx_word' id='word_1_571' title='bbox 2246 3946 2742 4042; x_wconf 48' lang='grc' dir='ltr'>ἀπολυτρούμενοςξ</span> 
     </span>
    </p>
   </div>
   <div class='ocr_carea' id='block_1_79' title="bbox 701 4043 2219 4116">
    <p class='ocr_par' dir='ltr' id='par_1_79' title="bbox 701 4043 2219 4116">
     <span class='ocr_line' id='line_1_79' title="bbox 701 4043 2219 4116; baseline 0.007 -18"><span class='ocrx_word' id='word_1_572' title='bbox 701 4043 837 4098; x_wconf 89' lang='lat' dir='ltr'><strong>Cum</strong></span> <span class='ocrx_word' id='word_1_573' title='bbox 892 4043 1059 4114; x_wconf 79' lang='lat' dir='ltr'><strong>igitur</strong></span> <span class='ocrx_word' id='word_1_574' title='bbox 1108 4043 1164 4098; x_wconf 93' lang='lat' dir='ltr'><strong>in</strong></span> <span class='ocrx_word' id='word_1_575' title='bbox 1218 4044 1321 4100; x_wconf 88' lang='lat' dir='ltr'><strong>hac</strong></span> <span class='ocrx_word' id='word_1_576' title='bbox 1352 4047 1459 4099; x_wconf 93' lang='lat' dir='ltr'><strong>vita</strong></span> <span class='ocrx_word' id='word_1_577' title='bbox 1515 4048 1697 4102; x_wconf 90' lang='lat' dir='ltr'><strong>omnis</strong></span> <span class='ocrx_word' id='word_1_578' title='bbox 1733 4049 1950 4116; x_wconf 77' lang='lat' dir='ltr'><strong>generis</strong></span> <span class='ocrx_word' id='word_1_579' title='bbox 1996 4053 2126 4106; x_wconf 85' lang='lat' dir='ltr'><strong>vitia</strong></span> <span class='ocrx_word' id='word_1_580' title='bbox 2165 4064 2219 4109; x_wconf 85' lang='lat' dir='ltr'><strong>et</strong></span> 
     </span>
    </p>
   </div>
   <div class='ocr_carea' id='block_1_80' title="bbox 634 4138 2215 4211">
    <p class='ocr_par' dir='ltr' id='par_1_80' title="bbox 634 4138 2215 4211">
     <span class='ocr_line' id='line_1_80' title="bbox 634 4138 2215 4211; baseline 0.007 -21"><span class='ocrx_word' id='word_1_581' title='bbox 634 4138 917 4191; x_wconf 90' lang='lat' dir='ltr'><strong>maledicta</strong></span> <span class='ocrx_word' id='word_1_582' title='bbox 967 4146 1021 4192; x_wconf 87' lang='lat' dir='ltr'><strong>et</strong></span> <span class='ocrx_word' id='word_1_583' title='bbox 1072 4138 1356 4193; x_wconf 87' lang='lat' dir='ltr'><strong>mendacia</strong></span> <span class='ocrx_word' id='word_1_584' title='bbox 1407 4148 1518 4192; x_wconf 89' lang='lat' dir='ltr'><strong>tam</strong></span> <span class='ocrx_word' id='word_1_585' title='bbox 1556 4141 1710 4193; x_wconf 80' lang='lat' dir='ltr'><strong>varie</strong></span> <span class='ocrx_word' id='word_1_586' title='bbox 1754 4140 1975 4211; x_wconf 90' lang='lat' dir='ltr'><strong>lateque</strong></span> <span class='ocrx_word' id='word_1_587' title='bbox 2015 4145 2215 4201; x_wconf 77' lang='lat' dir='ltr'><strong>diiiusa</strong></span> 
     </span>
    </p>
   </div>
   <div class='ocr_carea' id='block_1_81' title="bbox 631 4227 2214 4307">
    <p class='ocr_par' dir='ltr' id='par_1_81' title="bbox 631 4227 2214 4307">
     <span class='ocr_line' id='line_1_81' title="bbox 631 4227 2214 4307; baseline 0.006 -25"><span class='ocrx_word' id='word_1_588' title='bbox 631 4229 742 4283; x_wconf 80' lang='lat' dir='ltr'><strong>sint</strong></span> <span class='ocrx_word' id='word_1_589' title='bbox 777 4247 789 4281; x_wconf 92' lang='lat'><strong>:</strong></span> <span class='ocrx_word' id='word_1_590' title='bbox 824 4227 976 4293; x_wconf 85' lang='lat' dir='ltr'><strong>Mihi,</strong></span> <span class='ocrx_word' id='word_1_591' title='bbox 1024 4228 1223 4298; x_wconf 86' lang='lat' dir='ltr'><strong>inquit,</strong></span> <span class='ocrx_word' id='word_1_592' title='bbox 1274 4229 1329 4283; x_wconf 90' lang='lat' dir='ltr'><strong>in</strong></span> <span class='ocrx_word' id='word_1_593' title='bbox 1386 4242 1623 4286; x_wconf 89' lang='lat' dir='ltr'><strong>mentem</strong></span> <span class='ocrx_word' id='word_1_594' title='bbox 1665 4234 1846 4298; x_wconf 81' lang='lat' dir='ltr'><strong>subit,</strong></span> <span class='ocrx_word' id='word_1_595' title='bbox 1887 4250 1981 4290; x_wconf 88' lang='lat' dir='ltr'><strong>eos</strong></span> <span class='ocrx_word' id='word_1_596' title='bbox 2029 4238 2214 4307; x_wconf 90' lang='lat' dir='ltr'><strong>potius</strong></span> 
     </span>
    </p>
   </div>
   <div class='ocr_carea' id='block_1_82' title="bbox 631 4319 2213 4390">
    <p class='ocr_par' dir='ltr' id='par_1_82' title="bbox 631 4319 2213 4390">
     <span class='ocr_line' id='line_1_82' title="bbox 631 4319 2213 4390; baseline 0.008 -18"><span class='ocrx_word' id='word_1_597' title='bbox 631 4319 1040 4382; x_wconf 86' lang='lat' dir='ltr'><strong>commendare,</strong></span> <span class='ocrx_word' id='word_1_598' title='bbox 1086 4322 1178 4390; x_wconf 91' lang='lat' dir='ltr'><strong>qui</strong></span> <span class='ocrx_word' id='word_1_599' title='bbox 1229 4321 1487 4377; x_wconf 83' lang='lat' dir='ltr'><strong>humanis</strong></span> <span class='ocrx_word' id='word_1_600' title='bbox 1519 4325 1679 4378; x_wconf 88' lang='lat' dir='ltr'><strong>rebus</strong></span> <span class='ocrx_word' id='word_1_601' title='bbox 1721 4326 1929 4381; x_wconf 86' lang='lat' dir='ltr'><strong>relictis</strong></span> <span class='ocrx_word' id='word_1_602' title='bbox 1959 4328 2213 4385; x_wconf 87' lang='lat' dir='ltr'><strong>decesse-</strong></span> 
     </span>
    </p>
   </div>
   <div class='ocr_carea' id='block_1_83' title="bbox 631 4414 2205 4489">
    <p class='ocr_par' dir='ltr' id='par_1_83' title="bbox 631 4414 2205 4489">
     <span class='ocr_line' id='line_1_83' title="bbox 631 4414 2205 4489; baseline 0.007 -25"><span class='ocrx_word' id='word_1_603' title='bbox 631 4419 784 4473; x_wconf 87' lang='lat' dir='ltr'><strong>runt,</strong></span> <span class='ocrx_word' id='word_1_604' title='bbox 822 4421 1078 4481; x_wconf 88' lang='lat' dir='ltr'><strong>tanquam</strong></span> <span class='ocrx_word' id='word_1_605' title='bbox 1116 4414 1241 4467; x_wconf 79' lang='lat' dir='ltr'><strong>vitae</strong></span> <span class='ocrx_word' id='word_1_606' title='bbox 1271 4415 1532 4482; x_wconf 88' lang='lat' dir='ltr'><strong>periculis</strong></span> <span class='ocrx_word' id='word_1_607' title='bbox 1561 4416 1872 4483; x_wconf 88' lang='lat' dir='ltr'><strong>defunctos,</strong></span> <span class='ocrx_word' id='word_1_608' title='bbox 1913 4432 1966 4474; x_wconf 87' lang='lat' dir='ltr'><strong>et</strong></span> <span class='ocrx_word' id='word_1_609' title='bbox 1998 4422 2205 4489; x_wconf 87' lang='lat' dir='ltr'><strong>peccati</strong></span> 
     </span>
    </p>
   </div>
   <div class='ocr_carea' id='block_1_84' title="bbox 629 4504 2206 4581">
    <p class='ocr_par' dir='ltr' id='par_1_84' title="bbox 629 4504 2206 4581">
     <span class='ocr_line' id='line_1_84' title="bbox 629 4504 2206 4581; baseline 0.008 -25"><span class='ocrx_word' id='word_1_610' title='bbox 629 4504 926 4568; x_wconf 89' lang='lat' dir='ltr'><strong>immunes,</strong></span> <span class='ocrx_word' id='word_1_611' title='bbox 959 4519 1121 4573; x_wconf 92' lang='lat' dir='ltr'><strong>quam</strong></span> <span class='ocrx_word' id='word_1_612' title='bbox 1154 4520 1251 4560; x_wconf 93' lang='lat' dir='ltr'><strong>eos</strong></span> <span class='ocrx_word' id='word_1_613' title='bbox 1279 4507 1374 4576; x_wconf 90' lang='lat' dir='ltr'><strong>qui</strong></span> <span class='ocrx_word' id='word_1_614' title='bbox 1420 4508 1721 4562; x_wconf 88' lang='lat' dir='ltr'><strong>etiamnum</strong></span> <span class='ocrx_word' id='word_1_615' title='bbox 1765 4518 2085 4581; x_wconf 80' lang='lat' dir='ltr'><strong>superstites</strong></span> <span class='ocrx_word' id='word_1_616' title='bbox 2126 4515 2206 4568; x_wconf 86' lang='lat' dir='ltr'><strong>vi-</strong></span> 
     </span>
    </p>
   </div>
   <div class='ocr_carea' id='block_1_85' title="bbox 631 4595 2206 4671">
    <p class='ocr_par' dir='ltr' id='par_1_85' title="bbox 631 4595 2206 4671">
     <span class='ocr_line' id='line_1_85' title="bbox 631 4595 2206 4671; baseline 0.009 -23"><span class='ocrx_word' id='word_1_617' title='bbox 631 4606 738 4648; x_wconf 86' lang='lat' dir='ltr'><strong>tam</strong></span> <span class='ocrx_word' id='word_1_618' title='bbox 770 4595 996 4661; x_wconf 91' lang='lat' dir='ltr'><strong>ducunt,</strong></span> <span class='ocrx_word' id='word_1_619' title='bbox 1025 4612 1091 4651; x_wconf 88' lang='lat' dir='ltr'><strong>ac</strong></span> <span class='ocrx_word' id='word_1_620' title='bbox 1114 4605 1195 4650; x_wconf 90' lang='lat' dir='ltr'><strong>tot</strong></span> <span class='ocrx_word' id='word_1_621' title='bbox 1223 4597 1476 4652; x_wconf 63' lang='lat' dir='ltr'><strong>humana:</strong></span> <span class='ocrx_word' id='word_1_622' title='bbox 1506 4602 1762 4670; x_wconf 78' lang='lat' dir='ltr'><strong>nequitia:</strong></span> <span class='ocrx_word' id='word_1_623' title='bbox 1786 4619 1984 4671; x_wconf 75' lang='lat' dir='ltr'><strong>genera</strong></span> <span class='ocrx_word' id='word_1_624' title='bbox 2020 4621 2206 4662; x_wconf 83' lang='lat' dir='ltr'><strong>neces-</strong></span> 
     </span>
    </p>
   </div>
   <div class='ocr_carea' id='block_1_86' title="bbox 630 4685 2206 4755">
    <p class='ocr_par' dir='ltr' id='par_1_86' title="bbox 630 4685 2206 4755">
     <span class='ocr_line' id='line_1_86' title="bbox 630 4685 2206 4755; baseline 0.008 -15"><span class='ocrx_word' id='word_1_625' title='bbox 630 4685 779 4740; x_wconf 88' lang='lat' dir='ltr'><strong>sario</strong></span> <span class='ocrx_word' id='word_1_626' title='bbox 799 4688 1147 4755; x_wconf 83' lang='lat' dir='ltr'><strong>participant.</strong></span> <span class='ocrx_word' id='word_1_627' title='bbox 1168 4685 1282 4742; x_wconf 80' lang='lat' dir='ltr'><strong>Hoc</strong></span> <span class='ocrx_word' id='word_1_628' title='bbox 1315 4690 1578 4744; x_wconf 87' lang='lat' dir='ltr'><strong>nimirum</strong></span> <span class='ocrx_word' id='word_1_629' title='bbox 1604 4691 1803 4747; x_wconf 82' lang='lat' dir='ltr'><strong>obvius</strong></span> <span class='ocrx_word' id='word_1_630' title='bbox 1820 4696 1981 4751; x_wconf 91' lang='lat' dir='ltr'><strong>nobis</strong></span> <span class='ocrx_word' id='word_1_631' title='bbox 2008 4711 2206 4753; x_wconf 86' lang='lat' dir='ltr'><strong>sensus</strong></span> 
     </span>
    </p>
   </div>
   <div class='ocr_carea' id='block_1_87' title="bbox 629 4778 1424 4847">
    <p class='ocr_par' dir='ltr' id='par_1_87' title="bbox 629 4778 1424 4847">
     <span class='ocr_line' id='line_1_87' title="bbox 629 4778 1424 4847; baseline 0.004 -18"><span class='ocrx_word' id='word_1_632' title='bbox 629 4785 689 4829; x_wconf 89' lang='lat' dir='ltr'><strong>ut</strong></span> <span class='ocrx_word' id='word_1_633' title='bbox 718 4778 1046 4845; x_wconf 84' lang='lat' dir='ltr'><strong>cogitemus,</strong></span> <span class='ocrx_word' id='word_1_634' title='bbox 1080 4779 1424 4847; x_wconf 84' lang='lat' dir='ltr'><strong>suppeditat.</strong></span> 
     </span>
    </p>
   </div>
   <div class='ocr_carea' id='block_1_88' title="bbox 697 4864 2205 4950">
    <p class='ocr_par' dir='ltr' id='par_1_88' title="bbox 697 4864 2205 4950">
     <span class='ocr_line' id='line_1_88' title="bbox 697 4864 2205 4950; baseline 0.011 -29"><span class='ocrx_word' id='word_1_635' title='bbox 697 4864 753 4921; x_wconf 89' lang='lat' dir='ltr'><strong>Si</strong></span> <span class='ocrx_word' id='word_1_636' title='bbox 785 4869 911 4938; x_wconf 90' lang='lat' dir='ltr'><strong>quis</strong></span> <span class='ocrx_word' id='word_1_637' title='bbox 945 4884 1074 4923; x_wconf 90' lang='lat' dir='ltr'><strong>vero</strong></span> <span class='ocrx_word' id='word_1_638' title='bbox 1109 4871 1335 4941; x_wconf 86' lang='lat' dir='ltr'><strong>mystice</strong></span> <span class='ocrx_word' id='word_1_639' title='bbox 1357 4872 1542 4941; x_wconf 91' lang='lat' dir='ltr'><strong>potius</strong></span> <span class='ocrx_word' id='word_1_640' title='bbox 1565 4884 1730 4944; x_wconf 86' lang='lat' dir='ltr'><strong>atque</strong></span> <span class='ocrx_word' id='word_1_641' title='bbox 1763 4890 1860 4946; x_wconf 90' lang='lat' dir='ltr'><strong>per</strong></span> <span class='ocrx_word' id='word_1_642' title='bbox 1890 4878 2205 4950; x_wconf 87' lang='lat' dir='ltr'><strong>allegoriam</strong></span> 
     </span>
    </p>
   </div>
   <div class='ocr_carea' id='block_1_89' title="bbox 2401 4066 3893 4155">
    <p class='ocr_par' dir='ltr' id='par_1_89' title="bbox 2401 4066 3893 4155">
     <span class='ocr_line' id='line_1_89' title="bbox 2401 4066 3893 4155; baseline 0.014 -36"><span class='ocrx_word' id='word_1_643' title='bbox 2401 4066 2616 4137; x_wconf 85' lang='grc' dir='ltr'>Ἀμέλει</span> <span class='ocrx_word' id='word_1_644' title='bbox 2646 4072 2825 4125; x_wconf 88' lang='grc' dir='ltr'>τοίνυν</span> <span class='ocrx_word' id='word_1_645' title='bbox 2857 4072 2945 4126; x_wconf 81' lang='grc' dir='ltr'>διὰ</span> <span class='ocrx_word' id='word_1_646' title='bbox 2974 4073 3073 4145; x_wconf 80' lang='grc' dir='ltr'><strong>τὴν</strong></span> <span class='ocrx_word' id='word_1_647' title='bbox 3121 4076 3500 4150; x_wconf 85' lang='grc' dir='ltr'>ὲκκεχυμένην</span> <span class='ocrx_word' id='word_1_648' title='bbox 3546 4081 3625 4153; x_wconf 85' lang='grc' dir='ltr'>τῷ</span> <span class='ocrx_word' id='word_1_649' title='bbox 3660 4086 3893 4155; x_wconf 84' lang='grc' dir='ltr'>παρόντι</span> 
     </span>
    </p>
   </div>
   <div class='ocr_carea' id='block_1_90' title="bbox 2316 4153 3895 4248">
    <p class='ocr_par' dir='ltr' id='par_1_90' title="bbox 2316 4153 3895 4248">
     <span class='ocr_line' id='line_1_90' title="bbox 2316 4153 3895 4248; baseline 0.015 -41"><span class='ocrx_word' id='word_1_650' title='bbox 2316 4153 2417 4225; x_wconf 86' lang='grc' dir='ltr'><strong>βίῳ</strong></span> <span class='ocrx_word' id='word_1_651' title='bbox 2443 4160 2759 4232; x_wconf 77' lang='grc' dir='ltr'>παντοδαπῇ</span> <span class='ocrx_word' id='word_1_652' title='bbox 2794 4163 2889 4216; x_wconf 75' lang='grc' dir='ltr'>καὶ</span> <span class='ocrx_word' id='word_1_653' title='bbox 2931 4164 3185 4238; x_wconf 85' lang='grc' dir='ltr'>ποικίλην</span> <span class='ocrx_word' id='word_1_654' title='bbox 3216 4172 3419 4222; x_wconf 88' lang='grc' dir='ltr'>κακίαν</span> <span class='ocrx_word' id='word_1_655' title='bbox 3456 4174 3549 4226; x_wconf 78' lang='grc' dir='ltr'><strong>καὶ</strong></span> <span class='ocrx_word' id='word_1_656' title='bbox 3590 4153 3895 4248; x_wconf 78' lang='grc' dir='ltr'>πονηρολο-</span> 
     </span>
    </p>
   </div>
   <div class='ocr_carea' id='block_1_91' title="bbox 2312 4248 3890 4337">
    <p class='ocr_par' dir='ltr' id='par_1_91' title="bbox 2312 4248 3890 4337">
     <span class='ocr_line' id='line_1_91' title="bbox 2312 4248 3890 4337; baseline 0.014 -36"><span class='ocrx_word' id='word_1_657' title='bbox 2312 4248 2438 4317; x_wconf 88' lang='grc' dir='ltr'>γίαν</span> <span class='ocrx_word' id='word_1_658' title='bbox 2468 4252 2562 4304; x_wconf 81' lang='grc' dir='ltr'>καὶ</span> <span class='ocrx_word' id='word_1_659' title='bbox 2597 4252 3143 4328; x_wconf 80' lang='grc' dir='ltr'>ψευδορῤημοσύνην,</span> <span class='ocrx_word' id='word_1_660' title='bbox 3191 4260 3373 4315; x_wconf 75' lang='grc' dir='ltr'>ἔπεισί</span> <span class='ocrx_word' id='word_1_661' title='bbox 3412 4282 3522 4334; x_wconf 88' lang='grc' dir='ltr'>μοι,</span> <span class='ocrx_word' id='word_1_662' title='bbox 3555 4268 3690 4337; x_wconf 68' lang='grc' dir='ltr'>φησι</span> <span class='ocrx_word' id='word_1_663' title='bbox 3714 4308 3730 4335; x_wconf 93' lang='grc'><strong>,</strong></span> <span class='ocrx_word' id='word_1_664' title='bbox 3758 4270 3890 4333; x_wconf 80' lang='grc' dir='ltr'>τοὺς</span> 
     </span>
    </p>
   </div>
   <div class='ocr_carea' id='block_1_92' title="bbox 2311 4343 3888 4427">
    <p class='ocr_par' dir='ltr' id='par_1_92' title="bbox 2311 4343 3888 4427">
     <span class='ocr_line' id='line_1_92' title="bbox 2311 4343 3888 4427; baseline 0.013 -34"><span class='ocrx_word' id='word_1_665' title='bbox 2311 4343 2711 4413; x_wconf 84' lang='grc' dir='ltr'>ἀποιχομένους</span> <span class='ocrx_word' id='word_1_666' title='bbox 2742 4348 2835 4399; x_wconf 78' lang='grc' dir='ltr'><strong>καὶ</strong></span> <span class='ocrx_word' id='word_1_667' title='bbox 2873 4351 3253 4417; x_wconf 82' lang='grc' dir='ltr'>μεταστάντας</span> <span class='ocrx_word' id='word_1_668' title='bbox 3286 4355 3531 4409; x_wconf 78' lang='grc' dir='ltr'>ἐπαινεῖν</span> <span class='ocrx_word' id='word_1_669' title='bbox 3564 4358 3786 4427; x_wconf 83' lang='grc' dir='ltr'>μᾶλλον,</span> <span class='ocrx_word' id='word_1_670' title='bbox 3807 4360 3888 4424; x_wconf 82' lang='grc' dir='ltr'><strong>ὡς</strong></span> 
     </span>
    </p>
   </div>
   <div class='ocr_carea' id='block_1_93' title="bbox 2238 4434 3885 4539">
    <p class='ocr_par' dir='ltr' id='par_1_93' title="bbox 2238 4434 3885 4539">
     <span class='ocr_line' id='line_1_93' title="bbox 2238 4434 3885 4539; baseline 0.012 -54"><span class='ocrx_word' id='word_1_671' title='bbox 2238 4482 2285 4539; x_wconf 70' lang='lat' dir='ltr'><strong>n</strong></span> <span class='ocrx_word' id='word_1_672' title='bbox 2310 4434 2729 4503; x_wconf 82' lang='grc' dir='ltr'>ἀπαλλαγέντας</span> <span class='ocrx_word' id='word_1_673' title='bbox 2764 4439 2872 4492; x_wconf 91' lang='grc' dir='ltr'><strong>τῶν</strong></span> <span class='ocrx_word' id='word_1_674' title='bbox 2907 4440 3178 4510; x_wconf 86' lang='grc' dir='ltr'>βιωτικῶν</span> <span class='ocrx_word' id='word_1_675' title='bbox 3212 4447 3583 4517; x_wconf 84' lang='grc' dir='ltr'>πειρατηρίων</span> <span class='ocrx_word' id='word_1_676' title='bbox 3606 4452 3701 4502; x_wconf 76' lang='grc' dir='ltr'><strong>καὶ</strong></span> <span class='ocrx_word' id='word_1_677' title='bbox 3724 4468 3885 4504; x_wconf 79' lang='grc' dir='ltr'>κακο·</span> 
     </span>
    </p>
   </div>
   <div class='ocr_carea' id='block_1_94' title="bbox 2312 4527 3885 4610">
    <p class='ocr_par' dir='ltr' id='par_1_94' title="bbox 2312 4527 3885 4610">
     <span class='ocr_line' id='line_1_94' title="bbox 2312 4527 3885 4610; baseline 0.013 -33"><span class='ocrx_word' id='word_1_678' title='bbox 2312 4527 2711 4597; x_wconf 80' lang='grc' dir='ltr'>πραγημάτων,</span> <span class='ocrx_word' id='word_1_679' title='bbox 2760 4529 2791 4600; x_wconf 85' lang='grc' dir='ltr'>ἢ</span> <span class='ocrx_word' id='word_1_680' title='bbox 2841 4534 2966 4597; x_wconf 74' lang='grc' dir='ltr'>τοὺς</span> <span class='ocrx_word' id='word_1_681' title='bbox 3011 4531 3221 4598; x_wconf 79' lang='grc' dir='ltr'>ζῶντας</span> <span class='ocrx_word' id='word_1_682' title='bbox 3272 4537 3367 4589; x_wconf 81' lang='grc' dir='ltr'>καὶ</span> <span class='ocrx_word' id='word_1_683' title='bbox 3416 4539 3577 4610; x_wconf 86' lang='grc' dir='ltr'>μέχρι</span> <span class='ocrx_word' id='word_1_684' title='bbox 3633 4541 3728 4595; x_wconf 84' lang='grc' dir='ltr'><strong>τοῦ</strong></span> <span class='ocrx_word' id='word_1_685' title='bbox 3786 4543 3885 4597; x_wconf 83' lang='grc' dir='ltr'>νῦν</span> 
     </span>
    </p>
   </div>
   <div class='ocr_carea' id='block_1_95' title="bbox 2305 4619 3882 4709">
    <p class='ocr_par' dir='ltr' id='par_1_95' title="bbox 2305 4619 3882 4709">
     <span class='ocr_line' id='line_1_95' title="bbox 2305 4619 3882 4709; baseline 0.015 -39"><span class='ocrx_word' id='word_1_686' title='bbox 2305 4619 2616 4687; x_wconf 86' lang='grc' dir='ltr'>περιόντας,</span> <span class='ocrx_word' id='word_1_687' title='bbox 2661 4623 2755 4675; x_wconf 77' lang='grc' dir='ltr'><strong>καὶ</strong></span> <span class='ocrx_word' id='word_1_688' title='bbox 2802 4623 2910 4677; x_wconf 85' lang='grc' dir='ltr'><strong>τῶν</strong></span> <span class='ocrx_word' id='word_1_689' title='bbox 2954 4627 3227 4681; x_wconf 85' lang='grc' dir='ltr'>τοσούτων</span> <span class='ocrx_word' id='word_1_690' title='bbox 3263 4629 3364 4697; x_wconf 84' lang='grc' dir='ltr'><strong>τῆς</strong></span> <span class='ocrx_word' id='word_1_691' title='bbox 3402 4632 3753 4709; x_wconf 81' lang='grc' dir='ltr'>ἀνθρωπίνης</span> <span class='ocrx_word' id='word_1_692' title='bbox 3780 4657 3882 4693; x_wconf 79' lang='grc' dir='ltr'>κα-</span> 
     </span>
    </p>
   </div>
   <div class='ocr_carea' id='block_1_96' title="bbox 2306 4710 3881 4797">
    <p class='ocr_par' dir='ltr' id='par_1_96' title="bbox 2306 4710 3881 4797">
     <span class='ocr_line' id='line_1_96' title="bbox 2306 4710 3881 4797; baseline 0.014 -34"><span class='ocrx_word' id='word_1_693' title='bbox 2306 4710 2429 4773; x_wconf 89' lang='grc' dir='ltr'>κίας</span> <span class='ocrx_word' id='word_1_694' title='bbox 2476 4713 2634 4767; x_wconf 78' lang='grc' dir='ltr'>εἰδῶν</span> <span class='ocrx_word' id='word_1_695' title='bbox 2668 4716 2727 4782; x_wconf 81' lang='grc' dir='ltr'>ἐξ</span> <span class='ocrx_word' id='word_1_696' title='bbox 2760 4716 3008 4789; x_wconf 85' lang='grc' dir='ltr'>ἀνάγκης</span> <span class='ocrx_word' id='word_1_697' title='bbox 3049 4720 3397 4790; x_wconf 88' lang='grc' dir='ltr'>μετέχοντας.</span> <span class='ocrx_word' id='word_1_698' title='bbox 3453 4726 3626 4780; x_wconf 81' lang='grc' dir='ltr'>Τοῦτο</span> <span class='ocrx_word' id='word_1_699' title='bbox 3659 4732 3759 4797; x_wconf 87' lang='grc' dir='ltr'>μὲν</span> <span class='ocrx_word' id='word_1_700' title='bbox 3785 4727 3881 4785; x_wconf 77' lang='grc' dir='ltr'>οὖν</span> 
     </span>
    </p>
   </div>
   <div class='ocr_carea' id='block_1_97' title="bbox 2303 4798 3307 4871">
    <p class='ocr_par' dir='ltr' id='par_1_97' title="bbox 2303 4798 3307 4871">
     <span class='ocr_line' id='line_1_97' title="bbox 2303 4798 3307 4871; baseline 0.013 -21"><span class='ocrx_word' id='word_1_701' title='bbox 2303 4798 2331 4849; x_wconf 90' lang='grc' dir='ltr'><strong>ό</strong></span> <span class='ocrx_word' id='word_1_702' title='bbox 2367 4800 2659 4871; x_wconf 82' lang='grc' dir='ltr'>πρόχειρος</span> <span class='ocrx_word' id='word_1_703' title='bbox 2686 4804 2810 4866; x_wconf 79' lang='grc' dir='ltr'>νοῦς</span> <span class='ocrx_word' id='word_1_704' title='bbox 2838 4806 3053 4861; x_wconf 84' lang='grc' dir='ltr'>δίδωσιν</span> <span class='ocrx_word' id='word_1_705' title='bbox 3087 4811 3307 4864; x_wconf 82' lang='grc' dir='ltr'>ἐννοεῖν.</span> 
     </span>
    </p>
   </div>
   <div class='ocr_carea' id='block_1_98' title="bbox 2366 4891 3878 4979">
    <p class='ocr_par' dir='ltr' id='par_1_98' title="bbox 2366 4891 3878 4979">
     <span class='ocr_line' id='line_1_98' title="bbox 2366 4891 3878 4979; baseline 0.013 -36"><span class='ocrx_word' id='word_1_706' title='bbox 2366 4891 2430 4943; x_wconf 89' lang='grc' dir='ltr'>Εί</span> <span class='ocrx_word' id='word_1_707' title='bbox 2460 4891 2518 4944; x_wconf 86' lang='grc' dir='ltr'><strong>δέ</strong></span> <span class='ocrx_word' id='word_1_708' title='bbox 2547 4909 2631 4957; x_wconf 88' lang='grc' dir='ltr'><strong>τις</strong></span> <span class='ocrx_word' id='word_1_709' title='bbox 2665 4895 3157 4966; x_wconf 82' lang='grc' dir='ltr'>ἁναγωγικώτερον</span> <span class='ocrx_word' id='word_1_710' title='bbox 3199 4904 3310 4965; x_wconf 81' lang='grc' dir='ltr'>τοῖς</span> <span class='ocrx_word' id='word_1_711' title='bbox 3352 4904 3534 4973; x_wconf 85' lang='grc' dir='ltr'>λόγοις</span> <span class='ocrx_word' id='word_1_712' title='bbox 3565 4907 3665 4977; x_wconf 79' lang='grc' dir='ltr'><strong>τῆς</strong></span> <span class='ocrx_word' id='word_1_713' title='bbox 3707 4909 3878 4979; x_wconf 82' lang='grc' dir='ltr'>άλλη-</span> 
     </span>
    </p>
   </div>
   <div class='ocr_carea' id='block_1_99' title="bbox 624 4961 2213 5065">
    <p class='ocr_par' dir='ltr' id='par_1_99' title="bbox 624 4961 2206 5043">
     <span class='ocr_line' id='line_1_99' title="bbox 624 4961 2206 5043; baseline 0.01 -30"><span class='ocrx_word' id='word_1_714' title='bbox 624 4961 937 5031; x_wconf 89' lang='lat' dir='ltr'><strong>accipienda</strong></span> <span class='ocrx_word' id='word_1_715' title='bbox 966 4962 1082 5017; x_wconf 62' lang='lat' dir='ltr'><strong>haec</strong></span> <span class='ocrx_word' id='word_1_716' title='bbox 1103 4974 1348 5030; x_wconf 89' lang='lat' dir='ltr'><strong>censeat,</strong></span> <span class='ocrx_word' id='word_1_717' title='bbox 1369 4966 1416 5018; x_wconf 90' lang='lat' dir='ltr'><strong>is</strong></span> <span class='ocrx_word' id='word_1_718' title='bbox 1438 4976 1684 5021; x_wconf 88' lang='lat' dir='ltr'><strong>mortuos</strong></span> <span class='ocrx_word' id='word_1_719' title='bbox 1714 4970 1961 5036; x_wconf 87' lang='lat' dir='ltr'><strong>profecto</strong></span> <span class='ocrx_word' id='word_1_720' title='bbox 1990 4974 2206 5043; x_wconf 85' lang='lat' dir='ltr'><strong>vitaque</strong></span> 
     </span>
    </p>
   </div>
   <div class='ocr_carea' id='block_1_100' title="bbox 2311 4961 3877 5065">
    <p class='ocr_par' dir='ltr' id='par_1_100' title="bbox 2311 4961 3877 5065">
     <span class='ocr_line' id='line_1_100' title="bbox 2311 4961 3877 5065; baseline 0.016 -35"><span class='ocrx_word' id='word_1_721' title='bbox 2311 4980 2487 5050; x_wconf 65' lang='lat' dir='ltr'><strong>rapta;</strong></span> <span class='ocrx_word' id='word_1_722' title='bbox 2519 4961 2876 5053; x_wconf 78' lang='grc' dir='ltr'>ὲξειληφέναι</span> <span class='ocrx_word' id='word_1_723' title='bbox 2895 4986 3021 5058; x_wconf 79' lang='grc' dir='ltr'>δόξῃ</span> <span class='ocrx_word' id='word_1_724' title='bbox 3056 4961 3118 5042; x_wconf 78' lang='grc' dir='ltr'><strong>τὸ</strong></span> <span class='ocrx_word' id='word_1_725' title='bbox 3152 4961 3465 5063; x_wconf 76' lang='grc' dir='ltr'>εἰρημένον,</span> <span class='ocrx_word' id='word_1_726' title='bbox 3503 4961 3877 5065; x_wconf 66' lang='grc' dir='ltr'>ἀποθανόντάς</span> 
     </span>
    </p>
   </div>
   <div class='ocr_carea' id='block_1_101' title="bbox 624 5053 2196 5135">
    <p class='ocr_par' dir='ltr' id='par_1_101' title="bbox 624 5053 2196 5135">
     <span class='ocr_line' id='line_1_101' title="bbox 624 5053 2196 5135; baseline 0.01 -29"><span class='ocrx_word' id='word_1_727' title='bbox 624 5060 878 5108; x_wconf 88' lang='lat' dir='ltr'><strong>carentes</strong></span> <span class='ocrx_word' id='word_1_728' title='bbox 925 5054 995 5107; x_wconf 88' lang='lat' dir='ltr'><strong>ab</strong></span> <span class='ocrx_word' id='word_1_729' title='bbox 1049 5053 1384 5111; x_wconf 84' lang='lat' dir='ltr'><strong>Ecclesiaste</strong></span> <span class='ocrx_word' id='word_1_730' title='bbox 1432 5059 1734 5127; x_wconf 91' lang='lat' dir='ltr'><strong>appellatos</strong></span> <span class='ocrx_word' id='word_1_731' title='bbox 1767 5065 2062 5132; x_wconf 89' lang='lat' dir='ltr'><strong>putaverit,</strong></span> <span class='ocrx_word' id='word_1_732' title='bbox 2104 5068 2196 5135; x_wconf 92' lang='lat' dir='ltr'><strong>qui</strong></span> 
     </span>
    </p>
   </div>
   <div class='ocr_carea' id='block_1_102' title="bbox 624 5145 2195 5219">
    <p class='ocr_par' dir='ltr' id='par_1_102' title="bbox 624 5145 2195 5219">
     <span class='ocr_line' id='line_1_102' title="bbox 624 5145 2195 5219; baseline 0.011 -24"><span class='ocrx_word' id='word_1_733' title='bbox 624 5145 832 5197; x_wconf 91' lang='lat' dir='ltr'><strong>mundo</strong></span> <span class='ocrx_word' id='word_1_734' title='bbox 863 5152 917 5199; x_wconf 89' lang='lat' dir='ltr'><strong>et</strong></span> <span class='ocrx_word' id='word_1_735' title='bbox 943 5146 1131 5199; x_wconf 87' lang='lat' dir='ltr'><strong>mundi</strong></span> <span class='ocrx_word' id='word_1_736' title='bbox 1164 5145 1586 5205; x_wconf 87' lang='lat' dir='ltr'><strong>oblectamentis</strong></span> <span class='ocrx_word' id='word_1_737' title='bbox 1633 5164 1699 5204; x_wconf 89' lang='lat' dir='ltr'><strong>ac</strong></span> <span class='ocrx_word' id='word_1_738' title='bbox 1745 5152 1961 5219; x_wconf 86' lang='lat' dir='ltr'><strong>probris</strong></span> <span class='ocrx_word' id='word_1_739' title='bbox 1993 5159 2195 5213; x_wconf 91' lang='lat' dir='ltr'><strong>mortui</strong></span> 
     </span>
    </p>
   </div>
   <div class='ocr_carea' id='block_1_103' title="bbox 692 5278 2203 5358">
    <p class='ocr_par' dir='ltr' id='par_1_103' title="bbox 692 5278 2203 5358">
     <span class='ocr_line' id='line_1_103' title="bbox 692 5278 2203 5358; baseline 0.009 -26"><span class='ocrx_word' id='word_1_740' title='bbox 692 5278 1000 5358; x_wconf 50' lang='lat' dir='ltr'><strong>(64)nApud</strong></span> <span class='ocrx_word' id='word_1_741' title='bbox 1026 5279 1188 5358; x_wconf 60' lang='grc' dir='ltr'><strong>ιχξς,</strong></span> <span class='ocrx_word' id='word_1_742' title='bbox 1220 5282 1330 5358; x_wconf 71' lang='grc' dir='ltr'>Καὶ</span> <span class='ocrx_word' id='word_1_743' title='bbox 1358 5283 1468 5358; x_wconf 74' lang='grc' dir='ltr'>ἰδοὺ</span> <span class='ocrx_word' id='word_1_744' title='bbox 1494 5282 1800 5358; x_wconf 72' lang='grc' dir='ltr'>δάκρυον...</span> <span class='ocrx_word' id='word_1_745' title='bbox 1818 5286 1884 5340; x_wconf 83' lang='grc' dir='ltr'>Ει</span> <span class='ocrx_word' id='word_1_746' title='bbox 1917 5286 2083 5355; x_wconf 82' lang='lat' dir='ltr'><strong>infra,</strong></span> <span class='ocrx_word' id='word_1_747' title='bbox 2109 5294 2203 5358; x_wconf 87' lang='grc' dir='ltr'>Ὃς</span> 
     </span>
    </p>
   </div>
   <div class='ocr_carea' id='block_1_104' title="bbox 619 5348 2204 5426">
    <p class='ocr_par' dir='ltr' id='par_1_104' title="bbox 619 5348 2204 5426">
     <span class='ocr_line' id='line_1_104' title="bbox 619 5348 2204 5426; baseline 0.008 -23"><span class='ocrx_word' id='word_1_748' title='bbox 619 5350 721 5426; x_wconf 79' lang='grc' dir='ltr'>οὐκ</span> <span class='ocrx_word' id='word_1_749' title='bbox 769 5348 1032 5426; x_wconf 42' lang='grc' dir='ltr'>εξδείσυν</span> <span class='ocrx_word' id='word_1_750' title='bbox 1080 5355 1197 5426; x_wconf 30' lang='grc' dir='ltr'>πᾶν,</span> <span class='ocrx_word' id='word_1_751' title='bbox 1236 5348 1632 5426; x_wconf 15' lang='grc' dir='ltr'>τδᾷποίημαῼ.</span> <span class='ocrx_word' id='word_1_752' title='bbox 1691 5353 1905 5426; x_wconf 88' lang='lat' dir='ltr'><strong>Olymp.</strong></span> <span class='ocrx_word' id='word_1_753' title='bbox 1956 5348 2204 5416; x_wconf 63' lang='grc' dir='ltr'>Καὶίὲπί</span> 
     </span>
    </p>
   </div>
   <div class='ocr_carea' id='block_1_105' title="bbox 620 5419 2199 5504">
    <p class='ocr_par' dir='ltr' id='par_1_105' title="bbox 620 5419 2199 5504">
     <span class='ocr_line' id='line_1_105' title="bbox 620 5419 2199 5504; baseline 0.01 -33"><span class='ocrx_word' id='word_1_754' title='bbox 620 5419 1087 5504; x_wconf 41' lang='grc' dir='ltr'>έστρεψαβγῶη</span> <span class='ocrx_word' id='word_1_755' title='bbox 1114 5423 1210 5475; x_wconf 78' lang='grc' dir='ltr'>καὶ</span> <span class='ocrx_word' id='word_1_756' title='bbox 1261 5421 1401 5504; x_wconf 59' lang='grc' dir='ltr'>είδον</span> <span class='ocrx_word' id='word_1_757' title='bbox 1453 5419 1550 5504; x_wconf 66' lang='grc' dir='ltr'><strong>σὺν</strong></span> <span class='ocrx_word' id='word_1_758' title='bbox 1603 5425 1702 5489; x_wconf 83' lang='grc' dir='ltr'>τὰς</span> <span class='ocrx_word' id='word_1_759' title='bbox 1753 5419 2199 5504; x_wconf 53' lang='grc' dir='ltr'>ῥυκοςραντίας...</span> 
     </span>
    </p>
   </div>
   <div class='ocr_carea' id='block_1_106' title="bbox 2308 5071 3875 5165">
    <p class='ocr_par' dir='ltr' id='par_1_106' title="bbox 2308 5071 3875 5165">
     <span class='ocr_line' id='line_1_106' title="bbox 2308 5071 3875 5165; baseline 0.017 -44"><span class='ocrx_word' id='word_1_760' title='bbox 2308 5071 2409 5165; x_wconf 83' lang='grc' dir='ltr'><strong>μὲν</strong></span> <span class='ocrx_word' id='word_1_761' title='bbox 2489 5074 2584 5126; x_wconf 80' lang='grc' dir='ltr'>καὶ</span> <span class='ocrx_word' id='word_1_762' title='bbox 2638 5075 2972 5147; x_wconf 87' lang='grc' dir='ltr'>τεθνηκότας</span> <span class='ocrx_word' id='word_1_763' title='bbox 3026 5082 3234 5155; x_wconf 86' lang='grc' dir='ltr'>οἰηθείη</span> <span class='ocrx_word' id='word_1_764' title='bbox 3288 5087 3383 5141; x_wconf 74' lang='grc' dir='ltr'>τὸν</span> <span class='ocrx_word' id='word_1_765' title='bbox 3444 5090 3875 5165; x_wconf 76' lang='grc' dir='ltr'>Ἐκκλησιαστὴν</span> 
     </span>
    </p>
   </div>
   <div class='ocr_carea' id='block_1_107' title="bbox 2303 5163 3872 5252">
    <p class='ocr_par' dir='ltr' id='par_1_107' title="bbox 2303 5163 3872 5252">
     <span class='ocr_line' id='line_1_107' title="bbox 2303 5163 3872 5252; baseline 0.017 -38"><span class='ocrx_word' id='word_1_766' title='bbox 2303 5163 2589 5233; x_wconf 81' lang='grc' dir='ltr'>ὀνομάζειν</span> <span class='ocrx_word' id='word_1_767' title='bbox 2613 5168 2739 5233; x_wconf 80' lang='grc' dir='ltr'>τοὺς</span> <span class='ocrx_word' id='word_1_768' title='bbox 2770 5173 3150 5243; x_wconf 86' lang='grc' dir='ltr'>νεκρωθέντας</span> <span class='ocrx_word' id='word_1_769' title='bbox 3174 5176 3254 5247; x_wconf 84' lang='grc' dir='ltr'>τῷ</span> <span class='ocrx_word' id='word_1_770' title='bbox 3286 5178 3476 5252; x_wconf 62' lang='grc' dir='ltr'>κόσμῳ</span> <span class='ocrx_word' id='word_1_771' title='bbox 3507 5184 3602 5236; x_wconf 80' lang='grc' dir='ltr'><strong>καὶ</strong></span> <span class='ocrx_word' id='word_1_772' title='bbox 3629 5187 3748 5249; x_wconf 81' lang='grc' dir='ltr'>ταῖς</span> <span class='ocrx_word' id='word_1_773' title='bbox 3778 5163 3872 5240; x_wconf 71' lang='grc' dir='ltr'>τοῦ</span> 
     </span>
    </p>
   </div>
   <div class='ocr_carea' id='block_1_108' title="bbox 2303 5300 3875 5390">
    <p class='ocr_par' dir='ltr' id='par_1_108' title="bbox 2303 5300 3875 5390">
     <span class='ocr_line' id='line_1_108' title="bbox 2303 5300 3875 5390; baseline 0.015 -38"><span class='ocrx_word' id='word_1_774' title='bbox 2303 5300 2627 5390; x_wconf 36' lang='lat' dir='ltr'><strong>alia‘eorum.</strong></span> <span class='ocrx_word' id='word_1_775' title='bbox 2663 5315 2968 5390; x_wconf 69' lang='lat' dir='ltr'><strong>temporum</strong></span> <span class='ocrx_word' id='word_1_776' title='bbox 2996 5310 3151 5390; x_wconf 69' lang='lat' dir='ltr'><strong>nulla</strong></span> <span class='ocrx_word' id='word_1_777' title='bbox 3192 5321 3305 5366; x_wconf 89' lang='lat' dir='ltr'><strong>tum</strong></span> <span class='ocrx_word' id='word_1_778' title='bbox 3337 5326 3585 5390; x_wconf 76' lang='lat' dir='ltr'><strong>erataut</strong></span> <span class='ocrx_word' id='word_1_779' title='bbox 3611 5334 3735 5374; x_wconf 90' lang='lat' dir='ltr'><strong>esse</strong></span> <span class='ocrx_word' id='word_1_780' title='bbox 3778 5337 3875 5390; x_wconf 88' lang='lat' dir='ltr'><strong>po—</strong></span> 
     </span>
    </p>
   </div>
   <div class='ocr_carea' id='block_1_109' title="bbox 2304 5377 3876 5460">
    <p class='ocr_par' dir='ltr' id='par_1_109' title="bbox 2304 5377 3876 5460">
     <span class='ocr_line' id='line_1_109' title="bbox 2304 5377 3876 5460; baseline 0.015 -37"><span class='ocrx_word' id='word_1_781' title='bbox 2304 5380 2446 5460; x_wconf 64' lang='lat' dir='ltr'><strong>terat</strong></span> <span class='ocrx_word' id='word_1_782' title='bbox 2483 5377 2635 5445; x_wconf 87' lang='lat' dir='ltr'><strong>omni</strong></span> <span class='ocrx_word' id='word_1_783' title='bbox 2667 5377 2956 5460; x_wconf 53' lang='lat' dir='ltr'><strong>fraudum,</strong></span> <span class='ocrx_word' id='word_1_784' title='bbox 2990 5380 3337 5460; x_wconf 74' lang='lat' dir='ltr'><strong>insidiarum,</strong></span> <span class='ocrx_word' id='word_1_785' title='bbox 3374 5387 3636 5443; x_wconf 63' lang='lat' dir='ltr'><strong>scelerum</strong></span> <span class='ocrx_word' id='word_1_786' title='bbox 3679 5377 3876 5460; x_wconf 76' lang='lat' dir='ltr'><strong>genere</strong></span> 
     </span>
    </p>
   </div>
   <div class='ocr_carea' id='block_1_110' title="bbox 2303 5443 3871 5524">
    <p class='ocr_par' dir='ltr' id='par_1_110' title="bbox 2303 5443 3871 5524">
     <span class='ocr_line' id='line_1_110' title="bbox 2303 5443 3871 5524; baseline 0.014 -30"><span class='ocrx_word' id='word_1_787' title='bbox 2303 5443 2515 5523; x_wconf 81' lang='lat' dir='ltr'><strong>plenior</strong></span> <span class='ocrx_word' id='word_1_788' title='bbox 2544 5462 2556 5496; x_wconf 90' lang='lat'><strong>:</strong></span> <span class='ocrx_word' id='word_1_789' title='bbox 2590 5461 2749 5524; x_wconf 80' lang='lat' dir='ltr'><strong>quam</strong></span> <span class='ocrx_word' id='word_1_790' title='bbox 2777 5443 3022 5524; x_wconf 67' lang='lat' dir='ltr'><strong>Gregorii</strong></span> <span class='ocrx_word' id='word_1_791' title='bbox 3053 5454 3222 5506; x_wconf 86' lang='lat' dir='ltr'><strong>nostri</strong></span> <span class='ocrx_word' id='word_1_792' title='bbox 3262 5443 3519 5523; x_wconf 68' lang='lat' dir='ltr'><strong>provecta</strong></span> <span class='ocrx_word' id='word_1_793' title='bbox 3551 5443 3871 5524; x_wconf 56' lang='lat' dir='ltr'><strong>atate,</strong></span> 
     </span>
    </p>
   </div>
   <div class='ocr_carea' id='block_1_111' title="bbox 623 5491 2213 5598">
    <p class='ocr_par' dir='ltr' id='par_1_111' title="bbox 623 5491 2202 5598">
     <span class='ocr_line' id='line_1_111' title="bbox 623 5491 2202 5598; baseline 0.011 -57"><span class='ocrx_word' id='word_1_794' title='bbox 623 5491 799 5598; x_wconf 41' lang='grc' dir='ltr'>ἑσχὺος,</span> <span class='ocrx_word' id='word_1_795' title='bbox 817 5491 910 5544; x_wconf 76' lang='grc' dir='ltr'><strong>καὶ</strong></span> <span class='ocrx_word' id='word_1_796' title='bbox 936 5493 1036 5545; x_wconf 85' lang='grc' dir='ltr'>οὐκ</span> <span class='ocrx_word' id='word_1_797' title='bbox 1063 5491 1210 5547; x_wconf 77' lang='grc' dir='ltr'>ἐστιν</span> <span class='ocrx_word' id='word_1_798' title='bbox 1239 5494 1439 5558; x_wconf 80' lang='grc' dir='ltr'>αὐτοὺς</span> <span class='ocrx_word' id='word_1_799' title='bbox 1468 5497 1496 5547; x_wconf 89' lang='grc' dir='ltr'>ὁ</span> <span class='ocrx_word' id='word_1_800' title='bbox 1524 5491 1937 5565; x_wconf 46' lang='grc' dir='ltr'>παρακαλῶνᾸ.</span> <span class='ocrx_word' id='word_1_801' title='bbox 1969 5499 2026 5565; x_wconf 83' lang='grc' dir='ltr'>ὃς</span> <span class='ocrx_word' id='word_1_802' title='bbox 2049 5491 2202 5558; x_wconf 74' lang='grc' dir='ltr'>οὔπω</span> 
     </span>
     <span class='ocr_line' id='line_1_112' title="bbox 652 5575 837 5598; baseline 0 0"><span class='ocrx_word' id='word_1_803' title='bbox 652 5575 686 5598; x_wconf 71' lang='lat' dir='ltr'><strong>V</strong></span> <span class='ocrx_word' id='word_1_804' title='bbox 719 5578 837 5598; x_wconf 55' lang='grc' dir='ltr'><strong>λιι-ῬΛ</strong></span> 
     </span>
    </p>
   </div>
   <div class='ocr_carea' id='block_1_112' title="bbox 2311 5491 3871 5598">
    <p class='ocr_par' dir='ltr' id='par_1_112' title="bbox 2311 5491 3871 5598">
     <span class='ocr_line' id='line_1_113' title="bbox 2311 5491 3871 5524; baseline 0.016 -33"><span class='ocrx_word' id='word_1_805' title='bbox 2311 5491 2504 5523; x_wconf 30' lang='lat' dir='ltr'><strong>riu&quot;:</strong></span> <span class='ocrx_word' id='word_1_806' title='bbox 2544 5491 2556 5496; x_wconf 88' lang='lat'><strong>-</strong></span> <span class='ocrx_word' id='word_1_807' title='bbox 2592 5491 2749 5514; x_wconf 48' lang='lat'><strong>1-.....</strong></span> <span class='ocrx_word' id='word_1_808' title='bbox 2783 5491 3022 5518; x_wconf 52' lang='grc' dir='ltr'><strong>ναῦν...</strong></span> <span class='ocrx_word' id='word_1_809' title='bbox 3053 5491 3222 5506; x_wconf 59' lang='lat' dir='ltr'><strong>uno...</strong></span> <span class='ocrx_word' id='word_1_810' title='bbox 3262 5491 3519 5523; x_wconf 66' lang='grc' dir='ltr'><strong>γιννιυα</strong></span> <span class='ocrx_word' id='word_1_811' title='bbox 3551 5491 3726 5524; x_wconf 62' lang='lat' dir='ltr'><strong>autc,</strong></span> <span class='ocrx_word' id='word_1_812' title='bbox 3747 5491 3871 5517; x_wconf 71' lang='lat' dir='ltr'><strong>CUI&quot;</strong></span> 
     </span>
     <span class='ocr_line' id='line_1_114' title="bbox 2311 5516 3871 5598; baseline 0.014 -34"><span class='ocrx_word' id='word_1_813' title='bbox 2311 5528 2410 5580; x_wconf 64' lang='lat' dir='ltr'><strong>1am</strong></span> <span class='ocrx_word' id='word_1_814' title='bbox 2448 5529 2566 5568; x_wconf 86' lang='lat' dir='ltr'><strong>sme</strong></span> <span class='ocrx_word' id='word_1_815' title='bbox 2602 5516 2852 5598; x_wconf 62' lang='lat' dir='ltr'><strong>prrieulo</strong></span> <span class='ocrx_word' id='word_1_816' title='bbox 2903 5520 3015 5598; x_wconf 48' lang='grc' dir='ltr'><strong>πίοι-ἰ</strong></span> <span class='ocrx_word' id='word_1_817' title='bbox 3063 5534 3286 5598; x_wconf 72' lang='lat' dir='ltr'><strong>posset,</strong></span> <span class='ocrx_word' id='word_1_818' title='bbox 3327 5529 3527 5598; x_wconf 80' lang='lat' dir='ltr'><strong>passim</strong></span> <span class='ocrx_word' id='word_1_819' title='bbox 3582 5531 3871 5598; x_wconf 86' lang='lat' dir='ltr'><strong>perlectam</strong></span> 
     </span>
    </p>
   </div>
   <div class='ocr_carea' id='block_1_113' title="bbox 620 5560 2202 5707">
    <p class='ocr_par' dir='ltr' id='par_1_113' title="bbox 620 5560 2202 5707">
     <span class='ocr_line' id='line_1_115' title="bbox 620 5560 2202 5707; baseline 0.009 -24"><span class='ocrx_word' id='word_1_820' title='bbox 1007 5632 1112 5707; x_wconf 77' lang='lat' dir='ltr'><strong>hoc</strong></span> <span class='ocrx_word' id='word_1_821' title='bbox 1152 5633 1275 5689; x_wconf 92' lang='lat' dir='ltr'><strong>loco</strong></span> <span class='ocrx_word' id='word_1_822' title='bbox 1303 5631 1500 5707; x_wconf 80' lang='lat' dir='ltr'><strong>Noster</strong></span> <span class='ocrx_word' id='word_1_823' title='bbox 1537 5633 1789 5707; x_wconf 67' lang='lat' dir='ltr'><strong>Procopii</strong></span> <span class='ocrx_word' id='word_1_824' title='bbox 1820 5638 2112 5696; x_wconf 84' lang='grc' dir='ltr'>Ἀνέκδοτα</span> <span class='ocrx_word' id='word_1_825' title='bbox 2149 5644 2202 5698; x_wconf 92' lang='lat' dir='ltr'><strong>in</strong></span> 
     </span>
    </p>
   </div>
   <div class='ocr_carea' id='block_1_114' title="bbox 657 5700 2186 5775">
    <p class='ocr_par' dir='ltr' id='par_1_114' title="bbox 657 5700 2186 5775">
     <span class='ocr_line' id='line_1_116' title="bbox 657 5700 2186 5775; baseline 0.012 -25"><span class='ocrx_word' id='word_1_826' title='bbox 657 5700 811 5756; x_wconf 86' lang='lat' dir='ltr'><strong>rimis</strong></span> <span class='ocrx_word' id='word_1_827' title='bbox 834 5703 1114 5775; x_wconf 76' lang='lat' dir='ltr'><strong>designat?</strong></span> <span class='ocrx_word' id='word_1_828' title='bbox 1157 5720 1319 5775; x_wconf 89' lang='lat' dir='ltr'><strong>quem</strong></span> <span class='ocrx_word' id='word_1_829' title='bbox 1344 5705 1545 5759; x_wconf 87' lang='lat' dir='ltr'><strong>librum</strong></span> <span class='ocrx_word' id='word_1_830' title='bbox 1568 5700 1824 5762; x_wconf 73' lang='lat' dir='ltr'><strong>Nicotaus</strong></span> <span class='ocrx_word' id='word_1_831' title='bbox 1849 5708 2186 5769; x_wconf 82' lang='lat' dir='ltr'><strong>Alemannus</strong></span> 
     </span>
    </p>
   </div>
   <div class='ocr_carea' id='block_1_115' title="bbox 663 5772 2188 5851">
    <p class='ocr_par' dir='ltr' id='par_1_115' title="bbox 663 5772 2188 5851">
     <span class='ocr_line' id='line_1_117' title="bbox 663 5772 2188 5851; baseline 0.011 -28"><span class='ocrx_word' id='word_1_832' title='bbox 663 5772 867 5843; x_wconf 87' lang='lat' dir='ltr'><strong>rocopii</strong></span> <span class='ocrx_word' id='word_1_833' title='bbox 916 5774 1142 5830; x_wconf 86' lang='lat' dir='ltr'><strong>omnino</strong></span> <span class='ocrx_word' id='word_1_834' title='bbox 1174 5772 1307 5831; x_wconf 74' lang='lat' dir='ltr'><strong>esse</strong></span> <span class='ocrx_word' id='word_1_835' title='bbox 1341 5775 1638 5830; x_wconf 88' lang='lat' dir='ltr'><strong>contendit.</strong></span> <span class='ocrx_word' id='word_1_836' title='bbox 1674 5776 1909 5834; x_wconf 86' lang='lat' dir='ltr'><strong>Historia</strong></span> <span class='ocrx_word' id='word_1_837' title='bbox 1946 5782 2188 5851; x_wconf 82' lang='lat' dir='ltr'><strong>profecto</strong></span> 
     </span>
    </p>
   </div>
   <div class='ocr_carea' id='block_1_116' title="bbox 2302 5587 3869 5671">
    <p class='ocr_par' dir='ltr' id='par_1_116' title="bbox 2302 5587 3869 5671">
     <span class='ocr_line' id='line_1_118' title="bbox 2302 5587 3869 5671; baseline 0.013 -36"><span class='ocrx_word' id='word_1_838' title='bbox 2302 5598 2446 5671; x_wconf 72' lang='lat' dir='ltr'><strong>esse,</strong></span> <span class='ocrx_word' id='word_1_839' title='bbox 2487 5587 2744 5671; x_wconf 44' lang='lat' dir='ltr'><strong>credibile</strong></span> <span class='ocrx_word' id='word_1_840' title='bbox 2772 5596 2875 5671; x_wconf 80' lang='lat' dir='ltr'><strong>est.</strong></span> <span class='ocrx_word' id='word_1_841' title='bbox 2908 5587 3147 5671; x_wconf 64' lang='lat' dir='ltr'><strong>Decessit</strong></span> <span class='ocrx_word' id='word_1_842' title='bbox 3177 5587 3694 5671; x_wconf 59' lang='lat' dir='ltr'><strong>enianustiniahus</strong></span> <span class='ocrx_word' id='word_1_843' title='bbox 3732 5603 3869 5671; x_wconf 65' lang='lat' dir='ltr'><strong>Aug.</strong></span> 
     </span>
    </p>
   </div>
   <div class='ocr_carea' id='block_1_117' title="bbox 2303 5654 3873 5740">
    <p class='ocr_par' dir='ltr' id='par_1_117' title="bbox 2303 5654 3873 5740">
     <span class='ocr_line' id='line_1_119' title="bbox 2303 5654 3873 5740; baseline 0.015 -35"><span class='ocrx_word' id='word_1_844' title='bbox 2303 5666 2449 5740; x_wconf 72' lang='lat' dir='ltr'><strong>anno</strong></span> <span class='ocrx_word' id='word_1_845' title='bbox 2487 5654 2609 5740; x_wconf 70' lang='grc' dir='ltr'><strong>Βθῦ,</strong></span> <span class='ocrx_word' id='word_1_846' title='bbox 2643 5672 2753 5726; x_wconf 85' lang='lat' dir='ltr'><strong>quo</strong></span> <span class='ocrx_word' id='word_1_847' title='bbox 2786 5666 3031 5729; x_wconf 78' lang='lat' dir='ltr'><strong>tempore</strong></span> <span class='ocrx_word' id='word_1_848' title='bbox 3054 5662 3348 5733; x_wconf 79' lang='lat' dir='ltr'><strong>Gregorius</strong></span> <span class='ocrx_word' id='word_1_849' title='bbox 3388 5679 3575 5725; x_wconf 83' lang='lat' dir='ltr'><strong>uoster</strong></span> <span class='ocrx_word' id='word_1_850' title='bbox 3598 5685 3733 5740; x_wconf 92' lang='lat' dir='ltr'><strong>puer</strong></span> <span class='ocrx_word' id='word_1_851' title='bbox 3753 5654 3873 5727; x_wconf 56' lang='lat' dir='ltr'><strong>erat</strong></span> 
     </span>
    </p>
   </div>
   <div class='ocr_carea' id='block_1_118' title="bbox 2293 5726 2587 5791">
    <p class='ocr_par' dir='ltr' id='par_1_118' title="bbox 2293 5726 2587 5791">
     <span class='ocr_line' id='line_1_120' title="bbox 2293 5726 2587 5791; baseline 0.007 -14"><span class='ocrx_word' id='word_1_852' title='bbox 2293 5726 2587 5791; x_wconf 80' lang='lat' dir='ltr'><strong>scptennis.</strong></span> 
     </span>
    </p>
   </div>
  </div>
