4172 6520
315 392 414 459 901
1398 391 1477 451 IN
1508 384 2088 451 ECCLESIAS’I’EN.
2126 410 2195 419 —
2218 384 2372 455 LIB.
2400 381 2517 444 ΙῙῙ.
3260 428 3263 431 .
3470 377 3577 442 902

319 512 527 581 κόσμου
576 505 910 579 τερπνότησι
955 506 1051 558 καὶ
1097 503 1350 568 κακίαις·
1397 504 1581 569 καθώς
1629 522 1762 575 φησι
1801 504 1899 557 καὶ

2014 508 2168 565 sunt;
2198 494 2665 569 quemadmodum
2697 506 2753 551 et
2800 494 3003 561 Paulus
3041 507 3274 564 magnus
3301 494 3580 564 apostolus

320 601 533 666 Παῦλος
559 603 586 655 ό
623 600 797 670 μέγας
832 597 1163 661 ἀπόστολος·
1217 617 1235 649 ι
1264 598 1511 668 Νεκροὺς
1541 598 1641 669 μὲν
1667 593 1807 651 εἶναι
1830 600 1897 669 τῇ

2014 591 2116 645 ait:
2143 609 2161 642 ι
2186 590 2432 646 Mortuus
2460 589 2684 660 quidem
2710 603 2835 643 esse
2866 595 3093 657 peccato
3110 587 3153 618 ἰ
3177 602 3193 653 ;
3222 604 3240 637 ι
3270 594 3325 641 et
3350 586 3576 642 iterum:

321 694 600 765 ἁμαρτίᾳ·
642 710 660 743 ι
700 694 794 745 καὶ
839 690 1041 755 πάλιν,
1094 710 1113 742 ι
1173 691 1386 755 Οἴτινες
1443 691 1897 763 ἀπεθάνομεντῇ

2014 702 2027 736 ι
2060 681 2392 753 Quicunque
2432 681 2636 737 mortui
2678 697 2870 737 sumus
2916 688 3143 750 peccato
3162 681 3242 746 ";
3281 698 3301 733 ι
3353 695 3417 736 ac
3453 696 3581 735 rur-

324 788 571 858 ἁμαρτίᾳ
592 803 607 816 ο
641 804 661 837 ι
694 785 791 838 καὶ
819 784 1004 846 πάλιν,
1025 804 1043 835 ι
1066 785 1223 856 Ἐμοὶ
1247 783 1304 837 δὲ
1339 785 1414 855 μὴ
1450 786 1659 852 γένοιτο
1684 786 1898 855 καυχᾶ-

325 878 469 943 σθαι,
511 880 558 930 εί
589 878 661 947 μὴ
691 879 748 929 ὲν
780 876 859 945 τῷ
896 876 1116 946 σταυρῷ
1152 876 1249 929 τοῦ
1282 877 1550 946 Χριστοῦ,
1580 878 1649 931 δι’
1675 873 1736 933 οὗ
1777 878 1901 948 ἐμοὶ

323 972 524 1041 κόσμος
569 968 911 1039 ἐσταύρωται
940 1009 956 1034 ,
988 969 1144 1036 κάγὼ
1181 968 1259 1039 τῷ
1305 969 1516 1040 κόσμῳ.
1549 989 1568 1020 ι
1618 972 1757 1034 Τοὺς
1791 970 1900 1042 γὰρ

322 1062 594 1123 τοιούτους
626 1062 810 1133 πάσης
841 1062 1037 1126 κακίας
1073 1064 1215 1131 σφᾶς
1257 1063 1454 1126 αὐτοὺς
1501 1062 1901 1132 ἁλλοτριώσανν

324 1172 442 1219 τας,
469 1156 570 1225 ὅση
598 1154 851 1225 δύναμις,
882 1156 977 1209 καὶ
1003 1157 1102 1225 τῆς
1124 1155 1475 1227 ἀνθρωπίνης
1505 1156 1901 1226 πολυπραγμο-

327 1244 490 1317 σύνης
526 1246 620 1299 καὶ
651 1246 861 1319 τύρδης
888 1247 986 1301 καὶ
1016 1248 1123 1301 τῶν
1156 1248 1434 1319 σαρκικῶν
1479 1248 1684 1319 ἡδονῶν
1713 1250 1773 1302 τὸ
1804 1250 1902 1319 τῆς

325 1337 506 1407 ψυχῆς
549 1337 882 1407 ἡγεμονικὸν
930 1337 1355 1407 ύπεράραντας,
1410 1337 1504 1390 καὶ
1544 1336 1754 1407 νεκρῶν
1808 1336 1904 1389 καὶ

327 1430 670 1499 τεθνηκότων
698 1431 853 1483 οὐδὲν
881 1430 1210 1493 ἀπεοικότας
1230 1472 1245 1497 ,
1277 1430 1392 1483 ἀλλ’
1427 1430 1503 1493 ὡς
1536 1432 1609 1500 μὴ
1645 1430 1902 1500 μετέχον-

328 1540 425 1586 τας
454 1522 554 1592 τῆς
576 1522 925 1594 ἀνθρωπίνης
955 1522 1103 1591 ζωῆς
1138 1564 1153 1589 ,
1194 1524 1253 1575 τὸ
1283 1523 1340 1576 δὲ
1366 1523 1670 1591 πολίτευμα
1702 1521 1906 1592 μᾶλλον

330 1616 555 1686 ἔχοντας
602 1615 661 1668 ὲν
704 1618 815 1677 τοίς
849 1614 1101 1685 οὐρανοῖς
1127 1657 1142 1680 ,
1174 1615 1269 1668 καὶ
1300 1614 1368 1667 τὰ
1397 1615 1510 1669 ἄνω
1536 1613 1866 1685 φρονοῦντας
1886 1652 1901 1676 ο

329 1706 399 1760 τὰ
430 1708 544 1761 ἄνω
573 1706 892 1779 ζητοῦντας,
938 1708 1033 1761 καὶ¹
1062 1706 1331 1776 μηδαμῶς
1354 1708 1492 1777 πρὸς
1536 1705 1635 1777 τὴν
1679 1706 1785 1775 γῆν
1811 1723 1906 1759 κε-

339 1799 575 1869 χηνότας
606 1800 871 1869 ἐπῄνεσεν
892 1801 919 1851 ὁ
949 1799 1107 1867 σοφὸς
1146 1798 1578 1869 Ἐκκλησιαστὴς
1607 1799 1750 1866 ὑπὲρ
1779 1798 1906 1860 τοὺς

333 1854 1189 1962 ἓῶντας’τὴνηφιλαμαρτη-μονα
1238 1854 1771 1962 xa‘t.7:oi.u<,c"p6v1t6|a
1810 1854 1905 1943 καί
1941 1854 1982 1911 Β

332 1985 705 2057 πλυτὰραχον
730 1986 936 2056 ταύτην
970 1985 1137 2056 ζωήν.
1172 1989 1381 2057 Ἐφησε
1412 1988 1490 2051 δὲ,
1521 2008 1539 2039 ι
1564 1989 1675 2039 Καὶ
1702 1986 1907 2054 ἀγαθὸς

331 2078 473 2149 ὑπὲρ
516 2080 645 2143 τοὺς
677 2078 772 2131 δύο
804 2083 1024 2144 τούτους
1069 2081 1222 2144 ὅστις
1262 2079 1418 2134 οὔπω
1442 2080 1677 2147 ἐγένετο,
1708 2080 1766 2143 ὃς
1806 2080 1908 2132 οὐκ

332 2168 441 2225 εἶδε
486 2173 585 2225 σὺν
612 2172 674 2225 τὸ
708 2172 921 2242 ποίημα
949 2172 1013 2225 τὸ
1044 2172 1281 2243 πονηρὸν
1302 2174 1364 2225 τὸ
1398 2172 1770 2241 πεποιημένον
1800 2171 1909 2225 ὑπὸ

332 2262 424 2315 τὸν
465 2261 644 2332 ἥλιον,
676 2281 696 2313 ι
731 2262 851 2332 οὐχὶ
889 2261 981 2315 τὸν
1025 2263 1292 2334 μηδαμῶς
1321 2264 1401 2324 είς
1430 2261 1647 2330 γένεσιν
1686 2263 1910 2315 ἐλθόντα

337 2354 519 2408 καλῶν
555 2354 784 2421 ἀγαθὸν,
816 2354 954 2408 ἀλλὰ
985 2355 1078 2408 τὸν
1106 2358 1170 2409 ὲκ
1199 2356 1435 2426 βρέφους
1475 2356 1787 2423 πεφευγότα
1814 2354 1908 2408 τοῦ

341 2447 456 2517 βίου
482 2447 544 2501 τὸ
571 2448 819 2518 μάταιον,
864 2450 961 2501 καὶ
1004 2448 1299 2519 διαδράντα
1325 2450 1423 2513 τὰς
1464 2450 1574 2502 τῶν
1605 2447 1910 2519 ἀνθρώπων

338 2542 723 2610 κακοπραγίας
752 2542 846 2596 καὶ
873 2559 1008 2611 πονη
1020 2541 1339 2612 ροπραξίας,
1367 2542 1443 2604 ὡς
1479 2540 1731 2594 ἐντεῦθεν
1768 2543 1909 2595 κατὰ

336 2633 401 2687 τὸ
425 2632 721 2686 ἀκόλουθον
748 2633 806 2685 ὲν
834 2636 954 2695 ταῖς
977 2636 1207 2704 ἐρήμοις
1236 2633 1328 2685 καὶ
1350 2636 1470 2695 ταῖς
1501 2633 1666 2694 ὀπαῖς
1682 2632 1781 2702 τῆς
1808 2632 1911 2701 γῆς

336 2723 436 2794 τὴν
486 2723 763 2795 διαγωγὴν
798 2726 894 2778 καὶ
936 2725 1037 2794 τὴν
1082 2725 1369 2795 διατρισὴν
1409 2724 1779 2793 ποιησάμενον
1818 2725 1915 2777 καὶ

338 2816 441 2886 τὴν
471 2816 779 2887 κάθειρξινο
802 2818 937 2886 μηδὲ
967 2818 1204 2872 κατιδεῖν
1226 2820 1284 2872 τὸ
1310 2818 1531 2871 σύνολον
1556 2817 1656 2879 τὰς
1687 2817 1793 2870 ὑπὸ
1820 2816 1912 2869 τὸν

338 2907 488 2977 ἣλιον
524 2908 674 2978 παρὰ
699 2908 808 2961 τῶν
841 2908 1148 2979 ἀνθρώπων
1176 2909 1476 2979 γενομένας
1509 2907 1910 2978 κακοπραγίας,

336 3000 526 3063 ἃς-καὶ
556 3001 767 3069 ποίημα
802 3000 1037 3070 πονηρὸν
1071 3001 1505 3073 προσηγόρευσε.

407 3090 627 3163 Ταύτην
672 3091 730 3144 δὲ
756 3092 857 3162 τὴν
889 3092 1119 3161 ἐκδοχὴν
1152 3093 1383 3162 ὲμπεδοῖ
1428 3093 1521 3144 καὶ
1560 3094 1589 3145 ό
1618 3092 1916 3163 Σύμμαχος

2002 790 2169 831 sum:
2210 794 2227 826 ι
2267 774 2400 829 Mihi
2450 783 2634 829 autem
2674 775 2837 829 absit
2872 774 3128 842 gloriari,
3182 773 3290 829 nisi
3326 774 3378 828 in
3418 789 3583 829 cruce

2003 866 2236 934 Christi,
2265 884 2363 938 per
2390 883 2552 937 quem
2590 868 2727 921 mihi
2759 868 3000 921 mundus
3028 867 3332 923 cruciﬁxus
3364 878 3489 934 est,
3529 876 3585 921 et

2000 974 2103 1030 ego
2134 960 2338 1013 mundo
2367 956 2502 1030 (66).
2542 976 2561 1011 ι
2600 957 2861 1013 Homines
2893 961 3038 1014 enim
3096 958 3416 1028 hujusmodi
3438 998 3454 1023 ,
3488 959 3583 1029 qui

2004 1050 2355 1119 semetipsos,
2408 1058 2676 1119 quantum
2718 1051 2798 1105 fas
2841 1049 2984 1113 fuit,
3025 1050 3093 1104 ab
3147 1051 3297 1105 omni
3338 1050 3585 1121 nequitia

2007 1152 2173 1213 atque
2207 1142 2276 1197 ab
2306 1142 2441 1212 ipsis
2471 1142 2813 1211 negotiorum
2848 1142 2997 1196 curis
3035 1150 3089 1195 et
3132 1141 3366 1196 tumultu
3416 1142 3587 1197 absti-

2008 1242 2266 1301 nuerunt,
2318 1242 2371 1288 et
2419 1232 2670 1304 corporis
2720 1232 3094 1302 voluptatibus
3129 1233 3314 1286 animo
3365 1232 3587 1306 imperi-

2009 1336 2227 1391 tantes,
2267 1336 2621 1381 mortuorum
2666 1326 2841 1381 instar
2897 1334 3063 1395 atque
3106 1324 3333 1378 humani
3391 1339 3589 1381 sensus

2007 1434 2178 1489 prope
2200 1430 2471 1489 expertes,
2502 1420 2553 1473 in
2578 1418 2735 1474 caelis
2766 1417 3175 1488 quodammodo
3206 1418 3407 1471 versati
3434 1427 3584 1480 sunt,

2009 1526 2247 1580 superna
2281 1513 2630 1571 meditantes.
2672 1526 2907 1580 superna
2944 1517 3275 1580 quaerentes,
3317 1524 3383 1565 ac
3417 1519 3589 1565 terre-

2010 1603 2209 1657 strium
2246 1618 2505 1658 curarum
2538 1604 2697 1673 plane
2720 1603 2874 1657 vacui
2899 1621 2922 1667 ς.
2945 1604 3067 1667 hos,
3103 1604 3348 1673 inquam,
3369 1604 3589 1673 sapiens

2011 1693 2372 1748 Ecclesiastes
2408 1709 2519 1763 pra:
2560 1694 2669 1749 illis
2698 1691 2975 1759 laudavit,
3005 1695 3099 1765 qui
3128 1696 3291 1749 vitam
3328 1695 3470 1749 hanc
3507 1695 3588 1749 vi-

2012 1794 2148 1836 vunt
2204 1783 2408 1852 peccati
2454 1783 2711 1848 avidam,
2766 1795 2821 1838 et
2875 1800 3134 1839 curarum
3176 1786 3590 1857 turbarumque

2011 1873 2409 1942 plenissimam.
2443 1876 2656 1946 Adjecit
2696 1891 2826 1929 vero
2859 1887 2874 1927 :
2922 1896 2941 1927 ι
2976 1877 3042 1931 Ει
3072 1876 3251 1932 bonus
3283 1892 3448 1946 super
3489 1877 3589 1931 hos

2011 1966 2191 2032 binos,
2224 1967 2319 2037 qui
2358 1968 2604 2021 nondum
2639 1966 2817 2024 factus
2864 1978 2970 2034 est,
3001 1970 3093 2039 qui
3128 1986 3234 2023 non
3265 1970 3398 2024 vidit
3426 1985 3590 2025 omne

2010 2073 2149 2129 opus
2178 2060 2404 2121 malum,
2437 2062 2579 2130 quod
2610 2060 2816 2116 factum
2840 2072 2925 2116 est
2952 2062 3055 2116 sub
3084 2063 3221 2124 sole.
3246 2081 3265 2114 ι
3304 2079 3412 2117 non
3439 2078 3585 2125 eum,

2010 2153 2105 2223 qui
2138 2154 2366 2209 minime
2396 2153 2453 2208 in
2486 2155 2665 2209 lucem
2702 2155 2845 2208 hanc
2884 2153 3117 2217 venerit,
3167 2154 3371 2209 bonum
3404 2154 3592 2224 appel-

2011 2244 2152 2309 lans,
2185 2247 2279 2301 sed
2316 2245 2493 2311 illum,
2527 2245 2674 2315 quia
2712 2246 2945 2314 pueritia
2971 2246 3268 2300 vanitatem
3292 2245 3585 2315 defugerit.

2013 2345 2068 2389 et
2095 2335 2225 2389 vitia
2258 2336 2543 2392 hominum
2576 2353 2640 2392 ac
2682 2336 2822 2391 facta
2873 2337 3122 2407 improba
3151 2337 3409 2391 evitarit:
3443 2337 3590 2391 velut

2012 2428 2105 2496 qui
2147 2438 2438 2498 propterea
2487 2430 2758 2485 desertam
2808 2430 2864 2483 in
2914 2430 3267 2485 solitudinem
3317 2438 3482 2499 atque
3532 2430 3585 2481 in

2012 2519 2279 2572 montium
2347 2519 2587 2576 latebras
2646 2519 2954 2574 habitatum
3008 2516 3222 2575 mature
3276 2519 3588 2583 concessit,

2012 2609 2199 2678 ibique
2229 2610 2476 2667 inclusus
2504 2611 2714 2666 nullum
2750 2612 3019 2666 malorum
3048 2612 3266 2667 illorum
3298 2611 3451 2674 vidit,
3471 2626 3593 2680 quae

2013 2702 2118 2755 sub
2140 2702 2253 2758 sole
2282 2702 2351 2757 ab
2382 2704 2701 2758 hominibus
2721 2703 2883 2774 108
2898 2704 3063 2769 fiunt;
3089 2719 3211 2773 quae
3237 2718 3432 2773 nempe
3451 2717 3592 2773 opus

2014 2794 2221 2849 malum
2263 2795 2618 2865 nuncupavit.

2087 3085 2242 3140 Hanc
2273 3101 2404 3140 vero
2430 3084 2938 3154 interpretationem
2982 3084 3345 3155 Symmachus
3373 3102 3592 3156 quoque

338 3183 538 3237 εἰπών’
601 3201 622 3236 ο
662 3186 757 3248 ’ος
782 3184 884 3237 οὐκ
914 3180 1022 3237 εἶδε
1062 3184 1135 3238 τὰ
1158 3185 1296 3256 ἔργα
1325 3184 1396 3237 τὰ
1425 3186 1572 3238 κακὰ
1594 3186 1662 3237 τὰ
1688 3202 1913 3254 πεποιη-

2018 3177 2309 3233 conﬁrmat
2336 3216 2351 3241 ,
2386 3177 2659 3232 sententia
2692 3177 2772 3232 sic
2807 3178 3017 3232 reddita
3049 3196 3062 3231 :
3101 3196 3133 3229 ιη
3163 3178 3264 3244 Qui
3309 3193 3415 3233 non
3458 3180 3593 3235 vidit

343 3276 482 3346 μένα
513 3275 619 3329 ὑπὸ
649 3275 740 3329 τὸν
770 3276 943 3346 ἣλιον.
979 3295 999 3328 ι
1042 3275 1305 3347 Ἐπῄνεσε
1333 3276 1512 3329 τοίνυν
1551 3277 1677 3339 τοὺς
1708 3276 1909 3329 θεασα-

345 3368 542 3437 μένους
569 3367 668 3438 τὴν
699 3369 953 3438 ποικίλην
982 3368 1077 3422 τοῦ
1107 3369 1227 3438 βίου
1260 3369 1575 3439 φαυλότητα
1612 3369 1707 3422 καὶ
1751 3385 1917 3438 πονη-

343 3461 667 3531 ροπραξίαν,
695 3456 814 3515 εἶτα
843 3461 1166 3533 διαδράντας
1186 3462 1284 3526 τὰς
1314 3462 1491 3534 ἄρκυς
1517 3462 1621 3531 τῆς
1641 3461 1917 3530 κοσμικῆς

346 3554 731 3624 ματαιότητος,
758 3557 851 3609 καὶ
876 3551 1039 3609 παντὶ
1065 3554 1142 3624 τῷ
1172 3556 1363 3625 κόσμῳ
1392 3555 1606 3625 χαίρειν
1640 3555 1915 3617 εἰπόντας,

346 3648 439 3699 καὶ
460 3647 883 3718 σταυρώσαντας
915 3650 1165 3710 ἑαυτοὺς,
1192 3648 1286 3701 καὶ
1317 3652 1383 3719 τῇ
1413 3648 1659 3721 ἁμαρτίᾳ
1691 3648 1918 3717 νεκροὺς

346 3739 776 3806 ἁποφανθὲντας.
836 3741 1008 3811 ’Υπὲρ
1067 3741 1127 3793 δὲ
1176 3743 1399 3805 τούτους
1423 3782 1438 3804 ,
1488 3744 1583 3795 καὶ
1629 3741 1812 3812 πολλῷ
1859 3741 1916 3795 δὲ

351 3829 552 3899 μᾶλλον
584 3832 709 3894 τοὺς
754 3834 813 3885 ἐν
856 3836 923 3904 τῇ
967 3836 1207 3903 κοσμικῇ
1242 3832 1419 3905 τύρδῃ
1454 3836 1548 3887 καὶ
1594 3836 1918 3905 ματαιότητι

348 3921 651 3987 διαζῶντας
668 3922 956 3993 ὠνόμασεν
986 3924 1190 3993 ἀγαθὸν
1216 3926 1308 3979 τὸν
1332 3926 1466 3996 μηδὲ
1497 3928 1921 3998 συγχωρηθέντα

347 4012 448 4075 τὰς
477 4011 828 4084 ἀνθρωπίνας
862 4015 1224 4083 συκοφαντίας
1272 4016 1363 4068 καὶ
1403 4018 1501 4079 τὰς
1541 4016 1706 4077 ἄλλας
1750 4035 1921 4073 κακο-

348 4101 591 4170 πραγίας
638 4100 776 4165 ὅλως
826 4101 991 4155 ἰδεῖν
1035 4102 1151 4156 ἀλλ’
1186 4102 1244 4169 ἐξ
1294 4104 1479 4174 ἀκμῆς
1528 4105 1621 4157 καὶ
1664 4104 1919 4175 παιδικῆς

423 4278 462 4309 ⁸¹
497 4276 656 4333 hom.
684 4293 754 4343 vi,
795 4276 884 4330 12.
974 4275 1025 4307 ⁸¹
1069 4275 1203 4332 ibid.
1235 4278 1291 4333 2.

2016 3283 2182 3337 opera
2222 3268 2388 3332 mala,
2417 3282 2539 3337 qua:
2572 3267 2714 3321 facta
2751 3276 2881 3323 sunt
2907 3267 3009 3322 sub
3033 3269 3149 3321 sole
3179 3266 3311 3336 (67).
3351 3285 3372 3319 ι
3402 3270 3593 3337 Itaque

2014 3377 2112 3418 eos
2141 3362 2407 3425 laudavit,
2442 3360 2538 3431 qui
2575 3362 2726 3415 varia
2762 3361 2885 3415 vita)
2930 3360 3280 3430 improbitate
3306 3370 3361 3415 et
3385 3360 3593 3415 crebris

2018 3456 2303 3511 hominum
2330 3455 2616 3511 maleﬁciis
2647 3455 3030 3521 consideratis,
3063 3454 3358 3510 mundana:
3384 3454 3595 3509 vanita-

2016 3549 2086 3607 tis
2131 3550 2269 3605 retia
2320 3550 2558 3605 subinde
2606 3549 2942 3619 ell‘ugerunt,
2977 3556 3031 3602 et
3077 3547 3305 3614 mundo,
3352 3556 3592 3616 quantus

2015 3651 2118 3708 est,
2158 3643 2342 3698 valere
2372 3644 2569 3713 jusso,
2613 3656 2672 3697 se
2705 3641 2855 3711 ipsos
2895 3639 3237 3703 cruciﬁxere,
3279 3640 3594 3709 mundoque

2017 3735 2223 3788 mortui
2260 3733 2365 3788 visi
2399 3742 2550 3788 sunt.
2585 3731 2762 3801 Super
2792 3732 2895 3785 hos
2929 3744 3077 3794 vero,
3105 3729 3389 3799 multoque
3417 3730 3592 3799 magis

2017 3840 2186 3897 super
2215 3826 2364 3893 illos,
2395 3825 2490 3896 qui
2528 3825 2696 3879 vitam
2724 3824 3038 3879 mundanos
3065 3824 3210 3877 inter
3239 3822 3507 3881 tumultus
3528 3838 3593 3877 ac

2016 3920 2292 3975 vanitates
2315 3919 2634 3984 traducunt,
2670 3918 2873 3973 bonum
2899 3906 3192 3987 appellavit
3221 3930 3371 3979 eum,
3404 3915 3495 3985 qui
3526 3930 3594 3969 ne

2016 4012 2416 4083 cognoscendis
2448 4013 2671 4083 quidem
2719 4011 3175 4065 calumniantium
3218 4008 3506 4063 fraudibus
3539 4020 3595 4063 et

2018 4107 2234 4161 caeteris
2274 4106 2649 4177 improborum
2677 4101 2834 4158 factis
2862 4101 3162 4171 quidquam
3194 4099 3423 4154 indulsit
3452 4110 3592 4154 tem-

418 4433 839 4511 (66)Α(1λρει1ιιῑἐ
869 4451 922 4489 vt
945 4474 961 4498 ,
998 4433 1188 4511 HLAt
1218 4432 1563 4511 i_n_exer_nplis
1596 4440 1799 4511 n_ostrt_s
1838 4432 1913 4511 le:
1944 4450 1992 4508 ι)
2018 4439 2105 4511 cta
2157 4432 2470 4511 nominibus
2494 4473 2508 4511 ε
2532 4449 2743 4511 eorum
2789 4450 3001 4502 semper
3039 4436 3189 4499 sint,
3240 4435 3438 4504 quibus
3484 4438 3586 4492 tri-

346 4504 593 4627 g‘imus.;.
643 4506 730 4559 Ἐν
772 4505 849 4576 τῷ
892 4502 1113 4575 σταυρῷ
1155 4504 1249 4556 τοῦ
1287 4502 1492 4575 Κυρίου
1530 4503 1685 4575 ήμῶν
1738 4502 1911 4572 Ἰησοῦ

401 4592 655 4627 οιστου...

437 4592 605 4629 ιστου.
616 4618 628 4630 .
640 4616 655 4630 ο

522 4594 545 4620 Γ
592 4616 655 4630 ,ιο

400 4592 959 4718 ἥῗῖίυὸγηιηιίιοῐιιιηι
992 4656 1073 4703 ter
1096 4650 1203 4704 ciet
1225 4645 1420 4700 Noster
1442 4658 1614 4718 :Hqua:
1646 4652 1823 4718 tamen
1854 4658 1923 4697 ex

349 4714 468 4785 ejus
506 4714 861 4772 translatione
884 4717 1105 4783 delibat,
1150 4735 1257 4773 non
1294 4719 1426 4770 bene
1458 4716 1524 4769 iis
1570 4714 1921 4785 respondent,

350 4783 469 4851 qua:
493 4787 928 4842 Montfauconius
952 4790 1093 4843 unde
1117 4789 1257 4843 unde
1271 4786 1506 4855 collegit,
1527 4794 1579 4839 et
1604 4783 1922 4852 inOt-igenis

352 4853 604 4925 ilexaplis
635 4873 741 4913 non
769 4858 924 4911 aliter
946 4860 1074 4912 olim
1107 4860 1377 4925 descripta
1402 4856 1754 4910 existimavit.
1785 4854 1919 4910 Nam

354 4874 604 4925 nexapus
635 4874 741 4913 non
769 4874 924 4911 auter
946 4874 1074 4912 omn
1107 4874 1377 4927 descripta
1402 4874 1754 4910 extsumavit.
1785 4874 1919 4910 nam

354 4924 459 4978 hoc
496 4929 709 4994 quidem
754 4928 874 4981 loco
908 4937 1165 4994 tanquam
1215 4927 1526 4999 Symmachi
1560 4928 1756 4999 verba,
1798 4941 1922 4995 quat

354 5009 549 5063 nempe
577 5012 643 5050 ex
685 4999 817 5051 edit.
855 5001 977 5054 cod.
1008 4999 1179 5054 Vatic.
1223 4998 1604 5064 desumpserat
1627 5037 1640 5059 ,
1686 4998 1797 5050 hmc
1828 5012 1923 5065 po-

355 5066 485 5139 s_uit,
512 5065 593 5139 Τᾲι
622 5068 765 5119 κακὲ
790 5067 925 5137 ἔργα
954 5070 1021 5123 τὰ
1046 5070 1335 5139 γινόμεναο
1364 5084 1395 5139 a
1420 5068 1727 5139 quibus,_ut
1749 5067 1917 5139 vides,

355 5133 598 5209 Gregorii
633 5139 803 5209 nostri
825 5133 995 5193 manu
1027 5133 1277 5209 excerpta
1314 5137 1589 5193 diﬂ‘erunt.
1629 5136 1919 5209 Jnm__inl'ra

351 5205 499 5280 leges
539 5206 629 5280 lib.
664 5221 715 5280 γ,
764 5206 837 5276 ξι
872 5225 884 5259 :
915 5212 978 5280 Τί
1015 5213 1123 5280 γὰρ
1171 5205 1600 5280 ἀνδραγάθημα*
1616 5206 1694 5276 τῷ
1739 5205 1919 5275 ἔχοντι

352 5275 606 5357 αὐτὸ-νιεί
632 5275 707 5357 μη
732 5275 893 5357 μόνον
916 5275 1115 5351 θεωρία
1134 5275 1439 5357 ,ὀφθαλμῶν
1463 5275 1676 5357 αἱρῶν]
1710 5286 1919 5357 at_vero

354 5347 496 5418 apud
532 5346 993 5418 Montl'auconiunt
1030 5346 1335 5418 ’scriptunt'
1359 5358 1441 5403 est
1468 5366 1481 5401 :
1512 5346 1699 5417 Τίγὰρ
1755 5346 1916 5418 ἀνδρ-

352 5413 615 5491 αγάθημα
634 5416 712 5491 τῷ
734 5413 1176 5491 ἔχοντιαὺτὴν,εί
1207 5422 1279 5491 μή
1309 5423 1469 5491 μόνον
1482 5413 1696 5491 θεωρία
1724 5413 1921 5491 ὀφθαλ-

356 5484 670 5560 μῶνμαύτοῦ
732 5484 1181 5560 denique‘Noster
1204 5484 1395 5560 lib'ﬁvt,
1426 5490 1453 5560 §
1477 5490 1510 5541 3
1530 5484 1690 5560 habet
1707 5488 1920 5560 εΪΑμει-

352 5571 442 5629 νον
470 5555 643 5629 δνομα
674 5555 892 5629 ἀγαθὸν
918 5556 1091 5629 μύρου
1120 5559 1383 5623 εύώδουςο
1411 5555 1554 5629 apud
1586 5558 1915 5629 Montfauco-

354 5576 442 5608 νυν
470 5576 643 5625 ονομα
674 5576 877 5624 αγαυον
962 5576 1091 5629 υρου
1120 5576 1383 5623 ευωοουςο
1411 5576 1554 5629 apuu
1586 5576 1915 5612 Μοιιιιειυςο·

354 5627 505 5700 nium
542 5628 803 5700 invenies,
850 5576 1069 5700 Βέλτιον
1111 5630 1281 5700 ὄνομα
1322 5631 1524 5697 ἀγαθὸν
1558 5629 1698 5698 ὑπὲρ
1746 5627 1917 5700 μύρον

354 5696 573 5760 εὐῶδες.
607 5698 789 5762 Quare
816 5713 925 5752 non
972 5696 1244 5755 immerito
1279 5696 1530 5754 dubitare
1559 5696 1683 5767 quis
1722 5696 1914 5767 possit,

354 5782 482 5839 num
532 5783 655 5838 quae
697 5768 908 5839 ιιιιεᾉοιη
960 5767 1215 5838 Hexaplis
1248 5771 1409 5825 hodie
1462 5770 1693 5839 legimus
1754 5768 1913 5839 modo

351 5837 581 5912 Aquilae,
608 5840 770 5897 modo
790 5837 1372 5907 Theodotimiiamodo
1392 5837 1701 5912 Symmachi
1716 5837 1909 5893 distin-

2026 4502 2285 4565 buuntur,
2336 4515 2390 4557 et
2417 4505 2698 4557 dubitandi
2735 4515 2895 4573 auget
2936 4521 3174 4568 causam,
3214 4502 3406 4573 praeter
3433 4522 3587 4562 com-

2024 4587 2219 4644 munes
2249 4574 2497 4629 codicum
2526 4577 2670 4629 vices
2693 4585 2855 4644 atque
2888 4577 3100 4629 obviam
3134 4577 3480 4631 librariorum
3509 4580 3591 4635 vel

2025 4642 2353 4716 imperitiam
2409 4645 2490 4698 vel
2542 4642 2941 4716 negligentiam.
2994 4646 3286 4715 singularis
3340 4651 3588 4716 quaedam

2024 4712 2331 4787 ditlicultas,
2364 4730 2541 4787 quant
2562 4712 2782 4787 olim’in
2815 4712 3224 4785 Tetraplis'illis
3254 4727 3308 4771 et
3334 4712 3592 4787 Hexaplis

2025 4792 2205 4854 atque?
2234 4784 2474 4853 Octaplis
2509 4784 2851 4854 Origenianis
2882 4784 3253 4841 describendis
3284 4791 3365 4841 vel
3396 4784 3592 4845 doctus

2024 4869 2087 4907 ac
2115 4853 2346 4921 diligens
2376 4853 2633 4923 superare
2669 4872 2753 4909 νιΧ
2783 4868 2963 4923 posset
2992 4875 3005 4910 :
3050 4859 3197 4925 quod
3233 4859 3335 4910 alia
3362 4858 3430 4911 ab
3470 4860 3593 4914 aliis

2024 4935 2289 4992 perpetuo
2331 4925 2707 4995 distinguenda
2758 4938 2902 4981 notis
2957 4937 3178 4992 essent,
3235 4937 3283 4981 ct
3333 4928 3386 4979 in
3437 4944 3592 4984 Ceras

2022 5009 2254 5063 quaeque
2281 5012 2410 5049 suas
2435 4997 2762 5065 revocanda,
2782 5008 2876 5050 aut
2896 5008 3044 5051 certo
3076 5000 3193 5050 loco
3218 4998 3282 5051 ad
3313 4999 3589 5065 margines

2023 5067 2385 5137 appingenda.
2436 5064 2641 5137 Itaque,
2689 5079 2748 5120 ut
2788 5068 3067 5121 adnotavit
3113 5066 3308 5137 Georg.
3353 5064 3593 5123 Joannes

2022 5134 2291 5197 llenckes,
2349 5155 2367 5187 ι
2398 5134 2704 5206 conjunCtis
2756 5137 2835 5191 sic
2877 5134 3588 5205 editionibus,'przesertim

2022 5217 2311 5278 postquam
2367 5208 2482 5275 ipse
2527 5207 2789 5278 (trigenes
2840 5206 2978 5260 LXX
3034 5210 3390 5278 interpretum
3439 5224 3590 5263 oram

2021 5276 2498 5348 observationibus
2540 5276 3069 5348 cireuutscripserat,
3125 5276 3193 5333 ac
3243 5281 3591 5348 postmodum

2021 5344 2168 5400 LXX
2192 5363 2440 5403 seorsum
2471 5347 2666 5402 edebat
2696 5363 2818 5402 cum
2848 5344 3146 5412 asteriscis,
3183 5344 3376 5412 obelis,
3402 5348 3595 5404 lemni-

2022 5418 2154 5479 scis,
2206 5419 2485 5486 episemis,
2544 5419 2748 5486 quibus
2797 5420 3030 5474 aliorum
3078 5422 3433 5487 interpretum
3477 5422 3593 5475 dis-

2021 5488 2330 5541 sensinnetn
2365 5490 2449 5543 vel
2490 5489 2797 5544 additiunes
2836 5498 2931 5543 aut
2969 5492 3387 5545 detrectationes
3436 5502 3593 5544 nota-

2019 5556 2131 5621 bat,
2160 5558 2361 5613 factum
2397 5566 2481 5613 est
2503 5599 2518 5623 ,
2555 5568 2614 5612 ut
2643 5576 2671 5612 a
2701 5560 3139 5615 describentibus
3185 5560 3590 5618 confunderen-

2021 5638 2130 5700 tur,
2163 5645 2285 5698 qua:
2311 5628 2567 5684 distincte
2595 5628 2663 5684 ab
2705 5631 2798 5686 illo
2826 5633 3004 5700 posita
3036 5640 3232 5700 erant:
3266 5641 3361 5684 aut
3388 5648 3451 5685 ex
3494 5648 3588 5688 ora

2020 5698 2078 5773 in
2105 5694 2316 5773 te_x'tum
2350 5701 2721 5773 reciperentur
2759 5722 2777 5756 ι
2816 5694 2917 5772 (οε
2948 5719 3048 5757 usu
3085 5694 3230 5755 LXX
3283 5702 3503 5773 interpr.
3537 5704 3593 5756 in

2024 5766 2098 5821 N.
2138 5767 2278 5824 Teu.
2307 5786 2357 5826 ο.
2395 5766 2503 5841 t,'§
2529 5772 2605 5842 6).
