4172 6526
598 369 701 433 933

1738 369 1802 428 S.
1844 368 2219 430 GREGORII
2254 367 2763 430 AGRIGENTINI

3775 367 3898 433 901

600 475 791 546 poris;
829 482 885 529 et
917 472 1235 544 quicunque
1278 475 1347 530 ab
1377 474 1500 545 ipso
1538 475 1769 546 puerilis
1802 478 1983 535 aetatis
2022 479 2179 538 ﬂore.

2286 479 2502 548 ἡλικίας
2530 478 2621 532 τὸν
2655 478 2837 546 ἄζυγα
2872 475 2988 547 βίον
3023 473 3450 546 προελομένους,
3482 475 3698 529 καὶτὸν
3733 494 3891 548 χρη-

600 568 812 622 caelibis
838 567 962 621 vita:
988 566 1288 622 consilium
1324 567 1523 631 secuti,
1556 582 1724 622 suave
1754 567 1971 622 Domini
1992 570 2186 638 jugum

602 661 921 722 toleravere,
950 666 1005 711 et
1036 657 1103 712 ad
1134 659 1442 713 solitarium
1478 659 1569 712 Dei
1602 658 1931 713 famulatum
1960 675 2020 715 se
2052 675 2187 715 con-

602 751 865 805 tulerunt.
918 748 1029 805 Hos
1090 751 1280 821 utique
1330 752 1503 806 bonos
1552 751 1642 805 ille
1689 751 1827 805 dixit
1878 761 1934 806 et
1976 753 2188 807 caeteris

601 844 858 897 omnibus
908 844 1109 897 virtute
1162 852 1527 912 praestantes,
1597 844 1779 913 qualis
1833 860 2030 912 nempe
2086 842 2187 897 fuit

600 934 841 988 Joannes
871 932 1108 1000 Baptista
1134 974 1147 994 ,
1186 934 1472 1003 multoque
1511 934 1665 1004 prius
1696 934 1845 989 Elias
1872 934 2186 998 Thesbites,

600 1035 655 1081 et
685 1037 808 1095 post
839 1027 960 1081 illos
991 1042 1183 1097 agmen
1241 1042 1433 1081 eorum
1469 1029 1893 1092 innumerabile,
1927 1028 2020 1097 qui
2061 1042 2187 1082 cum

603 1119 835 1173 summis
868 1121 1173 1174 caelestium
1201 1121 1522 1190 angelorum
1552 1120 1841 1175 ordinibus
1871 1121 1954 1174 vel
1987 1122 2040 1174 in
2067 1122 2186 1189 ipsa

607 1211 860 1266 humanae
927 1212 1264 1265 conditionis
1325 1211 1699 1267 imbecillitate
1760 1215 2183 1266 contenderunt.

604 1299 713 1355 Eos
736 1311 918 1355 autem
953 1302 1099 1363 dico,
1130 1302 1222 1371 qui
1252 1302 1408 1355 Pauli
1436 1303 1684 1357 Thebani
1716 1313 1770 1357 et
1798 1304 1981 1374 magni
2010 1303 2183 1356 Anto-

607 1390 681 1445 nii
716 1399 965 1459 tempore
999 1388 1153 1445 fuere
1175 1430 1189 1455 ,
1223 1400 1277 1445 et
1305 1392 1399 1461 qui
1442 1393 1560 1461 pari
1591 1408 1712 1446 cum
1746 1392 1833 1446 his
1865 1392 2189 1447 Strenuilate

606 1482 953 1538 adversarios
966 1492 1131 1553 atque
1157 1485 1341 1537 hostes
1357 1499 1678 1538 communes
1695 1484 2038 1539 debellarunt
2053 1485 2185 1555 (68).

610 1575 847 1629 Rursum
876 1590 1007 1629 vero
1053 1575 1123 1629 ad
1159 1575 1563 1630 mundanorum
1597 1575 1758 1645 109
1810 1575 2093 1629 hominum
2136 1584 2189 1628 et

607 1680 898 1721 avarorum
951 1666 1465 1721 condemnationem
1515 1668 1840 1731 revertitur,
1892 1677 1946 1721 et
1997 1668 2188 1722 inanes

606 1771 796 1810 eorum
853 1756 1069 1811 labores
1117 1753 1437 1824 singillatim
1503 1755 1807 1826 perpendit.
1859 1756 1986 1811 Haec
2040 1760 2185 1811 enim

608 1847 759 1902 addit
790 1863 805 1899 :

2293 572 2416 624 στὸν
2454 571 2617 638 ζυγὸν
2651 571 2891 641 ἄραντας
2924 568 3021 623 τοῦ
3067 569 3273 641 Κυρίου
3297 608 3311 631 ,
3359 567 3455 621 καὶ
3501 568 3893 635 πορευθέντας

2292 664 2385 715 xui
2414 662 2728 731 καταμόνας
2750 661 2826 733 τῷ
2854 662 3045 732 Κυρίῳ
3071 660 3483 722 δουλεύσαντας.
3516 660 3756 723 Τούτους
3782 657 3888 713 οὖν

2290 755 2531 820 ἀγαθοὺς
2565 754 2841 823 ὀνομάσας
2888 753 2982 806 xui
3035 752 3143 805 τῶν
3176 752 3352 806 ἄλλων
3398 752 3656 806 ἁπάντων
3701 753 3883 823 ὑπερ-

2290 848 2565 917 ηρμένους
2596 847 2719 899 κατ’
2750 847 2951 916 ἀρετὴν
2989 840 3123 914 (οἷος
3179 844 3423 913 δηλονότι
3454 844 3679 912 γέγονεν
3708 845 3737 896 ὁ
3772 845 3884 896 Βα-

2293 939 2523 1008 πτιστὴς
2562 938 2818 1003 Ἰωάννης
2842 975 2857 999 ,
2886 938 2979 988 xui
3007 933 3188 1002 πολλῷ
3215 934 3270 987 δὲ
3301 933 3496 1003 πρώην
3539 936 3567 986 ό
3606 934 3884 1001 Θεσὸίτης

2306 1031 2515 1095 Ἠλίας,
2551 1032 2646 1084 xui
2673 1030 2783 1082 τῶν
2812 1029 2927 1099 μετ’
2961 1028 3201 1089 ἐκείνους
3227 1027 3619 1097 ἀναριθμήτων
3650 1031 3678 1081 ό
3707 1030 3883 1083 κατά-

2291 1123 2470 1191 λογος,
2502 1124 2609 1176 τῶν
2634 1126 2753 1186 ταῖς
2788 1124 2989 1190 ύπερου
3000 1120 3215 1191 ρανίαις
3237 1119 3346 1172 τῶν
3371 1120 3619 1187 ἀγγέλων
3646 1120 3871 1185 τάξεσιν

2294 1214 2704 1285 ἀμιλληθέντων
2746 1217 2802 1264 ἐν
2840 1216 2904 1282 τῇ
2930 1216 3029 1282 τῆς
3072 1210 3422 1281 ἀνθρωπίνης
3452 1210 3665 1280 φύσεως
3705 1212 3875 1264 ἀσθε-

2292 1309 2413 1376 νείᾳ
2433 1324 2446 1337 ο
2471 1307 2615 1376 φημὶ
2643 1305 2701 1357 δὲ
2732 1305 2842 1357 τῶν
2872 1306 2998 1373 περὶ
3023 1303 3115 1356 τὸν
3138 1302 3380 1373 Θηϐαῖον
3410 1302 3619 1355 Παῦλον
3643 1304 3735 1355 xui
3777 1304 3872 1355 τὸν

2296 1398 2473 1466 μέγαν
2510 1394 2818 1459 Ἀντώνιον,
2855 1393 3086 1448 καὶτῶν
3132 1394 3347 1455 τούτοις
3394 1393 3699 1465 ἰσορρόπως
3741 1410 3875 1445 κατ-

2298 1490 2727 1557 αγωνισαμένων
2757 1488 2885 1551 τοὺς
2915 1488 3244 1550 ἀντιπάλους
3274 1484 3369 1540 xui
3417 1486 3631 1549 κοινοὺς
3661 1486 3877 1554 δυσμε-

2293 1582 2453 1647 νεῖς),
2485 1581 2766 1633 ἐπάνεισιν
2813 1577 2969 1642 αὖθις
3018 1580 3155 1648 πρὸς
3216 1577 3314 1649 τὴν
3362 1578 3472 1630 τῶν
3517 1576 3867 1646 φιλοκόσμων

2294 1674 2387 1725 xui
2412 1671 2782 1741 φιλοπλούτων
2814 1672 3161 1741 κατάγνωσιν
3212 1670 3608 1740 ὲμφιλοχωρῶν
3640 1669 3720 1722 ἐτι
3747 1672 3867 1731 ταῖς

2295 1764 2417 1817 κατ’
2444 1760 2585 1828 εἶδος
2613 1765 3027 1835 ματαιοπονίαις
3059 1764 3263 1817 αὐτῶν.
3294 1762 3435 1834 Φησὶ
3465 1764 3606 1833 γάρ’·

2092 1961 2368 2034 §xxvu.

678 2054 845 2109 Vens.
876 2052 927 2106 4.
964 2051 1031 2105 Et
1052 2052 1156 2105 vidi
1184 2067 1278 2123 ego
1299 2053 1598 2107 universum
1624 2055 1874 2117 laborem,
1898 2062 1946 2105 et
1982 2068 2184 2105 omnem

609 2152 855 2202 virtutem
897 2146 1109 2214 operis;
1140 2146 1264 2213 quia
1309 2147 1479 2214 ipsum
1520 2148 1790 2200 emutatio
1814 2148 1912 2199 viri
1947 2163 1979 2198 α
2013 2146 2187 2198 sodali

607 2235 744 2296 eius.
793 2233 856 2285 Et
901 2234 1111 2303 quidem
1142 2232 1237 2286 hoc
1270 2234 1479 2287 vanitas
1501 2273 1515 2297 ,
1569 2246 1616 2288 et
1646 2237 1991 2304 prmumptio
2024 2236 2184 2306 spiri-

611 2336 694 2379 tus
721 2326 853 2395 (69).

683 2421 968 2484 Virtutem,
1002 2420 1200 2488 inquit,
1230 2428 1396 2489 atque
1436 2420 1545 2473 vim
1588 2434 1831 2484 omnem,
1874 2435 2040 2490 quam
2084 2436 2185 2474 na-

609 2522 729 2565 tura
766 2512 998 2566 habebat
1029 2513 1098 2566 ab
1131 2522 1352 2566 auctore
1378 2513 1559 2566 datam
1596 2529 1719 2579 suo,
1750 2522 1808 2566 ut
1839 2514 2187 2582 praescriptas

608 2605 677 2658 ab
710 2618 775 2658 eo
806 2604 951 2674 leges
984 2613 1245 2670 servaret,
1272 2605 1525 2659 homines
1559 2606 1746 2658 mundi
1794 2614 2094 2659 sectatores
2132 2612 2187 2658 et

608 2696 855 2766 corporis
902 2696 1271 2766 voluptatibus
1311 2708 1475 2764 atque
1536 2696 1930 2766 cupiditatibus
1978 2695 2183 2749 addicti

610 2787 893 2858 perdidere
923 2790 1077 2841 vanis
1110 2789 1161 2841 in
1196 2788 1642 2855 cogitationibus,
1672 2803 1736 2841 ac
1780 2788 1939 2841 malis
1966 2788 2017 2840 in
2052 2801 2185 2841 con-

608 2879 747 2932 siliis
772 2889 937 2947 atque
964 2878 1124 2931 factis
1152 2878 1349 2931 misere
1371 2878 1827 2947 absumpserunt:
1850 2879 1993 2933 alius
2015 2878 2182 2932 alium

610 2970 890 3027 laboribus
936 2981 990 3025 et
1046 2970 1358 3024 divitiarum
1409 2971 1765 3040 congestiohe
1794 2985 2057 3040 superare
2096 2985 2183 3040 ag-

608 3061 802 3130 gressi,
834 3061 885 3114 id
914 3077 1079 3115 unum
1110 3062 1462 3116 aemulatione
1490 3071 1653 3131 atque
1682 3062 1866 3116 studio
1899 3069 2177 3133 urgentes,

612 3154 759 3207 nullo
811 3153 1177 3207 contentionis
1229 3154 1429 3217 modo,
1472 3155 1623 3207 nullo
1667 3154 1942 3208 consilio:
1990 3160 2051 3206 ut
2086 3167 2182 3206 eos

610 3259 786 3315 neque
834 3246 1010 3299 noctis
1056 3244 1215 3314 gelu,
1257 3260 1434 3314 neque
1477 3246 1587 3299 diei
1621 3254 1789 3299 aestus
1834 3244 2179 3298 retardaret:

608 3338 731 3391 ausi
762 3352 979 3406 quoque
1013 3337 1152 3391 mari
1182 3352 1242 3393 se
1273 3336 1547 3406 profundo
1574 3339 1937 3400 canimittere,
1972 3348 2024 3391 et
2057 3337 2179 3390 lon-
2206 3320 2250 3379 Ο

609 3427 961 3496 gissimorum
995 3428 1253 3482 itinerum
1298 3428 1514 3482 labores
1547 3440 1873 3482 mercatura:
1918 3426 2181 3482 faciendae

611 3533 780 3573 causa
828 3530 1219 3585 contemnere,
1279 3535 1383 3575 nec
1442 3519 1607 3573 ullam
1654 3521 1880 3574 omnino
1929 3520 2184 3589 defugere

611 3626 933 3678 erumnam,
962 3627 1027 3667 ac
1064 3613 1272 3667 nullam
1305 3628 1413 3667 non
1444 3614 1631 3669 subire
1660 3614 1964 3668 molestiam
1991 3629 2005 3665 :
2036 3613 2185 3667 defa-

613 3704 891 3773 tigationis
918 3705 1055 3758 adeo
1080 3714 1135 3759 et
1167 3720 1426 3759 curarum
1453 3706 1742 3775 patientes,
1763 3716 1821 3759 ut
1842 3705 1997 3760 dolos
2015 3704 2182 3759 etiam

612 3804 667 3850 et
696 3793 968 3851 fallaciam
996 3806 1051 3850 et
1073 3798 1406 3851 calumniam
1436 3797 1663 3861 ferrent,
1700 3799 1827 3852 dum
1869 3798 2066 3867 opibus
2090 3811 2186 3866 po-

612 3890 847 3942 tirentur
890 3906 904 3942 :
954 3904 1078 3957 quae
1147 3890 1334 3943 omnia
1390 3905 1619 3945 summa:
1662 3891 1919 3945 vanitatis
1980 3889 2185 3945 indicia

609 3989 760 4037 sunt.
811 3980 978 4035 Addit
1020 3982 1165 4035 enim
1211 3999 1223 4037 :
1285 4001 1303 4033 ι
1338 3981 1405 4036 Ει
1451 3983 1672 4052 quidem
1722 3983 1826 4037 hoc
1875 3984 2089 4037 vanitas
2132 3993 2187 4038 et

612 4075 967 4143 praesumptio
1000 4075 1245 4142 spiritus,
1273 4094 1291 4125 ι
1325 4075 1567 4130 studium
1594 4090 1788 4142 nempe
1833 4075 1962 4129 illud
1995 4077 2187 4131 inutile

608 4178 774 4239 atque
823 4172 1019 4234 inane,
1058 4180 1112 4223 et
1144 4186 1268 4224 cum
1301 4170 1368 4224 ad
1401 4170 1597 4225 anima:
1644 4172 1875 4225 salutem
1913 4172 2182 4239 ineptum,

610 4273 725 4316 tum
762 4277 817 4315 re
848 4262 961 4331 ipsa
1009 4262 1337 4331 ﬂagitiosum
1364 4302 1378 4325 ,
1424 4277 1576 4316 more
1607 4278 1709 4317 suo
1744 4267 2031 4316 vanitatem
2072 4263 2186 4315 sive

614 4369 812 4407 vanum
855 4356 1094 4407 laborem
1127 4354 1428 4422 appellans,
1461 4367 1515 4409 et
1548 4356 1765 4422 spiritus
1812 4355 2186 4423 prwsumptio-

611 4462 729 4499 nem
756 4485 770 4509 ,
803 4456 861 4500 ut
894 4461 1087 4516 nempe
1122 4447 1349 4501 humani
1382 4447 1591 4501 arbitrii
1628 4462 1769 4516 opus
1806 4451 1919 4502 haec
1948 4464 2069 4503 csse
2108 4447 2184 4501 si-

610 4538 913 4606 gnificaret.

683 4801 795 4858 Hos
833 4813 1014 4859 autem
1057 4806 1205 4876 ipsos
1230 4807 1526 4878 designans
1562 4820 1725 4877 atque
1762 4807 2062 4877 depingens
2092 4806 2188 4863 Dei

611 4912 833 4967 quoque
870 4898 1037 4952 frater
1086 4916 1316 4968 magnus
1368 4899 1640 4965 Jacobus,
1692 4899 1772 4955 sic
1807 4900 1927 4953 ait:
1975 4916 1997 4951 ι
2031 4899 2190 4969 Agite

613 4992 873 5059 nuncqui
907 4990 1088 5045 dicitis
1112 5010 1124 5044 :
1147 4990 1318 5047 llodic
1345 5002 1437 5047 aut
1464 4992 1707 5047 crastino
1730 4992 1933 5046 ibimus
1957 4991 2009 5045 in
2041 4992 2186 5045 illam

607 5082 908 5144 civitatem,
947 5092 1001 5137 et
1033 5084 1300 5140 faciemus
1336 5086 1410 5139 ibi
1442 5085 1662 5154 quidem
1698 5098 1926 5149 annum,
1960 5092 2015 5138 et
2044 5098 2187 5137 mer-

608 5176 884 5239 cabimur,
920 5186 972 5230 et
1019 5178 1231 5232 lucrum
1264 5177 1528 5233 faciemus
1563 5194 1576 5229 :
1615 5177 1709 5247 qui
1757 5177 2022 5247 ignoratis
2057 5176 2187 5246 quid

608 5270 714 5324 erit
742 5270 797 5323 in
827 5270 1088 5324 crastino.
1126 5270 1258 5337 Qua:
1288 5282 1372 5327 est
1404 5273 1552 5327 enim
1589 5271 1699 5325 vita
1732 5270 1960 5326 vestra?
2016 5284 2186 5337 vapor

683 5378 795 5453 (68)
835 5377 1162 5453 Dum_apud
1203 5382 1420 5437 Graecos
1468 5384 1813 5453 presbyteros
1854 5381 2182 5453 castimonia

610 5448 865 5511 lababat,
895 5462 947 5503 et
984 5448 1253 5506 Trullante
1291 5448 1480 5522 synodi
1518 5448 1747 5507 licentia:
1784 5454 1866 5505 via
1898 5452 2182 5505 munieba-

610 5527 733 5592 tur,
778 5536 902 5573 ecce
939 5523 1033 5575 tibi
1081 5523 1377 5592 Gregorius
1431 5536 1614 5578 noster
1647 5524 1923 5577 caelibatus
1960 5537 2167 5589 [πτερο-

614 5589 763 5642 niutn
797 5592 1005 5662 peragit
1027 5633 1040 5651 .
1066 5589 1225 5661 quem
1260 5594 1373 5662 ipse
1399 5595 1561 5647 etiam
1594 5604 1814 5647 secutus
1865 5592 2073 5653 fuerat,
2116 5601 2171 5645 et

611 5674 737 5712 cum
762 5661 1022 5729 singulari
1051 5678 1263 5717 morum
1285 5661 1577 5718 sanctitate
1593 5664 1968 5730 conjunxerat.
1993 5662 2168 5715 Simul

612 5736 794 5783 autem
830 5740 951 5798 p0st
979 5731 1145 5786 Eliam
1190 5744 1241 5787 et
1280 5734 1541 5788 Joannem
1561 5774 1576 5797 ,
1606 5736 1713 5787 duo
1744 5734 1832 5785 illa
1859 5741 2167 5785 ascetarum

619 5799 861 5862 lumina,
908 5801 1045 5857 duos
1096 5804 1541 5872 praeclarissimos
1586 5804 1788 5858 caslibis
1842 5804 1963 5856 vita:
2007 5809 2169 5871 atque

2361 2050 2471 2104 Kal.
2516 2045 2681 2105 εἶδον
2729 2048 2844 2118 ἐγὼ
2895 2051 3222 2118 σύμπαντα
3291 2049 3396 2103 τὸν
3446 2051 3711 2119 μόχθον,
3764 2049 3865 2104 καὶ

2288 2142 2624 2209 σύμπασαν
2681 2139 2965 2207 ἀνδρείαν
3015 2138 3122 2192 τοῦ
3172 2139 3533 2208 ποιήματος⁹
3569 2140 3659 2192 ὅτι
3714 2140 3864 2195 αὐτὸ

2287 2231 2468 2299 ζῆλος
2513 2230 2735 2297 ἀνδρὸς
2776 2230 2895 2284 ἀπὸ
2941 2230 3049 2283 τοῦ
3088 2230 3329 2297 ἑταίρου
3378 2231 3585 2287 αὑτοῦ.
3641 2234 3751 2285 Καί
3794 2248 3864 2302 τε

2285 2324 2464 2377 τοῦτο
2486 2325 2820 2390 ματαιότης
2850 2322 2947 2374 καὶ
2974 2338 3039 2386 πί
3057 2323 3329 2389 οαῷεσις
3356 2325 3713 2392 πνεύματος.

2357 2422 2565 2479 Πᾶσαν.
2601 2420 2771 2488 φησὶ,
2802 2419 2902 2486 τὴν
2934 2416 3225 2488 δεδομένην
3265 2424 3331 2491 τῇ
3377 2421 3539 2489 φύσει
3579 2421 3726 2490 παρὰ
3765 2420 3861 2473 τοῦ

2285 2514 2685 2573 διαπλάσαντος
2712 2510 2881 2579 αὐτὴν
2910 2509 3164 2580 ἀνδρείαν
3202 2513 3296 2567 xui
3320 2513 3552 2581 δύναμιν
3582 2515 3663 2574 είς
3690 2512 3862 2582 φυλα-

2286 2606 2389 2674 κὴν
2429 2604 2537 2656 τῶν
2562 2603 2827 2657 δοθέντων
2854 2607 2986 2673 παρ’
3013 2602 3178 2657 αὐτοῦ
3204 2605 3404 2672 νόμων,
3438 2604 3488 2656 οἱ
3540 2603 3859 2672 φιλόκοσμοι

2286 2697 2381 2749 xui
2424 2694 2695 2764 φιλήδονοι
2742 2697 2836 2747 καὶ
2868 2694 3231 2764 φιλεμπαθεῖς
3260 2695 3318 2746 ὲν
3363 2694 3859 2764 ματαιοφροσύναις

2285 2788 2381 2840 xui.
2412 2785 2795 2849 κακοϐουλίαις
2845 2788 2941 2841 xui
2976 2785 3447 2857 πονηροπραξίαις
3495 2785 3859 2841 κατεόάλοντο

2285 2880 2381 2937 καὶ
2430 2878 2616 2942 κακῶς
2657 2880 3087 2948 κατηνάλωσαν·
3135 2880 3293 2942 ἄλλος
3344 2880 3436 2931 τὸν
3482 2880 3641 2932 ἄλλον
3685 2880 3857 2949 ὑπερ-

2285 2971 2543 3024 ϐαλέσθαι
2579 2971 2674 3024 xui
2707 2974 2822 3033 τοῖς
2863 2970 3087 3042 μόχθοις
3133 2972 3229 3023 xui
3275 2974 3339 3040 τῇ
3379 2969 3725 3040 συναθροίσει
3762 2970 3855 3022 τοῦ

2285 3060 2517 3114 πλούτου
2555 3078 2687 3114 κατε
2699 3061 2967 3131 ρεθισθε“ις
2993 3061 3086 3113 xui
3115 3059 3367 3130 ζηλώσας
3404 3060 3496 3113 xui
3525 3060 3852 3125 σπουδάσας,

2283 3154 2379 3205 xui
2412 3152 2547 3221 πρὸς
2577 3151 2711 3205 αὐτὸ
2742 3150 2902 3205 τοῦτο
2939 3150 3140 3220 πολλὴν
3184 3152 3283 3221 τὴν
3316 3150 3546 3220 ἅμιλλαν
3590 3150 3853 3203 ἐπιδεδει-

2283 3244 2485 3314 γμένος
2532 3243 2620 3297 διὰ
2667 3243 2868 3314 πολλὴν
2899 3241 3191 3296 ἀϐουλίανθ
3224 3243 3319 3296 καὶ
3361 3245 3500 3311 μήτε
3526 3241 3606 3312 τῷ
3636 3242 3856 3311 παγετῴ

2282 3336 2381 3404 τῆς
2427 3334 2653 3402 νυκτὸς,
2711 3336 2850 3405 μήτε
2897 3334 2975 3404 τῷ
3026 3334 3269 3387 καύσωνι
3317 3335 3416 3404 τῆς
3458 3333 3671 3405 ἡμέρας
3717 3334 3855 3388 καθα

2283 3426 2439 3497 υιρείς
2455 3443 2468 3455 ·
2489 3426 2625 3481 ἀλλὰ
2653 3429 2745 3480 καὶ
2774 3425 3027 3495 πελαγῶν
3052 3426 3355 3479 θαλαττίων
3379 3425 3854 3495 κατατολμῶντες,

2282 3520 2378 3573 xui
2411 3520 2771 3590 μακροτάτων
2825 3519 2960 3573 ὁδῶν
2998 3521 3124 3582 τοὺς
3156 3520 3355 3582 κόπους
3383 3520 3442 3572 ὲν
3466 3522 3587 3583 ταῖς
3621 3522 3855 3591 ἐμπορι-

2283 3616 2405 3675 καῖς
2427 3614 2717 3667 ὑποθέσεσι
2744 3612 3201 3685 περιφρονοῦντες
3252 3613 3347 3665 xui
3391 3612 3853 3684 παραϐλέποντες,

2283 3708 2378 3759 καὶ
2426 3707 2607 3760 πᾶσαν
2656 3706 2993 3770 ἁπαξαπλῶς
3046 3706 3292 3759 κάκωσιν
3336 3708 3432 3758 xui
3480 3707 3856 3778 ταλαιπωρίαν

2283 3799 2670 3870 ἀναδεχόμενοι
2726 3802 2819 3853 xui
2872 3798 3168 3868 μογοῦντες
3214 3800 3309 3853 xui
3356 3800 3601 3869 σφοδρῶς
3648 3802 3859 3871 τληπα-

2286 3891 2539 3954 θοῦντεςο
2589 3892 2683 3945 xui.
2730 3891 3011 3962 δολιότητα
3058 3894 3150 3944 xui
3191 3891 3715 3964 ψευδορρημοσύνην
3764 3895 3858 3947 καὶ

2288 3984 2655 4053 συκοφαντίαν
2701 3984 3171 4054 ἀναλαμσάνοντες
3236 3984 3324 4037 διὰ
3388 3986 3556 4054 μόνην
3606 3985 3706 4056 τὴν
3762 3987 3856 4039 τοῦ

2286 4076 2520 4131 πλούτου
2549 4075 2893 4146 συνάθροισιν
2918 4074 2981 4129 ’ἂ
3007 4077 3185 4129 πάντα
3204 4078 3386 4144 πάσης
3411 4078 3518 4130 εἰσὶ
3545 4095 3609 4148 ση
3619 4082 3858 4147 μαντικὰ

2290 4168 2673 4238 ματαιότητος.
2716 4168 2853 4238 Φησὶ
2878 4167 3010 4239 γὰρ,
3064 4186 3082 4217 ι
3114 4168 3223 4220 Καί
3263 4185 3325 4235 γε
3367 4168 3527 4221 τοῦτο
3562 4172 3857 4240 ματαιότης

2287 4260 2383 4313 xui
2444 4260 2765 4331 προαίρεσις
2832 4260 3173 4328 πνεύματος,
3221 4278 3239 4311 ι
3302 4259 3399 4330 τὴν
3451 4262 3707 4329 ἀνόνητον
3763 4266 3856 4315 καὶ

2289 4351 2548 4422 περιττὴν
2612 4352 2707 4403 xui
2771 4350 2904 4421 πρὸς
2960 4350 3234 4420 μηδεμίαν
3289 4354 3564 4420 σωτηρίαν
3616 4352 3855 4423 ψυχικὴν

2290 4441 2647 4497 συντελοῦσαν
2675 4442 2910 4512 σπουδὴν
2955 4441 3257 4513 μοχθηρὰν.
3284 4445 3671 4510 ματαιότητα,
3696 4462 3856 4498 τουτ-

2287 4537 2402 4590 έστι
2441 4534 2832 4607 ματαιοπονίαν
2853 4535 3147 4602 ὀνομάσας,
3175 4536 3316 4589 κατὰ
3359 4536 3418 4587 τὸ
3469 4537 3721 4607 σύνηθες,
3762 4544 3857 4593 καὶ

2224 4659 2264 4712 υ
2291 4631 2641 4699 προαίρεσιν
2682 4629 3049 4696 πνεύματος’
3083 4631 3204 4681 ἀντὶ
3250 4627 3345 4680 τοῦ
3366 4670 3381 4695 ,
3417 4629 3732 4701 Βουλήσεως
3770 4634 3857 4686 άν-

2291 4723 2567 4795 θρωπίνης
2593 4722 2752 4793 ἔργον
2776 4722 2948 4776 ταῦτα
2978 4721 3277 4791 πεφύκασι.

2359 4816 2495 4877 Τοὺς
2524 4818 2580 4871 δὲ
2608 4816 2883 4881 τοιούτους
2917 4818 3285 4887 αἰνιττόμενος
3316 4819 3409 4871 xui
3436 4816 3855 4888 χαρακτηρίζων

2287 4909 2382 4963 xui
2408 4912 2435 4961 ό
2463 4907 2782 4975 ἁδελφόθεος
2818 4908 2913 4959 xui
2946 4907 3116 4977 μέγας
3151 4907 3407 4970 Ἰάκωϐος
3452 4909 3651 4960 οὑτωσί
3683 4925 3816 4977 φησι
3838 4922 3850 4935 ·

2292 5019 2312 5051 ι
2348 5000 2483 5067 Ἀγε
2510 4998 2623 5063 νῦν,
2646 5000 2694 5051 οἱ
2721 4999 2969 5065 λέγοντες
2987 5038 3003 5061 ,
3034 4999 3280 5069 Σήμερον
3307 4999 3402 5053 xui
3439 4998 3628 5067 αὔριον
3662 5016 3853 5069 πορευ-

2289 5092 2494 5162 σόμεθα
2544 5094 2625 5153 εἰς
2668 5091 2825 5161 τήνδε
2865 5091 2963 5158 τὴν
3016 5092 3189 5155 πόλιν,
3242 5090 3337 5143 xui
3390 5092 3690 5161 ποιήσομεν
3738 5094 3853 5144 ἐκεῖ

2286 5182 2533 5235 ἐνιαυτὸν
2581 5181 2697 5248 ἕνα,
2729 5183 2823 5235 καὶ
2857 5182 3310 5253 ἐμπορευσόμεθα
3342 5184 3437 5236 xui
3495 5184 3848 5255 κερδήσομεν,

2284 5276 2480 5338 οἵτινες
2539 5275 2639 5327 οὐκ
2712 5274 3009 5327 ἐπίστασθε
3056 5275 3117 5327 τὸ
3164 5274 3264 5343 τῆς
3306 5273 3524 5345 αὔριονο
3576 5275 3704 5327 ποία
3744 5277 3851 5344 γάρ

2284 5389 2526 5441 omnium
2562 5387 2819 5441 virtutum
2868 5388 3159 5457 magistros
3190 5403 3253 5442 ac
3284 5388 3452 5444 duces
3481 5388 3848 5450 commendat,

2285 5473 2425 5521 quos
2480 5458 2673 5511 Oriens
2730 5458 2927 5526 pariter
2977 5459 3348 5527 Occidensque
3393 5460 3572 5513 omnis
3619 5460 3849 5511 miratus

2286 5528 2729 5607 est,_dignosque
2752 5542 2974 5607 semper
3008 5529 3228 5592 habuit,
3261 5544 3494 5607 quorum
3530 5530 3849 5583 memoriam

2286 5598 2657 5651 anniversaria
2685 5597 3044 5651 celebratione
3071 5600 3304 5668 posteris
3332 5599 3584 5653 traderet.

2351 5670 2464 5737 (69)
2504 5668 2714 5738 Olymp.
2744 5669 2825 5722 ὅτι
2863 5669 2997 5723 αὐτὸ
3025 5667 3184 5741 ζῆλος
3223 5669 3399 5739 ἀνδρὶ,
3430 5668 3593 5723 τοῦτο
3617 5667 3849 5737 ματαιό-

2280 5755 2445 5809 της...
