4172 6528
339 370 443 436 ωδ

1432 372 1515 431 IN
1545 370 2136 432 ECCLESIASTEN.
2162 399 2229 409 -
2257 373 2404 434 LIB.
2452 370 2570 437 III.

3525 382 3628 453 906

339 489 490 539 ἐστιν
522 484 555 555 ἡ
588 481 702 553 ζωὴ
738 480 921 551 Opim;
958 481 1124 552 ἀτμὶς
1165 497 1276 552 γαρ
1307 482 1456 543 ἐστιν
1499 486 1533 554 ἡ
1582 485 1720 555 πρὸς
1754 484 1933 554 ὀλίγον

2044 486 2205 563 1,ιο
2230 495 2316 543 est
2346 486 2414 543 ad
2447 487 2724 551 modicum
2756 501 2979 559 parens,
3010 498 3066 544 et
3086 488 3348 569 deinceps
3376 494 3605 547 extermi

340 577 688 649 φαινομένη.
731 574 926 629 ἔπειτα
974 573 1031 627 δὲ
1073 575 1167 627 καὶ
1212 575 1625 646 ἀφανιζομένη·
1675 578 1798 630 ἀντὶ
1840 577 1934 635 τοῦ

338 672 523 725 λαλεῖν
550 672 578 723 ὑ
588 670 719 740 μᾶς,
748 669 843 721 ἐὰν
867 670 896 722 ὁ
926 667 1130 739 Κύριος
1153 668 1383 744 θελήσῃ,
1412 673 1508 725 καὶ
1537 672 1819 743 ζήσωμεν,
1841 672 1938 725 καὶ

341 768 665 834 ποιήσωμεν
697 761 860 815 τοῦτο
892 760 925 833 ἢ
954 762 1156 816 ἐκεῖνο.
1187 762 1301 815 Νῦν
1332 761 1389 814 δὲ
1417 764 1697 835 καυχᾷσοε
1724 767 1782 823 ὲν
1814 765 1937 826 ταῖς

340 856 701 921 άλαξωνείαις
731 852 907 925 ὑμῶν.
956 854 1114 913 Πᾶσα
1157 853 1430 925 καύχησις
1462 855 1685 926 τοιαύτη
1721 856 1938 926 πονηρᾶ

340 948 510 1003 ἐστιν.
546 965 565 996 ›

423 1041 482 1094 Ὀ
520 1038 710 1106 μέντοι
744 1040 911 1105 σοφὸς
941 1036 1377 1106 Ἐκκλησιαστὴς
1404 1036 1463 1087 ἐν
1491 1036 1702 1106 ὀλίγαις
1732 1037 1935 1104 λέξεσι,

341 1138 462 1198 ταῖς
492 1133 636 1186 κατὰ
671 1130 961 1202 συνήθειαν
988 1128 1138 1199 αὐτῷ
1178 1129 1799 1199 παραλαμϐανομέναις,
1832 1132 1938 1183 πᾶ-

346 1244 445 1281 σαν
484 1223 911 1294 καθυπογράφει
938 1221 1036 1292 τὴν
1066 1220 1463 1291 ματαιοπονίαν
1494 1221 1603 1274 τῶν
1627 1224 1939 1291 ὲμματαια-

344 1319 548 1383 ςόντων
593 1320 707 1380 τοῖς
759 1315 911 1378 ἰδίοις
953 1314 1177 1384 μόχθοις
1228 1313 1321 1367 καὶ
1363 1313 1591 1380 κόποις,
1630 1314 1727 1366 καὶ
1769 1315 1936 1385 μηδὲν

248 1436 257 1443 ~
342 1409 537 1479 ὄφελος
584 1407 819 1480 ψυχικὸν
855 1407 1042 1476 σφίσιν
1084 1406 1270 1469 αὐτοῖς
1317 1405 1761 1476 προξενούντων·
1799 1406 1938 1460 ἀλλὰ

345 1502 611 1563 πολλάκις
664 1499 758 1552 καὶ
800 1498 938 1568 πρὸς
970 1495 1141 1558 αὑτὰς
1186 1494 1286 1558 τὰς
1330 1495 1521 1564 χρείας
1552 1495 1651 1562 τῆς
1687 1492 1933 1563 φύσεως,

342 1594 433 1648 διὰ
459 1594 558 1664 τὴν
586 1589 876 1662 φειδωλίαν
903 1589 997 1642 καὶ
1030 1588 1129 1658 τὴν
1160 1586 1665 1656 φιλοκτημοσύνην,
1700 1585 1936 1650 ἐλλιπῶς

344 1686 438 1739 καὶ
484 1686 622 1755 μετὰ
655 1683 856 1753 πολλῆς
886 1680 1093 1743 ἐνδείας
1128 1682 1241 1741 τοῖς
1296 1678 1432 1748 πρὸς
1458 1678 1760 1750 διατροφὴν
1798 1682 1937 1734 ἀπο-

344 1777 705 1850 κεχρημένων
740 1773 1005 1837 ἀϐούλως.
1048 1771 1269 1842 ’Δμέλει
1299 1771 1479 1823 τοίνυν
1523 1772 1777 1842 ἐπήγαγε
1798 1788 1814 1804 ο

2039 579 2284 634 nabitnr.
2320 580 2426 635 Pro
2451 595 2518 637 eo
2543 590 2603 641 ut
2640 582 2875 637 dicatis:
2904 580 2962 637 Si
2996 581 3264 649 Dominus
3297 584 3550 649 voluerit.
3574 594 3629 641 et

2038 671 2086 725 si
2117 669 2438 737 vixerimus,
2480 672 2751 729 iaciemus
2780 674 2888 729 hoc
2929 686 3026 729 ant
3061 676 3215 729 illud.
3250 675 3410 733 Nunc
3441 688 3623 733 autem

2037 763 2328 817 exsultatis
2375 764 2429 818 in
2479 766 2754 836 superbiis
2796 766 3018 822 vestris.
3092 768 3282 831 Omnis
3332 771 3629 827 exsultatio

2040 856 2166 911 talis
2192 854 2435 926 maligna
2468 866 2553 911 est
2590 856 2726 928 (70).
2768 877 2787 910 ι

2108 946 2408 1002 Enimvero
2455 950 2674 1019 sapiens
2718 952 3079 1006 Ecclesiastes
3110 954 3338 1031 paucis,
3380 966 3436 1023 ut
3470 957 3628 1024 solet,

2036 1042 2225 1097 verbis
2257 1058 2413 1111 usus,
2447 1058 2644 1096 vanam
2684 1060 2903 1098 onmem
2946 1060 3135 1099 eorum
3167 1047 3431 1115 describit
3470 1050 3627 1115 solli-

2038 1133 2338 1188 citudinem
2369 1176 2383 1199 ,
2437 1135 2532 1204 qui
2581 1151 2744 1205 opera
2794 1152 2892 1191 sua
2941 1147 2995 1191 et
3041 1140 3392 1209 contentione
3443 1143 3628 1197 inania

2038 1234 2313 1281 sectantes
2337 1267 2351 1290 ,
2388 1226 2601 1279 nullum
2647 1226 2749 1280 sibi
2784 1230 2852 1281 ad
2881 1228 3077 1291 anima:
3110 1231 3398 1287 utilitatem
3442 1237 3628 1290 subsi-

2018 1317 2189 1371 'dium
2224 1329 2421 1388 parant
2455 1336 2469 1373 :
2510 1320 2641 1388 quin
2677 1335 2819 1389 saepe
2870 1322 2936 1374 ad
2993 1323 3107 1391 ipsa
3152 1325 3275 1378 vitae
3317 1327 3627 1391 commoda,

2039 1411 2398 1481 parcimonia:
2445 1412 2632 1466 studio
2681 1423 2847 1483 atque
2896 1416 3143 1471 avaritia:
3196 1434 3400 1483 causa,
3450 1437 3518 1473 ne
3577 1422 3629 1475 id

2040 1502 2264 1572 quidem
2288 1543 2303 1568 ,
2353 1505 2501 1573 quod
2537 1505 2672 1567 satis
2707 1505 2816 1571 sit,
2854 1518 3103 1573 sumunt,
3149 1518 3204 1563 et
3236 1515 3302 1565 ile
3356 1511 3632 1568 alimentis

2038 1610 2256 1667 quoque
2303 1598 2511 1668 aliquid
2564 1600 2669 1653 sibi
2717 1601 2919 1656 misere
2965 1603 3389 1674 inconsulteque
3443 1606 3633 1665 decere

2039 1699 2198 1760 punt.
2227 1676 2417 1761 Itaque
2455 1692 2664 1763 adjecit
2698 1712 2713 1750 :

1884 1891 2132 1950 XXVIII.

1884 1891 1931 1949 Χ

415 1990 656 2058 ’Ἄφρων
691 1987 1009 2054 περιέλαϐε
1034 1985 1143 2051 τὰς
1166 1985 1371 2055 χεῖρας
1407 1984 1598 2039 αὐτοῦ
1618 2020 1633 2050 ,
1664 1984 1764 2040 καὶ
1794 1891 1933 2040 xit-

2043 1893 2132 1950 Ill.

2120 1990 2286 2047 Vsus.
2321 1992 2375 2048 5.
2409 1994 2622 2050 Stultus
2660 1998 2964 2065 complexus
3014 2004 3095 2054 est
3143 2014 3333 2059 manus
3375 2011 3535 2067 was,
3578 2006 3631 2061 et

338 2083 523 2152 ἐφαγε
561 2084 671 2145 τὰς
701 2078 935 2147 σάρκας
967 2077 1180 2134 αὐτοῦ.

410 2174 545 2237 Ταῖς
576 2173 684 2244 γὰρ
725 2170 1056 2235 ἀποτεύξεσι
1083 2171 1196 2224 τῶν
1235 2169 1608 2224 ἐλπισθέντων
1636 2172 1759 2233 ταῖς
1791 2170 1935 2225 κατὰ

338 2267 439 2339 τὴν
465 2268 700 2339 ἤπειρον
725 2266 819 2320 καὶ
845 2266 943 2333 τὴν
971 2263 1251 2318 θάλασσαν
1283 2263 1602 2334 ἐμπορίαις,
1631 2264 1713 2325 εἰς
1739 2263 1937 2316 τοσαύ-

342 2378 442 2430 την
491 2360 844 2429 περιίσταται
887 2356 1091 2425 θλίψιν,
1124 2356 1217 2410 καὶ
1264 2355 1625 2425 τηλικαύταις
1674 2355 1934 2425 ἀλγηδόσι

345 2454 439 2506 καὶ
475 2451 801 2520 καρδιακαῖς
844 2448 1111 2517 ἀθυμίαις
1156 2447 1636 2511 καταδαπτίζεται
1678 2447 1776 2518 τὴν
1815 2447 1935 2501 διάσ-

346 2561 529 2600 νοιαν·
574 2544 741 2613 ἡνίκα
788 2542 1024 2611 μάλιστα
1058 2541 1196 2610 πρὸς
1241 2540 1320 2609 τῷ
1371 2538 1539 2609 μηδὲν
1574 2539 1836 2610 κερδᾶναι
1873 2540 1937 2593 τὸ

347 2635 595 2698 σύνολον,
629 2635 721 2687 καὶ
744 2632 805 2684 τὸ
827 2628 1173 2700 καταϐληθὲν
1201 2627 1633 2699 προσαπώλεσεν
1669 2627 1934 2699 ἀργύριον

292 2786 297 2787 ί
344 2728 438 2781 καὶ
469 2726 713 2797 χρυσίον,
760 2724 836 2787 ὡς
864 2722 1090 2785 καὶτὰς
1138 2722 1334 2791 τρίχας
1360 2722 1459 2791 τῆς
1508 2721 1648 2783 ιδίας
1688 2720 1934 2789 κεφαλῆς

341 2818 569 2882 τίλλειν,
611 2817 706 2871 καὶ
738 2814 1036 2885 πειρᾶσθαι
1064 2814 1158 2868 καί
1191 2814 1291 2875 τὰς
1321 2814 1531 2883 σάρκας
1562 2814 1928 2881 καταφαγεῖν.

341 2911 408 2964 Τί
441 2914 643 2983 δήποτε
671 2910 727 2968 δὲ
756 2908 914 2969 τοῦτο
943 2908 1253 2973 πέπονοεν;
1285 2907 1430 2967 Ὅτι,
1463 2907 1598 2976 φησὶ
1618 2948 1633 2973 ,
1665 2924 1931 2976 κατεσφι-

340 3005 549 3073 γμένας
583 2997 699 3074 εἶχε
730 3003 830 3066 τὰς
862 3005 1051 3072 χεῖρας
1087 3001 1224 3071 πρὸς
1263 3000 1325 3052 τὸ
1354 3000 1634 3071 μηδεμίαν
1659 3001 1934 3056 ποιεῖσθαι

339 3098 581 3151 διάδοσιν
631 3096 724 3148 καὶ
767 3094 1026 3165 διανομὴν
1066 3097 1180 3157 τοῖς
1216 3094 1457 3162 πτωχοῖς
1493 3095 1587 3146 καὶ
1620 3097 1737 3158 τοῖς
1768 3095 1935 3165 πένη-

344 3208 430 3244 σιν
452 3209 465 3222 ·
493 3190 610 3242 ἀλλ’
644 3188 858 3240 ἔνδοθεν
888 3188 987 3257 τῆς
1022 3185 1372 3257 περιλήψεως
1408 3185 1518 3238 τῶν
1560 3186 1705 3239 ἰδίων
1729 3188 1932 3256 χειρῶν

343 3284 682 3356 περικλείειν
730 3284 823 3339 καὶ
868 3281 1241 3351 περιγράφειν
1293 3279 1384 3331 τὸν
1440 3279 1933 3351 συναθροιζόμενον

2045 2086 2270 2139 comedit
2307 2103 2490 2141 carnes
2526 2104 2652 2143 suas
2686 2089 2824 2157 (7i).

2114 2170 2166 2226 Is
2209 2174 2410 2243 quippe
2471 2179 2922 2246 compendiorum
2987 2195 3082 2249 spe
3133 2180 3449 2247 frustratus,
3506 2200 3630 2255 qua:

2044 2273 2187 2319 terra
2226 2268 2478 2337 marique
2523 2280 2862 2339 speraverat,
2901 2282 3050 2328 tanta
3085 2275 3251 2329 animi
3282 2278 3502 2333 tristitia
3536 2294 3631 2348 op-

2044 2357 2319 2425 primitur,
2353 2361 2412 2414 εί
2436 2360 2627 2421 dolore
2677 2371 2829 2417 tanto
2865 2374 3031 2435 atque
3067 2365 3392 2434 aegritudine
3437 2368 3630 2423 obrui-

2043 2454 2155 2509 tur,
2204 2450 2507 2516 praesertim
2552 2451 2697 2519 quod
2732 2453 2799 2509 ad
2850 2454 3019 2515 totius
3066 2455 3202 2508 lucri
3240 2456 3629 2514 detrimentum

2042 2540 2255 2610 argenti
2299 2542 2464 2598 etiam
2500 2551 2665 2612 atque
2700 2545 2818 2598 auri
2851 2545 2963 2612 jam
3015 2550 3236 2616 expensi
3286 2549 3501 2617 jactura
3534 2565 3630 2605 ac-

2042 2634 2292 2699 cesserit,
2351 2643 2409 2688 ut
2440 2636 2669 2704 capillos
2699 2637 2803 2691 sibi
2844 2638 3038 2701 evel‘lat
3073 2640 3291 2709 capitis,
3318 2651 3374 2696 et
3406 2657 3629 2697 carnem

2042 2740 2198 2781 suam
2237 2741 2425 2783 morsu
2460 2738 2630 2798 petat.
2661 2728 2729 2783 At
2760 2746 2998 2801 quonam
3037 2742 3194 2801 pacto
3221 2733 3291 2791 ad
3319 2737 3423 2789 hoc
3451 2750 3631 2806 usque

2042 2817 2300 2872 devenit?
2331 2816 2494 2885 Quia,
2537 2819 2738 2889 inquit,
2788 2837 2986 2883 manus
3019 2823 3209 2882 habuit
3240 2826 3519 2890 astrictas,
3562 2843 3631 2882 ne

2042 2909 2174 2979 quid
2228 2909 2375 2975 dono
2411 2912 2597 2983 egenis
2640 2923 2803 2983 atque
2849 2916 3187 2984 pauperibus
3232 2918 3627 2986 distribueret;

2042 3003 2317 3072 idemque,
2345 3016 2613 3073 quantum
2646 3006 2901 3061 manibus
2930 3023 3124 3077 capere
3170 3010 3287 3069 suis
3326 3020 3532 3079 posset,
3570 3010 3627 3064 in

2042 3097 2289 3152 collectis
2321 3098 2520 3167 opibus
2568 3098 2961 3155 concludendis
2996 3101 3630 3173 circumscribendisque

2042 3200 2190 3245 totus
2218 3189 2353 3244 fuit:
2379 3207 2557 3260 neque
2589 3192 2673 3244 lils
2704 3194 2770 3245 ad
2796 3193 3113 3261 quotidiana
3142 3203 3352 3248 natura:
3376 3195 3627 3249 subsidia

2046 3283 2344 3338 liberaliter
2398 3299 2461 3338 ac
2489 3285 2722 3355 benigne
2766 3300 2900 3339 usus
2932 3294 3054 3349 est,
3094 3287 3189 3341 sed
3245 3288 3399 3355 vanis
3442 3287 3630 3358 potius

344 3379 578 3432 πλοῦτον
600 3394 613 3408 ·
652 3375 776 3429 οὐδὲ
808 3375 944 3447 πρὸς
986 3377 1085 3437 τὰς
1117 3373 1429 3441 ἀναγκαίας
1458 3374 1651 3443 χρείας
1689 3374 1788 3443 τῆς
1828 3372 1933 3443 φύ-

2039 3377 2320 3431 laboribus
2352 3377 2612 3446 curisque
2648 3377 2905 3432 inanibus
2934 3392 3103 3447 opum
3128 3382 3627 3448 comparandarum

344 3491 485 3537 σεως
509 3470 812 3539 ἐλευθέρως
844 3466 996 3537 αὐτῷ
1022 3466 1365 3538 κεχρημένος
1397 3468 1490 3519 καὶ
1520 3466 1782 3534 δαψιλῶς,
1801 3466 1936 3519 ἀλλὰ

344 3568 440 3620 καὶ
472 3566 597 3630 τοὺς
642 3564 880 3634 μόχθους
922 3562 1016 3617 καὶ
1062 3560 1267 3623 κόπους
1294 3559 1772 3629 καταϐαλλόμενος
1811 3561 1937 3622 τοὺς

347 3658 609 3728 ματαίους
643 3657 741 3711 καὶ
766 3655 1057 3726 περιττοὺς
1101 3654 1237 3724 πρὸς
1276 3655 1374 3722 τὴν
1406 3651 1611 3705 τούτων
1648 3651 1938 3721 συνάοροι-

344 3765 454 3811 σιν,
490 3747 584 3800 καὶ
628 3746 883 3816 χαλεπῶς
916 3743 1231 3814 τληπαθῶν,
1266 3744 1362 3794 καὶ
1386 3742 1473 3795 διὰ
1507 3744 1568 3796 τὸ
1602 3743 1702 3813 τῆς
1732 3760 1935 3813 προαι-

351 3840 558 3908 ρέσεως
613 3838 836 3905 ἀγεννὲς
900 3838 996 3890 καὶ
1064 3834 1603 3903 καταδεδουλωμένον
1664 3837 1789 3897 ταῖς
1842 3834 1940 3888 τοῦ

348 3931 582 3983 πλούτου
636 3930 1024 4000 προσθήκαις,
1083 3930 1287 3999 ἥκιστα
1347 3930 1468 3990 ταῖς
1546 3931 1778 3999 τροφαῖς
1842 3929 1940 3984 καὶ

347 4024 562 4094 χρείαις
600 4023 700 4092 τῆς
760 4023 979 4092 φύσεως
1020 4022 1118 4090 τὴν
1155 4019 1598 4091 ἐπιζητουμένην
1629 4022 1938 4076 ἀνάπαυσιν

346 4114 728 4186 χαριζόμενος.
779 4115 853 4166 Οὐ
889 4114 999 4187 γὰρ
1051 4113 1166 4184 ᾔδει
1201 4112 1290 4173 διὰ
1326 4113 1529 4181 πολλὴν
1564 4114 1933 4184 ἁποπληξίαν,

343 4210 427 4261 δτι
484 4208 687 4277 μᾶλλον
739 4206 1106 4277 αἱρετώτερόν
1156 4206 1273 4257 ἐστι
1334 4206 1432 4261 καὶ
1486 4207 1930 4278 λυσιτελέστερον

346 4301 579 4373 βραχεῖα
626 4304 720 4354 καὶ
760 4300 1103 4373 σκληροτέρα
1138 4299 1442 4371 μετάληψις
1471 4301 1679 4370 τροφῆς
1708 4301 1933 4364 άκόπως

343 4398 746 4468 προστιθεμένη
796 4396 934 4463 πρὸς
967 4393 1273 4460 ἀναγκαίαν
1313 4392 1506 4463 χρείαν
1550 4394 1647 4463 τῆς
1692 4393 1936 4462 φύσεως,

2036 3484 2202 3524 causa
2254 3469 2530 3538 susceptis
2574 3483 2639 3524 ac
2700 3468 2967 3535 toleratis,
3014 3470 3267 3533 illiberali
3327 3474 3628 3543 servilique

2037 3561 2223 3615 animo
2258 3560 2311 3612 in
2344 3559 2660 3614 divitiarum
2709 3572 3061 3630 augmentum
3103 3563 3365 3625 alimenta
3410 3566 3521 3629 sibi
3572 3576 3627 3622 et

2038 3653 2326 3709 commoda
2358 3660 2441 3707 .et
2497 3653 2864 3707 necessariam
2922 3664 3132 3709 natura:
3196 3656 3434 3724 quietem
3487 3657 3625 3721 sub.

2040 3746 2196 3801 duxit
2229 3745 2366 3817 (72).
2421 3743 2647 3799 Summa
2678 3746 2823 3798 enim
2858 3746 3057 3802 mentis
3111 3749 3424 3817 stupiditate
3467 3749 3621 3820 ιιι

2042 3840 2332 3909 ignoravit,
2369 3848 2575 3908 quanto
2606 3839 2901 3908 optabilior
2934 3840 3005 3893 sit
3037 3850 3202 3910 atque
3234 3842 3626 3905 utiliorbrevis

2040 3946 2104 3985 ac
2133 3932 2324 3985 durior
2346 3932 2454 3985 cibi
2486 3932 2727 4001 gustatio
2752 3931 2870 3985 sine
2907 3931 3018 3985 ullo
3058 3932 3245 3986 labore
3275 3936 3343 3987 ad
3373 3948 3627 3987 necessa-

2036 4026 2180 4079 rium
2209 4034 2420 4078 natura:
2443 4039 2602 4078 usum
2637 4023 2895 4094 appositi,
2940 4039 3104 4093 quam
3136 4025 3320 4079 lautus
3370 4024 3627 4094 magnifi-

2036 4130 2244 4184 cusque
2275 4126 2570 4183 apparatus
2620 4114 3019 4182 exquisitarum
3064 4115 3286 4184 dapiuui
3329 4124 3490 4184 atque
3524 4129 3625 4184 po-

2041 4207 2295 4267 tionum,
2328 4221 2449 4273 qua:
2488 4206 2593 4259 nisi
2632 4205 2828 4269 labore
2873 4205 3046 4259 multo
3078 4220 3143 4267 ac
3188 4205 3392 4267 sudore
3432 4206 3622 4267 taliqu

2042 4313 2227 4361 rerum
2253 4296 2483 4359 studiosi
2513 4311 2838 4367 comparare
2871 4313 2979 4353 non
3018 4307 3273 4368 possunt.
3325 4296 3622 4368 Propterea

2045 4388 2277 4457 subjecit
2308 4406 2320 4441 :

343 4488 486 4558 ὑπὲρ
514 4488 794 4558 δαψιλείας
822 4487 917 4540 καὶ
947 4483 1301 4547 πολυτελείας
1373 4483 1795 4554 καρυκευτικῶν
1853 4481 2162 4553 βρωμάτων
2208 4480 2303 4531 καί
2336 4479 2600 4549 πομάτων
2633 4482 2774 4552 μετὰ
2819 4480 3032 4535 πολλῶν
3094 4481 3313 4553 μόχθων
3376 4483 3472 4535 καὶ
3532 4480 3621 4534 κό-

342 4597 461 4634 πων
485 4579 859 4650 εὑρισκομένη
890 4579 1006 4639 τοῖς
1048 4574 1306 4645 ζητοῦσιν
1327 4575 1523 4645 αὐτήν.
1541 4575 1749 4633 Τούτου
1769 4575 1932 4647 χάριν
1962 4574 2224 4643 ἐπήγαγε
2245 4586 2259 4599 ·

1853 4742 2110 4815 gxxux.

424 4895 674 4966 Ἀγαθὸν
714 4892 1012 4960 πλήρωμα
1042 4890 1195 4961 μετὰ
1228 4887 1450 4958 ὄρακὸς
1490 4888 1927 4953 ἀναπαύσεως,

2104 4887 2271 4943 Vnus.
2304 4885 2357 4941 6.
2400 4880 2551 4940 Bona
2578 4884 2854 4956 plenitudo
2886 4900 3005 4938 cum
3025 4881 3226 4953 pugillo
3257 4885 3507 4955 requietis
3532 4903 3619 4943 su-

339 4986 493 5053 τὺπὲρ
535 4984 899 5053 πληρώματα
936 4984 1048 5038 δύο
1078 4979 1327 5051 ,δρακών
1358 4982 1592 5049 μόχθου
1638 4982 1738 5038 καὶ
1779 4997 1923 5048 προ-

340 5079 627 5150 αιρέσεως
656 5080 1021 5148 πνεύματος.

336 5242 339 5245 ’
422 5240 534 5313 (70)
576 5238 699 5313 Jac.
727 5256 801 5313 tv,
834 5242 920 5295 15.
959 5241 1018 5296 In
1051 5242 1258 5297 nostris
1280 5236 1553 5307 exemplis
1582 5244 1737 5293 est...
1782 5226 1933 5288 Ἀντὶ

338 5311 441 5368 τοῦ
468 5313 650 5380 λέγειν
679 5311 872 5379 ὑμᾶς..
885 5353 899 5366 .

2034 4996 2125 5050 per
2151 4978 2501 5048 plenitudine:
2534 4981 2764 5039 duorum
2797 4976 3122 5047 pugillarium
3161 4975 3360 5035 laboris
3386 4988 3445 5037 et
3478 4997 3619 5049 pra:-

2034 5072 2353 5141 sumptionis
2393 5071 2616 5141 spiritus
2651 5070 2787 5143 (75).

2036 5232 2268 5289 subinde
2298 5230 2684 5302 discruciatum
2711 5229 2820 5284 Sed
2841 5230 3440 5302 nosti-[interpretatio
3458 5245 3617 5302 aeque

2031 5311 2267 5365 constat,
2294 5312 2352 5363 et
2386 5301 2659 5355 acuminis
2685 5302 2809 5369 plus
2839 5301 3021 5365 habet.
3043 5296 3152 5356 Has
3179 5296 3388 5355 scilicet
3418 5296 3615 5371 pinnas

413 5372 643 5451 (7l)'At
685 5372 829 5439 LXX
876 5381 1145 5443 habent...
1206 5372 1319 5437 Καὶ
1364 5379 1537 5449 ἔφαγε
1574 5376 1675 5440 τὰς
1719 5374 1933 5448 σάρκας

2037 5377 2167 5451 dare
2195 5386 2394 5451 avaros
2425 5373 2523 5451 ait,
2563 5380 2856 5451 ut_quanto
2910 5374 3227 5451 in_aliornm
3256 5381 3495 5451 egestate
3537 5374 3613 5429 le-

340 5473 532 5510 αυτου.

409 5526 526 5597 (72)
550 5522 709 5597 Quod
724 5522 824 5597 ‘bic
850 5520 1419 5597 dicitur,‘_Complexus
1441 5528 1520 5597 est
1547 5534 1743 5597 inquas
1775 5534 1924 5584 suas,

327 5590 675 5671 proverbiale
705 5593 912 5671 dictum
952 5592 1153 5671 prusio
1182 5595 1396 5671 videtur
1417 5590 1779 5671 ad_pigritiam
1821 5605 1923 5671 n9-

340 5662 579 5724 iandam.
619 5664 802 5736 (Prov.
841 5664 885 5719 ll
910 5703 924 5727 ,
957 5664 1052 5736 lib.
1095 5678 1179 5736 In,
1214 5679 1278 5736 _n.
1312 5663 1425 5729 54).
1465 5662 1550 5736 Ae
1574 5662 1658 5715 bis
1689 5676 1822 5736 sane
1864 5662 1920 5713 in

341 5731 649 5793 Proverbiis
716 5735 1028 5789 Salomonis
1097 5734 1392 5788 dictionem
1461 5731 1776 5800 bujusmodi
1854 5746 1920 5788 eo

335 5826 502 5865 sensu
551 5815 868 5875 usurpatam
911 5805 1158 5859 invenies
1208 5811 1322 5871 (vr,
1370 5802 1571 5875 10;“et
1617 5801 1916 5875 xxw,_55).

330 5878 568 5936 ﬁecessc
598 5870 728 5948 ergo
768 5886 853 5932 est
878 5918 893 5941 ,
948 5877 1042 5946 qui
1074 5890 1161 5929 res
1198 5870 1327 5930 suas
1371 5873 1638 5945 negligat,
1669 5881 1727 5927 ut
1773 5870 1919 5926 fame

651 5972 926 6031 ΡΑτιιοι..
955 5971 1071 6031 Gs.
1104 5968 1379 6030 XCVIII.

2027 5444 2207 5499 vanda
2228 5442 2578 5498 remissiores
2611 5443 2741 5506 sint,
2784 5450 2937 5497 tanto
2970 5443 3023 5495 in
3059 5456 3118 5496 se
3146 5444 3296 5511 ipsos
3341 5442 3615 5511 parcimo—

2027 5516 2132 5571 nite
2168 5514 2351 5575 studio
2385 5512 2723 5569 crudeliores
2766 5512 2921 5568 ﬁant.
2967 5512 3099 5578 Quae
3132 5519 3315 5575 autem
3364 5513 3613 5582 subjicit.

2031 5603 2096 5641 ea
2123 5595 2251 5642 sunt
2274 5582 2592 5655 anticipatio
2630 5584 2877 5655 quazdam
2905 5624 2920 5646 ,
2957 5594 3017 5641 ut
3044 5596 3369 5655 responsum
3402 5585 3616 5645 refellat

2031 5673 2244 5715 eorum.
2278 5654 2374 5725 qui
2402 5653 2609 5709 divitiis
2645 5653 2703 5710 se
2736 5654 2956 5710 studere
2990 5669 3053 5708 ea
3094 5662 3278 5725 mente
3305 5654 3514 5722 dicunt,
3554 5667 3615 5712 ut
3708 5706 3711 5709 ,
3752 5656 3761 5663 ’

2032 5716 2327 5797 aliquando
2353 5725 2458 5780 sibi
2488 5725 2762 5797 otiosiset
2784 5726 2947 5782 lautis
2968 5740 3089 5780 esse
3120 5724 3301 5787 liceat.

2102 5794 2216 5865 (75)
2261 5794 2367 5852 Sed
2399 5796 2542 5866 apud
2582 5795 2725 5851 LXX
2760 5796 2914 5853 deest
2941 5797 3083 5867 μετά
3103 5837 3117 5860 ,
3150 5809 3273 5864 quae
3298 5798 3620 5867 praepositio

2030 5868 2171 5941 apud
2201 5867 2592 5940 Symmachum
2625 5868 2820 5939 legitur
2842 5877 2968 5938 post
2987 5866 3208 5938 59mg.

3250 5956 3332 6019 29
