4172 6498
344 426 457 493 913

1432 434 1509 493 IN
1544 433 2214 494 ECCLESIASTEN.—
2257 435 2400 494 LIB.
2440 437 2537 495 IV.

3508 425 3615 493 9M

341 541 470 602 tab;
519 536 869 609 ἀμφοτέρους
921 540 1209 610 παριστῶν
1257 538 1583 608 φιλοκάλους
1613 546 1705 596 καὶ
1737 545 1932 614 φιλαν-

2047 542 2240 612 inopia:
2288 552 2595 612 opportune
2652 544 2995 617 benigneque
3051 540 3385 613 opitulantes
3428 556 3441 593 :
3477 541 3622 612 quod
3661 607 3679 632 ν

344 629 599 700 θρώπους
634 631 727 683 καὶ
776 631 1119 701 συμπαθεῖς,
1152 633 1245 686 καὶ
1296 634 1385 687 διὰ
1408 633 1568 688 τοῦτο
1622 636 1935 707 κιχρῶντας

343 723 439 776 καὶ
464 723 821 792 διανέμοντας
844 723 911 775 τά
953 724 1096 778 κατὰ
1123 725 1315 794 χρείαν
1343 727 1455 789 τοῖς
1476 726 1678 781 ἐνδεέσι
1712 727 1806 780 καὶ
1833 727 1936 780 πέρ

342 831 533 886 νησιν·
584 815 681 869 ἆτε
729 816 793 885 δὴ
835 815 975 884 πρὸς
1026 816 1127 887 τὴν
1175 816 1480 886 μέλλουσαν
1534 819 1936 890 δικαιοκρισίαν

344 906 794 971 ἀποϐλέποντας,
847 909 942 961 καὶ
978 906 1078 977 τὴν
1119 909 1270 978 παρὰ
1319 909 1457 962 Θεοῦ
1506 911 1936 981 μισθαποδοσίαν

344 998 690 1061 ἐλπίζοντας.
729 998 901 1053 Τοῦτο
938 999 1048 1069 γὰρ
1074 1000 1359 1069 ἐσήμανεν
1388 999 1560 1054 εἰπών
1586 1019 1600 1032 ⁸
1644 997 1771 1065 (Οἷς
1818 1004 1936 1056 ἐστι

350 1090 540 1159 μισθὸς
569 1091 773 1159 ἀγαθὸς
809 1093 866 1145 ἐν
901 1092 1087 1163 μόχθῳ
1118 1093 1318 1146 αὐτῶν.
1359 1112 1377 1144 ι
1413 1092 1489 1146 Οὐ
1525 1094 1633 1165 γὰρ
1668 1094 1791 1158 ὼςό
1821 1113 1939 1164 φει-

346 1184 512 1247 δωλὸς
552 1186 762 1247 ἐκεῖνος
796 1184 973 1255 πέρας
1018 1185 1119 1238 οὐκ
1157 1185 1422 1248 ἐπιτιθεὶς
1455 1188 1569 1257 τοῖς
1604 1188 1801 1241 ἑαυτοῦ
1843 1188 1936 1257 p.6-

347 1278 498 1348 χθοις
528 1281 621 1334 καὶ
649 1281 834 1343 πόνοις
861 1281 998 1351 πρὸς
1025 1278 1105 1350 τῷ
1133 1281 1293 1350 μόνον
1330 1280 1588 1345 ἐπαύξειν
1631 1282 1727 1334 καὶ
1754 1298 1937 1353 παρα-

348 1372 545 1426 τείνειν
575 1373 666 1426 τὸν
695 1371 947 1439 πλοῦτον,
980 1373 1074 1426 καὶ
1105 1370 1370 1442 μηδαμῶς
1393 1374 1506 1434 τοῖς
1532 1372 1734 1425 ἐνδεέσι
1761 1373 1938 1427 διανέ-

353 1483 471 1536 μων
520 1466 590 1519 τά
649 1466 789 1538 πρὸς
840 1465 1215 1537 αὐτάρκειανο
1252 1464 1348 1518 ἆτε
1388 1463 1453 1535 δὴ
1483 1465 1581 1535 τὴν
1616 1466 1936 1535 προαίρεσιν

351 1557 655 1628 ἀκόρεστον
688 1558 830 1627 ἔχων
877 1557 1014 1628 πρὸς
1054 1556 1307 1622 πλοῦτον,
1338 1557 1435 1611 καὶ
1488 1557 1731 1628 μηδόλως
1774 1559 1940 1629 ἐμπι-

352 1650 661 1721 πλαμένην,
680 1650 855 1714 οὕτως
881 1649 942 1703 οὔ
963 1667 1027 1719 γε
1060 1650 1481 1723 καθυπογράφει
1514 1650 1607 1703 καὶ
1635 1652 1763 1714 τοὺς
1795 1667 1938 1721 παρ·-

350 1740 510 1803 όντας
537 1740 630 1793 δύο
660 1741 1051 1811 φιλοπλούτους
1082 1741 1175 1793 καὶ
1214 1740 1554 1810 μισοκάλους
1602 1740 1698 1795 καὶ
1739 1740 1936 1810 φειδω-

2041 644 2253 690 rectum
2285 636 2421 691 illud
2453 637 2722 706 judicium
2759 639 3023 709 cogitent,
3052 634 3202 705 quod
3238 633 3484 688 futurum
3520 644 3622 695 est,

2040 737 2095 782 et
2127 726 2350 797 praamia
2400 737 2640 797 sperent,
2681 744 2803 797 qua:
2842 744 2872 782 a
2912 727 3020 781 Deo
3050 722 3428 779 distribuenda
3473 732 3624 777 sunt.

2041 816 2179 874 Nam
2228 820 2333 873 hoc
2387 819 2518 873 item
2568 818 2923 888 signiﬁcavit,
2966 834 3091 873 eum
3139 816 3321 871 dixit:
3361 835 3379 867 ι
3412 813 3625 880 Quibus

2041 920 2125 966 est
2160 927 2371 967 merces
2419 911 2565 965 bona
2615 911 2667 965 in
2700 911 2885 967 labore
2920 925 3042 967 suo.
3076 928 3094 961 ι
3131 906 3319 978 Neque
3362 906 3511 961 enim
3567 916 3625 958 ut

2043 1004 2303 1063 sordidus
2335 1004 2446 1068 ille,
2475 1003 2571 1073 qui
2610 1005 2833 1059 modum
2869 1002 3075 1058 laboris
3119 1016 3185 1056 ac
3215 998 3627 1069 defatigatiouis

2045 1114 2263 1154 omnem
2308 1099 2545 1169 ignorat,
2595 1108 2653 1153 ut
2703 1113 2836 1168 opes
2879 1104 3080 1166 augeat
3125 1109 3191 1150 ac
3229 1091 3492 1163 proferat,
3529 1106 3628 1145 nec

2044 1192 2345 1262 quidquam
2377 1193 2686 1259 egentibus,
2718 1189 2863 1260 quod
2906 1189 3042 1243 satis
3079 1188 3172 1250 sit,
3221 1184 3507 1254 elargitur,
3542 1183 3629 1237 in-

2046 1285 2286 1340 satiahili
2339 1301 2557 1356 semper
2591 1285 2801 1345 animo,
2857 1296 2957 1337 nec
2993 1294 3239 1350 unquam
3291 1276 3502 1331 divitiis
3535 1290 3628 1329 sa-

2047 1386 2192 1443 turo,
2228 1378 2308 1432 sic
2353 1388 2408 1432 et
2449 1379 2559 1432 duo
2589 1377 2677 1433 isti
2713 1374 3102 1431 describuntur
3135 1370 3383 1442 pecuniae
3421 1378 3631 1421 amato-

2046 1484 2170 1535 res,
2224 1470 2445 1525 virtutis
2505 1470 2712 1536 hostes,
2775 1468 2962 1530 avari,
3014 1463 3261 1529 sordidi;
3320 1468 3377 1516 at
3434 1469 3627 1515 contra

2044 1562 2434 1618 misericordes
2485 1564 2694 1619 scilicet
2736 1572 2903 1629 atque
2961 1556 3251 1612 unanimes
3299 1568 3473 1608 :nam
3527 1551 3632 1605 hoc

2042 1662 2248 1723 aperte,
2283 1665 2343 1707 ut
2368 1656 2481 1724 jam
2514 1654 2781 1719 diximus,
2826 1651 2916 1706 illa
2966 1648 3280 1720 signiﬁcant
3310 1664 3325 1701 :
3362 1662 3382 1696 ι
3418 1642 3632 1710 Quibus

2041 1756 2127 1801 est
2158 1763 2371 1803 merces
2402 1749 2544 1802 bona
2578 1748 2635 1801 in
2668 1746 2855 1800 labore
2886 1759 3009 1799 suo.
3044 1761 3062 1794 ι

352 1832 505 1896 λοῦς’
548 1833 666 1888 ἀλλ’
733 1832 971 1904 ἔμπαλιν
1040 1833 1341 1903 ἐλεήμονας
1407 1832 1651 1905 δηλονότι
1682 1835 1777 1889 καὶ
1811 1835 2139 1905 συμπαθεῖς.
2171 1840 2342 1893 Τοῦτο
2374 1840 2481 1913 γὰρ
2512 1840 2844 1912 παρίστησιν
2887 1832 3134 1906 ἐναργῶς
3178 1831 3402 1903 φάσκων
3433 1846 3448 1861 ⁸
3487 1847 3507 1880 ι
3535 1822 3630 1891 Οἷς

351 1926 467 1977 ἐστι
504 1923 694 1994 μισθὸς
739 1923 944 1990 ἀγαθὸς
977 1924 1037 1975 ἐν
1067 1923 1252 1994 μόχθῳ
1285 1924 1486 1991 αὐτῶν,
1526 1943 1545 1975 ι
1578 1924 1652 1988 ὡς
1687 1924 1933 1994 ἐφθημεν
1973 1930 2243 1995 εἰπόντες.

424 2016 616 2070 Καίτοι
653 2033 716 2084 γε
750 2020 843 2069 καὶ
874 2017 1035 2087 μόνος
1064 2018 1092 2069 6
1124 2011 1205 2079 εἷς
1252 2017 1458 2085 ἀγαθὸς
1497 2020 1592 2071 καὶ
1627 2018 1939 2088 φιλάνθρω-

2112 2025 2383 2081 Caeterum
2437 2023 2539 2080 etsi
2596 2024 2681 2079 vel
2722 2037 2869 2078 unus
2918 2029 3168 2083 tantum,
3216 2031 3377 2087 quem
3423 2015 3627 2069 bonum

349 2124 450 2169 πος
510 2106 956 2177 παρειλημμένος
1007 2106 1234 2178 βελτίων
1297 2107 1617 2174 εὑρίσκεται
1670 2107 1768 2161 τοῦ
1821 2108 1941 2172 ἐνὸς

348 2200 714 2268 ἀσυμπαθοῦς
762 2199 1008 2269 δηλονότι
1066 2200 1164 2253 καὶ
1206 2200 1496 2268 φειδωλοῦ,
1528 2201 1623 2257 καὶ
1645 2200 1707 2253 τὸ
1736 2202 1942 2269 ἀμετά-

348 2292 501 2346 δοτον
550 2292 650 2362 τῆς
702 2294 1084 2363 προαιρέσεως
1128 2292 1347 2364 ἔχοντος
1373 2310 1386 2325 ⁸
1428 2293 1568 2363 πλὴν
1600 2294 1738 2347 ἀλλὰ
1782 2294 1942 2364 γάρὸ

355 2387 515 2455 σοφὸς
552 2385 990 2456 Ἐκκλησιαστὴς
1027 2384 1120 2438 δύο
1166 2386 1591 2457 παραλαμϐάνει
1616 2387 1942 2457 φιλοκάλους

353 2477 448 2528 καὶ
507 2477 834 2547 συμπαθεῖς,
863 2477 923 2529 τὸ
985 2478 1383 2549 ἀναντίρρητον
1406 2482 1472 2551 τῇ
1521 2481 1807 2549 συγκρίσει
1833 2480 1941 2534 τῶν

357 2573 506 2627 ἰδίων
568 2574 740 2642 λόγων
801 2572 1054 2627 ἐντεῦθεν
1101 2572 1569 2637 κατασκευάζων,
1602 2573 1684 2625 ὅτι
1742 2573 1937 2642 φησίνο

358 2686 377 2716 ε
425 2666 551 2718 Ἐὰν
579 2667 839 2729 πέσωσιν,
868 2668 896 2718 6
938 2661 1019 2729 εἷς
1045 2668 1228 2734 ἐγερεῖ
1274 2665 1367 2718 τὸν
1403 2666 1631 2735 μέτοχον
1679 2663 1866 2717 αὑτοῦ.
1914 2682 1932 2714 ι

368 2756 456 2821 Ὡς
498 2756 777 2810 εὐολίσθου
806 2757 907 2828 τῆς
944 2756 1299 2828 ἀνθρωπίνης
1349 2754 1725 2827 προαιρέσεως
1750 2752 1939 2823 οὔσης,

355 2851 451 2902 καὶ
478 2850 578 2921 τὴν
626 2851 986 2920 ἑτοιμοτάτην
1013 2849 1150 2920 πρὸς
1188 2848 1258 2902 τὰ
1286 2847 1466 2919 φαῦλα
1497 2849 1673 2919 ῥοπὴν
1712 2848 1940 2918 ἐχούσης

359 2943 581 3011 μᾶλλον,
614 2943 648 3013 ἢ
690 2943 828 3012 πρὸς
862 2943 959 3013 τὴν
993 2943 1207 3012 αἵρεσιν
1248 2940 1357 2995 τῶν
1386 2940 1611 3009 ἀγαθῶν
1650 2942 1743 2994 καὶ
1774 2957 1941 2994 σπου·

350 3036 542 3101 δαίων,
574 3037 633 3087 ἐν
673 3037 741 3105 τῇ
784 3033 1147 3105 παρεγκλίσει
1188 3034 1283 3087 καὶ
1324 3036 1684 3104 παρεκτροπῇ
1714 3034 1779 3103 τῇ
1805 3033 1943 3102 πρὸς

358 3131 428 3183 τά
472 3130 663 3200 χείρω,
696 3128 921 3197 θάτερον
957 3127 1062 3179 ὑπὸ
1112 3126 1341 3198 θατέρου
1375 3125 1622 3197 δεδέχθαι
1672 3126 1771 3196 τὴν
1795 3125 1943 3196 διόρ-

357 3222 522 3273 θωσιν
570 3218 665 3271 καὶ¹
707 3217 992 3288 βελτίωσιν
1026 3219 1419 3288 αἰνιττόμενος.
1446 3216 1553 3270 Τοῦ
1576 3218 1684 3287 γάρ
1716 3216 1832 3281 ἐνὸς
1864 3218 1944 3280 είς

356 3310 392 3365 ἃ
417 3309 493 3382 μὴ
527 3309 686 3379 θέμις
735 3307 1252 3379 κατολισθήσαντος,
1286 3309 1382 3361 καὶ
1415 3306 1683 3378 μηδαμῶς
1724 3308 1941 3378 ἔχοντος

2043 2118 2452 2185 humanumque
2499 2132 2622 2171 esse
2668 2121 2901 2180 constet,
2954 2111 3147 2166 melior
3191 2108 3367 2163 altero
3418 2105 3630 2160 inveni-

2043 2222 2169 2273 tur,
2225 2210 2321 2279 qui
2370 2218 2426 2265 et
2484 2206 2845 2263 humanitatis
2900 2218 3100 2274 expers
3161 2201 3272 2265 sit,
3333 2208 3390 2255 et
3456 2197 3630 2252 avari-

2042 2301 2129 2355 tiae
2157 2301 2290 2356 vitio
2313 2317 2378 2356 ac
2399 2302 2699 2371 cupiditate
2723 2298 2972 2364 laboret;
3005 2295 3166 2350 binos
3188 2302 3372 2348 tamen
3405 2289 3627 2360 sapiens

2040 2391 2408 2449 Ecclesiastes
2448 2393 2684 2448 assumit
2720 2393 2983 2446 honestos
3024 2388 3173 2442 viros
3205 2393 3262 2440 et
3296 2383 3625 2445 unanimos;

2042 2496 2207 2554 atque
2246 2500 2473 2539 omnem
2502 2484 2613 2554 jam
2654 2499 2685 2538 2
2718 2482 3011 2537 verborum
3061 2492 3288 2534 suorum
3336 2489 3627 2544 compara-

2046 2580 2193 2634 tione
2225 2578 2721 2634 contradictionem
2753 2577 2916 2639 tollit,
2949 2590 3075 2631 cum
3107 2574 3256 2628 dicat
3287 2589 3301 2627 :
3339 2590 3360 2623 ι
3393 2569 3451 2623 Si
3487 2569 3629 2623 ceri-

2043 2672 2247 2738 derint,
2295 2686 2439 2725 unns
2486 2670 2661 2739 eriget
2704 2668 3024 2739 participem
3074 2649 3234 2720 suuin
3271 2682 3283 2717 :
3325 2681 3343 2713 ι
3384 2661 3519 2716 illud
3555 2661 3629 2714 si-

2043 2764 2334 2835 gnificans,
2370 2777 2494 2817 cum
2525 2762 2833 2815 humanum
2875 2757 3163 2813 arbitrium
3198 2754 3358 2810 facile
3390 2752 3629 2816 labatur,

2042 2865 2096 2910 et
2118 2855 2289 2910 multo
2316 2854 2561 2924 paratius
2578 2856 2645 2907 ad
2680 2853 2845 2918 mala,
2869 2866 3031 2921 quam
3059 2848 3127 2903 ad
3157 2849 3426 2903 bonarum
3462 2846 3631 2900 hone-

2047 2958 2372 3018 starumque
2400 2962 2586 3002 rerum
2614 2946 2942 3001 electionem
2984 2943 3077 3006 sit,
3111 2942 3164 2995 in
3195 2937 3539 2995 declinandis
3566 2951 3632 2991 ac

2044 3039 2371 3111 cﬁ'ugiendis
2406 3041 2499 3106 iis,
2540 3056 2663 3111 qum
2700 3038 2973 3094 deteriora
3021 3042 3174 3102 sunt,
3222 3036 3455 3090 alterum
3489 3032 3629 3086 alte-

2046 3133 2163 3188 rius
2190 3133 2425 3189 consilio
2466 3141 2519 3188 et
2553 3148 2660 3204 ape
2696 3132 2904 3203 juravi.
2931 3129 3067 3184 Nam
3101 3130 3147 3184 si
3188 3129 3322 3183 alter
3351 3128 3405 3180 in
3439 3124 3630 3179 illicita

2045 3225 2358 3295 prolapsus,
2397 3241 2666 3295 nusquam
2694 3225 2925 3279 alterum
2958 3223 3217 3293 reperiat,
3246 3237 3277 3275 a
3307 3234 3417 3291 quo
3446 3218 3627 3288 eriga-

2047 3324 2171 3390 tur,
2238 3324 2295 3369 et
2356 3316 2408 3369 in
2489 3315 2770 3370 meliorem
2841 3315 2967 3368 vitae
3030 3321 3234 3367 statum
3307 3316 3627 3370 revocetur,

355 3404 541 3473 ἕτερον
579 3401 670 3454 τὸν
704 3402 1144 3471 διαναστήσαντα
1177 3400 1362 3466 αὑτὸν,
1393 3401 1489 3453 καὶ
1535 3400 1673 3470 πρὸς
1706 3400 1803 3469 τὴν
1832 3398 1940 3452 τῶν

2047 3408 2395 3464 manifestum
2470 3418 2587 3474 est,
2646 3422 2838 3463 casum
2917 3406 3038 3476 ejus
3110 3412 3166 3458 et
3233 3400 3630 3472 prolapsionem

358 3497 689 3568 κρειττόνων
721 3496 1057 3551 κατάστασιν
1091 3495 1456 3561 ἐπανάξοντα,
1492 3495 1643 3566 μένει
1694 3494 1878 3563 σαφῶς
1904 3496 1938 3563 ἠ

359 3588 569 3649 πτῶσις
598 3588 694 3642 καὶ
719 3587 1105 3658 κατολίσθησις
1137 3588 1170 3657 ἡ
1201 3586 1335 3657 πρὸς
1367 3587 1464 3656 τὴν
1504 3586 1780 3656 ἁμαρτίαν
1802 3587 1943 3657 άμε-

356 3683 626 3753 τάὸλητος
659 3681 757 3735 καὶ
786 3680 1065 3743 παντελῶς
1093 3680 1441 3751 άδιόρθωτος.
1467 3680 1568 3733 Διὰ
1596 3680 1755 3733 τοῦτο
1779 3680 1944 3749 φησὶν

360 3775 420 3827 ἐν
466 3775 575 3836 τοῖς
634 3771 993 3840 Εὑαγγελίοις
1025 3772 1054 3823 6
1103 3770 1340 3840 Κύριος’
1381 3789 1400 3821 ι
1440 3770 1614 3823 Ὅπου
1650 3769 1759 3822 εἰσὶ
1785 3768 1877 3822 δύο
1909 3768 1942 3840 ἤ

362 3868 510 3936 τρεῖς
569 3863 898 3935 συνηγμένοι
946 3866 1002 3917 ἐν
1047 3862 1125 3933 τῷ
1169 3863 1289 3933 ἐμῷ
1321 3862 1571 3932 ὀνόματι,
1598 3864 1715 3917 ἐκεῖ
1737 3864 1852 3932 εἰμι
1885 3864 1945 3916 ἐν

368 3958 516 4026 μέσῳ
546 3956 726 4009 αὐτῶν
745 3973 758 3986 ·
801 3974 819 4007 ι
850 3956 948 4024 τὴν
974 3954 1355 4027 ὁμοφροσύνην
1388 3958 1483 4009 καὶ
1515 3955 1818 4027 σύμπνοιαν
1846 3959 1945 4029 τὴν

364 4051 453 4103 ἐπ’
486 4048 678 4119 ἁγαθῷ
703 4047 809 4101 τῶν
845 4046 940 4100 δύο
974 4048 1070 4101 καὶ
1090 4048 1258 4118 τριῶν
1291 4050 1579 4120 κρείττονα
1619 4052 1714 4104 καὶ
1755 4068 1945 4123 προτι-

368 4142 623 4214 μωτέραν
667 4140 762 4193 τοῦ
806 4141 925 4203 ἐνὸς
956 4143 1048 4194 καὶ
1080 4141 1240 4211 μόνου
1297 4142 1482 4210 σαφῶς
1535 4143 1945 4214 εἰσηγούμενος.

365 4235 428 4288 ΕΞ
464 4236 569 4305 γάρ
612 4234 674 4287 τὸ
711 4233 932 4287 ἔλαττον
958 4233 1161 4303 ἀγαθὸν
1210 4233 1609 4305 κατασεμνύνει
1657 4236 1759 4307 τῆς
1811 4236 1946 4307 άλη-

364 4327 518 4390 θείας
569 4329 597 4380 6
656 4325 837 4395 λόγος,
891 4325 1075 4395 πολλῷ
1121 4325 1326 4393 μᾶλλον
1377 4326 1440 4380 τὸ
1496 4324 1711 4397 μεῖζονο
1761 4325 1951 4398 ὥσπερ

363 4423 604 4491 ἔμπαλιν
639 4424 689 4474 εί
717 4422 781 4473 τὸ
813 4420 989 4492 βραχὺ
1022 4421 1194 4497 κακρν
1232 4419 1329 4473 καὶ
1353 4419 1556 4490 φαῦλον
1582 4422 1801 4491 ἡγεῖται
1823 4437 1951 4474 στυ-

364 4517 532 4587 γητὸν
562 4517 657 4570 καὶ
677 4516 933 4582 φευκτὸν,
965 4514 1145 4586 πολλῷ
1178 4514 1377 4585 μᾶλλον
1409 4514 1468 4567 τὸ
1502 4515 1781 4569 πλεῖον.”0
1813 4532 1953 4586 παρ-

359 4608 635 4680 εμπεδῶν,
664 4609 798 4677 φησὶ
840 4609 936 4662 καὶ
970 4610 997 4661 6
1050 4608 1210 4677 σοφὸς
1259 4606 1687 4677 Ἐκκλησιαστής
1714 4624 1726 4636 ·
1772 4625 1792 4658 ι
1845 4608 1951 4661 Καί

2044 3504 2099 3558 in
2139 3512 2421 3573 peccatum
2463 3515 2687 3555 manere
2759 3500 3032 3564 eamdem,
3085 3512 3186 3551 nec
3230 3494 3430 3550 mutari
3472 3493 3633 3564 quid-

2044 3612 2207 3667 quam
2249 3605 2344 3651 aut
2404 3594 2630 3665 corrigi.
2682 3591 2979 3663 Propterea
3030 3592 3166 3646 dicit
3217 3590 3271 3644 in
3322 3587 3632 3657 Evangeliis

2049 3690 2350 3747 Dominus:
2387 3706 2407 3741 ι
2440 3688 2540 3745 Ubi
2585 3696 2715 3744 sunt
2751 3687 2863 3742 duo
2909 3695 3005 3741 aut
3055 3694 3165 3740 tres
3221 3681 3529 3751 congregati
3578 3682 3633 3733 in

2046 3784 2268 3840 nomine
2313 3796 2459 3847 meo,
2503 3781 2577 3835 ibi
2617 3796 2735 3836 sum
2788 3780 2843 3834 in
2897 3778 3079 3832 medio
3107 3791 3299 3830 eorum
3324 3772 3391 3827 ⁸⁸.
3430 3792 3450 3827 ι
3492 3770 3636 3825 Con-

2049 3876 2290 3931 cordiam
2352 3873 2932 3943 couspirationemque
2991 3868 3149 3938 117
3210 3868 3356 3923 circa
3429 3864 3633 3918 bonum

2052 3970 2211 4040 longe
2274 3966 2543 4036 potiorem
2619 3962 3166 4034 praastantioremque
3233 3956 3465 4011 duorum
3541 3954 3636 4007 aut

2048 4061 2217 4115 trium
2271 4072 2417 4122 esse,
2476 4071 2641 4125 quam
2690 4053 2855 4108 unius
2906 4060 3139 4115 tantum,
3189 4045 3482 4102 manifesto
3533 4058 3636 4098 nos

2049 4154 2306 4209 edocens.
2343 4150 2401 4205 Si
2430 4150 2577 4205 enim
2622 4148 2690 4202 ab
2721 4145 2944 4201 oraculo
2976 4142 3224 4197 veritatis
3254 4142 3403 4196 bono
3434 4138 3635 4192 minori

2052 4248 2173 4301 laus
2204 4244 2488 4309 tribuitur,
2521 4240 2699 4296 multo
2728 4239 2903 4309 magis
2931 4235 3125 4303 majori
3154 4252 3168 4289 :
3204 4246 3263 4290 ut
3297 4248 3329 4288 e
3357 4230 3639 4287 contrario

2052 4339 2097 4392 si
2126 4338 2241 4393 leve
2288 4334 2514 4404 aliquod
2562 4333 2767 4389 malum
2812 4338 2867 4385 et
2910 4335 3193 4400 peccatum
3240 4325 3367 4381 odio
3401 4322 3637 4393 fugaque

2053 4429 2281 4501 dignum
2331 4426 2632 4490 habeatur,
2673 4421 2848 4476 multo
2899 4419 3071 4491 magis
3098 4415 3246 4488 quod
3281 4408 3502 4485 gravius
3542 4413 3633 4465 sit.

2054 4523 2232 4591 Atque
2264 4519 2395 4573 illud
2429 4519 2608 4589 ipsum
2637 4516 2973 4571 conﬁrmans
3001 4513 3078 4566 ait
3107 4520 3161 4567 et
3200 4509 3419 4578 sapiens
3446 4506 3636 4561 Eccle-

2056 4615 2255 4669 siastes
2290 4631 2302 4666 :
2338 4630 2356 4663 ι
2387 4610 2451 4664 Ει
2478 4610 2697 4680 quidem
2732 4608 2777 4662 si
2813 4606 3088 4662 dormient
3128 4605 3260 4667 duo,
3293 4601 3456 4657 etiam
3488 4598 3636 4654 calor

364 4721 429 4771 γε
458 4703 554 4755 ἐὰν
584 4700 892 4772 κοιμηθῶσι
947 4699 1061 4765 δύο,
1108 4701 1203 4753 καὶ
1232 4698 1411 4770 θέρμη
1436 4701 1620 4762 αὐτοῖς
1643 4716 1657 4730 ο
1691 4700 1786 4753 καὶ
1809 4701 1836 4753 6
1870 4695 1943 4764 εἷς

2058 4707 2195 4772 illis;
2240 4712 2295 4759 et
2347 4718 2492 4758 unus
2538 4701 2817 4773 quomodo
2858 4696 3242 4768 calefiet(82)?
3277 4714 3293 4745 ι
3346 4693 3636 4748 Certamen

368 4796 484 4859 πῶς
530 4796 848 4867 θερμανθῇ;
903 4813 922 4846 ι
960 4793 1072 4863 Τὴν
1114 4792 1348 4863 ἅμιλλαν
1400 4794 1492 4845 καὶ
1536 4794 1627 4846 τὸν
1658 4791 1949 4864 ἐρεθισμδν

370 4891 627 4959 ἑκατέρου
659 4890 795 4960 πρὸς
835 4887 1097 4957 ἑκάτερον
1149 4885 1248 4956 τὴν
1296 4886 1389 4938 ἐπὶ
1446 4889 1566 4948 ταῖς
1629 4886 1949 4949 σπουδαίαις

371 4982 632 5053 πράξεσιν
684 4982 937 5035 ἐντεῦθεν
986 4978 1345 5051 παραδηλῶν·
1378 4977 1563 5040 καθὼς
1592 4974 1747 5039 οὗτος
1790 4979 1953 5041 αὐτὸς

370 5071 426 5121 ἐν
460 5072 522 5139 τῇ
555 5070 718 5141 βίϐλῳ
741 5070 849 5123 τῶν
885 5068 1201 5141 Παροιμιῶν
1241 5068 1468 5138 ἐμπεδοῖ
1515 5068 1771 5137 φάσκωψ
1805 5088 1821 5121 t
1861 5070 1951 5120 Σί-

440 5182 485 5214 "
521 5181 709 5236 Matth.
740 5198 892 5248 XVIII,
920 5184 1011 5238 20.

444 5293 557 5375 (827)
592 5292 723 5375 Haec
760 5294 1185 5375 Chrysostomus
1219 5296 1285 5352 de
1316 5304 1503 5375 mutua
1536 5296 1677 5352 inter
1702 5297 1953 5375 homines

374 5364 638 5444 (-baritnte
669 5366 1054 5444 accepituqnaz
1080 5368 1309 5444 inviceln
1339 5378 1393 5444 et
1416 5369 1743 5444 voluptatem
1776 5368 1951 5444 aﬁ‘crt,

375 5445 430 5488 ut
474 5435 615 5489 vires
671 5445 850 5502 anget.
908 5435 999 5491 Sic
1044 5439 1187 5493 enim
1244 5435 1586 5493 Ecclesiastie
1634 5441 1955 5492 auctoritate

373 5521 508 5558 usus
533 5513 616 5577 est
640 5521 653 5557 :
692 5506 801 5577 καὶ
824 5505 1021 5577 ἕτερος
1045 5509 1464 5577 αἰνιγματωδῶς
1491 5510 1864 5574 αἰνιττόμενος
1895 5508 1955 5561 τὸ

375 5575 597 5648 ἰσχυρὸν
624 5576 789 5648 αὐτοῦ
820 5575 1005 5644 λέγει’
1052 5575 1587 5648 Ἐὰκκοιμηθῶσιν
1616 5583 1668 5633 οἱ
1694 5580 1826 5640 δύο,
1854 5580 1952 5631 καὶ

372 5647 556 5717 θέρμη
605 5647 841 5713 αὐτοῖς,
878 5648 977 5700 καί
1032 5647 1099 5701 τὸ
1137 5649 1437 5717 crruper
1469 5651 1532 5704 τὸ
1577 5650 1851 5716 ἕντριτον
1883 5653 1953 5703 οὺ

376 5716 529 5798 wan
556 5717 1067 5798 ἀπορῤςιγῄσεται.
1095 5720 1224 5798 ἑκ-αι
1259 5716 1368 5790 γάρ
1397 5723 1491 5774 καὶ
1519 5721 1618 5798 τὴν
1648 5722 1841 5798 ἡδονὴν
1866 5722 1953 5798 εν-

376 5739 529 5798 τιιχυ
556 5739 1067 5788 απορραγησεται.
1115 5739 1224 5771 nat
1259 5739 1368 5790 γαρ
1397 5739 1491 5774 και
1520 5739 1549 5774 τ
1590 5741 1618 5774 ν
1648 5739 1841 5790 ηοονην
1866 5739 1953 5773 εν-

375 5788 550 5861 ταῦθα
588 5789 807 5861 καιτὴν
838 5788 1368 5861 ίσχῦνέκδείκνυται
1392 5830 1406 5853 ,
1446 5739 1841 5861 καὶνίμφάνει,
1873 5792 1953 5844 ὅτι

379 5857 471 5910 καὶ
507 5857 837 5930 ἡσυχάζουσι
863 5857 1032 5931 πολλὴ
1066 5860 1219 5914 ἔσται
1261 5860 1293 5932 ἡ
1325 5861 1521 5935 ἡδονὴ,
1554 5857 1649 5916 καὶ
1675 5862 1956 5933 ἐνεργοῦσι

2056 4800 2185 4855 inde
2235 4797 2751 4867 contentionemque
2785 4796 3073 4851 declarans
3118 4790 3346 4845 alterius
3386 4803 3513 4843 cum
3556 4786 3635 4839 al-

2058 4902 2176 4948 tero
2210 4892 2356 4946 circa
2407 4891 2663 4945 virtutem
2694 4907 2707 4943 :
2740 4887 3199 4959 quemadmodqu
3232 4884 3283 4937 in
3321 4882 3461 4937 libro
3506 4880 3637 4933 Pro-

2056 4986 2364 5041 verbiorum
2386 4985 2503 5056 ipse
2518 4986 2659 5040 idem
2676 4984 2933 5048 asseruit,
2948 4997 3072 5036 cum
3091 4980 3166 5033 ait
3184 4998 3193 5030 :
3210 4998 3227 5028 ί
3248 4978 3476 5031 Ferrum
3494 4974 3638 5029 ferro

2053 5081 2336 5135 exacuitur
2358 5119 2373 5146 ,
2434 5087 2490 5135 et
2540 5079 2703 5133 homo
2728 5076 2946 5132 exacuit
2975 5075 3169 5130 faciem
3204 5072 3430 5126 alterius
3477 5069 3590 5139 (83)
3620 5086 3634 5134 ;

2056 5302 2229 5372 πολλὴ
2249 5303 2284 5372 ἡ
2315 5300 2488 5372 ἰσχύς.
2509 5299 2564 5354 ιιι
2590 5309 2674 5372 est
2692 5319 2710 5372 εν
2726 5298 2795 5353 Et
2820 5298 2958 5372 alius
2980 5298 3114 5372 circa
3147 5295 3263 5372 ejus
3294 5310 3386 5364 per
3413 5294 3638 5372 uruigma

2054 5364 2534 5443 signiﬁcaturdicit
2559 5387 2583 5443 :7
2605 5370 2663 5424 Si
2685 5371 2794 5425 duo
2815 5368 3160 5443 dormierint,
3183 5366 3333 5421 calor
3354 5365 3458 5443 erit
3483 5364 3638 5433 ipsus,

2054 5431 2127 5499 et"
2155 5431 2433 5497 t'tiniculus
2468 5442 2661 5511 triplex
2706 5457 2814 5494 non
2856 5439 3012 5494 facile
3043 5446 3348 5507 rumpatur.
3406 5431 3548 5511 Nam
3593 5446 3641 5490 et

2058 5514 2379 5582 roluptatem
2402 5512 2486 5564 hic
2509 5506 2735 5566 ostendit
2763 5523 2810 5565 et
2837 5511 2993 5571 vires.
3025 5518 3071 5562 et
3106 5524 3353 5582 magnam
3378 5506 3641 5582 quiescere.

2058 5577 2197 5637 libus
2244 5583 2585 5651 voluptatem,
2625 5599 2846 5650 magnas
2876 5577 3219 5651 operantibus
3250 5581 3380 5631 vires
3410 5577 3522 5651 [ore
3549 5577 3640 5629 de-

2056 5657 2249 5708 clarat.
2274 5647 2501 5723 iEipos.
2542 5647 2592 5707 in
2627 5647 2766 5723 psa'l.
2799 5647 3031 5723 essunt,
3056 5667 3112 5723 ιι.
3136 5650 3369 5723 μίλιοιιι.
3416 5647 3504 5723 Υ.)

2130 5724 2243 5793 (85)
2268 5720 2430 5780 Prov.
2468 5720 2645 5789 sxvn,
2668 5725 2755 5779 17.
2795 5724 2863 5777 At
2894 5720 3036 5776 LXX
3064 5720 3329 5776 habent...
3350 5720 3641 5792 πρόσωπον

2060 5796 2299 5866 ἑταίρου.
