  <div class='ocr_page' id='page_1' title='image "/cluster/home/n/w/nwhite01/storage/ocr_20150623/98/hvd.32044015586951/469.png"; bbox 0 0 4172 6518; ppageno 0'>
   <div class='ocr_carea' id='block_1_1' title="bbox 561 420 671 488">
    <p class='ocr_par' dir='ltr' id='par_1_1' title="bbox 561 420 671 488">
     <span class='ocr_line' id='line_1_1' title="bbox 561 420 671 488; baseline 0.009 -1"><span class='ocrx_word' id='word_1_1' title='bbox 561 420 671 488; x_wconf 81' lang='lat'><strong>915</strong></span> 
     </span>
    </p>
   </div>
   <div class='ocr_carea' id='block_1_2' title="bbox 560 533 925 604">
    <p class='ocr_par' dir='ltr' id='par_1_2' title="bbox 560 533 925 604">
     <span class='ocr_line' id='line_1_2' title="bbox 560 533 925 604; baseline -0.003 -17"><span class='ocrx_word' id='word_1_2' title='bbox 560 546 615 591; x_wconf 66' lang='lat' dir='ltr'><strong>et</strong></span> <span class='ocrx_word' id='word_1_3' title='bbox 693 533 925 604; x_wconf 89' lang='lat' dir='ltr'><strong>quodam</strong></span> 
     </span>
    </p>
   </div>
   <div class='ocr_carea' id='block_1_3' title="bbox 560 624 2136 699">
    <p class='ocr_par' dir='ltr' id='par_1_3' title="bbox 560 624 2136 699">
     <span class='ocr_line' id='line_1_3' title="bbox 560 624 2136 699; baseline -0.001 -19"><span class='ocrx_word' id='word_1_4' title='bbox 560 627 647 682; x_wconf 89' lang='lat' dir='ltr'><strong>lus</strong></span> <span class='ocrx_word' id='word_1_5' title='bbox 691 626 831 681; x_wconf 81' lang='lat' dir='ltr'><strong>dixit</strong></span> <span class='ocrx_word' id='word_1_6' title='bbox 876 644 891 682; x_wconf 89' lang='lat'><strong>:</strong></span> <span class='ocrx_word' id='word_1_7' title='bbox 938 644 956 677; x_wconf 80' lang='grc' dir='ltr'>ι</span> <span class='ocrx_word' id='word_1_8' title='bbox 1003 624 1130 680; x_wconf 90' lang='lat' dir='ltr'><strong>Scio</strong></span> <span class='ocrx_word' id='word_1_9' title='bbox 1162 626 1306 682; x_wconf 86' lang='lat' dir='ltr'><strong>enim</strong></span> <span class='ocrx_word' id='word_1_10' title='bbox 1357 636 1669 699; x_wconf 89' lang='lat' dir='ltr'><strong>promptum</strong></span> <span class='ocrx_word' id='word_1_11' title='bbox 1735 628 1978 683; x_wconf 89' lang='lat' dir='ltr'><strong>animum</strong></span> <span class='ocrx_word' id='word_1_12' title='bbox 2042 642 2136 679; x_wconf 88' lang='lat' dir='ltr'><strong>ve-</strong></span> 
     </span>
    </p>
   </div>
   <div class='ocr_carea' id='block_1_4' title="bbox 558 719 2135 790">
    <p class='ocr_par' dir='ltr' id='par_1_4' title="bbox 558 719 2135 790">
     <span class='ocr_line' id='line_1_4' title="bbox 558 719 2135 790; baseline 0.001 -17"><span class='ocrx_word' id='word_1_13' title='bbox 558 733 756 783; x_wconf 89' lang='lat' dir='ltr'><strong>s:rum,</strong></span> <span class='ocrx_word' id='word_1_14' title='bbox 791 734 889 788; x_wconf 92' lang='lat' dir='ltr'><strong>pro</strong></span> <span class='ocrx_word' id='word_1_15' title='bbox 920 735 1030 788; x_wconf 92' lang='lat' dir='ltr'><strong>quo</strong></span> <span class='ocrx_word' id='word_1_16' title='bbox 1069 720 1135 774; x_wconf 91' lang='lat' dir='ltr'><strong>de</strong></span> <span class='ocrx_word' id='word_1_17' title='bbox 1170 720 1324 776; x_wconf 80' lang='lat' dir='ltr'><strong>vobis</strong></span> <span class='ocrx_word' id='word_1_18' title='bbox 1354 721 1556 790; x_wconf 80' lang='lat' dir='ltr'><strong>glorior</strong></span> <span class='ocrx_word' id='word_1_19' title='bbox 1587 721 1728 789; x_wconf 90' lang='lat' dir='ltr'><strong>apud</strong></span> <span class='ocrx_word' id='word_1_20' title='bbox 1774 719 2135 775; x_wconf 79' lang='lat' dir='ltr'><strong>Macedones:</strong></span> 
     </span>
    </p>
   </div>
   <div class='ocr_carea' id='block_1_5' title="bbox 561 811 2142 881">
    <p class='ocr_par' dir='ltr' id='par_1_5' title="bbox 561 811 2142 881">
     <span class='ocr_line' id='line_1_5' title="bbox 561 811 2142 881; baseline -0.001 -16"><span class='ocrx_word' id='word_1_21' title='bbox 561 811 822 880; x_wconf 86' lang='lat' dir='ltr'><strong>quoniam</strong></span> <span class='ocrx_word' id='word_1_22' title='bbox 854 811 1061 866; x_wconf 81' lang='lat' dir='ltr'><strong>Achaia</strong></span> <span class='ocrx_word' id='word_1_23' title='bbox 1104 821 1292 881; x_wconf 89' lang='lat' dir='ltr'><strong>parata</strong></span> <span class='ocrx_word' id='word_1_24' title='bbox 1324 821 1408 868; x_wconf 90' lang='lat' dir='ltr'><strong>est</strong></span> <span class='ocrx_word' id='word_1_25' title='bbox 1439 812 1507 867; x_wconf 94' lang='lat' dir='ltr'><strong>ab</strong></span> <span class='ocrx_word' id='word_1_26' title='bbox 1558 827 1702 866; x_wconf 87' lang='lat' dir='ltr'><strong>anno</strong></span> <span class='ocrx_word' id='word_1_27' title='bbox 1729 812 2046 880; x_wconf 63' lang='lat' dir='ltr'><strong>praeterito;</strong></span> <span class='ocrx_word' id='word_1_28' title='bbox 2087 817 2142 863; x_wconf 92' lang='lat' dir='ltr'><strong>et</strong></span> 
     </span>
    </p>
   </div>
   <div class='ocr_carea' id='block_1_6' title="bbox 562 900 2143 972">
    <p class='ocr_par' dir='ltr' id='par_1_6' title="bbox 562 900 2143 972">
     <span class='ocr_line' id='line_1_6' title="bbox 562 900 2143 972; baseline -0.001 -19"><span class='ocrx_word' id='word_1_29' title='bbox 562 912 744 955; x_wconf 85' lang='lat' dir='ltr'><strong>vestra</strong></span> <span class='ocrx_word' id='word_1_30' title='bbox 793 900 1071 954; x_wconf 73' lang='lat' dir='ltr'><strong>annulatio</strong></span> <span class='ocrx_word' id='word_1_31' title='bbox 1112 903 1428 970; x_wconf 91' lang='lat' dir='ltr'><strong>provocavit</strong></span> <span class='ocrx_word' id='word_1_32' title='bbox 1458 902 1724 972; x_wconf 89' lang='lat' dir='ltr'><strong>plurimos</strong></span> <span class='ocrx_word' id='word_1_33' title='bbox 1740 902 1808 955; x_wconf 84' lang='grc'><strong>⁸⁹.</strong></span> <span class='ocrx_word' id='word_1_34' title='bbox 1842 920 1860 952; x_wconf 70' lang='grc' dir='ltr'><strong>ιι</strong></span> <span class='ocrx_word' id='word_1_35' title='bbox 1897 901 1976 953; x_wconf 87' lang='lat' dir='ltr'><strong>Ac</strong></span> <span class='ocrx_word' id='word_1_36' title='bbox 2020 916 2143 952; x_wconf 88' lang='lat' dir='ltr'><strong>rur-</strong></span> 
     </span>
    </p>
   </div>
   <div class='ocr_carea' id='block_1_7' title="bbox 563 993 2134 1051">
    <p class='ocr_par' dir='ltr' id='par_1_7' title="bbox 563 993 2134 1051">
     <span class='ocr_line' id='line_1_7' title="bbox 563 993 2134 1051; baseline -0.004 -2"><span class='ocrx_word' id='word_1_37' title='bbox 563 1011 684 1049; x_wconf 87' lang='lat' dir='ltr'><strong>sum</strong></span> <span class='ocrx_word' id='word_1_38' title='bbox 721 1013 735 1049; x_wconf 89' lang='lat'><strong>:</strong></span> <span class='ocrx_word' id='word_1_39' title='bbox 764 1012 783 1046; x_wconf 85' lang='grc'><em>‹</em></span> <span class='ocrx_word' id='word_1_40' title='bbox 814 993 1173 1049; x_wconf 71' lang='lat' dir='ltr'><strong>ASmulamini</strong></span> <span class='ocrx_word' id='word_1_41' title='bbox 1204 1005 1385 1050; x_wconf 87' lang='lat' dir='ltr'><strong>autem</strong></span> <span class='ocrx_word' id='word_1_42' title='bbox 1414 995 1742 1051; x_wconf 92' lang='lat' dir='ltr'><strong>charismata</strong></span> <span class='ocrx_word' id='word_1_43' title='bbox 1767 994 1993 1049; x_wconf 87' lang='lat' dir='ltr'><strong>meliora</strong></span> <span class='ocrx_word' id='word_1_44' title='bbox 2014 994 2081 1045; x_wconf 67' lang='lat'><strong>9“.</strong></span> <span class='ocrx_word' id='word_1_45' title='bbox 2116 1010 2134 1043; x_wconf 74' lang='grc' dir='ltr'><strong>ι</strong></span> 
     </span>
    </p>
   </div>
   <div class='ocr_carea' id='block_1_8' title="bbox 632 1171 2142 1241">
    <p class='ocr_par' dir='ltr' id='par_1_8' title="bbox 632 1171 2142 1241">
     <span class='ocr_line' id='line_1_8' title="bbox 632 1171 2142 1241; baseline 0.001 -16"><span class='ocrx_word' id='word_1_46' title='bbox 632 1172 901 1228; x_wconf 87' lang='lat' dir='ltr'><strong>Nimirum</strong></span> <span class='ocrx_word' id='word_1_47' title='bbox 953 1174 1173 1231; x_wconf 87' lang='lat' dir='ltr'><strong>animus</strong></span> <span class='ocrx_word' id='word_1_48' title='bbox 1224 1174 1465 1229; x_wconf 85' lang='lat' dir='ltr'><strong>hominis</strong></span> <span class='ocrx_word' id='word_1_49' title='bbox 1516 1183 1579 1229; x_wconf 89' lang='lat' dir='ltr'><strong>ut</strong></span> <span class='ocrx_word' id='word_1_50' title='bbox 1639 1174 1691 1228; x_wconf 91' lang='lat' dir='ltr'><strong>in</strong></span> <span class='ocrx_word' id='word_1_51' title='bbox 1747 1173 1910 1227; x_wconf 85' lang='lat' dir='ltr'><strong>rebus</strong></span> <span class='ocrx_word' id='word_1_52' title='bbox 1957 1171 2142 1241; x_wconf 82' lang='lat' dir='ltr'><strong>pravis</strong></span> 
     </span>
    </p>
   </div>
   <div class='ocr_carea' id='block_1_9' title="bbox 564 1267 2143 1336">
    <p class='ocr_par' dir='ltr' id='par_1_9' title="bbox 564 1267 2143 1336">
     <span class='ocr_line' id='line_1_9' title="bbox 564 1267 2143 1336; baseline -0.001 -18"><span class='ocrx_word' id='word_1_53' title='bbox 564 1267 876 1335; x_wconf 75' lang='lat' dir='ltr'><strong>proximum</strong></span> <span class='ocrx_word' id='word_1_54' title='bbox 910 1268 1315 1336; x_wconf 85' lang='lat' dir='ltr'><strong>quodammodo</strong></span> <span class='ocrx_word' id='word_1_55' title='bbox 1345 1267 1586 1322; x_wconf 73' lang='lat' dir='ltr'><strong>aemulari</strong></span> <span class='ocrx_word' id='word_1_56' title='bbox 1620 1268 1783 1328; x_wconf 85' lang='lat' dir='ltr'><strong>solet.</strong></span> <span class='ocrx_word' id='word_1_57' title='bbox 1820 1267 1893 1320; x_wconf 86' lang='lat' dir='ltr'><strong>ila</strong></span> <span class='ocrx_word' id='word_1_58' title='bbox 1930 1282 2059 1318; x_wconf 83' lang='lat' dir='ltr'><strong>sane</strong></span> <span class='ocrx_word' id='word_1_59' title='bbox 2090 1274 2143 1318; x_wconf 89' lang='lat' dir='ltr'><strong>et</strong></span> 
     </span>
    </p>
   </div>
   <div class='ocr_carea' id='block_1_10' title="bbox 566 1356 2143 1428">
    <p class='ocr_par' dir='ltr' id='par_1_10' title="bbox 566 1356 2143 1428">
     <span class='ocr_line' id='line_1_10' title="bbox 566 1356 2143 1428; baseline -0.001 -18"><span class='ocrx_word' id='word_1_60' title='bbox 566 1361 620 1411; x_wconf 88' lang='lat' dir='ltr'><strong>in</strong></span> <span class='ocrx_word' id='word_1_61' title='bbox 664 1359 820 1413; x_wconf 84' lang='lat' dir='ltr'><strong>bonis</strong></span> <span class='ocrx_word' id='word_1_62' title='bbox 863 1359 1218 1428; x_wconf 88' lang='lat' dir='ltr'><strong>honestisque</strong></span> <span class='ocrx_word' id='word_1_63' title='bbox 1269 1359 1519 1411; x_wconf 85' lang='lat' dir='ltr'><strong>eumdem</strong></span> <span class='ocrx_word' id='word_1_64' title='bbox 1558 1359 1823 1421; x_wconf 87' lang='lat' dir='ltr'><strong>imitatur,</strong></span> <span class='ocrx_word' id='word_1_65' title='bbox 1859 1366 2022 1425; x_wconf 87' lang='lat' dir='ltr'><strong>atque</strong></span> <span class='ocrx_word' id='word_1_66' title='bbox 2075 1356 2143 1408; x_wconf 89' lang='lat' dir='ltr'><strong>ad</strong></span> 
     </span>
    </p>
   </div>
   <div class='ocr_carea' id='block_1_11' title="bbox 566 1446 2145 1518">
    <p class='ocr_par' dir='ltr' id='par_1_11' title="bbox 566 1446 2145 1518">
     <span class='ocr_line' id='line_1_11' title="bbox 566 1446 2145 1518; baseline -0.003 -17"><span class='ocrx_word' id='word_1_67' title='bbox 566 1465 631 1503; x_wconf 88' lang='lat' dir='ltr'><strong>ea</strong></span> <span class='ocrx_word' id='word_1_68' title='bbox 665 1460 889 1504; x_wconf 75' lang='lat' dir='ltr'><strong>strenue</strong></span> <span class='ocrx_word' id='word_1_69' title='bbox 927 1450 1234 1514; x_wconf 81' lang='lat' dir='ltr'><strong>referenda,</strong></span> <span class='ocrx_word' id='word_1_70' title='bbox 1276 1465 1397 1518; x_wconf 72' lang='lat' dir='ltr'><strong>qua:</strong></span> <span class='ocrx_word' id='word_1_71' title='bbox 1426 1464 1654 1517; x_wconf 89' lang='lat' dir='ltr'><strong>operum</strong></span> <span class='ocrx_word' id='word_1_72' title='bbox 1692 1447 1895 1517; x_wconf 89' lang='lat' dir='ltr'><strong>optima</strong></span> <span class='ocrx_word' id='word_1_73' title='bbox 1939 1446 2145 1498; x_wconf 84' lang='lat' dir='ltr'><strong>haben-</strong></span> 
     </span>
    </p>
   </div>
   <div class='ocr_carea' id='block_1_12' title="bbox 569 1537 2143 1611">
    <p class='ocr_par' dir='ltr' id='par_1_12' title="bbox 569 1537 2143 1611">
     <span class='ocr_line' id='line_1_12' title="bbox 569 1537 2143 1611; baseline -0.002 -18"><span class='ocrx_word' id='word_1_74' title='bbox 569 1547 679 1603; x_wconf 86' lang='lat' dir='ltr'><strong>tur,</strong></span> <span class='ocrx_word' id='word_1_75' title='bbox 712 1541 949 1609; x_wconf 69' lang='lat' dir='ltr'><strong>assurgit</strong></span> <span class='ocrx_word' id='word_1_76' title='bbox 981 1560 993 1594; x_wconf 90' lang='lat'><strong>:</strong></span> <span class='ocrx_word' id='word_1_77' title='bbox 1028 1542 1120 1611; x_wconf 90' lang='lat' dir='ltr'><strong>qui</strong></span> <span class='ocrx_word' id='word_1_78' title='bbox 1161 1541 1206 1595; x_wconf 90' lang='lat' dir='ltr'><strong>si</strong></span> <span class='ocrx_word' id='word_1_79' title='bbox 1240 1541 1391 1594; x_wconf 91' lang='lat' dir='ltr'><strong>solus</strong></span> <span class='ocrx_word' id='word_1_80' title='bbox 1418 1540 1552 1593; x_wconf 77' lang='lat' dir='ltr'><strong>forte</strong></span> <span class='ocrx_word' id='word_1_81' title='bbox 1582 1541 1671 1602; x_wconf 90' lang='lat' dir='ltr'><strong>sit,</strong></span> <span class='ocrx_word' id='word_1_82' title='bbox 1710 1540 1941 1592; x_wconf 83' lang='lat' dir='ltr'><strong>minimc</strong></span> <span class='ocrx_word' id='word_1_83' title='bbox 1973 1537 2143 1591; x_wconf 82' lang='lat' dir='ltr'><strong>divini</strong></span> 
     </span>
    </p>
   </div>
   <div class='ocr_carea' id='block_1_13' title="bbox 568 1630 2145 1702">
    <p class='ocr_par' dir='ltr' id='par_1_13' title="bbox 568 1630 2145 1702">
     <span class='ocr_line' id='line_1_13' title="bbox 568 1630 2145 1702; baseline 0 -17"><span class='ocrx_word' id='word_1_84' title='bbox 568 1633 774 1686; x_wconf 87' lang='lat' dir='ltr'><strong>amoris</strong></span> <span class='ocrx_word' id='word_1_85' title='bbox 822 1640 877 1686; x_wconf 87' lang='lat' dir='ltr'><strong>et</strong></span> <span class='ocrx_word' id='word_1_86' title='bbox 931 1634 1173 1687; x_wconf 60' lang='lat' dir='ltr'><strong>honesta:</strong></span> <span class='ocrx_word' id='word_1_87' title='bbox 1206 1634 1497 1702; x_wconf 80' lang='lat' dir='ltr'><strong>prohaeque</strong></span> <span class='ocrx_word' id='word_1_88' title='bbox 1529 1633 1649 1685; x_wconf 65' lang='lat' dir='ltr'><strong>vitae</strong></span> <span class='ocrx_word' id='word_1_89' title='bbox 1697 1632 1893 1685; x_wconf 88' lang='lat' dir='ltr'><strong>ardore</strong></span> <span class='ocrx_word' id='word_1_90' title='bbox 1943 1630 2145 1686; x_wconf 86' lang='lat' dir='ltr'><strong>incale-</strong></span> 
     </span>
    </p>
   </div>
   <div class='ocr_carea' id='block_1_14' title="bbox 568 1725 2146 1795">
    <p class='ocr_par' dir='ltr' id='par_1_14' title="bbox 568 1725 2146 1795">
     <span class='ocr_line' id='line_1_14' title="bbox 568 1725 2146 1795; baseline -0.001 -19"><span class='ocrx_word' id='word_1_91' title='bbox 568 1726 715 1778; x_wconf 90' lang='lat' dir='ltr'><strong>scit:</strong></span> <span class='ocrx_word' id='word_1_92' title='bbox 745 1734 840 1779; x_wconf 84' lang='lat' dir='ltr'><strong>aut</strong></span> <span class='ocrx_word' id='word_1_93' title='bbox 873 1725 918 1779; x_wconf 91' lang='lat' dir='ltr'><strong>si</strong></span> <span class='ocrx_word' id='word_1_94' title='bbox 968 1728 1093 1795; x_wconf 85' lang='lat' dir='ltr'><strong>quis</strong></span> <span class='ocrx_word' id='word_1_95' title='bbox 1134 1736 1239 1790; x_wconf 87' lang='lat' dir='ltr'><strong>est,</strong></span> <span class='ocrx_word' id='word_1_96' title='bbox 1274 1725 1360 1780; x_wconf 94' lang='lat' dir='ltr'><strong>cui</strong></span> <span class='ocrx_word' id='word_1_97' title='bbox 1407 1725 1510 1778; x_wconf 90' lang='lat' dir='ltr'><strong>hoc</strong></span> <span class='ocrx_word' id='word_1_98' title='bbox 1539 1725 1806 1793; x_wconf 82' lang='lat' dir='ltr'><strong>obtingat,</strong></span> <span class='ocrx_word' id='word_1_99' title='bbox 1841 1733 1947 1777; x_wconf 90' lang='lat' dir='ltr'><strong>tam</strong></span> <span class='ocrx_word' id='word_1_100' title='bbox 1988 1732 2146 1777; x_wconf 80' lang='lat' dir='ltr'><strong>rarus</strong></span> 
     </span>
    </p>
   </div>
   <div class='ocr_carea' id='block_1_15' title="bbox 565 1815 2145 1885">
    <p class='ocr_par' dir='ltr' id='par_1_15' title="bbox 565 1815 2145 1885">
     <span class='ocr_line' id='line_1_15' title="bbox 565 1815 2145 1885; baseline 0.001 -16"><span class='ocrx_word' id='word_1_101' title='bbox 565 1825 671 1873; x_wconf 86' lang='lat' dir='ltr'><strong>est.</strong></span> <span class='ocrx_word' id='word_1_102' title='bbox 707 1827 760 1871; x_wconf 93' lang='lat' dir='ltr'><strong>ut</strong></span> <span class='ocrx_word' id='word_1_103' title='bbox 791 1818 881 1871; x_wconf 82' lang='lat' dir='ltr'><strong>vix</strong></span> <span class='ocrx_word' id='word_1_104' title='bbox 909 1816 1253 1883; x_wconf 79' lang='lat' dir='ltr'><strong>inveniatur;</strong></span> <span class='ocrx_word' id='word_1_105' title='bbox 1303 1828 1355 1871; x_wconf 86' lang='lat' dir='ltr'><strong>et</strong></span> <span class='ocrx_word' id='word_1_106' title='bbox 1407 1817 1497 1872; x_wconf 91' lang='lat' dir='ltr'><strong>hic</strong></span> <span class='ocrx_word' id='word_1_107' title='bbox 1529 1816 1694 1877; x_wconf 89' lang='lat' dir='ltr'><strong>idem,</strong></span> <span class='ocrx_word' id='word_1_108' title='bbox 1736 1815 1779 1870; x_wconf 90' lang='lat' dir='ltr'><strong>si</strong></span> <span class='ocrx_word' id='word_1_109' title='bbox 1810 1816 2145 1885; x_wconf 83' lang='lat' dir='ltr'><strong>potentiores</strong></span> 
     </span>
    </p>
   </div>
   <div class='ocr_carea' id='block_1_16' title="bbox 566 1908 2146 1983">
    <p class='ocr_par' dir='ltr' id='par_1_16' title="bbox 566 1908 2146 1983">
     <span class='ocr_line' id='line_1_16' title="bbox 566 1908 2146 1983; baseline -0.001 -20"><span class='ocrx_word' id='word_1_110' title='bbox 566 1910 959 1978; x_wconf 78' lang='lat' dir='ltr'><strong>subvenerint,</strong></span> <span class='ocrx_word' id='word_1_111' title='bbox 998 1911 1318 1983; x_wconf 90' lang='lat' dir='ltr'><strong>dirigentem</strong></span> <span class='ocrx_word' id='word_1_112' title='bbox 1349 1918 1403 1964; x_wconf 88' lang='lat' dir='ltr'><strong>et</strong></span> <span class='ocrx_word' id='word_1_113' title='bbox 1431 1911 1495 1963; x_wconf 90' lang='lat' dir='ltr'><strong>ad</strong></span> <span class='ocrx_word' id='word_1_114' title='bbox 1526 1908 1785 1978; x_wconf 89' lang='lat' dir='ltr'><strong>optimam</strong></span> <span class='ocrx_word' id='word_1_115' title='bbox 1820 1909 1945 1962; x_wconf 70' lang='lat' dir='ltr'><strong>vita:</strong></span> <span class='ocrx_word' id='word_1_116' title='bbox 1980 1908 2146 1962; x_wconf 84' lang='lat' dir='ltr'><strong>ratio-</strong></span> 
     </span>
    </p>
   </div>
   <div class='ocr_carea' id='block_1_17' title="bbox 566 2000 2143 2067">
    <p class='ocr_par' dir='ltr' id='par_1_17' title="bbox 566 2000 2143 2067">
     <span class='ocr_line' id='line_1_17' title="bbox 566 2000 2143 2067; baseline -0.001 -12"><span class='ocrx_word' id='word_1_117' title='bbox 566 2017 691 2055; x_wconf 82' lang='lat' dir='ltr'><strong>nem</strong></span> <span class='ocrx_word' id='word_1_118' title='bbox 746 2012 1089 2059; x_wconf 87' lang='lat' dir='ltr'><strong>revocantem</strong></span> <span class='ocrx_word' id='word_1_119' title='bbox 1142 2003 1358 2057; x_wconf 85' lang='lat' dir='ltr'><strong>habebit.</strong></span> <span class='ocrx_word' id='word_1_120' title='bbox 1404 2003 1699 2057; x_wconf 88' lang='lat' dir='ltr'><strong>neminem.</strong></span> <span class='ocrx_word' id='word_1_121' title='bbox 1755 2000 1906 2067; x_wconf 86' lang='lat' dir='ltr'><strong>Quod</strong></span> <span class='ocrx_word' id='word_1_122' title='bbox 1959 2009 2143 2055; x_wconf 86' lang='lat' dir='ltr'><strong>autem</strong></span> 
     </span>
    </p>
   </div>
   <div class='ocr_carea' id='block_1_18' title="bbox 568 2092 2144 2164">
    <p class='ocr_par' dir='ltr' id='par_1_18' title="bbox 568 2092 2144 2164">
     <span class='ocr_line' id='line_1_18' title="bbox 568 2092 2144 2164; baseline 0 -17"><span class='ocrx_word' id='word_1_123' title='bbox 568 2095 723 2149; x_wconf 85' lang='lat' dir='ltr'><strong>addit</strong></span> <span class='ocrx_word' id='word_1_124' title='bbox 758 2094 971 2164; x_wconf 84' lang='lat' dir='ltr'><strong>sapiens</strong></span> <span class='ocrx_word' id='word_1_125' title='bbox 1002 2094 1363 2150; x_wconf 79' lang='lat' dir='ltr'><strong>Ecclesiastes</strong></span> <span class='ocrx_word' id='word_1_126' title='bbox 1394 2113 1406 2148; x_wconf 91' lang='lat'>:</span> <span class='ocrx_word' id='word_1_127' title='bbox 1440 2114 1457 2145; x_wconf 80' lang='grc' dir='ltr'>ι</span> <span class='ocrx_word' id='word_1_128' title='bbox 1492 2092 1626 2149; x_wconf 87' lang='lat' dir='ltr'><strong>Etsi</strong></span> <span class='ocrx_word' id='word_1_129' title='bbox 1658 2093 1950 2147; x_wconf 87' lang='lat' dir='ltr'><strong>invaluerit</strong></span> <span class='ocrx_word' id='word_1_130' title='bbox 1978 2108 2144 2156; x_wconf 85' lang='lat' dir='ltr'><strong>unus,</strong></span> 
     </span>
    </p>
   </div>
   <div class='ocr_carea' id='block_1_19' title="bbox 567 2186 2145 2257">
    <p class='ocr_par' dir='ltr' id='par_1_19' title="bbox 567 2186 2145 2257">
     <span class='ocr_line' id='line_1_19' title="bbox 567 2186 2145 2257; baseline 0 -15"><span class='ocrx_word' id='word_1_131' title='bbox 567 2187 679 2242; x_wconf 93' lang='lat' dir='ltr'><strong>duo</strong></span> <span class='ocrx_word' id='word_1_132' title='bbox 708 2188 931 2242; x_wconf 88' lang='lat' dir='ltr'><strong>stabunt</strong></span> <span class='ocrx_word' id='word_1_133' title='bbox 956 2189 1219 2242; x_wconf 84' lang='lat' dir='ltr'><strong>adversus</strong></span> <span class='ocrx_word' id='word_1_134' title='bbox 1244 2203 1407 2252; x_wconf 86' lang='lat' dir='ltr'><strong>eum;</strong></span> <span class='ocrx_word' id='word_1_135' title='bbox 1440 2207 1459 2238; x_wconf 75' lang='grc' dir='ltr'><strong>ι</strong></span> <span class='ocrx_word' id='word_1_136' title='bbox 1491 2203 1658 2241; x_wconf 91' lang='lat' dir='ltr'><strong>unum</strong></span> <span class='ocrx_word' id='word_1_137' title='bbox 1681 2186 1901 2257; x_wconf 78' lang='lat' dir='ltr'><strong>quidem</strong></span> <span class='ocrx_word' id='word_1_138' title='bbox 1936 2202 1967 2241; x_wconf 86' lang='lat' dir='ltr'><strong>a</strong></span> <span class='ocrx_word' id='word_1_139' title='bbox 1999 2198 2145 2242; x_wconf 84' lang='lat' dir='ltr'><strong>reeta</strong></span> 
     </span>
    </p>
   </div>
   <div class='ocr_carea' id='block_1_20' title="bbox 568 2278 2146 2347">
    <p class='ocr_par' dir='ltr' id='par_1_20' title="bbox 568 2278 2146 2347">
     <span class='ocr_line' id='line_1_20' title="bbox 568 2278 2146 2347; baseline -0.001 -14"><span class='ocrx_word' id='word_1_140' title='bbox 568 2295 783 2334; x_wconf 87' lang='lat' dir='ltr'><strong>morum</strong></span> <span class='ocrx_word' id='word_1_141' title='bbox 813 2279 1154 2334; x_wconf 87' lang='lat' dir='ltr'><strong>institutione</strong></span> <span class='ocrx_word' id='word_1_142' title='bbox 1182 2280 1479 2335; x_wconf 85' lang='lat' dir='ltr'><strong>descivisse</strong></span> <span class='ocrx_word' id='word_1_143' title='bbox 1510 2278 1815 2347; x_wconf 80' lang='lat' dir='ltr'><strong>signiﬁcat;</strong></span> <span class='ocrx_word' id='word_1_144' title='bbox 1852 2278 1990 2333; x_wconf 86' lang='lat' dir='ltr'><strong>duos</strong></span> <span class='ocrx_word' id='word_1_145' title='bbox 2017 2292 2146 2331; x_wconf 88' lang='lat' dir='ltr'><strong>vero</strong></span> 
     </span>
    </p>
   </div>
   <div class='ocr_carea' id='block_1_21' title="bbox 567 2369 2149 2440">
    <p class='ocr_par' dir='ltr' id='par_1_21' title="bbox 567 2369 2149 2440">
     <span class='ocr_line' id='line_1_21' title="bbox 567 2369 2149 2440; baseline -0.004 -12"><span class='ocrx_word' id='word_1_146' title='bbox 567 2372 853 2428; x_wconf 79' lang='lat' dir='ltr'><strong>adfuturos</strong></span> <span class='ocrx_word' id='word_1_147' title='bbox 885 2372 960 2425; x_wconf 92' lang='lat' dir='ltr'><strong>illi</strong></span> <span class='ocrx_word' id='word_1_148' title='bbox 996 2387 1063 2426; x_wconf 79' lang='lat' dir='ltr'><strong>ex</strong></span> <span class='ocrx_word' id='word_1_149' title='bbox 1102 2374 1351 2438; x_wconf 88' lang='lat' dir='ltr'><strong>adverso,</strong></span> <span class='ocrx_word' id='word_1_150' title='bbox 1401 2382 1459 2425; x_wconf 90' lang='lat' dir='ltr'><strong>ut</strong></span> <span class='ocrx_word' id='word_1_151' title='bbox 1492 2373 1731 2439; x_wconf 80' lang='lat' dir='ltr'><strong>dirigant</strong></span> <span class='ocrx_word' id='word_1_152' title='bbox 1760 2380 1923 2440; x_wconf 87' lang='lat' dir='ltr'><strong>atque</strong></span> <span class='ocrx_word' id='word_1_153' title='bbox 1954 2369 2149 2424; x_wconf 78' lang='lat' dir='ltr'><strong>confir-</strong></span> 
     </span>
    </p>
   </div>
   <div class='ocr_carea' id='block_1_22' title="bbox 569 2452 2147 2533">
    <p class='ocr_par' dir='ltr' id='par_1_22' title="bbox 569 2452 2147 2533">
     <span class='ocr_line' id='line_1_22' title="bbox 569 2452 2147 2533; baseline -0.001 -16"><span class='ocrx_word' id='word_1_154' title='bbox 569 2472 742 2528; x_wconf 86' lang='lat' dir='ltr'><strong>ment,</strong></span> <span class='ocrx_word' id='word_1_155' title='bbox 777 2465 987 2518; x_wconf 90' lang='lat' dir='ltr'><strong>socium</strong></span> <span class='ocrx_word' id='word_1_156' title='bbox 1042 2479 1235 2533; x_wconf 88' lang='lat' dir='ltr'><strong>nempe</strong></span> <span class='ocrx_word' id='word_1_157' title='bbox 1269 2452 1716 2518; x_wconf 80' lang='lat' dir='ltr'><strong>contubernalem</strong></span> <span class='ocrx_word' id='word_1_158' title='bbox 1768 2472 1823 2517; x_wconf 84' lang='lat' dir='ltr'><strong>et</strong></span> <span class='ocrx_word' id='word_1_159' title='bbox 1871 2462 2147 2516; x_wconf 72' lang='lat' dir='ltr'><strong>cwlestem</strong></span> 
     </span>
    </p>
   </div>
   <div class='ocr_carea' id='block_1_23' title="bbox 570 2556 2142 2627">
    <p class='ocr_par' dir='ltr' id='par_1_23' title="bbox 570 2556 2142 2627">
     <span class='ocr_line' id='line_1_23' title="bbox 570 2556 2142 2627; baseline -0.001 -18"><span class='ocrx_word' id='word_1_160' title='bbox 570 2557 667 2612; x_wconf 89' lang='lat' dir='ltr'><strong>Dei</strong></span> <span class='ocrx_word' id='word_1_161' title='bbox 699 2574 878 2627; x_wconf 89' lang='lat' dir='ltr'><strong>opem,</strong></span> <span class='ocrx_word' id='word_1_162' title='bbox 934 2559 1078 2613; x_wconf 88' lang='lat' dir='ltr'><strong>unde</strong></span> <span class='ocrx_word' id='word_1_163' title='bbox 1126 2559 1306 2613; x_wconf 89' lang='lat' dir='ltr'><strong>omnis</strong></span> <span class='ocrx_word' id='word_1_164' title='bbox 1352 2558 1661 2611; x_wconf 87' lang='lat' dir='ltr'><strong>emendatio</strong></span> <span class='ocrx_word' id='word_1_165' title='bbox 1712 2556 2003 2625; x_wconf 75' lang='lat' dir='ltr'><strong>repetenda</strong></span> <span class='ocrx_word' id='word_1_166' title='bbox 2043 2564 2142 2609; x_wconf 86' lang='lat' dir='ltr'><strong>est.</strong></span> 
     </span>
    </p>
   </div>
   <div class='ocr_carea' id='block_1_24' title="bbox 570 2644 2149 2720">
    <p class='ocr_par' dir='ltr' id='par_1_24' title="bbox 570 2644 2149 2720">
     <span class='ocr_line' id='line_1_24' title="bbox 570 2644 2149 2720; baseline -0.002 -16"><span class='ocrx_word' id='word_1_167' title='bbox 570 2651 754 2716; x_wconf 82' lang='lat' dir='ltr'><strong>Quare</strong></span> <span class='ocrx_word' id='word_1_168' title='bbox 807 2652 883 2706; x_wconf 89' lang='lat' dir='ltr'><strong>ait</strong></span> <span class='ocrx_word' id='word_1_169' title='bbox 926 2670 941 2708; x_wconf 88' lang='lat'><strong>:</strong></span> <span class='ocrx_word' id='word_1_170' title='bbox 990 2644 1014 2703; x_wconf 57' lang='grc' dir='ltr'>ἲ</span> <span class='ocrx_word' id='word_1_171' title='bbox 1046 2652 1113 2706; x_wconf 84' lang='lat' dir='ltr'><strong>Et</strong></span> <span class='ocrx_word' id='word_1_172' title='bbox 1143 2650 1422 2706; x_wconf 82' lang='lat' dir='ltr'><strong>funiculus</strong></span> <span class='ocrx_word' id='word_1_173' title='bbox 1457 2651 1618 2720; x_wconf 79' lang='lat'><strong>118</strong></span> <span class='ocrx_word' id='word_1_174' title='bbox 1646 2650 1841 2720; x_wconf 83' lang='lat' dir='ltr'><strong>triplex</strong></span> <span class='ocrx_word' id='word_1_175' title='bbox 1878 2664 1985 2704; x_wconf 90' lang='lat' dir='ltr'><strong>non</strong></span> <span class='ocrx_word' id='word_1_176' title='bbox 2038 2650 2149 2704; x_wconf 90' lang='lat' dir='ltr'><strong>cito</strong></span> 
     </span>
    </p>
   </div>
   <div class='ocr_carea' id='block_1_25' title="bbox 569 2740 2147 2813">
    <p class='ocr_par' dir='ltr' id='par_1_25' title="bbox 569 2740 2147 2813">
     <span class='ocr_line' id='line_1_25' title="bbox 569 2740 2147 2813; baseline -0.001 -17"><span class='ocrx_word' id='word_1_177' title='bbox 569 2753 893 2812; x_wconf 83' lang='lat' dir='ltr'><strong>rumpetur,</strong></span> <span class='ocrx_word' id='word_1_178' title='bbox 928 2762 946 2795; x_wconf 74' lang='grc' dir='ltr'><strong>ι</strong></span> <span class='ocrx_word' id='word_1_179' title='bbox 1008 2743 1237 2813; x_wconf 81' lang='lat' dir='ltr'><strong>triplicis</strong></span> <span class='ocrx_word' id='word_1_180' title='bbox 1294 2742 1521 2798; x_wconf 81' lang='lat' dir='ltr'><strong>funiculi</strong></span> <span class='ocrx_word' id='word_1_181' title='bbox 1584 2756 1783 2796; x_wconf 80' lang='lat' dir='ltr'><strong>nexum</strong></span> <span class='ocrx_word' id='word_1_182' title='bbox 1843 2740 2147 2811; x_wconf 80' lang='lat' dir='ltr'><strong>infragiletn</strong></span> 
     </span>
    </p>
   </div>
   <div class='ocr_carea' id='block_1_26' title="bbox 570 2834 2150 2906">
    <p class='ocr_par' dir='ltr' id='par_1_26' title="bbox 570 2834 2150 2906">
     <span class='ocr_line' id='line_1_26' title="bbox 570 2834 2150 2906; baseline -0.003 -17"><span class='ocrx_word' id='word_1_183' title='bbox 570 2837 924 2906; x_wconf 89' lang='lat' dir='ltr'><strong>potissimum</strong></span> <span class='ocrx_word' id='word_1_184' title='bbox 950 2852 1261 2906; x_wconf 88' lang='lat' dir='ltr'><strong>proponens</strong></span> <span class='ocrx_word' id='word_1_185' title='bbox 1283 2846 1539 2906; x_wconf 84' lang='lat' dir='ltr'><strong>tanquam</strong></span> <span class='ocrx_word' id='word_1_186' title='bbox 1575 2834 1867 2904; x_wconf 82' lang='lat' dir='ltr'><strong>imaginem</strong></span> <span class='ocrx_word' id='word_1_187' title='bbox 1893 2843 1947 2889; x_wconf 93' lang='lat' dir='ltr'><strong>et</strong></span> <span class='ocrx_word' id='word_1_188' title='bbox 1966 2848 2150 2888; x_wconf 80' lang='lat' dir='ltr'><strong>exem-</strong></span> 
     </span>
    </p>
   </div>
   <div class='ocr_carea' id='block_1_27' title="bbox 570 2927 2147 2999">
    <p class='ocr_par' dir='ltr' id='par_1_27' title="bbox 570 2927 2147 2999">
     <span class='ocr_line' id='line_1_27' title="bbox 570 2927 2147 2999; baseline 0 -18"><span class='ocrx_word' id='word_1_189' title='bbox 570 2929 743 2999; x_wconf 82' lang='lat' dir='ltr'><strong>plum,</strong></span> <span class='ocrx_word' id='word_1_190' title='bbox 779 2932 919 2984; x_wconf 87' lang='lat' dir='ltr'><strong>unde</strong></span> <span class='ocrx_word' id='word_1_191' title='bbox 948 2930 1241 2999; x_wconf 83' lang='lat' dir='ltr'><strong>intelligas,</strong></span> <span class='ocrx_word' id='word_1_192' title='bbox 1278 2930 1399 2999; x_wconf 85' lang='lat' dir='ltr'><strong>plus</strong></span> <span class='ocrx_word' id='word_1_193' title='bbox 1439 2943 1604 2998; x_wconf 90' lang='lat' dir='ltr'><strong>quam</strong></span> <span class='ocrx_word' id='word_1_194' title='bbox 1662 2942 1829 2980; x_wconf 89' lang='lat' dir='ltr'><strong>unum</strong></span> <span class='ocrx_word' id='word_1_195' title='bbox 1865 2936 1958 2981; x_wconf 88' lang='lat' dir='ltr'><strong>aut</strong></span> <span class='ocrx_word' id='word_1_196' title='bbox 1987 2927 2147 2991; x_wconf 89' lang='lat' dir='ltr'><strong>duos,</strong></span> 
     </span>
    </p>
   </div>
   <div class='ocr_carea' id='block_1_28' title="bbox 568 3019 2150 3085">
    <p class='ocr_par' dir='ltr' id='par_1_28' title="bbox 568 3019 2150 3085">
     <span class='ocr_line' id='line_1_28' title="bbox 568 3019 2150 3085; baseline -0.001 -10"><span class='ocrx_word' id='word_1_197' title='bbox 568 3022 751 3076; x_wconf 83' lang='lat' dir='ltr'><strong>valere</strong></span> <span class='ocrx_word' id='word_1_198' title='bbox 781 3022 846 3076; x_wconf 91' lang='lat' dir='ltr'><strong>ad</strong></span> <span class='ocrx_word' id='word_1_199' title='bbox 891 3023 1091 3076; x_wconf 82' lang='lat' dir='ltr'><strong>bonum</strong></span> <span class='ocrx_word' id='word_1_200' title='bbox 1128 3022 1445 3078; x_wconf 88' lang='lat' dir='ltr'><strong>sectandum</strong></span> <span class='ocrx_word' id='word_1_201' title='bbox 1482 3030 1594 3075; x_wconf 90' lang='lat' dir='ltr'><strong>tres</strong></span> <span class='ocrx_word' id='word_1_202' title='bbox 1634 3021 1797 3075; x_wconf 91' lang='lat' dir='ltr'><strong>simul</strong></span> <span class='ocrx_word' id='word_1_203' title='bbox 1830 3019 2150 3085; x_wconf 88' lang='lat' dir='ltr'><strong>concordes,</strong></span> 
     </span>
    </p>
   </div>
   <div class='ocr_carea' id='block_1_29' title="bbox 570 3116 1933 3188">
    <p class='ocr_par' dir='ltr' id='par_1_29' title="bbox 570 3116 1933 3188">
     <span class='ocr_line' id='line_1_29' title="bbox 570 3116 1933 3188; baseline -0.001 -19"><span class='ocrx_word' id='word_1_204' title='bbox 570 3124 634 3171; x_wconf 87' lang='lat' dir='ltr'><strong>ut</strong></span> <span class='ocrx_word' id='word_1_205' title='bbox 666 3116 720 3169; x_wconf 92' lang='lat' dir='ltr'><strong>in</strong></span> <span class='ocrx_word' id='word_1_206' title='bbox 748 3117 1043 3188; x_wconf 84' lang='lat' dir='ltr'><strong>Evangelio</strong></span> <span class='ocrx_word' id='word_1_207' title='bbox 1078 3118 1492 3186; x_wconf 90' lang='lat' dir='ltr'><strong>pronuntiatum</strong></span> <span class='ocrx_word' id='word_1_208' title='bbox 1523 3116 1933 3171; x_wconf 88' lang='lat' dir='ltr'><strong>admonuimus.</strong></span> 
     </span>
    </p>
   </div>
   <div class='ocr_carea' id='block_1_30' title="bbox 648 3295 2146 3367">
    <p class='ocr_par' dir='ltr' id='par_1_30' title="bbox 648 3295 2146 3367">
     <span class='ocr_line' id='line_1_30' title="bbox 648 3295 2146 3367; baseline -0.002 -16"><span class='ocrx_word' id='word_1_209' title='bbox 648 3295 741 3351; x_wconf 89' lang='lat' dir='ltr'><strong>Sic</strong></span> <span class='ocrx_word' id='word_1_210' title='bbox 768 3298 986 3367; x_wconf 85' lang='lat' dir='ltr'><strong>quidem</strong></span> <span class='ocrx_word' id='word_1_211' title='bbox 1034 3297 1168 3361; x_wconf 57' lang='lat' dir='ltr'><strong>hac,</strong></span> <span class='ocrx_word' id='word_1_212' title='bbox 1212 3296 1292 3352; x_wconf 88' lang='lat' dir='ltr'><strong>uti</strong></span> <span class='ocrx_word' id='word_1_213' title='bbox 1342 3304 1561 3362; x_wconf 86' lang='lat' dir='ltr'><strong>sonant,</strong></span> <span class='ocrx_word' id='word_1_214' title='bbox 1614 3296 1979 3365; x_wconf 86' lang='lat' dir='ltr'><strong>interpretati,</strong></span> <span class='ocrx_word' id='word_1_215' title='bbox 2017 3311 2146 3351; x_wconf 90' lang='lat' dir='ltr'><strong>sen-</strong></span> 
     </span>
    </p>
   </div>
   <div class='ocr_carea' id='block_1_31' title="bbox 571 3388 2152 3457">
    <p class='ocr_par' dir='ltr' id='par_1_31' title="bbox 571 3388 2152 3457">
     <span class='ocr_line' id='line_1_31' title="bbox 571 3388 2152 3457; baseline -0.001 -12"><span class='ocrx_word' id='word_1_216' title='bbox 571 3391 803 3445; x_wconf 75' lang='lat' dir='ltr'><strong>tentiam</strong></span> <span class='ocrx_word' id='word_1_217' title='bbox 843 3405 1033 3443; x_wconf 92' lang='lat' dir='ltr'><strong>eorum</strong></span> <span class='ocrx_word' id='word_1_218' title='bbox 1086 3404 1191 3443; x_wconf 93' lang='lat' dir='ltr'><strong>non</strong></span> <span class='ocrx_word' id='word_1_219' title='bbox 1247 3388 1607 3449; x_wconf 86' lang='lat' dir='ltr'><strong>admittimus,</strong></span> <span class='ocrx_word' id='word_1_220' title='bbox 1639 3388 1731 3457; x_wconf 90' lang='lat' dir='ltr'><strong>qui</strong></span> <span class='ocrx_word' id='word_1_221' title='bbox 1770 3388 1837 3441; x_wconf 87' lang='lat' dir='ltr'><strong>de</strong></span> <span class='ocrx_word' id='word_1_222' title='bbox 1884 3388 2065 3441; x_wconf 84' lang='lat' dir='ltr'><strong>anima</strong></span> <span class='ocrx_word' id='word_1_223' title='bbox 2099 3397 2152 3443; x_wconf 88' lang='lat' dir='ltr'><strong>et</strong></span> 
     </span>
    </p>
   </div>
   <div class='ocr_carea' id='block_1_32' title="bbox 572 3480 2153 3550">
    <p class='ocr_par' dir='ltr' id='par_1_32' title="bbox 572 3480 2153 3550">
     <span class='ocr_line' id='line_1_32' title="bbox 572 3480 2153 3550; baseline -0.003 -11"><span class='ocrx_word' id='word_1_224' title='bbox 572 3495 807 3550; x_wconf 86' lang='lat' dir='ltr'><strong>corpore</strong></span> <span class='ocrx_word' id='word_1_225' title='bbox 835 3496 1143 3536; x_wconf 89' lang='lat' dir='ltr'><strong>sermonem</strong></span> <span class='ocrx_word' id='word_1_226' title='bbox 1180 3481 1269 3537; x_wconf 87' lang='lat' dir='ltr'><strong>hic</strong></span> <span class='ocrx_word' id='word_1_227' title='bbox 1303 3497 1426 3536; x_wconf 91' lang='lat' dir='ltr'><strong>esse</strong></span> <span class='ocrx_word' id='word_1_228' title='bbox 1450 3482 1723 3536; x_wconf 81' lang='lat' dir='ltr'><strong>duxerunt</strong></span> <span class='ocrx_word' id='word_1_229' title='bbox 1748 3480 1882 3550; x_wconf 77' lang='lat'><strong>(‘83)</strong></span> <span class='ocrx_word' id='word_1_230' title='bbox 1909 3499 1921 3534; x_wconf 91' lang='lat'>:</span> <span class='ocrx_word' id='word_1_231' title='bbox 1953 3480 2153 3550; x_wconf 86' lang='lat' dir='ltr'><strong>quippe</strong></span> 
     </span>
    </p>
   </div>
   <div class='ocr_carea' id='block_1_33' title="bbox 573 3571 2153 3642">
    <p class='ocr_par' dir='ltr' id='par_1_33' title="bbox 573 3571 2153 3642">
     <span class='ocr_line' id='line_1_33' title="bbox 573 3571 2153 3642; baseline -0.001 -16"><span class='ocrx_word' id='word_1_232' title='bbox 573 3587 696 3641; x_wconf 69' lang='lat' dir='ltr'><strong>quae</strong></span> <span class='ocrx_word' id='word_1_233' title='bbox 730 3572 891 3635; x_wconf 87' lang='lat' dir='ltr'><strong>labat,</strong></span> <span class='ocrx_word' id='word_1_234' title='bbox 929 3583 983 3627; x_wconf 89' lang='lat' dir='ltr'><strong>et</strong></span> <span class='ocrx_word' id='word_1_235' title='bbox 1020 3583 1167 3627; x_wconf 86' lang='lat' dir='ltr'><strong>stare</strong></span> <span class='ocrx_word' id='word_1_236' title='bbox 1203 3588 1312 3627; x_wconf 92' lang='lat' dir='ltr'><strong>non</strong></span> <span class='ocrx_word' id='word_1_237' title='bbox 1350 3582 1547 3642; x_wconf 85' lang='lat' dir='ltr'><strong>p0test.</strong></span> <span class='ocrx_word' id='word_1_238' title='bbox 1584 3572 1776 3626; x_wconf 74' lang='lat' dir='ltr'><strong>Anima</strong></span> <span class='ocrx_word' id='word_1_239' title='bbox 1803 3571 1947 3626; x_wconf 92' lang='lat' dir='ltr'><strong>enim</strong></span> <span class='ocrx_word' id='word_1_240' title='bbox 1980 3572 2153 3641; x_wconf 91' lang='lat' dir='ltr'><strong>impe-</strong></span> 
     </span>
    </p>
   </div>
   <div class='ocr_carea' id='block_1_34' title="bbox 574 3662 2153 3733">
    <p class='ocr_par' dir='ltr' id='par_1_34' title="bbox 574 3662 2153 3733">
     <span class='ocr_line' id='line_1_34' title="bbox 574 3662 2153 3733; baseline -0.001 -14"><span class='ocrx_word' id='word_1_241' title='bbox 574 3664 642 3719; x_wconf 85' lang='lat' dir='ltr'><strong>rii</strong></span> <span class='ocrx_word' id='word_1_242' title='bbox 666 3663 759 3733; x_wconf 84' lang='lat' dir='ltr'><strong>jus</strong></span> <span class='ocrx_word' id='word_1_243' title='bbox 787 3678 950 3718; x_wconf 87' lang='lat' dir='ltr'><strong>omne</strong></span> <span class='ocrx_word' id='word_1_244' title='bbox 977 3664 1158 3728; x_wconf 80' lang='lat' dir='ltr'><strong>habet,</strong></span> <span class='ocrx_word' id='word_1_245' title='bbox 1192 3674 1245 3717; x_wconf 87' lang='lat' dir='ltr'><strong>et</strong></span> <span class='ocrx_word' id='word_1_246' title='bbox 1279 3680 1402 3718; x_wconf 87' lang='lat' dir='ltr'><strong>cum</strong></span> <span class='ocrx_word' id='word_1_247' title='bbox 1426 3664 1511 3719; x_wconf 93' lang='lat' dir='ltr'><strong>sui</strong></span> <span class='ocrx_word' id='word_1_248' title='bbox 1542 3664 1737 3733; x_wconf 85' lang='lat' dir='ltr'><strong>ipsius,</strong></span> <span class='ocrx_word' id='word_1_249' title='bbox 1761 3673 1873 3717; x_wconf 91' lang='lat' dir='ltr'><strong>tum</strong></span> <span class='ocrx_word' id='word_1_250' title='bbox 1906 3662 2153 3733; x_wconf 89' lang='lat' dir='ltr'><strong>corporis</strong></span> 
     </span>
    </p>
   </div>
   <div class='ocr_carea' id='block_1_35' title="bbox 576 3753 2154 3826">
    <p class='ocr_par' dir='ltr' id='par_1_35' title="bbox 576 3753 2154 3826">
     <span class='ocr_line' id='line_1_35' title="bbox 576 3753 2154 3826; baseline -0.001 -15"><span class='ocrx_word' id='word_1_251' title='bbox 576 3756 799 3826; x_wconf 72' lang='lat' dir='ltr'><strong>regendi</strong></span> <span class='ocrx_word' id='word_1_252' title='bbox 827 3771 1097 3811; x_wconf 79' lang='lat' dir='ltr'><strong>summam</strong></span> <span class='ocrx_word' id='word_1_253' title='bbox 1139 3758 1545 3810; x_wconf 86' lang='lat' dir='ltr'><strong>auctoritatem.</strong></span> <span class='ocrx_word' id='word_1_254' title='bbox 1592 3753 1805 3825; x_wconf 85' lang='lat' dir='ltr'><strong>Corpus</strong></span> <span class='ocrx_word' id='word_1_255' title='bbox 1847 3771 1975 3809; x_wconf 83' lang='lat' dir='ltr'><strong>vero</strong></span> <span class='ocrx_word' id='word_1_256' title='bbox 2008 3771 2154 3809; x_wconf 87' lang='lat' dir='ltr'><strong>man-</strong></span> 
     </span>
    </p>
   </div>
   <div class='ocr_carea' id='block_1_36' title="bbox 574 3848 2153 3919">
    <p class='ocr_par' dir='ltr' id='par_1_36' title="bbox 574 3848 2153 3919">
     <span class='ocr_line' id='line_1_36' title="bbox 574 3848 2153 3919; baseline -0.002 -14"><span class='ocrx_word' id='word_1_257' title='bbox 574 3848 776 3919; x_wconf 87' lang='lat' dir='ltr'><strong>cipium</strong></span> <span class='ocrx_word' id='word_1_258' title='bbox 803 3858 887 3903; x_wconf 90' lang='lat' dir='ltr'><strong>est</strong></span> <span class='ocrx_word' id='word_1_259' title='bbox 918 3849 1135 3915; x_wconf 67' lang='lat' dir='ltr'><strong>animm,</strong></span> <span class='ocrx_word' id='word_1_260' title='bbox 1168 3864 1512 3919; x_wconf 69' lang='lat' dir='ltr'><strong>quaecunque</strong></span> <span class='ocrx_word' id='word_1_261' title='bbox 1540 3848 1668 3903; x_wconf 87' lang='lat' dir='ltr'><strong>huic</strong></span> <span class='ocrx_word' id='word_1_262' title='bbox 1694 3848 1982 3903; x_wconf 85' lang='lat' dir='ltr'><strong>arriserint</strong></span> <span class='ocrx_word' id='word_1_263' title='bbox 2014 3863 2153 3917; x_wconf 62' lang='lat' dir='ltr'><strong>prae-</strong></span> 
     </span>
    </p>
   </div>
   <div class='ocr_carea' id='block_1_37' title="bbox 574 3938 2155 4009">
    <p class='ocr_par' dir='ltr' id='par_1_37' title="bbox 574 3938 2155 4009">
     <span class='ocr_line' id='line_1_37' title="bbox 574 3938 2155 4009; baseline -0.001 -14"><span class='ocrx_word' id='word_1_264' title='bbox 574 3950 729 3995; x_wconf 82' lang='lat' dir='ltr'><strong>stans</strong></span> <span class='ocrx_word' id='word_1_265' title='bbox 759 3953 823 3994; x_wconf 83' lang='lat' dir='ltr'><strong>ac</strong></span> <span class='ocrx_word' id='word_1_266' title='bbox 862 3940 1260 3995; x_wconf 85' lang='lat' dir='ltr'><strong>mercenarium</strong></span> <span class='ocrx_word' id='word_1_267' title='bbox 1290 3940 1554 3994; x_wconf 78' lang='lat' dir='ltr'><strong>exhibens</strong></span> <span class='ocrx_word' id='word_1_268' title='bbox 1585 3938 1932 3993; x_wconf 84' lang='lat' dir='ltr'><strong>famulatum.</strong></span> <span class='ocrx_word' id='word_1_269' title='bbox 1964 3939 2155 4009; x_wconf 88' lang='lat' dir='ltr'><strong>Itaque</strong></span> 
     </span>
    </p>
   </div>
   <div class='ocr_carea' id='block_1_38' title="bbox 575 4030 2152 4096">
    <p class='ocr_par' dir='ltr' id='par_1_38' title="bbox 575 4030 2152 4096">
     <span class='ocr_line' id='line_1_38' title="bbox 575 4030 2152 4096; baseline -0.001 -8"><span class='ocrx_word' id='word_1_270' title='bbox 575 4031 623 4089; x_wconf 80' lang='lat' dir='ltr'><strong>si</strong></span> <span class='ocrx_word' id='word_1_271' title='bbox 658 4032 839 4085; x_wconf 87' lang='lat' dir='ltr'><strong>anima</strong></span> <span class='ocrx_word' id='word_1_272' title='bbox 867 4030 934 4085; x_wconf 86' lang='lat' dir='ltr'><strong>ad</strong></span> <span class='ocrx_word' id='word_1_273' title='bbox 967 4032 1167 4085; x_wconf 90' lang='lat' dir='ltr'><strong>malum</strong></span> <span class='ocrx_word' id='word_1_274' title='bbox 1201 4049 1266 4087; x_wconf 92' lang='lat' dir='ltr'><strong>ac</strong></span> <span class='ocrx_word' id='word_1_275' title='bbox 1291 4032 1470 4086; x_wconf 79' lang='lat' dir='ltr'><strong>scelus</strong></span> <span class='ocrx_word' id='word_1_276' title='bbox 1498 4031 1800 4096; x_wconf 77' lang='lat' dir='ltr'><strong>deﬂexerit,</strong></span> <span class='ocrx_word' id='word_1_277' title='bbox 1828 4042 1883 4087; x_wconf 92' lang='lat' dir='ltr'><strong>et</strong></span> <span class='ocrx_word' id='word_1_278' title='bbox 1915 4048 1945 4087; x_wconf 92' lang='lat' dir='ltr'><strong>a</strong></span> <span class='ocrx_word' id='word_1_279' title='bbox 1980 4033 2152 4087; x_wconf 88' lang='lat' dir='ltr'><strong>bona-</strong></span> 
     </span>
    </p>
   </div>
   <div class='ocr_carea' id='block_1_39' title="bbox 573 4123 2153 4193">
    <p class='ocr_par' dir='ltr' id='par_1_39' title="bbox 573 4123 2153 4193">
     <span class='ocr_line' id='line_1_39' title="bbox 573 4123 2153 4193; baseline 0.003 -15"><span class='ocrx_word' id='word_1_280' title='bbox 573 4138 696 4178; x_wconf 85' lang='lat' dir='ltr'><strong>rum</strong></span> <span class='ocrx_word' id='word_1_281' title='bbox 742 4123 1132 4193; x_wconf 84' lang='lat' dir='ltr'><strong>cogitationum</strong></span> <span class='ocrx_word' id='word_1_282' title='bbox 1182 4140 1249 4177; x_wconf 89' lang='lat' dir='ltr'><strong>ac</strong></span> <span class='ocrx_word' id='word_1_283' title='bbox 1296 4125 1710 4178; x_wconf 85' lang='lat' dir='ltr'><strong>meditationum</strong></span> <span class='ocrx_word' id='word_1_284' title='bbox 1758 4127 2153 4182; x_wconf 88' lang='lat' dir='ltr'><strong>consuetudine</strong></span> 
     </span>
    </p>
   </div>
   <div class='ocr_carea' id='block_1_40' title="bbox 575 4216 2155 4291">
    <p class='ocr_par' dir='ltr' id='par_1_40' title="bbox 575 4216 2155 4291">
     <span class='ocr_line' id='line_1_40' title="bbox 575 4216 2155 4291; baseline 0.003 -19"><span class='ocrx_word' id='word_1_285' title='bbox 575 4218 931 4283; x_wconf 75' lang='lat' dir='ltr'><strong>aberraret-it,</strong></span> <span class='ocrx_word' id='word_1_286' title='bbox 972 4216 1088 4271; x_wconf 85' lang='lat' dir='ltr'><strong>ﬁeri</strong></span> <span class='ocrx_word' id='word_1_287' title='bbox 1139 4233 1245 4273; x_wconf 92' lang='lat' dir='ltr'><strong>non</strong></span> <span class='ocrx_word' id='word_1_288' title='bbox 1285 4226 1483 4287; x_wconf 89' lang='lat' dir='ltr'><strong>potest,</strong></span> <span class='ocrx_word' id='word_1_289' title='bbox 1531 4230 1589 4272; x_wconf 88' lang='lat' dir='ltr'><strong>ut</strong></span> <span class='ocrx_word' id='word_1_290' title='bbox 1628 4221 1875 4289; x_wconf 89' lang='lat' dir='ltr'><strong>corporis</strong></span> <span class='ocrx_word' id='word_1_291' title='bbox 1915 4236 2018 4291; x_wconf 91' lang='lat' dir='ltr'><strong>ope</strong></span> <span class='ocrx_word' id='word_1_292' title='bbox 2066 4238 2155 4277; x_wconf 85' lang='lat' dir='ltr'><strong>as-</strong></span> 
     </span>
    </p>
   </div>
   <div class='ocr_carea' id='block_1_41' title="bbox 576 4309 2151 4383">
    <p class='ocr_par' dir='ltr' id='par_1_41' title="bbox 576 4309 2151 4383">
     <span class='ocr_line' id='line_1_41' title="bbox 576 4309 2151 4383; baseline 0.004 -20"><span class='ocrx_word' id='word_1_293' title='bbox 576 4318 788 4378; x_wconf 81' lang='lat' dir='ltr'><strong>surgat,</strong></span> <span class='ocrx_word' id='word_1_294' title='bbox 812 4320 864 4363; x_wconf 88' lang='lat' dir='ltr'><strong>ct</strong></span> <span class='ocrx_word' id='word_1_295' title='bbox 891 4309 1167 4363; x_wconf 90' lang='lat' dir='ltr'><strong>meliorem</strong></span> <span class='ocrx_word' id='word_1_296' title='bbox 1202 4310 1268 4363; x_wconf 92' lang='lat' dir='ltr'><strong>ad</strong></span> <span class='ocrx_word' id='word_1_297' title='bbox 1312 4309 1521 4379; x_wconf 81' lang='lat' dir='ltr'><strong>frugem</strong></span> <span class='ocrx_word' id='word_1_298' title='bbox 1559 4313 1745 4366; x_wconf 88' lang='lat' dir='ltr'><strong>redeat</strong></span> <span class='ocrx_word' id='word_1_299' title='bbox 1771 4332 1785 4367; x_wconf 88' lang='lat'><strong>:</strong></span> <span class='ocrx_word' id='word_1_300' title='bbox 1809 4329 1985 4383; x_wconf 86' lang='lat' dir='ltr'><strong>neque</strong></span> <span class='ocrx_word' id='word_1_301' title='bbox 2006 4315 2151 4370; x_wconf 91' lang='lat' dir='ltr'><strong>enim</strong></span> 
     </span>
    </p>
   </div>
   <div class='ocr_carea' id='block_1_42' title="bbox 577 4400 2148 4476">
    <p class='ocr_par' dir='ltr' id='par_1_42' title="bbox 577 4400 2148 4476">
     <span class='ocr_line' id='line_1_42' title="bbox 577 4400 2148 4476; baseline 0.004 -21"><span class='ocrx_word' id='word_1_302' title='bbox 577 4400 712 4455; x_wconf 89' lang='lat' dir='ltr'><strong>illud</strong></span> <span class='ocrx_word' id='word_1_303' title='bbox 740 4400 815 4453; x_wconf 91' lang='lat' dir='ltr'><strong>ita</strong></span> <span class='ocrx_word' id='word_1_304' title='bbox 846 4411 1224 4469; x_wconf 88' lang='lat' dir='ltr'><strong>comparatum</strong></span> <span class='ocrx_word' id='word_1_305' title='bbox 1256 4410 1357 4455; x_wconf 89' lang='lat' dir='ltr'><strong>est.</strong></span> <span class='ocrx_word' id='word_1_306' title='bbox 1396 4402 1473 4456; x_wconf 79' lang='lat' dir='ltr'><strong>Ac</strong></span> <span class='ocrx_word' id='word_1_307' title='bbox 1502 4418 1747 4467; x_wconf 88' lang='lat' dir='ltr'><strong>rursum,</strong></span> <span class='ocrx_word' id='word_1_308' title='bbox 1792 4405 1837 4458; x_wconf 92' lang='lat' dir='ltr'><strong>si</strong></span> <span class='ocrx_word' id='word_1_309' title='bbox 1871 4422 2070 4476; x_wconf 89' lang='lat' dir='ltr'><strong>corpus</strong></span> <span class='ocrx_word' id='word_1_310' title='bbox 2095 4407 2148 4461; x_wconf 92' lang='lat' dir='ltr'><strong>in</strong></span> 
     </span>
    </p>
   </div>
   <div class='ocr_carea' id='block_1_43' title="bbox 575 4492 2153 4567">
    <p class='ocr_par' dir='ltr' id='par_1_43' title="bbox 575 4492 2153 4567">
     <span class='ocr_line' id='line_1_43' title="bbox 575 4492 2153 4567; baseline 0.004 -21"><span class='ocrx_word' id='word_1_311' title='bbox 575 4504 863 4561; x_wconf 83' lang='lat' dir='ltr'><strong>peccatum</strong></span> <span class='ocrx_word' id='word_1_312' title='bbox 914 4492 1164 4546; x_wconf 85' lang='lat' dir='ltr'><strong>decidere</strong></span> <span class='ocrx_word' id='word_1_313' title='bbox 1218 4492 1539 4562; x_wconf 86' lang='lat' dir='ltr'><strong>prolahique</strong></span> <span class='ocrx_word' id='word_1_314' title='bbox 1589 4497 1902 4567; x_wconf 76' lang='lat' dir='ltr'><strong>contingat,</strong></span> <span class='ocrx_word' id='word_1_315' title='bbox 1962 4514 2069 4553; x_wconf 90' lang='lat' dir='ltr'><strong>non</strong></span> <span class='ocrx_word' id='word_1_316' title='bbox 2122 4514 2153 4553; x_wconf 86' lang='lat' dir='ltr'><strong>a</strong></span> 
     </span>
    </p>
   </div>
   <div class='ocr_carea' id='block_1_44' title="bbox 1636 416 2659 483">
    <p class='ocr_par' dir='ltr' id='par_1_44' title="bbox 1636 416 2659 483">
     <span class='ocr_line' id='line_1_44' title="bbox 1636 416 2659 483; baseline -0.008 0"><span class='ocrx_word' id='word_1_317' title='bbox 1636 424 1697 482; x_wconf 91' lang='lat' dir='ltr'><strong>S.</strong></span> <span class='ocrx_word' id='word_1_318' title='bbox 1722 420 2099 483; x_wconf 82' lang='lat' dir='ltr'><strong>GREGORII</strong></span> <span class='ocrx_word' id='word_1_319' title='bbox 2155 416 2659 478; x_wconf 80' lang='lat' dir='ltr'><strong>AGRIGENTINI</strong></span> 
     </span>
    </p>
   </div>
   <div class='ocr_carea' id='block_1_45' title="bbox 1023 522 2150 603">
    <p class='ocr_par' dir='ltr' id='par_1_45' title="bbox 1023 532 2142 603">
     <span class='ocr_line' id='line_1_45' title="bbox 1023 532 2142 603; baseline -0.002 -17"><span class='ocrx_word' id='word_1_320' title='bbox 1023 532 1077 586; x_wconf 79' lang='lat' dir='ltr'><strong>in</strong></span> <span class='ocrx_word' id='word_1_321' title='bbox 1171 532 1294 588; x_wconf 92' lang='lat' dir='ltr'><strong>loco</strong></span> <span class='ocrx_word' id='word_1_322' title='bbox 1385 534 1551 590; x_wconf 88' lang='lat' dir='ltr'><strong>etiam</strong></span> <span class='ocrx_word' id='word_1_323' title='bbox 1644 534 1847 591; x_wconf 84' lang='lat' dir='ltr'><strong>Paulus</strong></span> <span class='ocrx_word' id='word_1_324' title='bbox 1920 542 2142 603; x_wconf 89' lang='lat' dir='ltr'><strong>aposto-</strong></span> 
     </span>
    </p>
   </div>
   <div class='ocr_carea' id='block_1_46' title="bbox 2250 522 3828 603">
    <p class='ocr_par' dir='ltr' id='par_1_46' title="bbox 2250 522 3828 599">
     <span class='ocr_line' id='line_1_46' title="bbox 2250 522 3828 599; baseline -0.003 -18"><span class='ocrx_word' id='word_1_325' title='bbox 2250 529 2407 599; x_wconf 85' lang='grc' dir='ltr'>δηρος</span> <span class='ocrx_word' id='word_1_326' title='bbox 2438 529 2655 599; x_wconf 89' lang='grc' dir='ltr'>σίδηρον</span> <span class='ocrx_word' id='word_1_327' title='bbox 2699 526 2903 591; x_wconf 73' lang='grc' dir='ltr'>ὀξύνει·</span> <span class='ocrx_word' id='word_1_328' title='bbox 2934 526 3074 597; x_wconf 75' lang='grc' dir='ltr'>ἀνὴρ</span> <span class='ocrx_word' id='word_1_329' title='bbox 3117 527 3173 580; x_wconf 83' lang='grc' dir='ltr'><strong>δέ</strong></span> <span class='ocrx_word' id='word_1_330' title='bbox 3206 522 3500 596; x_wconf 74' lang='grc' dir='ltr'>παροξύνει</span> <span class='ocrx_word' id='word_1_331' title='bbox 3531 524 3828 595; x_wconf 80' lang='grc' dir='ltr'>πρόσωπον</span> 
     </span>
    </p>
   </div>
   <div class='ocr_carea' id='block_1_47' title="bbox 3722 403 3826 469">
    <p class='ocr_par' dir='ltr' id='par_1_47' title="bbox 3722 403 3826 469">
     <span class='ocr_line' id='line_1_47' title="bbox 3722 403 3826 469; baseline 0 0"><span class='ocrx_word' id='word_1_332' title='bbox 3722 403 3826 469; x_wconf 73' lang='lat'><strong>916</strong></span> 
     </span>
    </p>
   </div>
   <div class='ocr_carea' id='block_1_48' title="bbox 2241 616 3829 692">
    <p class='ocr_par' dir='ltr' id='par_1_48' title="bbox 2241 616 3829 692">
     <span class='ocr_line' id='line_1_48' title="bbox 2241 616 3829 692; baseline -0.003 -20"><span class='ocrx_word' id='word_1_333' title='bbox 2241 621 2451 692; x_wconf 87' lang='grc' dir='ltr'>ἐτέρου.</span> <span class='ocrx_word' id='word_1_334' title='bbox 2486 639 2505 671; x_wconf 71' lang='grc' dir='ltr'><strong>ι</strong></span> <span class='ocrx_word' id='word_1_335' title='bbox 2541 620 2680 690; x_wconf 74' lang='grc' dir='ltr'>Φησὶ</span> <span class='ocrx_word' id='word_1_336' title='bbox 2715 619 2772 673; x_wconf 88' lang='grc' dir='ltr'><strong>δέ</strong></span> <span class='ocrx_word' id='word_1_337' title='bbox 2801 635 2903 673; x_wconf 87' lang='grc' dir='ltr'>που</span> <span class='ocrx_word' id='word_1_338' title='bbox 2955 620 3049 673; x_wconf 70' lang='grc' dir='ltr'><strong>καὶ</strong></span> <span class='ocrx_word' id='word_1_339' title='bbox 3092 618 3304 681; x_wconf 80' lang='grc' dir='ltr'><strong>Παῦλος</strong></span> <span class='ocrx_word' id='word_1_340' title='bbox 3331 620 3359 671; x_wconf 99' lang='lat'><strong>6</strong></span> <span class='ocrx_word' id='word_1_341' title='bbox 3388 616 3560 687; x_wconf 83' lang='grc' dir='ltr'>μέγας</span> <span class='ocrx_word' id='word_1_342' title='bbox 3588 616 3829 669; x_wconf 83' lang='grc' dir='ltr'>ἀπόστο-</span> 
     </span>
    </p>
   </div>
   <div class='ocr_carea' id='block_1_49' title="bbox 2240 707 3829 783">
    <p class='ocr_par' dir='ltr' id='par_1_49' title="bbox 2240 707 3829 783">
     <span class='ocr_line' id='line_1_49' title="bbox 2240 707 3829 783; baseline -0.004 -17"><span class='ocrx_word' id='word_1_343' title='bbox 2240 712 2364 775; x_wconf 72' lang='grc' dir='ltr'>λος*</span> <span class='ocrx_word' id='word_1_344' title='bbox 2402 731 2420 764; x_wconf 79' lang='grc' dir='ltr'><strong>ι</strong></span> <span class='ocrx_word' id='word_1_345' title='bbox 2458 707 2587 765; x_wconf 73' lang='grc' dir='ltr'><strong>Οἶδα</strong></span> <span class='ocrx_word' id='word_1_346' title='bbox 2626 712 2736 783; x_wconf 79' lang='grc' dir='ltr'>γὰρ</span> <span class='ocrx_word' id='word_1_347' title='bbox 2795 712 2893 783; x_wconf 78' lang='grc' dir='ltr'>τὴν</span> <span class='ocrx_word' id='word_1_348' title='bbox 2943 711 3255 783; x_wconf 72' lang='grc' dir='ltr'><strong>προθυμίαν</strong></span> <span class='ocrx_word' id='word_1_349' title='bbox 3310 711 3497 779; x_wconf 84' lang='grc' dir='ltr'>ὑμῶν,</span> <span class='ocrx_word' id='word_1_350' title='bbox 3555 710 3623 779; x_wconf 76' lang='grc' dir='ltr'>ἣν</span> <span class='ocrx_word' id='word_1_351' title='bbox 3685 709 3829 778; x_wconf 78' lang='grc' dir='ltr'>ὑπὲρ</span> 
     </span>
    </p>
   </div>
   <div class='ocr_carea' id='block_1_50' title="bbox 2241 801 3830 875">
    <p class='ocr_par' dir='ltr' id='par_1_50' title="bbox 2241 801 3830 875">
     <span class='ocr_line' id='line_1_50' title="bbox 2241 801 3830 875; baseline -0.003 -18"><span class='ocrx_word' id='word_1_352' title='bbox 2241 804 2395 875; x_wconf 80' lang='grc' dir='ltr'>ὑμῶν</span> <span class='ocrx_word' id='word_1_353' title='bbox 2422 803 2715 874; x_wconf 81' lang='grc' dir='ltr'><strong>καυχῶμαι</strong></span> <span class='ocrx_word' id='word_1_354' title='bbox 2739 803 3051 856; x_wconf 81' lang='grc' dir='ltr'><strong>Μακεδόσιν</strong></span> <span class='ocrx_word' id='word_1_355' title='bbox 3076 819 3090 833; x_wconf 87' lang='grc'><strong>·</strong></span> <span class='ocrx_word' id='word_1_356' title='bbox 3123 803 3206 856; x_wconf 83' lang='grc' dir='ltr'>ὅτι</span> <span class='ocrx_word' id='word_1_357' title='bbox 3246 802 3444 870; x_wconf 80' lang='grc' dir='ltr'>Ἀχαΐα</span> <span class='ocrx_word' id='word_1_358' title='bbox 3475 801 3830 872; x_wconf 82' lang='grc' dir='ltr'>παρεσκεύα-</span> 
     </span>
    </p>
   </div>
   <div class='ocr_carea' id='block_1_51' title="bbox 2244 892 3831 966">
    <p class='ocr_par' dir='ltr' id='par_1_51' title="bbox 2244 892 3831 966">
     <span class='ocr_line' id='line_1_51' title="bbox 2244 892 3831 966; baseline -0.003 -16"><span class='ocrx_word' id='word_1_359' title='bbox 2244 914 2364 950; x_wconf 89' lang='grc' dir='ltr'>σται</span> <span class='ocrx_word' id='word_1_360' title='bbox 2394 896 2504 950; x_wconf 76' lang='grc' dir='ltr'>ἀπὸ</span> <span class='ocrx_word' id='word_1_361' title='bbox 2533 896 2727 966; x_wconf 80' lang='grc' dir='ltr'>πέρυσι</span> <span class='ocrx_word' id='word_1_362' title='bbox 2748 912 2761 926; x_wconf 83' lang='lat'><strong><em>°</em></strong></span> <span class='ocrx_word' id='word_1_363' title='bbox 2797 895 2891 948; x_wconf 78' lang='grc' dir='ltr'>καὶ</span> <span class='ocrx_word' id='word_1_364' title='bbox 2918 898 2946 948; x_wconf 91' lang='lat'><strong>6</strong></span> <span class='ocrx_word' id='word_1_365' title='bbox 2981 893 3039 959; x_wconf 81' lang='grc' dir='ltr'>ἐξ</span> <span class='ocrx_word' id='word_1_366' title='bbox 3068 894 3223 965; x_wconf 83' lang='grc' dir='ltr'>ὑμῶν</span> <span class='ocrx_word' id='word_1_367' title='bbox 3256 893 3416 963; x_wconf 80' lang='grc' dir='ltr'>ζῆλος</span> <span class='ocrx_word' id='word_1_368' title='bbox 3448 892 3678 962; x_wconf 75' lang='grc' dir='ltr'><strong>ἠρέθισε</strong></span> <span class='ocrx_word' id='word_1_369' title='bbox 3700 893 3831 954; x_wconf 71' lang='grc' dir='ltr'>τοὺς</span> 
     </span>
    </p>
   </div>
   <div class='ocr_carea' id='block_1_52' title="bbox 2242 984 3831 1060">
    <p class='ocr_par' dir='ltr' id='par_1_52' title="bbox 2242 984 3831 1060">
     <span class='ocr_line' id='line_1_52' title="bbox 2242 984 3831 1060; baseline -0.004 -15"><span class='ocrx_word' id='word_1_370' title='bbox 2242 992 2517 1051; x_wconf 84' lang='grc' dir='ltr'>πλείονας.</span> <span class='ocrx_word' id='word_1_371' title='bbox 2550 1010 2568 1042; x_wconf 72' lang='grc' dir='ltr'><strong>ι</strong></span> <span class='ocrx_word' id='word_1_372' title='bbox 2602 991 2711 1044; x_wconf 73' lang='grc' dir='ltr'><strong>Καὶ</strong></span> <span class='ocrx_word' id='word_1_373' title='bbox 2734 990 2919 1043; x_wconf 87' lang='grc' dir='ltr'>πάλιν·</span> <span class='ocrx_word' id='word_1_374' title='bbox 2943 1008 2961 1041; x_wconf 79' lang='grc' dir='ltr'><strong>ι</strong></span> <span class='ocrx_word' id='word_1_375' title='bbox 2992 986 3225 1060; x_wconf 80' lang='grc' dir='ltr'>Ζηλοῦτε</span> <span class='ocrx_word' id='word_1_376' title='bbox 3252 988 3307 1041; x_wconf 82' lang='grc' dir='ltr'><strong>δὲ</strong></span> <span class='ocrx_word' id='word_1_377' title='bbox 3331 987 3402 1040; x_wconf 81' lang='grc' dir='ltr'>τὰ</span> <span class='ocrx_word' id='word_1_378' title='bbox 3422 986 3739 1058; x_wconf 78' lang='grc' dir='ltr'><strong>χαρίσματα</strong></span> <span class='ocrx_word' id='word_1_379' title='bbox 3757 984 3831 1038; x_wconf 80' lang='grc' dir='ltr'>τὰ</span> 
     </span>
    </p>
   </div>
   <div class='ocr_carea' id='block_1_53' title="bbox 2243 1086 2616 1156">
    <p class='ocr_par' dir='ltr' id='par_1_53' title="bbox 2243 1086 2616 1156">
     <span class='ocr_line' id='line_1_53' title="bbox 2243 1086 2616 1156; baseline -0.005 -17"><span class='ocrx_word' id='word_1_380' title='bbox 2243 1086 2553 1156; x_wconf 86' lang='grc' dir='ltr'>κρείττονα.</span> <span class='ocrx_word' id='word_1_381' title='bbox 2598 1104 2616 1136; x_wconf 75' lang='grc' dir='ltr'><strong>ι</strong></span> 
     </span>
    </p>
   </div>
   <div class='ocr_carea' id='block_1_54' title="bbox 2316 1171 3832 1248">
    <p class='ocr_par' dir='ltr' id='par_1_54' title="bbox 2316 1171 3832 1248">
     <span class='ocr_line' id='line_1_54' title="bbox 2316 1171 3832 1248; baseline -0.006 -17"><span class='ocrx_word' id='word_1_382' title='bbox 2316 1179 2533 1247; x_wconf 79' lang='grc' dir='ltr'>Πέφυκε</span> <span class='ocrx_word' id='word_1_383' title='bbox 2561 1178 2671 1248; x_wconf 87' lang='grc' dir='ltr'><strong>γάρ</strong></span> <span class='ocrx_word' id='word_1_384' title='bbox 2705 1194 2821 1240; x_wconf 90' lang='grc' dir='ltr'><strong>πως</strong></span> <span class='ocrx_word' id='word_1_385' title='bbox 2850 1176 2883 1246; x_wconf 82' lang='grc' dir='ltr'><strong>ή</strong></span> <span class='ocrx_word' id='word_1_386' title='bbox 2913 1174 3230 1245; x_wconf 76' lang='grc' dir='ltr'><strong>ἀνθρωπίνη</strong></span> <span class='ocrx_word' id='word_1_387' title='bbox 3263 1172 3489 1244; x_wconf 87' lang='grc' dir='ltr'>καρδία,</span> <span class='ocrx_word' id='word_1_388' title='bbox 3522 1171 3710 1240; x_wconf 85' lang='grc' dir='ltr'>ὥσπερ</span> <span class='ocrx_word' id='word_1_389' title='bbox 3736 1171 3832 1223; x_wconf 70' lang='grc' dir='ltr'><strong>ἐπὶ</strong></span> 
     </span>
    </p>
   </div>
   <div class='ocr_carea' id='block_1_55' title="bbox 2244 1264 3832 1340">
    <p class='ocr_par' dir='ltr' id='par_1_55' title="bbox 2244 1264 3832 1340">
     <span class='ocr_line' id='line_1_55' title="bbox 2244 1264 3832 1340; baseline -0.006 -15"><span class='ocrx_word' id='word_1_390' title='bbox 2244 1274 2358 1335; x_wconf 83' lang='grc' dir='ltr'>τοῖς</span> <span class='ocrx_word' id='word_1_391' title='bbox 2385 1270 2612 1340; x_wconf 80' lang='grc' dir='ltr'><strong>φαύλοις</strong></span> <span class='ocrx_word' id='word_1_392' title='bbox 2637 1269 2732 1322; x_wconf 81' lang='grc' dir='ltr'><strong>τὸν</strong></span> <span class='ocrx_word' id='word_1_393' title='bbox 2757 1268 2985 1338; x_wconf 80' lang='grc' dir='ltr'><strong>πλησίον</strong></span> <span class='ocrx_word' id='word_1_394' title='bbox 3016 1266 3235 1337; x_wconf 76' lang='grc' dir='ltr'>ζηλοῦν,</span> <span class='ocrx_word' id='word_1_395' title='bbox 3268 1265 3411 1319; x_wconf 82' lang='grc' dir='ltr'>οὑτω</span> <span class='ocrx_word' id='word_1_396' title='bbox 3446 1264 3510 1335; x_wconf 82' lang='grc' dir='ltr'>δὴ</span> <span class='ocrx_word' id='word_1_397' title='bbox 3544 1264 3832 1334; x_wconf 83' lang='grc' dir='ltr'>μιμεῖσθαι</span> 
     </span>
    </p>
   </div>
   <div class='ocr_carea' id='block_1_56' title="bbox 2232 1354 3832 1427">
    <p class='ocr_par' dir='ltr' id='par_1_56' title="bbox 2232 1354 3832 1427">
     <span class='ocr_line' id='line_1_56' title="bbox 2232 1354 3832 1427; baseline -0.006 -12"><span class='ocrx_word' id='word_1_398' title='bbox 2232 1365 2349 1417; x_wconf 75' lang='grc' dir='ltr'><strong>Δκὰν</strong></span> <span class='ocrx_word' id='word_1_399' title='bbox 2396 1364 2508 1424; x_wconf 86' lang='grc' dir='ltr'>τοῖς</span> <span class='ocrx_word' id='word_1_400' title='bbox 2546 1360 2776 1427; x_wconf 81' lang='grc' dir='ltr'>ἀγαθοῖς</span> <span class='ocrx_word' id='word_1_401' title='bbox 2804 1361 2899 1412; x_wconf 69' lang='grc' dir='ltr'><strong>καὶ</strong></span> <span class='ocrx_word' id='word_1_402' title='bbox 2932 1358 3271 1420; x_wconf 81' lang='grc' dir='ltr'><strong>σπουδαίοις,</strong></span> <span class='ocrx_word' id='word_1_403' title='bbox 3309 1358 3403 1409; x_wconf 72' lang='grc' dir='ltr'>καὶ</span> <span class='ocrx_word' id='word_1_404' title='bbox 3456 1354 3832 1408; x_wconf 84' lang='grc' dir='ltr'>διανίστασθαι</span> 
     </span>
    </p>
   </div>
   <div class='ocr_carea' id='block_1_57' title="bbox 2246 1445 3833 1525">
    <p class='ocr_par' dir='ltr' id='par_1_57' title="bbox 2246 1445 3833 1525">
     <span class='ocr_line' id='line_1_57' title="bbox 2246 1445 3833 1525; baseline -0.006 -18"><span class='ocrx_word' id='word_1_405' title='bbox 2246 1456 2384 1525; x_wconf 72' lang='grc' dir='ltr'>πρὸς</span> <span class='ocrx_word' id='word_1_406' title='bbox 2410 1452 2507 1516; x_wconf 81' lang='grc' dir='ltr'><strong>τὰς</strong></span> <span class='ocrx_word' id='word_1_407' title='bbox 2537 1453 2647 1505; x_wconf 84' lang='grc' dir='ltr'><strong>τῶν</strong></span> <span class='ocrx_word' id='word_1_408' title='bbox 2676 1451 3001 1522; x_wconf 80' lang='grc' dir='ltr'>κρειττόνων</span> <span class='ocrx_word' id='word_1_409' title='bbox 3045 1450 3224 1522; x_wconf 84' lang='grc' dir='ltr'>έργων</span> <span class='ocrx_word' id='word_1_410' title='bbox 3256 1446 3540 1518; x_wconf 78' lang='grc' dir='ltr'>ἐνεργείας</span> <span class='ocrx_word' id='word_1_411' title='bbox 3569 1447 3662 1499; x_wconf 70' lang='grc' dir='ltr'><strong>καὶ</strong></span> <span class='ocrx_word' id='word_1_412' title='bbox 3688 1445 3833 1515; x_wconf 86' lang='grc' dir='ltr'>πρά-</span> 
     </span>
    </p>
   </div>
   <div class='ocr_carea' id='block_1_58' title="bbox 2247 1537 3833 1618">
    <p class='ocr_par' dir='ltr' id='par_1_58' title="bbox 2247 1537 3833 1618">
     <span class='ocr_line' id='line_1_58' title="bbox 2247 1537 3833 1618; baseline -0.008 -18"><span class='ocrx_word' id='word_1_413' title='bbox 2247 1549 2361 1615; x_wconf 82' lang='grc' dir='ltr'>ξεις</span> <span class='ocrx_word' id='word_1_414' title='bbox 2380 1564 2393 1576; x_wconf 87' lang='grc'>·</span> <span class='ocrx_word' id='word_1_415' title='bbox 2428 1548 2631 1618; x_wconf 76' lang='grc' dir='ltr'>ἥκιστα</span> <span class='ocrx_word' id='word_1_416' title='bbox 2657 1544 2715 1596; x_wconf 87' lang='grc' dir='ltr'><strong>δέ</strong></span> <span class='ocrx_word' id='word_1_417' title='bbox 2766 1561 2883 1607; x_wconf 93' lang='grc' dir='ltr'><strong>πως</strong></span> <span class='ocrx_word' id='word_1_418' title='bbox 2916 1543 2945 1595; x_wconf 89' lang='lat'><strong>6</strong></span> <span class='ocrx_word' id='word_1_419' title='bbox 2984 1537 3065 1604; x_wconf 74' lang='grc' dir='ltr'>εἷς</span> <span class='ocrx_word' id='word_1_420' title='bbox 3095 1543 3191 1594; x_wconf 75' lang='grc' dir='ltr'><strong>καὶ</strong></span> <span class='ocrx_word' id='word_1_421' title='bbox 3217 1538 3669 1610; x_wconf 87' lang='grc' dir='ltr'>διαθερμαίνεται</span> <span class='ocrx_word' id='word_1_422' title='bbox 3695 1539 3833 1607; x_wconf 74' lang='grc' dir='ltr'>πρὸς</span> 
     </span>
    </p>
   </div>
   <div class='ocr_carea' id='block_1_59' title="bbox 2246 1629 3836 1713">
    <p class='ocr_par' dir='ltr' id='par_1_59' title="bbox 2246 1629 3836 1713">
     <span class='ocr_line' id='line_1_59' title="bbox 2246 1629 3836 1713; baseline -0.009 -19"><span class='ocrx_word' id='word_1_423' title='bbox 2246 1640 2343 1713; x_wconf 77' lang='grc' dir='ltr'>τὴν</span> <span class='ocrx_word' id='word_1_424' title='bbox 2376 1639 2526 1693; x_wconf 80' lang='grc' dir='ltr'>θείαν</span> <span class='ocrx_word' id='word_1_425' title='bbox 2574 1636 2856 1707; x_wconf 84' lang='grc' dir='ltr'><strong>ἀγάπησιν</strong></span> <span class='ocrx_word' id='word_1_426' title='bbox 2903 1636 2999 1688; x_wconf 75' lang='grc' dir='ltr'>καὶ</span> <span class='ocrx_word' id='word_1_427' title='bbox 3042 1634 3141 1704; x_wconf 80' lang='grc' dir='ltr'>τὴν</span> <span class='ocrx_word' id='word_1_428' title='bbox 3171 1632 3471 1686; x_wconf 78' lang='grc' dir='ltr'>σπουδαίαν</span> <span class='ocrx_word' id='word_1_429' title='bbox 3520 1630 3617 1684; x_wconf 76' lang='grc' dir='ltr'>καὶ</span> <span class='ocrx_word' id='word_1_430' title='bbox 3642 1629 3836 1700; x_wconf 80' lang='grc' dir='ltr'>κρατί-</span> 
     </span>
    </p>
   </div>
   <div class='ocr_carea' id='block_1_60' title="bbox 2250 1722 3832 1802">
    <p class='ocr_par' dir='ltr' id='par_1_60' title="bbox 2250 1722 3832 1802">
     <span class='ocr_line' id='line_1_60' title="bbox 2250 1722 3832 1802; baseline -0.008 -17"><span class='ocrx_word' id='word_1_431' title='bbox 2250 1750 2383 1802; x_wconf 84' lang='grc' dir='ltr'>στην</span> <span class='ocrx_word' id='word_1_432' title='bbox 2429 1730 2797 1785; x_wconf 83' lang='grc' dir='ltr'>κατάστασιν’</span> <span class='ocrx_word' id='word_1_433' title='bbox 2832 1729 2881 1781; x_wconf 87' lang='grc' dir='ltr'><strong>εί</strong></span> <span class='ocrx_word' id='word_1_434' title='bbox 2928 1727 2984 1780; x_wconf 81' lang='grc' dir='ltr'>δὲ</span> <span class='ocrx_word' id='word_1_435' title='bbox 3028 1726 3122 1779; x_wconf 91' lang='grc' dir='ltr'><strong>καί</strong></span> <span class='ocrx_word' id='word_1_436' title='bbox 3161 1742 3248 1789; x_wconf 86' lang='grc' dir='ltr'><strong>τις</strong></span> <span class='ocrx_word' id='word_1_437' title='bbox 3281 1722 3535 1792; x_wconf 76' lang='grc' dir='ltr'>εὑρεθείη</span> <span class='ocrx_word' id='word_1_438' title='bbox 3564 1722 3832 1784; x_wconf 82' lang='grc' dir='ltr'>τοιοῦτος,</span> 
     </span>
    </p>
   </div>
   <div class='ocr_carea' id='block_1_61' title="bbox 2251 1814 3835 1895">
    <p class='ocr_par' dir='ltr' id='par_1_61' title="bbox 2251 1814 3835 1895">
     <span class='ocr_line' id='line_1_61' title="bbox 2251 1814 3835 1895; baseline -0.008 -17"><span class='ocrx_word' id='word_1_439' title='bbox 2251 1825 2409 1895; x_wconf 83' lang='grc' dir='ltr'>μόγις</span> <span class='ocrx_word' id='word_1_440' title='bbox 2440 1823 2796 1893; x_wconf 79' lang='grc' dir='ltr'>εὑρεθήσεται</span> <span class='ocrx_word' id='word_1_441' title='bbox 2823 1820 2918 1874; x_wconf 74' lang='grc' dir='ltr'><strong>καὶ</strong></span> <span class='ocrx_word' id='word_1_442' title='bbox 2952 1819 3218 1881; x_wconf 83' lang='grc' dir='ltr'>σπανίως.</span> <span class='ocrx_word' id='word_1_443' title='bbox 3254 1818 3365 1871; x_wconf 73' lang='grc' dir='ltr'><strong>Καὶ</strong></span> <span class='ocrx_word' id='word_1_444' title='bbox 3396 1824 3551 1879; x_wconf 87' lang='grc' dir='ltr'>ουτος</span> <span class='ocrx_word' id='word_1_445' title='bbox 3578 1814 3635 1869; x_wconf 80' lang='grc' dir='ltr'><strong>δέ</strong></span> <span class='ocrx_word' id='word_1_446' title='bbox 3660 1832 3835 1885; x_wconf 85' lang='grc' dir='ltr'>παρα-</span> 
     </span>
    </p>
   </div>
   <div class='ocr_carea' id='block_1_62' title="bbox 2186 1901 3836 1989">
    <p class='ocr_par' dir='ltr' id='par_1_62' title="bbox 2186 1901 3836 1989">
     <span class='ocr_line' id='line_1_62' title="bbox 2186 1901 3836 1989; baseline -0.007 -19"><span class='ocrx_word' id='word_1_447' title='bbox 2186 1901 2229 1955; x_wconf 78' lang='grc' dir='ltr'>Β</span> <span class='ocrx_word' id='word_1_448' title='bbox 2254 1917 2484 1989; x_wconf 76' lang='grc' dir='ltr'>τραπεὶς</span> <span class='ocrx_word' id='word_1_449' title='bbox 2532 1915 2641 1969; x_wconf 82' lang='grc' dir='ltr'><strong>τῶν</strong></span> <span class='ocrx_word' id='word_1_450' title='bbox 2689 1913 3038 1985; x_wconf 83' lang='grc' dir='ltr'>κρειττόνων,</span> <span class='ocrx_word' id='word_1_451' title='bbox 3088 1912 3187 1980; x_wconf 87' lang='grc' dir='ltr'><strong>οὑχ</strong></span> <span class='ocrx_word' id='word_1_452' title='bbox 3216 1910 3330 1975; x_wconf 82' lang='grc' dir='ltr'>ἐξει</span> <span class='ocrx_word' id='word_1_453' title='bbox 3368 1909 3462 1961; x_wconf 70' lang='grc' dir='ltr'><strong>τὸν</strong></span> <span class='ocrx_word' id='word_1_454' title='bbox 3500 1905 3836 1977; x_wconf 81' lang='grc' dir='ltr'>ἐπανορθού-</span> 
     </span>
    </p>
   </div>
   <div class='ocr_carea' id='block_1_63' title="bbox 2248 1999 3836 2080">
    <p class='ocr_par' dir='ltr' id='par_1_63' title="bbox 2248 1999 3836 2080">
     <span class='ocr_line' id='line_1_63' title="bbox 2248 1999 3836 2080; baseline -0.008 -18"><span class='ocrx_word' id='word_1_455' title='bbox 2248 2026 2407 2080; x_wconf 86' lang='grc' dir='ltr'>μενον</span> <span class='ocrx_word' id='word_1_456' title='bbox 2463 2008 2558 2061; x_wconf 80' lang='grc' dir='ltr'><strong>καὶ</strong></span> <span class='ocrx_word' id='word_1_457' title='bbox 2617 2006 2752 2077; x_wconf 76' lang='grc' dir='ltr'>πρὸς</span> <span class='ocrx_word' id='word_1_458' title='bbox 2788 2005 2887 2075; x_wconf 80' lang='grc' dir='ltr'><strong>τὴν</strong></span> <span class='ocrx_word' id='word_1_459' title='bbox 2914 2003 3201 2075; x_wconf 80' lang='grc' dir='ltr'>βελτίστην</span> <span class='ocrx_word' id='word_1_460' title='bbox 3236 2000 3509 2069; x_wconf 81' lang='grc' dir='ltr'>ἀνάγοντα</span> <span class='ocrx_word' id='word_1_461' title='bbox 3531 2000 3740 2071; x_wconf 86' lang='grc' dir='ltr'>σχέσιν.</span> <span class='ocrx_word' id='word_1_462' title='bbox 3764 1999 3836 2050; x_wconf 89' lang='grc' dir='ltr'><em>Ὃ</em></span> 
     </span>
    </p>
   </div>
   <div class='ocr_carea' id='block_1_64' title="bbox 2244 2092 3836 2169">
    <p class='ocr_par' dir='ltr' id='par_1_64' title="bbox 2244 2092 3836 2169">
     <span class='ocr_line' id='line_1_64' title="bbox 2244 2092 3836 2169; baseline -0.008 -15"><span class='ocrx_word' id='word_1_463' title='bbox 2244 2100 2302 2155; x_wconf 84' lang='grc' dir='ltr'><strong>δέ</strong></span> <span class='ocrx_word' id='word_1_464' title='bbox 2336 2117 2498 2169; x_wconf 82' lang='grc' dir='ltr'>φησιν</span> <span class='ocrx_word' id='word_1_465' title='bbox 2518 2102 2545 2153; x_wconf 85' lang='grc' dir='ltr'><strong>ό</strong></span> <span class='ocrx_word' id='word_1_466' title='bbox 2573 2098 2735 2168; x_wconf 80' lang='grc' dir='ltr'>σοφὸς</span> <span class='ocrx_word' id='word_1_467' title='bbox 2763 2095 3196 2167; x_wconf 81' lang='grc' dir='ltr'>Ἐκκλησιαστής</span> <span class='ocrx_word' id='word_1_468' title='bbox 3223 2112 3236 2125; x_wconf 89' lang='grc'><strong>·</strong></span> <span class='ocrx_word' id='word_1_469' title='bbox 3263 2114 3281 2146; x_wconf 79' lang='grc' dir='ltr'><strong>ι</strong></span> <span class='ocrx_word' id='word_1_470' title='bbox 3327 2094 3438 2147; x_wconf 74' lang='grc' dir='ltr'><strong>Καὶ</strong></span> <span class='ocrx_word' id='word_1_471' title='bbox 3471 2092 3566 2146; x_wconf 79' lang='grc' dir='ltr'>ἐὰν</span> <span class='ocrx_word' id='word_1_472' title='bbox 3594 2094 3836 2162; x_wconf 84' lang='grc' dir='ltr'>ἐπικρα-</span> 
     </span>
    </p>
   </div>
   <div class='ocr_carea' id='block_1_65' title="bbox 2244 2184 3831 2264">
    <p class='ocr_par' dir='ltr' id='par_1_65' title="bbox 2244 2184 3831 2264">
     <span class='ocr_line' id='line_1_65' title="bbox 2244 2184 3831 2264; baseline -0.006 -18"><span class='ocrx_word' id='word_1_473' title='bbox 2244 2192 2451 2264; x_wconf 80' lang='grc' dir='ltr'>ταιωθῇ</span> <span class='ocrx_word' id='word_1_474' title='bbox 2491 2194 2519 2247; x_wconf 88' lang='grc' dir='ltr'><strong>ό</strong></span> <span class='ocrx_word' id='word_1_475' title='bbox 2561 2187 2661 2256; x_wconf 79' lang='grc' dir='ltr'>εἷς,</span> <span class='ocrx_word' id='word_1_476' title='bbox 2696 2192 2744 2244; x_wconf 82' lang='lat' dir='ltr'><strong>oi</strong></span> <span class='ocrx_word' id='word_1_477' title='bbox 2772 2190 2866 2244; x_wconf 83' lang='grc' dir='ltr'>δύο</span> <span class='ocrx_word' id='word_1_478' title='bbox 2917 2191 3209 2259; x_wconf 81' lang='grc' dir='ltr'>στήσονται</span> <span class='ocrx_word' id='word_1_479' title='bbox 3251 2187 3539 2241; x_wconf 84' lang='grc' dir='ltr'>κατέναντι</span> <span class='ocrx_word' id='word_1_480' title='bbox 3568 2184 3765 2248; x_wconf 83' lang='grc' dir='ltr'>αὑτοῦ,</span> <span class='ocrx_word' id='word_1_481' title='bbox 3808 2201 3831 2236; x_wconf 74' lang='grc' dir='ltr'>ι</span> 
     </span>
    </p>
   </div>
   <div class='ocr_carea' id='block_1_66' title="bbox 2247 2275 3835 2356">
    <p class='ocr_par' dir='ltr' id='par_1_66' title="bbox 2247 2275 3835 2356">
     <span class='ocr_line' id='line_1_66' title="bbox 2247 2275 3835 2356; baseline -0.006 -17"><span class='ocrx_word' id='word_1_482' title='bbox 2247 2286 2345 2340; x_wconf 71' lang='grc' dir='ltr'>ἕνα</span> <span class='ocrx_word' id='word_1_483' title='bbox 2364 2286 2463 2356; x_wconf 81' lang='grc' dir='ltr'>μὲν</span> <span class='ocrx_word' id='word_1_484' title='bbox 2491 2283 2641 2356; x_wconf 88' lang='grc' dir='ltr'>δηλοῖ</span> <span class='ocrx_word' id='word_1_485' title='bbox 2662 2284 2752 2337; x_wconf 76' lang='grc' dir='ltr'><strong>τὸν</strong></span> <span class='ocrx_word' id='word_1_486' title='bbox 2776 2282 3169 2353; x_wconf 74' lang='grc' dir='ltr'>παραρῤυέντα</span> <span class='ocrx_word' id='word_1_487' title='bbox 3185 2280 3284 2349; x_wconf 83' lang='grc' dir='ltr'>τῆς</span> <span class='ocrx_word' id='word_1_488' title='bbox 3304 2278 3612 2350; x_wconf 87' lang='grc' dir='ltr'>κρείττονος</span> <span class='ocrx_word' id='word_1_489' title='bbox 3632 2275 3797 2340; x_wconf 72' lang='grc' dir='ltr'>ἕξεως</span> <span class='ocrx_word' id='word_1_490' title='bbox 3818 2289 3835 2304; x_wconf 84' lang='grc'><strong><em>⁸</em></strong></span> 
     </span>
    </p>
   </div>
   <div class='ocr_carea' id='block_1_67' title="bbox 2248 2367 3839 2446">
    <p class='ocr_par' dir='ltr' id='par_1_67' title="bbox 2248 2367 3839 2446">
     <span class='ocr_line' id='line_1_67' title="bbox 2248 2367 3839 2446; baseline -0.008 -13"><span class='ocrx_word' id='word_1_491' title='bbox 2248 2379 2343 2433; x_wconf 79' lang='grc' dir='ltr'>δύο</span> <span class='ocrx_word' id='word_1_492' title='bbox 2370 2379 2426 2432; x_wconf 85' lang='grc' dir='ltr'><strong>δὲ</strong></span> <span class='ocrx_word' id='word_1_493' title='bbox 2463 2378 2590 2441; x_wconf 78' lang='grc' dir='ltr'>τοὺς</span> <span class='ocrx_word' id='word_1_494' title='bbox 2620 2377 2990 2446; x_wconf 85' lang='grc' dir='ltr'>στησομένους</span> <span class='ocrx_word' id='word_1_495' title='bbox 3018 2376 3099 2438; x_wconf 86' lang='grc' dir='ltr'>εἰς</span> <span class='ocrx_word' id='word_1_496' title='bbox 3138 2373 3459 2426; x_wconf 83' lang='grc' dir='ltr'>ἐναντίωσιν</span> <span class='ocrx_word' id='word_1_497' title='bbox 3489 2369 3652 2425; x_wconf 81' lang='grc' dir='ltr'>αὑτοῦ</span> <span class='ocrx_word' id='word_1_498' title='bbox 3696 2367 3839 2437; x_wconf 77' lang='lat'><em>1:96;</em></span> 
     </span>
    </p>
   </div>
   <div class='ocr_carea' id='block_1_68' title="bbox 2247 2463 3838 2541">
    <p class='ocr_par' dir='ltr' id='par_1_68' title="bbox 2247 2463 3838 2541">
     <span class='ocr_line' id='line_1_68' title="bbox 2247 2463 3838 2541; baseline -0.008 -17"><span class='ocrx_word' id='word_1_499' title='bbox 2247 2470 2538 2541; x_wconf 78' lang='grc' dir='ltr'>διόρθωσιν</span> <span class='ocrx_word' id='word_1_500' title='bbox 2560 2470 2653 2523; x_wconf 62' lang='grc' dir='ltr'><strong>καὶ⁵</strong></span> <span class='ocrx_word' id='word_1_501' title='bbox 2684 2466 2996 2538; x_wconf 86' lang='grc' dir='ltr'>βελτίωσιν,</span> <span class='ocrx_word' id='word_1_502' title='bbox 3030 2468 3125 2519; x_wconf 70' lang='grc' dir='ltr'>καὶ</span> <span class='ocrx_word' id='word_1_503' title='bbox 3153 2466 3245 2518; x_wconf 79' lang='grc' dir='ltr'><strong>τὸν</strong></span> <span class='ocrx_word' id='word_1_504' title='bbox 3272 2465 3501 2519; x_wconf 88' lang='grc' dir='ltr'>συνόντα</span> <span class='ocrx_word' id='word_1_505' title='bbox 3529 2463 3622 2517; x_wconf 71' lang='grc' dir='ltr'><strong>καὶ</strong></span> <span class='ocrx_word' id='word_1_506' title='bbox 3655 2478 3838 2515; x_wconf 82' lang='grc' dir='ltr'>συνοι-</span> 
     </span>
    </p>
   </div>
   <div class='ocr_carea' id='block_1_69' title="bbox 2250 2554 3835 2630">
    <p class='ocr_par' dir='ltr' id='par_1_69' title="bbox 2250 2554 3835 2630">
     <span class='ocr_line' id='line_1_69' title="bbox 2250 2554 3835 2630; baseline -0.008 -14"><span class='ocrx_word' id='word_1_507' title='bbox 2250 2563 2469 2625; x_wconf 67' lang='grc' dir='ltr'>κοῦντα,</span> <span class='ocrx_word' id='word_1_508' title='bbox 2499 2562 2595 2615; x_wconf 72' lang='grc' dir='ltr'><strong>καὶ</strong></span> <span class='ocrx_word' id='word_1_509' title='bbox 2627 2562 2809 2630; x_wconf 88' lang='grc' dir='ltr'>μέντοι</span> <span class='ocrx_word' id='word_1_510' title='bbox 2840 2562 2937 2614; x_wconf 85' lang='grc' dir='ltr'>καὶ</span> <span class='ocrx_word' id='word_1_511' title='bbox 2984 2558 3081 2628; x_wconf 83' lang='grc' dir='ltr'>τὴν</span> <span class='ocrx_word' id='word_1_512' title='bbox 3112 2557 3322 2611; x_wconf 75' lang='grc' dir='ltr'>ἄνωθεν</span> <span class='ocrx_word' id='word_1_513' title='bbox 3364 2555 3461 2610; x_wconf 73' lang='grc' dir='ltr'>τοῦ</span> <span class='ocrx_word' id='word_1_514' title='bbox 3486 2554 3621 2608; x_wconf 87' lang='grc' dir='ltr'><strong>Θεοῦ</strong></span> <span class='ocrx_word' id='word_1_515' title='bbox 3652 2554 3835 2625; x_wconf 80' lang='grc' dir='ltr'>χάριν,</span> 
     </span>
    </p>
   </div>
   <div class='ocr_carea' id='block_1_70' title="bbox 2252 2644 3837 2728">
    <p class='ocr_par' dir='ltr' id='par_1_70' title="bbox 2252 2644 3837 2728">
     <span class='ocr_line' id='line_1_70' title="bbox 2252 2644 3837 2728; baseline -0.006 -19"><span class='ocrx_word' id='word_1_516' title='bbox 2252 2649 2491 2728; x_wconf 50' lang='grc' dir='ltr'>παρ’νῆς</span> <span class='ocrx_word' id='word_1_517' title='bbox 2540 2655 2649 2708; x_wconf 76' lang='grc' dir='ltr'>πᾶν</span> <span class='ocrx_word' id='word_1_518' title='bbox 2694 2651 3009 2724; x_wconf 83' lang='grc' dir='ltr'>ἀνθρώποις</span> <span class='ocrx_word' id='word_1_519' title='bbox 3056 2651 3119 2703; x_wconf 83' lang='grc' dir='ltr'>τὸ</span> <span class='ocrx_word' id='word_1_520' title='bbox 3174 2648 3628 2722; x_wconf 80' lang='grc' dir='ltr'>κατορθούμενον.</span> <span class='ocrx_word' id='word_1_521' title='bbox 3671 2644 3837 2700; x_wconf 86' lang='grc' dir='ltr'>Ὅθεν</span> 
     </span>
    </p>
   </div>
   <div class='ocr_carea' id='block_1_71' title="bbox 2253 2738 3838 2818">
    <p class='ocr_par' dir='ltr' id='par_1_71' title="bbox 2253 2738 3838 2818">
     <span class='ocr_line' id='line_1_71' title="bbox 2253 2738 3838 2818; baseline -0.006 -18"><span class='ocrx_word' id='word_1_522' title='bbox 2253 2746 2384 2818; x_wconf 77' lang='grc' dir='ltr'>φησι</span> <span class='ocrx_word' id='word_1_523' title='bbox 2412 2762 2424 2775; x_wconf 72' lang='grc'><strong><em>⁸</em></strong></span> <span class='ocrx_word' id='word_1_524' title='bbox 2464 2765 2482 2797; x_wconf 77' lang='grc' dir='ltr'><strong>ι</strong></span> <span class='ocrx_word' id='word_1_525' title='bbox 2521 2746 2636 2799; x_wconf 78' lang='grc' dir='ltr'><strong>Καὶ</strong></span> <span class='ocrx_word' id='word_1_526' title='bbox 2687 2744 2750 2799; x_wconf 84' lang='grc' dir='ltr'><strong>τὸ</strong></span> <span class='ocrx_word' id='word_1_527' title='bbox 2806 2743 3071 2815; x_wconf 87' lang='grc' dir='ltr'>σπαρτίον</span> <span class='ocrx_word' id='word_1_528' title='bbox 3117 2742 3178 2795; x_wconf 85' lang='grc' dir='ltr'><strong>τὸ</strong></span> <span class='ocrx_word' id='word_1_529' title='bbox 3226 2742 3470 2813; x_wconf 78' lang='grc' dir='ltr'>ἐντριτον</span> <span class='ocrx_word' id='word_1_530' title='bbox 3513 2741 3576 2793; x_wconf 90' lang='grc' dir='ltr'><strong>οὑ</strong></span> <span class='ocrx_word' id='word_1_531' title='bbox 3627 2738 3838 2808; x_wconf 86' lang='grc' dir='ltr'>ταχέως</span> 
     </span>
    </p>
   </div>
   <div class='ocr_carea' id='block_1_72' title="bbox 2251 2830 3837 2910">
    <p class='ocr_par' dir='ltr' id='par_1_72' title="bbox 2251 2830 3837 2910">
     <span class='ocr_line' id='line_1_72' title="bbox 2251 2830 3837 2910; baseline -0.006 -17"><span class='ocrx_word' id='word_1_532' title='bbox 2251 2840 2723 2910; x_wconf 74' lang='grc' dir='ltr'>ἁπορραγήσεται,</span> <span class='ocrx_word' id='word_1_533' title='bbox 2750 2857 2768 2889; x_wconf 73' lang='grc' dir='ltr'><strong>ι</strong></span> <span class='ocrx_word' id='word_1_534' title='bbox 2808 2836 2901 2890; x_wconf 82' lang='grc' dir='ltr'>τοῦ</span> <span class='ocrx_word' id='word_1_535' title='bbox 2941 2834 3235 2907; x_wconf 84' lang='grc' dir='ltr'>τριπλόκου</span> <span class='ocrx_word' id='word_1_536' title='bbox 3263 2834 3496 2905; x_wconf 87' lang='grc' dir='ltr'>σχοινίου</span> <span class='ocrx_word' id='word_1_537' title='bbox 3517 2833 3577 2885; x_wconf 86' lang='grc' dir='ltr'>τὺ</span> <span class='ocrx_word' id='word_1_538' title='bbox 3596 2830 3837 2903; x_wconf 54' lang='lat' dir='ltr'><strong>apem;</strong></span> 
     </span>
    </p>
   </div>
   <div class='ocr_carea' id='block_1_73' title="bbox 2253 2922 3837 3001">
    <p class='ocr_par' dir='ltr' id='par_1_73' title="bbox 2253 2922 3837 3001">
     <span class='ocr_line' id='line_1_73' title="bbox 2253 2922 3837 3001; baseline -0.007 -16"><span class='ocrx_word' id='word_1_539' title='bbox 2253 2932 2336 2985; x_wconf 74' lang='grc' dir='ltr'>ἔτι</span> <span class='ocrx_word' id='word_1_540' title='bbox 2368 2933 2461 2985; x_wconf 69' lang='grc' dir='ltr'>καὶ</span> <span class='ocrx_word' id='word_1_541' title='bbox 2494 2929 2695 3001; x_wconf 83' lang='grc' dir='ltr'>μᾶλλον</span> <span class='ocrx_word' id='word_1_542' title='bbox 2734 2928 3175 2999; x_wconf 81' lang='grc' dir='ltr'>προϐαλλόμενος</span> <span class='ocrx_word' id='word_1_543' title='bbox 3206 2926 3393 2981; x_wconf 81' lang='grc' dir='ltr'>εἰκόνα</span> <span class='ocrx_word' id='word_1_544' title='bbox 3431 2925 3526 2979; x_wconf 74' lang='grc' dir='ltr'>καὶ</span> <span class='ocrx_word' id='word_1_545' title='bbox 3571 2922 3837 2993; x_wconf 84' lang='grc' dir='ltr'>παράδει-</span> 
     </span>
    </p>
   </div>
   <div class='ocr_carea' id='block_1_74' title="bbox 2252 3011 3838 3095">
    <p class='ocr_par' dir='ltr' id='par_1_74' title="bbox 2252 3011 3838 3095">
     <span class='ocr_line' id='line_1_74' title="bbox 2252 3011 3838 3095; baseline -0.008 -18"><span class='ocrx_word' id='word_1_546' title='bbox 2252 3041 2371 3095; x_wconf 85' lang='grc' dir='ltr'>γμα</span> <span class='ocrx_word' id='word_1_547' title='bbox 2402 3023 2521 3092; x_wconf 83' lang='grc' dir='ltr'>’τῆς</span> <span class='ocrx_word' id='word_1_548' title='bbox 2558 3019 2975 3090; x_wconf 82' lang='grc' dir='ltr'>ἀσφαλεστέρας</span> <span class='ocrx_word' id='word_1_549' title='bbox 3025 3019 3164 3090; x_wconf 78' lang='grc' dir='ltr'>πρὸς</span> <span class='ocrx_word' id='word_1_550' title='bbox 3190 3019 3281 3073; x_wconf 80' lang='grc' dir='ltr'><strong>τὸν</strong></span> <span class='ocrx_word' id='word_1_551' title='bbox 3328 3018 3427 3071; x_wconf 71' lang='grc' dir='ltr'><strong>ἕνα</strong></span> <span class='ocrx_word' id='word_1_552' title='bbox 3466 3015 3718 3077; x_wconf 74' lang='grc' dir='ltr'>καὶτοὺς</span> <span class='ocrx_word' id='word_1_553' title='bbox 3742 3011 3838 3066; x_wconf 76' lang='grc' dir='ltr'><strong>δύο</strong></span> 
     </span>
    </p>
   </div>
   <div class='ocr_carea' id='block_1_75' title="bbox 2252 3106 3837 3187">
    <p class='ocr_par' dir='ltr' id='par_1_75' title="bbox 2252 3106 3837 3187">
     <span class='ocr_line' id='line_1_75' title="bbox 2252 3106 3837 3187; baseline -0.008 -16"><span class='ocrx_word' id='word_1_554' title='bbox 2252 3117 2360 3171; x_wconf 84' lang='grc' dir='ltr'><strong>τῶν</strong></span> <span class='ocrx_word' id='word_1_555' title='bbox 2392 3115 2559 3187; x_wconf 81' lang='grc' dir='ltr'>τριῶν</span> <span class='ocrx_word' id='word_1_556' title='bbox 2590 3116 2683 3168; x_wconf 78' lang='grc' dir='ltr'><strong>ἐπὶ</strong></span> <span class='ocrx_word' id='word_1_557' title='bbox 2720 3114 2781 3166; x_wconf 87' lang='grc' dir='ltr'><strong>τὸ</strong></span> <span class='ocrx_word' id='word_1_558' title='bbox 2809 3112 3013 3181; x_wconf 81' lang='grc' dir='ltr'>ἀγαθὸν</span> <span class='ocrx_word' id='word_1_559' title='bbox 3056 3112 3398 3182; x_wconf 81' lang='grc' dir='ltr'>συμφωνίας,</span> <span class='ocrx_word' id='word_1_560' title='bbox 3428 3110 3572 3164; x_wconf 79' lang='grc' dir='ltr'>κατὰ</span> <span class='ocrx_word' id='word_1_561' title='bbox 3606 3106 3705 3178; x_wconf 85' lang='grc' dir='ltr'><strong>τὴν</strong></span> <span class='ocrx_word' id='word_1_562' title='bbox 3744 3106 3837 3159; x_wconf 81' lang='grc' dir='ltr'>εὑ·-</span> 
     </span>
    </p>
   </div>
   <div class='ocr_carea' id='block_1_76' title="bbox 2253 3203 3557 3278">
    <p class='ocr_par' dir='ltr' id='par_1_76' title="bbox 2253 3203 3557 3278">
     <span class='ocr_line' id='line_1_76' title="bbox 2253 3203 3557 3278; baseline -0.006 -15"><span class='ocrx_word' id='word_1_563' title='bbox 2253 3208 2550 3278; x_wconf 81' lang='grc' dir='ltr'>αγγελικὴν</span> <span class='ocrx_word' id='word_1_564' title='bbox 2580 3206 2888 3277; x_wconf 81' lang='grc' dir='ltr'>ὑποθήκην,</span> <span class='ocrx_word' id='word_1_565' title='bbox 2914 3205 2989 3270; x_wconf 82' lang='grc' dir='ltr'><strong>ὡς</strong></span> <span class='ocrx_word' id='word_1_566' title='bbox 3016 3205 3265 3276; x_wconf 80' lang='grc' dir='ltr'>έφθημεν</span> <span class='ocrx_word' id='word_1_567' title='bbox 3292 3203 3557 3264; x_wconf 78' lang='grc' dir='ltr'>εἰπόντες.</span> 
     </span>
    </p>
   </div>
   <div class='ocr_carea' id='block_1_77' title="bbox 2314 3296 3838 3369">
    <p class='ocr_par' dir='ltr' id='par_1_77' title="bbox 2314 3296 3838 3369">
     <span class='ocr_line' id='line_1_77' title="bbox 2314 3296 3838 3369; baseline -0.004 -15"><span class='ocrx_word' id='word_1_568' title='bbox 2314 3300 2502 3354; x_wconf 75' lang='grc' dir='ltr'>Ταῦτα</span> <span class='ocrx_word' id='word_1_569' title='bbox 2536 3300 2633 3369; x_wconf 84' lang='grc' dir='ltr'>μὲν</span> <span class='ocrx_word' id='word_1_570' title='bbox 2663 3298 2806 3354; x_wconf 82' lang='grc' dir='ltr'>οὑτω</span> <span class='ocrx_word' id='word_1_571' title='bbox 2850 3298 2992 3352; x_wconf 71' lang='grc' dir='ltr'>κατὰ</span> <span class='ocrx_word' id='word_1_572' title='bbox 3032 3297 3092 3351; x_wconf 83' lang='grc' dir='ltr'>τὸ</span> <span class='ocrx_word' id='word_1_573' title='bbox 3134 3297 3371 3368; x_wconf 84' lang='grc' dir='ltr'>γράμμα</span> <span class='ocrx_word' id='word_1_574' title='bbox 3422 3297 3744 3366; x_wconf 85' lang='grc' dir='ltr'>νοήσαντες,</span> <span class='ocrx_word' id='word_1_575' title='bbox 3770 3296 3838 3349; x_wconf 86' lang='grc' dir='ltr'><strong>οὑ</strong></span> 
     </span>
    </p>
   </div>
   <div class='ocr_carea' id='block_1_78' title="bbox 2252 3387 3837 3463">
    <p class='ocr_par' dir='ltr' id='par_1_78' title="bbox 2252 3387 3837 3463">
     <span class='ocr_line' id='line_1_78' title="bbox 2252 3387 3837 3463; baseline -0.004 -16"><span class='ocrx_word' id='word_1_576' title='bbox 2252 3393 2593 3463; x_wconf 84' lang='grc' dir='ltr'>προσιέμεθα</span> <span class='ocrx_word' id='word_1_577' title='bbox 2616 3392 2743 3455; x_wconf 76' lang='grc' dir='ltr'>τοὺς</span> <span class='ocrx_word' id='word_1_578' title='bbox 2775 3391 3133 3462; x_wconf 79' lang='grc' dir='ltr'>ἐξειληφότας</span> <span class='ocrx_word' id='word_1_579' title='bbox 3163 3393 3257 3443; x_wconf 80' lang='grc' dir='ltr'>ἐπὶ</span> <span class='ocrx_word' id='word_1_580' title='bbox 3289 3389 3392 3459; x_wconf 84' lang='grc' dir='ltr'><strong>τῆς</strong></span> <span class='ocrx_word' id='word_1_581' title='bbox 3413 3389 3595 3461; x_wconf 74' lang='grc' dir='ltr'>ψυχῆς</span> <span class='ocrx_word' id='word_1_582' title='bbox 3626 3387 3837 3444; x_wconf 73' lang='grc' dir='ltr'>καὶτοῦ</span> 
     </span>
    </p>
   </div>
   <div class='ocr_carea' id='block_1_79' title="bbox 2254 3483 3840 3555">
    <p class='ocr_par' dir='ltr' id='par_1_79' title="bbox 2254 3483 3840 3555">
     <span class='ocr_line' id='line_1_79' title="bbox 2254 3483 3840 3555; baseline -0.003 -15"><span class='ocrx_word' id='word_1_583' title='bbox 2254 3486 2505 3554; x_wconf 75' lang='grc' dir='ltr'>σώματος</span> <span class='ocrx_word' id='word_1_584' title='bbox 2543 3485 2643 3554; x_wconf 80' lang='grc' dir='ltr'>τὴν</span> <span class='ocrx_word' id='word_1_585' title='bbox 2672 3484 2905 3555; x_wconf 81' lang='grc' dir='ltr'>ἐκδοχὴν</span> <span class='ocrx_word' id='word_1_586' title='bbox 2950 3484 3060 3538; x_wconf 84' lang='grc' dir='ltr'>τῶν</span> <span class='ocrx_word' id='word_1_587' title='bbox 3116 3484 3466 3553; x_wconf 73' lang='grc' dir='ltr'>εἰρημένων,</span> <span class='ocrx_word' id='word_1_588' title='bbox 3516 3483 3591 3545; x_wconf 80' lang='grc' dir='ltr'>ὡς</span> <span class='ocrx_word' id='word_1_589' title='bbox 3638 3486 3840 3555; x_wconf 81' lang='grc' dir='ltr'>ἥκιστα</span> 
     </span>
    </p>
   </div>
   <div class='ocr_carea' id='block_1_80' title="bbox 2254 3573 3841 3646">
    <p class='ocr_par' dir='ltr' id='par_1_80' title="bbox 2254 3573 3841 3646">
     <span class='ocr_line' id='line_1_80' title="bbox 2254 3573 3841 3646; baseline -0.003 -16"><span class='ocrx_word' id='word_1_590' title='bbox 2254 3578 2589 3646; x_wconf 74' lang='grc' dir='ltr'>σωζομένην.</span> <span class='ocrx_word' id='word_1_591' title='bbox 2608 3576 2673 3629; x_wconf 84' lang='grc' dir='ltr'>Ἡ</span> <span class='ocrx_word' id='word_1_592' title='bbox 2696 3576 2797 3645; x_wconf 82' lang='grc' dir='ltr'>μὲν</span> <span class='ocrx_word' id='word_1_593' title='bbox 2824 3576 2934 3645; x_wconf 85' lang='grc' dir='ltr'>γὰρ</span> <span class='ocrx_word' id='word_1_594' title='bbox 2964 3573 3113 3645; x_wconf 73' lang='grc' dir='ltr'>ψυχὴ</span> <span class='ocrx_word' id='word_1_595' title='bbox 3162 3573 3224 3627; x_wconf 87' lang='grc' dir='ltr'><strong>τὸ</strong></span> <span class='ocrx_word' id='word_1_596' title='bbox 3253 3573 3420 3642; x_wconf 82' lang='grc' dir='ltr'>κῦρος</span> <span class='ocrx_word' id='word_1_597' title='bbox 3440 3573 3555 3644; x_wconf 77' lang='grc' dir='ltr'>ἔχει</span> <span class='ocrx_word' id='word_1_598' title='bbox 3583 3574 3682 3644; x_wconf 79' lang='grc' dir='ltr'>τῆς</span> <span class='ocrx_word' id='word_1_599' title='bbox 3713 3576 3841 3643; x_wconf 79' lang='grc' dir='ltr'>ἠγε-</span> 
     </span>
    </p>
   </div>
   <div class='ocr_carea' id='block_1_81' title="bbox 2256 3665 3839 3737">
    <p class='ocr_par' dir='ltr' id='par_1_81' title="bbox 2256 3665 3839 3737">
     <span class='ocr_line' id='line_1_81' title="bbox 2256 3665 3839 3737; baseline -0.001 -16"><span class='ocrx_word' id='word_1_600' title='bbox 2256 3668 2446 3737; x_wconf 87' lang='grc' dir='ltr'>μονίας</span> <span class='ocrx_word' id='word_1_601' title='bbox 2476 3668 2574 3721; x_wconf 76' lang='grc' dir='ltr'>καὶ</span> <span class='ocrx_word' id='word_1_602' title='bbox 2598 3667 2733 3720; x_wconf 81' lang='grc' dir='ltr'>κυϐε</span> <span class='ocrx_word' id='word_1_603' title='bbox 2747 3668 2994 3737; x_wconf 85' lang='grc' dir='ltr'>ρνήσεως</span> <span class='ocrx_word' id='word_1_604' title='bbox 3022 3666 3151 3735; x_wconf 85' lang='grc' dir='ltr'>ὅλης</span> <span class='ocrx_word' id='word_1_605' title='bbox 3186 3665 3283 3719; x_wconf 73' lang='grc' dir='ltr'><strong>καὶ</strong></span> <span class='ocrx_word' id='word_1_606' title='bbox 3314 3665 3412 3735; x_wconf 82' lang='grc' dir='ltr'><strong>τῆς</strong></span> <span class='ocrx_word' id='word_1_607' title='bbox 3447 3666 3582 3729; x_wconf 82' lang='grc' dir='ltr'>ἰδίας</span> <span class='ocrx_word' id='word_1_608' title='bbox 3618 3668 3711 3720; x_wconf 81' lang='grc' dir='ltr'>καὶ</span> <span class='ocrx_word' id='word_1_609' title='bbox 3742 3668 3839 3736; x_wconf 79' lang='grc' dir='ltr'>τῆς</span> 
     </span>
    </p>
   </div>
   <div class='ocr_carea' id='block_1_82' title="bbox 2251 3757 3841 3830">
    <p class='ocr_par' dir='ltr' id='par_1_82' title="bbox 2251 3757 3841 3830">
     <span class='ocr_line' id='line_1_82' title="bbox 2251 3757 3841 3830; baseline 0 -17"><span class='ocrx_word' id='word_1_610' title='bbox 2251 3760 2346 3814; x_wconf 82' lang='grc' dir='ltr'>τοῦ</span> <span class='ocrx_word' id='word_1_611' title='bbox 2384 3760 2659 3830; x_wconf 85' lang='grc' dir='ltr'>σώματος.</span> <span class='ocrx_word' id='word_1_612' title='bbox 2690 3759 2763 3812; x_wconf 83' lang='grc' dir='ltr'>Τὸ</span> <span class='ocrx_word' id='word_1_613' title='bbox 2789 3758 2844 3812; x_wconf 82' lang='grc' dir='ltr'>δὲ</span> <span class='ocrx_word' id='word_1_614' title='bbox 2878 3758 3038 3828; x_wconf 79' lang='grc' dir='ltr'>σῶμα</span> <span class='ocrx_word' id='word_1_615' title='bbox 3066 3757 3255 3813; x_wconf 82' lang='grc' dir='ltr'>δοῦλόν</span> <span class='ocrx_word' id='word_1_616' title='bbox 3282 3759 3398 3811; x_wconf 80' lang='grc' dir='ltr'>ἐστι</span> <span class='ocrx_word' id='word_1_617' title='bbox 3423 3758 3525 3829; x_wconf 78' lang='grc' dir='ltr'>τῆς</span> <span class='ocrx_word' id='word_1_618' title='bbox 3543 3758 3722 3830; x_wconf 71' lang='grc' dir='ltr'>ψυχῆς</span> <span class='ocrx_word' id='word_1_619' title='bbox 3746 3760 3841 3813; x_wconf 78' lang='grc' dir='ltr'>ἐπὶ</span> 
     </span>
    </p>
   </div>
   <div class='ocr_carea' id='block_1_83' title="bbox 2254 3849 3842 3923">
    <p class='ocr_par' dir='ltr' id='par_1_83' title="bbox 2254 3849 3842 3923">
     <span class='ocr_line' id='line_1_83' title="bbox 2254 3849 3842 3923; baseline -0.001 -16"><span class='ocrx_word' id='word_1_620' title='bbox 2254 3856 2387 3907; x_wconf 84' lang='grc' dir='ltr'>πᾶσι</span> <span class='ocrx_word' id='word_1_621' title='bbox 2430 3856 2551 3916; x_wconf 83' lang='grc' dir='ltr'>ταῖς</span> <span class='ocrx_word' id='word_1_622' title='bbox 2581 3852 2829 3923; x_wconf 85' lang='grc' dir='ltr'>κρίσεσιν</span> <span class='ocrx_word' id='word_1_623' title='bbox 2869 3850 3040 3921; x_wconf 84' lang='grc' dir='ltr'>αὑτῆς</span> <span class='ocrx_word' id='word_1_624' title='bbox 3081 3849 3591 3922; x_wconf 76' lang='grc' dir='ltr'>ἐξυπηρετοὺμενον</span> <span class='ocrx_word' id='word_1_625' title='bbox 3624 3854 3718 3906; x_wconf 77' lang='grc' dir='ltr'><strong>καὶ</strong></span> <span class='ocrx_word' id='word_1_626' title='bbox 3740 3852 3842 3922; x_wconf 87' lang='grc' dir='ltr'>θη-</span> 
     </span>
    </p>
   </div>
   <div class='ocr_carea' id='block_1_84' title="bbox 2252 3940 3842 4015">
    <p class='ocr_par' dir='ltr' id='par_1_84' title="bbox 2252 3940 3842 4015">
     <span class='ocr_line' id='line_1_84' title="bbox 2252 3940 3842 4015; baseline -0.001 -16"><span class='ocrx_word' id='word_1_627' title='bbox 2252 3945 2428 4000; x_wconf 80' lang='grc' dir='ltr'>τεῦον.</span> <span class='ocrx_word' id='word_1_628' title='bbox 2479 3945 2605 3998; x_wconf 83' lang='grc' dir='ltr'><strong>Ἐὰν</strong></span> <span class='ocrx_word' id='word_1_629' title='bbox 2634 3940 2726 3998; x_wconf 77' lang='grc' dir='ltr'>οὖν</span> <span class='ocrx_word' id='word_1_630' title='bbox 2771 3946 2805 4015; x_wconf 81' lang='grc' dir='ltr'><strong>ἡ</strong></span> <span class='ocrx_word' id='word_1_631' title='bbox 2837 3942 2983 4013; x_wconf 71' lang='grc' dir='ltr'>ψυχὴ</span> <span class='ocrx_word' id='word_1_632' title='bbox 3024 3942 3337 4012; x_wconf 83' lang='grc' dir='ltr'>κατανεύσῃ</span> <span class='ocrx_word' id='word_1_633' title='bbox 3374 3942 3510 4013; x_wconf 76' lang='grc' dir='ltr'>πρὲς</span> <span class='ocrx_word' id='word_1_634' title='bbox 3545 3943 3606 3995; x_wconf 86' lang='grc' dir='ltr'><strong>τὸ</strong></span> <span class='ocrx_word' id='word_1_635' title='bbox 3641 3944 3842 4012; x_wconf 79' lang='grc' dir='ltr'>φαῦλον</span> 
     </span>
    </p>
   </div>
   <div class='ocr_carea' id='block_1_85' title="bbox 2254 4034 3843 4109">
    <p class='ocr_par' dir='ltr' id='par_1_85' title="bbox 2254 4034 3843 4109">
     <span class='ocr_line' id='line_1_85' title="bbox 2254 4034 3843 4109; baseline -0.002 -17"><span class='ocrx_word' id='word_1_636' title='bbox 2254 4039 2348 4093; x_wconf 74' lang='grc' dir='ltr'>καὶ</span> <span class='ocrx_word' id='word_1_637' title='bbox 2368 4036 2623 4109; x_wconf 85' lang='grc' dir='ltr'>πονηρὸν,</span> <span class='ocrx_word' id='word_1_638' title='bbox 2656 4037 2751 4090; x_wconf 69' lang='grc' dir='ltr'><strong>καὶ</strong></span> <span class='ocrx_word' id='word_1_639' title='bbox 2774 4036 3071 4106; x_wconf 76' lang='grc' dir='ltr'>παραῤῥυῇ</span> <span class='ocrx_word' id='word_1_640' title='bbox 3105 4034 3215 4087; x_wconf 88' lang='grc' dir='ltr'>τῶν</span> <span class='ocrx_word' id='word_1_641' title='bbox 3237 4036 3566 4105; x_wconf 82' lang='grc' dir='ltr'>κρειττόνων</span> <span class='ocrx_word' id='word_1_642' title='bbox 3604 4037 3843 4108; x_wconf 78' lang='grc' dir='ltr'>ἐνθυμή-</span> 
     </span>
    </p>
   </div>
   <div class='ocr_carea' id='block_1_86' title="bbox 2257 4119 3843 4198">
    <p class='ocr_par' dir='ltr' id='par_1_86' title="bbox 2257 4119 3843 4198">
     <span class='ocr_line' id='line_1_86' title="bbox 2257 4119 3843 4198; baseline -0.001 -15"><span class='ocrx_word' id='word_1_643' title='bbox 2257 4147 2397 4183; x_wconf 91' lang='grc' dir='ltr'>σεων</span> <span class='ocrx_word' id='word_1_644' title='bbox 2447 4130 2544 4181; x_wconf 72' lang='grc' dir='ltr'><strong>καὶ</strong></span> <span class='ocrx_word' id='word_1_645' title='bbox 2592 4126 2986 4197; x_wconf 82' lang='grc' dir='ltr'>διαλογισμῶν,</span> <span class='ocrx_word' id='word_1_646' title='bbox 3013 4127 3111 4196; x_wconf 90' lang='grc' dir='ltr'><strong>οὑχ</strong></span> <span class='ocrx_word' id='word_1_647' title='bbox 3142 4119 3254 4179; x_wconf 79' lang='grc' dir='ltr'>οἶόν</span> <span class='ocrx_word' id='word_1_648' title='bbox 3280 4127 3340 4180; x_wconf 86' lang='grc' dir='ltr'><strong>τέ</strong></span> <span class='ocrx_word' id='word_1_649' title='bbox 3378 4127 3528 4180; x_wconf 88' lang='grc' dir='ltr'>ἐστιν</span> <span class='ocrx_word' id='word_1_650' title='bbox 3574 4128 3744 4198; x_wconf 81' lang='grc' dir='ltr'>αὐτὴν</span> <span class='ocrx_word' id='word_1_651' title='bbox 3780 4130 3843 4182; x_wconf 80' lang='grc' dir='ltr'><strong>τὸ</strong></span> 
     </span>
    </p>
   </div>
   <div class='ocr_carea' id='block_1_87' title="bbox 2256 4218 3841 4293">
    <p class='ocr_par' dir='ltr' id='par_1_87' title="bbox 2256 4218 3841 4293">
     <span class='ocr_line' id='line_1_87' title="bbox 2256 4218 3841 4293; baseline -0.001 -16"><span class='ocrx_word' id='word_1_652' title='bbox 2256 4223 2417 4293; x_wconf 83' lang='grc' dir='ltr'>σῶμα</span> <span class='ocrx_word' id='word_1_653' title='bbox 2442 4222 2745 4291; x_wconf 83' lang='grc' dir='ltr'>διανιστᾷν,</span> <span class='ocrx_word' id='word_1_654' title='bbox 2779 4222 2874 4274; x_wconf 73' lang='grc' dir='ltr'><strong>καὶ</strong></span> <span class='ocrx_word' id='word_1_655' title='bbox 2904 4218 3041 4290; x_wconf 80' lang='grc' dir='ltr'>πρὸς</span> <span class='ocrx_word' id='word_1_656' title='bbox 3068 4218 3131 4271; x_wconf 82' lang='grc' dir='ltr'><strong>τὸ</strong></span> <span class='ocrx_word' id='word_1_657' title='bbox 3162 4218 3371 4288; x_wconf 86' lang='grc' dir='ltr'>βέλτιον</span> <span class='ocrx_word' id='word_1_658' title='bbox 3402 4220 3701 4288; x_wconf 80' lang='grc' dir='ltr'>ἐπανάγειν</span> <span class='ocrx_word' id='word_1_659' title='bbox 3724 4238 3737 4251; x_wconf 92' lang='grc'><strong>·</strong></span> <span class='ocrx_word' id='word_1_660' title='bbox 3778 4224 3841 4276; x_wconf 83' lang='grc' dir='ltr'><strong>οὗ</strong></span> 
     </span>
    </p>
   </div>
   <div class='ocr_carea' id='block_1_88' title="bbox 2254 4310 3844 4387">
    <p class='ocr_par' dir='ltr' id='par_1_88' title="bbox 2254 4310 3844 4387">
     <span class='ocr_line' id='line_1_88' title="bbox 2254 4310 3844 4387; baseline -0.002 -19"><span class='ocrx_word' id='word_1_661' title='bbox 2254 4316 2362 4387; x_wconf 78' lang='grc' dir='ltr'><strong>γὰρ</strong></span> <span class='ocrx_word' id='word_1_662' title='bbox 2394 4315 2629 4385; x_wconf 75' lang='grc' dir='ltr'>πέφυκε.</span> <span class='ocrx_word' id='word_1_663' title='bbox 2664 4315 2778 4366; x_wconf 81' lang='grc' dir='ltr'>Καὶ</span> <span class='ocrx_word' id='word_1_664' title='bbox 2809 4312 2992 4377; x_wconf 91' lang='grc' dir='ltr'>πάλιν,</span> <span class='ocrx_word' id='word_1_665' title='bbox 3027 4310 3125 4363; x_wconf 83' lang='grc' dir='ltr'><strong>ἐὰν</strong></span> <span class='ocrx_word' id='word_1_666' title='bbox 3154 4310 3215 4363; x_wconf 82' lang='grc' dir='ltr'><strong>τὸ</strong></span> <span class='ocrx_word' id='word_1_667' title='bbox 3251 4312 3410 4380; x_wconf 82' lang='grc' dir='ltr'>σῶμα</span> <span class='ocrx_word' id='word_1_668' title='bbox 3434 4314 3718 4385; x_wconf 79' lang='grc' dir='ltr'>καταπέσῃ</span> <span class='ocrx_word' id='word_1_669' title='bbox 3748 4316 3844 4367; x_wconf 80' lang='grc' dir='ltr'>καὶ</span> 
     </span>
    </p>
   </div>
   <div class='ocr_carea' id='block_1_89' title="bbox 2257 4405 3841 4482">
    <p class='ocr_par' dir='ltr' id='par_1_89' title="bbox 2257 4405 3841 4482">
     <span class='ocr_line' id='line_1_89' title="bbox 2257 4405 3841 4482; baseline 0 -19"><span class='ocrx_word' id='word_1_670' title='bbox 2257 4411 2557 4482; x_wconf 83' lang='grc' dir='ltr'>συμπτωθῇ</span> <span class='ocrx_word' id='word_1_671' title='bbox 2616 4410 2753 4480; x_wconf 83' lang='grc' dir='ltr'>πρὸς</span> <span class='ocrx_word' id='word_1_672' title='bbox 2808 4409 2906 4478; x_wconf 83' lang='grc' dir='ltr'>τὴν</span> <span class='ocrx_word' id='word_1_673' title='bbox 2974 4405 3177 4478; x_wconf 78' lang='grc' dir='ltr'>πρᾶξιν</span> <span class='ocrx_word' id='word_1_674' title='bbox 3244 4407 3343 4475; x_wconf 80' lang='grc' dir='ltr'>τῆς</span> <span class='ocrx_word' id='word_1_675' title='bbox 3406 4409 3717 4479; x_wconf 83' lang='grc' dir='ltr'>ἁμαρτίας,</span> <span class='ocrx_word' id='word_1_676' title='bbox 3777 4410 3841 4463; x_wconf 88' lang='grc' dir='ltr'>οὐ</span> 
     </span>
    </p>
   </div>
   <div class='ocr_carea' id='block_1_90' title="bbox 2256 4498 3841 4573">
    <p class='ocr_par' dir='ltr' id='par_1_90' title="bbox 2256 4498 3841 4573">
     <span class='ocr_line' id='line_1_90' title="bbox 2256 4498 3841 4573; baseline -0.001 -19"><span class='ocrx_word' id='word_1_677' title='bbox 2256 4503 2387 4573; x_wconf 77' lang='grc' dir='ltr'>παρ’</span> <span class='ocrx_word' id='word_1_678' title='bbox 2408 4500 2601 4556; x_wconf 80' lang='grc' dir='ltr'>ἐαυτοῦ</span> <span class='ocrx_word' id='word_1_679' title='bbox 2634 4502 2727 4555; x_wconf 81' lang='grc' dir='ltr'>καὶ</span> <span class='ocrx_word' id='word_1_680' title='bbox 2747 4499 2959 4553; x_wconf 76' lang='grc' dir='ltr'>οἴκοθεν</span> <span class='ocrx_word' id='word_1_681' title='bbox 2983 4498 3295 4563; x_wconf 81' lang='grc' dir='ltr'>πέπτωκεν,</span> <span class='ocrx_word' id='word_1_682' title='bbox 3316 4499 3432 4552; x_wconf 84' lang='grc' dir='ltr'>ἀλλ’</span> <span class='ocrx_word' id='word_1_683' title='bbox 3460 4503 3522 4554; x_wconf 85' lang='grc' dir='ltr'><strong>ἐκ</strong></span> <span class='ocrx_word' id='word_1_684' title='bbox 3545 4500 3624 4572; x_wconf 85' lang='grc' dir='ltr'>τῷ</span> <span class='ocrx_word' id='word_1_685' title='bbox 3657 4502 3841 4570; x_wconf 89' lang='grc' dir='ltr'>πολλῷ</span> 
     </span>
    </p>
   </div>
   <div class='ocr_carea' id='block_1_91' title="bbox 578 4582 2150 4665">
    <p class='ocr_par' dir='ltr' id='par_1_91' title="bbox 578 4582 2150 4651">
     <span class='ocr_line' id='line_1_91' title="bbox 578 4582 2150 4651; baseline 0.004 -14"><span class='ocrx_word' id='word_1_686' title='bbox 578 4582 761 4651; x_wconf 88' lang='lat' dir='ltr'><strong>seipso</strong></span> <span class='ocrx_word' id='word_1_687' title='bbox 811 4590 867 4638; x_wconf 91' lang='lat' dir='ltr'><strong>et</strong></span> <span class='ocrx_word' id='word_1_688' title='bbox 924 4582 1142 4651; x_wconf 82' lang='lat' dir='ltr'><strong>propria</strong></span> <span class='ocrx_word' id='word_1_689' title='bbox 1198 4583 1569 4639; x_wconf 84' lang='lat' dir='ltr'><strong>imbecillitate</strong></span> <span class='ocrx_word' id='word_1_690' title='bbox 1608 4586 1774 4651; x_wconf 89' lang='lat' dir='ltr'><strong>cadit,</strong></span> <span class='ocrx_word' id='word_1_691' title='bbox 1832 4589 1924 4643; x_wconf 89' lang='lat' dir='ltr'><strong>sed</strong></span> <span class='ocrx_word' id='word_1_692' title='bbox 1973 4591 2150 4643; x_wconf 90' lang='lat' dir='ltr'><strong>anima</strong></span> 
     </span>
    </p>
   </div>
   <div class='ocr_carea' id='block_1_92' title="bbox 2250 4582 3843 4665">
    <p class='ocr_par' dir='ltr' id='par_1_92' title="bbox 2262 4588 3843 4665">
     <span class='ocr_line' id='line_1_92' title="bbox 2262 4588 3843 4665; baseline 0.001 -19"><span class='ocrx_word' id='word_1_693' title='bbox 2262 4594 2528 4665; x_wconf 89' lang='grc' dir='ltr'>πρότερον</span> <span class='ocrx_word' id='word_1_694' title='bbox 2573 4590 3001 4663; x_wconf 86' lang='grc' dir='ltr'>συμπτωθείσης</span> <span class='ocrx_word' id='word_1_695' title='bbox 3035 4588 3215 4659; x_wconf 69' lang='grc' dir='ltr'>ψυχῆς</span> <span class='ocrx_word' id='word_1_696' title='bbox 3245 4594 3366 4653; x_wconf 87' lang='grc' dir='ltr'>ταῖς</span> <span class='ocrx_word' id='word_1_697' title='bbox 3404 4592 3541 4662; x_wconf 80' lang='grc' dir='ltr'>πρὸς</span> <span class='ocrx_word' id='word_1_698' title='bbox 3574 4593 3634 4646; x_wconf 85' lang='grc' dir='ltr'><strong>τὸ</strong></span> <span class='ocrx_word' id='word_1_699' title='bbox 3663 4598 3843 4665; x_wconf 84' lang='grc' dir='ltr'>χεῖρον</span> 
     </span>
    </p>
   </div>
   <div class='ocr_carea' id='block_1_93' title="bbox 578 4674 2155 4747">
    <p class='ocr_par' dir='ltr' id='par_1_93' title="bbox 578 4674 2155 4747">
     <span class='ocr_line' id='line_1_93' title="bbox 578 4674 2155 4747; baseline 0.003 -15"><span class='ocrx_word' id='word_1_700' title='bbox 578 4676 751 4732; x_wconf 88' lang='lat' dir='ltr'><strong>multo</strong></span> <span class='ocrx_word' id='word_1_701' title='bbox 785 4685 913 4730; x_wconf 88' lang='lat' dir='ltr'><strong>ante</strong></span> <span class='ocrx_word' id='word_1_702' title='bbox 942 4692 1105 4745; x_wconf 86' lang='lat' dir='ltr'><strong>prava</strong></span> <span class='ocrx_word' id='word_1_703' title='bbox 1136 4675 1206 4729; x_wconf 90' lang='lat' dir='ltr'><strong>ob</strong></span> <span class='ocrx_word' id='word_1_704' title='bbox 1236 4674 1503 4729; x_wconf 79' lang='lat' dir='ltr'><strong>desideria</strong></span> <span class='ocrx_word' id='word_1_705' title='bbox 1538 4678 1801 4747; x_wconf 86' lang='lat' dir='ltr'><strong>collapsa,</strong></span> <span class='ocrx_word' id='word_1_706' title='bbox 1833 4696 2019 4737; x_wconf 87' lang='lat' dir='ltr'><strong>casum</strong></span> <span class='ocrx_word' id='word_1_707' title='bbox 2047 4698 2155 4736; x_wconf 86' lang='lat' dir='ltr'><strong>uua</strong></span> 
     </span>
    </p>
   </div>
   <div class='ocr_carea' id='block_1_94' title="bbox 580 4765 2155 4835">
    <p class='ocr_par' dir='ltr' id='par_1_94' title="bbox 580 4765 2155 4835">
     <span class='ocr_line' id='line_1_94' title="bbox 580 4765 2155 4835; baseline -0.003 -13"><span class='ocrx_word' id='word_1_708' title='bbox 580 4768 729 4823; x_wconf 77' lang='lat' dir='ltr'><strong>subit</strong></span> <span class='ocrx_word' id='word_1_709' title='bbox 750 4769 1023 4832; x_wconf 88' lang='lat' dir='ltr'><strong>eumdem,</strong></span> <span class='ocrx_word' id='word_1_710' title='bbox 1058 4767 1137 4822; x_wconf 83' lang='lat' dir='ltr'><strong>vel</strong></span> <span class='ocrx_word' id='word_1_711' title='bbox 1172 4767 1226 4821; x_wconf 92' lang='lat' dir='ltr'><strong>in</strong></span> <span class='ocrx_word' id='word_1_712' title='bbox 1247 4765 1688 4835; x_wconf 78' lang='lat' dir='ltr'><strong>fornicationem,</strong></span> <span class='ocrx_word' id='word_1_713' title='bbox 1720 4772 1801 4826; x_wconf 85' lang='lat' dir='ltr'><strong>vel</strong></span> <span class='ocrx_word' id='word_1_714' title='bbox 1831 4771 1883 4827; x_wconf 90' lang='lat' dir='ltr'><strong>in</strong></span> <span class='ocrx_word' id='word_1_715' title='bbox 1926 4773 2155 4829; x_wconf 82' lang='lat' dir='ltr'><strong>homici-</strong></span> 
     </span>
    </p>
   </div>
   <div class='ocr_carea' id='block_1_95' title="bbox 670 4969 1748 5041">
    <p class='ocr_par' dir='ltr' id='par_1_95' title="bbox 670 4969 1748 5041">
     <span class='ocr_line' id='line_1_95' title="bbox 670 4969 1748 5041; baseline 0.006 -17"><span class='ocrx_word' id='word_1_716' title='bbox 670 4973 718 5006; x_wconf 83' lang='grc'><strong>⁶⁹</strong></span> <span class='ocrx_word' id='word_1_717' title='bbox 755 4969 801 5026; x_wconf 91' lang='lat' dir='ltr'><strong>ll</strong></span> <span class='ocrx_word' id='word_1_718' title='bbox 830 4970 956 5027; x_wconf 90' lang='lat' dir='ltr'><strong>Cor.</strong></span> <span class='ocrx_word' id='word_1_719' title='bbox 989 4986 1064 5038; x_wconf 73' lang='lat' dir='ltr'><strong>Iv,</strong></span> <span class='ocrx_word' id='word_1_720' title='bbox 1095 4973 1151 5025; x_wconf 71' lang='grc'>2.</span> <span class='ocrx_word' id='word_1_721' title='bbox 1244 4973 1290 5004; x_wconf 80' lang='grc' dir='ltr'><strong>ὀ</strong></span> <span class='ocrx_word' id='word_1_722' title='bbox 1330 4973 1501 5030; x_wconf 82' lang='lat' dir='ltr'><strong>lCor.</strong></span> <span class='ocrx_word' id='word_1_723' title='bbox 1537 4992 1630 5041; x_wconf 66' lang='grc' dir='ltr'><strong>κη,</strong></span> <span class='ocrx_word' id='word_1_724' title='bbox 1657 4976 1748 5032; x_wconf 84' lang='grc'><strong>50.</strong></span> 
     </span>
    </p>
   </div>
   <div class='ocr_carea' id='block_1_96' title="bbox 652 5175 2159 5256">
    <p class='ocr_par' dir='ltr' id='par_1_96' title="bbox 652 5175 2159 5256">
     <span class='ocr_line' id='line_1_96' title="bbox 652 5175 2159 5256; baseline 0.005 -24"><span class='ocrx_word' id='word_1_725' title='bbox 652 5175 1205 5256; x_wconf 74' lang='lat' dir='ltr'><strong>(85‘)_Olympiorloro</strong></span> <span class='ocrx_word' id='word_1_726' title='bbox 1235 5194 1294 5234; x_wconf 90' lang='lat' dir='ltr'><strong>se</strong></span> <span class='ocrx_word' id='word_1_727' title='bbox 1326 5195 1432 5233; x_wconf 89' lang='lat' dir='ltr'><strong>non</strong></span> <span class='ocrx_word' id='word_1_728' title='bbox 1466 5184 1719 5256; x_wconf 77' lang='lat' dir='ltr'><strong>assentiri</strong></span> <span class='ocrx_word' id='word_1_729' title='bbox 1745 5183 2037 5256; x_wconf 76' lang='lat' dir='ltr'><strong>significat.</strong></span> <span class='ocrx_word' id='word_1_730' title='bbox 2064 5187 2159 5255; x_wconf 90' lang='lat' dir='ltr'><strong>qui</strong></span> 
     </span>
    </p>
   </div>
   <div class='ocr_carea' id='block_1_97' title="bbox 579 5248 2159 5329">
    <p class='ocr_par' dir='ltr' id='par_1_97' title="bbox 579 5248 2159 5329">
     <span class='ocr_line' id='line_1_97' title="bbox 579 5248 2159 5329; baseline 0.008 -31"><span class='ocrx_word' id='word_1_731' title='bbox 579 5263 776 5329; x_wconf 59' lang='lat' dir='ltr'><strong>neutpe</strong></span> <span class='ocrx_word' id='word_1_732' title='bbox 803 5248 856 5301; x_wconf 92' lang='lat' dir='ltr'><strong>in</strong></span> <span class='ocrx_word' id='word_1_733' title='bbox 887 5248 1013 5329; x_wconf 84' lang='lat' dir='ltr'><strong>eam</strong></span> <span class='ocrx_word' id='word_1_734' title='bbox 1041 5265 1260 5318; x_wconf 88' lang='lat' dir='ltr'><strong>quoque</strong></span> <span class='ocrx_word' id='word_1_735' title='bbox 1290 5253 1612 5329; x_wconf 85' lang='lat' dir='ltr'><strong>sententiam</strong></span> <span class='ocrx_word' id='word_1_736' title='bbox 1647 5248 1851 5329; x_wconf 62' lang='lat' dir='ltr'><strong>dictum</strong></span> <span class='ocrx_word' id='word_1_737' title='bbox 1888 5248 2159 5311; x_wconf 82' lang='lat' dir='ltr'><strong>Ecclesia—</strong></span> 
     </span>
    </p>
   </div>
   <div class='ocr_carea' id='block_1_98' title="bbox 582 5325 2163 5390">
    <p class='ocr_par' dir='ltr' id='par_1_98' title="bbox 582 5325 2163 5390">
     <span class='ocr_line' id='line_1_98' title="bbox 582 5325 2163 5390; baseline 0.006 -18"><span class='ocrx_word' id='word_1_738' title='bbox 582 5330 677 5372; x_wconf 75' lang='lat' dir='ltr'><strong>stze</strong></span> <span class='ocrx_word' id='word_1_739' title='bbox 703 5325 1087 5386; x_wconf 87' lang='lat' dir='ltr'><strong>interpretatus</strong></span> <span class='ocrx_word' id='word_1_740' title='bbox 1118 5330 1237 5384; x_wconf 88' lang='lat' dir='ltr'><strong>est,</strong></span> <span class='ocrx_word' id='word_1_741' title='bbox 1275 5332 1531 5390; x_wconf 85' lang='lat' dir='ltr'><strong>tauquam</strong></span> <span class='ocrx_word' id='word_1_742' title='bbox 1564 5326 1607 5378; x_wconf 90' lang='lat' dir='ltr'><strong>si</strong></span> <span class='ocrx_word' id='word_1_743' title='bbox 1639 5325 1705 5378; x_wconf 91' lang='lat' dir='ltr'><strong>de</strong></span> <span class='ocrx_word' id='word_1_744' title='bbox 1732 5327 1927 5381; x_wconf 74' lang='lat' dir='ltr'><strong>animae</strong></span> <span class='ocrx_word' id='word_1_745' title='bbox 1959 5337 2011 5379; x_wconf 75' lang='lat' dir='ltr'><strong>et</strong></span> <span class='ocrx_word' id='word_1_746' title='bbox 2039 5343 2163 5380; x_wconf 79' lang='lat' dir='ltr'><strong>cor-</strong></span> 
     </span>
    </p>
   </div>
   <div class='ocr_carea' id='block_1_99' title="bbox 580 5390 2159 5460">
    <p class='ocr_par' dir='ltr' id='par_1_99' title="bbox 580 5390 2159 5460">
     <span class='ocr_line' id='line_1_99' title="bbox 580 5390 2159 5460; baseline 0.008 -22"><span class='ocrx_word' id='word_1_747' title='bbox 580 5390 1057 5460; x_wconf 15' lang='lat' dir='ltr'><strong>poi‘isrco‘ncordia</strong></span> <span class='ocrx_word' id='word_1_748' title='bbox 1109 5392 1278 5457; x_wconf 87' lang='lat' dir='ltr'><strong>accipi</strong></span> <span class='ocrx_word' id='word_1_749' title='bbox 1327 5393 1515 5459; x_wconf 82' lang='lat' dir='ltr'><strong>possit.</strong></span> <span class='ocrx_word' id='word_1_750' title='bbox 1569 5396 1651 5447; x_wconf 85' lang='lat' dir='ltr'><strong>Ait</strong></span> <span class='ocrx_word' id='word_1_751' title='bbox 1692 5398 1836 5450; x_wconf 88' lang='lat' dir='ltr'><strong>enim</strong></span> <span class='ocrx_word' id='word_1_752' title='bbox 1882 5417 1895 5451; x_wconf 90' lang='lat'>:</span> <span class='ocrx_word' id='word_1_753' title='bbox 1933 5398 2057 5460; x_wconf 80' lang='grc' dir='ltr'><strong>Πῶς</strong></span> <span class='ocrx_word' id='word_1_754' title='bbox 2103 5397 2159 5450; x_wconf 80' lang='grc' dir='ltr'>δὲ</span> 
     </span>
    </p>
   </div>
   <div class='ocr_carea' id='block_1_100' title="bbox 580 5440 2157 5537">
    <p class='ocr_par' dir='ltr' id='par_1_100' title="bbox 580 5440 2157 5537">
     <span class='ocr_line' id='line_1_100' title="bbox 580 5440 2157 5537; baseline 0.006 -26"><span class='ocrx_word' id='word_1_755' title='bbox 580 5440 860 5537; x_wconf 28' lang='grc' dir='ltr'>άγαθᾍοὶ-οἳ</span> <span class='ocrx_word' id='word_1_756' title='bbox 873 5460 985 5537; x_wconf 61' lang='grc' dir='ltr'><strong>Δδύο</strong></span> <span class='ocrx_word' id='word_1_757' title='bbox 1009 5461 1152 5537; x_wconf 71' lang='grc' dir='ltr'>ὑπὲρ</span> <span class='ocrx_word' id='word_1_758' title='bbox 1176 5440 1267 5514; x_wconf 58' lang='lat' dir='ltr'><em>16rv</em></span> <span class='ocrx_word' id='word_1_759' title='bbox 1297 5440 1430 5529; x_wconf 62' lang='grc' dir='ltr'>ἕνας</span> <span class='ocrx_word' id='word_1_760' title='bbox 1468 5464 1563 5515; x_wconf 82' lang='grc' dir='ltr'>ἐὰν</span> <span class='ocrx_word' id='word_1_761' title='bbox 1594 5466 1655 5517; x_wconf 81' lang='grc' dir='ltr'><strong>τὸ</strong></span> <span class='ocrx_word' id='word_1_762' title='bbox 1693 5468 1851 5537; x_wconf 80' lang='grc' dir='ltr'>σῶμα</span> <span class='ocrx_word' id='word_1_763' title='bbox 1881 5440 2157 5537; x_wconf 56' lang='grc' dir='ltr'>σωφρονῇ,</span> 
     </span>
    </p>
   </div>
   <div class='ocr_carea' id='block_1_101' title="bbox 582 5528 2160 5609">
    <p class='ocr_par' dir='ltr' id='par_1_101' title="bbox 582 5528 2160 5609">
     <span class='ocr_line' id='line_1_101' title="bbox 582 5528 2160 5609; baseline 0.004 -26"><span class='ocrx_word' id='word_1_764' title='bbox 582 5528 833 5609; x_wconf 32' lang='grc' dir='ltr'>κενοδοξιῇ</span> <span class='ocrx_word' id='word_1_765' title='bbox 859 5530 933 5609; x_wconf 33' lang='grc' dir='ltr'>’δε</span> <span class='ocrx_word' id='word_1_766' title='bbox 962 5531 994 5601; x_wconf 88' lang='grc' dir='ltr'><strong>ή</strong></span> <span class='ocrx_word' id='word_1_767' title='bbox 1024 5528 1200 5609; x_wconf 70' lang='grc' dir='ltr'>ψυχὴ,</span> <span class='ocrx_word' id='word_1_768' title='bbox 1221 5528 1447 5609; x_wconf 63' lang='grc' dir='ltr'><strong>Δματαία</strong></span> <span class='ocrx_word' id='word_1_769' title='bbox 1470 5536 1564 5609; x_wconf 80' lang='grc' dir='ltr'>τοῦ</span> <span class='ocrx_word' id='word_1_770' title='bbox 1602 5528 1855 5604; x_wconf 76' lang='grc' dir='ltr'>σώματος</span> <span class='ocrx_word' id='word_1_771' title='bbox 1885 5540 1916 5608; x_wconf 84' lang='grc' dir='ltr'><strong>ἡ</strong></span> <span class='ocrx_word' id='word_1_772' title='bbox 1948 5528 2160 5609; x_wconf 60' lang='grc' dir='ltr'><strong>σ’ωφρόὲ</strong></span> 
     </span>
    </p>
   </div>
   <div class='ocr_carea' id='block_1_102' title="bbox 585 5599 2160 5681">
    <p class='ocr_par' dir='ltr' id='par_1_102' title="bbox 585 5599 2160 5681">
     <span class='ocr_line' id='line_1_102' title="bbox 585 5599 2160 5681; baseline 0.008 -30"><span class='ocrx_word' id='word_1_773' title='bbox 585 5599 890 5681; x_wconf 33' lang='grc' dir='ltr'>σύνηκῇαὶι</span> <span class='ocrx_word' id='word_1_774' title='bbox 910 5599 1168 5681; x_wconf 36' lang='grc' dir='ltr'>ἕμκπαλιν,</span> <span class='ocrx_word' id='word_1_775' title='bbox 1219 5599 1312 5654; x_wconf 73' lang='grc' dir='ltr'>ἐὰν</span> <span class='ocrx_word' id='word_1_776' title='bbox 1330 5605 1370 5681; x_wconf 36' lang='grc' dir='ltr'><strong>’ἡ</strong></span> <span class='ocrx_word' id='word_1_777' title='bbox 1393 5603 1538 5681; x_wconf 59' lang='grc' dir='ltr'>ψυχὴ</span> <span class='ocrx_word' id='word_1_778' title='bbox 1571 5599 1992 5681; x_wconf 15' lang='grc' dir='ltr'>ταπεινοφήρονῇ.</span> <span class='ocrx_word' id='word_1_779' title='bbox 2014 5599 2160 5681; x_wconf 68' lang='lat'><em>1:69-</em></span> 
     </span>
    </p>
   </div>
   <div class='ocr_carea' id='block_1_103' title="bbox 582 5664 2161 5764">
    <p class='ocr_par' dir='ltr' id='par_1_103' title="bbox 582 5664 2161 5764">
     <span class='ocr_line' id='line_1_103' title="bbox 582 5664 2161 5764; baseline 0.008 -44"><span class='ocrx_word' id='word_1_780' title='bbox 582 5664 716 5764; x_wconf 53' lang='lat' dir='ltr'><strong>vidij</strong></span> <span class='ocrx_word' id='word_1_781' title='bbox 747 5669 806 5764; x_wconf 51' lang='grc' dir='ltr'>δὲ</span> <span class='ocrx_word' id='word_1_782' title='bbox 842 5671 904 5723; x_wconf 74' lang='grc' dir='ltr'>τὸ</span> <span class='ocrx_word' id='word_1_783' title='bbox 932 5664 1092 5764; x_wconf 44' lang='lat' dir='ltr'><strong>{item</strong></span> <span class='ocrx_word' id='word_1_784' title='bbox 1116 5664 1379 5764; x_wconf 34' lang='lat' dir='ltr'><strong>{tria-aia</strong></span> <span class='ocrx_word' id='word_1_785' title='bbox 1472 5664 1991 5764; x_wconf 43' lang='grc' dir='ltr'><strong>ἓσξπεζνοςριροσῖὂνηῗ⁷</strong></span> <span class='ocrx_word' id='word_1_786' title='bbox 2012 5664 2161 5742; x_wconf 61' lang='grc' dir='ltr'>Ἐνδς</span> 
     </span>
    </p>
   </div>
   <div class='ocr_carea' id='block_1_104' title="bbox 582 5738 2161 5848">
    <p class='ocr_par' dir='ltr' id='par_1_104' title="bbox 582 5738 2161 5848">
     <span class='ocr_line' id='line_1_104' title="bbox 582 5738 2161 5848; baseline 0.009 -59"><span class='ocrx_word' id='word_1_787' title='bbox 582 5738 711 5848; x_wconf 80' lang='grc' dir='ltr'>γὰρ</span> <span class='ocrx_word' id='word_1_788' title='bbox 723 5741 921 5809; x_wconf 79' lang='grc' dir='ltr'>μέρους</span> <span class='ocrx_word' id='word_1_789' title='bbox 954 5738 1377 5811; x_wconf 73' lang='grc' dir='ltr'>ἁμαρτάνοντος,</span> <span class='ocrx_word' id='word_1_790' title='bbox 1407 5738 1587 5848; x_wconf 59' lang='grc' dir='ltr'>ψυχης</span> <span class='ocrx_word' id='word_1_791' title='bbox 1621 5746 1653 5815; x_wconf 87' lang='grc' dir='ltr'>ἦ</span> <span class='ocrx_word' id='word_1_792' title='bbox 1688 5738 1959 5815; x_wconf 71' lang='grc' dir='ltr'>σὶὖματος,</span> <span class='ocrx_word' id='word_1_793' title='bbox 1995 5738 2161 5816; x_wconf 56' lang='grc' dir='ltr'>άναγξ</span> 
     </span>
     <span class='ocr_line' id='line_1_105' title="bbox 584 5810 2160 5848; baseline 0 0"><span class='ocrx_word' id='word_1_794' title='bbox 584 5824 757 5848; x_wconf 69' lang='lat' dir='ltr'><strong>vam.-</strong></span> <span class='ocrx_word' id='word_1_795' title='bbox 808 5810 898 5848; x_wconf 68' lang='grc' dir='ltr'><strong>νηὶ</strong></span> <span class='ocrx_word' id='word_1_796' title='bbox 949 5813 1008 5848; x_wconf 52' lang='lat' dir='ltr'><strong>at</strong></span> <span class='ocrx_word' id='word_1_797' title='bbox 1060 5812 1247 5848; x_wconf 59' lang='lat' dir='ltr'><strong>sum...</strong></span> <span class='ocrx_word' id='word_1_798' title='bbox 1295 5831 1530 5848; x_wconf 65' lang='grc' dir='ltr'><strong>κυηη-εη.</strong></span> <span class='ocrx_word' id='word_1_799' title='bbox 1573 5816 1871 5848; x_wconf 59' lang='grc' dir='ltr'>..ηειηρυη</span> <span class='ocrx_word' id='word_1_800' title='bbox 1957 5820 2160 5848; x_wconf 73' lang='lat' dir='ltr'><strong>u..-n:.</strong></span> 
     </span>
    </p>
   </div>
   <div class='ocr_carea' id='block_1_105' title="bbox 584 5785 2161 5894">
    <p class='ocr_par' dir='ltr' id='par_1_105' title="bbox 584 5785 2161 5894">
     <span class='ocr_line' id='line_1_106' title="bbox 629 5785 2161 5803; baseline 0.009 -14"><span class='ocrx_word' id='word_1_801' title='bbox 629 5785 658 5789; x_wconf 78' lang='lat'><strong>--</strong></span> <span class='ocrx_word' id='word_1_802' title='bbox 764 5785 786 5791; x_wconf 75' lang='lat'><strong>-</strong></span> <span class='ocrx_word' id='word_1_803' title='bbox 834 5785 919 5803; x_wconf 66' lang='grc' dir='ltr'>η,</span> <span class='ocrx_word' id='word_1_804' title='bbox 954 5785 1067 5794; x_wconf 60' lang='grc' dir='ltr'><strong>..π</strong></span> <span class='ocrx_word' id='word_1_805' title='bbox 1120 5785 1326 5796; x_wconf 74' lang='grc'>...,..,.-</span> <span class='ocrx_word' id='word_1_806' title='bbox 1455 5785 1478 5796; x_wconf 81' lang='grc'><strong>-</strong></span> <span class='ocrx_word' id='word_1_807' title='bbox 1527 5785 1536 5797; x_wconf 95' lang='grc'><strong>.</strong></span> <span class='ocrx_word' id='word_1_808' title='bbox 1628 5785 1637 5796; x_wconf 96' lang='grc'><strong>.</strong></span> <span class='ocrx_word' id='word_1_809' title='bbox 1688 5785 1762 5800; x_wconf 74' lang='grc' dir='ltr'>...ν</span> <span class='ocrx_word' id='word_1_810' title='bbox 1813 5785 1909 5801; x_wconf 67' lang='grc' dir='ltr'><strong>νην</strong></span> <span class='ocrx_word' id='word_1_811' title='bbox 1995 5785 2095 5802; x_wconf 67' lang='grc' dir='ltr'>...να</span> <span class='ocrx_word' id='word_1_812' title='bbox 2135 5785 2161 5790; x_wconf 93' lang='grc'><strong><em>-</em></strong></span> 
     </span>
     <span class='ocr_line' id='line_1_107' title="bbox 584 5785 2161 5894; baseline 0.008 -34"><span class='ocrx_word' id='word_1_813' title='bbox 584 5785 779 5891; x_wconf 43' lang='grc' dir='ltr'><strong>ἐειῖωέ,</strong></span> <span class='ocrx_word' id='word_1_814' title='bbox 796 5785 909 5894; x_wconf 56' lang='grc' dir='ltr'>’και</span> <span class='ocrx_word' id='word_1_815' title='bbox 949 5792 1009 5894; x_wconf 58' lang='grc' dir='ltr'><strong>τό</strong></span> <span class='ocrx_word' id='word_1_816' title='bbox 1060 5785 1247 5881; x_wconf 56' lang='grc' dir='ltr'>ἕτερον</span> <span class='ocrx_word' id='word_1_817' title='bbox 1288 5785 2161 5894; x_wconf 39' lang='grc' dir='ltr'>συμπεριλέιέὸάνεὲαι.νξιὶγαθὴ</span> 
     </span>
    </p>
   </div>
   <div class='ocr_carea' id='block_1_106' title="bbox 585 5880 2161 5962">
    <p class='ocr_par' dir='ltr' id='par_1_106' title="bbox 585 5880 2161 5962">
     <span class='ocr_line' id='line_1_108' title="bbox 585 5880 2161 5962; baseline 0.004 -25"><span class='ocrx_word' id='word_1_818' title='bbox 585 5880 680 5937; x_wconf 76' lang='grc' dir='ltr'>οὖν</span> <span class='ocrx_word' id='word_1_819' title='bbox 712 5880 822 5938; x_wconf 83' lang='grc' dir='ltr'>τῶν</span> <span class='ocrx_word' id='word_1_820' title='bbox 851 5880 946 5936; x_wconf 77' lang='grc' dir='ltr'>δύο</span> <span class='ocrx_word' id='word_1_821' title='bbox 980 5884 1012 5952; x_wconf 86' lang='grc' dir='ltr'>ή</span> <span class='ocrx_word' id='word_1_822' title='bbox 1050 5880 1591 5953; x_wconf 49' lang='grc' dir='ltr'>συμφωνίαίείςτδν</span> <span class='ocrx_word' id='word_1_823' title='bbox 1612 5880 1889 5959; x_wconf 68' lang='grc' dir='ltr'>’ἔμμισθον</span> <span class='ocrx_word' id='word_1_824' title='bbox 1911 5890 2008 5960; x_wconf 78' lang='grc' dir='ltr'>τῆς</span> <span class='ocrx_word' id='word_1_825' title='bbox 2032 5880 2161 5962; x_wconf 57' lang='lat' dir='ltr'><strong>aps:</strong></span> 
     </span>
    </p>
   </div>
   <div class='ocr_carea' id='block_1_107' title="bbox 2265 4678 3836 4755">
    <p class='ocr_par' dir='ltr' id='par_1_107' title="bbox 2265 4678 3836 4755">
     <span class='ocr_line' id='line_1_109' title="bbox 2265 4678 3836 4755; baseline 0 -18"><span class='ocrx_word' id='word_1_826' title='bbox 2265 4684 2603 4754; x_wconf 82' lang='grc' dir='ltr'>ἐπιθυμίαις,</span> <span class='ocrx_word' id='word_1_827' title='bbox 2648 4684 2748 4755; x_wconf 73' lang='grc' dir='ltr'>τὴν</span> <span class='ocrx_word' id='word_1_828' title='bbox 2799 4681 3056 4747; x_wconf 81' lang='grc' dir='ltr'>τοιαύτην</span> <span class='ocrx_word' id='word_1_829' title='bbox 3082 4678 3347 4732; x_wconf 72' lang='grc' dir='ltr'>ῗπέπονθε</span> <span class='ocrx_word' id='word_1_830' title='bbox 3407 4680 3749 4751; x_wconf 80' lang='grc' dir='ltr'>σύμπτωσιν,</span> <span class='ocrx_word' id='word_1_831' title='bbox 3803 4686 3836 4755; x_wconf 82' lang='grc' dir='ltr'><strong>ἢ</strong></span> 
     </span>
    </p>
   </div>
   <div class='ocr_carea' id='block_1_108' title="bbox 2266 4770 3842 4849">
    <p class='ocr_par' dir='ltr' id='par_1_108' title="bbox 2266 4770 3842 4849">
     <span class='ocr_line' id='line_1_110' title="bbox 2266 4770 3842 4849; baseline 0 -20"><span class='ocrx_word' id='word_1_832' title='bbox 2266 4777 2399 4849; x_wconf 84' lang='grc' dir='ltr'>πρὸς</span> <span class='ocrx_word' id='word_1_833' title='bbox 2434 4777 2720 4848; x_wconf 84' lang='grc' dir='ltr'>πορνείαν,</span> <span class='ocrx_word' id='word_1_834' title='bbox 2751 4775 2786 4847; x_wconf 82' lang='grc' dir='ltr'>ἢ</span> <span class='ocrx_word' id='word_1_835' title='bbox 2845 4776 2979 4847; x_wconf 82' lang='grc' dir='ltr'>πρὸς</span> <span class='ocrx_word' id='word_1_836' title='bbox 3016 4770 3351 4845; x_wconf 77' lang='grc' dir='ltr'>μιαιφονίαν,</span> <span class='ocrx_word' id='word_1_837' title='bbox 3390 4774 3423 4845; x_wconf 73' lang='grc' dir='ltr'><strong>ἡ</strong></span> <span class='ocrx_word' id='word_1_838' title='bbox 3470 4792 3590 4829; x_wconf 86' lang='grc' dir='ltr'>τινα</span> <span class='ocrx_word' id='word_1_839' title='bbox 3643 4776 3842 4849; x_wconf 79' lang='grc' dir='ltr'>πρᾶξιν</span> 
     </span>
    </p>
   </div>
   <div class='ocr_carea' id='block_1_109' title="bbox 2255 5182 3837 5255">
    <p class='ocr_par' dir='ltr' id='par_1_109' title="bbox 2255 5182 3837 5255">
     <span class='ocr_line' id='line_1_111' title="bbox 2255 5182 3837 5255; baseline -0.004 -15"><span class='ocrx_word' id='word_1_840' title='bbox 2255 5187 2355 5255; x_wconf 80' lang='grc' dir='ltr'>τῆς</span> <span class='ocrx_word' id='word_1_841' title='bbox 2382 5187 2560 5254; x_wconf 88' lang='grc' dir='ltr'>λόγον,</span> <span class='ocrx_word' id='word_1_842' title='bbox 2588 5187 2670 5240; x_wconf 85' lang='grc' dir='ltr'>ὅτι</span> <span class='ocrx_word' id='word_1_843' title='bbox 2703 5187 2797 5240; x_wconf 80' lang='grc' dir='ltr'><strong>ἐὰν</strong></span> <span class='ocrx_word' id='word_1_844' title='bbox 2824 5188 3085 5251; x_wconf 82' lang='grc' dir='ltr'>πέσωσιν,</span> <span class='ocrx_word' id='word_1_845' title='bbox 3111 5190 3140 5241; x_wconf 94' lang='lat'><strong>6</strong></span> <span class='ocrx_word' id='word_1_846' title='bbox 3173 5182 3255 5251; x_wconf 77' lang='grc' dir='ltr'>εἷς</span> <span class='ocrx_word' id='word_1_847' title='bbox 3276 5188 3459 5255; x_wconf 85' lang='grc' dir='ltr'>ἐγερεῖ</span> <span class='ocrx_word' id='word_1_848' title='bbox 3491 5184 3583 5237; x_wconf 72' lang='grc' dir='ltr'>τὸν</span> <span class='ocrx_word' id='word_1_849' title='bbox 3611 5184 3837 5253; x_wconf 85' lang='grc' dir='ltr'>μέτοχον</span> 
     </span>
    </p>
   </div>
   <div class='ocr_carea' id='block_1_110' title="bbox 2257 5255 3840 5326">
    <p class='ocr_par' dir='ltr' id='par_1_110' title="bbox 2257 5255 3840 5326">
     <span class='ocr_line' id='line_1_112' title="bbox 2257 5255 3840 5326; baseline -0.003 -16"><span class='ocrx_word' id='word_1_850' title='bbox 2257 5257 2443 5311; x_wconf 77' lang='grc' dir='ltr'>αὑτοῦ.</span> <span class='ocrx_word' id='word_1_851' title='bbox 2500 5255 2551 5310; x_wconf 86' lang='lat' dir='ltr'><strong>Id</strong></span> <span class='ocrx_word' id='word_1_852' title='bbox 2601 5266 2685 5311; x_wconf 88' lang='lat' dir='ltr'><strong>est</strong></span> <span class='ocrx_word' id='word_1_853' title='bbox 2733 5276 2745 5310; x_wconf 94' lang='lat'>:</span> <span class='ocrx_word' id='word_1_854' title='bbox 2796 5258 2863 5311; x_wconf 80' lang='lat' dir='ltr'><strong>At</strong></span> <span class='ocrx_word' id='word_1_855' title='bbox 2916 5262 3173 5326; x_wconf 85' lang='lat' dir='ltr'><strong>quomodo</strong></span> <span class='ocrx_word' id='word_1_856' title='bbox 3235 5259 3476 5311; x_wconf 77' lang='lat' dir='ltr'><strong>meliores</strong></span> <span class='ocrx_word' id='word_1_857' title='bbox 3521 5257 3647 5319; x_wconf 87' lang='lat' dir='ltr'><strong>duo,</strong></span> <span class='ocrx_word' id='word_1_858' title='bbox 3681 5270 3840 5323; x_wconf 85' lang='lat' dir='ltr'><strong>quam</strong></span> 
     </span>
    </p>
   </div>
   <div class='ocr_carea' id='block_1_111' title="bbox 2258 5326 3842 5398">
    <p class='ocr_par' dir='ltr' id='par_1_111' title="bbox 2258 5326 3842 5398">
     <span class='ocr_line' id='line_1_113' title="bbox 2258 5326 3842 5398; baseline -0.003 -20"><span class='ocrx_word' id='word_1_859' title='bbox 2258 5331 2438 5382; x_wconf 83' lang='lat' dir='ltr'><strong>unus?</strong></span> <span class='ocrx_word' id='word_1_860' title='bbox 2482 5329 2526 5379; x_wconf 85' lang='lat' dir='ltr'><strong>si</strong></span> <span class='ocrx_word' id='word_1_861' title='bbox 2552 5344 2740 5395; x_wconf 86' lang='lat' dir='ltr'><strong>corpus</strong></span> <span class='ocrx_word' id='word_1_862' title='bbox 2787 5340 3140 5397; x_wconf 81' lang='lat' dir='ltr'><strong>temperanter</strong></span> <span class='ocrx_word' id='word_1_863' title='bbox 3168 5345 3221 5383; x_wconf 87' lang='lat' dir='ltr'><strong>se</strong></span> <span class='ocrx_word' id='word_1_864' title='bbox 3256 5340 3439 5398; x_wconf 80' lang='lat' dir='ltr'><strong>gerat,</strong></span> <span class='ocrx_word' id='word_1_865' title='bbox 3472 5328 3651 5379; x_wconf 82' lang='lat' dir='ltr'><strong>anima</strong></span> <span class='ocrx_word' id='word_1_866' title='bbox 3696 5326 3842 5375; x_wconf 83' lang='lat' dir='ltr'><strong>inani</strong></span> 
     </span>
    </p>
   </div>
   <div class='ocr_carea' id='block_1_112' title="bbox 2256 5398 3839 5468">
    <p class='ocr_par' dir='ltr' id='par_1_112' title="bbox 2256 5398 3839 5468">
     <span class='ocr_line' id='line_1_114' title="bbox 2256 5398 3839 5468; baseline -0.002 -20"><span class='ocrx_word' id='word_1_867' title='bbox 2256 5399 2425 5467; x_wconf 81' lang='lat' dir='ltr'><strong>gloria</strong></span> <span class='ocrx_word' id='word_1_868' title='bbox 2485 5400 2763 5463; x_wconf 80' lang='lat' dir='ltr'><strong>capiatur:</strong></span> <span class='ocrx_word' id='word_1_869' title='bbox 2824 5416 2958 5452; x_wconf 84' lang='lat' dir='ltr'><strong>vana</strong></span> <span class='ocrx_word' id='word_1_870' title='bbox 3014 5400 3106 5464; x_wconf 80' lang='lat' dir='ltr'><strong>fiat</strong></span> <span class='ocrx_word' id='word_1_871' title='bbox 3177 5401 3411 5468; x_wconf 83' lang='lat' dir='ltr'><strong>corporis</strong></span> <span class='ocrx_word' id='word_1_872' title='bbox 3475 5398 3839 5463; x_wconf 84' lang='lat' dir='ltr'><strong>temperantia.</strong></span> 
     </span>
    </p>
   </div>
   <div class='ocr_carea' id='block_1_113' title="bbox 2260 5469 3841 5535">
    <p class='ocr_par' dir='ltr' id='par_1_113' title="bbox 2260 5469 3841 5535">
     <span class='ocr_line' id='line_1_115' title="bbox 2260 5469 3841 5535; baseline -0.004 -13"><span class='ocrx_word' id='word_1_873' title='bbox 2260 5469 2464 5522; x_wconf 82' lang='lat' dir='ltr'><strong>Rursus</strong></span> <span class='ocrx_word' id='word_1_874' title='bbox 2512 5470 2557 5521; x_wconf 91' lang='lat' dir='ltr'><strong>si</strong></span> <span class='ocrx_word' id='word_1_875' title='bbox 2599 5470 2777 5520; x_wconf 83' lang='lat' dir='ltr'><strong>anima</strong></span> <span class='ocrx_word' id='word_1_876' title='bbox 2809 5470 3180 5523; x_wconf 84' lang='lat' dir='ltr'><strong>demissionem</strong></span> <span class='ocrx_word' id='word_1_877' title='bbox 3214 5479 3373 5532; x_wconf 83' lang='lat' dir='ltr'><strong>amet,</strong></span> <span class='ocrx_word' id='word_1_878' title='bbox 3413 5484 3601 5535; x_wconf 86' lang='lat' dir='ltr'><strong>corpus</strong></span> <span class='ocrx_word' id='word_1_879' title='bbox 3653 5477 3841 5519; x_wconf 83' lang='lat' dir='ltr'><strong>contra</strong></span> 
     </span>
    </p>
   </div>
   <div class='ocr_carea' id='block_1_114' title="bbox 2261 5536 3845 5604">
    <p class='ocr_par' dir='ltr' id='par_1_114' title="bbox 2261 5536 3845 5604">
     <span class='ocr_line' id='line_1_116' title="bbox 2261 5536 3845 5604; baseline -0.001 -14"><span class='ocrx_word' id='word_1_880' title='bbox 2261 5539 2602 5602; x_wconf 81' lang='lat' dir='ltr'><strong>libidiuetur,</strong></span> <span class='ocrx_word' id='word_1_881' title='bbox 2635 5555 2770 5592; x_wconf 80' lang='lat' dir='ltr'><strong>vana</strong></span> <span class='ocrx_word' id='word_1_882' title='bbox 2809 5541 2905 5593; x_wconf 90' lang='lat' dir='ltr'><strong>erit</strong></span> <span class='ocrx_word' id='word_1_883' title='bbox 2936 5541 3204 5595; x_wconf 87' lang='lat' dir='ltr'><strong>demissio.</strong></span> <span class='ocrx_word' id='word_1_884' title='bbox 3248 5538 3364 5593; x_wconf 82' lang='lat' dir='ltr'><strong>Una</strong></span> <span class='ocrx_word' id='word_1_885' title='bbox 3392 5540 3528 5591; x_wconf 88' lang='lat' dir='ltr'><strong>enim</strong></span> <span class='ocrx_word' id='word_1_886' title='bbox 3568 5549 3716 5604; x_wconf 85' lang='lat' dir='ltr'><strong>parte</strong></span> <span class='ocrx_word' id='word_1_887' title='bbox 3752 5536 3845 5588; x_wconf 81' lang='lat' dir='ltr'><strong>de-</strong></span> 
     </span>
    </p>
   </div>
   <div class='ocr_carea' id='block_1_115' title="bbox 2263 5610 3843 5678">
    <p class='ocr_par' dir='ltr' id='par_1_115' title="bbox 2263 5610 3843 5678">
     <span class='ocr_line' id='line_1_117' title="bbox 2263 5610 3843 5678; baseline -0.004 -17"><span class='ocrx_word' id='word_1_888' title='bbox 2263 5610 2545 5677; x_wconf 85' lang='lat' dir='ltr'><strong>linquente,</strong></span> <span class='ocrx_word' id='word_1_889' title='bbox 2574 5617 2663 5661; x_wconf 86' lang='lat' dir='ltr'><strong>aut</strong></span> <span class='ocrx_word' id='word_1_890' title='bbox 2693 5610 2872 5661; x_wconf 81' lang='lat' dir='ltr'><strong>anima</strong></span> <span class='ocrx_word' id='word_1_891' title='bbox 2905 5620 2996 5662; x_wconf 86' lang='lat' dir='ltr'><strong>aut</strong></span> <span class='ocrx_word' id='word_1_892' title='bbox 3022 5627 3258 5678; x_wconf 85' lang='lat' dir='ltr'><strong>corpore,</strong></span> <span class='ocrx_word' id='word_1_893' title='bbox 3296 5626 3499 5663; x_wconf 85' lang='lat' dir='ltr'><strong>necesse</strong></span> <span class='ocrx_word' id='word_1_894' title='bbox 3527 5619 3602 5661; x_wconf 78' lang='lat' dir='ltr'><strong>est</strong></span> <span class='ocrx_word' id='word_1_895' title='bbox 3638 5618 3686 5661; x_wconf 84' lang='lat' dir='ltr'><strong>et</strong></span> <span class='ocrx_word' id='word_1_896' title='bbox 3717 5622 3843 5672; x_wconf 86' lang='lat' dir='ltr'><strong>par-</strong></span> 
     </span>
    </p>
   </div>
   <div class='ocr_carea' id='block_1_116' title="bbox 2262 5679 3839 5749">
    <p class='ocr_par' dir='ltr' id='par_1_116' title="bbox 2262 5679 3839 5749">
     <span class='ocr_line' id='line_1_118' title="bbox 2262 5679 3839 5749; baseline -0.003 -18"><span class='ocrx_word' id='word_1_897' title='bbox 2262 5690 2361 5731; x_wconf 87' lang='lat' dir='ltr'><strong>tem</strong></span> <span class='ocrx_word' id='word_1_898' title='bbox 2390 5680 2611 5731; x_wconf 84' lang='lat' dir='ltr'><strong>alteram</strong></span> <span class='ocrx_word' id='word_1_899' title='bbox 2646 5682 3032 5747; x_wconf 69' lang='lat' dir='ltr'><strong>comprehendi.</strong></span> <span class='ocrx_word' id='word_1_900' title='bbox 3075 5682 3220 5734; x_wconf 85' lang='lat' dir='ltr'><strong>Bona</strong></span> <span class='ocrx_word' id='word_1_901' title='bbox 3258 5682 3421 5749; x_wconf 83' lang='lat' dir='ltr'><strong>igitur</strong></span> <span class='ocrx_word' id='word_1_902' title='bbox 3448 5679 3672 5731; x_wconf 85' lang='lat' dir='ltr'><strong>duorum</strong></span> <span class='ocrx_word' id='word_1_903' title='bbox 3710 5691 3839 5749; x_wconf 44' lang='lat' dir='ltr'><strong>con:</strong></span> 
     </span>
    </p>
   </div>
   <div class='ocr_carea' id='block_1_117' title="bbox 2260 5744 3840 5820">
    <p class='ocr_par' dir='ltr' id='par_1_117' title="bbox 2260 5744 3840 5820">
     <span class='ocr_line' id='line_1_119' title="bbox 2260 5744 3840 5820; baseline -0.004 -18"><span class='ocrx_word' id='word_1_904' title='bbox 2260 5749 2443 5802; x_wconf 85' lang='lat' dir='ltr'><strong>cordia</strong></span> <span class='ocrx_word' id='word_1_905' title='bbox 2490 5751 2630 5802; x_wconf 85' lang='lat' dir='ltr'><strong>circa</strong></span> <span class='ocrx_word' id='word_1_906' title='bbox 2668 5744 2915 5803; x_wconf 76' lang='lat' dir='ltr'><strong>virtutem</strong></span> <span class='ocrx_word' id='word_1_907' title='bbox 2958 5752 3177 5820; x_wconf 80' lang='lat' dir='ltr'><strong>prtemio</strong></span> <span class='ocrx_word' id='word_1_908' title='bbox 3207 5744 3467 5820; x_wconf 47' lang='lat' dir='ltr'><strong>dig&#39;nam:</strong></span> <span class='ocrx_word' id='word_1_909' title='bbox 3505 5749 3753 5820; x_wconf 67' lang='lat' dir='ltr'><strong>quoniam</strong></span> <span class='ocrx_word' id='word_1_910' title='bbox 3793 5744 3840 5796; x_wconf 87' lang='lat' dir='ltr'><strong>si</strong></span> 
     </span>
    </p>
   </div>
   <div class='ocr_carea' id='block_1_118' title="bbox 2262 5815 3837 5963">
    <p class='ocr_par' dir='ltr' id='par_1_118' title="bbox 2262 5815 3837 5963">
     <span class='ocr_line' id='line_1_120' title="bbox 2262 5815 3837 5963; baseline -0.003 -91"><span class='ocrx_word' id='word_1_911' title='bbox 2262 5820 2454 5960; x_wconf 47' lang='lat' dir='ltr'><strong>5011612er</strong></span> <span class='ocrx_word' id='word_1_912' title='bbox 2477 5837 2662 5963; x_wconf 53' lang='grc' dir='ltr'>,Εἵηιιε</span> <span class='ocrx_word' id='word_1_913' title='bbox 2708 5822 2869 5891; x_wconf 76' lang='lat' dir='ltr'><strong>eriget</strong></span> <span class='ocrx_word' id='word_1_914' title='bbox 2915 5815 3221 5892; x_wconf 79' lang='lat' dir='ltr'><strong>participem</strong></span> <span class='ocrx_word' id='word_1_915' title='bbox 3264 5815 3418 5875; x_wconf 64' lang='lat' dir='ltr'><strong>Suum</strong></span> <span class='ocrx_word' id='word_1_916' title='bbox 3462 5815 3659 5892; x_wconf 77' lang='lat' dir='ltr'><strong>(Apud</strong></span> <span class='ocrx_word' id='word_1_917' title='bbox 3701 5815 3837 5869; x_wconf 88' lang='lat' dir='ltr'><strong>Duc.</strong></span> 
     </span>
    </p>
   </div>
  </div>
