4172 6572
398 423 505 493 917

1472 432 1554 493 IN
1593 432 2175 494 ECCLESIASTEN.
2216 459 2285 469 --
2311 435 2460 495 LIB.
2493 434 2585 495 IV.

392 538 480 594 ιιτέ
493 554 592 607 ραν
613 538 993 610 άπειρημενην
1010 539 1428 611 κατολισθῆσαν,
1448 542 1524 606 ὼς
1548 542 1984 612 ὑπενηνεγμένον

2092 543 2261 607 ilium,
2298 544 2383 597 vel
2445 544 2498 597 in
2564 544 2785 598 vetitam
2836 540 2998 595 aliam
3053 537 3321 594 actionem
3402 548 3668 589 corruens

390 633 513 696 ταῖς
561 632 759 701 ῥοπαῖς
811 632 906 685 καὶ
965 631 1253 701 βουλήσεσι
1302 636 1401 705 τῆς
1446 633 1645 705 ψυχῆς.
1681 634 1895 704 Ταύτης
1927 634 1984 687 δὲ

392 723 880 795 προπεπτωκυίας,
910 723 1006 775 καὶ
1028 722 1120 775 τοῦ
1144 722 1396 794 σώματος
1428 743 1492 778 συ
1502 726 1869 796 μπτωθέντος,
1887 725 1986 779 οὑκ

394 817 506 887 ἔχει
536 817 723 888 χώραν
753 817 843 870 τὸν
872 816 969 869 ἕνα
998 817 1178 885 λέγειν
1212 820 1421 881 πεσεῖν,
1453 818 1588 872 ἀλλὰ
1625 820 1753 883 τοὺς
1794 821 1977 889 ἀμφο-

393 910 588 981 τέρους
606 927 620 942 θ
652 910 980 981 ἀμφοτέρων
997 910 1053 962 δὲ
1075 910 1465 975 πεπτωκότων,
1490 910 1606 976 πῶς
1622 914 1649 965 ὁ
1680 909 1986 974 πεπτωκὼς

391 1004 485 1056 τὸν
539 1003 773 1057 πεσόντα
819 1001 1153 1073 διαναστήσῃ
1196 1002 1336 1055 κατὰ
1376 1003 1466 1055 τὸν
1518 1003 1984 1072 Ἐκκλησιαστήνς

397 1094 592 1148 Τοίνυν
630 1094 893 1165 ἐκατέρου
956 1095 1213 1158 πεσόντος
1251 1094 1529 1167 οὐδέτερος
1578 1095 1842 1166 διεγεῖραι
1893 1095 1985 1161 τὸν

393 1187 581 1261 ἕτερον
614 1182 725 1250 οἷός
750 1186 809 1240 τέ
838 1188 954 1238 ἐστι
986 1185 1123 1257 πρὸς
1162 1186 1262 1255 τὴν
1299 1187 1406 1239 τῶν
1445 1186 1625 1240 καλῶν
1655 1188 1863 1241 στάσιν.
1910 1187 1986 1240 Τὸ

398 1277 559 1351 σῶμα
584 1279 692 1349 γάρ
719 1278 778 1331 οὐ
817 1279 1087 1348 πέφυκενο
1116 1280 1149 1349 ἡ
1182 1279 1238 1332 δὲ
1263 1278 1409 1349 ψυχὴ
1446 1279 1546 1333 κᾶν
1585 1281 1827 1349 πέφυκεν
1848 1281 1985 1333 ἀλλὰ

355 1421 358 1425 .
396 1372 822 1443 προηγουμένως
839 1371 1038 1443 ἑαυτὴν
1058 1369 1299 1443 ἐξεγερεῖ
1316 1372 1413 1442 τῆς
1429 1372 1813 1442 άμαρτητικῆς
1843 1391 1905 1425 συ
1912 1391 1985 1443 μ-

398 1462 660 1526 πτώσεως
681 1464 769 1515 διὰ
805 1466 904 1533 τῆς
939 1464 1253 1534 μετανοίας·
1290 1464 1479 1517 ἔπειτα
1511 1465 1567 1517 δὲ
1613 1466 1706 1517 καὶ
1733 1465 1793 1517 τὸ
1825 1464 1986 1535 σῶμα

399 1555 861 1627 συνεγερθήσεται
909 1558 1127 1621 πάντως
1171 1557 1308 1628 αὐτῇ
1348 1557 1445 1619 τὰς
1480 1557 1635 1628 ἡνίας
1661 1556 1859 1629 ἐχούσῃ
1884 1550 1986 1610 καὶ

399 1646 458 1700 τὸ
479 1646 677 1718 κράτος
700 1647 798 1717 τῆς
827 1646 922 1699 ἐπὶ
957 1647 1016 1700 τὸ
1038 1650 1286 1717 κρεῖττον
1315 1648 1348 1719 ἢ
1382 1647 1442 1700 τὸ
1471 1650 1654 1719 χεῖρον
1693 1648 1885 1718 ῥοπῆς.

467 1828 531 1880 Et
583 1825 641 1880 δέ
691 1845 774 1891 τις
820 1826 1109 1900 βουληθείη
1154 1828 1253 1899 τῆς
1307 1829 1603 1901 ἀναγωγῆς
1650 1832 1766 1893 τοῖς
1804 1830 1984 1900 λόγοις

396 1894 904 1987 ἀλληγορικώτερον
958 1894 1299 1989 ἑρμηνεῦσαι
1348 1894 1776 1991 τὺίείρημένον,
1824 1894 1983 1975 τοῦτο
2014 1894 2057 1951 Β

398 2008 599 2079 μᾶλλον
617 2008 1021 2079 προαχθήσεται
1052 2012 1147 2063 καὶ
1165 2012 1359 2081 νοῆσαι
1393 2013 1486 2064 καὶ
1515 2015 1692 2066 εἰπεῖν
1711 2029 1724 2041 '
1753 2012 1828 2075 ὡς
1859 2031 1983 2083 τρι-

399 2100 600 2172 μεροῦς
633 2102 731 2172 τῆς
751 2101 932 2173 ψυχῆς
969 2102 1461 2173 ὑπαρχούσης.ἆτε
1498 2103 1561 2175 δὴ
1591 2105 1650 2156 τὸ
1678 2104 1985 2171 λογιστικὸν

396 2193 491 2247 καὶ
519 2194 581 2246 τὸ
618 2193 1018 2264 ἐπιθυμητικόν
1041 2211 1099 2247 τε
1128 2195 1222 2247 καὶ
1254 2194 1489 2263 θυμικὸν
1518 2196 1702 2264 σαφῶς
1731 2195 1982 2266 ἐχούσης,

395 2283 593 2351 ἀγαθοὶ
645 2283 1173 2355 παραληφθήσονται
1214 2285 1361 2339 κατὰ
1404 2286 1465 2339 τὸ
1503 2286 1707 2356 μᾶλλον
1741 2286 1834 2341 τοῦ
1869 2288 1986 2352 ἑνὸς

395 2372 603 2426 τούτων
623 2414 638 2438 ,
679 2376 725 2427 οἱ
755 2375 848 2428 δύο
875 2375 1011 2445 πρὸς
1042 2375 1103 2427 τὸ
1129 2376 1332 2444 ἀγαθὸν
1368 2378 1857 2448 συμφωνήσαντες,
1892 2380 1987 2432 καὶ

398 2465 477 2536 τῷ
508 2467 806 2537 λογιστικῷ
839 2468 995 2539 μέρει
1024 2468 1118 2521 τοῦ
1144 2469 1549 2539 ἐπιθυμητικοῦ
1580 2472 1986 2544 κατακολουθή-

402 2573 595 2621 σαντος
620 2559 714 2612 ἐπὶ
741 2562 861 2622 ταῖς
897 2558 1007 2612 τῶν
1034 2559 1321 2631 βελτιόνων
1349 2562 1607 2630 ἐκλογαῖς
1636 2564 1732 2616 καὶ
1755 2565 1951 2634 ῥοπαῖς
1968 2582 1982 2597 ·

401 2649 539 2702 ἀλλὰ
585 2650 680 2704 καὶ
729 2651 962 2725 θατέρου
1000 2651 1231 2716 τούτων,
1272 2655 1392 2722 ἦτοι
1433 2655 1530 2709 τοῦ
1585 2656 1985 2728 ἐπιθυμητικοῦ

402 2741 541 2811 πρὸς
564 2741 602 2796 ά
639 2743 715 2815 μὴ
743 2743 903 2814 θέμις
933 2745 1439 2815 παρεκτραπέντος,
1460 2748 1658 2820 ῥᾳδίως
1691 2742 1824 2803 αὑτὸ
1850 2751 1986 2819 πρὸς

401 2834 465 2886 τὸ
494 2834 703 2901 βέλτιον
740 2835 1039 2902 ἑπανάξει·
1072 2835 1169 2890 τοῦ
1208 2837 1521 2907 λογιστικοῦ
1563 2839 1699 2910 πρὸς
1745 2840 1987 2912 ἐνθυμή-

406 2941 518 2987 σεις
537 2925 925 2997 ὑπενεχθέντος
949 2928 1208 2993 ἀτόπους,
1223 2930 1315 2982 καὶ
1340 2947 1415 2983 πα
1425 2933 1717 3002 ραρυέντος
1736 2933 1838 3002 τῆς
1859 2934 1989 3003 άλη-

398 3016 531 3079 Οοῦς
568 3018 931 3089 καταλήψεως
961 3020 1070 3073 τῶν
1097 3024 1463 3093 πραγμάτων,
1494 3024 1557 3077 τὸ
1585 3025 1989 3097 ἐπιθυμητικὸν

407 3111 573 3181 μέρος
605 3111 704 3183 τῆς
744 3112 882 3182 πρὸς
910 3112 1001 3165 τὸν
1031 3114 1125 3166 ἐπὶ
1160 3114 1379 3168 πάντων
1405 3115 1538 3169 Θεὸν
1588 3117 1828 3186 ἐφέσεως
1858 3122 1987 3174 άντ-

403 3203 681 3274 εχόμενον,
710 3204 803 3257 καὶ
848 3203 948 3273 τῆς
980 3203 1215 3274 ἀληθοῦς
1241 3205 1605 3275 διαγνώσεως,
1623 3210 1988 3264 ἀνασκευάσει

403 3295 498 3349 τοῦ
532 3296 841 3363 λογιστικοῦ
871 3298 972 3368 τὴν
1001 3299 1366 3367 παρέγκλισιν
1425 3303 1520 3354 καὶ
1550 3286 1988 3375 ’παρεκτροπήεκ

407 3388 519 3442 Καὶ
545 3388 780 3452 σώζεται
823 3388 885 3441 τὸ
938 3389 1124 3459 ῥητὸν,
1154 3391 1228 3453 ὡς
1260 3391 1524 3461 ἑκατέρου
1567 3393 1699 3460 παρ’
1725 3395 1991 3465 ἑκατέρου

405 3480 801 3549 διεγερθέντος.
837 3482 976 3535 Οὐαὶ
1007 3483 1063 3536 δὲ
1102 3483 1319 3554 θατέρῳ
1352 3486 1561 3539 τούτων
1593 3487 1713 3554 ἤτοι
1749 3489 1828 3557 τῷ
1868 3489 1991 3541 ἐπι.

409 3573 715 3648 θυμητικῷ,
748 3576 877 3630 ὅταν
909 3579 1011 3632 οὐκ
1041 3578 1137 3650 ἔχῃ
1170 3579 1267 3651 τὴν
1298 3580 1407 3634 ἀπὸ
1434 3580 1528 3633 τοῦ
1559 3581 1865 3651 λογιστικοῦ
1897 3584 1992 3655 μέ·

409 3682 536 3737 ρους
577 3668 828 3739 βοήθειαν
852 3670 949 3723 καὶ
986 3672 1123 3742 πρὸς
1153 3672 1222 3725 τὰ
1252 3673 1487 3743 κρείττω
1521 3674 1813 3743 διέγερσιν.
1843 3676 1992 3729 Κατ·

408 3758 698 3814 ολισθαίνει
748 3762 856 3833 γάρ
909 3763 1049 3832 πρὸς
1088 3763 1393 3833 summa;
1428 3765 1723 3837 ἐπιθυμίας
1761 3769 1855 3820 καὶ⁵
1887 3766 1993 3838 ψυ-

410 3852 710 3923 χοφθόρους
753 3855 973 3926 μυρίας.
1009 3856 1180 3911 Τοῦτο
1210 3857 1266 3912 δὲ
1300 3857 1600 3929 πάσχουσιν
1637 3860 1687 3912 oi
1735 3859 1992 3932 λωϐησά-

416 3944 567 4013 μένοι
600 3946 693 3998 καὶ
729 3945 1142 4017 διαφθείραντες
1184 3948 1527 4022 αὐθαιρέτως
1556 3950 1653 4023 τὴν
1685 3952 1868 4023 κρίσιν
1898 3953 1991 4008 τοῦ

412 4033 721 4102 λογιστικοῦ
751 4037 974 4109 μέρους,
1001 4039 1096 4091 καὶ
1125 4040 1319 4112 νεκρὸν
1348 4041 1442 4094 καὶ
1470 4042 1753 4107 παντελῶς
1774 4045 1994 4113 ἀνενέρ-

411 4141 578 4194 γητον
620 4128 1023 4199 ἀποφήναντες.
1070 4130 1232 4185 Ἀλλὰ
1269 4132 1367 4185 καὶ
1395 4133 1457 4185 τὸ
1503 4133 1738 4204 ἔμπαλιν
1766 4137 1890 4190 οὐαὶ
1915 4139 1993 4208 τῷ

410 4217 709 4291 λογιστικῷ
750 4222 907 4293 μέρει
936 4223 1034 4292 τῆς
1060 4223 1260 4294 ψυχῆς,
1291 4225 1419 4278 ὅταν
1449 4226 1549 4279 οὐκ
1588 4226 1688 4298 ἔχῃ
1711 4228 1772 4280 τὸ
1802 4229 1994 4282 ἐπιθυ-

414 4314 647 4384 μητικδν
675 4315 1012 4386 τεταγμένον
1044 4317 1180 4387 πρὸς
1205 4318 1304 4387 τὴν
1326 4316 1480 4370 θείαν
1534 4319 1844 4391 ἀγάπησιν·
1897 4321 1992 4376 ἅτε

409 4405 474 4474 δὴ
506 4407 959 4478 πυρπολούμενον
992 4410 1056 4479 τῇ
1094 4408 1332 4481 συντόνῳ
1374 4410 1560 4479 ἐφέσει
1604 4412 1702 4481 τῆς
1761 4414 1899 4484 πρὸς
1925 4415 1994 4469 τά

410 4498 579 4571 νοητά
610 4499 706 4553 καὶ
734 4500 853 4553 θεῖα
881 4498 1164 4570 βελτίστης
1199 4500 1602 4569 προσνεύσεως.
1631 4504 1856 4558 ῐΙεσόντι
1883 4506 1992 4577 γάρ

2091 646 2350 704 tanquam
2385 636 2582 690 anima:
2614 633 2981 704 propensione
3006 646 3073 686 ac
3096 630 3376 683 voluntate
3403 626 3667 680 delatum.

2085 725 2283 780 Anima
2331 741 2461 779 vero
2510 726 2797 794 praelapsa,
2848 722 3198 791 collapsuque
3256 734 3364 772 una
3415 729 3665 786 corpore.

2086 820 2190 876 dici
2250 819 2474 889 nequit,
2538 835 2705 873 unum
2764 814 3149 872 tantummodo
3216 812 3517 875 cecidisse,
3576 809 3669 863 sed

2087 923 2385 981 utrumque
2427 912 2719 966 dicendum
2770 918 2855 964 est
2896 927 2909 963 :
2955 916 3194 976 utroque
3246 914 3429 958 autem
3495 905 3668 971 lapso,

2086 1004 2364 1077 quomodo
2389 1002 2483 1073 qui
2523 1001 2743 1065 cecidit,
2792 1010 2851 1055 ut
2881 998 3240 1054 Ecclesiastes
3270 1004 3369 1061 att,
3395 1005 3669 1065 jacentem

2087 1098 2301 1169 erigat?
2333 1095 2475 1163 Quin
2508 1096 2671 1149 etiam
2705 1094 2974 1147 alterutro
3014 1100 3227 1145 tantum
3271 1091 3443 1157 lapso,
3478 1097 3673 1141 neuter

2088 1193 2152 1247 ad
2186 1190 2545 1245 honestarum
2576 1203 2759 1242 rerum
2789 1194 2988 1240 statum
3015 1196 3277 1239 revocare
3312 1182 3542 1235 alterum
3577 1196 3673 1249 po-

2087 1293 2213 1340 test.
2241 1283 2458 1353 Corpus
2493 1281 2640 1337 enim
2668 1280 2911 1349 ineptum
2949 1285 3141 1330 natura
3176 1286 3260 1330 est
3288 1292 3300 1328 :
3335 1273 3516 1328 anima
3544 1288 3673 1325 vero

2086 1392 2405 1448 quanquam
2454 1375 2651 1429 idonea
2683 1380 2790 1433 est,
2836 1370 3188 1437 semetipsam
3243 1376 3421 1421 tamen
3456 1364 3610 1433 prius
3640 1380 3669 1417 a

2088 1470 2299 1543 peccati
2331 1470 2486 1539 lapsu
2521 1464 2844 1531 poenitentia
2876 1462 3156 1517 excitabit.
3184 1458 3325 1511 Tum
3354 1457 3591 1525 denique
3619 1466 3673 1509 et

2088 1578 2289 1633 corpus
2324 1561 2564 1630 erigetur
2592 1558 2818 1612 omnino
2850 1570 2974 1609 cum
3004 1554 3119 1623 ipsa
3152 1552 3395 1605 habenas
3426 1557 3669 1617 regente.

2087 1670 2153 1711 ac
2200 1652 2620 1724 propensionem
2676 1648 2742 1703 ad
2794 1650 2995 1702 bonum
3045 1654 3098 1698 et
3150 1642 3352 1696 malum
3411 1649 3672 1709 tanquam

2087 1746 2306 1801 domina
2344 1744 2684 1798 moderante.

2161 1837 2322 1908 119
2346 1834 2403 1890 Si
2437 1835 2562 1905 quis
2595 1846 2775 1889 autem
2801 1832 3106 1887 orationem
3141 1829 3409 1890 attollere,
3444 1837 3498 1882 et
3528 1827 3674 1881 dicta

2092 1925 2502 1998 interpretando
2543 1922 2857 1993 allegoriam
2894 1921 3047 1989 sequi
3085 1920 3361 1983 maluerit,
3397 1917 3530 1972 illud
3572 1932 3673 1986 po-

2093 2022 2204 2076 tius
2227 2019 2473 2090 cogitare
2504 2026 2669 2086 atque
2700 2016 2885 2070 dicere
2923 2028 3153 2069 necesse,
3180 2012 3281 2077 sit;
3312 2026 3436 2065 cum
3476 2009 3673 2077 tripar-

2092 2110 2192 2163 tito
2219 2108 2402 2161 anima
2444 2102 2849 2164 consideretur,
2899 2103 3098 2172 quippe
3131 2116 3253 2176 quae
3297 2098 3589 2154 manifesto
3618 2109 3675 2151 et

2094 2203 2387 2266 rationem,
2403 2209 2456 2253 et
2473 2199 2797 2271 appetitum,
2812 2206 2865 2252 et
2891 2196 3239 2250 irascentiam
3270 2192 3672 2262 complectitur.

2093 2294 2267 2348 multo
2291 2292 2584 2347 validiores
2609 2286 2941 2358 deprehendi
2968 2286 3127 2341 binas
3152 2286 3271 2353 ejus
3301 2283 3459 2349 quasi
3493 2292 3674 2352 partes

2095 2386 2148 2440 in
2196 2386 2340 2440 bono
2387 2382 2817 2444 consentientes,
2863 2394 3029 2450 quam
3080 2392 3243 2432 unam
3279 2385 3511 2441 tantum,
3547 2390 3671 2429 cum

2096 2492 2291 2547 nempe
2346 2475 2617 2530 rationem
2675 2475 2732 2528 in
2791 2473 3061 2527 bonarum
3112 2486 3293 2525 rerum
3353 2469 3564 2524 delectu
3622 2478 3677 2523 et

2094 2569 2507 2627 consectatione
2563 2568 2840 2637 appetitus
2899 2564 3259 2635 subsequitur
3311 2562 3448 2633 (84).
3498 2560 3673 2629 Quin-

2092 2662 2256 2716 etiam
2292 2661 2518 2714 alteram
2555 2658 2811 2723 istarum,
2865 2656 2912 2712 si
2963 2671 3024 2711 se
3056 2655 3124 2711 ad
3160 2654 3348 2710 illicita
3386 2662 3677 2707 converte-

2094 2752 2187 2819 rit,
2220 2749 2522 2823 appetitum
2570 2749 2801 2811 scilicet,
2836 2746 2993 2803 facile
3037 2748 3180 2801 ratio
3219 2745 3285 2801 ad
3315 2745 3541 2800 meliora
3589 2759 3674 2798 re-

2094 2846 2288 2911 ducet;
2317 2855 2373 2899 et
2422 2843 2467 2898 si
2509 2842 2650 2896 ratio
2681 2841 2747 2897 ad
2785 2841 3052 2897 absurdas
3098 2839 3464 2909 cogitationes
3497 2837 3676 2892 delata

2095 2938 2280 3001 fuerit,
2305 2947 2358 2993 et
2404 2953 2434 2991 a
2467 2951 2594 2992 vera
2634 2951 2815 2991 rerum
2852 2933 3340 3003 comprehensione
3370 2929 3674 2992 deflexerit,

2097 3031 2392 3103 appetitus,
2437 3030 2532 3100 qui
2586 3029 2640 3083 in
2687 3027 2855 3081 Deum
2904 3026 3143 3081 universi
3194 3024 3468 3080 desiderio
3504 3022 3679 3076 fertur

2094 3137 2399 3191 verumque
2455 3130 2602 3175 amat
2627 3118 2919 3188 judicium,
2969 3117 3202 3172 rationis
3249 3115 3673 3171 declinationem

2096 3226 2452 3281 erroremque
2497 3209 2830 3265 emendabit.
2878 3212 3057 3279 Atque
3114 3207 3252 3263 adeo
3287 3217 3396 3263 stat
3436 3207 3671 3269 dictum,

2096 3319 2289 3374 nempe
2330 3305 2561 3358 alterum
2593 3302 2663 3357 ab
2689 3302 2862 3356 altero
2887 3301 3083 3356 attolli.
3124 3299 3216 3354 Va:
3256 3309 3438 3355 autem
3469 3300 3676 3354 alteru-

2094 3397 2163 3451 tri
2196 3412 2409 3463 earum,
2436 3397 2554 3452 sive
2596 3394 2885 3465 appetitui,
2920 3394 3358 3464 quotiescunque
3394 3393 3468 3447 illi
3506 3395 3677 3447 ratio-

2093 3488 2182 3543 nis
2207 3487 2477 3542 auxilium
2518 3497 2573 3541 et
2606 3487 3018 3541 incitamentum
3065 3487 3133 3541 ad
3171 3486 3388 3555 potiora
3419 3485 3673 3541 defuerit.

2096 3581 2175 3636 Ad
2206 3581 2373 3638 noxia
2399 3580 2546 3636 enim
2578 3580 2846 3635 desideria
2881 3588 2937 3635 et
2976 3579 3253 3650 quaslibet
3281 3579 3450 3634 animi
3483 3594 3675 3634 corru-

2094 3673 2271 3746 ptelas
2325 3673 2615 3729 delabitur.
2665 3673 2845 3743 Atque
2893 3673 3009 3728 haec
3058 3672 3127 3727 iis
3177 3671 3524 3741 contingunt,
3579 3671 3680 3741 qui

2094 3776 2289 3839 sponte
2312 3781 2409 3821 sua
2436 3765 2667 3821 rationis
2690 3765 2956 3835 judicium
3002 3763 3332 3819 contumelia
3371 3763 3521 3817 illata
3554 3779 3678 3832 per-

2094 3867 2396 3922 verterunt,
2437 3859 2721 3928 ipsamque
2750 3857 2899 3911 velut
2931 3865 3202 3911 mortuam
3249 3865 3413 3924 atque
3450 3855 3683 3908 omnino

2074 3949 2324 4005 inertem
2354 3948 2666 4002 reddidere.
2705 3945 2775 4001 At
2809 3962 2839 4001 e
2883 3945 3164 4000 contrario
3206 3960 3286 3998 vae
3317 3944 3418 4013 ipsi
3453 3942 3680 4005 rationi,

2094 4044 2532 4112 quotiescunque
2561 4039 2859 4109 appetitum
2892 4039 2994 4093 sibi
3022 4038 3300 4093 addictum
3329 4052 3434 4091 non
3471 4038 3678 4090 habue-

2095 4134 2189 4202 rit,
2218 4133 2379 4203 cujus
2409 4148 2513 4203 ope
2538 4133 2603 4187 ad
2634 4133 2882 4187 divinam
2912 4133 3234 4187 charitatem
3263 4131 3469 4200 aspiret
3498 4147 3512 4182 :
3547 4146 3675 4184 eum

2096 4232 2143 4287 is
2174 4230 2525 4301 potissimum
2558 4229 2867 4282 vehementi
2897 4228 3089 4281 ardeat
3112 4226 3409 4289 desiderio,
3437 4234 3490 4279 et
3520 4225 3585 4278 ad
3612 4240 3677 4278 ea

2095 4324 2451 4379 inclinatione
2496 4321 2697 4393 optima
2746 4321 2950 4384 tendat,
2985 4337 3106 4391 quae
3146 4330 3327 4375 mente
3370 4319 3680 4389 percipiun-

2096 4426 2207 4480 tur,
2234 4424 2288 4469 et
2320 4414 2501 4468 divina
2544 4421 2692 4468 sunt.
2728 4414 2949 4467 [talioni
2976 4413 3246 4483 siquidem
3295 4412 3349 4465 in
3388 4411 3679 4466 irrationa-

2095 4508 2232 4565 biles
2267 4508 2597 4578 cupiditates
2641 4507 2876 4576 delapsae
2915 4507 3120 4561 nullam
3155 4507 3426 4576 appetitus
3472 4505 3680 4558 utilita-

410 4594 492 4654 είς
520 4591 864 4662 παραλόγους
904 4592 1231 4663 ἐνθυμήσεις
1268 4593 1345 4664 τῷ
1381 4593 1674 4666 λογιστικῷ
1714 4595 1893 4667 μέρει,
1933 4598 1991 4651 τὸ

2100 4610 2205 4655 tem
2238 4599 2627 4669 suppeditabit,
2664 4610 2952 4668 postquam
2986 4598 3094 4650 vim
3128 4613 3282 4652 suam
3313 4596 3680 4665 virtutemque

412 4682 813 4753 ἐπιθυμητικὸν
848 4682 1104 4752 οὐδεμίαν
1134 4682 1405 4751 ὠφέλειαν
1447 4685 1852 4755 πρυτανεύσει·
1899 4688 1997 4740 ἅτε

410 4772 475 4844 δὴ
493 4774 591 4844 τὴν
633 4774 769 4826 ἰδίαν
806 4774 1082 4827 ἀπολέσαν
1112 4776 1419 4845 ἐνέργειαν.
1452 4778 1525 4829 Τὸ
1558 4779 1691 4831 αὐτὸ
1736 4779 1791 4830 δὲ
1840 4779 1998 4833 τοῦτο

413 4864 675 4937 θεώρημα
705 4866 1047 4936 ληφθήσεται
1080 4869 1215 4922 κάπὶ
1248 4870 1346 4939 τῆς
1376 4869 1483 4922 τῶν
1532 4871 1857 4944 ἀμφοτέρων
1894 4891 1995 4927 κα-

416 4957 736 5030 θευδήσεως,
771 4961 864 5014 καὶ
915 4963 1016 5031 τῆς
1040 4963 1132 5016 τοῦ
1165 4964 1313 5026 ἑνός’
1345 4964 1374 5015 ὁ
1403 4963 1458 5016 δέ
1488 4981 1622 5034 φησι
1651 4983 1665 4998 ο
1700 4984 1718 5015 ‹
1758 4967 1868 5019 Καὶ
1901 4969 1996 5022 ἐάν

417 5050 826 5125 ὲπικραταιωθῇ
856 5056 886 5108 ὁ
918 5052 1022 5122 εἷς,
1051 5058 1098 5110 οἱ
1128 5055 1221 5109 δύο
1251 5058 1542 5126 στήσονται
1580 5058 1865 5112 κατέναντι
1898 5062 1998 5114 αὺ-

414 5145 531 5211 τοῦ,
574 5165 591 5196 »
635 5148 731 5200 καὶ
753 5150 813 5202 τὸ
842 5149 1075 5219 θυμικὸν
1107 5150 1444 5221 παρεισάγει
1484 5152 1580 5216 τῆς
1602 5150 1781 5222 ψυχῆς
1812 5154 1997 5223 μέρος,

416 5240 498 5300 εἰς
545 5237 796 5307 βοήθειαν
824 5241 1215 5313 εὑρισκόμενον
1240 5242 1334 5295 τοῦ
1364 5241 1675 5309 λογιστικοῦ
1715 5244 1995 5312 πολλάκις,

418 5328 451 5398 ἦ
479 5328 573 5383 τοῦ
607 5330 1007 5401 ἐπιθυμητικοῦ
1043 5334 1178 5404 πρὸς
1210 5335 1310 5406 τὴν
1335 5334 1429 5388 τοῦ
1468 5336 1715 5390 διαϐόλου
1761 5338 1855 5391 καὶ
1887 5339 1997 5391 τῶν

417 5421 593 5491 ἔργων
623 5422 789 5476 αὐτοῦ
820 5427 1143 5496 κινουμένην
1175 5429 1366 5499 ὀργὴν,
1411 5428 1442 5497 ἢ
1479 5429 1627 5498 παρὰ
1658 5430 1752 5482 τοῦ
1788 5430 1998 5499 λογιζο-

422 5513 585 5581 μένου
630 5514 691 5568 τὸ
732 5518 1061 5587 κρεῖττον,ἢ
1100 5519 1252 5589 παρὰ
1298 5520 1394 5572 τοῦ
1448 5520 1845 5592 ἐπιθυμοῦντος
1884 5522 1995 5576 τῶν

417 5605 740 5677 ἀμεινόνων.
774 5606 895 5661 Τῶν
927 5608 983 5661 δὲ
1030 5609 1197 5680 τριῶν
1256 5615 1461 5666 τούτων
1512 5612 1611 5684 τὴν
1670 5615 1992 5685 συμφωνίαν

490 5767 603 5847 (βό)
645 5766 744 5847 [lic
792 5784 923 5847 vero
966 5768 1339 5847 Olympiodori
1386 5773 1786 5847 auctoritatem
1816 5782 1871 5847 et
1905 5774 1999 5828 do-

419 5840 651 5913 (trinam
676 5840 985 5913 clanculum
1018 5840 1380 5910 amplexatur,
1413 5846 1505 5913 qui
1536 5844 1658 5899 aliis
1677 5845 1858 5900 verbis
1882 5861 1998 5900 rem

421 5910 669 5965 eamdem
716 5912 1085 5979 persequitur,
1128 5922 1289 5984 atque
1328 5932 1359 5971 e
1401 5910 1634 5972 duarum
1683 5916 1841 5987 quasi
1880 5931 1999 5987 par-

2098 4692 2410 4764 perdiderit.
2442 4690 2733 4746 Enimvero
2770 4691 3151 4746 consideratio
3177 4690 3491 4758 hujusmudi
3528 4688 3578 4742 in
3612 4689 3680 4742 iis

2096 4799 2316 4856 quoque
2337 4786 2517 4839 locum
2548 4784 2767 4850 habeat,
2793 4799 2916 4854 quae
2942 4783 3009 4837 de
3033 4782 3366 4836 dormitione
3391 4781 3677 4835 amborum

2094 4887 2148 4933 et
2203 4878 2368 4931 unius
2412 4877 2622 4947 prolata
2659 4887 2807 4932 sunt.
2845 4875 2997 4942 Quod
3044 4882 3225 4929 autem
3264 4874 3410 4927 dicat
3446 4895 3457 4927 :
3490 4891 3507 4923 ι
3538 4872 3601 4925 Et
3632 4873 3678 4926 si

2095 4969 2388 5024 invaluerit
2434 4985 2597 5033 unus,
2632 4969 2740 5023 duo
2785 4970 3008 5023 stabunt
3038 4968 3298 5022 adversus
3324 4982 3447 5020 eum
3469 5006 3484 5029 ,
3517 4985 3535 5017 ι
3575 4968 3682 5018 ira-

2100 5061 2365 5116 scentiam
2396 5074 2614 5128 quoque
2660 5068 2918 5126 tanquam
2949 5057 3145 5111 animm
3183 5067 3392 5125 partem
3437 5053 3680 5107 introdu-

2098 5153 2191 5218 cit,
2223 5167 2347 5221 quze
2374 5164 2516 5219 saepe
2544 5148 2743 5203 rationi
2772 5148 2853 5202 vel
2888 5147 3153 5217 appetitui
3195 5146 3399 5199 auxilio
3424 5144 3573 5198 venit
3608 5143 3679 5197 ad

2096 5244 2233 5299 iram
2263 5242 2531 5297 adversus
2561 5239 2839 5294 diabolum
2881 5238 3112 5308 ejusque
3161 5247 3335 5306 coepta
3373 5236 3675 5295 incitatam,

2096 5340 2212 5393 sive
2248 5336 2395 5406 quis,
2452 5333 2583 5403 quid
2618 5332 2971 5402 praestantius
3016 5330 3087 5384 sit
3158 5332 3380 5398 cogitet,
3436 5327 3549 5382 sive
3589 5344 3675 5391 ea,

2095 5447 2215 5501 quae
2239 5429 2446 5498 pmiora
2473 5431 2626 5487 sunt,
2659 5426 3035 5491 concupiscat.
3065 5421 3270 5477 Harum
3296 5434 3479 5476 autem
3513 5420 3676 5473 trium

2096 5522 2258 5576 veluti
2308 5518 2504 5573 anima:
2533 5514 2769 5584 partium
2809 5515 2970 5584 120
2995 5512 3290 5568 concordia
3331 5520 3380 5565 et
3432 5509 3682 5564 funiculo

2100 5612 2301 5683 triplici
2345 5609 2684 5681 designatur,
2735 5608 2828 5679 qui
2864 5606 3080 5662 difficile
3127 5606 3444 5676 rumpitur:
3478 5603 3684 5674 quipr

2094 5771 2227 5825 tiunt
2260 5768 2559 5825 concordia
2608 5769 2722 5839 ipse
2757 5768 2921 5824 etiam
2960 5765 3074 5839 fieri
3120 5764 3218 5839 ait,
3263 5772 3328 5839 ut
3361 5761 3517 5839 tertia
3542 5776 3676 5839 _suc-

2091 5841 2375 5982 ιιιηὲἓὸιώ
2414 5855 2478 5897 ac
2524 5830 2689 5911 penés
2749 5840 2960 5911 priores
3010 5837 3099 5892 illa
3142 5834 3365 5891 victoria
3407 5834 3477 5888 sit
3518 5830 3674 5904 (Ibid.

2091 5929 2144 5982 p.
2386 5950 2399 5965 .

2090 5929 2144 5985 p.
2177 5929 2280 5969 oou
2311 5929 2399 5982 ιι).

3554 421 3663 486 912
3744 422 3769 435 '
