4172 6572
509 399 624 466 ειο

1635 403 1696 465 S.
1745 404 2126 469 GREGOBII
2160 406 2676 472 AGRIGENTINI

3685 410 3802 473 920

513 519 659 592 quod
697 525 752 575 et
781 518 953 573 tribus
989 517 1186 574 anima:
1211 518 1564 576 facultatibus
1592 521 2090 588 consentientibus,

2198 525 2517 592 ἐξεικονίζει
2551 523 2648 577 καὶ
2685 521 2747 575 τὸ
2777 521 3045 594 σπαρτίον
3077 522 3139 575 τδ
3163 522 3431 592 ἔντριτον,
3462 523 3539 587 ῶς
3582 525 3655 594 μὴ
3686 528 3794 596 ῥᾳ-

513 618 716 668 sanctae
763 611 1139 681 spiritalisque
1182 611 1310 671 vita:
1342 622 1520 673 status
1562 611 1761 683 maiori
1816 614 2094 672 soliditate

512 707 870 762 conlirmatus
907 705 1238 775 reperiatur.
1391 703 1410 713 ⁶

579 976 649 1030 At
680 985 808 1029 vero
837 977 890 1029 e‘t
921 976 1212 1047 mysticum
1249 975 1425 1045 magis
1460 991 1771 1031 sermonem
1804 978 2094 1048 magisque

507 1067 752 1122 divinum
780 1068 999 1137 sapiens
1017 1068 1376 1124 Ecclesiastes
1398 1069 1627 1124 funiculi
1655 1070 1885 1140 triplicis
1906 1085 2094 1125 exem-

509 1156 599 1228 plo
631 1156 867 1214 fortasse
919 1161 1197 1230 significat
1233 1159 1369 1230 (85).
1404 1161 1543 1226 Quid
1586 1162 1629 1215 si
1675 1161 1821 1216 enim
1869 1163 2092 1217 unicum

510 1251 759 1303 divinum
789 1252 1159 1321 principatum
1195 1252 1448 1322 designat
1483 1268 1512 1305 ε
1539 1253 1714 1308 tribus
1748 1263 2093 1309 constantem

509 1342 708 1396 divinis
737 1344 1167 1414 hypostasibns?
1196 1344 1263 1399 Et
1304 1359 1404 1405 nos
1435 1359 1576 1399 verm
1607 1344 1964 1414 professionis
1996 1362 2095 1400 no-

509 1443 639 1489 atra:
677 1436 991 1490 doctrinam
1023 1437 1194 1491 ordiri
1236 1446 1291 1492 et
1332 1447 1630 1492 contexere
1661 1439 1820 1494 docet
1855 1455 1885 1494 e
1917 1441 2094 1496 tribus

508 1528 762 1598 personis
804 1530 1306 1599 aequipollentihus,
1354 1531 1713 1602 ejusdemque
1763 1542 1992 1600 naturas,
2040 1543 2096 1590 et

511 1622 820 1689 coaeternis,
857 1639 1020 1677 unam
1065 1626 1118 1678 in
1149 1626 1512 1680 substantiam
1549 1626 1872 1680 coeuntibus
1901 1635 1956 1681 et
1995 1643 2094 1697 p0-

509 1715 739 1770 tentiam
785 1726 839 1770 et
886 1717 1218 1772 voluntatem
1268 1729 1320 1773 et
1349 1720 1777 1774 dominationem
1821 1731 1871 1775 et
1920 1721 2095 1790 impe-

511 1809 695 1862 rium?
721 1811 814 1880 qui
860 1812 1008 1865 enim
1049 1813 1195 1882 digni
1237 1814 1408 1868 habiti
1467 1822 1618 1879 sunt,
1675 1824 1736 1869 ut
1771 1816 1888 1870 hate
1925 1818 2092 1885 proﬁ-

2195 618 2324 682 δίως
2353 616 2866 690 ἀπορρηγνύμενον.
2915 615 3061 669 Διότι
3103 617 3195 668 καὶ
3227 615 3321 669 τοῦ
3360 617 3654 688 τριμεροῦς
3685 619 3794 688 τῆς

2194 710 2373 782 ψυχῆς
2417 709 2909 780 συμφωνήσαντος,
2943 709 3327 780 άρῥαγεστέρα
3373 711 3476 780 τῆς
3529 712 3794 782 ἁτιοπρε-

2195 803 2333 867 ποῦς
2356 804 2450 858 καλ⁸
2476 803 2856 874 πνευματικῆς
2879 802 3240 875 εὑρεθήσεται
3281 803 3560 866 πολιτείας
3589 807 3621 874 ἡ
3661 823 3794 859 συνο

2193 913 2334 967 ηρτη
2345 897 2480 967 μένη
2512 897 2864 959 κατάστασις,

2267 987 2420 1057 Τάχα
2442 988 2498 1041 δὲ
2517 991 2613 1041 καὶ
2643 989 3054 1061 μυστικώτερον
3075 989 3170 1042 καὶ
3191 987 3462 1059 θειότερόν
3481 1007 3603 1043 τινα
3625 989 3789 1056 λόγον

2195 1078 2496 1135 αίνίττεται
2539 1083 2568 1134 ὁ
2598 1083 2760 1150 σοφὸς
2806 1081 3242 1154 Ἐκκλησιαστὴς
3290 1083 3381 1136 διὰ
3425 1085 3524 1154 τῆς
3574 1083 3787 1146 είκόνος

2195 1174 2288 1230 τοῦ
2320 1177 2566 1247 ὲντρίτου
2602 1177 2900 1248 σπαρτίου·
2937 1178 3152 1248 μήποτε
3193 1179 3305 1247 γὰρ
3338 1178 3438 1248 τὴν
3483 1178 3788 1248 μοναδικὴν

2196 1267 2458 1337 θεαρχίαν
2512 1267 2577 1318 ἑκ
2612 1266 2920 1338 θεαρχικῶν
2977 1267 3148 1339 τριῶν
3201 1269 3561 1323 ὑποστάσεων
3610 1289 3786 1338 πεφυ-

2197 1362 2358 1414 κυῖαν
2413 1358 2764 1423 ἐξεικονίζειο
2803 1359 3072 1418 διδάσκων
3133 1359 3284 1430 ἡμᾶς
3334 1362 3428 1413 τὸν
3477 1362 3638 1430 λόγον
3682 1359 3787 1431 τῆς

2195 1451 2518 1523 εἰλικρινοῦς
2548 1452 2703 1522 ἡμῶν
2755 1452 2993 1517 πίστεως
3029 1455 3462 1519 κατασκευάζειν
3503 1458 3597 1509 καὶ
3657 1457 3788 1509 πλέ-

2196 1562 2313 1598 κειν
2341 1546 2404 1597 ἐκ
2425 1544 2597 1616 τριῶν
2629 1543 2919 1598 ἰσοσθενῶν
2949 1547 3043 1600 καὶ
3073 1546 3340 1616 συμφυῶν
3366 1549 3464 1600 καὶ
3495 1548 3783 1601 συναῖόίων

2197 1637 2510 1710 προσώπων
2551 1638 2842 1692 συνιόντων
2875 1641 2955 1703 εἰς
2993 1639 3120 1708 μίαν
3170 1639 3362 1693 οὐσίαν
3409 1642 3502 1694 καὶ
3549 1640 3786 1711 δύναμιν

2196 1731 2289 1782 καὶ
2316 1729 2572 1799 βούλησιν
2627 1731 2721 1784 καὶ
2767 1731 3089 1785 δεσποτείαν
3140 1733 3236 1784 καὶ
3282 1734 3599 1804 κυριότητα.
3644 1734 3786 1797 Τοὺς

2195 1821 2304 1892 γὰρ
2332 1820 2475 1874 οὕτω
2499 1821 2773 1875 πιστεύειν
2798 1821 3136 1892 ἠξιωμένους
3153 1827 3215 1878 οὐ
3241 1825 3443 1896 ῥᾳδίως
3476 1823 3788 1897 ἀπορρῆξαι

510 1909 762 1967 teantur,
811 1921 920 1959 non
973 1905 1132 1960 facile
1187 1920 1282 1961 eos
1336 1907 1623 1964 haereticus
1677 1918 1841 1979 atque
1893 1910 2095 1979 impius

2198 1931 2280 1977 τις
2308 1915 2587 1985 αἱρετικὸς
2615 1915 2712 1968 καὶ⁸
2735 1916 3000 1987 δυσσεϐὴς
3028 1918 3184 1985 λόγος
3214 1918 3506 1990 δυνήσεται
3536 1914 3630 1988 τῆς
3655 1921 3790 1972 αίω-

508 1997 835 2066 cujusquam
867 2013 1049 2054 sermo
1083 2015 1114 2054 a
1145 2001 1254 2054 vita
1281 2009 1481 2054 acterna
1512 2001 1792 2072 beataque
1819 2017 1916 2072 spe
1945 2005 2093 2058 avel-

509 2089 621 2145 lere
648 2091 842 2161 possit.
870 2089 959 2145 Ait
989 2093 1184 2149 deinde
1213 2093 1573 2151 Ecclesiastes
1601 2113 1616 2150 :

2193 2007 2306 2059 νίου
2326 2005 2471 2076 ζωῆς
2504 2007 2734 2063 καὶτῶν
2769 2010 3058 2080 μακαρίων
3087 2009 3341 2065 ἐλπίδων.
3372 2007 3507 2064 Εἶτά
3549 2028 3716 2081 φησιν
3757 2011 3787 2064 6

2211 2096 2668 2174 Ἐκκλησιαστήςο
3007 2103 3009 2106 ’

2097 2218 2125 2290 §
2158 2219 2219 2275 ιι.

579 2321 743 2379 Vens.
789 2325 877 2387 l5,
915 2326 1004 2380 14.
1047 2326 1230 2382 Bonus
1267 2341 1346 2383 est
1383 2344 1522 2403 puer
1564 2345 1764 2398 pauper
1791 2341 1840 2385 et
1883 2333 2098 2401 sapiens

512 2431 666 2484 super
710 2433 880 2486 regem
925 2419 1182 2473 seniorem
1225 2429 1275 2474 et
1317 2423 1566 2486 stultum,
1607 2423 1698 2493 qui
1723 2424 1884 2477 nescit
1922 2425 2099 2490 provi-

509 2509 630 2569 dere
666 2523 684 2561 :
716 2510 937 2579 insuper
974 2512 1036 2564 de
1079 2511 1235 2565 domo
1286 2513 1620 2568 vinculorum
1668 2517 1986 2585 egredietur,
2039 2525 2098 2570 ut

509 2613 686 2673 regnet
715 2604 882 2674 :quia
932 2605 1095 2660 etiam
1148 2606 1205 2662 in
1258 2623 1419 2677 regno
1473 2624 1568 2661 suo
1616 2607 1792 2677 [actus
1841 2620 1920 2664 est
1969 2627 2099 2680 pau-

507 2715 602 2770 per
635 2700 767 2770 (86).

581 2793 797 2848 Bonum
825 2793 991 2850 habet
1015 2802 1181 2864 atque
1207 2795 1500 2852 honesturn
1536 2798 1880 2867 prOpositum
1910 2799 2098 2856 Eccle-

2276 2336 2515 2405 Ἀγαθός
2551 2336 2691 2404 παῖς
2721 2337 2916 2404 πένης
2946 2339 3042 2392 καί
3086 2341 3280 2409 σοφὸς
3327 2341 3485 2409 ὑπὲρ
3514 2340 3790 2406 ,βασιλέα

2195 2431 2606 2498 πρεσϐύτερον
2671 2432 2768 2486 καί
2841 2431 3096 2502 ἄφρονα,
3143 2433 3212 2500 ὃς
3281 2435 3397 2488 οὐκ
3461 2434 3618 2504 ἔγνω
3673 2435 3786 2489 τοῦ

2195 2522 2524 2589 προσέχειν
2549 2539 2562 2554 ·
2591 2524 2680 2579 ἔτι
2708 2525 2778 2588 ἐξ
2825 2527 2998 2580 οἴκου
3034 2524 3152 2580 τῶν
3169 2525 3413 2595 δεσμῶν
3463 2528 3786 2591 ἐξελεύσε-

2194 2631 2292 2668 ται
2337 2615 2442 2668 τοῦ
2462 2617 2842 2680 ,βασιλεῦσαι
2876 2638 2890 2649 ·
2924 2618 3014 2673 ὅτι
3043 2619 3144 2673 καί
3174 2637 3243 2688 τε
3279 2620 3350 2674 ἐν
3368 2621 3659 2688 ,ϐασιλείᾳ
3677 2623 3787 2676 αὐ-

2195 2706 2304 2761 τοῦ
2331 2708 2588 2778 ἐγενήθη
2619 2709 2806 2780 πένης
2818 2753 2832 2768 .

2269 2798 2362 2870 Τῷ
2402 2800 2808 2874 Ἐκκλησιαστῇ
2842 2805 3136 2874 πρόκειται
3169 2803 3376 2866 σκοπὸς
3433 2805 3642 2872 ἀγαθὸς
3689 2804 3787 2859 καὶ

509 2887 728 2953 siastes,
768 2897 828 2942 ut
871 2889 1212 2959 investigatis
1252 2890 1695 2962 comparatisque
1728 2893 1869 2948 inter
1903 2909 1962 2949 se
2005 2909 2095 2950 re-

2199 2892 2515 2961 φιλόκαλος,
2544 2895 2634 2948 ἴνα
2663 2898 2784 2959 ταῖς
2809 2895 2919 2949 τῶν
2957 2895 3231 2967 βιωτικῶν
3279 2898 3629 2967 πραγμάτων
3689 2899 3787 2951 καὶ

509 2984 614 3039 bus
639 2999 704 3040 ac
731 2985 1004 3054 personis,
1029 3001 1151 3054 qua:
1191 2985 1246 3038 in
1288 2987 1390 3040 hac
1421 2987 1532 3041 vita
1565 3000 1880 3055 versantur,
1916 3005 2096 3045 mores

2199 2985 2513 3058 προσώπων
2537 2987 2926 3060 ἐξερευνήσεσι
2961 2989 3066 3043 καὶ
3107 2989 3520 3060 παρεξετάσεσι
3575 2987 3788 3060 βελτιὼ-

512 3076 796 3132 hominum
846 3078 1120 3140 emendet,
1162 3091 1468 3148 eorumque
1501 3079 1813 3136 voluntates
1850 3098 1879 3136 a
1927 3098 2097 3152 pravo

2202 3097 2271 3152 σῃ
2299 3080 2368 3134 τὰ
2395 3079 2501 3151 ἦθη
2531 3081 2643 3133 τῶν
2671 3079 2978 3151 ἀνθρώπων
3005 3081 3100 3134 καὶ
3137 3082 3248 3134 τῶν
3305 3081 3602 3152 χειρίστων
3664 3082 3788 3135 δια-

510 3187 730 3241 quoque
763 3171 960 3228 aﬁ'ecm
1012 3173 1394 3242 maleficioque
1425 3173 1722 3230 deterreat.
1760 3148 1971 3231 Idcirco
2010 3177 2097 3231 hic

2203 3148 2532 3228 θέσεων-καῖ
2557 3148 2813 3244 πράξεων
2844 3174 3189 3247 ἁλλοτριώσῃ
3231 3148 3336 3236 τάξ
3373 3148 3525 3244 σφῶν
3583 3191 3787 3246 προαι-

511 3268 675 3324 etiam
731 3283 857 3323 cum
914 3281 1086 3338 puero
1135 3281 1373 3338 paupere
1418 3277 1473 3326 et
1530 3272 1776 3341 sapiente
1827 3274 2100 3328 seniorem

513 3360 752 3428 aliquem
783 3369 836 3414 et
874 3375 1053 3424 regem
1079 3369 1135 3415 et
1162 3362 1391 3416 stultum
1433 3362 1672 3427 confert,
1707 3373 1968 3434 tanquam
2007 3365 2100 3435 qui

512 3452 812 3521 plurimum
847 3453 987 3507 inter
1025 3469 1085 3509 se
1125 3454 1349 3519 distent,
1385 3462 1440 3508 et
1481 3455 1778 3509 contrariis
1817 3457 2103 3514 sententiis

517 3543 672 3624 121
708 3545 867 3613 longe
903 3542 1217 3614 discrepent
1253 3563 1266 3598 :
1300 3561 1364 3600 ac
1409 3560 1638 3615 puerum
1686 3556 1740 3601 et
1781 3557 2100 3618 pauperem,

512 3634 607 3702 qui
644 3634 866 3704 sapiens
900 3635 1156 3690 inventus
1197 3637 1292 3700 sit,
1331 3636 1564 3700 extollit,
1593 3639 1972 3710 potioremque
2009 3642 2103 3697 illo

507 3727 742 3808 judical,
779 3728 876 3797 qui
921 3735 1016 3784 rex
1053 3744 1179 3785 cum
1217 3730 1290 3785 sit
1335 3739 1389 3786 et
1432 3731 1636 3798 srnior,
1687 3734 1887 3789 stultus
1919 3746 2101 3791 tamen

513 3823 848 3876 inveniatur.
881 3821 1004 3888 Quo
1027 3837 1220 3892 nempe
1247 3822 1318 3876 ab
1344 3823 1658 3893 insipientia
1687 3835 1850 3895 atque
1884 3827 2100 3884 inscitia

509 3918 739 3988 juvenes
771 3927 826 3974 et
860 3933 1041 3983 senes,
1091 3932 1358 3989 paup‘res
1404 3928 1461 3975 et
1494 3935 1646 3991 reges
1691 3921 1946 3986 deducat,
1977 3937 2102 3977 eos-

513 4010 752 4079 demque
782 4009 848 4064 ad
881 4008 1165 4077 sapientia:
1195 4009 1616 4081 prudentiaeque
1643 4012 1945 4066 certamina
1980 4025 2104 4082 per-

512 4099 714 4156 trahat.
760 4097 853 4154 Sic
881 4098 1027 4153 enim
1058 4106 1154 4154 eos
1185 4099 1340 4153 aﬂ'ari
1381 4100 1516 4154 mihi
1564 4100 1784 4155 videtur
1820 4102 2099 4172 :Ecquam

511 4207 608 4248 rex
655 4191 802 4262 capit
858 4191 1186 4256 utilitatem,
1237 4192 1322 4248 vel
1372 4193 1418 4248 si
1474 4194 1644 4249 decus
1701 4194 1998 4249 senectutis
2045 4195 2099 4250 in

512 4284 692 4354 capite
718 4283 991 4352 praeferat,
1025 4283 1297 4352 siquidem
1331 4285 1512 4338 innata
1553 4284 1844 4355 prudentia
1877 4285 2100 4355 sapien-

511 4379 700 4447 tiaque
748 4376 840 4430 illa
870 4385 1076 4443 careat,
1109 4389 1274 4448 quam
1323 4376 1427 4433 sibi
1462 4377 1629 4431 homo
1663 4377 1912 4433 discendi
1949 4379 2104 4449 cupi-

2205 3267 2408 3339 ρέσεις.
2457 3269 2560 3322 Διὰ
2606 3268 2766 3321 τοῦτο
2831 3267 2928 3321 καὶ
2961 3267 3060 3321 νῦν
3113 3268 3581 3338 ἀντιπαρατίθησι
3634 3267 3786 3320 παιδὶ

2203 3358 2397 3430 πένητι
2431 3361 2528 3414 καὶ
2559 3360 2709 3430 σοφῷ
2739 3359 3115 3432 πρεσόύτερον
3145 3360 3274 3413 δντα
3303 3361 3424 3414 τινὰ
3480 3360 3576 3414 καὶ
3627 3359 3786 3428 βασιφ

2201 3451 2302 3506 λέα
2330 3452 2425 3505 καὶ⁵
2451 3452 2684 3522 ἄφρονα,
2703 3453 2832 3514 τοὺς
2875 3452 3094 3521 μακρὰν
3123 3451 3376 3522 ἀλλήλων
3406 3450 3784 3521 διεστηκότας,

2203 3545 2299 3601 καὶ
2349 3548 2472 3609 ταῖς
2522 3546 2933 3616 ἀντικειμέναις
2996 3544 3305 3614 ὑπολήψεσι
3369 3545 3468 3615 τὴν
3522 3544 3788 3613 διαφορὰν

2201 3639 2582 3708 κεκτημένους
2612 3653 2628 3670 ·
2661 3641 2755 3692 καὶ
2777 3638 2993 3703 δοξάζει
3029 3638 3120 3691 τὸν
3165 3638 3336 3691 παῖδα
3403 3637 3500 3691 καὶ
3551 3638 3785 3708 πένητα,

2203 3729 2368 3796 σοφὸν
2399 3729 2497 3798 μὲν
2528 3728 2850 3799 εὑρεθέντα,
2891 3729 3092 3797 μᾶλλον
3125 3728 3182 3782 δὲ
3219 3727 3428 3796 ἀγαθον
3479 3727 3574 3779 τοῦ
3627 3726 3786 3796 βασι-

2201 3821 2338 3884 λέως
2373 3819 2470 3890 μὲν
2503 3821 2678 3883 ὄντος,
2711 3820 3096 3891 πρεσϐυτέρου
3125 3819 3182 3872 δὲ
3227 3821 3321 3872 καὶ
3367 3819 3604 3889 ἄφρονος
3649 3834 3662 3847 ο
3691 3816 3787 3870 άλ-

2201 3911 2432 3982 λοτρίων
2465 3912 2566 3983 μὲν
2594 3912 2696 3981 τῆς
2727 3910 3046 3983 ἀφροσύνης
3101 3911 3197 3964 καὶ
3259 3912 3360 3979 τῆς
3421 3909 3787 3972 ἀπαιδευσίας

2201 4009 2297 4060 καὶ
2355 4007 2484 4068 τοὺς
2546 4005 2700 4070 νέους
2751 4006 2847 4058 καὶ
2920 4005 3184 4075 γέροντας
3241 4005 3368 4067 τοὺς
3427 4003 3667 4073 πένητας
3693 4004 3787 4055 καὶ
3844 4040 3850 4043 -

2200 4101 2327 4164 τοὺς
2359 4099 2623 4170 βασιλεῖς,
2656 4099 2796 4169 πρὸς
2823 4097 2882 4152 δὲ
2909 4101 3038 4161 τοὺς
3068 4098 3318 4164 ἀγῶνας,
3348 4099 3445 4150 καὶ
3483 4099 3610 4160 τοὺς
3647 4096 3789 4168 ὑπὲρ

2201 4193 2302 4263 τῆς
2336 4192 2529 4260 σοφίας
2564 4193 2660 4246 καὶ
2694 4193 2794 4261 τῆς
2823 4191 3148 4262 φρονήσεως
3202 4189 3431 4254 τούτους
3483 4189 3786 4260 προσεῳελ-

2201 4285 2454 4355 κόμενος,
2485 4283 2787 4353 Μονονουχὶ
2818 4282 2927 4354 γάρ
2955 4299 3093 4354 φησι
3115 4283 3242 4345 ’Τίς
3258 4282 3498 4350 ὠφέλεια
3526 4282 3788 4353 πρόσεστι

2204 4376 2438 4448 βασιλεῖ,
2466 4375 2570 4429 κᾶν
2603 4375 2668 4428 τὸ
2695 4375 2879 4446 γῆρας
2912 4375 3056 4446 ὑπὲρ
3079 4373 3329 4445 κεφαλῆς
3363 4372 3462 4446 ἔχῃ
3527 4374 3789 4443 φαινόμε-

510 4471 618 4527 dus
647 4479 703 4523 et
740 4468 994 4525 laborum
1022 4469 1286 4539 patientia
1314 4477 1369 4522 et
1401 4469 1710 4524 honestatis
1736 4471 1918 4525 studio
1951 4483 2097 4526 com-

2205 4486 2318 4534 νον,
2353 4468 2676 4541 ἀμοιροῦντι
2714 4468 2773 4520 δὲ
2802 4466 2907 4534 τῆς
2947 4466 3198 4536 ἐμφύτου
3232 4469 3574 4538 φρονήσεως,
3610 4465 3690 4520 ἔτι
3727 4465 3788 4519 δὲ

510 4563 717 4636 parat?
746 4579 870 4617 nam
915 4563 961 4616 si
1008 4562 1272 4631 sapientia
1305 4562 1374 4616 ab
1403 4577 1470 4616 eo
1502 4571 1556 4616 et
1591 4563 1879 4631 prudentia
1928 4564 2090 4627 absit,

511 4655 828 4727 perturbata
861 4654 1204 4724 confusaque
1247 4665 1429 4709 rerum
1462 4655 1963 4722 administratione,
1996 4656 2097 4712 sti-

509 4748 828 4820 pendiarios
863 4762 995 4804 suos
1017 4747 1173 4816 quasi
1209 4747 1440 4801 rectoris
1477 4757 1729 4817 expertes
1751 4751 2018 4812 ostendet,
2043 4757 2098 4803 et

511 4841 820 4896 alienorum
847 4848 1011 4909 atque
1037 4840 1278 4894 hostium
1303 4841 1472 4894 armis
1501 4841 1755 4896 absumet
1788 4858 1852 4897 ac
1881 4842 2091 4912 perdet,

585 4977 699 5049 (85)
719 4975 853 5042 Qum
869 4985 1208 5051 sequuntur.
1233 4977 1593 5051 haegquoque
1616 4994 1683 5033 ex
1709 4977 2097 5051 Olympiodoro

511 5046 796 5116 desiunpta
831 5049 999 5100 videri
1055 5047 1286 5118 possint.
1325 5046 1524 5102 Verum
1582 5046 1834 5118 scriptori
1869 5046 2094 5113 utrique

513 5120 797 5192 praaiverat
824 5118 1057 5192 Basilius
1087 5118 1350 5192 Magnus.
1375 5120 1424 5174 Is
1473 5120 1614 5174 libro
1638 5137 1667 5173 ν
1693 5121 1954 5175 Adversus
1988 5121 2099 5192 Eug-

514 5189 756 5263 pontium
781 5201 886 5263 art.
919 5189 1020 5253 15,
1055 5190 1139 5263 si_c
1178 5199 1310 5263 erat
1340 5191 1558 5263 locutus
1583 5209 1600 5263 _:
1633 5192 1845 5263 Οὐκοῦν
1882 5193 1941 5245 ὲν
1982 5191 2098 5263 Υίῷ

513 5260 956 5334 γνῶθιΑΙίατέρα,
996 5263 1059 5334 έν
1087 5259 1518 5334 Πατρὶ-δόῄξασον
1551 5261 1716 5334 Υίόν·
1753 5262 1829 5333 μὴ
1865 5259 2097 5334 μερίσῃς

513 5333 583 5384 τὰ
606 5331 878 5404 ἀμέριστα
900 5373 914 5395 ,
950 5331 1024 5400 μὴ
1060 5331 1209 5402 σχίζε
1238 5331 1303 5384 τὰ
1328 5331 1559 5402 άσχιστα
1581 5351 1593 5364 ·
1628 5333 1731 5386 κᾶν
1756 5331 1874 5404 ἡγὰρ
1897 5331 2092 5395 θέλεις.

513 5404 575 5457 ού
629 5401 897 5469 σχίζεται,
951 5404 1055 5454 κᾶν
1096 5401 1530 5474 διαρῥήγνύνται
1582 5406 1633 5457 οἱ
1684 5401 1985 5473 αἱρετίκοὶ,
2034 5404 2096 5456 οὐ

513 5473 909 5545 διαῤῥήγνυται
953 5474 985 5543 ἡ
1023 5473 1224 5542 Τριάς·
1262 5475 1360 5545 καὶ
1391 5474 1694 5544 σεδάσμιός
1728 5477 1877 5545 ἐστιν
1905 5476 1963 5526 ἐν
1999 5475 2099 5545 μιᾷ

515 5544 615 5598 καὶ
647 5543 802 5615 ἀϊδίῳ
827 5543 952 5614 δόξῃ
979 5583 991 5602 ,
1024 5545 1121 5613 τὴν
1149 5543 1320 5610 αὐτὴν
1359 5545 1452 5598 καὶ
1491 5543 1620 5613 μίαν
1670 5544 1839 5615 μόνην
1867 5543 2098 5615 θεότητα

515 5613 800 5686 πανταχού
826 5613 1219 5686 περιφέρουσα,
1255 5615 1534 5686 ἄρρηκτος
1555 5655 1568 5674 .
1599 5613 1883 5684 ἄσχιστος,
1917 5613 2096 5668 ἀδιαί-

519 5700 702 5758 ρετυςΖ
735 5684 912 5758 πάντα
957 5684 1262 5758 πληρούσα,
1297 5684 1487 5758 πάντα
1514 5687 1868 5758 περιέχουσα,
1901 5687 1959 5738 ὲν
1991 5687 2099 5758 πᾶξ-

520 5751 606 5807 σιν
645 5751 802 5826 οὖσα.
833 5751 1264 5826 δημιουρὴούσα,
1297 5751 1642 5826 κυϐερνῶσα,
1671 5751 1974 5823 ἇγιάζουσα
1995 5756 2095 5810 καὶ

518 5823 1065 5898 ζωπωωῦσαέΑὓτή
1091 5826 1123 5894 ἡ
1155 5824 1278 5898 θεία
1308 5827 1402 5878 καὶ
1435 5823 1864 5898 θαυμασιωτάτη
1913 5826 2091 5898 πλοκὴ

519 5897 581 5961 ού
616 5895 1030 5974 διαρρηγνυται,
1059 5895 1203 5953 κατὰ
1224 5896 1282 5950 τὸ
1307 5896 1696 5974 γεγραμμένον
1719 5914 1731 5926 ⁸
1758 5898 1840 5953 ὅτι
1874 5899 1947 5955 -Τὸ
1972 5895 2099 5974 τρίὲ,

2204 4563 2295 4616 καὶ
2332 4561 2527 4631 σοφίας
2554 4562 2654 4630 τῆς
2677 4561 2740 4612 ὲκ
2785 4559 3122 4629 φιλομαθοῦς
3177 4561 3272 4612 καὶ
3336 4560 3631 4626 φιλοπόνου
3691 4559 3786 4612 καὶ

2204 4649 2500 4719 φιλοκάλου
2555 4647 2783 4719 γνώμης
2836 4649 2915 4718 τῷ
2965 4648 3242 4720 ἀνθρώπῳ
3303 4651 3782 4720 προσγινομένηςς

2216 4742 2490 4812 Ἀπούσης
2522 4741 2630 4812 γὰρ
2659 4744 2758 4812 τῆς
2794 4741 2990 4810 σοφίας
3015 4741 3111 4795 καὶ
3159 4741 3262 4809 τῆς
3302 4742 3642 4812 φρονήσεως.
3688 4741 3784 4792 καὶ

2202 4837 2265 4892 τὸ
2313 4838 2556 4906 ὑπήκοον
2587 4838 2711 4907 ταῖς
2743 4835 3130 4906 πεφυρμέναις
3185 4834 3282 4888 καὶ
3347 4834 3784 4905 συγκεχυμένως
3853 4829 3863 4836 ’

2198 4980 2433 5031 «lateor
2457 4973 2756 5040 σπαρτίον
2782 4976 2854 5026 οὐ
2883 4972 3370 5043 διαρραγήσεται.
3411 4973 3608 5043 ldfst:
3639 4970 3782 5034 Quas

2199 5048 2260 5101 ob
2290 5063 2369 5100 res
2394 5048 2445 5099 in
2472 5044 2615 5098 Filio
2648 5043 2859 5098 Patrem
2887 5041 3156 5114 cognosce,
3193 5046 3246 5096 in
3272 5041 3432 5097 Patre
3464 5041 3670 5095 Filium
3693 5045 3776 5093 ho-

2199 5135 2330 5172 nora
2355 5133 2374 5172 :
2398 5133 2459 5172 ne
2485 5116 2692 5169 dividas
2720 5132 2836 5184 qua:
2863 5115 3141 5168 individua
3174 5123 3318 5177 sunt,
3345 5131 3406 5167 ne
3437 5114 3648 5167 scindes
3672 5129 3786 5180 qua!

2197 5207 2301 5244 non
2347 5187 2679 5241 scinduntur.
2721 5186 2864 5239 Nam
2906 5186 2982 5240 vel
3020 5187 3065 5239 si
3098 5185 3257 5246 velis,
3303 5200 3403 5237 non
3437 5185 3784 5250 scindantur;

2196 5260 2690 5326 etsidirumpuntur
2713 5258 2972 5320 Ittcretici,
2998 5255 3234 5309 Trinitas
3263 5265 3434 5307 tamen
3458 5271 3561 5306 non
3585 5254 3785 5307 dirum-

2196 5333 2363 5402 pitur,
2389 5339 2439 5382 et
2466 5339 2552 5402 est
2572 5329 2793 5402 colenda
2831 5329 2886 5380 in
2927 5343 3034 5402 una
3057 5337 3119 5402 _et
3151 5335 3349 5402 atteram
3382 5326 3554 5402 gtoria
3580 5326 3782 5402 eadem,

2198 5397 2361 5456 unam
2394 5410 2444 5454 et
2475 5401 2645 5454 solam
2681 5399 2939 5452 Deitatem
2978 5397 3170 5466 ubique
3203 5399 3602 5465 circumferens,
3643 5397 3786 5449 irrit,

2196 5482 2313 5540 pta,
2349 5471 2612 5533 incwdua,
2637 5470 2998 5531 indivisibilis,
3036 5468 3330 5540 adimplens
3365 5469 3568 5540 omnia,
3606 5468 3786 5520 omnia

2197 5537 2490 5603 continens,
2521 5543 2572 5594 in
2597 5540 2838 5594 omnibus
2864 5543 3150 5596 exsistens.
3177 5537 3428 5596 condens.
3459 5537 3781 5609 gubernans.

2200 5613 2564 5680 sanctiﬁcans.
2604 5611 2894 5679 viviﬁcaris.
2942 5610 3044 5664 Hic
3086 5611 3296 5662 divinus
3338 5623 3386 5663 et
3420 5608 3651 5661 maxime
3689 5608 3786 5661 ad-

2200 5684 2480 5736 mirandus
2514 5699 2672 5736 nexus
2716 5699 2822 5735 non
2861 5682 3210 5750 dirumpitur,
3258 5689 3315 5733 ut
3355 5681 3614 5750 scriptum
3663 5693 3739 5733 est
3766 5694 3788 5732 :-

2203 5752 2506 5809 Funiculus
2540 5753 2727 5821 triplex
2773 5767 2878 5806 non
2913 5753 3277 5821 dirumpetur.

2277 5826 2390 5894 (86)
2453 5819 2624 5895 Apud
2666 5822 2807 5876 LXX
2857 5819 3156 5894 legimus...
3215 5823 3313 5886 ‘0;
3358 5822 3459 5877 οὑκ
3501 5820 3645 5892 ἔγνω
3692 5819 3782 5878 τοῦ

2204 5894 2506 5980 προσέχειν
2529 5895 2607 5950 ἔτι
2628 5910 2642 5925 ·
2673 5895 2753 5948 ὅτι
2781 5894 2839 5961 ἐξ
2869 5895 3087 5949 οἶκον...
3757 5920 3766 5928 -

3371 6005 3401 6031 κ
