4172 6512
592 394 699 462 923

1698 402 1758 463 S.
1789 400 2167 462 GREGORII
2206 400 2717 464 AGRIGENTINI

3764 396 3880 463 924

599 510 815 563 obviam
855 508 1140 563 verborum
1174 508 1625 580 signiﬁcationem
1655 514 2030 580 exposuimus,
2075 510 2175 564 ali-

2303 512 2497 582 πθητῶς
2526 512 2954 582 άπονείμαντες,
2980 509 3226 581 εἴπωμέν
3271 527 3328 563 τι
3357 509 3452 563 καὶ
3484 509 3628 562 κατὰ
3649 508 3739 562 τὸν
3766 509 3879 580 τῆς

598 602 731 672 quid
763 601 875 670 jam
916 616 1012 669 per
1037 618 1315 672 auagogeu
1359 619 1389 658 a
1421 604 1779 659 similitudine
1824 604 2173 674 desumptum

596 693 877 748 addemus.
924 692 1054 749 Erat
1096 695 1350 751 diabolus
1399 696 1563 750 veluti
1628 713 1720 751 rex
1768 697 2026 766 quidam,
2082 695 2177 762 qui

600 786 814 841 cmlesti
842 787 894 840 in
928 803 1092 857 regno
1124 788 1473 857 imperitabat
1505 808 1518 843 :
1563 806 1593 843 a
1629 789 1927 845 Conditore
1970 790 2180 845 scilicet

600 894 703 932 suo
738 879 847 933 dux
881 888 1099 937 creatus
1134 880 1362 949 angelici
1393 882 1645 950 agminis,
1680 883 1931 953 idemque
1974 884 2178 947 senior,

602 982 686 1025 est
714 972 859 1023 enim
903 991 920 1021 ι
957 971 1178 1025 Initium
1238 988 1464 1042 operum
1525 975 1835 1029 divinorum
1871 975 2006 1045 (89)
2033 1015 2048 1036 .
2102 978 2181 1030 uti

604 1060 777 1117 Julius
811 1064 1012 1118 athleta
1047 1066 1135 1120 ille
1170 1067 1385 1135 pietatis
1423 1069 1660 1138 appellat
1691 1069 1847 1140 (90).
1881 1070 1985 1125 Sed
2023 1071 2181 1124 inna-

605 1166 716 1209 tam
750 1157 1091 1226 prudentiam
1129 1159 1284 1228 123
1331 1160 1551 1225 oblitus,
1607 1161 1949 1232 negligentia:
1986 1162 2182 1216 incon-

608 1249 874 1317 sultazque
920 1251 1241 1304 temeritatis
1272 1267 1437 1304 causa
1470 1268 1499 1305 a
1535 1253 1913 1321 superioribus
1950 1254 2015 1307 ad
2048 1253 2185 1309 infe-

609 1343 783 1395 riores
807 1342 1085 1410 projectus
1108 1354 1191 1397 est
1222 1344 1399 1406 sedes,
1423 1355 1475 1398 et
1501 1346 1750 1399 tenebras
1782 1347 1901 1400 luce
1933 1347 2181 1413 mutavit,

608 1431 836 1500 angelis,
872 1447 1013 1501 quos
1050 1432 1282 1487 habebat
1331 1433 1627 1503 subjectos,
1683 1452 1866 1505 parent
1910 1436 1962 1490 in
2003 1439 2187 1506 perni-

612 1523 749 1576 ciem
789 1539 853 1578 ac
909 1524 1125 1578 ruinam
1181 1526 1354 1591 actis,
1406 1536 1568 1596 atque
1619 1527 1670 1580 in
1726 1530 1967 1603 ejusdem
2016 1546 2188 1597 paenae

508 1635 515 1644 -
612 1614 926 1669 societatem
979 1618 1275 1686 perductis.
1327 1618 1529 1674 Eodem
1582 1621 1745 1676 modo
1791 1624 2041 1692 princeps
2098 1624 2189 1679 ille

612 1708 784 1761 nostri
824 1710 1037 1778 generis
1087 1710 1259 1765 Adam
1309 1722 1425 1767 erat
1474 1714 1605 1767 olim
1645 1715 1697 1768 in
1738 1716 1991 1785 paradiso
2044 1717 2190 1770 velut

612 1814 707 1852 rex
762 1801 980 1869 quidam
1032 1803 1276 1856 omnium
1347 1805 1746 1859 irrationalium
1803 1809 2185 1874 animantium,

2280 604 2575 675 ἀναγωγῆς
2610 605 2769 672 λόγον
2796 603 2857 665 ἐξ
2908 604 3228 675 ὁμοιότητος
3284 600 3879 672 παραλαμϐανόμενον.

2279 692 2387 750 Ἦν
2421 697 2449 749 ὁ
2475 696 2720 758 διάϐολος
2750 690 2862 749 οἷόν
2895 713 2981 759 τις
3012 693 3265 765 βασιλεὺς
3297 695 3355 746 ὲν
3385 696 3451 764 τῇ
3486 691 3592 745 τῶν
3626 690 3881 761 οὐρανῶν

2282 789 2534 860 βασιλείᾳ
2568 790 3013 858 πολιτευόμενος’
3048 787 3179 840 "At:
3205 787 3263 839 δὲ
3284 788 3381 839 καὶ
3411 785 3711 857 στρατηγὸς
3739 800 3881 854 προ-

2280 882 2580 954 χειρισθεὶς
2612 882 2719 935 ὑπὸ
2766 881 2862 934 τοῦ
2898 882 3226 950 ποιήσαντος
3258 877 3550 947 ἁγγελικοῦ
3572 893 3716 938 τινος
3770 877 3879 929 τά-

2282 993 2513 1046 γματος,
2549 974 2687 1027 ἀλλὰ
2716 974 2811 1027 καὶ
2859 973 3265 1045 πρεσϐύτεροςο
3310 990 3329 1023 ι
3386 969 3552 1040 Ἀρχὴ
3587 968 3694 1039 γάρ
3750 969 3877 1020 ἐστι

2283 1070 2603 1135 πλάσματος
2635 1067 2796 1131 Θεοῦ,
2837 1084 2853 1118 ι
2910 1066 3094 1127 καθώς
3119 1081 3283 1134 φησιν
3305 1064 3338 1134 ἡ
3363 1062 3551 1134 γραφὴ
3576 1060 3668 1113 τοῦ
3699 1060 3876 1130 ἀθληοο

2282 1161 2377 1213 τοῦ
2399 1161 2499 1228 τῆς
2524 1157 2806 1221 εὐσεϐείας
2822 1157 2966 1212 Ἰὼϐ.
2988 1156 3147 1210 Ἀλλὰ
3172 1157 3272 1225 τῆς
3295 1155 3540 1225 ἐμφύτου
3559 1153 3880 1223 φρονήσεως

2285 1252 2629 1322 παραρῤυεὶς
2656 1248 2715 1314 ἐξ
2740 1250 3073 1319 άπροσεξίας
3103 1250 3198 1302 καὶ
3216 1246 3545 1309 δυσϐουλίας
3592 1244 3879 1314 ἀπερῤῐφη

2285 1344 2393 1397 τῶν
2422 1342 2534 1397 ἄνω
2568 1342 2701 1412 πρὸς
2734 1341 2803 1393 τὰ
2828 1342 3000 1406 κάτω,
3033 1342 3129 1394 καὶ
3171 1342 3362 1409 γέγονε
3394 1340 3586 1401 σκότος
3621 1338 3744 1391 ἀντὶ
3760 1354 3881 1427 φωῖ

2285 1435 2398 1501 τὸς,
2457 1434 2829 1498 συναπολέσας
2873 1434 2967 1486 καὶ
3015 1432 3432 1504 συνδιαφθείρας
3481 1432 3575 1485 καὶ⁵
3604 1431 3731 1493 τοὺς
3780 1430 3860 1481 ὑπ

2288 1516 2830 1598 αὐτῷτεταγμένους
2885 1526 3176 1593 ἀγγέλους,
3214 1525 3307 1578 καὶ
3344 1524 3443 1594 τῆς
3474 1524 3645 1593 αὐτῆς
3680 1522 3876 1590 ἐκείνῳ

2289 1621 2598 1689 καταδίκης
2625 1619 2941 1690 λελογχέναι
2995 1619 3455 1690 παρασκευάσας.
3489 1617 3600 1670 Καὶ
3626 1616 3787 1669 πάλιν
3804 1610 3881 1683 ἦν

2290 1712 2597 1783 γεννάρχης
2642 1711 2813 1781 Ἀδὰμ
2840 1705 2953 1763 οἷόν
2980 1727 3064 1774 τις
3107 1710 3362 1779 βασιλεὺς
3391 1711 3449 1762 ὲν
3471 1708 3786 1778 παραδείσῳ
3812 1707 3879 1759 τὸ

2292 1806 2422 1875 πρὶν
2449 1804 2559 1857 τῶν
2590 1803 2765 1858 ἄλλων
2795 1804 3016 1856 πάντων
3044 1801 3201 1868 ζώων
3238 1802 3474 1870 ἀλόγων,
3501 1802 3577 1871 τῷ
3606 1801 3749 1870 λόγῳ
3778 1799 3878 1869 μὲν

612 1891 950 1960 principatus
1002 1895 1222 1963 quidem
1274 1897 1483 1951 ratione
1540 1908 1705 1966 atque
1756 1899 2005 1963 honoris;
2060 1901 2189 1970 quia

2303 1872 2395 1969 τῆς
2423 1898 2597 1968 ἀρχῆς
2621 1897 2716 1950 καὶ
2743 1898 2842 1967 τῆς
2870 1898 3057 1967 τιμῆς,
3084 1896 3165 1948 ἑτι
3192 1895 3248 1947 δὲ
3272 1896 3367 1947 καὶ
3390 1893 3491 1963 τῆς
3515 1893 3620 1964 πρὸ
3640 1892 3748 1945 τῶν
3778 1892 3877 1945 ἄλ-

616 2001 746 2040 vero
776 1988 939 2041 etiam
982 1990 1277 2045 ante-alios
1318 2006 1509 2045 omnes
1556 1992 1764 2047 eﬂictus
1800 2008 1864 2047 ac
1914 1995 2189 2058 conditus,

617 2079 803 2132 senior
842 2095 1060 2150 quoque
1119 2082 1441 2138 ferebatur:
1482 2101 1605 2138 cum
1651 2086 1958 2141 inconsulte
2004 2089 2195 2143 stulte-

616 2188 724 2241 que
756 2183 1084 2241 prteccptunt
1121 2175 1438 2231 Conditoris
1469 2179 1553 2232 sui
1592 2183 1940 2249 contempsit,
1970 2192 2023 2236 et
2046 2184 2192 2253 quod

618 2262 835 2318 invidus
890 2264 1171 2318 hominum
1228 2266 1402 2321 hostis
1461 2267 1802 2339 infestusque
1849 2272 2195 2330 adversarius

616 2354 801 2421 dabat,
834 2359 1181 2425 prmstantius
1220 2369 1383 2428 atque
1433 2361 1621 2415 utilius
1670 2362 1989 2427 arbitratus,
2045 2365 2192 2421 fecit.

616 2447 804 2519 Itaque
845 2450 914 2503 ab
944 2451 1177 2505 innocua
1212 2452 1302 2505 illa
1354 2453 1594 2521 paradisi
1631 2455 1739 2508 vita
1770 2457 1989 2520 excidit,
2031 2467 2196 2526 atque

619 2541 675 2595 iu
719 2551 950 2595 mortem
992 2544 1329 2612 exitiumque
1367 2546 1678 2615 prolapsus,
1734 2547 2048 2603 universum
2098 2550 2196 2603 ho-

624 2630 831 2683 minum
876 2646 1069 2700 genus,
1104 2633 1196 2701 qui
1232 2633 1301 2686 ab
1327 2649 1391 2687 eo
1430 2636 1629 2688 orituri
1680 2647 1856 2699 erant,
1909 2646 1966 2690 ut
2010 2654 2191 2707 parent

623 2723 787 2776 simul
828 2724 1185 2794 eamdemque
1217 2726 1731 2782 condemnationem
1779 2730 2022 2795 subiret,
2062 2730 2193 2785 εσυ-

621 2814 696 2867 cit
728 2814 862 2885 (9|).
900 2817 1075 2885 Atque
1120 2834 1150 2870 e
1180 2817 1455 2871 contrario
1497 2834 1629 2886 puer
1674 2828 1791 2873 erat
1844 2836 2075 2889 pauper,
2129 2823 2196 2877 de

622 2924 733 2977 quo
778 2908 909 2962 dicit
944 2925 1173 2980 magnus
1224 2910 1438 2965 Isaias:
1478 2930 1495 2963 ι
1530 2910 1793 2966 Parvulus
1843 2912 1987 2966 enim
2038 2925 2197 2969 natus

621 3009 707 3054 est
748 3000 933 3065 nobis,
976 3010 1030 3054 et
1077 3000 1221 3055 ﬁlius
1260 3002 1423 3057 datus
1469 3012 1552 3058 est
1592 3002 1749 3058 nobis
1775 3004 1855 3071 νίς
1897 3025 1915 3057 ι
1959 3005 2068 3072 ille,
2103 3006 2194 3074 qui

620 3091 997 3146 misericordia
1033 3092 1292 3147 inell‘abili
1326 3094 1621 3149 humanam
1663 3096 2030 3150 conditionem
2076 3115 2196 3150 ain-

621 3186 816 3253 plexus
861 3193 945 3239 est
965 3223 981 3249 ,
1016 3186 1425 3256 humanumque
1456 3188 1558 3241 sibi
1588 3204 1786 3257 corpus
1815 3188 2194 3252 circumdedit,

621 3274 975 3345 Uuigcnitus,
1004 3276 1251 3347 inquam,
1285 3277 1376 3332 Dei
1408 3278 1577 3333 Filius
1617 3290 1670 3335 et
1710 3280 1947 3335 Verbum
1982 3282 2194 3349 Patris;

621 3385 881 3440 cumque,
929 3381 985 3425 ut
1015 3380 1098 3426 est
1142 3372 1195 3425 in
1240 3373 1432 3426 salutis
1473 3384 1671 3428 nostra:
1711 3374 2005 3447 Evangelio
2028 3378 2097 3441 ",
2144 3387 2200 3432 et

626 3462 891 3532 sapientia
931 3472 985 3517 et
1030 3464 1228 3533 gratia,
1281 3474 1547 3532 quatenus
1599 3480 1795 3534 nempe
1844 3467 2007 3521 homo
2059 3478 2195 3532 erat,

629 3556 974 3626 profecisset,
998 3572 1230 3627 nequam
1258 3565 1616 3613 veteratorem
1641 3560 1915 3614 diabolum
1941 3562 2196 3628 confecit,

624 3656 682 3702 et
724 3664 888 3703 cruce
931 3664 995 3704 ac
1032 3650 1287 3719 passione
1329 3652 1717 3721 sepulturaque
1763 3670 1873 3708 non
1911 3656 2071 3710 modo
2103 3672 2201 3710 δυο

626 3740 959 3810 perhientem
993 3741 1207 3802 evertit.
1245 3751 1297 3797 et
1326 3759 1518 3814 magna
1544 3744 1840 3813 jactautem
1885 3748 2199 3815 prostravit,

628 3833 722 3887 sed
774 3832 938 3887 etiam
995 3836 1415 3891 condemnatum
1484 3853 1609 3891 cum
1661 3848 1993 3894 sectatorum
2045 3857 2203 3912 grege

627 3926 862 3981 vinculis
899 3912 1122 3984 aeternis
1164 3929 1390 3984 addixit.
1424 3930 1490 3983 At
1517 3932 1733 4001 generis
1766 3932 1986 3987 humani
2016 3945 2205 3990 aucto-

628 4019 803 4087 ribus,
850 4029 904 4075 et
942 4022 1033 4092 qui
1085 4022 1153 4076 ab
1188 4023 1254 4079 iis
1298 4025 1547 4095 prognati
1588 4034 1737 4091 sunt.
1776 4028 2203 4099 redemptionem

638 4252 642 4257 ,
701 4198 745 4229 ’ί
790 4196 894 4251 lsa.
931 4213 1006 4263 ix,
1045 4199 1097 4253 6.
1174 4200 1220 4231 "
1258 4198 1391 4253 Luc.
1430 4215 1489 4265 tt,
1526 4200 1617 4254 52.

707 4355 815 4428 (89)
860 4354 992 4421 Quae
1045 4367 1225 4428 noster
1276 4359 1328 4412 in
1380 4360 1637 4414 Satanam
1689 4361 1959 4428 quadrare
1994 4370 2202 4425 censet,

634 4426 840 4500 aliinde
893 4443 1016 4495 rege
1062 4427 1596 4500 Nabuchodonosore
1645 4426 1971 4499 aeceperunt
2018 4432 2204 4500 (Berr.

2294 1991 2402 2044 λων
2432 1990 2650 2044 πάντων
2664 1990 3005 2052 διαπλάσεως
3028 1988 3120 2042 καὶ
3151 1986 3420 2056 γενέσεως
3448 1985 3752 2053 ὲλελόγιστο
3782 1982 3880 2035 καὶ

2295 2081 2688 2153 πρεσϐύτερος.
2733 2080 2895 2134 Ἀλλὰ
2925 2080 2986 2144 ἐξ
3032 2079 3295 2141 ἀϐουλίας
3325 2079 3421 2131 καὶ
3471 2076 3672 2145 πολλῆς
3704 2077 3882 2143 άφροο

2297 2176 2463 2245 σύνης
2496 2174 2593 2244 τὴν
2633 2172 2853 2245 ἐντολὴν
2883 2172 3115 2243 ἠθέτησε
3168 2171 3262 2224 τοῦ
3318 2170 3664 2240 ποιήσαντος,
3694 2166 3789 2219 τοῦ
3816 2165 3881 2220 δὲ

2295 2268 2666 2338 φθονήσαντος
2697 2265 3083 2337 μισανθρώπου
3126 2266 3220 2318 καὶ
3253 2262 3557 2333 δυσμενοῦς
3581 2259 3880 2330 αἱρετωτέ-

2300 2377 2399 2431 ραν
2445 2359 2650 2429 οἰηθεὶς
2704 2358 2799 2411 καὶ
2848 2355 3299 2425 λυσιτελεστέραν
3343 2354 3602 2423 εποίησε⁸
3638 2350 3734 2401 καὶ
3790 2346 3884 2400 διὰ

2294 2455 2455 2507 τοῦτο
2488 2454 2587 2522 τῆς
2612 2452 2897 2521 άπήμονος
2937 2450 2996 2503 ὲν
3027 2447 3344 2519 παραδείσῳ
3395 2444 3542 2513 ζωῆς
3572 2438 3878 2509 ὲξεπτὼθη,

2298 2548 2391 2600 καὶ
2424 2546 2561 2615 πρὸς
2604 2546 2697 2598 τὸν
2731 2544 2963 2599 θάνατον
2994 2544 3088 2595 καὶ
3114 2542 3212 2611 τὴν
3244 2540 3448 2609 φθορὰν
3476 2534 3881 2602 κατωλίσθησε,

2297 2639 2393 2693 καὶ
2416 2636 2950 2708 συμπαρεσκεύασεν
2974 2636 3097 2688 ὅλον
3122 2635 3185 2687 τὸ
3214 2634 3275 2697 ἐξ
3325 2630 3490 2685 αὑτοῦ
3540 2624 3883 2697 γένοςνδέξαο

2300 2731 2424 2785 σθαι
2450 2731 2547 2801 τὴν
2576 2730 2696 2800 ἴσην
2741 2730 2837 2783 καὶ
2869 2727 2966 2797 τὴν
3012 2728 3182 2797 αὐτὴν
3210 2723 3531 2791 καταδίκην.
3565 2719 3672 2772 Καὶ
3698 2719 3759 2771 τὸ
3783 2717 3883 2787 ἒμ-

2299 2824 2481 2887 παλιν,
2513 2819 2579 2893 ἦν
2608 2826 2737 2886 παῖς
2768 2820 3107 2892 πενητεύων,
3138 2816 3268 2889 περὶ
3314 2809 3374 2869 οὗ
3430 2813 3596 2883 φησὶν
3624 2812 3654 2864 ὁ
3709 2811 3883 2881 μέγας

2313 2917 2559 2978 Ἡσαΐας,
2580 2916 2661 2970 ὅτι
2698 2933 2717 2965 ι
2746 2914 2967 2969 Παιδίον
2992 2912 3253 2983 ἐγεννήθη
3279 2912 3432 2979 ἡμῖν,
3454 2908 3567 2971 υἱὸς
3598 2905 3696 2960 καὶ
3724 2904 3882 2974 ὲδὸθη

2298 3011 2455 3081 ἡμῖν,
2497 3028 2517 3062 ι
2555 3008 2613 3072 ὃς
2648 3008 2716 3061 δι’
2744 3008 2951 3076 ἄφατον
2995 3006 3147 3059 ἔλεον
3189 3001 3626 3073 ἐνανθρωπήσας
3656 2998 3751 3052 καὶ
3776 3014 3885 3049 σω-

2302 3101 2577 3173 ματωθεὶς
2603 3103 2632 3154 ὁ
2667 3100 2965 3172 μονογενὴς
2992 3099 3086 3151 τοῦ
3142 3095 3279 3150 Θεοῦ
3312 3096 3407 3148 καὶ
3438 3092 3657 3164 Πατρός
3688 3091 3883 3157 Λόγος,

2226 3222 2269 3280 c
2303 3193 2397 3246 καὶ
2419 3191 2700 3263 προκόψας
2728 3190 2892 3260 σοφία
2922 3188 3016 3243 καὶ
3059 3188 3265 3280 χάριτι,
3316 3184 3499 3246 καθώς
3528 3201 3665 3280 φησι
3694 3181 3757 3235 τὸ
3787 3184 3889 3280 τῆς

2306 3284 2584 3355 σωτηρίας
2609 3282 2770 3353 ἡμῶν
2798 3280 3149 3349 Εὐαγγὲλιον,
3248 3279 3493 3349 δηλονότι
3520 3278 3769 3346 πέφυκεν
3790 3274 3888 3327 ἇν-

2307 3379 2548 3449 θρωπος,
2580 3375 2977 3445 κατεσοφίσατο
2996 3374 3086 3427 τὸν
3118 3374 3380 3444 σοφιστὴν
3409 3372 3510 3441 τῆς
3544 3370 3743 3432 κακίας
3769 3366 3890 3422 διά-

2307 3470 2486 3533 ϐολον,
2518 3468 2611 3521 καὶ
2640 3467 2728 3521 διὰ
2754 3465 3014 3537 σταυροῦ,
3033 3466 3126 3518 καὶ
3146 3465 3376 3527 πάθους,
3395 3463 3491 3516 καὶ
3520 3461 3700 3530 ταφῆς
3753 3474 3890 3512 κατ-

2306 3562 2468 3615 έϐαλε
2490 3561 2582 3614 τὸν
2608 3558 2885 3629 ὑψαύχενα
2916 3559 3010 3611 καὶ
3035 3556 3369 3628 κατὲῤῥαξεν
3388 3558 3467 3618 είς
3488 3554 3698 3625 γῆντδν
3718 3565 3895 3622 μεγα-

2306 3654 2641 3725 λορρήμονα,
2692 3654 2784 3705 καὶ
2835 3650 3127 3721 κατέκρινε
3188 3650 3284 3702 καὶ
3318 3646 3639 3701 κατεδίκασε
3669 3642 3895 3711 δεσμοῖς

2305 3748 2502 3810 ἀϊδίοις
2536 3744 2678 3816 μετὰ
2709 3745 2816 3803 τῶν
2848 3741 3300 3814 ὁμοφρονούντων
3330 3738 3480 3808 αύτῷ
3507 3737 3602 3791 καὶ
3650 3749 3894 3787 συνοπαρ

2304 3840 2563 3903 δῶν.Τοίς
2588 3840 2643 3893 δὲ
2664 3839 2993 3909 γεννάρχαις
3023 3837 3117 3889 κα)⁸
3134 3836 3270 3888 πᾶσι
3291 3836 3403 3895 τοῖς
3428 3831 3487 3896 ἐξ
3515 3829 3695 3885 αὐτῶν
3722 3828 3895 3897 ὲπρυο

2304 3934 2531 3988 τάνευσε
2560 3932 2659 4003 τὴν
2694 3931 3069 4001 ἀπολύτρωσιν
3094 3929 3182 3982 διὰ
3207 3926 3307 3996 τῆς
3340 3926 3480 3987 ἰδίας
3531 3922 3627 3975 καὶ
3652 3920 3896 3991 εωαρχι-

2307 4029 2410 4099 κῆς
2437 4028 2814 4091 ἀναστάσεως,
2849 4026 2943 4079 καὶ
2989 4023 3129 4095 πρὸς
3176 4022 3277 4092 τὴν
3322 4017 3595 4090 προτέραν
3636 4013 3895 4068 εὔκλειαν

2310 4364 2571 4440 praeclare
2589 4362 3020 4440 comprehendit,
3041 4362 3108 4417 de
3125 4378 3235 4431 quo
3254 4361 3456 4440 Paulus
3482 4359 3737 4440 (Romam
3762 4357 3852 4440 12)
3874 4377 3897 4416 :

2314 4430 2421 4487 Per
2457 4452 2617 4487 unum
2649 4430 2911 4487 hominem
2952 4430 3225 4500 peccatum
3266 4434 3319 4484 in
3350 4433 3485 4484 hunc
3520 4430 3769 4500 mundum
3803 4430 3896 4481 in-

636 4507 675 4580 ιε
720 4493 786 4559 ν,
830 4496 876 4577 I...
899 4513 930 4549 v
957 4493 1018 4578 )1:
1043 4498 1244 4579 .ltaque
1283 4508 1336 4580 et
1371 4499 1501 4580 _Jobi
1545 4500 1715 4570 ipsius
1761 4493 2104 4580 ortttmtqui
2140 4518 2206 4555 ex
2242 4522 2286 4580 ι)
2316 4505 2498 4559 travit.
2535 4514 2584 4557 et
2618 4522 2708 4573 per
2736 4493 3007 4580 peccetu'm
3038 4520 3211 4580 _mors,
3241 4512 3289 4556 et
3318 4503 3393 4555 ita
3431 4503 3482 4554 in
3524 4517 3701 4554 omnes
3726 4499 3898 4552 hami-

633 4567 879 4640 Gregorii
905 4567 1188 4640 opinione,
1217 4579 1276 4621 ut
1307 4570 1446 4623 infra
1475 4567 1808 4640 exponemus
1831 4616 1844 4638 ,
1884 4567 2055 4627 multo
2083 4583 2208 4627 ante

639 4637 761 4713 iuit,
799 4636 866 4689 ad
900 4637 1385 4713 §almanasarisct
1419 4636 1572 4713 Oscae
1603 4636 1844 4711 tempora
1877 4644 2205 4713 rejeccrunt.

637 4707 849 4774 Quippe
911 4706 1077 4761 Deum
1132 4709 1221 4761 ille
1278 4711 1380 4764 sibi
1439 4706 1729 4765 dicentem'
1757 4706 2018 4767 inducit:
2080 4713 2209 4766 Erce

637 4777 917 4853 ΙίρέΙιιεηιοιΔ
952 4794 1101 4853 quem
1143 4779 1242 4853 feci
1276 4790 1465 4853 terum,
1518 4784 1698 4851 fenum
1727 4785 1881 4853 quasi
1916 4784 2003 4836 bos
2036 4800 2209 4838 come-

637 4851 722 4900 det
747 4864 766 4912 ;
797 4857 853 4901 ut
884 4848 1143 4903 Biilremot
1166 4849 1251 4904 his
1276 4848 1774 4909 Nabuchodonosor
1796 4869 1915 4909 esse
1942 4855 2208 4908 videatur.

638 4919 709 4993 At
758 4918 851 4987 qui
900 4919 1371 4993 sacrasLitteras,
1404 4932 1465 4977 ut
1507 4934 1721 4984 sonant,
1765 4924 2210 4993 interpretantur,

641 4990 869 5057 ipsoque
908 4989 961 5042 in
998 4990 1183 5045 limine
1219 4996 1544 5059 consistunt,
1579 4996 1809 5048 belluam
1837 4989 2073 5049 describi
2100 4995 2213 5048 ele-

641 5061 1123 5134 phautumaiunt,
1152 5071 1208 5134 et
1232 5066 1393 5119 verba
1430 5066 1520 5119 illa
1565 5064 1787 5118 Initium
1823 5082 2038 5134 aperum
2077 5066 2216 5119 divi.

638 5146 850 5205 norum,
882 5132 995 5205 sive
1022 5140 1081 5186 ut
1113 5132 1166 5187 in
1202 5133 1465 5203 Vulgatis,
1512 5132 2082 5205 I’rincipiunt‘viarum
2122 5137 2215 5190 Dei

647 5202 789 5275 idem
823 5201 1001 5256 valere
1032 5212 1243 5272 putant.
1278 5201 1437 5275 atque
1461 5201 1871 5274 quadrupedum
1901 5209 1969 5259 ab
2003 5208 2215 5275 origine

644 5272 901 5345 primum,
934 5276 1017 5327 vel
1047 5276 1210 5328 etiam
1244 5272 1384 5329 inter
1406 5272 1725 5335 auimantia,
1760 5294 1879 5345 quae
1911 5277 2052 5331 Deus
2084 5272 2219 5330 con-

552 5350 567 5357 ’
644 5342 803 5407 didit,
838 5346 1190 5416 principuum,
1228 5349 1493 5415 quasique
1543 5342 1813 5416 specimen
1858 5348 2068 5399 viarum
2104 5348 2219 5401 sive

644 5428 873 5480 operum
899 5413 1027 5470 Dei:
1054 5413 1513 5483 quemadmodum
1536 5413 1588 5471 ei
1620 5418 1722 5470 mel
1753 5419 1805 5471 in
1832 5417 2218 5472 Ecclesiastico

647 5482 730 5559 (ς.
764 5499 844 5559 _xr,
880 5502 931 5537 v.
969 5486 1037 5559 ἒξ)
1074 5482 1249 5557 θ’Λρχὴ
1290 5487 1712 5559 γλυκασμάτων,
1734 5488 1848 5544 sive
1881 5504 2061 5543 rerum
2097 5489 2220 5542 dul-

647 5552 931 5607 cissimum
970 5552 1312 5612 dictuni'i-st.

724 5624 834 5699 (illi)
862 5624 977 5699 _J_ob
1030 5642 1132 5691 χι,
1184 5628 1272 5682 Μ.
1318 5628 1474 5699 Apud
1522 5627 1659 5682 LXX
1702 5630 1848 5697 leges
1878 5670 1891 5695 ,
1929 5630 2221 5682 Τουτέστιν

651 5692 797 5772 tam
821 5695 1147 5772 φάσματος
1163 5692 1384 5772 supra»:
1404 5701 1650 5772 cyriuus
1671 5692 1886 5772 ilieros.
1917 5700 2085 5772 Ἀρχὴ
2112 5702 2221 5772 γάρ

652 5762 1081 5838 ὲστξπλάσμζατρ
1107 5762 1362 5838 κυρίους.
1392 5762 1613 5823 (Ζοῖεοιι.
1648 5787 1721 5835 vt,
1756 5788 1811 5826 η.
1848 5771 1900 5823 4.

725 5833 840 5905 (9i)
882 5833 1209 5892 Doctrinarn
1227 5838 1561 5897 Catholicam
1609 5842 1674 5898 de
1708 5833 1928 5913 peccato
1968 5841 2220 5914 originali

2314 4591 2405 4627 nes
2442 4592 2585 4628 mors
2627 4576 2976 4642 pertransiit,
3032 4575 3087 4627 in
3138 4589 3238 4642 quo
3295 4589 3471 4627 omnes
3526 4582 3893 4635 peccaverunt.

2314 4643 2520 4715 Nempe
2579 4662 2703 4699 cum
2755 4662 2819 4699 ex
2872 4646 3087 4698 concilii
3140 4642 3443 4698 Tridentini
3487 4642 3732 4695 doctrina
3784 4642 3898 4697 duo

2316 4715 2745 4793 comprehendat
2774 4717 2899 4793 tida:
2929 4717 3136 4793 lapsus,
3154 4725 3369 4793 rea-tum
3395 4722 3445 4766 et
3473 4728 3713 4793 pteuam,
3734 4722 3899 4793 atque

2319 4787 2393 4841 ita
2425 4788 2961 4863 comprelrendat,_ut
3002 4786 3160 4840 nobis
3187 4786 3349 4837 etiam
3397 4784 3674 4843 omnibus,
3706 4784 3896 4863 qniab

2319 4872 2385 4910 eo
2440 4858 2707 4924 originem
2764 4857 3040 4918 ducimus,
3102 4871 3393 4910 commune
3446 4863 3735 4920 utrumque
3782 4857 3895 4916 sit;

2322 4928 2438 4981 hac
2462 4936 2648 4981 noster
2672 4928 2875 4995 optime
2897 4927 3216 4995 designavit.
3242 4926 3473 4993 primum
3500 4924 3740 4995 quidem,
3766 4937 3891 4995 cum

2323 4998 2418 5060 ait,
2453 4997 2552 5067 τῆς
2606 4992 2887 5065 ἀπήμονος
2930 4999 2988 5049 ὲν
3022 4992 3359 5065 ’παραδείσῳ
3410 4996 3553 5067 ζωῆς
3590 4992 3896 5067 ἐξεπτὼθη,

2323 5063 2524 5137 quibus
2582 5063 2840 5121 amissam
2894 5063 3258 5120 innocentiam
3314 5063 3553 5137 ostendit
3599 5081 3611 5117 :
3660 5063 3891 5137 alterum

2323 5134 2473 5200 vero,
2534 5155 2657 5192 cum
2722 5138 2962 5202 addidit,
3024 5139 3117 5189 καὶ
3175 5137 3309 5207 πρὸς
3371 5136 3601 5187 θάνατον
3659 5134 3753 5185 καὶ
3800 5134 3898 5201 τὴν

2325 5210 2535 5285 φθοράν
2585 5208 2985 5285 κατωλίσθησε,
3037 5208 3250 5285 quibus
3280 5207 3499 5285 peccati.
3533 5220 3761 5285 pinnam.
3802 5220 3901 5255 ex-

2325 5276 2546 5348 pressit.
2598 5283 2775 5347 Atque
2830 5276 2969 5332 idein
3005 5276 3069 5332 ad
3104 5294 3201 5332 nos
3237 5277 3353 5331 inec
3388 5276 3592 5348 pariter
3628 5276 3900 5348 pertinere

2327 5344 2533 5415 docuit,
2569 5350 2656 5403 illa
2688 5344 3022 5426 subiiciens,
3064 5350 3156 5426 καὶ
3193 5344 3724 5426 συμπαρεσκεύασεν
3778 5345 3904 5426 εἷλον

2326 5420 2417 5473 τὲν
2445 5422 2503 5484 EE
2522 5414 2703 5473 αύτοῦ
2733 5414 2891 5485 γένος
2915 5419 3179 5494 δέξασθαι.
3200 5414 3299 5487 τὴν
3332 5414 3454 5494 ἴσην
3486 5419 3579 5494 καί
3607 5416 3704 5494 τὴν
3732 5414 3901 5494 αὐτὴν

2328 5491 2632 5561 καταδίκην
2665 5508 2679 5521 ·
2718 5506 2839 5544 cum
2872 5490 3016 5541 enim
3045 5485 3426 5561 condemnatio
3462 5487 3580 5552 ejus
3618 5485 3800 5544 fuerit,
3847 5492 3906 5561 ut

2327 5570 2383 5616 et
2408 5555 2772 5635 sanctitatem,
2810 5576 2972 5627 quam
3004 5575 3033 5613 a
3083 5560 3189 5635 Deo
3229 5570 3533 5635 acceperat,
3577 5572 3637 5610 ea
3690 5555 3905 5635 macula

2330 5642 2582 5699 suscepta
2613 5626 2880 5699 perderet.
2911 5638 2965 5683 et
3005 5630 3163 5683 morti
3213 5626 3496 5698 pinnisque
3535 5627 3779 5695 corporis
3806 5626 3906 5699 ob—

2330 5696 2529 5757 noxius
2562 5696 2731 5764 lieret,
2774 5701 2885 5769 jam
2919 5716 2982 5754 ex
3032 5701 3140 5753 illis
3185 5699 3364 5753 verbis
3410 5696 3625 5766 Singula
3660 5713 3722 5749 ea
3763 5696 3905 5747 mala

2332 5773 2385 5826 in
2442 5772 2738 5843 humanum
2786 5787 3003 5843 quoque
3032 5786 3200 5843 genus
3244 5770 3520 5826 transfusa
3561 5783 3703 5831 esse,
3742 5779 3908 5821 nemo

2332 5859 2441 5899 non
2470 5841 2732 5914 intelligit.
