4172 6522
567 420 673 487 9‘27

1677 418 1739 476 S.
1777 410 2154 475 GREGORII
2191 409 2702 471 AGRIGENTINI

3724 405 3829 468 θ’ἑὲ

571 537 692 604 ipso
723 531 982 589 surrexit.
1024 544 1126 599 pro
1163 528 1340 598 primo
1389 526 1595 582 scilicet
1648 524 1822 578 Adam
1873 523 2136 590 collapso,

2249 516 2422 580 καθώς
2451 535 2585 588 φησι
2617 516 2829 579 Παῦλος
2857 517 2884 568 ὁ
2911 516 3085 586 μέγας
3117 515 3440 578 ἀπόστολοςο
3474 514 3532 577 ὃς
3555 514 3652 567 καὶ
3698 517 3815 585 ὀμο-

570 635 632 682 υι
652 640 776 680 eum
801 623 1137 690 redemptum
1162 619 1448 686 reﬁngeret
1469 632 1533 671 ac
1554 615 1970 671 transformaret
1993 612 2138 685 (95):

568 731 731 787 quem
765 725 819 769 et
843 713 1097 767 homines
1119 727 1215 780 per
1245 711 1429 764 orbem
1461 710 1779 764 universum
1811 722 2003 761 omnes
2031 706 2143 759 fere

569 808 744 864 Secuti
776 814 928 869 sunt,
964 806 1146 858 divine
1199 801 1618 869 liumaniterque
1657 799 1929 869 persuasi,
1979 807 2144 865 atque

566 902 1010 969 obtemperantes
1033 897 1231 951 dicenti
1260 913 1274 950 :
1312 913 1328 943 ι
1367 893 1468 960 Qui
1496 903 1643 947 amat
1672 903 1876 958 patrem
1905 900 1999 945 aut
2031 906 2145 942 ma-

571 1006 706 1049 trem
744 994 1033 1062 plusquam
1087 1005 1176 1044 me
1201 1029 1216 1053 ,
1273 1005 1382 1042 non
1422 998 1504 1042 est
1545 1004 1632 1041 me
1672 987 1869 1054 dignus
1903 1003 1916 1039 :
1952 996 2006 1038 et
2048 984 2140 1052 qui

569 1101 677 1139 non
709 1084 850 1137 tollit
881 1095 1099 1136 crucem
1131 1095 1319 1144 suam,
1372 1087 1428 1132 et
1473 1078 1723 1146 sequitur
1768 1092 1872 1140 me,
1906 1091 2011 1128 non
2060 1084 2145 1127 cst

578 1193 666 1230 me
687 1176 884 1242 dignus
934 1174 1048 1244 {96)
1085 1191 1144 1228 »ε
1187 1172 1278 1239 qui
1307 1171 1498 1230 etiam,
1565 1185 1688 1222 cum
1736 1183 1925 1221 vocem
1986 1183 2141 1221 suam

569 1267 777 1322 sanctis
819 1265 1102 1334 discipulis
1151 1273 1203 1317 et
1261 1261 1526 1330 apostolis
1573 1275 1758 1314 vocem
1808 1259 2022 1312 virtutis
2054 1259 2141 1310 de-

570 1360 764 1423 disset,
795 1357 1254 1428 quemadmodum
1299 1355 1463 1410 David
1513 1355 1773 1423 propheta
1809 1351 2140 1421 praenuntia-

568 1461 690 1506 rat.
743 1468 866 1506 cum
919 1452 1039 1504 ait:
1076 1469 1094 1500 ι
1137 1450 1272 1502 Ecce
1323 1447 1471 1500 dabit
1515 1462 1702 1500 vocem
1754 1460 1908 1500 suam
1955 1459 2140 1504 vocem

568 1540 809 1602 virtutis,
848 1540 972 1593 date
999 1539 1226 1607 gloriam
1264 1537 1373 1589 Deo
1407 1535 1554 1602 (97);
1594 1555 1613 1588 ι
1666 1545 1864 1589 terram
1911 1551 2006 1604 per
2047 1549 2144 1589 eos

569 1634 880 1685 universam
913 1630 1222 1696 evangelica
1253 1626 1638 1696 prmdicatione
1669 1627 1852 1694 cepit:
1885 1635 1942 1679 nt
1966 1640 2144 1692 neque

571 1723 848 1779 numerari
891 1723 1104 1790 possint
1153 1719 1244 1790 qui
1296 1719 1350 1772 in
1400 1734 1523 1771 eum
1567 1717 1936 1784 crediderunt,
1966 1731 2144 1785 neque

569 1816 716 1872 ullus
751 1830 979 1869 numero
1020 1815 1285 1867 terminus
1333 1811 1552 1865 futurus
1599 1813 1688 1873 sit,
1724 1827 1848 1866 cum
1909 1809 2139 1880 singulis

570 1908 821 1962 aetatibus
863 1906 1154 1961 nntltitndo
1194 1921 1290 1974 per
1339 1915 1509 1958 totum
1549 1905 1732 1958 orbem
1770 1905 1822 1956 in
1867 1919 1988 1957 eum
2020 1920 2140 1956 cre-

568 2000 810 2053 dentium
865 1998 1076 2053 inl'inita
1128 1998 1450 2066 reperiatur.
1493 1995 1648 2063 Quod
1680 2011 1810 2050 vero
1855 1995 2000 2048 dicat
2053 2011 2143 2048 sa-

568 2089 724 2157 piens
758 2087 1154 2143 Ecclesiastes:
1194 2105 1212 2137 ι
1250 2085 1545 2142 Universos
1586 2087 1852 2147 viventes.
1899 2088 1990 2153 qui
2026 2103 2143 2140 am-

577 2181 768 2235 bulant
811 2179 914 2233 sub
948 2179 1082 2243 sole,
1122 2198 1140 2228 »
1180 2194 1285 2231 non
1339 2177 1464 2233 ideo
1503 2194 1533 2233 a
1584 2178 1812 2232 veritate
1858 2179 2143 2232 aberrasse

569 2274 974 2327 convincatur:
1015 2271 1142 2341 quia
1197 2287 1514 2340 quanquam
1568 2271 1751 2325 vivere
1809 2271 2031 2340 quidam
2089 2279 2144 2324 et

568 2364 852 2419 ambulare
905 2365 1008 2420 sub
1055 2365 1168 2418 sole
1212 2363 1484 2428 videntur,
1535 2363 1589 2416 in
1643 2363 1979 2418 inﬁdelitatis
2017 2379 2140 2415 ver-

567 2469 759 2514 santur
783 2458 1047 2520 tenebris,
1079 2473 1178 2512 nec
1208 2473 1326 2511 eam
1357 2457 1679 2524 proﬁtentur
1712 2458 1893 2519 ﬁdem,
1929 2471 2050 2523 qua!
2075 2455 2141 2509 ad

567 2565 693 2604 eum
735 2549 972 2604 deducit.
1023 2547 1291 2602 Nimirum
1349 2545 1588 2601 Viventes
1631 2547 1720 2601 hic
1756 2563 1851 2600 eos
1899 2547 2143 2600 denomi-

571 2643 748 2706 navit,
779 2641 872 2708 qui
906 2657 1088 2695 veram
1138 2640 1204 2694 ad
1248 2639 1412 2693 vitam
1462 2639 1855 2694 fcstinaverint.
1892 2638 1956 2690 ad
1986 2636 2146 2691 Chri-

570 2744 714 2787 stum
751 2729 917 2787 Deum
951 2741 1198 2786 nostrum
1232 2741 1417 2800 aperte
1456 2730 1722 2785 dicentem
1760 2751 1772 2784 :
1816 2750 1833 2781 ι
1877 2728 1990 2800 Ego
2021 2745 2143 2784 sum

571 2824 680 2877 vita
711 2833 766 2878 et
786 2823 988 2878 veritas
1020 2822 1163 2888 (98);
1203 2841 1222 2875 ι
1262 2829 1315 2876 et
1343 2821 1673 2876 ambulantes
1705 2821 1861 2884 dixit,
1899 2822 1989 2890 qui
2021 2823 2146 2876 vita:

571 2917 715 2972 viam
749 2917 880 2972 certi
916 2931 1257 2987 percurrere,
1302 2914 1528 2971 semitas
1562 2914 1662 2970 sibi
1698 2915 2048 2968 muniverunt
2080 2914 2146 2968 ad

573 3009 939 3065 immorlaiem
991 3008 1344 3079 divinamque
1403 3010 1570 3064 vitam
1630 3009 1926 3074 ducentes,
1979 3025 2144 3075 quam

573 3103 715 3157 idem
756 3101 1167 3165 demonstravit,
1206 3118 1328 3157 cum
1359 3103 1476 3156 ait:
1513 3122 1532 3154 ι
1573 3103 1732 3172 126
1760 3100 1872 3170 Ego
1907 3118 2026 3156 sum
2065 3102 2149 3154 via

2245 610 2588 678 λογουμένως
2623 607 2822 677 ἀνέστη
2868 608 2986 660 ἀντ’
3012 605 3201 667 αὑτοῦ,
3245 602 3526 657 τουτέστιν
3572 603 3693 654 ἀντὶ
3733 602 3825 656 τοῦ

2244 701 2464 771 πρώτου
2503 699 2598 751 τοῦ
2631 697 2980 759 πεπτωκότος
3022 695 3216 760 Ἀδὰμ,
3268 694 3404 762 πρὸς
3447 693 3828 762 ἀπολύτρωσιν

2244 792 2452 844 ἐκείνου
2481 793 2574 843 καὶ
2603 790 2907 844 ἀνάπλασιν
2959 789 3054 840 καὶ
3101 785 3583 854 μεταστοιχεὰυαιν
3607 803 3620 815 ·
3653 777 3697 850 ᾧ
3735 785 3824 837 καῖ

2245 880 2724 952 κατηκολούθησαν
2757 879 2806 931 οί
2855 878 3132 948 ἄνθρωποι
3191 877 3394 937 πάντες
3428 875 3614 943 σχεδὸν
3640 876 3688 926 οἱ
3725 874 3826 927 ἀνᾶ

2247 975 2427 1026 πᾶσαν
2460 971 2557 1041 τὴν
2592 970 2679 1036 ὑφ’
2731 969 2904 1037 ἣλιον,
2946 969 3182 1036 φήσαντι
3217 956 3540 1035 θεοπρεπῶς
3586 963 3679 1016 καὶ
3705 963 3827 1032 φιλο

2244 1064 2547 1135 ανθρώπως
2586 1062 2899 1123 πεισθέντες
2928 1061 3022 1114 καὶ
3043 1059 3511 1128 πειθαρχήσαντες
3541 1073 3556 1088 ο
3587 1076 3604 1107 ι
3636 1056 3828 1118 Ὅστις

2245 1154 2392 1222 φιλεῖ
2419 1153 2630 1222 πατέρα
2657 1152 2688 1220 ἦ
2718 1151 2931 1221 μητέρα
2961 1151 3101 1220 ὑπὲρ
3131 1148 3364 1217 Euhoth
3386 1147 3500 1199 ἐστι
3525 1163 3625 1214 μου
3655 1145 3824 1211 ἄξιος·

2245 1247 2338 1299 καὶ¹
2364 1247 2513 1305 ὅστις
2543 1245 2644 1296 οὐκ
2674 1243 2795 1312 ἄρει
2819 1243 2912 1294 τὸν
2951 1241 3182 1310 σταυρδν
3213 1239 3378 1292 αὑτοῦ
3404 1279 3419 1303 ,
3477 1240 3570 1291 καὶ
3599 1239 3825 1290 ἀκολου-

2248 1339 2333 1392 Θεῖ
2355 1338 2528 1390 ὀπίσω
2555 1355 2681 1406 μου.
2711 1337 2814 1389 οὐκ
2835 1335 2949 1388 ἑστι
2987 1352 3086 1404 μου
3117 1334 3265 1397 ἄξιος
3287 1349 3301 1364 ⁸
3335 1353 3352 1385 ι
3382 1332 3441 1394 ὃς
3469 1332 3563 1386 καὶ
3590 1332 3690 1399 τὴν
3717 1347 3830 1400 φω-

2243 1429 2339 1499 νὴν
2374 1428 2538 1481 αὑτοῦ
2567 1426 2817 1489 δεδωκὼς
2846 1428 2960 1486 τοῖς
2999 1425 3176 1492 ἁγίοις
3215 1422 3379 1476 αὑτοῦ
3413 1421 3681 1493 μαθηταῖς
3732 1422 3815 1474 κα“

2247 1518 2570 1580 ἀποστόλοις
2610 1517 2794 1588 φωνὴν
2846 1516 3160 1585 δυνάμεως,
3197 1513 3380 1577 καθὼς
3420 1513 3818 1584 προκατήγγει-

2243 1614 2334 1666 λεν
2368 1615 2709 1684 ὁπροφήτης
2764 1610 2948 1674 Δαόὶδ,
3008 1606 3216 1660 εἰπών·
3277 1625 3295 1658 ι
3345 1608 3474 1660 Ἰδοὺ
3509 1605 3670 1659 δώσει
3727 1604 3824 1675 τὴ.

2244 1707 2428 1775 φωνὴν
2450 1704 2615 1758 αὐτοῦ
2643 1702 2824 1773 φωνὴν
2855 1701 3161 1770 δυνάμεως,
3192 1699 3310 1753 δότε
3346 1698 3504 1763 δόξαν
3529 1699 3605 1769 τῷ
3639 1698 3787 1768 Θεῷ’
3814 1720 3818 1724 κ

2246 1801 2428 1852 πᾶσαν
2469 1798 2543 1866 τῷ
2567 1793 2904 1863 εὐαγγελικῷ
2953 1793 3272 1862 κηρύγματι
3304 1791 3372 1844 δι’
3401 1789 3579 1844 αὐτῶν
3618 1790 3817 1860 ὲσαγήο

2244 1905 2403 1942 νευσε
2436 1888 2532 1956 τὴν
2557 1887 2646 1939 ὑπ’
2678 1883 2905 1953 οὐρανόν
2928 1900 2943 1913 ’
2993 1881 3067 1944 ῶς
3105 1880 3238 1949 μηδὲ
3270 1879 3392 1940 τοὺς
3424 1879 3504 1940 είς
3537 1877 3698 1930 αὐτὸν
3725 1893 3826 1928 πε-

2244 1980 2611 2040 πιστευκότας
2638 1973 3070 2046 ἐξαριθμεῖσθαι,
3102 1973 3238 2042 μήτε
3274 1969 3377 2042 μὴν
3411 1970 3586 2040 πέρας
3614 1967 3829 2035 λαμόἀο

2242 2091 2371 2129 νειν.
2402 2071 2491 2125 διὰ
2513 2070 2573 2122 τὸ
2599 2068 2744 2122 κατὰ
2781 2067 2946 2122 πᾶσιν
2977 2065 3170 2134 γενεὰν
3209 2062 3438 2132 ἄπειρον
3475 2060 3831 2132 εὑρίσκεσθαι

2243 2165 2448 2234 πλῆθος
2476 2164 2578 2216 ἀνὰ
2625 2164 2807 2214 πᾶσαν
2833 2160 2932 2228 τὴν
2967 2157 3058 2226 ὑφ’
3089 2157 3239 2228 ἥλιον
3266 2156 3375 2208 τῶν
3393 2156 3476 2217 είς
3526 2153 3689 2207 αὐτὸν
3737 2169 3833 2205 πι-

2243 2258 2561 2311 στευόντων·
2588 2255 2616 2308 ὃ
2647 2255 2702 2307 δέ
2731 2269 2894 2322 φησιν
2919 2252 2946 2304 ὁ
2970 2249 3131 2317 σοφὸς
3163 2245 3613 2316 Ἐκκλησιαστὴς,
3635 2263 3655 2294 ι
3690 2243 3833 2315 σύμ-

2247 2367 2457 2411 παντας
2500 2347 2631 2409 τοὺς
2671 2345 2880 2408 ζῶντας
2935 2343 3059 2404 τοὺς
3097 2337 3535 2411 περιπατοῦντας
3569 2335 3676 2389 ὑπὸ
3738 2335 3830 2388 τὸν

2243 2443 2450 2513 ἥλιον.»
2479 2442 2578 2492 ούκ
2599 2436 2983 2506 ἐξελήλεγκται
3011 2433 3398 2501 διαμαρτάνων
3425 2428 3525 2498 τῆς
3543 2427 3825 2497 ἀληθείαςο

2243 2537 2317 2599 ὡς
2348 2534 2442 2588 καί
2475 2549 2635 2586 τινων
2656 2529 2956 2584 δοκούντων
2994 2526 3094 2596 ζῇν
3124 2527 3216 2578 καὶ
3237 2524 3562 2595 περιπατεῖν
3587 2521 3691 2573 ὑπὸ
3712 2518 3833 2572 τοῦ-

2245 2645 2338 2680 τον
2359 2626 2449 2679 τὸν
2477 2625 2649 2695 ἣλιον,
2700 2617 3206 2690 παραλελημμένων
3256 2617 3335 2679 εἰς
3390 2614 3484 2667 τὸν
3536 2611 3696 2682 ζόφον
3727 2611 3829 2682 τῆς

2248 2719 2532 2782 ἀπιστίας,
2565 2716 2660 2770 καὶ
2689 2712 2956 2785 μηδαμῶς
2971 2711 3070 2780 τὴν
3093 2709 3229 2779 πρὸς
3255 2706 3415 2762 αύτὸν
3441 2706 3624 2760 πίστιν
3652 2721 3826 2772 προσ·

2247 2811 2560 2882 ηκαμένων.
2605 2807 2848 2868 «Ζῶντας
2885 2823 2904 2856 ι
2942 2803 3049 2876 γὰρ
3085 2800 3319 2855 ἐνταῦθα
3341 2799 3468 2861 τοὺς
3495 2801 3562 2870 τῇ
3594 2796 3820 2868 ἀληθινῇ

2250 2907 2363 2977 ζωῇ
2400 2901 2848 2975 προσδραμόντας
2887 2893 3106 2966 Χριστῷ
3157 2893 3235 2963 τῷ
3283 2891 3402 2961 Θεῷ
3438 2889 3593 2962 ἡμῶν
3620 2888 3695 2958 τῷ
3748 2889 3825 2941 εί-

2250 2998 2406 3052 πόντι
2431 2994 2728 3066 διαρρήδην
2749 3007 2762 3019 ·
2793 3009 2811 3041 ι
2842 2987 2982 3056 Ἐγώ
3009 2989 3122 3056 εἰμι
3154 2986 3186 3056 ἡ
3219 2985 3330 3054 ζωὴ
3357 2983 3451 3037 καὶ
3476 2984 3510 3051 ή
3537 2980 3820 3050 ἀλήθεια.»

2252 3089 2665 3161 προσηγόρευσε
2687 3100 2700 3114 ’
2737 3083 2833 3137 καὶ
2860 3102 2877 3134 ι
2909 3077 3348 3152 περιπατοῦντας
3379 3095 3398 3129 ι
3455 3075 3510 3127 δὲ
3541 3076 3668 3135 τοὺς
3694 3090 3832 3142 προ-

575 3205 629 3248 ct
653 3194 855 3250 ostium
888 3211 901 3247 :
935 3209 1030 3263 per
1051 3209 1135 3247 me
1160 3195 1204 3248 si
1228 3194 1351 3263 quis
1384 3195 1709 3258 introiverit,
1740 3195 2067 3259 salvaliitur;
2101 3210 2145 3267 οι

2263 3181 2550 3251 ελομένους
2580 3175 2903 3249 περιπατεῖν
2933 3174 2990 3225 ὲν
3016 3175 3081 3243 τῇ
3124 3171 3227 3240 ὁδῷ
3272 3169 3371 3239 τῆς
3400 3169 3542 3236 ζωῆς
3563 3209 3577 3231 ,
3611 3165 3705 3218 καὶ
3735 3164 3834 3227 τὰς

573 3284 906 3355 ingredietur
935 3293 983 3337 et
1019 3284 1349 3352 egredietur,
1380 3294 1432 3338 et
1460 3299 1660 3352 pascua
1688 3282 1926 3337 inveniet
1954 3282 2085 3346 (99).
2120 3303 2138 3334 ι

574 3371 685 3429 Hos
710 3375 895 3444 utique
918 3383 969 3428 et
989 3371 1319 3428 ambulantes
1344 3382 1396 3426 et
1421 3374 1642 3426 viventes
1678 3372 1984 3440 appellavit.
2010 3370 2144 3424 Nam

574 3464 668 3532 qui
702 3465 802 3517 hoc
833 3465 991 3517 modo
1018 3479 1117 3517 nec
1143 3463 1422 3516 ambulant
1448 3476 1550 3515 nec
1574 3461 1783 3525 vivunt,
1815 3472 1934 3516 esto
1961 3461 2144 3514 vivere

575 3561 631 3608 et
653 3553 934 3607 ambulare
964 3551 1251 3605 videantur
1274 3593 1290 3616 ,
1335 3551 1389 3606 in
1425 3551 1616 3605 umbra
1654 3560 1832 3604 tamen
1877 3560 1929 3604 et
1972 3562 2147 3606 morte

575 3647 780 3716 peccati
812 3655 975 3714 atque
1010 3644 1344 3700 infidelitatis
1378 3645 1586 3699 versari
1615 3658 1710 3699 eos
1743 3643 1924 3714 potius
1979 3659 2143 3715 quam

576 3737 856 3796 ambulare
885 3746 938 3791 et
971 3736 1171 3798 vivere,
1207 3733 1589 3788 ratiocinando
1630 3735 1898 3804 reperias.

2248 3277 2470 3348 τρίϐους
2492 3272 2876 3330 διατάττοντας
2907 3265 3006 3328 τὰς
3029 3262 3271 3332 ἀγούσας
3326 3262 3406 3324 εἰς
3435 3259 3534 3330 τὴν
3559 3259 3835 3327 ἀκήρατον

2251 3344 2345 3424 κειι
2374 3368 2522 3421 θείαν
2547 3363 2710 3433 ζωὴν,
2744 3362 2810 3431 ἢν
2833 3358 3110 3423 ὑπέδειξεν
3136 3354 3297 3415 αὐτὸς
3327 3348 3587 3421 εἰρηκώς·
3618 3369 3638 3399 ‹
3682 3344 3822 3414 Ἐγώ

2252 3463 2422 3531 είμιὴ
2459 3459 2596 3520 ὁδδς,
2630 3456 2725 3508 καὶ
2757 3455 2790 3523 ἡ
2827 3451 2995 3522 θύραο
3026 3450 3092 3502 δι’
3143 3446 3278 3517 ἐμοῦ
3321 3446 3415 3500 ἐάν
3469 3460 3554 3506 τις
3585 3438 3833 3512 εἰσέλθῃ,

2251 3553 2575 3622 σωθήσεται,
2606 3547 2698 3601 καὶ
2724 3541 3089 3597 εἰσελεύσεται
3114 3541 3207 3592 καὶ
3237 3534 3599 3602 ἐξελεύσεται,
3634 3532 3725 3583 καὶ
3747 3545 3834 3580 νο-

2255 3648 2358 3718 μὴν
2385 3644 2628 3714 εὑρήσει.
2670 3658 2688 3690 ›
2729 3638 2868 3699 Τοὺς
2891 3633 3168 3695 τοιούτους
3201 3629 3449 3698 ὠνόμασε
3478 3627 3572 3678 καὶ
3621 3643 3639 3674 ι
3668 3637 3825 3690 περι-

2257 3736 2564 3796 πατοῦντας
2587 3750 2605 3783 ι
2643 3730 2739 3784 καὶ
2772 3749 2790 3781 ι
2829 3727 3060 3794 ζῶντας.
3092 3745 3110 3775 ι
3147 3725 3209 3776 Oi
3239 3723 3348 3790 γὰρ
3373 3722 3446 3789 μὴ
3480 3714 3700 3770 τοιῶσδε
3732 3729 3828 3764 πε-

583 3827 932 3894 ριπατοῦντες
962 3825 994 3896 ἢ
1019 3824 1239 3890 ζῶντες,
1299 3823 1404 3878 κᾶν
1476 3803 1702 3877 δοκῶσιν
1739 3823 1839 3894 ζῇν
1885 3824 1980 3878 καὶ
2019 3830 2363 3895 περιπατεῖν,
2398 3823 2511 3877 ἀλλ’
2550 3823 2609 3875 ὲν
2636 3823 2702 3889 τῇ
2739 3819 2865 3888 σκιᾷ
2901 3819 2995 3870 καὶ
3057 3812 3134 3885 τῷ
3171 3810 3383 3877 Θανάτῳ
3425 3808 3526 3878 τῆς
3561 3803 3837 3875 ἁμαρτίας

575 3923 669 3978 καὶ
699 3921 796 3988 τῆς
826 3916 1082 3980 ἀπιστίας
1113 3917 1455 3988 εὑρίσκονται
1477 3919 1571 3970 καὶ
1595 3917 1897 3982 λογίζονται
1929 3917 2147 3986 μᾶλλον,
2190 3918 2221 3987 ἢ
2255 3912 2679 3988 περιπατοῦντες
2711 3911 2802 3964 κα)⁸
2823 3909 3040 3974 ζῶντες.

657 4012 946 4077 Postquam
980 4023 1108 4062 vero
1147 4022 1262 4070 eos,
1303 4007 1392 4075 qui
1425 4007 1822 4062 adolescentem
1859 4016 1911 4061 et
1945 4023 2143 4062 secun-

583 4105 712 4158 dum
747 4101 917 4154 Adam
950 4099 1122 4155 secuti
1152 4108 1298 4163 sunt,
1337 4099 1389 4152 in
1431 4099 1702 4152 inﬁnitum
1739 4099 2008 4166 protendi.
2046 4115 2147 4154 nec

581 4195 874 4250 terminum
906 4207 1144 4260 unquam
1179 4191 1376 4244 habere
1407 4190 1690 4259 praedixit;
1721 4207 1842 4244 cum
1871 4199 1923 4243 et
1950 4191 2147 4245 multos

581 4304 614 4341 ε
641 4285 844 4341 Judaeis
877 4293 1037 4352 atque
1069 4298 1134 4338 ex
1169 4283 1258 4348 iis,
1290 4281 1382 4352 qui
1415 4271 1539 4336 an'te
1571 4283 1709 4336 inter
1738 4291 1920 4351 gentes
1969 4281 2148 4336 credi-

583 4377 794 4437 derant,
833 4374 897 4427 ad
946 4373 1282 4428 inﬁdelitatis
1331 4381 1556 4426 mortem
1603 4372 1954 4427 transmissos
1999 4373 2148 4426 inve-

583 4464 746 4526 nerit,
779 4472 832 4517 et
862 4461 1170 4529 complures
1195 4459 1414 4529 quidem
1441 4469 1564 4528 post
1613 4459 2011 4513 multitudinem
2057 4476 2150 4513 eo-

586 4570 704 4609 rum
743 4555 1083 4614 immensam,
1133 4550 1224 4619 qui
1269 4550 1335 4604 de
1367 4547 1570 4604 Judaeis
1619 4550 1745 4602 item
1798 4558 1852 4604 et
1899 4551 2149 4621 gentibus

587 4659 738 4712 spem
768 4644 821 4697 in
851 4658 916 4696 eo
945 4642 1272 4703 habuerunt,
1304 4639 1526 4694 ultimos
1563 4638 1806 4707 priorum
1849 4640 2150 4696 imitatores

586 4749 732 4798 esse,
761 4747 860 4786 nec
889 4732 1070 4787 minus
1101 4746 1264 4800 quam
1295 4745 1412 4792 eos,
1452 4730 1649 4784 durum
1678 4731 1879 4786 habere
1908 4731 2150 4786 animum

588 4837 750 4895 atque
779 4824 1113 4878 obstinatum
1147 4821 1494 4892 cognoverit,
1542 4830 1599 4874 ut
1645 4823 1972 4891 evangelica:
2011 4823 2154 4877 veri-

599 4921 725 4972 tatis
763 4915 1131 4987 praedicationi
1161 4915 1504 4982 acquiescere
1535 4916 1759 4968 omnino
1791 4916 1964 4969 nolint
2000 4935 2014 4970 :
2057 4918 2155 4971 hos

593 5025 811 5080 quoque
843 5008 1127 5076 distinguit
1153 5023 1183 5060 a
1213 5005 1559 5060 credentibus
1581 5015 1783 5059 etcum
1815 4995 2157 5062 adolescente

593 5101 833 5159 secundo
862 5099 1035 5154 Adam
1070 5098 1396 5167 conjunctis,
1444 5112 1646 5166 eosque
1676 5106 1894 5167 propter
1923 5098 2154 5153 inﬁdeli-

2332 4003 2551 4074 Ἐπειδὴ
2574 4003 2629 4056 δὲ
2661 4001 2786 4060 τοὺς
2814 3997 2890 4069 τῷ
2912 3996 3178 4061 νεανίσκῳ
3213 3993 3308 4046 καὶ
3329 3990 3565 4060 δευτέρῳ
3597 4004 3830 4056 κατηκο-

2249 4098 2583 4168 λουθηιιότας
2629 4090 2802 4160 Ἀδὰμ
2830 4092 2910 4152 είς
2960 4090 3183 4157 ἄπειρον
3219 4082 3455 4156 ἀριθμὸν
3510 4079 3836 4151 παρατείνε-

2253 4192 2375 4245 σθαι
2405 4192 2500 4244 καὶ
2535 4191 2710 4259 πέρας
2750 4182 3018 4256 μηδαμῶς
3074 4181 3221 4251 ἔχειν
3270 4180 3568 4251 προεῖπεν·
3607 4169 3732 4245 εὗρε
3778 4173 3835 4227 δὲ

2251 4284 2480 4348 πολλοὺς
2505 4283 2615 4336 τῶν
2659 4277 2930 4333 Ἰουδαίων
2974 4275 3069 4328 καὶ
3099 4273 3204 4342 πρὸ
3245 4271 3354 4324 τῶν
3387 4267 3837 4323 πεπιστευκότων

2250 4376 2310 4443 ἐξ
2343 4375 2512 4430 ἐθνῶν
2538 4372 2614 4444 τῷ
2648 4372 2863 4440 θανάτῳ
2890 4369 2988 4438 τῆς
3019 4365 3277 4428 ἀπιστίας
3305 4361 3833 4434 παραπεμφθέντας,

2251 4469 2345 4520 καὶ
2367 4465 2597 4526 πολλοὺς
2640 4463 2736 4533 μὲν
2760 4518 2771 4530 ο
2792 4459 2930 4530 μετά
2957 4458 3057 4527 τὴν
3117 4455 3345 4525 ἄπειρον
3393 4451 3603 4521 πληθὺν
3632 4451 3738 4504 τῶν
3775 4449 3834 4515 ἐξ

2264 4557 2530 4612 ’ῐουδαίων
2566 4556 2660 4609 καὶ
2710 4552 2822 4606 τῶν
2867 4550 2924 4617 ἐξ
2957 4548 3126 4602 ἐθνῶν
3158 4547 3257 4610 τὰς
3308 4545 3527 4605 ἐλπίδας
3557 4544 3638 4604 είς
3674 4541 3834 4594 αὑτὸν

2253 4649 2564 4719 ἐσχηκότων
2587 4689 2601 4709 ,
2633 4644 2875 4714 ἐσχάτως
2904 4639 3325 4710 μιμησαμένους
3351 4637 3476 4699 τοὺς
3502 4634 3832 4704 ἔμπροσθεν,

2253 4743 2348 4796 καὶ
2373 4743 2440 4810 τῇ
2464 4736 2789 4807 σκληρότητι
2818 4735 2918 4802 τῆς
2939 4732 3163 4784 ἐκείνων
3187 4729 3416 4802 καρδίας
3440 4723 3835 4796 παραπλησίως

2255 4833 2638 4903 ἐμμείναντας,
2669 4829 2762 4882 καὶ
2788 4827 2847 4879 τὸ
2879 4828 3138 4895 κήρυγμα
3164 4824 3262 4891 τῆς
3291 4820 3658 4888 εύαγγελικῆς
3703 4817 3835 4885 ἁλη-

2257 4925 2404 4987 θείας
2435 4919 2839 4994 παραδέξασθαι
2877 4917 2950 4986 μὴ
2996 4914 3362 4982 θελήσανταςο
3405 4911 3702 4965 διαστέλλει
3735 4912 3826 4962 καὶ

2257 5013 2477 5074 τούτους
2502 5010 2610 5064 ἀπὸ
2632 5009 2738 5062 τῶν
2763 5006 3230 5065 πεπιστευκότων,
3284 5003 3380 5055 καὶ
3420 5001 3561 5071 μετά
3586 4999 3678 5052 τοῦ
3709 5015 3832 5049 νεαο

2259 5105 2444 5157 νίσκου
2472 5100 2565 5154 τοῦ
2589 5100 2839 5170 δευτέρου
2885 5096 3187 5166 γεγονότων
3216 5095 3411 5164 ’Δδὰμ,
3447 5093 3539 5146 καὶ
3575 5090 3836 5144 διατείνε-

669 5276 778 5355 (93)
815 5266 1042 5355 Nempe,
1098 5279 1156 5323 ut
1209 5271 1316 5355 ait.
1346 5269 1600 5355 Irenteusz
1657 5272 1762 5355 Ἐν¹
1786 5272 1883 5340 μὲν
1929 5272 2054 5355 γὰρ.
2081 5272 2145 5354 sq

2259 5279 2528 5355 λαμξάνς
2556 5277 2669 5355 τδν.
2701 5316 2716 5330 .
2743 5316 2757 5331 .

594 5347 794 5414 πρώτῳ
854 5339 1489 5414 ’Λὸἀμᾲπρο-σεκόψαμεν,
1543 5343 1614 5410 μὴ
1633 5339 1968 5414 ποιήσαντες
1995 5339 2160 5396 αὐτοῦ

2331 5334 2446 5418 (97)
2488 5347 2634 5402 Psal.
2669 5363 2861 5410 ωινιιι,
2892 5347 2981 5401 '55.
3012 5345 3211 5398 Verum
3245 5341 3386 5397 LXX
3421 5339 3644 5398 habent,
3702 5334 3832 5389 Ἰδοὺ

591 5410 692 5481 τὴν
745 5410 990 5487 ἕντολῇνῖ
1025 5412 1082 5462 ὲν
1123 5412 1179 5462 δὲ
1207 5410 1298 5487 ,τῷ
1338 5411 1574 5487 δευτέρῳ
1631 5410 1801 5487 Ἀδᾷμ
1849 5413 2163 5487 ἀποκατηλ·
2261 5410 2506 5473 δώσει’ἒν
2533 5421 2599 5486 τῇ
2633 5420 2784 5487 φωνῇ
2813 5418 3140 5487 δυνᾲμεως..
3173 5455 3186 5467 .
3227 5452 3240 5466 .

591 5479 861 5554 λάγημεν,
890 5479 1118 5554 ὑπήκοοι
1155 5479 1315 5554 μέχρι
1357 5479 1594 5554 θανάτου
1616 5482 1919 5552 γενόμενοι.
1958 5483 2008 5535 Id
2041 5479 2159 5537 eat:

595 5555 660 5613 ἔτι
699 5551 866 5622 primo
915 5551 1331 5623 quidrmAAaam
1373 5551 1709 5623 offendimus,
1767 5568 1867 5604 non
1915 5554 2162 5620 facientes

593 5619 709 5694 ejus
740 5619 1091 5695 praecpitavit;
1135 5619 1188 5671 in
1221 5621 1448 5695 secu_nd0
1487 5631 1661 5695 autem
1711 5619 2036 5695 reconciliati
2073 5638 2163 5674 su-

595 5691 751 5816 ῖὶιιιεζ
771 5693 1062 5816 οὸηλὲρκιεε
1094 5705 1254 5758 usque
1277 5691 1344 5744 ad
1371 5701 1586 5744 mortem
1613 5691 1743 5760 facti
1769 5695 1788 5762 ί
1801 5691 1920 5746 Lib.
1974 5711 2003 5746 v
2027 5692 2156 5745 Adv.

619 5781 728 5816 ιιεν.
763 5779 814 5816 c.
929 5801 964 5816 ..

595 5765 1008 5904 Ιωῶϐᾒίὲίίι.
1043 5850 1097 5900 x,
1126 5834 1214 5888 57.
1248 5831 1312 5885 At
1347 5831 1400 5886 in
1437 5829 1676 5902 Vulgatis
1705 5837 1854 5887 est...
1889 5832 1981 5886 καὶ
2013 5832 2070 5897 ὃς
2098 5834 2158 5886 ού

2333 5489 2446 5555 (98)
2482 5475 2616 5541 ιοηῖι
2646 5475 2784 5545 ἰινῖ
2811 5487 2862 5539 6.
2903 5475 3005 5540 Sed
3028 5487 3237 5554 integra
3261 5479 3534 5555 sententia
3559 5489 3664 5540 est,
3696 5475 3839 5544 Ἑγὼ

2264 5552 2379 5627 εἰμι
2411 5562 2441 5626 ἡ
2480 5558 2616 5620 ὁδὸς,
2645 5559 2736 5610 καὶ
2762 5559 2796 5624 ἡ
2828 5556 3078 5627 ἀλήθεια.
3117 5552 3210 5627 καὶ
3242 5556 3275 5622 ἠ
3308 5552 3444 5627 ζωή.

2339 5619 2451 5694 (99)
2491 5619 2651 5682 Joan.
2685 5643 2740 5690 ι,
2773 5619 2827 5681 9.
2887 5619 2990 5680 Sed
3035 5626 3124 5679 illa
3177 5619 3282 5678 huc
3321 5619 3540 5694 aliunde
3575 5621 3836 5694 translata

2269 5689 2448 5822 ἓρδὸς
2493 5697 2624 5750 καί⁸
2674 5712 2799 5752 nam
2854 5697 3120 5753 sententia
3176 5693 3413 5763 incipit:
3462 5690 3602 5760 Ἐγώ
3647 5691 3759 5760 εἰμι
3805 5689 3839 5753 ἡ

2305 5785 2524 5822 υοα.....

2305 5785 2524 5840 υρα.....
