4172 6534
606 368 671 436 31
1669 357 1730 416 S.
1765 355 2145 417 GREGORII
2179 355 2695 423 AGRIGENTINI

3745 356 3849 419 933’.

571 501 679 555 que
710 482 1003 544 habituris,
1034 480 1212 548 deque
1259 472 1488 545 perﬁdia
1528 470 1864 531 Iudaeorum,
1894 470 1987 539 qui
2029 478 2156 523 ante

2271 487 2345 522 rw
2367 473 2447 535 είς
2477 474 2640 528 αὑτὸν
2662 474 2962 537 πιστεύειν,
3013 474 3108 529 καὶ
3138 470 3237 535 τὰς
3287 467 3511 530 ἐλπίδας
3555 464 3722 536 ἔχειν,
3754 468 3851 520 καὶ

570 576 747 639 fuere,
797 574 1002 644 quique
1032 579 1179 641 post,
1209 568 1325 623 sive
1356 565 1804 627 novissimorum,
1838 578 1979 632 quos
2005 572 2060 615 et
2098 564 2149 613 in

570 684 637 722 eo
673 678 956 734 nunquam
1014 662 1253 715 Letatum
1300 656 1367 711 iri
1430 652 1816 724 praenuntiavit
1850 673 1862 706 :
1897 652 2153 707 omnilms

571 759 803 815 subinde
842 755 1149 810 volentibus
1192 758 1384 804 auctor
1407 756 1511 810 est,
1539 754 1597 799 ut
1623 746 1688 799 ad
1717 746 1931 799 utilium
1972 760 2152 798 rerum

572 849 1041 919 comparationem
1076 842 1292 898 veritati
1325 840 1721 908 obsequantur.
1755 836 1994 900 Etenim,
2029 850 2153 889 cum

573 944 885 999 divinarum
918 938 1252 992 Litterarum
1298 936 1649 993 documenta,
1707 944 1829 999 qua:
1872 928 2046 982 sacris
2098 927 2154 980 in

573 1037 790 1106 templis
836 1035 1038 1102 ubique
1085 1039 1357 1084 terrarum
1388 1024 1683 1080 exstructis
1731 1024 2006 1093 leguntur,
2057 1036 2153 1075 co-

574 1131 867 1203 gilationes
910 1125 1072 1195 128
1100 1120 1385 1177 hominum
1417 1117 1717 1183 illustrent,
1768 1117 1983 1170 dicente
2019 1114 2157 1169 lsaia

573 1226 835 1296 propheta
879 1238 892 1274 :
943 1238 961 1270 ι
1004 1216 1275 1282 Quoniam
1325 1214 1508 1267 lumen
1553 1208 1811 1264 mandata
1858 1216 1953 1262 tua
1992 1222 2157 1276 super

576 1330 778 1373 terram
802 1315 884 1380 9";
929 1332 946 1363 ι
1003 1326 1068 1365 ac
1108 1325 1330 1364 rursum
1386 1303 1714 1376 proverbiali
1763 1302 1988 1357 oraculo
2032 1317 2160 1371 pro-

576 1412 867 1465 nuntiante
894 1423 908 1459 :
941 1422 959 1454 ι
986 1402 1229 1457 Lucerna
1260 1398 1575 1453 mandatum
1604 1396 1737 1467 legis
1752 1404 1807 1451 et
1829 1395 2109 1449 lumen“:
2135 1414 2152 1446 ο

577 1500 870 1557 consilium
921 1497 1052 1561 dat,
1110 1504 1169 1549 ut
1223 1493 1317 1563 qui
1359 1491 1454 1546 Dei
1494 1492 1717 1544 domum
1754 1496 1946 1559 petunt
1998 1498 2161 1557 atque

580 1593 985 1666 ingrediuntur,
1026 1589 1214 1659 pedem
1245 1586 1436 1654 utique
1468 1583 1805 1648 custodiant,
1854 1596 1965 1652 quo
1991 1579 2161 1635 vesti-

576 1690 725 1759 gium
763 1686 993 1750 l'aciunt,
1030 1691 1086 1736 at
1138 1696 1296 1750 aeque
1350 1677 1649 1748 spiritalem
1700 1674 1859 1745 quasi
1909 1687 2160 1745 gressum

579 1782 955 1841 moderentur,
1010 1784 1069 1829 ut
1112 1787 1292 1842 neque
1330 1770 1496 1825 citius
1530 1768 1925 1838 digrediuntur,
1974 1782 2039 1821 ac
2070 1764 2158 1819 di-

577 1874 729 1935 vina,
783 1884 905 1940 qua:
943 1868 1218 1935 leguntur,
1264 1862 1467 1932 scripta
1518 1867 1931 1915 contemnentes
1983 1857 2159 1928 negli-

580 1970 739 2031 gant;
776 1972 952 2027 neque
1007 1957 1053 2010 si
1089 1955 1237 2009 intus
1279 1951 1335 2005 in
1377 1950 1577 2020 templo
1606 1948 1919 2019 persislant,
1969 1946 2160 2017 procul

582 2057 879 2108 stationem
936 2048 1192 2108 habeant,
1244 2052 1298 2099 et
1352 2045 1526 2099 sacris
1577 2042 1630 2096 in
1678 2039 1901 2094 Litteris
1936 2038 2162 2093 minime

584 2145 784 2201 initiati
814 2141 1161 2212 reperiantur
1194 2155 1208 2191 :
1247 2135 1379 2207 quin
1422 2135 1687 2190 accedant
1719 2133 1914 2202 magis,
1945 2142 2000 2186 et
2032 2145 2163 2202 pro-

582 2238 773 2311 pinqui
830 2236 1157 2296 consistant,
1217 2246 1328 2301 quo
1383 2245 1413 2282 a
1478 2228 1783 2298 legentibus
1849 2225 2163 2280 divinorum

582 2331 973 2402 prophetarqu
1035 2323 1259 2379 oracula
1320 2320 1578 2375 hauriant
1638 2320 1706 2374 ad
1757 2317 2160 2373 adolescentem

585 2426 760 2485 illum,
804 2435 965 2489 quem
1002 2414 1577 2477 commemoravimus,
1625 2426 1939 2481 novumque
1986 2409 2161 2466 Adam

585 2514 913 2586 spectantia,
949 2526 1070 2579 qua:
1106 2509 1286 2577 ipsum
1312 2522 1379 2561 ex
1418 2503 1642 2576 Virgine
1676 2505 1847 2559 Deum
1885 2504 2164 2561 hominem

586 2607 926 2663 nasciturum
968 2602 1356 2674 praenuntiant,
1380 2609 1435 2655 et
1475 2600 1642 2653 vitam
1687 2598 1807 2668 ejus
1846 2613 2167 2668 moramque

589 2703 730 2757 inter
760 2696 1008 2752 homines
1047 2694 1355 2764 designant,
1407 2707 1471 2746 ac
1516 2689 1630 2745 Deo
1682 2690 1901 2761 dignam
1955 2689 2164 2745 doctri-

588 2811 738 2857 nam,
797 2801 851 2847 et
902 2791 1042 2845 mira
1095 2799 1261 2858 atque
1313 2786 1735 2843 innumerabilia
1780 2785 2063 2853 miracula,
2111 2793 2167 2841 et

585 2883 953 2940 voluntariam
1014 2882 1069 2935 in
1110 2894 1274 2934 cruce
1327 2887 1560 2932 mortem
1596 2917 1611 2943 ,
1640 2885 1695 2931 et
1722 2876 2086 2947 sepulturam,
2112 2884 2168 2932 et

587 2977 731 3032 intra
779 2974 922 3028 diem
985 2972 1206 3027 tertium
1265 2968 1829 3034 resurrectionem,et
1875 2984 2165 3025 ascensum

587 3068 655 3122 ad
692 3066 914 3130 coelum,
968 3072 1025 3118 et
1071 3063 1396 3117 descensum
1451 3059 1570 3129 ejus
1629 3063 1931 3115 secundum
1983 3062 2168 3132 gloria:

2253 565 2355 635 τῆς
2384 569 2644 632 ἀπιστιάς
2667 570 2776 622 τῶν
2796 571 3068 624 Ἰουδαίων
3104 566 3415 638 ἔμπροσθεν
3440 564 3533 617 καὶ
3559 564 3666 617 τῶν
3692 564 3850 616 ὄπισ-

2257 656 2371 723 θεν,
2400 660 2568 728 ἤγουν
2626 662 2890 732 ὲσχάτων,
2924 661 3019 725 οὒς
3051 660 3145 715 καὶ
3184 656 3452 729 μηδαμῶς
3478 655 3851 727 εὐφρανθήσε-

2258 750 2381 803 σθαι
2411 754 2878 822 προκατήγγειλεν
2921 754 3008 806 ὲπ’
3037 750 3187 821 αύτῷ
3206 767 3220 781 ο
3255 750 3545 819 παρεγγυᾷ
3601 747 3695 799 νῦν
3719 749 3851 800 ἀκο-

2258 845 2464 909 λούθως
2494 847 2660 900 παντὶ
2715 848 2793 918 τῷ
2824 846 3138 919 βουλομένῳ
3167 847 3234 915 τῇ
3296 843 3526 913 ἀληθείᾳ
3571 841 3853 895 πείθεσθαι

2258 938 2395 1009 πρὸς
2427 939 2526 1009 τὴν
2546 940 2656 993 τῶν
2679 942 3066 1012 συμφερόντων
3089 936 3380 1010 ἀνάληψιν.
3405 938 3517 990 Kal1
3540 934 3648 1005 γὰρ
3666 936 3852 1004 ἐπειδὴ

2259 1033 2432 1085 πᾶσαι
2468 1032 2809 1087 διδασκαλίαι
2832 1034 2939 1088 τῶν
2961 1032 3337 1087 θεοπνεύστων
3363 1030 3598 1103 Γραφῶν
3623 1028 3718 1082 ἐπὶ
3744 1030 3855 1080 τῶν

2260 1123 2363 1176 ἀνὰ
2388 1126 2568 1177 πᾶσαν
2596 1123 2694 1194 τὴν
2714 1125 2818 1177 ὑπὸ
2842 1124 2934 1178 τὸν
2953 1125 3185 1197 οὐρανὸν
3208 1121 3672 1193 οἰκοδομηθέντων
3693 1120 3855 1172 θείων

2252 1214 2446 1285 Δσηκῶν
2466 1216 2977 1286 ἀναγινωσκόμενοι
3007 1214 3304 1284 φωτίζουσι
3324 1215 3450 1277 τοὺς
3468 1212 3855 1280 διαλογισμοὺς

2259 1308 2369 1361 τῶν
2409 1307 2733 1379 ἀνθρώπων,
2771 1310 2937 1380 φησὶν
2968 1311 2996 1362 ὁ
3028 1311 3319 1380 προφήτης
3367 1306 3593 1368 Ἡσαΐας
3613 1321 3628 1335 ·
3661 1323 3679 1355 ι
3709 1306 3856 1356 Διότι

2261 1400 2379 1469 φῶς
2402 1401 2472 1453 τὰ
2499 1402 2905 1471 προστάγματα
2934 1417 3025 1454 σου
3055 1401 3150 1453 ἐπὶ
3178 1399 3277 1469 τῆς
3310 1398 3414 1469 γῆς
3435 1414 3451 1429 σ
3484 1416 3503 1448 ι
3552 1394 3647 1449 καὶ
3690 1394 3857 1448 πάλιν

2260 1495 2290 1546 ὁ
2327 1494 2696 1566 παροιμιακὸς
2741 1492 2939 1561 λόγος’
2987 1511 3006 1544 ι
3033 1492 3243 1563 Λύχνος
3304 1491 3492 1561 ἐντολὴ
3552 1490 3717 1559 νόμου
3763 1488 3857 1541 καὶ

2262 1588 2395 1657 φῶς.
2421 1606 2439 1640 ι
2482 1585 2906 1656 Ἀσφαλίζεσθαι
2935 1584 3293 1656 συμϐουλεύει
3326 1586 3417 1637 τὸν
3452 1582 3611 1644 πόδα,
3654 1582 3744 1635 τὸν
3768 1583 3855 1633 αξ-

2222 1702 2225 1707 ν
2264 1678 2459 1751 σθητὸν
2479 1679 2681 1750 δηλαδὴ
2707 1683 2802 1733 καὶ
2837 1679 3049 1749 νοητὸν,
3089 1680 3203 1742 τοῖς
3242 1682 3470 1730 εἰσιοῦσι
3498 1674 3589 1729 καί
3629 1690 3855 1745 πορευο-

2268 1776 2452 1844 μένοις
2476 1777 2556 1839 είς
2593 1771 2741 1829 οἶκον
2767 1775 2861 1829 τοῦ
2883 1774 3021 1828 Θεοῦ
3053 1774 3185 1845 πρὸς
3216 1774 3279 1828 τὸ
3308 1774 3384 1845 μὴ
3429 1773 3627 1848 θᾶττρν
3654 1770 3857 1838 ἐξιέναι

2266 1866 2764 1938 καὶ-παραϐλέπειν
2784 1867 2882 1921 καὶ
2905 1868 3155 1939 παρορᾷν
3188 1864 3711 1935 ἀναγινωσκομένας
3759 1863 3858 1924 τὰς

2268 1959 2417 2023 θείας
2440 1959 2665 2032 Γραφάς
2686 1975 2700 1990 ⁸
2734 1960 2769 2030 ἢ
2805 1959 2994 2030 μένειν
3028 1958 3129 2029 μὲν
3159 1957 3309 2020 ἐντὸς
3355 1957 3449 2011 τοῦ
3475 1957 3624 2019 θείου
3659 1955 3854 2028 σηκοῦ,

2268 2052 2551 2123 πόρρωθεν
2583 2051 2642 2104 δὲ
2669 2051 2769 2122 τὴν
2805 2051 2993 2105 στάσιν
3022 2048 3859 2121 ποιούμενον,ἀμυσταγώγητον

2268 2143 2620 2216 εὑρίσκεσθαι
2640 2144 2749 2198 τῶν
2784 2143 2947 2198 θείων
2976 2143 3211 2216 Γραφῶν
3233 2160 3247 2175 ·
3284 2143 3423 2197 ἀλλά
3472 2143 3860 2216 προσεγγίζειν

2272 2238 2474 2310 μᾶλλον
2504 2240 2599 2293 καὶ
2628 2238 3027 2309 προσπελάζειν
3054 2238 3148 2292 καὶ
3171 2236 3439 2307 σύνεγγυς
3479 2236 3729 2291 ἵστασθαι
3747 2236 3858 2289 τῶν

2269 2331 2754 2399 ἀναγινωσκόντων
2781 2330 2881 2394 τὰς
2926 2331 3262 2401 προρρήσεις
3290 2329 3398 2383 τῶν
3450 2329 3612 2383 θείων
3644 2330 3863 2398 ὑποφη-

2269 2418 2378 2473 τῶν
2407 2420 2507 2480 τὰς
2535 2420 2668 2491 περὶ
2691 2418 2787 2472 τοῦ
2814 2418 3072 2491 ῥηθέντος
3092 2419 3378 2473 νεανίσκου
3400 2420 3493 2472 καὶ
3510 2419 3632 2472 νέου
3662 2420 3856 2490 Ἀδὰμ,

2271 2510 2863 2581 προκαταγγελλούσας
2918 2512 3014 2565 καὶ
3056 2510 3155 2583 τὴν
3189 2511 3525 2584 παρθενικὴν
3562 2511 3726 2565 αὑτοῦ
3764 2514 3860 2565 καὶ

2273 2600 2597 2672 θεανδρικὴν
2617 2601 2895 2671 γέννησιν,
2920 2601 3016 2654 καὶ
3034 2599 3132 2671 τὴν
3161 2599 3442 2670 διατριϐὴν
3467 2598 3634 2653 αύτοῦ
3661 2599 3754 2652 καὶ
3774 2598 3859 2651 δι-

2272 2694 2526 2764 αγωγὴν,
2561 2692 2657 2746 καὶ
2687 2692 2787 2757 τὰς
2829 2692 3154 2764 θεοπρεπεῖς
3176 2692 3492 2762 είσηγήσεις
3526 2693 3620 2744 καὶ
3645 2693 3858 2761 θαυμαο

2269 2786 2518 2849 τοποιίας
2552 2785 2812 2855 ἀπείρους
2865 2786 2960 2838 καὶ
3004 2785 3360 2857 παραδόξους,
3388 2786 3483 2838 καὶ
3514 2785 3614 2856 τὴν
3643 2784 3858 2837 ἐθελού-

2274 2897 2386 2933 σιον
2413 2877 2742 2945 σταύρωσιν,
2778 2879 2874 2931 καὶ
2930 2878 3029 2949 τὴν
3068 2878 3267 2949 ταφὴν,
3290 2879 3384 2930 καὶ
3419 2878 3517 2951 τὴν
3556 2879 3857 2949 τριήμερον

2273 2972 2513 3042 ἔγερσιν,
2542 2972 2639 3025 καὶ
2672 2972 2771 3041 τὴν
2802 2972 2883 3035 εἰς
2911 2971 3177 3043 οὐρανοὺς
3207 2971 3583 3041 ἀναφοίτησιν,
3636 2971 3733 3024 καὶ
3758 2968 3858 3041 ’την

2272 3066 2535 3138 δευτέραν
2579 3065 2789 3132 ἔνδοξον
2842 3064 3008 3119 αὑτοῦ
3044 3064 3442 3135 καταφοίτησιν
3484 3061 3661 3129 αὖθις,
3696 3065 3858 3135 ἡνίκα

587 3162 835 3230 plenum,
873 3171 999 3212 cum
1031 3155 1099 3209 de
1128 3154 1387 3208 omnibus
1422 3153 1738 3208 hominibus
1766 3154 2034 3224 judicium
2068 3155 2167 3209 ha-

2278 3160 2462 3231 μέλλει
2493 3159 2701 3231 κρίνειν
2734 3156 2944 3215 πάντας
2968 3155 3309 3227 ἀνθρώπους,
3350 3158 3444 3210 καὶ
3484 3160 3609 3221 τοὺς
3644 3158 3860 3211 πιστεύ-

587 3252 810 3308 biturus
839 3256 944 3310 est,
970 3256 1080 3301 tam
1105 3246 1172 3301 de
1196 3246 1265 3300 iis
1297 3245 1390 3315 qui
1412 3246 1783 3308 crediderunt,
1811 3262 1973 3315 quam
2003 3247 2069 3301 de
2099 3246 2166 3302 iis

590 3345 684 3416 qui
714 3357 821 3397 non
850 3338 1221 3403 crediderunt,
1248 3352 1312 3392 ac
1328 3353 1427 3407 pro
1449 3336 2166 3407 cujusque_meritisjustam

588 3445 675 3494 est
728 3433 1055 3491 sententiam
1104 3431 1577 3501 pronuntiaturus.
1611 3429 1745 3496 Hos,
1798 3432 1997 3502 inquit,
2048 3450 2169 3490 ser-

591 3543 785 3584 mones
825 3524 1015 3579 audire
1048 3522 1294 3585 studeas,
1331 3521 1434 3577 hos
1468 3537 1640 3585 ames,
1681 3522 1767 3578 his
1792 3524 2044 3593 accedas,
2083 3525 2171 3583 bis

592 3623 869 3681 advertas,
900 3618 984 3671 his
1009 3630 1171 3670 aures
1201 3614 1431 3668 libenter
1466 3614 1712 3684 praebeas
1751 3615 1849 3685 (4).

671 3732 689 3763 ι
725 3711 902 3779 Super
923 3708 1127 3762 donum
1154 3705 1532 3775 insipientium
1568 3706 1902 3761 sacrificium
1929 3717 2115 3764 tuum:
2146 3730 2167 3765 ι

594 3819 787 3859 eorum
823 3801 1053 3861 scilicet,
1105 3798 1201 3868 qui
1235 3796 1462 3852 Judaica
1506 3797 1642 3868 legis
1692 3798 1963 3855 sacriﬁcia
2013 3801 2176 3858 stulte

593 3906 761 3966 atque
792 3889 1196 3961 intempestive,
1238 3895 1404 3958 atque
1435 3887 1577 3942 ultra
1609 3889 1902 3944 terminum
1935 3898 1991 3945 et
2020 3906 2176 3946 men-

594 3996 705 4043 tem
741 3993 797 4041 et
824 3982 1117 4039 consilium
1155 3979 1276 4049 ejus
1308 3977 1565 4043 oﬁ‘erunt,
1599 3979 1693 4049 qui
1726 3980 1843 4035 haec
1877 3982 2030 4051 prius
2056 3982 2175 4038 ﬁeri

595 4087 902 4151 opportune
948 4074 1182 4131 saucivit
1224 4081 1386 4141 atque
1418 4072 1797 4143 praescripsit:
1836 4092 1856 4122 ι
1893 4073 2030 4140 Quia
2077 4090 2175 4130 ne.

595 4173 781 4229 sciunt
832 4169 978 4239 quod
1031 4166 1241 4222 faciunt
1299 4165 1539 4230 bonum;
1600 4182 1620 4215 ι
1692 4164 1746 4219 id
1790 4174 1912 4233 est,
1966 4166 2172 4221 nullam

602 4263 762 4334 129
791 4263 1104 4325 utilitatem,
1154 4258 1301 4312 nulla
1346 4255 1659 4321 commoda,
1692 4257 1903 4311 nullam
1942 4259 2174 4313 salutem

599 4356 870 4412 sacriﬁcia
899 4352 1217 4423 hujusmodi
1252 4352 1495 4421 praebent
1524 4351 1614 4415 iis,
1645 4350 1739 4419 qui
1772 4350 1886 4405 hac
1915 4365 2064 4405 nunc
2095 4350 2177 4405 vel

602 4449 815 4503 faciunt
841 4446 925 4500 vel
950 4453 1169 4501 curant.
1202 4444 1333 4498 Post
1360 4444 1652 4497 adventum
1675 4442 1820 4497 enim
1852 4451 2016 4512 atque
2041 4458 2179 4512 prae-

2272 3267 2473 3314 σαντας
2508 3251 2603 3304 καὶ
2648 3248 2777 3312 τοὺς
2835 3248 2910 3320 μὴ
2948 3248 3353 3311 πιστεύσαντας
3391 3249 3473 3312 εἰς
3523 3250 3707 3313 αὑτὸν,
3761 3252 3858 3303 καὶ

2267 3346 2365 3417 τὴν
2396 3345 2611 3412 ἑκάστῳ
2650 3341 2868 3396 δικαίαν
2924 3342 3018 3395 καὶ
3058 3341 3369 3412 πρόσφορον
3396 3342 3688 3396 ἀποδοῦναι
3736 3359 3857 3395 κατ⁹

2270 3437 2425 3501 ἀξίαν
2450 3434 2631 3506 δίκην.
2672 3432 2914 3497 Τούτων,
2970 3434 3128 3505 φησι,
3158 3433 3466 3486 σπούδασον
3504 3435 3716 3488 ὲπαῖειν
3749 3435 3858 3487 τῶν

2271 3531 2468 3600 λόγων,
2497 3528 2701 3583 τούτων
2733 3525 3019 3597 ὲράσθητι,
3041 3525 3248 3589 τούτοις
3272 3520 3541 3598 πλησίαζε
3572 3528 3664 3581 καὶ
3691 3545 3861 3599 προσο

2272 3624 2489 3694 έγγιζε,
2517 3621 2613 3675 καὶ
2634 3620 2925 3691 βουλήθητι
2956 3618 3166 3671 τούτων
3196 3619 3436 3675 ἀκούειν.

2349 3735 2369 3768 ι
2409 3714 2580 3784 ’Υπὲρ
2602 3714 2741 3783 δόμα
2770 3710 2879 3765 τῶν
2906 3710 3159 3782 ἀφρόνων
3204 3710 3362 3764 θυσία
3395 3727 3523 3765 σου·
3559 3730 3577 3763 ι
3614 3712 3862 3766 τουτέστι

2272 3806 2382 3861 τῶν
2410 3807 2510 3868 τὰς
2543 3802 2844 3865 ἰουδαῖκάς
2899 3803 2995 3856 καὶ
3027 3803 3257 3872 νομικὰς
3316 3805 3737 3874 προσφερόντων
3769 3808 3864 3858 Θυ-

2276 3901 2398 3964 σίας
2414 3898 2665 3971 ἀφρόνως
2690 3898 2785 3950 καὶ
2802 3897 2953 3968 παρά
2978 3896 3070 3949 τὸν
3091 3896 3303 3968 καιρὸν,
3319 3898 3410 3949 καὶ
3427 3898 3581 3969 παρά
3598 3898 3691 3951 τὸν
3713 3900 3863 3968 ὅρον,

2276 3993 2371 4048 καὶ
2391 3991 2542 4063 παρὰ
2574 3991 2667 4044 τὸν
2688 3989 2890 4043 σκοπὸν
2915 3989 3013 4042 καὶ
3036 3989 3135 4061 τὴν
3160 3990 3352 4062 βουλὴν
3378 3991 3473 4044 τοῦ
3501 3992 3702 4055 ταύτας
3734 3994 3864 4060 πρὶν

2277 4086 2550 4155 εὐκαίρως
2584 4081 3047 4153 νομοθετήσαντος
3096 4082 3191 4135 καὶ
3242 4082 3646 4150 προστάξαντος
3692 4084 3861 4138 θύειν.

2283 4196 2303 4230 ι
2326 4178 2451 4230 Ὀτι
2467 4175 2569 4228 οὐκ
2595 4174 2733 4227 εἰσὶν
2756 4173 2958 4237 εἰδότες
2978 4172 3073 4226 τοῦ
3096 4176 3272 4227 ποιεῖν
3303 4173 3467 4228 καλόν
3488 4191 3502 4205 θ
3517 4193 3535 4225 ι
3560 4175 3861 4240 τουτέστιν,

2277 4269 2430 4323 οὐδὲν
2453 4258 2777 4337 ὀνησιφόρον
2805 4267 2900 4320 καὶ
2922 4266 3183 4338 πρόξενον
3212 4267 3534 4338 εὐεργεσίας
3556 4271 3650 4321 καὶ
3685 4286 3862 4338 amet;-

2283 4361 2406 4433 ρίας
2430 4362 2485 4414 αἱ
2514 4359 2760 4414 τοιαῦται
2792 4359 2974 4413 θυσίαι
3000 4360 3302 4430 παρέχουσι
3324 4363 3437 4423 τοῖς
3464 4362 3865 4433 προσφέρουσιν

2281 4452 2472 4517 αύτάς,
2503 4451 2537 4522 ἦ
2560 4454 2672 4513 τοῖς
2696 4450 3021 4521 προσέχουσι
3050 4449 3221 4503 θύειν.
3252 4451 3407 4504 Μετὰ
3429 4451 3538 4521 γὰρ
3556 4451 3651 4522 τὴν
3684 4453 3867 4519 ἄφιξιν

602 4538 833 4595 sentiam
895 4535 1244 4607 praenuntiati
1296 4534 1658 4589 adolescentis
1707 4533 1947 4603 novique
2001 4533 2167 4588 Adam

2281 4547 2374 4597 καὶ
2398 4544 2497 4615 τὴν
2528 4542 2829 4614 παρουσίαν
2859 4539 2956 4594 τού
2987 4542 3562 4611 προκαταγγελθέντος
3581 4546 3865 4597 νεανίσκου

600 4630 781 4684 danda
830 4643 996 4698 opera
1048 4637 1133 4681 est
1185 4625 1459 4681 sacriﬁcio
1514 4625 1693 4679 laudis
1748 4633 1803 4680 et
1862 4624 2177 4680 rationabili

600 4719 797 4783 cultui,
832 4720 900 4773 de
940 4716 1143 4788 quibus
1175 4715 1347 4770 divini
1396 4714 1674 4784 prophetae
1701 4713 1982 4769 vaticinati
2027 4724 2177 4780 sunt,

601 4811 859 4883 quaejam
892 4810 1191 4866 constituta
1224 4807 1432 4862 exitum
1467 4807 1705 4861 habuere
1737 4820 1900 4860 suum
1941 4821 1957 4860 :
1994 4805 2068 4860 ita
2121 4815 2181 4862 ut

710 4973 756 5004 ⁸⁸
799 4972 904 5025 lsa.
950 4985 1122 5035 xxvi,
1188 4968 1243 5023 9.
1354 4967 1401 4999 "
1446 4965 1600 5021 Prov.
1647 4981 1735 5033 vt,
1783 4964 1876 5022 25.

674 5103 751 5176 (4)
780 5102 912 5169 Quae
944 5101 1293 5176 fuerat_apud
1318 5100 1581 5176 ilebrazos
1609 5102 1973 5176 consuetudo,
2002 5113 2061 5157 ut
2089 5120 2183 5174 per

602 5173 772 5231 festos
802 5176 918 5227 dies
949 5175 1090 5228 sacri
1134 5173 1281 5227 Libri
1316 5174 1368 5226 in
1415 5190 1604 5227 eorum
1646 5174 2006 5229 conventibus
2040 5173 2184 5244 lege-

607 5256 816 5307 rentur,
870 5260 990 5298 eam
1040 5244 1272 5298 subinde
1313 5245 1453 5312 apud
1493 5244 1840 5298 Christianos
1888 5260 2080 5299 oumes
2126 5247 2182 5301 in

604 5317 738 5385 ipsis
778 5314 1035 5373 EcClcsitB
1070 5315 1309 5385 exordiis
1342 5315 1614 5385 inductam
1647 5330 1969 5384 semperque
2004 5327 2184 5370 reten-

606 5384 715 5441 tam
736 5395 973 5441 constat.
1023 5387 1095 5439 De
1120 5384 1361 5454 Epistula
1389 5402 1487 5440 sua
1516 5384 1721 5439 Paulus
1738 5385 1805 5439 ad
1829 5384 2181 5442 Colossenses

604 5457 797 5511 scribit
830 5476 843 5511 :
885 5456 952 5509 Et
995 5472 1123 5525 εαηι
1144 5459 1276 5508 lecta
1311 5456 1470 5525 fuerit
1496 5456 1635 5525 apud
1670 5473 1757 5510 vos
1782 5455 2024 5524 Epistola
2047 5456 2178 5522 lucc,

606 5528 789 5597 facite,
822 5538 878 5579 ut
917 5537 968 5597 et
1004 5529 1057 5580 in
1102 5524 1793 5580 Laodicensium'Ecclesia
1830 5527 2037 5597 legatur
2070 5543 2088 5581 :
2135 5539 2183 5582 et

603 5596 743 5669 eum,
776 5613 892 5666 qua:
927 5596 1335 5669 Laodicensium
1374 5608 1472 5657 est,
1507 5613 1591 5650 vos
1624 5598 1810 5667 legalis
1847 5596 2073 5669 (Coloss.
2108 5615 2182 5661 tv,

607 5668 722 5735 16).
779 5668 945 5737 Porro
997 5668 1243 5720 iteratam
1278 5669 1475 5737 saepius
1522 5669 1715 5721 horum
1766 5671 2053 5723 lectionem
2084 5670 2183 5724 de-

605 5739 777 5809 clarat
802 5735 1057 5809 Justinus
1104 5740 1205 5790 sub
1252 5735 1411 5809 linem
1441 5739 1716 5809 Apologia:
1745 5756 1858 5793 sua:
1890 5741 2180 5795 secundaz:

606 5808 718 5862 Καὶ
758 5807 825 5860 τὰ
872 5807 1418 5880 ἀπομνημονεύματα
1475 5808 1583 5862 τῶν
1634 5807 1993 5878 ἀποστόλων,
2039 5811 2072 5881 ἢ
2114 5813 2184 5867 τὰ

2281 4641 2377 4694 καὶ
2406 4640 2528 4693 νέου
2552 4639 2726 4708 Ἀδὰμ
2752 4638 2833 4690 δεῖ
2849 4638 3138 4708 προσέχειν
3171 4638 3274 4709 τῆς
3324 4640 3582 4704 αἰνέσεως
3608 4644 3675 4712 τῇ
3707 4642 3865 4710 θυσία

2282 4732 2377 4787 καὶ
2420 4734 2484 4803 τῇ
2512 4731 2705 4800 λογικῇ
2735 4730 2963 4801 λατρείᾳ
2986 4732 3055 4800 τῇ
3104 4731 3537 4804 καταγγελθείσῃ
3584 4735 3734 4805 παρὰ
3759 4736 3865 4786 τῶν

2283 4823 2445 4879 θείων
2477 4824 2609 4894 πρὶν
2639 4820 2959 4893 προφητῶν,
2985 4824 3052 4892 τῇ
3078 4823 3411 4896 ἐκϐεϐηκυίᾳ
3432 4825 3487 4877 δὲ
3509 4827 3601 4878 καὶ
3629 4826 3868 4898 λαϐούσῃ

2286 5106 2696 5191 συγγράμματα
2723 5104 2833 5159 τῶν
2862 5109 3160 5191 προφητῶν
3181 5113 3641 5191 ἁναγινῴσκεται,
3674 5119 3868 5191 μέχρις

2285 5175 2563 5256 ἐγχωρεῖ(
2614 5175 2758 5256 ξεῖ-ταΔ
2787 5175 3156 5256 ,παυσαμένου
3197 5175 3312 5256 Δτού
3364 5175 3865 5256 ἀναγινώσκοντος,

2285 5248 2568 5330 προεστὼς
2610 5248 2715 5330 διὰ,
2743 5248 2903 5330 λόγου
2947 5248 3045 5323 τὴν
3093 5252 3377 5330 νουθεσίαν
3417 5248 3512 5311 καὶ
3564 5248 3869 5330 πρόκλησιν

2284 5317 2383 5401 ej;
2423 5318 2531 5371 τῶν
2576 5317 2758 5401 καλῶν
2805 5317 3017 5401 τούτων
3044 5327 3327 5394 μιμήσεως
3354 5317 3619 5383 ποιεῖταιί
3661 5331 3714 5384 Id
3761 5317 3869 5401 est,

2287 5388 2359 5442 Et
2390 5391 2772 5468 commentaria
2811 5388 3183 5468 apostolo'ruim'
3214 5407 3306 5448 aut
3341 5401 3540 5468 scripta
3584 5388 3869 5467 proiilteta:

2285 5476 2427 5541 runt.
2466 5462 2639 5529 quoad
2684 5471 2885 5530 tempus
2931 5464 3059 5541 fert,
3109 5467 3373 5534 leguntur.
3430 5462 3627 5524 Deinde
3674 5472 3871 5528 lectore

2285 5536 2605 5608 quiescente,
2648 5547 2841 5599 prwses
2872 5536 3194 5608 orationem,
3239 5555 3346 5608 qua
3380 5541 3683 5606 admoneat,
3716 5553 3765 5597 et
3797 5548 3866 5596 ad

2286 5602 2572 5681 prwclaras
2605 5616 2695 5655 eas
2739 5619 2818 5655 res
2864 5604 3151 5659 imitandus
3193 5602 3454 5677 hortetur,
3497 5602 3678 5667 habet.
3705 5614 3870 5667 Chri-

2287 5680 2814 5751 stianorumbempe
2831 5688 3130 5751 conventus
3152 5680 3430 5746 describit,
3460 5685 3552 5751 qui
3582 5699 3869 5739 sacrorum

2286 5757 2451 5813 causa
2485 5741 2923 5813 celebrabantur.
2979 5748 3110 5803 Vide
3148 5752 3310 5804 etiam
3360 5741 3761 5809 Tertullianum
3809 5756 3872 5813 in

2287 5812 2510 5883 Apolog.
2544 5828 2600 5866 ιι.
2632 5811 2721 5867 59.
