4172 6514
356 406 462 471 933

1428 404 1505 464 IN
1539 405 2122 473 ECCLESIASTEN.
2148 438 2217 449 -
2248 415 2395 475 LIB-
2426 419 2523 479 IV-

3493 391 3496 394 ’
3536 425 3643 489 νει

354 514 415 568 τὺ
466 511 805 583 κατάλληλον
840 510 1014 582 πέρας
1072 510 1165 563 καὶ
1218 510 1462 583 θυομένῃ
1514 513 1654 584 μετὰ
1717 516 1921 569 πίστεω

2025 519 2272 607 ,811108⁸1⁸3
2334 526 2439 581 ﬁde
2508 543 2605 597 per
2667 531 2852 585 orhcm
2909 532 3223 589 universum
3268 547 3638 605 peragantur.

353 606 693 676 ἀκραιφνοῦς
715 605 819 658 ἀνὰ
843 605 1026 691 πᾶσαν
1071 604 1161 672 ὑφ’
1183 603 1355 675 ἥλιον,
1391 605 1572 668 καθὼς
1604 608 1632 659 ό
1665 608 1952 679 προφήτης

349 696 642 768 Μαλαχίας
678 693 1120 765 προκατήγγειλε
1141 696 1368 764 φάσκων
1392 695 1453 759 ἐξ
1487 696 1650 750 αὑτοῦ
1668 696 1761 751 τοῦ
1784 716 1954 769 προσ-

350 786 501 840 ώπου
530 787 624 840 τοῦ
650 785 785 839 Θεοῦ
841 785 951 836 τῶν
984 786 1240 838 ἁπάντων
1272 786 1412 857 πρὸς
1433 787 1717 853 Ἰουδαίους
1740 805 1753 818 ο
1789 809 1807 841 ‹
1838 792 1952 844 Οὐκ

349 878 430 930 ἔτι
463 895 554 947 μοι
583 877 795 947 θέλημα
820 878 880 928 ἐν
926 877 1078 946 ὑμῖν,
1106 878 1202 931 καὶ
1238 877 1431 931 θυσίαν
1465 879 1525 931 ού
1578 880 1949 952 προσδέξομαι

350 971 412 1022 ἐκ
446 972 555 1022 τῶν
600 969 801 1041 χειρῶν
826 968 1003 1039 ὑμῶν.
1036 970 1183 1021 Διότι
1222 969 1330 1025 ἀπὸ
1363 970 1639 1024 ἀνατολῶν
1659 972 1811 1044 ἡλίου
1853 990 1950 1043 καὶ⁹

348 1062 454 1125 ἓως
492 1063 713 1133 δυσμῶν
736 1063 905 1118 αὐτοῦ
939 1063 1194 1134 θυμίαμα
1236 1065 1573 1134 προσάγεται
1619 1066 1697 1137 τῷ
1721 1066 1948 1138 ὀνόματί

350 1173 473 1227 μου,
498 1160 591 1208 καὶ
623 1155 784 1209 θυσία
815 1157 1053 1225 καθαρά.
1088 1175 1106 1206 ι
1143 1157 1222 1208 Δι’
1245 1150 1319 1210 ὧν
1355 1157 1463 1228 γάρ
1504 1158 1830 1229 προείρηκε,
1852 1161 1948 1215 κα)⁸

348 1248 446 1310 τὰς
476 1247 778 1310 Ἰουδαϊκὰς
810 1249 905 1301 καὶ
926 1246 1159 1316 νομικὰς
1188 1247 1571 1319 ἐξοστρακίξει
1607 1248 1818 1315 θυσίας,
1850 1253 1946 1306 καὶ

345 1339 447 1402 τὰς
496 1341 869 1411 ἀναιμάκτους
920 1341 1017 1392 καὶ
1068 1339 1293 1409 λογικὰς
1354 1342 1690 1410 ἀντεισάγει,
1738 1343 1816 1412 τῷ
1844 1344 1945 1415 τῆς

346 1431 721 1503 καθαρότητος
743 1433 967 1501 ὀνόματι
993 1432 1195 1495 ταύτας
1221 1431 1649 1496 ἁντιδιαστείλας
1682 1435 1904 1488 ἐκείνων
1924 1452 1938 1465 σ

345 1522 537 1595 ὥσπερ
571 1527 663 1579 καλ⁹
696 1524 876 1595 πολλῷ
912 1524 1103 1595 πρώην
1131 1527 1159 1578 ὁ
1181 1527 1464 1597 προφήτης
1496 1526 1662 1579 Δαϐὶδ
1687 1527 1822 1597 πρὸς
1848 1528 1940 1581 τὸν

343 1617 457 1669 τῶν
495 1618 632 1671 ὅλων
664 1617 797 1670 Θεὸν
852 1618 1201 1688 ἀνακέκραγε
1234 1619 1495 1688 φάσκων·
1538 1638 1556 1671 ι
1587 1618 1791 1673 Θυσίαν
1843 1622 1939 1676 καὶ

345 1709 666 1779 προσφοράν
688 1709 783 1762 οὐκ
826 1708 1108 1780 ὲθέλησας,
1137 1709 1298 1780 σῶμα
1326 1710 1383 1763 δὲ
1416 1712 1737 1783 κατηρτίσω
1769 1731 1880 1783 μοι.
1910 1733 1929 1765 ι

344 1801 418 1852 Τὸ
451 1801 608 1871 σῶμα
632 1799 834 1871 δηλαδὴ
858 1801 921 1853 τὸ
949 1802 1234 1871 κυριακὸν,
1256 1803 1385 1874 περὶ
1410 1796 1472 1858 οὗ
1499 1805 1663 1875 φησὶν
1687 1806 1934 1878 όΚύριος

2055 615 2521 682 quemadmodum
2555 619 2853 677 Malachias
2892 625 3157 694 prepheta
3206 628 3480 697 praedixit,
3510 647 3634 685 cum

2054 720 2238 761 rerum
2273 708 2517 764 omnium
2548 710 2716 766 Deum
2751 714 2832 769 sic
2863 716 3126 774 adversus
3157 718 3376 776 Iudaeos
3408 722 3637 791 loquen-

2053 806 2161 851 tem
2195 798 2409 854 induxit
2442 819 2455 855 :
2497 821 2514 852 ‹
2556 802 2670 857 Νοη
2703 814 2787 860 est
2824 808 2953 861 mihi
2985 810 3238 867 voluntas
3268 812 3323 867 in
3357 815 3531 878 vobis,
3581 826 3636 868 et.

2055 904 2254 945 munus
2286 908 2391 946 non
2441 895 2737 964 suscipiam
2787 898 2854 953 de
2903 916 3066 955 manu
3112 914 3315 959 vestra.
3375 905 3456 959 Ah
3507 915 3628 959 ortu

2052 981 2197 1036 enim
2230 984 2364 1038 solis
2394 1001 2569 1055 usque
2598 988 2664 1041 ad
2697 1005 2954 1045 occasum
2985 993 3105 1062 ejus
3142 997 3436 1065 thymiama
3469 1000 3632 1052 oll‘cr—

2052 1082 2142 1129 tur
2168 1078 2377 1132 nomini
2406 1095 2525 1135 meo
2554 1090 2607 1135 et
2637 1083 2840 1136 oblatio
2863 1088 3065 1141 munda
3085 1088 3152 1140 ".
3190 1110 3208 1140 ι
3241 1089 3344 1145 Per
3369 1107 3429 1145 ea
3458 1094 3626 1158 enim,

2051 1182 2172 1238 quae
2232 1171 2502 1239 praedixit,
2551 1183 2605 1227 et
2649 1172 2878 1230 Judaica
2936 1178 3069 1248 legis
3124 1182 3391 1237 sacriﬁcia
3438 1187 3627 1253 procul

2049 1263 2327 1327 amandat,
2367 1274 2421 1318 et
2463 1267 2747 1322 incruenta
2781 1286 2972 1325 eorum
3018 1274 3140 1329 loco
3186 1276 3395 1331 inducit
3436 1295 3501 1333 ac
3537 1296 3626 1332 ra-

2049 1352 2298 1422 tionalia,
2332 1360 2729 1414 munditiarum
2764 1364 2986 1419 nomine
3022 1366 3137 1420 haec
3182 1369 3250 1422 ab
3295 1371 3399 1424 illis
3426 1372 3622 1426 distiu-

2046 1462 2239 1517 guens,
2297 1466 2403 1503 non
2456 1453 2634 1517 aliter,
2697 1464 2865 1525 atque
2916 1456 3083 1513 David
3135 1462 3397 1529 propheta
3450 1465 3623 1517 multo

2044 1539 2197 1608 prius
2253 1541 2317 1595 ad
2365 1540 2534 1597 Deum
2588 1547 2830 1603 universi
2873 1551 3188 1606 exclamans
3235 1553 3445 1608 dixerat
3476 1556 3619 1625 (5):

2049 1648 2069 1680 ‹
2111 1628 2454 1686 Sacrificium
2499 1644 2553 1689 et
2601 1637 2936 1695 oblationem
2985 1642 3243 1709 noluisti;
3292 1660 3493 1716 corpus
3526 1664 3624 1701 au-

2042 1729 2147 1775 tem
2183 1722 2456 1792 perfecisti
2493 1728 2625 1781 mihi
2651 1729 2726 1796 ’3;
2762 1747 2781 1781 ι
2802 1746 3001 1800 corpus
3028 1749 3223 1804 nempe
3252 1736 3618 1801 Dominicum.

2040 1814 2108 1868 de
2152 1831 2260 1884 quo
2296 1816 2431 1871 dicit
2473 1817 2741 1876 Dominus
2788 1822 2841 1877 in
2887 1824 3196 1896 Evangeliis
3244 1846 3258 1881 :
3297 1849 3313 1878 ι
3352 1830 3617 1900 Accipite.

342 1894 401 1945 ἐν
432 1895 546 1959 τοῖς
570 1894 957 1962 Εὑαγγελίοιςο
990 1913 1008 1946 ι
1038 1896 1510 1967 Λάϐετε,φάγετε,
1536 1897 1696 1952 τοῦτό
1727 1901 1843 1953 ἐστι
1872 1901 1921 1953 τὶ

2038 1907 2327 1974 comeditc,
2378 1910 2479 1964 hoc
2524 1922 2609 1967 est
2640 1929 2839 1984 corpus
2875 1932 3078 1983 meum,
3127 1920 3273 1989 quod
3326 1935 3426 1989 pro
3460 1923 3617 1979 vobis

342 1986 505 2057 σῶμά
525 2005 650 2056 μου,
683 1987 742 2040 τὺ
774 1987 914 2060 ὑπὲρ
937 1988 1091 2058 ὑμῶν
1117 1989 1398 2061 κλώμενον
1421 1991 1502 2055 είς
1525 1991 1720 2061 ἄφεσιν
1748 1994 1935 2065 ἁμαρκο

336 2080 491 2134 τιῶν.
535 2100 554 2133 ι
1880 2114 1881 2119 η

408 2176 756 2241 Φυλάξασθαι
790 2176 973 2231 τοίνυν
1003 2178 1371 2250 συμϐουλεύει
1416 2179 1509 2233 τὸν
1537 2181 1675 2235 πόδα
1714 2184 1809 2236 καί
1836 2183 1929 2237 τὸν

337 2266 437 2318 τοῦ
473 2266 729 2337 σώματος
778 2268 874 2321 καὶ
911 2268 1002 2321 τὸν
1052 2268 1154 2338 τῆς
1194 2269 1393 2341 ψυχῆς,
1438 2271 1525 2324 ἴνα
1565 2273 1804 2343 ὁπηνίκα
1844 2290 1930 2337 τις

338 2357 563 2429 εἰσέλθῃ
593 2360 674 2421 εἰς
696 2357 788 2412 τὸν
817 2354 967 2412 οἷκον
997 2359 1091 2412 τοῦ
1122 2359 1281 2425 Θεοῦ,
1316 2361 1455 2430 μετά
1479 2361 1581 2429 τῆς
1611 2363 1928 2435 πρεπούσης

337 2447 643 2516 ἀσφαλείας
676 2449 864 2521 ἐρείσῃ
894 2451 988 2504 καὶ
1020 2450 1113 2503 τὸν
1143 2451 1268 2505 νοῦν
1304 2453 1399 2504 καὶ¹
1435 2453 1534 2524 τὴν
1570 2455 1817 2525 καρδίαν,
1846 2456 1925 2509 ἔτι

338 2540 397 2592 δὲ
428 2541 521 2593 καὶ
544 2542 668 2604 τοὺς
697 2542 865 2605 πόδας
892 2542 1030 2610 πρὸς
1058 2542 1121 2596 τὸ
1154 2544 1228 2613 μὴ
1261 2547 1669 2613 μετακινεῖσθαι
1701 2548 1920 2618 ῥᾳδίως,

341 2634 479 2703 μήτε
515 2632 655 2703 μετὰ
697 2633 946 2706 ῥᾳθύμου
990 2634 1217 2705 γνώμης
1253 2635 1473 2706 ἔχεσθαι
1510 2642 1608 2709 τῆς
1648 2640 1764 2692 ἐκεῖ
1796 2642 1925 2695 στάο

340 2739 479 2788 σεως
512 2726 608 2777 καὶ
630 2725 1012 2796 προσεδρείας,
1045 2726 1183 2780 ἀλλὰ
1208 2729 1589 2798 προσεγγίζειν
1624 2732 1717 2783 καὶ
1751 2748 1924 2802 προσ-

337 2812 600 2877 πελάζειν
658 2815 973 2885 ἐξεπίτηδες
1029 2818 1125 2870 καὶ
1182 2818 1323 2888 μετὰ
1377 2820 1577 2889 πολλῆς
1615 2821 1924 2891 νουνεχείας

334 2901 556 2956 ἀκούειν
592 2907 687 2958 καὶ
725 2907 981 2976 μυεῖσθαι
1029 2908 1100 2961 τὰ
1139 2910 1266 2979 περὶ
1305 2910 1404 2979 τῆς
1455 2912 1922 2985 ὲνανθρωπήσεως

331 2992 429 3048 τοῦ
460 2994 905 3068 θεαρχικωτάτου
932 2998 1109 3068 Λόγου
1141 3000 1236 3054 καὶ
1269 3002 1506 3072 Χριστοῦ
1539 3005 1634 3057 καὶ
1667 3005 1921 3077 Σωτῆρος

332 3089 512 3160 ἡμῶν,
548 3092 643 3143 καὶ
668 3090 971 3161 λαμϐάνειν
1003 3094 1068 3146 ἐκ
1089 3093 1199 3147 τῶν
1234 3094 1393 3148 θείων
1420 3097 1458 3148 Γ
1466 3097 1650 3167 ραφῶν
1687 3097 1787 3169 τὴν
1827 3097 1920 3151 πί-

335 3199 538 3237 στωσιν
598 3184 695 3237 καὶ
752 3183 1046 3254 βεϐαίωσιν
1102 3185 1546 3256 ὲνσωματώσεως
1608 3188 1774 3243 αὑτοῦ
1825 3192 1920 3243 καὶ

335 3274 703 3347 σταυρώσεως
728 3276 825 3331 καὶ
846 3277 949 3346 τῆς
972 3279 1346 3343 ἀναστάσεως,
1367 3279 1443 3342 ὡς
1472 3280 1716 3351 ἔφθημεν
1742 3283 1921 3336 εἰπόν-

250 3404 255 3417 .
332 3383 445 3432 τες.
492 3370 571 3422 Δι’
596 3364 673 3423 ὧν
703 3368 1134 3443 ἁπελυτρώσατο
1170 3370 1263 3425 τοῦ
1304 3372 1538 3425 θανάτου
1582 3374 1676 3427 καὶ
1710 3374 1919 3447 φθορᾶς

331 3458 425 3514 τίον
466 3460 699 3514 παλαιὸν
743 3459 934 3531 Ἀδάμ,
982 3460 1042 3514 ὃν
1089 3462 1375 3533 προσεχῶς
1409 3464 1782 3537 πρεσϐύτερον
1824 3469 1920 3521 καὶ

331 3550 545 3622 ἄφρονα
573 3551 988 3622 προσηγόρευσε
1013 3566 1027 3581 ο
1064 3553 1438 3624 πρεσϐύτερον
1469 3555 1571 3624 μὲν
1612 3556 1701 3610 διά
1728 3557 1789 3610 τὸ
1818 3558 1919 3629 άρ-

332 3643 618 3712 χαιότατον
679 3644 779 3714 τῆς
839 3643 1184 3707 διαπλάσεως
1240 3644 1407 3699 αὐτοῦ
1469 3648 1564 3700 καὶ
1615 3648 1915 3716 γενέσεωςο

332 3733 545 3802 ἄφρονα
573 3734 630 3787 δὲ
656 3734 744 3788 διὰ
766 3733 827 3787 τὸ
856 3734 1209 3804 παραϐλέψαι
1235 3737 1331 3790 καὶ
1364 3738 1613 3808 παριδεῖν
1643 3738 1738 3792 τοῦ
1776 3743 1914 3808 ἀγα-

333 3825 430 3879 θοῦ
462 3827 556 3878 καὶ
597 3824 980 3896 φιλανθρώπου
1013 3827 1106 3879 καὶ
1136 3828 1362 3897 ποιητοῦ
1410 3831 1505 3884 καὶ
1531 3830 1668 3883 Θεοῦ
1713 3834 1804 3885 καὶ
1830 3833 1916 3886 δε-

336 3918 539 3971 σπότου
581 3918 679 3989 τὴν
714 3917 1171 3989 λυσιτελεστάτην
1211 3922 1307 3974 καὶ
1349 3925 1622 3992 σωστικὴν
1656 3927 1911 3996 ἐντολήν·

332 4010 658 4066 ἀνθελέσθαι
714 4009 775 4065 δὲ
822 4009 925 4081 τὴν
979 4011 1289 4083 συμϐουλὴν
1333 4013 1428 4067 τοῦ
1470 4017 1764 4086 μισοκάλου
1790 4090 1793 4097 _
1821 4020 1915 4073 καὶ

404 4152 449 4183 ’⁷
481 4150 714 4205 Malach.
741 4166 782 4217 t,
820 4148 906 4205 10.
985 4151 1031 4184 ⁸⁸
1060 4150 1209 4207 Psal.
1242 4168 1334 4221 XL,
1365 4152 1421 4207 6.

404 4310 482 4378 (5)
512 4307 874 4379 l-lieronymus
898 4307 1225 4379 Hebraicum
1253 4308 1451 4363 Psalmi
1480 4320 1790 4364 contextum
1817 4312 1914 4364 ad-

332 4376 597 4433 amussim
632 4376 863 4432 reddidit
899 4396 939 4432 ι’
980 4376 1205 4432 Victima
1241 4389 1291 4431 et
1316 4379 1582 4432 oblatione
1636 4397 1738 4433 non
1775 4384 1914 4434 indi-

329 4468 417 4520 ges
447 4466 467 4503 .'
499 4466 652 4502 aures
686 4460 861 4501 autem
905 4449 1089 4517 [odisti
1139 4450 1266 4520 mini
1290 4465 1308 4502 :
1346 4465 1467 4516 qua:
1499 4451 1568 4504 iis
1634 4452 1788 4518 plane
1822 4469 1907 4506 re-

330 4517 760 4589 spondent,quae
782 4519 835 4571 in
865 4519 1162 4588 exemplari
1192 4517 1453 4589 Vaticano
1484 4517 1738 4574 adnotata
1764 4533 1907 4577 sunt.

2033 1998 2305 2072 frangitur
2351 2002 2405 2056 in
2452 2004 2829 2061 remissionem
2864 2018 3215 2078 peccatorum
3252 2011 3356 2082 (6).
3397 2032 3416 2064 ι

2100 2178 2369 2236 Admonet
2403 2181 2681 2253 igitur,uti
2722 2184 2911 2255 pedem
2952 2190 3350 2257 custodiamus,
3389 2192 3615 2263 l30et

2030 2286 2140 2341 quo
2160 2288 2359 2343 corpus
2392 2275 2613 2343 incedit,
2650 2288 2703 2332 et
2732 2294 2841 2346 quo
2873 2282 3092 2339 animus
3124 2293 3233 2339 stat
3257 2294 3346 2349 ,ut
3367 2288 3615 2356 quando-

2029 2378 2249 2432 cunque
2270 2366 2493 2422 domum
2524 2362 2619 2424 Dei
2650 2371 2775 2440 quis
2810 2373 3135 2443 ingreditur,
3170 2388 3329 2432 caute
3362 2393 3425 2433 ac
3462 2395 3613 2434 reve-

2028 2466 2213 2512 renter
2233 2462 2774 2527 mentem,animum‘,
2801 2467 2966 2535 pedes
2989 2469 3151 2523 etiam
3182 2468 3261 2524 sic
3282 2470 3412 2542 ﬁgat
3433 2481 3492 2525 ut
3512 2489 3612 2526 ne-

2026 2564 2134 2619 que
2172 2548 2328 2606 facile
2359 2567 2420 2607 se
2467 2553 2590 2609 loco
2617 2554 2911 2620 dimoveat.
2932 2562 3323 2631 nequesegnis
3345 2572 3487 2618 astet
3516 2573 3611 2620 aut

2026 2643 2252 2710 sedeat;
2287 2648 2588 2703 ataccedat
2630 2651 2813 2720 petius
2848 2662 2901 2706 et
2940 2656 3358 2726 appropinquet,
3396 2663 3455 2711 ut
3486 2673 3611 2728 per-

2024 2745 2231 2793 attente
2260 2741 2447 2795 audiat
2482 2752 2536 2797 et
2561 2743 2767 2799 ediscat
2803 2761 3144 2817 quaecunque
3179 2750 3243 2803 ad
3274 2751 3605 2806 inhumana-

2026 2827 2229 2882 tionem
2263 2832 2542 2900 pertinent
2575 2834 2778 2887 summi
2808 2835 3090 2904 divinique
3126 2836 3288 2892 Verbi
3321 2849 3373 2893 et
3396 2839 3605 2897 Christi

2024 2917 2331 2976 Servatoris
2363 2924 2571 2990 nostri;
2609 2924 2793 2995 itaque
2844 2930 3020 2982 sacris
3065 2944 3130 2983 ex
3174 2929 3395 2988 Litteris
3438 2932 3605 2989 altius

2022 3011 2312 3082 percipiat,
2364 3029 2428 3068 ac
2482 3015 2696 3071 ﬁrmius
2755 3018 3093 3088 proﬁteatur,
3145 3021 3399 3077 humana:
3446 3023 3603 3079 illum

2021 3106 2353 3163 conditionis
2386 3109 2706 3179 participem
2741 3110 2935 3178 fuisse,
2969 3130 3034 3168 ac
3075 3124 3309 3170 mortem
3346 3118 3398 3171 in
3438 3134 3603 3175 cruce

2023 3197 2309 3265 tolerasse,
2336 3203 2705 3257 resurrexisse
2731 3218 2760 3257 a
2793 3206 3048 3269 mortuis,
3081 3207 3157 3260 uti
3185 3206 3296 3276 jam
3324 3211 3603 3264 recensui-

2023 3303 2147 3341 mus
2188 3306 2202 3342 :
2239 3305 2337 3359 per
2381 3307 2504 3359 quae
2550 3304 2579 3344 a
2635 3302 2813 3346 morte
2865 3307 3031 3364 atque
3080 3296 3301 3351 interitu
3360 3308 3600 3354 veterem

2018 3377 2191 3431 Adam
2217 3380 2484 3447 redemit;
2511 3398 2671 3451 quem
2704 3384 2957 3453 protinus
2983 3387 3256 3442 seniorem
3291 3399 3343 3443 et
3371 3392 3597 3446 stultum

2020 3472 2342 3540 appellavit;
2397 3476 2669 3531 seniorem
2723 3476 2944 3547 quidem
2997 3490 3218 3550 propter
3250 3481 3600 3540 formationis

2018 3572 2182 3633 atque
2220 3565 2451 3636 originis
2485 3568 2866 3638 antiquitatem
2895 3588 2909 3636 ;
2946 3572 3175 3626 stultum
3216 3588 3348 3628 vero
3374 3585 3601 3647 propter

2016 3657 2323 3725 neglectum
2371 3666 2534 3728 atque
2586 3670 2958 3733 contemptum
3002 3662 3096 3716 Dei
3139 3674 3192 3716 et
3224 3663 3460 3731 Domini,
3495 3683 3598 3721 au-

2017 3747 2184 3803 ctoris
2225 3749 2309 3803 sui
2344 3751 2533 3821 optimi
2576 3767 2641 3807 ac
2673 3753 3076 3824 benignissimi,
3120 3757 3468 3812 utilissimum
3510 3775 3600 3815 sa-

2016 3837 2485 3909 luberrimumque
2536 3852 2887 3912 praeceptum,
2947 3855 3060 3899 tum
3117 3846 3187 3899 ob
3234 3858 3592 3918 praeoptatum

2018 3928 2223 3983 inimici
2278 3930 2540 3985 virtutum
2605 3934 2871 4003 omnium,
2920 3943 2973 3989 et
3019 3936 3301 3990 hominum
3344 3954 3498 4009 aeque
3531 3956 3597 3994 ac

2016 4019 2219 4077 Christi
2274 4022 2449 4078 hostis
2514 4031 2680 4094 atque
2745 4026 3044 4081 adversarii
3097 4029 3411 4086 consilium.
3466 4031 3596 4088 Hmc

2012 4308 2138 4376 quia
2170 4308 2368 4363 multae.
2404 4308 2546 4372 Quid
2578 4310 2736 4371 enim,
2759 4310 3077 4378 die,qu¢eso,
3104 4326 3233 4377 opus
3263 4318 3377 4363 erat
3408 4310 3589 4367 multis

2014 4394 2131 4430 cum
2158 4396 2264 4432 una
2302 4381 2524 4449 sufficiat
2556 4382 2582 4434 ?
2622 4381 2700 4433 Ac
2731 4381 2961 4434 subinde
2992 4385 3336 4434 occasionem
3399 4383 3590 4451 arripit

2014 4451 2183 4504 multa
2220 4451 2523 4505 disserendi
2551 4451 2618 4505 de
2641 4451 2899 4520 religione
2923 4465 2987 4503 ac
3017 4453 3267 4518 puritate,
3304 4465 3410 4518 qua
3442 4455 3589 4520 quis-

2016 4533 2123 4590 que
2157 4520 2222 4573 ad
2252 4530 2441 4574 sancta
2469 4519 2828 4574 Eucharistiae
2857 4522 3113 4590 mysteria
3148 4520 3405 4590 accedere
3427 4519 3587 4578 debet.

330 4582 501 4659 Σῶμα
524 4590 604 4652 δὲ,
638 4582 690 4643 in
718 4582 1129 4661 commentariis
1159 4587 1638 4661 (Graecis_.legitur,
1681 4591 1820 4645 ὠτία
1852 4593 1908 4646 δέ

2025 4582 2201 4661 tilum.
2238 4592 2326 4651 17,
2359 4591 2411 4644 in
2452 4590 2551 4661 Ep.
2584 4593 2649 4645 ad
2680 4590 2845 4646 llebt'.
2880 4582 2933 4651 χ,
2962 4590 3013 4643 in
3041 4601 3172 4645 tom.
3208 4589 3337 4657 XII).

334 4679 423 4731 μοι
458 4663 796 4731 κατηρτίσω.
842 4659 1134 4731 Scholion,
1182 4659 1333 4713 Ὠτία
1386 4659 1443 4731 δὲ
1489 4660 1736 4730 ἐσκαψάς
1788 4680 1901 4731 μοι.

330 4729 467 4783 ὠτία
489 4732 544 4783 δὲ
582 4729 1000 4791 κατεσκεύασας
1029 4746 1139 4798 μοι.
1177 4739 1232 4783 et
1260 4730 1405 4783 aliud
1438 4731 1612 4786 schol.
1639 4729 1721 4784 Τὰ
1770 4729 1908 4785 ὠτία

330 4801 387 4853 δὲ
416 4802 730 4870 κατηρτίσω
771 4817 882 4869 μοι,
918 4801 947 4850 ό
980 4801 1253 4869 μακάριος
1284 4799 1492 4870 Παῦλος
1524 4803 1603 4864 είς
1654 4805 1714 4855 τὸ
1746 4802 1905 4870 σῶμα

337 4869 653 4941 μεταϐαλὼν
683 4870 926 4939 εἴρηκεν,
953 4870 1053 4941 οὐκ
1080 4870 1289 4941 ἀγνοῶν
1311 4870 1373 4922 τὸ
1423 4869 1740 4941 Ἐϐραῖκὸν,
1769 4869 1905 4927 ἀλλὰ

332 4940 470 5009 πρὸς
491 4942 617 5010 -τὸν
644 4943 857 5010 οἰκεῖον
880 4939 1082 4992 σκοπὸν
1107 4940 1285 5010 τούτῳ
1317 4939 1687 5010 χρησάμενος.
1729 4943 1904 4997 (ἐπιε-

332 5008 455 5063 rum
490 5008 687 5083 Paulus
724 5008 1130 5083 LXX_virorum
1162 5008 1661 5083 interpretatiimem
1684 5023 1905 5069 secutus

333 5080 561 5147 esu-qui
596 5080 794 5151 habent
824 5079 984 5151 σῶμα
1032 5095 1139 5133 nou
1183 5080 1360 5134 ὠτία’
1425 5079 1620 5151 hisque
1664 5085 1906 5139 adhaeret

332 5160 541 5222 noster,
575 5159 627 5202 et
655 5149 801 5222 hunc
835 5149 1034 5204 Psalmi
1067 5152 1245 5204 locum
1273 5152 1367 5222 sic,
1402 5149 1651 5222 explicat,
1709 5169 1905 5222 quem-

333 5220 621 5274 admodum
657 5228 709 5272 et
737 5219 1161 5291 Chrysostomus
1192 5219 1483 5290 accepisse
1504 5219 1741 5277 videtur.
1766 5222 1902 5277 Nam

332 5291 422 5344 hic
454 5289 892 5363 commemoratis
924 5289 1075 5363 Pauli
1136 5289 1356 5363 verbis:
1416 5292 1544 5346 Ideo
1606 5294 1902 5363 ingrediens

330 5361 589 5414 mundum
623 5360 789 5412 dicit:
814 5359 1049 5413 Hostiam
1077 5370 1125 5415 et
1157 5361 1476 5416 oblationem
1508 5359 1746 5428 noluiéti,
1782 5381 1903 5416 car-

329 5448 430 5503 pus
455 5440 633 5503 autem
663 5431 862 5503 aptasti
893 5431 1109 5503 ntilti,et
1137 5448 1257 5501 QUIB
1295 5444 1596 5503 sequuntur
1622 5433 1709 5503 (ad
1738 5434 1900 5489 Hebr.

332 5517 387 5566 χ,
417 5500 940 5574 5),_jamisubnecti_t
1000 5500 1160 5574 haec:
1200 5500 1386 5574 Ὁρᾷς
1416 5504 1579 5556 πάλιν
1631 5500 1733 5573 τὴν
1800 5521 1902 5556 πε-

370 5571 576 5643 ιουσίαν
601 5588 615 5637 ;
645 5571 780 5633 Μία,
805 5570 988 5643 φησὶν,
1018 5571 1152 5641 αὑτὴ
1180 5574 1213 5643 ἡ
1238 5570 1420 5636 θύσία,
1457 5577 1661 5626 ἐκεῖναι
1687 5570 1750 5627 ’δὲ
1780 5573 1903 5627 πολ-

370 5588 576 5624 ιουσιαν
601 5588 615 5637 ;
645 5588 780 5633 Μια,
805 5588 988 5640 φησιν,
1018 5588 1152 5641 αυτη
1180 5588 1213 5643 η
1238 5588 1420 5636 υυσια,
1457 5588 1661 5626 εκειναι
1694 5588 1750 5627 οε
1780 5588 1900 5627 πολ-

328 5588 439 5695 λαί.
469 5645 568 5714 Διὰ
601 5643 720 5714 γὰρ,
740 5642 1026 5714 τοῦτολούκ
1057 5644 1294 5714 ἰσχυραὶ,
1331 5644 1520 5714 ἐπειδὴ
1552 5644 1745 5697 πολλαί
1775 5661 1789 5709 ;
1833 5645 1900 5696 Τί

330 5658 439 5695 aut.
469 5658 568 5695 Δια
601 5658 675 5709 γα
740 5658 897 5693 τουτο
925 5658 1026 5694 ουκ
1057 5658 1294 5713 ισχυραι,
1331 5658 1520 5714 επειοη
1552 5658 1743 5697 πολλαι
1775 5661 1789 5709 ;
1833 5658 1898 5696 ἰι

328 5714 436 5782 γάρ
474 5712 579 5784 εδει
606 5658 839 5776 πολλῶν,
879 5710 1000 5764 εἰπέ
1027 5713 1270 5784 tmarii];
1323 5716 1472 5784 tua;
1511 5714 1806 5784 ἀρκούσης.
1844 5714 1898 5768 Id

326 5790 443 5839 est:
490 5782 641 5836 Vides
666 5798 727 5835 ne
749 5798 957 5835 rursum
985 5783 1361 5839 abundantiam
1386 5782 1673 5848 ?Una‘est,
1706 5786 1898 5852 inquit,

333 5862 443 5909 lucc
471 5852 666 5922 hostia,
691 5852 802 5909 illa:
833 5861 1007 5907 autem
1031 5853 1234 5907 multae.
1263 5852 1401 5907 Nam
1433 5856 1547 5909 ideo
1573 5872 1661 5911 nec
1687 5854 1896 5919 validm,

2072 4661 2153 4714 'At
2178 4675 2306 4715 vero
2332 4661 2555 4716 Drusius
2586 4662 2667 4715 sic
2693 4662 2975 4715 lectionem
3006 4662 3413 4730 quodammodo
3458 4677 3585 4716 coa-

2015 4742 2255 4800 gmentat
2285 4740 2571 4800 utramque
2604 4749 2618 4785 :
2658 4749 2677 4781 ι
2713 4732 2946 4800 Corpus,
2988 4731 3184 4800 inquit,
3215 4734 3410 4799 aptasti
3447 4734 3582 4785 mihi

2013 4817 2175 4855 aures
2212 4801 2557 4870 perloraudo,
2598 4817 2708 4871 quo
2739 4802 2841 4855 ritu
2883 4817 3083 4869 corpus
3137 4811 3321 4869 aptum
3391 4804 3584 4855 redde-

2014 4871 2173 4925 batur
2212 4871 2278 4925 ad
2305 4874 2626 4941 obsequium
2662 4871 2741 4925 vel
2781 4873 3064 4926 servitium
3100 4873 3238 4933 lteri,
3280 4872 3365 4941 cui
3402 4875 3581 4938 perfu-
3608 4919 3624 4936 ,

2012 4952 2165 4995 ratus
2204 4958 2364 4996 aures
2392 4940 2720 4996 inServiebat
2745 4958 2919 5011 usque
2951 4946 3014 4995 ad
3042 4958 3244 4994 annum
3268 4940 3577 4997 Jubilaeum.

2011 5011 2144 5064 Nam
2176 5014 2307 5082 quin
2337 5027 2401 5065 co
2434 5014 2733 5081 respexerit
2778 5016 3073 5081 propheta,
3105 5012 3313 5064 nullum
3356 5013 3580 5066 omnino

2009 5082 2232 5136 dubium
2264 5091 2365 5136 est.
2402 5102 2421 5134 ι
2458 5085 2712 5152 Desiguat
2782 5099 2974 5151 nempe
3021 5091 3185 5149 caput
3235 5097 3326 5133 xm
3383 5082 3577 5146 ondi,

2010 5153 2102 5208 ubi
2163 5170 2218 5208 n.
2252 5153 2305 5215 5,
2337 5153 2599 5220 scriptum
2633 5164 2754 5208 est:
2792 5152 2944 5217 Quod
2970 5153 3015 5205 si
3041 5153 3234 5203 dixerit
3262 5168 3460 5214 servus,
3485 5152 3580 5203 Di-

2007 5223 2112 5291 ligo
2150 5225 2422 5275 dominum
2453 5239 2624 5274 meum
2647 5234 2695 5276 et
2716 5239 2930 5275 uxorem
2966 5240 3027 5275 ac
3057 5223 3272 5285 liberos,
3304 5238 3404 5273 non
3437 5239 3582 5291 egre-

2007 5294 2128 5346 diar
2158 5294 2291 5346 liber
2325 5309 2342 5346 :
2376 5293 2557 5361 offeret
2585 5310 2704 5345 eum
2748 5296 2993 5345 dominus
3023 5293 3129 5345 diis
3163 5294 3237 5361 (id
3266 5301 3349 5345 est
3370 5293 3580 5359 judici-

2007 5363 2150 5434 bus),
2185 5375 2233 5417 et
2273 5362 2730 5434 applicabiturgad
2784 5364 2978 5415 ostium
3004 5372 3052 5415 et
3090 5374 3284 5431 postes,
3324 5363 3583 5434 perfora-

2006 5432 2182 5502 bitq'ue
2211 5432 2391 5493 aurem
2427 5433 2540 5499 ejus
2564 5432 2778 5497 subula,
2818 5444 2867 5486 et
2894 5435 2994 5486 erit
3026 5434 3072 5484 ei
3108 5449 3289 5502 servus
3318 5432 3371 5483 in
3406 5450 3577 5485 saecu-

2004 5500 2137 5559 lun't.
2177 5505 2332 5570 Quod
2365 5503 2507 5583 idem
2542 5513 2626 5557 est
2684 5515 2847 5573 atque
2880 5505 2933 5556 iu
2996 5518 3201 5556 annum
3262 5500 3578 5583 .lubilamm2

2003 5577 2096 5643 qui
2131 5574 2585 5643 quinquagesimo
2632 5588 2847 5643 quoque
2911 5588 3055 5625 anno
3108 5574 3460 5627 recurrebat:
3524 5574 3576 5625 id

2002 5641 2203 5713 quippe
2246 5641 2505 5712 tetnporis
2533 5647 2766 5711 spatium
2803 5641 3060 5713 Hebr-aus
3120 5645 3377 5696 saeculum
3438 5654 3577 5697 erat.

2076 5712 2151 5784 (ti)
2184 5714 2372 5767 Matth.
2408 5714 2683 5784 “$1.20.
2706 5713 2777 5766 At
2828 5714 3022 5765 desunt
3052 5712 3103 5784 in
3151 5714 3404 5784 vulgatis,
3455 5728 3581 5782 (tua:

2003 5782 2173 5841 habes
2204 5793 2327 5855 post
2350 5784 2410 5837 τὸ
2437 5783 2596 5853 σῶμά
2623 5800 2747 5852 μου,
2783 5784 2968 5854 utjam
3002 5782 3404 5840 adnotavimus.
