4172 6516
563 358 671 423 935

1736 362 1797 419 S.
1832 356 2753 421 GREGORII'AGRIGENTINI

3758 360 3862 426 936

565 476 736 535 enim,
768 469 970 540 inquit,
1003 469 1202 535 edocti,
1229 470 1316 525 bis
1350 470 1550 526 initiati
1576 473 1879 545 mysteriis,
1908 483 2073 542 atque
2102 473 2152 525 in

2266 468 2659 540 μισανθρώπου
2695 470 2791 523 καὶ
2826 467 3181 540 μισοχρίστου
3222 468 3316 525 καὶ
3343 468 3671 538 δυσμενοῦς.
3720 471 3861 525 Τού-

565 579 694 617 vera
727 562 1072 633 professione
1101 561 1212 617 Deo
1242 561 1488 619 universi
1518 574 1841 618 constanter
1866 566 2153 619 adhmrcn-

567 666 669 720 tes,
706 665 909 707 αξιοι-ηε
942 653 1081 723 apud
1115 669 1241 707 eum
1283 655 1469 709 laetitia
1519 654 1898 726 perfruemini.
1934 657 2090 711 Sicut
2127 671 2158 709 e

567 745 847 801 contrario
889 747 982 814 qui
1033 746 1259 801 minime
1307 748 1658 812 crediderint,
1696 748 1813 805 sive
1845 749 1912 804 de
1938 751 2154 821 primis,

568 854 685 894 Sive
723 839 789 894 de
818 840 1159 902 novissimis,
1190 840 1340 894 omni
1376 857 1602 909 prorsus
1635 844 1835 912 gaudio
1866 844 2155 906 carebunt,

570 931 715 1000 quod
775 942 829 986 et
886 932 941 985 in
1000 933 1139 1002 ipso,
1176 941 1230 987 et
1287 948 1384 1002 per
1430 932 1607 1002 ipsum
1661 933 1779 987 dari
1818 933 1998 998 debet,
2042 943 2155 987 tam

573 1027 662 1079 hic
710 1040 806 1094 per
845 1026 1132 1097 mysticam
1167 1026 1666 1096 participationem,
1700 1042 1864 1095 quam
1908 1028 1961 1079 in
1996 1026 2161 1080 (ταξιο-

570 1135 691 1173 rum
740 1135 909 1190 regno
956 1120 1177 1189 vitaque
1229 1118 1435 1173 futura.
1476 1119 1663 1191 Itaque
1705 1135 1925 1174 rursum
1963 1120 2161 1188 adjecit

572 1214 758 1267 statim
792 1227 805 1265 :

2266 577 2376 613 των
2402 561 2533 628 γὰρ,
2561 558 2746 628 φησὶν,
2779 557 3086 623 ὲπαῖόντες,
3111 558 3208 612 καὶ
3233 560 3354 621 ταῖς
3380 558 3662 623 τοιαύταις
3691 576 3861 629 μυστ-

2265 652 2537 721 αγωγίαις
2595 651 2989 716 πιστωθέντες,
3053 652 3148 704 καὶ
3198 651 3593 721 βεϐαιωθέντες
3634 655 3716 716 εἰς
3759 656 3861 727 τὴν

2261 744 2536 814 εἰλικρινῆ
2568 743 2758 796 πίστιν
2785 743 2886 813 τὴν
2914 742 3052 813 πρὸς
3078 744 3169 796 τὸν
3204 746 3296 797 ἐπὶ
3320 744 3542 799 πάντων
3575 746 3731 813 Θεὸν,
3763 750 3857 801 εὑ-

2264 836 2646 907 φρανθήσεσθε
2675 834 2764 889 ἐπ’
2788 834 2941 905 αὑτῷ
2962 836 3061 905 τὴν
3087 835 3307 888 αίώνιον
3340 837 3707 911 εὐφροσύνην.
3733 842 3865 893 "ﬂa—

2266 944 2371 997 περ
2399 924 2638 997 ἔμπαλιν
2664 929 2711 981 οἱ
2748 924 2824 997 μὴ
2852 926 3252 985 πιστεύσαντες
3279 928 3373 980 καὶ
3398 928 3507 981 τῶν
3544 931 3861 1002 ἔμπροσθεν

2260 1020 2355 1072 καὶ
2378 1019 2489 1071 τῶν
2528 1018 2794 1088 ἐσχάτων,
2820 1019 3363 1090 ἀποστερηθήσονται
3387 1022 3573 1091 πάσης
3599 1024 3858 1095 εὐφροσύ-

2261 1128 2361 1181 νης
2409 1111 2510 1181 τῆς
2560 1110 2647 1161 ἐπ’
2684 1108 2855 1179 αὐτῷ,
2894 1111 2988 1163 καὶ
3033 1109 3101 1163 δι’
3127 1110 3296 1164 αὐτοῦ
3344 1112 3738 1183 δοθησομένης,
3771 1119 3861 1169 καὶ

2264 1202 2358 1254 νῦν
2413 1201 2501 1255 διὰ
2542 1204 2645 1272 τῆς
2695 1204 2968 1273 μυστικῆς
3006 1203 3388 1273 μεταλήψεως,
3422 1206 3517 1258 καὶ
3572 1209 3719 1261 κατά
3764 1209 3861 1279 τὴν

2266 1290 2572 1363 μέλλουσαν
2604 1294 2752 1363 ζωὴν
2784 1296 2844 1347 ὲν
2872 1297 2938 1364 τῇ
2975 1294 3226 1366 βασιλείᾳ
3251 1294 3357 1352 τῶν
3385 1296 3651 1367 οὐρανῶν.
3702 1300 3862 1371 Ἀμέο

2264 1383 2345 1437 λει
2368 1386 2552 1439 τοίνυν
2582 1386 2805 1456 ἁμέσως
2832 1386 2994 1451 αὖθις
3023 1389 3277 1458 ἐπήγαγε
3307 1402 3321 1416 ο

2154 1497 2181 1571 §
2226 1497 2292 1554 v.

641 1615 772 1673 CAP.
795 1616 858 1674 V.
876 1614 1114 1682 Vens.2,
1136 1617 1189 1672 5.
1210 1615 1338 1671 Noli
1362 1616 1617 1686 festinare
1646 1617 1702 1671 in
1735 1633 1824 1671 ore
1854 1623 1964 1682 tuo,
1991 1624 2041 1671 et
2071 1633 2156 1670 cor

2333 1618 2431 1686 Μὴ
2467 1619 2699 1673 σπεῦδε
2728 1619 2827 1673 ἐπὶ
2860 1620 3117 1689 στόματί
3161 1638 3301 1687 σου,
3351 1624 3452 1677 καὶ
3497 1626 3714 1691 καρδία
3744 1643 3861 1684 σου

576 1720 723 1765 tuum
741 1728 843 1765 non
862 1722 1100 1782 properet
1114 1714 1183 1767 ad
1197 1712 1569 1781 proferendum
1588 1714 1797 1764 verbum
1814 1712 1868 1762 in
1886 1718 2163 1779 conspectu

575 1803 674 1859 Dei
704 1820 722 1858 :
749 1806 875 1874 quia
903 1807 1038 1859 Deus
1068 1807 1121 1857 in
1152 1806 1299 1867 caelo,
1334 1815 1380 1858 et
1411 1814 1467 1857 tu
1497 1821 1653 1873 super
1677 1816 1899 1857 terram.
1938 1802 2164 1870 Propter

574 1895 671 1949 hoc
692 1896 799 1948 sint
828 1898 979 1949 verba
1026 1905 1119 1948 tua
1155 1912 1365 1963 pauca;
1396 1897 1525 1966 quia
1569 1895 1780 1948 advenit
1816 1896 2074 1948 somnium
2106 1896 2163 1947 in

575 1988 920 2042 multitudine
940 1989 1355 2054 sollicitudinis;
1376 1998 1427 2041 et
1452 2004 1549 2042 vos;
1572 1987 1724 2042 stulti
1746 1989 1800 2041 in
1822 1988 2163 2041 multitudine

573 2093 873 2131 sermonum
905 2079 1006 2148 (7).

645 2249 920 2307 Hactenus
962 2253 1185 2322 sapiens
1237 2251 1598 2309 Ecclesiastes
1655 2266 1759 2309 eos
1812 2252 2157 2317 cohortatus,

573 2343 667 2412 qui
688 2344 916 2399 domum
947 2344 1040 2396 Dei
1070 2344 1474 2413 ingrediuntur,
1504 2361 1573 2398 ne
1599 2360 1949 2415 praepropere
1977 2345 2159 2401 disce-

573 2435 725 2497 dant,
758 2447 895 2485 neve
929 2430 1058 2485 dum
1093 2432 1240 2486 intus
1276 2443 1477 2500 aStaut,
1506 2434 1724 2490 divinas
1760 2435 1996 2490 Litteras
2024 2451 2162 2491 con-

566 2525 852 2580 temnendi
895 2525 1080 2580 animo
1129 2536 1225 2580 aut
1267 2526 1561 2581 cavillandi
1608 2528 1793 2582 studio
1825 2529 2071 2593 audiant,
2104 2536 2160 2583 at

571 2630 791 2669 omnem
825 2624 883 2668 ut
906 2631 1096 2669 curam
1120 2631 1188 2671 ac
1218 2618 1557 2687 diligentiam
1596 2618 1750 2689 131
1778 2617 2155 2687 pricseferant,

572 2715 1027 2776 concurrantque
1060 2715 1115 2761 et
1143 2709 1408 2765 accedant
1439 2710 1686 2781 propius,
1728 2720 1790 2763 ut
1821 2726 1945 2778 quae
1978 2711 2157 2778 perle-

571 2804 797 2864 guntur,
834 2796 1151 2861 exaudiant,
1183 2798 1298 2853 sive
1326 2815 1395 2852 ex
1424 2798 1577 2854 Novo
1609 2804 1725 2855 sive
1755 2816 1821 2854 ex
1852 2799 2030 2854 Veteri
2056 2799 2157 2855 Te-

572 2896 870 2951 stamento,
905 2889 1046 2942 unde
1076 2898 1333 2945 teternam
1361 2892 1527 2945 vitam
1560 2892 1903 2961 salutemque
1934 2892 2156 2949 haurire

566 2990 803 3051 possunt
839 2996 852 3033 :
888 2984 964 3035 ait
996 2982 1197 3052 quippe
1226 2982 1494 3039 Dominus
1528 3000 1543 3035 :
1578 3002 1595 3034 ι
1639 2981 1973 3038 Scrutamini
2008 2982 2154 3040 Scri»
2184 2966 2226 3024 (ἶ

566 3085 777 3142 pturas,
831 3075 959 3144 quia
1013 3076 1215 3144 putatis
1278 3077 1328 3128 in
1367 3076 1503 3147 ipsis
1540 3078 1711 3130 vitam
1745 3086 2007 3131 aeternam
2055 3076 2155 3129 lia-

569 3165 701 3220 bere
731 3167 812 3233 '9;
847 3185 865 3217 ›
914 3182 1061 3221 nunc
1117 3168 1279 3221 aliam
1335 3184 1529 3223 rursus
1591 3169 1887 3237 impietatis
1929 3184 2153 3223 causam

570 3260 793 3325 avertit,
828 3270 1147 3331 perpetuam
1190 3278 1208 3311 ι
1242 3261 1322 3314 ori
1354 3261 1666 3315 custodiam
1712 3263 2017 3329 ponendam
2058 3263 2154 3317 ad—

571 3365 827 3412 monens,
858 3359 911 3403 et
935 3350 1098 3403 labiis
1134 3368 1151 3400 s
1199 3353 1401 3404 ostium
1430 3350 1921 3415 circumstantiae‘,
1964 3369 1980 3401 ι
2015 3365 2155 3419 quo-

572 3443 894 3509 tiescunque
939 3456 1127 3496 sacras
1164 3441 1400 3496 Litteras
1434 3442 1687 3504 audiunt,
1720 3442 1959 3495 divinam
2002 3441 2151 3494 illam

569 3543 624 3589 et
655 3534 925 3589 cbaritate
954 3534 1244 3603 insignem,
1279 3544 1333 3589 at
1371 3534 1597 3591 minime
1631 3534 1995 3603 indagahilem
2033 3533 2156 3588 Uni-

566 3627 736 3697 geniti
772 3626 1279 3680 inhumanationem
1309 3666 1324 3689 ,
1352 3627 1436 3680 vel
1462 3634 1763 3696 antequam
1817 3625 1986 3689 fieret,
2011 3641 2151 3694 pra:—

572 3719 911 3782 nuntiantes,
949 3719 1033 3771 vel
1062 3726 1355 3786 postquam
1390 3716 1638 3789 perfecta
1670 3728 1775 3782 est,
1808 3727 2151 3781 enarrantcs,

571 3823 636 3863 ac
664 3806 962 3863 divinitatis
992 3808 1114 3876 ejus
1148 3816 1201 3859 et
1229 3807 1485 3875 potentia:
1518 3807 1987 3877 magnificentiam
2023 3824 2154 3878 pro—

570 3900 763 3959 dentes
788 3918 800 3952 :
828 3915 893 3953 ne
917 3900 1126 3953 scilicet
1159 3900 1421 3953 audacter
1448 3916 1512 3953 ac
1544 3911 1770 3964 temere,
1799 3917 1940 3971 quos
1967 3916 2153 3959 secum

569 3993 675 4063 ipsi
731 3994 1088 4056 meditantur,
1145 3993 1482 4047 infidelitatis
1534 4009 1817 4048 sermones
1870 3994 2157 4064 proferant

571 4087 753 4152 labiis,
793 4102 859 4142 ac
897 4103 1010 4141 rem
1046 4085 1155 4141 Deo
1183 4087 1462 4159 indignam
1504 4104 1626 4143 esse
1661 4090 1930 4154 dictitant,
1974 4090 2152 4158 ipsum

570 4179 830 4233 ineﬂ'abili
894 4196 1023 4250 erga
1082 4180 1335 4236 homines
1393 4196 1580 4236 amore
1624 4182 1901 4235 hominem
1951 4182 2153 4236 factum

567 4287 714 4336 esse,
742 4273 922 4340 qualis
950 4274 1186 4342 quisque
1218 4283 1467 4328 nostrum
1504 4283 1611 4335 est,
1642 4275 1736 4343 qui
1770 4289 1935 4342 supra
1973 4273 2155 4327 homi—

569 4379 693 4418 nem
727 4364 909 4426 l'uerit,
933 4379 998 4418 ac
1021 4365 1251 4432 formam
1280 4366 1350 4418 ab
1370 4380 1436 4419 eo
1466 4367 1603 4419 servi
1634 4375 1965 4434 assumptum
1988 4368 2028 4428 ³,
2060 4367 2154 4435 qui

567 4471 784 4509 omnem
820 4455 1034 4509 excedit
1061 4458 1450 4522 substantiam,
1483 4474 1819 4528 omnemque
1867 4474 2156 4528 supergre-

568 4547 719 4600 ditur
746 4547 1165 4617 intelligentiam
1201 4558 1362 4618 atqne
1387 4550 1981 4619 circumscriptionem,
2016 4566 2157 4604 unus

566 4638 1140 4708 incomprehensibilis
1170 4658 1182 4693 :
1216 4649 1272 4695 at
1302 4651 1493 4696 contra
1523 4652 1581 4697 ut
1618 4644 1741 4697 inde
1772 4652 2002 4698 avocent
2033 4644 2155 4698 ani-

566 4748 737 4799 mum,
773 4747 1011 4801 eumque
1048 4733 1384 4801 cupidiorem
1428 4750 1492 4788 ac
1534 4737 1923 4790 studiosiorem
1966 4745 2152 4792 osten-

562 4827 695 4879 dant
721 4825 1153 4889 institutionum,
1179 4841 1298 4895 qua:
1329 4829 1501 4882 sacris
1536 4829 1587 4881 in
1624 4829 1845 4885 Litteris
1870 4831 2150 4885 contincno

561 4924 651 4970 tur
684 4915 825 4969 circa
857 4930 920 4968 ea
951 4930 1074 4983 quae
1127 4925 1181 4969 et
1213 4916 1360 4969 credi
1390 4932 1419 4969 a
1450 4919 1607 4972 nobis
1647 4931 1702 4973 et
1733 4920 1971 4988 parendo
2002 4936 2149 4989 pras-

561 5008 698 5063 stari
730 5016 985 5077 oporteat
1024 5025 1037 5063 :
1066 5009 1249 5073 itaque
1271 5010 1445 5063 multo
1470 5012 1640 5081 magis
1676 5023 1924 5076 caveant,
1956 5030 2021 5067 ne
2042 5013 2149 5067 sibi

558 5117 624 5156 ex
651 5118 747 5155 ore
778 5101 1003 5154 verbum
1041 5101 1258 5154 excidat
1291 5102 1625 5156 infidelitatis
1663 5116 1755 5158 aut
1796 5106 2150 5174 blasphemiae

558 5194 822 5248 adversus
866 5208 990 5246 eum
1026 5193 1119 5262 qui
1155 5209 1257 5249 nos
1290 5194 1535 5247 condidit
1577 5206 1743 5265 atque
1778 5196 2057 5262 formavit,
2086 5206 2146 5252 et

558 5286 841 5339 renovabit
878 5301 1100 5340 rursum
1150 5287 1507 5357 restituetque
1542 5303 1615 5344 ac
1638 5289 1691 5342 in
1722 5290 1917 5344 melius
1957 5298 2144 5346 trans~

555 5378 835 5433 formabit.
2146 5386 2157 5397 '

624 5624 669 5656 9"
695 5623 855 5679 Joan.
881 5642 932 5687 v,
961 5626 1051 5680 59.
1138 5628 1153 5658 ¹
1186 5626 1332 5682 Psal.
1367 5642 1513 5693 cxu,
1546 5629 1600 5681 '5.
1687 5631 1706 5660 ¹
1740 5628 1977 5703 Philipp.
2014 5653 2074 5700 ιι,
2112 5635 2165 5691 7.

625 5739 702 5826 (in)
737 5740 947 5810 Olymp.
986 5743 1162 5824 Exi-7(1)
1193 5745 1405 5816 οὐρανῷ
1480 5748 1608 5811 ἄνω,
1661 5748 1754 5801 καὶ
1811 5752 1874 5804 σὺ
1935 5752 2028 5806 ἐπὶ
2081 5757 2183 5826 τῆς
2225 5754 2329 5825 γῆς
2390 5760 2561 5816 κάτω.

551 5809 743 5881 πλήθει
784 5809 1124 5882 πειρασμῶν.

2260 1709 2347 1777 μὴ
2405 1712 2710 1778 ταχυνέτω
2771 1712 3081 1783 ἐξενέγκαι
3127 1715 3315 1783 λόγον
3369 1717 3485 1783 πρὸ
3532 1721 3857 1784 προσώπου

2266 1802 2373 1856 τοῦ
2411 1805 2582 1865 Θεοῦ,
2611 1804 2703 1857 ὅτι
2748 1808 2782 1858 ὀ
2811 1805 2956 1871 Θεὸς
2994 1809 3065 1859 ἐν
3105 1807 3183 1873 τῷ
3216 1809 3475 1877 οὐρανῷ,
3518 1814 3616 1865 καὶ
3648 1814 3729 1868 σὺ
3757 1816 3854 1869 ἐπὶ

2264 1895 2376 1963 τῆς
2446 1896 2579 1965 γῆς.
2633 1899 2738 1951 Διὰ
2800 1899 2977 1951 τοῦτο
3046 1901 3331 1954 ἔστωσαν
3387 1906 3443 1957 οἱ
3502 1906 3669 1974 λόγοι
3737 1925 3855 1963 σου

2260 1988 2489 2057 ὀλίγοιο
2545 1989 2638 2043 ὅτι
2687 1992 3077 2061 παραγίνεται
3143 1993 3438 2049 ἐνύπνιον
3503 1998 3573 2050 ἐν
3632 2002 3855 2068 πλήθει

2264 2082 2634 2150 πειρασμοῦο
2704 2084 2804 2135 καὶ
2856 2083 3026 2152 φωνὴ
3078 2085 3342 2153 ἄφρονος
3382 2088 3453 2141 ἐν
3491 2090 3706 2157 πλήθει
3751 2094 3859 2146 λό-

2263 2190 2404 2241 των.

2346 2264 2816 2337 ’Δσφαλισάμενος
2858 2268 2885 2321 6
2918 2268 3085 2337 σοφὸς
3126 2269 3568 2344 Ἐκκλησιαστὴς
3602 2276 3730 2339 τοὺς
3762 2277 3861 2329 ἀν-

2262 2353 2540 2424 θρώπους,
2573 2358 2649 2428 μὴ
2678 2359 2892 2428 ταχέως
2919 2360 3124 2427 ἐξιέναι
3150 2362 3248 2415 τοῦ
3272 2365 3424 2417 οἴκου
3447 2365 3542 2420 τοῦ
3568 2367 3705 2421 Θεοῦ
3735 2369 3861 2433 τοὺς

2261 2448 2345 2508 είς
2388 2449 2552 2502 αὑτὸν
2602 2451 2906 2513 εἰσιόντας
2961 2454 3101 2523 μήτε
3135 2454 3244 2525 μὴν
3286 2456 3343 2509 ἐν
3374 2457 3510 2529 οἴκῳ
3546 2459 3681 2513 Θεοῦ
3718 2479 3862 2533 παρ-

2262 2539 2593 2609 ισταμένους
2629 2544 3127 2613 καταφρονητικῶς
3173 2547 3270 2599 καὶ
3301 2550 3861 2623 παραλελογισμένως

2260 2632 2399 2701 πρὸς
2440 2634 2540 2702 τὴν
2572 2634 2838 2704 ἀκρόασιν
2878 2626 3356 2694 διατίθεσθαιτῶν
3384 2642 3544 2697 θείων
3584 2646 3624 2698 Γ
3630 2649 3817 2716 ραφῶν
3838 2664 3860 2684 ο

2258 2724 2397 2778 ἀλλά
2439 2728 2623 2779 πᾶσαν
2657 2729 2982 2797 ἐπιμέλειαν
3015 2732 3111 2785 καὶ
3154 2735 3398 2805 σπουδὴν
3443 2738 3856 2796 ἐπιδείκνυσθαι

2259 2822 2354 2871 καὶ
2380 2820 2693 2891 συντρέχειν
2718 2823 2812 2874 καὶ
2837 2825 3234 2894 προσεγγίζειν
3256 2829 3351 2880 καὶ
3376 2830 3698 2900 πλησιάζειν
3723 2836 3859 2905 πρὸς

2258 2912 2322 2963 τὸ
2363 2913 2587 2965 ἀκούειν
2619 2914 2728 2968 τῶν
2762 2918 3292 2990 ἀναγινωσκομένων
3326 2923 3563 2995 Γραφῶν
3606 2927 3711 2997 τῆς
3742 2931 3856 2982 Πα-

2260 3003 2420 3068 λαιᾶς
2470 3007 2565 3058 καὶ
2609 3009 2820 3079 Καινῆς
2850 3012 3148 3082 Διαθῆκης,
3181 3015 3248 3067 δι’
3279 3010 3353 3068 ῶν
3395 3019 3463 3071 τὰ
3491 3018 3857 3093 προξενοῦντα

2256 3096 2361 3165 τὴν
2406 3096 2626 3151 αἰώνιον
2675 3099 2823 3170 ζωὴν
2871 3104 2966 3155 καὶ
3012 3106 3291 3176 σωτηρίαν
3336 3108 3723 3179 εὑρίσκουσιν
3762 3117 3858 3168 καὶ

2260 3188 2370 3258 γάρ
2394 3206 2559 3258 φησιν
2583 3193 2610 3242 ὁ
2635 3191 2843 3263 Κύριος
2864 3212 2877 3223 ·
2906 3213 2924 3243 ι
2969 3196 3257 3265 Ἐρευνᾶτε
3282 3200 3381 3262 τὰς
3409 3201 3660 3272 Γραφάς,
3686 3206 3767 3258 ὅτι
3798 3208 3863 3261 ἐν

2261 3278 2453 3343 αὑταῖς
2480 3282 2691 3335 δοκεῖτε
2720 3283 2867 3356 ζωὴν
2892 3286 3279 3358 αίώνιονέχειν
3300 3308 3313 3322 ·
3356 3311 3373 3341 ι
3412 3292 3508 3344 νῦν
3541 3291 3699 3358 αὖθις
3736 3298 3857 3350 ἑτέ-

2266 3387 2365 3440 ραν
2399 3372 2657 3437 ἀσεσείας
2688 3376 2868 3429 αἰτίαν
2902 3382 3355 3449 προαναστέλλει,
3400 3389 3736 3457 παρεγγυῶν
3772 3408 3859 3443 τις

2252 3461 2414 3515 θέναι
2445 3481 2465 3514 ι
2505 3464 2753 3536 φυλακὴν
2783 3470 2842 3521 ἐν
2871 3468 2949 3540 τῷ
2975 3471 3205 3541 στόματι
3247 3493 3265 3524 ι
3308 3476 3566 3541 πάντοτε,
3601 3481 3694 3532 καὶ
3741 3485 3858 3546 τοῖς

2263 3553 2467 3624 χείλεσι
2503 3574 2523 3606 s
2563 3556 2732 3625 θύραν
2769 3561 3056 3629 περιοχῆς,
3097 3580 3117 3613 ι
3157 3563 3320 3633 ἡνίκα
3368 3567 3498 3637 περὶ
3542 3568 3644 3637 τῆς
3696 3569 3862 3635 ἀνεξ-

2266 3646 2543 3714 ιχνιάστου
2590 3649 2683 3699 καὶ
2720 3649 3109 3720 φιλανθρώπου
3141 3655 3235 3707 καὶ
3260 3655 3420 3720 θείας
3469 3659 3857 3728 σωματώσεως

2258 3735 2356 3789 τοῦ
2394 3738 2735 3805 Μονογενοῦς
2768 3741 3076 3807 ἐπαΐουσιν,
3104 3745 3136 3815 ἢ
3168 3748 3275 3817 πρὸ
3303 3748 3396 3801 τοῦ
3427 3749 3682 3816 γενέσθαι
3716 3772 3854 3825 προ-

2260 3828 2650 3897 αγορευουσῶν
2680 3828 2792 3882 τῶν
2815 3830 2977 3884 θείων
3000 3833 3254 3903 Γραφῶν,
3279 3837 3311 3907 ἢ
3347 3840 3483 3906 μετά
3512 3841 3573 3893 τὸ
3596 3843 3851 3909 γενέσθαι

2254 3922 2665 3990 διηγουμένων,
2698 3925 2791 3976 καὶ
2823 3926 3177 3995 φανερουσῶν
3202 3931 3270 3981 τά
3304 3932 3568 3999 μεγαλεῖα
3602 3934 3699 4004 τῆς
3729 3935 3851 3987 θεός

2259 4028 2424 4081 τητος
2479 4013 2643 4064 αὑτοῦ
2695 4014 2791 4065 καὶ
2837 4014 3157 4083 δυνάμεως*
3210 4018 3346 4071 ἀλλὰ
3403 4019 3476 4089 μὴ
3522 4023 3663 4090 μετά
3702 4039 3850 4089 τινος

2263 4103 2553 4167 αὐθαδείας
2601 4106 2697 4159 καὶ
2742 4106 3066 4177 ταχύτητος,
3110 4108 3211 4177 τῆς
3263 4110 3524 4177 ἀπιστίας
3584 4118 3852 4185 προάγειν

2261 4197 2387 4258 τοὺς
2415 4196 2610 4263 λόγους
2641 4197 2728 4250 διὰ
2756 4198 2866 4250 τῶν
2890 4200 3137 4268 χειλέων,
3164 4200 3258 4265 οὓς
3287 4204 3344 4256 ὲν
3372 4207 3437 4274 τῇ
3474 4206 3623 4274 σφῶν
3652 4210 3855 4283 καρδίᾳ

2261 4284 2673 4355 διεηλθυμεῖσοαι
2704 4287 2977 4356 λέγοντες,
3007 4291 3226 4355 ἀνάξιον
3254 4289 3394 4347 εἶναι
3427 4295 3562 4349 Θεοῦ
3596 4301 3850 4366 γενέσθαι

2256 4374 2344 4426 διὰ
2376 4376 2788 4446 φιλανθρωπίαν
2822 4379 3048 4449 ἄφατον,
3074 4382 3364 4452 ἄνθρωπον
3387 4385 3463 4448 ὡς
3493 4387 3723 4443 ἕκαστον
3755 4392 3850 4444 ἄν-

2255 4467 2496 4538 θρωπον,
2543 4472 2647 4523 κᾶν
2702 4473 3141 4546 ὑπεράνθρωπον
3187 4477 3399 4546 γέγονε,
3456 4483 3549 4535 καὶ
3604 4485 3852 4555 μορφὴν

2252 4558 2480 4616 δούλου
2514 4564 2727 4617 λαϐεῖν
2748 4567 2858 4635 ⁵τὸν
2885 4569 3210 4640 ὑπερούσιον
3241 4573 3340 4625 καὶ
3371 4576 3553 4645 πάσης
3590 4580 3851 4653 ἐπέκεινα

2252 4653 2617 4722 καταλήψεως
2645 4656 2740 4707 καὶ⁵
2764 4660 3117 4731 περιγραφῆς
3149 4662 3244 4715 καὶ
3275 4665 3440 4732 μόνον
3464 4666 3845 4741 ἀπερινόητον·

2253 4742 2389 4795 ἀλλά
2425 4744 2518 4795 καὶ
2558 4746 2657 4816 τὴν
2696 4748 2928 4818 καρδίαν
2962 4752 3285 4821 ἀφιστάνειν
3332 4760 3424 4811 καὶ
3472 4779 3850 4832 προσεκτικω-

2253 4832 2419 4902 τέραν
2452 4836 2549 4888 καὶ
2591 4842 3015 4912 νουνεχεστέραν
3048 4845 3582 4917 ἐπιδεικνύναι’ταίς
3624 4858 3850 4927 εἰσηγή-

2254 4938 2372 4975 σεσι
2414 4925 2522 4979 τῶν
2559 4927 2723 4983 θείων
2766 4933 2806 4982 Γ
2811 4934 3021 5003 ραφῶν,
3056 4937 3192 5005 πρὸς
3224 4938 3286 4991 τὸ
3322 4943 3458 4996 πᾶσι
3482 4948 3595 5008 τοῖς
3634 4925 3851 5003 {ortiab—-

2249 5014 2360 5068 τῶν
2392 5015 2714 5089 λεγομένοις
2750 5025 2845 5078 καὶ
2886 5028 3164 5081 πιστεύειν
3201 5033 3295 5084 καὶ
3340 5036 3659 5107 πειθαρχεῖν
3684 5057 3697 5069 ·
3746 5044 3843 5095 καὶ

2252 5110 2435 5181 πολλῷ
2481 5114 2539 5167 δὲ
2584 5117 2785 5185 μᾶλλον
2823 5118 2897 5191 μὴ
2938 5125 3273 5196 προσφέρειν
3307 5128 3393 5183 διὰ
3437 5131 3530 5183 τοῦ
3578 5134 3848 5203 στὸματος

2251 5201 2411 5269 λόγον
2465 5206 2725 5272 ἀπιστίας
2768 5212 2799 5280 ἢ
2843 5213 3196 5286 βλασφημίας
3244 5223 3387 5274 κατὰ
3432 5224 3527 5275 τοῦ
3560 5201 3848 5291 κτίσαντος

2253 5294 2404 5363 ἡμᾶς
2430 5299 2524 5350 καὶ
2550 5300 3063 5373 διαμορφὼσαντος,
3090 5311 3185 5363 καὶ
3212 5312 3375 5365 πάλιν
3402 5316 3849 5384 ἀνακαινίσοντος

2252 5388 2351 5439 καὶ
2397 5396 2989 5464 μεταστοιχειώσοντος
3022 5407 3116 5457 καὶ
3152 5406 3289 5475 πρὸς
3319 5407 3381 5460 τὸ
3420 5414 3667 5478 κρεῖττον
3710 5415 3845 5467 ἁνα-

2252 5481 2653 5551 μορφώσοντος.

2600 5804 2613 5817 .
2650 5801 2663 5816 .
2699 5764 2791 5818 ἐπὶ
2844 5768 3052 5824 τούτων
3102 5770 3350 5827 ἔστωσαν
3382 5772 3432 5824 οί
3470 5772 3639 5842 λόγοι.
3674 5813 3691 5832 .
3717 5814 3737 5832 .
3777 5773 3846 5831 ἐν
