4172 6520
348 365 455 430 937

1415 359 1500 420 IN
1540 356 2116 419 ECCLESIASTEN.
2157 383 2227 392 -
2265 359 2412 419 LIB.
2444 360 2542 422 ιν.

3487 363 3591 425 933

414 475 588 530 Τοῦτο
619 475 728 546 γάρ
773 474 1030 545 σημαίνει
1066 471 1253 541 σαφῶς
1292 471 1320 523 ὃ
1351 487 1505 540 φησι.
1544 488 1563 521 ι
1605 470 1718 540 Πρὸ
1751 485 1918 541 προσ-

2091 463 2224 520 Nam
2253 468 2354 522 hoc
2388 478 2576 541 aperte
2602 469 2845 526 indicant
2877 470 3040 526 verba
3070 470 3182 538 illa,
3221 491 3237 522 ι
3268 471 3325 526 1η
3356 487 3587 544 conspe-

341 567 492 621 ώπου
522 566 617 620 τοῦ
644 566 802 630 Θεοῦ,
841 585 859 617 ι
897 564 1144 617 τουτέστι
1170 561 1312 616 κατὰ
1342 562 1594 633 βούλησιν
1621 562 1714 614 καὶ
1734 561 1916 630 ψῆφον

340 661 728 731 ἀντικειμένην
753 660 822 729 τῇ
856 656 1020 727 βουλῇ
1059 656 1153 708 καὶ
1177 655 1341 725 ψήφῳ
1369 656 1469 718 τῆς
1491 653 1585 707 τοῦ
1615 651 1751 706 Θεοῦ
1789 651 1916 723 βου-

340 755 440 824 λῆς
471 753 565 808 καὶ
600 752 834 823 κρίσεως
864 747 1307 819 άγαθοπρεποῦς.
1353 744 1412 800 '0
1441 747 1551 816 γὰρ
1589 764 1607 797 ι
1637 744 1792 809 Θεὸς,
1817 758 1919 812 φη·

344 847 449 912 σίν,
481 848 539 899 ἐν
567 845 646 916 τῷ
671 841 908 915 οὐρανῷ,
943 842 1039 896 καὶ
1085 843 1150 896 σὺ
1191 842 1283 895 ἐπὶ
1312 841 1411 911 τῆς
1437 840 1561 910 γῆς,
1587 858 1606 891 ι
1640 837 1702 892 τὸ
1731 837 1919 904 διάφο-

347 953 441 1005 ρον
471 935 735 1005 ἑκατέρου
773 933 1054 1006 παριστῶν
1081 932 1170 1000 διὰ
1209 932 1319 988 τῶν
1349 931 1678 1004 εἰρημένων,
1708 928 1920 998 ἀνθρώ-

290 1037 294 1040 ·
345 1047 445 1081 που
474 1028 676 1098 δηλαδὴ
706 1026 803 1079 καὶ
835 1026 994 1080 Θεοῦ.
1028 1024 1297 1096 Καθάπερ
1325 1024 1456 1093 γάρ,
1488 1022 1674 1094 φησὶν,
1702 1024 1730 1074 6
1760 1021 1921 1092 οὐρα-

345 1120 434 1183 νὸς
493 1119 906 1190 ὑπερανέστηκε
960 1118 1060 1188 τῆς
1109 1118 1213 1189 γῆς
1265 1114 1632 1189 ἀσυγκρίτως,
1681 1111 1778 1167 καὶ
1822 1111 1922 1181 τὴν

349 1213 623 1283 ὑπεροχὴν
671 1211 808 1281 πρὸς
832 1211 930 1280 τὴν
953 1211 1056 1282 γῆν
1086 1209 1200 1280 ἔχει
1237 1206 1517 1269 παντελῶς
1557 1203 1923 1277 ὑπερϐάλλουο

354 1321 473 1368 σαν,
501 1304 577 1367 ὡς
606 1303 742 1374 μηδὲ
766 1302 850 1355 σοὶ
877 1300 1436 1372 καταλαμϐανομένην
1460 1314 1474 1328 ⁸
1505 1296 1688 1367 πολλῷ
1721 1295 1922 1367 μᾶλλον

353 1396 739 1465 ἀκατάληπτον
769 1395 898 1448 ὄντα
945 1395 1040 1448 καὶ
1070 1393 1348 1457 παντελῶς
1384 1390 1787 1463 ἀνεξιχνίαστον
1831 1390 1923 1442 τὸν

349 1487 507 1547 Θεὸν,
549 1485 816 1557 μηδαμῶς
863 1486 1184 1557 πειραθείης
1221 1484 1488 1549 εὐθύνειν,
1518 1482 1595 1548 ὡς
1633 1482 1754 1553 οὐχὶ
1794 1498 1926 1552 πρε-

352 1581 564 1643 πόντως
595 1579 898 1648 ποιήσαντα
925 1579 1019 1630 καὶ
1042 1577 1132 1629 τὸν
1158 1577 1288 1629 ἴδιον
1313 1575 1441 1629 Υίδν
1466 1575 1925 1640 ὲξαποστείλαντα

354 1673 492 1744 πρὸς
519 1671 707 1724 τοῦτον
732 1669 974 1741 δηλονότι
997 1669 1087 1722 τὸν
1112 1670 1337 1738 κόσμον,
1374 1687 1393 1720 ι
1429 1669 1722 1737 γενόμενον
1749 1668 1813 1720 ἐκ
1836 1684 1926 1736 γυ·
1957 1673 1960 1676 ’

352 1765 562 1828 ναικὸς,
591 1763 880 1832 γενόμενον
910 1761 1013 1813 ὑπὸ
1035 1762 1222 1830 νόμον,
1251 1760 1337 1813 ἵνα
1369 1761 1497 1823 τοὺς
1522 1759 1626 1812 ὑπὸ
1653 1759 1814 1830 νόμον
1839 1757 1925 1825 ἐξ·

354 1858 626 1928 αγοράσῃ,
646 1856 732 1910 ἵνα
754 1855 850 1924 τὴν
877 1855 1150 1907 υἱοθεσίαν
1176 1855 1336 1924 ἡμεῖς
1363 1851 1749 1923 ἀπολαύωμεν.
1772 1851 1926 1904 Ὅσοι

355 1948 467 2016 γὰρ
510 1947 700 2000 ἔλαϐον
747 1945 930 2011 αὐτὸν,
971 1945 1171 1999 ἔδωκεν
1222 1945 1407 2009 αὐτοῖς
1456 1945 1703 2012 ἐξουσίαν
1760 1944 1926 1998 τέκνα

352 2041 492 2095 Θεοῦ
522 2041 796 2111 γενέσθαι,
835 2040 883 2093 οῖ
911 2040 1010 2092 οὐκ
1062 2039 1121 2104 ἐξ
1158 2038 1428 2108 αἱμάτων,
1465 2036 1588 2090 οῦδὲ
1645 2037 1710 2089 ὲκ
1765 2035 1927 2105 θελή-

356 2153 528 2206 ματος
575 2133 800 2205 σαρκὸς,
829 2131 952 2184 οὐδὲ
1003 2132 1068 2184 ἐκ
1113 2129 1420 2201 θελήματος
1454 2128 1665 2198 ἀνδρὸς,
1706 2126 1822 2180 ἀλλ’
1863 2128 1928 2179 ὲκ

352 2226 491 2280 Θεοῦ
519 2227 910 2297 ἐγεννήθησαν,
949 2243 966 2276 ι
1004 2224 1170 2294 φησὶν
1209 2223 1463 2292 Ἰωάννης
1486 2221 1514 2273 ό
1546 2221 1802 2292 μέγιστος
1836 2219 1928 2271 εῦ-

356 2305 710 2387 αγγελιστής.

431 2407 750 2476 Είσηγεῖται
797 2405 982 2476 μέντοι
1033 2406 1126 2458 καὶ
1163 2405 1386 2477 βραχεῖς
1428 2399 1569 2459 εἶναι
1605 2405 1700 2458 καὶ
1742 2404 1930 2456 συντό-

362 2513 500 2567 μους
532 2499 659 2560 τοὺς
693 2496 904 2564 λόγους,
932 2495 1027 2559 οὓς
1056 2498 1105 2548 οἱ
1139 2495 1414 2567 ἄνθρωποι
1439 2495 1618 2564 λέγειν
1657 2495 1930 2564 ὀφείλουσι

364 2607 430 2642 πε
441 2589 494 2657 pl.
519 2591 618 2659 τῆς
644 2587 1028 2659 φιλανθρώπου
1057 2588 1150 2640 καὶ
1173 2588 1319 2651 θείας
1344 2585 1807 2657 ὲνσωματώσεως,
1836 2586 1930 2640 καὶ

361 2685 442 2754 τῷ
465 2685 566 2755 τῆς
591 2684 824 2747 πίστεως
880 2685 990 2754 ὅρῳ
1014 2683 1111 2756 τὴν
1137 2682 1482 2753 περιγραφὴν
1517 2682 1762 2752 ἔχοντας,
1794 2680 1932 2735 ἀλλὰ

366 2779 442 2846 μὴ
473 2777 726 2844 φυσικοῖς
766 2774 1050 2844 λογισμοῖς
1077 2775 1172 2827 καὶ
1207 2771 1604 2844 παρεξετάσεσι
1629 2774 1722 2825 καὶ
1748 2789 1928 2841 παρα-

359 2870 545 2923 θέσεσι
578 2872 670 2925 καὶ
693 2869 1046 2938 συγκρίσεσιν
1071 2865 1428 2937 ἀνθρωπίνων
1461 2867 1802 2936 πραγμάτων
1833 2865 1933 2936 τὴν

359 2960 750 3032 ἀκατάληπτον
789 2960 884 3014 τοῦ
920 2960 1056 3013 Θεοῦ
1104 2958 1299 3031 βουλὴν
1330 2958 1429 3012 καὶ
1465 2958 1645 3029 κρίσιν
1690 2958 1932 3012 καθυπο-

359 3051 601 3105 6άλλειν.
632 3051 841 3122 Ὠσπερ
899 3050 1030 3120 γάρ,
1069 3049 1255 3120 φησὶν.
1304 3047 1466 3118 ἡνίκα
1525 3048 1800 3120 περιπέσῃ
1851 3065 1936 3112 τις

365 3144 653 3215 ἄνθρωπος
688 3144 992 3214 συμϐάσεσι
1031 3142 1353 3213 πειρασμῶν
1387 3143 1480 3196 καὶ
1515 3143 1746 3213 θλίψεων
1781 3143 1935 3213 ἐσμῷ

367 3235 726 3289 παντοδαπῶν
787 3235 880 3288 καὶ
939 3236 1232 3298 ποικίλων,
1283 3235 1586 3304 φαντασίας
1650 3236 1751 3305 ὁρᾷ
1811 3233 1934 3288 καθ’

366 3319 536 3379 ὕπνον
562 3325 822 3396 ματαίας,
859 3326 955 3378 καὶ
987 3324 1260 3396 μηδεμίαν
1290 3323 1551 3396 ἀληθείας
1577 3323 1810 3396 ὓπαρξιν
1845 3342 1937 3378 κε-

368 3420 667 3489 κτημένοις.
701 3418 837 3470 ἀλλὰ
867 3420 986 3480 ταῖς
1039 3416 1286 3488 φροντίσι
1330 3418 1425 3470 καὶ
1479 3417 1775 3487 μερίμναις
1815 3419 1936 3481 ταῖς

370 3507 700 3578 προσούσαις
729 3507 876 3579 αὐτῷ
903 3506 990 3559 διὰ
1020 3506 1118 3576 τὴν
1150 3505 1654 3577 περιστοιχίξουσαν
1675 3509 1766 3560 καὶ
1799 3525 1937 3578 συμ-

369 3593 662 3656 πιέζουσαν
695 3592 892 3663 θλίψιν,
925 3594 1204 3662 ἀναλόγως
1231 3595 1462 3648 καὶτῶν
1494 3595 1758 3650 ἐνυπνίων
1791 3597 1937 3650 δεδε-

369 3687 570 3755 γμένος
594 3687 692 3759 τὴν
721 3689 1042 3755 φαντασίαν,
1071 3687 1240 3757 μηδὲν
1271 3687 1517 3742 ἐντεῦθεν
1555 3689 1936 3760 καρπούμενος

369 3779 587 3844 ὄφελος·
618 3778 734 3848 ἅμα
757 3778 863 3848 γάρ
886 3779 976 3832 τοῦ
1004 3779 1258 3847 γενέσθαι
1283 3780 1376 3834 τοῦ
1407 3781 1660 3835 ἐνυπνίου
1689 3781 1788 3853 τὴν
1815 3781 1937 3852 ὄψιν

374 3871 468 3924 καὶ
509 3872 645 3940 μετὰ
688 3872 787 3940 τὴν
832 3870 926 3922 τοῦ
974 3870 1141 3923 ὕπνου
1172 3872 1497 3943 παρέλευσιν
1529 3873 1833 3944 ἀπελήλυθε
1877 3877 1938 3928 τὸ

375 3963 677 4031 φαντασθὲν
707 3964 977 4034 μηδεμίαν
998 3965 1119 4032 ἕχον
1141 3965 1438 4018 ὑπόστασιν
1459 3967 1517 4020 ὲν
1542 3969 1656 4030 τοῖς
1681 3969 1940 4038 πράγμα-

373 4075 460 4109 σιν
480 4074 494 4087 ’
532 4056 675 4110 οὕτω
707 4057 801 4109 καὶ
829 4057 938 4110 τῶν
966 4058 1215 4127 ἀφρόνως
1246 4058 1568 4126 πολυλογεῖν
1601 4062 1938 4115 σπευδόντων

371 4152 431 4201 ἐν
475 4151 590 4212 τοῖς
631 4148 864 4219 δόγμασι
901 4150 1014 4211 τοῖς
1044 4151 1174 4220 περ)¹
1208 4149 1486 4218 θεολογίας
1520 4149 1553 4220 ἢ
1589 4152 1699 4214 τοῖς
1732 4151 1938 4205 οἰκονο-

375 4241 508 4312 μίας
533 4243 560 4293 6
591 4240 755 4307 ἐσμὸς
801 4241 896 4292 καὶ
928 4240 989 4292 τὸ
1020 4241 1225 4309 πλῆθος
1256 4241 1524 4294 ἐνυπνίων
1550 4241 1693 4295 ἔοικε
1732 4260 1941 4312 φαντα-

373 4332 515 4393 σίαις
564 4330 829 4400 μηδαμῶς
867 4331 1248 4399 καταγγέλλων
1281 4331 1560 4402 ἀλήθειαν,
1589 4332 1702 4386 ἀλλ’
1736 4335 1942 4400 ἑξαπά-

373 4439 472 4492 την
509 4426 600 4475 καὶ
629 4421 896 4490 πλάνησιν
926 4423 1326 4493 παραπλησίως
1357 4426 1470 4486 τοῖς
1518 4424 1809 4488 ἐνυπνίοις.
1843 4427 1942 4478 Διὰ

2021 569 2110 612 ctu
2139 558 2260 623 Dei,
2289 579 2308 611 δ
2347 561 2400 614 id
2430 572 2513 618 est
2541 562 2818 618 voluntate
2852 574 3015 634 atque
3042 567 3332 631 sententia,
3356 583 3478 636 qua:
3505 569 3592 622 di—

2023 651 2148 704 vino
2179 653 2411 708 consilio
2440 665 2494 708 et
2529 657 2811 711 sententia:
2845 657 3061 726 ejusae
3091 657 3297 728 judicio
3330 668 3594 727 praestan-

2020 743 2236 798 tissimo
2282 744 2620 802 adversetur.
2662 767 2680 798 ‹
2721 748 2860 803 Deus
2886 750 3052 814 enim,
3091 749 3284 818 inquit,
3333 751 3387 804 in
3431 753 3591 815 coelo,

2019 844 2075 889 et
2140 844 2196 889 tu
2245 851 2407 906 super
2456 848 2679 906 terram,
2712 860 2730 892 ι
2795 841 3096 897 discrimen
3147 843 3434 913 utriusque
3486 845 3594 899 illis

2021 928 2203 983 verbis
2273 928 2609 1002 significans,
2664 932 2904 987 hominis
2969 935 3160 1003 utique
3217 945 3273 990 et
3332 935 3427 992 Dei
3491 937 3590 1007 (8).

2027 1020 2183 1090 132
2210 1019 2549 1084 Sicutenim,
2568 1021 2764 1090 inquit,
2791 1022 2990 1077 coelum
3018 1024 3209 1079 tellure
3229 1025 3400 1080 multo
3426 1029 3598 1082 subli-

2025 1112 2170 1167 mius
2195 1124 2278 1168 est
2307 1113 2773 1183 atqueexcelsius,
2794 1130 2956 1184 quam
2985 1124 3045 1169 ut
3067 1125 3274 1172 tantum
3303 1134 3592 1175 excessum

2025 1206 2489 1274 comprehendere
2534 1205 2650 1275 ipse
2691 1205 2799 1260 ulla
2835 1207 3046 1263 ratione
3082 1209 3295 1278 possis;
3335 1211 3430 1274 ita,
3469 1229 3596 1266 cum

2029 1298 2198 1351 multo
2231 1299 2410 1352 minus
2456 1297 2844 1368 comprehendi
2891 1297 3034 1355 Deus
3073 1307 3237 1370 atque
3277 1301 3596 1374 investigari

2026 1387 2094 1441 ab
2117 1387 2336 1443 homine
2359 1401 2543 1458 queat,
2571 1405 2636 1443 ne
2659 1389 2752 1444 tibi
2783 1390 2838 1443 in
2871 1400 3104 1445 mentem
3134 1393 3313 1446 veniat
3339 1405 3597 1464 tanquam

2027 1479 2209 1532 minus
2228 1480 2610 1534 convenientia
2634 1480 2925 1536 emendare
2950 1497 3071 1551 quae
3096 1482 3185 1536 ille
3214 1482 3424 1547 fecerit,
3450 1485 3599 1554 quod

2027 1586 2220 1640 nempe
2243 1571 2441 1626 Filium
2469 1589 2629 1627 suum
2654 1574 2708 1627 in
2735 1574 2880 1629 hunc
2905 1575 3166 1629 mundum
3201 1576 3430 1640 miserit,
3470 1597 3489 1629 ‹
3520 1577 3600 1632 fa-

2027 1672 2175 1717 ctum
2207 1679 2273 1718 ex
2311 1663 2559 1731 muliere,
2595 1664 2798 1720 factum
2831 1667 2932 1720 sub
2965 1667 3102 1736 lege,
3132 1677 3190 1722 ut
3217 1682 3333 1734 eos,
3370 1669 3462 1738 qui
3495 1671 3599 1724 sub

2030 1753 2145 1823 lege
2188 1763 2363 1820 erant,
2400 1755 2711 1822 redimeret,
2748 1765 2806 1810 ut
2839 1771 2942 1812 nos
2969 1758 3319 1828 adoptionem
3357 1761 3594 1816 ﬁliorum

1961 1821 2002 1880 Β
2029 1848 2396 1918 reciperemus
2445 1849 2541 1921 (9).
2575 1848 2853 1920 Quotquot
2895 1851 3042 1905 enim
3089 1863 3413 1923 receperunt
3449 1871 3596 1916 eum.

2028 1943 2175 1996 dedit
2197 1943 2278 1997 eis
2308 1953 2632 2013 potestatem
2666 1944 2807 1998 lilios
2842 1943 2937 1998 Dei
2970 1943 3085 1998 ﬁeri
3111 1983 3126 2006 ,
3181 1945 3274 2016 qui
3310 1961 3488 2016 neque
3527 1963 3596 2002 ex

2029 2036 2412 2105 sanguinibus,
2443 2051 2622 2106 neque
2655 2052 2721 2090 ex
2751 2036 3032 2092 voluntate
3061 2038 3242 2092 carnis
3267 2077 3283 2102 ,
3322 2053 3499 2108 neque
3530 2055 3598 2094 ex

2029 2128 2305 2182 voluntate
2338 2128 2461 2192 viri,
2494 2128 2590 2183 sed
2623 2144 2688 2182 ex
2722 2128 2832 2183 Deo
2854 2130 2964 2184 nati
3004 2141 3152 2195 sunt,
3192 2149 3210 2182 ι
3231 2124 3598 2202 ἱηιιιιῖιδοιιιι-

2030 2237 2126 2276 nes
2155 2223 2428 2277 maximus
2461 2221 2825 2292 evangelistes
2865 2223 2886 2254 ³
2914 2222 3048 2293 (10).

2103 2399 2375 2453 Admonet
2415 2399 2674 2454 nimirum
2709 2439 2722 2464 ,
2771 2417 3056 2457 sermones
3102 2402 3170 2458 de
3225 2401 3487 2456 ineffabili
3532 2417 3599 2456 ac

2031 2488 2424 2556 benignissima
2453 2491 2543 2545 Dei
2579 2492 3033 2548 inhumanatione
3073 2493 3285 2557 breves,
3321 2494 3596 2556 concisos,

2036 2578 2158 2633 ﬁdei
2186 2581 2433 2636 terminis
2477 2583 2920 2653 circumscriptus
2960 2599 3080 2639 esse
3117 2594 3408 2653 oportere;
3445 2601 3592 2639 nun-

2032 2687 2196 2740 quam
2231 2687 2360 2728 vero
2389 2673 2482 2728 Dei
2503 2674 2711 2743 judicia
2741 2685 2903 2745 atque
2950 2675 3188 2741 decreta,
3223 2692 3346 2746 qua:
3375 2680 3596 2747 assequi

2034 2779 2195 2818 nemo
2222 2765 2410 2834 possit,
2450 2765 2796 2820 naturalibus
2824 2766 3131 2822 rationibus
3176 2777 3271 2821 aut
3323 2769 3599 2839 discepta-

2034 2856 2169 2911 tioni
2194 2855 2289 2909 ulli
2311 2871 2374 2911 ac
2399 2858 2782 2927 perquisitioni
2819 2859 3156 2928 subjicienda
3177 2873 3317 2924 esse,
3345 2861 3429 2914 vel
3470 2877 3596 2915 cum

2035 2951 2398 3005 humanarum
2427 2966 2609 3004 rerum
2632 2952 2898 3020 exemplis
2927 2951 3397 3022 comparanda.Ut
3426 2956 3596 3020 enim,

2036 3043 2232 3114 inquit,
2269 3044 2314 3098 si
2345 3044 2470 3113 quis
2493 3059 2744 3114 magnam
2776 3044 3014 3114 aliquam
3039 3047 3094 3101 in
3131 3063 3430 3102 aerumnam
3460 3051 3598 3104 inci-

2036 3135 2194 3199 derit,
2224 3145 2275 3189 et
2304 3135 2491 3190 multis
2545 3135 2703 3204 plane
2733 3135 3010 3206 variisque
3065 3138 3332 3194 molestiis
3367 3139 3595 3194 alnicte-

2040 3237 2158 3292 tur;
2186 3226 2449 3297 imagines
2483 3229 2704 3297 quidem
2739 3243 2834 3298 per
2866 3244 3120 3284 somnum
3175 3230 3366 3285 inanes
3415 3233 3600 3286 animo

2036 3318 2200 3382 videt,
2233 3335 2353 3387 quae
2374 3334 2405 3374 a
2428 3335 2555 3374 vero
2577 3335 2743 3389 quam
2775 3320 3093 3390 longissime
3119 3321 3338 3384 absunt,
3365 3330 3421 3376 at
3445 3323 3602 3393 mgni-

2039 3411 2223 3464 tudine
2248 3420 2302 3464 et
2333 3411 2480 3465 curis
2513 3427 2790 3480 nunquam
2828 3411 3153 3467 abeuntibus
3201 3414 3272 3468 ob
3329 3415 3599 3470 inhaeren-

2039 3513 2144 3555 tem
2174 3513 2565 3572 nrgentemqtte
2581 3505 2970 3564 calamitatem,
2994 3505 3096 3559 etsi
3123 3505 3313 3584 idonea
3335 3509 3497 3563 rebus
3520 3510 3604 3562 iti-

2038 3595 2252 3651 somnia
2284 3595 2470 3650 videre
2503 3595 2606 3651 sibi
2635 3596 2902 3662 videatur,
2931 3597 3216 3652 utilitatem
3257 3609 3434 3654 tamen
3473 3602 3601 3656 inde

2038 3687 2201 3742 habet
2231 3687 2480 3741 nullam:
2538 3701 2662 3741 cum
2712 3688 2876 3742 simul
2933 3700 3100 3759 atque
3149 3707 3331 3746 rerum
3384 3693 3598 3747 illarum

2039 3780 2246 3850 species
2272 3779 2456 3834 animo
2483 3780 2805 3845 insederint,
2839 3783 3090 3838 avolante
3121 3799 3341 3851 somno,
3372 3787 3424 3840 id
3460 3804 3601 3856 quo-

2039 3887 2166 3943 que,
2210 3873 2356 3941 quod
2389 3873 2902 3941 repraesentabatur,
2937 3875 3185 3940 intereat,
3218 3877 3362 3944 quod
3408 3893 3602 3946 nempe

2033 3965 2174 4020 nihil
2210 3965 2321 4019 veri
2371 3964 2646 4018 subesset:
2695 3964 2777 4018 sic
2824 3975 2878 4018 et
2926 3966 3034 4028 iis,
3087 3968 3181 4036 qui
3229 3972 3394 4022 stulte
3431 3973 3598 4024 multa

2041 4059 2244 4128 agitare
2269 4058 2336 4112 de
2359 4057 2674 4126 theologicis
2707 4073 2770 4111 ac
2807 4059 2872 4112 de
2905 4059 3102 4114 divinae
3128 4061 3601 4117 inhumanationis

2041 4152 2272 4209 consilio
2295 4150 2734 4222 aggrediuntur,
2801 4168 2996 4222 magna
3049 4153 3197 4207 velut
3258 4156 3600 4210 somniorum

2042 4245 2361 4298 obversatur
2391 4242 2588 4295 cohors
2619 4249 2674 4294 et
2701 4240 2998 4308 imaginum
3019 4243 3328 4308 multitudo,
3352 4261 3473 4315 qua:
3493 4249 3603 4302 veni

2043 4336 2261 4406 quidem
2285 4333 2422 4387 nihil
2461 4333 2636 4394 alfert,
2683 4344 2739 4386 at
2774 4349 2880 4386 non
2927 4349 3084 4388 secus
3112 4345 3274 4405 atque
3305 4338 3600 4406 insomnia,

2042 4444 2281 4482 errorem
2307 4435 2362 4480 et
2393 4426 2786 4494 deceptionem.
2818 4425 3022 4494 Idcirco
3061 4428 3216 4498 133
3244 4429 3322 4483 ait
3366 4430 3506 4486 idem
3549 4435 3601 4487 iu

373 4513 532 4566 τοῦτό
565 4531 731 4583 φησιν
763 4514 792 4564 6
829 4515 991 4576 αὐτὸς
1027 4517 1086 4567 ἐν
1115 4515 1474 4585 Παροιμίαις·
1519 4536 1536 4567 ι
1587 4518 1681 4570 Ἐκ
1714 4517 1930 4572 πολυλο-

2045 4520 2384 4574 Proverbiis:
2441 4539 2459 4570 ‹
2515 4519 2574 4572 In
2615 4519 2958 4588 multiloquio
3008 4535 3115 4573 non
3148 4519 3373 4592 ell‘ugies
3408 4540 3603 4593 pecca-

463 4628 838 4695 aJoan.t,l2.

449 4719 523 4790 (8)
559 4720 854 4792 Usurpavit
882 4723 1029 4777 hunc
1055 4720 1398 4777 Ecclesiastze
1419 4721 1596 4776 locum
1649 4720 1940 4790 Gregorius

377 4787 656 4866 Nyssenus
689 4787 872 4866 contra
887 4793 1256 4866 gpollinarem
1289 4793 1343 4866 in
1360 4787 1937 4866 Anti.r_rlietico,:queni

382 4864 591 4928 primus
619 4863 857 4933 vulgavit
887 4861 1242 4932 zaccagnius.
1276 4863 1411 4917 Cum
1441 4863 1586 4916 enim
1623 4861 1935 4933 illeiChristi

383 4932 597 4998 quidem
635 4932 1024 4988 humanitatem
1057 4934 1358 4987 divinitatis
1391 4933 1656 5000 hospitem
1709 4932 1932 4994 faceret,

385 5000 560 5066 ipsum
587 5018 712 5054 vero
742 5004 1016 5058 Christum
1063 5005 1228 5058 Deum
1256 5019 1377 5058 esse
1409 5014 1665 5070 negaret,
1719 5018 1786 5056 ex
1834 5004 1936 5055 hoc

385 5071 520 5144 item
555 5070 672 5122 loco
700 5072 779 5126 sic
821 5075 874 5144 in
902 5090 1025 5128 eum
1071 5085 1155 5128 est
1208 5083 1622 5144 argumentatus
1652 5072 1757 5144 :ﬂEl
1806 5073 1934 5141 γὰρ,

383 5137 565 5214 καθώς
591 5157 782 5214 φησινΔ
818 5143 1210 5214 Ἀπολινάριος,
1261 5137 1516 5214 ὄὺρανίου
1549 5143 1684 5214 Θεοῦ
1733 5137 1935 5214 δοχξόν

383 5211 530 5284 ἐστιν
558 5227 569 5240 ·
606 5212 634 5261 ὁ
658 5211 722 5284 ’δὲ
743 5210 880 5284 ’Θεὸς
929 5216 986 5265 ἐν
1109 5210 1486 5284 οὐρανῷἄνω,
1521 5213 1706 5275 καθὼς
1812 5212 1937 5284 Ἐκ·

382 5279 717 5356 κλησιαστῂς
743 5281 889 5356 λέγει
921 5299 935 5311 ·
991 5279 1102 5356 άρα
1130 5279 1463 5356 ὁ”χωρήςας
1522 5287 1579 5337 ἐν
1625 5282 1935 5356 εαυτῴλτὸν

379 5350 513 5400 Θεὸν
542 5353 683 5424 μετά
703 5349 796 5424 τοῦ
829 5349 1168 5422 χωρηθὲντος
1209 5349 1398 5419 ἐστὶν,
1447 5349 1783 5424 ἐπουράνιος
1811 5353 1934 5405 ἀντὶ

379 5419 565 5492 χοῖκοῦ
623 5417 1174 5492 κυρίωξλεγόμενος,
1237 5426 1311 5489 ὼς
1368 5417 1461 5478 καὶ
1524 5417 1600 5476 δι”
1651 5417 1726 5476 ὧν
1769 5439 1935 5492 φησιν

380 5491 828 5564 ο-λογογραςςος,
890 5491 1047 5564 εἴπερ
1114 5497 1172 5546 τὸ
1247 5495 1539 5548 ἀκόλουθον
1606 5497 1719 5557 τοῖς
1786 5491 1935 5555 ἰδίοις

379 5559 558 5634 λόγοις
615 5559 924 5634 επίστατοί,
981 5559 1168 5632 σαφῶς
1217 5566 1278 5618 τὸ
1357 5566 1536 5633 δόγμα
1614 5564 1713 5634 τῆς
1784 5564 1935 5630 ἀλη-

382 5628 532 5706 θείας
564 5628 1158 5706 κατασιςευάζετῳξτῇ
1190 5637 1353 5706 σοφίᾳ.
1380 5628 1490 5688 τῶν
1537 5628 1745 5704 ὲχθρὶῦν
1801 5628 1939 5703 κρά’

380 5702 693 5774 τυνόμενον.
716 5701 771 5755 ld
805 5716 925 5757 est:
957 5702 1102 5758 Nam
1132 5701 1180 5756 Si
1219 5701 1375 5773 juxta
1435 5701 1795 5774 Apollinarem
1832 5701 1936 5758 ὲωο

382 5769 525 5844 lestis
558 5773 648 5824 Dei
685 5778 1067 5840 receptaculum
1098 5769 1292 5844 (homo)
1333 5769 1616 5838 σημαίας
1682 5785 1852 5829 autem
1883 5777 1938 5826 iu

380 5841 505 5894 calo
539 5860 773 5907 sursum,
806 5841 1243 5914 quemadmodum
1275 5841 1628 5901 Ecclesiastes
1667 5849 1743 5900 ait
1772 5862 1789 5899 :
1816 5861 1937 5907 ergo

707 5959 980 6021 Pyram.
1027 5960 1143 6023 Gn.
1192 5958 1474 6021 XCVIII.

2037 4725 2126 4793 qui
2157 4727 2507 4800 iusemetipro
2553 4725 2714 4780 Deum
2746 4729 2951 4796 recipit,
2987 4745 3088 4781 uno
3125 4730 3404 4800 eodemque
3429 4733 3480 4785 iu
3520 4732 3603 4785 lo-

2039 4812 2097 4846 ευ
2111 4798 2253 4868 estin
2281 4813 2382 4866 quo
2422 4798 2503 4850 illi
2519 4809 2714 4858 manet,
2737 4816 2888 4868 quem
2915 4801 3117 4868 recipit,
3157 4812 3204 4853 et
3243 4798 3336 4868 pro
3369 4806 3604 4856 terrestri

2041 4865 2262 4918 caelestis
2294 4865 2510 4936 proprie
2542 4865 2776 4922 vocatur.
2799 4865 3172 4934 Quamobrem,
3208 4865 3254 4922 si
3291 4873 3605 4924 cohwrcmer

2039 4936 2183 5003 loqui
2221 4938 2342 4990 velit
2381 4938 2726 5005 Apollinaris,
2769 4941 2986 4992 suismet
3013 4941 3170 4992 dictis
3201 4941 3379 5008 palam
3409 4945 3602 4994 astruit

2037 5022 2213 5080 verum
2249 5009 2464 5080 dogma,
2503 5010 2642 5078 quod
2674 5010 2751 5062 vel
2786 5011 2902 5078 ipsa
2935 5010 3358 5062 adversariorum
3395 5015 3604 5080 sapien-

2038 5078 2114 5129 tia
2135 5078 2482 5145 conﬁrmatur
2516 5081 2574 5146 (Ι.
2602 5096 2651 5134 c.
2681 5097 2732 5133 lt.
2767 5081 2882 5141 48).

2103 5146 2184 5217 (9)
2217 5148 2298 5201 Ad
2331 5148 2506 5204 Gatat.
2542 5165 2591 5203 c.
2626 5167 2700 5210 tv,
2743 5167 2798 5202 ιι.
2830 5152 2882 5204 ιί.
2921 5148 3181 5204 Erasmus
3219 5151 3272 5204 in
3319 5151 3602 5205 codicibus

2032 5219 2310 5272 nonnullis
2367 5222 2629 5291 scriptum
2663 5222 2797 5275 dicit
2833 5220 3168 5291 γεννώμενον
3223 5223 3286 5274 ἐκ
3321 5224 3602 5288 γυναικὸς,

2034 5298 2215 5341 natum
2248 5305 2312 5342 ea;
2340 5290 2580 5343 muliere.

2105 5358 2218 5428 (ιο)
2247 5359 2372 5414 lltec
2396 5360 2619 5413 Joannis
2650 5364 2809 5414 verba
2841 5376 3114 5430 opponere
3147 5363 3215 5417 iis
3275 5361 3470 5419 Noster
3521 5363 3604 5416 vi-

2034 5427 2213 5502 detur,
2245 5431 2335 5497 qui
2368 5431 2544 5482 aliena
2572 5431 2654 5502 fde
2709 5430 2817 5484 Deo
2867 5427 3193 5502 cogitarent,
3228 5449 3337 5502 quo
3384 5434 3602 5488 dubita-

2044 5501 2244 5575 tionem
2287 5515 2503 5575 clunem
2535 5501 2852 5575 abjicerent,
2887 5501 3358 5575 intelligerentque
3386 5518 3603 5560 summo

2045 5569 2322 5622 hominum
2358 5570 2544 5642 bono,‘
2562 5586 2625 5642 ac
2650 5573 2835 5625 divino
2857 5572 3013 5642 plane
3043 5569 3286 5628 censilio'
3309 5577 3603 5629 humanam

2042 5650 2292 5693 naturain
2325 5656 2354 5692 a
2381 5639 2474 5694 Dei
2517 5640 2654 5704 Filio
2679 5639 3013 5711 assumptum
3049 5663 3061 5697 :
3111 5659 3234 5696 cuni
3260 5646 3395 5698 nihil
3425 5646 3515 5699 hic
3539 5645 3607 5698 du

2043 5711 2440 5783 ttignitatesua
2487 5713 2750 5780 amiserit,
2783 5715 3031 5770 homines
3058 5730 3185 5770 vero
3237 5732 3302 5770 eo
3337 5715 3608 5783 erexerit,

2043 5790 2097 5832 ut
2131 5779 2220 5835 Dei
2258 5781 2352 5834 lilii
2390 5782 2599 5835 tierent.

3215 5962 3288 6020 30
