4172 6518
602 378 708 443 939

1716 372 1774 429 S.
1808 368 2010 429 GREG
2020 366 2185 425 ORlI
2221 362 2732 425 AGRIGENTINI

3747 357 3860 420 940

603 510 720 553 tum
747 499 806 562 ﬁ;
849 516 868 549 ι
900 497 951 548 id
977 503 1156 548 autem
1195 493 1260 547 de
1288 493 1437 547 oumi
1461 494 1625 547 etiam
1661 499 1987 561 argumento
2024 487 2167 543 affir—

2281 486 2398 555 γίας
2440 486 2541 538 οὑκ
2582 482 2823 553 ἐκφεύξῃ
2862 482 3163 553 ἁμαρτίαν.
3202 497 3220 532 ι
3271 474 3407 533 Eine
3455 478 3513 533 δὲ
3549 478 3709 532 τοῦτο
3753 480 3857 534 καὶ

604 594 791 652 mavit,
816 590 961 658 quod
999 587 1174 641 fusius
1204 596 1437 641 tractare
1485 585 1881 639 instituamus:
1914 592 1969 636 at
2000 582 2067 636 de
2106 597 2171 636 co

605 681 839 736 maxime
882 680 1281 750 praecipueque,
1328 677 1474 747 quod
1503 676 1569 730 ad
1611 677 1780 731 Deum
1826 675 2174 745 divinamque

601 772 906 826 doctrinam
944 780 1170 839 spectet,
1216 785 1283 824 nc
1305 770 1398 839 qui
1426 769 1678 823 rudiores
1707 769 2030 833 etiamnum,
2075 781 2173 821 nec

603 864 787 917 animo
816 863 952 917 satis
992 878 1129 931 puro
1167 863 1479 931 mundoque
1518 862 1646 926 sint,
1686 863 1889 931 quique
1931 859 2171 914 nondum

603 955 800 1009 divinae
825 953 1111 1008 charitatis
1159 952 1438 1023 fastigium
1491 953 1740 1019 atligere,
1772 964 1873 1005 nec
1922 966 2173 1020 superum

602 1047 790 1115 gratiae
811 1047 954 1100 dona
982 1046 1192 1101 ccelesti
1236 1044 1568 1113 benignitate
1617 1055 1746 1099 sunt
1790 1044 2092 1109 consecuti,
2117 1044 2169 1097 in

2274 577 2404 649 περὶ
2436 577 2618 646 πάσης
2667 575 2833 644 ἄλλης
2873 572 3182 635 ὑποθέσεως
3215 571 3358 625 κατά
3390 570 3481 623 τὸν
3513 569 3629 639 βίον
3668 584 3856 640 παρα-

2274 668 2737 740 λαμϐανομένηςδ
2788 665 3021 736 μάλιστα
3065 664 3123 717 δέ
3161 665 3256 717 καὶ
3303 662 3672 732 διαφερόντως
3720 663 3856 731 περὶ

2274 756 2413 813 Θεοῦ
2464 758 2560 812 καὶ
2606 757 2717 810 τῶν
2757 756 2921 809 θείων
2966 755 3273 826 δογμάτων,
3307 754 3444 826 πρὸς
3484 753 3548 806 τὸ
3585 752 3857 823 μηδαμῶς

2273 852 2403 914 τοὺς
2434 848 2827 919 ἀτελεστέρους
2851 848 2943 901 καὶ
2972 849 3139 916 μήπω
3160 845 3560 915 καθαρθέντας,
3596 844 3857 913 καὶπρὸς

2273 942 2334 995 τὸ
2381 941 2550 1012 ἄκρον
2586 938 2925 1011 ἐληλακότας
2966 937 3065 1007 τῆς
3111 937 3261 1000 θείας
3294 936 3538 1007 ἀγάπης,
3571 938 3707 1008 μήτε
3742 936 3853 1007 μὴν

2271 1033 2714 1101 καταξιωθέντας
2743 1031 2838 1086 καὶ
2871 1032 3269 1103 μετειληφότας
3304 1035 3411 1113 (τῆς
3448 1032 3654 1087 ἄνωθεν
3694 1033 3855 1102 χάρι-

606 1141 914 1195 divinarum
941 1137 1359 1207 disciplinarum
1409 1138 1791 1206 explanatione
1826 1137 2172 1191 verbosiores

2281 1143 2382 1190 τος,
2413 1124 2838 1197 πολυρῤήμονας
2871 1123 3137 1196 ὑπάρχειν
3165 1125 3224 1177 ἐν
3257 1125 3379 1187 ταῖς
3402 1124 3715 1195 ὑφηγήσεσι
3739 1123 3853 1176 τῶν

606 1248 725 1287 esse
758 1230 955 1295 velint;
1004 1238 1176 1300 utque
1214 1229 1468 1283 traditam
1511 1229 1775 1284 duntaxat
1805 1229 1874 1283 ab
1919 1227 2176 1283 Ecclesia:

608 1322 888 1394 magistris
915 1320 1310 1392 professionem
1332 1336 1428 1376 ore
1456 1320 1744 1375 enuntiare
1777 1320 2020 1376 contenti
2043 1320 2173 1375 sint.

609 1413 697 1467 Ait
725 1410 921 1466 deinde
961 1409 1317 1466 Ecclesiastes
1340 1410 1474 1479 (il):

2272 1217 2432 1270 θείων
2461 1217 2751 1288 δογμάτων
2769 1234 2786 1251 ο
2813 1216 2951 1272 ἀλλὰ
2981 1218 3151 1288 μόνην
3181 1216 3282 1287 τὴν
3313 1216 3422 1269 ἀπὸ
3452 1216 3560 1268 τῶν
3584 1215 3853 1269 διδασκά-

2273 1311 2383 1364 λων
2411 1311 2511 1382 τῆς
2550 1312 2881 1382 Ἐκκλησίας
2916 1310 3316 1383 παραδοθεῖσαν
3356 1309 3650 1379 ὁμολογίαν
3680 1323 3852 1379 προσ.

2277 1406 2466 1475 φέρειν
2503 1405 2595 1460 διὰ
2634 1405 2727 1459 τοῦ
2771 1407 3062 1477 στόματος.
3096 1401 3230 1459 Εἶτά
3258 1420 3423 1474 φησιν
3461 1403 3491 1455 ὁ
3525 1403 3850 1473 Ἐκκλησια-

2290 1497 2441 1568 στὴςν

2208 1582 2299 1643 Vl.

681 1671 843 1727 Vens.
878 1673 932 1726 4.
980 1671 1153 1726 Prout
1190 1673 1383 1726 noveris
1432 1680 1605 1725 votum
1648 1670 1791 1736 Deo,
1840 1688 1902 1725 ne
1954 1678 2172 1729 moreris

2346 1676 2551 1744 Καθὼς
2579 1676 2657 1732 ἂν
2699 1677 2851 1745 εὔξῃ
2898 1677 3093 1746 εὐχὴν
3126 1672 3205 1741 τῷ
3258 1677 3399 1743 Θεῷ,
3441 1677 3527 1747 μὴ
3562 1678 3850 1747 χρονὶσῃς

611 1765 824 1819 reddere
853 1764 1009 1818 illud.
1034 1763 1173 1830 Quia
1196 1779 1301 1818 non
1323 1773 1399 1817 est
1426 1763 1668 1817 voluntas
1697 1765 1751 1818 in
1783 1765 2171 1834 insipientibus.

615 1857 694 1910 Tu
722 1858 887 1926 igitur
918 1872 1237 1927 quacunque
1268 1857 1488 1920 noveris,
1514 1856 1689 1911 redde.

683 1948 847 2015 Quasi
873 1950 1021 2002 aliud
1063 1948 1175 2018 jam
1205 1948 1505 2003 commodae
1558 1949 1949 2006 admonitionis
2013 1960 2175 2023 caput

613 2040 896 2095 instituere
944 2041 1093 2102 velit,
1142 2040 1389 2095 hortatur
1416 2056 1519 2094 nos
1552 2043 1771 2111 sapiens
1794 2041 2172 2108 Ecclesiastes,

614 2141 673 2184 ut
706 2147 829 2200 quae
853 2130 977 2200 quis
1020 2124 1337 2196 promiserit
1385 2132 1470 2186 vel
1510 2133 1794 2203 ingruente
1827 2138 2018 2193 morbo
2040 2176 2056 2203 ,
2095 2138 2177 2193 vel

613 2222 720 2276 alio
754 2221 991 2291 periculo
1019 2222 1137 2276 sive
1168 2221 1303 2275 mari
1332 2221 1446 2278 sive
1483 2230 1626 2277 terra
1663 2224 2007 2295 impendente
2032 2272 2046 2295 ,
2094 2232 2176 2287 vel

612 2312 774 2366 etiam
811 2312 881 2365 ob
906 2313 1319 2381 prosperitatem
1352 2330 1474 2383 quae
1527 2315 1640 2384 jam
1688 2322 2084 2388 supervenerit,
2119 2333 2178 2377 ut

614 2404 801 2458 multis
836 2420 977 2473 saepe
998 2405 1314 2473 contingere
1329 2409 1487 2470 solet,
1508 2423 1571 2459 ea
1604 2408 1925 2477 impleamus
1961 2410 2179 2483 Deoque

616 2497 928 2561 reddamus,
964 2496 1078 2565 ipsa
1123 2496 1268 2550 illico
1326 2496 1653 2559 offerentes,
1712 2502 2176 2570 quemadmodum

615 2586 883 2651 vovimus,
939 2587 1089 2641 nullo
1156 2598 1215 2641 ut
1278 2586 1565 2643 intervallo
1615 2592 1857 2647 debitum
1903 2596 2180 2652 distulisse

616 2673 919 2729 videamur.
974 2672 1118 2739 Quin
1168 2682 1224 2728 et
1287 2688 1411 2729 cum
1470 2675 1673 2733 Davide
1726 2680 1908 2736 dicere
1967 2682 2176 2737 libeat:

621 2781 642 2815 ι
678 2763 921 2818 Reddam
952 2764 1048 2818 tibi
1099 2775 1223 2819 vota
1282 2780 1423 2829 mea,
1469 2782 1591 2837 quae
1642 2769 2012 2827 distinxerunt
2038 2774 2181 2830 labia

621 2868 762 2917 mea,
796 2864 849 2909 et
880 2856 1119 2909 locutum
1149 2862 1233 2910 est
1261 2854 1420 2928 134
1446 2872 1508 2913 os
1538 2874 1718 2914 meum
1755 2862 1806 2914 in
1841 2863 2182 2919 tribulatione

621 2962 741 3001 mea
770 2949 812 3002 ⁸.
848 2966 867 3000 ι
899 2947 1156 3002 Cunctari
1186 2949 1329 3003 enim
1362 2950 1418 3003 in
1456 2949 1541 3006 his
1585 2961 1730 3007 vetat
1763 2952 1938 3009 Deus:
1977 2972 2043 3011 ne
2072 2974 2181 3026 qua

2280 1769 2611 1823 ἀποδοῦναι
2628 1770 2821 1835 αὐτήν
2837 1788 2851 1800 ·
2878 1769 2969 1823 ὅτι
2990 1772 3101 1823 οὐκ
3119 1768 3251 1822 ἐστι
3273 1769 3503 1838 θέλημα
3522 1769 3591 1822 ἐν
3611 1769 3847 1836 ἄφροσι.

2281 1860 2365 1914 Σὺ
2397 1861 2509 1915 οὖν
2538 1861 2656 1915 ὅσα
2686 1861 2764 1916 ἂν
2793 1861 2967 1929 εὔξῃ,
2999 1859 3250 1926 ἀπόδος.

2361 1955 2450 2018 Ὠς
2484 1954 2569 2023 ἐφ’
2595 1954 2791 2024 ἑτέραν
2822 1955 2998 2025 ἀρχὴν
3042 1953 3255 2022 ἀγαθῆς
3283 1954 3621 2025 εἰσηγήσεως
3659 1952 3847 2022 μετελ-

2283 2045 2398 2098 θεῖν
2424 2045 2580 2112 δόξας
2604 2048 2633 2098 ό
2654 2046 2817 2113 σοφὸς
2847 2044 3303 2115 Ἐκκλησιαστὴς,
3335 2044 3735 2115 παρεγγυᾶται,
3756 2043 3851 2105 τὰς

2283 2138 2575 2209 γινομένας
2621 2136 2751 2208 παρ’
2797 2136 2953 2207 ἡμῶν
2988 2135 3332 2205 ὑποσχέσεις,
3382 2135 3549 2204 ἡνίκα
3583 2150 3665 2195 τις
3706 2134 3853 2202 ἡμᾶς

2285 2228 2679 2302 περιστοιχίξει
2720 2230 2892 2293 νόσος,
2925 2229 2958 2300 ἦ
2995 2246 3079 2293 τις
3121 2228 3278 2291 ἄλλος
3325 2225 3705 2298 περιστατικδς
3735 2240 3851 2277 πει-

2287 2321 2495 2393 ρασμὸς
2522 2320 2667 2376 κατὰ
2687 2319 2786 2391 τὴν
2810 2320 3083 2375 θάλασσαν
3110 2320 3143 2390 ἢ
3173 2318 3272 2391 τὴν
3302 2318 3473 2390 ξηρὰν
3503 2317 3848 2388 εὑρεθέντας,

2283 2414 2317 2485 ἢ
2376 2414 2470 2468 καὶ
2518 2413 2607 2467 διά
2662 2427 2786 2467 τινα
2838 2412 3123 2482 συμϐᾶσαν
3169 2411 3469 2482 εὐημερίαν
3512 2412 3586 2473 ὡς
3637 2410 3850 2469 πολλοῖς

2286 2504 2548 2567 πολλάκις
2584 2503 2827 2572 γίνεσθαι
2860 2502 3124 2571 πέφυκεν,
3158 2500 3511 2573 ἀποπληροῦν
3533 2501 3625 2554 καὶ
3650 2500 3850 2553 διδόναι

2282 2595 2361 2666 τῷ
2393 2595 2511 2665 Θεῷ
2554 2594 2647 2648 καὶ
2685 2594 3035 2664 προσφέρειν,
3064 2592 3207 2663 ἄπερ
3239 2591 3687 2664 ἐπηγγειλάμεθα
3719 2591 3849 2645 θᾶτ-

2283 2704 2376 2741 τον
2398 2704 2415 2720 ·
2445 2686 2582 2740 ἀλλά
2638 2685 2713 2757 μὴ
2751 2685 2840 2739 διά
2872 2700 3017 2748 τινος
3046 2684 3310 2756 ἀναὸολῆς
3349 2683 3732 2759 ὑπερτίθεσθαι
3782 2685 3850 2736 τά

2284 2781 2384 2851 τῆς
2405 2780 2737 2843 ἀποδόσεως⁸
2768 2777 2952 2847 λέγειν
2980 2777 3036 2830 δέ
3074 2776 3215 2849 μετά
3238 2778 3332 2831 τοῦ
3359 2779 3635 2849 προφήτου
3668 2777 3846 2839 Δαὸιδ,

2294 2892 2311 2923 ι
2349 2869 2641 2925 Ἀποδώσω
2664 2887 2747 2923 σοι
2775 2870 2872 2934 τὰς
2893 2869 3056 2939 εύχάς
3084 2886 3208 2941 μου,
3234 2869 3299 2934 ἃς
3322 2870 3581 2923 διέστειλε
3609 2870 3677 2923 τὰ
3697 2871 3849 2941 χείλη

2291 2980 2414 3034 μου,
2450 2962 2546 3015 καὶ
2575 2961 2804 3031 ἐλάλησε
2829 2961 2891 3014 τὸ
2930 2961 3105 3031 στόμα
3138 2976 3240 3031 μου
3271 2963 3330 3015 ἐν
3357 2964 3423 3032 τῇ
3455 2961 3630 3031 θλίψει
3662 2978 3786 3031 μου.
3826 2982 3844 3013 ι

620 3038 726 3091 alia
762 3037 1087 3092 obveniente
1116 3053 1281 3094 causa
1319 3038 1685 3108 impediamur
1727 3046 2023 3112 quominus
2071 3048 2179 3101 voti

2286 3055 2357 3108 Τὸ
2387 3054 2495 3124 γὰρ
2524 3053 2793 3124 χρονίζειν
2820 3054 2878 3107 ἐν
2906 3056 3019 3118 τοῖς
3046 3054 3310 3117 τοιούτοις
3351 3054 3715 3125 ἀπαγορεύειο
3765 3054 3852 3106 ἵνα

620 3128 936 3192 liberemur,
960 3137 1122 3197 atque
1142 3128 1277 3183 adeo
1305 3127 1474 3203 Deum
1504 3129 1748 3185 universi
1801 3130 2087 3189 fraudasse
2117 3151 2183 3190 ac

620 3217 877 3273 fefellisse
897 3218 1294 3273 existimemur.
1335 3218 1480 3273 Fieri
1527 3220 1673 3274 enim
1705 3220 1866 3277 facile
1906 3234 2099 3294 potest,
2128 3238 2185 3282 ut

620 3312 715 3380 qui
747 3324 964 3378 segnem
996 3324 1057 3364 se
1089 3312 1347 3379 praebeat,
1385 3321 1440 3365 et
1468 3311 1524 3364 in
1572 3323 1698 3367 voto
1742 3314 2017 3371 reddendo
2068 3334 2183 3374 mo-

623 3416 714 3456 ras
748 3410 945 3465 nectat,
994 3400 1139 3456 hunc
1167 3417 1316 3456 mors
1357 3417 1457 3458 nec
1501 3404 1812 3473 opinantem
1855 3422 1919 3463 ac
1962 3411 2185 3467 meliora

620 3502 932 3563 sperantem
964 3504 1210 3564 occupet,
1255 3495 1342 3551 vel
1380 3507 1528 3554 certe
1557 3500 1661 3555 alia
1702 3513 1917 3572 premat
1964 3508 2186 3563 calami-

620 3595 730 3649 tas,
763 3600 883 3654 qua:
913 3595 1095 3640 votum
1126 3587 1196 3642 ab
1233 3602 1300 3642 eo
1332 3589 1467 3643 solvi
1504 3606 1612 3646 non
1667 3594 1926 3662 patiatur.
1959 3598 2036 3653 Ac
2069 3608 2182 3655 tum

623 3690 789 3745 porro
821 3683 1003 3729 votum
1035 3687 1189 3732 antea
1212 3686 1526 3748 susceptum
1562 3682 1733 3737 multo
1759 3688 2025 3753 gravioris
2050 3704 2184 3744 conc

627 3767 992 3823 demnationis
1027 3782 1197 3823 causa
1225 3783 1333 3823 non
1362 3770 1714 3830 reddentibus
1740 3776 1818 3840 tit,
1838 3779 2034 3849 quippe
2059 3784 2184 3852 quia

624 3856 833 3911 crimen
865 3857 1108 3910 nondum
1149 3857 1451 3914 admissum
1488 3862 1540 3915 in
1568 3877 1662 3918 eos
1704 3874 1884 3922 tamen
1919 3871 2184 3941 rejicitur,

627 3946 869 4017 ipsisque
895 3947 1154 4003 adhaeret.
1181 3946 1261 4003 Tu
1297 3964 1446 4016 vero,
1482 3950 1680 4023 inquit,
1712 3972 1746 4010 ο
1785 3962 2031 4017 mortalis
2055 4004 2070 4028 ,
2118 3981 2186 4021 ne

627 4038 1342 4110 similemteinsipientibus
1370 4042 1486 4098 fieri
1542 4047 1795 4114 patiare,
1858 4052 1950 4122 qui
2010 4072 2187 4127 neque

627 4129 739 4185 Deo
774 4141 957 4186 votum
985 4141 1185 4187 vovent
1216 4142 1269 4188 et
1298 4132 1505 4191 faciunt
1534 4138 1781 4206 libenter,
1818 4159 2011 4214 neque,
2039 4159 2187 4217 post-

624 4238 789 4292 quam
819 4224 1085 4291 voveriut,
1137 4225 1204 4280 de
1252 4226 1375 4296 ipso
1415 4237 1542 4284 voto
1582 4232 1855 4289 reddendo
1887 4239 2184 4310 quidquam

624 4314 896 4368 laborant.
949 4316 1094 4381 Quin
1143 4332 1362 4387 operam
1408 4322 1812 4391 quamprimum
1852 4326 1981 4381 dare
2028 4332 2182 4396 velis,

697 4452 716 4479 λ
747 4448 909 4503 Prov.
941 4464 996 4511 x,
1029 4449 1113 4507 l9.
1187 4452 1208 4483 ⁸
1232 4450 1521 4521 Psal.1.xv,
1546 4457 1629 4521 l5,
1658 4458 1743 4512 Μ.

2286 3147 2362 3217 μή
2390 3163 2532 3209 τινος
2578 3145 2744 3215 ἄλλης
2786 3144 2967 3211 αίτίας
3002 3145 3294 3216 συμϐάσης
3319 3145 3850 3217 παρεμποδισθῶμεν

2282 3238 2679 3312 ἀποπληρῶσαι
2707 3237 2775 3292 τά
2796 3238 2894 3309 τῆς
2923 3239 3112 3310 εὐχῆς,
3148 3239 3244 3293 καὶ
3272 3237 3611 3308 λογισθῶμεν
3638 3240 3850 3307 ἠπατη-

2283 3332 2435 3385 κέναι
2461 3333 2556 3386 καὶ
2577 3333 2971 3402 διαψεύσασθαι
3000 3333 3090 3387 τὸν
3119 3331 3213 3386 ἐπὶ
3244 3333 3465 3385 πάντων
3510 3332 3664 3386 Θεόν.
3696 3332 3852 3394 Εἰκὸς

2283 3422 2391 3495 γὰρ
2426 3423 2684 3493 μέλλησιν
2726 3422 3167 3493 ἐπιδεικνύμενον
3213 3422 3308 3475 καὶ
3352 3421 3662 3493 βραδύτητα
3716 3421 3851 3491 πρὸς

2283 3514 2381 3587 τὴν
2409 3514 2665 3567 ἀπόδοσιν
2695 3514 2922 3567 θάνατον
2953 3514 3163 3585 ἀθρόως
3196 3515 3292 3568 καὶ
3314 3516 3443 3585 παρ’
3473 3513 3663 3567 ἐλπίδα
3686 3531 3849 3567 κατα-

2284 3606 2488 3670 λαϐεῖν,
2531 3607 2565 3677 ἦ
2614 3623 2736 3659 τινα
2787 3606 3043 3677 βιωτικὴν
3094 3606 3379 3676 συμφορὰν
3432 3605 3598 3675 ἄλλην
3654 3606 3851 3676 ἥκιστα

2286 3699 2725 3771 παραχωροῦσαν
2774 3698 3201 3770 ἁποπερατῶσαι
3244 3698 3312 3751 τὰ
3352 3700 3450 3768 τῆς
3497 3696 3850 3767 ἐπαγγελίας.

2286 3790 2394 3845 Καὶ
2426 3790 2726 3863 τηνικαῦτα
2768 3791 2978 3860 γίνεται
3022 3789 3222 3861 μᾶλλον
3265 3792 3376 3852 τοῖς
3425 3789 3730 3858 ἀνθρώποις
3772 3790 3851 3850 εἰς

2287 3883 2585 3954 βαθυτέραν
2620 3883 2944 3953 κατάκρισιν
2975 3883 3009 3951 ἡ
3041 3880 3537 3953 προεπηγγελμένη
3568 3881 3721 3952 εὐχὴ,
3752 3881 3849 3934 ἅτε

2283 3975 2348 4045 δὴ
2380 3974 2476 4045 τὴν
2522 3976 2690 4046 μήπω
2723 3975 3120 4046 πεπραγμένην
3172 3973 3452 4043 ἁμαρτίαν
3497 3974 3681 4036 αὑτοῖς
3716 3975 3848 4025 ὑπο-

2288 4066 2596 4137 στησαμένη
2617 4065 2713 4120 καὶ
2730 4067 3130 4137 προξενήσασα.
3163 4067 3234 4119 Σὺ
3260 4064 3340 4129 δὲ,
3366 4066 3549 4134 φησὶν,
3574 4064 3849 4135 ἄνθρωπε,

2286 4156 2362 4226 μὴ
2393 4158 2507 4220 τοῖς
2545 4156 2775 4228 ἄφροσιν
2823 4156 3156 4226 ὁμοιωθῆναι
3192 4154 3446 4226 θελήσῃς,
3481 4154 3681 4217 οἵτινες
3727 4152 3850 4206 οὔτε

2283 4246 2363 4316 τῷ
2389 4246 2506 4317 Θεῷ
2536 4247 2635 4317 τὴν
2673 4248 2837 4319 εὐχὴν
2867 4248 3114 4317 εὔχονται
3165 4246 3259 4300 καὶ
3287 4245 3569 4298 ποιοῦνται
3613 4242 3852 4316 προφρό-

2286 4356 2410 4404 νως,
2442 4337 2564 4393 οὔτε
2593 4340 2649 4394 δὲ
2678 4340 2818 4411 μετὰ
2843 4341 2905 4393 τὸ
2934 4339 3192 4403 εὔξασθαι
3216 4337 3603 4409 προαιροῦνται
3630 4337 3853 4406 ποιήσα-

833 4556 1277 4647 Ῑὸμγάρώιιιιμίι
1307 4561 1755 4647 Clirysostomus,
1798 4568 1891 4647 ἐπὶ
1940 4569 2049 4647 τῷν
2072 4588 2179 4647 τοι·

2292 4574 2520 4647 videtur_
2557 4575 2642 4630 vel
2689 4590 2758 4630 ex
2784 4576 3093 4647 Hieronymi
3138 4582 3433 4645 sententia,
3456 4583 3542 4637 vel
3602 4593 3746 4642 certe
3780 4604 3851 4643 ex

620 4626 798 4706 οὑτων
829 4626 1281 4706 περιεργάζεσθαι
1307 4634 1405 4695 τὰς
1422 4626 1635 4700 ἀίτίας,
1671 4626 1767 4690 καλν
1792 4639 2045 4693 ἀπαιτεῖν
2087 4642 2186 4706 τὰς

626 4696 881 4780 εὐθύνας,
906 4696 1137 4780 διαλυτὸν
1177 4696 1748 4780 τρόαίιῑον-ἐξπιςητερῖν,Δ
1781 4696 2189 4780 τολμηροτάτης

629 4766 722 4852 καὶ
766 4766 1143 4848 ῥιψοκινδύνου
1171 4766 1369 4852 ψυχῆς.
1397 4774 1451 4827 Id
1472 4766 1598 4852 esti:
1631 4766 2189 4846 De'hujus'm'odienini

629 4837 779 4915 rebus
816 4838 1033 4915 curiose
1056 4837 1371 4915 perquirere,
1394 4853 1443 4897 et
1468 4848 1699 4900 rationes
1737 4837 2032 4915 exposcere,
2075 4868 2189 4904 ma-

624 4906 857 4976 dumque
880 4906 1167 4975 sciscitari,
1221 4912 1567 4969 audacissimi
1602 4927 1651 4969 et
1709 4906 1971 4973 temerarii
2020 4906 2187 4974 enimi

629 4976 971 5059 (διέλθοι-..2
1007 4990 1194 5059 contra
1231 4983 1545 5059 Auomaaos,
1586 4985 1640 5048 2,
1673 4996 1807 5040 tom.
1840 4989 1907 5059 Ι.)

697 5043 1011 5129 Formulam
1045 5058 1224 5104 autem
1255 5050 1455 5129 ipsam,
1479 5043 1598 5124 qum
1628 5043 1660 5111 a
1711 5043 2027 5113 doctoribus
2090 5061 2190 5115 Ec—

627 5113 809 5197 clesiae
842 5118 1043 5175 tradita
1071 5129 1184 5197 est,_
1212 5113 1573 5197 retinendam,
1611 5142 1712 5180 nec
1741 5129 2037 5197 quidquam
2069 5113 2190 5186 liui-

630 5187 889 5270 ta-ndum_
922 5192 1447 5270 esse_,'ad.moneba‘t
1505 5187 1634 5249 olim
1675 5187 1924 5270 magnus
1975 5216 2191 5270 quoque

627 5255 963 5336 athanasius
992 5256 1057 5310 ad
1080 5255 1534 5336 Jov_ianum_Aug.
1570 5266 1697 5335 περὶ
1754 5255 2009 5334 πίστεως
2049 5255 2189 5325 δέτί-

628 5322 767 5401 bene
804 5341 820 5401 ξ
847 5324 1082 5401 Nicena:
1100 5331 1246 5401 enim
1276 5322 1908 5401 professionis'formula:
1928 5322 2192 5395 haec—sub-

1070 5416 1083 5451 :
1119 5394 1303 5487 Ἑαύτῂ
1323 5404 1388 5487 τῇ
1415 5404 1622 5487 πίστει,-
1655 5406 1956 5487 Αῠγουστε,
1983 5394 2191 5487 πάντας

630 5419 770 5462 lculi!
807 5419 1036 5470 tegimus
1070 5419 1083 5451 :
1128 5419 1303 5487 ιαυτῃ
1323 5419 1388 5526 τὲ]
1415 5420 1615 5468 πιστει,
1655 5419 1956 5472 Λυγουστε,
1983 5419 2191 5473 πάντας

630 5462 913 5550 ἐπιμένειν
936 5467 1369 5550 ἁνειγκιξίονμιυςΔ
1387 5473 1953 5550 είαᾳκαὶῄἁποστολικῇ,
1979 5481 2073 5532 καὶ
2095 5497 2191 5550 μη-

624 5532 739 5619 ξένί
766 5532 1076 5619 μετακινεῖν
1092 5532 1260 5619 αὑτὴν
1281 5532 1683 5619 πιθανὸλογίαις
1712 5549 1809 5600 καὶ
1836 5532 2187 5619 λογομαχίας.

628 5600 831 5688 Nempe
856 5621 888 5688 ξ.
906 5602 972 5688 In
990 5607 1092 5661 hac
1113 5600 1246 5688 ﬁdi,
1277 5613 1533 5688 Auguste,
1548 5600 1735 5670 omnes
1759 5600 2193 5685 oporiiai‘ni'é‘neié

630 5682 808 5759 utpote
834 5677 1015 5759 divina
1069 5677 1151 5759 et.
1168 5677 1481 5759 ρηοδιοῐίεα,
1523 5677 1684 5759 neque
1756 5677 2041 5759 quidquam
2074 5691 2191 5744 inde

629 5752 986 5827 tra'nsgnutare
1029 5749 1290 5827 artiﬁciis
1329 5749 1845 5827 contentionibusq'ue
1894 5749 2190 5815 verborum.

701 5811 991 5870 Enimvero
1025 5811 1193 5874 totum
1254 5822 1399 5878 hunc
1450 5824 1631 5880 locum
1688 5811 2193 5897 explicareﬂNos—ter

2290 4660 2479 4723 eorum
2510 4645 3143 4723 interpretatione,'quos
3194 4649 3563 4723 Hieronymus
3622 4668 3851 4714 secutus

2289 4724 2371 4767 est
2400 4732 2416 4780 ;
2447 4717 2561 4770 haec
2598 4716 2742 4770 enim
2776 4716 2941 4785 hujus
2983 4716 3110 4771 sunt
3137 4722 3299 4775 verba
3335 4739 3349 4776 :
3386 4716 3417 4772 ι’
3442 4723 3544 4776 Alii
3580 4739 3705 4779 vero
3738 4745 3853 4782 me-

2292 4784 2396 4840 lius
2429 4785 2790 4855 intelligentes
2824 4784 2924 4841 hoc
2954 4790 3172 4857 praecipi
3224 4794 3512 4856 afﬁrmant,
3544 4810 3617 4848 ne
3646 4809 3738 4851 aut
3764 4800 3845 4851 lo-

2289 4866 2518 4923 quentes
2548 4864 2663 4935 .aut
2692 4857 2992 4935 cogitantes
3022 4858 3140 4935 plus
3179 4861 3403 4935 debeo,
3430 4878 3599 4935 quam
3649 4880 3846 4934 possu-

2290 4940 2434 4989 mus,
2474 4927 2796 4995 opinemur;
2836 4927 2930 4982 sed
2976 4930 3214 4984 sciamus
3249 4927 3670 4987 imbecillitatem
3725 4952 3852 4991 nos-

2292 5004 2449 5061 tram,
2478 4996 2625 5068 quod
2657 5008 2920 5068 quantum
2960 4997 3125 5051 distat
3154 5003 3353 5055 caelum
3382 5018 3412 5056 a
3437 5010 3604 5068 terra,
3644 5012 3847 5061 tantum

2290 5066 2811 5139 nostraopinatioa
2842 5076 3034 5121 natura
3088 5069 3235 5125 illius
3292 5066 3615 5139 separetur:
3668 5085 3719 5129 et
3768 5078 3850 5129 id-

2290 5136 2436 5189 circo
2461 5135 2654 5189 debere
2682 5138 2843 5190 verba
2867 5147 3045 5189 nostra
3067 5154 3185 5195 esse
3207 5135 3502 5197 moderata.
3529 5142 3682 5198 Sicut
3708 5147 3849 5201 enim

2289 5206 2382 5273 qui
2409 5206 2463 5258 in
2505 5205 2693 5260 nmltis
2723 5207 3147 5276 cogitationibus
3193 5221 3297 5276 est,
3330 5225 3393 5265 ea
3444 5216 3683 5268 somniat
3743 5219 3850 5268 fre-

2289 5284 2547 5350 quenter,
2566 5275 2634 5329 de
2671 5275 2870 5350 quibus
2897 5276 3139 5350 cogitat;
3180 5280 3256 5335 ita
3287 5275 3397 5350 qui
3434 5283 3588 5350 plura
3619 5286 3853 5339 voluerit

2291 5347 2357 5396 de
2387 5343 2667 5398 divinitate
2692 5343 2990 5409 disserere,
3026 5346 3216 5403 incidit
3275 5343 3336 5404 in
3387 5343 3694 5407 stultitiam.
3760 5355 3853 5409 Vel

2290 5423 2436 5486 certe
2464 5414 2583 5486 sic:
2615 5414 2787 5470 Verba
2845 5427 3028 5470 nostra
3067 5433 3238 5485 pauca
3304 5421 3423 5475 ideo
3469 5438 3589 5476 esse
3635 5426 3851 5486 debere,

2290 5485 2433 5552 quod
2465 5485 2759 5564 Ietianrea,
2792 5501 2913 5555 quae
2957 5501 3119 5564 nosse
3161 5506 3281 5564 _nos
3339 5491 3692 5560 arbitramur,
3758 5485 3855 5564 per

2292 5554 2571 5630 speculum
2607 5553 2854 5630 videmus
2882 5566 2937 5610 et
2987 5556 3041 5610 in
3074 5558 3381 5630 aenigmate,
3421 5572 3476 5614 et
3509 5564 3653 5617 velut
3678 5553 3690 5560 ⁷
3711 5553 3856 5619 som-

2292 5627 2437 5698 nium
2465 5626 3001 5698 comprehendinms,
3033 5626 3387 5698 quod'tenere
3408 5646 3507 5686 nos
3523 5635 3858 5688 aestimamus

2291 5695 2537 5763 Cumque
2572 5695 2748 5763 plura,
2782 5709 2840 5751 ut
2882 5695 3067 5752 visum
3119 5701 3274 5755 nobis
3318 5702 3503 5764 fuerit,
3555 5705 3859 5759 dixerimus

2246 5788 2257 5795 -ι
2292 5764 2455 5839 tinem
2472 5765 2862 5839 disputationis
2891 5779 3093 5824 nostra!
3115 5784 3237 5825 esse
3265 5771 3547 5826 stultitiam
3581 5791 3597 5839 ;
3627 5790 3692 5829 ex
3718 5775 3861 5829 Inul-

2296 5834 2522 5905 tiloquio
2542 5838 2688 5891 enim
2738 5854 2838 5894 nos
2864 5853 2971 5893 non
2998 5840 3237 5910 effugere
3270 5834 3628 5912 peccatum.)
