4172 6538
565 414 673 475 943

642 527 833 584 Melius
862 522 1027 591 igitur
1057 527 1159 580 est,
1225 516 1399 585 inquit
1426 555 1439 575 ,
1496 528 1602 566 non
1636 524 1870 573 vovere,
1919 516 1975 561 at
2032 520 2141 559 non
2169 510 2217 567 Α

572 617 893 690 simpliciter
917 632 932 682 ;
959 621 1043 667 est
1075 613 1220 665 enim
1252 610 1355 663 hoc
1381 622 1599 677 quoque
1625 618 1863 672 superna
1886 600 2142 656 condem-

572 713 795 767 natione
820 720 1091 777 poenaque
1112 704 1359 773 dignum,
1387 715 1510 754 cum
1545 712 1743 751 vovere
1783 694 1893 748 Deo
1940 691 2142 762 possis,

569 814 626 857 et
655 806 797 856 hanc
820 802 985 853 etiam
1020 796 1223 851 amoris
1248 794 1322 847 tui
1361 802 1523 861 atque
1556 790 1735 845 cultus
1780 786 2143 857 signiﬁcatio-

574 910 697 949 nem
732 894 863 947 dare
893 904 1080 960 queas.
1121 886 1189 941 At
1217 901 1340 939 cum
1375 883 1669 953 opponitur
1710 891 1765 935 et
1799 886 2147 947 comparatur

575 1003 699 1042 cum
725 993 853 1039 voto
880 990 1133 1050 suscepto
1173 995 1271 1033 nec
1312 976 1542 1041 reddito,
1586 984 1698 1028 tum
1755 972 1914 1040 136
1959 969 2147 1037 utique

578 1078 774 1133 melius
803 1084 886 1130 est
935 1072 1161 1127 omnino
1218 1086 1325 1123 non
1377 1069 1612 1122 vovisse.
1666 1064 1964 1132 Propterea
2014 1059 2149 1114 dicit

579 1167 986 1222 Ecclesiastes:
1024 1182 1043 1216 ι
1080 1162 1291 1217 Βοηυιιι
1323 1169 1405 1215 est
1445 1175 1552 1213 non
1583 1172 1780 1212 vovere
1829 1163 1881 1209 te
1914 1193 1929 1217 ,
1984 1168 2148 1222 quam

498 1318 507 1331 ,
578 1275 775 1315 vovere
802 1266 855 1311 et
894 1272 1000 1310 non
1029 1255 1289 1318 reddere;
1312 1272 1329 1304 ι
1358 1268 1480 1307 cum
1510 1251 1675 1309 enim,
1710 1248 1905 1317 inquit,
1937 1253 2151 1299 utrum-

580 1368 686 1423 que
756 1347 1160 1405 incommodnm
1232 1346 1304 1400 sit
1368 1359 1430 1398 ac
1497 1358 1722 1412 prorsus
1781 1338 2147 1409 fugiendum,

581 1444 897 1499 existimare
922 1440 1207 1501 debemus,
1230 1452 1341 1507 pra:
1371 1435 1512 1489 malo
1533 1432 1780 1505 graviore
1799 1430 1947 1500 quod
1977 1430 2148 1484 levius

581 1545 683 1601 est,
724 1534 927 1589 rectius
953 1541 1113 1601 atque
1142 1529 1329 1584 utilius
1352 1526 1496 1596 eligi.
1530 1523 1694 1579 Addit
1722 1523 1937 1577 deinde:

1684 397 1742 455 S.
1774 390 2147 454 GREGORII
2204 390 2297 449 AG
2309 386 2708 446 RIGENTINI

3713 374 3821 439 9M

2319 502 2577 571 ’Ἄμεινον
2616 494 2708 551 οῦν
2747 496 2807 548 τὸ
2851 495 2925 565 μὴ
2969 492 3229 557 εὔξασθαί
3256 509 3441 561 φησιν,
3472 491 3569 561 οὐχ
3598 492 3781 555 ἁπλῶς
3802 509 3817 522 θ

2245 596 2359 648 ἐστι
2390 595 2499 664 γὰρ
2531 592 2624 644 καὶ
2655 590 2813 643 τοῦτο
2844 590 3245 657 καταγνώσεως
3291 591 3387 658 τῆς
3425 587 3688 640 ἀνωτάτω
3726 588 3822 640 καὶ

2248 687 2627 756 κατακρίσεως
2670 683 2821 749 ἀξιον
2876 685 2989 746 τοῖς
3034 682 3355 751 δυναμένοις
3422 680 3679 750 εὔχεσθαι
3743 680 3823 750 τῷ

2248 778 2387 847 Θεῷ,
2425 776 2519 829 καὶ
2547 775 2616 827 τὰ
2643 774 2957 844 σημαντικά
2994 773 3091 841 τῆς
3125 773 3260 845 πρὸς
3289 772 3451 824 αὐτὸν
3480 771 3701 839 ἀγάπης
3731 772 3823 824 καὶ

2249 869 2505 937 λατρείας
2530 866 2883 936 προσφέρειν.
2913 864 3069 917 Κατὰ
3100 863 3361 933 πρόθεσιν
3388 862 3443 916 δὲ
3466 862 3561 915 καὶ
3595 862 3823 933 σύγκρι-

2252 976 2335 1013 σιν
2382 959 2477 1012 τοῦ
2513 957 2791 1022 εὔξασθαι,
2829 957 2924 1009 καὶ
2956 957 3221 1027 μηδαμῶς
3263 955 3578 1017 ἀποδοῦναι,
3617 954 3825 1023 βέλτιόν

2244 1056 2361 1106 ὲστι
2411 1052 2472 1103 τὸ
2515 1050 2781 1121 μηδαμῶς
2811 1049 3076 1116 εὔξασθαι
3126 1049 3187 1101 τὺ
3226 1050 3512 1119 παράπαν.
3541 1048 3639 1100 Διά
3670 1046 3827 1101 τοῦτό

2246 1166 2409 1218 φησιν
2451 1150 2480 1199 ὁ
2513 1144 2971 1216 Ἐκκλησιαστὴς,
3006 1162 3024 1194 ι
3071 1141 3300 1209 Ἀγαθὸν
3340 1141 3403 1193 τὸ
3451 1144 3525 1211 μὴ
3568 1139 3826 1203 εὔξασθαί

2248 1259 2330 1305 σε,
2358 1242 2391 1312 ἢ
2422 1240 2482 1293 τὸ
2508 1239 2767 1304 εὔξασθαι
2795 1238 2890 1290 καὶ
2918 1236 2991 1307 μὴ
3022 1234 3336 1288 ἀποδοῦναι.
3372 1253 3389 1285 ι
3435 1235 3557 1286 Τῶν
3582 1234 3826 1301 ἀμφοτέ-

2251 1351 2359 1404 ρων
2403 1332 2571 1403 φησιν
2614 1329 2948 1385 ἀλυσιτελῶν
2989 1329 3313 1397 πεφυκότων
3356 1328 3449 1381 καὶ
3491 1328 3667 1396 πάντη
3702 1344 3825 1394 φευ-

2257 1426 2423 1489 κτῶν,
2445 1423 2811 1496 αἱρετώτερον
2835 1423 2892 1477 δὲ
2918 1424 3012 1476 καὶ
3032 1420 3473 1490 λυσιτελέστερον
3496 1419 3703 1489 οἰητέον
3729 1418 3823 1471 τοῦ

2261 1519 2566 1588 βαρυτέρου
2599 1515 2769 1570 κακοῦ
2799 1516 2859 1568 τὸ
2887 1514 3238 1583 κουφότερον.
3277 1507 3412 1565 Εἶτά
3440 1529 3592 1582 φησι,

2083 1635 2109 1704 §
2149 1631 2284 1686 Vill.

660 1759 825 1813 Vens.
860 1756 913 1810 6.
945 1754 1027 1809 Ne
1056 1754 1145 1807 des
1169 1768 1224 1805 os
1254 1761 1421 1813 tuum,
1461 1761 1517 1802 ut
1567 1764 1781 1818 peccare
1832 1747 2004 1816 facias
2036 1761 2154 1797 car-

2328 1742 2423 1810 Μὴ
2477 1741 2580 1805 δὸς
2643 1740 2709 1792 τὸ
2763 1740 2957 1807 στόμα
3003 1754 3121 1792 σου
3146 1737 3277 1791 ’τοῦ
3320 1736 3674 1806 ἐξαμαρτεῖν
3718 1737 3831 1804 τὴν

588 1869 702 1905 nem
736 1860 905 1913 tuam;
930 1860 973 1903 et
1010 1864 1071 1900 ne.
1093 1845 1290 1898 dixeris
1319 1844 1372 1897 in
1402 1850 1677 1911 conspectu
1706 1839 1822 1902 Dei,
1853 1839 1977 1908 quia
2004 1838 2155 1907 igno-

591 1944 769 1996 rantia
793 1949 910 2002 est;
942 1955 1005 1993 ne
1044 1939 1313 1990 irascatur
1340 1933 1483 1987 Deus
1522 1948 1680 2003 super
1711 1947 1884 1986 vocem
1912 1940 2080 1991 tuam;
2107 1938 2155 1982 et

593 2034 856 2104 disperdat
882 2046 1038 2099 opera
1066 2044 1317 2082 manuum
1350 2036 1584 2079 tuarum.
1626 2024 1766 2089 Quia
1794 2024 1850 2076 in
1908 2021 2155 2075 multitu-

594 2129 718 2179 dine
746 2125 1076 2178 somniorum
1106 2131 1154 2175 et
1183 2120 1479 2174 vanitatum
1502 2127 1550 2171 et
1579 2117 1851 2170 verborum
1898 2114 2155 2183 plurimo-

592 2233 707 2268 rum
732 2230 750 2268 :
778 2229 942 2285 quare
972 2222 1027 2264 tu
1066 2210 1235 2265 Deum
1266 2210 1389 2261 time
1417 2208 1550 2277 (l5).

662 2392 818 2458 Quod
856 2389 1001 2443 varia
1031 2387 1337 2455 diversique
1368 2384 1583 2454 generis
1608 2388 1832 2452 peccata
1865 2387 2011 2443 sunt,
2041 2394 2161 2448 qua:

593 2486 662 2540 ab
689 2500 786 2539 ore
844 2480 1302 2552 proﬁciscuntur;
1353 2492 1478 2532 nam
1519 2486 1572 2530 et
1599 2474 1695 2545 qui
1752 2474 2014 2528 adversus
2068 2471 2157 2524 Dei

596 2578 935 2644 maiestatem
960 2572 1326 2643 blasphemias
1355 2569 1679 2640 loquuntur,
1704 2574 1798 2620 aut
1822 2564 1991 2619 falsas
2012 2564 2078 2617 de
2096 2578 2161 2616 eo

595 2671 882 2741 opiniones
900 2666 1275 2727 dissetninant,
1301 2670 1353 2718 et
1370 2664 1464 2733 qui
1485 2661 1551 2715 ad
1582 2660 1717 2714 iram
1739 2667 1793 2713 et
1809 2654 2159 2727 petulantiam

599 2764 807 2817 celeres
833 2760 1102 2831 pronique
1128 2766 1276 2820 sunt,
1321 2771 1385 2811 ac
1439 2753 1719 2825 proximos
1751 2749 2013 2806 conviciis
2057 2747 2163 2801 im-

599 2853 927 2924 pudentibus
961 2856 1194 2920 petunt,
1243 2856 1297 2902 et
1348 2846 1440 2916 qui
1494 2844 1785 2899 calumniis
1844 2842 2163 2896 innocentes

598 2948 910 3006 traducunt,
937 2954 991 2998 et
1015 2942 1109 3012 qui
1146 2941 1282 2995 bene
1307 2939 1375 2993 de
1403 2954 1462 2992 se
1504 2937 1728 2991 meritos
1782 2950 1879 3004 per
1928 2940 2167 2988 contem-

598 3052 750 3109 ptum
776 3036 1156 3109 proscindunt,
1186 3032 1371 3103 utique
1408 3039 1690 3101 peccatum
1726 3042 1823 3081 ore
1855 3024 2161 3095 perﬁciunt.

2256 1833 2454 1903 σάρκα
2503 1849 2656 1886 σου’
2693 1832 2791 1885 καὶ
2846 1831 2932 1901 μὴ
2976 1831 3150 1898 εἴπῃς
3187 1830 3337 1898 πρὸς
3363 1831 3687 1898 πρόσωπον
3723 1829 3829 1883 τοῦ

2259 1925 2429 1991 Θεοῦ,
2497 1924 2587 1977 ὅτι
2651 1922 2861 1990 ἇγνοιά
2928 1923 3124 1976 ἐστιν·
3193 1922 3293 1973 ἵνα
3346 1920 3431 1989 μὴ
3498 1918 3747 1988 ὀργισθῇ
3796 1924 3831 1973 ό

2260 2019 2403 2081 Θεὸς
2455 2015 2554 2069 ἐπὶ
2592 2013 2763 2085 φωνῇ
2794 2029 2932 2079 σου,
2974 2013 3072 2066 καὶ
3099 2012 3407 2082 διαφθείρῃ
3438 2011 3509 2065 τὰ
3533 2011 3832 2079 ποιήματα

2257 2108 2471 2181 χειρῶν
2519 2125 2658 2162 σου.
2706 2108 2826 2160 Ὅτι
2870 2107 2940 2160 ἐν
2984 2105 3199 2173 πλήθει
3251 2104 3555 2158 ἐνυπνίων
3598 2105 3694 2157 καὶ
3718 2123 3833 2172 μα-

2257 2200 2581 2268 ταιοτήτων
2619 2197 2717 2253 καὶ
2748 2198 2947 2267 λόγων
2976 2197 3225 2250 πολλῶν
3249 2212 3263 2226 ·
3305 2197 3394 2249 ὅτι
3432 2197 3512 2249 σὺ
3545 2197 3653 2249 τὸν
3684 2198 3833 2250 Θεὸν

2258 2293 2468 2362 φοϐοῦ.

2330 2383 2590 2453 Ποικίλης
2639 2383 2734 2436 καὶ
2777 2380 3124 2451 παντοδαπῆς
3157 2382 3467 2450 πεφυκυίας
3500 2382 3600 2451 τῆς
3627 2380 3714 2434 διὰ
3738 2381 3830 2434 τοῦ

2262 2477 2531 2545 στόματος
2561 2474 2834 2545 ἁμαρτίας
2860 2490 2873 2503 ·
2913 2473 2967 2525 οῗ
2997 2490 3056 2526 τε
3095 2473 3204 2543 γάρ
3232 2473 3577 2543 βλασφημίας
3610 2473 3831 2526 λαλοῦν-

2259 2583 2349 2629 τες
2386 2567 2464 2629 εἰς
2507 2567 2566 2618 τὸ
2604 2564 2737 2634 ὕψος
2768 2564 2863 2617 τοῦ
2904 2564 3037 2617 Θεοῦ
3083 2566 3178 2617 καὶ
3204 2567 3303 2629 τὰς
3331 2566 3546 2634 ψευδεῖς
3576 2568 3703 2636 περὶ
3736 2567 3833 2619 αύ-

2260 2659 2353 2712 τοῦ
2381 2660 2745 2729 κηρύττοντες
2765 2658 2941 2723 δόξας,
2969 2659 3091 2711 οἵτε
3120 2663 3416 2729 προπετεῖς
3436 2662 3529 2714 καὶ
3550 2662 3734 2729 ταχεῖς
3754 2661 3835 2721 εἰς

2260 2752 2429 2820 ὀργὰς
2478 2752 2572 2803 καὶ
2615 2749 2900 2819 παροινίας
2930 2749 3265 2819 ὑπάρχοντες
3312 2751 3405 2802 καὶ
3442 2749 3568 2812 τοὺς
3606 2748 3833 2819 πλησίον

2263 2842 2485 2914 ὕϐρεσιν
2516 2841 2795 2912 ἀπρεπέσι
2826 2840 3351 2904 καθυποϐάλλοντες,
3387 2842 3527 2894 οἵτε
3565 2858 3834 2911 συκοφαν-

2260 2933 2483 2993 τοῦντες
2506 2933 2632 2994 τοὺς
2652 2930 2978 2995 ἀνευθύνους
3010 2932 3103 2985 καὶ
3126 2932 3529 2997 διαϐάλλοντες,
3558 2933 3686 2985 οἵτε
3714 2932 3835 2986 δια-

2264 3023 2665 3094 λοιδορούμενοι
2689 3025 2783 3077 καὶ
2805 3022 3234 3087 καταλαλοῦντες
3257 3024 3383 3087 τοὺς
3404 3024 3834 3097 εύπραγοῦντας,

600 3131 755 3198 Quod
785 3137 840 3184 et
881 3140 1112 3196 magnus
1153 3122 1393 3178 Iacobus
1448 3119 1545 3174 Dei
1595 3118 1766 3172 frater
1824 3116 1934 3170 illis
1980 3114 2161 3170 verbis

2265 3114 2353 3169 διά
2395 3113 2491 3167 τοῦ
2550 3114 2820 3184 στόματος
2860 3114 3141 3168 ἐκτελοῦσι
3183 3113 3283 3184 τὴν
3318 3115 3613 3186 ἁμαρτίαν.
3663 3116 3838 3185 Ὅπερ

600 3220 892 3290 expressit:
930 3236 950 3270 ι
985 3218 1076 3272 Sic
1109 3223 1164 3269 et
1210 3214 1391 3283 lingua
1423 3209 1700 3265 modicum
1735 3208 1954 3278 quidem
1989 3221 2163 3260 mem-

604 3316 762 3366 brum
792 3317 895 3373 est,
942 3317 995 3363 et
1039 3321 1235 3375 magna
1265 3304 1505 3367 exaltat,
1565 3315 1692 3355 ecce
1737 3309 1974 3368 quantus
2026 3296 2167 3367 ignis

603 3420 767 3475 quant
803 3415 1057 3471 magnam
1098 3398 1289 3453 silvam
1320 3393 1579 3457 incendit,
1617 3400 1669 3447 et
1700 3391 1883 3460 lingua
1911 3390 2050 3460 ignis
2086 3398 2169 3445 est

606 3494 935 3550 universitas
967 3487 1272 3559 iniquitatis
1295 3487 1370 3540 ⁸.»
1411 3483 1591 3551 Quare
1640 3483 1707 3536 ad
1736 3494 1997 3550 procaces
2024 3478 2169 3547 ejus-

606 3583 755 3639 modi
806 3582 1021 3651 linguas
1060 3576 1394 3632 cohibendas
1438 3573 1881 3640 coercendasque
1902 3570 1998 3624 ait:
2035 3588 2054 3619 ‹
2089 3568 2171 3622 Sit

607 3677 787 3728 omnis
820 3673 986 3725 homo
1016 3668 1173 3729 velox
1200 3667 1267 3721 ad
1296 3662 1649 3729 audiendum,
1668 3663 1860 3717 tardus
1890 3670 2069 3715 autem
2103 3660 2170 3713 ad

607 3765 966 3836 loquendum,
993 3769 1049 3815 et
1077 3758 1263 3813 tardus
1290 3758 1356 3810 ad
1400 3755 1536 3809 iram
1566 3756 1609 3806 ’.
1664 3772 1683 3805 ι
1717 3753 1925 3808 Idcirco
1985 3751 2170 3805 Eccle-

610 3861 805 3913 siastes
846 3854 1140 3909 multorum
1192 3848 1583 3903 maleﬁciorum
1647 3860 1870 3900 causam
1909 3860 1973 3899 os
2025 3844 2170 3897 fecit.

610 3953 813 4005 Verum
857 3962 979 4002 cum
1013 3944 1156 4000 idem
1201 3943 1288 3997 hic
1318 3941 1481 3995 addat
1521 3958 1534 3993 :
1574 3957 1591 3987 ι
1627 3938 1698 3993 Ut
1744 3954 1967 4007 peccare
2007 3936 2174 3991 facias

607 4058 827 4100 carnem
872 4051 1045 4104 tuam,
1096 4054 1117 4088 ι
1173 4034 1436 4089 amatoria
1485 4032 1575 4086 hic
1613 4031 1881 4100 colloquia
1925 4046 2046 4100 qua:
2082 4046 2176 4084 ore

610 4145 766 4200 tiunt,
805 4143 858 4188 ct
888 4143 1220 4201 congressus
1246 4143 1369 4182 eum
1396 4124 1588 4179 alienis
1625 4124 1890 4178 uxoribus
1929 4122 2176 4177 inhibere

612 4231 743 4286 mihi
814 4227 1046 4280 videtur.
1123 4219 1305 4275 Facile
1363 4219 1588 4273 omnino
1632 4216 1914 4285 indulgent
1965 4214 2178 4268 feminae

613 4320 828 4377 blandis
857 4315 1201 4373 sermonibus
1230 4326 1354 4367 cum
1383 4310 1533 4363 viris.
1567 4307 1649 4362 Tu
1682 4322 1809 4361 vero
1838 4324 1899 4360 os
1934 4315 2085 4359 tuum
2110 4307 2178 4360 ab

615 4406 884 4481 ejusmodi
920 4403 1142 4460 nefariis
1168 4401 1308 4471 jocis
1346 4408 1400 4453 et
1433 4397 1922 4468 signiﬁcationibus
1956 4412 2175 4450 coerce-

2266 3205 2638 3275 αξνιττόμενος
2672 3205 2769 3258 καὶ
2796 3206 2824 3257 ό
2852 3206 3171 3275 ἀδελφόθεος
3216 3204 3312 3258 καὶ
3364 3206 3537 3274 μέγας
3584 3204 3837 3268 Ἰάκωϐος

2265 3291 2369 3351 ῶδέ
2401 3297 2505 3350 πού
2540 3315 2705 3367 φησιν
2727 3312 2741 3328 ⁸
2788 3316 2807 3349 ι
2834 3297 3021 3361 Οὕτως
3060 3298 3155 3350 καὶ
3192 3299 3225 3368 ἡ
3266 3298 3489 3365 γλῶσσα
3520 3298 3715 3368 μικρὸν
3745 3298 3841 3367 μέ-

2266 3390 2357 3453 λος
2404 3390 2542 3452 ἐστὶ,
2588 3393 2682 3443 καὶ
2738 3391 3107 3461 μεγαλαυχεῖ’
3169 3390 3277 3443 ἰδοὺ
3323 3390 3504 3459 ὀλίγον
3560 3392 3672 3460 πῦρ
3724 3391 3843 3461 ἡλί-

2268 3498 2372 3550 κην
2416 3481 2589 3549 φλόγα
2640 3482 2871 3536 άναπτει
2898 3498 2910 3511 ’
2944 3484 3035 3535 καὶ
3076 3484 3109 3552 ἠ
3153 3483 3373 3551 γλῶσσα
3413 3484 3524 3555 πῦρ
3566 3486 3594 3536 ὁ
3638 3485 3841 3554 κόσμος

2268 3574 2368 3643 τῆς
2413 3573 2645 3637 ἀδικίας.
2684 3593 2703 3625 ο
2775 3573 2865 3625 Διὸ
2918 3573 3012 3626 καὶ
3068 3573 3167 3636 τὰς
3222 3576 3481 3639 τοιαύτας
3546 3580 3842 3646 προπετεῖς

2270 3662 2522 3734 γλώσσας
2544 3668 2908 3736 ἀναχαιτίζων
2928 3668 3022 3721 καὶ
3040 3668 3383 3722 ἀναστέλλων
3404 3669 3586 3739 φησίν·
3618 3689 3637 3721 ι
3663 3671 3844 3723 Ἔστω

2275 3759 2382 3820 πᾶς
2406 3758 2691 3829 ἄνθρωπος
2727 3759 2896 3829 ταχὺς
2928 3760 3009 3822 είς
3040 3760 3099 3812 τὸ
3134 3759 3385 3823 ἀκοῦσαι,
3416 3762 3511 3814 καὶ
3538 3761 3734 3831 βραδὺς
3763 3764 3843 3825 είς

2272 3853 2334 3905 τὸ
2386 3853 2637 3922 λαλῆσαι,
2691 3852 2889 3923 βραδὺς
2946 3855 3026 3915 εἰς
3060 3854 3233 3924 ὀργήν
3256 3871 3270 3885 ·
3306 3873 3325 3906 ι
3363 3854 3573 3908 πολλῶν
3608 3855 3710 3925 μὲν
3751 3851 3844 3907 οὖν

2275 3944 2691 4013 ἁμαρτημάτων
2744 3944 2806 3995 τὸ
2864 3945 3039 4014 στόμα
3087 3945 3427 4015 καθέστηκεν
3472 3945 3667 3999 αἴτιον.
3699 3946 3845 4015 Πλὴν

2275 4035 2411 4089 ἀλλά
2449 4036 2557 4105 γὰρ
2599 4035 2694 4088 νῦν
2747 4035 2919 4089 εἰπὼν
2962 4039 2990 4089 ὁ
3037 4036 3507 4107 Ἐκκλησιαστὴς⁶
3550 4056 3568 4087 ι
3599 4036 3706 4089 Τοῦ
3754 4036 3843 4102 ἐξ·

2277 4131 2545 4199 αμαρτεῖν
2574 4128 2671 4199 τὴν
2700 4128 2880 4197 σάρκα
2912 4146 3026 4194 σου,
3059 4148 3077 4181 ι
3104 4125 3257 4196 οἶμαι
3282 4132 3382 4194 τὰς
3410 4130 3499 4182 διὰ
3525 4131 3621 4182 τοῦ
3648 4130 3848 4199 στόμα-

2278 4237 2369 4281 τος
2402 4219 2620 4287 φιλικὰς
2657 4220 2874 4289 ὁμιλίας
2906 4220 3007 4273 καὶ
3049 4220 3342 4289 συντυχίας
3386 4220 3524 4291 πρὸς
3554 4220 3657 4283 τὰς
3688 4221 3845 4275 ἀλλο-

2278 4310 2439 4381 τρίας
2485 4313 2750 4378 γυναῖκας
2791 4312 3092 4381 ἀπείργειν.
3130 4312 3420 4366 Εὑόλισθον
3464 4314 3559 4365 καὶ
3601 4312 3661 4363 τὸ
3713 4312 3845 4383 θῆλυ

2281 4401 2492 4472 πέφυκε
2520 4404 2640 4465 ταῖς
2663 4403 2976 4467 θελκτικαῖς
3002 4406 3421 4474 προσφωνήσεσι
3447 4406 3555 4458 τῶν
3579 4405 3843 4475 ἀρρένων.

614 4516 691 4568 ιο,
718 4513 826 4555 tam
853 4498 939 4559 iis,
972 4510 1095 4567 quae
1130 4508 1223 4563 per
1275 4492 1619 4560 interpretem
1643 4529 1657 4551 ,
1686 4505 1849 4559 quam
1896 4489 1963 4543 iis
1995 4528 2009 4550 ,
2060 4504 2161 4557 qua

2283 4494 2353 4547 Σὺ
2388 4494 2445 4546 δὲ
2476 4495 2537 4547 τὸ
2571 4494 2743 4565 στόμα
2776 4497 3017 4549 κώλυσον
3042 4496 3150 4550 ἀπὸ
3182 4497 3438 4565 τοιαύτης
3463 4496 3720 4566 ἀθεμίτου
3755 4498 3848 4561 δη-

619 4603 769 4646 recta
790 4598 845 4644 et
868 4602 1049 4643 coram
1079 4584 1239 4638 ﬁunt.
1274 4582 1457 4650 Neque
1487 4580 1632 4633 enim
1680 4580 1820 4650 apud
1857 4580 2026 4633 Deum
2084 4597 2176 4634 ex—

619 4696 813 4736 cusare
848 4689 899 4732 te
936 4677 1159 4747 pcteris,
1192 4672 1339 4743 quod
1378 4673 1538 4725 talem
1574 4672 1625 4724 in
1673 4671 1886 4739 culpam
1916 4686 1981 4723 ex
2029 4672 2185 4740 igno-

624 4773 799 4829 rantia
830 4768 1107 4825 incideris.
1134 4766 1347 4821 Audisti
1381 4766 1524 4818 enim
1555 4764 1704 4817 illum
1745 4763 1998 4818 Mosaicis
2029 4765 2081 4816 in
2114 4764 2187 4817 lc-

625 4868 784 4939 gibus
816 4864 933 4918 sine
965 4864 1191 4930 ambage
1215 4859 1505 4913 dicentem:
1544 4856 1699 4927 137
1732 4875 1750 4909 ι
1787 4856 1904 4911 Non
1944 4856 2185 4911 moecha-

629 4960 794 5024 beris,
830 4972 937 5012 non
968 4952 1331 5009 fornicaberis
1366 4952 1499 5021 (ιϐ),
1527 4971 1544 5002 ι
1579 4962 1633 5005 et
1663 4961 1945 5019 peccatum
1978 4960 2190 5002 utrum-

698 5077 720 5108 ⁸
748 5074 865 5130 Jac.
899 5086 980 5136 tu,
1013 5069 1066 5123 5.
1142 5070 1162 5100 ⁹
1190 5065 1305 5122 Jac.
1340 5081 1379 5130 ι,
1422 5064 1502 5118 t9.

628 5196 947 5268 gnosceret:
976 5194 1163 5253 utpote
1189 5183 1442 5253 quoniam
1479 5180 1626 5260 solus
1651 5186 1813 5247 atque
1852 5189 1962 5268 prae
2012 5172 2188 5227 omni-

626 5246 731 5323 iiiis
755 5258 997 5314 creditus
1041 5246 1133 5307 ἐει
1188 5246 1351 5322 atque
1413 5252 1658 5323 accipere
1714 5246 1913 5323 meruit
1977 5261 2021 5323 a_
2064 5258 2188 5312 rege

627 5315 817 5404 regum
856 5327 1074 5380 Christo
1112 5315 1432 5404 Deo_(7laves
1463 5315 1611 5401 regni
1644 5315 2188 5404 cmllortnnl,‘ad_apc-

628 5385 880 5461 rigidum
932 5407 1079 5449 recte
1114 5394 1459 5448 credentibus
1505 5385 1851 5461 inettmdein_
1904 5385 2187 5461 Dominum

633 5454 909 5530 nostrum.
962 5476 1016 5518 et
1073 5464 1429 5518 claudendum
1489 5454 2126 5530 inﬁdelibus‘hazrclicis.
2168 5471 2185 5500 ι

632 5523 846 5610 Quibus
878 5536 1064 5610 Graeca
1088 5536 1257 5610 plane
1274 5533 1599 5610 respondent
1626 5546 1639 5581 :
1662 5526 1867 5610 'l'qinov
1912 5524 1967 5609 δὲ
2014 5523 2194 5605 λέγειν

634 5594 995 5681 ᾕέτρουητοῦ.
1024 5594 1463 5681 κορυφαιίουιτῶν.
1512 5597 1845 5681 ἀποστόλων,
1885 5594 1968 5681 ’ῶς
2011 5596 2189 5681 μόνον

638 5663 996 5746 πιστευθῆναί
1028 5663 1209 5746 tte.in
1236 5672 1419 5746 λαϐεῖν
1444 5671 1582 5746 ύπξρ
1620 5663 2190 5746 πάντας-,ἀξιωθέντος

642 5750 793 5817 παρὰ
834 5732 929 5799 τοῦ
954 5744 1357 5817 νβασιλέωςῌτῶν
1398 5732 1791 5817 βασιλευόντων,
1832 5732 2192 5817 Χριστοῦποῦ

643 5803 780 5876 ὧέὸῡ
798 5817 893 5880 τὰς
910 5803 1055 5876 κλεῖς
1071 5816 1165 5883 τῆς
1184 5803 1293 5866 τῶν
1314 5803 1554 5881 οὐρανῶν
1588 5806 1858 5877 βασιλείας
1878 5803 1953 5863 είς
1980 5803 2037 5853 τὸ
2066 5803 2204 5854 ἀνοί-

2283 4582 2502 4649 λώσεως
2534 4586 2629 4639 καὶ
2655 4589 3060 4659 παρεμφάσεως
3085 4590 3142 4641 ὲν
3174 4589 3324 4658 μέσῳ
3348 4589 3659 4658 γινομένης,
3688 4589 3720 4659 ἢ
3755 4590 3849 4640 πά-

2280 4675 2363 4728 λιν
2389 4676 2609 4748 άμέσως
2638 4681 2731 4732 καὶ
2761 4680 2905 4733 κατά
2934 4680 3245 4752 πρόσωπον.
3273 4680 3348 4733 Ut)
3368 4681 3475 4751 γὰρ
3498 4681 3640 4751 ἔχεις
3666 4678 3848 4750 χώραν

2280 4766 2457 4834 λέγειν
2489 4769 2624 4839 πρὸς
2646 4769 2735 4824 τὸν
2766 4771 2917 4833 Θεὸν,
2944 4773 3026 4825 ὅτι
3071 4771 3231 4825 τοῦτο
3273 4772 3335 4824 τὸ
3360 4773 3520 4843 ἔργον
3550 4772 3607 4839 eg
3630 4773 3851 4840 ἀγνοίας

2288 4878 2374 4929 μοι
2421 4862 2665 4929 γέγονεν.
2706 4866 2983 4928 Ἤκουσας
3030 4866 3138 4935 γὰρ
3179 4863 3344 4917 αὐτοῦ
3393 4866 3504 4926 τοῖς
3541 4865 3853 4923 Μωσαῐκοις

2286 4952 2472 5021 νόμοις
2520 4955 2824 5021 φάσκοντος
2872 4956 3190 5028 διαρρήδην,
3246 4974 3263 5005 ι
3298 4956 3373 5007 Οὐ
3423 4955 3747 5025 μοιχεύσεις,
3792 4956 3850 5005 οὐ

2298 5190 2415 5266 ἔιενιν
2440 5176 2610 5245 αὐτὴν
2638 5176 2861 5259 δικαίως
2890 5181 3001 5261 τοῖς
3038 5182 3119 5263 εἰς
3149 5181 3313 5266 aiath
3337 5181 3427 5234 τὸν
3460 5183 3663 5251 Κύριον
3700 5182 3856 5250 ὀρθο-

2288 5245 2455 5308 δόξως
2484 5246 2853 5309 πιστεύουσιν,
2890 5250 3200 5302 ἀποκλείειν
3242 5251 3297 5303 δὲ
3331 5253 3466 5304 πᾶσι
3494 5245 3604 5314 τοῖς
3634 5245 3859 5304 κακοδο-

2293 5314 2408 5391 ξοις.
2428 5317 2721 5391 αἱρετιμκοῖς
2762 5318 2825 5391 τῇ
2842 5319 3034 5391 -αύτῶν
3060 5322 3268 5389 αἱρέσει
3297 5322 3716 5391 προσμένουσιν.

2366 5387 2476 5468 tib)
2510 5385 2614 5438 Sed
2666 5385 3016 5469 apudLXX_
3034 5385 3459 5469 scrip_tum_est,'
3505 5391 3595 5459 Μὴ
3643 5390 3747 5469 δῷς
3801 5394 3864 5469 ro

2298 5456 2471 5537 στόμα
2505 5473 2597 5537 σου
2622 5456 2716 5507 τοῦ
2745 5456 3121 5537 ἐξαμαρτῆσαι
3143 5456 3241 5537 την
3258 5462 3451 5537 ράρκα
3479 5456 3595 5537 σου,
3631 5456 3727 5513 καὶ
3783 5464 3858 5530 μὴ

2297 5524 2476 5604 signa
2502 5524 2608 5604 πρδ
2637 5524 2936 5604 προσώπου
2963 5524 3054 5584 τοῦ
3086 5524 3221 5604 Θεοῦ
3255 5524 3382 5604 ὅτι.
3414 5569 3430 5585 .
3451 5569 3470 5604 Α.
3495 5530 3711 5601 Olymp.

2298 5594 2489 5680 sibi
2514 5594 2689 5680 στόμα
2712 5612 2805 5648 σου
2834 5599 3237 5680 ἐξαμαρτάνειν
3273 5601 3373 5670 τὴν
3402 5594 3582 5680 σάρκᾶ
3642 5594 3733 5653 σου
3759 5640 3772 5653 .
3801 5640 3815 5653 .
3842 5594 3860 5652 ξ

2374 5664 2486 5745 (16)
2526 5666 2696 5721 Exod.
2739 5683 2806 5721 xx
2830 5709 2844 5733 ,
2879 5664 2963 5723 15;
3002 5664 3067 5726 Ᾱι
3103 5669 3245 5725 LXX
3271 5664 3379 5725 non
3414 5664 3616 5725 habent
3642 5670 3701 5722 οὑ
3725 5686 3863 5739 πορ-

2301 5751 2529 5796 νευσεις.
