4172 6548
353 415 460 482 945

1408 430 1492 490 ΓΝ
1542 429 2123 493 ECCLESTASTEN.
2162 459 2226 468 -·-
2250 434 2397 497 LIB.
2440 433 2540 493 IV.

3506 428 3610 493 946

332 524 698 609 πορνεύσῃς,
723 543 745 580 ι
774 527 868 581 καὶ
893 529 1145 585 τοσοῦτον
1173 532 1442 605 ἑκατέραν
1464 538 1744 609 ἁμαρτίαν
1768 556 1934 592 κατα-

2050 554 2141 608 lue
2174 540 2311 593 adeo
2340 540 2715 603 damnantem,
2734 548 2790 594 ut
2820 539 3076 594 feminam
3101 555 3160 594 se
3194 539 3608 609 prostituentem

351 617 695 683 δικάσαντος,
723 617 866 673 ὥστε
907 623 1217 688 προστάξαι
1263 628 1356 680 καὶ
1386 628 1782 684 λιθοϐολεῖσθαι
1834 630 1934 701 μὲν

352 710 453 778 τὴν
485 714 962 783 προπορνευκυῖαν
997 715 1103 769 ὑπὸ
1137 718 1355 773 πάντων
1397 721 1506 774 τῶν
1540 722 1685 777 ἰδίων
1726 742 1937 795 συμπο-

353 798 548 851 λιτῶν’
585 800 675 853 τὸν
702 800 758 855 δὲ
792 803 982 873 μοιχὸν
1007 805 1376 864 θανατοῦσθαι
1406 813 1544 882 μετὰ
1571 814 1671 878 τῆς
1698 814 1938 885 μοιχαλί-

354 888 464 953 δος.
493 892 554 944 Εἰ
579 893 762 946 τοίνυν
795 896 856 947 οὐ
884 895 1109 952 δύνασαι
1154 902 1341 971 φάναι,
1378 905 1550 959 Τοῦτο
1576 906 1638 960 τὸ
1682 908 1844 977 ἔργον
1878 909 1937 976 ἐξ

355 982 582 1049 ἀγνοίας
615 1002 705 1054 μοι
731 985 942 1054 γέγονε,
973 989 1221 1059 δηλονότι
1250 993 1313 1046 τὸ
1335 994 1434 1064 τῆς
1466 997 1713 1066 μοιχείας
1738 999 1771 1068 ἢ
1804 1016 1938 1069 πορ-

355 1074 506 1135 νείας
531 1092 545 1105 ·
576 1076 874 1130 ἐπίστασαι
898 1082 1009 1151 γὰρ
1039 1082 1502 1156 άπηγορευμένην
1540 1090 1811 1162 ἑκατέραν
1834 1092 1939 1144 ὑπὸ

355 1165 492 1220 Θεοῦ
521 1167 610 1220 διὰ
639 1169 737 1222 τοῦ
767 1171 1036 1236 Μωσέως,
1063 1174 1116 1226 τί
1148 1175 1348 1245 δήποτε
1376 1179 1513 1249 πρὸς
1546 1180 1646 1251 τὴν
1670 1200 1939 1250 γινωσκο-

360 1265 532 1329 μένην
561 1262 842 1334 ἁμαρτίαν
870 1267 1328 1334 κατολισθαίνεις,
1354 1272 1438 1324 ὅτι
1478 1276 1818 1345 πανταχόθεν
1843 1278 1941 1331 ἀν-

359 1351 703 1425 απολόγητος
734 1350 807 1417 εἶ,
839 1358 936 1411 καὶ
982 1360 1315 1431 συγγνώμης
1343 1364 1595 1432 ἀνάξιοςς
1642 1370 1705 1420 Εἰ
1737 1369 1845 1440 γὰρ
1882 1372 1943 1423 ὲν

359 1442 563 1512 γνώσει
597 1449 773 1511 ποιεῖς
797 1449 897 1519 τὴν
926 1451 1228 1522 ἁμαρτίαν,
1251 1454 1528 1526 ἑπομένην
1548 1458 1697 1528 ἔχεις
1724 1462 1942 1525 πάντως

361 1533 458 1585 καὶ
484 1534 583 1606 τὴν
618 1536 969 1608 κατάκρισιν.
999 1542 1061 1595 Εἰ
1087 1542 1143 1595 δὲ
1177 1544 1343 1613 φάναι
1368 1547 1666 1618 τολμήσεις
1694 1553 1828 1623 πρὸς
1852 1554 1943 1606 τὸν

361 1626 516 1691 Θεὸν,
560 1628 643 1681 ὅτι
694 1628 865 1683 Τοῦτό
922 1650 1015 1701 μοι
1061 1634 1289 1703 γέγονεν
1332 1638 1390 1704 ἐξ
1439 1640 1687 1708 ἀγνοίας,
1724 1645 1752 1695 ὁ
1788 1643 1942 1706 Θεὸς,

368 1735 386 1765 ι
411 1718 518 1771 τῶν
552 1718 810 1785 γνώσεων
850 1722 1058 1793 Κύριος
1090 1726 1188 1792 ῶν,
1227 1747 1246 1780 ›
1287 1727 1483 1798 διπλῆν
1520 1748 1602 1785 σοι
1633 1732 1734 1801 τὴν
1775 1734 1945 1806 ὀργὴν

363 1808 556 1875 ἐπάξει
603 1812 697 1865 καὶ
735 1812 833 1885 τὴν
881 1818 1233 1898 κατάκρισιν,
1266 1822 1349 1876 ὅτι
1390 1823 1491 1895 τὴν
1526 1826 1804 1898 ἁμαρτίαν
1840 1846 1943 1881 πε-

364 1898 622 1968 ποίηκας,
670 1902 763 1954 καὶ
811 1904 895 1956 ὅτι
948 1891 1124 1979 ψευδῆ
1170 1914 1357 1981 φωνὴν
1402 1891 1625 1986 ἀφῆκας
1648 1891 1801 1987 ’πρὸς
1854 1919 1945 1972 τὸν
1975 1892 2016 1946 Β

363 1989 498 2043 Θεὸν
523 1992 616 2045 τὸν
642 1994 982 2063 γινώσκοντα
1012 2002 1106 2054 καὶ
1136 2003 1205 2057 τὰ
1233 2005 1526 2079 ἀπόρρητα
1552 2009 1654 2079 τῆς
1679 2011 1779 2080 σῆς
1804 2028 1947 2081 καρ-

363 2081 501 2174 δίας.
532 2083 710 2138 Τοῦτο
736 2088 846 2159 γάρ
876 2092 1135 2162 σημαίνει
1166 2096 1354 2165 σαφῶς
1378 2098 1407 2151 ὅ
1440 2117 1627 2170 φησιν,
1666 2122 1684 2153 ι
1713 2103 1834 2157 ’Ὶνα
1873 2102 1948 2174 μὴ

363 2173 641 2268 ὀργισθῇγὸ
664 2178 800 2242 Θεὸς
824 2182 918 2233 ἐπὶ
942 2188 1092 2256 φωνῇ
1126 2203 1244 2249 σου,
1272 2190 1366 2242 καὶ
1387 2190 1677 2267 διαφθείρῃ
1698 2194 1768 2247 τὰ
1789 2173 1948 2268 ποιήέ

368 2283 516 2335 ματα
545 2267 655 2321 τῶν
688 2271 888 2340 χειρῶν
919 2291 1014 2327 σου
1036 2292 1050 2307 ·
1086 2295 1104 2328 ι
1147 2277 1392 2347 δηλονότι
1418 2281 1488 2335 τὰ
1526 2282 1675 2352 λήῖα,
1699 2287 1769 2337 τὰ
1793 2287 1950 2356 οἰκή-

370 2376 538 2427 ματα,
583 2361 711 2425 τοὺς
749 2364 1140 2435 παραδείσους,
1175 2371 1304 2434 τοὺς
1347 2373 1679 2443 ἀμπελῶνας
1736 2376 1806 2428 δι’
1859 2378 1952 2428 ἁν-

367 2452 605 2521 ομόρίσις
642 2455 736 2509 καὶ
763 2458 1074 2529 ἐπομϐρίας
1108 2463 1579 2538 ὑπερϐαλλούσης,
1618 2468 1649 2539 ἦ
1688 2468 1945 2539 δῃώσεως

370 2545 465 2597 καὶ
510 2545 740 2616 ληῖσεως
783 2550 1121 2619 ἀλλοφύλων.
1163 2556 1320 2610 Οὕτω
1356 2559 1466 2630 γάρ
1504 2562 1600 2613 καὶ
1639 2561 1727 2614 διὰ
1761 2564 1949 2633 φωνῆς

383 2635 610 2689 Ἡσαΐου
641 2638 808 2709 φησὶν
834 2643 861 2694 ό
893 2642 1003 2695 τῶν
1034 2645 1169 2699 ὅλων
1196 2647 1327 2712 Θεός
1349 2668 1363 2680 ·
1409 2671 1428 2703 ι
1473 2652 1600 2705 Ἐάν
1628 2653 1820 2724 θέλητε
1854 2655 1949 2707 καὶ

371 2727 733 2801 εἰσακούσητέ
755 2750 879 2802 μου,
903 2736 970 2788 τά
999 2737 1180 2805 ἀγαθά
1206 2740 1306 2809 τῆς
1333 2742 1434 2812 γῆς
1464 2745 1709 2813 φάγεσθε
1731 2763 1745 2776 θ
1775 2747 1873 2801 ἐὰν
1892 2748 1951 2801 δὲ

373 2818 449 2888 μὴ
501 2820 713 2893 θέλητε,
747 2826 881 2897 μηδὲ
925 2830 1284 2905 είσακούσητὲ
1337 2851 1461 2906 μου,
1501 2839 1753 2909 μάχαιρα
1804 2839 1953 2910 ὑμᾶς

370 2911 677 2969 κατέδεται.
705 2933 726 2967 ι

442 3002 553 3065 Τάς
584 3004 640 3057 δὲ
670 3009 945 3072 κιναίδους
984 3012 1213 3081 πράξεις
1240 3016 1334 3069 καὶ
1373 3017 1472 3080 τὰς
1496 3018 1812 3090 άμαρτικὰς
1850 3023 1948 3076 κα)⁸

373 3094 738 3165 παρανόμους
780 3099 888 3153 τῶν
927 3102 1140 3171 ἀνδρῶν
1198 3106 1336 3174 μετὰ
1368 3106 1477 3160 τῶν
1515 3110 1796 3176 γυναικῶν
1822 3128 1951 3164 συν⁴

371 3186 583 3251 θυσίας,
625 3189 852 3255 καὶτὰς
904 3192 1194 3259 eamme;
1251 3197 1473 3268 ὁμιλίας
1514 3202 1610 3255 καὶ
1658 3203 1953 3274 συντυχίας

374 3277 646 3333 ἐνυπνίων
676 3280 831 3351 ὲσμῷ
864 3285 958 3336 καὶ
985 3290 1367 3359 ματαιοτὴτων
1403 3292 1704 3347 ἀπείκασεν
1734 3299 1761 3349 ὁ
1786 3297 1950 3366 σοφὸς

386 3366 826 3442 Ἐκκλησιαστὴς
852 3376 910 3427 ὲν
938 3376 1015 3446 τῷ
1053 3380 1251 3441 εἰπεῖν,
1295 3399 1315 3431 ι
1353 3382 1477 3435 ’Ότι
1504 3386 1564 3437 ἐν
1614 3385 1810 3456 πλήθει
1866 3391 1952 3440 ὲν-

376 3459 585 3514 υπνίων
616 3462 709 3515 καὶ
741 3467 1127 3539 ματαιοτήτων
1167 3473 1261 3524 καὶ
1312 3472 1487 3542 λόγων
1522 3476 1734 3530 πολλῶν
1755 3493 1770 3507 ο
1800 3497 1818 3529 ι
1852 3480 1951 3532 ἀν-

374 3551 429 3602 τὶ
457 3551 571 3617 τοῦ,
601 3554 768 3625 Δίκην
798 3558 1067 3613 ἐνυπνίων
1091 3566 1518 3631 συμπιπτόντων
1554 3570 1675 3630 ταῖς
1698 3586 1953 3640 νυκτερι-

376 3642 495 3703 ναῖς
528 3644 875 3711 φαντασίαις,
911 3650 1004 3702 καὶ
1030 3652 1304 3722 μηδεμίαν
1360 3656 1593 3725 ἐχόντων
1625 3656 1863 3728 ὓπαρξιν
1893 3662 1951 3712 ἐν

377 3736 490 3796 τοῖς
521 3736 866 3806 πράγμασιν,
900 3741 980 3794 ἔτι
1003 3742 1059 3794 δὲ
1095 3746 1191 3797 καὶ
1220 3747 1332 3799 τῶν
1353 3748 1532 3801 ἄλλων
1573 3752 1955 3821 ματαιοτήτων

380 3825 473 3876 καὶ⁴
511 3826 618 3878 τῶν
655 3827 765 3880 σῶν
795 3829 994 3899 λόγων,
1021 3834 1304 3905 ἄνθρωπε,
1336 3837 1446 3891 τῶν
1463 3839 1674 3893 πολλῶν
1707 3841 1803 3894 καὶ
1833 3841 1956 3894 θελ-

384 3915 590 3968 κτικῶν
623 3919 760 3988 πρὸς
791 3920 894 3984 τὰς
937 3924 1209 3989 κιναίδους
1237 3928 1421 3995 μίξεις
1464 3933 1563 3985 καὶ
1600 3933 1956 4003 παρανόμους

385 4007 692 4075 συνουσίας,
722 4012 756 4081 ἡ
800 4012 1034 4070 δοκοῦσά
1064 4034 1122 4069 σε
1179 4020 1277 4071 καὶ
1319 4022 1652 4093 νομιζομένη
1683 4026 1955 4095 παρελεύ-

384 4115 538 4152 σεται
594 4100 788 4157 θᾶττον
835 4105 1159 4171 ἀπόλαυσις,
1198 4110 1406 4182 ἔρημόν
1454 4131 1518 4167 σε
1577 4116 1957 4171 καταλιποῦσα

386 4191 568 4263 πάσης
632 4194 1000 4269 νομιζομένης
1048 4200 1248 4271 ἡδονῆς
1296 4205 1397 4274 τῆς
1451 4207 1509 4258 ὲν
1539 4210 1651 4272 τοῖς
1684 4210 1960 4274 ἐνυπνίοις

1971 2939 2019 3001 C

2037 630 2107 684 ab
2132 630 2394 686 omnibus
2427 631 2639 685 civibus
2674 631 2795 698 ejus
2822 630 2981 685 obrui
3011 631 3287 700 lapidibus
3337 631 3608 700 jusserit:

2038 722 2312 776 moechum
2358 737 2490 777 vero
2530 738 2653 776 cum
2715 723 2967 778 adultera
3033 724 3371 777 multandum
3438 728 3613 775 morte

2038 814 2282 867 sanxerit
2314 810 2450 884 (l7).
2487 813 2623 868 Cum
2668 814 2834 883 igitur
2883 829 3125 883 nequeas
3163 814 3347 868 dicere
3385 832 3398 867 :
3437 813 3553 867 Hoc
3582 829 3613 865 a

2037 922 2125 961 me
2154 905 2367 961 facinus
2400 923 2463 960 ex
2502 908 2804 976 ignorantia
2834 908 3133 963 admissum
3161 916 3263 969 est,
3282 907 3611 961 adulterium

2038 1014 2233 1067 nempe
2255 1008 2349 1052 aut
2380 999 2708 1062 fornicatio;
2746 1000 2944 1069 quippe
2988 1000 3081 1069 qui
3122 1010 3416 1069 utrumque
3448 1014 3477 1051 a
3510 997 3614 1051 Deo

2039 1106 2135 1160 per
2161 1089 2381 1161 Moysen
2417 1091 2644 1144 vetitum
2673 1090 2843 1146 fuisse
2890 1092 3071 1145 scias:
3102 1092 3378 1161 quomodo
3408 1093 3459 1144 in
3494 1105 3612 1145 sce-

2042 1182 2125 1236 lus
2154 1182 2493 1252 prolaberis,
2535 1183 2682 1251 quod
2733 1182 2832 1236 tibi
2872 1183 3033 1252 plane
3075 1185 3351 1253 cognitum
3389 1192 3507 1246 est,
3555 1190 3614 1235 ut

2041 1275 2453 1327 excusationem
2490 1273 2691 1328 habeas
2733 1274 2981 1337 nullam,
3045 1283 3097 1328 et
3133 1275 3290 1327 venia
3352 1272 3612 1342 indignus

2043 1366 2270 1421 omnino
2299 1367 2418 1421 sis?
2460 1365 2515 1419 Si
2546 1365 2691 1419 enim
2723 1374 3007 1434 peccatum
3037 1364 3220 1420 sciens
3269 1364 3429 1428 facis,
3479 1382 3611 1419 con-

2044 1457 2446 1512 demnationem
2493 1465 2671 1513 tecum
2709 1457 2825 1526 ipse
2872 1456 3030 1527 plane
3083 1456 3330 1510 adducis.
3373 1455 3525 1520 Quod
3568 1456 3614 1509 si

2045 1547 2213 1603 Deum
2245 1548 2451 1616 alloqui
2510 1548 2713 1602 audeas
2741 1587 2755 1610 ,
2790 1556 2844 1602 et
2884 1563 2999 1602 rem
3035 1548 3133 1601 tibi
3193 1564 3257 1601 ex
3311 1547 3615 1616 ignorantia

2045 1641 2342 1711 contigisse
2375 1648 2671 1710 praetentas;
2716 1637 2893 1700 Deus,
2931 1638 3028 1707 qui
3072 1657 3093 1688 ι
3147 1638 3329 1692 omnis
3376 1638 3618 1692 scientia:

2047 1732 2312 1787 Dominus
2333 1740 2418 1787 est
2443 1731 2509 1796 ίθ,
2549 1750 2567 1783 ι
2606 1732 2743 1784 iram
2783 1730 3047 1784 adversus
3097 1736 3148 1784 te
3183 1744 3339 1783 suam
3376 1730 3618 1798 duplica-
3700 1798 3703 1803 ν

2047 1820 2212 1875 bitac
2258 1834 2514 1888 pinnam,
2550 1819 2697 1888 quod
2743 1827 2797 1872 et
2837 1829 3121 1887 peccatum
3159 1818 3466 1887 patraveris
3499 1858 3513 1881 ,
3566 1827 3621 1872 et

2044 1913 2372 1967 mendacem.
2391 1912 2456 1965 ad
2496 1927 2621 1965 eum
2663 1925 2850 1965 vocem
2901 1894 3141 1974 miseris,
3185 1910 3276 1979 qui
3308 1919 3360 1964 et
3406 1920 3619 1964 secreta

2043 2005 2211 2059 animi
2244 2004 2321 2059 tui
2368 2003 2537 2059 novit.
2579 2000 2715 2056 Nam
2758 2003 2863 2058 hoc
2908 2002 3108 2057 diserte
3141 2003 3453 2072 significant
3499 2021 3622 2073 qum

2044 2097 2307 2165 subjecit:
2346 2115 2364 2148 ‹
2402 2093 2479 2150 Ne
2514 2095 2784 2150 irascatur
2819 2094 2962 2149 Deus
3007 2110 3173 2164 super
3216 2111 3403 2149 vocem
3444 2108 3619 2161 tuam,

2043 2198 2098 2246 et
2123 2189 2402 2259 disperdat
2427 2204 2589 2259 opera
2624 2203 2885 2241 manuum
2925 2198 3163 2251 tuarum,
3210 2206 3231 2237 ›
3270 2198 3482 2256 segetes
3516 2188 3624 2243 sci-

2044 2284 2195 2346 licet,
2225 2283 2441 2345 domos,
2474 2281 2760 2342 viridaria,
2793 2279 2975 2334 vineta
3008 2280 3095 2333 vel
3123 2280 3372 2334 siccitate
3402 2280 3488 2334 vel
3515 2280 3621 2333 im-

2046 2376 2227 2430 brium
2256 2373 2411 2444 copia
2439 2371 2861 2441 superveniente
2891 2410 2905 2433 ,
2945 2380 3041 2425 aut
3070 2369 3256 2425 hostili
3290 2370 3472 2439 aliqua
3526 2386 3623 2423 va-

2042 2470 2277 2526 statione
2306 2468 2470 2537 atque
2491 2467 2662 2521 clade.
2691 2464 2783 2521 Sic
2810 2480 3047 2534 namque
3110 2463 3263 2519 Isaia:
3295 2478 3429 2519 voce
3479 2462 3624 2517 Deus

2046 2559 2539 2616 uuiversieﬂ'atur:
2583 2578 2601 2610 ι
2645 2557 2705 2612 Si
2750 2558 3038 2613 volueritis
3080 2567 3147 2612 et.
3178 2557 3468 2617 audieritis
3514 2572 3621 2618 me,

2045 2655 2187 2709 bona
2237 2662 2394 2709 terra:
2445 2651 2779 2708 comedetis:
2817 2653 2901 2706 sin
2942 2667 3073 2705 vero
3105 2650 3396 2705 nolueritis
3445 2666 3625 2720 neque

2045 2744 2329 2801 audieritis
2360 2758 2467 2809 me,
2498 2741 2712 2813 gladius
2737 2756 2834 2796 vos
2864 2739 3151 2796 devorabit
3172 2740 3237 2795 “.
3282 2760 3302 2793 ι

2120 3007 2397 3065 Obscenas
2416 3016 2597 3063 autem
2631 3008 2875 3063 actiones
2910 3017 2964 3061 et
2998 3006 3314 3061 letbalia-ac
3344 3008 3510 3062 vetita
3542 3008 3626 3060 vi-

2049 3116 2238 3156 rorum
2268 3116 2391 3155 cum
2422 3098 2642 3154 feminis
2673 3098 3026 3162 commercia,
3075 3098 3521 3167 voluptariusque
3560 3098 3625 3152 ad

2051 3192 2513 3250 confabulandum
2535 3207 2865 3262 congressus
2885 3192 3228 3246 somniorum
3253 3201 3307 3244 et
3326 3192 3625 3244 vanitatum

2051 3288 2292 3343 examini
2326 3287 2667 3355 comparavit
2694 3285 2916 3353 sapiens
2950 3282 3329 3345 Ecclesiastes,
3360 3298 3485 3336 cum
3519 3282 3624 3334 ait:

2058 3397 2077 3430 ι
2108 3377 2248 3444 Quia
2281 3378 2336 3431 in
2389 3374 2735 3429 multitudine
2775 3375 3113 3428 somniorum
3157 3381 3210 3426 et
3250 3372 3549 3425 vanitatum
3577 3382 3630 3425 et

2052 3472 2343 3525 verborum
2375 3468 2772 3534 plurimorum;
2806 3483 2826 3517 ι
2851 3466 2901 3519 id
2925 3472 3030 3526 est,
3055 3464 3231 3519 lnstar
3260 3466 3626 3528 somniorum,

2054 3577 2176 3633 qua:
2203 3576 2299 3631 per
2322 3568 2541 3614 noctem
2573 3560 2828 3613 visuntur
2877 3557 3064 3611 inania
3117 3557 3277 3626 plane
3338 3564 3394 3609 et
3444 3570 3627 3608 rerum

2054 3655 2302 3711 omnium
2363 3667 2553 3717 vacua,
2584 3661 2639 3706 et
2669 3651 2973 3705 vanitatnm
3032 3658 3376 3709 cazterarum,
3410 3662 3475 3701 ac
3507 3658 3629 3700 tuo—

2056 3763 2178 3801 rum
2211 3760 2431 3817 quoque
2470 3744 2787 3807 verborum,
2815 3758 2849 3796 ο
2878 3742 3145 3804 mortalis,
3199 3756 3322 3808 qua:
3375 3739 3545 3793 multa
3578 3750 3632 3791 et

2057 3837 2255 3893 blanda
2288 3836 2515 3890 adhibes
2563 3832 2807 3902 turpium
2862 3831 3319 3886 commerciorum
3359 3840 3413 3884 et
3452 3831 3631 3884 vetitae

2059 3926 2475 3986 consuetudinis
2498 3938 2689 3985 causa,
2711 3921 2973 3992 quidquid
2993 3922 3173 3975 inesse
3201 3920 3499 3989 voluptatis
3532 3918 3631 3973 tibi

2060 4022 2293 4082 videtur,
2328 4025 2499 4071 totum
2540 4014 2789 4070 celeriter
2828 4012 3147 4083 praeteribit,
3185 4021 3341 4082 teque
3391 4012 3628 4075 deseret,

2061 4114 2208 4168 omni
2232 4110 2393 4181 138
2407 4109 2493 4162 illa
2512 4107 2789 4175 voluptate
2808 4113 3105 4170 carentem,
3122 4121 3286 4174 quam
3304 4103 3634 4158 somniando

2063 4218 2414 4271 conceperas,
2446 4208 2501 4255 et
2527 4212 2711 4253 veram
2744 4196 2993 4266 putabas.
3056 4196 3231 4251 Simul
3269 4194 3416 4249 enim
3470 4205 3635 4263 atque

385 4301 467 4336 σοι
498 4288 924 4359 φαντασθείσης.
948 4292 1100 4362 Ἅμα
1138 4297 1246 4365 γὰρ
1272 4295 1349 4367 τῷ
1376 4300 1663 4367 γεγονέναι
1694 4303 1790 4357 καὶ¹
1811 4320 1952 4374 παρ-

2066 4306 2187 4352 nata
2214 4304 2318 4359 est,
2356 4291 2598 4353 evanuit,
2626 4299 2681 4343 et
2709 4303 2879 4341 unum
2903 4288 3173 4357 'relinquit
3224 4287 3455 4352 crimen,
3487 4288 3633 4356 quod

382 4378 534 4447 ἦλθε,
568 4382 955 4439 καταλιποῦσα
1003 4388 1171 4460 μόνην
1200 4391 1299 4460 τὴν
1353 4393 1631 4466 ἁμαρτίαν
1660 4397 1953 4451 ὲκκεντοῦ-

385 4486 487 4523 σαν
519 4472 609 4525 καὶ
667 4475 1137 4531 καταδαπανῶσαν
1178 4480 1276 4551 τὴν
1315 4482 1494 4556 ψυχήν
1548 4504 1642 4540 σου
1702 4489 1798 4541 καὶ
1855 4489 1955 4560 τὴν

382 4560 631 4631 καρδίαν,
658 4564 734 4627 ὡς
760 4564 1060 4638 μάχαιραν.
1087 4564 1221 4624 Εἶτά
1244 4588 1410 4642 φησιν
1427 4576 1454 4627 ὁ
1482 4575 1917 4648 Ἐκκλησιαστής
1936 4594 1949 4607 ·

2064 4391 2305 4444 animum
2345 4393 2400 4439 et
2431 4399 2526 4438 cor
2561 4381 2720 4450 quasi
2762 4380 2946 4449 cuspis
2999 4388 3203 4449 pungat
3229 4388 3391 4450 atque
3419 4380 3635 4435 exedat.

2064 4479 2229 4533 Addit
2256 4474 2452 4532 deinde
2487 4471 2845 4526 Ecclesiastes
2881 4490 2893 4523 :

1930 4668 1957 4739 ξ,
1995 4665 2085 4719 Ix.

469 4767 610 4821 Ἐὰν
646 4772 1069 4841 συκοφαντίαν
1092 4774 1354 4842 πένητος
1394 4778 1494 4831 καὶ
1524 4780 1808 4850 ἁρπαγὴν
1836 4784 1963 4849 κρί-

385 4876 572 4925 ματος
611 4860 710 4913 real
743 4861 1131 4931 δικαιοσύνης
1191 4866 1358 4934 εἷδῃς
1381 4868 1451 4920 ἐν
1494 4870 1674 4939 χώρᾳ,
1702 4872 1789 4940 μὴ
1821 4875 1963 4926 θαυ-

387 4953 591 5020 μάσῃς
617 4954 712 5008 ἐπὶ
742 4955 823 5021 τῷ
864 4957 1161 5027 πράγματι
1192 4977 1206 4990 ·
1235 4960 1326 5014 ὅτι
1350 4965 1593 5032 ὑψηλὸς
1617 4965 1819 5019 ἐπάνω
1848 4967 1955 5021 τοῦ

392 5044 639 5110 ὑψηλοῦ
673 5047 993 5116 φυλάσσῃ,
1036 5052 1137 5103 καὶ
1173 5055 1401 5121 ὑψηλοὶ
1440 5056 1535 5109 ἐπ’
1586 5058 1793 5124 αὐτοῖς
1819 5073 1835 5088 ·
1868 5060 1965 5111 καὶ

396 5136 713 5201 περίσσεια
738 5137 870 5207 γῆς.
912 5141 1037 5193 Ἐπὶ
1068 5142 1248 5195 παντὶ
1277 5146 1463 5213 αὐτός
1486 5147 1621 5202 ἐστι
1658 5150 1966 5216 ,βασιλεὺς

394 5228 469 5298 τῆ
504 5230 665 5300 χώρει
691 5233 1068 5304 εἰργασμένοι

468 5346 510 5375 ¹⁰
542 5342 562 5396 1
592 5344 725 5413 Reg.
765 5360 827 5411 ll,
854 5346 908 5400 5.
989 5348 1025 5379 “
1059 5347 1162 5402 lsa.
1192 5366 1231 5415 ι,
1271 5352 1357 5406 19.

469 5436 581 5506 (l7)
620 5435 1005 5511 Huc_revoca.
1059 5456 1178 5506 quae
1231 5443 1484 5510 superius
1530 5442 1597 5495 ad
1627 5439 1652 5511 §
1680 5442 1730 5504 6,
1762 5441 1855 5495 lib.
1890 5457 1951 5495 tn

395 5507 539 5561 dicta
570 5516 721 5580 sunt.
756 5506 829 5580 De
852 5511 1132 5580 sententiae
1148 5506 1327 5564 autem
1362 5506 1810 5580 interpretatione
1835 5527 1969 5565 cou-

397 5580 563 5651 sentit
599 5576 1045 5647 Olympiodorus.
1078 5579 1183 5633 Sed
1215 5582 1309 5633 alii
1336 5583 1423 5634 illa
1454 5576 1635 5645 verba,
1662 5580 1727 5635 Ut
1752 5598 1968 5651 peccare

398 5648 568 5720 facias
614 5664 829 5720 carnem
886 5657 1056 5707 tuam.
1090 5652 1189 5712 sic,
1240 5651 1415 5720 inquit
1472 5653 1712 5707 Isidorus
1751 5648 1969 5707 Clarius

398 5718 533 5771 civis
592 5734 769 5781 meus,
798 5718 1268 5787 interpretantur:
1308 5718 1329 5771 ἱ
1369 5722 1436 5775 Ut
1462 5738 1569 5776 non
1601 5724 1777 5776 solum
1807 5737 1969 5791 super

401 5799 699 5860 te_,_verum
730 5797 803 5860 iet
836 5804 998 5858 super
1034 5790 1174 5844 filios
1230 5799 1371 5856 tuos,
1403 5793 1493 5860 qui
1530 5803 1657 5847 sunt
1694 5804 1782 5845 tua
1816 5790 1963 5856 caro,

406 5857 669 5913 ultionem
710 5857 950 5915 divinam
1007 5876 1295 5920 provoces.
1339 5881 1356 5911 ι
1389 5857 1505 5931 Ipse
1535 5864 1635 5918 hoc
1670 5865 1827 5918 modo
1876 5879 1968 5917 ex-

2134 4774 2300 4828 V'Ens.
2328 4772 2444 4826 7—9.
2465 4770 2523 4825 Si
2566 4768 2890 4822 calumniam
2945 4767 3191 4835 pauperis
3215 4777 3260 4819 et
3290 4766 3635 4834 direptionem

2054 4870 2251 4939 judicii
2279 4876 2327 4920 et
2345 4865 2573 4933 justitite
2596 4860 2787 4914 videris
2820 4861 2874 4911 in
2909 4859 3135 4928 regione,
3162 4874 3224 4911 ne
3247 4859 3455 4910 mireris
3481 4873 3636 4925 super

2063 4980 2123 5016 ea
2150 4976 2239 5014 re:
2263 4959 2388 5029 quia
2416 4955 2651 5010 excelsus
2687 4968 2843 5021 super
2880 4951 3146 5004 excelsum
3172 4948 3469 5002 custodiam
3502 4950 3635 5016 agit,

2062 5069 2111 5111 et
2136 5056 2327 5110 excelsi
2360 5069 2515 5123 super
2541 5066 2662 5104 eos:
2690 5059 2739 5103 et
2764 5048 3077 5117 prarstantia
3102 5057 3274 5100 terrm.
3299 5044 3471 5113 Super
3488 5059 3638 5096 autne

2066 5150 2176 5218 ipse
2205 5155 2279 5201 est
2308 5161 2397 5199 rex
2422 5143 2619 5214 regioni
2644 5141 2804 5195 cultae
2833 5138 2965 5209 (l8).

2070 5440 2268 5508 plicat:
2301 5436 2459 5498 Cave,
2490 5452 2551 5488 ne
2571 5432 2765 5502 lingua:
2786 5434 3017 5505 [utilitas
3041 5446 3207 5491 totum
3229 5448 3278 5492 te
3304 5448 3519 5507 peccato
3556 5440 3641 5491 in-

2065 5510 2258 5650 "°’(i’§‘;
2293 5576 2448 5650 Apud
2506 5574 2647 5632 Lxx
2701 5576 3002 5650 legimus...
3054 5576 3160 5631 Τοῦ
3192 5577 3426 5650 ,ὑψηλοῦ
3463 5578 3641 5650 φυλά-

2070 5648 2225 5714 ξαι...
2255 5658 2308 5701 et
2336 5649 2445 5719 [(a‘:
2474 5650 2758 5718 περίσσεια
2788 5648 2890 5719 γῆς
2925 5649 3019 5700 ἐπὶ
3039 5648 3201 5702 παντί
3235 5651 3351 5702 ἐστι
3386 5648 3644 5719 βασιλεὺς

2068 5720 2163 5773 τοῦ
2190 5716 2362 5789 άγροῦ
2385 5716 2779 5790 εἰργασμένου.
2818 5718 3027 5787 Olymp.
3069 5720 3288 5772 Ἐπάνω
3313 5716 3520 5790 ὑψηλοῦ
3543 5736 3643 5790 φυ-

2070 5792 2330 5880 requa}...
2365 5789 2563 5843 Athan.
2591 5791 2645 5845 in
2678 5791 2832 5859 Apol.
2872 5790 2936 5846 ad
2973 5792 3257 5846 Constant.
3296 5789 3416 5843 Kal.
3450 5789 3641 5860 ὑψηλοὶ

2073 5878 2155 5913 επ
2190 5878 2374 5930 αυτης.
