4172 6540
537 372 641 442 947

1674 395 1733 455 S.
1768 393 2145 456 GREGORII
2160 388 2690 462 iAGRIGENTINl

3690 389 3795 457 918

611 494 893 562 Hortatur,
931 510 1000 551 ne
1056 498 1274 555 attoniti
1332 501 1736 571 perturbemur,
1771 518 1908 559 neve
1962 504 2117 560 dete-

2292 512 2558 584 Παραινετ
2586 507 2852 581 μηδαμῶς
2903 500 3310 578 ἐκθαμϐεῖσθαι¹
3355 502 3455 558 καὶ
3481 503 3798 575 καταπλήτ-

536 593 761 646 standas
793 590 1159 662 cogitationes
1195 592 1385 647 animo
1416 593 1726 659 volvamus,
1758 610 1883 651 cum
1912 611 2115 666 paupe-

537 698 653 737 rem
691 682 876 738 videre
902 684 1187 753 contingat
1218 682 1408 739 divitis
1437 700 1503 740 ac
1531 687 1776 755 potentis
1826 686 2118 743 calumniis

537 773 1116 847 subverti,justasque
1145 776 1213 832 de
1257 792 1324 839 eo
1356 778 1662 833 sententias
1708 779 1952 848 prolatas
1996 796 2122 849 sup-

538 864 723 933 primi,
761 874 816 921 et
846 866 1025 937 legum
1064 868 1186 939 jura
1237 867 1324 922 vel
1377 867 1447 923 ob
1477 878 1700 938 accepta
1736 868 1903 928 dona.
1934 870 2021 923 vel
2049 869 2120 924 ob

540 958 849 1028 principum
890 961 1133 1014 virorum
1182 960 1529 1031 dignitatem,
1578 964 1660 1015 vel
1692 962 1764 1016 ob
1812 962 2119 1016 amicorum

540 1065 728 1119 preces
744 1060 840 1105 aut
861 1052 1171 1107 violentiam
1198 1052 1460 1124 perfringi
1486 1071 1501 1108 :
1525 1055 1713 1109 vineas
1734 1070 1863 1108 vero
1880 1064 1935 1109 et
1959 1069 2121 1124 agros

545 1153 600 1197 et
622 1154 819 1199 cmtera
848 1144 1135 1199 hominum
1171 1146 1313 1200 bona
1354 1162 1573 1216 pessum
1614 1147 1731 1199 ire:
1770 1163 1891 1215 qua:
1920 1147 1999 1199 vir
2023 1146 2123 1199 ad-

545 1236 814 1291 mirabilis
853 1235 1130 1291 Habacum
1180 1239 1521 1309 designabat,
1552 1255 1677 1294 cum
1710 1240 1825 1293 ait:
1869 1256 1887 1289 ι
1918 1238 2122 1293 Contra

544 1343 631 1382 me
662 1327 868 1385 factum
904 1340 987 1384 est
1023 1329 1314 1399 judicium,
1344 1340 1393 1383 et
1420 1330 1589 1399 judex
1640 1329 1861 1398 accipit.
1896 1328 2125 1399 Pr0pter

546 1421 653 1474 hoc
712 1420 948 1478 lacerata
1001 1432 1083 1476 est
1110 1422 1216 1488 lex,
1248 1432 1302 1475 et
1326 1437 1432 1475 non
1485 1422 1733 1491 pervenit
1758 1436 1930 1490 usque
1964 1422 2029 1476 ad
2060 1422 2125 1475 ii-

546 1530 675 1567 nem
702 1513 971 1582 judicium
1002 1532 1015 1568 :
1044 1513 1172 1583 quia
1207 1513 1412 1583 impius
1452 1514 1711 1583 praevalet
1748 1513 2011 1568 adversus
2034 1512 2128 1581 ju-

549 1615 716 1660 stum.
739 1605 1031 1677 Propterea
1051 1606 1643 1678 egredieturjudicium
1675 1622 1994 1676 perversum
2022 1608 2086 1661 υ.
2102 1627 2121 1659 ι

551 1696 619 1752 Et
650 1714 868 1752 rursum
894 1700 1030 1755 alter
1061 1697 1350 1769 propheta,
1412 1713 1541 1753 cum
1588 1698 1758 1753 dixit:
1797 1716 1816 1750 ι
1846 1697 1913 1751 Ει
1940 1698 2129 1767 rapina

551 1790 808 1861 pauperis
865 1792 917 1845 in
955 1791 1208 1845 domibus
1231 1790 1431 1846 vestris
1462 1791 1525 1845 ¹³.
1564 1810 1583 1843 ι
1617 1791 1753 1845 Cum
1786 1791 1952 1859 igitur
1990 1791 2127 1855 haec,

553 1882 753 1950 inquit,
803 1882 855 1935 in
909 1883 1128 1952 regione
1176 1882 1401 1945 videris,
1448 1898 1517 1937 ne
1559 1883 1958 1953 obstupescas,
1995 1900 2130 1938 neve

555 1970 858 2025 absurdum
897 1973 1198 2041 quidquam
1234 1981 1330 2027 aut
1370 1974 1624 2043 prudenti
1656 1985 1711 2028 et
1757 1976 1982 2030 cordate
2012 1977 2130 2029 viro

554 2064 840 2134 indignum
899 2065 1084 2119 animo
1138 2066 1367 2135 cogites.
1430 2064 1688 2121 Liberum
1741 2069 1887 2122 enim
1935 2068 2131 2138 suique

552 2156 695 2223 juris
729 2156 933 2210 animal
965 2172 1130 2229 super
1160 2165 1363 2212 terram
1392 2158 1502 2229 (19)
1524 2159 1677 2213 solus
1710 2161 1873 2215 homo
1898 2170 2003 2224 est,
2037 2161 2130 2229 qui

558 2264 618 2301 se
646 2248 697 2302 in
731 2258 1022 2320 utramque
1059 2258 1266 2319 partem
1299 2249 1517 2306 flectere
1559 2261 1777 2321 potest:
1825 2262 1885 2307 ut
1916 2253 2132 2323 qualem

562 2341 742 2394 vivere
777 2340 944 2396 vitam
974 2341 1231 2407 voluerit,
1267 2342 1382 2397 sive
1400 2342 1601 2397 bonam
1626 2358 1820 2413 nempe
1860 2344 1976 2398 sive
2015 2360 2133 2398 ma-

559 2434 689 2495 lam,
735 2433 868 2489 tales
909 2449 938 2487 a
984 2433 1092 2489 Deo
1148 2435 1623 2491 remunerationes
1667 2451 1731 2492 ac
1794 2437 2017 2507 praemia
2064 2440 2136 2493 sit

559 2530 854 2580 relaturus.

640 2707 799 2778 139
821 2705 939 2762 Non
968 2708 1133 2779 igitur
1149 2708 1484 2774 mirandum,
1509 2710 1553 2763 si
1584 2709 1856 2773 homines,
1881 2724 2004 2763 cum
2028 2710 2140 2763 sint

562 2800 794 2853 arbitrio
824 2801 1032 2869 praediti
1064 2800 1259 2864 libero,
1289 2800 1381 2853 alii
1404 2800 1626 2869 quidem
1662 2800 1986 2868 injustitiam
2012 2815 2140 2853 ava-

562 2891 857 2962 ritiamque
875 2892 1295 2962 amplectantur,
1329 2893 1421 2946 alii
1441 2892 1709 2963 justitiam
1727 2902 1781 2946 et
1803 2893 2137 2962 atquitatcm.

567 2983 833 3041 Futurum
865 2987 1010 3043 enim
1053 2996 1137 3042 est
1162 2996 1398 3056 tempus,
1426 3002 1535 3058 quo
1562 2986 1827 3058 injustum
1861 2986 2138 3040 hominem

573 3078 913 3148 uejudicium
958 3081 1211 3150 pauperis
1242 3089 1647 3151 perverteutem
1700 3079 2142 3136 sublimioralter

2217 604 2409 657 τεσθαι
2440 603 2537 657 καὶ
2558 598 3034 671 ἑνδιενθυμεϊσθαί
3075 614 3228 661 τινας
3270 595 3573 666 λογισμοὺς
3624 596 3797 650 ἀπευ-

2220 697 2467 762 κταίους,
2503 696 2671 768 ἡνίκα
2699 693 2977 765 βλέπομεν
3030 688 3539 761 συκοφαντούμενον
3586 689 3797 761 πένητα

2222 790 2376 860 παρὰ
2425 788 2521 842 τοῦ
2583 785 2945 849 πλουτοῦντος
2975 784 3071 838 καὶ
3112 781 3553 847 δυναστεύοντος,
3596 782 3694 835 καὶ
3734 784 3797 835 τὸ

2221 882 2428 935 δίκαιον
2456 883 2629 952 κρῖμα
2654 878 2748 933 τοῦ
2779 876 3101 951 κρινομένου
3148 872 3545 936 καλύπτοντος,
3575 872 3671 926 καὶ
3698 872 3799 944 τὴν

2223 972 2576 1039 δικαιοσύνην
2600 969 2709 1024 τῶν
2735 970 2916 1040 νόμων
2965 964 3414 1028 διασκεδάζοντος
3441 962 3530 1017 διά
3562 963 3801 1034 δωροληο

2221 1064 2375 1135 ψίαν,
2402 1062 2436 1133 ἢ
2467 1060 2746 1116 δυναστῶν
2772 1059 3020 1124 ἀξίωσιν,
3047 1057 3080 1127 ἢ
3119 1055 3289 1125 φίλων
3319 1054 3689 1127 παράκλησιν,
3709 1056 3803 1108 καὶ

2222 1156 2323 1226 τὴν
2358 1146 2637 1225 ἁρπαγὴν,
2670 1155 2751 1217 εἰς
2786 1152 2937 1205 οὐδὲν
2965 1150 3252 1221 τιθεμένου
3282 1148 3384 1219 τῆς
3425 1148 3671 1219 ἀμπέλου
3708 1148 3803 1201 καὶ

2223 1248 2329 1318 τῆς
2363 1247 2606 1319 ἀρούρας
2648 1246 2743 1300 καὶ
2798 1245 2909 1298 τῶν
2956 1243 3133 1299 ἄλλων
3182 1242 3293 1296 τῶν
3337 1243 3454 1305 τοῖς
3492 1240 3803 1311 ἀνθρώποις

2227 1341 2581 1411 προσόντων·
2616 1339 2758 1409 ᾶπερ
2820 1336 3195 1407 αἰνιττόμενος
3254 1333 3347 1387 καὶ
3401 1334 3431 1388 ὁ
3497 1333 3806 1403 θαυμάσιος

2240 1431 2555 1499 Ἀὅσακοὺμ
2575 1427 2718 1483 οὕτω
2767 1427 2940 1496 φησι·
2983 1444 3002 1476 ι
3055 1423 3146 1493 Ἐξ
3169 1426 3418 1487 ἐναντίας
3469 1439 3569 1494 μου
3614 1422 3804 1491 γέγονε

2230 1522 2434 1593 κρίσις,
2469 1521 2615 1573 καὶὸ
2639 1519 2834 1591 κριτὴς
2866 1518 3159 1588 λαμϐάνει.
3190 1516 3290 1569 Διὰ
3337 1514 3499 1571 τοῦτο
3525 1515 3808 1569 διεσκέδα⁶

2232 1632 2355 1667 σται
2383 1614 2569 1682 νόμος,
2604 1614 2700 1667 καὶ
2719 1612 2783 1665 ού
2812 1610 3126 1679 διεξάγεται
3164 1611 3245 1673 εἰς
3279 1608 3434 1671 τέλος
3478 1609 3654 1679 κρῖμα
3678 1622 3694 1638 ·
3726 1606 3807 1660 ὅτι

2231 1706 2435 1777 ἀσεϐὴς
2466 1702 2934 1759 καταδυναστεύει
2968 1702 3062 1756 τὸν
3099 1701 3331 1756 δίκαιον.
3357 1699 3589 1755 Ἕνεκεν
3617 1698 3809 1752 τούτου

2233 1794 2578 1860 ἐξελεύσεται
2626 1794 2802 1865 κρῖμα
2834 1791 3296 1864 διεστραμμένον.
3338 1808 3357 1841 ι
3393 1790 3504 1844 Καὶ
3524 1789 3693 1843 πάλιν
3714 1788 3811 1843 άλ-

2235 1885 2326 1948 λος
2365 1885 2656 1955 προφήτης
2681 1882 2879 1953 φησιν’
2912 1902 2930 1933 ι
2969 1883 3135 1953 Καὶή
3175 1880 3406 1952 ἁρπαγὴ
3450 1879 3546 1933 τοῦ
3594 1879 3812 1949 πτωχοῦ

2237 1973 2296 2024 ὲν
2322 1970 2837 2047 τοῖςῄοἷκοιςύμὼν.
2874 1989 2893 2022 ι
2933 1972 3105 2025 Ὅταν
3131 1967 3226 2024 οὖν
3246 1969 3442 2036 ταῦτα,
3475 1970 3664 2039 φησὶν,
3697 1968 3814 2041 ἴδῃς

2240 2062 2297 2113 ὲν
2324 2060 2503 2131 χώρᾳ,
2535 2059 2701 2131 μηδὲν
2734 2059 3007 2131 ξενισθῇς,
3064 2060 3189 2131 μηδ’
3216 2061 3417 2115 ἄτοπον
3446 2059 3813 2132 διενθυμηθῇς

2239 2150 2335 2203 καί¹
2372 2151 2471 2218 τῆς
2500 2151 2817 2222 πρεπούσης
2840 2152 3052 2215 ἐννοίας
3077 2152 3316 2220 λογικοῖς
3348 2152 3446 2206 άνθ
3458 2150 3686 2224 ρώποιςί
3716 2153 3810 2205 άν-

2240 2243 2413 2307 ἀξιον.
2449 2240 2809 2307 Δύτεξούσιον
2838 2243 2945 2316 γὰρ
2986 2245 3082 2298 καὶ
3130 2244 3527 2299 αύτοδέσποτον
3559 2244 3697 2309 ζῶον
3724 2245 3817 2297 ἐπὶ

2239 2336 2339 2406 τῆς
2367 2336 2468 2405 γῆς
2501 2336 2663 2407 μόνος
2696 2338 2724 2389 ὁ
2750 2336 3040 2406 ἄνθρωπος
3067 2338 3301 2405 πέφυκε,
3330 2338 3430 2407 τὴν
3466 2338 3550 2406 ἐφ’
3583 2337 3817 2408 ἑκάτερα

2246 2429 2421 2501 ῥοπὴν
2444 2429 2607 2501 ἔχων,
2645 2430 2734 2483 ἴνα
2760 2429 2944 2493 καθὼς
2973 2430 3039 2484 ἂν
3072 2430 3365 2501 βουληθείη
3396 2430 3561 2501 ζῆσαι
3597 2431 3694 2483 καὶ
3724 2447 3811 2482 πο-

2242 2520 2636 2588 λιτεύσασθαι,
2673 2521 2916 2594 δηλονότι
2957 2523 3267 2587 σπουδαίως
3314 2523 3347 2593 ἢ
3416 2522 3676 2591 φαύλως,
3727 2521 3819 2574 οὓς

2244 2629 2352 2676 τως
2383 2611 2522 2685 εὕρῃ
2544 2615 2639 2666 καὶ
2656 2613 2754 2677 τὰς
2778 2612 3018 2684 ἀμοιϐὰς
3042 2612 3252 2676 καὶτὰς
3276 2613 3577 2676 ἀντιδόσεις
3607 2612 3812 2665 θεόθεν.

2317 2704 2483 2759 Οὐδὲν
2508 2700 2602 2758 οὖν
2625 2704 2799 2769 ξένον,
2832 2705 2882 2757 εἰ
2903 2704 3013 2758 τῶν
3039 2703 3344 2774 ἀνθρώπων
3365 2704 3534 2757 ὄντων
3567 2704 3822 2769 αύτεξοω

2249 2798 2402 2864 σίων,
2436 2800 2484 2851 οἰ
2517 2798 2616 2869 μὲν
2647 2797 2932 2869 αἱροῦνται
2968 2797 3069 2869 τὴν
3100 2797 3320 2851 ἀδικίαν
3353 2797 3448 2851 καὶ
3484 2796 3586 2867 τὴν
3632 2796 3825 2848 πλεονη

2248 2889 2418 2957 εξίαν,
2449 2892 2498 2943 οἰ
2527 2890 2583 2943 δὲ
2611 2890 2711 2961 τὴν
2750 2889 3103 2959 δικαιοσύνην
3137 2889 3232 2943 καὶ
3264 2888 3362 2960 τὴν
3397 2887 3575 2959 ἀληθῆ
3621 2888 3823 2958 κρίσιν.

2251 2980 2409 3038 Ἔστι
2427 2979 2537 3051 γὰρ
2565 2981 2676 3046 ὅτε,
2710 2980 2922 3034 καὶτὸν
2942 2980 3280 3051 ἀδικήσαντα
3298 2979 3393 3034 καὶ
3420 2979 3824 3050 διαστρέψαντα

2246 3074 2310 3130 τὸ
2342 3077 2517 3147 κρῖμα
2548 3072 2643 3127 τοῦ
2692 3074 2927 3146 πένητος
2976 3073 3312 3146 ὑψηλότερος
3341 3072 3503 3136 ἄλλος
3530 3072 3825 3125 καταδικά-

570 3165 917 3236 condemnet,
952 3180 1005 3227 et
1060 3174 1127 3226 de
1160 3173 1342 3241 pravis
1390 3172 1703 3242 quibusque
1754 3171 1914 3227 factis
1962 3171 2142 3241 justas

2254 3186 2356 3233 σει,
2389 3170 2483 3221 καὶ
2507 3167 2662 3232 δίκας
2711 3168 3069 3241 εἰσπράξεται
3112 3167 3221 3222 τῶν
3279 3165 3825 3238 κακοπραγημάτων.

570 3263 753 3332 exigat
796 3278 1007 3334 pontus.
1059 3263 1115 3318 Id
1172 3265 1436 3319 nimirum
1492 3265 1841 3335 signiﬁcavit,
1896 3280 2020 3319 cum
2064 3263 2144 3318 di-

2253 3261 2424 3316 Τοῦτο
2462 3261 2572 3331 γὰρ
2595 3234 2869 3333 ἐδήλωσεν
2909 3261 3104 3326 εἰπὼν,
3145 3280 3163 3313 ι
3209 3262 3335 3314 Ὀτι
3390 3234 3830 3331 ὑψηλὸεήὲπάνω

571 3355 688 3410 xit:
727 3371 747 3406 ι
790 3356 926 3421 Quia
995 3357 1245 3411 excelsus
1292 3372 1458 3427 super
1523 3357 1799 3411 excelsum
1845 3356 2152 3411 custodiam

577 3448 685 3516 agit
717 3445 855 3515 (το).
896 3466 914 3497 ›
943 3446 1097 3513 Quod
1125 3464 1255 3502 sane
1283 3449 1485 3518 passim
1530 3450 1851 3519 contingere
1881 3448 2151 3504 videmus.

576 3532 714 3592 Nam
748 3538 842 3609 qui
867 3539 1044 3595 aliena
1089 3542 1327 3609 rapiunt,
1379 3548 1435 3595 et
1474 3541 1776 3596 sententias
1813 3539 1997 3595 ferunt
2050 3540 2157 3594 ini-

578 3650 742 3710 quas,
776 3642 831 3688 et
883 3634 1023 3691 alios
1054 3612 1349 3691 calumniis
1396 3636 1856 3701 circumveniunt,
1893 3650 2036 3704 saepe
2066 3635 2157 3689 in-

582 3728 824 3782 faustum
864 3737 1137 3783 sectantes
1168 3729 1405 3793 lucrum,
1444 3732 1512 3783 ab
1561 3730 1649 3793 iis,
1679 3731 1772 3799 qui
1805 3729 1997 3783 altiore
2030 3736 2159 3782 sunt

583 3822 772 3895 gradu,
808 3830 861 3877 et
887 3829 1207 3891 potestatem
1240 3822 1443 3878 habent
1478 3823 1747 3892 majorem
1781 3838 1847 3877 ac
1885 3833 2156 3892 praestan-

586 3916 799 3979 liorem,
830 3928 1057 3969 examen
1106 3914 1488 3984 iudiciumque
1534 3914 1723 3969 subire
1765 3922 2056 3985 coguntur,
2107 3922 2161 3969 et

586 4007 931 4077 gravioribus
962 4006 1141 4062 aﬂecti
1188 4008 1474 4077 suppliciis
1533 4022 1725 4077 pinnas
1758 4007 1940 4061 luunt.
1976 4006 2162 4073 Quan-

587 4113 752 4171 quam
784 4107 839 4153 et
894 4098 971 4157 illi
1005 4114 1225 4153 rursum
1253 4137 1269 4163 ,
1298 4099 1404 4154 nisi
1444 4113 1543 4167 pro
1591 4097 1818 4168 justitia:
1860 4100 2073 4153 ratione
2103 4113 2164 4153 se

590 4190 879 4260 gesserint,
908 4191 1141 4247 similem
1164 4190 1344 4246 ferant
1372 4190 1733 4247 sententiam:
1767 4206 1893 4245 cum
1912 4191 2005 4245 alii
2040 4207 2166 4246 rur~

578 4299 736 4347 suun,
765 4285 861 4355 qui
897 4283 1079 4339 altiori
1120 4292 1283 4352 atque
1319 4284 1690 4347 excellentiori
1712 4293 1841 4338 sunt
1872 4293 2156 4351 potestate,

591 4376 865 4447 cognituri
893 4376 959 4430 de
989 4376 1074 4431 his
1111 4391 1176 4431 ac
1201 4376 1525 4431 sententiam
1553 4376 1713 4433 laturi
1745 4379 1875 4431 sint.
1912 4374 2071 4442 Quod
2106 4379 2152 4434 si

593 4484 664 4524 ne
704 4482 922 4537 poenam
960 4468 1194 4538 Fquidem
1216 4466 1530 4537 hujusmodi
1560 4467 1784 4536 rependi
1817 4466 1983 4521 ullam
2018 4467 2168 4524 vide—

670 4628 714 4658 ¹²
759 4624 964 4680 Babae.
1014 4638 1054 4691 ι,
1081 4624 1135 4688 '5,
1164 4632 1215 4677 4.
1295 4623 1339 4657 ¹³
1368 4624 1473 4677 lsa.
1507 4638 1587 4685 Ill,
1622 4623 1706 4677 M.

673 4741 792 4865 $19)
830 4739 987 4795 Facit
1011 4738 1079 4794 ad
1128 4740 1240 4793 haec
1291 4738 1437 4808 quod
1467 4738 1546 4819 ait
1596 4737 1753 4793 Philo
1783 4740 1837 4793 in
1872 4740 2172 4830 Corrumpit:-

673 4829 747 4865 ‘s.
804 4821 962 4865 tract.
994 4809 1060 4863 12
1091 4813 1168 4865 (o.
1218 4809 1344 4865 202.
1393 4809 1526 4865 edit.
1563 4808 1827 4865 Turueb.l
1856 4827 1869 4864 :
1897 4812 2017 4863 Των
2079 4831 2172 4865 μεν

603 4808 962 4883 εἰσίῃίνιιουι.
994 4809 1060 4863 12
1083 4813 1168 4883 _(p.
1218 4809 1363 4883 202,Δ
1393 4809 1526 4883 edit.
1563 4808 1827 4883 Turneb.)
1854 4827 1869 4883 :
1897 4810 2017 4863 Τῶν
2062 4808 2175 4883 ’μὲν

602 4885 714 4953 γὰρ
742 4882 919 4936 ἄλλων
965 4878 1155 4953 φυτῶν
1172 4898 1232 4933 τε
1284 4880 1377 4934 καὶ
1437 4879 1591 4953 ζώων
1639 4878 1763 4953 οὔτε
1810 4882 1865 4953 αἰ
1922 4878 2175 4953 εὐπορίαι

606 4949 908 5017 ἐπαινεταὶ,
941 4949 1064 5007 οὒτε
1107 4952 1163 5025 αἱ
1208 4950 1599 5025 κακοπραῖίαί,
1633 4949 1842 5025 ,ψεκτῗιί
1864 4968 1879 4982 ’
1907 4952 2008 5015 τὰς
2034 5024 2040 5025 γ
2064 4949 2177 5025 γὰρ

608 5027 697 5093 ἐφ’
739 5026 975 5094 ἑκάτερα
1001 5023 1241 5094 κινήσεις
1288 5020 1731 5094 καὶμεταδολὰς
1775 5020 2176 5092 ἀπροαιρέτους

610 5089 710 5150 καὶ
736 5089 1024 5155 ἀκουσίους
1050 5089 1261 5145 ἔλαϐον.
1290 5092 1345 5146 ld
1372 5089 1455 5146 cst
1480 5110 1493 5144 :
1523 5089 2035 5155 therorum‘enim,
2073 5095 2177 5149 sive

613 5165 862 5235 stirpium
885 5164 989 5217 sive
1009 5162 1344 5235 animalium,
1372 5178 1531 5231 neque
1562 5162 1771 5235 ubertas
1794 5162 2067 5227 laudatur,
2089 5182 2179 5217 ne-

613 5234 723 5307 que
769 5236 953 5289 vitium
1007 5234 1440 5307 reprehenditur;
1480 5234 1664 5302 quippe
1710 5248 1838 5307 Διιιιιε
1893 5245 2066 5287 motus
2122 5236 2179 5288 in

614 5304 894 5376 utramque
933 5314 1135 5376 partem
1164 5314 1212 5357 et
1248 5304 1565 5376 iitutationes
1606 5304 1883 5376 patiuntur
1912 5320 2003 5357 nec
2033 5321 2177 5376 qum-

619 5380 747 5431 sitas
796 5373 889 5429 nec
924 5374 1272 5429 voluntarias.
1323 5373 1531 5428 Similia
1588 5374 1749 5429 etiam
1796 5376 1884 5427 illa
1913 5382 2049 5443 apud
2082 5374 2181 5428 Ju-

620 5451 825 5504 stiuum
861 5448 1040 5515 (Apol.
1074 5462 1135 5509 ιι,
1158 5463 1211 5515 p.
1248 5446 1338 5509 8t,
1374 5446 1461 5498 ed.
1488 5442 1823 5513 8011ιι.);οὺ
1849 5442 1959 5513 γὰρ
1990 5445 2181 5515 ὥσπερ

619 5518 690 5569 τὰ
714 5514 877 5579 ἄλλα,
899 5514 1008 5573 οἷον
1023 5514 1215 5585 δένδρα
1250 5518 1345 5569 καὶ
1362 5514 1687 5586 τετράποδα,
1708 5514 1876 5585 μηδὲν
1910 5514 2181 5586 δυνάμενα

624 5588 1243 5658 προιιρέσενιίπράττειν,
1281 5585 1537 5655 ἐποίησεν
1552 5588 1580 5638 ὁ
1601 5585 1731 5658 Θεὸς
1761 5586 1853 5638 τὸν
1874 5585 1969 5639 ἄνθ
1979 5585 2178 5658 ρωπον.

624 5656 867 5724 Nempe:
906 5656 1028 5711 Non
1074 5659 1211 5712 enim
1243 5658 1379 5709 sicut
1430 5658 1561 5719 alia,
1616 5657 1825 5709 arbores
1880 5656 2109 5711 videlicet
2133 5668 2183 5711 et

625 5729 1010 5797 quadrupedes,
1049 5744 1163 5796 qua:
1221 5729 1349 5780 nihil
1390 5743 1507 5779 cum
1541 5725 1743 5797 delectu
1771 5736 1821 5797 et
1865 5727 2071 5795 judicio
2093 5728 2181 5795 fa-

628 5795 740 5853 uere
770 5809 1009 5866 possunt,
1038 5795 1298 5853 hominem
1334 5797 1468 5851 Deus
1503 5796 1756 5850 condidit.
1789 5795 1999 5861 Quibus
2028 5814 2058 5851 e
2100 5800 2181 5852 lo-

630 5870 712 5923 cis
740 5878 980 5937 apparet,
1007 5869 1136 5939 quid
1185 5880 1393 5923 veteres
1430 5867 1495 5921 dc
1532 5882 1652 5921 vera
1680 5882 2046 5937 germanaque
2078 5869 2179 5925 ho-

2256 3353 2460 3425 ὑψηλοῦ
2501 3353 2806 3423 φυλάσσει·
2838 3373 2857 3406 ι
2892 3351 3074 3416 καθὼς
3102 3354 3316 3424 ὁρῶμεν
3343 3350 3504 3405 τοῦτο
3544 3351 3829 3419 γινόμενον

2258 3444 2519 3515 συνεχῶς.
2559 3446 2621 3497 Ui
2653 3445 2763 3517 γὰρ
2794 3445 3133 3517 ἁρπάζοντες
3163 3444 3232 3498 τὰ
3257 3442 3539 3517 ἀλλότρια,
3568 3444 3667 3497 καὶ
3709 3439 3833 3512 κρίη

2258 3554 2373 3601 σεις
2402 3537 2624 3600 ἀδίκους
2648 3536 3027 3605 ἐξενεγκόντες
3060 3537 3154 3590 καὶ
3204 3537 3714 3607 συκοφαντήσαντες
3740 3534 3833 3588 ἄλη

2255 3630 2403 3690 λους,
2437 3627 2702 3690 πολλάκις
2732 3626 2869 3699 πρὸς
2903 3626 3170 3698 κερδᾶναί
3205 3645 3262 3680 τι
3287 3627 3479 3699 κέρδος
3507 3624 3832 3696 ἀσύμφορον

2261 3721 2368 3774 ὑπὸ
2396 3720 2505 3775 τῶν
2530 3721 2767 3790 ἐχόντων
2815 3720 3160 3791 ὑψηλοτέραν
3188 3721 3282 3774 καὶ
3311 3720 3535 3791 μείζονα
3567 3720 3661 3773 καὶ
3692 3736 3830 3789 κραο

2262 3811 2551 3881 ταιοτέραν
2576 3812 2677 3883 τὴν
2714 3812 2962 3876 ἐξουσίαν
2979 3852 2995 3875 ,
3017 3811 3377 3874 εύθυνθέντες
3404 3811 3499 3864 καὶ
3522 3809 3680 3872 δίκας
3706 3810 3826 3860 εἰσ-

2264 3903 2631 3974 πραχθέντες,
2694 3902 3113 3974 χαλεπωτέραις
3151 3904 3448 3973 τιμωρίαις
3482 3899 3831 3973 καθυπεὸλή-

2265 3994 2438 4063 θησαν
2458 4010 2472 4023 ο
2513 3993 2653 4047 ἀλλὰ
2677 3993 2773 4047 καὶ
2798 3994 3023 4056 τούτους
3063 3994 3265 4055 αὐτοὺς
3318 3989 3475 4053 αὖθις
3508 3994 3555 4044 εἰ
3586 3990 3662 4061 μὴ
3691 3989 3833 4043 κατὰ

2263 4088 2422 4157 λόγον
2454 4087 2833 4158 δικαιοσύνης,
2865 4088 3134 4157 ἀνάλογον
3164 4086 3396 4150 ἐκείνοις
3429 4079 3838 4154 ύποίσουσιτὴν

2265 4181 2598 4253 κατάκρισιν
2624 4197 2639 4217 η
2681 4180 2833 4236 ἄλλοι
2867 4179 3033 4234 πάλιν
3068 4179 3411 4251 ὑψηλοτέραν
3448 4178 3545 4232 καὶ⁸
3576 4191 3839 4247 κραταιο-

2266 4276 2432 4347 τέραν
2472 4274 2689 4343 ἔχοντες
2728 4263 3050 4327 δυναστείαν
3103 4258 3261 4335 δίκας
3310 4269 3700 4341 εἰσπράξονται
3743 4267 3845 4325 καὶ

2268 4367 2747 4431 καταδικάζουσιν.
2800 4366 2863 4418 Εἰ
2914 4365 2971 4417 δὲ
3003 4366 3099 4418 καὶ
3131 4364 3300 4435 μηδὲν
3326 4362 3568 4416 τοιοῦτον
3603 4362 3839 4413 ἀνταπο-

2269 4458 2468 4522 δόσεως
2509 4458 2672 4529 ἔργον
2724 4456 2934 4527 θεάσῃ,
2989 4455 3116 4527 μηδ’
3158 4455 3334 4519 οὕτως
3382 4452 3699 4523 καταπέσῃς
3758 4450 3840 4518 εἰς

2201 4578 2247 4633 Ι)

2276 4745 2441 4801 minis
2469 4744 2723 4797 libertate
2752 4743 3039 4797 sentirent.

2349 4815 2459 4885 (ἳο)
2503 4812 2628 4885 llaec
2648 4814 2995 4885 Salomonem
3022 4830 3052 4868 a
3076 4822 3225 4881 patre
3246 4814 3496 4885 edoctum
3519 4812 3652 4885 dicit
3675 4810 3844 4885 Atha-

2278 4881 2467 4940 nasius
2485 4883 2738 4951 (Apol.ad
2759 4883 3044 4937 Constant.
3070 4892 3203 4937 tom.
3224 4885 3268 4953 _l,
3289 4899 3341 4953 p.
3368 4882 3490 4942 715,
3516 4883 3585 4953 ed,
3607 4881 3842 4953 Sonn.):

2278 4957 2428 5026 Εἶχε,
2458 4955 2654 5026 inquit,
2685 4953 2776 5026 τον
2810 4956 3021 5026 πατέρα
3052 4951 3248 5026 ἑαυτοῦ
3289 4951 3384 5006 τὸν
3436 4952 3621 5014 Δαὸὶδ,
3675 4952 3847 5026 πείρα

2279 5022 2379 5080 καῖ
2408 5022 2569 5079 αύτδν
2604 5023 2843 5093 μαθόντα
2873 5025 2942 5077 τὸ.
2968 5025 3027 5077 ὲν
3060 5028 3171 5085 τοῖς
3210 5025 3490 5094 διωγμοῖς,
3527 5026 3618 5094 καὶ
3664 5022 3845 5094 autpa-

2278 5094 2562 5167 λιζόμενον
2608 5091 2735 5159 τοὺς
2765 5096 3077 5167 πάσχοντας
3101 5098 3157 5147 ἐν
3180 5097 3271 5167 τῷ.
3298 5091 3515 5167 λέγεινς
3550 5091 3844 5167 Ἀνδρίζε-

2278 5160 2415 5227 σθεξ
2467 5166 2563 5219 καὶ
2593 5160 3005 5232 κραταιούόθω
3049 5166 3087 5233 ἡ
3132 5160 3342 5232 καρδία
3376 5160 3579 5234 ὑμῶν,
3624 5160 3847 5234 ,πάντες

2279 5241 2333 5291 oi
2356 5236 2699 5301 ἐλπίζοντες
2722 5235 2821 5287 ἐπὶ
2861 5235 3249 5307 Κύριοηᾲτοίς
3282 5235 3389 5307 γάρ
3434 5233 3608 5307 οὕτως
3640 5233 3847 5307 υπομέ-

2280 5325 2485 5370 νουσιν,
2526 5308 2625 5360 οὐκ
2680 5306 2962 5376 ἄνθρωπος
2987 5344 3002 5367 ,
3034 5304 3150 5359 ἀλλ’
3185 5302 3380 5369 αὐτὸς,
3434 5306 3589 5375 φησὶ,
3642 5302 3847 5376 Κύριος

2284 5378 2561 5450 βοηθήσει,
2588 5380 2684 5429 καὶ
2718 5373 2941 5450 ῥύσεται
2979 5376 3198 5440 αὐτοὺς,
3230 5378 3311 5429 ὃτι
3358 5373 3594 5450 ἤλπισαν
3748 5373 3849 5450 αὐτ

2280 5444 2394 5503 τόν.
2423 5444 2626 5517 Nempe
2668 5466 2681 5501 :
2719 5444 2971 5500 ’Habebat
3016 5460 3284 5517 parentem
3333 5444 3488 5500 suum
3523 5444 3717 5517 David.
3758 5445 3850 5511 qui

2283 5522 2395 5576 haec
2418 5522 2473 5579 in
2502 5515 2751 5575 (erumnis
2772 5518 2882 5572 suis
2904 5515 3024 5587 ipsa
3040 5520 3198 5571 etiam
3219 5517 3538 5587 experientia
3561 5515 3847 5573 didicerat,

2284 5605 2439 5663 atque
2474 5589 2675 5663 similia
2723 5589 3065 5663 tolerantibus
3093 5590 3297 5643 animos
3344 5587 3594 5649 addebat,
3623 5587 3799 5639 dicens
3828 5599 3845 5634 :

2285 5660 2526 5717 Viriliter
2560 5661 2719 5730 agite,
2752 5668 2807 5730 et
2832 5660 3214 5730 corroboretur
3231 5674 3327 5713 cor
3345 5667 3609 5730 vestrum,
3633 5670 3849 5730 omnes,

2286 5734 2377 5802 qui
2407 5726 2638 5802 speratis
2664 5732 2717 5783 in
2766 5728 3079 5802 Dominum.
3134 5728 3220 5782 Sic
3267 5730 3407 5786 enim
3429 5726 3848 5802 sustinentibus,

2288 5798 2391 5858 non
2414 5798 2586 5867 homo,
2624 5804 2721 5869 ait,
2746 5801 2834 5855 sed
2859 5799 3114 5853 Dominus
3138 5806 3244 5868 ipse
3269 5798 3639 5868 opitulabitur.
