4172 6536
562 415 664 481 951

1668 423 1729 482 S.
1766 421 2138 482 GREGORII
2177 422 2672 483 AGRIGENTINI

3676 414 3782 478 952

563 533 812 603 fructum,
851 542 900 587 et
930 532 1262 587 saturabitur
1307 534 1485 602 fructu
1512 536 1646 587 ?sed
1695 544 1743 588 et
1771 537 1866 590 hoc
1890 538 2114 590 vanitas.

2228 538 2650 607 κορεσθήσεται
2684 535 3052 605 γεννήματος
3077 535 3219 599 ;καί
3240 550 3304 603 γε
3336 529 3509 585 τοῦτο
3534 528 3779 595 ματαιό-

563 637 631 679 tu
658 625 997 678 multitudine
1029 624 1279 679 bonitatis
1315 626 1659 696 multiplicati
1686 638 1808 682 sunt
1834 631 1921 698 qui
1950 646 2121 682 come-

563 718 694 769 dunt
719 733 856 771 eant.
884 716 954 769 Et
977 734 1094 787 qua:
1114 717 1372 786 fortitudo
1399 719 1465 784 ei,
1492 720 1581 789 qui
1608 719 1671 773 ab
1708 736 1770 773 ea
1795 724 1819 775 .9
1847 738 1971 773 num
2011 722 2121 774 alia

563 824 720 877 quam
751 807 924 861 videre
947 808 1114 864 oculis
1143 811 1252 862 suis
1285 810 1444 878 (25)?

635 920 909 976 Sententia
928 926 1042 977 haec
1067 923 1334 993 geminam
1358 926 1580 979 omnino
1626 926 2119 996 interpretationem

564 1014 761 1068 habere
795 1014 1033 1067 videtur:
1083 1015 1164 1068 vel
1233 1031 1423 1085 nempe
1480 1028 1762 1087 argentum
1797 1021 1863 1073 ab
1914 1036 1998 1080 eo,
2029 1021 2121 1089 qui

565 1116 731 1171 amat,
762 1121 987 1175 prorsus
1017 1122 1121 1159 non
1182 1108 1432 1170 inveniri,
1464 1110 1547 1162 vel
1601 1110 1668 1163 ab
1702 1125 1789 1172 eo,
1839 1101 2122 1179 qui'inve-

564 1197 697 1261 niat,
726 1206 933 1251 tantum
957 1213 1065 1251 non
1096 1199 1346 1260 inveniri,
1372 1206 1634 1268 quantum
1659 1211 1711 1252 et
1732 1205 1879 1267 cupit
1906 1210 2123 1270 etquae-

564 1294 663 1344 rit:
697 1291 788 1345 sed
832 1307 954 1345 cum
988 1290 1284 1344 insatiabili
1346 1291 1641 1345 ditescendi
1689 1292 1981 1360 cupiditate
2042 1302 2121 1346 te-

566 1394 779 1447 neatur,
802 1398 909 1453 quo
942 1385 1115 1453 magis
1156 1383 1436 1451 pecuniam
1464 1394 1624 1453 auget
1666 1400 1728 1439 ac
1760 1386 2020 1449 cumulat,
2058 1401 2123 1440 co

567 1476 778 1543 longius
810 1475 1054 1530 avaritiae
1082 1490 1193 1529 sum
1237 1476 1371 1529 lines
1400 1474 1668 1545 proferre.

632 1586 749 1639 Jam
786 1596 840 1640 et
893 1588 981 1641 illa
1013 1606 1027 1641 :
1066 1608 1083 1638 ι
1121 1588 1255 1654 Quis
1288 1589 1475 1642 dilexit
1529 1588 1581 1642 in
1630 1587 1973 1643 multitudine
2006 1589 2125 1657 ejus

566 1678 890 1732 fructum?»
935 1681 1117 1734 eadem
1177 1681 1289 1735 fere
1353 1682 1559 1734 ratione
1609 1680 1969 1748 explicantur.
2029 1680 2125 1735 Vel

566 1771 710 1822 enim
742 1770 833 1838 qui
867 1780 1034 1834 amat,
1083 1786 1188 1824 non
1246 1770 1470 1835 invenit,
1507 1782 1563 1823 ut
1593 1772 1877 1841 egentibus
1913 1773 2128 1826 contin-

2221 646 2349 695 της.
2386 628 2483 680 Ἔν
2512 626 2729 693 πλήθει
2780 626 3166 696 ἀγαθοσύνης
3207 620 3678 688 ἐπληθύνθησαν
3725 618 3779 668 ot

2220 719 2529 784 ἐσθίοντες
2564 718 2774 783 αὑτήν.
2798 719 2907 771 Καὶ
2961 718 3052 783 τίς
3095 715 3340 783 ἀνδρεία
3372 710 3452 777 τῷ
3500 709 3635 776 παρ’
3674 711 3780 762 αὺ-

2222 808 2327 875 τῆς
2349 826 2366 871 ;
2390 809 2479 861 ὅτι
2509 808 2668 871 ἀλλ’,
2703 809 2740 877 ἢ
2772 809 2837 861 τὸ
2881 808 3027 875 ὀρᾷν
3068 804 3395 876 ὀφθαλμοῖς
3425 802 3644 866 αὑτοῦ;

2292 920 2364 972 Τὸ
2392 921 2552 991 ῥητὸν
2586 919 2743 972 τοῦτο
2774 919 2954 987 διττὴν
2981 918 3155 970 ἔοικεν
3189 916 3333 984 ἔχειν
3376 911 3658 982 προδήλως
3685 910 3783 980 τὴν

2223 1013 2487 1082 ἐκδοχήν·
2518 1011 2551 1083 ἢ
2603 1012 2685 1065 ὅτι
2736 1009 2967 1078 ἀγαπῶν
3013 1009 3109 1075 οὐχ
3156 1007 3400 1077 εὑρίσκει
3432 1005 3490 1056 τὸ
3521 1004 3783 1071 παράπαν

2224 1104 2509 1175 ἀργύριον,
2547 1103 2580 1175 ἢ
2623 1102 2894 1173 εὑρίσκων
2940 1102 3039 1171 οὑχ
3070 1101 3317 1170 εὑρίσκει
3354 1097 3633 1156 τοσοῦτον,
3661 1097 3785 1147 ὅσον

2224 1199 2318 1248 καὶ
2345 1195 2597 1266 βούλεται
2625 1195 2767 1249 κατά
2800 1195 2898 1265 τὴν
2934 1194 3070 1247 ἰδίαν
3090 1190 3390 1261 ἐπιουμίαν
3406 1188 3498 1242 καὶ
3521 1187 3749 1257 ζήτησιν
3767 1200 3781 1213 ⁸

2223 1290 2335 1343 ἀλλ’
2358 1289 2652 1358 ἀκόρεστον
2682 1288 2871 1358 ἔφεσιν
2900 1286 3041 1357 ἔχων
3083 1284 3219 1355 πρὸς
3264 1284 3361 1353 τὴν
3397 1279 3783 1350 φιλαργυρίαν,

2221 1384 2346 1437 ὅσον
2377 1382 2443 1436 ἂν
2465 1380 2601 1452 αὔξῃ
2630 1380 2723 1432 καὶ
2752 1378 3075 1447 προστίθετο
3109 1377 3168 1429 τὸ
3194 1375 3482 1447 ἀργύριον,
3526 1370 3787 1422 τοσοῦτον

2224 1472 2588 1544 ὑπεραυξάνει
2609 1471 2703 1525 καὶ
2724 1471 2822 1538 τῆς
2850 1467 3219 1540 φιλαργυρίας
3245 1466 3307 1518 τὸ
3334 1462 3530 1525 πάθος.

2294 1588 2690 1659 Παραπλησίαν
2727 1586 2912 1656 μέντοι
2957 1584 3172 1654 δέχεται
3220 1580 3549 1648 διασάφησιν
3579 1575 3676 1628 καὶ
3706 1573 3788 1636 τὸ,

2232 1702 2248 1733 ι
2276 1683 2371 1745 Τίς
2401 1681 2687 1751 ἠγάπησεν
2738 1681 2797 1732 ἐν
2839 1678 3037 1749 πλήθει
3075 1672 3241 1727 αὑτοῦ
3292 1672 3539 1740 γέννημα
3568 1684 3583 1732 ;
3616 1668 3649 1737 ἢ
3684 1666 3793 1737 γὰρ

2228 1773 2457 1841 ἀγαπῶν
2479 1773 2577 1841 οὑχ
2602 1772 2872 1842 εὑρίσκει,
2908 1768 3093 1831 καθὼς
3138 1765 3428 1836 συμϐαίνει
3476 1765 3589 1824 τοῖς
3624 1760 3791 1825 πένη-

567 1864 642 1930 git
669 1880 684 1928 ;
710 1863 791 1916 vel
821 1863 911 1932 qui
940 1862 1164 1926 invenit,
1190 1862 1366 1917 minus
1404 1864 1609 1916 invenit
1653 1881 1817 1932 quam
1857 1865 2126 1933 cupiditas

2229 1884 2344 1920 σιν⁸
2379 1866 2410 1936 ἢ
2454 1866 2727 1935 εὑρίσκων
2765 1865 2862 1933 οὑχ
2891 1861 3075 1931 ὃσονή
3110 1861 3209 1930 τῆς
3262 1856 3559 1927 ἐπιθυμίας
3595 1851 3795 1922 ἀπῄτει

566 1953 987 2022 conquisiverat.
1018 1952 1340 2021 lnexplebile
1369 1955 1506 2006 enim
1547 1954 2125 2011 habebatdesiderium

568 2045 841 2099 fructuum
899 2060 1095 2115 magno
1137 2060 1364 2100 numero
1406 2048 1895 2115 congerendorum,
1935 2064 2040 2101 non
2071 2058 2128 2102 ut

492 2176 493 2179 η
568 2135 941 2191 famelicorum
974 2136 1203 2190 satiaret
1234 2148 1473 2201 ventres,
1501 2153 1675 2206 neque
1706 2148 1765 2193 ut
1793 2140 2033 2210 hospites
2061 2142 2127 2195 li-

567 2228 823 2283 beraliter
883 2227 1172 2297 acciperet,
1205 2243 1382 2296 neque
1433 2243 1492 2282 ut
1556 2230 1777 2299 pupillis
1821 2247 1885 2286 ac
1950 2233 2128 2288 viduis

566 2321 883 2375 divisionem
910 2319 1104 2387 daret;
1138 2336 1324 2374 verum
1359 2330 1417 2374 ut
1440 2322 1652 2390 copiam
1709 2332 1922 2386 nactus,
1953 2339 2127 2393 quan-

568 2424 675 2466 tam
708 2413 1110 2483 concupiverat,
1140 2428 1263 2467 cum
1290 2414 1455 2467 divite
1509 2414 1623 2473 illo,
1665 2415 1820 2483 cujus
1848 2432 1975 2484 ager
2001 2432 2131 2469 exu-

567 2504 869 2567 beraverat,
901 2502 1082 2579 dicere
1145 2514 1356 2572 posset:
1396 2522 1414 2554 ι
1452 2503 1735 2558 Destruam
1758 2505 1950 2558 horrea
1987 2522 2126 2570 mea,

566 2603 621 2649 et
657 2594 861 2663 majora
924 2595 1224 2657 :ndilicabo,
1271 2605 1326 2649 et
1379 2595 1724 2665 congregabo
1783 2595 1894 2651 illic
1939 2613 2130 2652 omnes

566 2686 778 2743 fructus
810 2702 959 2742 meos
982 2697 1034 2742 et
1063 2688 1205 2741 bona
1228 2702 1381 2741 mea:
1419 2698 1472 2741 et
1514 2688 1688 2743 dicam
1719 2689 1914 2744 anima:
1953 2706 2087 2745 mere
2113 2707 2125 2740 :

567 2775 783 2838 Anima,
810 2774 976 2830 habes
998 2775 1167 2829 multa
1189 2775 1331 2829 bona
1367 2778 1606 2846 reposita
1632 2778 1685 2833 in
1716 2794 1890 2833 annos
1910 2781 2128 2845 multos,

568 2867 814 2935 quiesce,
855 2867 1098 2931 comede,
1150 2866 1295 2930 bibe,
1342 2866 1545 2923 laetare.
1588 2888 1605 2920 ι
1661 2868 1759 2925 Cui
1824 2869 2003 2935 Deus,
2035 2873 2129 2941 qui

567 2958 749 3013 omnia
794 2957 1083 3026 dignoscit,
1136 2956 1290 3028 142
1321 2959 1481 3012 etiam
1543 2959 1713 3014 dixit:
1752 2979 1770 3012 ι
1804 2961 1997 3024 Stulte,
2031 2964 2133 3019 hac

567 3059 726 3103 nocte
748 3048 983 3101 animam
1018 3055 1166 3101 tuam
1204 3059 1457 3118 repetunt
1484 3066 1514 3104 a
1545 3059 1630 3117 te;
1671 3067 1791 3121 qua:
1817 3062 1997 3107 autem
2032 3070 2131 3125 pa-

569 3139 905 3209 t‘asti,cujus
934 3149 1096 3193 erunt
1125 3139 1212 3192 ἐἴ
1251 3158 1269 3190 ι
1324 3138 1508 3195 Talem
1564 3159 1728 3212 porro
1781 3144 1867 3199 hic
1915 3162 2132 3216 quoque

569 3232 818 3301 designat
848 3232 1067 3301 sapiens
1099 3230 1476 3294 Ecclesiastes,
1506 3235 1686 3303 itaque
1717 3235 1820 3289 ait:
1864 3254 1882 3286 ι
1926 3236 2132 3307 thuis

569 3326 758 3379 dilexit
786 3325 839 3378 in
884 3325 1233 3380 multitudine
1282 3328 1402 3395 ejus
1430 3327 1675 3381 fructus?
1712 3347 1730 3380 ι
1767 3328 1819 3381 ld
1854 3339 1938 3384 est
1976 3331 2131 3384 inex-

574 3415 757 3487 plebili
798 3416 983 3470 animo
1012 3422 1177 3484 atque
1212 3416 1551 3471 insaturabili
1586 3418 1885 3487 cupiditate
1939 3419 2134 3475 fructi-

569 3511 673 3564 bus
727 3507 1109 3577 comparandis
1162 3507 1421 3572 intentus,
1463 3524 1636 3579 eaque
1687 3510 1752 3565 de
1798 3527 1959 3566 causa
1991 3528 2134 3566 nun-

570 3616 732 3669 quam
763 3609 935 3654 satur.
964 3597 1097 3655 Nam
1123 3600 1166 3653 si
1200 3601 1263 3653 ad
1294 3602 1531 3671 hospites
1560 3602 1907 3673 accipiendos
1946 3604 2136 3660 foven-

572 3694 781 3761 dosque
810 3700 973 3761 atque
1001 3692 1065 3746 ad
1094 3707 1294 3763 egenos
1327 3702 1381 3746 et
1432 3709 1697 3763 pauperes
1735 3695 2025 3766 largitione
2045 3699 2135 3768 ju-

572 3785 777 3838 vandos
805 3784 1089 3854 pecuniam
1119 3794 1213 3839 aut
1235 3784 1445 3839 fructus
1475 3797 1708 3851 amaret,
1747 3798 1803 3843 et
1843 3790 1942 3843 hos
1973 3800 2136 3859 atque

572 3877 720 3929 illam
754 3876 1088 3944 conjunctim
1114 3886 1207 3931 aut
1230 3878 1520 3945 separatim
1546 3880 1903 3949 perquireret,
1933 3882 2135 3936 multos

571 3969 761 4037 utique
824 3969 1068 4030 haberet,
1110 3970 1204 4039 qui
1268 3986 1451 4024 secum
1506 3980 1735 4041 utroque
1798 3972 2130 4027 fruerentur.

572 4057 726 4123 Quod
780 4057 1026 4113 indicans
1083 4058 1438 4113 Ecclesiastes
1495 4061 1608 4114 ait:
1651 4079 1669 4111 ι
1707 4059 1763 4114 In
1793 4062 2137 4116 multitudine

569 4150 833 4205 bonitatis
893 4149 1234 4219 multiplicati
1292 4161 1421 4205 sunt
1471 4152 1565 4221 qui
1601 4153 1894 4207 comedunt
1926 4169 2066 4209 eam.
2111 4174 2128 4205 ι

568 4239 789 4295 Amoris
822 4240 969 4295 enim
1003 4250 1058 4295 et
1094 4241 1379 4296 charitatis
1402 4247 1567 4301 ratio.
1601 4258 1724 4296 cum
1756 4245 1958 4299 multos
1983 4248 2133 4308 eius-

572 4333 692 4387 dem
744 4333 1037 4402 participes
1094 4331 1276 4397 l'aciat,
1309 4342 1363 4388 et
1407 4335 1564 4404 quasi
1627 4338 1807 4390 socios
1841 4336 2053 4399 haheat,
2084 4347 2137 4392 et

570 4423 815 4491 pecunia:
847 4430 901 4478 et
928 4422 1199 4477 fructibus
1230 4424 1523 4493 propitium
1559 4425 1726 4479 Deum
1774 4425 1937 4479 eﬂicit
1975 4438 2136 4497 atque

2228 1951 2670 2041 ζήτησιςγεὺρεν
2695 1976 2708 1989 ·
2737 1956 3039 2027 ἀκόρεστον
3064 1954 3176 2025 γὰρ
3204 1947 3351 2021 εἶχεν
3390 1950 3577 2017 ἔφεσιν
3599 1946 3692 2041 επὶ
3708 1946 3793 2041 -τῇ

2228 2037 2575 2121 συναθροίσει
2608 2049 2702 2103 τοῦ
2748 2047 2893 2102 κατὰ
2928 2046 3247 2116 γεννήματα
3279 2041 3545 2112 πλήθους,
3571 2038 3672 2107 οὑχ
3707 2037 3799 2089 ἵνα

2227 2145 2474 2215 χορτάσῃ
2515 2143 2615 2205 τάς
2647 2141 2758 2195 τῶν
2788 2137 3103 2193 πεινώντων
3153 2134 3385 2197 κοιλίας,
3418 2133 3541 2185 οὑδὲ
3571 2131 3708 2202 πρὸς
3737 2130 3799 2181 τὸ

2228 2238 2576 2309 φιλοφρονεῖν
2606 2235 2736 2296 τοὺς
2757 2229 3239 2301 ἐπιξενουμένους,
3275 2227 3397 2281 οὑδὲ
3428 2226 3566 2295 πρὸς
3596 2223 3657 2276 τὸ
3689 2223 3801 2276 δια-

2228 2330 2417 2399 νέμειν
2437 2328 2551 2388 τοῖς
2576 2325 2837 2395 ὀρφανοῖς
2862 2323 2957 2375 καὶ
2993 2325 3116 2384 ταῖς
3168 2322 3368 2392 χήραις
3386 2334 3402 2350 ο
3429 2317 3549 2372 ἀλλ’
3575 2318 3634 2371 ἐν
3657 2316 3794 2386 πλή-

2229 2423 2312 2475 θει
2344 2420 2440 2489 τῆς
2467 2417 2605 2480 ἰδίας
2649 2414 2946 2486 ἐπιθυμίας
2978 2414 3159 2481 λέγειν
3211 2413 3355 2465 κατὰ
3400 2410 3495 2463 τὸν
3532 2408 3793 2461 πλούσιον

2230 2513 2478 2575 ἐκεῖνον,
2525 2501 2738 2571 οὗτινος
2788 2508 3093 2577 εὐφόρησεν
3142 2507 3176 2574 ὴ
3236 2504 3427 2572 χώραο
3487 2520 3506 2553 ι
3559 2498 3795 2553 Καθελῶ

2207 2638 2223 2651 .
2233 2621 2332 2673 μου
2348 2602 2446 2666 τάς
2469 2600 2757 2669 ἀποθήκας
2781 2600 2877 2652 καὶ
2896 2597 3151 2670 μείζονας
3164 2596 3530 2666 οἰκοδομήσω,
3552 2593 3648 2646 καὶ
3663 2609 3792 2643 συν-

2230 2696 2342 2761 άξω
2375 2697 2493 2748 ἐκεῖ
2542 2694 2722 2747 πάντα
2754 2692 2819 2745 τὰ
2872 2688 3197 2761 γεννήματά
3246 2705 3348 2759 μου
3385 2686 3482 2741 καὶ
3515 2685 3582 2738 τὰ
3612 2685 3799 2751 ἀγαθά.

2234 2804 2372 2858 μου·
2410 2788 2507 2840 καὶ
2562 2784 2674 2856 ἐρῶ
2707 2787 2775 2855 τῇ
2838 2784 2984 2853 ψυχῇ
3041 2800 3166 2854 μου,
3194 2781 3379 2851 Ψυχὴ,
3440 2778 3587 2849 ἔχεις
3627 2776 3802 2830 πολλὰ

2231 2878 2418 2948 ἀγαθὰ
2448 2877 2678 2949 κείμενα
2706 2880 2787 2940 εἰς
2821 2875 2917 2945 ἔτη
2948 2874 3137 2937 πολλὰ,
3159 2872 3465 2936 ἀναπαύου,
3484 2870 3651 2939 φάγε,
3677 2868 3794 2928 πίε,

2232 2972 2529 3042 εὐφραίνου
2550 2985 2565 2999 ⁸
2605 2988 2623 3021 ι
2655 2970 2789 3039 πρὸς
2817 2968 2876 3020 ὃν
2909 2968 3003 3020 καὶ
3048 2964 3202 3019 εἶπεν
3247 2967 3276 3018 ὁ
3323 2964 3503 3018 πάντα
3538 2960 3797 3029 διαγινὼ-

2234 3080 2379 3116 σκων
2408 3062 2571 3124 Θεός·
2610 3080 2629 3113 ι
2669 3062 2917 3130 Ἀφρων,
2947 3058 3120 3129 ταύτῃ
3144 3059 3211 3127 τῇ
3261 3057 3419 3109 νυκτὶ
3466 3053 3568 3125 τήν
3618 3052 3801 3123 ψυχήν

2235 3169 2327 3205 σου
2350 3150 2671 3204 ἀπαιτοῦσιν
2690 3150 2798 3202 ἀπὸ
2817 3147 2911 3202 σοῦ
2928 3165 2944 3180 ·
2966 3147 3000 3201 ἀ
3016 3147 3072 3200 δὲ
3090 3146 3417 3217 ἡτοίμασας,
3431 3144 3537 3196 τίνι
3556 3143 3707 3195 ἔσται
3730 3159 3746 3205 ;
3774 3161 3794 3193 ι

2159 3213 2202 3271 c
2236 3241 2488 3295 Τοιοῦτον
2513 3241 2809 3294 αἰνίττεται
2822 3239 2917 3293 καὶ
2953 3238 3049 3291 νῦν
3077 3213 3295 3305 όνσοφὸς
3336 3233 3795 3303 Ἑκκλησιαστὴς,

2236 3331 2331 3383 καὶ
2358 3330 2447 3383 διὰ
2477 3328 2634 3382 τοῦτό
2658 3346 2793 3398 φησι
2821 3344 2833 3356 ·
2874 3345 2892 3378 ι
2930 3326 3041 3379 Καὶ
3078 3325 3165 3387 τίς
3198 3324 3489 3391 ἠγάπησεν
3518 3322 3578 3374 ὲν
3606 3320 3800 3390 πλήθει

2235 3419 2401 3473 αὑτοῦ
2428 3419 2748 3488 γεννήματα
2770 3434 2786 3483 ;
2814 3434 2830 3467 ι
2854 3414 3155 3476 τουτέστιν,
3183 3416 3240 3465 ἐν
3257 3415 3322 3481 τῇ
3347 3410 3637 3479 ἀκορέστῳ
3652 3407 3797 3475 γνώ-

2240 3527 2316 3583 μῃ
2343 3511 2438 3563 καὶ
2466 3512 2533 3580 τῇ
2564 3508 2828 3578 ἀπλήστῳ
2868 3503 3135 3574 ἐπιθυμίᾳ
3179 3502 3509 3571 ποιούμενος
3561 3497 3660 3567 τὴν
3704 3495 3799 3549 τοῦ

2235 3605 2574 3673 γεννήματος
2606 3602 2852 3671 ζήτησιν,
2888 3598 2982 3651 καὶ
3026 3596 3217 3649 τούτου
3253 3596 3412 3664 χάριν
3442 3593 3646 3662 ἥκιστα
3672 3607 3803 3641 κατα

2236 3693 2667 3764 εμφορούμενος.
2705 3692 2767 3743 ΕΞ
2815 3690 2915 3758 μὲν
2960 3688 3068 3757 γὰρ
3097 3687 3188 3739 ἐπὶ
3231 3682 3475 3748 δεξιώσει
3520 3681 3618 3734 καὶ
3648 3678 3799 3748 φιλο-

2237 3783 2483 3855 φροσύνῃ
2510 3782 2618 3835 τῶν
2664 3779 3117 3849 ὲπιξενουμένων,
3161 3778 3257 3829 καὶ
3297 3775 3527 3845 διανομῇ
3562 3774 3627 3842 τῇ
3665 3770 3803 3841 πρὸς

2236 3880 2362 3942 τοὺς
2393 3878 2595 3940 ἐνδεεῖς
2634 3877 2731 3931 καὶ
2750 3875 3000 3944 πτωχοὺς
3042 3876 3070 3927 ὁ
3108 3872 3338 3941 ἀγαπῶν
3364 3869 3427 3922 τὸ
3473 3867 3737 3937 ἀργύριον
3765 3866 3799 3933 ἢ

2235 3974 2295 4025 τὸ
2334 3972 2601 4041 γέννημα,
2630 3969 2730 4041 τὴν
2758 3969 2984 4039 ζήτησιν
3017 3962 3129 4036 εἶχε
3167 3964 3359 4018 τούτου
3392 3961 3648 4015 κάκείνου
3675 3976 3801 4010 συν-

2238 4067 2506 4137 ημμένως
2529 4066 2563 4136 ἢ
2592 4064 2959 4136 διῃρημένως,
3001 4059 3354 4129 πολλοὺςοᾶι
3376 4050 3489 4125 εἶχε
3520 4056 3646 4115 τοὺς
3677 4054 3804 4105 ἐκα-

2235 4161 2398 4229 τέρου
2449 4156 2968 4228 προσαπολαύοντας
2994 4170 3007 4183 ο
3036 4154 3174 4219 ὅπερ
3221 4148 3593 4217 αἰνιττόμενος
3619 4149 3646 4197 ὁ
3678 4144 3803 4196 Ἐκ-

2238 4250 2573 4323 κλησιαστὴς
2598 4249 2823 4319 ἔφησεν,
2853 4267 2869 4295 ε
2919 4247 3004 4299 Ἐν
3030 4244 3224 4314 πλήθει
3252 4239 3611 4309 ἀγαθωσύνης
3631 4237 3800 4306 ἐπλη-

2240 4343 2513 4413 Θὺνθησαν
2540 4340 2813 4402 ἐσθίοντες
2845 4339 3037 4407 αὑτήν.
3070 4354 3088 4387 ι
3123 4338 3180 4386 Ὀ
3201 4332 3309 4403 γὰρ
3335 4333 3433 4400 τῆς
3460 4330 3683 4398 ἀγάπης
3714 4328 3802 4380 λός

2238 4452 2336 4503 γος
2368 4435 2461 4488 καὶ
2498 4433 2597 4502 τῆς
2642 4428 3001 4499 ἀγαθωσύνης
3049 4426 3280 4487 πολλοὺς
3311 4424 3480 4492 αὐτῆς
3510 4422 3803 4489 παραλαμ-

570 4513 894 4568 muniﬁcum
959 4513 1095 4583 (24).
1134 4512 1290 4570 Νυηο
1342 4530 1473 4570 vero
1521 4517 1761 4570 avaritiae
1807 4518 2035 4572 morbus
2083 4527 2134 4573 et

2242 4527 2420 4580 ϐἀνων
2470 4524 2760 4584 κοινωνοὺς
2814 4520 2905 4573 καὶ
2961 4520 3242 4589 μετόχους,
3294 4515 3547 4584 εὐλογίας
3592 4516 3804 4583 γίνεται

574 4607 807 4662 habendi
872 4607 1089 4677 cupido,
1146 4622 1271 4663 cum
1341 4610 1734 4678 parcinioniam
1800 4611 2133 4679 propositam

572 4697 775 4752 habeat
803 4706 965 4767 atque
991 4700 1339 4754 tenacitatem
1379 4700 1692 4769 perpetuam
1712 4742 1725 4766 ,
1768 4701 1889 4755 illos
1920 4717 2127 4765 omnes,

574 4791 668 4860 qui
702 4790 780 4845 sic
809 4791 1175 4871 aﬂ‘ecti‘sunt,
1208 4793 1260 4846 in
1293 4793 1397 4847 hoc
1437 4794 1699 4847 duntaxat
1745 4794 1962 4849 virtutis
1993 4795 2140 4864 posi-

575 4893 685 4939 tam
711 4894 903 4952 putare
927 4885 1158 4956 gloriam
1186 4886 1494 4951 conﬁrmat,
1525 4896 1584 4940 ut
1629 4888 1878 4956 pecuniae
1904 4896 2140 4942 tantum-

653 5042 699 5071 ¹⁶
728 5038 861 5095 Luc.
889 5047 988 5104 χιι,
1020 5039 1111 5104 18,
1144 5040 1232 5094 19.

648 5223 760 5294 (23)
795 5220 949 5294 Apud
1144 5219 1405 5287 scriptum
1429 5225 1578 5271 est...
1621 5216 1708 5294 Ἰξν
1729 5215 1923 5294 πλήρει
1948 5214 2128 5294 αὑτων

578 5285 868 5364 γέννημαῆ
898 5285 1279 5364 desiderantur
1310 5303 1480 5364 vero,_
1501 5301 1622 5354 quae
1656 5285 2013 5364 hic-subnexa
2047 5285 2129 5364 v_i-

577 5354 697 5427 des,
728 5354 845 5415 ’καὶ
874 5358 1274 5428 κορεσθήσεται
1328 5358 1686 5428 γεννήματος.
1706 5425 1715 5428 _
1734 5354 2014 5428 Postrema
2040 5356 2133 5428 de-

581 5424 730 5489 mum
768 5432 877 5485 illic
905 5424 1062 5491 sunt,
1082 5424 1205 5481 ’Ὅτι
1234 5428 1377 5497 ἀρχὴ
1418 5424 1513 5477 τοῦ
1537 5428 1668 5497 ὀρᾷν
1696 5424 2005 5497 ὀφθαλμοῖς
2030 5424 2131 5497 αὑτ

475 5541 478 5545 -
577 5503 695 5556 τοῦ.
729 5502 929 5555 Eadem
963 5514 1128 5568 porro
1173 5499 1227 5553 in
1274 5493 1488 5568 Uijmp.
1530 5493 1678 5568 quae-
1697 5493 2131 5568 apndLXXsed

579 5572 798 5643 quaein
829 5564 1076 5643 Vulgatis
1113 5568 1314 5623 nostris
1345 5564 1611 5643 'legimus,
1640 5564 1887 5643 Gregorii
1919 5564 2133 5643 lecti-oni

580 5634 823 5712 apprime
849 5634 1195 5712 respondent,
1229 5634 1433 5712 nempe
1451 5654 1470 5712 :_
1498 5634 1563 5686 Et
1592 5637 1857 5712 qui_amat
1895 5634 2127 5692 divitias,

2242 4617 2501 4687 πρόξενος
2552 4617 2652 4682 τῆς
2685 4614 2837 4683 παρὰ
2880 4612 3015 4664 Θεοῦ
3042 4612 3136 4664 καὶ
3183 4610 3262 4679 τῷ
3290 4609 3539 4679 ἀργυρίῳ
3568 4607 3664 4659 καὶ
3691 4607 3805 4666 τοῖς

2238 4711 2561 4780 γεννήμασι.
2588 4705 2701 4758 Νῦν
2723 4706 2894 4774 δὲτῆς
2924 4701 3292 4774 φιλαργυρίας
3318 4700 3412 4752 καὶ
3427 4699 3527 4767 τῆς
3540 4696 3802 4766 φιλοκτη-

2248 4803 2484 4872 μοσύνης
2508 4802 2540 4871 ἡ
2568 4801 2722 4863 νόσος
2752 4798 2813 4852 τὸ
2839 4795 3097 4866 φειδωλὸν
3117 4792 3529 4865 προϐαλλομένη
3560 4790 3653 4843 καὶ
3670 4807 3805 4841 παν-

2245 4890 2415 4951 τελῶς
2444 4887 2798 4958 ἀμετάδοτον,
2842 4888 2900 4939 ὲν
2942 4884 3117 4954 τούτῳ
3167 4883 3346 4952 μόνως
3389 4882 3807 4950 προσμαρτυρεῖ

2298 5215 2411 5285 (24)
2449 5214 2608 5274 Illud,
2637 5214 2850 5282 opinor.
2896 5213 3093 5285 docere
3152 5226 3251 5285 nos
3306 5210 3480 5285 voluit
3522 5213 3807 5279 interpres

2228 5281 2433 5345 noster,
2494 5285 2635 5337 hanc
2662 5299 2782 5338 esse
2807 5281 3143 5336 Ecclesiastte
3164 5281 3469 5334 doctrinam
3491 5320 3506 5342 ,
3534 5295 3641 5333 non
3676 5296 3805 5333 cou-

2228 5354 2500 5425 gerendis,
2531 5354 2626 5408 sed
2657 5353 2956 5425 dividemlis
3007 5352 3199 5420 opibus
3248 5351 3385 5425 tieri,
3431 5361 3488 5403 ut
3549 5351 3806 5419 voluptas

2230 5420 2414 5478 animo
2439 5435 2494 5477 et
2518 5424 2777 5480 saturitas
2807 5421 3099 5477 alieratur:
3138 5420 3281 5488 quod
3316 5436 3510 5488 nempe
3532 5432 3806 5488 quantum

2230 5498 2467 5548 aliorum
2520 5493 2806 5548 subsidio.
2834 5490 3201 5561 impenditur,
3232 5491 3569 5561 tantumdem
3636 5492 3808 5561 partis

2240 5571 2552 5627 accrescat;
2584 5572 2644 5617 ut
2670 5563 2744 5616 sit
2800 5559 3031 5629 semper,
3063 5560 3207 5630 quod
3247 5560 3448 5630 largius
3493 5559 3653 5630 etiam
3679 5559 3805 5611 dis-

2240 5635 2406 5687 tribui
2464 5633 2790 5704 erogarique
2826 5628 3017 5704 possit,
3058 5628 3225 5704 Amat
3271 5628 3653 5704 quippeDeus
3705 5631 3807 5682 mi-

584 5699 817 5782 Ϊῖἀοιαηι
841 5699 1139 5782 non-capiet
1167 5699 1332 5782 εἱςὶξ
1351 5699 1473 5782 ξςξιί
1496 5699 1813 5782 nomininus
1838 5711 2144 5782 congruunt
2241 5699 2615 5782 sericordiantt,
2645 5699 2728 5782 et:
2750 5699 2873 5782 eum
2898 5702 3173 5769 copiosius
3211 5701 3265 5755 in
3306 5701 3422 5755 dies
3480 5699 3805 5768 locupletat,

580 5772 704 5853 quae
733 5790 861 5853 sunt
889 5780 943 5832 in
976 5772 1165 5853 codice
1191 5777 1349 5853 «Bibl,
1388 5774 1556 5853 Marc.
1603 5773 1796 5853 Venet,
1837 5774 1946 5825 Καὶ
1975 5772 2032 5835 ὃς
2053 5790 2140 5840 φιτ

581 5844 666 5908 κεῖ
690 5854 747 5903 ἐν
775 5850 937 5921 ὖχλῳ,
968 5850 1066 5901 οὑκ
1095 5848 1300 5916 εἰσορᾷ,
1328 5847 1405 5896 ἒτι
1439 5844 1555 5896 τόδε
1601 5845 1915 5913 ματαιότης.

2250 5774 2341 5842 qui
2372 5789 2499 5845 erga
2532 5773 2670 5829 alios
2716 5772 2979 5843 benignus
3016 5783 3117 5827 cst.
