4172 6534
334 399 441 465 953

1401 398 1484 458 IN
1531 398 2110 463 ECCLESIASTEN.
2155 429 2223 439 —
2273 405 2417 464 LIB.
2461 407 2526 466 V.

3468 399 3573 468 954

339 517 477 570 πᾶσι
509 513 624 579 τοῖς
656 510 1020 583 κεκτημένοις
1048 509 1197 581 ἔχειν
1226 511 1326 579 τῆς
1345 512 1602 580 ἀνδρείας
1637 512 1740 582 τὴν
1781 511 1930 564 me.

2042 515 2178 569 nodo
2201 526 2366 587 atque
2398 519 2672 574 fructuum
2717 519 2928 590 copiam
2977 519 3154 574 oculis
3182 518 3296 573 suis
3325 527 3572 574 contem-

341 624 524 680 χησιν,
555 608 615 660 ὲν
647 605 728 676 τῷ
759 607 920 674 μόνον
945 603 1164 672 δέρκειν
1216 605 1326 666 τοῖς
1380 604 1680 674 ὀφθαλμοῖς
1732 604 1912 657 αὐτῶν

341 698 404 752 τὸ
435 698 640 766 πλῆθος
674 697 771 749 τοῦ
801 694 1068 766 ἀργυρίου
1104 693 1202 747 καὶ
1226 693 1321 746 τοῦ
1353 697 1700 764 γεννήματος
1720 711 1734 725 ·
1755 695 1916 747 τοῦτο

343 788 453 861 γὰρ
479 789 747 858 ἐδήλωσεν
772 783 945 838 είπών
966 799 980 813 ⁸
1009 800 1030 835 ι
1058 784 1168 836 Καὶ
1197 783 1283 846 τίς
1307 783 1530 854 ἀνδρεία
1557 785 1695 854 παρ’
1721 781 1915 850 αὐτῆς,

344 882 428 936 ὃτι
457 879 574 934 ἀλλ’
606 879 640 948 ἢ
662 877 724 930 τὺ
752 877 888 946 ὀρᾷν
917 874 1220 944 ὀφθαλμοῖς
1253 874 1459 940 αὐτοῦ;
1499 894 1518 927 ι

417 966 529 1036 Τὴν
561 965 618 1018 δὲ
657 964 914 1032 τοιαύτην
977 963 1207 1033 ἐκδοχὴν
1263 963 1610 1032 παρεμπεδοί
1662 961 1806 1017 κατὰ
1858 961 1919 1014 τὸ

351 1055 551 1125 μᾶλλον
577 1055 605 1106 ὁ
634 1054 935 1123 Σύμμαχος
979 1050 1175 1117 εἰπὼν,
1205 1069 1224 1104 ι
1257 1052 1322 1104 Τί
1367 1051 1476 1122 γὰρ
1521 1050 1920 1121 ἀνδραγάθημα.

347 1145 425 1214 τῷ
455 1145 633 1215 ἔχοντι
659 1144 849 1208 αὑτὸν,
873 1145 923 1197 εἰ
951 1142 1026 1214 μὴ
1054 1145 1218 1213 μόνον
1249 1142 1456 1213 Θεωρία
1502 1141 1802 1210 ὀφθαλμῶν
1823 1143 1921 1194 αύ-

347 1238 493 1302 τῶν;
523 1235 624 1309 τὴν
653 1239 718 1288 ἐκ
745 1235 842 1288 τοῦ
868 1235 936 1288 τὰ
979 1233 1206 1289 τοιαῦτα
1262 1233 1483 1303 βλέπειν
1527 1233 1724 1304 τέρψιν
1774 1232 1919 1302 ἔχειν

349 1328 598 1397 οἰόμενος
626 1328 705 1390 είς
732 1327 1004 1396 καύχησιν
1031 1325 1130 1378 καὶ¹
1155 1324 1511 1395 παράκλησιν
1535 1325 1638 1395 τῆς
1655 1324 1920 1396 ἀνηλεοῦς

350 1421 528 1490 ψυχῆς
568 1419 735 1472 αὑτοῦ
761 1419 854 1473 καὶ
877 1415 1146 1486 φειδωλοῦ
1185 1415 1412 1487 καρδίας
1432 1432 1446 1447 ·
1483 1418 1604 1469 ἐκεῖ
1631 1416 1725 1469 κα)⁸
1757 1415 1920 1485 μόνος

352 1513 747 1585 εὑρισκόμενος
774 1511 915 1581 ἔχων
945 1512 1043 1581 τὴν
1069 1509 1351 1580 ἀσχολίαν,
1394 1510 1530 1562 ὅπου
1559 1507 1669 1561 τῶν
1703 1506 1923 1577 χρημά-

351 1625 462 1660 των
496 1608 594 1660 καὶ
622 1607 730 1660 τῶν
757 1605 1118 1675 γεννημάτων
1148 1604 1298 1656 ἐστὶν
1323 1603 1361 1655 ’ὁ
1388 1601 1662 1672 θησαυρὸς
1694 1599 1924 1654 ἀποκεί-

356 1716 542 1770 μενος,
573 1698 648 1762 ὡς
677 1698 812 1770 μηδὲ
851 1696 1135 1750 καθεύδειν
1167 1695 1341 1766 χωρὶς
1375 1693 1692 1764 ἀδολεσχίας
1715 1692 1806 1746 τὸν
1834 1693 1924 1744 λοο

355 1793 558 1863 γισμὺν
575 1793 668 1846 καὶ
693 1791 977 1862 μοχθηρᾶς
999 1789 1274 1860 μερίμνης
1292 1802 1306 1817 °
1331 1785 1515 1850 καθὼς
1538 1789 1595 1840 ὲν
1613 1788 1726 1850 τοῖς
1749 1786 1921 1854 Εὐαγ-

2015 608 2248 676 plentur.
2287 610 2340 664 ld
2365 613 2510 665 enim
2537 613 2775 668 ostendit
2796 613 3124 680 subjiciens:
3164 631 3182 663 ι
3217 611 3280 667 Et
3309 629 3430 683 qua:
3460 614 3573 666 for-

2016 697 2190 750 titudo
2220 699 2292 764 ei,
2317 702 2411 770 qui
2445 703 2514 756 ab
2541 703 2644 756 ea?
2677 718 2806 758 num
2860 705 2966 758 alia
2999 720 3161 773 quam
3200 705 3381 760 videre
3402 705 3573 760 oculis

2014 788 2178 842 suis?
2211 809 2230 842 ι

2086 968 2269 1025 Talem
2318 987 2447 1026 vero
2495 973 2997 1042 interpretationem
3051 972 3224 1042 magis
3259 971 3580 1039 comprobat

2019 1061 2405 1132 Symmachus,
2431 1063 2523 1132 qni
2555 1064 2657 1117 ait:
2703 1082 2721 1113 ι
2769 1063 2984 1132 Ecquod
3025 1063 3169 1118 enim
3200 1063 3418 1115 virtutis
3452 1077 3576 1129 spc-

2016 1156 2193 1208 eimen
2225 1156 2278 1209 in
2308 1172 2393 1218 eo,
2417 1156 2509 1225 qui
2541 1156 2641 1209 ista
2671 1155 2932 1224 possidet,
2971 1165 3328 1223 praeterquam
3358 1163 3414 1207 ut
3451 1170 3580 1208 ocu-

2018 1247 2087 1300 lis
2123 1247 2237 1301 suis
2274 1247 2516 1316 spectet?
2550 1267 2568 1298 ι
2608 1249 2744 1301 Cum
2797 1247 2843 1302 is
2909 1247 3034 1300 talia
3089 1247 3386 1315 spectando
3442 1247 3579 1299 hanc

2017 1334 2121 1387 sibi
2156 1343 2396 1402 paratam
2463 1334 2792 1402 voluptatem
2831 1345 3000 1402 putet,
3033 1344 3091 1388 ut
3142 1336 3360 1404 gloriari
3393 1351 3578 1390 secum

2017 1429 2075 1475 et
2123 1423 2384 1476 immitem
2420 1423 2664 1477 animum
2695 1439 2856 1478 suum
2909 1439 3245 1491 avarumque
3301 1422 3579 1493 ingenium

2019 1527 2269 1568 recreare
2297 1514 2512 1582 possit:
2544 1514 2798 1582 idemque
2849 1514 3264 1583 occupationem
3312 1529 3581 1582 nusquam

2022 1605 2222 1658 habere
2251 1603 2521 1669 videatur,
2545 1604 2644 1658 nisi
2672 1603 2764 1658 ubi
2792 1605 3060 1672 sepositus
3083 1614 3165 1658 est
3187 1619 3348 1672 opum
3387 1611 3442 1656 et
3462 1619 3585 1672 pro-

2023 1706 2278 1752 ventuum
2329 1697 2620 1751 thesaurus
2677 1704 2736 1750 ut
2783 1711 2852 1751 ne
2913 1711 3009 1766 per
3066 1711 3318 1749 somnum
3366 1696 3584 1764 quidem

2024 1790 2304 1859 quiescere
2368 1803 2524 1844 mens
2546 1789 2720 1857 possit
2753 1789 2870 1843 sine
2922 1788 3290 1842 sollicitudine
3337 1787 3588 1857 malaque

355 1857 558 1954 γελίοις
583 1857 943 1953 κατήγγειλεν
972 1857 1010 1934 ei
1033 1857 1240 1952 Κύριος
1272 1880 1454 1950 φήσας
1482 1895 1494 1909 ·
1527 1897 1547 1930 ι
1590 1878 1762 1930 Ὅπου
1813 1877 1924 1949 γάρ

2042 1895 2153 1935 :nra
2177 1897 2192 1946 ;
2223 1880 2678 1950 quemadmodum
2705 1879 2758 1933 in
2786 1880 3092 1950 Evangeliis
3123 1878 3388 1933 Dominus
3411 1896 3587 1933 enun-

357 1965 632 2045 θησαυρὸς
658 1974 836 2041 ὑμῶν,
873 1973 992 2024 ἐκεῖ
1037 1970 1194 2024 ἔσται
1241 1969 1338 2023 καὶ
1365 1970 1399 2039 ἠ
1452 1968 1648 2038 καρδία
1692 1967 1864 2038 ὑμῶν.
1908 1985 1927 2018 ι

2046 1971 2198 2037 iavit,
2231 1988 2356 2027 cum
2380 1970 2553 2027 dixit:
2589 1991 2607 2022 ι
2649 1971 2752 2026 Ubi
2786 1972 2933 2026 enim
2959 1972 3248 2027 thesaurus
3278 1981 3477 2035 vester,
3514 1970 3587 2023 ibi

357 2066 460 2118 Διά
488 2064 648 2119 τοῦτό
678 2081 850 2135 φησιν
897 2065 926 2116 ὁ
963 2061 1402 2130 Ἐκκλησιαστής
1429 2077 1443 2090 ·
1476 2077 1496 2110 ι
1536 2058 1648 2111 Καί
1677 2074 1741 2125 γε
1768 2057 1930 2112 τοῦτο

2042 2074 2076 2119 :t
2099 2078 2192 2118 eor
2219 2073 2456 2118 vestrum
2477 2065 2579 2119 erit
2601 2064 2669 2116 ¹⁷.
2698 2081 2716 2115 ›
2737 2063 3030 2132 Propterea
3058 2063 3134 2116 ait
3157 2060 3544 2117 Eccclcsiastes
3569 2081 3581 2115 :

363 2157 705 2226 ματαιότης·
745 2173 766 2208 ι
800 2154 902 2223 τὴν
943 2153 1201 2224 ἀνόνητον
1244 2151 1488 2205 διάθεσιν
1528 2151 1624 2204 καὶ
1658 2149 1931 2218 μηδεμίαν

2042 2177 2050 2208 r
2087 2156 2192 2211 Sed
2220 2166 2275 2211 et
2309 2157 2414 2211 hoc
2436 2162 2686 2222 vanitas;
2727 2175 2746 2207 ι
2797 2155 3013 2210 inanem
3052 2156 3318 2225 ejusmodi
3356 2172 3589 2225 propen-

359 2250 698 2304 λυσιτέλειαν
749 2247 981 2319 ἔχουσαν
1027 2245 1403 2318 παρεμφήνας
1439 2241 1530 2297 διὰ
1569 2244 1668 2312 τῆς
1702 2243 1930 2311 ματαιό-

2042 2247 2231 2301 tionem
2261 2256 2317 2302 et
2349 2247 2530 2301 omnis
2560 2246 2806 2301 utilitatis
2845 2237 2999 2317 143
3036 2257 3309 2315 expertem
3358 2248 3594 2317 appella—

361 2352 543 2414 τητος.
577 2338 715 2397 Εἷτὰ
743 2358 911 2412 φησιν
931 2357 945 2373 ·

2044 2339 2170 2392 ioue
2201 2338 2461 2392 vanitatis
2489 2339 2801 2409 designans.
2839 2338 3003 2393 Addit
3031 2337 3228 2392 deinde
3263 2357 3276 2392 :

1923 2449 1952 2522 §
1989 2451 2054 2507 ιι.

439 2572 680 2639 Γλυκὺς
699 2572 892 2638 ὕπνος
937 2571 1044 2626 τοῦ
1097 2569 1348 2634 δούλου,
1380 2570 1435 2623 εί
1483 2570 1715 2640 ὀλίγον,
1747 2541 1862 2624 καὶ.
1881 2573 1936 2624 εὶ

368 2665 527 2720 πολὺ
570 2665 817 2735 φάγεται
841 2681 856 2695 ·
885 2660 1091 2726 καὶτῷ
1129 2659 1541 2729 ἐμπλησθέντι
1584 2661 1693 2716 τοῦ
1747 2665 1938 2716 mion-

368 2755 548 2824 τῆσαι
573 2798 588 2822 ,
635 2757 746 2810 οὐκ
788 2754 961 2809 ἐστιν
1025 2755 1058 2806 ό
1104 2751 1298 2819 ἀερίων
1341 2750 1531 2806 αὐτὸν
1576 2750 1686 2804 τοῦ
1737 2751 1938 2805 ὑπνῶ-

375 2864 506 2902 σαι.

453 2940 758 3010 Ἐξελέγχει
795 2941 889 2994 καὶ
917 2938 1013 2993 νῦν
1048 2935 1224 3004 αὖθις,
1260 2939 1351 2993 διά
1379 2938 1481 3008 τῆς
1523 2936 1820 3008 ὀνομασίας
1840 2934 1937 2989 τοῦ

368 3033 560 3086 δούλου
585 3033 680 3084 καὶ
710 3034 810 3102 τῆς
839 3031 1200 3102 συγκρίσεως,
1224 3032 1332 3085 τῶν
1363 3029 1706 3098 ἀγαπώντων
1741 3027 1803 3080 τὸ
1833 3029 1935 3097 ἀρ-

382 3125 562 3196 ιύριον
583 3123 678 3176 καὶ
721 3123 782 3175 τὸ
822 3124 1070 3192 γέννημα
1126 3123 1245 3174 κατ’
1276 3120 1575 3190 ἐπιθυμίαν
1617 3118 1938 3187 ἀκόρεστον,

371 3221 469 3274 καὶ
495 3219 582 3272 διά
614 3215 773 3270 τοῦτο
806 3209 1073 3286 μηδαμῶς
1101 3212 1534 3284 ἐμφορουμένων
1557 3226 1572 3240 ⁸
1601 3210 1675 3272 ὡς
1701 3209 1795 3261 τοῦ
1823 3207 1942 3260 δού⁶

373 3312 489 3376 λου,
518 3309 619 3364 κᾶν
647 3307 820 3378 βραχύ
851 3324 904 3358 τι
931 3305 1074 3378 λάϐῃ
1107 3303 1340 3377 τροφῆς,
1385 3303 1488 3356 κᾶν
1517 3301 1597 3364 εἰς
1626 3298 1943 3371 πλησμονὴν

373 3402 519 3456 ¹κατά
550 3418 672 3454 τινα
729 3398 1026 3468 σύμϐασιν,
1054 3397 1212 3467 ἡδέος
1260 3396 1414 3456 ὄντος
1469 3393 1563 3446 τοῦ
1600 3391 1771 3445 ὕπνου
1796 3409 1810 3421 ·
1847 3391 1942 3444 an;

376 3493 439 3565 δὴ
471 3493 656 3563 πάσης
709 3489 1026 3558 ἀδολεσχίας
1075 3486 1497 3557 ἀπηλλαγμένου
1541 3483 1635 3537 καὶ
1682 3485 1944 3553 περιττῆς

377 3585 676 3657 φροντίδος.
706 3583 780 3636 Οὐ
812 3584 919 3653 γὰρ
959 3582 1038 3644 εἰς
1080 3580 1206 3642 τοὺς
1239 3575 1705 3647 ἐναποκειμένους
1743 3576 1800 3628 ὲν
1831 3572 1944 3637 τοῖς

379 3675 648 3746 ταμιείοις
677 3671 772 3726 τοῦ
801 3671 1063 3741 ἀργυρίου
1116 3671 1210 3724 καὶ
1239 3667 1332 3722 τοῦ
1367 3667 1592 3739 χρυσίου
1639 3665 1944 3736 θησαυροὺς

380 3770 476 3821 καὶ
510 3767 620 3818 τῶν
675 3765 850 3820 ἄλλων
899 3764 1006 3814 τῶν
1056 3760 1350 3814 πολυειδῶν
1373 3760 1620 3828 κτήσεων
1641 3760 1742 3826 τὴν
1781 3756 1945 3808 ποσό-

382 3877 520 3930 τητα
549 3857 644 3910 καὶ
670 3855 878 3925 πληθὺν
907 3853 1222 3912 ἀποϐλέπει,
1249 3852 1334 3904 ἵνα
1358 3849 1799 3919 συμπιεζομένην
1823 3850 1945 3899 ἐπι-

387 3949 686 4019 φερόμενος
713 3947 816 4015 τὴν
865 3944 1091 4014 καρδίαν
1127 3945 1250 4003 ταῖς
1297 3943 1573 4003 τοιαύταις
1619 3940 1946 4008 ὲνθυμήσεσι

387 4043 480 4094 καὶ
511 4039 824 4110 μερίμναις,
852 4034 1141 4103 ὲναγὼνιὸς
1174 4037 1312 4094 ἐστι,
1345 4033 1440 4086 καὶ
1481 4031 1577 4085 τοῦ
1606 4029 1774 4085 ὕπνου
1802 4046 1940 4081 παν-

385 4133 553 4194 τελῶς
585 4129 986 4200 ἀπαράδεκτος,
1030 4127 1106 4195 τῷ
1144 4123 1382 4194 πλουσίῳ
1420 4119 1852 4193 παραπλησίως,
1890 4118 1948 4170 ὃν

387 4220 781 4293 χαρακτηρίζει
809 4218 903 4272 καὶ
921 4215 1086 4270 Δαόὶδ
1114 4217 1142 4269 ὁ
1172 4215 1462 4285 προφήτης
1496 4209 1663 4264 εἰπών
1693 4225 1709 4241 ο
1738 4228 1758 4259 ι
1798 4208 1952 4262 Ἧδο-

386 4313 644 4382 λέσχησα,
679 4310 770 4364 καὶ
800 4307 1175 4376 ὼλιγοψύχησε
1211 4304 1272 4356 τὸ
1303 4302 1521 4372 πνεῦμά
1565 4318 1689 4372 μου,
1713 4314 1951 4368 προκατ-

385 4404 638 4458 ελάϐοντο
694 4400 940 4469 φύλακας
973 4399 1024 4450 οἱ
1059 4395 1329 4467 ὀφθαλμοί
1385 4411 1507 4464 μου.
1542 4411 1560 4445 ι
1595 4393 1704 4445 Καὶ
1741 4390 1903 4445 πάλιν
1934 4407 1948 4421 ·

2104 2571 2270 2630 Vsus.
2303 2574 2392 2629 l2.
2420 2573 2602 2628 Dulcis
2624 2590 2838 2629 somnus
2865 2575 3018 2641 servi,
3043 2575 3149 2629 sive
3169 2574 3460 2645 paululum,
3489 2576 3597 2629 sive

2033 2666 2259 2720 multum
2303 2668 2707 2721 comederit:et
2741 2670 2810 2733 ei,
2859 2668 2948 2738 qui
2999 2677 3271 2722 saturatas
3338 2678 3413 2722 est
3464 2668 3596 2720 dite-

2030 2757 2242 2822 scendo,
2271 2775 2374 2812 non
2404 2770 2482 2813 est
2513 2759 2604 2828 qui
2628 2759 2767 2814 sinat
2802 2760 2974 2828 ipsum
2999 2760 3230 2814 dormire
3261 2759 3396 2830 (9.5).

2106 2943 2262 2999 Nunc
2286 2958 2504 3014 quoque
2528 2943 2668 2998 servi
2699 2944 2920 2998 nomine
2937 2951 2989 2998 et
3012 2943 3420 3011 comparatione
3444 2957 3597 3002 usus.

2038 3037 2384 3107 reprehendit
2445 3051 2665 3092 rursum
2713 3036 2808 3106 qui
2837 3036 3133 3106 cupiditate
3164 3034 3473 3104 inexplebili
3505 3049 3602 3102 pe-

1967 3163 2012 3222 c
2042 3130 2258 3184 cuniam
2325 3137 2378 3181 et
2443 3126 2656 3182 fructus
2717 3137 2924 3190 amant,
2963 3135 3126 3196 atque
3155 3127 3291 3180 adeo
3319 3141 3597 3195 nunquam

2042 3221 2348 3276 satiantur:
2389 3235 2511 3273 cunt
2563 3235 2788 3284 servus,
2821 3219 2936 3274 sive
2986 3218 3182 3288 raptim
3236 3218 3340 3272 cibi
3401 3217 3602 3286 aliquid

2042 3311 2355 3380 sumpserit,
2391 3310 2503 3365 sive
2545 3310 2869 3379 quandoque
2909 3309 2975 3363 ad
3031 3309 3355 3374 satietatem,
3395 3309 3608 3377 placide

2042 3405 2266 3458 omnino
2293 3403 2550 3466 dormiat,
2580 3404 2779 3471 quippe
2809 3403 2902 3470 qui
2938 3401 3307 3456 sollicitudine
3351 3402 3500 3455 omni
3543 3417 3606 3455 ac

2043 3493 2314 3562 superﬂua
2351 3508 2482 3546 cura
2517 3494 2586 3546 sit
2613 3493 2765 3546 liber.
2817 3492 3006 3558 Neque
3050 3492 3191 3546 enim
3231 3493 3501 3561 repositos
3551 3492 3604 3544 in

2043 3583 2397 3638 conclavibus
2437 3581 2644 3649 argenti
2700 3592 2863 3650 atque
2891 3580 3014 3633 auri
3051 3581 3337 3635 thesauros
3366 3589 3420 3634 et
3448 3590 3609 3634 cane-

2044 3689 2228 3728 rorum
2263 3673 2396 3726 varii
2456 3673 2670 3742 generis
2699 3671 2966 3727 bonorum
3009 3672 3114 3724 vim
3152 3687 3405 3740 magnam
3435 3680 3490 3724 et
3512 3686 3607 3724 co—

2045 3767 2188 3836 piam
2222 3774 2422 3828 tuetur,
2447 3764 2604 3832 cujus
2633 3762 2710 3817 rei
2743 3777 2906 3816 causa
2938 3762 3180 3814 animum
3227 3771 3378 3831 gerat
3406 3761 3612 3830 cogita-

2046 3858 2287 3912 tionibus
2336 3856 2645 3926 hujusmodi
2677 3863 2843 3926 atque
2891 3854 3043 3909 euris
3073 3869 3393 3923 Oppressum
3413 3896 3427 3919 ,
3457 3863 3512 3908 et
3539 3855 3612 3908 ob

2047 3949 2450 4002 contentionem
2505 3961 2756 4001 somnum
2809 3959 3008 4014 capere
3054 3944 3261 3997 nullum
3297 3943 3492 4013 possit,
3528 3944 3612 3997 di-

2047 4041 2141 4093 viti
2180 4039 2256 4093 illi
2277 4037 2493 4102 similis,
2531 4052 2692 4106 quem
2740 4044 2794 4091 et
2831 4036 2994 4090 David
3031 4036 3294 4105 propheta
3333 4035 3610 4099 describit,

2049 4133 2142 4187 ubi
2173 4131 2280 4186 ait:
2311 4150 2329 4182 ι
2357 4129 2698 4184 Exercitatus
2724 4145 2868 4191 sum,
2888 4137 2942 4182 et
2958 4129 3154 4182 defecit
3176 4127 3400 4198 spiritus
3425 4142 3610 4181 meus:

2051 4224 2481 4294 anticipaverunt
2538 4221 2750 4292 vigilias
2811 4219 2954 4273 oculi
2990 4221 3096 4275 mei
3124 4220 3190 4274 ’⁸.
3229 4238 3248 4270 ι
3281 4220 3341 4273 Ει
3369 4218 3565 4271 iterum
3595 4235 3608 4270 :

2058 4337 2076 4368 ι
2113 4315 2280 4369 Nocte
2310 4329 2433 4369 cum
2459 4313 2620 4368 corde
2645 4327 2768 4366 meo
2802 4312 3116 4374 exercebar,
3140 4322 3194 4365 et
3214 4309 3484 4366 fodiebant
3502 4309 3613 4378 ερὶ-

2055 4409 2218 4462 ritum
2248 4421 2426 4461 meum
2454 4408 2532 4472 ‘9;
2565 4404 2715 4460 curis
2743 4404 3143 4473 circumseptus
3173 4417 3354 4458 rerum
3373 4403 3617 4472 omnige-

393 4517 412 4548 ι
453 4495 666 4558 Νυκτὸς
702 4493 841 4564 μετὰ
893 4491 994 4561 τῆς
1021 4489 1248 4560 καρδίας
1311 4504 1411 4558 μου
1463 4485 1828 4556 ὴδολέσχουν,
1863 4483 1937 4536 κα¹

2058 4517 2275 4566 narum,
2316 4515 2453 4569 quas
2508 4513 2704 4568 magna
2731 4496 2997 4550 varietate
3022 4496 3293 4565 sepositas
3329 4494 3614 4549 habebam.

388 4588 642 4643 ἔσκαλλον
678 4585 740 4639 τὸ
765 4584 984 4655 πνεῦμά
1016 4600 1140 4653 μου,
1187 4600 1205 4632 ι
1241 4583 1361 4642 ταῖς
1411 4580 1540 4648 περὶ
1591 4577 1696 4630 τῶν
1724 4579 1950 4629 ἀποκει-

391 4681 568 4752 μένων
593 4674 950 4735 παντοδαπῶν
972 4675 1067 4727 καὶ
1100 4672 1362 4726 ποικίλων
1388 4671 1542 4723 εἱδῶν
1582 4667 1829 4739 φροντίσι
1860 4684 1956 4719 πε-

391 4772 856 4845 ριστοιχούμενος.
889 4766 1064 4821 Τοῦτο
1096 4766 1205 4836 γὰρ
1247 4765 1490 4833 ὲσήμανε
1545 4762 1638 4815 καὶ
1672 4759 1767 4812 νῦν
1802 4759 1831 4811 ὁ
1865 4775 1953 4811 σο-

392 4866 492 4934 φὺς
529 4859 963 4933 Ἐκκλησιαστὴς
1002 4857 1207 4911 εἰπών’
1243 4875 1262 4908 ι
1301 4855 1410 4908 Καὶ
1457 4853 1536 4924 τῷ
1584 4850 1957 4922 ἐμπλησθέντι

392 4957 488 5008 τοῦ
509 4955 811 5025 πλουτῆσαι
831 4953 933 5006 οὐκ
951 4951 1066 5005 ἐστι
1091 4952 1118 5002 ὁ
1139 4947 1313 5017 ἀφίων
1330 4945 1492 5001 αὑτὸν
1515 4944 1610 4998 τοῦ
1635 4941 1903 4998 ὑπνῶσαι.
1932 4961 1951 4994 ›

405 5047 473 5098 Ἦ
502 5045 608 5113 γὰρ
635 5044 735 5111 τῆς
760 5042 982 5114 καρδίας
1009 5038 1296 5107 ἀδολεσχία
1321 5037 1418 5089 καὶ⁴
1451 5034 1560 5087 τῶν
1589 5031 1960 5102 διαλογισμῶν

397 5139 456 5192 αἱ
483 5133 761 5206 φροντίδες
787 5135 845 5186 οὐ
904 5130 1278 5203 συγχωροῦσιν
1307 5128 1474 5182 αὐτὸν
1505 5125 1792 5180 καθεύδειν
1824 5122 1966 5194 μετά

397 5232 496 5298 τῆς
523 5223 844 5295 πρεπούσης
879 5223 1209 5292 ἐλευθερίας.
1241 5222 1405 5273 Ὥστε
1449 5217 1654 5287 μᾶλλον
1695 5215 1805 5268 τῶν
1853 5215 1968 5268 δού-

398 5319 505 5372 λων
530 5319 578 5370 oi
604 5313 835 5368 τοιοῦτοι
875 5313 1197 5384 θητεύοντες
1226 5311 1486 5384 εὕρηνται
1525 5311 1620 5361 καὶ
1646 5305 1860 5379 χείρους
1885 5304 1988 5357 θνα·

399 5429 492 5473 τες
515 5408 762 5461 ἐκείνων.

471 5568 514 5600 ¹⁷
532 5565 721 5620 Matth.
753 5579 826 5627 Vt,
849 5563 940 5616 2i.
975 5560 1016 5593 ³⁸
1055 5559 1194 5614 Psal.
1232 5575 1418 5620 Lxxvt,
1453 5559 1503 5610 5.
1585 5557 1624 5587 ¹⁹
1657 5554 1788 5608 ibid.
1831 5551 1883 5605 7.

476 5675 587 5745 (‘25)
616 5671 830 5745 Qlymp.
867 5673 894 5725 ὁ
925 5672 1120 5745 ἀφιεὶς-
1157 5669 1528 5745 τοῦ-ὑπνῶσαι
1562 5666 1745 5745 αὐτον.

475 5738 583 5817 (‘26)
628 5738 808 5817 Utitur
842 5738 1028 5817 eodem
1082 5739 1594 5817 Ecclesiastaedicto
1643 5738 1961 5817 Chrysosto:

407 5809 675 5881 mus,'sed
695 5816 760 5867 ad
791 5815 1138 5867 sobrietatem
1167 5809 1668 5881 commendandam,
1699 5817 1859 5881 atque
1898 5811 1958 5856 ut

410 5875 603 5944 divites
639 5886 808 5940 servis
861 5884 1172 5938 miseriores
1204 5881 1470 5943 ostendat,
1497 5878 1694 5946 quibus
1722 5875 1944 5931 scilicet.

2055 4595 2170 4648 Hoc
2190 4597 2333 4648 enim
2370 4589 2689 4658 signiﬁcavit
2719 4604 2861 4643 nunc
2891 4589 3054 4643 etiam
3092 4589 3308 4658 sapiens
3347 4587 3618 4642 Ecclesia-

2053 4697 2165 4743 stes
2211 4686 2317 4740 illis
2348 4684 2559 4739 verbis:
2589 4701 2608 4734 ι
2651 4681 2715 4736 Ει
2747 4682 2819 4744 ei,
2874 4681 2966 4750 qui
3015 4688 3293 4735 saturatus
3345 4688 3430 4734 est
3473 4679 3618 4731 dite-

2057 4778 2280 4844 scendo,
2332 4792 2439 4830 non
2470 4785 2554 4831 est
2582 4782 2673 4845 qut
2707 4777 2853 4830 sinat
2884 4777 3059 4843 ipsum
3092 4771 3349 4827 dormire.
3381 4789 3400 4822 ›
3438 4769 3621 4823 Animi

2058 4884 2293 4941 namque
2319 4867 2752 4928 exercitationes,
2790 4876 2843 4919 et
2887 4865 3299 4919 meditationum
3349 4877 3493 4916 cura:
3522 4862 3623 4914 nti-

2059 4964 2203 5016 nime
2268 4960 2588 5031 patiuntur,
2655 4965 2715 5010 nt
2767 4971 2999 5017 somno,
3062 4961 3323 5022 quantum
3377 4957 3623 5019 oporteat

2057 5063 2110 5108 et
2161 5052 2324 5115 velit,
2385 5049 2682 5119 indulgeat.
2753 5045 2931 5111 Quare
3013 5045 3310 5099 deteriores
3365 5039 3420 5095 hi
3474 5051 3624 5104 sunt,

2061 5161 2222 5216 quam
2253 5143 2394 5199 servi
2449 5142 2572 5212 ipsi,
2597 5149 2651 5194 et
2701 5137 3016 5195 servitutem
3065 5136 3311 5191 serviunt
3369 5130 3626 5186 miserio-

2064 5251 2179 5290 rem
2211 5234 2343 5304 (‘26).

2061 5661 2188 5730 quia
2219 5652 2525 5730 modumin
2577 5649 2739 5730 rebus
2758 5660 2883 5730 _no_u
2923 5651 3161 5730 servant.
3197 5641 3316 5730 ipsa
3362 5638 3627 5730 Ἰιυωιιέιαξ

2062 5709 2188 5783 'v'iiié
2205 5709 2490 5781 commoda
2515 5720 2645 5773 nulli
2686 5717 3083 5771 oblectamento
3109 5723 3256 5783 sunt.
3289 5709 3460 5783 augt
3491 5709 3620 5773 γὰρ,

2063 5778 2183 5852 eis?
2215 5778 2328 5865 ttat,
2360 5793 2454 5844 καὶ
2487 5787 2920 5865 ὁαΣολίὶμέυνρδν
2961 5781 3261 5865 ὕπνον,τοῦ,
3293 5778 3626 5865 δ⁰,ὑλ⁰ξ²,φη’

2057 5847 2456 5935 ἇὲςῖὲῐζιάῖὴδύιδ
2480 5879 2494 5926 ;
2527 5857 2634 5932 ἆρα
2659 5847 2745 5911 δίἀ
2771 5856 2868 5927 τὴν
2898 5852 3184 5924 στρωμνὴν
3213 5849 3308 5919 τὴν
3337 5847 3551 5912 ἁπαλήν
3577 5861 3593 5907 ;
