4172 6534
617 372 725 439 $55

1739 386 1797 444 S.
1837 384 2209 447 GREGORII
2258 382 2764 448 AGRIGENTI’NI

3753 377 3867 440 956

699 487 857 560 144
884 488 941 543 Si
973 490 1097 559 quis
1140 506 1271 546 vero
1320 492 1434 561 per',
1463 508 1741 566 anagogen
1794 497 2067 567 explicare
2089 499 2191 554 ista

2364 499 2425 551 Εί
2454 499 2510 552 δέ
2539 516 2624 560 τις
2652 498 2747 550 καὶ
2784 493 2862 565 τῷ
2890 493 3035 564 λόγῳ
3078 491 3176 563 τῆς
3221 489 3513 560 ἀναγωγῆς
3545 488 3765 558 θελήσαι
3796 488 3871 540 τὸ

621 580 883 643 voluerit,
917 595 1140 635 servum
1169 599 1292 639 esse
1321 586 1618 654 putaverit,
1648 588 1741 658 qui
1768 593 1920 645 suavi
1971 591 2193 647 Domini

619 674 751 742 jugo
770 672 1013 727 animum
1039 690 1201 729 suum
1231 680 1604 749 supposuerit,
1624 689 1679 735 et
1697 682 1812 736 leve
1842 698 1983 739 onus
2008 684 2191 741 ferens

621 764 1005 821 mandatorum
1032 768 1178 837 ejus,
1208 785 1399 826 omnes
1424 774 1645 828 virtutis
1666 774 1888 844 impleat
1917 787 2117 846 partes,
2136 788 2192 833 et

619 854 820 922 vigiliis
849 865 904 911 et
932 859 1185 926 precibus
1207 871 1259 915 et
1279 865 1772 933 supplicationibus
1805 882 2026 937 Operam
2056 870 2146 924 det
2172 888 2186 923 :

620 945 862 1015 quique,
918 960 1181 1018 quantum
1255 955 1401 1009 vires
1483 957 1797 1027 patiuntur,
1836 963 2191 1029 temperantia

622 1046 789 1105 atque
836 1039 1060 1109 ieiuniis
1090 1051 1305 1099 terrena
1346 1048 1529 1101 omnia
1564 1058 1753 1104 enecet
1782 1053 2056 1121 membra;
2092 1071 2192 1111 nec

616 1128 726 1196 jam
755 1129 855 1183 sibi
887 1131 1099 1196 vivens,
1129 1131 1410 1191 Christum
1447 1138 1630 1208 potius
1684 1140 1738 1193 in
1777 1142 1957 1211 seipso
1992 1144 2191 1202 habeat

620 1231 671 1271 et
702 1218 970 1275 viventem
994 1233 1047 1277 et
1073 1224 1255 1279 divina
1275 1227 1387 1295 jam
1421 1229 1692 1284 cbaritate
1714 1231 2011 1300 perfectum
2045 1252 2059 1287 :
2088 1235 2192 1290 ita-

619 1324 726 1378 que
775 1326 897 1366 cum
953 1314 1043 1381 iis,
1094 1318 1184 1385 qui
1248 1319 1435 1374 eadem
1466 1331 1520 1375 et
1568 1323 1811 1377 sentiunt
1863 1332 1919 1379 et
1973 1337 2187 1396 urgent,

618 1401 986 1470 evangelicam
1052 1417 1279 1476 usurpet
1337 1410 1660 1465 sententiam
1690 1431 1701 1467 :
1734 1433 1752 1464 ‹
1781 1413 1936 1469 Servi
1967 1416 2189 1473 inutiles

619 1503 843 1545 sumus:
882 1495 1026 1561 quod
1065 1496 1355 1553 debuimus
1386 1498 1587 1564 facere,
1624 1500 1853 1560 fecimus
1881 1507 1949 1559 '°.
1994 1525 2013 1558 ι
2051 1505 2186 1561 Nam

622 1579 713 1635 bic
769 1584 1009 1652 quidem,
1056 1588 1171 1642 sive
1221 1604 1444 1657 parcum
1499 1596 1792 1663 sumpserit
1845 1598 2049 1662 cibum,
2076 1602 2190 1654 sive

620 1672 873 1733 multum.
911 1675 1057 1731 dulci
1084 1677 1298 1733 fruatur
1323 1696 1539 1747 somno,
1567 1699 1693 1738 cum
1725 1685 1967 1741 animum
1994 1688 2191 1744 habeat

2291 591 2584 661 εἰρημένον
2609 588 2969 657 διασαφῆσαι,
2996 585 3183 639 δοῦλον
3202 586 3300 655 μὲν
3321 584 3587 655 ἡγήσαιτο
3610 582 3702 636 τὸν
3721 583 3867 635 ὕπο-

2290 680 2563 747 ζεύξαντα
2591 681 2692 751 τὴν
2726 678 2920 732 ἑαυτοῦ
2951 677 3180 749 καρδίαν
3207 676 3285 747 τῷ
3310 674 3532 747 χρηστῷ
3584 673 3733 743 ζυγῷ
3760 673 3865 725 τοῦ

2290 774 2521 845 Κυρίου,
2546 774 2641 826 καὶ⁵
2661 772 2722 825 τὸ
2752 769 2987 840 ἐλαφρὸν
3016 769 3236 840 φορτίον
3270 766 3608 821 ἀναλαϐόντα
3638 766 3746 818 τῶν
3773 767 3867 817 ὲν-

2289 864 2461 917 τολῶν
2497 862 2686 928 αὐτοῦ,
2735 862 2833 915 καὶ
2878 862 3062 914 πᾶσαν
3100 858 3480 930 ὲκπληροῦντα
3522 857 3623 927 τῆς
3656 856 3865 927 ἀρετῆς

2294 954 2460 1019 ἰδέαν,
2494 956 2591 1008 καὶ
2614 955 2945 1025 σχολάζοντα
2976 956 3105 1018 ταῖς
3138 953 3473 1025 ἀγρυπνίαις
3508 952 3604 1006 καὶ
3631 967 3865 1021 προσευ-

2290 1048 2417 1114 χαῖς
2450 1046 2547 1098 καὶ
2602 1046 2820 1117 δεήσεσι
2844 1061 2859 1077 ·
2894 1045 2990 1098 καὶ
3009 1044 3098 1097 διὰ
3121 1045 3221 1115 τῆς
3244 1044 3384 1098 κατά
3424 1042 3486 1096 τὸ
3515 1042 3735 1096 δυνατὸν
3763 1044 3862 1108 ἑγ-

2291 1138 2553 1207 κρατείας
2583 1137 2678 1191 καὶ
2720 1137 2978 1207 νηστείας
3016 1136 3372 1208 νεκρώσαντα
3412 1135 3592 1188 πάντα
3615 1134 3685 1186 τὰ
3715 1133 3859 1203 μέλη

2290 1228 2361 1282 τὰ
2384 1230 2478 1283 ἐπὶ
2494 1230 2594 1300 τῆς
2624 1232 2729 1300 γῆς
2754 1246 2769 1259 ο
2791 1229 2884 1282 καὶ
2910 1226 3089 1292 ζῶντα
3112 1227 3209 1297 μὲν
3234 1225 3485 1296 οὐδαμῶς
3502 1224 3696 1294 ἑαυτῷ,
3721 1226 3861 1293 Χρι-

2295 1320 2418 1375 στὸν
2445 1319 2502 1373 δὲ
2532 1320 2738 1389 μᾶλλον
2767 1319 2961 1391 ἔχοντα
3005 1320 3064 1371 ὲν
3111 1318 3288 1386 ἑαυτῷ
3313 1316 3409 1370 καὶ
3442 1315 3617 1380 ζῶντα
3646 1316 3739 1369 καὶ
3762 1333 3859 1368 τεο

2290 1410 2586 1465 λειωθέντα
2617 1411 2756 1483 πρὸς
2810 1414 2911 1485 τὴν
2959 1414 3111 1470 θείαν
3164 1416 3447 1486 ἀγάπησιν
3472 1432 3485 1447 -
3517 1415 3593 1477 ὡς
3628 1415 3724 1467 καὶ
3766 1414 3851 1464 λέ-

2290 1518 2407 1570 γειν
2434 1501 2573 1571 μετά
2602 1502 2713 1557 τῶν
2740 1506 3059 1576 ὀμοφρόνων
3084 1508 3179 1559 καὶ
3203 1506 3483 1578 συνεργῶν
3523 1507 3592 1559 τὰ
3625 1506 3722 1576 τὴς
3751 1506 3858 1558 Eb-

2288 1592 2590 1661 αγγελικῆς
2652 1594 2971 1666 ὑποθήκης’
3029 1617 3047 1650 ι
3089 1598 3327 1669 Ἀχρεῖοι
3383 1596 3562 1651 δοῦλοί
3607 1598 3857 1667 ἐσμεν,δ

2289 1682 2577 1752 ὀφείλομεν
2600 1684 2843 1755 ποιῆσαι,
2872 1688 3272 1758 πεποιήκαμεν.
3310 1706 3328 1739 ι
3368 1687 3427 1740 '0
3449 1688 3557 1757 γὰρ
3588 1688 3852 1750 τοιοῦτος.

619 1777 649 1813 a
684 1765 956 1820 mundana
981 1768 1127 1822 omni
1158 1772 1565 1838 perturbatione
1594 1782 1645 1827 et
1668 1785 1926 1844 perpetua
1958 1778 2185 1833 divitum

2292 1772 2395 1826 κᾶν
2425 1773 2687 1846 βραχεῖαν
2701 1775 2842 1850 λάϐῃ
2867 1778 3093 1849 τροφὴν,
3135 1780 3241 1834 κᾶν
3277 1780 3502 1852 πολλὴν,
3530 1780 3737 1849 γλυκὺν
3765 1782 3855 1831 ei»

620 1858 894 1912 anxietate
917 1860 1173 1927 liberum,
1202 1868 1402 1935 quippe
1424 1868 1516 1936 qui
1541 1842 1928 1937 siueicivitate,
1955 1873 2074 1929 sine
2095 1875 2188 1929 do-

2293 1842 2475 1937 ρίσκη
2616 1842 3130 1941 ὕπνονξίὲλευθέραν
3160 1871 3300 1943 ἔχων
3327 1842 3598 1942 τῆν’ίδίαν
3624 1872 3855 1942 καρδίαν

618 1964 710 2002 mo
737 1950 826 2014 sit,
866 1952 1013 2006 nullo
1042 1954 1219 2010 inanis
1253 1956 1439 2026 gloria:
1458 1960 1671 2022 studio,
1713 1962 1859 2016 nulla
1890 1964 2189 2034 cupiditate

620 2046 895 2101 teneatur,
937 2056 1045 2095 non
1076 2057 1229 2111 Opes,
1264 2061 1374 2099 non
1414 2049 1702 2116 pecuniam
1742 2064 1995 2121 appetat,
2024 2064 2079 2110 et
2102 2058 2187 2111 vi-

621 2140 730 2183 tam
760 2130 932 2199 ipsam
984 2134 1387 2204 quodammodo
1416 2138 1472 2192 in
1504 2141 1660 2197 caelis
1690 2153 1834 2214 agat.
1869 2144 2009 2212 Quin
2038 2159 2094 2203 et
2120 2151 2188 2205 ad

615 2222 716 2275 sevi
745 2223 830 2276 sui
858 2232 1053 2278 metam
1089 2242 1212 2280 cum
1239 2231 1468 2296 therit,
1498 2230 1716 2288 beatum
1743 2237 1902 2305 plane
1932 2254 2184 2296 somnum

596 2314 888 2380 ‘dormiet,
936 2317 1015 2370 uti
1071 2320 1331 2389 scriptum
1384 2332 1502 2378 est:
1538 2342 1556 2375 ι
1606 2324 1664 2379 In
1696 2330 1957 2383 memoria
1985 2342 2185 2389 azterna

614 2405 719 2460 erit
735 2405 937 2476 justus,
977 2407 1046 2462 ab
1076 2410 1354 2468 auditione
1375 2413 1513 2467 mala
1534 2430 1641 2470 non
1675 2416 1889 2472 timebit
1915 2420 1980 2474 “.
2020 2439 2039 2473 ι

691 2676 783 2730 Sic
807 2676 993 2747 igitur,
1028 2678 1073 2733 si
1116 2694 1394 2752 anagogen
1444 2686 1710 2755 sequaris,
1746 2703 1937 2744 servus
1968 2704 2187 2760 quoque

615 2768 950 2837 designatur.
987 2768 1252 2826 Similiter
1280 2790 1411 2829 vero
1438 2786 1492 2831 et
1533 2777 1707 2843 dives,
1737 2795 1900 2848 quem
1942 2781 2184 2836 oblecta-

614 2861 815 2914 mentis
838 2860 1096 2916 ret‘ertum
1129 2866 1422 2922 mundanis
1462 2876 1515 2923 et
1552 2870 1885 2927 detestandis
1939 2875 2185 2943 corporis

613 2950 983 3020 voluptatibus
1010 2962 1259 3011 saturum
1296 2958 1402 3013 tela
1461 2960 1732 3015 scelerum
1769 2964 2091 3019 confodiunt
2120 2981 2184 3020 ac

614 3045 885 3109 sauciant,
915 3056 975 3101 ut
1008 3063 1182 3119 neque
1205 3051 1257 3103 iu
1291 3053 1543 3121 praasenti
1587 3055 1697 3108 vita
1735 3055 2047 3112 liberiorem
2083 3074 2183 3111 un-

612 3151 775 3203 quam
809 3152 1062 3193 somnum
1089 3154 1285 3211 capere
1315 3145 1506 3211 possit,
1543 3162 1716 3216 neque
1750 3149 1841 3203 ubi
1874 3151 1940 3204 ad
1974 3152 2178 3206 exitum

611 3227 733 3296 ejus
759 3231 1086 3295 pervenerit,
1114 3231 1322 3287 dulcem
1350 3251 1582 3304 usquam
1608 3253 1861 3294 somnum
1884 3242 1997 3297 sive
2030 3260 2181 3298 mor-

612 3330 722 3374 tem
754 3320 829 3374 sit
865 3334 1221 3390 reperturus:
1257 3325 1348 3379 sed
1402 3331 1653 3395 praesenti
1710 3333 1817 3385 vita
1869 3332 2082 3401 abiecto
2104 3335 2179 3390 af-

614 3413 873 3481 ﬂictoque
892 3422 1057 3482 atque
1084 3414 1257 3469 invito
1277 3416 1461 3471 animo
1483 3420 1693 3485 relicta,
1719 3438 2005 3479 occursum
2035 3443 2180 3482 mor-

616 3503 688 3556 tis
754 3505 1172 3559 acerbissimum
1209 3522 1273 3561 ac
1311 3509 1685 3567 diﬂicillimum
1722 3514 1925 3571 habere
1962 3518 2176 3576 debeat.

615 3591 850 3663 Quippe,
889 3604 946 3648 ut
965 3596 1232 3664 scriptum
1274 3608 1391 3654 est:
1422 3620 1440 3652 ι
1482 3601 1627 3659 Mors
1676 3616 2023 3675 peccatorum
2053 3626 2178 3681 pes-

615 3684 756 3740 sima
788 3686 856 3741 ³².
899 3705 917 3739 ι
950 3686 1043 3743 Ait
1072 3688 1269 3748 deinde
1296 3691 1655 3751 Ecclesiastes
1682 3713 1696 3750 :

2287 1954 2398 2007 ἀπὸ
2427 1956 2607 2027 πάσης
2634 1960 3088 2030 παρενοχλήσεως
3109 1962 3404 2033 κοσμικῆς,
3438 1964 3534 2016 καὶ
3554 1963 3658 2033 τῆς
3687 1981 3859 2034 προσ-

2287 2046 2454 2118 ούσης
2507 2051 2623 2113 τοῖς
2676 2050 2952 2116 πλουσίοις
2992 2054 3311 2124 ἀδολεσχίας
3336 2094 3351 2118 ,
3420 2050 3619 2126 οἷάπερ
3664 2055 3857 2118 ἄπολις

2289 2140 2384 2193 καὶ
2409 2140 2613 2204 ἄοικος,
2642 2142 2963 2209 ἀκενόδοξος
2985 2185 3001 2211 ,
3037 2146 3402 2219 ἀπροσπαθὴς
3420 2188 3435 2213 ,
3461 2147 3857 2217 ἀφιλοκτήμων

2285 2228 2679 2301 ἀφιλάργυρος,
2705 2232 2797 2285 καὶ
2845 2233 2908 2285 τὸ
2952 2234 3260 2306 πολίτευμα
3288 2236 3429 2306 ἔχων
3476 2237 3536 2291 ὲν
3580 2237 3853 2308 οὐρανοῖς.

2299 2320 2458 2375 Ἀλλά
2484 2323 2578 2376 καὶ
2612 2324 2751 2377 κατά
2778 2324 2839 2377 τὸ
2878 2325 3053 2396 πέρας
3077 2328 3174 2398 τῆς
3201 2328 3483 2399 παρούσης
3507 2328 3652 2398 ζωῆς
3688 2328 3856 2381 ὕπνον

2293 2412 2446 2466 δπνοί
2471 2414 2561 2468 τὸν
2595 2416 2868 2487 μακάριον
2908 2418 3128 2489 ἀληθῶς
3159 2421 3297 2473 κατὰ
3330 2420 3391 2473 τὸ
3420 2420 3805 2491 γεγραμμένον
3836 2438 3851 2449 ο

2294 2523 2313 2556 ι
2353 2505 2446 2570 Εἰς
2466 2508 2805 2578 μνημόσυνον
2829 2508 3047 2566 αἰώνιον
3068 2511 3221 2565 ἔσται
3240 2515 3268 2566 ὁ
3289 2513 3520 2578 δίκαιος,
3551 2514 3659 2567 ἀπὸ
3682 2514 3853 2582 ἀκοῆς

2288 2600 2529 2667 πονηρᾶς
2553 2600 2614 2652 οὐ
2646 2600 3042 2671 φοϐηθήσεται.
3075 2622 3093 2654 ι

2356 2685 2513 2740 Οὕτω
2557 2688 2655 2758 μὲν
2708 2684 2800 2743 οὖν
2871 2690 3340 2763 χαρακτηρίζεται
3387 2692 3484 2745 καὶ
3524 2691 3711 2754 δοῦλος
3737 2696 3853 2755 τοῖς

2283 2778 2573 2848 ἀναγωγῆς
2591 2779 2788 2847 λόγοις.
2830 2779 3108 2844 Ὡσαύτως
3143 2797 3206 2850 γε
3254 2782 3359 2852 μὲν
3412 2782 3506 2837 καὶ
3544 2782 3796 2844 πλούσιος
3820 2783 3854 2834 ὁ

2284 2870 2725 2941 κατεμπλησθεὶς
2754 2873 2849 2926 καὶ
2877 2874 3316 2944 κατεμφορηθεὶς
3342 2873 3453 2927 τῶν
3495 2873 3589 2927 τοῦ
3642 2874 3851 2944 κόσμου

2282 2960 2504 3032 τρυφῶν
2536 2962 2769 3016 καὶτῶν
2836 2965 3119 3036 σαρκικῶν
3141 2966 3236 3020 καὶ
3285 2965 3592 3036 βδελυκτῶν
3652 2966 3855 3037 ἡδονῶν

2282 3053 2376 3105 καὶ
2401 3051 2490 3106 διὰ
2518 3052 2677 3106 τοῦτο
2722 3054 3226 3124 κατακεντούμενος
3271 3056 3367 3109 καὶ
3406 3056 3851 3127 τιτρωσκόμενος

2282 3141 2385 3194 ὑπὸ
2408 3141 2516 3195 τῶν
2547 3142 2646 3214 τῆς
2680 3143 2957 3214 ἁμαρτίας
3009 3144 3176 3215 βελῶν
3201 3184 3217 3207 ,
3249 3146 3348 3198 καὶ
3403 3146 3479 3217 μὴ
3530 3149 3846 3218 συγχωρού-

2284 3249 2444 3303 μενος
2484 3233 2620 3303 μήτε
2677 3234 2823 3286 κατά
2851 3234 2951 3304 τὴν
3007 3235 3295 3307 παροῦσαν
3324 3236 3468 3307 ζωὴν
3519 3238 3850 3311 καθευδῆσαι

2277 3327 2416 3395 μετά
2469 3323 2805 3394 ἐλευθερίας,
2844 3326 2983 3396 μήτε
3028 3327 3166 3397 πρὸς
3201 3328 3300 3399 τὴν
3353 3328 3611 3400 τελευτὴν
3656 3332 3848 3399 ἀφικό-

2280 3431 2460 3485 μενος,
2496 3415 2700 3483 γλυκὺν
2728 3415 3017 3485 δεχόμενος
3050 3417 3238 3482 ὕπνον,
3286 3419 3405 3488 ἦτοι
3443 3419 3537 3472 τὸν
3583 3419 3843 3475 θάνατον·

2274 3505 2387 3560 ἀλλ’
2414 3509 2473 3559 ὲν
2496 3507 2706 3578 ἀθυμίᾳ.
2735 3508 2833 3562 καὶ
2862 3508 3040 3579 θλίψει
3075 3511 3171 3564 καὶ
3203 3511 3277 3582 μὴ
3312 3511 3481 3566 θέλων
3511 3514 3610 3585 τὴν
3644 3515 3847 3587 παροῦ-

2274 3616 2371 3652 σαν
2430 3599 2577 3670 ζωὴν
2636 3600 2851 3668 ἀφιεὶς,
2908 3604 3248 3673 πικροτάτην
3302 3604 3396 3658 καὶ
3454 3605 3847 3676 χαλεπωτάτην

2281 3692 2494 3759 ἡγεῖται
2521 3691 2615 3745 τοῦ
2663 3693 2895 3746 θανάτου
2927 3693 3026 3766 τὴν
3067 3695 3273 3764 ἄφιξιν.
3328 3697 3508 3761 Διότι,
3540 3698 3722 3762 καθὼς
3746 3700 3843 3768 γέο

2283 3797 2546 3851 γραπται,
2591 3800 2609 3831 ο
2659 3782 2900 3847 Θάνατος
2961 3784 3304 3856 ἁμαρτωλῶν
3357 3789 3615 3860 πονηρός.
3660 3808 3677 3840 ι
3712 3789 3845 3843 Εἶτά

2284 3890 2450 3945 φησιν
2468 3877 2497 3927 ὁ
2534 3873 2968 3948 Ἐκκλησιαστής
2994 3894 3009 3908 ο

2157 4012 2184 4083 §
2213 4009 2279 4064 Ill

686 4090 842 4163 145
860 4089 1022 4147 Vens.
1048 4093 1130 4147 i7.
1158 4095 1253 4149 Est
1271 4098 1511 4169 languor,
1527 4118 1676 4172 quem
1699 4105 1804 4159 vidi
1819 4121 1911 4176 ego
1934 4105 2026 4159 sub
2049 4106 2178 4170 sole,

613 4183 825 4236 divitias
843 4182 1131 4240 custoditas
1156 4186 1208 4239 in
1229 4188 1341 4255 ejus
1361 4190 1577 4257 malum,
1598 4210 1629 4246 α
1647 4210 1746 4264 quo
1772 4195 2138 4248 custodiuntur
2160 4212 2179 4249 :

608 4282 660 4325 et
689 4272 927 4340 peribunt
959 4274 1159 4329 divitia:
1188 4275 1294 4330 illa:
1322 4278 1374 4330 in
1403 4281 1688 4335 tentatioue
1715 4284 1961 4350 pessima.
1998 4282 2068 4336 Et
2092 4301 2178 4353 ge-

2359 4106 2570 4158 Ἕστιν
2589 4107 2910 4176 ἀρρωστία,
2926 4106 3007 4176 ἢν
3035 4108 3198 4163 εῗδον
3218 4110 3334 4180 ἐγὼ
3361 4113 3478 4167 ὑπὸ
3508 4114 3614 4169 τὸν
3644 4115 3842 4185 ἥλιον⁹

2284 4196 2550 4250 πλοῦτον
2590 4201 3061 4270 φυλασσόμενον
3102 4205 3238 4272 παρ’
3266 4206 3453 4260 αὐτοῦ
3500 4210 3587 4274 εις
3628 4210 3845 4264 κακίαν

2282 4287 2473 4353 αὐτῷ’
2508 4289 2607 4342 καὶ
2649 4291 2953 4345 ἀπολεῖται
2999 4297 3033 4348 ό
3067 4296 3332 4361 πλοῦτος
3374 4298 3602 4367 ἐκεῖνος
3628 4301 3698 4354 ἐν
3720 4316 3844 4355 πει-

614 4366 727 4417 nuit
751 4364 941 4432 filium,
973 4376 1021 4419 et
1051 4383 1153 4419 non
1176 4378 1252 4420 est
1280 4369 1333 4421 in
1360 4385 1516 4423 manu
1542 4373 1656 4441 ejus
1688 4376 1970 4444 quidquam
1997 4391 2015 4428 :
2042 4378 2177 4431 sicut

619 4453 771 4479 -...'...'a
800 4455 857 4479 .l-
880 4464 1025 4479 ne.--
1058 4458 1240 4479 m_._:-
1281 4474 1385 4479 ---μ
1440 4462 1543 4479 “"1
1650 4464 1682 4479 ι.
1943 4476 1951 4479 -
1997 4475 2006 4479 -
2173 4478 2177 4479 ,

2281 4378 2488 4446 ρασμῷ
2514 4378 2595 4445 τῷ
2632 4381 2895 4449 πονηρῷ.
2929 4385 3039 4437 Kal
3068 4384 3401 4455 ἐγέννησεν
3419 4364 3701 4457 υἱὸνξκαὶ
3729 4396 3843 4447 οὐκ

610 4453 771 4507 exiuit
794 4455 857 4507 de
880 4464 1027 4507 utero
1056 4458 1242 4511 matris
1275 4474 1407 4523 sure,
1437 4462 1608 4515 nudus
1643 4464 1766 4515 item
1790 4475 2094 4530 revertetur,
2121 4478 2179 4520 ut

2282 4469 2453 4523 ἔστιν
2481 4470 2551 4523 ἐν
2574 4472 2725 4540 χειρί
2754 4474 2940 4527 αὑτοῦ
2970 4453 3150 4530 οὐδέν
3168 4493 3181 4506 ·
3217 4453 3411 4547 καθὼς
3437 4453 3699 4549 ἐξῆλθεν
3722 4485 3842 4538 ἀπο

612 4554 718 4608 eat,
753 4546 1189 4615 quemadmodum
1214 4551 1369 4609 venit,
1397 4561 1446 4604 et
1474 4554 1606 4606 nihil
1634 4556 1851 4624 accipiet
1900 4558 1955 4610 in
2002 4560 2179 4613 labore

612 4651 731 4697 suo,
762 4644 822 4687 ut
860 4645 944 4688 eat
983 4637 1036 4690 in
1067 4652 1227 4690 manu
1269 4655 1386 4693 sua.
1419 4641 1520 4695 Sed
1546 4653 1594 4696 et
1637 4644 1732 4698 hoc
1772 4645 1998 4714 languor
2020 4649 2179 4713 pessi-

615 4737 750 4774 mus.
780 4723 929 4776 Sicut
954 4726 1093 4777 enim
1125 4724 1354 4790 advenit,
1380 4729 1456 4781 ita
1478 4744 1526 4783 et
1556 4731 1739 4787 abibit.
1772 4733 1840 4787 Et
1863 4752 1979 4805 qua:
2009 4738 2178 4791 abun-

613 4814 800 4868 dantia
822 4815 955 4883 ejus,
978 4833 1083 4887 qua
1105 4817 1314 4872 laborat
1343 4821 1397 4873 in
1426 4834 1632 4877 ventum
1653 4827 1679 4880 ?
1712 4824 1782 4879 Et
1825 4829 2035 4894 quidem
2064 4846 2175 4883 om-

2283 4568 2540 4629 ιῃαστρος
2573 4562 2798 4631 μητρὸς
2844 4566 3051 4627 αὐτοῦ,
3100 4568 3200 4621 καὶ
3238 4571 3463 4639 γυμνὸς
3496 4573 3843 4643 ἐπιστρέψει

2280 4653 2387 4708 τοῦ
2421 4655 2802 4722 πορευθῆναι,
2830 4658 2910 4723 ὡς
2942 4659 3098 4727 εικῆ,
3129 4663 3226 4715 καί
3265 4664 3447 4717 οὐδὲν
3484 4666 3743 4735 λήψεται
3769 4668 3841 4721 ἐν

2275 4744 2477 4812 μόχθῳ
2501 4745 2706 4809 αὑτοῦ,
2743 4747 2844 4800 ἵνα
2889 4749 3155 4817 πορευθῇ
3197 4752 3267 4805 ἐν
3291 4753 3441 4821 χειρί
3483 4756 3689 4811 αὐτοῦ.
3728 4758 3842 4810 Kal

2282 4851 2345 4902 γε
2373 4834 2544 4889 τοῦτο
2577 4838 2809 4905 πονηρὰ
2836 4838 3158 4907 ἀρρωστία.
3192 4843 3420 4913 ’Ὠσπερ
3452 4845 3563 4918 γὰρ
3588 4851 3837 4919 παρετά-

685 4994 732 5026 ¹⁰
765 4992 901 5050 Luc.
963 5012 1061 5063 νη,
1104 4997 1192 5054 10.
1267 5000 1311 5033 ²¹
1346 4999 1491 5057 Psai.
1527 5018 1659 5069 cxtt,
1688 5005 1740 5058 7.
1815 5006 1861 5036 “
1898 5005 2039 5062 Psal.
2066 5024 2266 5076 xxxut,
2302 5009 2395 5063 22.

613 5106 712 5186 κα)Ζ
753 5105 859 5186 μῂν
909 5108 1001 5161 ἐπὶ
1028 5110 1376 5186 Αξδάφουςηῆ
1414 5115 1506 5186 επὶ
1558 5116 1809 5181 στιϐάδος
1856 5122 1904 5173 οἱ
1954 5122 2171 5186 πλείους

613 5176 983 5262 καοεύδουσιηρ
1028 5176 1191 5262 νίς).λρ
1245 5176 1333 5262 διὰ
1364 5176 1475 5262 ’τὴν
1520 5185 1745 5262 ἄδειανλ
1776 5176 2032 5262 eurotas
2090 5176 2172 5262 μιὶ

613 5248 754 5331 κρᾷς
786 5247 1009 5333 rediget").
1036 5251 1208 5333 ροπῇς
1236 5256 1356 5333 λείσι
1392 5247 1597 5333 κῦριοι.
1641 5247 1803 5333 ’ᾼλλά
1823 5258 1910 5312 διὰ
1938 5262 2034 5333 τὴν
2071 5247 2170 5333 ῥᾳ-

615 5315 859 5400 στῶνηνρ
886 5315 1009 5370 ’ἀλλ’
1037 5315 1097 5400 οὐ
1146 5315 1564 5400 διελιμπάνουσι
1604 5327 1827 5400 μόχθοις
1848 5315 2168 5400 κοπτόμένοι

612 5387 706 5455 καὶ
758 5386 1174 5454 ταλαιπωρίαις.
1205 5392 1269 5445 Τί
1294 5386 1440 5447 ’ποτ’
1466 5391 1561 5449 οὖν
1604 5386 1729 5450 ’ὲσῖι
1782 5386 1841 5451 τὸ
1865 5386 2051 5452 ποιοῦν
2077 5400 2167 5455 τὸν

612 5453 783 5536 ὕπνον
810 5453 1031 5536 ήδῷνςῆ
1058 5459 1117 5513 τὸ
1140 5461 1403 5536 πρότερον
1445 5466 1525 5528 είς
1579 5467 1766 5536 χρείαν
1794 5453 2167 5534 καταστάντας

614 5523 787 5603 οὕτως
831 5523 1030 5603 αυτοιῖ
1055 5523 1529 5603 μεταλαμῧάνεινξ
1561 5523 1687 5600 τῖὺς
1708 5537 1765 5590 δὲ
1803 5523 2166 5603 πλουτοῦντας

619 5594 684 5679 ξιν
716 5595 790 5663 μὴ
822 5596 960 5679 μέθη
985 5594 1444 5679 βαπτισθέντας-’ή
1489 5594 1923 5679 ν’ὺξμκαταλάὸῃ,
1952 5594 2162 5679 ἀνάγκη

616 5662 906 5745 διαπαντὸς
932 5662 1233 5745 ἀγρυπνεῖν
1267 5662 1805 5745 καὶξὲπιστρέφεσθαι
1857 5662 2164 5733 aiataiat;

620 5732 712 5816 é‘tt‘l.
738 5733 848 5816 τῶν
889 5732 1148 5803 μαλακῶν
1206 5742 1502 5816 κειμένουςᾷ
1542 5732 1893 5816 στρωμάτων.
1929 5732 1999 5803 Mi
2040 5760 2159 5804 est:

622 5798 771 5856 Nam
793 5798 902 5870 dic,
942 5823 1140 5875 quazso,
1173 5828 1265 5865 cur
1298 5798 1418 5882 'ipse
1465 5798 1713 5870 Solomon
1746 5820 1879 5871 servi
1924 5835 2161 5873 somnum

2268 5124 2487 5201 dulcem
2529 5144 2637 5184 esse
2686 5131 3042 5199 a/ﬁrmat?an
3082 5147 3293 5201 propter
3358 5137 3512 5190 molle
3551 5147 3781 5193 stratum
3810 5141 3837 5192 .’

2269 5196 2431 5275 sitqui
2468 5198 2611 5253 humi
2654 5196 2889 5275 plerique
2943 5196 3258 5275 ηερε-’δυρρεῖ
3306 5209 3500 5275 cespite
3538 5207 3834 5262 dormiunt.

2264 5264 2346 5317 An
2402 5278 2608 5335 propter
2640 5264 3097 5347 _'liberiat_e_m?At
3127 5264 3219 5347 nec
3252 5264 3528 5329 minimum
3576 5281 3824 5347 temporis

2268 5347 2584 5414 momentum
2631 5339 2819 5392 habent
2864 5340 3101 5414 liberum.
3152 5342 3234 5397 An
3275 5356 3488 5414 propter
3508 5339 3730 5401 otium'?
3760 5351 3832 5401 At

2264 5403 2533 5483 laboribus
2575 5418 2623 5483 et
2668 5411 2916 5462 (erumnis
2939 5410 3168 5483 assidue
3196 5403 3534 5483 aﬂl'ictdntur.
3584 5417 3724 5481 Quid
3750 5433 3831 5472 est

2269 5474 2450 5543 igitur,
2474 5479 2612 5545 quod
2639 5494 2876 5531 somnum
2914 5479 3120 5534 dulcem
3164 5474 3368 5549 reddat,
3402 5487 3505 5539 nisi
3536 5474 3647 5539 tuin
3676 5489 3828 5541 deni-

2270 5561 2639 5627 quesomnum
2664 5564 2977 5627 eoscapere,
3005 5567 3121 5627 cum
3162 5556 3441 5610 necessitas
3464 5567 3633 5627 urget.
3664 5557 3835 5610 l’orro

2269 5614 2689 5696 divitibus,‘_n_isi
2720 5614 2877 5671 ebriis
2912 5623 3261 5696 u‘oxingruat,
3286 5614 3702 5696 pervigila'udum
3729 5642 3830 5688 est.

2267 5693 2316 5736 et
2355 5684 2410 5737 in
2459 5685 2994 5760 mollibusstragulis
3029 5684 3146 5745 cu'm
3188 5684 3453 5760 ja'ceaut:
3496 5684 3831 5750 aestuandum

2267 5762 2449 5879 iamenl
2478 5764 2651 5894 )atque
2715 5758 3109 5829 indignandum.
3185 5758 3286 5833 (De
3350 5758 3547 5835 Virgin.
3619 5783 3673 5821 ιι.
3737 5766 3831 5833 70,

2292 5838 2401 5879 om.
2458 5864 2469 5878 .

2292 5838 2401 5879 om.
2432 5838 2469 5879 Ι.
