4172 6520
353 402 457 466 957

1418 420 1498 479 IN
1532 420 2114 488 ECCLESIASTEN.
2154 456 2224 466 -
2259 434 2405 494 LIB.
2441 437 2505 496 V.

3493 437 3600 501 958

354 531 511 580 νετο,
546 516 733 583 οὕτως
762 519 858 572 καὶ
886 521 1344 587 παρελεύσεται.
1372 528 1481 583 Καὶ
1521 531 1611 597 τις
1654 531 1693 598 ἡ
1726 545 1929 599 περισ-

2032 551 2119 589 nes
2142 538 2250 592 dies
2276 541 2388 609 ejus
2413 544 2466 596 in
2492 546 2714 599 tenebris
2736 557 2785 600 ει
2817 547 2869 601 in
2892 548 3035 601 tactu
3057 556 3105 602 et
3129 544 3405 599 iracundia
3432 544 3602 603 multa

352 610 490 663 σεία
516 610 724 674 αὑτοῦ,
751 606 792 682 ᾗ
825 614 1043 681 μοχθεῖ
1078 618 1167 681 εις
1207 618 1465 689 ἀνεμον;
1500 624 1601 677 καί
1636 640 1703 694 τε
1738 624 1931 681 πᾶσαι

352 707 413 759 ai
456 705 667 774 ἡμέραι
700 705 887 760 αὑτοῦ
914 706 985 759 ἐν
1024 710 1233 764 σκότει
1259 713 1358 766 καὶ
1396 714 1466 767 ἐν
1501 716 1703 771 πένθει
1736 718 1833 771 καί
1862 717 1931 771 ἐν

354 794 519 866 θυμῷ
549 795 760 861 πολλῷ
790 797 891 851 καί
934 798 1235 869 ἁρῤωστίᾳ
1268 803 1367 857 καὶ
1418 809 1601 875 χόλῳ.

425 888 535 958 Τὴν
582 888 933 958 ἀνθρωπίνην
975 896 1405 967 παραφροσύνην
1452 900 1545 953 καὶ
1586 900 1927 966 δυσϐουλίαν,

354 976 421 1030 δι’
455 972 522 1048 ἦς
552 979 602 1030 oi
638 978 858 1044 πλείους
890 983 1025 1054 πρὸς
1054 983 1090 1036 ἃ
1120 983 1197 1056 μὴ
1233 983 1393 1057 θέμις
1426 990 1803 1059 ἐκτρέπονται,
1835 992 1933 1046 καὶ

358 1069 591 1139 μόχθους
644 1071 953 1143 μοχθηροὺς
999 1076 1371 1147 ἀναδέχονται,
1424 1081 1521 1134 καὶ
1554 1082 1758 1145 κόπους
1802 1085 1931 1138 ἀναο

352 1161 521 1215 τλῶσι
555 1164 837 1229 παντελῶς
867 1168 1181 1237 ἀνονήτους,
1213 1171 1308 1224 καὶ
1350 1172 1718 1243 τληπαθοῦσιν
1751 1176 1930 1243 ἀσυμ-

356 1254 538 1325 φόρως
585 1255 679 1309 καὶ
721 1257 994 1328 περιττῶς
1041 1259 1179 1330 πρὸς
1230 1261 1487 1331 οὐδεμίαν
1530 1264 1930 1331 ἀποϐλέποντες

355 1346 713 1414 λυσιτέλειαν,
748 1351 1066 1420 ἀρρωστίαν
1113 1353 1233 1424 ήτοι
1266 1355 1421 1407 νόσον
1448 1355 1628 1426 ψυχῆς
1659 1360 1929 1429 προσαγό-

358 1453 573 1509 ρευσεν.
612 1438 825 1510 Ὠσπερ
872 1441 982 1511 γὰρ
1024 1441 1086 1494 τὸ
1133 1443 1295 1514 σῶμα
1342 1445 1402 1497 τὸ
1434 1446 1777 1518 ἀνθρώπινον
1824 1449 1931 1503 ἀπό

354 1546 499 1593 τινος
520 1530 828 1603 ὑπερϐολῆς
858 1533 891 1604 ἢ
925 1533 1213 1603 ἐλλείψεως
1244 1536 1352 1589 τῶν
1381 1540 1755 1594 συνιστώντων
1781 1542 1931 1613 αὐτῷ

357 1622 549 1693 χυμῶν
578 1623 834 1693 χαλεποῖς
866 1626 1190 1697 περιπίπτει
1214 1630 1513 1700 νοσήμασι,
1536 1633 1632 1685 καὶ
1658 1633 1745 1687 διά
1772 1634 1931 1688 τοῦτο

357 1716 620 1787 κέχρηται
664 1719 965 1789 τηνικαῦτα
993 1721 1086 1773 καὶ
1114 1725 1343 1792 τροφαῖς
1376 1725 1769 1795 ἀκαταλλήλοις
1788 1744 1802 1758 ο
1835 1728 1930 1782 ἆτε

355 1810 421 1877 δή
477 1809 576 1873 τάς
624 1810 878 1883 συνήθεις
929 1812 1023 1865 καὶ
1075 1813 1377 1880 λυσιτελεῖς
1428 1819 1640 1891 τροφὰς
1686 1821 1775 1875 διὰ
1829 1822 1929 1893 τὴν

358 1901 661 1972 μεταϐολὴν
692 1902 795 1973 τῆς
845 1906 1085 1977 φυσικῆς
1119 1905 1285 1971 ἕξεως
1314 1909 1516 1978 ἥκιστα
1546 1914 1926 1984 προσιέμενον,

354 1992 650 2046 κάντεῦθεν
694 1994 994 2064 προσαύξει
1053 1996 1256 2066 μᾶλλον
1310 2000 1403 2051 καὶ
1449 2001 1775 2071 προστίθησι
1828 2006 1928 2069 τὰς

353 2083 532 2148 αἰτίας
562 2084 673 2138 τῶν
701 2086 1030 2156 νοσημάτων
1050 2101 1065 2117 ⁸
1115 2086 1258 2142 οὕτω
1287 2090 1384 2142 καὶ
1417 2089 1566 2162 ψυχὴ
1614 2110 1929 2165 παρεκτρα-

351 2178 518 2229 πεῖσα
548 2177 643 2231 καὶ
676 2181 1063 2249 παραρῤυεῖσα
1105 2182 1216 2234 τῶν
1246 2182 1661 2252 καθεστηκυιῶν
1690 2188 1926 2257 φρενῶν,

350 2266 598 2330 ἀϐούλως
633 2268 866 2338 πράττει
895 2270 1055 2323 τοῦτο
1084 2271 1306 2325 κάκεῖνο
1339 2273 1476 2343 πρὸς
1508 2274 1660 2327 οὐδὲν
1690 2276 1928 2330 ἀποϐλέ-

351 2373 530 2410 πουσα
555 2357 708 2422 τέλος
738 2360 1083 2432 ὀνησιφόρον.
1134 2362 1198 2415 Ei
1222 2363 1354 2435 γὰρ,
1392 2364 1580 2433 φησὶν,
1611 2366 1928 2438 ἀποθησαυ-

354 2449 563 2521 ρίζεται
602 2450 701 2521 μὲν
738 2451 768 2504 ὁ
800 2450 1032 2517 πλοῦτος
1062 2453 1168 2506 ὑπὸ
1198 2453 1297 2507 τοῦ
1339 2457 1794 2529 συναθροίσαντος
1826 2460 1926 2513 αῦ-

351 2542 482 2605 τὸν,
534 2543 622 2597 διά
675 2544 887 2615 μυρίων
943 2546 1156 2617 μόχθων
1202 2549 1298 2601 καὶ
1344 2548 1531 2603 κόπων
1578 2552 1669 2603 καὶ
1724 2553 1927 2623 πολλῆς

354 2634 669 2702 φειδωλίας,
702 2636 1017 2709 εὑρίσκεται
1051 2638 1108 2691 δὲ
1134 2640 1531 2711 ταμιευόμενος
1560 2643 1823 2706 πολλάκις
1848 2647 1928 2709 εἰς

353 2724 598 2777 κάκωσιν
624 2725 720 2778 τοῦ
748 2727 1116 2795 φυλάσσοντος
1148 2729 1383 2797 (κακίαν
1408 2732 1517 2799 γὰρ
1556 2733 1654 2803 τὴν
1684 2735 1928 2791 κάκωσιν

351 2816 637 2889 προδήλως
667 2817 972 2889 ὠνόμασεν)
994 2835 1009 2847 ·
1040 2814 1159 2872 εἶτα
1193 2822 1500 2894 πειρασμοῦ
1522 2841 1669 2888 τινος
1686 2826 1929 2896 συμϐάν-

351 2926 466 2973 τος,
495 2909 747 2973 ἀπώλετο
774 2910 1066 2982 δεξάμενος
1096 2912 1195 2984 τὴν
1228 2916 1309 2977 είς
1331 2915 1526 2978 ἄλλους
1557 2917 1927 2987 μετάπτωσιν,

352 3003 449 3055 καὶ
493 3001 701 3071 γυμνὸν
733 3002 827 3055 τὸν
865 3004 1208 3076 κεκτημένον
1253 3007 1572 3060 καταλιπὼν
1618 3010 1711 3063 καὶ
1750 3010 1931 3082 πάσης

353 3092 801 3162 ἀπεστερημένον
828 3093 1204 3163 παραμυθίας.
1240 3096 1308 3148 Ἢ
1337 3096 1446 3166 γὰρ
1477 3098 1692 3152 ἐκείνου
1728 3099 1931 3171 φθορη-

356 3183 539 3247 θέντος
583 3185 681 3238 καὶ
731 3188 1235 3257 συκοφαντηθέντος
1281 3190 1369 3243 διὰ
1421 3190 1514 3244 τὸν
1548 3191 1799 3258 πλοῦτον,
1836 3194 1930 3247 καὶ

354 3278 457 3345 τὴν
485 3276 719 3347 ἐσχάτην
741 3278 1013 3349 τιμωρίαν
1043 3280 1493 3351 κατακριθέντος,
1526 3282 1798 3355 ἐδημεύθη
1836 3287 1929 3339 κοιλ⁸

354 3370 468 3429 τοῖς
518 3366 818 3436 βασιλικοῖς
852 3368 1115 3441 ἐνεϐλήθη
1155 3370 1428 3441 ταμιείοις
1458 3373 1486 3425 6
1515 3359 1735 3438 προσὼν
1777 3374 1929 3446 αὐτῷ

358 3458 587 3523 πλοῦτος
606 3475 620 3489 ·
651 3460 684 3531 ἢ
717 3460 989 3531 πειρατῶν
1017 3463 1110 3516 καὶ
1134 3462 1348 3533 λῃστῶν
1380 3464 1589 3534 ἐφόδοις
1616 3467 1710 3520 καὶ
1739 3467 1931 3538 λεηλα-

360 3552 503 3614 σίαις
528 3554 954 3623 κατηντηκότος,
986 3554 1080 3607 καὶ
1110 3555 1395 3623 γεγονότος
1441 3555 1472 3627 ἢ
1516 3556 1679 3627 ἐργου
1723 3559 1930 3630 αἰχμῆς

357 3644 391 3714 ἢ
422 3643 659 3698 θανάτου
694 3645 1065 3716 φευκτοτέρας
1095 3648 1399 3718 ἀπαγωγῆς
1433 3648 1527 3701 καὶ
1563 3648 1825 3715 δουλείας,
1852 3651 1929 3723 τῷ

362 3734 631 3821 συμῦάντι
666 3736 955 3806 πειρασμῷ
992 3738 1087 3791 καὶ
1114 3742 1178 3810 τῇ
1208 3738 1439 3813 τοιαύτῃ
1467 3743 1723 3813 συμφορᾷ
1751 3743 1843 3795 καὶ
1868 3742 1928 3796 τὸ

360 3824 455 3879 τοῦ
485 3824 718 3877 πλούτου
752 3826 1002 3879 πλεῖστον
1051 3829 1357 3896 συναπῆλθε
1403 3832 1497 3884 καὶ
1548 3833 1929 3904 ωμμετῆλθεν

363 3918 443 3976 είς
469 3915 568 3977 τάς
598 3917 822 3970 ἐκείνων
856 3921 1063 3988 χεῖρας.
1091 3919 1246 3990 Τάχα
1268 3921 1325 3973 δέ
1352 3923 1445 3974 καὶ
1468 3922 1610 3976 κατά
1642 3942 1763 3977 τινα
1793 3927 1930 3996 σύμ-

364 4005 522 4059 ϐασιν
550 4007 832 4073 γεγονότος
859 4009 1190 4079 ἐμπρησμοῦ
1216 4050 1231 4076 ,
1273 4012 1397 4064 κατ’
1443 4013 1594 4067 οὐδὲν
1622 4010 1786 4086 ἦττον
1828 4018 1933 4069 ἀπ-

363 4096 531 4153 ώλετο
561 4097 981 4172 συμφλεχθεὶςῆ
1010 4100 1281 4172 συληθεὶς,
1317 4105 1412 4156 καὶ
1442 4105 1471 4157 6
1498 4104 1727 4169 πλοῦτος
1760 4124 1933 4176 πεφυ-

362 4188 634 4258 λαγμένος
677 4190 760 4254 είς
793 4191 1035 4245 κάκωσιν
1073 4193 1167 4245 καὶ
1218 4192 1399 4263 θλίψιν
1442 4193 1537 4247 τοῦ
1588 4196 1932 4267 κτησαμένου

362 4282 458 4335 καὶ
480 4280 695 4351 ἔχοντος
724 4283 865 4336 κατὰ
896 4284 994 4354 τὴν
1027 4286 1363 4358 ἀρρωστίαν,
1389 4287 1457 4358 ἢν
1483 4282 1641 4342 εἶπεν
1670 4288 1797 4344 ίδεῖν
1827 4290 1934 4344 ὑπὸ

359 4376 452 4427 τὸν
478 4376 626 4445 ἣλιον
655 4378 683 4429 6
712 4376 871 4445 σοφὸς
908 4377 1364 4450 Ἐκκλησιαστής.

436 4469 498 4521 Ei
524 4469 579 4521 δὲ
604 4469 698 4522 καὶ
725 4469 893 4541 μηδὲν
921 4470 1162 4542 συμϐαίη
1189 4470 1451 4539 τοιοῦτον,
1473 4473 1589 4525 ἀλλ’
1608 4474 1759 4529 ἐστιν
1787 4475 1935 4547 αὐτῷ

2030 642 2078 684 et
2111 633 2362 704 languore
2386 648 2435 692 et
2462 641 2669 695 insania
2701 642 2835 713 (Ἦ).

2104 901 2411 959 Humanam
2444 905 2814 977 insipientiam
2841 921 3267 977 perversumque
3288 904 3598 967 consilium,

2031 1012 2263 1067 quorum
2316 1014 2481 1053 causa
2532 999 2775 1069 plerique
2828 1001 2894 1053 ad
2944 1000 3131 1054 illicita
3183 1004 3598 1059 convertuntur,

2031 1084 2348 1157 laboresque
2380 1089 2647 1157 pessimos
2690 1089 3020 1159 suscipiunt,
3069 1100 3123 1142 et
3166 1087 3447 1142 molestias
3478 1100 3600 1139 om—

2032 1180 2166 1233 nino
2196 1180 2418 1236 inutiles
2450 1181 2705 1245 tolerant,
2742 1196 2977 1250 cumque
3007 1181 3219 1235 nullum
3261 1180 3418 1249 plane
3448 1193 3603 1232 eom-

2032 1272 2255 1327 rnodum
2303 1282 2569 1343 spectent,
2613 1273 2847 1328 inaniter
2882 1287 2943 1328 ac
2973 1285 3310 1340 supervacue
3340 1269 3603 1324 alnictan-

2032 1373 2140 1430 tur,
2207 1366 2521 1435 languorem
2576 1366 2689 1421 sive
2762 1366 2929 1420 animi
2987 1364 3237 1419 morbum
3292 1362 3599 1431 appellavit.

2031 1456 2499 1522 Quemadmodum
2547 1460 2693 1512 enim
2734 1474 2934 1528 corpus
2985 1457 3287 1510 humanum
3321 1469 3383 1507 ex
3410 1454 3603 1506 humo-

2031 1561 2175 1607 rum,
2206 1547 2299 1614 qui
2329 1547 2380 1599 in
2412 1561 2478 1600 eo
2508 1546 2715 1611 insunt,
2750 1560 2980 1600 excessu
3012 1544 3249 1614 quodam
3278 1541 3360 1596 vel
3389 1540 3601 1595 defectu

2032 1638 2086 1692 in
2127 1635 2374 1690 diliiciles
2417 1635 2605 1689 incidit
2636 1636 2881 1695 morbos,
2914 1647 3077 1703 atque
3104 1633 3174 1687 ob
3215 1647 3311 1686 eos
3346 1630 3602 1689 alimenta

2031 1729 2242 1798 appetit
2293 1728 2516 1781 minime
2557 1727 2786 1794 idonea;
2820 1726 2965 1796 quod
2999 1740 3191 1794 nempe
3230 1730 3519 1777 consuetos
3552 1730 3607 1775 et

2031 1822 2192 1875 utiles
2214 1819 2369 1874 cibos
2393 1818 2599 1873 aﬂ'ectze
2625 1818 2954 1873 valetudinis
2975 1816 3350 1872 imbecillitate
3379 1812 3603 1867 minime

2030 1913 2288 1978 admittit,
2339 1922 2502 1981 atque
2550 1911 2686 1966 adeo
2717 1921 2878 1981 auget
2926 1910 3101 1976 magis
3135 1925 3199 1963 ac
3250 1922 3421 1961 novas
3455 1906 3605 1960 addit

2030 2006 2347 2060 morborum
2399 2020 2596 2059 causas
2646 2022 2659 2057 :
2720 2005 2801 2059 sic
2854 2013 2907 2057 et
2959 2003 3176 2057 animus
3229 2011 3602 2054 transversum

2029 2110 2207 2162 actus,
2265 2097 2356 2151 ubi
2415 2097 2666 2151 stabilem
2725 2096 2937 2151 consilii
2989 2094 3300 2149 ﬁrmitatem
3335 2092 3602 2155 amiserit,

2028 2201 2232 2245 temere
2270 2191 2372 2243 hoc
2408 2199 2461 2243 et
2512 2189 2643 2243 illud
2694 2188 3023 2259 aggreditur,
3086 2200 3261 2255 neque
3315 2184 3601 2238 utilitatem

2028 2285 2196 2338 ullam
2226 2282 2563 2352 propositam
2602 2281 2784 2336 habet.
2814 2279 2946 2334 Nam
2982 2280 3029 2333 si
3062 2293 3214 2349 opes,
3258 2278 3454 2346 inquit,
3488 2291 3605 2329 ma-

2028 2376 2150 2445 gnis
2187 2374 2307 2444 ejus
2343 2374 2622 2429 laboribus
2668 2373 2761 2442 qni
2811 2372 3075 2441 congerit,
3109 2380 3163 2425 et
3192 2370 3390 2425 sudore
3432 2368 3605 2433 multi

2028 2484 2092 2523 ac
2120 2466 2459 2537 parcimonia
2493 2473 2879 2535 comparantur
2911 2483 2924 2519 :
2972 2479 3114 2533 saepe
3146 2464 3305 2518 etiam
3334 2463 3386 2515 in
3420 2470 3605 2516 custo-

2026 2559 2112 2614 dis
2145 2558 2437 2628 perniciem
2496 2557 2746 2627 sepositaa
2781 2556 3161 2626 reperiuntur;
3219 2555 3415 2608 malum
3458 2554 3600 2608 enim

2027 2651 2316 2708 manifesto
2359 2667 2457 2721 pro
2508 2651 2737 2720 pernicie
2771 2650 3094 2719 usurpavit:
3132 2634 3254 2703 tum
3305 2648 3607 2702 tentatione

2028 2744 2211 2813 aliqua
2257 2743 2462 2807 oblata,
2520 2751 2736 2811 repente
2781 2740 3116 2809 dispereunt,
3163 2739 3502 2793 transmissae
3534 2736 3603 2790 ad

2029 2836 2188 2900 alios,
2219 2848 2453 2903 eumque
2509 2832 2561 2887 in
2594 2834 2753 2899 cujus
2795 2831 3069 2901 mancipio
3107 2838 3283 2897 erant,
3314 2830 3519 2884 nudum
3550 2840 3607 2883 et

2029 2929 2179 2983 omni
2216 2927 2411 2982 solatio
2459 2926 2707 2979 orbatum
2765 2924 3101 2995 relinquunt.
3150 2922 3260 2975 Aut
3304 2922 3471 2985 enim,
3512 2921 3606 2975 illo

2030 3022 2101 3076 ob
2129 3022 2275 3090 ipsas
2301 3020 2520 3075 divitias
2548 3019 2921 3075 circumvento
2944 3028 2997 3074 et
3026 3018 3316 3073 calumniis
3340 3032 3607 3087 Oppresso

2032 3112 2329 3183 capitisque
2370 3111 2650 3175 damnato,
2695 3119 2960 3181 quantum
3012 3109 3245 3164 habebat
3279 3125 3441 3177 opum
3474 3122 3604 3177 pro-

2032 3206 2308 3270 scribitur,
2340 3213 2395 3259 et
2433 3205 2611 3275 regios
2645 3205 2699 3259 in
2746 3204 2907 3260 ﬁscos
2956 3201 3189 3257 infertur
3223 3220 3236 3255 ε
3293 3210 3387 3255 aut
3412 3201 3600 3255 eodem

2031 3296 2086 3350 in
2135 3296 2435 3365 piratarum
2482 3294 2710 3349 insidias
2760 3303 2813 3348 et
2868 3294 3183 3364 praedonum
3236 3292 3606 3347 incursionem

2030 3388 2303 3457 prolapso,
2333 3402 2397 3441 ac
2430 3386 2484 3439 in
2520 3400 2697 3455 pugna
2728 3386 2933 3453 occiso,
2958 3387 3065 3451 vel,
3116 3384 3275 3457 146
3313 3383 3458 3454 quod
3494 3384 3607 3453 (28)

2031 3489 2208 3534 morte
2260 3479 2500 3536 deterius
2557 3488 2676 3546 est,
2729 3479 2783 3534 in
2840 3479 3157 3535 servitutem
3216 3478 3484 3541 abducto,
3550 3478 3603 3531 in

2029 3573 2149 3643 ipso
2205 3572 2451 3644 periculo
2502 3583 2556 3628 et
2613 3573 2922 3629 calamitate
2968 3587 3095 3641 pars
3146 3586 3310 3642 opum
3367 3572 3607 3625 maxima

2030 3662 2382 3732 disperditur,
2417 3672 2471 3718 et
2517 3663 2573 3717 in
2623 3663 2839 3718 illorum
2901 3661 3149 3733 pervenit
3201 3677 3418 3716 manus.
3470 3660 3605 3715 For-

2034 3764 2181 3809 tasse
2231 3755 2395 3809 etiam
2448 3770 2580 3810 casu
2637 3755 2820 3824 aliquo
2871 3760 3062 3809 exorto
3120 3752 3394 3817 incendio,
3435 3752 3606 3807 nihilo

2034 3846 2212 3901 secius
2245 3855 2469 3915 pereunt
2503 3846 2585 3900 vel
2618 3846 2738 3916 igne
2776 3845 3077 3914 absumpta:
3101 3843 3184 3898 vel
3212 3843 3434 3912 direpta:
3466 3843 3605 3897 divi-

2032 3937 2143 4001 tiae,
2196 3951 2536 4005 quaecunque
2582 3950 2808 3991 servata:
2858 3935 3073 3989 fuerant
3131 3934 3185 3988 in
3224 3934 3517 4003 perniciem
3552 3942 3609 3987 et.

2033 4027 2336 4082 cruciatum
2374 4026 2517 4095 ejus,
2566 4026 2659 4096 qui
2709 4026 2972 4097 possedit,
3020 4034 3075 4081 et
3103 4040 3169 4080 eo
3220 4026 3479 4095 languore
3509 4025 3602 4078 ha-

2034 4119 2175 4181 buit,
2211 4134 2375 4219 quem
2411 4118 2631 4189 sapiens
2660 4117 3016 4175 Ecclesiastes
3051 4117 3155 4174 sub
3185 4117 3299 4173 sole
3323 4132 3381 4172 se
3406 4116 3607 4173 vidisse

2036 4208 2341 4263 aﬂirmavit.

2110 4471 2263 4539 Quod
2297 4472 2344 4527 si
2380 4470 2515 4525 nihil
2553 4471 2660 4526 tale
2688 4473 2996 4542 contigerit,
3036 4469 3093 4530 ct
3127 4483 3352 4531 servatae
3383 4475 3609 4530 domino

361 4560 783 4631 πεφυλαγμένος
833 4562 861 4613 ὀ
891 4562 1121 4626 πλοῦτος
1162 4565 1277 4626 τοῖς
1307 4563 1399 4616 ὑπ’
1450 4565 1616 4619 αὐτοῦ
1660 4569 1930 4639 γεννηθεῖ-

2039 4572 2297 4618 maneant
2329 4577 2482 4633 opes,
2519 4578 2656 4632 quas
2701 4562 2885 4618 liberis
2922 4566 3261 4635 posterisque
3304 4570 3514 4634 tradat;
3549 4568 3607 4621 hi

363 4672 469 4721 σιν,
515 4653 744 4717 ἔκαστος
775 4655 834 4708 δὲ
884 4655 993 4709 τῶν
1036 4656 1409 4725 γεννηθέντων
1449 4659 1659 4730 γυμνὸς
1702 4660 1933 4714 εἴσεισιν

438 4812 550 4887 (2])
589 4814 745 4884 Apud
791 4812 934 4869 LXX
982 4814 1213 4887 legimus
1374 4858 1390 4873 .
1443 4819 1539 4872 καὶ
1578 4819 1861 4875 ἀπολεῖται
1906 4823 1935 4875 6

366 4882 594 4961 πλοῦτος
625 4882 831 4961 ἐκεῖνος
859 4889 915 4939 ἐν
951 4882 1322 4961 περισπασμῷ
1352 4888 1711 4961 πονηρῷ.....ᾲ.
1752 4889 1935 4955 καθὼς

367 4952 589 5030 ἐξῆλθεν
639 4955 746 5030 ἀπὸ
786 4952 1039 5030 γαστρός⁷
1075 4952 1506 5030 μητρδςάὑτοῖῖ
1536 4952 1762 5030 γυμνὸς,
1813 4952 1933 5013 ἐπιὲ

370 5022 590 5100 στρέψει
629 5025 723 5100 τοῦ
756 5022 1109 5100 πορευθῆναί,
1137 5022 1386 5100 ὦςῆκει,
1434 5030 1528 5100 καί
1548 5022 1815 5100 ὀῦδένίνοὺ
1845 5031 1936 5100 λή-

367 5091 529 5169 ψεται
560 5094 617 5145 ἐν
661 5091 1427 5169 μόχθῴναύτοῦ..ζ...’01)ἠιρ.
1467 5098 1696 5169 πλοῦτον
1731 5091 1935 5169 φυλασ-

370 5157 701 5238 σύμενονπῷ
731 5157 860 5238 παρ’
894 5168 1042 5238 αὐτῷ
1080 5169 1160 5232 είς
1193 5157 1394 5222 κακίαν
1420 5168 1720 5224 αὐτοῦ.....,

440 5231 553 5304 (28)
591 5231 720 5295 Cor,
776 5231 1024 5304 inquies;
1043 5231 1353 5293 servitutem
1396 5250 1568 5294 morte
1613 5238 1932 5295 deteriorem

369 5301 536 5356 dicit?
563 5317 686 5385 cum
712 5319 808 5358 nec
830 5301 1159 5385 vitacareat,
1187 5318 1241 5385 et
1265 5310 1531 5385 libertatis
1551 5325 1764 5385 quoque
1773 5326 1934 5385 spem

371 5388 530 5449 servo
577 5374 1147 5449 al_iquam_relinquat.
1187 5376 1324 5433 Nota
1374 5374 1592 5449 quidem
1634 5374 1721 5433 illa
1773 5374 1934 5433 Tullii

368 5442 1091 5523 cohortatio’ti’hilipp._in,
1129 5448 1216 5513 14)
1248 5466 1261 5503 :
1303 5467 1322 5501 ι
1359 5442 1513 5516 Quod
1552 5451 1596 5523 si
1620 5450 1753 5523 jam,
1791 5452 1936 5520 quod

368 5513 445 5594 dii
482 5527 642 5567 omen
660 5513 932 5594 avertant,
965 5516 1132 5572 fatum
1161 5513 1474 5594 extremum
1503 5513 1823 5594 reipubliCte'
1842 5538 1936 5576 ve-

370 5584 494 5638 nit:
530 5584 678 5652 quod
724 5584 1049 5656 gladiatores
1088 5588 1296 5644 nobiles
1342 5589 1568 5656 faciunt,
1586 5584 1665 5646 "ut
1712 5591 1937 5647 honeste

368 5654 1017 5729 decumbant,’l'aciamus
1043 5674 1166 5729 nos,
1196 5660 1467 5729 principes
1488 5654 1637 5716 orbis
1669 5671 1933 5715 terrarum

370 5726 757 5798 gentiumque,
810 5738 872 5781 ut
932 5744 1054 5783 cum
1111 5726 1388 5797 dig‘nitate'
1426 5732 1605 5798 potius
1657 5732 1934 5797 eadamus,

370 5808 532 5876 quam
566 5811 691 5850 cum
724 5796 1018 5879 ignominia
1053 5796 1376 5880 serviamus.
1411 5796 1555 5854 Nihil
1594 5810 1676 5855 est
1705 5802 1936 5858 detesta-

374 5861 537 5921 bilius
582 5867 866 5927 dedecore.
901 5870 1032 5923 lllhll
1081 5869 1279 5926 [aldtus
1314 5870 1571 5927 servitute
1610 5889 1622 5925 :
1666 5871 1731 5926 ad
1774 5872 1937 5927 decus

851 5911 866 5937 ’
901 5911 1032 5923 IIII-ll
1081 5911 1279 5926 .wulu"
1314 5911 1391 5926 υν.
1411 5911 1571 5927 ‘I'u'v
1610 5912 1622 5925 ο

2040 4668 2222 4713 tamen
2250 4654 2445 4726 singuli
2471 4666 2523 4709 et
2548 4653 2678 4708 nudi
2712 4655 2764 4709 in
2805 4656 2969 4709 vitam
3000 4656 3247 4721 veniunt,
3275 4667 3327 4713 et
3355 4661 3481 4714 nudi
3511 4660 3606 4713 ab-

2037 4825 2090 4871 et
2118 4814 2422 4868 libertatem
2456 4812 2567 4866 nati
2611 4827 2801 4867 sumus
2834 4832 2847 4867 :
2881 4824 2977 4867 aut
3020 4814 3135 4869 hzec
3179 4824 3476 4874 teneamus.
3513 4829 3607 4872 aut

2038 4901 2161 4941 eum
2210 4884 2472 4952 dignitate
2515 4884 2833 4938 moriamur.
2880 4903 2898 4934 ι
2940 4885 3046 4939 Sed
3093 4885 3194 4940 ista
3244 4902 3308 4940 ex
3361 4885 3606 4941 Romana

2037 4955 2343 5024 disciplina,
2390 4963 2445 5024 et
2492 4955 2732 5008 oratorio
2779 4970 2929 5009 more
2981 4955 3210 5023 prolata.
3262 4954 3376 5010 Hoc
3429 4958 3608 5024 potius

2037 5023 2358 5097 designabat
2403 5023 2716 5094 Gregorius,
2768 5027 3084 5079 servitutem
3133 5027 3238 5078 cita
3290 5027 3380 5079 illa
3431 5023 3608 5080 morte

2038 5096 2356 5151 deteriorem
2390 5110 2529 5158 esse,
2573 5110 2680 5165 qua
2711 5106 3013 5164 pugnantes
3051 5096 3425 5150 occumbunt:
3460 5098 3607 5164 quod

2041 5169 2093 5221 in
2147 5166 2461 5221 servitutem
2498 5165 2743 5220 adductis
2790 5166 2859 5219 ad
2918 5166 3263 5220 dominorum
3318 5166 3608 5221 arbitrium

2038 5238 2326 5292 vivendum
2376 5234 2779 5291 moriendumve
2815 5245 2978 5301 esset,
3021 5237 3115 5305 qui
3169 5236 3271 5291 sibi
3319 5237 3372 5289 in
3420 5253 3608 5292 servos

2038 5308 2173 5362 nihil
2204 5323 2308 5361 non
2345 5305 2509 5358 licere
2535 5306 2814 5359 ducerent.
2851 5305 2975 5360 Haec
3006 5306 3149 5360 enim
3184 5316 3297 5360 tum
3332 5316 3447 5359 erat
3476 5323 3608 5360 con-

2037 5378 2171 5432 ditio
2204 5390 2483 5447 servorum
2506 5394 2528 5447 7:
2567 5395 2584 5426 ι
2608 5374 2781 5447 _Apu_d
2823 5390 3013 5430 omnes
3056 5392 3306 5447 peraeque
3335 5388 3542 5447 gentes,
3582 5398 3601 5429 ο

2038 5449 2114 5502 ait
2140 5448 2302 5501 Caius
2333 5445 2418 5515 (L.
2454 5461 2472 5498 ι
2504 5446 2565 5509 Ι),
2597 5445 2672 5497 De
2694 5444 2776 5497 his
2809 5447 2898 5516 qui
2931 5448 3013 5499 sui
3043 5444 3121 5501 oet
3145 5444 3411 5515 alfjurl),
3442 5465 3458 5497 r
3485 5448 3606 5501 ani-

2038 5519 2375 5572 madvertere
2420 5529 2733 5582 possumus,
2762 5516 3000 5570 dominis
3032 5517 3083 5570 in
3114 5532 3303 5572 servos
3347 5517 3469 5571 vitae
3511 5535 3606 5572 ne-

2038 5590 2224 5669 cisque
2255 5594 2572 5670 potestatem
2598 5586 2788 5670 fuisse.
2829 5605 2847 5638 ι
2888 5586 3065 5670 Quare
3085 5589 3177 5657 qui
3200 5588 3256 5669 in
3281 5589 3601 5670 pradonqu

2036 5655 2312 5713 venissent
2358 5672 2572 5719 manus,
2604 5655 2761 5711 bonis
2806 5657 3060 5711 omnibus
3102 5655 3344 5723 amissis,
3380 5674 3602 5713 usuram

2038 5744 2253 5799 quoque
2283 5726 2421 5799 lucis
2445 5727 2605 5799 nulla
2636 5728 2939 5799 praestituta
2961 5728 3051 5783 die
3073 5726 3253 5783 datam
3280 5730 3332 5783 in
3374 5729 3521 5785 luctu
3549 5739 3603 5782 et

2038 5796 2269 5853 riicerore
2290 5797 2573 5870 capiebant
2596 5816 2608 5850 :
2634 5796 2776 5866 quod
2809 5798 2934 5855 vita:
2966 5814 3135 5870 genus
3169 5801 3275 5854 cita
3305 5800 3392 5854 illa
3427 5808 3601 5855 morte

2032 5870 2156 5936 jure
2188 5870 2405 5940 gravius
2434 5867 2731 5924 videbatur.
