4114 6510
561 371 668 435 959

1659 367 1716 424 8.
1761 360 2135 423 GREGORII
2173 361 2681 420 AGRIGENTIN‘I

3712 358 3819 417 θα]

563 490 750 536 eunte
780 478 908 540 vita,
956 475 1147 530 eodem
1210 475 1369 545 plane
1422 474 1585 528 modo
1616 474 1751 527 nihil
1807 474 2030 527 omnino
2081 473 2132 525 in

2253 472 2317 531 εἰς
2355 470 2446 521 τὸν
2480 470 2613 538 βίον,
2666 470 2758 522 καὶ
2790 471 2994 540 γυμνὸς
3026 471 3225 535 ἔξεισιν
3268 470 3336 523 ἐκ
3367 471 3462 523 τοῦ
3498 469 3637 537 βίου,
3674 473 3817 526 κατὰ

566 587 729 627 manu
795 584 889 623 sua
947 564 1215 628 ferentes,
1268 582 1444 635 neque
1502 581 1623 619 cum
1681 564 1915 634 primmn
1962 566 2136 618 lucem

562 664 854 732 aspiciunt,
881 675 1055 728 neque
1083 675 1206 713 cum
1237 674 1301 712 ex
1330 658 1430 712 hac
1456 658 1566 712 vita
1596 658 1882 733 decedunt.
1902 657 2057 723 Quod
2088 665 2141 710 et

564 756 737 809 multo
791 753 942 821 prius
989 751 1224 805 asseruit
1271 747 1464 813 Jobns,
1518 765 1749 819 magnus
1784 750 1873 802 ille
1925 749 2140 818 pietatis

564 848 764 901 athleta
809 846 939 915 (:29),
971 860 1092 898 cum
1147 844 1263 896 ait:
1312 861 1329 892 ι
1368 840 1552 897 Nudus
1603 857 1860 910 egressus
1905 857 2025 896 sum
2076 858 2140 894 ex

568 949 724 992 utero
748 937 936 989 matris
972 950 1123 998 mem,
1169 934 1347 987 nudus
1382 933 1595 986 scilicet
1631 940 1685 985 et
1726 941 1966 985 revertar
2003 931 2139 1001 (50).

567 1029 714 1084 Nihil
754 1028 895 1079 enim
937 1026 1004 1080 ab
1039 1026 1141 1078 hoc
1178 1024 1427 1078 dissentit
1459 1033 1553 1077 aut
1600 1024 1871 1091 discrepat
1927 1026 2144 1091 sapiens

569 1119 945 1182 Ecclesiastes,
978 1117 1069 1186 qui
1121 1127 1175 1170 et
1231 1117 1567 1169 nativitatem
1606 1132 1637 1169 a
1698 1123 1888 1167 ventre
1951 1114 2143 1169 matris

570 1210 772 1261 nudam
809 1215 1180 1276 repra’sentat,
1219 1218 1272 1259 ct
1324 1208 1556 1260 reditum
1592 1216 1876 1274 cognatam
1918 1205 1983 1259 ad
2033 1212 2143 1257 ter-

570 1316 686 1353 ram
763 1300 1163 1367 transitumque
1233 1314 1435 1364 parem.
1508 1296 1663 1363 Quod
1730 1308 1909 1351 autem
1979 1297 2146 1350 addat

576 1410 593 1440 ι
620 1387 1087 1454 Quemadmodum
1114 1388 1279 1451 venit,
1306 1407 1322 1436 ›
1358 1390 1614 1454 ostendit,
1642 1388 1965 1441 sententiam
1990 1404 2141 1442 suam

570 1494 714 1541 esse,
745 1493 854 1531 non
890 1478 1131 1531 omnium
1166 1477 1447 1530 hominum
1495 1477 1698 1530 nudum
1726 1492 1847 1531 esse
1889 1478 2143 1543 reditum,

574 1580 629 1621 at
660 1584 846 1622 eorum
888 1578 1117 1627 tantum.
1149 1569 1239 1637 qui
1274 1569 1662 1622 misericordia:
1694 1567 1847 1639 147
1895 1580 2145 1638 expertes

576 1673 738 1730 atque
760 1662 999 1715 avaritiae
1021 1662 1203 1725 dediti,
1235 1676 1410 1730 neque
1442 1678 1739 1730 pauperum
1772 1662 2009 1730 inopiam
2038 1663 2146 1717 ulla

577 1754 861 1823 largitione
897 1754 1215 1818 levaverint,
1243 1768 1418 1821 neque
1448 1754 1761 1823 peregrinos
1792 1754 2025 1823 hospitio
2054 1770 2146 1809 ac-

577 1844 838 1909 ceperint,
894 1860 1070 1913 neque
1122 1852 1435 1896 sanctorum
1486 1844 1898 1899 necessitatibus
1950 1855 2145 1914 praesto
2175 1822 2217 1878 Β

581 1938 800 2001 fuerint,
835 1954 1008 2008 neque
1049 1937 1273 1992 omnino
1304 1953 1630 2006 quemquam
1663 1937 1932 2007 abiectum
1960 1952 2023 1991 ac
2049 1938 2152 1991 mi-

580 2046 758 2082 serum
788 2031 899 2083 ullo
954 2032 1031 2085 vel
1094 2030 1448 2083 humanitatis
1496 2029 1579 2082 vel
1635 2028 1919 2083 charitatis
1972 2028 2148 2083 olIicio

572 2123 845 2190 juverint;
896 2122 947 2175 in
994 2123 1320 2190 reponendis
1355 2132 1533 2174 autem
1576 2121 1791 2190 opibus,
1832 2136 1969 2189 quas
2015 2137 2151 2174 con-

578 2224 848 2278 gererent,
891 2216 987 2269 toti
1023 2216 1241 2278 fuerint,
1276 2224 1330 2269 et
1363 2217 1415 2268 in
1468 2216 1533 2268 iis
1571 2214 1832 2285 augendis
1862 2230 1927 2269 ac
1956 2231 2151 2269 cumu-

581 2305 756 2359 landis
795 2322 1016 2376 pravam
1055 2309 1216 2361 simul
1252 2309 1302 2361 in
1336 2322 1395 2361 se
1429 2307 1562 2375 ipsis
1600 2306 1943 2372 cupiditatem
1981 2322 2153 2361 auxe-

581 2400 689 2451 rint
714 2416 776 2453 ac
801 2400 1153 2454 cumularint.
1182 2399 1350 2467 llujus
1382 2400 1455 2452 rei
1482 2413 1610 2468 ergo
1640 2398 1714 2451 ait
1740 2416 1753 2451 :
1786 2415 1803 2447 ι
1838 2396 1942 2451 Sed
1971 2406 2024 2451 et
2053 2398 2154 2451 huc

586 2490 814 2557 languor
845 2489 1138 2557 pessimus.
1182 2508 1199 2539 ι
1238 2488 1435 2553 Quidni
1469 2488 1613 2542 enim
1648 2488 1749 2541 iste
1786 2487 2001 2540 consilii
2031 2487 2153 2541 talis

582 2589 637 2631 et
666 2580 954 2635 voluntatis
988 2581 1258 2650 pessimus
1312 2579 1471 2648 quasi
1509 2578 1734 2632 morbus
1763 2577 1871 2632 sit?
1904 2578 2036 2631 Cum
2071 2587 2153 2631 t0-

583 2681 699 2723 tum
756 2670 876 2722 vita:
939 2686 1050 2724 sua:
1102 2672 1336 2740 spatium
1406 2670 1794 2733 immutabiles,
1853 2669 2153 2723 inhumano

584 2778 800 2830 semper
821 2772 982 2830 atque
1008 2763 1429 2818 immisericordi
1456 2762 1639 2815 animo
1663 2760 1881 2815 fuerint.
1912 2762 1981 2816 Ut
2008 2762 2151 2815 enim

584 2855 680 2921 qui
716 2864 826 2908 toto
860 2856 981 2908 vita:
1009 2872 1119 2912 suae
1153 2866 1398 2925 tempore
1444 2854 1578 2907 febri
1609 2862 1890 2922 correptus
1927 2862 2030 2916 est,
2062 2864 2155 2906 aut

589 2960 777 2997 renum
812 2946 944 2999 vitio
975 2949 1055 2999 vel
1091 2947 1284 3017 pedum
1318 2946 1509 2999 morbo
1538 2943 1767 3008 laborat,
1810 2946 2043 3013 pessima
2076 2945 2154 2999 uti

588 3037 896 3091 valetudine
942 3038 1160 3098 dicitur.
1200 3038 1344 3107 quod
1379 3036 1545 3090 vitam
1580 3052 1735 3090 suam
1779 3036 1920 3089 inter
1961 3051 2153 3105 perpe-

590 3138 716 3182 tuos
759 3127 974 3183 dolores
1021 3130 1380 3197 assiduosque
1426 3129 1704 3183 cruciatus
1744 3128 2028 3188 absumat;
2075 3126 2154 3182 sic

592 3221 763 3272 multo
800 3220 970 3289 magis
1004 3221 1095 3288 qui
1140 3220 1446 3273 voluntario
1484 3219 1652 3274 animi
1695 3220 1887 3273 morbo
1933 3218 2155 3273 allectus

591 3310 775 3371 fuerit,
807 3326 1101 3379 curamque
1138 3312 1337 3363 nullam
1370 3310 1688 3379 susceperit,
1723 3318 1801 3369 ut,
1831 3309 2158 3377 comparatis

594 3402 697 3454 sibi
725 3402 776 3454 in
808 3401 949 3454 caelo
980 3401 1247 3453 thesauris
1283 3400 1519 3461 aatcrnis,
1547 3399 1687 3452 viam
1730 3398 1833 3453 sibi
1886 3400 1950 3452 ad
1984 3400 2155 3453 bono-

593 3510 714 3547 rum
773 3500 1153 3562 perpetuorum
1213 3493 1524 3546 beatitatem
1598 3491 1870 3553 muniret,
1925 3493 2159 3560 pessimo

596 3585 754 3651 plane
785 3583 976 3637 morbo
1002 3583 1279 3637 laborasse
1310 3583 1726 3637 existimabitur.
1757 3582 1891 3637 Nam
1922 3585 2011 3638 ille
2040 3587 2161 3655 qui-

598 3677 742 3735 dem.
778 3674 868 3742 qui
917 3689 1145 3742 corpore
1190 3689 1330 3744 aeger
1361 3674 1451 3733 sit.
1501 3675 1764 3744 siquidem
1797 3691 1882 3737 ea,
1919 3692 2022 3745 qua
2063 3693 2161 3745 par

598 3774 701 3827 est,
729 3779 854 3832 erga
880 3765 1044 3816 Deum
1076 3763 1454 3816 universorum
1483 3764 1825 3817 observantia
1849 3764 2159 3833 languorem

598 3871 758 3909 suum
795 3854 1150 3923 morbumque
1180 3854 1384 3914 tulerit.
1420 3854 1661 3924 ingentes
1686 3855 1859 3922 capiet
1890 3856 2163 3909 molestia-

600 3963 720 4001 rum
761 3962 982 4000 suarum
1017 3946 1293 4012 multoque
1326 3946 1614 4013 ampliores
1650 3947 2117 4001 remunerationes
2147 3967 2159 4002 :

604 4058 624 4090 ι
657 4036 771 4091 Non
801 4039 945 4093 enim
981 4048 1107 4092 sunt
1138 4026 1416 4104 condigna:
1450 4037 1728 4106 passiones
1762 4037 1922 4107 hujus
1951 4047 2163 4108 tempo-

601 4132 679 4185 ris
720 4131 783 4184 ad
841 4130 1075 4184 futuram
1109 4130 1358 4199 gloriam.
1410 4146 1531 4199 qua:
1566 4130 1631 4184 iis
1678 4131 2006 4185 revelabitur
2038 4134 2105 4196 ’³,
2139 4151 2157 4183 ι

601 4222 694 4290 qui
724 4223 1089 4276 toleraverunt
1118 4222 1205 4275 hic
1250 4233 1438 4275 msmm
1471 4220 1579 4275 diei
1625 4230 1679 4275 et
1707 4223 1935 4291 glaciem
1969 4224 2161 4279 noctis.

603 4315 771 4368 Porro
802 4323 859 4366 ut
895 4314 959 4375 is.
989 4314 1080 4382 qui
1109 4313 1366 4381 languore
1392 4313 1695 4367 voluntario
1720 4328 2013 4382 oppressus
2044 4314 2164 4369 fue-

605 4408 695 4468 rit,
720 4404 1013 4474 pessimum
1052 4405 1303 4458 habuisse
1347 4406 1597 4458 morbum
1626 4404 1860 4473 dicitur;
1888 4405 1967 4460 sic
1996 4407 2165 4462 multo

607 4497 779 4566 tangis
808 4512 997 4565 poenas
1026 4506 1078 4550 et
1107 4496 1368 4565 supplicia
1397 4496 1633 4550 inveniet
1661 4496 1864 4566 pejora.

2240 561 2309 613 τά
2356 560 2497 612 αὐτὰ
2543 563 2633 613 καὶ
2678 560 2940 625 ὡσαύτως
2985 562 3153 630 μηδὲν
3198 562 3597 631 ἐπιφερόμενος
3647 562 3703 613 ὲν
3750 564 3817 629 τῇ

2241 653 2387 722 χειρὶ
2416 652 2581 704 αὐτοῦ
2612 653 2671 705 τὸ
2698 654 2984 723 παράπαν,
3026 655 3162 724 μήτε
3198 654 3321 707 καθ’
3355 655 3415 706 ὃν
3444 653 3633 723 καιρὸν
3665 656 3815 721 ἐγεν-

2241 746 2400 814 νήθη,
2456 744 2594 813 μήτε
2629 742 2736 814 μὴν
2781 744 2863 797 ἔτι
2907 747 3028 799 καθ’
3070 746 3129 799 ὃν
3184 746 3352 810 ἔξεισι
3398 745 3501 815 τῆς
3538 747 3817 816 παρούσης

2242 834 2409 902 ζωῆς.
2460 837 2636 908 Ὅπερ
2683 837 2910 906 ὲμπεδοῖ
2955 840 3048 891 καὶ
3087 838 3267 909 πολλῷ
3315 838 3509 910 πρώην
3558 840 3587 890 6
3640 838 3815 908 μέγα..

2242 929 2482 1001 ἀθλητὴς
2511 929 2613 998 τῆς
2651 930 2937 993 εὐσεϐείας
2980 930 3101 985 Ἰὼϐ
3130 932 3325 1000 λέγων,
3365 952 3385 983 ‹
3420 932 3631 1003 Γυμνὸς
3659 933 3819 1002 ἐξῆλο

2243 1019 2334 1073 θον
2386 1022 2451 1072 ὲκ
2496 1021 2709 1085 κοιλίας
2757 1022 2963 1092 μητρός
3017 1040 3142 1093 μου,
3194 1023 3437 1093 δηλονότι
3482 1024 3685 1094 γυμνὸς
3720 1025 3817 1077 καὶ

2242 1112 2638 1183 ἀπελεύσομαι.
2679 1132 2697 1164 ι
2735 1113 2925 1184 Τούτῳ
2970 1115 3079 1185 γὰρ
3133 1116 3356 1186 συνῳδεῖ
3383 1118 3478 1169 καὶ
3511 1115 3817 1187 συμφώνως

2243 1205 2338 1258 καὶ
2368 1205 2397 1257 6
2445 1205 2608 1273 σοφὸς
2649 1207 3104 1278 Ἑκκλησιαστὴς,
3150 1207 3245 1261 καὶ¹
3293 1208 3393 1277 τὴν
3439 1209 3547 1261 ὰπὸ
3581 1210 3817 1279 γαστρὸς

2246 1295 2451 1365 μητρὸς
2478 1296 2730 1367 γέννησιν
2760 1299 3133 1369 παρεμφαίνει
3164 1299 3402 1370 γυμνὴν,
3433 1300 3526 1351 καὶ
3553 1299 3653 1370 τὴν
3682 1300 3819 1369 πῶς

2243 1387 2342 1458 τὴν
2387 1390 2627 1459 συγγενῆ
2671 1390 2774 1458 γῆν
2826 1391 3166 1462 ἐπιστροφὴν
3212 1392 3309 1443 καὶ
3343 1391 3588 1460 πορείαν.
3649 1393 3713 1443 Ὃ
3761 1391 3818 1442 δέ

2244 1497 2430 1550 φησιν,
2488 1499 2507 1531 ι
2566 1480 2651 1544 Ὡς
2695 1483 2840 1551 εἰκῆ,
2900 1502 2919 1535 ι
2974 1484 3327 1555 παρίστησιν,
3380 1482 3454 1545 ὡς
3509 1483 3629 1551 οὐχὶ
3685 1483 3818 1551 περὶ

2243 1573 2444 1635 παντὸς
2474 1572 2765 1644 ἀνθρώπου
2781 1574 2881 1645 τὴν
2896 1575 3031 1644 πρὸς
3059 1574 3155 1645 τὴν
3182 1575 3283 1643 γῆν
3306 1576 3642 1644 ἐπιστροφὴν
3666 1591 3819 1641 γινοο

2245 1664 2412 1735 μένην
2442 1666 2743 1735 εἰσηγεῖται
2762 1683 2830 1734 γυ
2840 1667 2997 1737 μνὴν,
3016 1666 3150 1719 ἀλλά
3168 1666 3296 1734 περὶ
3316 1665 3421 1717 τῶν
3444 1665 3632 1733 ἀνελεη
3644 1668 3823 1734 μόνων

2244 1757 2340 1809 καλ⁸
2376 1756 2652 1824 φειδωλῶν
2671 1758 2944 1827 μηδεμίαν
2972 1758 3256 1827 μετάδοσιν
3280 1757 3661 1826 ποιησαμένων
3686 1757 3826 1825 πρὸς

2247 1850 2371 1912 τοὺς
2401 1848 2597 1912 ἐνδεεῖς
2623 1850 2716 1902 καὶ
2742 1851 3015 1921 πτωχοὺς,
3047 1851 3184 1920 μήτε
3220 1850 3327 1919 μὴν
3358 1849 3826 1920 ξενοδοχησάντων

2246 1938 2374 2000 τοὺς
2397 1938 2875 2009 ἐπιξενουμένους,
2926 1940 3064 2009 μήτε
3093 1939 3202 1991 τῶν
3231 1938 3405 2006 ἁγίων
3443 1941 3566 2002 ταῖς
3607 1939 3825 2009 χρείαις

2249 2031 2718 2100 κοινωνησάντων,
2756 2032 2896 2102 μήτε
2946 2030 3056 2101 μὴν
3081 2029 3219 2092 ὅλως
3270 2029 3432 2099 ἔργον
3475 2030 3827 2098 ἐπιδειξαμέ-

2248 2136 2354 2172 νων
2410 2120 2823 2191 φιλανθρωπίας
2874 2122 2968 2175 καὶ
3016 2119 3358 2190 συμπαθείας
3409 2122 3490 2182 είς
3545 2120 3674 2183 τοὺς
3712 2121 3827 2171 ἀπ-

2250 2212 2650 2282 εστερημένους
2700 2212 3039 2280 ἀναγκαίων,
3067 2212 3202 2265 ἀλλά
3239 2212 3398 2281 μόνον
3444 2210 3825 2281 ἀποθησαυρι-

2250 2303 2451 2368 ζόντων
2480 2305 2570 2358 τὸν
2605 2306 2970 2374 συναγόμενον
3000 2305 3253 2367 πλοῦτον,
3304 2305 3396 2357 καὶ
3424 2304 3525 2373 τὴν
3574 2302 3826 2372 προσθή-

2252 2414 2357 2464 κην
2388 2397 2552 2451 αὐτοῦ
2588 2399 2684 2451 καὶ
2726 2399 2828 2466 τὴν
2875 2396 3106 2467 αὔξησιν
3156 2396 3544 2468 ποιησαμένων
3594 2394 3825 2464 αὔξησιν

2250 2488 2348 2541 καὶ
2404 2489 2722 2559 προσθήκην
2774 2489 3015 2557 ἐφέσεως
3072 2490 3335 2556 πονηρᾶς.
3397 2488 3602 2540 Τούτου
3658 2490 3826 2556 χάριν

2255 2579 2411 2649 φησὶ,
2452 2597 2469 2630 ι
2511 2581 2620 2634 Καί
2652 2598 2715 2649 γε
2744 2581 2902 2633 τοῦτο
2928 2582 3141 2651 πονηρά
3170 2581 3471 2654 ἀρρωστία.
3508 2600 3527 2630 ι
3562 2581 3669 2634 Καὶ
3702 2580 3825 2641 πῶς

2252 2670 2360 2741 γὰρ
2389 2671 2509 2741 οὐχὶ
2534 2672 2746 2741 πονηρά
2772 2671 2872 2740 τῆς
2900 2672 3158 2742 τοιαύτης
3186 2672 3478 2733 διαθέσεως
3506 2673 3598 2724 καὶ
3627 2688 3826 2739 προαι-

2254 2762 2456 2833 ρέσεως
2496 2764 2529 2832 ή
2565 2763 2718 2827 νόσος
2754 2765 2939 2829 ὲστίνς
2982 2762 3101 2816 Ἐπ’
3148 2764 3213 2817 ἂν
3255 2764 3345 2816 τὸν
3379 2764 3595 2816 ἅπαντα
3626 2763 3824 2831 χρόνον

2252 2857 2349 2926 τῆς
2387 2855 2533 2925 ζωῆς
2580 2855 2760 2910 αὐτῶν
2793 2855 3157 2926 ἀμετάϐλητοι
3208 2854 3466 2922 γεγόνασι
3507 2853 3609 2921 τῆς
3646 2855 3823 2907 ἀπαν-

2255 2946 2474 3018 θρώπου
2506 2948 2601 3000 καὶ
2623 2947 2899 3010 παντελῶς
2929 2948 3287 3016 ἀνελεήμονος
3316 2944 3557 3015 γνώμης.
3603 2946 3686 3009 Ὠς
3711 2947 3833 3014 γὰρ

2252 3043 2280 3093 ὁ
2310 3040 2387 3109 τῷ
2425 3041 2587 3093 παντὶ
2631 3041 2808 3111 χρόνῳ
2853 3040 2951 3109 τῆς
2992 3038 3127 3100 ἰδίας
3159 3038 3304 3109 ζωῆς
3351 3036 3571 3108 πυρετῷ
3606 3037 3825 3104 συνεχὸ⁴

2180 3157 2225 3218 c
2259 3150 2415 3201 μενος
2446 3132 2479 3201 ἢ
2518 3131 2762 3203 νεφρικῷ
2810 3131 2843 3201 ἢ
2890 3130 3211 3201 ποδαγρικῴ
3243 3131 3531 3201 νοσήματι,
3579 3129 3831 3199 πονηρὰν

2256 3224 2475 3291 λέγεται
2520 3224 2751 3277 διελθεῖν
2798 3223 2976 3287 νόσον,
3030 3223 3107 3285 ὡς
3158 3223 3214 3275 ὲν
3259 3221 3545 3290 ἀλγηδόσιν
3592 3222 3679 3273 ἀεὶ
3728 3221 3829 3272 καὶ

2257 3314 2563 3384 διηνεκέσιν
2624 3313 2836 3377 ὀδύναις
2893 3314 2983 3367 τὸν
3037 3313 3169 3365 ἴδιον
3230 3312 3343 3380 βίον
3401 3311 3821 3373 καταναλώσας·

2258 3405 2403 3458 οὓτω
2455 3404 2635 3475 πολλῴ
2687 3404 2887 3474 μᾶλλον
2932 3406 2960 3457 6
3003 3404 3103 3473 τὴν
3151 3403 3464 3475 ἀρρωστίαν
3494 3403 3595 3468 τῆς
3646 3401 3828 3471 ψυχῆς

2260 3496 2599 3567 αὐθαιρέτως
2634 3498 2890 3566 νοσήσας,
2922 3496 3015 3549 καὶ
3058 3495 3132 3566 μὴ
3166 3496 3459 3566 φροντίσας
3493 3497 3549 3546 ὲν
3578 3494 3828 3563 οὐρανοῖς

2262 3585 2704 3657 ἀποθησαυρίσαι
2758 3585 3066 3656 θησαυροὺς
3112 3585 3360 3646 αἰωνίους
3408 3584 3545 3656 πρὸς
3580 3584 3674 3654 τήν
3714 3583 3828 3636 τῶν

2262 3676 2493 3729 αἰωνίων
2525 3676 2746 3744 ἀγαθῶν
2777 3678 3080 3730 ἀπόλαυσιν
3107 3676 3486 3747 ἀτελεύτητον,
3514 3677 3827 3748 ἀρρωστίαν

2262 3768 2554 3838 ἐσχηκέναι
2604 3770 3065 3840 δοκιμασθήσεται
3120 3770 3383 3839 πονηράν.
3458 3770 3518 3823 ’0
3573 3770 3670 3838 μὲν
3716 3768 3829 3837 γὰρ

2266 3862 2592 3930 σωματικῶς
2624 3865 3003 3934 ἀρρωστήσας,
3054 3863 3150 3915 ἐὰν
3182 3864 3319 3933 μετά
3365 3862 3467 3931 τῆς
3511 3862 3829 3933 πρεπούσης

2265 3953 2613 4023 εὐχαριστίας
2638 3957 2736 4022 τῆς
2765 3954 2898 4025 πρὸς
2928 3958 3019 4007 τὸν
3048 3956 3143 4007 ἐπὶ
3167 3956 3386 4009 πάντων
3422 3955 3575 4018 Θεὸν,
3612 3953 3833 4007 ὐποίσει

2263 4047 2362 4114 τὴν
2391 4046 2700 4117 ἀρρωστίαν
2740 4048 2834 4100 καὶ
2877 4048 3051 4113 νόσον,
3091 4046 3334 4118 μεγάλας
3367 4046 3704 4116 ἀπολήψεται
3734 4049 3833 4098 καὶ

2265 4136 2694 4201 πολλαπλασίους
2723 4140 2830 4192 τῶν
2880 4138 3067 4193 κόπων
3094 4140 3195 4203 τὰς
3226 4141 3481 4209 ἀμοιδάς.
3534 4158 3551 4189 ι
3607 4140 3681 4190 (ὶύ
3721 4138 3833 4207 γὰρ

2265 4228 2392 4292 ἄξια
2432 4230 2500 4282 τὰ
2534 4230 2832 4301 παθήματα
2879 4229 2973 4283 τοῦ
3008 4230 3101 4283 νῦν
3135 4229 3331 4302 καιροῦ
3382 4230 3517 4299 πρὸς
3560 4229 3660 4298 τὴν
3705 4228 3835 4297 μέλ-

2264 4320 2462 4373 λουσαν
2495 4321 2650 4386 δόξαν
2694 4322 3175 4376 ἀποκαλύπτεσθαι
3208 4315 3231 4376 ἰ
3266 4324 3376 4386 τοῖς
3410 4322 3833 4392 ὑπομεμενηκό-

2270 4429 2353 4464 σιν
2389 4412 2624 4466 ἐνταῦθα
2656 4414 2746 4466 τὸν
2776 4414 3029 4467 καύσωνα
3058 4415 3160 4486 τῆς
3194 4414 3408 4485 ἡμέρας
3450 4415 3546 4467 καὶ
3595 4414 3686 4465 τὸν
3724 4430 3834 4465 πα-

2199 4496 2240 4549 Ῑ)
2268 4504 2423 4571 γετὸν
2458 4506 2561 4575 τῆς
2608 4506 2819 4567 νυκτός.
2865 4506 2923 4559 '0
2972 4507 3030 4560 δὲ
3072 4506 3172 4576 τὴν
3222 4506 3614 4576 προαιρετικὴν
3648 4506 3835 4576 ἀῤῥω-

608 4590 757 4645 στίαν
785 4594 1033 4659 νοσήσας,
1057 4587 1131 4650 ὡς
1158 4589 1398 4656 πονηρὰν
1421 4589 1707 4659 ἐσχηκέναι
1740 4587 1957 4656 λέγεται
1978 4592 2151 4658 νόσον,
2190 4589 2333 4648 οὕτω
2362 4596 2542 4667 πολλῷ
2605 4597 2808 4668 μᾶλλον
2841 4599 3214 4670 πονηροτέρας
3275 4599 3501 4670 εὑρήσει
3534 4599 3632 4662 τὰς
3671 4597 3837 4651 κολά“

608 4702 721 4747 σεις
753 4684 846 4735 καὶ
877 4681 1168 4750 τιμωρίας.

684 4780 812 4846 Quae
835 4778 879 4831 si
902 4778 972 4830 ita
1012 4786 1176 4830 sunt:
1219 4793 1237 4825 ι
1276 4776 1405 4842 Quze
1430 4773 1780 4839 abundantia,
1813 4774 2007 4844 inquit,
2039 4775 2166 4832 huic

624 4984 627 4987 λ
685 4961 729 4993 ³³
759 4960 919 5014 Rom.
953 4974 1071 5024 \‘lll,
1107 4958 1191 5011 IS.

687 5115 796 5183 (‘29)
836 5111 1031 5167 Johum
1062 5110 1252 5165 Noster
1283 5111 1362 5183 sic
1403 5108 1710 5183 compellat,
1734 5120 1941 5183 ut‘eum
1979 5107 2045 5183 ad
2077 5124 2171 5183 ve-

615 5179 915 5239 tustissima
966 5194 1205 5251 tempora
1252 5181 1450 5235 referre
1489 5181 1751 5251 videatur.
1800 5179 1868 5233 Ut
1914 5179 2054 5231 enim
2089 5180 2174 5231 hic

618 5256 790 5310 multo
820 5262 944 5307 ante
967 5250 1330 5309 Salumunem,
1357 5251 1435 5304 sic
1466 5251 1625 5311 infra,
1660 5250 1761 5306 sub
1792 5253 1951 5302 linem
1986 5263 2176 5315 nempe

620 5328 741 5381 libri
775 5341 825 5379 ιιι
880 5331 1004 5377 ante
1048 5324 1224 5390 ipsum
1259 5321 1624 5374 Abrahamum
1676 5321 1903 5375 collocat
1932 5321 2176 5390 :rquippe

620 5399 712 5466 qui
772 5405 893 5464 post
940 5389 1221 5466 δοοιιιιιιιι⁵
1256 5400 1551 5455 recenseat,
1602 5391 1759 5459 eique
1798 5389 2174 5466 _Abrahamum

624 5460 929 5521 subuectat.
957 5462 1141 5531 Neque
1174 5461 1225 5514 id
1270 5470 1446 5514 tamen
1494 5476 1691 5513 novum
1746 5460 2036 5531 admodum
2086 5467 2180 5510 aut

625 5536 917 5590 absurdum
950 5554 963 5588 ε
995 5528 1236 5603 plerique
1268 5531 1410 5583 enim
1444 5538 1703 5603 veterum,
1741 5542 1798 5584 ut
1834 5528 2031 5603 eruditi
2076 5542 2174 5603 no:

626 5617 770 5667 runt,
804 5605 884 5657 vel
916 5596 1173 5673 aequalem
1205 5616 1327 5654 eum
1357 5600 1783 5673 patriarcharum
1829 5598 2055 5673 faciunt,
2092 5596 2176 5649 vel

628 5689 773 5728 ουτω
800 5676 941 5728 circa
980 5670 1180 5741 Moysis
1211 5680 1418 5724 :ctatem
1462 5670 1660 5741 vixisse
1698 5680 1962 5723 censent:
1997 5670 2177 5735 itaque

629 5755 679 5801 ct
729 5746 967 5796 muniunt
1017 5739 1280 5794 librorum
1332 5739 1710 5792 canonicorum
1746 5743 1975 5805 primum
2015 5754 2175 5807 quem

628 5818 696 5870 de
741 5830 805 5867 cu
859 5814 1134 5875 habemus,
1188 5819 1491 5872 uulnerant,
1546 5820 1703 5876 atque
1748 5827 1775 5862 ιι
1832 5807 2012 5878 Moyse
2064 5809 2179 5877 ipso

2345 4776 2407 4830 Et
2434 4777 2490 4829 δὲ
2517 4774 2691 4842 τοῦτο,
2733 4794 2752 4827 ι
2794 4775 2891 4839 Τίς
2939 4774 3245 4848 περίσσεια,
3296 4774 3453 4843 φησὶ,
3483 4773 3561 4844 τῷ
3604 4772 3834 4842 τοιούτῳ

2271 5111 2530 5178 scriptum
2579 5106 2911 5161 existimant.
2946 5107 3051 5162 Sed
3096 5107 3224 5176 quia
3265 5116 3391 5162 sunt
3439 5108 3490 5161 in
3542 5122 3609 5161 eo
3667 5107 3831 5161 multa

2271 5197 2390 5250 qua:
2414 5178 2718 5250 Salomonis
2747 5188 2800 5231 et
2825 5178 3020 5246 stylum
3047 5179 3348 5250 sapiant,et
3381 5178 3683 5250 sententias
3706 5178 3831 5250 imi-

2271 5246 2483 5313 tentur;
2534 5248 2602 5301 ab
2647 5248 2750 5301 hoc
2781 5250 2978 5316 potius,
3027 5249 3106 5301 vel
3140 5248 3303 5301 etiam
3351 5250 3418 5301 ab
3449 5246 3583 5301 Isaia
3634 5259 3723 5301 aut
3767 5248 3835 5300 ab

2274 5322 2440 5375 altero
2474 5318 2783 5388 posterioris
2830 5318 3004 5388 aetatis
3035 5318 3298 5388 scriptore
3342 5319 3702 5385 compositum
3732 5316 3830 5388 alii

2275 5386 2623 5444 arbitrantur.
2651 5388 2918 5441 Cmterum
2946 5387 2996 5438 id
3024 5388 3067 5440 si
3099 5387 3308 5445 demus.
3338 5402 3442 5439 non
3473 5388 3593 5439 ideo
3628 5389 3692 5439 ad
3732 5386 3837 5439 Da-

2274 5461 2412 5514 vidis
2449 5474 2621 5513 :evum
2667 5468 2760 5511 aut
2804 5457 3074 5526 posterius
3101 5458 3264 5510 etiam
3293 5456 3464 5510 Jobus
3498 5457 3613 5524 ipse
3660 5465 3834 5509 retra-

2282 5532 2491 5585 hendus
2537 5528 2638 5582 erit
2668 5545 2680 5579 :
2712 5542 2835 5581 cum
2891 5527 3101 5580 alllatus
3150 5526 3259 5581 Deo
3302 5527 3534 5595 scriptor
3581 5526 3737 5581 facile
3783 5534 3839 5577 et

2281 5603 2416 5655 citra
2460 5598 2659 5652 erroris
2690 5598 2987 5665 periculum
3029 5597 3110 5649 vel
3160 5598 3525 5666 antiquissimi
3577 5596 3839 5665 temporis

2284 5670 2563 5725 historiam
2592 5668 2827 5722 scribere
2860 5668 3107 5733 potuerit.

2356 5741 2465 5811 (50)
2504 5737 2605 5811 Job
2630 5755 2663 5801 ι,
2696 5738 2802 5811 21.Δ
2827 5736 2931 5811 Sed
2963 5737 3103 5811 apud
3134 5734 3559 5811 LNXlegesnu.
3618 5737 3843 5807 Μητρός

2290 5806 2409 5882 μου,
2434 5806 2635 5880 γυμνὸς
2663 5808 2754 5882 καὶ
2781 5806 3147 5877 ἀπελεύσομαι
3180 5807 3312 5860 ἐκεῖ.
