4114 6510
304 402 403 467 961

1418 401 1498 460 IN
1555 398 2125 459 ECCLESIASTEN.
2166 424 2234 431 -
2268 396 2415 458 LIB.
2459 396 2525 454 ν.
3249 426 3253 429 τ
3444 393 3549 456 962

302 514 411 565 τῶν
444 512 681 582 μόχθων,
739 504 815 565 ὧν
870 511 1179 582 ὲμόχθησεν
1225 515 1302 576 είς
1356 513 1591 583 ἄνεμον;
1640 530 1658 561 ι
1710 512 1876 579 ἤγουν

1982 527 2008 563 a
2041 508 2335 571 laboribus,
2366 506 2565 575 quibus
2602 504 2810 557 laborat
2859 501 2911 554 in
2957 500 3213 553 ventum?
3258 518 3275 551 ι
3326 498 3549 554 Frustra

302 604 428 672 εἰκῆ
466 603 564 655 καὶ
597 605 796 670 μάτην.
846 602 1113 673 Καθάπερ
1146 604 1254 673 γάρ
1284 604 1311 654 ὁ
1340 604 1431 655 τὸν
1470 603 1608 673 ἀέρα
1643 602 1872 670 δέρῤων,

302 698 412 748 εἴτε
459 698 573 757 τοῖς
623 696 906 757 δακτύλοις
959 694 1211 764 κατέχειν
1256 695 1453 748 ἐθέλων
1499 695 1590 747 τὸν
1640 694 1874 764 ἄνεμον,

301 787 456 840 οὐδὲν
492 786 656 838 πλέον
701 785 928 855 εὓρηται
963 784 1126 855 δρῶν,
1162 786 1195 856 ἢ
1240 786 1438 849 κόπους
1481 787 1737 857 ματαίους
1782 787 1877 839 καὶ

302 877 589 950 περιττούς
611 893 624 907 ⁸
659 878 803 929 οὓτω
837 879 932 930 καὶ
970 878 1086 930 τῶν
1112 878 1372 931 τοιούτων
1411 879 1438 930 ὀ
1483 878 1682 948 μόχθος
1710 880 1878 947 χωρίς

299 969 400 1038 τῆς
432 967 691 1037 δαψιλοῦς
724 968 847 1038 ὲλεη
858 967 1097 1037 μοσύνης
1118 968 1215 1020 καὶ
1241 968 1339 1038 τῆς
1370 968 1508 1039 πρὸς
1530 970 1656 1031 τοὺς
1684 968 1879 1030 ἐνδεεῖς

302 1062 398 1113 καὶ
438 1062 679 1130 πένητας
734 1061 1095 1130 μεταδόσεως,
1126 1063 1206 1123 εἰς
1238 1061 1440 1129 ἄνεμον
1473 1060 1701 1131 εὓρηται
1737 1061 1878 1127 γινό-

304 1171 463 1224 μενος
496 1153 815 1222 προφανῶς,
854 1152 950 1205 an
978 1152 1041 1223 δὴ
1075 1152 1349 1206 κάνταῦθα
1385 1153 1536 1223 παρὰ
1585 1154 1761 1206 πάντα
1789 1153 1879 1204 τὸν

302 1246 509 1299 ἑαυτῶν
564 1246 679 1316 βίον
730 1247 1134 1315 κατειργμένην
1183 1246 1417 1315 ἑχόντων
1466 1248 1524 1298 ἐν
1570 1248 1750 1300 σκότει
1781 1246 1879 1316 τὴν

306 1338 441 1392 ίδίαν
486 1339 691 1410 ψυχὴν.
724 1341 817 1391 καὶ
861 1340 947 1391 διὰ
990 1338 1149 1392 τοῦτο
1192 1340 1267 1409 μὴ
1310 1340 1617 1409 δυναμένην
1648 1339 1879 1393 ἀποϐλέ-

304 1447 430 1482 πειν
456 1430 592 1501 πρὸς
639 1430 702 1483 τὸ
732 1430 846 1499 φῶς
879 1432 975 1498 τῆς
1016 1431 1289 1500 σωτηρίας
1334 1431 1552 1501 καὶτῆς
1592 1430 1758 1500 ζωῆς,
1783 1430 1878 1482 καὶ

304 1523 449 1591 χόλῳ
482 1522 578 1574 καὶ
624 1521 823 1591 πικρία
868 1521 964 1574 καὶ
994 1520 1179 1573 πένθει
1227 1521 1466 1592 διηνεκεῖ
1512 1521 1878 1591 συνεχομένην

304 1616 362 1666 ὲν
387 1616 453 1685 τῇ
484 1613 771 1680 ἀποτεύξει
799 1614 1029 1683 μάλιστα
1054 1613 1161 1665 τῶν
1189 1614 1334 1666 ἰδίων
1364 1614 1716 1684 καταθυμίων
1735 1628 1750 1643 ⁶
1777 1615 1879 1666 κάν

302 1708 371 1775 τῇ
407 1706 673 1781 μελλούσῃ
708 1706 822 1777 ζωῇ
864 1706 1384 1775 παραπεμπομένην
1420 1724 1438 1757 t
1475 1709 1555 1769 εἰς
1585 1706 1647 1759 τὸ
1684 1706 1878 1772 ἐξώτε-

307 1814 398 1867 ρον
430 1798 621 1860 σκότος
668 1798 761 1850 καὶ
793 1798 853 1850 τὸ
885 1796 994 1867 πῦρ
1036 1797 1097 1849 τὸ
1138 1798 1358 1850 αἰώνιον
1390 1798 1449 1849 τὸ
1478 1798 1878 1869 ἡτοιμασμένον

1982 616 2173 670 nempe
2220 614 2380 669 atque
2430 599 2683 652 inaniter.
2730 595 3199 662 Quemadmodum
3249 593 3394 647 enim
3456 595 3548 660 qui

1981 707 2160 746 acrem
2192 693 2462 754 verberat,
2494 690 2592 743 etsi
2627 697 2846 741 ventum
2880 685 3063 755 digitis
3092 686 3551 752 comprehendere

1981 785 2130 846 velit,
2164 784 2297 836 nihil
2319 782 2465 835 aliud
2494 788 2822 834 consecutus
2848 780 3117 839 videatur,
3141 776 3302 846 quam
3329 786 3385 830 ut
3404 776 3550 828 inani

1978 886 2031 932 et
2059 889 2462 945 supervacaneo
2502 873 2685 926 labore
2709 872 3108 934 delassaretur;
3132 871 3211 923 sic
3237 879 3289 923 et
3321 869 3547 922 istorum

1980 967 2278 1031 contentio,
2316 980 2437 1034 quze
2468 979 2591 1018 cum
2629 962 2881 1016 muniﬁca
2927 962 3303 1016 misericordia
3336 970 3388 1015 et
3417 978 3550 1030 pau-

1980 1076 2168 1130 perum
2210 1068 2374 1128 atque
2408 1057 2680 1125 egentium
2716 1056 2957 1109 subsidio
2987 1056 3279 1123 conjuncta
3318 1070 3423 1108 non
3458 1055 3548 1116 sit,

1980 1153 2272 1209 manifesto
2301 1154 2356 1206 in
2397 1160 2616 1205 ventum
2659 1160 2909 1217 suscepta
2955 1150 3291 1217 reperiatur:
3318 1164 3551 1217 prwser-

1978 1247 2077 1300 tim
2129 1261 2253 1299 cum
2309 1244 2397 1299 hic
2426 1258 2643 1314 quoque
2693 1251 2806 1296 toto
2862 1243 2986 1294 vitae
3037 1254 3279 1310 tempore
3306 1243 3548 1294 animum

1982 1339 2276 1393 habuerint
2324 1338 2378 1391 in
2412 1336 2648 1390 tenebris
2678 1336 2921 1389 clausum
2980 1334 3139 1405 148
3171 1344 3229 1388 ιιι
3260 1350 3430 1403 neque
3464 1351 3551 1388 sa-

1980 1430 2111 1483 lutis
2150 1430 2385 1497 vitasque
2434 1428 2614 1481 lumen
2647 1427 2887 1495 aspicere
2915 1435 3119 1494 p0sset,
3146 1434 3201 1479 et
3233 1426 3379 1477 rabie
3413 1426 3551 1479 assi—

1979 1524 2084 1577 dua
2113 1532 2165 1576 et
2193 1520 2509 1591 :egritudine
2531 1530 2584 1574 et
2617 1520 2801 1573 dolore
2830 1528 3191 1589 premeretur,
3224 1519 3291 1572 iis
3330 1520 3554 1587 potissi-

1980 1630 2149 1677 mum,
2186 1632 2306 1684 qua:
2341 1614 2784 1682 coucupiverant,
2835 1612 3059 1664 minime
3106 1612 3549 1677 succedentibus;

1983 1718 2093 1761 tum
2129 1723 2256 1761 vero
2287 1708 2337 1760 in
2369 1706 2545 1759 futura
2577 1706 2683 1758 vita
2725 1704 3199 1759 transmittendum
3235 1705 3408 1758 sciant
3443 1725 3459 1754 ι
3497 1704 3551 1756 in

1982 1800 2231 1853 tenebras
2257 1799 2555 1853 exteriores
2585 1808 2637 1850 et
2684 1798 2860 1865 ignem
2889 1806 3173 1861 :eternum,
3209 1798 3299 1865 qui
3330 1806 3553 1865 paratus

301 1890 380 1959 τῷ
427 1890 661 1960 διαϐόλῳ
706 1891 945 1954 καὶτοῖς
998 1890 1249 1959 ἀγγέλοις
1292 1888 1481 1944 αὐτοῦ.
1521 1909 1539 1941 ι
1586 1892 1693 1943 Καὶ
1719 1874 1877 1945 τοῦτό

1982 1903 2063 1948 est
2091 1892 2305 1946 diabolo
2331 1904 2384 1945 et
2412 1892 2617 1955 angelis
2656 1893 2774 1960 ejus
2803 1892 2891 1945 ⁸³⁸.
2923 1910 2941 1943 ι
2970 1891 3145 1959 Atque
3176 1892 3280 1944 hoc
3310 1894 3553 1960 proiecto

306 1985 450 2035 ἐστιν
477 1983 582 2057 ἄρα
611 1982 800 2052 σαφῶς
842 1983 870 2036 ὃ
916 2000 1100 2052 φησιν,
1138 2002 1155 2033 ι
1206 1976 1359 2035 Εἶδον
1385 1981 1618 2035 πλοῦτον
1649 1983 1754 2034 ὑπὸ
1782 1984 1874 2035 τὸν

304 2078 458 2147 ἥλιον
488 2076 893 2148 φυλασσόμενον
926 2076 1004 2138 εἰς
1037 2076 1281 2129 κάκωσιν
1315 2074 1408 2127 τοῦ
1460 2074 1810 2140 συνάξαντος.
1852 2095 1870 2127 ι

302 2171 530 2241 Νοητῶς
561 2172 617 2224 δὲ
643 2169 705 2222 τὸ
734 2166 915 2222 Εἶδον
941 2167 1282 2237 ὑποληπτέον
1304 2181 1318 2195 ⁸
1362 2166 1601 2235 δηλονότι
1631 2170 1743 2229 τοῖς
1763 2184 1877 2220 νοε-

308 2266 419 2334 ροῖς
467 2261 770 2331 ὀφθαλμοῖς
815 2260 909 2312 καὶ
958 2260 1023 2327 τῇ
1072 2256 1372 2327 καταλήψει
1404 2254 1514 2310 τῶν
1560 2258 1877 2325 γνωστικῶν

304 2356 587 2423 δυνάμεων
620 2352 722 2421 τῆς
750 2351 928 2420 ψυχῆς
948 2365 961 2381 ’
996 2349 1294 2420 ὀφθαλμοῖς
1326 2347 1433 2418 γάρ
1464 2348 1741 2418 αἰσθητοῖς
1783 2349 1880 2421 τὴν

309 2448 413 2499 ὑπὸ
444 2447 626 2498 πᾶσαν
662 2443 760 2513 τὴν
786 2443 874 2511 ὑφ’
901 2441 1053 2511 ἥλιον
1084 2440 1509 2509 πολιτευομένην
1538 2439 1755 2505 κακίαν,
1782 2440 1879 2511 οὑχ

308 2532 416 2590 οἷόν
444 2537 504 2589 τέ
532 2540 680 2589 ἐστιν
714 2534 844 2586 ίδεῖν
872 2530 1117 2585 ὁπωσοῦν
1137 2547 1151 2561 ·
1185 2525 1307 2584 εἶτά
1334 2548 1499 2600 φησιν
1520 2547 1535 2562 ο

1974 1996 2075 2049 cst,
2108 1986 2251 2055 quod
2284 1986 2359 2039 ait
2387 2003 2398 2037 :
2441 2005 2458 2035 ι
2498 1983 2622 2039 Vidi
2652 1984 2865 2038 divitias
2896 1984 2997 2038 sub
3029 1985 3142 2037 sole
3172 1985 3471 2038 custoditos
3496 1986 3552 2038 in

1974 2078 2091 2147 ejus
2119 2078 2434 2147 perniciem,
2473 2076 2563 2145 qui
2599 2076 2794 2144 coegit.
2822 2096 2840 2126 ι
2878 2074 2971 2129 Est
3001 2086 3179 2129 autem
3213 2076 3364 2138 illud,
3410 2074 3551 2139 Vidi,

1975 2170 2042 2224 de
2068 2172 2265 2225 mentis
2292 2171 2501 2225 visione
2527 2168 2956 2237 intelligendum,
2982 2169 3095 2221 sive
3119 2170 3184 2222 de
3217 2170 3551 2238 spiritalibus

1975 2264 2150 2318 oculis
2171 2274 2223 2319 et
2247 2262 2754 2331 comprehensione,
2781 2278 2902 2330 qme
2925 2262 2990 2315 ad
3015 2262 3208 2314 animm
3234 2263 3339 2313 vim
3364 2262 3551 2330 cogni-

1984 2355 2295 2423 tionemque
2332 2356 2583 2424 pertinet.
2622 2354 2760 2407 Nam
2798 2354 3073 2422 corporeis
3103 2353 3319 2422 quidem
3353 2356 3549 2417 oculis,

1983 2461 2105 2516 quae
2143 2462 2235 2515 per
2265 2448 2577 2499 universam
2611 2455 2807 2499 terram
2837 2456 3105 2510 versatur,
3148 2445 3425 2498 hominum
3458 2461 3552 2498 ne-

1985 2537 2211 2608 quitiam
2240 2552 2381 2591 unus
2418 2536 2601 2591 videre
2631 2537 2755 2607 quis
2794 2536 3001 2606 possit?
3029 2536 3193 2590 Addit
3220 2537 3412 2591 deinde
3443 2555 3457 2590 :

1848 2671 1995 2743 §1v.

378 2763 560 2821 Εἶδον
597 2763 712 2834 ἐγὼ
750 2762 999 2832 ἀγαθόν,
1052 2762 1085 2815 ὅ
1128 2762 1260 2816 ἐστι
1306 2762 1520 2828 καλὸν,
1556 2764 1621 2817 τὸ
1667 2764 1880 2835 φαγεῖν

309 2859 406 2910 καὶ
439 2857 508 2910 τὸ
538 2856 716 2918 πιεῖν,
756 2855 854 2908 καί
885 2854 951 2907 τὸ
983 2853 1130 2907 ἰδεῖν
1165 2855 1563 2926 άγαθωσύνην
1604 2857 1674 2909 ἐν
1700 2857 1880 2911 παντί

302 2949 511 3016 μόχθῳ
540 2945 748 3009 αὑτοῦ,
782 2936 830 3009 ᾧ
869 2942 947 2997 ἂν
965 2944 1248 3014 μοχθιὶσῃ
1278 2944 1395 2999 ὑπὸ
1426 2946 1533 2998 τὸν
1562 2944 1758 3012 ἥλιον,
1787 2948 1878 3000 ἐπ’

309 3038 559 3105 ἀριθμὸν
587 3035 823 3105 ἡμερῶν
864 3034 1012 3102 ζωῆς
1048 3035 1255 3099 αὑτοῦ,
1281 3030 1368 3089 ὧν
1399 3037 1621 3091 ἔδωκεν
1664 3039 1822 3105 αὐτῷ
1849 3044 1881 3094 ὀ

2052 2766 2215 2823 Vsus.
2247 2769 2332 2831 18,
2364 2770 2445 2823 19.
2486 2768 2601 2822 Vidi
2624 2784 2716 2837 ego
2744 2768 2952 2828 bonum,
2985 2768 3121 2834 quod
3148 2777 3224 2822 est
3247 2768 3545 2831 pulchrum.

1975 2861 2241 2913 comedere
2271 2870 2425 2929 atque
2463 2859 2653 2925 bibere,
2682 2870 2732 2912 et
2768 2876 2975 2913 cernere
3006 2860 3288 2913 bonitatem
3322 2862 3373 2912 in
3405 2864 3549 2915 omni

1976 2951 2154 3005 labore
2195 2969 2310 3013 suo,
2343 2969 2644 3022 quocunque
2683 2954 2996 3007 laborarerit
3032 2952 3127 3005 sub
3169 2954 3278 3006 sole
3324 2971 3416 3022 per
3444 2970 3544 3006 mt-

1978 3060 2176 3097 merunt
2217 3045 2419 3097 dierum
2457 3047 2578 3099 vita:
2617 3062 2747 3110 sum,
2788 3061 2916 3115 quos
2961 3044 3102 3097 dedit
3142 3047 3190 3098 ei
3232 3045 3410 3108 Deus;
3449 3053 3545 3098 Itoc

312 3130 487 3193 Θεός’
522 3128 610 3180 ὅτι
642 3129 787 3179 αὐτὸ
813 3124 984 3195 μερὶς
1021 3127 1228 3181 αὐτοῦ.
1276 3129 1388 3182 Καί
1412 3146 1480 3197 τε
1508 3128 1625 3195 πᾶς
1656 3130 1791 3198 (iro;
1807 3150 1877 3184 ω-

1982 3139 2165 3205 quippe
2189 3146 2264 3189 est
2291 3154 2413 3206 pars
2436 3138 2568 3207 ejus.
2594 3138 2661 3190 Et
2679 3140 2887 3207 quidem
2911 3140 3079 3191 omnis
3096 3140 3272 3200 homo,
3299 3140 3385 3192 cui
3404 3143 3545 3194 dedit

311 3239 443 3288 πος,
471 3216 520 3289 ᾧ
560 3221 785 3275 ἔδωκεν
808 3218 970 3285 αὐτῷ
1004 3223 1036 3273 ό
1071 3221 1214 3286 Θεὸς
1244 3221 1513 3275 πλοῦτον
1552 3223 1651 3275 καὶ
1688 3222 1876 3292 ὑπάρ-

313 3328 531 3380 χοντα,
587 3311 688 3364 καὶ
731 3310 1096 3373 ἐξουσίασεν
1139 3312 1325 3363 αὐτόν
1374 3311 1481 3365 τοῦ
1524 3312 1735 3382 φαγεῖν
1776 3314 1875 3368 ἀπ’

314 3402 520 3465 αὑτοῦ,
559 3402 658 3455 καὶ
694 3401 903 3455 λαϐεῖν
943 3401 1009 3455 τὸ
1032 3401 1213 3472 μέρος
1249 3405 1456 3467 αὑτοῦ,
1499 3408 1594 3459 καὶ
1640 3408 1747 3461 τοῦ
1780 3409 1877 3461 εὐ·-

314 3492 653 3565 ερρανθῆναι
701 3495 773 3548 ἐν
808 3496 1014 3564 μόχθῳ
1063 3496 1270 3559 αὑτοῦ,
1317 3498 1495 3552 τοῦτο
1534 3498 1687 3569 δόμα
1734 3500 1879 3554 Θεοῦ

314 3584 516 3638 ἐστιν’
553 3585 643 3637 ὄτι
686 3586 759 3637 οὐ
801 3583 1041 3650 πολλὰς
1064 3585 1482 3653 μνησθήσεται
1522 3590 1627 3653 τὰς
1658 3590 1881 3657 ἡμέρας

315 3675 427 3742 τῆς
474 3672 623 3743 ζωῆς
670 3675 878 3741 αὐτοῦ,
912 3676 1001 3729 ὄτι
1030 3679 1062 3730 d
1101 3678 1245 3745 Θεὸς
1288 3679 1553 3749 περισπᾷ
1596 3679 1781 3734 αὐτὸν
1812 3682 1881 3733 ἐν

320 3768 636 3835 ἀφροσύνῃ
664 3767 911 3835 καρδίας
937 3769 1143 3823 αὑτοῦ.

402 3858 738 3928 Ἀρῤωστίαν
768 3858 864 3911 τοῦ
904 3860 1117 3915 ἔνδοθεν
1142 3862 1301 3933 ἡμῶν
1325 3864 1611 3935 ἀνθρώπου
1639 3867 1882 3937 πονηράν

322 3947 599 4016 ὀνομάσας
652 3948 712 4001 τὸ
759 3948 1111 4021 θησαυρίζειν
1156 3955 1249 4006 καὶ
1293 3956 1583 4024 φυλάττειν
1626 3958 1717 4009 τὸν
1762 3975 1884 4010 συν-

324 4036 678 4108 αθροισθέντα
709 4039 938 4096 πλοῦτον
968 4045 1023 4095 ὲν
1047 4042 1257 4108 πολλοῖς
1302 4046 1521 4116 μόχθοις
1547 4051 1640 4100 καὶ
1674 4050 1883 4113 κόποις,

325 4131 419 4182 καὶ
458 4130 700 4199 χαλεπάς
732 4132 1163 4204 άντιπαρέχοντα
1188 4137 1263 4207 τῷ
1292 4138 1611 4207 φυλάττοντι
1656 4143 1754 4203 τάς
1798 4141 1887 4194 διὰ

320 4224 424 4292 τὴν
475 4222 721 4293 φυλακὴν
763 4225 1149 4295 ἁνταμείψειςο
1203 4230 1282 4291 εἰς
1318 4230 1424 4300 γὰρ
1454 4232 1697 4285 κάκωσιν
1741 4234 1887 4303 εὑρί-

324 4334 536 4378 σκεται,
574 4318 726 4387 φησὶ,
760 4318 853 4371 τοῦ
879 4319 1235 4387 φυλάττοντος
1257 4338 1271 4351 ·
1302 4323 1393 4374 καὶ
1422 4323 1723 4388 διεξοδικῶς
1754 4326 1887 4377 καθ-

322 4409 647 4478 υπογράψας
692 4412 791 4479 τὴν
849 4412 956 4464 τῶν
1001 4411 1211 4465 πολλῶν
1256 4414 1561 4484 ἀνθρώπων
1614 4420 1669 4469 ἐν
1711 4418 1885 4487 τούτῳ

1980 3228 2081 3297 ipsi
2108 3228 2246 3281 Deus
2279 3230 2491 3283 divitias
2522 3242 2567 3283 et
2597 3232 2971 3295 substantiam,
3010 3234 3360 3301 concessitque
3386 3234 3453 3294 ei,
3487 3246 3543 3285 ιιι

1976 3335 2041 3373 ea:
2070 3322 2185 3390 ipsa
2220 3333 2524 3387 veneretur,
2557 3333 2604 3376 et
2638 3325 2840 3376 tolleret
2870 3336 3071 3392 partem
3110 3341 3282 3387 suam,
3315 3335 3364 3378 et
3401 3326 3547 3378 ιωω-

1977 3422 2123 3466 rctur
2162 3416 2215 3467 in
2251 3414 2427 3468 labore
2454 3432 2568 3479 suo,
2600 3417 2696 3468 hoc
2740 3414 2834 3468 Dei
2870 3422 3062 3468 donum
3100 3427 3176 3469 est
3213 3433 3230 3470 :
3269 3434 3367 3470 non
3406 3419 3545 3470 enim

1978 3504 2181 3558 dierum
2216 3510 2502 3559 multorum
2529 3509 2647 3559 vita:
2684 3522 2794 3559 sua:
2832 3507 3214 3567 recordabitur,
3244 3509 3368 3578 quia
3409 3509 3546 3564 Deus

1979 3606 2198 3662 occupat
2228 3614 2347 3651 eum
2376 3599 2429 3650 in
2459 3598 2648 3651 lwtitia
2677 3600 2849 3652 cordis
2878 3598 2994 3667 ejus
3022 3599 3156 3668 (3i).

2054 3868 2348 3938 Postquam
2378 3866 2677 3921 ditescendi
2708 3866 2945 3920 studium
2982 3876 3035 3921 et
3065 3868 3389 3923 laboriosam
3427 3887 3544 3925 mo-

1984 3960 2287 4027 lestamque
2340 3966 2717 4026 congestarum
2780 3972 2943 4025 opum
3005 3959 3345 4021 custodiam,
3410 3963 3549 4014 umle

1984 4052 2180 4105 acerba
2211 4063 2434 4118 prorsus
2464 4046 2844 4102 sollicitudinis
2882 4063 3089 4103 merces
3113 4049 3318 4103 custodi
3359 4065 3550 4118 repen-

1986 4142 2154 4203 ditur,
2203 4140 2498 4209 pessimum
2542 4138 2708 4191 animi
2750 4140 2922 4192 nostri
2961 4140 3275 4208 languorem
3312 4143 3548 4211 appella-

1985 4235 2064 4288 vit
2095 4251 2109 4287 :
2141 4233 2341 4302 quippe
2372 4247 2492 4300 qua:
2528 4231 2579 4283 iu
2617 4231 2932 4300 perniciem,
2969 4233 3164 4302 inquit,
3197 4236 3551 4291 custodientis

1986 4341 2105 4380 esse
2137 4323 2471 4388 invenimus;
2499 4338 2563 4376 ac
2597 4331 2881 4391 postquam
2912 4340 3005 4391 per
3032 4324 3420 4394 digressionem
3454 4330 3550 4382 ho-

1986 4417 2196 4470 miuum
2228 4415 2522 4468 multorum
2556 4414 2657 4467 bac
2688 4412 2740 4465 in
2769 4428 2826 4467 re
2848 4413 3112 4469 insaniam
3144 4417 3448 4487 descripsit,
3482 4420 3549 4474 ad

321 4501 709 4573 παραπληξίαν
733 4518 746 4531 ⁸
777 4505 1111 4572 ἀντιτίθησιν
1141 4505 1219 4559 ἔτι
1237 4507 1371 4578 πρὸς
1396 4507 1617 4578 ἔλεγχον
1659 4510 1881 4573 τούτων,

1987 4509 2303 4561 eorumdem
2356 4506 2830 4575 reprehensionem
2889 4508 3110 4575 Opponit
3162 4519 3441 4577 praetcrea,
3493 4522 3553 4565 ut

322 4595 461 4645 κατὰ
512 4594 571 4645 τὸ
619 4597 1200 4666 προσυπηκουσμένον,
1301 4598 1395 4651 xui.
1444 4601 1710 4653 πλοῦτον
1746 4602 1889 4671 ἁγα-

324 4689 449 4752 Θόν,
485 4688 543 4740 οὐ
596 4689 673 4758 τῷ
732 4688 932 4755 δοκεῖν,
964 4688 1099 4743 ἀλλὰ
1147 4690 1310 4745 καλὸν
1336 4693 1412 4754 ὡς
1456 4692 1672 4761 άληθῶς
1717 4710 1889 4761 πεφυ-

324 4779 455 4830 κότα
487 4782 579 4831 καὶ
608 4780 1197 4851 παραλαμϐανόμενον,
1227 4782 1467 4852 δηλονότι
1496 4784 1586 4836 τὸν
1629 4786 1768 4854 μετά
1792 4786 1890 4855 τὴν

326 4869 574 4940 αὐτάρκη
606 4873 797 4940 χρείαν
824 4872 1011 4925 τοῦτον
1056 4873 1286 4927 πλοῦτον
1318 4875 1767 4946 συναθροίσαντος
1796 4878 1893 4930 καὶ

327 4960 708 5028 φυλάττοντος,
756 4965 933 5035 ἤνπερ
983 4966 1225 5035 ἐσήμανε
1276 4966 1363 5019 διὰ
1406 4965 1499 5019 τοῦ
1551 4967 1741 5034 φάναι,
1779 4987 1797 5018 ‹
1831 4969 1891 5021 τὸ

330 5054 526 5119 φαγεῖν
554 5055 647 5105 καὶ
688 5056 747 5106 τὸ
779 5059 923 5107 πιεῖν
946 5072 961 5085 ·
1000 5076 1019 5107 ι
1059 5057 1367 5122 ἀκολούθως
1408 5060 1501 5112 καὶ
1540 5064 1655 5123 τοῖς
1688 5062 1891 5114 ἑνδεέσι

326 5141 713 5211 διανεμόμενον
739 5162 809 5196 πα
820 5147 884 5214 ρὰ
906 5146 1016 5198 τῶν
1035 5148 1234 5219 χειρῶν
1254 5150 1349 5201 τοῦ
1374 5150 1694 5221 κατέχοντος
1714 5168 1727 5180 ·
1753 5150 1889 5203 ὥστε

329 5233 627 5287 θεάσασθαι
673 5239 764 5287 καὶ
807 5241 917 5302 τοῖς
966 5239 1113 5300 ἰδίοις
1163 5241 1463 5313 ὀφθαλμοῖς
1523 5246 1601 5304 εἰς
1665 5245 1889 5311 ἀγαθω-

416 5416 461 5446 ”
491 5420 506 5436 '
540 5415 733 5470 Matth.
764 5434 889 5484 xxv,
923 5422 1011 5475 41.

403 5528 659 5609 (δυ-5(ξὰ
694 5533 833 5609 apud
880 5532 1021 5609 LXX
1074 5536 1197 5609 sic‘:
1252 5533 1380 5609 Ἰδοὺ
1428 5527 1895 5609 εἶδον-ἐγὼαάγαί

330 5601 441 5672 θόν,
470 5601 497 5653 ὃ
534 5603 646 5672 ἐστι
676 5601 856 5668 καλὸν,
886 5603 979 5654 τοῦ
1014 5606 1203 5672 φαγεῖν
1247 5603 1339 5655 καὶ
1367 5602 1461 5655 τοῦ
1492 5606 1632 5672 mei)
1662 5602 1755 5653 καὶ
1796 5601 1890 5653 τοῦ

333 5666 926 5753 ἰδεῖνάγαθωσύνηνὲν
956 5666 1115 5753 παντῖ
1149 5672 1332 5753 μόχθιρ
1367 5671 1554 5733 αὐτοῦ,
1584 5666 1626 5753 εἶ)
1787 5687 1885 5753 μο-

328 5741 428 5811 χθῇ
457 5742 560 5813 ὑπὸ
590 5742 682 5813 τὸν
714 5740 862 5811 ἥλιον
890 5743 1122 5813 ἀριθμὸν
1144 5740 1483 5813 κήμερῶν.....
1517 5742 1609 5795 καὶ
1642 5740 1885 5813 ἐξουσίαι

334 5828 422 5867 σεν
458 5812 607 5883 αύτῷ
641 5815 835 5883 φαγεῖν
885 5814 980 5868 ἀπ’
1007 5812 1284 5867 αὐτοῦμη.
1330 5815 1408 5866 ὅτι
1452 5814 1512 5865 οὐ
1546 5812 1713 5866 πολλὰ
1747 5828 1881 5881 μνη-

1990 4597 2423 4654 subaudiendum
2449 4606 2553 4660 est,
2591 4597 2803 4649 divitias
2834 4614 3050 4667 quoque
3082 4604 3265 4664 bonus,
3308 4618 3413 4655 non
3444 4606 3552 4657 uti-

1987 4706 2094 4759 que
2124 4691 2264 4753 visu,
2294 4699 2349 4743 at
2377 4704 2560 4743 revera
2598 4689 2853 4757 pulchras
2888 4700 2942 4742 et
2969 4702 3158 4745 natura
3188 4694 3319 4747 tales
3348 4695 3553 4747 haben-

1987 4785 2106 4843 das,
2138 4798 2231 4835 eas
2279 4797 2491 4848 nempe,
2526 4796 2664 4850 quas
2710 4782 2833 4849 quis
2862 4781 3139 4851 collegerit
3194 4794 3245 4836 et
3279 4785 3551 4839 custodiat

1991 4873 2331 4929 moderatum
2363 4874 2415 4925 in
2444 4888 2626 4935 usum,
2658 4888 2818 4942 quem
2853 4873 2959 4927 illis
2988 4876 3168 4927 verbis
3199 4876 3551 4943 signiﬁcavit.

1995 4985 2013 5018 ι
2054 4964 2341 5018 comedere
2397 4971 2559 5033 atque
2600 4965 2782 5017 bibere
2828 4980 2841 5014 :
2881 4985 2899 5015 ι
2947 4972 2999 5017 et
3038 4981 3158 5032 qua:
3206 4982 3313 5019 non
3370 4968 3551 5021 minus

1986 5059 2172 5128 egenis
2220 5072 2437 5127 quoque
2476 5057 2682 5109 domini
2728 5058 2979 5109 manibus
3015 5056 3453 5124 distribuantur;
3493 5069 3551 5113 ut

1986 5160 2039 5203 et
2075 5148 2247 5203 oculis
2286 5148 2399 5216 ipse
2444 5148 2557 5201 suis
2598 5162 2689 5201 cas
2724 5148 2775 5200 in
2812 5146 3093 5201 bonitatem
3146 5165 3433 5203 conversas
3469 5151 3549 5202 vi-

1988 5244 2134 5305 deat,
2163 5239 2323 5311 149
2342 5256 2462 5309 qua:
2491 5239 2916 5294 misericordiam
2944 5240 3189 5310 designat
3215 5250 3270 5294 et
3301 5241 3524 5296 humani

1992 5532 2249 5602 φθήσεται
2277 5531 2375 5591 τὰς
2407 5530 2617 5602 ἡμέρας
2645 5530 2742 5602 τῆς
2768 5529 2913 5602 ζωῆς
2952 5530 3231 5584 absab..."
3261 5530 3545 5602 Olymp....

1988 5596 2062 5673 ῶν
2080 5596 2295 5673 ’ἔδωκεν
2324 5604 2350 5652 ὀ
2374 5596 2504 5673 Θεὸς
2532 5596 2708 5673 αὺτῷέ
2742 5596 2966 5653 πλοῦτον
2986 5602 3089 5673 καὶ
3116 5596 3433 5673 ὑπάρχοντα
3455 5605 3547 5657 καὶ

1986 5672 2233 5737 ἐξουσίαν
2266 5673 2323 5723 ὲν
2352 5671 2501 5741 αύτῴ
2533 5670 2625 5723 τοῦ
2654 5670 2854 5741 φαγεῖν
2901 5672 2994 5725 ἀπ’
3027 5672 3211 5738 αὑτοῦ,
3232 5670 3334 5727 ’καὶ
3362 5673 3547 5727 λαϐεῖν

1982 5744 2041 5795 τὸ
2072 5741 2235 5812 μέρος
2263 5740 2447 5806 αὑτοῦ,
2480 5743 2571 5795 καί
2592 5740 2685 5797 τοῦ
2717 5741 3171 5814 εὐφρανθῆναι....
