4114 6542
343 402 451 465 965

1420 401 1501 461 ΙΝ
1543 400 2117 466 ECCLESIASTEN.
2169 434 2237 443 -
2276 409 2423 471 LIB.
2469 412 2539 471 V.

3485 417 3592 479 966

341 514 493 586 αὐτῷ
532 512 798 567 συναπιὺν
837 512 927 567 καὶ
980 510 1467 582 συναποιχόμενον.
1518 512 1593 565 Τὸ
1641 513 1749 583 γὰρ
1793 515 1924 567 αὐτὸ

2026 519 2346 573 nominavit.
2377 520 2512 574 Cum
2543 520 2688 576 enim
2719 521 2946 578 dixisset
2978 542 2992 578 :
3031 543 3049 576 ι
3084 524 3150 580 Et
3173 527 3389 597 quidem
3416 545 3595 587 omms

342 606 505 661 τοῦτο
548 607 642 659 καὶ
681 624 698 657 ι
742 605 891 676 Δόμα
937 603 1074 657 Θεοῦ
1116 622 1135 655 ι
1172 607 1465 674 προσεῖπεν
1500 605 1530 657 6
1593 605 1755 675 σοφὸς
1794 606 1918 659 Ἐκ-

344 696 680 767 κλησιαστής
706 713 718 725 η
757 694 926 748 είπὼν
960 696 1103 764 γὰρ,
1154 713 1176 747 ι
1200 695 1310 749 Καί
1340 713 1404 764 γε
1455 697 1563 759 πᾶς
1610 696 1915 767 ἄνθρωπος,

343 788 418 849 ὼς
448 788 648 841 ἔδωκεν
699 785 847 856 αύτῷ
874 785 1009 848 Θεὸς
1053 784 1283 840 πλοῦτον
1323 788 1419 840 καὶ
1452 787 1789 858 ὑπάρχοντα,
1825 788 1920 841 καὶ

344 879 654 945 έξουσίασεν
684 878 844 931 αὐτὸν
871 877 968 931 τοῦ
997 882 1196 947 φαγεῖν
1223 879 1317 932 ἀπ’
1364 880 1559 945 αὐτοῦ,
1595 881 1688 933 καὶ
1732 879 1920 931 λαϐεῖν

340 972 404 1025 τὸ
440 971 604 1041 μέρος
633 970 830 1033 αὑτοῦ,
864 970 1076 1023 καὶτοῦ
1110 972 1479 1041 εὐφρανθῆναι
1512 973 1571 1025 ὲν
1606 972 1793 1042 μόχθῳ
1822 971 1918 1023 αύ-

2020 611 2205 672 homo.
2241 612 2329 666 cui
2360 613 2511 667 dedit
2545 614 2647 682 ipsi
2683 613 2827 671 Deus
2859 616 3081 672 divitias
3112 628 3168 673 et
3207 620 3594 689 substantiam,

2015 701 2401 771 concessitque
2434 704 2505 766 ei,
2554 712 2613 757 ut
2644 719 2709 757 ex
2753 704 2871 775 ipsa
2919 718 3259 777 vesceretur,
3297 720 3354 766 et
3388 714 3595 771 tolleret

2016 800 2223 860 partem
2248 808 2428 857 suam,
2457 802 2512 847 et
2542 794 2817 850 laetaretur
2852 796 2905 850 in
2945 798 3131 853 labore
3162 816 3286 867 suo,
3324 822 3344 856 ι
3395 807 3597 875 adjecit

2016 884 2266 952 protinus
2294 898 2307 934 :
2339 901 2357 934 ι
2388 883 2501 937 lloe
2539 886 2741 939 donum
2778 887 2868 942 Dei
2902 898 3005 955 est,
3034 908 3053 941 ι
3093 891 3145 944 id
3174 891 3276 953 est,
3304 903 3593 964 propterea

2024 975 2140 1035 tibi,
2196 990 2230 1028 0
2279 975 2547 1041 mortalis,
2582 977 2801 1033 divitias
2856 980 3002 1035 dedit
3053 984 3595 1042 muniﬁcentissimus

343 1063 459 1126 τοῦ,
499 1083 515 1115 ι
574 1062 856 1133 παρευθὺς
906 1063 1135 1132 ἀμέσως
1186 1065 1457 1135 ἐπήγαγε,
1494 1084 1513 1115 ι
1572 1065 1742 1117 Τοῦτο
1784 1064 1922 1132 δόμα

2026 1063 2291 1118 Dominus
2321 1078 2386 1117 ac
2424 1064 2585 1128 Deus,
2623 1074 2683 1120 ut
2717 1082 2812 1121 eas
2847 1070 3129 1138 egentibus
3162 1072 3477 1139 distribuas,
3514 1088 3594 1132 at—

342 1155 478 1209 Θεοῦ
508 1157 678 1220 ἐστιν,
717 1175 734 1206 ι
774 1156 897 1208 ἀντὶ
926 1154 1045 1220 τοῦ,
1080 1156 1178 1207 Διά
1223 1155 1383 1208 τοῦτό
1431 1173 1514 1209 σοι
1563 1157 1784 1219 ἔδωκεν,
1832 1156 1925 1209 ἄν-

348 1249 560 1319 θρωπε,
582 1250 675 1301 τὸν
709 1247 942 1301 πλοῦτον
961 1248 988 1300 6
1021 1246 1398 1318 μεγαλόδωρος
1421 1247 1627 1316 Κύριος
1656 1248 1749 1301 καὶ
1774 1248 1926 1313 Θεὸς,

2025 1170 2130 1224 que
2160 1156 2371 1210 animas
2398 1156 2607 1223 repleas
2635 1159 2958 1227 esurientes,
2995 1170 3050 1216 et
3082 1179 3178 1218 cor
3207 1174 3359 1221 tuum
3386 1185 3478 1238 spe
3508 1170 3593 1224 ιυ-

2026 1256 2275 1300 turorum
2308 1248 2652 1315 praemiorum
2687 1248 2946 1307 laetiﬁces.

350 1344 434 1397 ἵνα
464 1344 753 1415 διανείμῃς
783 1343 945 1397 αὐτὸν
972 1344 1085 1405 τοῖς
1151 1342 1380 1407 ὲνδεέσι,
1422 1344 1517 1395 καὶ
1576 1342 1754 1413 ψυχὰς
1821 1340 2110 1412 έμπλήσῃς
2162 1341 2456 1407 πεινώσας,
2501 1344 2598 1396 καὶ
2640 1350 3027 1419 κατευφράνῃς
3079 1367 3175 1413 σου
3225 1354 3324 1423 τὴν
3365 1358 3594 1427 καρδίαν

345 1440 436 1493 ἐπὶ
473 1441 540 1510 τῇ
578 1438 753 1491 ἑλπίδι
786 1438 886 1508 τῆς
917 1438 1028 1490 τῶν
1062 1437 1367 1508 μελλόντων
1401 1437 1830 1499 ἀνταποδόσεως.

418 1530 767 1603 Παρεμπεδοῖ
809 1530 867 1584 δὲ
915 1529 1074 1584 τοῦτο
1108 1530 1203 1583 καὶ
1242 1528 1303 1581 τὸ
1346 1528 1570 1599 ἀμέσως
1614 1528 1913 1598 ἑπόμενον·

2090 1522 2206 1576 Hoc
2249 1538 2378 1578 vero
2428 1538 2493 1578 ea
2545 1524 2730 1587 etiam,
2783 1539 2924 1594 quae-
2956 1525 3214 1597 deinceps
3264 1544 3589 1600 sequuntur,

348 1624 482 1695 φησὶ
511 1623 642 1695 γὰρ,
675 1620 755 1675 ὅτι
798 1640 816 1673 ι
846 1622 919 1674 Οὐ
951 1620 1155 1685 πολλὰς
1183 1619 1552 1691 μνησθήσεται
1582 1618 1680 1683 τὰς
1704 1619 1919 1689 ἡμέρας

345 1716 444 1786 τῆς
472 1713 616 1783 ζωῆς
643 1710 830 1774 αὑτοῦ,
874 1730 893 1763 ι
928 1711 1051 1765 ἀντὶ
1079 1709 1197 1774 τοῦ,
1223 1710 1441 1781 Βραχύς
1474 1711 1622 1762 ἐστιν
1649 1711 1677 1762 6
1708 1708 1919 1779 ἀνθρώ·

345 1823 502 1869 πινος
537 1804 673 1875 βίος,
707 1804 800 1857 καὶ
828 1802 890 1857 τὸ
918 1803 1128 1856 στάδιον
1159 1801 1259 1871 τῆς
1289 1800 1573 1873 παρούσης
1598 1800 1745 1870 ζωῆς
1771 1801 1918 1853 ὠκύ-

348 1910 518 1964 μορον
553 1890 765 1960 πέφυκε
784 1906 800 1923 ⁵
850 1892 945 1945 κοιλ¹
986 1892 1086 1961 τήν
1133 1891 1407 1961 ποσότητα
1435 1892 1543 1945 τῶν
1571 1892 1792 1962 ἡμερῶν
1819 1893 1919 1961 τῆς

347 1985 483 2047 ἰδίας
514 1983 658 2053 ζωῆς
686 1984 939 2049 ἕκαστος,
966 1986 1013 2037 εί
1046 1983 1341 2054 βουληθείη
1372 1983 1707 2054 ἐξαριθμεῖν,
1729 1984 1918 2052 ὀλίγας

342 2079 512 2143 αὐτὰς
561 2080 659 2132 καὶ
704 2078 764 2130 ού
818 2076 1023 2140 πολλὰς
1052 2077 1299 2147 εὑρήσει,
1330 2076 1517 2140 καθώς
1562 2076 1664 2130 πού
1699 2094 1860 2147 φησιν
1890 2079 1918 2130 6

343 2172 632 2241 προφήτης
661 2169 827 2223 Δασὶδ
872 2168 1010 2240 πρὸς
1043 2169 1206 2221 αὑτὸν
1239 2166 1638 2239 ἀνακεκραγώς
1665 2185 1678 2199 ·
1732 2187 1750 2220 ι
1806 2168 1917 2239 Τὴν

342 2258 635 2329 ὀλιγότητα
686 2261 796 2313 τῶν
846 2258 1070 2330 ἡμερῶν
1124 2275 1225 2328 μου
1278 2258 1599 2326 ἁνάγγειλόν
1646 2275 1769 2327 μοι,
1830 2259 1917 2311 ἵνα

342 2352 455 2419 γνῶ
484 2352 538 2405 τί
581 2351 795 2421 ὑστερῶ
848 2349 958 2418 ἐγώ
982 2364 996 2377 ³
1047 2370 1065 2401 ι
1106 2350 1200 2401 καὶ
1238 2349 1421 2419 πολλῷ
1452 2349 1509 2403 δὲ
1555 2350 1716 2402 πλέον
1758 2352 1786 2402 6
1815 2366 1919 2402 πα·

344 2444 609 2514 τριάρχης
647 2442 742 2495 καὶ
788 2439 1044 2510 θεοφιλὴς
1088 2442 1117 2493 6
1157 2440 1386 2493 Ἰακώϐ·
1420 2459 1438 2491 ι
1468 2441 1533 2494 Ai
1574 2441 1779 2510 ἡμέραι
1810 2440 1917 2494 τῶν

348 2531 485 2586 ἑτῶν
519 2551 623 2601 μου
668 2532 864 2603 μικραὶ
894 2532 990 2585 καί⁸
1022 2534 1255 2603 πονηραί
1274 2549 1288 2563 ⁸
1325 2551 1343 2584 ι
1377 2532 1475 2595 τάς
1504 2530 1690 2600 ὀλίγας
1716 2532 1914 2602 ὀνομάο

352 2640 451 2689 σας
500 2622 723 2695 μικράς.
766 2625 831 2675 Ὃ
879 2622 937 2675 δέ
990 2639 1173 2693 φησιν,
1217 2641 1235 2674 ι
1281 2624 1403 2676 ’Ὅτι
1437 2624 1466 2675 6
1497 2622 1629 2685 Θεὸς
1673 2623 1915 2692 περισπᾷ

347 2717 508 2771 αὑτὸν
537 2718 595 2768 ὲν
641 2714 949 2786 εὐφροσύνῃ
981 2716 1205 2785 καρδίας
1235 2714 1421 2779 αὑτοῦ,
1465 2734 1483 2765 ι
1521 2715 1679 2768 τοῦτο
1709 2714 1912 2786 σημαί-

345 2824 425 2859 νει
461 2807 670 2876 σαφῶς,
703 2806 778 2869 ὼς
806 2806 1013 2873 ἀγαθὸς
1048 2807 1141 2859 καὶ
1178 2804 1559 2877 φιλάνθρωπος
1601 2805 1858 2874 πεφυκὼς
1886 2806 1916 2857 6

2025 1615 2384 1682 conﬁrmant;
2416 1617 2491 1669 ait
2517 1632 2753 1686 namque
2780 1635 2793 1671 :
2832 1637 2852 1669 ι
2888 1617 3004 1673 Νοη
3036 1621 3183 1674 enim
3212 1624 3417 1678 dierum
3455 1629 3594 1680 mul-

2024 1714 2201 1760 torum
2233 1706 2359 1761 vitm
2388 1722 2500 1761 sua:
2518 1708 2914 1775 recordabitur,
2946 1728 2964 1761 ι
2992 1712 3138 1766 velut
3163 1712 3215 1767 si
3247 1714 3431 1769 dicat:
3462 1716 3595 1773 Bre-

2025 1798 2106 1851 vis
2146 1807 2230 1852 est
2258 1798 2497 1852 hominis
2529 1799 2661 1861 vita,
2708 1799 2937 1869 ejusque
2964 1803 3200 1857 stadium
3230 1805 3398 1861 veloci
3435 1809 3593 1877 plane

2024 1906 2188 1944 cursu
2222 1890 2507 1944 conticitur
2540 1908 2553 1944 :
2609 1906 2672 1944 ac
2700 1907 2987 1947 numerum
3018 1894 3229 1949 dierum
3260 1897 3381 1953 vita:
3404 1916 3517 1959 suae
3544 1902 3593 1955 si

2024 1996 2310 2035 numerare
2337 1980 2489 2045 velit,
2535 1995 2739 2048 paucos
2787 1996 2883 2036 eos
2931 1984 3183 2052 quisque,
3230 2001 3337 2039 non
3390 1990 3595 2045 multos

2025 2072 2281 2133 inveniet,
2332 2072 2793 2140 quemadmodum
2848 2074 3081 2143 quodam
3138 2077 3192 2129 in
3251 2077 3369 2133 loco
3424 2081 3593 2136 David

2025 2163 2285 2232 propheta
2323 2163 2491 2216 Deum
2520 2162 2802 2232 alloquens
2845 2164 3023 2221 dixit:
3072 2184 3090 2217 t
3116 2168 3448 2222 Paucitatem
3477 2172 3591 2226 dic-

2024 2270 2143 2309 rum
2184 2269 2427 2309 meorum
2467 2254 2658 2308 nuntia
2696 2255 2829 2308 mihi
2870 2256 2935 2319 ‘7,
2970 2266 3028 2309 ut
3064 2257 3233 2311 sciam
3287 2262 3415 2329 quid
3450 2262 3592 2318 desit

2024 2346 2155 2398 mihi
2182 2345 2265 2411 ’3;
2303 2364 2322 2395 ι
2371 2360 2435 2399 ac
2465 2345 2637 2399 multo
2666 2346 2817 2414 prius
2859 2346 3070 2401 dixerat
3111 2348 3223 2402 Deo
3259 2351 3460 2406 cbarus
3498 2369 3593 2424 pa-

2024 2438 2259 2491 triarcha
2292 2436 2462 2493 Jacob
2500 2457 2512 2492 :
2562 2456 2580 2489 ι
2619 2437 2741 2491 Dies
2770 2453 3038 2492 annorum
3080 2455 3323 2495 meorum
3360 2448 3508 2512 parvi
3536 2457 3591 2501 et

2022 2529 2151 2583 ntali
2184 2527 2328 2599 (35);
2368 2548 2387 2580 ι
2422 2528 2517 2598 qui
2575 2527 2731 2597 pauci
2788 2536 2989 2592 essent,
3045 2544 3241 2597 parvos
3289 2535 3587 2602 appellans.

2022 2619 2176 2686 Quod
2202 2633 2332 2674 vero
2362 2619 2437 2673 ait
2467 2637 2481 2673 :
2519 2636 2538 2669 ι
2569 2618 2706 2684 Quia
2731 2616 2873 2671 Deus
2902 2628 3129 2685 occupat
3156 2622 3365 2674 eumin
3403 2623 3589 2679 laetitia

2021 2713 2203 2767 cordis
2243 2712 2351 2772 sui,
2392 2730 2411 2762 ι
2460 2709 2747 2765 manifeste
2794 2711 2896 2763 hoc
2929 2709 3217 2779 signiﬁcat,
3249 2728 3277 2765 a
3327 2711 3456 2779 Deo,
3492 2718 3589 2783 qui

2021 2803 2198 2860 bonus
2251 2812 2444 2857 natura
2472 2810 2555 2858 est
2602 2810 2656 2857 et
2707 2801 2987 2856 hominum
3021 2804 3450 2868 amantissimus,
3486 2810 3588 2860 hu—

343 2898 476 2960 Θεὸς
521 2897 798 2965 ἐντίθησιν
850 2900 930 2960 είς
980 2896 1080 2961 τὰς
1139 2897 1485 2967 ἀνθρωπίνας
1541 2897 1766 2967 καρδίας
1808 2896 1917 2950 τῶν

2022 2908 2143 2946 rum
2169 2892 2366 2948 animis
2387 2893 2612 2947 inditam
2644 2893 2837 2946 futura:
2867 2891 2988 2945 vitae
3012 2893 3413 2960 cogitationem,
3442 2897 3589 2951 dari.-

346 2982 656 3057 μελλόντων
684 2986 783 3057 τὴν
810 2986 1040 3052 ἔννοιαν,
1072 2987 1168 3039 καὶ
1204 2987 1419 3041 δίδωσιν
1446 2988 1638 3051 αὐταῖς
1668 2990 1726 3042 ὲν
1757 2988 1914 3059 ἐλεη-

347 3078 610 3148 μοσύναις
644 3078 736 3131 καὶ
767 3079 1072 3150 οίκτιρμοῖς
1120 3081 1369 3150 πενήτων
1413 3080 1513 3152 ζῇν
1564 3081 1914 3153 βουλομέναις

344 3170 565 3223 πλείονα
623 3169 1011 3241 περισπασμὺν
1061 3170 1163 3240 τῆς
1213 3172 1347 3241 πρὸς
1400 3172 1527 3241 τοὺς
1581 3172 1913 3242 πενομένους

343 3259 639 3337 διαμονῆς’
675 3261 763 3315 ἵνα
808 3260 904 3315 καὶ
938 3260 1186 3325 πλείονος
1220 3263 1559 3334 εὐφροσύνης
1588 3264 1913 3335 ἐμφορηθῶ-

348 3367 431 3403 at»
468 3353 525 3405 ὲν
566 3354 632 3422 τῇ
664 3351 840 3404 ἐλπίδι
865 3350 965 3421 τῆς
1006 3351 1383 3421 ἀνταμείψεως
1431 3353 1540 3407 τῶν
1587 3355 1907 3425 μελλόντων.

348 3443 410 3495 Εί
436 3442 544 3512 γὰρ
583 3459 601 3493 ι
646 3442 1058 3510 κατακαυχᾶται
1104 3442 1255 3494 ελεον
1287 3442 1542 3512 κρίσεως,
1582 3462 1601 3495 ι
1636 3444 1709 3507 ῶς
1749 3461 1912 3515 φησιν

345 3534 375 3585 6
401 3532 716 3603 ἀδελφόθεος
748 3532 839 3585 καὶ
867 3533 1039 3602 μέγας
1078 3532 1361 3597 Ἰάκωϐος·
1391 3533 1507 3588 ἔστι
1529 3535 1586 3588 δέ
1615 3553 1697 3597 τις
1730 3536 1908 3589 ποιού-

349 3641 508 3695 μενος
557 3623 803 3694 δαψιλεῖς
850 3624 949 3687 τὰς
990 3623 1378 3694 ἐλεημοσύνας,
1431 3625 1546 3689 πῶς
1580 3627 1700 3696 οὐχί¹
1729 3627 1911 3696 πάσης

349 3716 768 3786 πληρωθήσεται
809 3716 1185 3787 πνευματικῆς
1230 3716 1596 3788 εύφροσύνης;
1650 3720 1778 3771 ὅταν
1830 3722 1909 3783 είς

350 3808 653 3877 εὐθύμησιν
679 3807 810 3879 έλθῃ
833 3808 932 3877 τῆς
965 3807 1073 3860 ἀπὺ
1103 3807 1197 3860 τοῦ
1234 3809 1500 3878 παρόντος
1528 3808 1643 3877 βίου
1673 3826 1907 3877 μετανα-

353 3896 616 3958 στάσεως.
639 3893 869 3959 ἐλπίζων
894 3894 1208 3957 ἀπολαϐεῖν,
1243 3898 1386 3967 ειπερ
1416 3898 1729 3966 ὲσκόρπισε,
1761 3898 1912 3967 παρά

351 3989 450 4058 τῆς
482 3987 657 4041 πάντα
688 3984 1052 4057 ταλαντεύσης
1079 3986 1147 4039 τὰ
1185 3986 1497 4056 ἀνθρώπινα
1519 3987 1912 4057 δικαιοκρισίας

351 4075 713 4148 θεοπρεποῦς,
747 4074 823 4138 ὡς
846 4076 941 4129 καὶ
980 4074 1119 4146 μετά
1153 4076 1247 4128 τοῦ
1284 4078 1564 4147 προφήτου
1592 4078 1771 4146 λέγειν
1809 4083 1912 4132 Δα-

351 4170 437 4223 σεδ
457 4187 472 4202 ο
506 4187 525 4220 ι
565 4169 723 4239 Οἵμοι
751 4168 831 4221 ὅτι
863 4169 897 4238 ή
944 4167 1205 4237 παροικία
1250 4184 1352 4237 μου
1380 4169 1693 4240 ὲμακρύνθη
1718 4185 1732 4201 ο
1782 4188 1911 4224 κατ-

2019 2985 2243 3055 queiis,
2275 2985 2367 3054 qui
2398 2999 2527 3055 erga
2558 2999 2757 3053 egenos
2788 2984 3006 3054 benigni
3037 3001 3252 3056 semper
3280 3004 3343 3042 ac
3374 2990 3588 3043 miseri-

2016 3078 2209 3132 cordes
2239 3092 2359 3131 esse
2392 3078 2631 3140 student,
2663 3077 3077 3146 propensionem
3122 3081 3413 3148 quamdam
3465 3097 3587 3135 ma-

2014 3169 2214 3239 jorem,
2251 3184 2359 3239 quo
2390 3168 2579 3238 inopes
2612 3168 2764 3239 151
2808 3169 3065 3226 libentius
3097 3170 3314 3227 foveant
3347 3191 3360 3227 :
3399 3182 3456 3227 ut
3488 3190 3586 3244 spe

2017 3260 2325 3314 futurorum
2356 3259 2701 3329 praemiorum
2729 3259 3034 3326 exhilarati,
3068 3264 3422 3319 cumulatiore
3448 3282 3584 3335 gau-

2016 3351 2107 3405 dio
2132 3351 2525 3419 compleantur.
2556 3348 2612 3403 Si
2639 3350 2783 3404 enim
2819 3367 2839 3402 t
2872 3352 3239 3421 superexaltat
3274 3355 3583 3409 misericor-

2016 3442 2103 3496 dia
2126 3442 2393 3511 judicium
2418 3442 2487 3509 ",
2524 3460 2544 3493 ι
2575 3442 3034 3511 quemadmodum
3064 3443 3140 3498 ait
3172 3460 3399 3515 magnus
3425 3446 3582 3502 Jaco-

2017 3531 2119 3585 hus
2153 3531 2241 3585 Dei
2283 3530 2470 3596 frater,
2512 3532 2786 3601 quomodo
2831 3534 2923 3602 qui
2960 3548 3020 3588 se
3071 3534 3475 3591 misericordem
3515 3554 3583 3593 ae

2016 3624 2292 3678 liberalem
2325 3623 2636 3693 prmhuerit,
2672 3639 2779 3677 non
2812 3625 2963 3678 omni
3010 3625 3193 3680 laetitia
3223 3628 3451 3697 spiritali
3479 3645 3583 3683 cu-

2016 3714 2301 3770 muletur?
2331 3716 2463 3768 Cum
2492 3715 2603 3783 jam
2635 3714 2935 3783 proximam
2965 3730 3029 3769 ex
3058 3715 3159 3769 hac
3192 3716 3296 3769 vita
3325 3720 3579 3771 transmi-

2017 3807 2312 3878 gratiouem
2340 3805 2491 3858 laetus
2512 3804 2841 3873 praesentiat,
2863 3813 2917 3859 et
2937 3816 3277 3875 recepturum
3299 3823 3356 3860 se
3376 3820 3574 3876 speret,

2016 3912 2135 3965 quae
2161 3895 2497 3963 disperserit,
2543 3894 2749 3963 judicio
2781 3896 2897 3964 ejus
2926 3895 3111 3949 divino
3141 3897 3576 3967 justissimoque,

2016 3985 2108 4053 qui
2158 3994 2351 4039 cuncta
2395 3983 2671 4038 hominum
2720 3984 2859 4039 facta
2895 3985 3156 4054 ponderat
3188 4005 3200 4039 :
3236 3986 3418 4056 itaque
3449 4004 3571 4042 eum

2016 4077 2215 4133 Davide
2236 4078 2490 4148 propheta
2522 4078 2666 4133 dicat
2700 4097 2713 4133 ε
2755 4097 2773 4130 ι
2818 4077 2913 4133 Hei
2965 4080 3119 4144 mihi,
3145 4080 3271 4150 quia
3306 4082 3575 4138 incolatus

2015 4184 2172 4223 meus
2200 4168 2554 4238 prolongatus
2580 4179 2664 4223 est
2703 4187 2716 4222 :
2767 4170 3003 4224 hahitavi
3035 4187 3158 4224 cum
3208 4174 3574 4228 tabernaculis

350 4260 636 4331 εσκήνωσα
672 4258 812 4329 μετὰ
835 4257 943 4310 τῶν
972 4256 1351 4328 σκηνωμάτων
1378 4258 1597 4328 Κηδάρ’
1640 4277 1657 4309 ι
1691 4260 1785 4311 καὶ
1815 4260 1910 4312 σὺν

2015 4260 2184 4313 Cedar
2207 4258 2249 4290 εί·
2276 4276 2294 4325 ;
2325 4278 2343 4309 ι
2399 4270 2452 4312 et
2493 4275 2617 4313 cum
2666 4258 2834 4313 Paulo
2889 4261 3083 4314 clamet
3133 4262 3242 4328 (54)
3286 4279 3301 4316 :
3343 4280 3362 4312 ι
3399 4262 3572 4333 Cupit.

345 4351 425 4420 τῷ
476 4350 672 4421 Παύλῳ
718 4350 882 4421 βοᾷνο
934 4366 952 4400 ι
1031 4347 1299 4419 Επιθυμῶ
1358 4347 1624 4401 ἀναλῦσαι
1664 4349 1759 4401 καί
1810 4351 1906 4402 σὺν

414 4506 459 4537 ³⁷
490 4504 631 4559 Psul.
667 4519 763 4570 cu,
800 4505 891 4558 ει.

416 4647 526 4716 (55)
565 4647 757 4701 Geues.
798 4648 961 4713 vaiI,
1011 4646 1062 4701 9.
1112 4644 1214 4700 Sed
1251 4645 1393 4716 apud
1442 4643 1581 4698 LXX
1617 4645 1801 4713 leges:
1839 4649 1904 4701 At

343 4714 543 4787 ἡμέραι
574 4717 681 4769 τῶν
711 4717 845 4770 ἐτῶν
877 4717 975 4785 τῆς
1002 4716 1144 4785 ζωῆς
1169 4732 1289 4787 μου,
1325 4714 1391 4778 ἃς
1426 4716 1691 4785 παροικῶ,
1714 4718 1905 4770 ἑκατὸν

340 4786 637 4870 τριακοντα
682 4788 811 4870 ἑξῆς
869 4789 1062 4870 μικραὶ
1095 4788 1187 4868 καὶ
1234 4786 1469 4856 πονηραὶ
1513 4786 1801 4854 γεγόνασιν
1849 4790 1904 4840 αἱ

345 4855 452 4925 ἠμέ
492 4874 547 4909 αι
570 4856 678 4909 τῶν
709 4855 846 4910 έτῶν
872 4855 982 4927 τῆς
1015 4855 1159 4926 ζωῆς
1189 4872 1311 4927 μου.
1379 4855 1386 4856 “

416 4874 525 5005 ὦ)
563 4924 709 5006 l_l_lu_d_
740 4926 959 5006 dissolui
1003 4941 1109 5006 non
1158 4924 1379 5006 perinde
1430 4925 1601 5006 accipi
1634 4926 1788 4990 solet,
1836 4925 1905 5006 ab

345 4996 525 5067 anima
558 4996 751 5052 divisio
786 4996 1336 5067 signiticata__proprie
1364 4996 1624 5067 creditur,
1662 5006 1823 5065 atque
1848 4997 1903 5051 in

346 5065 536 5136 Graeco
564 5080 812 5136 sermone
838 5063 1031 5121 'sonat.
1076 5063 1500 5134 Nam—corporis
1547 5080 1669 5120 cum
1718 5063 1906 5136 trepus

346 5134 438 5197 sit,
467 5142 520 5187 et
543 5134 767 5204 verbum
794 5144 965 5189 totum
996 5136 1293 5201 nauticum,
1337 5144 1393 5188 ut
1417 5143 1695 5204 propterea
1726 5134 1905 5204 funem

347 5203 625 5275 subaudiri
668 5214 932 5275 oporteat,
961 5213 1016 5259 et
1056 5205 1135 5259 sic
1185 5203 1440 5273 explicari
1473 5223 1487 5259 :
1520 5203 1686 5275 Cupio
1727 5203 1905 5275 funem

346 5272 421 5346 ad
433 5274 831 5346 profectionem
842 5274 1102 5346 dissolvi,
1122 5274 1235 5330 sive
1260 5272 1499 5345 religari,
1532 5272 1759 5346 ut'apud
1800 5275 1904 5330 Ca-

346 5341 773 5410 tullutharm.
806 5343 894 5407 65,
927 5359 977 5398 v.
1008 5344 1153 5409 174).

416 5412 660 5483 Perﬁdus
690 5412 747 5465 in
780 5413 989 5467 Cretam
1017 5413 1285 5483 religasset
1321 5415 1501 5468 navita
1540 5414 1736 5483 funem.

418 5480 776 5553 Hieronymus
802 5496 933 5553 sane
952 5485 1094 5537 hunc
1109 5480 1285 5536 locum
1306 5480 1715 5553 attingeu'stlib.
1740 5483 1907 5539 iCon-

345 5559 430 5623 tra
450 5550 592 5623 Buff.
618 5550 672 5606 ἐι.
694 5553 807 5623 22),
828 5552 1069 5623 reddidit
1089 5553 1293 5618 reverti,
1313 5555 1457 5623 quod
1474 5550 1713 5608 Bullinus
1739 5556 1904 5609 etiam

344 5620 402 5692 in
430 5621 708 5692 Apologia)
730 5620 823 5692 lib.
854 5638 893 5683 ι,
916 5637 970 5676 n.
989 5621 1080 5690 26)
1110 5620 1347 5677 retinuit:
1377 5622 1511 5677 Nam
1535 5623 1637 5677 hoc
1670 5632 1753 5678 est
1777 5625 1907 5678 ἀνα-

341 5687 489 5742 λύειν
524 5687 639 5747 sire
670 5687 953 5756 ἀναλῦσαι,
984 5701 1044 5763 ut
1062 5687 1238 5763 habet
1279 5692 1499 5758 Paulus,
1531 5708 1725 5763 nempe
1756 5694 1904 5749 redi-

342 5768 432 5833 tus
461 5775 623 5815 causa
654 5763 879 5833 solvere
904 5776 970 5814 ex
1009 5761 1113 5817 hac
1150 5762 1277 5833 vita,
1311 5771 1564 5833 tanquam
1592 5761 1906 5832 ex'pericu-

342 5829 457 5885 lusa
490 5832 973 5902 stationezquibus
1009 5832 1329 5901 respondent
1350 5829 1468 5902 quin
1493 5829 1816 5902 sequuntur,
1847 5835 1905 5887 τὸ

2010 4349 2253 4413 dissolvi,
2303 4359 2505 4405 etesse
2534 4365 2657 4406 eum
2701 4351 2918 4405 Christo
2964 4352 3099 4422 (3.5).
3134 4372 3150 4405 ι
3207 4353 3307 4418 Qui
3340 4354 3484 4409 enim
3516 4356 3567 4410 in

988 4504 1033 4536 ³⁸
1060 4502 1202 4559 Psal.
1230 4518 1458 4567 xxxvm,
1489 4502 1541 4556 5.
1618 4503 1662 4533 ¹⁹
1693 4500 1810 4557 Jac.
1845 4520 1902 4567 ιι,
1934 4504 2023 4559 15.
2099 4504 2144 4535 ³⁰
2172 4502 2316 4559 Psal.
2357 4518 2499 4569 cstx,
2543 4502 2594 4557 5.

2005 4647 2063 4717 δὲ
2112 4646 2391 4715 ἐπιμένειν
2439 4647 2497 4699 ὲν
2547 4648 2613 4717 τῇ
2671 4647 2853 4717 σαρκί.
2910 4646 3094 4716 Itaque
3147 4648 3568 4717 Chrysostomus

2006 4716 2155 4791 Pauli
2202 4720 2368 4791 verba
2403 4716 2682 4791 illustrans
2711 4716 2878 4791 (noni.
2910 4720 2945 4772 4
2975 4719 3027 4791 in
3078 4717 3176 4788 Ep.
3222 4716 3292 4791 a_d_
3329 4718 3563 4791 Philipp.

2006 4786 2182 4858 nul),
2232 4787 2311 4858 sic
2355 4786 2529 4858 ipsum
2580 4787 2896 4858 Apostolum
2940 4786 3182 4858 allatus:
3229 4788 3293 4840 Τί
3351 4786 3563 4858 λέγείξς

2008 4855 2214 4927 μέλλων
2244 4856 2494 4927 ἐντεῦθεν
2526 4855 2660 4927 πρὸς
2691 4856 2782 4909 τὸν
2809 4857 3034 4927 οὐρανὸν
3057 4855 3431 4927 μεθίστασθαι,
3474 4855 3567 4913 καὶ

2008 4922 2145 4999 μετά
2177 4926 2414 4999 Χριστοῦ
2447 4922 2603 4999 alvei,
2632 4926 2691 4999 ού
2721 4922 3005 4999 γνωρίζεις
3031 4922 3083 4979 τί
3111 4929 3348 4999 αίρήσῃ;
3385 4922 3434 4982 id
3460 4940 3564 4991 est,

2007 4994 2143 5060 Quid
2165 4994 2293 5067 ais]
2321 5012 2438 5049 cum
2461 4995 2581 5049 hinc
2605 4996 2782 5050 abiens
2804 4994 2872 5049 ad
2898 4998 3080 5051 etclam
3108 4994 3185 5051 sis
3221 4994 3565 5067 migraturus,

2004 5076 2053 5138 et
2073 5081 2195 5138 cum
2230 5064 2436 5138 Christo
2468 5067 2700 5138 futurus,
2742 5068 2958 5138 ignoras
3010 5067 3134 5138 quid
3171 5064 3392 5138 eligas}
3423 5069 3561 5122 Tum

2006 5134 2147 5207 intra
2176 5136 2412 5207 apertius
2442 5134 2805 5207 :'t)6x_éxpﬁv
2837 5136 2898 5189 τὸ
2923 5134 3117 5207 ἄδηλον
3152 5134 3259 5207 τοῦ
3284 5136 3564 5206 μέλλοντος

2004 5205 2278 5258 δεδοικότα
2308 5206 2444 5275 πρός
2473 5222 2594 5259 τινα
2617 5204 2811 5275 λιμένα
2845 5204 3128 5272 σπεύδειν;
3164 5206 3261 5269 Τίς
3287 5204 3561 5275 ἔμπορος,

2004 5272 2576 5360 εἰπέιμοιεθησαυρῶν
2600 5272 2807 5360 μυρίων
2836 5275 3018 5360 πλήρη
3046 5276 3145 5360 τήν
3172 5272 3374 5360 suetae
3399 5272 3560 5360 ἔχων,

2007 5343 2182 5415 παρὸν
2226 5345 2308 5408 είς
2342 5343 2561 5413 λιμένα
2609 5343 2975 5466 καταδῇαμεῖν
3005 5343 3114 5398 ’καὶ
3162 5343 3559 5409 ἀναπαύεσθαι,

2004 5413 2177 5466 ἕλοιτο
2228 5414 2572 5467 θαλαττεύειν
2623 5413 2736 5479 ἐτις
2832 5428 3006 5482 empe,
3059 5412 3247 5468 Nonne
3292 5416 3563 5479 oportebat

2004 5484 2207 5536 incerta
2243 5484 2413 5551 futuri
2454 5482 2699 5551 temporis
2742 5484 3183 5551 pertimescentem
3229 5485 3297 5536 ad
3350 5497 3558 5552 portum

2006 5552 2229 5621 aliquem
2261 5553 2605 5609 contendere?
2625 5554 2799 5621 ecquis
2842 5565 3099 5608 mercator
3123 5553 3242 5607 navi
3281 5564 3454 5608 vectus
3481 5556 3563 5608 in-

2007 5621 2412 5675 numerabilium
2442 5623 2799 5676 thesaurorum
2832 5623 3005 5692 plena,
3035 5626 3081 5676 si
3103 5623 3257 5677 liceat
3282 5629 3562 5693 confugere

2006 5692 2062 5745 in
2092 5700 2303 5763 portum,
2322 5708 2385 5745 ac
2407 5693 2739 5763 requiescere,
2759 5695 2897 5746 mari
2923 5694 3123 5747 diutius
3145 5693 3346 5762 jactari
3369 5692 3517 5746 malit
3539 5696 3564 5746 ?

2077 5761 2188 5833 (5A5)
2213 5759 2444 5833 Philipp.
2473 5759 2510 5827 ι,
2541 5763 2630 5816 25.
2656 5761 2758 5817 Sed
2781 5764 2939 5816 verba
2966 5764 3114 5817 Pauli
3139 5759 3287 5824 sunt,
3310 5763 3561 5833 Thylen-

2009 5827 2207 5901 θυμίαν
2237 5827 2373 5902 ἔχων
2393 5827 2475 5896 είς
2502 5834 2561 5887 16
2592 5833 2871 5900 ἀναλῦσαι,
2908 5836 3000 5887 καὶ
3027 5834 3124 5888 σὺν
3147 5827 3551 5905 Χριστῷέῐναι.
