4114 6514
302 453 408 517 969

1376 456 1455 519 ΙΝ
1501 456 2089 522 ECCLESIASTEN.
2148 486 2216 496 --
2253 462 2400 521 ΜΒ.
2432 463 2501 524 ν.

3463 470 3570 534 9Το

303 565 441 633 φῶς.
476 566 648 620 Τοῦτο
676 566 785 638 γάρ
820 568 1096 639 ἐσήμανεν
1123 570 1314 634 εἰπὼν,
1357 591 1375 624 ι
1412 572 1521 627 Καὶ
1547 573 1715 647 πολλή
1742 574 1875 627 ἐστιι

1992 574 2223 630 multum
2252 587 2335 631 est
2360 592 2526 648 super
2566 577 2866 643 hominem.
2905 597 2925 633 ι
2967 596 3090 651 qnte
3127 582 3429 650 declarant,
3462 605 3569 646 nor.

304 659 400 712 ἐπὶ
428 659 520 711 τὸν
566 658 878 732 ἄνθρωπον,
920 679 938 712 ι
972 661 1148 732 δηλῶν
1177 663 1254 728 ὡς
1290 665 1413 735 οὐχὶ
1440 667 1644 729 πάντες
1675 668 1887 738 ἄνθρωο

303 767 396 805 ποι
424 751 523 824 τήν
569 752 835 822 τοιαύτην
865 752 1052 824 ἔχουσι
1083 756 1330 826 πονηρὰν
1364 758 1539 812 νόσον.
1587 759 1709 813 Εἰσὶ
1752 759 1882 831 γάρ,

300 844 411 896 εἰσὶ
453 843 547 897 καί
593 860 742 907 τινες
787 845 837 898 οί
884 848 985 917 τῆς
1028 848 1407 917 προσπαθείας
1453 851 1563 904 τῶν
1603 852 1884 922 παρόντων

300 934 532 999 ἑαυτοὺς
558 937 959 1008 ὑπεράραντες,
983 940 1079 992 καὶ
1093 940 1187 994 τὸν
1204 942 1344 1014 ἀκτή
1355 960 1492 1014 μονα
1527 944 1885 1015 προελόμενοι

301 1029 437 1100 βίον,
470 1031 565 1083 ἅτε
599 1030 664 1102 δὴ
695 1033 785 1084 καὶ
832 1032 893 1084 τὸ
925 1031 1233 1104 πολίτευμα
1265 1034 1479 1106 ἔχοντες
1513 1038 1571 1089 ἐν
1609 1039 1881 1107 οὐρανοῖς,

299 1124 395 1177 καὶ
432 1125 507 1194 μὴ
557 1125 720 1192 μόνον
765 1126 829 1177 ἐκ
859 1125 956 1179 τοῦ
1008 1128 1451 1199 περισσεύματος
1491 1131 1604 1183 τῶν
1633 1132 1884 1186 ὁπωσοῦν

298 1217 484 1280 αὐτοῖς
510 1217 813 1287 δεδομένων
836 1218 941 1272 ὑπὸ
983 1221 1083 1290 τῆς
1110 1220 1261 1285 θείας
1288 1224 1568 1293 προνοίας,
1612 1225 1750 1281 ἀλλὰ
1773 1228 1884 1280 κάκ

296 1304 391 1361 τοῦ
420 1307 803 1376 ὑστερήματος
829 1309 1121 1373 κοινωνοὺς
1143 1308 1515 1381 λαμϐάνοντες
1531 1313 1659 1373 τοὺς
1686 1312 1884 1376 ἐνδεεῖς

296 1400 394 1452 καὶ
422 1398 693 1469 πτωχούς.
738 1399 843 1451 Τὸν
872 1399 1040 1453 πολὺν
1067 1399 1160 1455 οὖν
1191 1402 1481 1474 ἄνθρωπον
1508 1403 1882 1474 αἰνιττόμενος

296 1490 491 1561 ἔφησε,
532 1509 551 1542 ι
600 1492 714 1544 Καὶ
743 1490 912 1562 πολλή
946 1493 1094 1546 ἐστιν
1139 1493 1231 1547 ἐπὶ
1273 1494 1366 1548 τὸν
1394 1493 1701 1566 ἄνθρωπον.
1739 1515 1757 1548 ι
1793 1495 1883 1549 Εἰ-

297 1581 417 1635 πὼν
442 1581 523 1641 δὲ,
574 1598 593 1632 ι
641 1580 826 1653 Ἀνὴρ,
874 1574 918 1648 ᾧ
962 1580 1124 1636 δώσει
1155 1583 1305 1656 αὐτῷ
1341 1584 1475 1649 Θεὸς
1519 1584 1754 1640 πλοῦτον
1787 1585 1882 1639 καὶ

295 1672 614 1742 ὑπάρχοντα
661 1674 756 1727 καὶ
803 1673 981 1741 δόξαν,
1020 1695 1039 1727 ι
1093 1675 1394 1742 δείκνυσιν,
1441 1677 1517 1742 ὡς
1556 1683 1737 1733 πάντα
1780 1679 1880 1749 τῆς

294 1766 450 1831 θείας
495 1764 823 1840 ἐξήρτηνται
871 1769 1150 1840 προνοίας,
1184 1771 1277 1824 καὶ
1310 1773 1490 1826 πάντα
1525 1772 1710 1827 θεόθεν
1741 1792 1882 1845 πρυ-

291 1860 613 1914 τανεύονται
651 1860 1132 1933 τοῖςάνθρὼποις,
1170 1863 1278 1916 κᾶν
1302 1863 1533 1918 πλοῦτον
1562 1865 1745 1938 εἴπῃς.
1774 1866 1878 1919 κᾶν

1992 680 2188 723 omnes
2217 668 2467 725 homines
2497 671 2588 725 tali
2612 672 2804 727 morbo
2825 673 3052 729 allectos
3080 689 3217 731 esse.
3245 675 3385 732 Sunt
3405 683 3568 743 enim.

1991 767 2121 813 sunt
2148 768 2201 813 et
2233 759 2476 828 quidam,
2505 760 2596 832 qui
2625 763 2896 833 superatis
2920 767 3267 835 praesentium
3300 767 3569 826 bonorum

1994 851 2289 917 illecebris,
2326 862 2382 907 et
2432 868 2668 925 paupere
2692 857 2801 911 vita
2854 867 3176 928 praeoptata,
3218 868 3477 930 tanquam
3514 864 3570 919 in

1993 940 2147 997 caelis
2176 957 2352 999 aevum
2381 952 2620 1012 agentes,
2654 961 2761 1000 non
2791 947 2966 1002 solum
3002 949 3057 1003 in
3085 965 3298 1011 eorum.
3319 970 3441 1023 quae
3467 955 3567 1010 sibi

1992 1048 2022 1087 a
2071 1033 2257 1089 divina
2298 1036 2642 1106 providentia
2696 1040 3198 1112 quomodocumque.
3250 1045 3406 1117 153
3441 1049 3567 1105 data

1992 1133 2142 1192 sunt,
2185 1126 2282 1181 sed
2317 1128 2369 1181 in
2422 1130 2865 1185 communionem
2919 1131 3164 1188 demensi
3208 1150 3428 1206 quoque
3477 1138 3566 1194 sui

1990 1231 2190 1286 egenos
2227 1228 2284 1274 et
2318 1220 2597 1275 mendicos
2617 1222 2911 1292 accipiunt.
2943 1222 3239 1297 Plerosque
3271 1227 3437 1299 igitur
3462 1231 3567 1285 ho-

1990 1308 2201 1364 minum
2238 1310 2530 1382 designans
2588 1312 2768 1369 dixit:
2808 1331 2829 1365 ι
2876 1314 2942 1368 Et
2992 1316 3223 1372 multum
3268 1330 3355 1374 est
3403 1337 3569 1392 super

1988 1403 2435 1460 hominemallla
2464 1421 2594 1461 vero
2619 1406 2952 1477 subiiciens:
2984 1425 3003 1460 ι
3031 1406 3143 1471 Vir.
3170 1410 3256 1465 cui
3286 1412 3436 1468 dabit
3465 1415 3567 1484 ipsi

1988 1492 2131 1550 Deus
2159 1495 2377 1552 divitias
2406 1505 2461 1552 et
2489 1496 2850 1552 substantiam
2882 1508 2938 1554 et
2968 1500 3220 1571 gloriam,
3253 1520 3271 1554 ι
3305 1507 3563 1573 ostendit,

1987 1585 2169 1641 omnia
2212 1602 2240 1641 a
2278 1587 2462 1642 divina
2513 1588 2861 1643 Providentia
2910 1590 3165 1660 appeniii,
3214 1604 3269 1647 et
3303 1593 3567 1653 divinitus

1987 1676 2203 1747 singula
2234 1677 2552 1734 hominibus
2580 1679 2967 1743 administrari,
3012 1683 3130 1738 sive
3170 1682 3390 1742 divitias
3413 1686 3566 1743 dixe-

1985 1770 2086 1835 ris,
2117 1771 2233 1826 sive
2270 1786 2526 1842 agrorum
2559 1773 2955 1841 possessiones,
2996 1775 3112 1830 sive
3137 1776 3313 1833 vineta
3365 1795 3564 1850 magno

1986 1874 2236 1927 numero,
2272 1863 2389 1917 sive
2426 1862 2790 1929 dominatum,
2827 1863 2940 1918 sive
2990 1865 3241 1936 gloriam,
3286 1869 3561 1937 universa,

294 1954 489 2021 κτῆσιν
521 1952 798 2024 ἀρουρῶν,
844 1954 948 2007 κᾶν
983 1952 1325 2023 ἀμπελώνων
1376 1956 1607 2027 μυρίων,
1639 1958 1745 2011 κᾶν
1786 1956 1875 2010 δυ-

1981 1950 2228 2020 inquam,
2265 1951 2627 2023 omnipotenti
2678 1952 2770 2007 Dei
2808 1952 3017 2023 judicio
3050 1965 3103 2011 et
3147 1957 3426 2015 voluntate
3464 1977 3563 2033 ap-

291 2043 547 2096 ναστείαν
583 2044 676 2097 καὶ
702 2044 882 2110 δόξαν,
915 2045 1093 2098 πάντα
1122 2046 1219 2115 τῆς
1250 2047 1691 2120 ἀπειροδυνάμου
1719 2051 1877 2121 ἐξήρ-

288 2151 483 2205 τηνται
513 2134 666 2199 θείας
713 2136 950 2207 κρίσεως
1000 2139 1096 2192 καὶ
1128 2138 1347 2211 βουλῆς,
1394 2141 1488 2194 καὶ
1529 2141 1653 2195 καθ’
1682 2141 1776 2206 οὓς
1809 2144 1876 2196 ἂν

289 2222 401 2280 οἶδε
449 2227 688 2299 τρόπους
726 2228 1014 2300 κριμάτων
1044 2231 1472 2302 άκαταλήπτους
1510 2233 1649 2304 ἡμῖν
1692 2232 1874 2300 ὄντας,

288 2315 371 2383 οἷς
404 2320 504 2391 μὲν
537 2321 775 2386 δίδωσιν,
812 2316 895 2383 οἷς
926 2322 983 2376 δέ
1014 2323 1289 2395 οὐδαμῶς.

362 2454 499 2512 Εἶτα
527 2459 841 2529 λαμϐάνων,
862 2463 1050 2533 φησὶν,
1085 2464 1149 2515 ἐκ
1179 2461 1313 2517 Θεοῦ
1344 2462 1444 2535 τὴν
1467 2463 1751 2535 δαψίλειαν
1765 2467 1875 2520 τῶν

291 2550 602 2621 εἰρημένων
627 2551 725 2606 καὶ
755 2553 1119 2608 πολυτέλειαν
1148 2554 1463 2626 ἄνθρωπος.
1501 2557 1600 2610 καὶ
1621 2546 1722 2630 τήν
1772 2560 1875 2631 μὲν

292 2641 493 2697 ἑαυτοῦ
522 2642 700 2715 ψυχὴν
732 2645 1030 2714 ἐμπιπλῶν
1067 2647 1177 2700 τῶν
1211 2648 1358 2701 ίδίων
1384 2648 1695 2720 ἐπιθυμιῶν
1729 2653 1876 2705 ἀπα-

293 2737 424 2800 σῶν,
454 2740 515 2791 ού
547 2739 820 2811 διανέμων
862 2741 917 2794 δὲ
951 2742 1046 2797 καὶ
1080 2742 1261 2807 διδοὺς
1294 2746 1410 2807 τοῖς
1459 2744 1738 2815 δεομένοις
1782 2746 1876 2800 καὶ

292 2832 546 2901 πένησιν,
575 2833 891 2904 εὑρίσκεται
920 2834 1107 2904 σαφῶς
1139 2838 1166 2889 ὁ
1207 2838 1454 2900 τοιοῦτος
1510 2838 1588 2901 ὡς
1621 2838 1876 2908 οὐδαμῶς

291 2921 627 2987 ἐξουσιάσας
656 2922 765 2975 τῶν
798 2923 1100 2996 δεδομένων
1158 2926 1309 2997 αὐτῷ
1337 2926 1523 2981 θεόθεν
1563 2947 1583 2979 ι
1624 2928 1763 2999 πρὸς
1813 2929 1876 2982 τὸ

289 3018 491 3083 φαγεῖν
542 3016 601 3081 ἐξ
637 3016 839 3071 αὐτῶν.
882 3037 902 3070 ι
938 3018 1015 3071 Δι’
1051 3019 1119 3089 ἢν
1152 3019 1378 3085 αίτίαν;
1415 3019 1562 3086 Ὅτι,
1595 3023 1785 3092 φησὶν,
1816 3023 1875 3076 αἱ

293 3103 395 3175 μὲν
425 3105 719 3175 ἐπιθυμίαι
755 3108 1058 3178 παρῆλθον,
1080 3110 1176 3163 καὶ
1206 3110 1317 3162 τῶν
1345 3112 1626 3181 σαρκικῶν
1670 3112 1874 3184 ἡδονῶν

287 3196 566 3268 ἠφανίσθη
595 3196 659 3251 τὸ
685 3196 915 3269 πλῆθος,
958 3201 1124 3264 αὐτὸς
1148 3201 1207 3254 δὲ
1234 3201 1383 3273 λιμῷ
1414 3203 1721 3275 τακήσεται
1774 3221 1875 3276 χα-

1980 2044 2176 2115 pendi,
2228 2060 2465 2115 eumque
2517 2046 2821 2101 secundum
2877 2048 3095 2102 consilii
3152 2051 3239 2104 sui
3292 2054 3558 2122 rationes,

1978 2151 2116 2205 quas
2150 2136 2268 2206 ipse
2308 2138 2481 2201 novit,
2512 2152 2615 2192 nos
2662 2137 3000 2207 ignoramus,
3048 2140 3169 2198 aliis
3207 2143 3426 2213 quidem
3461 2149 3563 2203 tri-

1977 2228 2167 2294 buere,
2193 2229 2317 2284 aliis
2346 2244 2454 2284 non
2487 2230 2747 2288 tribuere.

2047 2449 2166 2505 Jam
2226 2464 2355 2505 vero
2398 2465 2524 2505 cum
2577 2450 2780 2518 homo,
2825 2451 3035 2523 inquit,
3086 2454 3388 2523 bonorum,
3437 2475 3554 2531 que

1977 2542 2381 2606 recensuimus,
2414 2543 2628 2613 copiam
2661 2552 2716 2599 et
2749 2545 3070 2601 varietatem
3101 2549 3337 2619 accipiat
3364 2565 3397 2605 a
3424 2549 3556 2617 Deo.

1976 2636 2023 2692 si
2060 2637 2249 2692 animo
2290 2651 2415 2701 suo,
2457 2651 2580 2706 qua:
2623 2638 2848 2708 appetit,
2888 2639 3071 2694 omnia
3123 2642 3205 2696 sic
3255 2641 3555 2714 indulgeat,

1976 2729 2113 2783 nihil
2153 2738 2213 2782 ut
2253 2728 2443 2800 egenis
2471 2737 2526 2784 et
2554 2730 2887 2800 pauperibus
2914 2730 3208 2789 distribuat
3249 2745 3415 2807 atquc
3448 2737 3555 2793 im-

1975 2824 2276 2895 partiatur;
2321 2824 2369 2878 is
2403 2822 2651 2895 proiecto
2687 2833 2955 2896 potestate
2992 2841 3127 2882 usus
3162 2828 3307 2883 nulla
3344 2829 3559 2887 videtur

1974 2918 2031 2972 in
2067 2917 2156 2983 iis,
2192 2931 2314 2987 quae
2345 2917 2421 2971 illi
2462 2932 2494 2972 a
2528 2916 2641 2973 Deo
2669 2916 2794 2972 data
2830 2926 2962 2973 sunt
3009 2938 3032 2971 ‹
3059 2918 3127 2974 ad
3156 2922 3555 2979 comedendum

1974 3022 2040 3063 ex
2070 3008 2228 3078 ipsis.
2264 3025 2283 3059 ›
2329 3005 2506 3073 Quam
2537 3007 2609 3062 ob
2636 3008 3079 3074 causam?Quia,
3111 3009 3310 3081 inquit,
3342 3012 3559 3069 deside—

1973 3101 2055 3156 ria
2102 3099 2501 3172 praeterierunt,
2546 3108 2602 3154 et
2643 3100 2983 3171 voluptatum
3032 3103 3283 3174 corporis
3333 3108 3558 3161 evanuit

1974 3191 2301 3257 multitudo;
2334 3192 2451 3262 ipse
2481 3206 2633 3258 vero,
2658 3206 2784 3251 cum
2818 3190 3064 3247 futuram
3091 3195 3333 3264 attigerit
3364 3196 3551 3264 vitam,

288 3288 443 3361 λεπῷ
473 3290 616 3343 κατά
645 3290 743 3361 τὴν
782 3290 1085 3361 μέλλουσαν
1128 3293 1298 3363 ζωὴν,
1340 3294 1609 3366 μηδαμῶς
1665 3295 1873 3366 ἀποθη-

1976 3285 2113 3340 dura
2154 3283 2299 3340 fame
2332 3283 2705 3345 contabescet.
2738 3284 2905 3339 nullis
2944 3284 3054 3341 illic
3090 3286 3365 3343 thesauris
3401 3289 3557 3344 beni-

290 3381 562 3451 σαυρίσας
592 3381 773 3435 ἐκεῖσε
802 3381 890 3434 διὰ
932 3382 1032 3454 τῆς
1068 3384 1416 3454 μεταδόσεως
1469 3385 1583 3440 τῶν
1621 3387 1873 3459 πενήτων

285 3471 357 3526 τά
398 3472 501 3543 τῆς
529 3473 753 3527 αίωνίου
777 3474 874 3527 καὶ
889 3475 1307 3548 διαιωνιζούσης
1331 3477 1632 3553 διατροφῆς
1670 3494 1686 3511 ο
1718 3478 1874 3545 ξένος

285 3561 396 3633 γὰρ
434 3562 574 3634 ἀνὴρ
602 3563 789 3637 ἕτερος
833 3564 1216 3637 διαδεξάμενος
1267 3569 1436 3623 αὑτοῦ
1487 3569 1580 3624 τὸν
1610 3569 1865 3637 πλοῦτον,

284 3658 498 3721 ἐκεῖνος
534 3658 772 3727 φάγεται
801 3658 899 3711 καὶ
928 3659 1308 3715 καταναλώσει
1342 3661 1524 3717 πάντα
1548 3664 1673 3724 ταῖς
1698 3661 1868 3716 αὐτοῦ

288 3753 582 3821 σαρκικαίς
612 3751 831 3821 ήδοναίς
878 3754 975 3805 καὶ
1034 3752 1271 3823 πράξεσι
1324 3753 1587 3818 κιναίδοις
1652 3770 1714 3807 τε
1774 3754 1872 3809 καὶ¹

290 3841 621 3913 μοχθηραῖς.
655 3842 828 3897 Τοῦτο
880 3843 939 3897 δὲ
980 3844 1320 3915 σημαντικὸν
1376 3845 1477 3915 τῆς
1514 3845 1693 3916 ἄκρας
1754 3845 1871 3899 ἐστὶ

290 3934 659 4005 ματαιότητος
689 3935 787 3988 καὶ
834 3934 933 4005 τῆς
968 3936 1220 4005 πονηρᾶς
1254 3936 1573 4008 ἀρρωστίας
1624 3937 1726 4009 τῆς
1777 3955 1872 3991 κα-

288 4024 603 4095 τασχούσης
634 4027 762 4089 τοὺς
792 4025 1088 4096 λογισμοὺς
1112 4026 1303 4091 αὑτοῦ,
1333 4030 1427 4081 καὶ
1453 4028 1872 4101 καθελκυσάσης

285 4119 369 4183 είς
391 4117 519 4190 ᾅδου
550 4118 825 4190 πέταυρον
874 4120 968 4173 καὶ
1018 4118 1251 4173 θανάτου
1289 4118 1519 4190 φθοράν.
1583 4120 1757 4174 Τοῦτο
1788 4121 1867 4187 δὲ,

286 4207 448 4276 φησὶ,
488 4205 551 4259 τὸ
588 4203 728 4271 εἶδος
758 4206 860 4279 τῆς
920 4207 1286 4278 ματαιότητος
1346 4210 1443 4262 καὶ
1475 4211 1575 4281 τῆς
1624 4212 1871 4281 πονηρᾶς

283 4298 621 4371 ἀρρωστίας,
647 4298 770 4370 οὐχὶ
794 4299 958 4370 μόνον
991 4298 1101 4353 τῶν
1152 4301 1363 4371 βραχὺν
1419 4300 1532 4372 βίον
1570 4300 1865 4373 λαχόντων,

283 4389 382 4443 καὶ
412 4389 514 4452 τὰς
540 4391 755 4462 ἡμέρας
781 4391 880 4460 τῆς
920 4389 1066 4462 ζωῆς
1101 4393 1415 4462 ἐσχηκότων
1465 4393 1657 4462 ὀλίγας
1691 4394 1867 4461 ἐστὶν,

282 4479 423 4536 ἀλλά
456 4481 552 4534 καὶ
586 4482 1042 4553 παραταθήσεται
1064 4482 1165 4553 τῆς
1192 4482 1338 4555 ζωῆς
1367 4484 1532 4539 αὐτοῦ
1565 4485 1627 4539 τὸ
1666 4486 1869 4559 μέτρον

282 4574 365 4638 είς
401 4572 496 4647 ἔτη
555 4573 746 4640 πολλὰ,
798 4574 903 4627 κᾶν
935 4575 1413 4648 πληθυνθήσονται
1476 4578 1576 4648 τῆς
1628 4579 1869 4634 ἐνταῦθα

282 4667 580 4738 παροικίας
612 4668 669 4720 αί
705 4667 915 4737 ἡμέραι
937 4666 1050 4721 τῶν
1072 4668 1210 4721 ἐτῶν
1261 4668 1430 4722 αὑτοῦ
1470 4670 1593 4725 καθ’
1632 4671 1870 4743 ὑπερϐο-
1899 4649 1943 4705 θ

282 4756 405 4828 λὴν.
430 4758 785 4832 ἀποστερήσῃ
823 4757 881 4812 δὲ
908 4758 1009 4828 τῆς
1038 4760 1096 4812 ὲν
1126 4757 1523 4830 ἐλεημοσύναις
1553 4762 1647 4815 καὶ
1688 4762 1871 4816 διανο-

287 4852 415 4920 μαῖς
466 4850 579 4903 τῶν
606 4851 857 4923 πενήτων
889 4851 1468 4923 παραλαμδανομένης
1503 4853 1869 4926 ἀγαθωσύνης

283 4940 383 5010 τὴν
418 4940 553 4995 ίδίαν
590 4941 789 5014 ψυχὴν,
814 4943 914 5015 τὴν
959 4944 1084 5013 ἴσην
1129 4947 1223 4997 καὶ
1265 4943 1366 5015 τὴν
1422 4944 1592 5015 αὐτὴν
1636 4945 1868 5015 εὑρεθή-

287 5048 443 5086 σεται
486 5035 822 5104 ματαιότητα
871 5035 968 5089 καὶ
1004 5035 1253 5106 πονηράν
1311 5036 1624 5106 ἀρρωστίαν
1669 5038 1867 5105 ἐπιφε-

284 5124 516 5195 ρόμενος
542 5139 559 5153 ο
585 5124 648 5176 ού
669 5124 779 5196 γὰρ
805 5128 1060 5197 συνῆκεν,
1087 5127 1169 5180 ὃτι
1196 5126 1390 5197 θνητός
1421 5126 1559 5191 ἐστι,
1590 5127 1686 5179 καὶ
1734 5126 1869 5180 πάν-

281 5232 391 5279 τως
423 5215 882 5285 ἀπορραγήσεται
926 5217 1027 5287 τῆς
1062 5217 1344 5290 παρούσης
1410 5215 1579 5288 ζωῆς,
1610 5218 1706 5270 καὶ
1757 5216 1867 5270 τῶν

283 5309 434 5362 ιδίων
475 5308 776 5378 κτημάτων
830 5308 927 5361 καὶ
962 5310 1266 5381 χρημάτων
1318 5307 1471 5363 ἄλλοι
1530 5307 1866 5373 διαδέξονται

278 5402 382 5472 τὴν
420 5400 723 5455 ἀπόλαυσιν
747 5442 762 5467 ,
795 5399 1062 5466 πολλάκις
1092 5403 1244 5466 ὄντες
1278 5402 1372 5456 καὶ
1410 5402 1723 5471 δυσμενεῖς,
1791 5399 1868 5463 ὠς

285 5495 422 5565 μηδέ
458 5495 747 5566 φροντίσαι
793 5494 892 5565 τῆς
944 5495 1334 5566 προσηκούσης
1389 5494 1585 5566 ἐκείνῳ
1644 5491 1864 5563 ταφῆς’

278 5589 420 5644 ἀλλὰ
455 5590 893 5661 παρεωραμένον
909 5590 1234 5644 καταλιπεῖν
1254 5590 1348 5643 καὶ
1379 5586 1665 5651 παντελῶς
1693 5589 1867 5656 ἀπροι-

280 5682 496 5752 νόητον.

353 5816 525 5871 Τοῦτο
552 5816 611 5871 δὲ
644 5818 862 5881 πολλοῖς
897 5816 1159 5880 πολλάκις
1223 5816 1592 5887 συμὸἐδηκεν,
1650 5816 1751 5869 οὐκ
1807 5817 1864 5869 ἐν

280 5912 402 5975 ταῖς
436 5911 869 5980 παρῳχημέναις
899 5911 1113 5980 γενεαῖς
1150 5909 1334 5979 μόνον,
1359 5908 1495 5963 ἀλλά
1528 5910 1711 5979 κάντῇ
1740 5906 1862 5961 καθ’

478 6000 756 6062 Parnm.
798 6003 912 6061 Gn.
963 6000 1237 6061 XCVIII.

1974 3378 2180 3450 gnitate
2208 3392 2337 3447 erga
2366 3391 2637 3447 pauperes
2671 3376 3024 3447 comparatis,
3060 3380 3206 3433 unde
3234 3388 3439 3435 aeterna
3475 3381 3554 3439 illi

1969 3480 2027 3527 et
2054 3478 2314 3540 perpetua
2360 3469 2619 3525 alimenta
2661 3469 3101 3540 suppeditentur.
3138 3470 3234 3527 Vir
3261 3472 3410 3533 enim
3452 3490 3553 3529 ex-

1971 3572 2163 3619 ternus
2190 3562 2331 3617 alter
2366 3563 2422 3617 in
2458 3560 2577 3633 ejus
2604 3577 2734 3631 opes
2764 3563 3039 3631 succedet,
3071 3564 3162 3634 qui
3190 3565 3316 3621 edat
3341 3567 3550 3632 omnia,

1971 3664 2027 3710 et
2052 3655 2300 3727 corporis
2340 3653 2714 3725 voluptatibus
2755 3670 2821 3709 ac
2863 3654 3131 3726 pudendis
3177 3656 3552 3730 improbisqne

1971 3748 2139 3804 rebus
2168 3745 2487 3816 impendens
2513 3746 2791 3802 absumat.
2832 3744 2889 3802 Id
2928 3762 3093 3817 porro
3136 3762 3369 3805 summa;
3396 3750 3553 3807 vani-

1972 3840 2101 3895 tatis
2140 3838 2404 3893 indicium
2443 3846 2529 3893 est
2565 3845 2622 3892 et
2652 3838 2877 3907 pessimi
2925 3836 3227 3907 languoris,
3258 3840 3351 3908 qui
3399 3855 3553 3895 men-

1974 3940 2082 3987 tem
2109 3930 2228 4000 ejus
2260 3929 2647 3999 rationemque
2676 3929 2987 3998 occupavit,
3016 3931 3222 4000 quique
3252 3930 3305 3986 iu
3346 3929 3548 3989 inferni

1971 4026 2200 4095 laqueos
2228 4032 2283 4079 et
2331 4022 2387 4076 in
2424 4020 2619 4076 mortis
2645 4020 2942 4090 perniciem
2977 4008 3162 4076 traxit.
3194 4021 3375 4092 Atque
3410 4024 3548 4090 hac,

1972 4115 2170 4184 inquit,
2198 4111 2458 4167 vanitatis
2495 4119 2550 4166 et
2591 4110 2814 4180 pessimi
2852 4111 3135 4182 languoris
3183 4114 3395 4183 species
3437 4129 3548 4171 non

1969 4222 2162 4264 eorum
2195 4205 2373 4263 solum
2419 4212 2521 4271 est,
2556 4205 2649 4275 qui
2699 4205 2915 4259 brevem
2946 4204 3092 4260 nacti
3122 4205 3309 4268 vitam,
3342 4220 3549 4275 paucos

1968 4298 2071 4354 aevi
2101 4296 2218 4353 dies
2248 4296 2518 4363 habuere;
2547 4294 2642 4350 sed
2675 4293 2777 4349 etsi
2801 4294 3136 4365 producatur
3158 4295 3280 4350 vita:
3306 4295 3548 4353 hominis

1970 4405 2231 4447 mensura
2271 4390 2328 4445 in
2362 4401 2537 4443 annos
2566 4388 2773 4458 plures,
2809 4396 2864 4442 et
2896 4387 3015 4444 dies
3046 4403 3315 4443 annorum
3342 4391 3466 4458 ejus
3492 4399 3550 4445 et

1969 4484 2249 4542 terrestris
2287 4483 2454 4554 hujus
2503 4481 2856 4538 habitationis
2902 4480 2959 4535 in
2991 4480 3323 4537 immensum
3354 4480 3549 4537 multi-

1969 4582 2282 4652 plicentur,
2330 4576 2603 4648 siquidem
2648 4574 2889 4630 animam
2934 4574 3051 4645 ipse
3094 4589 3252 4631 suam
3306 4575 3550 4632 bonitate

1972 4670 2261 4735 fraudarit,
2293 4684 2458 4741 quam
2491 4666 2867 4724 misericordia
2894 4676 2947 4721 et
2972 4666 3223 4738 largitate
3246 4683 3373 4739 erga
3413 4684 3550 4739 pau-

1970 4776 2128 4834 peres
2161 4773 2481 4831 comparare
2525 4758 2629 4814 sibi
2654 4766 2869 4828 posset,
2910 4756 3031 4828 pari
3070 4758 3258 4828 utique
3292 4759 3550 4815 vanitatis

1969 4850 2303 4924 pessimique
2344 4849 2626 4921 languoris
2674 4848 2866 4904 morbo
2902 4848 3155 4904 laborare
3200 4858 3406 4920 perget.
3440 4846 3550 4904 Ne-

1969 4960 2078 5014 que
2123 4943 2271 4999 enim
2315 4941 2602 4997 mortalem
2651 4955 2711 4996 se
2755 4953 2879 4995 esse
2928 4939 2984 4993 in
3023 4938 3270 4994 animum
3311 4940 3547 5009 induxit,

1970 5050 2139 5106 seque
2184 5050 2253 5091 ex
2312 5034 2420 5089 hac
2463 5033 2576 5088 vita
2626 5032 2878 5087 avulsum
2930 5030 3039 5096 iri;
3100 5046 3189 5087 res
3238 5047 3369 5087 vero
3419 5047 3549 5095 suae

1969 5139 2273 5196 omnesque
2300 5139 2433 5195 opes
2470 5124 2536 5179 ad
2576 5123 2735 5187 alios,
2776 5136 2921 5191 saepe
2967 5131 3021 5176 et
3055 5121 3241 5178 hostes
3285 5124 3551 5179 transitu-

1968 5236 2082 5283 ras,
2125 5219 2220 5290 qui
2276 5216 2358 5273 sic
2402 5215 2564 5271 bonis
2603 5214 2723 5283 ejus
2764 5212 3042 5277 fruantur,
3097 5225 3157 5268 ut
3199 5229 3270 5269 ne
3314 5213 3551 5285 dejusto

1968 5312 2188 5383 quidem
2222 5309 2397 5380 ipsius
2430 5306 2591 5379 154
2615 5305 2868 5375 sepulcro
2895 5320 3027 5359 cura
3058 5317 3338 5376 suscepta,
3365 5308 3550 5377 negle-

1970 5415 2119 5461 ctum
2156 5403 2337 5474 plane,
2380 5410 2547 5471 atque
2583 5398 2878 5467 inglorium
2930 5398 3288 5469 ignotumque
3319 5400 3551 5455 derelin-

1967 5508 2159 5570 quant.

2037 5807 2194 5876 Quod
2236 5806 2422 5862 muhis
2457 5802 2702 5877 proiecto
2743 5817 2891 5876 sape
2934 5803 3183 5875 contigit,
3230 5818 3331 5860 nec
3366 5816 3547 5863 trans»

1964 5903 2103 5957 actis
2139 5908 2352 5956 tantum
2386 5898 2661 5964 aetatibus,
2692 5896 2785 5951 sed
2822 5897 2985 5951 etiam
3028 5904 3238 5960 nostra,
3269 5904 3326 5950 ut
3356 5908 3547 5954 omnes

3143 5986 3215 6048 31
