4114 6506
341 424 444 486 973

1440 420 1521 481 ΙΝ
1577 418 2159 482 ECCLESIASTEN.
2190 445 2259 455 -η
2294 419 2443 481 LIB.
2471 420 2538 479 V.

3501 419 3611 481 974

408 538 629 609 ’ταύτην
658 535 720 591 δι
751 533 1100 606 παρεμπιδοῐ
1128 531 1226 604 τὴν
1254 532 1486 604 ἐκδοχὴν
1524 535 1627 587 κάν
1675 535 1786 597 τοῖς
1817 534 1922 586 Εὑ-

2100 529 2251 584 llanc
2276 544 2407 583 vero
2454 526 2959 596 interpretationem
2989 526 3257 583 Dominus
3289 542 3508 600 quoque
3553 532 3606 585 in

336 631 619 702 αγγελίοις
658 631 687 682 ὁ
718 628 923 698 Κύριος
951 627 1180 696 φάσκων
1212 642 1228 657 ο
1268 644 1285 677 ι
1313 625 1492 679 Καλὸν
1509 620 1578 697 ῆν
1597 621 1676 696 τῷ
1714 625 1925 697 ἀνθρὼ-

336 744 424 795 πῳ
460 724 679 793 ἐκείνῳ,
707 722 757 774 εἰ
785 721 885 773 ούκ
914 718 1207 789 ἐγεννήθη.
1247 742 1264 768 ι
1303 718 1395 771 τὸν
1421 718 1690 789 προδότην
1725 718 1927 771 Ἰούδαν

336 816 589 870 ἐντεῦθεν
622 814 821 883 δηλῶν.
871 812 930 865 '0
955 812 1011 865 δὲ
1043 811 1207 879 σοφὸς
1237 809 1676 882 Ἐκκλησιαστὴς
1704 809 1928 881 ἀμέσως

336 908 533 971 εἰπὼν,
573 926 592 959 ι
620 907 732 960 Καὶ
765 903 928 974 ἔζησε
964 904 1153 975 χιλίων
1189 903 1330 958 ἐτῶν
1356 904 1642 971 καθόδους,
1671 907 1767 959 καὶ
1792 906 1929 974 ἀγα-

335 997 587 1064 θωσύνην
613 997 716 1050 οὐκ
742 995 907 1064 ἔγνω,
944 1015 963 1048 ι
998 994 1109 1049 τῶν
1135 995 1348 1049 πολλῶν
1396 996 1489 1049 καὶ
1543 999 1929 1069 παραπλήγων

334 1091 644 1161 ἀνθρώπων
665 1088 947 1158 ἐξελέγχει
973 1090 1073 1159 τὴν
1092 1088 1353 1141 ἀϐουλίαν
1374 1090 1471 1143 καὶ
1503 1094 1922 1162 ματαιοφροσύ-

335 1200 455 1254 νην,
470 1183 669 1245 οττινες
688 1181 925 1244 ἀναιδῶς
939 1181 1437 1252 παρῤησιάζονται,
1453 1182 1547 1236 καί
1564 1200 1728 1253 φασιν
1752 1201 1766 1216 ”
1786 1184 1928 1253 Ἐγὼ

336 1277 407 1332 τὰ
438 1276 531 1348 ἔτη
563 1279 663 1347 τῆς
680 1276 831 1346 ζωῆς
867 1293 969 1346 μου
994 1273 1135 1329 θέλω
1157 1275 1412 1344 γενέσθαι
1442 1277 1636 1343 πολλὰ,
1669 1279 1764 1331 καὶ
1790 1295 1926 1333 κατ·

337 1367 651 1423 ἀπολαῦσαι
688 1369 799 1421 τῶν
824 1367 1150 1439 ἐπιθυμιῶν»
1170 1370 1266 1423 καὶ⁸
1294 1370 1477 1423 πᾶσαν
1507 1370 1655 1440 ἔχειν
1676 1371 1928 1426 ἀνάπαυ-

339 1480 423 1518 σιν
440 1464 534 1517 καὶ
548 1465 762 1536 τρυφήν
787 1476 799 1493 “
824 1466 918 1519 καὶ
936 1464 1075 1536 μετά
1088 1463 1249 1520 τοῦτο
1268 1464 1336 1520 τά
1352 1468 1464 1531 τοῖς
1480 1466 1663 1531 ἄλλοις
1678 1467 1927 1539 ἀπαντή-

340 1572 504 1611 σοντα
520 1557 620 1612 κᾶν
642 1556 768 1628 ἐμοὶ
784 1559 1220 1628 συναντήσωσιν.
1238 1560 1300 1612 ού
1316 1558 1610 1629 φροντίζω.
1629 1558 1801 1629 Κάγὼ
1817 1561 1927 1633 γάρ

342 1648 442 1712 σὺν
457 1648 688 1713 ἐκείνοις
718 1650 883 1703 πᾶσιν
898 1649 1104 1720 ἕπομαι
1120 1648 1409 1721 δεξόμενος
1431 1650 1530 1714 τάς
1562 1649 1638 1722 μὴ
1656 1649 1926 1721 βλεπομέ-

342 1755 440 1799 νας
455 1738 730 1800 κολάσεις,
751 1738 847 1791 ὲάν
894 1741 1005 1812 ἄρα
1034 1739 1222 1793 λοιπὸν
1248 1739 1345 1792 καὶ
1373 1740 1718 1811 γενήσονται.
1765 1742 1927 1794 Ποῖον

340 1827 451 1898 γὰρ
463 1828 655 1899 ὄφελος
668 1828 865 1900 εὑρήσε
875 1845 942 1892 ις,
957 1828 1237 1899 ἄνθρωπε,
1254 1827 1358 1882 κᾶν
1372 1827 1635 1893 καθόδους
1648 1828 1836 1899 ζήσεις
1850 1847 1928 1899 χι-

339 1923 470 1977 λίων
481 1921 796 1986 ὲτῶν,ούδεν
807 1921 865 1975 δὲ
884 1920 1094 1991 σεαυτῷ
1102 1921 1193 1974 διά
1201 1920 1300 1991 τῆς
1316 1920 1441 1993 ἐλεη
1454 1920 1698 1991 μοσύνης
1717 1922 1813 1975 καὶ
1826 1922 1926 1991 τῆς

336 2014 732 2087 πρὸςπένητας
774 2016 1118 2085 μεταδόσεως
1154 2012 1612 2085 ἀποθησαυρίσῃς
1654 2014 1793 2085 πρὸς
1825 2014 1928 2083 τὴν

340 2106 643 2178 μέλλουσαν
660 2105 807 2179 ζωὴν
824 2108 917 2161 καὶ
933 2107 1285 2172 κατάστασινς
1305 2104 1701 2176 εὑρεθήσονται
1713 2106 1822 2177 γάρ
1843 2121 1926 2158 σοι

337 2200 407 2253 τὰ
429 2199 580 2269 χίλια
600 2199 695 2271 ἐτη
740 2199 885 2255 κατά
916 2199 981 2252 τὸ
1008 2198 1164 2262 τέλος
1201 2199 1302 2269 τῆς
1331 2197 1620 2268 παρούσης
1663 2197 1812 2268 ζωῆς
1851 2199 1928 2262 ὡς

339 2296 459 2358 ἔτος
500 2294 580 2359 ἓν,
608 2294 642 2365 ἢ
668 2294 763 2347 καὶ
797 2294 897 2364 μία
920 2293 1127 2364 ἡμέρα.
1171 2292 1237 2345 Τί
1267 2290 1378 2363 γάρ
1411 2291 1661 2363 ὠφέλησε
1691 2291 1783 2346 τὸν
1806 2305 1929 2360 γεν-

341 2389 551 2458 νάρχην
590 2386 763 2457 Ἀδὰμ
788 2385 1178 2458 ὑπερϐάντατδ
1206 2385 1622 2439 ὲννακοσιοστὸν
1651 2384 1792 2450 ἔτος,
1828 2386 1925 2439 καὶ

341 2478 486 2533 κατά
533 2479 633 2548 τὴν
658 2478 939 2549 χιλιοστὴν
991 2477 1221 2532 κάθοδον
1276 2477 1377 2547 τῆς
1426 2477 1576 2547 ζωῆς
1620 2477 1925 2545 τεθνηκότα

345 2571 485 2640 μετά
511 2570 610 2642 τὴν
636 2571 950 2641 παράϐασιν
982 2571 1078 2624 καὶ
1108 2570 1476 2642 παράπτωσιν
1502 2565 1795 2643 ;⁷Αρόύχ“ι
1825 2571 1925 2641 μία

339 2666 524 2737 ἡμέρα
558 2665 620 2718 τὸ
644 2665 849 2735 πλῆθος
874 2665 989 2719 τῶν
1015 2664 1152 2719 ἐτῶν
1176 2664 1343 2718 αὐτοῦ
1396 2665 1696 2736 προφανῶς
1742 2662 1924 2733 »ἐλογί-

343 2758 445 2828 σθη
472 2798 488 2820 ,
528 2760 576 2810 εί
612 2758 686 2827 μὴ
732 2757 822 2811 διὰ
857 2757 1274 2827 φιλανθρωπίαν
1321 2756 1651 2810 ἀνείκαστον
1703 2758 1733 2810 ὁ
1769 2772 1926 2826 μονο-

338 2850 507 2919 γενὴς
540 2849 668 2913 Υἱὸς
701 2848 794 2903 τοῦ
824 2847 962 2903 θεοῦ
992 2849 1117 2913 νέος
1148 2849 1321 2920 ’Δδάμ
1342 2848 1586 2918 γεγονὼς
1609 2847 1806 2919 ἐξῆρεν
1827 2848 1928 2902 αύ-

338 2943 433 2995 τὸν
462 2942 558 2997 τοῦ
584 2943 716 3015 ᾆδου
745 2944 839 2997 καὶ
867 2942 963 2997 τοῦ
997 2943 1234 2998 θανάτου
1260 2942 1355 2997 καὶ⁵
1381 2943 1484 3013 τῆς
1508 2942 1716 3015 φθορᾶς
1749 2960 1764 3009 ;
1790 2938 1928 2998 Εἶτά

342 3052 512 3109 φησιν
537 3026 566 3091 ό
608 3039 1069 3111 Ἐκκλησιαστήςδ

2032 621 2343 692 Evangeliis
2394 621 2702 682 continuat,
2745 619 2836 673 ubi
2888 619 3007 674 ait:
3047 639 3063 670 ι
3095 617 3307 675 Bonum
3351 630 3470 676 erat
3506 624 3611 678 ho-

2031 720 2166 775 mini
2197 720 2298 783 illi,
2338 721 2385 775 si
2416 732 2579 775 natus
2609 736 2717 773 non
2750 718 3035 785 fuisset“,
3071 736 3089 769 ι
3126 717 3321 774 ludam
3369 717 3613 787 prodito-

2033 828 2146 866 rem
2176 827 2241 866 eo
2279 811 2399 866 loco
2431 811 2749 880 designans.
2786 809 2922 865 Cum
2962 820 3143 863 autem
3175 808 3395 879 sapiens
3425 807 3613 863 Eccle-

2031 905 2234 960 siastes
2282 904 2533 975 protinus
2571 905 2735 959 addat
2765 919 2780 957 :
2818 921 2838 954 ι
2867 902 2936 957 Et
2972 902 3109 957 vixit
3145 902 3292 957 mille
3339 917 3609 956 annorum

2031 998 2282 1061 reditus,
2335 1006 2390 1052 et
2433 997 2731 1051 bonitatem
2786 1012 2893 1050 non
2947 996 3221 1067 cognovit,
3255 1015 3274 1048 ι
3326 996 3611 1052 hominum

2031 1096 2333 1150 multorum
2374 1093 2689 1148 vecordiam
2735 1093 3093 1148 temeritatem
3139 1092 3419 1163 redarguit
3447 1100 3613 1161 atque

2030 1187 2351 1251 amentiam,
2377 1186 2471 1257 qui
2495 1184 2839 1252 haecjactant
2860 1184 3204 1254 impudenter
3232 1194 3396 1256 atque
3418 1187 3606 1241 aiunt:

2030 1281 2220 1336 Annos
2252 1295 2355 1351 ego
2381 1279 2510 1333 vitae
2540 1292 2676 1332 mea:
2722 1276 2924 1333 inultos
2966 1292 3089 1332 esse
3120 1277 3266 1344 volo,
3314 1287 3369 1332 et
3402 1278 3609 1348 cupidi-

2027 1372 2239 1429 tatibus
2288 1371 2595 1442 indulgere,
2641 1378 2696 1427 et
2749 1370 2900 1424 omni
2951 1372 3066 1423 otio
3125 1384 3189 1425 ac
3237 1370 3608 1440 voluptatibus

2029 1464 2140 1519 frui
2170 1483 2185 1520 :
2220 1480 2286 1520 ac
2324 1463 2456 1517 mihi
2499 1471 2620 1533 post
2657 1464 2769 1517 haec
2805 1460 2851 1518 si
2880 1475 2941 1515 ea
2971 1460 3298 1530 contigerint
3335 1476 3458 1531 quae
3485 1460 3610 1516 aliis

2029 1554 2325 1623 contigere,
2352 1568 2462 1607 non
2489 1567 2643 1607 curo.
2675 1552 2807 1606 Nam
2838 1562 2894 1606 et
2922 1566 3023 1620 ego
3053 1566 3176 1605 cum
3215 1551 3333 1607 illis,
3351 1551 3610 1608 omnibus

2028 1663 2275 1719 pergam,
2314 1656 2375 1700 ut
2402 1661 2593 1717 pcenas
2632 1646 2859 1701 subeam
2889 1645 3010 1700 illas
3044 1645 3369 1709 invisibiles,
3400 1645 3446 1699 si
3475 1645 3609 1714 quid

2030 1755 2227 1810 nempe
2262 1747 2532 1809 superest,
2580 1746 2633 1792 et
2680 1738 2785 1792 illa:
2825 1735 3024 1792 futurae
3070 1747 3219 1791 sunt.
3261 1737 3331 1791 At
3376 1752 3607 1807 ecquam

2030 1834 2346 1894 utilitatem,
2381 1846 2415 1885 ο
2440 1830 2713 1895 mortalis,
2744 1829 3009 1892 invenies,
3033 1830 3118 1885 vel
3141 1846 3265 1885 cum
3300 1830 3367 1884 ad
3399 1845 3605 1885 annum

2028 1925 2381 1980 millesimum
2409 1922 2575 1977 vitam
2618 1922 2963 1993 produxeris,
3006 1922 3051 1976 si
3101 1922 3238 1976 nihil
3285 1921 3401 1985 tibi,
3444 1921 3607 1978 mise-

2028 2016 2265 2073 ricordia
2311 2025 2365 2070 et
2411 2016 2740 2070 liberalitate
2770 2029 2900 2085 erga
2943 2028 3232 2083 pauperes,
3269 2012 3515 2068 futurum
3551 2013 3604 2067 in

2025 2125 2201 2166 aavum
2250 2122 2678 2177 mensuramque
2720 2106 2904 2162 sedem
2944 2106 3295 2176 seposueris?
3335 2106 3470 2162 Nam
3507 2106 3607 2160 tibi

2026 2204 2177 2258 mille
2208 2203 2340 2258 anni
2375 2202 2478 2257 sub
2516 2201 2722 2255 exitum
2771 2202 2894 2255 vitae
2935 2200 3101 2270 hujus
3134 2210 3395 2271 tanquam
3425 2216 3605 2255 annus

2027 2312 2173 2352 unus
2202 2306 2297 2351 aut
2334 2295 2451 2350 dies
2490 2309 2636 2348 unus
2674 2292 3023 2347 videbuntur.
3058 2293 3200 2359 Quid
3233 2292 3381 2348 enim
3413 2308 3607 2363 proge-

2026 2389 2193 2444 nitori
2226 2388 2435 2443 Adamo
2461 2385 2685 2457 profuit,
2716 2386 2865 2455 quod
2888 2400 3093 2439 annum
3128 2385 3603 2455 nongentesimum

2028 2496 2418 2553 supergressus
2456 2480 2546 2542 sit,
2576 2489 2630 2534 et
2652 2479 2947 2535 millesimo
2972 2487 3219 2553 vertente
3246 2486 3371 2548 post
3392 2478 3602 2548 lapsum

2025 2551 2147 2644 ejus
2191 2551 2246 2629 et
2283 2586 2571 2628 excessum
2623 2569 2971 2626 occubuerit?
3009 2551 3393 2624 Νυιιίιευηιιε
3447 2572 3608 2639 plane

2032 2666 2194 2739 153
2215 2666 2333 2721 dies
2385 2672 2469 2720 tot
2518 2678 2790 2720 annorum
2835 2664 2959 2734 ejus
3004 2661 3299 2717 multitudo
3335 2660 3604 2717 aestimata

2024 2762 2206 2819 esset,
2240 2752 2349 2808 nisi
2402 2751 2717 2824 unigenitus
2759 2750 2855 2807 Dei
2897 2749 3072 2807 Filius
3097 2751 3169 2807 ob
3209 2751 3607 2823 incomparabi-

2023 2849 2130 2904 lem
2154 2862 2285 2919 erga
2317 2862 2491 2918 genus
2519 2846 2806 2904 hominum
2842 2845 3167 2902 cbaritatem
3216 2860 3393 2900 novus
3432 2845 3604 2900 Adam

2020 2940 2243 3006 factus,
2296 2940 2476 3011 ipsum
2524 2954 2596 2995 ex
2656 2938 2857 2995 inferni
2911 2938 3164 2995 faucibus
3218 2949 3274 2995 et
3327 2948 3502 2995 morte
3552 2949 3609 2995 et

2022 3034 2381 3105 corruptione
2406 3032 2747 3105 eripuisset?
2779 3032 2943 3088 Addit
2979 3032 3175 3088 deinde
3208 3031 3564 3089 Ecclesiastes
3590 3052 3602 3089 :

1934 3158 2023 3215 VI.

414 3249 509 3320 Μὴ
532 3248 645 3307 οὐκ
682 3254 769 3319 είς
800 3254 988 3308 τόπον
1013 3252 1125 3307 ἕνα
1165 3246 1363 3310 πάντα
1386 3253 1749 3321 impedierat;
1800 3158 1923 3322 Πίξς

2095 3245 2264 3307 Vans.
2295 3242 2419 3306 7-9.
2462 3245 2652 3304 Nonne
2676 3248 2747 3303 ad
2777 3247 2953 3303 locum
2978 3260 3141 3303 unum
3170 3251 3367 3304 vadunt
3392 3252 3611 3307 omnia!

338 3344 568 3414 μόχθος
632 3345 740 3399 τοῦ
772 3343 1088 3413 ἀνθρώπου
1118 3347 1206 3411 είς
1236 3340 1303 3399 τὸ
1332 3344 1528 3414 στόμα
1560 3346 1747 3400 αὑτοῦ
1773 3362 1785 3375 ·
1828 3348 1931 3401 καί

342 3452 411 3501 τε
450 3434 623 3506 ψυχὴ
667 3432 739 3489 οὐ
784 3431 1240 3503 πληρωθήσεται
1266 3451 1281 3465 ο
1323 3434 1413 3487 ὅτι
1466 3436 1787 3504 περίσσεια
1848 3435 1928 3501 τῷ

342 3523 515 3594 σοφῷ
548 3524 700 3592 ὑπὲρ
729 3524 839 3578 τὸν
868 3520 1118 3593 ἄφρονα,
1155 3516 1305 3578 διότι
1323 3523 1513 3592 πένης
1543 3521 1666 3579 οἵδε
1709 3541 1927 3595 πορευ-

344 3610 519 3683 θῆναι
552 3615 869 3670 κατέναντι
908 3616 1017 3685 τῆς
1043 3610 1215 3684 ζωῆς.
1278 3617 1533 3687 Ἀγαθὸν
1564 3616 1757 3687 ὅραμα
1820 3616 1926 3687 ὀφ-

344 3706 589 3778 θαλμῶν
617 3709 769 3777 ὑπὲρ
804 3711 1213 3778 πορευόμενον
1239 3708 1434 3779 ψυχῇ.
1484 3711 1595 3765 Καί
1639 3728 1707 3779 γε
1751 3708 1925 3764 τοῦτο

341 3802 667 3868 ματαιότης
714 3800 814 3854 καὶ
848 3802 1197 3869 προαίρεσις
1227 3803 1588 3871 πνεύματος.

432 3892 718 3964 ’Λνόνητον
751 3893 1175 3962 ἀποφηνάμενος
1233 3894 1329 3947 καὶ
1389 3896 1573 3949 πᾶσαν
1629 3895 1729 3965 τὴν
1779 3894 1925 3966 ζωὴν

342 3981 445 4035 τοῦ
475 3984 571 4037 καὶ
616 3984 817 4054 πολλὴν
864 3986 1037 4056 αὐτῆς
1074 3986 1376 4057 δεξαμένου
1436 3986 1772 4058 παράτασιν,
1832 3988 1927 4039 καὶ

346 4075 537 4147 χιλίων
568 4077 705 4131 ἐτῶν
744 4078 1009 4143 καθόδους
1036 4076 1303 4148 ζήσαντος
1339 4080 1510 4151 χωρὶς
1542 4078 1923 4149 ἀγαθωσύνης,

344 4169 516 4238 ἤγουν
540 4168 915 4241 ἐλεημοσύνης
945 4172 1039 4225 καὶ
1062 4170 1327 4242 διανομῆς
1359 4172 1453 4224 καὶ
1505 4170 1794 4234 διαδόσεως
1822 4171 1925 4241 τῆς

343 4263 483 4333 πρὸς
508 4262 634 4326 τοὺς
662 4262 861 4326 ἐνδεεῖς
889 4263 985 4316 καὶ
1015 4262 1269 4333 πτωχούς
1296 4279 1311 4295 ο
1365 4262 1677 4327 ἀκολούθως
1707 4265 1802 4318 καὶ
1834 4263 1923 4317 διὰ

339 4350 454 4403 τῶν
486 4351 773 4422 ἑπομένων
819 4352 917 4423 τὴν
973 4352 1110 4406 ίδίαν
1150 4352 1309 4418 δόξαν
1363 4354 1726 4426 παρεμπεδοϊ,
1803 4357 1924 4419 ταῖς

339 4444 451 4497 τῶν
476 4444 820 4517 πραγμάτων
852 4446 1281 4516 ὲναργεστάταις
1320 4445 1666 4512 ἀποδείξεσιν
1719 4448 1798 4512 είς
1835 4445 1924 4517 βε-

334 4535 574 4589 ϐαίωσιν
636 4538 995 4608 κεχρημένος.
1049 4556 1067 4589 ι
1103 4538 1194 4609 Mi)
1243 4538 1384 4610 γὰρ,
1430 4540 1627 4609 φησιν,
1678 4540 1782 4592 οὐκ
1840 4540 1923 4603 είς

2030 3341 2212 3401 Omnis
2238 3343 2389 3398 labor
2419 3342 2644 3395 hominis
2683 3340 2746 3394 ob
2772 3357 2829 3395 os
2858 3342 3026 3409 ipsius
3057 3356 3076 3396 :
3106 3350 3156 3394 et
3189 3343 3398 3413 quidem
3428 3349 3608 3397 anima

2030 3454 2133 3491 non
2172 3434 2517 3504 implebitur;
2550 3433 2800 3503 quoniam
2831 3433 3163 3487 abundantia
3188 3435 3415 3503 sapienti
3453 3452 3611 3504 super

2028 3530 2381 3598 insipientem,
2409 3541 2469 3579 eo
2492 3523 2632 3596 quod
2658 3540 2859 3594 pauper
2881 3526 3022 3578 novit
3052 3526 3132 3578 ire
3156 3526 3225 3579 ad
3248 3526 3440 3596 faciem
3468 3534 3607 3582 vitae.

2030 3621 2235 3677 Bonum
2285 3629 2362 3674 est
2416 3628 2659 3687 aspectus
2714 3620 2989 3672 oculorum
3038 3632 3196 3688 super
3247 3618 3606 3674 ambulantem.

2027 3717 2233 3768 anima.
2296 3710 2411 3766 Hoc
2458 3714 2623 3765 etiam
2671 3711 2883 3765 vanitas
2941 3722 2991 3766 et
3046 3713 3390 3781 prcsuMptio
3446 3715 3602 3784 spiri-

2029 3811 2114 3860 tus
2142 3799 2275 3875 (ιο).

2095 3896 2234 3951 Cum
2272 3894 2519 3948 inutilem
2563 3892 2863 3948 ostenderit
2894 3890 2979 3947 vel
3012 3907 3230 3948 omnem
3260 3893 3427 3949 vitam
3457 3894 3601 3965 ejus.

2026 3988 2121 4058 qui
2149 3989 2373 4058 longum
2410 3986 2464 4040 in
2504 3998 2681 4039 aevum
2729 3983 3032 4054 producere
3072 3986 3330 4054 potuerit,
3369 3994 3425 4040 et
3456 3986 3604 4041 mille

2026 4095 2295 4136 annorum
2357 4078 2543 4133 orbem
2610 4076 2955 4148 impleverit,
3010 4075 3278 4145 siquidem
3342 4077 3602 4133 bonitatis

2026 4187 2221 4241 expers
2245 4168 2435 4235 fuerit,
2471 4167 2865 4223 misericordia:
2903 4167 3114 4223 scilicet
3154 4183 3220 4222 ac
3256 4167 3599 4223 liberalitatis

2025 4279 2156 4336 erga
2204 4273 2423 4335 egentes
2471 4271 2637 4333 atque
2686 4260 3013 4317 mendicos:
3039 4261 3155 4332 jam
3210 4269 3265 4316 et
3322 4261 3421 4325 iis,
3476 4277 3599 4332 quae

2026 4363 2350 4426 sequuntur,
2392 4352 2717 4408 sententiam
2752 4354 3046 4407 conﬁrmat
3074 4364 3253 4417 suam,
3286 4361 3340 4406 et
3377 4356 3601 4424 praecla-

2024 4446 2262 4502 rissimis
2311 4459 2445 4500 usus
2493 4458 2677 4499 rerum
2732 4442 3293 4499 demonstrationibus
3342 4458 3599 4512 compro-

2024 4539 2135 4593 bat.
2173 4555 2192 4589 ι
2224 4536 2418 4590 Nonne
2451 4534 2621 4600 enim,
2656 4533 2854 4604 inquit,
2880 4547 3047 4585 unum
3078 4530 3145 4585 ad
3182 4530 3363 4585 locum
3392 4532 3602 4587 vadunt

340 4625 511 4679 τόπον
541 4626 639 4679 ἕνα
659 4627 755 4717 μτά
796 4626 975 4680 πάντα
1007 4627 1303 4699 πορεύεται
1329 4647 1343 4696 ;
1394 4646 1414 4680 ι
1443 4628 1645 4700 δηλαδὴ
1668 4630 1807 4702 πρὸς
1824 4630 1917 4683 τὸν

2025 4630 2243 4685 omnia?
2275 4647 2293 4680 ι
2336 4628 2387 4682 id
2418 4635 2524 4691 est,
2554 4641 2678 4681 eam
2729 4625 2795 4680 ad
2834 4633 3061 4686 terram,
3101 4623 3244 4679 unde
3272 4625 3342 4679 ab
3388 4625 3599 4695 origine

339 4717 490 4787 γοῦν,
533 4718 593 4785 ἐξ
627 4708 798 4789 οὗπερ
837 4717 1154 4791 ὲλήφθημεν
1186 4720 1307 4774 κατ’
1337 4720 1548 4792 ἀρχάς;
1603 4720 1665 4774 Εἰ
1702 4720 1760 4775 δὲ
1820 4722 1916 4776 καὶ

338 4813 432 4864 τὸν
458 4813 747 4885 ὠκύμορον
792 4816 887 4867 καὶ
931 4814 1026 4869 τὸν
1073 4810 1374 4887 μακρόϐιον
1425 4816 1487 4869 τὸ
1538 4816 1672 4869 αὐτὸ
1741 4816 1918 4887 πέρας

336 4901 638 4971 ίνδέχεται,
680 4905 776 4958 καὶ
799 4906 966 4969 τόπος
993 4907 1022 4960 ό
1050 4906 1215 4970 αὐτὸς
1262 4906 1604 4978 ὑποδέχεται,
1641 4907 1695 4961 τί
1729 4907 1918 4960 πλεῖον

344 4992 460 5062 ἕχει
488 4989 642 5059 οὗτος
686 4997 922 5061 ἐκείνου,
948 4996 1008 5051 τὸ
1030 4997 1163 5052 αύτό
1192 4998 1345 5064 τέλος
1388 4999 1657 5073 εὑρίσκων
1686 5002 1783 5054 καὶ
1838 4999 1917 5071 τῷ

342 5084 495 5154 αύτῷ
517 5083 922 5157 καλυπτόμενος
966 5090 1123 5162 τάφῳ
1172 5092 1273 5163 τῆς
1307 5091 1413 5162 γῆς
1437 5132 1453 5157 ,
1500 5091 1617 5147 ἀλλ’
1649 5088 1682 5163 ἢ
1754 5092 1916 5161 μόνον

342 5175 453 5229 τῶν
486 5175 903 5232 πολλαπλασίων
936 5181 1150 5252 μόχθων
1179 5184 1273 5238 καὶ
1307 5184 1486 5239 πόνων
1522 5198 1582 5237 τε
1614 5185 1709 5238 καὶ
1731 5185 1917 5238 κόπων

339 5266 486 5321 κατά
527 5267 626 5337 τὴν
657 5268 946 5339 ἀναλογίαν
976 5273 1077 5344 τῆς
1116 5276 1379 5346 χρονικῆς
1416 5276 1781 5345 παρατάσεως
1813 5274 1918 5347 τὴν

338 5353 721 5425 ταλαιπωρίαν
757 5360 853 5410 καὶ
885 5362 1189 5431 κακουχίαν
1235 5364 1330 5417 καὶ
1405 5363 1731 5435 σύνθλιψινς
1774 5364 1918 5419 ὥστε

342 5446 546 5518 μᾶλλόν
592 5449 710 5502 ἐστι
742 5454 1193 5523 κατεγνωσμένος
1227 5456 1325 5511 καὶ
1385 5458 1862 5528 κατακεκριμένος
1887 5460 1920 5511 ύ

338 5536 513 5589 πλείω
545 5536 717 5609 ζήσας
742 5538 837 5593 τοῦ
870 5540 1136 5612 ζήσαντος
1160 5546 1387 5613 ἐλάττω,
1417 5548 1512 5600 καὶ
1546 5547 1714 5620 μηδὲν
1755 5548 1918 5621 ἔργον

407 5652 452 5683 ³¹
474 5650 665 5708 Matth.
698 5670 850 5721 xxvr,
876 5655 968 5711 24.

336 5745 498 5819 tisma
526 5817 535 5819 _
562 5761 713 5802 mors
762 5746 1097 5819 oppresserit
1148 5766 1162 5802 :
1205 5762 1328 5804 cum
1388 5761 1486 5802 eos
1528 5748 1725 5819 potiori
1787 5764 1910 5804 esse

335 5817 648 5889 conditione
705 5817 989 5889 agnoscat,
1045 5833 1210 5888 quam
1263 5819 1354 5889 qui
1388 5817 1558 5874 vitam
1598 5819 1665 5873 ad
1709 5820 1910 5873 nniltos

336 5900 511 5943 aiiiios
546 5889 597 5943 in
622 5888 837 5960 ﬂagitiis
867 5890 1246 5960 produxerim.
1298 5888 1451 5955 Vide,
1487 5889 1531 5943 si
1569 5898 1744 5956 vacat,
1772 5889 1909 5946 Gre-

2023 4721 2294 4791 desumpti
2329 4718 2568 4775 fuimus?
2616 4717 2672 4772 Si
2706 4728 2887 4772 autem
2919 4726 2974 4772 et
3014 4716 3194 4771 brevis
3234 4724 3290 4773 et
3324 4716 3597 4773 diuturna:

2015 4816 2141 4869 vita:
2179 4812 2456 4867 hominem
2493 4809 2637 4865 idem
2677 4808 2947 4864 terminus
2988 4819 3192 4874 manet,
3230 4808 3481 4879 idemque
3506 4825 3598 4864 ex-

2015 4906 2148 4976 cipit
2194 4905 2384 4968 locus,
2427 4901 2558 4974 quid
2607 4900 2843 4970 amplius
2896 4900 2988 4953 hic
3041 4900 3223 4965 habet,
3266 4915 3429 4969 quam
3479 4900 3591 4961 ille,

2013 5013 2139 5053 cum
2188 4994 2441 5053 eumdem
2481 4994 2549 5049 ad
2596 4993 2758 5047 linem
2811 4990 3041 5056 recidat,
3101 4999 3158 5046 et
3199 4990 3392 5046 eodem
3434 5001 3596 5047 terra»

2014 5087 2266 5158 sepulcro
2289 5092 2646 5155 contegatur,
2683 5081 2789 5136 nisi
2826 5081 2930 5135 hoc
2960 5095 3152 5146 unum,
3182 5080 3327 5151 quod
3357 5081 3595 5151 majores

2015 5195 2116 5252 pro
2153 5180 2280 5234 vitae
2316 5176 2684 5232 diuturnitate
2716 5173 2936 5229 labores
2974 5174 3181 5239 tulerit,
3218 5188 3287 5227 ac
3316 5173 3504 5243 plures
3540 5189 3597 5230 et

2017 5274 2295 5347 graviores
2325 5269 2601 5325 molestias
2623 5282 2770 5339 aegro
2798 5267 3110 5337 alllictoque
3136 5266 3320 5321 animo
3344 5267 3596 5321 exantla-

2016 5368 2157 5423 verit
2180 5366 2206 5420 ἲ
2234 5365 2369 5420 adeo
2398 5372 2458 5418 ut
2488 5361 2763 5418 severiore
2793 5363 2866 5417 sit
2889 5360 3098 5432 judicio
3123 5358 3468 5417 damnandus
3499 5364 3593 5433 qui

2016 5460 2141 5532 plus
2183 5455 2409 5522 vixerit,
2462 5469 2628 5525 quam
2675 5453 2772 5525 qui
2816 5454 3001 5510 minus
3060 5452 3226 5516 vixit.
3267 5461 3323 5507 et
3381 5452 3593 5507 nullum

2016 5549 2279 5607 bonitatis
2316 5546 2544 5619 protulit
2581 5560 2758 5618 opus;
2804 5545 2946 5617 quod
2994 5544 3073 5600 illi
3120 5544 3337 5616 longius
3375 5559 3597 5615 quoque

2015 5750 2655 5890 (ggrigsrgyazianzenum
2701 5751 2891 5808 eadem
2919 5752 3242 5809 sentientem
3270 5753 3323 5807 in
3353 5762 3496 5807 orat.
3526 5753 3598 5808 40

2092 5891 2219 5964 (40)
2246 5892 2560 5968 0|ymp.,...
2606 5894 2689 5950 ὅτι
2716 5894 2803 5961 τίς
2834 5895 3123 5967 περίσσεια
3154 5894 3233 5967 τῷ
3265 5894 3484 5967 σοφῷ...
