4114 6514
486 424 603 489 975

1600 419 1660 477 S.
1692 411 2069 476 GREGORII
2110 408 2301 470 AGRI
2313 406 2639 469 GENTINI

3650 399 3756 462 9'76

494 534 754 606 temperie
786 531 1022 603 spatium
1052 530 1119 586 ad
1151 520 1410 600 majorem
1455 529 1935 601 reprehensionem
1974 526 2065 591 sit,

2183 523 2536 593 ὶγαθωσύνης
2569 520 3017 591 ἐπιδειξαμένου,
3051 519 3143 573 διὰ
3177 518 3242 572 τὸ
3271 518 3371 573 καὶ
3421 517 3483 571 sb
3542 515 3756 587 δόλιχον

495 633 566 686 ob
600 630 929 700 pertinacem
958 636 1012 683 et
1048 642 1180 682 saxo
1208 626 1483 682 duriorem
1531 628 1796 689 animum,
1826 625 1921 694 qui
1948 625 2071 679 vita:

2183 616 2266 670 τοῦ
2285 615 2479 687 χρόνου
2504 614 2783 684 διάστημα
2806 612 3009 684 μᾶλλον
3037 612 3183 682 ἔχειν
3204 611 3289 673 εἰς
3318 609 3544 679 ἔλεγχον
3570 608 3756 663 πλείο-

494 735 657 776 cursu
698 717 887 772 tandiu
936 718 1167 787 prolato,
1207 715 1471 769 bonitatis
1515 712 1832 768 exercenda:
1881 723 2070 764 curam

495 827 602 866 non
632 809 953 879 susceperit.
986 806 1122 861 Nam
1153 807 1257 862 etsi
1296 826 1313 857 ι
1344 805 1543 863 omnis.
1578 824 1596 856 ι
1636 804 1833 874 inquit,
1870 822 1889 853 ι
1918 802 2072 855 labor

495 900 756 966 hominis,
791 918 809 951 ι
869 898 991 968 ejus
1046 898 1278 961 scilicet,
1338 897 1432 963 qui
1487 912 1595 951 non
1646 911 1711 949 ex
1767 893 2074 948 sanctitatis

498 992 726 1062 Spiritu,
766 989 859 1046 sed
889 988 1045 1056 juxta
1082 989 1360 1043 hominem
1411 996 1623 1041 tantum
1665 1000 1725 1041 se
1756 985 1915 1054 gerit,
1950 1001 1970 1034 ι
2002 983 2074 1037 ob

498 1103 564 1142 os
593 1087 766 1157 ipsius
792 1086 939 1156 (Η),
974 1103 992 1135 ι
1023 1084 1194 1138 nihilo
1231 1092 1409 1136 tamen
1449 1082 1606 1153 157
1633 1082 1814 1136 minus
1854 1089 2073 1150 oporte-

501 1181 614 1243 bat,
650 1186 710 1232 ut
753 1178 925 1232 multo
972 1177 1138 1230 etiam
1170 1174 1365 1243 magis,
1404 1176 1491 1229 vel
1521 1184 1671 1229 certe
1703 1173 1820 1243 pari
1870 1172 2073 1235 studio,

501 1272 584 1326 vel
617 1272 807 1328 saltem
843 1270 1084 1326 secundo
1126 1268 1248 1322 loco
1276 1269 1591 1322 interiorem
1624 1266 1925 1328 hominem,
1960 1264 2079 1318 ani-

500 1379 645 1419 mam
702 1374 928 1431 nempe,
978 1375 1108 1414 cura
1152 1371 1207 1414 et
1251 1358 1593 1429 providentia
1640 1357 1977 1427 dignaretur,
2024 1364 2079 1410 et

502 1458 689 1525 egenis
710 1456 777 1509 ab
803 1456 985 1525 inopia
1018 1454 1279 1517 defensis,
1316 1451 1558 1507 bonitate
1580 1450 1730 1504 omni
1757 1449 2072 1518 compleret.

504 1547 596 1604 Sic
626 1548 769 1602 enim
805 1547 1198 1602 abundantiam
1232 1545 1433 1599 habere
1459 1542 1695 1611 aliquam
1722 1540 1875 1596 visus
1908 1547 2075 1605 esset,

490 1642 669 1694 'veluti
718 1640 937 1709 sapiens
987 1653 1152 1707 super
1210 1636 1439 1690 stultum
1478 1634 1588 1704 (42)
1618 1673 1633 1698 ,
1689 1633 1743 1687 in
1800 1630 2080 1686 laboribus

494 1720 692 1805 utique
737 1732 995 1800 curisque
1027 1731 1163 1785 suis.
1210 1726 1363 1781 Nunc
1393 1737 1593 1791 autem,
1631 1724 1887 1779 omnibus
1928 1724 2081 1778 labo-

496 1840 625 1879 rum
658 1822 926 1877 fructibus
972 1820 1027 1874 in
1069 1834 1131 1873 os
1166 1834 1325 1873 suum
1373 1816 1561 1871 inditis
1590 1826 1755 1885 atque
1790 1813 2079 1883 conjectis,

2173 725 2239 761 va
2277 708 2379 777 τῆς
2416 704 2713 759 ἀντιτύπου
2752 703 2986 775 καρδίας
3034 702 3129 756 καὶ
3175 700 3551 772 σκληροτέρας
3581 698 3755 765 λίθου,

2174 798 2297 853 καθ’
2318 799 2346 851 ὃ
2363 796 2489 851 καθ’
2508 795 2818 866 ὑπερϐολὴν
2832 796 2932 863 τῆς
2959 794 3106 863 ζωῆς
3122 792 3290 848 αὐτοῦ
3316 788 3755 861 παραταθείσης,

2174 887 2544 958 ἀγαθωσύνην
2573 887 2675 940 οὐκ
2709 886 2854 955 ἔγνω
2910 887 3110 939 ποιεῖν.
3141 884 3234 937 Ἐἰ
3267 884 3376 955 γὰρ
3424 886 3519 936 καὶ
3561 902 3581 934 ι
3624 884 3758 947 πᾶς,

2175 979 2335 1047 φησι,
2393 978 2592 1048 μόχθος
2628 976 2724 1032 τοῦ
2764 975 3081 1046 ἀνθρώπου,
3119 994 3138 1028 ι
3175 975 3423 1044 δηλονότι
3468 973 3566 1027 τοῦ
3615 975 3761 1028 κατὰ

2175 1071 2468 1142 ἄνθρωπον
2498 1069 2688 1134 ἁπλῶς
2737 1067 3196 1139 περιπατοῦντος,
3262 1066 3380 1120 ἀλλ’
3433 1066 3554 1136 οὐχὶ
3617 1066 3760 1119 κατά

2178 1160 2400 1233 πνεῦμα
2431 1162 2767 1232 ἁγιωσύνης,
2814 1178 2833 1211 t
2873 1161 2955 1224 εἰς
2979 1159 3043 1213 τὸ
3081 1159 3257 1230 στόμα
3303 1158 3494 1223 αὑτοῦ,
3537 1177 3556 1210 ›
3617 1158 3759 1231 πλὴν

2179 1254 2318 1307 ἀλλὰ
2346 1252 2459 1324 γὰρ
2493 1253 2665 1323 ἐχρῆν
2696 1252 2793 1306 καὶ
2822 1250 3007 1323 πολλῷ
3039 1252 3266 1323 μᾶλλον,
3297 1251 3331 1323 ἢ
3367 1252 3469 1305 κάν
3498 1252 3584 1305 ἔπ’
3609 1251 3755 1321 ἴσης,

2178 1346 2211 1418 ἦ
2236 1347 2330 1400 καὶ
2363 1345 2910 1417 δευτέρως,ἀξιῶσαι
2944 1345 3272 1416 κηδεμονίας
3301 1346 3399 1398 καὶ
3416 1343 3759 1416 προμηθείας

2177 1440 2270 1492 τὸν
2305 1437 2520 1492 ἔνδοθεν
2551 1436 2864 1508 ἄνθρωπον,
2894 1436 3098 1508 δηλαδὴ
3130 1436 3232 1509 τὴν
3254 1435 3456 1508 ψυχὴν,
3488 1437 3588 1489 καὶ
3619 1435 3760 1505 πλη-

2183 1532 2360 1603 ρῶσαι
2393 1530 2579 1600 πάσης
2608 1528 2977 1600 ἀγαθωσύνης
3006 1530 3096 1584 διὰ
3124 1530 3226 1599 τῆς
3256 1529 3393 1600 πρὸς
3422 1530 3551 1594 τοὺς
3593 1530 3763 1600 πένης

2180 1641 2279 1685 τας
2311 1621 2655 1693 μεταδόσεως
2684 1623 2780 1675 καὶ
2803 1621 3097 1691 διανομῆς.
3124 1621 3282 1676 Οὕτω
3303 1622 3416 1693 γάρ
3447 1624 3515 1677 ἂν
3556 1621 3759 1693 εὑρέθη

2182 1717 2308 1767 τινα
2336 1712 2660 1783 περίσσειαν
2697 1711 2860 1782 ἔχων,
2887 1707 2977 1765 οἷα
3010 1711 3172 1781 σοφὸς
3209 1711 3355 1781 ὑπὲρ
3412 1710 3508 1765 τὸν
3545 1710 3761 1781 ἄφρονα

2185 1805 2330 1860 κατὰ
2355 1808 2486 1869 τοὺς
2525 1804 2761 1876 μόχθους
2785 1803 2955 1859 αὑτοῦ
2991 1805 3087 1859 καὶ
3113 1804 3242 1867 τοὺς
3269 1804 3499 1868 κόπους.
3529 1804 3647 1857 Νῦν
3699 1803 3759 1857 δὲ

502 1931 605 1971 nec
650 1915 910 1970 interiore
940 1912 1163 1967 homine
1208 1914 1264 1965 in
1298 1910 1466 1965 ullam
1518 1909 1775 1964 salutaris
1822 1907 2078 1961 bonitatis

2183 1902 2395 1964 πάντας
2442 1901 2569 1963 τοὺς
2605 1900 2855 1969 καρποὺς
2899 1897 3009 1953 τῶν
3056 1898 3274 1969 μόχθων
3328 1901 3410 1963 εἰς
3469 1898 3530 1951 τὸ
3585 1899 3761 1967 στόμα

488 2018 713 2079 'partem
753 2013 970 2067 vocato,
1026 2004 1180 2073 pejor
1220 2001 1477 2055 inventus
1520 2009 1622 2063 est,
1663 2015 1829 2071 quam
1872 2013 2076 2069 egenus

494 2101 733 2171 quisque
771 2113 835 2153 ac
864 2097 1170 2159 mendicus,
1211 2110 1335 2151 cum
1366 2093 1504 2148 nihil
1541 2094 1632 2147 ille
1673 2093 1893 2151 habeat,
1925 2091 2075 2161 quod

503 2194 628 2248 aliis
670 2192 876 2246 dividat
924 2200 977 2245 et
1025 2190 1308 2260 largiatur,
1364 2202 1428 2242 ac
1463 2195 1749 2255 propterea
1794 2184 1941 2238 nulla
1990 2183 2081 2238 hic

503 2286 855 2339 damnatione
886 2280 1083 2352 dignus
1111 2283 1219 2334 tiat.
1260 2277 1417 2344 Quod
1457 2276 1698 2331 indicare
1724 2276 1941 2344 sapiens
1980 2272 2081 2329 Ec-

493 2378 790 2431 clesiastes
822 2389 945 2430 cum
981 2372 1160 2436 vellet,
1200 2370 1275 2423 ait
1308 2388 1321 2423 :
1356 2388 1378 2419 ι
1408 2368 1487 2422 Eo
1517 2366 1661 2438 quod
1696 2381 1903 2436 pauper
1932 2364 2082 2419 novit

504 2470 583 2522 ite
619 2468 685 2521 ad
714 2466 908 2519 faciem
940 2464 1086 2517 vitae.
1127 2480 1144 2512 ι
1182 2460 1322 2525 Quid
1353 2475 1484 2513 vero
1524 2460 1579 2512 id
1619 2458 1743 2512 est?
1770 2456 1888 2511 Non
1934 2453 2081 2509 aliud

507 2560 688 2629 plane,
734 2572 905 2626 quam
940 2554 1085 2626 quod
1129 2570 1332 2625 pauper
1388 2552 1456 2605 iis
1494 2553 1742 2613 edoctus,
1795 2563 1915 2617 quae
1965 2548 2083 2616 ipse

505 2649 734 2720 patitur,
771 2649 1044 2717 egentium
1078 2662 1144 2702 ac
1174 2645 1556 2702 mendicorum
1599 2656 1873 2698 aerumnas
1902 2650 1956 2694 et
1986 2655 2083 2694 an-

504 2742 721 2813 gustias
759 2749 817 2795 et
866 2739 1224 2794 necessitates
1262 2738 1417 2808 quasi
1453 2736 1705 2807 proprias
1736 2733 1906 2798 ducit,
1957 2746 2081 2785 eos-

511 2834 743 2903 demque
774 2848 916 2903 saape
954 2832 1021 2887 ad
1050 2831 1290 2902 frugales
1329 2837 1382 2884 et
1411 2830 1603 2898 inopes
1631 2840 1853 2881 mensas
1888 2822 2084 2892 accipit

510 2928 711 2991 socios,
758 2936 852 2980 aut
885 2926 1221 2997 paupertatis
1270 2922 1612 2979 incommoda
1656 2920 1737 2975 sic
1780 2917 1983 2982 ferens,
2024 2922 2085 2969 ut

509 3022 671 3076 etiam
706 3021 817 3076 Deo
863 3022 1102 3077 universi
1138 3020 1344 3090 gratias
1390 3026 1535 3089 agat,
1574 3015 1813 3071 futuram
1862 3008 2085 3080 respicit

511 3115 702 3180 vitam,
750 3115 860 3169 illic
903 3130 934 3169 a
968 3113 1202 3167 Domino
1249 3111 1458 3181 optimo
1506 3118 1667 3178 atque
1702 3104 2083 3161 amantissimo

511 3222 570 3261 se
628 3207 939 3261 auditurum
995 3220 1221 3276 sperans
1260 3201 1413 3275 (45),
1475 3216 1598 3271 quae
1656 3198 1710 3253 in
1772 3193 2081 3265 Evangeliis

506 3297 663 3351 diviti
715 3298 791 3351 illi
835 3299 981 3353 dicta
1021 3297 1297 3366 legimus:
1336 3313 1354 3347 ι
1382 3292 1655 3363 Recepisti
1702 3290 1845 3345 bona
1892 3297 1986 3341 tua
2026 3285 2081 3339 in

510 3392 619 3443 vita
660 3400 773 3452 tua,
804 3405 948 3445 nunc
976 3404 1105 3443 vero
1147 3385 1412 3443 cruciaris
1442 3402 1456 3439 :
1484 3383 1733 3440 similiter
1758 3390 1812 3436 et
1840 3380 2079 3434 Lazarus

512 3485 684 3549 mala,
726 3499 870 3537 nunc
900 3491 1080 3536 autem
1116 3478 1277 3549 158
1301 3477 1391 3531 hic
1419 3476 1733 3532 consolatur
1758 3473 1891 3545 (44).
1927 3490 1945 3522 ι

2180 1991 2349 2045 αὑτοῦ
2378 1992 2504 2055 δοὺς
2531 1991 2626 2045 καὶ
2671 1991 3139 2062 καταϐαλόμενος,
3163 1991 3259 2046 καὶ
3301 1991 3574 2063 μηδεμιᾶς
3594 1989 3760 2054 ainb-

2182 2100 2280 2145 σας
2310 2083 2587 2150 σωστικῆς
2614 2082 2982 2151 ἀγαθωσύνης
3035 2083 3129 2137 τὸν
3176 2083 3389 2137 ἔνδοθεν
3444 2084 3760 2155 ἄνθρωπον,
3856 2100 3877 2125 ο

2181 2175 2383 2244 χείρων
2414 2175 2644 2247 εὓρηται
2682 2175 2896 2229 καὶτοῦ
2918 2176 3309 2247 πενητεύοντος
3332 2177 3425 2231 καὶ
3447 2175 3760 2246 πτωχεύον-

2180 2285 2292 2332 τος,
2315 2268 2391 2332 ὡς
2427 2266 2621 2321 τούτου
2656 2268 2756 2338 μὲν
2808 2268 2960 2322 οὐδὲν
2985 2267 3343 2340 ἔχοντοςπρὸς
3386 2268 3761 2341 διανομὴνκαὶ

2188 2361 2449 2429 διάδοσιν,
2480 2362 2575 2415 καὶ
2595 2362 2683 2416 διὰ
2702 2361 2861 2416 τοῦτο
2881 2363 3015 2433 μηδὲ
3042 2363 3141 2435 τὴν
3166 2362 3416 2416 ἐντεῦθεν
3436 2362 3762 2434 κατάκρισιν

2183 2455 2423 2525 ἔχοντος.
2450 2456 2631 2526 Ὅπερ
2659 2456 3039 2527 αἰνιττόμενος
3066 2459 3095 2510 ό
3122 2456 3287 2527 σοφὸς
3326 2456 3763 2527 Ἐκκλησιαστὴς

2181 2550 2376 2619 ἔφησε,
2406 2567 2426 2601 ι
2462 2550 2661 2603 Διότιὸ
2705 2549 2875 2620 πένης
2928 2546 3037 2603 οἶδε
3089 2550 3426 2621 πορευθῆναι
3472 2551 3763 2605 κατέναντι

2181 2643 2280 2712 τῆς
2310 2640 2477 2709 ζωῆς.
2516 2659 2537 2693 ι
2572 2640 2637 2694 Τί
2662 2641 2721 2695 δὲ
2768 2642 2927 2696 τοῦτό
2950 2644 3133 2708 ὲστιν;
3173 2641 3314 2695 Ἀλλ’
3374 2641 3624 2714 εὔδηλον,
3675 2642 3760 2695 ὅτι

2181 2733 2243 2797 ἐξ
2286 2727 2361 2786 ὧν
2390 2735 2591 2804 πάσχει
2622 2734 3046 2805 πειραζόμενος,
3091 2734 3380 2806 συνίστησι
3406 2734 3475 2788 τὰ
3502 2733 3761 2805 πάθηκαὶ

2181 2823 2283 2895 τὴν
2319 2823 2503 2895 θλίψιν
2539 2826 2637 2879 καὶ
2662 2824 2760 2896 τὴν
2792 2826 3047 2897 ἀνάγκην
3089 2825 3201 2879 τῶν
3227 2827 3641 2897 πενητευόντων
3664 2827 3760 2882 καὶ

2183 2917 2599 2986 πτωχευόντων,
2626 2919 2722 2971 καὶ
2752 2919 3049 2983 κοινωνοὺς
3072 2919 3276 2983 αὐτοὺς
3301 2919 3571 2990 λαμσάνει
3625 2919 3761 2974 πολ-

2184 3009 2342 3071 λάκις
2365 3011 2461 3063 ἐπὶ
2486 3011 2611 3073 ταῖς
2643 3010 2875 3081 ἀπόροις
2901 3011 3001 3065 καὶ
3024 3015 3317 3084 πενιχραῖς
3336 3011 3663 3083 τραπέζαις,
3722 3012 3757 3081 ἢ

2188 3101 2309 3171 μετ’
2340 3101 2695 3172 εὐχαριστίας
2739 3103 2843 3173 τῆς
2898 3101 3037 3173 πρὸς
3087 3102 3182 3157 τὸν
3221 3104 3315 3156 ἐπὶ
3362 3102 3581 3157 πάντων
3624 3102 3761 3157 Θεὸν

2185 3191 2473 3262 ὑπομένων
2493 3192 2562 3245 τὰ
2590 3192 2691 3263 τῆς
2722 3192 2939 3257 πενίας,
2968 3192 3108 3265 πρὸς
3135 3192 3237 3264 τὴν
3268 3191 3573 3264 μέλλουσαν
3620 3193 3761 3246 ἀπο-

2187 3284 2379 3356 βλέπει
2431 3284 2596 3357 ζωὴν,
2641 3287 2760 3338 ἐκεῖ
2788 3284 3057 3339 πυθέσθαι
3082 3285 3408 3355 καραδοκῶν
3458 3285 3613 3357 παρὰ
3664 3284 3759 3339 τοῦ

2184 3376 2393 3447 ἀγαθοῦ
2415 3380 2510 3431 καὶ
2535 3377 2921 3448 φιλανθρώπου
2939 3377 3213 3431 Δεσπότου
3235 3376 3299 3431 τὸ
3332 3376 3469 3448 πρὸς
3480 3377 3571 3431 τὸν
3598 3376 3764 3430 πλού-

2190 3486 2306 3523 σιον
2337 3470 2547 3521 ἐκεῖνον
2578 3469 2870 3540 εἰρημένον
2897 3471 2955 3522 ὲν
3003 3468 3364 3537 Εὑαγγελίοις
3389 3484 3403 3498 ⁸
3454 3488 3471 3519 ι
3520 3468 3760 3523 Ἀπέλα-

509 3574 605 3638 ὄες
638 3575 708 3628 τά
736 3573 919 3643 ἀγαθά
947 3591 1039 3627 σου
1090 3575 1147 3626 ἐν
1185 3577 1250 3644 τῇ
1294 3574 1406 3644 ζωῇ
1439 3587 1557 3635 σου,
1588 3569 1682 3622 νῦν
1747 3552 1802 3620 δὲ
1828 3565 2085 3619 ὀδυνᾶσαι
2115 3576 2133 3595 ο
2171 3562 2374 3634 ὁμοίως
2412 3560 2508 3615 καὶ
2576 3562 2831 3633 Λάζαρος
2881 3560 2950 3616 τὰ
2980 3562 3130 3616 κακά
3151 3580 3165 3594 ο
3198 3562 3294 3616 νῦν
3327 3561 3385 3616 δὲ
3419 3554 3522 3616 ὧδε
3581 3578 3762 3632 παρα-

511 3668 777 3722 καλεῖται.
816 3688 835 3719 ι

584 3760 734 3816 lianc
767 3761 913 3815 enim
942 3760 1445 3832 interpretationem
1478 3758 1545 3812 iis
1583 3764 1783 3821 tuetur,
1813 3768 1937 3825 quae
1967 3767 2086 3822 pro-

585 3960 696 4030 (41)
720 3958 876 4025 Nilus
908 3971 1088 4014 asceta
1113 3959 1184 4014 ita
1218 3960 1334 4015 haec
1366 3959 1640 4029 accepisse
1688 3957 1928 4030 videtur,
1963 3965 2084 4010 tan-

514 4027 683 4099 quam
704 4032 750 4085 si
787 4030 991 4084 homini
1026 4032 1399 4099 praescriptum
1447 4027 1682 4090 tradant,
1717 4044 1785 4082 ne
1817 4027 2081 4096 majorem

520 4101 773 4155 humanis
806 4100 969 4155 rebus
997 4116 1183 4154 curam
1230 4100 1524 4169 impendat,
1574 4114 1739 4162 quam
1788 4112 2087 4169 qurgfcor-

518 4173 635 4240 pori
657 4170 850 4225 alendo
880 4171 1190 4240 tuendoque
1226 4167 1475 4226 sufﬁciat.
1533 4170 1623 4240 Ait
1661 4167 1849 4222 enim:
1879 4168 1945 4220 Τί
1974 4167 2085 4240 γὰρ

516 4239 760 4312 ἠμῖνγείς
791 4242 892 4310 τὴν
924 4239 1068 4308 ζωὴν
1096 4244 1161 4312 ἐκ
1197 4241 1297 4309 τῆς
1324 4242 1455 4312 περὶ
1468 4239 1641 4312 ταῦτα
1690 4239 2087 4312 ματαιοπονίας

519 4308 866 4382 ἐπιγίνεταιζ
907 4329 925 4362 ι
969 4313 1080 4381 Οὐχ
1130 4308 1275 4374 ἅπας
1321 4308 1517 4382 μόχθος
1548 4309 1859 4382 ἀνθρώπου,
1894 4328 1911 4360 ι
1946 4308 2089 4382 κατά

516 4378 633 4433 τὸν
658 4378 1124 4451 Ἐκκλησιαστῆν,
1160 4400 1179 4433 ι
1216 4384 1295 4445 εἰς
1323 4378 1424 4435 es"
1445 4382 1617 4451 στόμα
1652 4378 1817 4451 αὑτοῦ
1850 4396 1864 4443 ;
1920 4398 1938 4430 ι
1968 4379 2088 4431 δια-

518 4451 692 4522 τροφὴ
721 4450 918 4522 δὲγκαί
971 4450 1354 4522 σκεπάσματα,
1405 4450 1551 4522 κατὰ
1586 4450 1678 4503 τὸν
1737 4450 2081 4522 Ἀπόστολον,

521 4519 690 4592 ἱκανά
715 4521 849 4592 πρὸς
871 4520 968 4592 τὴν
1004 4519 1266 4575 σύστασιν
1314 4523 1414 4592 τῆς
1442 4521 1708 4592 δυστήνου
1746 4521 1981 4591 σαρκός;
2015 4519 2081 4573 Τί

2266 3746 2571 3819 Παρίστησι
2602 3745 2712 3818 γὰρ
2744 3746 2843 3819 τὴν
2872 3749 3132 3821 τοιαύτην
3161 3750 3391 3821 ἐκδοχὴν
3424 3749 3490 3803 δι’
3528 3742 3605 3806 ὧν
3627 3750 3764 3822 ἀμέ-

2181 3959 2498 4028 interrogat,
2563 3958 2701 4011 idem
2753 3958 3085 4029 signiﬁcans,
3147 3959 3288 4024 quod
3336 3959 3477 4027 apud
3541 3958 3761 4014 Latinos

2183 4029 2311 4096 quid
2347 4030 2371 4082 ?
2402 4029 2779 4099 hincﬂemergit
2829 4045 3009 4082 sensus
3047 4031 3367 4083 contrarius.
3398 4029 3599 4099 Symm.
3636 4046 3762 4099 pro-

2182 4100 2300 4168 pius
2332 4116 2383 4153 se
2412 4099 2480 4151 ad
2511 4096 2824 4152 Hebraicam
2848 4100 3118 4168 veritatem
3150 4101 3324 4163 vertit,
3353 4100 3416 4151 Τί
3441 4096 3535 4154 οὖν
3566 4096 3759 4168 περισ-

2189 4120 2300 4168 plus
2332 4120 2383 4153 88
2412 4120 2479 4151 aa
2511 4120 2824 4152 nevratcam
2848 4120 3118 4153 veritatem
3150 4120 3324 4163 νει-ιιι,
3363 4120 3416 4151 ιι
3441 4120 3535 4154 ουν
3566 4120 3631 4153 πε
3676 4120 3759 4154 ισ-

2189 4170 2317 4239 σόν;
2362 4169 2501 4236 Quid
2544 4168 2708 4237 igitur
2739 4169 3019 4239 amplius?
3050 4166 3134 4222 Ne
3176 4171 3305 4239 quid
3341 4170 3519 4234 celem,
3571 4120 3761 4239 Μελίη

2186 4256 2268 4293 me
2297 4238 2451 4295 Rom.
2482 4240 2678 4312 editio,
2704 4240 2760 4312 in
2793 4256 2897 4312 qua
2926 4256 3103 4312 errore
3126 4238 3407 4307 operarum
3458 4242 3541 4312 ᾇτι
3566 4238 3760 4312 περίσ-

2188 4328 2328 4373 σεια,
2352 4328 2469 4381 cum
2514 4310 2615 4380 legi
2645 4308 2951 4381 debeatﬁst
2978 4310 3061 4373 τίς
3090 4312 3400 4381 περίσσεια.
3444 4308 3600 4364 Nihil
3629 4308 3763 4367 adeo

2182 4398 2380 4435 verum.
2430 4378 2580 4435 Jure'
2617 4394 2782 4450 porro
2831 4379 3062 4435 Drusius
3109 4378 3176 4434 de
3206 4380 3405 4436 mendo
3452 4382 3763 4449 suspicatus

2182 4460 2287 4506 est.
2324 4451 2457 4505 Nam
2488 4450 2698 4519 iniﬁne
2726 4450 2941 4519 capitis,
2980 4452 3073 4505 ubi
3114 4450 3377 4507 lectiones
3417 4454 3583 4507 variae
3613 4453 3762 4508 desi-

2182 4532 2438 4591 gnantur,
2459 4522 2526 4577 ad
2551 4518 2864 4592 Symmachi
2887 4520 3390 4592 interpretationem
3414 4521 3761 4592 indicandam

519 4591 614 4671 οὖν
642 4590 934 4671 ἀπέραντα
956 4592 1220 4671 πονοῦμεν
1240 4593 1337 4671 καί
1372 4590 1703 4671 μοχθοῦμεν,
1716 4590 1829 4671 εἰς
1857 4592 2077 4671 ἄνεμον,
2106 4609 2160 4671 ι)
2185 4590 2449 4671 scriptum
2482 4590 2707 4671 lege's,_6
2736 4591 2835 4661 (ὅτι
2871 4592 2953 4654 τίς
2982 4590 3300 4671 περίσσεια)
3330 4591 3389 4647 S.
3430 4590 3483 4645 τί
3525 4593 3627 4671 οὖν·
3658 4608 3763 4645 πι-

521 4661 597 4735 ᾦς
628 4678 760 4735 φησι
813 4660 1087 4735 Σολομὼν,
1116 4660 1179 4735 ἐκ
1204 4664 1303 4733 τῆς
1332 4660 1475 4735 ’περι
1528 4667 1605 4735 τά
1642 4661 1805 4735 γῄῖνα
1840 4660 2079 4735 σπουδῆς

2188 4660 2409 4735 ρισσόν;
2445 4670 2505 4716 ut
2533 4660 2662 4715 illud
2697 4660 2779 4735 τις
2815 4660 3073 4735 superius
3101 4664 3155 4716 in
3194 4660 3449 4735 contextu
3474 4664 3764 4735 negligen-

524 4730 907 4804 ἐμποδίζοντες
931 4730 1030 4804 τὴν
1049 4731 1224 4803 ψυχὴν
1254 4730 1388 4804 πρὸς
1418 4730 1515 4804 τὴν
1540 4731 1646 4784 τῶν
1678 4730 1835 4804 θείων
1858 4731 2083 4804 ἀγαθῶν

520 4802 843 4873 ἀπόλαυσιν,
872 4803 968 4855 καὶ
999 4804 1098 4873 τὴν
1134 4801 1312 4873 σάρκα
1338 4803 1716 4873 περιέποντες,
1736 4801 2084 4873 καὶθάλπον-

519 4889 613 4936 τες
644 4872 824 4929 πλέον.
866 4873 898 4941 ἢ
938 4872 1119 4935 καλῶς
1148 4870 1303 4942 ἔχόις
1338 4871 1393 4927 ld
1418 4870 1503 4929 est
1546 4891 1558 4926 :
1590 4873 1731 4938 Quid
1762 4872 1901 4925 enim
1935 4870 2083 4924 nobis

523 4944 591 4996 ad
622 4944 784 4996 ritum
808 4959 835 4995 e
885 4954 994 4996 tam
1058 4944 1219 4997 stulto
1274 4943 1453 4997 labore
1482 4945 1624 4998 circa
1652 4945 1761 4995 haec
1794 4943 2026 5006 provenit
2061 4942 2085 4991 2³

521 5030 700 5067 nonne
733 5013 911 5066 omnis
946 5014 1098 5069 labor
1154 5014 1425 5075 hominis,
1486 5012 1767 5068 secundum
1816 5010 2085 5065 Ecclesia-

521 5093 656 5145 sten,
684 5081 904 5152 propter
941 5101 1004 5139 us
1049 5084 1203 5151 ejus?
1246 5088 1413 5137 victus
1460 5095 1634 5137 autem
1676 5092 1723 5136 et
1758 5083 2084 5145 vestimenta,

513 5155 675 5221 juxta
696 5155 1025 5222 Apostolum,
1050 5156 1184 5209 satis
1210 5165 1333 5209 sunt
1372 5155 1441 5207 ad
1481 5158 1687 5208 miseri:
1720 5152 1875 5220 hujus
1909 5154 2083 5206 carnis

518 5226 998 5279 sustentationem?
1051 5242 1145 5278 cur
1196 5227 1373 5296 igitur
1428 5225 1652 5295 inﬁnitis
1687 5223 1971 5296 laboribus
2036 5232 2085 5275 et

516 5297 787 5357 (erumnis,
819 5305 875 5348 ut
907 5298 1142 5362 loquitur
1182 5291 1452 5361 Sblomon,
1487 5291 1845 5347 incumbimus
1869 5291 1936 5343 ad
1966 5309 2087 5347 ven-

517 5378 650 5429 tum,
685 5381 859 5419 rerum
887 5377 1212 5421 terrenarum
1238 5367 1412 5421 studio
1437 5367 1672 5419 animam
1688 5362 2083 5434 prwpedientes,

514 5451 579 5507 ne
608 5437 754 5491 bonis
786 5437 975 5491 divinis
1002 5438 1329 5507 perfruatur,
1373 5446 1423 5492 et
1473 5444 1977 5507 carnemucurantes
2034 5446 2085 5488 et

459 5544 462 5547 λ
515 5503 1065 5629 ξορεηιεῗὶίρξιιεᾳωάηι
1085 5503 1360 5562 honestum
1391 5508 1507 5561 est?
1538 5505 1637 5579 (De
1667 5503 1901 5560 Monast.
1936 5521 2090 5560 exer-

514 5592 563 5629 ει
593 5616 608 5629 .
642 5592 694 5629 ο.
795 5615 807 5629 .

514 5578 608 5632 cit.
642 5592 694 5630 ο.
722 5579 807 5631 16.

722 5579 904 5703 Ἐξ)ρο
941 5648 1280 5702 Eeclesiastae
1310 5647 1451 5710 loco,
1478 5662 1637 5717 quem
1674 5645 1762 5700 hic
1785 5654 1971 5717 noster
2001 5656 2087 5699 at-

510 5715 692 5786 tingit,
734 5718 848 5773 haec
898 5735 929 5773 a
972 5718 1172 5775 Drusio
1219 5715 1701 5774 adnotata‘iuveni
1734 5734 1749 5770 :
1782 5715 2088 5783 LXX,"Ost

515 5792 806 5859 περίσσεια
847 5789 925 5859 τῷ
976 5789 1147 5858 σοφῷ,
1192 5788 1461 5855 Quoniam
1508 5789 1821 5858 pnestantia
1850 5800 1944 5859 est
1997 5804 2087 5843 sa-

509 5856 707 5929 pienti.
733 5856 992 5917 Omittitnt
1014 5856 1335 5930 particulam
1370 5870 1479 5929 nn,
1510 5856 1631 5931 qua:
1668 5861 1807 5931 apud
1839 5857 2085 5916 Hebrwos

2184 4731 2259 4786 tia
2282 4748 2573 4802 operarum
2602 4732 2873 4802 excidisse
2901 4731 3168 4786 videatur.
3187 4731 3455 4787 Caeterum
3474 4731 3760 4788 lectionem

2183 4801 2478 4872 ejusmodi,
2506 4816 2669 4870 quam
2706 4811 2759 4855 et
2782 4801 3202 4873 Olyinpiodorus
3245 4804 3519 4873 sequitur,
3549 4814 3758 4865 noster,

2186 4884 2246 4925 ut
2280 4874 2452 4937 vides,
2504 4889 2613 4926 non
2664 4874 2930 4941 agnoscit,
2979 4888 3103 4927 cum
3148 4887 3255 4926 non
3298 4874 3476 4928 solum
3514 4874 3763 4930 omiserit

2186 4942 2319 4997 illud
2370 4959 2454 5007 τις
2505 4942 2560 4996 in
2604 4943 2783 4997 verbis
2823 4942 3200 5003 Ecclesiastes.
3233 4959 3423 4998 verum
3471 4946 3636 4999 etiam
3683 4944 3764 4999 sic

2185 5028 2306 5067 eam
2342 5013 2670 5067 sententiam
2702 5014 3076 5081 explicaverit,
3111 5014 3257 5068 velut
3288 5014 3331 5068 si
3365 5015 3468 5070 hoc
3497 5015 3635 5069 tradi
3667 5029 3764 5083 pro

2184 5091 2337 5137 certo
2371 5084 2615 5147 haberet,
2655 5084 2955 5152 sapientein
3010 5083 3219 5139 scilicet
3261 5084 3543 5140 abundare
3584 5083 3761 5153 magis

2187 5169 2352 5223 quam
2393 5155 2643 5209 stultum.

2259 5223 2372 5294 (45)
2402 5224 2594 5294 Divino
2624 5237 2817 5294 nempe
2840 5222 3049 5294 judicio
3080 5236 3138 5278 se
3178 5220 3496 5278 adfuturum
3525 5238 3761 5293 pauper-

2188 5293 2472 5350 culus'ille
2501 5293 2693 5349 Lazari
2743 5293 2938 5347 similis
2983 5307 3083 5363 pro
3116 5303 3279 5363 certo
3321 5294 3514 5357 habet,
3551 5295 3605 5348 in
3649 5310 3762 5363 quo

2187 5366 2341 5421 dives
2372 5367 2693 5420 luxuriosus
2718 5364 2937 5418 aeternis
2968 5362 3253 5433 suppliciis
3287 5364 3610 5430 damnetur;
3644 5362 3762 5434 ipse

2187 5445 2379 5491 contra
2408 5436 2475 5490 ad
2507 5435 2789 5490 beatorum
2822 5434 2980 5488 sedes
3014 5434 3397 5497 transmissus.
3436 5449 3629 5491 omnes
3661 5437 3761 5491 de-

2190 5505 2356 5575 nique
2382 5514 2646 5560 anteactae
2672 5503 2795 5575 vine
2812 5504 3110 5575 molestias
3143 5504 3472 5575 abstergeat.

2261 5573 2374 5647 (Η)
2413 5575 2548 5647 Luc.
2607 5588 2718 5637 xvi,
2762 5573 2874 5647 25,
2904 5574 2997 5628 sed
3036 5574 3201 5647 paulo
3255 5576 3455 5631 aliter:
3489 5574 3591 5647 sic
3614 5573 3761 5647 enim

2190 5641 2277 5704 in'
2311 5641 2516 5701 nostris
2560 5643 2964 5713 exemplaribus
3021 5641 3284 5714 scriptum
3337 5656 3423 5702 est
3464 5663 3478 5700 :
3524 5641 3663 5698 Εἷπε
3703 5644 3763 5697 δὲ

2201 5718 2486 5787 Ἀϐραάμ·
2518 5716 2755 5787 Τέκνον,
2798 5714 3089 5787 μνήσθητι,
3117 5716 3537 5787 Δὅτιᾼάπιὲλαὸες
3575 5717 3643 5787 σὺ
3693 5720 3764 5787 τά

2188 5784 2371 5858 ἀγαθά
2401 5784 2493 5858 σου
2524 5788 2585 5858 ἐν
2613 5787 2700 5858 ῌτῇ
2726 5784 2838 5856 ζωῇ
2899 5784 3140 5858 σουζίκαὶ
3175 5785 3425 5858 Λάζαρος
3464 5786 3665 5857 ὁμοίως
3695 5784 3765 5841 τὰ

2193 5854 2365 5917 κακά’
2398 5856 2492 5914 νῦν
2519 5855 2575 5910 δὲ
2598 5854 2696 5910 δόδε
2736 5854 3157 5928 παρακαλεῖται,
3195 5854 3345 5931 σὺ-δὲ
3374 5854 3652 5913 ὀδυνᾶσαι.
