4114 6548
495 424 604 492 979

1586 412 1649 474 8.
1699 405 2081 472 GREGORII
2120 401 2632 468 AGRIGENTINI

3652 387 3759 451 980

490 537 814 600 demerunt
860 547 1090 590 tuorum
1119 527 1502 588 emendatione
1546 524 1827 604 animique
1856 523 2113 583 cultural

2215 518 2268 573 ui
2314 516 2651 596 ρυθμίζοντα
2682 511 2782 583 τὴν
2822 509 2966 581 ζωὴν
2991 511 3116 574 ταῖς
3143 506 3547 579 πνευματικαῖς
3594 522 3787 576 κατατ

497 636 742 698 laborat;
775 628 974 686 transit
1009 639 1157 681 nunc
1191 621 1260 678 ad
1294 619 1523 674 alterum
1573 623 1981 688 argumentum,
2013 611 2068 667 in

2175 613 2400 671 στάσεσι
2428 626 2445 643 ο
2480 609 2578 664 νῦν
2609 607 2698 678 ἰφ⁹
2735 604 2933 678 ἑτέραν
2961 601 3224 663 ὑπόθεσιν
3263 600 3476 671 μέτεισι
3507 598 3602 652 καὶ
3641 598 3787 652 δια-ι’

494 740 672 797 eoque
711 693 963 778 versatur
1012 726 1178 788 atque
1209 713 1307 777 ait,
1360 709 1497 766 nihil
1544 709 1598 763 in
1651 707 1742 773 iis,
1771 720 1893 776 quae
1928 704 2072 759 facta

2215 707 2412 761 είνεται
2460 703 2557 765 καί
2585 718 2743 774 φησι,
2783 699 2952 772 μηδὲν
2990 698 3050 750 ἐν
3091 697 3209 760 τοῖς
3270 694 3552 765 γεγονόσιν
3592 693 3766 748 ἀκατ-

496 795 646 880 sunt,
675 815 923 870 relictum
951 823 1206 880 usquam,
1245 804 1392 878 qttod
1423 803 1543 859 sine
1571 797 1932 870 appellatione
1961 795 2069 850 sit:

499 919 554 965 ιιι
599 905 867 981 quidquid
903 902 1108 958 factum
1155 901 1231 955 sit
1280 907 1374 956 aut
1421 908 1545 950 esse
1593 890 1839 962 emperit,
1887 895 2074 959 aptum

503 977 702 1058 nomen
739 977 1129 1069 propriumque
1157 988 1484 1045 vocabulum
1530 982 1845 1052 accepisse:
1878 977 2079 1046 quippe

503 1094 686 1149 omnia
723 1105 903 1145 rerum
933 1084 1195 1141 Conditor
1223 1091 1347 1136 ante
1378 1078 1555 1141 novit,
1590 1085 1644 1131 et
1669 1075 1909 1128 futurum
1940 1069 2080 1122 scie-

506 1187 621 1246 bat,
649 1193 708 1237 ut
733 1181 984 1237 homines
1011 1176 1406 1238 dividerentur,
1430 1179 1485 1225 et
1514 1169 1765 1238 pluribus
1805 1163 2082 1232 variisque

507 1281 819 1345 linguarum
879 1289 943 1329 ac
993 1270 1350 1327 dialectorum
1400 1261 1721 1319 diﬂerentiis
1772 1257 2082 1328 distingue-

507 1380 720 1428 rentur.
764 1369 953 1443 itaque
974 1365 1058 1420 vel
1081 1361 1127 1418 si
1156 1361 1282 1432 quis
1312 1373 1426 1414 rem
1471 1356 1709 1424 aliquam
1739 1367 1837 1423 pro
1867 1350 2084 1419 lingua-

514 1475 636 1514 rum
677 1472 742 1512 ac
787 1441 1146 1510 dia‘leetorum
1197 1446 1516 1506 discrimine
1561 1443 1719 1498 aliter
1765 1441 2087 1508 diverseque

513 1547 874 1604 denominare
916 1549 1186 1607 conetur;
1238 1553 1345 1593 non
1404 1537 1525 1590 ideo
1581 1535 1754 1604 ipsam
1807 1545 1914 1585 non
1967 1543 2089 1584 esse

515 1642 798 1704 eamdem,
851 1645 948 1692 aut
983 1650 1095 1690 non
1143 1632 1306 1688 talem
1353 1643 1578 1690 manere
1624 1634 1790 1696 atque
1830 1621 2088 1695 agnosci,

517 1734 697 1806 qualis
730 1747 760 1786 a
783 1729 1083 1788 Conditore
1106 1725 1248 1783 facta
1277 1731 1360 1778 est
1391 1742 1405 1777 :
1439 1729 1500 1775 ut
1537 1719 1843 1788 subjectum
1870 1716 2089 1787 quidem

519 1829 699 1898 ipsunt
766 1819 1223 1894 appellationibus
1280 1813 1664 1871 denominetur
1706 1810 1987 1880 pluribus,
2039 1815 2094 1861 at

521 1915 885 1981 immutabile,
909 1913 981 1968 ob
1005 1909 1360 1967 dialectorum
1391 1904 1710 1964 varietatem
1737 1901 1875 1955 nihil
1903 1899 2094 1962 variet,

520 2021 576 2064 et
608 2023 713 2062 una
739 2005 860 2076 ejus
879 2003 1177 2072 eademque
1201 2008 1396 2054 natura
1424 1997 1514 2060 sit,
1550 2010 1671 2064 quae
1696 1992 1915 2047 nomina
1942 1989 2096 2060 plura

522 2113 580 2160 et
606 2101 872 2159 vocabula
905 2097 1094 2153 multis
1144 2109 1175 2149 e
1212 2091 1416 2162 linguis
1459 2090 1603 2144 inter
1650 2103 1710 2142 se
1742 2085 1974 2141 diversis
2003 2083 2100 2137 ad-

525 2199 729 2258 mittat,
767 2194 834 2250 ad
889 2208 1004 2248 rem
1050 2202 1216 2244 uuam
1274 2183 1666 2254 designandam
1719 2178 2097 2251 pertinentia:

525 2287 986 2361 quemadmodum
1023 2285 1078 2339 in
1116 2296 1253 2339 auro
1280 2290 1334 2336 et
1362 2281 1416 2334 in
1457 2278 1582 2348 igne
1624 2273 1872 2342 atquein
1901 2269 2100 2327 simili-

524 2385 632 2441 ltus
677 2383 865 2437 videre
893 2380 1018 2434 licet
1046 2376 1180 2448 (47).
1221 2373 1334 2428 Nec
1378 2385 1528 2435 vero,
1573 2368 1620 2424 si
1648 2367 1774 2439 quis
1816 2363 2102 2419 hominum

531 2477 691 2548 160
712 2473 916 2545 aliquid
952 2486 1162 2537 eorum,
1182 2483 1303 2540 quae
1333 2465 1475 2520 facta
1498 2471 1646 2528 sunt,
1689 2458 1963 2517 contrario
2003 2472 2105 2511 no-

528 2547 680 2629 mine
723 2565 994 2637 appellare
1030 2561 1248 2625 audeat,
1288 2557 1496 2614 idcirco
1526 2570 1690 2626 quam
1733 2551 1994 2607 Conditor
2038 2547 2107 2602 ab

531 2661 748 2732 origine
793 2655 990 2713 indidit
1035 2651 1509 2710 nomenclaturam
1543 2654 1758 2702 mutare
1802 2644 1849 2700 is
1890 2642 2104 2714 possit,

535 2765 797 2823 tanquam
821 2749 868 2804 si
897 2747 1094 2803 melius
1128 2743 1339 2816 aliquid
1367 2739 1747 2808 excogitasset.
1774 2734 1935 2790 Novit
1962 2734 2107 2790 enim

533 2845 824 2909 Conditor,
844 2855 1008 2912 quam
1033 2837 1220 2910 gloriae
1241 2834 1486 2900 avidum,
1514 2847 1679 2912 quam
1706 2828 2108 2885 contentiosum

537 2935 741 2994 animal
793 2909 959 2990 homo
1013 2909 1233 2986 futurus
1284 2933 1431 2989 erat,
1485 2909 1546 2979 et
1594 2929 1859 2993 quantum
1900 2929 2114 2974 certare

539 3031 684 3084 inter
713 3042 772 3082 se
818 3024 1091 3086 debebant
1135 3021 1204 3076 de
1237 3017 1555 3074 inventione
1592 3015 1876 3069 nominum
1924 3025 2115 3066 recen-

539 3116 768 3171 tiorum.
818 3112 890 3167 At
924 3130 944 3164 ι
971 3111 1094 3166 Non
1141 3107 1360 3180 poterit,
1383 3106 1584 3176 inquit,
1631 3101 1960 3158 contendere
1988 3115 2112 3154 cum

2175 798 2479 870 ονόμαστον
2535 793 2764 865 ἑαθῆναι
2791 793 2853 845 τδ
2874 790 3099 847 σύνολον
3123 803 3137 816 ⁸
3173 786 3312 843 ἀλλὰ
3339 787 3474 851 πᾶν,
3497 785 3526 840 ὃ
3547 785 3764 855 γέγονε,

2177 892 2272 949 καὶ
2300 889 2440 962 πρὸς
2468 889 2530 944 τὸ
2557 885 2698 942 εἶναι
2725 883 3137 958 παρήχθη,τὴν
3171 882 3488 954 πρόσφορον
3513 881 3608 934 καὶ
3633 897 3764 933 κατο
3802 923 3806 928 .

2179 983 2412 1056 ἁλληλον
2439 981 2629 1038 λαϐεῖν
2655 979 2954 1050 ὀνομασίαν
2982 977 3076 1032 καὶ
3103 975 3295 1047 κλῆσιν
3323 990 3337 1005 ⁸
3372 974 3450 1036 ὡς
3480 989 3768 1042 προεγνω-

2180 1077 2339 1140 κότος
2389 1075 2484 1130 τοῦ
2521 1073 2826 1135 Κτίσαντος
2875 1071 2945 1124 τὰ
2977 1069 3158 1122 πάντα
3190 1067 3286 1123 καὶ
3343 1066 3436 1120 τὸν
3459 1066 3769 1137 ἄνθρωπον,

2181 1168 2258 1231 ὡς
2301 1165 2712 1236 διαιρεθήσεται
2766 1162 2862 1216 καὶ
2918 1159 3316 1232 μερισθήσεται
3378 1158 3607 1229 μυρίαις
3671 1157 3769 1210 καὶ

2185 1261 2459 1322 ποικίλαις
2492 1257 2758 1328 γλωσσῶν
2792 1255 2895 1311 καὶ
2942 1253 3247 1311 διαλέκτων
3291 1252 3604 1322 διαφοραῖς.
3657 1249 3773 1304 Καὶ

2185 1354 2278 1407 διὰ
2319 1353 2480 1408 τοῦτο
2511 1350 2616 1405 κᾶν
2655 1347 2952 1421 πειραθείη
2999 1363 3086 1410 τις
3127 1345 3225 1401 καλ¹
3277 1343 3390 1398 τῶν
3427 1341 3771 1413 πραγμάτων

2187 1446 2423 1499 ἕκαστον
2469 1442 2872 1514 κατονομάζειν
2917 1438 3151 1502 ἀλλοίως
3210 1436 3308 1492 καλ⁵
3358 1435 3614 1506 ἐτεροίως
3667 1450 3770 1486 κα-

2189 1539 2257 1592 τά
2299 1537 2399 1609 τὴν
2430 1536 2695 1606 γλωσσῶν
2762 1533 2857 1588 καὶ
2909 1532 3209 1586 διαλέκτων
3263 1528 3529 1600 διαφοράν
3556 1544 3570 1558 ·
3632 1525 3773 1597 πλὴν

2191 1629 2328 1682 ἀλλὰ
2411 1628 2522 1700 γὰρ
2583 1622 2730 1680 εἶναι
2795 1625 2894 1680 καὶ
2955 1623 3234 1694 διαμένειν
3283 1621 3378 1675 καὶ
3449 1618 3776 1688 διεγνῶσθαι

2193 1722 2256 1775 τὸ
2277 1722 2513 1792 πρᾶγμα
2532 1719 2797 1783 τοιοῦτον,
2823 1711 2936 1772 οἷον
2966 1716 3061 1770 καλ⁵
3088 1715 3281 1784 γέγονε
3319 1710 3473 1784 παρά
3497 1711 3594 1765 τοῦ
3616 1711 3777 1782 Ποιή-

2201 1832 2398 1878 σαντος
2430 1829 2442 1843 ·
2485 1813 2562 1876 ὡς
2597 1811 2659 1865 τὸ
2690 1811 2824 1866 αὐτὸ
2875 1808 3248 1879 ὑποκείμενον
3276 1803 3642 1877 ὀνομάζεσθαι
3676 1804 3775 1874 μὲν

2203 1906 2425 1981 μυρίαις
2453 1895 2876 1974 προσηγορίαις,
2939 1899 3015 1970 μὴ
3069 1895 3517 1951 συναλλοιοῦσθαι
3571 1895 3630 1949 δὲ
3683 1894 3778 1948 καῖ⁵

2199 1995 2727 2063 συνεξαλλάττεσθαι
2759 1995 2884 2056 ταῖς
2904 1992 3014 2045 τῶν
3045 1989 3348 2044 διαλέκτων
3373 1987 3660 2060 ἑτερότησι
3683 1986 3778 2040 καὶ

2199 2091 2514 2161 διαφοραῖς·
2551 2087 2669 2149 ἀλλ’
2712 2083 2853 2140 εἶναι
2881 2084 2980 2156 μὲν
3008 2083 3178 2137 αὑτοῦ
3211 2083 3311 2155 τὴν
3333 2081 3498 2151 φύσιν
3532 2080 3662 2150 μίαν
3682 2079 3779 2134 καὶ

2199 2184 2300 2256 τὴν
2333 2182 2528 2253 αὐτὴν,
2573 2180 2776 2242 πολλὰς
2811 2178 2870 2231 δὲ
2889 2179 2984 2231 καὶ
3035 2176 3328 2248 διαφόρους
3387 2171 3643 2245 δέχεσθαι
3680 2171 3778 2239 τὰς

2201 2279 2355 2350 παρά
2373 2276 2485 2330 τῶν
2516 2273 2733 2335 πολλῶν
2765 2273 2866 2336 καὶ
2900 2270 3177 2342 διαφόρων
3207 2267 3473 2338 γλωσσῶν
3514 2281 3785 2336 προσηγο-

2207 2373 2329 2445 ρίας
2377 2371 2473 2424 καὶ⁸
2500 2369 2727 2439 κλήσεις
2765 2364 2900 2436 προς
2939 2364 3000 2416 τὸ
3031 2363 3164 2416 αὐτὸ
3216 2360 3622 2432 σημαινόμενον
3652 2375 3780 2411 συν-

2207 2464 2416 2526 ιούσας,
2444 2464 2520 2523 ὡς
2550 2460 2642 2513 ἐπὶ
2680 2457 2776 2512 τοῦ
2803 2453 3005 2527 χρυσοῦ
3047 2452 3259 2508 καὶτοῦ
3328 2452 3501 2522 πυρὸς
3530 2451 3624 2504 καὶ
3674 2449 3784 2502 τῶν

2207 2553 2612 2628 παραπλησίων
2643 2549 2823 2625 ῥᾴδιόν
2852 2551 2966 2602 ἐστι
2994 2547 3257 2602 κατιδεῖν.
3290 2547 3402 2599 Καὶ
3451 2543 3554 2598 κᾶν
3587 2543 3783 2615 πειρά-

2210 2645 2356 2703 σοιτό
2384 2663 2469 2708 τις
2494 2643 2800 2715 ἀνθρώπων
2831 2640 3201 2710 ἀντονομὰσαι
3240 2655 3293 2691 τι
3317 2637 3428 2690 τῶν
3454 2634 3784 2705 γεγονότων.

2207 2739 2413 2810 ἥκιστα
2456 2737 2750 2808 δυνήσεται
2813 2733 3150 2806 μεταϐαλεῖν
3195 2731 3295 2801 τὴν
3347 2727 3592 2800 ἀρχῆθεν
3636 2725 3789 2794 αὐτῷ

2210 2830 2364 2902 παρά
2385 2829 2482 2884 τοῦ
2527 2825 2875 2898 Δημιουργοῦ
2904 2823 3197 2894 δεδομένην
3211 2820 3534 2893 ὀνομασίαν,
3565 2819 3642 2883 ὼς
3668 2817 3790 2889 βέλ-

2211 2926 2326 2979 τιόν
2353 2941 2408 2976 τι
2433 2923 2595 2993 δῆθεν
2626 2920 2944 2991 ἐπινοήσας.
2974 2918 3157 2986 Ἔγνω
3194 2915 3310 2986 γὰρ
3361 2916 3392 2968 ὁ
3419 2910 3790 2984 Δημιουργὸς.

2211 3017 2288 3082 ὡς
2321 3015 2596 3087 φιλόδοξον
2624 3014 2722 3068 καὶ
2745 3011 3056 3082 φιλόνεικον
3081 3008 3220 3074 ζῶον
3245 3009 3274 3060 ὁ
3300 3006 3587 3078 ᾅνθρωπος
3611 3003 3792 3066 ἔσται,

2215 3113 2310 3166 καὶ
2332 3110 2538 3182 πολλὴν
2572 3106 2810 3180 ἅμιλλαν
2836 3105 3020 3172 ἕξουσι
3054 3103 3192 3174 πρὸς
3227 3100 3497 3170 ἀλλήλους
3523 3099 3616 3151 ἐπὶ
3667 3114 3791 3151 και-

541 3207 771 3264 tortiore
807 3217 972 3274 super
1011 3215 1091 3264 se,
1125 3217 1145 3251 ι
1192 3197 1246 3252 id
1279 3206 1387 3261 est,
1431 3207 1777 3274 nequaquam
1828 3191 1877 3247 is
1913 3190 2113 3260 poterit

2217 3205 2452 3276 νοτέρων
2472 3202 2756 3273 ὀνομάτων
2783 3199 3093 3272 εὐρέσεσιν.
3139 3195 3282 3249 Ἀλλ’
3311 3213 3330 3245 ι
3354 3192 3478 3247 οὐδὲ
3504 3191 3795 3262 δυνήσεται

542 3296 807 3354 certando
867 3309 994 3351 cum
1057 3289 1466 3362 sapientissimo
1524 3294 1687 3356 atque
1744 3282 2120 3354 omnipotente

545 3404 730 3445 rerum
763 3385 1012 3442 omnium
1035 3361 1335 3436 Conditore
1359 3376 1556 3432 melius
1585 3374 1885 3444 quidquam
1912 3361 2120 3426 extun-

544 3483 677 3541 dere
699 3487 755 3533 et
781 3476 956 3546 magis
998 3469 1471 3528 accommodatum
1507 3485 1523 3522 :
1558 3467 1651 3521 sed
1682 3480 1850 3519 unum
1877 3462 2121 3533 proiecto

549 3569 686 3628 illud
723 3568 916 3624 multis
963 3564 1309 3632 diversiSque
1357 3562 1412 3614 in
1455 3557 1806 3616 sermonibus
1846 3556 2121 3610 variarum

547 3663 733 3720 omnis
764 3659 982 3731 generis
1025 3655 1444 3722 coxitationum,
1484 3649 1580 3722 qui
1624 3650 1727 3704 hoc
1761 3648 1988 3714 faciunt,
2034 3663 2126 3702 as-

551 3754 730 3812 secuti
758 3752 1070 3812 videantur,
1107 3758 1167 3804 ut
1195 3747 1492 3802 vanitatem
1526 3759 1680 3802 suam
1712 3750 1970 3813 augeant,
1998 3750 2054 3796 et
2093 3756 2123 3795 a

549 3847 782 3902 veritate
823 3861 888 3900 ac
930 3852 1128 3898 natura
1174 3855 1357 3896 rerum
1391 3836 1859 3906 aberrent:quod
1905 3834 2126 3906 sapiens

551 3939 915 4001 Ecclesiastes
972 3933 1308 3996 declaravit,
1368 3946 1496 3986 cum
1541 3929 1724 3991 dixit:
1763 3947 1782 3979 ι
1811 3925 1953 3994 Quia
1999 3939 2129 3982 sunt

551 4033 718 4096 verba
755 4030 926 4086 multa
958 4024 1385 4097 multiplicantia
1410 4021 1734 4084 vanitatem.
1769 4037 1789 4072 ι

629 4227 764 4281 Dum
791 4225 937 4280 enim
977 4220 1134 4276 multi
1165 4219 1311 4274 inter
1339 4231 1400 4272 se
1441 4211 1803 4276 contendunt,
1833 4219 1890 4265 et
1916 4208 2131 4280 linguas

555 4320 795 4391 litigiosa
836 4315 1206 4384 disputatione
1245 4316 1552 4371 exacuunt,
1603 4314 1664 4360 ut
1714 4302 2131 4374 appellationem

557 4413 798 4483 aliquam
839 4407 1018 4478 magis
1068 4418 1263 4458 novam
1314 4402 1598 4473 imponant
1646 4398 1834 4458 rebus,
1883 4394 2136 4461 sequitur

557 4500 895 4562 necessario,
927 4508 987 4552 ut
1031 4513 1061 4552 a
1110 4493 1457 4551 convenienti
1500 4490 1731 4547 veritate
1758 4486 2127 4549 deﬂectentes,

558 4596 669 4663 \im
701 4605 950 4664 magnam
998 4589 1261 4654 inducant
1297 4585 1558 4640 falsarum
1607 4580 1929 4652 Opinionem
1965 4593 2133 4632 vano-

561 4702 798 4760 rumque
845 4691 1305 4744 commentorum,
1343 4686 1394 4733 et
1427 4678 1480 4732 in
1534 4685 1816 4745 peccatum
1856 4672 2140 4750 prolahan-

563 4791 673 4846 tnr.
719 4777 877 4846 Quod
928 4774 1224 4844 designans
1272 4779 1621 4824 externorum
1652 4781 1873 4837 quoque
1901 4765 2141 4836 philoso-

561 4872 796 4942 phorum
853 4870 1107 4938 princeps
1171 4864 1252 4919 sic
1309 4863 1385 4915 ait
1441 4877 1453 4913 :
1504 4877 1522 4909 (
1565 4857 1800 4911 llelinire
1851 4867 2035 4922 autem
2089 4866 2143 4912 ct

561 4969 786 5034 peccata
825 4965 1061 5030 oportet,
1106 4969 1229 5025 quae
1268 4951 1321 5006 in
1360 4949 1716 5030 problematis
1753 4949 2141 5012 admittuntur,

561 5067 616 5110 et
670 5051 885 5131 gemina
942 5058 1102 5112 sunt;
1139 5061 1263 5100 cum
1319 5058 1510 5112 nempe
1543 5041 1669 5112 quis
1713 5043 1976 5098 mentitur
2009 5061 2021 5098 :
2049 5043 2134 5107 vel

563 5162 688 5208 cum
753 5161 782 5202 ει
840 5151 1064 5212 recepto
1121 5135 1389 5193 vocabulo
1430 5134 1709 5191 discedit:
1743 5143 1853 5190 tam
1905 5137 2050 5202 enim
2101 5137 2137 5195 ii

564 5245 819 5310 peccant,
868 5234 963 5312 qui
1017 5230 1358 5295 mentiuntur
1393 5237 1485 5294 :et
1518 5228 1662 5300 quod
1713 5244 1820 5283 non
1871 5239 1973 5293 est,
2021 5245 2143 5294 esse

642 5473 756 5544 (47)
793 5471 976 5526 Placet
1002 5470 1245 5522 Amanum
1272 5465 1645 5544 interpretatio
1675 5481 1687 5516 :
1722 5482 1740 5515 ι
1773 5462 2152 5544 Quodcunque

567 5535 676 5608 est,
712 5546 822 5613 jam
849 5549 1103 5597 venatum
1139 5548 1226 5592 est
1253 5551 1450 5613 nomen
1489 5536 1643 5613 ejus,_
1674 5545 1725 5589 et
1757 5543 1975 5588 constat
2003 5535 2149 5613 quod

569 5603 880 5675 sit-homo,
924 5621 982 5665 et
1023 5623 1135 5664 non
1170 5607 1742 5678 poteriticontendere
1773 5620 1899 5678 cum
1936 5603 2149 5678 eo,__qni

573 5672 769 5744 iortior
799 5672 886 5740 est
918 5698 1013 5746 se;
1053 5697 1074 5733 ι
1115 5672 1283 5749 quam
1315 5677 1549 5749 subinde
1577 5676 1659 5749 sic
1680 5675 1935 5749 explicat.
1976 5692 1995 5723 ε
2022 5672 2152 5734 Vult

573 5757 867 5814 ostendere
898 5746 1198 5807 vanitatem
1238 5749 1476 5802 hominis
1504 5747 1574 5801 ab
1602 5748 1717 5815 ipsa
1749 5746 2030 5799 notatione
2055 5760 2149 5796 vo-

577 5835 679 5884 cis.
719 5828 795 5879 Ac
823 5820 1374 5894 prazntittitigenerale
1392 5818 1546 5887 quid,
1579 5815 1842 5886 quidquid
1865 5823 1950 5894 est
1980 5815 2032 5868 in
2061 5830 2150 5894 re-

582 5914 704 5957 rum
765 5884 977 5963 natura,
1040 5884 1201 5948 habet
1245 5884 1421 5943 suum
1455 5884 1675 5950 nomen,
1707 5895 1760 5940 ct
1793 5884 2010 5954 quidem
2045 5885 2151 5940 tale

2220 3300 2377 3370 φησὶ,
2404 3298 2501 3352 τοῦ
2541 3295 2805 3369 κριθῆναι
2838 3291 2979 3364 μετὰ
3009 3290 3104 3344 τοῦ
3136 3288 3501 3360 ἰσχυροτέρου
3543 3283 3686 3354 ὑπὲρ
3706 3283 3798 3336 αὐ-

2217 3393 2332 3454 τὸν,
2372 3411 2390 3444 ι
2423 3389 2699 3453 τουτέστι,
2729 3384 2982 3456 οὐδαμῶς
3005 3381 3284 3453 ὲξισχύσει
3313 3379 3390 3450 τῷ
3417 3376 3680 3446 πανσόφῳ
3702 3374 3798 3428 καὶ

2223 3483 2522 3539 πανσθενεῖ
2579 3478 2910 3552 Δημιουργῷ
2950 3475 3060 3531 τῶν
3109 3475 3370 3530 ἁπάντων
3420 3467 3797 3541 ἁμιλλώμενος

2222 3574 2446 3645 ἄμεινόν
2479 3592 2532 3627 τι
2563 3573 2755 3643 νοῆσαι
2777 3573 2875 3624 καὶ
2912 3569 3364 3640 προσφυέστερον
3388 3581 3404 3597 ο
3436 3563 3552 3618 ἀλλ’
3583 3562 3617 3632 ἢ
3639 3563 3800 3632 μόνον

2223 3673 2284 3724 ἐν
2309 3670 2424 3732 τοῖς
2453 3667 2673 3730 πολλοῖς
2701 3667 2797 3719 καὶ
2826 3663 3105 3732 διαφόροις
3160 3660 3342 3729 λόγοις
3375 3657 3485 3714 τῶν
3537 3653 3800 3709 ποικίλων

2224 3760 2320 3816 καὶ
2350 3757 2712 3813 παντοδαπῶν
2744 3757 3057 3828 νοημάτων,
3090 3755 3143 3806 οί
3195 3751 3360 3805 τοῦτο
3403 3749 3645 3821 δρῶντες
3697 3761 3800 3814 μα·-

2223 3851 2486 3918 ταιότητα
2563 3845 2935 3916 πληθύνοντες
2981 3839 3399 3914 εὑρεθήσονται,
3465 3833 3802 3906 καταψευδό-

2229 3959 2380 4012 μενοι
2394 3941 2494 4011 τῆς
2516 3938 2775 4009 ἀληθείας
2796 3937 2892 3990 καὶ
2915 3936 3016 4005 τῆς
3043 3935 3260 4004 φύσεως
3283 3933 3392 3985 τῶν
3419 3929 3793 4002 πραγμάτων

2225 4034 2364 4103 ὅπερ
2388 4030 2595 4099 όσοφδς
2623 4029 2895 4100 ἐδήλωσεν
2927 4023 3361 4096 Ἐκκλησιαστὴς
3387 4018 3558 4075 εἰπών
3581 4035 3597 4052 ·
3629 4039 3651 4072 ι
3680 4018 3804 4072 Ὀτι

2227 4123 2336 4180 είσὶ
2364 4122 2515 4189 λόγοι
2552 4119 2739 4185 πολλοὶ
2770 4116 3138 4188 πληθύνοντες
3169 4113 3532 4186 ματαιότητα.
3579 4129 3598 4162 ι

2302 4213 2524 4270 Πολλῶν
2551 4212 2660 4291 γὰρ
2685 4207 3081 4282 ἁμιλλωμένων
3108 4206 3362 4278 ἀλλήλοις
3391 4205 3488 4258 καὶ
3507 4204 3609 4266 τάς
3633 4198 3807 4276 γλώτ-

2230 4325 2331 4374 τας
2367 4305 2661 4380 ἐριστικῶς
2692 4302 3130 4376 παραθηγόντων
3161 4298 3300 4371 πρὸς
3331 4295 3620 4368 ἐξεύρεσιν
3677 4310 3806 4348 και-

2233 4399 2464 4472 νοτέρας
2493 4398 2637 4460 τινὸς
2677 4395 2975 4467 ὀνομασίας
3027 4393 3122 4446 ἐπὶ
3167 4393 3282 4453 τοῖς
3333 4388 3678 4460 πράγμασιν,
3744 4383 3807 4457 ἐξ

2236 4491 2488 4559 ἀνάγκης
2525 4488 2724 4542 ἕπεται
2752 4489 2854 4556 τῆς
2885 4479 3200 4556 προσφυοῦς
3227 4477 3489 4550 ἀληθείας
3514 4473 3807 4546 παρέγκλι-

2237 4583 2442 4638 νόντων
2481 4579 2696 4652 ψευδῶν
2731 4577 3054 4648 ὑπολήψεων
3110 4575 3205 4628 καὶ
3234 4567 3640 4643 ματαιολογιῶν
3680 4585 3808 4635 συν-

2239 4674 2394 4741 άγειν
2449 4671 2647 4732 αὐτοὺς
2717 4667 2809 4735 τόν
2860 4665 3052 4737 ἐσμὸν,
3109 4663 3206 4717 καὶ
3254 4659 3689 4715 κατολισθαίνειν
3729 4660 3816 4721 εἰς

2238 4764 2522 4836 ἁμαρτίαν
2546 4779 2558 4793 ³
2583 4764 2722 4832 ὅπερ
2755 4759 3040 4830 σημαίνων
3070 4759 3164 4810 καὶ
3219 4754 3329 4808 τῶν
3375 4751 3612 4825 θύραθεν
3660 4751 3812 4820 φιλο-ο

2241 4857 2424 4925 σόφων
2450 4856 2478 4908 ό
2507 4854 2801 4925 κορυφαῖος
2823 4848 2966 4906 οὕτω
2998 4847 3130 4918 φησί
3151 4861 3166 4874 ⁸
3197 4866 3215 4897 ι
3245 4842 3598 4916 Διορίσασθαι
3641 4841 3699 4894 δὲ
3734 4839 3817 4892 δεῖ

2242 4947 2464 5011 καὶτὰς
2500 4944 2777 5018 ἁμαρτίας
2805 4945 2905 5009 τὰς
2930 4945 2988 4994 ὲν
3018 4941 3136 5004 τοῖς
3172 4938 3580 5011 προϐλήμασιν,
3621 4935 3704 4988 ὅτι
3747 4935 3817 4984 εἰ·

2245 5045 2300 5098 σὶ
2331 5043 2529 5104 διτταὶ,
2564 5041 2600 5112 ἢ
2631 5037 2710 5109 τῷ
2731 5038 3050 5108 ψεύδεσθαι,
3085 5035 3119 5105 ἦ
3151 5034 3228 5104 τῷ
3282 5031 3648 5103 παραϐαίνειν
3702 5042 3818 5080 κει-

2250 5136 2420 5207 μένην
2450 5131 2615 5198 λέξιν.
2647 5132 2715 5186 Οἵ
2734 5147 2792 5184 τε
2819 5128 2930 5200 γὰρ
2960 5126 3284 5198 ψευδόμενοι
3323 5126 3420 5178 καὶ
3451 5123 3511 5176 τὸ
3536 5121 3611 5193 μὴ
3643 5120 3816 5188 ὑπάρ-

2244 5247 2339 5302 χον
2377 5228 2650 5298 ὑπάρχειν
2673 5224 2782 5277 τινὶ
2807 5221 3058 5290 λέγοντες
3081 5217 3483 5288 ἁμαρτάνουσι,
3509 5212 3604 5266 καὶ
3625 5211 3677 5264 oi.
3706 5212 3818 5271 τοῖς

2253 5478 2476 5528 nomen.
2510 5465 2655 5530 quod
2689 5464 3089 5531 ejusnaturarn
3125 5455 3404 5531 estprimit.
3434 5452 3513 5531 Ac
3536 5450 3660 5531 talia
3691 5462 3825 5531 sunt

2253 5521 2473 5588 nemina
2508 5521 2772 5588 l'lebt'aica
2804 5531 2994 5586 bestiis
3028 5521 3082 5591 et
3117 5521 3277 5581 rebus
3316 5524 3552 5592 singulis,
3577 5523 3645 5575 ab
3678 5521 3827 5592 Ada-

2251 5620 2340 5672 tno
2381 5607 2640 5659 instinctu
2697 5603 2786 5654 Dei
2835 5602 3024 5657 indita.
3070 5597 3230 5672 (Gen.
3265 5591 3474 5672 n,_l9.)
3540 5591 3596 5647 Si
3641 5591 3825 5672 omnia

2251 5669 2365 5729 suis
2399 5675 2626 5729 vocibus
2666 5683 2791 5728 sunt
2819 5661 3098 5741 insignita,
3139 5670 3304 5722 etiam
3345 5661 3507 5719 homo
3536 5678 3691 5716 suam
3725 5661 3824 5741 lia:

2251 5747 2397 5801 liebit
2419 5762 2434 5809 ;
2457 5746 2569 5813 jam
2597 5753 2783 5798 notum
2818 5751 2901 5813 est
2929 5731 3300 5813 illudnoiuen
3343 5750 3475 5813 e_sse_
3504 5744 3624 5813 ζει-εκ
3645 5773 3658 5798 ,
3685 5731 3827 5804 quod

2249 5820 2316 5871 sit
2340 5833 2401 5872 ex
2424 5805 2568 5880 Ἰῖιιο,
2602 5826 2648 5869 et
2685 5831 2788 5870 non
2822 5812 2976 5878 Deus,
3013 5813 3084 5876 ait
3115 5810 3334 5863 Salonio
3366 5805 3543 5860 Jarlii.
3578 5824 3596 5854 ι
