3846 6498
104 334 185 401 931
520 330 527 335 ’
1108 337 1189 397 ΙΝ
1232 338 1817 405 ECCLESIASTEN.
1863 370 1931 380 ·-
1962 347 2108 407 LIB.
2148 350 2240 409 VI.
3197 360 3305 429 982

102 445 363 518 ἀλλοτρίοις
383 444 608 515 ὀνόμασι
636 444 706 499 τὰ
744 445 1048 516 πράγματα
1099 451 1621 521 προσαγορεύοντες,

1787 455 1894 510 icui
1920 457 2280 525 conﬁrmant,
2309 475 2473 530 quam
2510 462 2601 531 qui
2633 464 2828 519 alienis
2865 466 3185 524 nominibus
3215 485 3306 526 res

102 536 190 592 οἷον
227 538 269 591 oi
297 537 388 607 τὴν
417 535 691 589 πλάτανον
740 535 1057 607 ἄνθρωπον,
1092 538 1496 608 παραϐαίνουσι
1531 542 1621 615 τὴν

1785 546 2091 615 ιρειιοιιιεε,
2134 550 2285 604 velut
2310 551 2403 619 qui
2452 552 2733 621 platanum
2784 554 3025 611 hominis
3070 559 3304 627 appella-

102 629 324 700 κειμένην
349 628 667 698 ὀνομασίαν.
704 648 724 683 ι
757 629 1108 699 Παρεμπεδοί
1136 630 1193 684 δὲ
1221 632 1321 701 τὴν
1368 633 1621 705 τοιαύτην

1784 652 1876 692 me
1906 639 2213 709 designent,
2243 653 2562 697 consuetam
2595 644 3096 701 denominationem
3122 658 3303 705 trans-

101 722 287 793 ἐκδοχὴν
314 723 404 775 καὶ
427 721 515 774 διὰ
542 722 649 775 τῶν
678 721 908 793 ἀμέσως
934 720 1227 793 ἑπομένων
1260 723 1288 775 ὁ
1314 724 1474 794 σοφὸς
1511 727 1620 780 Ἐκ-

1788 731 2189 789 'ediuntur“.i
2230 732 2417 789 Talem
2486 749 2615 790 vero
2673 736 3174 806 interpretationem
3236 739 3307 795 iis

100 815 389 887 κλησιαστής
404 830 420 844 ⁸
435 816 570 886 φησὶ
597 815 706 886 γάρ
724 831 739 847 ⁸

1788 822 1894 876 iam
1923 838 2045 891 qua!
2066 823 2319 892 protinus
2343 836 2671 895 sequuntur,
2701 825 2925 897 sapiens
2946 825 3307 884 Ecclesiastes

1728 913 2050 979 conﬁrmat;
2087 914 2163 968 ait
2188 915 2334 969 enim
2365 933 2377 969 :

1612 1021 1726 1095 gn.
3294 1094 3297 1097 _

156 1131 206 1184 Τί
226 1128 511 1196 περισσὸν
535 1127 615 1193 τῷ
647 1128 936 1198 ἀνθρώπῳ
952 1148 971 1197 ;
1007 1132 1095 1187 ὅτι
1131 1133 1223 1200 τίς
1251 1129 1376 1189 οἵδε
1403 1136 1460 1189 τί
1484 1137 1628 1205 ἀγα-

1803 1136 1966 1192 Vsns.
2000 1138 2086 1191 ll.
2133 1137 2287 1209 161
2331 1138 2474 1204 Quid
2514 1140 2632 1209 plus
2662 1143 2903 1195 homini?
2931 1144 3046 1212 quis
3084 1160 3305 1216 namque

99 1222 183 1275 θὸι·
208 1219 278 1285 τῷ
312 1220 603 1288 ἀνθρώπῳ
628 1222 698 1275 ἐν
727 1223 801 1293 τῇ
839 1224 953 1294 ζωῇ
981 1226 1170 1280 αὐτοῦ
1202 1227 1456 1295 ἀριθμὸν
1489 1230 1618 1298 ἡμε-

1790 1230 1985 1299 gnovit,
2034 1231 2163 1300 quid
2203 1232 2271 1284 sit
2318 1232 2510 1285 bonum
2552 1232 2754 1286 homini
2798 1234 2853 1286 in
2891 1235 2998 1287 vita
3027 1236 3191 1303 ipsius
3221 1254 3305 1290 se-

92 1311 191 1379 ρῶν
207 1309 341 1379 ζωῆς
354 1313 756 1381 ματαιότητος
784 1314 973 1369 αὑτοῦ
992 1332 1013 1381 ;
1037 1317 1136 1369 καὶ
1166 1316 1460 1385 ἐποίησεν
1479 1320 1611 1373 αὐτὶ

1786 1322 1957 1376 indum
2008 1340 2285 1378 numerum
2328 1326 2538 1379 dierum
2589 1330 2708 1381 vita:
2746 1328 3001 1381 vanitatis
3041 1330 3153 1397 ejus
3178 1331 3203 1383 .’
3240 1329 3305 1383 Et

98 1405 151 1458 ἐγ
172 1402 323 1472 σκιᾷι
363 1405 451 1457 ὅτι
483 1407 575 1471 τίς
603 1407 933 1477 ἀπαγγελεῖ
947 1409 1029 1475 τῷ
1056 1411 1363 1479 ἀνθρώπῳ,
1382 1415 1439 1467 τί
1462 1414 1617 1467 ἔστα

1785 1417 1854 1468 cit
1882 1431 1943 1470 ea
1971 1416 2026 1469 in
2061 1417 2248 1471 umbra
2283 1433 2301 1471 :
2341 1420 2465 1488 quia
2510 1419 2631 1486 quis
2681 1421 3021 1473 annuntiabit
3074 1420 3302 1490 homini,

101 1499 253 1549 ὀπίσω
279 1497 463 1551 αὑτοῦ
496 1497 618 1551 ὑπὸ
647 1500 755 1553 τὸν
787 1500 997 1567 furor;

1660 1537 1705 1596 Β
1731 1508 1859 1576 quid
1891 1508 1991 1560 erit
2024 1517 2141 1577 post
2171 1524 2290 1561 eum
2317 1509 2411 1561 sub
2443 1510 2552 1563 sole
2575 1508 2725 1579 (48)?

150 1589 415 1658 Μονονουχὶ
446 1589 557 1661 γάρ
593 1608 760 1660 φησιν
780 1608 794 1624 ·
825 1593 889 1645 Et
915 1593 1025 1663 γὰρ
1052 1594 1306 1648 τοσοῦτον
1337 1596 1631 1651 ἁπολειπό-
1660 1589 1669 1595 ’

1801 1596 2083 1669 Tanquam
2127 1600 2172 1654 si
2215 1601 2362 1655 hunc
2409 1601 2461 1655 in
2510 1601 2736 1656 modum
2774 1602 3136 1673 loqueretur:
3170 1602 3304 1657 Nam

102 1697 229 1750 μενος
259 1681 443 1749 σοφίας
487 1682 585 1735 καὶ
627 1685 942 1754 φρονήσεως
989 1687 1018 1737 ὁ
1060 1685 1350 1757 ἄνθρωπος
1397 1688 1621 1760 εὓρηται

1810 1688 1947 1747 adeo
1982 1694 2269 1762 sapientiae
2293 1695 2708 1766 prudentiaeque
2731 1712 2926 1766 expers
2950 1697 3200 1751 inventus
3225 1706 3308 1752 est

104 1770 205 1842 πρὸς
237 1771 326 1842 τὴν
358 1771 500 1826 ἰδίαν
529 1774 755 1842 γνῶσιν,
798 1774 875 1839 ὡς
908 1776 1043 1847 μηδὲ
1067 1778 1137 1831 τὰ
1166 1779 1288 1831 κατ’
1311 1780 1476 1835 αὑτὸν
1513 1782 1623 1837 δια-

1788 1797 1900 1838 imo
1943 1785 1998 1838 in
2041 1785 2129 1847 iis,
2171 1800 2291 1853 quae
2336 1786 2402 1840 ad
2446 1788 2811 1857 cognitionem
2858 1789 3031 1859 ipsius
3067 1789 3307 1857 pertine-

104 1864 261 1917 τιθέναι
288 1865 609 1937 πρεπόντως
636 1867 731 1921 καὶ
761 1871 1172 1939 συμφερόντως,
1200 1873 1422 1940 ἀγνοεῖν
1448 1874 1506 1928 δὲ
1536 1876 1623 1929 καὶ

1787 1883 1873 1936 :nt,
1926 1882 1984 1928 ut
2030 1890 2131 1928 nec
2178 1890 2266 1929 res
2317 1891 2448 1931 suas
2489 1886 2637 1931 recte
2686 1886 2849 1947 atque
2896 1878 3100 1934 utiliter
3156 1878 3306 1933 ordi-

104 1958 145 2008 τὸ
166 1959 348 2027 κυρίως
378 1956 609 2025 ἀγαθὸν,
640 1960 734 2012 καὶ
762 1959 851 2013 διὰ
883 1960 1046 2015 τοῦτο
1079 1961 1142 2014 τὸ
1171 1963 1343 2018 κακὸν
1367 1964 1461 2017 καὶ
1489 1964 1623 2034 φαῦ-

1785 1971 1907 2027 iret,
1948 1972 2003 2017 et
2048 1966 2197 2033 quod
2249 1967 2523 2035 praecipue
2575 1968 2779 2021 bonum
2828 1977 2995 2035 esset,
3051 1971 3304 2032 nesciret.

98 2049 167 2102 λον
196 2048 565 2120 ἀνθαιρεῖσθαι
590 2052 689 2105 καὶ
720 2052 983 2121 πράττειν
1005 2068 1018 2082 ³
1050 2052 1170 2118 πῶς
1200 2055 1368 2126 μηδέν
1393 2073 1447 2109 τι
1470 2057 1617 2111 πλέοι

1789 2070 1917 2125 ique
1968 2057 2171 2111 malum
2245 2067 2410 2127 atque
2484 2059 2838 2116 inhonestum
2903 2062 3187 2132 praeferret
3243 2079 3308 2118 ac

100 2141 205 2209 ἔχων
228 2142 316 2193 καὶ
348 2142 623 2211 περισσὸν
656 2143 793 2213 πρὸς
826 2143 1118 2213 διάγνωσιν
1146 2146 1255 2200 τῶν
1282 2132 1619 2221 ὑψηλοτέρωὶ

1787 2157 2036 2204 etaretur
2078 2168 2091 2203 :
2142 2150 2420 2219 quomodo
2469 2150 2516 2206 is
2567 2152 2692 2222 plus
2743 2152 2948 2223 aliquid
2999 2154 3178 2208 valeat
3220 2155 3306 2209 in-

102 2238 169 2289 xui
197 2236 447 2306 μειζόνων
478 2238 581 2291 καὶ
621 2236 927 2309 βελτιόνων,
959 2240 1243 2310 ὲριστικὴν
1270 2238 1505 2309 ἅμιλλαν
1538 2239 1621 2305 ἐξ·

1789 2248 2083 2310 ructusque
2133 2241 2202 2295 sit
2258 2242 2328 2296 ad
2374 2258 2436 2296 ea
2487 2244 2890 2313 cognoscenda,
2944 2261 3067 2315 qua:
3112 2246 3305 2301 altiora

103 2330 267 2400 ισχύσει
311 2332 593 2385 ποιεῖσθαι
642 2332 781 2403 πρὸς
834 2332 924 2385 τὸν
967 2333 1189 2387 πάντων
1240 2333 1497 2387 ἐπέκεινα
1535 2336 1622 2388 καὶ

1785 2339 1861 2385 int
1894 2338 1947 2385 et
1974 2332 2183 2402 majora
2217 2342 2379 2403 atque
2408 2336 2639 2404 potiora,
2680 2335 2846 2405 inque
2877 2346 3151 2391 certamen
3182 2353 3304 2391 enm

105 2424 227 2491 μόνον
254 2423 691 2495 ἀπειροδύναμον
714 2424 942 2496 Κύριον,
960 2426 1055 2478 τὸν
1089 2425 1183 2479 καὶ
1212 2425 1351 2498 μόνῃ
1379 2425 1624 2497 βουλήσει

1786 2443 1799 2482 ι
1838 2428 2024 2483 νοοῖτο
2079 2429 2275 2498 possit,
2317 2430 2411 2498 qui
2461 2445 2713 2485 summus
2746 2430 2993 2485 omnium
3042 2430 3305 2487 Dominus

102 2515 181 2566 τῶν
222 2517 516 2583 γεγονότων
573 2517 807 2569 ἕκαστον
851 2516 1192 2571 οὐσιώσαντα
1237 2518 1329 2570 καὶ
1376 2534 1621 2589 παραγα-

1788 2529 1815 2573 ηι
1850 2528 1906 2574 et
1949 2536 2093 2576 unus
2138 2522 2510 2591 omnipotens,
2544 2521 2638 2590 qui
2688 2521 2803 2576 sola
2844 2522 3143 2588 voluntate,
3186 2537 3307 2591 quae

102 2608 228 2672 γάντα
258 2608 383 2679 πρὸς
418 2607 681 2679 ὓπαρξιν,
713 2609 810 2662 καλ⁸
845 2610 965 2671 ταῖς
990 2607 1297 2679 προσφυέσι
1328 2609 1422 2661 καὶ
1460 2626 1621 2679 προσ-

1789 2622 1875 2669 cta
1920 2624 2084 2681 sunt,
2141 2624 2199 2668 nt
2240 2623 2426 2669 essent
2463 2615 2936 2684 exsisterentque,
2972 2614 3220 2685 perfecit,
3254 2623 3307 2666 υι

102 2699 245 2767 φόροις
270 2699 591 2769 ὀνομασίαις
615 2699 1101 2771 χαρακτηρίσαντα
1124 2699 1404 2770 παρευθύς
1428 2698 1621 2765 ;Τοῦτο

1789 2704 1876 2758 itis
1905 2719 1967 2759 ac
1995 2704 2452 2758 convenientibus
2498 2703 2957 2773 appellationibus
2999 2704 3182 2757 statim
3214 2704 3308 2757 de-

102 2792 143 2845 δὲ
167 2792 419 2864 σημαίνων
463 2795 566 2846 καὶ
615 2795 643 2846 ὁ
690 2796 975 2865 προφήτης
1010 2793 1235 2856 Ἡσαΐας
1270 2793 1468 2862 φησίν*
1506 2812 1524 2844 ι
1571 2792 1621 2847 '0

1786 2799 2010 2867 gnavit?
2033 2798 2148 2852 Hoc
2177 2813 2308 2852 vero
2338 2808 2390 2852 et
2415 2798 2588 2852 lsaias
2620 2799 2888 2867 propheta
2918 2797 3169 2851 indicans
3196 2795 3305 2850 ait:

102 2885 303 2953 ἐκφέρων
331 2884 451 2937 κατ’
485 2885 725 2956 ἀριθμὸν
758 2886 851 2939 τὸν
882 2886 1086 2957 κόσμον
1116 2884 1301 2950 αὑτοῦ,
1336 2886 1429 2941 καὶ
1456 2886 1621 2939 πάντα

1801 2887 1905 2954 Qui
1947 2889 2132 2944 educit
2167 2888 2219 2943 in
2269 2904 2499 2943 numero
2548 2889 2811 2944 mundum
2846 2889 2991 2959 ejus,
3032 2897 3086 2943 et
3126 2888 3308 2941 omnia

104 2976 243 3028 καλῶν
284 2977 340 3043 ἐξ
365 2979 633 3050 ὀνόματος
658 3019 672 3042 ,
706 2999 724 3032 ι
771 2980 946 3049 δηλῶν
981 2980 1257 3043 ἐντεῦθεν,
1290 2980 1363 3043 ὡς
1392 2980 1511 3050 ἅμα
1552 2978 1623 3051 τῷ

1789 2992 1896 3035 icat
1925 2997 1989 3036 ex
2024 2982 2245 3036 nomine
2275 2981 2409 3051 (49).
2455 3000 2474 3033 ι
2514 2982 2728 3048 Quibus
2771 2980 3032 3044 ostendit,
3075 2981 3308 3051 singula,

104 3072 335 3136 γεγονέναι
378 3074 474 3126 καὶ
504 3074 610 3143 τὴν
642 3072 951 3144 πρόσφορον
986 3072 1178 3145 ἔλαχεν
1209 3074 1441 3127 ἕκαστον
1468 3090 1623 3144 προσ·

1795 3088 1846 3127 ιο
1900 3082 2143 3141 tempore
2195 3075 2416 3129 condita
2467 3082 2620 3139 sunt,
2674 3075 2867 3131 eodem
2921 3085 2977 3129 et
3024 3089 3220 3127 nomen
3280 3087 3310 3125 a

102 3161 286 3232 ηγορίαν
310 3166 459 3236 παρὰ
501 3166 602 3219 ’τοῦ
650 3165 954 3229 Κτίσαντος
974 3206 988 3227 ,
1019 3166 1085 3236 ἢν
1127 3166 1299 3231 οὐδεὶς
1328 3165 1621 3236 ἀνθρώπων

1789 3166 2037 3222 onditore
2077 3183 2384 3236 congruum
2425 3176 2585 3222 nacta
2629 3182 2775 3231 esse.
2819 3167 2967 3237 quod
3001 3180 3163 3220 uerno
3209 3166 3308 3220 ho-

103 3252 345 3309 ἀλλοιῶσαι
368 3258 428 3309 τὸ
447 3258 721 3329 παράπαν
748 3257 1039 3329 ίσχύσειεν·
1059 3258 1177 3312 ἀλλ’
1195 3258 1383 3330 ὥσπερ
1400 3259 1622 3313 ἕκαστον

1797 3261 1946 3315 inum
1980 3271 2317 3317 commutare
2354 3262 2463 3316 ulla
2495 3262 2707 3316 ratione
2744 3269 2973 3332 posset:
3010 3268 3073 3314 ut
3114 3274 3308 3329 quem-

102 3345 182 3399 τῶν
222 3351 514 3416 γεγονότων
565 3351 798 3423 εὓρηται
846 3353 1102 3422 διαμένον
1148 3351 1292 3406 κατὰ
1334 3352 1433 3423 τὴν
1469 3350 1621 3420 φύσιν

1793 3351 2032 3406 [modum
2085 3352 2340 3421 singula,
2401 3367 2525 3422 qua:
2570 3350 2717 3408 facta
2763 3361 2924 3417 sunt,
2980 3350 3169 3406 eadem
3217 3365 3312 3403 na-

103 3441 451 3512 ἁμεταόλητον,
494 3442 770 3514 μηδεμίαν
807 3442 1164 3515 παραλλαγὴν
1189 3442 1547 3514 προσιέμενον
1574 3442 1622 3497 ἐν

1792 3457 1859 3497 η
1926 3452 2092 3512 atque
2164 3444 2453 3498 immutata
2517 3458 2742 3497 manere
2800 3443 2989 3506 vides,
3048 3438 3311 3496 varietate

103 3542 147 3578 τε
174 3532 269 3594 τοῖς
289 3531 515 3602 ἀψύχοις
556 3533 649 3585 καὶ
678 3533 792 3597 τοῖς
818 3532 1083 3603 ἐμψύχοις
1108 3550 1120 3562 ο
1156 3535 1250 3586 καὶ
1281 3533 1342 3586 τὸ
1368 3534 1622 3603 παράπαν

1791 3533 1909 3598 nni,
1950 3533 2065 3588 sive
2115 3532 2355 3587 inanima
2404 3533 2549 3599 sint,
2602 3532 2718 3587 sive
2769 3533 3008 3588 animam
3054 3532 3310 3596 habeant.

104 3618 238 3683 οὐδεὶς
268 3621 571 3691 ἀνθρώπων
615 3620 844 3693 εὓρηται
876 3622 1125 3695 δυνηθεὶς
1175 3623 1467 3688 ἐναλλάξαι
1505 3622 1623 3677 τινὰ

1790 3624 1974 3692 ejecta;
2012 3638 2076 3678 ac
2108 3639 2269 3678 nemo
2314 3624 2599 3678 hominum
2642 3624 2895 3679 inventus
2937 3638 3175 3693 unquam
3206 3633 3309 3685 est,

104 3708 173 3759 nl.
201 3710 510 3777 μεταϐαλεῖν
560 3711 724 3781 φύσιν
768 3712 910 3782 πρὸς
938 3714 1075 3785 ὅπερ
1117 3714 1177 3766 οὐ
1209 3712 1433 3783 γέγονε’
1473 3712 1623 3767 τοῦτο

1793 3715 1830 3767 ii
1879 3714 1961 3767 vel
2013 3715 2179 3768 unius
2224 3715 2303 3768 rei
2343 3725 2557 3768 mutare
2592 3722 2845 3767 naturam
2896 3723 3099 3783 posset,
3150 3722 3312 3782 atque

105 3802 187 3871 γὰρ
213 3805 440 3875 ὲσήμανε
476 3807 576 3859 καὶ
600 3808 717 3870 τοῖς
745 3807 941 3860 ἁνόπιν
968 3806 1148 3875 λόγοις
1179 3805 1371 3870 εἰπὼν,
1411 3826 1430 3858 ι
1466 3807 1530 3859 Τί
1569 3807 1624 3859 τὸ

1793 3808 1805 3860 l
1856 3806 1908 3862 id
1954 3806 2273 3870 transferre,
2324 3808 2391 3864 ad
2439 3807 2586 3878 quod
2638 3807 2781 3862 facta
2827 3823 2936 3861 non
2984 3817 3171 3872 esset;
3208 3806 3312 3860 hoc

104 3896 281 3962 γεγονός
306 3914 320 3964 ;
348 3898 491 3951 Αὐτὸ
519 3898 585 3952 τὸ
612 3898 976 3969 γενησόμενον
1008 3913 1023 3929 ⁸
1067 3918 1086 3949 ι
1122 3897 1296 3962 οὕτως
1332 3899 1451 3953 οὐδέ
1488 3916 1623 3962 τινοτΙ

1795 3899 1879 3952 ιίιιι
1915 3908 1969 3952 et
2006 3898 2259 3968 superius
2290 3898 2634 3967 significavit,
2657 3914 2779 3954 cum
2816 3898 2955 3952 dixit
2989 3915 3034 3951 ει
3060 3897 3201 3963 Quid
3229 3902 3314 3951 est

108 3987 186 4039 τῶν
209 3989 360 4044 ὄντων
411 3991 711 4045 ἀλλοιῶσαί
760 4009 881 4045 τινα
920 3990 1173 4063 δυνηθείη
1230 3992 1626 4062 προσηγορίαν.

1791 3991 1882 4045 10d
1930 3990 2071 4045 fuit?
2118 3989 2296 4060 ipsum
2342 3992 2487 4061 quod
2523 3991 2767 4045 futurum
2803 3990 2978 4053 est”;
3018 4008 3037 4040 ι
3079 3989 3161 4042 sic
3189 3988 3310 4041 titil-

106 4075 251 4132 Πάντα
276 4082 397 4154 γὰρ,
431 4085 625 4156 φησὶν,
660 4085 762 4137 ὅσα
791 4083 1048 4155 ἐποίησεν
1077 4085 1105 4136 ὁ
1133 4082 1286 4147 Θεὸς,
1313 4083 1451 4136 αύτά
1484 4086 1625 4136 ἐστιν

1796 4100 1844 4135 m
1896 4081 1972 4135 rei
2026 4081 2192 4136 ullius
2248 4082 2669 4152 appellationem
2718 4082 2989 4135 invertere
3054 4079 3309 4147 potuerit.

108 4170 163 4231 ti;
186 4170 263 4224 τὸν
291 4174 491 4228 αἰῶνα·
546 4176 641 4227 ἀπ’
688 4173 866 4229 αὐτῶν
911 4175 1012 4227 οὐκ
1054 4174 1202 4226 ἐστιν
1233 4173 1475 4243 ἀφελεῖν.
1514 4173 1627 4227 Νῦν

1789 4176 1933 4229 mnia
1966 4175 2135 4240 enim,
2182 4174 2379 4243 inquit,
2435 4190 2559 4244 qua:
2612 4174 2738 4227 fecit
2790 4174 2951 4237 Deus,
2986 4187 3048 4225 ea
3088 4177 3217 4223 sunt
3256 4170 3308 4221 in

106 4257 176 4312 οὖν
211 4280 357 4335 φησι,
392 4284 409 4317 ι
444 4265 545 4329 Τίς
573 4262 683 4318 οἶδε
712 4265 763 4319 τί
818 4265 1021 4333 ἀγαθὸν
1050 4264 1128 4335 τῷ
1171 4262 1444 4335 ἀνθρώπῳ
1467 4266 1524 4317 ὲν
1561 4268 1625 4337 τῇ

1787 4268 2039 4332 eculum,
2098 4281 2198 4320 nec
2263 4266 2330 4320 de
2387 4266 2473 4322 his
2524 4266 2743 4320 demere
2805 4264 3103 4333 quidquam
3164 4260 3306 4314 licet.

111 4350 194 4424 ζωῇ
228 4358 379 4410 αὐτοῦ
422 4358 661 4429 ἀριθμὸν
692 4357 915 4429 ἡμερῶν
945 4357 1093 4428 ζωῆς
1130 4357 1497 4429 ματαιότητος
1536 4358 1630 4411 αύ-

1793 4374 1884 4413 inc
1936 4358 2103 4428 igitur
2153 4357 2302 4412 addit
2354 4374 2368 4408 :
2428 4377 2446 4409 ι
2500 4357 2636 4423 Quis
2703 4356 3004 4426 cognovit,
3059 4352 3186 4423 quid
3240 4351 3312 4406 sit

110 4446 314 4512 τοῦ;και
346 4452 603 4524 ἐποίησεν
626 4452 767 4505 αὐτὰ
807 4454 864 4504 ὲν
892 4452 1050 4521 σκιᾷ’
1084 4469 1103 4502 ι
1140 4452 1442 4516 τουτέστιν,
1477 4452 1629 4519 ἀγνο-

1789 4467 1938 4505 mum
1973 4451 2182 4506 homini
2230 4452 2283 4504 in
2323 4451 2431 4505 vita
2463 4451 2634 4519 ipsius
2678 4448 2979 4505 secundum
3021 4460 3308 4502 numerum

111 4536 223 4592 οῦντι
256 4542 329 4614 τῷ
370 4544 646 4615 ἀνθρώπῳ
690 4541 785 4597 τοῦ
811 4543 1018 4614 κυρίως
1047 4541 1252 4610 ἀγαθοῦ
1284 4544 1388 4613 τὴν
1420 4543 1630 4614 κτῆσιν¹

1796 4558 1948 4597 crum
1996 4543 2122 4596 vitae
2172 4544 2430 4597 vanitatis
2483 4540 2695 4610 ipsius?
2730 4549 2783 4593 et
2816 4539 2943 4593 fecit
2979 4553 3042 4592 ea
3087 4537 3141 4590 in
3191 4550 3309 4587 um-

112 4630 181 4683 καὶ
200 4633 276 4686 διὰ
298 4635 450 4689 τοῦτο
472 4635 826 4706 πορευομένῳ
852 4637 971 4697 ταῖς
1000 4633 1463 4706 ματαιοπραξίαις
1488 4636 1631 4705 παρά

1791 4649 1868 4699 'a;
1911 4651 1929 4683 ι
1991 4633 2041 4687 id
2083 4643 2187 4698 est,
2245 4632 2474 4697 homini,
2512 4631 2604 4702 qui
2657 4632 2784 4685 boni
2826 4628 3085 4701 praecipui
3135 4624 3310 4694 adipi-

114 4722 251 4779 πὰντα
276 4727 359 4780 τὸν
389 4728 590 4781 ἑαυτοῦ
624 4727 773 4797 βίον,
806 4726 861 4781 αἲ
896 4728 989 4780 καὶ
1022 4725 1455 4799 παρελεύσονται
1481 4726 1633 4797 δίκην

1799 4725 1925 4781 endi
1978 4728 2245 4780 rationem
2291 4725 2525 4793 ignorat,
2576 4738 2639 4777 ac
2669 4730 2958 4792 prOpterea
2999 4729 3167 4774 totam
3213 4722 3314 4770 im-

114 4818 255 4881 σκιᾶς,
286 4819 363 4882 τίς
388 4820 538 4892 αὐτῷ
564 4820 842 4889 διαγγελεῖ
874 4818 973 4883 τὰς
1008 4818 1434 4890 συμὸησομένας
1465 4818 1633 4888 βιωτι-

1795 4820 1923 4874 endit
1970 4820 2136 4873 vitam
2174 4818 2331 4889 162
2370 4818 2530 4872 vanis
2588 4817 2643 4870 in
2696 4816 2881 4879 rebus,
2934 4830 3055 4881 qua:
3108 4810 3314 4864 umbra!

116 4908 191 4971 κάς
208 4916 539 4983 περιπετείας
562 4914 658 4967 καὶ
683 4910 970 4984 συμφορὰς
1000 4911 1105 4965 ὑπὸ
1133 4910 1322 4964 τοῦτον
1347 4910 1438 4963 τὸν
1464 4910 1635 4981 ἧλιον;

1799 4922 1913 4967 star
1959 4913 2390 4982 pertransibunt,
2448 4910 2573 4979 quis
2622 4910 2833 4961 futuras
2884 4906 2990 4962 hoc
3041 4904 3142 4958 sub
3199 4902 3314 4955 sole

88 5000 260 5071 ιΜηδὲν
286 5008 389 5078 γὰρ
423 5010 760 5061 ἀπευκταῖον
795 5004 1033 5070 ἐλπίζων
1062 5003 1173 5059 ἀπὸ
1195 5003 1290 5057 τοῦ
1321 5000 1460 5059 εἶναι
1492 5018 1607 5075 περι

1794 5005 2143 5061 cissitudines
2174 5006 2405 5073 viaeque
2427 5018 2700 5057 mrumnas
2724 4996 3145 5071 praenuntiabit‘!
3174 4993 3309 5047 Cum

116 5088 301 5159 ϐλεπτος
321 5098 412 5150 καὶ
439 5097 770 5169 περιφανὴς,
789 5095 886 5149 καὶ
911 5094 1137 5166 μυρίαις
1168 5093 1634 5166 περιποιχεῖσθαι

1796 5098 1888 5151 nim
1928 5095 2128 5152 funesti
2166 5097 2301 5150 nihil
2342 5096 2447 5151 sibi
2478 5102 2767 5158 metueret,
2802 5091 2944 5161 quod
2980 5086 3312 5157 conspicuus

118 5181 189 5251 τῆς
222 5189 508 5261 προσούσης
537 5188 689 5261 αὑτῷ
718 5188 1179 5251 καταδυναστείας
1226 5186 1631 5259 λαμπρότησιν.

1797 5198 1886 5243 »εοι
1939 5198 2102 5257 atque
2158 5187 2509 5258 spectabilis.
2578 5187 2861 5254 multoque
2919 5179 3316 5236 dominationis

172 5382 207 5412 "‘
236 5385 387 5443 Arist.
420 5388 595 5460 Topic.
631 5390 726 5445 lib.
759 5406 820 5456 ιι,
849 5390 904 5444 1.
985 5390 1029 5421 ³⁸
1066 5387 1275 5444 Eccles.
1311 5403 1359 5453 ι,
1384 5387 1437 5442 9.

175 5556 591 5638 μβ)01)ἰηρ.....
651 5563 743 5635 Τῷ
787 5563 1109 5645 ἀνθρώπῳ,
1136 5563 1190 5645 τί
1235 5564 1383 5617 ἔσται
1445 5562 1629 5644 quem;
1740 5565 1985 5645 ἐκφέρων
2037 5563 2158 5616 κατ’
2207 5561 2577 5645 ἀριθμὸνπδν
2624 5559 2825 5643 κόσμον
2864 5556 3065 5645 δαύτοῦ,
3103 5557 3311 5645 πέιντας

125 5629 415 5712 utimiqu
447 5629 589 5688 ἀὐτὰ
623 5636 681 5688 ὲν
714 5629 959 5712 σ-διιᾷ..ξ..
1002 5629 1245 5712 οιιιὶεδίξ.
1269 5651 1415 5712 Δ(ιιιίιε
1464 5635 1633 5687 inter-

1795 5629 1829 5685 ιδ
1878 5629 2103 5705 ὀνόματι
2165 5629 2387 5712 καλέίέι
2445 5633 2551 5687 ἀπο
2608 5630 2804 5701 πολλῆς
2860 5630 3040 5699 δόξης,
3099 5630 3191 5683 καὶ
3258 5633 3314 5681 εν

124 5698 264 5777 inedia
295 5698 428 5777 sunt.
481 5706 533 5757 In
565 5710 697 5761 edit.
734 5698 912 5777 ﬁ’a'tic.
955 5706 1092 5777 inde
1117 5698 1326 5777 incipit-
1347 5715 1509 5777 caput
1537 5719 1632 5777 vii.

844 5711 912 5761 ic.
955 5706 1092 5777 inde
1117 5698 1509 5777 incipit-caput
1537 5719 1632 5777 vii.
1743 5706 1925 5775 κράτει
1966 5698 2148 5777 ἰσχύος
2178 5702 2362 5759 αὑτοῦ.

180 5767 269 5837 (49)
304 5771 398 5828 lsa.
459 5792 544 5841 XL,
596 5779 686 5832 “26.
726 5776 831 5833 Sed
900 5778 1041 5847 apud
1078 5767 1246 5830 ιλιι·
1285 5767 1534 5845 legimus,
1576 5775 1633 5825 Ὀ
