4114 6562
546 353 652 419 983

1647 356 1710 417 S.
1753 354 2132 417 GREGORII
2197 357 2712 423 AGRIGENTINI

3770 364 3861 427 984

546 487 663 529 sine
698 469 991 539 splendore
1015 478 1243 524 ornatus
1271 467 1568 533 incederet,
1597 469 1653 525 in
1690 471 1941 526 ultimam
1983 473 2125 527 reci-

2253 479 2314 541 ;l;
2342 478 2440 548 τὴν
2475 481 2715 552 ἐσχάτην
2764 478 2984 548 ἀδοξίαν
3016 478 3335 552 παρερρύη
3355 517 3373 541 .
3427 477 3534 530 καὶ⁵
3564 481 3861 546 καταγέλα-

548 567 629 620 dit
663 564 1042 637 ignominiam,
1079 576 1142 617 ac
1173 562 1409 618 ludibrio
1446 578 1568 619 esse
1595 565 1761 635 coepit
1791 574 1844 620 et
1875 566 2132 621 omnibus

549 658 606 711 in
651 656 887 711 miseriis
925 656 1157 711 versari.
1202 655 1358 722 Quod
1395 657 1443 713 si
1483 672 1695 721 eorum,
1735 674 1855 729 quae
1888 659 1990 714 sibi
2025 659 2131 713 im-

551 749 826 816 pendent,
875 747 1013 802 nihil
1056 748 1382 818 praenoscit,
1435 765 1537 805 nec
1585 766 1709 820 qua:
1756 761 2011 807 secutura
2062 753 2135 808 sit

549 840 843 897 conversio
874 857 1055 897 rerum
1096 852 1257 912 atque
1297 842 1456 898 ruina
1483 885 1496 908 ,
1547 845 1824 914 quomodo
1855 858 2131 901 certamen

556 936 718 990 inibit
759 951 884 990 cum
918 937 1184 990 virtutum
1239 937 1491 1002 Domino,
1541 938 1633 1007 qui
1668 947 1723 992 et
1763 954 1945 994 rerum
1986 940 2136 995 exsi-

555 1032 817 1087 stentium
867 1040 1096 1087 naturas
1143 1032 1437 1102 produxit,
1486 1042 1542 1088 et
1583 1034 1723 1090 scite
1769 1036 1852 1091 his
1901 1046 2135 1107 apteque

558 1124 781 1179 nomina
813 1124 1074 1195 imposuit
1096 1125 1120 1179 ἲ

628 1214 828 1271 Notato
879 1217 1043 1287 igitur
1079 1217 1498 1289 improhatoque
1546 1220 1707 1275 etiam
1747 1221 1861 1285 illo,
1901 1222 1994 1293 qui
2040 1237 2136 1278 su-

560 1311 745 1375 perbia
786 1312 963 1367 elatus
1007 1312 1199 1374 multa.
1249 1312 1317 1368 ad
1348 1313 1692 1369 conditarum
1733 1331 1919 1371 rerum
1964 1315 2138 1370 deno-

561 1402 894 1459 minationes
926 1403 1125 1458 melius
1165 1403 1373 1474 aliquid
1418 1405 1764 1462 comminisci
1801 1407 1905 1461 sibi
1948 1407 2136 1463 videa—

557 1500 650 1548 tur
674 1535 690 1559 ,
725 1494 871 1565 quod
907 1494 1179 1565 reliquum
1209 1504 1312 1562 est,
1356 1495 1608 1551 hortatur
1636 1510 1798 1568 atque
1830 1499 2044 1564 suadet,
2078 1507 2139 1554 ut

561 1587 809 1644 honestis
876 1598 1136 1658 recteque
1206 1589 1366 1646 factis
1437 1600 1645 1661 partam
1719 1593 2134 1663 appellationem

563 1681 739 1751 pluris
768 1681 1127 1749 aestimemus,
1178 1692 1515 1754 argutasque
1560 1693 1616 1739 et
1663 1684 1809 1741 leves
1852 1684 1923 1740 de
1968 1701 2138 1742 novo-

566 1787 688 1826 rum
746 1771 1031 1826 nominum
1088 1773 1528 1841 inventionibus,
1578 1790 1702 1843 qua:
1752 1776 1916 1831 rebus
1964 1776 2139 1846 magis

564 1864 916 1929 conveniant,
947 1864 1324 1923 cavillationes
1354 1868 1735 1938 relinquamus
1762 1886 1777 1924 :
1816 1885 1981 1924 unam
2012 1885 2141 1926 vero

567 1958 731 2023 hanc,
784 1966 843 2012 ut
886 1956 1064 2025 decet,
1104 1973 1289 2014 curam
1336 1960 1739 2031 suscipiendam
1787 1962 2137 2028 arbitremur,

569 2060 628 2104 nt
669 2052 894 2106 honesta
929 2052 1053 2107 vitae
1091 2052 1305 2107 ratione
1346 2052 1479 2108 illud
1519 2052 1679 2109 nobis
1720 2069 1917 2110 nomen
1964 2056 2140 2126 adipi-

566 2159 807 2208 scatuur,
857 2142 1004 2213 quod
1051 2143 1353 2200 laudabiles
1381 2159 1447 2200 ac
1475 2145 1667 2201 beatos
1704 2142 1887 2203 facere
1918 2156 2137 2217 potest;

567 2245 645 2288 all
676 2249 822 2288 etum
855 2252 871 2288 ἒ

2236 588 2362 636 στος
2384 571 2541 645 ὤφθη
2572 574 2665 628 καὶ
2697 573 2873 645 πάσης
2909 573 3240 646 ἀθλιότητος
3273 571 3400 642 πλὴ
3415 588 3547 641 ρης.
3582 572 3648 623 Εἰ
3681 573 3739 626 δὲ
3772 593 3861 647 μη.

2233 665 2323 719 δὲν
2354 668 2465 719 τῶν
2496 667 2781 738 ἑπομένων
2811 667 2961 739 αὐτῷ
2990 665 3397 738 προγινώσκει
3452 666 3559 717 καὶ
3593 667 3861 737 συμϐησοο

2237 758 2417 829 μένων
2449 760 2587 830 πρὸς
2617 758 2714 830 τὴν
2748 759 2840 812 ἐπὶ
2864 758 2931 812 τὰ
2962 759 3132 831 χείρω
3174 756 3535 830 μεταόολὴν
3569 759 3673 810 καὶ
3705 761 3860 827 μετά-

2236 868 2465 916 πτωσιν,
2521 852 2641 915 πῶς
2684 850 3117 922 ἁμιλληθήσεται
3162 851 3254 922 τῷ
3298 850 3523 919 Κυρίῳ
3560 850 3673 902 τῶν
3718 852 3860 908 δυνά-

2237 961 2408 1013 μεων,
2439 942 2520 1015 τῷ
2551 942 2649 998 καὶ
2669 945 2770 1005 τὰς
2798 942 2989 1012 φύσεις
3020 944 3351 1015 παράγοντι
3381 940 3505 995 τῶν
3538 945 3854 1013 γεγονότων,

2235 1038 2332 1092 καὶ
2352 1036 2623 1090 τεθεικότι
2651 1037 2749 1090 καὶ¹
2775 1036 2874 1099 τὰς
2901 1036 3051 1105 σφῶν
3070 1036 3403 1107 ὀνομασίας
3432 1035 3750 1105 προσφυῶς
3776 1039 3856 1091 καὶ

2236 1129 2568 1199 προσφόρως
2582 1145 2598 1193 ;

2307 1220 2668 1291 Κωμῳδήσας
2700 1214 2793 1275 οὖν
2821 1222 2916 1275 καὶ
2949 1220 3222 1290 φαυλίσας
3253 1219 3367 1273 καὶ
3398 1218 3505 1271 τὸν
3543 1217 3639 1271 διὰ
3672 1220 3855 1292 πολλὴν

2237 1312 2544 1383 ὑπεροψίαν
2573 1312 2821 1380 οἰόμενον
2865 1312 3077 1383 βέλτιόν
3119 1329 3175 1365 τι
3218 1313 3364 1373 ταῖς
3398 1309 3524 1362 τῶν
3556 1312 3852 1379 γεγονότων

2235 1405 2564 1476 ὀνομασίαις
2611 1406 2880 1470 ἐπινοεῖν,
2928 1407 3235 1477 εἰσηγεῖται
3301 1403 3522 1457 λοιπὸν
3578 1404 3682 1457 καὶ
3729 1422 3853 1478 παρ·

2236 1498 2414 1570 ἐγγυᾷ
2462 1497 2561 1570 τὴν
2588 1498 2677 1552 διὰ
2706 1498 2817 1551 τῶν
2848 1497 3105 1568 πράξεων
3129 1498 3244 1551 τῶν
3273 1495 3536 1565 ἀγαθῶν
3565 1495 3666 1549 καὶ
3701 1512 3849 1550 σπου-

2239 1592 2405 1645 δαίων
2431 1591 2809 1663 προσηγορίαν
2840 1593 2974 1662 περὶ
3016 1591 3213 1645 πολλοῦ
3249 1588 3594 1652 ποιεῖσθαι,
3639 1590 3735 1641 καὶ
3766 1590 3850 1653 τὰς

2244 1687 2344 1758 μὲν
2369 1686 2692 1758 ὲρεσχελίας
2720 1687 2816 1740 καὶ
2849 1685 3052 1755 λέσχας
3091 1684 3193 1748 τὰς
3220 1687 3288 1739 ἐν
3324 1687 3464 1747 ταῖς
3512 1682 3849 1753 καινοτέροις

2242 1778 2561 1849 ὲξευρέσεσι
2620 1777 2732 1831 τῶν
2794 1777 3077 1848 ὀνομάτων
3124 1777 3236 1831 τῶν
3297 1778 3364 1830 ὲν
3428 1777 3558 1838 τοῖς
3615 1776 3849 1844 γεγονόσι

2242 1872 2565 1927 καταλιπεῖν
2584 1887 2600 1904 ο
2632 1871 2765 1942 μίαν
2793 1870 2853 1924 δὲ
2880 1870 3090 1942 ταύτην
3137 1870 3424 1942 φροντίδα
3463 1870 3845 1942 προσηκόντως

2236 1964 2530 2021 ἀναλαϐεῖν
2548 1964 2646 2019 τοῦ
2673 1963 2765 2018 διὰ
2785 1964 2894 2018 τῶν
2912 1964 3220 2019 σπουδαίων
3245 1962 3539 2033 πράξεων
3562 1962 3846 2033 ὀνομασίαν

2240 2056 2424 2127 ἐαυτῷ
2457 2052 2926 2126 περιποιήσασθαι
2971 2052 3035 2107 τὸ
3075 2051 3385 2109 ἐπαινετὸν
3432 2048 3543 2103 καὶ
3590 2049 3843 2121 μακάριον

2239 2147 2593 2220 κεκτημένην
2609 2163 2626 2179 ο
2650 2146 2789 2218 φησι
2816 2144 2926 2217 γάρ
2947 2160 2963 2176 ο

2118 2354 2147 2429 §
2184 2355 2274 2412 ιιι.

639 2470 769 2527 CAP.
808 2486 907 2528 vn.
939 2471 1110 2527 Vens.
1146 2471 1196 2525 Ι.
1242 2471 1444 2525 Bonum
1466 2483 1542 2526 est
1568 2489 1754 2528 nomen
1788 2491 1945 2544 super
1974 2475 2148 2530 oleum

570 2561 761 2616 bonum
792 2603 807 2626 ,
873 2570 925 2618 et
989 2562 1101 2616 dies
1163 2562 1349 2617 mortis
1424 2578 1582 2632 super
1644 2563 1788 2618 diem
1853 2566 2148 2620 nativitatis

567 2654 683 2724 (jus
708 2654 843 2725 (50).

643 2747 757 2803 Oiei
797 2748 1079 2819 proprium
1118 2759 1200 2806 est
1245 2751 1557 2807 exhilarare
1585 2766 1649 2807 ac
1678 2750 1870 2815 lenire.
1902 2761 1957 2806 et
1989 2752 2145 2807 dolo-

570 2838 746 2906 ribus,
780 2840 873 2910 qui
898 2858 961 2896 ετ
996 2843 1365 2913 inaequalitate
1399 2844 1578 2915 aliqua
1611 2844 1927 2911 obveniant,
1967 2845 2146 2901 homi-

574 2946 705 2986 num
743 2940 995 2987 naturam
1025 2934 1258 2990 liberare
1292 2953 1306 2990 :
1340 2935 1444 2991 olei
1486 2937 1692 3007 utique,
1736 2937 1881 3007 quod
1921 2946 2148 2992 externo

572 3025 733 3095 plane
778 3035 963 3080 careat
1000 3027 1156 3093 vitio,
1210 3042 1310 3082 nec
1357 3028 1427 3082 ob
1460 3037 1781 3085 vetustatem
1826 3028 2146 3097 productio-

574 3129 811 3185 nemque
844 3116 1125 3185 temporis,
1178 3117 1481 3171 naturalem
1529 3118 1897 3172 sinceritatem
1939 3119 2149 3188 purita-

575 3217 797 3274 temquc
841 3206 1125 3274 qualitatis
1172 3222 1288 3261 suae
1334 3207 1609 3277 propriam
1663 3208 1998 3270 immutarit,
2055 3218 2151 3263 aut

2328 2470 2583 2543 Ἀγαθὸν
2606 2471 2795 2540 ὄνομα
2822 2465 2977 2536 ὑπὲρ
3000 2466 3208 2522 ἔλαιον
3235 2466 3512 2536 ἀγαθόν·
3537 2464 3641 2518 καὶ
3670 2463 3837 2534 ἡμέρα

2247 2563 2512 2621 θανάτου
2549 2562 2704 2630 ὑπὲρ
2738 2560 2966 2631 ἡμέραν
3005 2562 3362 2631 γεννήσεως
3397 2556 3626 2611 αὐτοῦ.

2317 2742 2391 2794 Τὸ
2420 2740 2600 2794 ἔλαιον
2633 2736 2907 2811 ἱλαρύνειν
2931 2736 3143 2804 πέφυκε
3171 2735 3267 2789 καὶ
3297 2732 3738 2806 προσημεροῦν,
3754 2730 3833 2785 καὶ

2250 2833 2356 2887 τῶν
2405 2828 2916 2903 παρεμπιπτουσῶν
2949 2826 3262 2897 ἀχθηδόνων
3315 2824 3390 2879 ἔκ
3441 2842 3598 2887 τινος
3627 2825 3829 2892 ἀνωμα-

2247 2923 2371 2986 λίας
2402 2923 2503 2993 τὴν
2547 2919 2711 2990 φύσιν
2741 2918 2850 2972 τῶν
2900 2916 3206 2988 ἀνθρώπων
3256 2914 3639 2986 ἐλευθεροῦν·
3674 2914 3832 2966 ἔλαιον

2250 3014 2451 3084 δηλαδὴ
2480 3013 2542 3067 τὸ
2568 3012 2750 3077 πάσης
2774 3009 3197 3081 ἀπηλλαγμένον
3225 3006 3440 3071 κακίας
3484 3006 3590 3076 τῆς
3613 3004 3826 3072 ἔξωθεν

2250 3108 2344 3162 καὶ
2372 3107 2501 3179 μήθ’
2532 3105 2639 3159 ὑπὸ
2664 3103 3029 3174 παλαιότητος
3055 3102 3149 3154 καὶ
3177 3101 3457 3171 χρονικῆς
3487 3098 3829 3171 παρατάσεως

2251 3197 2642 3270 παρεκτραπὲν
2667 3197 2767 3267 τῆς
2795 3194 2939 3248 κατὰ
2992 3192 3093 3263 τὴν
3128 3192 3265 3244 ἰδίαν
3297 3191 3586 3260 ποιότητα
3616 3185 3830 3255 φυσικῆς

579 3297 763 3365 aliqua
796 3296 1084 3352 deterioris
1127 3298 1485 3367 permistioue
1514 3308 1832 3369 corruptum
1872 3300 2149 3355 vitiatum-

2253 3288 2604 3359 εἰλικρινείας
2635 3288 2729 3341 καὶ
2762 3284 3172 3356 καθαρότητος,
3215 3281 3352 3353 μήθ’
3392 3281 3507 3334 ὑπό
3535 3296 3681 3341 τινος
3723 3280 3829 3330 ἑπι-

579 3404 685 3457 que
718 3388 790 3444 sit
819 3405 835 3454 ;
876 3390 1134 3459 quodque
1161 3399 1215 3444 et
1247 3390 1470 3445 odorem
1512 3402 1692 3447 servet
1725 3408 1908 3455 suum,
1945 3402 1999 3448 et
2027 3410 2154 3463 pro-

582 3482 754 3551 priam
801 3497 1107 3552 puramque
1154 3482 1208 3537 in
1258 3484 1378 3551 ipso
1421 3493 1581 3554 gustu
1636 3486 1955 3540 suavitatem
2001 3486 2156 3541 exhi—

586 3575 731 3630 beat.
780 3572 1073 3630 Enimvero
1123 3575 1437 3646 ltujusmodi
1483 3577 1625 3642 oleo,
1679 3580 1823 3648 quod
1871 3579 1939 3633 ad
1977 3580 2157 3635 exeri-

585 3665 764 3720 leutite
796 3666 1247 3735 signiﬁcationem
1298 3669 1499 3724 bonum
1544 3681 1912 3741 nuncupatur,
1962 3672 2157 3727 melius

584 3758 760 3812 multo
797 3772 963 3829 atque
993 3762 1344 3829 pnestantius
1375 3762 1531 3833 163
1564 3764 1766 3818 bonum
1804 3778 2003 3817 nomen
2052 3774 2155 3827 est,

584 3848 730 3919 quod
769 3865 836 3905 ex
866 3859 1013 3906 recte
1054 3850 1215 3907 factis
1271 3860 1433 3923 atque
1459 3870 1526 3908 ex
1552 3853 1771 3920 virtute,
1802 3862 2061 3925 tanquam
2091 3870 2159 3910 ex

585 3943 743 4008 oleis,
772 3944 1100 4013 exprimitur
1128 3960 1191 4002 ac
1212 3956 1524 4016 generatur.
1548 3945 1682 4002 Nam
1713 3948 1892 4003 oleum
1914 3947 2157 4018 quidem,

588 4049 715 4088 cum
760 4034 962 4089 eduliis
1003 4035 1311 4105 inspersum
1346 4036 1534 4100 fuerit,
1576 4053 1639 4092 ea
1676 4037 1794 4093 esui
1833 4037 2160 4107 iucundiora

2259 3381 2443 3453 μιξίας
2494 3380 2741 3450 χείρονος
2790 3375 3234 3448 προσδιαφθαρὲν
3281 3373 3388 3427 καὶ
3456 3368 3827 3443 παραδλαὸένο

2255 3474 2391 3527 ἀλλὰ
2420 3472 2685 3536 διασῶζον
2721 3470 2784 3523 τὸ
2813 3468 3015 3530 εὑῶδες
3042 3467 3140 3520 καὶ¹
3180 3465 3242 3518 τὺ
3269 3467 3375 3536 ἡδὺ
3412 3466 3517 3535 τῆς
3549 3462 3829 3531 γευπικῆς

2256 3566 2545 3635 ποιότητος
2574 3564 2832 3632 ἄκρατον.
2846 3561 3054 3615 Τούτου
3072 3558 3253 3613 τοίνυν
3274 3559 3376 3611 τοῦ
3407 3557 3537 3611 κατ’
3572 3554 3829 3624 ἐξαίρετον

2256 3656 2466 3727 ἀγαθοῦ
2523 3652 2979 3726 παραληφθέντος
3026 3653 3211 3705 ἐλαίου
3263 3649 3454 3720 πολλῷ
3534 3647 3729 3719 μᾶλλον
3776 3642 3826 3694 τὸ

2257 3750 2465 3821 ἀγαθὸν
2487 3750 2658 3819 ὄνομα
2685 3753 2747 3800 τδ
2766 3749 2832 3801 ὲκ
2861 3746 2970 3801 τῶν
2998 3746 3221 3815 ἀγαθῶν
3243 3742 3431 3814 ἔργων
3457 3742 3558 3796 καὶ
3586 3739 3695 3794 τῶν
3723 3732 3827 3789 κατ’

2259 3846 2464 3917 ἀρετὴν
2493 3845 2690 3899 ἐλαίων
2720 3840 3117 3911 ὲκπιεζόμενον
3149 3842 3244 3894 καὶ
3277 3836 3655 3908 γεννώμενον,
3688 3831 3825 3901 ἄμει-

2260 3942 2352 3995 νόν
2380 3942 2497 3994 ἐστι
2528 3938 2624 3992 καὶ
2654 3938 2924 4007 κρεῖττον.
2944 3934 3017 3987 Τὸ
3050 3932 3152 4005 μὲν
3181 3931 3291 4003 γὰρ
3320 3918 3826 4002 προσεπιδεϐλημέ-

2261 4051 2352 4087 νον
2396 4033 2511 4093 τοῖς
2542 4027 2826 4099 ὲδωδίμοις
2859 4024 3195 4096 ἱλαρωτέραν
3246 4020 3344 4075 καὶ
3379 4012 3823 4091 προσφυεστέραν

588 4125 723 4181 facit
767 4142 833 4181 ac
887 4128 1168 4186 suaviora.
1215 4128 1336 4196 Quo
1400 4130 1533 4185 illud
1599 4106 1845 4185 Davidisr
1881 4130 2151 4200 prephetm

2262 4121 2444 4179 αὐτῶν
2471 4119 2768 4189 καθίστησι
2796 4117 2896 4185 τὴν
2933 4113 3271 4185 μετάληψινο
3304 4113 3449 4182 ὅπερ
3474 4106 3826 4200 αἰνιττόμενος

588 4218 825 4288 pertinet
859 4219 1067 4274 dictum
1105 4238 1121 4275 :
1165 4239 1185 4273 ι
1228 4221 1505 4277 Exhilaret
1538 4221 1736 4277 faciem
1779 4222 1833 4277 in
1876 4221 1997 4275 oleo
2015 4221 2096 4286 '5;
2136 4236 2155 4270 ι

594 4309 927 4384 piuguefacit
956 4327 1152 4382 nempe
1182 4326 1248 4368 ac
1286 4313 1526 4368 laetificat
1560 4312 1969 4382 quodammodo
2000 4319 2162 4365 natu-

589 4419 733 4468 ram,
768 4403 913 4474 quod
962 4405 1212 4460 ciborum
1246 4406 1505 4462 humores
1545 4406 1719 4460 diluat
1766 4421 1833 4460 ac
1876 4414 2160 4479 temperet.

593 4495 807 4552 Bonum
855 4506 1042 4552 autem
1095 4514 1318 4565 nomen,
1351 4500 1496 4568 quod
1547 4499 1714 4553 arbor
1744 4497 1913 4553 veluti
1948 4495 2166 4552 miseri-

592 4586 795 4641 cordiae
832 4595 887 4641 et
930 4590 1299 4657 temperantiae
1341 4597 1392 4643 et
1444 4590 1717 4659 patientiae
1754 4597 1807 4643 et
1845 4597 2165 4643 mansuetu-

591 4679 766 4743 dinis,
815 4686 979 4749 atque
1023 4679 1298 4751 pudicitia:
1338 4682 1503 4736 etiam
1548 4697 1612 4736 ac
1657 4680 1984 4752 virginitatis
2033 4696 2163 4751 pro-

592 4772 794 4826 dueere
840 4772 1018 4836 solet,
1062 4787 1172 4826 non
1221 4788 1346 4827 eum
1392 4773 1591 4835 solum.
1632 4773 1726 4844 qui
1780 4773 2009 4841 adeptus
2057 4780 2159 4837 cst,

595 4862 823 4917 hilarem
879 4860 1042 4917 ellicit
1072 4875 1127 4917 et
1167 4862 1425 4918 omnibus
1473 4864 1633 4934 plane
1682 4864 2010 4929 amabilem;
2071 4863 2163 4917 sed

596 4955 761 5009 etiam
794 4954 861 5009 ad
894 4956 1031 5011 alios
1059 4970 1251 5012 omnes
1290 4956 1447 5012 bona:
1484 4958 1764 5027 qualitatis
1794 4972 1909 5013 suae
1941 4958 2166 5011 odorem

2262 4219 2291 4271 ὀ
2326 4213 2619 4286 προφήτης
2651 4209 2817 4263 Δα6¹ιδ
2843 4209 3051 4279 ἔφησε·
3084 4225 3103 4257 ι
3133 4204 3240 4258 Τοῦ
3275 4202 3533 4275 ἱλαρύναι
3556 4199 3822 4270 πρόσωπον

2266 4311 2321 4363 ὲν
2344 4308 2506 4373 ἐλαίῳ
2525 4322 2540 4334 ⁸
2577 4324 2595 4356 ι
2623 4303 2827 4356 πιαίνει
2857 4301 2952 4354 καὶ
2972 4296 3360 4370 προσιλαρύνει
3391 4311 3513 4358 πως
3544 4293 3642 4363 τὴν
3661 4286 3823 4359 φύσιν,

2265 4404 2359 4457 ἆτε
2388 4400 2452 4468 δὴ
2482 4399 2613 4460 τοὺς
2644 4394 2854 4466 χυμοὺς
2891 4393 2998 4445 τῶν
3036 4388 3346 4461 βρωμάτων
3375 4386 3514 4458 πρὸς
3545 4384 3604 4436 τὸ
3631 4378 3819 4468 βέλτιον

2267 4466 2562 4549 καθιστῶν.
2615 4489 2689 4542 Τὸ
2727 4487 2783 4541 δὲ
2832 4484 3039 4554 ἀγαθὸν
3082 4483 3257 4553 ὄνομα
3282 4521 3297 4542 ,
3331 4480 3361 4533 ὀ
3393 4478 3593 4548 γεννᾷν
3635 4469 3735 4526 οἶδε
3770 4466 3819 4520 τὸ

2267 4587 2480 4657 δένδρον
2526 4585 2627 4654 τῆς
2673 4580 3046 4651 ὲλεημοσύνης
3076 4575 3174 4628 καὶ
3218 4572 3321 4642 τῆς
3355 4566 3713 4658 σωφροσύνης.
3740 4558 3817 4660 καὶ

2267 4683 2365 4751 τῆς
2394 4656 2797 4748 μακροθυμίας
2838 4671 2933 4724 καὶ
2984 4669 3083 4739 τῆς
3130 4666 3459 4735 πραότητος,
3522 4660 3556 4730 ἢ
3606 4656 3819 4759 miihi

2271 4736 2493 4841 ἁγνείας
2525 4736 2619 4821 καὶ
2663 4736 2987 4835 παρθενίας,
3037 4736 3097 4812 οὐ
3137 4759 3231 4811 τὸν
3264 4756 3461 4825 ἔχοντα
3518 4736 3819 4841 μόνον-αὐτό

2271 4826 2546 4915 δείκνυσιν
2596 4854 2778 4927 ἱλαρὸν
2824 4851 2919 4905 καὶ
2966 4851 3131 4902 πᾶσιν
3188 4846 3529 4915 ἐπέραστον·
3581 4834 3711 4891 ἀλλὰ

2268 4953 2405 5024 πρὸς
2456 4950 2650 5012 ἄλλους
2683 4918 2892 5007 πάντας
2920 4942 3118 5012 ἀφίησι
3146 4938 3207 4991 τὸ
3252 4936 3453 4997 εὑῶδες
3507 4925 3701 5024 καὶ-τὸ
3738 4918 3818 4988 ἡδὺ

540 5100 541 5103 η
599 5064 664 5101 ac
699 5048 1023 5103 suavitatem
1057 5046 1330 5116 diﬂundit,
1369 5064 1435 5103 ac
1481 5065 1576 5105 eos
1620 5051 1784 5104 etiam
1816 5058 1871 5103 et
1903 5048 2146 5103 exbilara

2268 5020 2371 5116 τῆς
2398 5042 2609 5112 ἀγαθῆς
2637 5038 2924 5108 ποιότητος
2950 5075 2965 5100 ,
2997 5033 3095 5088 καὶ
3128 5026 3518 5101 προσιλαρύνει
3550 5020 3640 5075 καὶ
3676 5026 3819 5109 προξ-

601 5148 654 5196 et
678 5141 1012 5212 trauquillat,
1044 5143 1299 5212 superbis
1323 5143 1643 5213 acerbisque
1670 5143 1916 5198 moribus
1937 5157 2168 5207 exuens,

602 5244 766 5304 atque
792 5234 1093 5291 immitibus
1119 5246 1173 5289 et
1198 5236 1555 5293 illiberalibus
1576 5237 1743 5291 animi
1766 5234 2192 5299 alfectiouibus,

678 5391 723 5426 “
762 5391 907 5447 l’sal.
940 5408 1048 5455 CIV,
1086 5390 1174 5447 15.

676 5551 791 5622 (60)
830 5550 1051 5622 Nepmc
1084 5549 1315 5622 quidem
1343 5556 1549 5622 poster
1586 5545 1820 5622 discedit
1866 5559 1893 5597 ο
1927 5540 2177 5621 Symma-

603 5615 732 5686 cho,
765 5615 860 5691 qui
896 5620 956 5673 τὸ
982 5619 1186 5687 ἀγαθὸν
1224 5618 1463 5674 reddidit
1492 5616 1521 5668 ὃ
1552 5615 1820 5684 συμφέρει
1841 5630 1854 5643 ·
1897 5624 1974 5666 ait
2004 5615 2172 5690 enim;

606 5694 703 5733 'l‘e'p
732 5692 840 5733 γὰν)
873 5689 1011 5733 οἶδεν
1042 5690 1071 5733 ὃ
1115 5690 1414 5733 συηιεέοεεέ
1467 5686 1599 5733 nuis
1652 5686 1791 5733 enim
1843 5685 2005 5733 novit.
2049 5681 2175 5733 atttd

609 5698 703 5758 Τίς
732 5698 840 5763 γὰρ
872 5698 1011 5761 οἶδεν
1042 5698 1071 5742 ὂ
1115 5698 1415 5759 συμφέρει;
1467 5698 1599 5753 Quis
1652 5702 1791 5737 cnim
1843 5698 2005 5744 noett,
2049 5698 2171 5750 qum

609 5763 895 5833 expediat?
925 5771 978 5814 at
1009 5770 1137 5833 tum
1163 5770 1510 5833 sequuntur;
1551 5754 1617 5809 Et
1643 5756 1763 5822 fecit
1794 5771 1852 5833 eo
1879 5755 1934 5806 in
1967 5753 2171 5833 umbra,

613 5824 945 5903 iu'V’ulgatis
987 5824 1055 5884 ad
1095 5832 1216 5884 vitae
1242 5824 1367 5884 dies
1401 5827 1716 5884 referuntur
1748 5846 1758 5879 .-
1800 5824 2035 5878 Numero
2066 5824 2174 5874 die-

606 5685 840 5763 Τίςγάρ
872 5685 1071 5761 οἶδενό
1115 5690 1415 5759 συμφέρει;
1467 5686 1599 5763 ουρ
1652 5686 1791 5763 cnim
1843 5685 2005 5763 novit,

2269 5114 2474 5206 ημεροῖ
2506 5130 2815 5191 κάκείνους,
2841 5127 2939 5181 καὶ
2964 5123 3073 5177 τῶν
3108 5117 3491 5190 ὑπεροπτικῶν
3518 5114 3609 5167 καὶ
3635 5114 3819 5174 πικρων

2272 5229 2419 5300 ἠθῶν
2454 5228 2551 5281 καὶ
2566 5224 2675 5278 τῶν
2696 5221 3081 5293 ἁνελεημόνων
3109 5218 3203 5271 καὶ
3232 5211 3510 5286 φειδωλῶν
3534 5202 3815 5260 διαθέσεωνι

2286 5553 2403 5590 rum
2453 5534 2909 5607 peregrinationis
2939 5546 3079 5593 sunt,
3135 5538 3183 5582 et
3239 5538 3484 5593 tempore,
3534 5506 3813 5607 ριιοόηξςίξξξ

2287 5584 2400 5590 ⁷““’”
2453 5584 2619 5607 r"'a'
2639 5584 2815 5590 """H'
2863 5584 2881 5613 ,ἡ
3068 5584 3078 5593 ’
3345 5584 3352 5593 ’
3474 5584 3480 5586 “
3535 5584 3554 5601 -'
3725 5584 3731 5589 '
3769 5594 3808 5612 ι,

2286 5608 2473 5661 umle
2507 5608 2762 5677 ρτωτενίιο
2809 5602 3229 5677 bimus}???
3260 5584 3789 5677 ηοδιῐθὶδωηθῖλιὶἷίέῗδ

2787 5656 2898 5725 dies
2930 5672 3154 5723 hominis
3186 5668 3327 5722 Deus
3348 5664 3552 5740 similes
3581 5656 3772 5711 urnbt‘w-

2357 5750 2471 5817 (Si;
2513 5748 2616 5803 Sed
2650 5745 2789 5816 apud
2829 5740 2966 5797 LXX
2999 5743 3343 5797 desideratur
3377 5737 3557 5790 αὑτοῦ.
