4114 6510
326 361 434 426 9θῖ

1392 377 1473 440 ΙΝ
1517 381 2094 451 EUCLESIASTEN.
2126 415 2199 427 -
2228 389 2376 451 LIB.
2409 391 2489 453 VI

3477 395 3592 460 986

328 476 423 530 καὶ
450 475 560 531 τῶν
585 478 763 534 ἄλλων
798 479 1110 552 ἰδιωμάτων
1141 485 1242 558 τῆς
1286 487 1640 564 ἀγριωτέρας
1669 497 1766 550 καὶ⁸
1802 495 1884 568 θη‹

2009 503 2332 572 eat-terisque
2376 502 2506 557 ferae
2538 510 2704 573 atque
2747 503 2982 575 agrestis
3021 503 3146 559 vitte
3188 503 3374 570 vitiis;
3425 506 3591 565 simul

329 570 696 643 ριωδεστέρας
728 573 874 645 ζωῆς
903 576 1282 647 ἀπαλλάττει,
1311 581 1403 637 διὰ
1428 585 1524 654 τῆς
1551 586 1765 658 ἀγαθῆς
1803 590 1911 661 φή-

331 679 440 733 μης
470 663 608 733 πρὸς
645 664 743 736 τήν
781 666 920 721 ίδίαν
954 669 1185 743 ζήτησιν
1232 673 1329 728 καὶ
1362 675 1556 747 κτῆσιν
1600 682 1909 752 προσεφέλ-

328 753 582 824 κὸμενον.

401 847 757 918 Παρεμπεδοί
801 851 859 906 δὲ
899 852 1002 924 τὴν
1047 857 1308 930 τοιαύτην
1346 862 1576 936 ἐκδοχὴν
1629 867 1834 936 μᾶλλον
1875 871 1907 923 ὁ

324 937 622 1032 Σύμμαχος
661 941 860 1012 είπὼν,
909 965 928 998 ι
964 949 1222 1018 Ἀμεινον
1267 953 1442 1026 ὄνομα
1487 958 1696 1026 ἀγαθὸν
1728 962 1904 1032 μύρου

322 1029 577 1096 εὐώδους,
613 1053 632 1084 ι
666 1033 885 1098 δεικνὺς
917 1038 1214 1108 ἐμφανῶς,
1262 1042 1337 1107 ὡς
1379 1045 1444 1098 τὸ
1490 1051 1906 1116 κατασκευαζό-

325 1136 490 1190 μενον
513 1122 707 1214 Πμύρον
757 1127 824 1180 ὲκ
871 1127 1084 1182 πολλῶν
1126 1132 1222 1185 καὶ
1258 1134 1536 1206 διαφόρων
1568 1141 1727 1195 είδῶν
1759 1142 1906 1214 ἀρω-

323 1213 573 1281 ματικῶν
603 1216 666 1269 ού
697 1218 1259 1298 τοὺςθπλησιάζοντας
1289 1227 1452 1297 μόνον
1480 1230 1770 1296 εύωδιάζει
1800 1213 1902 1288 καὶ

319 1305 524 1375 πληροῖ
547 1308 644 1376 τῆς
677 1308 816 1374 ἰδίας
847 1313 1237 1384 τερπνὸτητος,
1284 1317 1422 1373 ἀλλά
1473 1323 1568 1375 καὶ
1599 1325 1738 1394 πρὸς
1773 1327 1902 1392 τοὺς

322 1397 514 1469 πόρρω
564 1401 930 1474 παραπέμπει
980 1407 1077 1476 τῆς
1135 1409 1367 1474 εὐωδίας
1412 1413 1512 1484 τὴν
1558 1416 1895 1489 ὀσφρασίανο

317 1490 464 1544 οὔτω
507 1495 606 1550 καὶ
649 1497 1038 1568 συντιθέμενον
1071 1501 1137 1555 ἐκ
1167 1503 1280 1557 τῶν
1308 1507 1429 1559 κατ’
1454 1508 1659 1580 ἀρετὴν
1703 1511 1900 1585 ίδιοτήο

319 1598 428 1674 των
456 1581 630 1654 ὄνομα
670 1585 900 1655 ἀγαθὸν,
929 1587 1041 1644 οἷον
1083 1593 1323 1665 ὀχήματι
1350 1613 1462 1651 τινι
1491 1597 1570 1669 τῷ
1601 1599 1726 1671 ἀέρι
1756 1581 1899 1674 χρη-

320 1673 588 1742 σέιμενον,
639 1675 728 1730 διά
775 1678 874 1749 τῆς
925 1681 1140 1754 ἀγαθῆς
1195 1685 1388 1758 φήμης
1434 1689 1530 1742 καὶ
1580 1691 1719 1762 πρὸς
1767 1673 1896 1758 τούς

321 1765 653 1836 πορρωτέρω
700 1769 1067 1842 παραπέμπει
1095 1774 1196 1845 τήν
1241 1777 1504 1832 εὐωδίανο
1536 1781 1721 1847 καθώς
1758 1801 1892 1856 φησι

316 1856 414 1908 καὶ
448 1857 660 1922 Παῦλος
699 1861 727 1913 ὁ
771 1862 947 1931 μέγας
978 1865 1312 1932 ἀπόστολος’
1358 1889 1377 1921 ι
1408 1873 1649 1942 Χριστοῦ
1695 1877 1892 1932 εὐωδία

314 1946 482 2016 ἐσμὲν
531 1950 589 2001 ἐν
617 1949 696 2020 τῷ
735 1951 854 2021 Θεῷ
905 1954 964 2006 ἒν
993 1957 1108 2020 τοῖς
1151 1957 1484 2028 σωζομένοις
1529 1963 1626 2017 καὶ
1675 1965 1734 2018 ὲν
1777 1971 1893 2032 τοῖς

311 2035 709 2110 ἀπολλυμένοις
734 2084 749 2105 .
780 2038 862 2108 οἷς
893 2043 992 2116 μὲν
1023 2048 1168 2120 ὀσμὴ
1197 2048 1348 2122 ζωῆς
1386 2054 1466 2117 εἰς
1515 2053 1684 2128 ζωὴν,
1718 2053 1800 2122 οἷς
1833 2059 1892 2114 δὲ

309 2129 458 2200 ὀσμὴ
490 2132 724 2187 θανάτου
756 2139 836 2200 είς
869 2136 1122 2193 θάνατον.
1163 2159 1182 2192 ι

383 2220 517 2279 Εἶτά
562 2243 730 2295 φησι·
787 2249 806 2280 ι
835 2229 946 2283 Καὶ
984 2231 1170 2302 ἡμέρα
1217 2233 1452 2290 θανάτου
1489 2237 1632 2311 ὑπὲρ
1676 2241 1890 2313 ἡμέραν

309 2317 623 2386 γεννήσεως
671 2319 864 2376 αὑτοῦ.
896 2339 914 2372 ι
951 2321 1144 2390 Τίνος;
1193 2325 1406 2398 Δηλαδὴ
1453 2326 1549 2381 τοῦ
1600 2331 1889 2385 σπουδαίου

312 2405 410 2459 καὶ
452 2409 572 2460 κατ’
603 2409 806 2482 ἀρετήν
853 2411 1146 2478 διαζῶντος
1171 2453 1187 2480 ,
1219 2416 1317 2469 καὶ
1361 2418 1422 2472 τὸ
1467 2418 1673 2488 ἀγαθὸν
1717 2422 1890 2492 δνομα

313 2499 832 2566 κατασκευάσαντος
871 2504 1049 2576 ἑαυτῷ
1079 2507 1178 2561 καὶ
1207 2508 1493 2575 συνθέντος
1526 2513 1592 2566 ἐκ
1621 2514 1730 2568 τῶν
1769 2533 1888 2570 ποι-

313 2587 482 2643 κίλων
522 2591 616 2644 καὶ
641 2593 1006 2650 παντοδαπῶν
1058 2597 1238 2670 ἔργων
1265 2601 1363 2673 τῆς
1391 2603 1758 2676 εὐαγγελικῆς
1792 2608 1886 2662 καὶ

311 2683 692 2753 πνευματικῆς
737 2684 1016 2751 πολιτείας
1059 2691 1157 2742 καὶ
1195 2694 1610 2758 καταστάσεως.
1671 2697 1727 2750 '0
1776 2698 1884 2770 γὰρ

291 2767 544 2836 -θάνατος
569 2771 666 2825 τοῦ
700 2775 947 2830 τοιούτου
980 2777 1088 2831 τῶν
1127 2779 1266 2852 ὑπὲρ
1294 2782 1500 2854 ἀρετῆς
1533 2785 1758 2855 ἀγώνων
1789 2767 1884 2842 καὶ

308 2860 487 2915 πόνων
516 2863 690 2934 πέρας
723 2867 869 2933 ἐστὶ,
901 2870 995 2923 καὶ
1016 2870 1106 2924 διὰ
1136 2871 1298 2926 τοῦτο
1331 2876 1426 2927 καὶ
1456 2877 1588 2946 πρὸς
1615 2877 1675 2931 τδ
1703 2879 1883 2948 μακά-

307 2967 426 3022 ριον
448 2951 600 3018 τέλος
622 2956 788 3010 αὑτὸν
815 2959 1212 3030 παραπέμπον,
1231 2965 1568 3036 τιμιωτέραν
1592 2966 1687 3019 καὶ
1709 2983 1883 3038 προσ-

305 3041 632 3114 φιλεστέραν
663 3045 906 3101 δείκνυσι
938 3050 1040 3120 τῆς
1079 3050 1334 3123 τελευτῆς
1368 3052 1468 3125 τὴν
1499 3055 1745 3126 ἡμέραν,
1781 3057 1883 3128 τῆς

303 3135 445 3191 κατά
485 3139 586 3208 τὴν
631 3138 890 3211 γέννησιν
935 3138 1032 3196 καὶ
1078 3143 1180 3214 τὴν
1227 3147 1309 3208 είς
1344 3146 1438 3198 τὸν
1483 3147 1596 3217 βίον
1647 3149 1881 3221 πάροδον

302 3224 757 3300 παραληφθείσης
802 3229 1036 3302 ἡμέρας.
1097 3231 1312 3304 Ἐκείνη
1358 3235 1457 3306 μὲν
1506 3237 1614 3309 γὰρ
1667 3239 1879 3295 πολλῶν

303 3319 679 3392 πειρατηρίων
723 3323 817 3375 καὶ
855 3323 1045 3379 δεινῶν
1091 3329 1183 3379 καὶ
1214 3326 1451 3398 θλίψεων
1484 3332 1578 3384 καὶ
1610 3335 1879 3406 περιστά-

303 3423 444 3461 σεων
486 3408 802 3480 εὑρίσκεται
848 3413 1143 3483 πρόξενος·
1176 3417 1239 3471 οὐ
1285 3418 1446 3488 μόνον
1487 3421 1596 3477 τῶν
1625 3424 1734 3476 ἀπὸ
1769 3425 1878 3479 τῶν

302 3497 503 3563 ἔξωθεν
573 3507 1126 3578 παρεισκεκριμένων
1185 3513 1486 3582 συμφορῶν
1557 3515 1874 3587 ἀδοκήτων,

297 3592 435 3646 ἀλλὰ
462 3593 558 3647 καὶ
585 3595 766 3668 πολλῷ
795 3599 987 3672 πρώην
1014 3603 1078 3655 ὲκ
1106 3601 1214 3657 τῶν
1255 3604 1399 3659 κατά
1423 3607 1524 3676 τὴν
1558 3607 1722 3678 φύσιν
1751 3611 1878 3665 εἰω-

299 3681 470 3738 θότων
504 3685 753 3754 γίνεσθαι
784 3693 1230 3763 συμπτωμάτων.
1265 3696 1432 3751 Νόσοι
1467 3698 1576 3770 γὰρ
1609 3700 1875 3757 ἀλλεπάλ-

298 3775 452 3845 ληλοι
479 3777 575 3831 καὶ
599 3779 873 3850 διαφόρων
913 3783 1009 3837 καὶ
1039 3786 1300 3840 ποικίλων
1344 3788 1533 3844 παθῶν
1563 3793 1875 3849 ἐπαναστά-

302 3884 420 3931 σεις
451 3871 895 3940 περιποιχοῦσαι
924 3873 1025 3946 τῆν
1073 3876 1422 3950 ἀνθρωπίνην
1451 3880 1619 3954 ζωὴν,
1647 3885 1741 3938 καὶ
1776 3886 1872 3940 τοῦ

301 3957 535 4012 θανάτου
583 3962 952 4035 φευκτοτέραν
995 3965 1260 4032 πολλάκις
1312 3968 1605 4037 ἀπέδειξαν
1629 4014 1644 4037 ,
1690 3973 1874 4040 καθὼς

300 4050 596 4107 αίνίττεται
644 4055 740 4108 καὶ
787 4055 849 4109 τὸ
888 4055 1068 4126 λόγιον
1108 4061 1209 4130 τῆς
1255 4063 1476 4132 γραφῆς
1520 4063 1615 4117 τοῦ
1657 4063 1781 4118 ’1ὼὸ
1810 4067 1873 4122 τὸ

299 4141 544 4209 φάσκονο
589 4161 610 4195 ι
638 4144 760 4197 Ἵνα
783 4145 835 4198 τί
859 4147 969 4217 γὰρ
1001 4148 1212 4203 δέδοται
1248 4153 1362 4214 τοῖς
1389 4153 1447 4204 ἐν
1484 4154 1686 4228 πικρίᾳ
1726 4157 1864 4226 φῶς,

2010 599 2084 655 et,
2121 591 2263 646 bona
2294 592 2438 647 fama
2472 595 2772 664 proposita,
2823 595 2891 649 ad
2923 595 3009 650 sui
3043 595 3220 666 ipsius
3255 597 3591 668 pervestiga-

2011 683 2216 738 tionem
2242 693 2410 754 atque
2432 685 2777 755 adeptionem
2809 686 3079 756 perducit.

2079 862 2252 917 Porro
2299 862 2801 933 interpretationem
2858 865 3174 933 hujusmodi
3225 865 3588 938 Symmachus

2005 954 2352 1023 potissimum
2404 956 2714 1023 confirmat,
2767 959 2859 1027 qui
2911 959 2989 1011 ait
3029 975 3044 1011 :
3084 976 3103 1009 ι
3139 958 3331 1014 Melius
3383 977 3586 1017 nomen

2004 1046 2209 1100 bonum
2236 1058 2514 1114 unguento
2557 1046 2835 1117 fragrante
2865 1049 3003 1118 (52),
3044 1069 3063 1101 ι
3093 1065 3198 1104 non
3223 1051 3456 1106 obscure
3489 1053 3585 1107 de—

2004 1139 2244 1203 claraus,
2281 1140 2742 1207 quemadmodum
2778 1150 3142 1211 unguentum,
3172 1144 3317 1212 quod
3338 1158 3369 1199 e
3395 1145 3583 1201 multis

2004 1229 2282 1297 variisque
2307 1229 2568 1284 aromatis
2591 1229 2959 1299 componitur,
2993 1248 3102 1287 non
3133 1233 3344 1289 vicinos
3369 1243 3580 1289 tantum

2003 1319 2172 1374 odore
2218 1321 2495 1390 perfundit
2528 1336 2593 1376 ac
2621 1322 2888 1377 suavitate
2930 1323 3168 1393 complet
3212 1340 3336 1389 sua,
3387 1341 3576 1380 verum

1999 1411 2163 1464 etiam
2195 1413 2263 1466 ad
2300 1412 2626 1483 longinquos
2674 1427 2781 1467 non
2832 1413 3016 1468 minus
3068 1424 3278 1485 gratam
3327 1414 3580 1487 fragran-

1999 1501 2131 1556 tiam
2175 1505 2529 1570 transmittit;
2568 1506 2648 1560 sic
2682 1519 2877 1558 nomen
2913 1504 3140 1568 bonum,
3190 1506 3336 1576 quod
3369 1523 3436 1562 ex
3466 1509 3578 1562 vir-

2001 1590 2133 1646 tutis
2162 1592 2590 1661 proprietatibus
2625 1601 2866 1655 constat,
2904 1604 3162 1664 tanquam
3195 1599 3338 1651 aeris
3371 1612 3473 1667 ope
3504 1597 3575 1653 ad

1998 1683 2306 1739 vehendum
2340 1693 2526 1739 utatur
2567 1685 2709 1739 bona
2748 1687 2936 1756 utique
2973 1685 3113 1742 fama
3147 1690 3212 1743 ad
3246 1689 3572 1746 retnotiores

1971 1756 2161 1828 'etiam
2207 1772 2513 1828 diffundere
2558 1773 2781 1828 odorem
2815 1789 3000 1829 suum.
3039 1777 3220 1841 Quare
3265 1783 3320 1830 et
3366 1774 3573 1837 Paulus

1995 1879 2229 1937 magnus
2268 1864 2562 1935 Apostolus
2595 1882 2610 1931 ;
2652 1885 2670 1917 ‹
2712 1865 2939 1930 Christi,
2977 1866 3177 1936 inquit,
3217 1867 3394 1922 bonus
3430 1868 3570 1922 odor

1995 1973 2188 2013 sumus
2236 1957 2293 2012 in
2350 1955 2463 2012 Deo
2497 1956 2553 2010 in
2595 1957 2703 2021 iis,
2745 1957 2838 2027 qui
2878 1957 3013 2012 salvi
3067 1958 3237 2024 fiunt,
3279 1967 3334 2014 et
3365 1959 3418 2012 in
3465 1960 3567 2025 iis.

1993 2050 2086 2120 qui
2117 2058 2365 2120 pereunt,
2399 2049 2524 2105 aliis
2553 2049 2773 2119 quidem
2823 2050 2960 2105 odor
2993 2051 3119 2106 vitae
3153 2052 3207 2105 in
3231 2039 3420 2119 vitam,
3445 2051 3567 2107 aliis

1991 2147 2176 2194 autem
2212 2139 2346 2194 odor
2376 2139 2571 2194 mortis
2605 2139 2657 2192 iu
2691 2149 2923 2194 mortem
2958 2141 3092 2212 (55).

2060 2230 2152 2284 Ait
2193 2229 2389 2285 deinde
2421 2229 2820 2288 Ecclesiastes:
2863 2250 2882 2283 ι
2923 2232 2986 2288 Ει
3018 2235 3134 2288 dies
3169 2235 3361 2289 mortis
3403 2250 3568 2304 super

1990 2320 2132 2376 diem
2175 2321 2478 2379 nativitatis
2519 2323 2660 2393 ejus.
2703 2342 2720 2374 ι
2757 2322 3105 2394 Cujusnam?
3140 2323 3304 2379 Probi
3339 2327 3566 2382 omnino

1988 2423 2043 2471 et
2096 2415 2164 2470 ad
2211 2415 2430 2471 virtutis
2478 2431 2727 2472 normam
2784 2419 3037 2485 viventis,
3093 2419 3408 2490 bonumque
3457 2419 3564 2476 sibi

1989 2522 2185 2562 nomen
2228 2508 2433 2577 adepti,
2474 2525 2539 2565 ac
2582 2510 2767 2566 multis
2809 2507 2969 2583 164
3010 2511 3286 2582 variisque
3331 2527 3565 2584 evange-

1987 2600 2106 2656 lica:
2142 2610 2196 2656 et
2229 2601 2532 2670 spiritualis
2558 2603 2925 2658 institutionis
2955 2603 3216 2674 operibus
3252 2604 3559 2674 promeriti.

1986 2693 2163 2763 Hujus
2208 2695 2355 2749 enim
2399 2711 2549 2750 mors
2597 2705 2978 2767 susceptorum
3025 2712 3125 2766 pro
3157 2697 3355 2752 virtute
3387 2706 3562 2752 certa-

1986 2785 2196 2840 minum
2234 2785 2596 2858 laborumque
2633 2789 2901 2844 terminus
2933 2797 3033 2850 est,
3065 2789 3305 2859 quicum
3336 2805 3458 2844 eum
3491 2789 3560 2844 ad

1984 2875 2204 2932 beatum
2273 2878 2568 2934 transferat
2643 2881 2846 2945 finem,
2916 2881 3094 2951 pretio
3150 2891 3313 2952 atque
3371 2897 3562 2940 amore

1986 2965 2213 3037 dignum
2258 2970 2430 3040 magis
2456 2971 2696 3026 ostendit
2738 2972 2934 3027 mortis
2980 2971 3144 3038 diem,
3197 2989 3361 3042 quam
3407 2989 3558 3044 eum,

1983 3061 2077 3129 qui
2123 3062 2323 3131 genitis
2375 3063 2584 3117 aditum
2631 3064 2687 3118 in
2739 3064 2881 3120 hanc
2921 3063 3090 3119 vitam
3138 3065 3393 3134 patefecit
3421 3065 3556 3138 (54).

1981 3149 2116 3205 Nam
2149 3152 2239 3208 ille
2283 3153 2504 3222 quidem
2543 3155 2914 3224 periculorum
2951 3157 3244 3210 multorum
3276 3167 3330 3212 et
3358 3174 3558 3213 aerum-

1981 3257 2176 3297 narum
2244 3253 2297 3298 et
2348 3243 2602 3299 dolorum
2671 3255 2727 3301 et
2791 3247 3179 3302 necessitatqu
3231 3249 3558 3310 vim_nohis

1979 3334 2252 3406 ingentem
2287 3336 2502 3402 attulit;
2539 3351 2639 3392 nec
2671 3336 2853 3392 solum
2895 3339 3301 3394 calamitatibus
3333 3339 3556 3410 objeeit.

1978 3441 2098 3495 quae
2131 3433 2329 3496 praeter
2372 3428 2687 3497 Opinionem
2723 3429 2995 3499 adrepunt
3043 3430 3410 3496 extrinsecus,
3457 3432 3554 3488 sed

1977 3519 2140 3575 etiam
2168 3519 2392 3574 casibus
2425 3520 2512 3586 iis,
2546 3521 2640 3591 qui
2673 3521 2883 3592 jamdiu
2917 3533 3113 3579 natura
3148 3524 3389 3580 incidere
3418 3539 3553 3580 eon-

1977 3621 2290 3666 sueverunt.
2330 3610 2501 3666 Morbi
2546 3613 2694 3668 enim
2738 3613 2811 3668 ita
2845 3615 3138 3678 alternaut,
3183 3629 3237 3670 et
3267 3625 3347 3670 tot
3381 3617 3553 3672 animi

1976 3702 2294 3758 all‘ectiones
2325 3718 2388 3757 ac
2422 3710 2605 3759 motus
2643 3704 2940 3760 humanam
2977 3706 3229 3762 obsident
3267 3709 3454 3772 vitam,
3492 3717 3554 3763 ut

1975 3809 2118 3863 smpe
2155 3806 2333 3849 morte
2368 3794 2669 3851 tristiorem
2712 3797 3007 3852 ostendant
3044 3815 3059 3852 :
3101 3799 3243 3868 quod
3276 3808 3332 3854 et
3359 3799 3548 3855 divino

1973 3883 2091 3939 Jobi
2123 3885 2347 3940 oraculo
2392 3885 2736 3956 designatur,
2782 3887 2873 3942 ubi
2919 3889 3040 3943 ait:
3084 3909 3102 3941 ‹
3135 3891 3315 3955 Quare
3345 3891 3549 3944 misero

1973 3975 2098 4031 data
2134 3985 2218 4032 est
2246 3977 2363 4042 lux,
2393 3987 2446 4032 et
2475 3978 2582 4031 vita
2616 3979 2718 4044 his,
2755 3979 2850 4048 qui
2885 3981 2938 4033 in
2967 3980 3330 4035 amaritudine
3353 3983 3550 4036 anima:

1975 4069 2148 4122 sunt?
2197 4068 2291 4136 qui
2329 4076 2649 4138 exspectant
2693 4079 2946 4133 mortem,
2987 4079 3040 4125 et
3087 4087 3196 4124 non
3235 4069 3489 4124 venit"?
3525 4090 3544 4121 ι

1973 4159 2097 4214 Dies
2131 4170 2314 4213 autem
2355 4160 2549 4215 mortis
2583 4159 2728 4231 ejus,
2772 4162 2866 4232 qui
2907 4162 3073 4231 probe
3099 4162 3235 4216 vixit
3267 4171 3320 4216 et
3350 4162 3550 4218 virtute

294 4231 409 4304 ζωὴ
435 4233 493 4287 δὲ
533 4239 654 4300 τατς
695 4238 754 4292 ὲν
783 4237 1000 4304 ὀδύναις
1059 4239 1297 4313 ψυχαϊςς
1337 4244 1401 4297 Οἳ
1435 4245 1736 4316 ίμείρονται
1773 4251 1868 4304 τοῦ

294 4322 561 4393 θανάτου,
589 4329 684 4382 καὶ
717 4329 776 4382 οὐ
805 4331 1189 4401 τυγχάνουσιν.
1223 4353 1244 4385 ι
1290 4333 1354 4388 Ἢ
1393 4335 1450 4388 δὲ
1475 4337 1578 4406 τῆς
1609 4339 1870 4415 τελευτῆς

1969 4253 2187 4317 enituit,
2223 4255 2333 4310 illis
2362 4256 2581 4327 quidem
2617 4257 2877 4311 omnibus
2909 4256 3121 4320 liberat,
3171 4273 3296 4312 cum
3333 4259 3549 4328 pericu-

1969 4345 2147 4400 lorum
2178 4347 2304 4402 vitm
2338 4348 2500 4403 finem
2543 4348 2752 4413 afferat,
2794 4357 2849 4403 et
2890 4348 2960 4412 ei,
3001 4349 3092 4418 qui
3124 4349 3326 4405 bonum
3369 4361 3548 4407 certa—

293 4416 478 4489 ἡμέρα
508 4418 600 4473 τοῦ
633 4421 926 4475 σπουδαίου
951 4424 1047 4477 καὶ
1077 4425 1200 4479 κατ’
1221 4427 1425 4498 ἀρετὴν
1460 4428 1867 4502 διαλάμψαντος

1985 4455 2093 4496 nen
2125 4440 2377 4504 certavit,
2407 4449 2461 4496 et
2487 4456 2609 4495 cum
2638 4439 2839 4494 virtute
2867 4455 3090 4495 cursum
3117 4446 3543 4510 consummavit,

291 4507 692 4580 ἀπολυτροῦται
739 4513 838 4584 μὲν
871 4515 1142 4569 κάκείνων
1178 4516 1466 4585 ἀπάντων,
1520 4522 1614 4576 ἀτε
1657 4523 1722 4595 δὴ
1757 4527 1866 4580 τῶν

1985 4533 2242 4603 idemque
2287 4533 2560 4597 servavit,
2623 4533 2910 4588 exordium
2959 4535 3194 4591 adducat
3257 4538 3544 4593 beatorum

293 4601 566 4671 βιωτικῶν
631 4609 1008 4681 πειρατηρίων
1051 4611 1423 4685 ἐπιφερομένη
1473 4615 1573 4688 τήν
1618 4619 1866 4676 παῦλαν

1985 4601 2346 4696 ριέπιίοιυῐη,
2378 4633 2432 4678 et
2455 4623 2682 4694 justitiac
2713 4640 2972 4680 coronam
3005 4626 3332 4696 imponat”.

287 4699 464 4774 ἀρχὴν
505 4704 562 4758 δὲ
611 4705 794 4761 δίδωσι
840 4709 918 4778 τῷ
961 4710 1141 4776 καλῶς
1173 4713 1596 4788 ἀγωνισαμένῳ,
1646 4722 1742 4774 καὶ
1778 4722 1869 4776 τὸν
1907 4727 2028 4779 κατ’
2089 4725 2293 4798 ἀρετὴν
2359 4725 2712 4780 τελειώσαντι
2741 4725 2959 4796 δρόμον,
2993 4724 3086 4778 καὶ
3111 4722 3207 4796 τὴν
3247 4723 3429 4776 πίστιν
3449 4739 3546 4794 τη-

295 4793 516 4862 ρήσαντι
543 4838 558 4860 ,
604 4795 714 4850 τῶν
747 4800 1037 4871 μακαρίων
1071 4802 1327 4858 ἐπάθλων
1373 4807 1468 4860 καὶ
1497 4810 1606 4863 τῶν
1651 4814 1749 4885 τῆς
1784 4793 2140 4890 δικαιοσύνης
2164 4793 2466 4890 στεφάνων.

363 4907 404 4938 ³⁷
441 4907 545 4964 Job
579 4927 664 4978 ιιι,
704 4913 797 4969 20.
873 4914 918 4946 ³⁸
957 4913 1002 4969 ΙΙ
1034 4914 1179 4971 Tim.
1213 4933 1288 4986 tv,
1330 4917 1383 4973 7.

245 5125 252 5138 .
307 5159 319 5178 .
363 5088 576 5178 ’ld
605 5092 876 5178 ipsumne}
905 5093 1235 5178 Symmacho
1259 5101 1559 5178 prot_ulerat
1579 5100 1863 5178 Olympio-
1975 5175 1986 5178 _
2049 5102 2163 5178 (55)
2198 5102 2242 5178 l_l
2273 5103 2517 5178 ad_Cor.
2569 5123 2660 5178 ll,_
2693 5107 2780 5178 15.
2824 5108 2882 5162 ln
2917 5108 3161 5178 Vulgatis
3213 5107 3538 5177 legunus....

287 5159 512 5252 dirus!
537 5177 590 5229 p.
626 5161 911 5252 Glliljl-in
933 5159 1090 5222 Auct.
1134 5159 1322 5252 Πυθίη).
1360 5170 1625 5252 Caeterum
1648 5159 1712 5227 ὀι
1743 5159 1862 5243 ipsa

1985 5159 3539 5252 ξσιλέν·εῷρςῷ.ιέ..;ριςοῖςμὲιξδιμῑδπσῑιᾱέοᾱῖξξδάιε

293 5231 624 5320 tvoit‘qleum
691 5248 832 5320 sa’rple
891 5251 988 5304 pro
1043 5231 1324 5320 unguento
1377 5251 1676 5320 usurpatur
1730 5231 1863 5298 εἰη

1985 5231 2103 5320 ιον-ς
2134 5231 2291 5320 οἷς-δὲ
2321 5231 2462 5320 ὀσμὴ
2495 5231 2639 5315 ζωῆς
2664 5231 2953 5320 ἐἶς-ζωήν.

288 5300 668 5385 ομιιμωιιυριιιη
692 5341 708 5365 ,
746 5300 1054 5385 ῼίεοὶιιριιι
1085 5300 1393 5385 utcunque):
1428 5300 1727 5385 uniistifc.
1763 5329 1859 5376 vn,
2042 5315 2154 5385 (54)
2196 5300 2352 5368 llunc
2384 5300 2952 5373 Ee'clesia‘stae'locum
2990 5318 3288 5375 Christiani
3327 5330 3538 5374 veteres

289 5387 342 5456 γι
385 5371 1381 5456 4G).‘Atque.id‘Latinisfamiliare
1423 5381 1531 5456 [uit
1566 5371 1860 5456 εῃΝιιυιοηἱ
1969 5371 2060 5440 oh‘
2087 5371 2279 5440 oculos
2336 5371 2592 5456 habuisse
2641 5371 2922 5442 videntur
2952 5371 3287 5451 ιιῇὶὸῐιίίο,
3314 5371 3536 5456 quando

287 5438 464 5494 oleum
489 5438 846 5509 feret—ocius?
886 5447 1024 5500 dixit
1059 5448 1315 5504 Horatius
1360 5451 1383 5574 ς
1414 5452 1532 5506 Sat.
1568 5451 1682 5518 VII,
1723 5456 1758 5507 Ι.
1797 5471 1858 5518 n,
1970 5438 2463 5509 trattsitum’exhae
2481 5438 2586 5510 vita
2608 5438 3534 5513 vo'c'a'r’uiii'zva’eiie'ﬂiuiratem

287 5526 340 5564 ν.
377 5512 489 5574 34),
528 5513 595 5567 de
625 5513 745 5568 oleo
776 5516 840 5568 ad
869 5518 1180 5571 unctionem
1217 5519 1269 5572 in
1296 5520 1365 5574 ba
1391 5523 1548 5574 neis:
1597 5531 1651 5574 et
1687 5525 1857 5574 oleum
1955 5542 2052 5574 seu
2087 5525 2309 5574 Γενέσια
2369 5525 2536 5574 (Snio.
2575 5526 2712 5574 Bibl-
2748 5539 2784 5574 ι-
2818 5530 2881 5574 tl-
2916 5545 2949 5574 η
3009 5530 3159 5574 991.3-
3195 5528 3353 5574 Velm
3407 5546 3531 5574 ριιιη

287 5526 340 5564 v.
377 5512 489 5600 δέ),
528 5513 595 5567 de
620 5513 745 5600 .oleq
776 5516 840 5568 ad
869 5518 1180 5600 unctionem
1217 5519 1269 5572 in
1296 5512 1508 5600 balneis
1536 5539 1548 5575 :
1597 5512 1857 5600 cbo/enni

1987 5542 2052 5600 eu
2078 5525 2309 5600 ΔΓενέσιρι
2369 5525 2536 5593 (Spic.
2562 5526 2712 5600 Bibl.
2748 5530 2882 5600 I_._!l,
2916 5512 2974 5598 p7
3009 5512 3160 5600 224).
3195 5528 3353 5584 Velut
3407 5512 3531 5585 eum

1955 5595 2032 5648 ait
2061 5595 2402 5667 Augustinus
2433 5612 2445 5647 :
2493 5615 2511 5645 ι
2553 5597 2717 5667 Digne
2746 5595 2997 5653 Natalem
3031 5595 3255 5656 istorum
3288 5600 3508 5654 colimus

1957 5665 2352 5741 quos_beatius
2403 5665 2633 5722 αιιεηιιιτ⁷
2663 5669 2783 5724 vita:
2836 5673 3060 5724 mundus
3110 5672 3312 5733 edidit,
3371 5687 3530 5741 quam

2991 5752 3175 5812 partus
3245 5742 3456 5813 eitum.
3477 5799 3481 5803 ,
3506 5763 3526 5796 ι

287 5584 584 5658 gratuitum
619 5583 670 5636 in
708 5584 938 5640 thermis
970 5587 1157 5641 datum
1191 5605 1333 5658 swpe
1364 5593 1622 5648 exhibent
1663 5595 1858 5649 inscri-

285 5654 501 5730 ptiones
560 5665 832 5730 antiquae,
869 5664 955 5730 ut
1013 5658 1148 5730 alias
1197 5654 1580 5718 adnotavimus
1619 5663 1733 5730 (De
1781 5683 1854 5721 ss.

281 5725 535 5853 ίηῖῗνηρ.
572 5725 686 5797 9|),
733 5728 879 5800 quod
914 5727 1177 5795 Apuleius
1217 5731 1387 5784 oleum
1433 5725 1726 5792 balsamum
1760 5753 1858 5808 ap-

286 5810 349 5853 ;ve
394 5809 475 5848 art
509 5834 521 5849 .

286 5811 521 5862 penam.

1961 5736 2154 5789 mundo
2229 5747 2586 5790 maternorum
2661 5741 2916 5795 viscerum

1959 5807 2174 5873 (Serm.
2215 5807 2280 5863 10
2317 5807 2389 5862 De
2418 5805 2646 5864 Sanctia.
2677 5809 2694 5869 δ
