  <div class='ocr_page' id='page_1' title='image "/cluster/home/n/w/nwhite01/storage/ocr_20150623/98/hvd.32044015586951/506.png"; bbox 0 0 3846 6496; ppageno 0'>
   <div class='ocr_carea' id='block_1_1' title="bbox 100 391 2189 462">
    <p class='ocr_par' dir='ltr' id='par_1_1' title="bbox 100 391 2189 462">
     <span class='ocr_line' id='line_1_1' title="bbox 100 391 2189 462; baseline 0.011 -24"><span class='ocrx_word' id='word_1_1' title='bbox 100 394 175 455; x_wconf 65' lang='lat'><strong>939</strong></span> <span class='ocrx_word' id='word_1_2' title='bbox 1088 391 1169 451; x_wconf 81' lang='lat' dir='ltr'><strong>IN</strong></span> <span class='ocrx_word' id='word_1_3' title='bbox 1198 392 1785 458; x_wconf 82' lang='lat' dir='ltr'><strong>ECCLESIASTEN.</strong></span> <span class='ocrx_word' id='word_1_4' title='bbox 1816 424 1885 433; x_wconf 92' lang='lat'><strong><em>—</em></strong></span> <span class='ocrx_word' id='word_1_5' title='bbox 1905 400 2055 461; x_wconf 88' lang='lat' dir='ltr'><strong>LlB.</strong></span> <span class='ocrx_word' id='word_1_6' title='bbox 2089 401 2189 462; x_wconf 86' lang='lat' dir='ltr'><strong>VI.</strong></span> 
     </span>
    </p>
   </div>
   <div class='ocr_carea' id='block_1_2' title="bbox 3183 408 3289 472">
    <p class='ocr_par' dir='ltr' id='par_1_2' title="bbox 3183 408 3289 472">
     <span class='ocr_line' id='line_1_2' title="bbox 3183 408 3289 472; baseline 0 -1"><span class='ocrx_word' id='word_1_7' title='bbox 3183 408 3289 472; x_wconf 69' lang='lat'><strong>93‘)</strong></span> 
     </span>
    </p>
   </div>
   <div class='ocr_carea' id='block_1_3' title="bbox 98 502 1600 596">
    <p class='ocr_par' dir='ltr' id='par_1_3' title="bbox 98 502 1599 582">
     <span class='ocr_line' id='line_1_3' title="bbox 98 502 1599 582; baseline 0.004 -20"><span class='ocrx_word' id='word_1_8' title='bbox 98 507 319 574; x_wconf 75' lang='grc' dir='ltr'>κατάγαγε</span> <span class='ocrx_word' id='word_1_9' title='bbox 344 502 573 573; x_wconf 80' lang='grc' dir='ltr'>δάκρυα,</span> <span class='ocrx_word' id='word_1_10' title='bbox 611 520 627 551; x_wconf 77' lang='grc' dir='ltr'><strong>ι</strong></span> <span class='ocrx_word' id='word_1_11' title='bbox 664 502 801 571; x_wconf 78' lang='grc' dir='ltr'>φησί</span> <span class='ocrx_word' id='word_1_12' title='bbox 849 518 951 557; x_wconf 87' lang='grc' dir='ltr'><strong>που</strong></span> <span class='ocrx_word' id='word_1_13' title='bbox 989 506 1051 559; x_wconf 75' lang='grc' dir='ltr'>τὸ</span> <span class='ocrx_word' id='word_1_14' title='bbox 1081 507 1268 577; x_wconf 87' lang='grc' dir='ltr'>λόγιον</span> <span class='ocrx_word' id='word_1_15' title='bbox 1297 512 1401 582; x_wconf 79' lang='grc' dir='ltr'>τῆς</span> <span class='ocrx_word' id='word_1_16' title='bbox 1446 512 1599 576; x_wconf 77' lang='grc' dir='ltr'>θείας</span> 
     </span>
    </p>
   </div>
   <div class='ocr_carea' id='block_1_4' title="bbox 1703 502 3288 596">
    <p class='ocr_par' dir='ltr' id='par_1_4' title="bbox 1703 516 3288 596">
     <span class='ocr_line' id='line_1_4' title="bbox 1703 516 3288 596; baseline 0.008 -27"><span class='ocrx_word' id='word_1_17' title='bbox 1703 529 1768 570; x_wconf 85' lang='lat' dir='ltr'><strong>ac</strong></span> <span class='ocrx_word' id='word_1_18' title='bbox 1830 516 2159 585; x_wconf 71' lang='lat' dir='ltr'><strong>ptenitentia</strong></span> <span class='ocrx_word' id='word_1_19' title='bbox 2222 517 2437 577; x_wconf 81' lang='lat' dir='ltr'><strong>veniam</strong></span> <span class='ocrx_word' id='word_1_20' title='bbox 2494 517 2655 593; x_wconf 74' lang='lat'><strong>166</strong></span> <span class='ocrx_word' id='word_1_21' title='bbox 2715 533 2908 575; x_wconf 88' lang='lat' dir='ltr'><strong>eorum</strong></span> <span class='ocrx_word' id='word_1_22' title='bbox 2968 522 3288 596; x_wconf 81' lang='lat' dir='ltr'><strong>eillagitant,</strong></span> 
     </span>
    </p>
   </div>
   <div class='ocr_carea' id='block_1_5' title="bbox 94 594 1603 674">
    <p class='ocr_par' dir='ltr' id='par_1_5' title="bbox 94 594 1603 674">
     <span class='ocr_line' id='line_1_5' title="bbox 94 594 1603 674; baseline 0 -22"><span class='ocrx_word' id='word_1_23' title='bbox 94 598 269 670; x_wconf 72' lang='grc' dir='ltr'>Γραφῆς</span> <span class='ocrx_word' id='word_1_24' title='bbox 301 615 313 628; x_wconf 93' lang='grc'><strong>·</strong></span> <span class='ocrx_word' id='word_1_25' title='bbox 345 596 375 664; x_wconf 80' lang='grc' dir='ltr'>ἢ</span> <span class='ocrx_word' id='word_1_26' title='bbox 405 595 513 647; x_wconf 84' lang='grc' dir='ltr'><strong>τῶν</strong></span> <span class='ocrx_word' id='word_1_27' title='bbox 544 594 634 647; x_wconf 72' lang='grc' dir='ltr'><strong>ἐπὶ</strong></span> <span class='ocrx_word' id='word_1_28' title='bbox 656 597 779 658; x_wconf 86' lang='grc' dir='ltr'>ταῖς</span> <span class='ocrx_word' id='word_1_29' title='bbox 812 595 975 659; x_wconf 86' lang='grc' dir='ltr'>ίδίαις</span> <span class='ocrx_word' id='word_1_30' title='bbox 1005 598 1307 670; x_wconf 78' lang='grc' dir='ltr'>ἁμαρτίαις</span> <span class='ocrx_word' id='word_1_31' title='bbox 1343 602 1603 674; x_wconf 84' lang='grc' dir='ltr'>θρηνούν-</span> 
     </span>
    </p>
   </div>
   <div class='ocr_carea' id='block_1_6' title="bbox 92 689 1602 766">
    <p class='ocr_par' dir='ltr' id='par_1_6' title="bbox 92 689 1602 766">
     <span class='ocr_line' id='line_1_6' title="bbox 92 689 1602 766; baseline 0.002 -18"><span class='ocrx_word' id='word_1_32' title='bbox 92 715 186 758; x_wconf 79' lang='grc' dir='ltr'>των,</span> <span class='ocrx_word' id='word_1_33' title='bbox 215 692 293 746; x_wconf 78' lang='grc' dir='ltr'>καὶ</span> <span class='ocrx_word' id='word_1_34' title='bbox 333 690 415 743; x_wconf 74' lang='grc' dir='ltr'>διὰ</span> <span class='ocrx_word' id='word_1_35' title='bbox 452 692 549 760; x_wconf 79' lang='grc' dir='ltr'>τῆς</span> <span class='ocrx_word' id='word_1_36' title='bbox 585 689 998 759; x_wconf 76' lang='grc' dir='ltr'>ὲξαγορεύσεως</span> <span class='ocrx_word' id='word_1_37' title='bbox 1044 694 1140 746; x_wconf 76' lang='grc' dir='ltr'>καὶ</span> <span class='ocrx_word' id='word_1_38' title='bbox 1176 694 1278 764; x_wconf 81' lang='grc' dir='ltr'>τῆς</span> <span class='ocrx_word' id='word_1_39' title='bbox 1305 696 1602 766; x_wconf 77' lang='grc' dir='ltr'><strong>μετανοίας</strong></span> 
     </span>
    </p>
   </div>
   <div class='ocr_carea' id='block_1_7' title="bbox 90 781 1600 859">
    <p class='ocr_par' dir='ltr' id='par_1_7' title="bbox 90 781 1600 859">
     <span class='ocr_line' id='line_1_7' title="bbox 90 781 1600 859; baseline 0.004 -23"><span class='ocrx_word' id='word_1_40' title='bbox 90 790 162 859; x_wconf 63' lang='grc' dir='ltr'>τὴν</span> <span class='ocrx_word' id='word_1_41' title='bbox 197 782 513 854; x_wconf 77' lang='grc' dir='ltr'><strong>συγχώρησιν</strong></span> <span class='ocrx_word' id='word_1_42' title='bbox 542 781 720 835; x_wconf 78' lang='grc' dir='ltr'>αὐτῶν</span> <span class='ocrx_word' id='word_1_43' title='bbox 761 782 1152 848; x_wconf 77' lang='grc' dir='ltr'>ὲξαιτούντων·</span> <span class='ocrx_word' id='word_1_44' title='bbox 1184 785 1301 840; x_wconf 87' lang='grc' dir='ltr'>ἀλλ’</span> <span class='ocrx_word' id='word_1_45' title='bbox 1335 787 1460 858; x_wconf 80' lang='grc' dir='ltr'><strong>οὐχὶ</strong></span> <span class='ocrx_word' id='word_1_46' title='bbox 1486 786 1600 843; x_wconf 89' lang='grc' dir='ltr'><strong>τῶν</strong></span> 
     </span>
    </p>
   </div>
   <div class='ocr_carea' id='block_1_8' title="bbox 90 873 1597 950">
    <p class='ocr_par' dir='ltr' id='par_1_8' title="bbox 90 873 1597 950">
     <span class='ocr_line' id='line_1_8' title="bbox 90 873 1597 950; baseline 0.001 -18"><span class='ocrx_word' id='word_1_47' title='bbox 90 881 157 933; x_wconf 75' lang='grc' dir='ltr'><strong>ἐπὶ</strong></span> <span class='ocrx_word' id='word_1_48' title='bbox 189 879 290 939; x_wconf 86' lang='grc' dir='ltr'>ταῖς</span> <span class='ocrx_word' id='word_1_49' title='bbox 327 874 631 944; x_wconf 74' lang='grc' dir='ltr'>δυστυχίαις</span> <span class='ocrx_word' id='word_1_50' title='bbox 669 873 776 926; x_wconf 85' lang='grc' dir='ltr'><strong>τῶν</strong></span> <span class='ocrx_word' id='word_1_51' title='bbox 827 876 1146 947; x_wconf 74' lang='grc' dir='ltr'>ἐμπορικῶν</span> <span class='ocrx_word' id='word_1_52' title='bbox 1190 878 1531 943; x_wconf 80' lang='grc' dir='ltr'><strong>ὑποθέσεων,</strong></span> <span class='ocrx_word' id='word_1_53' title='bbox 1562 879 1597 950; x_wconf 80' lang='grc' dir='ltr'>ἢ</span> 
     </span>
    </p>
   </div>
   <div class='ocr_carea' id='block_1_9' title="bbox 88 966 1599 1039">
    <p class='ocr_par' dir='ltr' id='par_1_9' title="bbox 88 966 1599 1039">
     <span class='ocr_line' id='line_1_9' title="bbox 88 966 1599 1039; baseline 0.002 -17"><span class='ocrx_word' id='word_1_54' title='bbox 88 975 176 1033; x_wconf 65' lang='grc' dir='ltr'>ταῖς</span> <span class='ocrx_word' id='word_1_55' title='bbox 197 966 495 1031; x_wconf 81' lang='grc' dir='ltr'>ἀποτεύξεσι</span> <span class='ocrx_word' id='word_1_56' title='bbox 526 966 637 1019; x_wconf 91' lang='grc' dir='ltr'><strong>τῶν</strong></span> <span class='ocrx_word' id='word_1_57' title='bbox 665 967 1028 1038; x_wconf 83' lang='grc' dir='ltr'><strong>ἀνθρωπίνων</strong></span> <span class='ocrx_word' id='word_1_58' title='bbox 1072 968 1258 1039; x_wconf 84' lang='grc' dir='ltr'>ἀρχῶν</span> <span class='ocrx_word' id='word_1_59' title='bbox 1307 971 1403 1024; x_wconf 78' lang='grc' dir='ltr'>καὶ</span> <span class='ocrx_word' id='word_1_60' title='bbox 1441 971 1599 1025; x_wconf 71' lang='grc' dir='ltr'>δυναο</span> 
     </span>
    </p>
   </div>
   <div class='ocr_carea' id='block_1_10' title="bbox 90 1057 1601 1132">
    <p class='ocr_par' dir='ltr' id='par_1_10' title="bbox 90 1057 1601 1132">
     <span class='ocr_line' id='line_1_10' title="bbox 90 1057 1601 1132; baseline 0 -15"><span class='ocrx_word' id='word_1_61' title='bbox 90 1062 234 1117; x_wconf 71' lang='lat' dir='ltr'><strong>crsqu</strong></span> <span class='ocrx_word' id='word_1_62' title='bbox 288 1060 373 1113; x_wconf 81' lang='grc' dir='ltr'>καὶ</span> <span class='ocrx_word' id='word_1_63' title='bbox 407 1058 594 1123; x_wconf 80' lang='grc' dir='ltr'>δοξῶν.</span> <span class='ocrx_word' id='word_1_64' title='bbox 639 1059 763 1112; x_wconf 85' lang='grc' dir='ltr'>Τῶν</span> <span class='ocrx_word' id='word_1_65' title='bbox 801 1060 910 1132; x_wconf 79' lang='grc' dir='ltr'>γὰρ</span> <span class='ocrx_word' id='word_1_66' title='bbox 953 1060 1218 1115; x_wconf 77' lang='grc' dir='ltr'><strong>τοιούτων</strong></span> <span class='ocrx_word' id='word_1_67' title='bbox 1249 1063 1278 1115; x_wconf 88' lang='grc' dir='ltr'>ὁ</span> <span class='ocrx_word' id='word_1_68' title='bbox 1318 1057 1468 1127; x_wconf 80' lang='grc' dir='ltr'>οἶκος</span> <span class='ocrx_word' id='word_1_69' title='bbox 1498 1063 1601 1118; x_wconf 78' lang='grc' dir='ltr'>οὐκ</span> 
     </span>
    </p>
   </div>
   <div class='ocr_carea' id='block_1_11' title="bbox 88 1152 1601 1225">
    <p class='ocr_par' dir='ltr' id='par_1_11' title="bbox 88 1152 1601 1225">
     <span class='ocr_line' id='line_1_11' title="bbox 88 1152 1601 1225; baseline -0.001 -17"><span class='ocrx_word' id='word_1_70' title='bbox 88 1157 240 1222; x_wconf 72' lang='grc' dir='ltr'>ἀγαθὸς</span> <span class='ocrx_word' id='word_1_71' title='bbox 263 1194 275 1215; x_wconf 93' lang='grc'><strong>,</strong></span> <span class='ocrx_word' id='word_1_72' title='bbox 301 1153 397 1206; x_wconf 79' lang='grc' dir='ltr'>κᾶν</span> <span class='ocrx_word' id='word_1_73' title='bbox 435 1152 652 1222; x_wconf 79' lang='grc' dir='ltr'><strong>πλήρης</strong></span> <span class='ocrx_word' id='word_1_74' title='bbox 681 1152 1008 1223; x_wconf 81' lang='grc' dir='ltr'>ὀλοφυρμῶν</span> <span class='ocrx_word' id='word_1_75' title='bbox 1035 1154 1285 1225; x_wconf 81' lang='grc' dir='ltr'><strong>εὑρεθείη</strong></span> <span class='ocrx_word' id='word_1_76' title='bbox 1332 1154 1429 1208; x_wconf 73' lang='grc' dir='ltr'>καὶ</span> <span class='ocrx_word' id='word_1_77' title='bbox 1473 1154 1601 1208; x_wconf 84' lang='grc' dir='ltr'>πέν-</span> 
     </span>
    </p>
   </div>
   <div class='ocr_carea' id='block_1_12' title="bbox 87 1242 1601 1316">
    <p class='ocr_par' dir='ltr' id='par_1_12' title="bbox 87 1242 1601 1316">
     <span class='ocr_line' id='line_1_12' title="bbox 87 1242 1601 1316; baseline 0.001 -17"><span class='ocrx_word' id='word_1_78' title='bbox 87 1248 205 1308; x_wconf 78' lang='grc' dir='ltr'>θους’</span> <span class='ocrx_word' id='word_1_79' title='bbox 232 1244 314 1297; x_wconf 79' lang='grc' dir='ltr'>ᾰτε</span> <span class='ocrx_word' id='word_1_80' title='bbox 337 1242 397 1313; x_wconf 83' lang='grc' dir='ltr'>δὴ</span> <span class='ocrx_word' id='word_1_81' title='bbox 424 1242 487 1295; x_wconf 80' lang='grc' dir='ltr'>τὸ</span> <span class='ocrx_word' id='word_1_82' title='bbox 532 1242 726 1306; x_wconf 81' lang='grc' dir='ltr'>πένθος</span> <span class='ocrx_word' id='word_1_83' title='bbox 758 1244 855 1296; x_wconf 74' lang='grc' dir='ltr'>καὶ</span> <span class='ocrx_word' id='word_1_84' title='bbox 886 1243 948 1296; x_wconf 79' lang='grc' dir='ltr'>τὸ</span> <span class='ocrx_word' id='word_1_85' title='bbox 979 1243 1177 1316; x_wconf 82' lang='grc' dir='ltr'>θρῆνος</span> <span class='ocrx_word' id='word_1_86' title='bbox 1212 1245 1315 1300; x_wconf 80' lang='grc' dir='ltr'>οὐκ</span> <span class='ocrx_word' id='word_1_87' title='bbox 1347 1247 1440 1300; x_wconf 73' lang='grc' dir='ltr'><strong>ἐπὶ</strong></span> <span class='ocrx_word' id='word_1_88' title='bbox 1477 1248 1601 1312; x_wconf 80' lang='grc' dir='ltr'>ταῖς</span> 
     </span>
    </p>
   </div>
   <div class='ocr_carea' id='block_1_13' title="bbox 87 1335 1600 1409">
    <p class='ocr_par' dir='ltr' id='par_1_13' title="bbox 87 1335 1600 1409">
     <span class='ocr_line' id='line_1_13' title="bbox 87 1335 1600 1409; baseline 0.003 -19"><span class='ocrx_word' id='word_1_89' title='bbox 87 1339 263 1400; x_wconf 68' lang='grc' dir='ltr'>ἐννοίαις</span> <span class='ocrx_word' id='word_1_90' title='bbox 300 1337 389 1389; x_wconf 79' lang='grc' dir='ltr'>καὶ</span> <span class='ocrx_word' id='word_1_91' title='bbox 432 1337 555 1399; x_wconf 82' lang='grc' dir='ltr'>ταῖς</span> <span class='ocrx_word' id='word_1_92' title='bbox 582 1336 803 1405; x_wconf 76' lang='grc' dir='ltr'><strong>ἐφέσεσι</strong></span> <span class='ocrx_word' id='word_1_93' title='bbox 844 1335 954 1389; x_wconf 90' lang='grc' dir='ltr'><strong>τῶν</strong></span> <span class='ocrx_word' id='word_1_94' title='bbox 984 1338 1315 1409; x_wconf 81' lang='grc' dir='ltr'>κρειττόνων</span> <span class='ocrx_word' id='word_1_95' title='bbox 1356 1341 1452 1394; x_wconf 62' lang='grc' dir='ltr'><strong>κα)⁸</strong></span> <span class='ocrx_word' id='word_1_96' title='bbox 1489 1339 1600 1396; x_wconf 83' lang='grc' dir='ltr'><strong>τῶν</strong></span> 
     </span>
    </p>
   </div>
   <div class='ocr_carea' id='block_1_14' title="bbox 87 1424 1599 1502">
    <p class='ocr_par' dir='ltr' id='par_1_14' title="bbox 87 1424 1599 1502">
     <span class='ocr_line' id='line_1_14' title="bbox 87 1424 1599 1502; baseline 0.002 -21"><span class='ocrx_word' id='word_1_97' title='bbox 87 1426 391 1496; x_wconf 69' lang='grc' dir='ltr'>ἐλπιζομένων</span> <span class='ocrx_word' id='word_1_98' title='bbox 432 1424 654 1494; x_wconf 79' lang='grc' dir='ltr'>ἀγαθῶν</span> <span class='ocrx_word' id='word_1_99' title='bbox 696 1428 756 1479; x_wconf 85' lang='grc' dir='ltr'>ὲν</span> <span class='ocrx_word' id='word_1_100' title='bbox 794 1429 861 1498; x_wconf 81' lang='grc' dir='ltr'>τῇ</span> <span class='ocrx_word' id='word_1_101' title='bbox 906 1425 1158 1500; x_wconf 77' lang='grc' dir='ltr'>βασιλείᾳ</span> <span class='ocrx_word' id='word_1_102' title='bbox 1198 1429 1307 1482; x_wconf 87' lang='grc' dir='ltr'><strong>τῶν</strong></span> <span class='ocrx_word' id='word_1_103' title='bbox 1349 1430 1599 1502; x_wconf 78' lang='grc' dir='ltr'>οὐρανῶν</span> 
     </span>
    </p>
   </div>
   <div class='ocr_carea' id='block_1_15' title="bbox 86 1518 1601 1594">
    <p class='ocr_par' dir='ltr' id='par_1_15' title="bbox 86 1518 1601 1594">
     <span class='ocr_line' id='line_1_15' title="bbox 86 1518 1601 1594; baseline 0.003 -21"><span class='ocrx_word' id='word_1_104' title='bbox 86 1521 379 1588; x_wconf 78' lang='grc' dir='ltr'>ποιουμένων,</span> <span class='ocrx_word' id='word_1_105' title='bbox 426 1518 545 1572; x_wconf 84' lang='grc' dir='ltr'>ἀλλ’</span> <span class='ocrx_word' id='word_1_106' title='bbox 585 1518 825 1590; x_wconf 75' lang='grc' dir='ltr'>ἔμπαλιν</span> <span class='ocrx_word' id='word_1_107' title='bbox 873 1522 931 1573; x_wconf 72' lang='grc' dir='ltr'>ἐν</span> <span class='ocrx_word' id='word_1_108' title='bbox 977 1524 1045 1594; x_wconf 79' lang='grc' dir='ltr'>τῇ</span> <span class='ocrx_word' id='word_1_109' title='bbox 1095 1521 1324 1593; x_wconf 74' lang='grc' dir='ltr'>ζητήσει</span> <span class='ocrx_word' id='word_1_110' title='bbox 1357 1522 1468 1576; x_wconf 88' lang='grc' dir='ltr'><strong>τῶν</strong></span> <span class='ocrx_word' id='word_1_111' title='bbox 1507 1524 1601 1577; x_wconf 82' lang='grc' dir='ltr'>ἀν-</span> 
     </span>
    </p>
   </div>
   <div class='ocr_carea' id='block_1_16' title="bbox 86 1608 1599 1683">
    <p class='ocr_par' dir='ltr' id='par_1_16' title="bbox 86 1608 1599 1683">
     <span class='ocr_line' id='line_1_16' title="bbox 86 1608 1599 1683; baseline 0.005 -24"><span class='ocrx_word' id='word_1_112' title='bbox 86 1609 311 1677; x_wconf 74' lang='grc' dir='ltr'>θρωπίνων</span> <span class='ocrx_word' id='word_1_113' title='bbox 355 1608 448 1661; x_wconf 79' lang='grc' dir='ltr'>καὶ</span> <span class='ocrx_word' id='word_1_114' title='bbox 501 1608 858 1681; x_wconf 81' lang='grc' dir='ltr'>προσκαίρων</span> <span class='ocrx_word' id='word_1_115' title='bbox 905 1610 1001 1663; x_wconf 69' lang='grc' dir='ltr'><strong>καὶ</strong></span> <span class='ocrx_word' id='word_1_116' title='bbox 1054 1611 1460 1683; x_wconf 78' lang='grc' dir='ltr'>φθειρομένων,</span> <span class='ocrx_word' id='word_1_117' title='bbox 1502 1615 1599 1669; x_wconf 75' lang='grc' dir='ltr'><strong>καὶ</strong></span> 
     </span>
    </p>
   </div>
   <div class='ocr_carea' id='block_1_17' title="bbox 88 1697 1099 1771">
    <p class='ocr_par' dir='ltr' id='par_1_17' title="bbox 88 1697 1099 1771">
     <span class='ocr_line' id='line_1_17' title="bbox 88 1697 1099 1771; baseline 0.004 -19"><span class='ocrx_word' id='word_1_118' title='bbox 88 1702 155 1767; x_wconf 75' lang='grc' dir='ltr'>τῆς</span> <span class='ocrx_word' id='word_1_119' title='bbox 174 1699 418 1771; x_wconf 82' lang='grc' dir='ltr'>ἁμαρτίας</span> <span class='ocrx_word' id='word_1_120' title='bbox 440 1697 517 1762; x_wconf 79' lang='grc' dir='ltr'>ὡς</span> <span class='ocrx_word' id='word_1_121' title='bbox 542 1699 749 1753; x_wconf 74' lang='grc' dir='ltr'>ἐπίπαν</span> <span class='ocrx_word' id='word_1_122' title='bbox 772 1701 1099 1771; x_wconf 81' lang='grc' dir='ltr'>ποιητικῶν.</span> 
     </span>
    </p>
   </div>
   <div class='ocr_carea' id='block_1_18' title="bbox 134 1786 1596 1867">
    <p class='ocr_par' dir='ltr' id='par_1_18' title="bbox 134 1786 1596 1867">
     <span class='ocr_line' id='line_1_18' title="bbox 134 1786 1596 1867; baseline 0.003 -23"><span class='ocrx_word' id='word_1_123' title='bbox 134 1792 265 1845; x_wconf 80' lang='grc' dir='ltr'>Τοῦτο</span> <span class='ocrx_word' id='word_1_124' title='bbox 305 1791 407 1861; x_wconf 82' lang='grc' dir='ltr'>γὰρ</span> <span class='ocrx_word' id='word_1_125' title='bbox 447 1792 677 1861; x_wconf 78' lang='grc' dir='ltr'>ἐμπεδοί</span> <span class='ocrx_word' id='word_1_126' title='bbox 721 1792 791 1845; x_wconf 80' lang='grc' dir='ltr'><strong>δι’</strong></span> <span class='ocrx_word' id='word_1_127' title='bbox 842 1786 917 1847; x_wconf 83' lang='grc' dir='ltr'>ὧν</span> <span class='ocrx_word' id='word_1_128' title='bbox 958 1788 1117 1847; x_wconf 77' lang='grc' dir='ltr'>εἶπεν</span> <span class='ocrx_word' id='word_1_129' title='bbox 1158 1793 1417 1864; x_wconf 85' lang='grc' dir='ltr'>ἀμέοως·</span> <span class='ocrx_word' id='word_1_130' title='bbox 1461 1798 1596 1867; x_wconf 74' lang='grc' dir='ltr'>φησὶ</span> 
     </span>
    </p>
   </div>
   <div class='ocr_carea' id='block_1_19' title="bbox 1701 610 3289 682">
    <p class='ocr_par' dir='ltr' id='par_1_19' title="bbox 1701 610 3289 682">
     <span class='ocr_line' id='line_1_19' title="bbox 1701 610 3289 682; baseline 0.008 -20"><span class='ocrx_word' id='word_1_131' title='bbox 1701 624 2051 679; x_wconf 84' lang='lat' dir='ltr'><strong>nequaquam</strong></span> <span class='ocrx_word' id='word_1_132' title='bbox 2085 625 2217 665; x_wconf 87' lang='lat' dir='ltr'><strong>vero</strong></span> <span class='ocrx_word' id='word_1_133' title='bbox 2243 610 2310 665; x_wconf 89' lang='lat' dir='ltr'><strong>ab</strong></span> <span class='ocrx_word' id='word_1_134' title='bbox 2339 612 2441 676; x_wconf 90' lang='lat' dir='ltr'><strong>iis,</strong></span> <span class='ocrx_word' id='word_1_135' title='bbox 2479 614 2572 682; x_wconf 88' lang='lat' dir='ltr'><strong>qui</strong></span> <span class='ocrx_word' id='word_1_136' title='bbox 2618 613 2685 668; x_wconf 87' lang='lat' dir='ltr'><strong>de</strong></span> <span class='ocrx_word' id='word_1_137' title='bbox 2723 614 2950 669; x_wconf 87' lang='lat' dir='ltr'><strong>adversa</strong></span> <span class='ocrx_word' id='word_1_138' title='bbox 2982 613 3200 673; x_wconf 79' lang='lat' dir='ltr'><strong>fortuna</strong></span> <span class='ocrx_word' id='word_1_139' title='bbox 3233 631 3289 676; x_wconf 83' lang='lat' dir='ltr'><strong>et</strong></span> 
     </span>
    </p>
   </div>
   <div class='ocr_carea' id='block_1_20' title="bbox 1700 700 3288 773">
    <p class='ocr_par' dir='ltr' id='par_1_20' title="bbox 1700 700 3288 773">
     <span class='ocr_line' id='line_1_20' title="bbox 1700 700 3288 773; baseline 0.008 -18"><span class='ocrx_word' id='word_1_140' title='bbox 1700 701 1969 757; x_wconf 83' lang='lat' dir='ltr'><strong>mercium</strong></span> <span class='ocrx_word' id='word_1_141' title='bbox 2024 700 2237 771; x_wconf 86' lang='lat' dir='ltr'><strong>jactura</strong></span> <span class='ocrx_word' id='word_1_142' title='bbox 2290 714 2645 773; x_wconf 78' lang='lat' dir='ltr'><strong>queruntur,</strong></span> <span class='ocrx_word' id='word_1_143' title='bbox 2711 714 2808 761; x_wconf 89' lang='lat' dir='ltr'><strong>aut</strong></span> <span class='ocrx_word' id='word_1_144' title='bbox 2855 706 2924 763; x_wconf 93' lang='lat' dir='ltr'><strong>de</strong></span> <span class='ocrx_word' id='word_1_145' title='bbox 2969 709 3288 769; x_wconf 82' lang='lat' dir='ltr'><strong>interversis</strong></span> 
     </span>
    </p>
   </div>
   <div class='ocr_carea' id='block_1_21' title="bbox 1699 794 3285 872">
    <p class='ocr_par' dir='ltr' id='par_1_21' title="bbox 1699 794 3285 872">
     <span class='ocr_line' id='line_1_21' title="bbox 1699 794 3285 872; baseline 0.007 -24"><span class='ocrx_word' id='word_1_146' title='bbox 1699 794 2114 865; x_wconf 69' lang='lat' dir='ltr'><strong>magistratibus</strong></span> <span class='ocrx_word' id='word_1_147' title='bbox 2136 806 2192 850; x_wconf 91' lang='lat' dir='ltr'><strong>et</strong></span> <span class='ocrx_word' id='word_1_148' title='bbox 2212 795 2590 852; x_wconf 75' lang='lat' dir='ltr'><strong>dominatione</strong></span> <span class='ocrx_word' id='word_1_149' title='bbox 2610 806 2776 871; x_wconf 90' lang='lat' dir='ltr'><strong>atque</strong></span> <span class='ocrx_word' id='word_1_150' title='bbox 2799 798 2971 869; x_wconf 78' lang='lat' dir='ltr'><strong>gloria</strong></span> <span class='ocrx_word' id='word_1_151' title='bbox 3000 802 3285 872; x_wconf 78' lang='lat' dir='ltr'><strong>subrepta.</strong></span> 
     </span>
    </p>
   </div>
   <div class='ocr_carea' id='block_1_22' title="bbox 1699 884 3286 966">
    <p class='ocr_par' dir='ltr' id='par_1_22' title="bbox 1699 884 3286 966">
     <span class='ocr_line' id='line_1_22' title="bbox 1699 884 3286 966; baseline 0.008 -27"><span class='ocrx_word' id='word_1_152' title='bbox 1699 884 1908 941; x_wconf 84' lang='lat' dir='ltr'><strong>Horum</strong></span> <span class='ocrx_word' id='word_1_153' title='bbox 1940 886 2088 941; x_wconf 90' lang='lat' dir='ltr'><strong>enim</strong></span> <span class='ocrx_word' id='word_1_154' title='bbox 2116 887 2314 943; x_wconf 88' lang='lat' dir='ltr'><strong>domus</strong></span> <span class='ocrx_word' id='word_1_155' title='bbox 2349 904 2459 943; x_wconf 92' lang='lat' dir='ltr'><strong>non</strong></span> <span class='ocrx_word' id='word_1_156' title='bbox 2496 890 2661 955; x_wconf 84' lang='lat' dir='ltr'><strong>bona,</strong></span> <span class='ocrx_word' id='word_1_157' title='bbox 2692 890 3059 947; x_wconf 86' lang='lat' dir='ltr'><strong>lamentorum</strong></span> <span class='ocrx_word' id='word_1_158' title='bbox 3091 910 3286 966; x_wconf 89' lang='lat' dir='ltr'><strong>quam-</strong></span> 
     </span>
    </p>
   </div>
   <div class='ocr_carea' id='block_1_23' title="bbox 1698 978 3285 1059">
    <p class='ocr_par' dir='ltr' id='par_1_23' title="bbox 1698 978 3285 1059">
     <span class='ocr_line' id='line_1_23' title="bbox 1698 978 3285 1059; baseline 0.008 -27"><span class='ocrx_word' id='word_1_159' title='bbox 1698 978 1783 1033; x_wconf 85' lang='lat' dir='ltr'><strong>vis</strong></span> <span class='ocrx_word' id='word_1_160' title='bbox 1836 979 1992 1049; x_wconf 90' lang='lat' dir='ltr'><strong>plena</strong></span> <span class='ocrx_word' id='word_1_161' title='bbox 2043 979 2357 1035; x_wconf 84' lang='lat' dir='ltr'><strong>inveniatur</strong></span> <span class='ocrx_word' id='word_1_162' title='bbox 2406 990 2570 1050; x_wconf 89' lang='lat' dir='ltr'><strong>atque</strong></span> <span class='ocrx_word' id='word_1_163' title='bbox 2622 982 2846 1038; x_wconf 90' lang='lat' dir='ltr'><strong>luctus:</strong></span> <span class='ocrx_word' id='word_1_164' title='bbox 2884 984 3086 1055; x_wconf 88' lang='lat' dir='ltr'><strong>quippe</strong></span> <span class='ocrx_word' id='word_1_165' title='bbox 3137 988 3285 1059; x_wconf 87' lang='lat' dir='ltr'><strong>quod</strong></span> 
     </span>
    </p>
   </div>
   <div class='ocr_carea' id='block_1_24' title="bbox 1699 1069 3285 1149">
    <p class='ocr_par' dir='ltr' id='par_1_24' title="bbox 1699 1069 3285 1149">
     <span class='ocr_line' id='line_1_24' title="bbox 1699 1069 3285 1149; baseline 0.006 -25"><span class='ocrx_word' id='word_1_166' title='bbox 1699 1069 1881 1126; x_wconf 88' lang='lat' dir='ltr'><strong>luctus</strong></span> <span class='ocrx_word' id='word_1_167' title='bbox 1917 1071 2008 1126; x_wconf 89' lang='lat' dir='ltr'><strong>ille</strong></span> <span class='ocrx_word' id='word_1_168' title='bbox 2037 1080 2092 1125; x_wconf 91' lang='lat' dir='ltr'><strong>et</strong></span> <span class='ocrx_word' id='word_1_169' title='bbox 2134 1077 2373 1126; x_wconf 85' lang='lat' dir='ltr'><strong>lamenta</strong></span> <span class='ocrx_word' id='word_1_170' title='bbox 2422 1088 2529 1127; x_wconf 87' lang='lat' dir='ltr'><strong>non</strong></span> <span class='ocrx_word' id='word_1_171' title='bbox 2573 1088 2767 1131; x_wconf 90' lang='lat' dir='ltr'><strong>eorum</strong></span> <span class='ocrx_word' id='word_1_172' title='bbox 2809 1084 2957 1140; x_wconf 90' lang='lat' dir='ltr'><strong>sunt,</strong></span> <span class='ocrx_word' id='word_1_173' title='bbox 2998 1076 3093 1147; x_wconf 89' lang='lat' dir='ltr'><strong>qui</strong></span> <span class='ocrx_word' id='word_1_174' title='bbox 3135 1079 3285 1149; x_wconf 84' lang='lat' dir='ltr'><strong>cogi-</strong></span> 
     </span>
    </p>
   </div>
   <div class='ocr_carea' id='block_1_25' title="bbox 1698 1162 3285 1237">
    <p class='ocr_par' dir='ltr' id='par_1_25' title="bbox 1698 1162 3285 1237">
     <span class='ocr_line' id='line_1_25' title="bbox 1698 1162 3285 1237; baseline 0.006 -19"><span class='ocrx_word' id='word_1_175' title='bbox 1698 1171 1816 1218; x_wconf 88' lang='lat' dir='ltr'><strong>tent</strong></span> <span class='ocrx_word' id='word_1_176' title='bbox 1844 1174 1897 1218; x_wconf 88' lang='lat' dir='ltr'><strong>et</strong></span> <span class='ocrx_word' id='word_1_177' title='bbox 1925 1162 2242 1218; x_wconf 83' lang='lat' dir='ltr'><strong>desiderent</strong></span> <span class='ocrx_word' id='word_1_178' title='bbox 2291 1164 2507 1233; x_wconf 84' lang='lat' dir='ltr'><strong>potiora</strong></span> <span class='ocrx_word' id='word_1_179' title='bbox 2534 1180 2601 1223; x_wconf 80' lang='lat' dir='ltr'><strong>ea</strong></span> <span class='ocrx_word' id='word_1_180' title='bbox 2641 1165 2807 1229; x_wconf 88' lang='lat' dir='ltr'><strong>bona,</strong></span> <span class='ocrx_word' id='word_1_181' title='bbox 2847 1183 2971 1237; x_wconf 63' lang='lat' dir='ltr'><strong>quae</strong></span> <span class='ocrx_word' id='word_1_182' title='bbox 3011 1169 3067 1224; x_wconf 92' lang='lat' dir='ltr'><strong>in</strong></span> <span class='ocrx_word' id='word_1_183' title='bbox 3117 1172 3285 1228; x_wconf 66' lang='lat' dir='ltr'><strong>cisio-</strong></span> 
     </span>
    </p>
   </div>
   <div class='ocr_carea' id='block_1_26' title="bbox 1698 1256 3281 1327">
    <p class='ocr_par' dir='ltr' id='par_1_26' title="bbox 1698 1256 3281 1327">
     <span class='ocr_line' id='line_1_26' title="bbox 1698 1256 3281 1327; baseline 0.007 -18"><span class='ocrx_word' id='word_1_184' title='bbox 1698 1271 1823 1310; x_wconf 84' lang='lat' dir='ltr'><strong>rum</strong></span> <span class='ocrx_word' id='word_1_185' title='bbox 1888 1271 2057 1327; x_wconf 83' lang='lat' dir='ltr'><strong>regno</strong></span> <span class='ocrx_word' id='word_1_186' title='bbox 2120 1256 2472 1325; x_wconf 86' lang='lat' dir='ltr'><strong>sperantibus</strong></span> <span class='ocrx_word' id='word_1_187' title='bbox 2534 1257 2872 1324; x_wconf 89' lang='lat' dir='ltr'><strong>obveniunt,</strong></span> <span class='ocrx_word' id='word_1_188' title='bbox 2931 1263 3025 1317; x_wconf 90' lang='lat' dir='ltr'><strong>sed</strong></span> <span class='ocrx_word' id='word_1_189' title='bbox 3086 1278 3281 1320; x_wconf 91' lang='lat' dir='ltr'><strong>eorum</strong></span> 
     </span>
    </p>
   </div>
   <div class='ocr_carea' id='block_1_27' title="bbox 1700 1346 3284 1422">
    <p class='ocr_par' dir='ltr' id='par_1_27' title="bbox 1700 1346 3284 1422">
     <span class='ocr_line' id='line_1_27' title="bbox 1700 1346 3284 1422; baseline 0.008 -23"><span class='ocrx_word' id='word_1_190' title='bbox 1700 1346 1925 1415; x_wconf 90' lang='lat' dir='ltr'><strong>potius,</strong></span> <span class='ocrx_word' id='word_1_191' title='bbox 1980 1346 2075 1417; x_wconf 88' lang='lat' dir='ltr'><strong>qui</strong></span> <span class='ocrx_word' id='word_1_192' title='bbox 2131 1347 2373 1400; x_wconf 87' lang='lat' dir='ltr'><strong>humana</strong></span> <span class='ocrx_word' id='word_1_193' title='bbox 2430 1355 2687 1416; x_wconf 64' lang='lat' dir='ltr'><strong>quaerunt</strong></span> <span class='ocrx_word' id='word_1_194' title='bbox 2737 1355 2793 1403; x_wconf 91' lang='lat' dir='ltr'><strong>et</strong></span> <span class='ocrx_word' id='word_1_195' title='bbox 2852 1353 3177 1422; x_wconf 85' lang='lat' dir='ltr'><strong>temporaria</strong></span> <span class='ocrx_word' id='word_1_196' title='bbox 3227 1368 3284 1411; x_wconf 86' lang='lat' dir='ltr'><strong>et</strong></span> 
     </span>
    </p>
   </div>
   <div class='ocr_carea' id='block_1_28' title="bbox 1699 1437 3281 1517">
    <p class='ocr_par' dir='ltr' id='par_1_28' title="bbox 1699 1437 3281 1517">
     <span class='ocr_line' id='line_1_28' title="bbox 1699 1437 3281 1517; baseline 0.008 -27"><span class='ocrx_word' id='word_1_197' title='bbox 1699 1437 1955 1502; x_wconf 91' lang='lat' dir='ltr'><strong>caduca,</strong></span> <span class='ocrx_word' id='word_1_198' title='bbox 2030 1437 2176 1493; x_wconf 92' lang='lat' dir='ltr'><strong>unde</strong></span> <span class='ocrx_word' id='word_1_199' title='bbox 2243 1438 2514 1509; x_wconf 81' lang='lat' dir='ltr'><strong>originem</strong></span> <span class='ocrx_word' id='word_1_200' title='bbox 2582 1439 2911 1511; x_wconf 79' lang='lat' dir='ltr'><strong>plerumque</strong></span> <span class='ocrx_word' id='word_1_201' title='bbox 2991 1455 3281 1517; x_wconf 85' lang='lat' dir='ltr'><strong>peccatum</strong></span> 
     </span>
    </p>
   </div>
   <div class='ocr_carea' id='block_1_29' title="bbox 1697 1526 1870 1582">
    <p class='ocr_par' dir='ltr' id='par_1_29' title="bbox 1697 1526 1870 1582">
     <span class='ocr_line' id='line_1_29' title="bbox 1697 1526 1870 1582; baseline 0 -1"><span class='ocrx_word' id='word_1_202' title='bbox 1697 1526 1870 1582; x_wconf 72' lang='lat' dir='ltr'><strong>ducrt.</strong></span> 
     </span>
    </p>
   </div>
   <div class='ocr_carea' id='block_1_30' title="bbox 1771 1786 3280 1859">
    <p class='ocr_par' dir='ltr' id='par_1_30' title="bbox 1771 1786 3280 1859">
     <span class='ocr_line' id='line_1_30' title="bbox 1771 1786 3280 1859; baseline 0.003 -16"><span class='ocrx_word' id='word_1_203' title='bbox 1771 1788 1905 1843; x_wconf 80' lang='lat' dir='ltr'><strong>Nam</strong></span> <span class='ocrx_word' id='word_1_204' title='bbox 1944 1787 2047 1843; x_wconf 87' lang='lat' dir='ltr'><strong>hoc</strong></span> <span class='ocrx_word' id='word_1_205' title='bbox 2090 1786 2180 1842; x_wconf 90' lang='lat' dir='ltr'><strong>ille</strong></span> <span class='ocrx_word' id='word_1_206' title='bbox 2216 1787 2507 1843; x_wconf 87' lang='lat' dir='ltr'><strong>contirmat</strong></span> <span class='ocrx_word' id='word_1_207' title='bbox 2542 1786 2631 1853; x_wconf 85' lang='lat' dir='ltr'><strong>iis,</strong></span> <span class='ocrx_word' id='word_1_208' title='bbox 2666 1803 2794 1859; x_wconf 63' lang='lat' dir='ltr'><strong>qua</strong></span> <span class='ocrx_word' id='word_1_209' title='bbox 2842 1798 3099 1859; x_wconf 79' lang='lat' dir='ltr'><strong>protinus</strong></span> <span class='ocrx_word' id='word_1_210' title='bbox 3146 1806 3280 1848; x_wconf 79' lang='lat' dir='ltr'><strong>su.)-</strong></span> 
     </span>
    </p>
   </div>
   <div class='ocr_carea' id='block_1_31' title="bbox 89 1871 1600 1960">
    <p class='ocr_par' dir='ltr' id='par_1_31' title="bbox 89 1884 1586 1960">
     <span class='ocr_line' id='line_1_31' title="bbox 89 1884 1586 1960; baseline 0.002 -23"><span class='ocrx_word' id='word_1_211' title='bbox 89 1888 214 1955; x_wconf 47' lang='grc' dir='ltr'><strong>τᾶρα</strong></span> <span class='ocrx_word' id='word_1_212' title='bbox 257 1884 386 1939; x_wconf 77' lang='grc' dir='ltr'>Καθ’</span> <span class='ocrx_word' id='word_1_213' title='bbox 438 1885 523 1937; x_wconf 82' lang='grc' dir='ltr'>ὅτι</span> <span class='ocrx_word' id='word_1_214' title='bbox 568 1884 728 1937; x_wconf 80' lang='grc' dir='ltr'>τοῦτο</span> <span class='ocrx_word' id='word_1_215' title='bbox 770 1884 923 1950; x_wconf 87' lang='grc' dir='ltr'>τέλος</span> <span class='ocrx_word' id='word_1_216' title='bbox 968 1886 1171 1950; x_wconf 79' lang='grc' dir='ltr'>παντὸς</span> <span class='ocrx_word' id='word_1_217' title='bbox 1215 1886 1529 1960; x_wconf 84' lang='grc' dir='ltr'>ἀνθρώπου.</span> <span class='ocrx_word' id='word_1_218' title='bbox 1567 1907 1586 1940; x_wconf 74' lang='grc' dir='ltr'><strong>ι</strong></span> 
     </span>
    </p>
   </div>
   <div class='ocr_carea' id='block_1_32' title="bbox 1703 1871 3277 1960">
    <p class='ocr_par' dir='ltr' id='par_1_32' title="bbox 1703 1878 3277 1952">
     <span class='ocr_line' id='line_1_32' title="bbox 1703 1878 3277 1952; baseline 0.003 -16"><span class='ocrx_word' id='word_1_219' title='bbox 1703 1882 1864 1952; x_wconf 82' lang='lat' dir='ltr'><strong>ierit;</strong></span> <span class='ocrx_word' id='word_1_220' title='bbox 1906 1880 1983 1935; x_wconf 90' lang='lat' dir='ltr'><strong>ait</strong></span> <span class='ocrx_word' id='word_1_221' title='bbox 2025 1879 2172 1935; x_wconf 87' lang='lat' dir='ltr'><strong>enim</strong></span> <span class='ocrx_word' id='word_1_222' title='bbox 2210 1897 2225 1935; x_wconf 89' lang='lat'><strong>:</strong></span> <span class='ocrx_word' id='word_1_223' title='bbox 2268 1897 2287 1931; x_wconf 75' lang='grc' dir='ltr'><strong>ι</strong></span> <span class='ocrx_word' id='word_1_224' title='bbox 2346 1878 2426 1933; x_wconf 83' lang='lat' dir='ltr'><strong>Eo</strong></span> <span class='ocrx_word' id='word_1_225' title='bbox 2473 1880 2620 1950; x_wconf 92' lang='lat' dir='ltr'><strong>quod</strong></span> <span class='ocrx_word' id='word_1_226' title='bbox 2666 1879 2757 1936; x_wconf 85' lang='lat' dir='ltr'><strong>hic</strong></span> <span class='ocrx_word' id='word_1_227' title='bbox 2801 1890 2885 1935; x_wconf 92' lang='lat' dir='ltr'><strong>est</strong></span> <span class='ocrx_word' id='word_1_228' title='bbox 2923 1881 3047 1938; x_wconf 82' lang='lat' dir='ltr'><strong>linis</strong></span> <span class='ocrx_word' id='word_1_229' title='bbox 3094 1884 3277 1941; x_wconf 86' lang='lat' dir='ltr'><strong>omnis</strong></span> 
     </span>
    </p>
   </div>
   <div class='ocr_carea' id='block_1_33' title="bbox 85 1971 1593 2051">
    <p class='ocr_par' dir='ltr' id='par_1_33' title="bbox 85 1971 1593 2051">
     <span class='ocr_line' id='line_1_33' title="bbox 85 1971 1593 2051; baseline 0.001 -21"><span class='ocrx_word' id='word_1_230' title='bbox 85 1978 220 2041; x_wconf 75' lang='grc' dir='ltr'>Τοῦτο,</span> <span class='ocrx_word' id='word_1_231' title='bbox 264 1978 439 2040; x_wconf 76' lang='grc' dir='ltr'>ποίους</span> <span class='ocrx_word' id='word_1_232' title='bbox 486 1971 564 2029; x_wconf 86' lang='grc' dir='ltr'><strong>Ἦ</strong></span> <span class='ocrx_word' id='word_1_233' title='bbox 614 1976 859 2046; x_wconf 85' lang='grc' dir='ltr'>δηλονότι</span> <span class='ocrx_word' id='word_1_234' title='bbox 906 1978 967 2031; x_wconf 81' lang='grc' dir='ltr'>τὸ</span> <span class='ocrx_word' id='word_1_235' title='bbox 1011 1978 1274 2048; x_wconf 73' lang='grc' dir='ltr'>τελευτᾷν</span> <span class='ocrx_word' id='word_1_236' title='bbox 1322 1980 1417 2033; x_wconf 75' lang='grc' dir='ltr'>καὶ</span> <span class='ocrx_word' id='word_1_237' title='bbox 1464 1979 1593 2051; x_wconf 87' lang='grc' dir='ltr'>θνή-</span> 
     </span>
    </p>
   </div>
   <div class='ocr_carea' id='block_1_34' title="bbox 87 2058 1593 2137">
    <p class='ocr_par' dir='ltr' id='par_1_34' title="bbox 87 2058 1593 2137">
     <span class='ocr_line' id='line_1_34' title="bbox 87 2058 1593 2137; baseline -0.001 -18"><span class='ocrx_word' id='word_1_238' title='bbox 87 2082 219 2119; x_wconf 69' lang='grc' dir='ltr'>σκεινο</span> <span class='ocrx_word' id='word_1_239' title='bbox 256 2065 333 2133; x_wconf 76' lang='grc' dir='ltr'><strong>ἐφ’</strong></span> <span class='ocrx_word' id='word_1_240' title='bbox 372 2058 416 2132; x_wconf 79' lang='grc' dir='ltr'>ᾧ</span> <span class='ocrx_word' id='word_1_241' title='bbox 464 2065 562 2117; x_wconf 76' lang='grc' dir='ltr'><strong>καὶ</strong></span> <span class='ocrx_word' id='word_1_242' title='bbox 607 2065 706 2135; x_wconf 77' lang='grc' dir='ltr'>τὴν</span> <span class='ocrx_word' id='word_1_243' title='bbox 759 2065 994 2136; x_wconf 76' lang='grc' dir='ltr'>μελέτην</span> <span class='ocrx_word' id='word_1_244' title='bbox 1043 2067 1143 2135; x_wconf 82' lang='grc' dir='ltr'>τῆς</span> <span class='ocrx_word' id='word_1_245' title='bbox 1176 2064 1410 2137; x_wconf 81' lang='grc' dir='ltr'>καρδίας</span> <span class='ocrx_word' id='word_1_246' title='bbox 1447 2065 1593 2136; x_wconf 78' lang='grc' dir='ltr'>ἔχειν</span> 
     </span>
    </p>
   </div>
   <div class='ocr_carea' id='block_1_35' title="bbox 83 2156 1593 2228">
    <p class='ocr_par' dir='ltr' id='par_1_35' title="bbox 83 2156 1593 2228">
     <span class='ocr_line' id='line_1_35' title="bbox 83 2156 1593 2228; baseline 0.001 -18"><span class='ocrx_word' id='word_1_247' title='bbox 83 2158 306 2227; x_wconf 60' lang='grc' dir='ltr'>ὀφείλομεν</span> <span class='ocrx_word' id='word_1_248' title='bbox 327 2158 591 2221; x_wconf 79' lang='grc' dir='ltr'>ἅπαντες,</span> <span class='ocrx_word' id='word_1_249' title='bbox 632 2156 868 2210; x_wconf 85' lang='grc' dir='ltr'>θανάτου</span> <span class='ocrx_word' id='word_1_250' title='bbox 900 2156 1137 2228; x_wconf 78' lang='grc' dir='ltr'>μελέτην</span> <span class='ocrx_word' id='word_1_251' title='bbox 1171 2156 1265 2211; x_wconf 78' lang='grc' dir='ltr'>τὸν</span> <span class='ocrx_word' id='word_1_252' title='bbox 1296 2157 1429 2211; x_wconf 73' lang='grc' dir='ltr'>ἴδιον</span> <span class='ocrx_word' id='word_1_253' title='bbox 1467 2158 1593 2211; x_wconf 84' lang='grc' dir='ltr'>ὲπι-</span> 
     </span>
    </p>
   </div>
   <div class='ocr_carea' id='block_1_36' title="bbox 82 2248 1593 2321">
    <p class='ocr_par' dir='ltr' id='par_1_36' title="bbox 82 2248 1593 2321">
     <span class='ocr_line' id='line_1_36' title="bbox 82 2248 1593 2321; baseline -0.001 -16"><span class='ocrx_word' id='word_1_254' title='bbox 82 2250 352 2319; x_wconf 71' lang='grc' dir='ltr'>δεικνύμενοι</span> <span class='ocrx_word' id='word_1_255' title='bbox 386 2248 501 2319; x_wconf 84' lang='grc' dir='ltr'>βίον</span> <span class='ocrx_word' id='word_1_256' title='bbox 523 2266 540 2281; x_wconf 78' lang='grc' dir='ltr'><strong>ο</strong></span> <span class='ocrx_word' id='word_1_257' title='bbox 578 2249 610 2319; x_wconf 86' lang='grc' dir='ltr'>ἦ</span> <span class='ocrx_word' id='word_1_258' title='bbox 634 2248 697 2302; x_wconf 83' lang='grc' dir='ltr'>τὸ</span> <span class='ocrx_word' id='word_1_259' title='bbox 726 2248 1163 2319; x_wconf 83' lang='grc' dir='ltr'>μεταγινώσκειν</span> <span class='ocrx_word' id='word_1_260' title='bbox 1190 2250 1286 2302; x_wconf 81' lang='grc' dir='ltr'>καὶ</span> <span class='ocrx_word' id='word_1_261' title='bbox 1310 2253 1593 2321; x_wconf 84' lang='grc' dir='ltr'>μετανοεῖν</span> 
     </span>
    </p>
   </div>
   <div class='ocr_carea' id='block_1_37' title="bbox 84 2340 1595 2413">
    <p class='ocr_par' dir='ltr' id='par_1_37' title="bbox 84 2340 1595 2413">
     <span class='ocr_line' id='line_1_37' title="bbox 84 2340 1595 2413; baseline 0.003 -22"><span class='ocrx_word' id='word_1_262' title='bbox 84 2341 147 2391; x_wconf 72' lang='lat' dir='ltr'><strong>nl</strong></span> <span class='ocrx_word' id='word_1_263' title='bbox 179 2340 359 2394; x_wconf 82' lang='grc' dir='ltr'>κλαίειν</span> <span class='ocrx_word' id='word_1_264' title='bbox 388 2340 481 2395; x_wconf 73' lang='grc' dir='ltr'><strong>ἐπὶ</strong></span> <span class='ocrx_word' id='word_1_265' title='bbox 523 2343 647 2405; x_wconf 85' lang='grc' dir='ltr'>ταῖς</span> <span class='ocrx_word' id='word_1_266' title='bbox 678 2341 980 2411; x_wconf 84' lang='grc' dir='ltr'>ἁμαρτίαις</span> <span class='ocrx_word' id='word_1_267' title='bbox 1006 2340 1186 2411; x_wconf 76' lang='grc' dir='ltr'>ήμῶν.</span> <span class='ocrx_word' id='word_1_268' title='bbox 1219 2340 1319 2395; x_wconf 87' lang='grc' dir='ltr'>Διά</span> <span class='ocrx_word' id='word_1_269' title='bbox 1348 2341 1456 2413; x_wconf 86' lang='grc' dir='ltr'><strong>γάρ</strong></span> <span class='ocrx_word' id='word_1_270' title='bbox 1485 2340 1595 2395; x_wconf 89' lang='grc' dir='ltr'><strong>τῶν</strong></span> 
     </span>
    </p>
   </div>
   <div class='ocr_carea' id='block_1_38' title="bbox 84 2430 1595 2504">
    <p class='ocr_par' dir='ltr' id='par_1_38' title="bbox 84 2430 1595 2504">
     <span class='ocr_line' id='line_1_38' title="bbox 84 2430 1595 2504; baseline 0.001 -20"><span class='ocrx_word' id='word_1_271' title='bbox 84 2431 262 2501; x_wconf 66' lang='grc' dir='ltr'>συνεχῶν</span> <span class='ocrx_word' id='word_1_272' title='bbox 297 2432 389 2485; x_wconf 81' lang='grc' dir='ltr'>καὶ</span> <span class='ocrx_word' id='word_1_273' title='bbox 434 2431 682 2502; x_wconf 78' lang='grc' dir='ltr'>δαψιλῶν</span> <span class='ocrx_word' id='word_1_274' title='bbox 722 2431 1000 2502; x_wconf 85' lang='grc' dir='ltr'>δακρύων,</span> <span class='ocrx_word' id='word_1_275' title='bbox 1040 2431 1117 2494; x_wconf 81' lang='grc' dir='ltr'>ὡς</span> <span class='ocrx_word' id='word_1_276' title='bbox 1165 2432 1224 2485; x_wconf 76' lang='grc' dir='ltr'>ἐν</span> <span class='ocrx_word' id='word_1_277' title='bbox 1252 2430 1466 2504; x_wconf 83' lang='grc' dir='ltr'>λουτρῷ</span> <span class='ocrx_word' id='word_1_278' title='bbox 1500 2434 1595 2486; x_wconf 86' lang='grc' dir='ltr'>τὸν</span> 
     </span>
    </p>
   </div>
   <div class='ocr_carea' id='block_1_39' title="bbox 84 2522 1595 2596">
    <p class='ocr_par' dir='ltr' id='par_1_39' title="bbox 84 2522 1595 2596">
     <span class='ocr_line' id='line_1_39' title="bbox 84 2522 1595 2596; baseline 0.003 -21"><span class='ocrx_word' id='word_1_279' title='bbox 84 2523 283 2591; x_wconf 65' lang='lat' dir='ltr'><strong>asparbe</strong></span> <span class='ocrx_word' id='word_1_280' title='bbox 303 2523 752 2596; x_wconf 82' lang='grc' dir='ltr'>ἀποκαθαίρομεν</span> <span class='ocrx_word' id='word_1_281' title='bbox 788 2523 982 2595; x_wconf 79' lang='grc' dir='ltr'>ῥύπον,</span> <span class='ocrx_word' id='word_1_282' title='bbox 1012 2522 1187 2587; x_wconf 75' lang='grc' dir='ltr'>οὕτως</span> <span class='ocrx_word' id='word_1_283' title='bbox 1215 2524 1595 2596; x_wconf 83' lang='grc' dir='ltr'>ἀπολουόμεθα</span> 
     </span>
    </p>
   </div>
   <div class='ocr_carea' id='block_1_40' title="bbox 84 2615 1597 2688">
    <p class='ocr_par' dir='ltr' id='par_1_40' title="bbox 84 2615 1597 2688">
     <span class='ocr_line' id='line_1_40' title="bbox 84 2615 1597 2688; baseline 0.003 -21"><span class='ocrx_word' id='word_1_284' title='bbox 84 2616 241 2679; x_wconf 71' lang='grc' dir='ltr'>καὶτὰς</span> <span class='ocrx_word' id='word_1_285' title='bbox 276 2618 505 2688; x_wconf 75' lang='grc' dir='ltr'>ψυχικὰς</span> <span class='ocrx_word' id='word_1_286' title='bbox 538 2616 931 2687; x_wconf 80' lang='grc' dir='ltr'>ἀποπλύνομεν</span> <span class='ocrx_word' id='word_1_287' title='bbox 955 2616 1181 2688; x_wconf 87' lang='grc' dir='ltr'>κηλίδας</span> <span class='ocrx_word' id='word_1_288' title='bbox 1219 2617 1314 2671; x_wconf 70' lang='grc' dir='ltr'>καὶ</span> <span class='ocrx_word' id='word_1_289' title='bbox 1354 2615 1597 2687; x_wconf 74' lang='grc' dir='ltr'>βεδηλώ-</span> 
     </span>
    </p>
   </div>
   <div class='ocr_carea' id='block_1_41' title="bbox 88 2704 1595 2781">
    <p class='ocr_par' dir='ltr' id='par_1_41' title="bbox 88 2704 1595 2781">
     <span class='ocr_line' id='line_1_41' title="bbox 88 2704 1595 2781; baseline 0.003 -22"><span class='ocrx_word' id='word_1_290' title='bbox 88 2724 178 2769; x_wconf 82' lang='grc' dir='ltr'>σεις.</span> <span class='ocrx_word' id='word_1_291' title='bbox 217 2709 297 2762; x_wconf 88' lang='grc' dir='ltr'>Ἐκ</span> <span class='ocrx_word' id='word_1_292' title='bbox 322 2709 375 2762; x_wconf 84' lang='grc' dir='ltr'>δὲ</span> <span class='ocrx_word' id='word_1_293' title='bbox 404 2708 500 2763; x_wconf 80' lang='grc' dir='ltr'>τοῦ</span> <span class='ocrx_word' id='word_1_294' title='bbox 538 2712 879 2781; x_wconf 81' lang='grc' dir='ltr'>προσφοιτᾷν</span> <span class='ocrx_word' id='word_1_295' title='bbox 916 2710 996 2773; x_wconf 84' lang='grc' dir='ltr'><strong>είς</strong></span> <span class='ocrx_word' id='word_1_296' title='bbox 1030 2708 1122 2763; x_wconf 82' lang='grc' dir='ltr'>τὸν</span> <span class='ocrx_word' id='word_1_297' title='bbox 1145 2704 1297 2763; x_wconf 77' lang='grc' dir='ltr'>οἷκον</span> <span class='ocrx_word' id='word_1_298' title='bbox 1326 2709 1423 2762; x_wconf 75' lang='grc' dir='ltr'>τοῦ</span> <span class='ocrx_word' id='word_1_299' title='bbox 1466 2710 1595 2764; x_wconf 79' lang='grc' dir='ltr'>πέν-</span> 
     </span>
    </p>
   </div>
   <div class='ocr_carea' id='block_1_42' title="bbox 83 2797 1594 2869">
    <p class='ocr_par' dir='ltr' id='par_1_42' title="bbox 83 2797 1594 2869">
     <span class='ocr_line' id='line_1_42' title="bbox 83 2797 1594 2869; baseline 0.004 -19"><span class='ocrx_word' id='word_1_300' title='bbox 83 2797 169 2862; x_wconf 80' lang='grc' dir='ltr'>6ους</span> <span class='ocrx_word' id='word_1_301' title='bbox 222 2799 569 2869; x_wconf 81' lang='grc' dir='ltr'>προσγίνεται</span> <span class='ocrx_word' id='word_1_302' title='bbox 637 2798 719 2869; x_wconf 83' lang='grc' dir='ltr'>τῷ</span> <span class='ocrx_word' id='word_1_303' title='bbox 774 2797 1178 2869; x_wconf 72' lang='grc' dir='ltr'>προσφοιτῶντι</span> <span class='ocrx_word' id='word_1_304' title='bbox 1246 2799 1594 2867; x_wconf 81' lang='grc' dir='ltr'>κατανύξεως</span> 
     </span>
    </p>
   </div>
   <div class='ocr_carea' id='block_1_43' title="bbox 82 2886 1593 2965">
    <p class='ocr_par' dir='ltr' id='par_1_43' title="bbox 82 2886 1593 2965">
     <span class='ocr_line' id='line_1_43' title="bbox 82 2886 1593 2965; baseline 0.004 -23"><span class='ocrx_word' id='word_1_305' title='bbox 82 2890 246 2961; x_wconf 49' lang='grc' dir='ltr'>ὸεορμὴ</span> <span class='ocrx_word' id='word_1_306' title='bbox 276 2893 364 2945; x_wconf 74' lang='grc' dir='ltr'>καὶ</span> <span class='ocrx_word' id='word_1_307' title='bbox 392 2894 676 2965; x_wconf 81' lang='grc' dir='ltr'>πρόφασις</span> <span class='ocrx_word' id='word_1_308' title='bbox 708 2892 1003 2963; x_wconf 83' lang='grc' dir='ltr'>μετανοίας</span> <span class='ocrx_word' id='word_1_309' title='bbox 1024 2933 1039 2956; x_wconf 92' lang='grc'><strong>,</strong></span> <span class='ocrx_word' id='word_1_310' title='bbox 1070 2892 1154 2961; x_wconf 78' lang='grc' dir='ltr'><strong>ἐφ’</strong></span> <span class='ocrx_word' id='word_1_311' title='bbox 1184 2886 1264 2956; x_wconf 76' lang='grc' dir='ltr'>οἷς</span> <span class='ocrx_word' id='word_1_312' title='bbox 1303 2894 1593 2965; x_wconf 64' lang='grc' dir='ltr'>ὲπλημμέυ</span> 
     </span>
    </p>
   </div>
   <div class='ocr_carea' id='block_1_44' title="bbox 82 2982 1595 3056">
    <p class='ocr_par' dir='ltr' id='par_1_44' title="bbox 82 2982 1595 3056">
     <span class='ocr_line' id='line_1_44' title="bbox 82 2982 1595 3056; baseline 0.006 -25"><span class='ocrx_word' id='word_1_313' title='bbox 82 2982 198 3047; x_wconf 65' lang='grc' dir='ltr'>λησε·</span> <span class='ocrx_word' id='word_1_314' title='bbox 225 2982 504 3038; x_wconf 81' lang='grc' dir='ltr'>κάντεῦθεν</span> <span class='ocrx_word' id='word_1_315' title='bbox 538 2983 897 3055; x_wconf 80' lang='grc' dir='ltr'>παρεκκλίνει</span> <span class='ocrx_word' id='word_1_316' title='bbox 932 2983 1032 3054; x_wconf 81' lang='grc' dir='ltr'>μὲν</span> <span class='ocrx_word' id='word_1_317' title='bbox 1052 2984 1165 3038; x_wconf 90' lang='grc' dir='ltr'><strong>τῶν</strong></span> <span class='ocrx_word' id='word_1_318' title='bbox 1195 2985 1481 3056; x_wconf 82' lang='grc' dir='ltr'>χειρόνων,</span> <span class='ocrx_word' id='word_1_319' title='bbox 1498 2987 1595 3040; x_wconf 79' lang='grc' dir='ltr'>καὶ</span> 
     </span>
    </p>
   </div>
   <div class='ocr_carea' id='block_1_45' title="bbox 83 3074 1594 3148">
    <p class='ocr_par' dir='ltr' id='par_1_45' title="bbox 83 3074 1594 3148">
     <span class='ocr_line' id='line_1_45' title="bbox 83 3074 1594 3148; baseline 0.005 -20"><span class='ocrx_word' id='word_1_320' title='bbox 83 3074 416 3148; x_wconf 72' lang='grc' dir='ltr'>μεταϐέϐληται</span> <span class='ocrx_word' id='word_1_321' title='bbox 470 3077 615 3146; x_wconf 80' lang='grc' dir='ltr'>πρὸς</span> <span class='ocrx_word' id='word_1_322' title='bbox 662 3077 762 3145; x_wconf 82' lang='grc' dir='ltr'>τὴν</span> <span class='ocrx_word' id='word_1_323' title='bbox 814 3076 1018 3147; x_wconf 77' lang='grc' dir='ltr'>πρᾶξιν</span> <span class='ocrx_word' id='word_1_324' title='bbox 1064 3076 1175 3131; x_wconf 89' lang='grc' dir='ltr'><strong>τῶν</strong></span> <span class='ocrx_word' id='word_1_325' title='bbox 1226 3078 1452 3147; x_wconf 82' lang='grc' dir='ltr'>ἀγαθῶν</span> <span class='ocrx_word' id='word_1_326' title='bbox 1497 3081 1594 3135; x_wconf 74' lang='grc' dir='ltr'>καὶ</span> 
     </span>
    </p>
   </div>
   <div class='ocr_carea' id='block_1_46' title="bbox 82 3165 1125 3239">
    <p class='ocr_par' dir='ltr' id='par_1_46' title="bbox 82 3165 1125 3239">
     <span class='ocr_line' id='line_1_46' title="bbox 82 3165 1125 3239; baseline 0.009 -27"><span class='ocrx_word' id='word_1_327' title='bbox 82 3165 357 3231; x_wconf 56' lang='grc' dir='ltr'>κρειττόνων.</span> <span class='ocrx_word' id='word_1_328' title='bbox 391 3166 607 3221; x_wconf 83' lang='grc' dir='ltr'>Τούτου</span> <span class='ocrx_word' id='word_1_329' title='bbox 639 3167 801 3239; x_wconf 79' lang='grc' dir='ltr'>χάριν</span> <span class='ocrx_word' id='word_1_330' title='bbox 834 3168 1087 3237; x_wconf 76' lang='grc' dir='ltr'>ἐπήγαγε</span> <span class='ocrx_word' id='word_1_331' title='bbox 1112 3183 1125 3197; x_wconf 88' lang='grc'><strong>·</strong></span> 
     </span>
    </p>
   </div>
   <div class='ocr_carea' id='block_1_47' title="bbox 1692 1972 3277 2043">
    <p class='ocr_par' dir='ltr' id='par_1_47' title="bbox 1692 1972 3277 2043">
     <span class='ocr_line' id='line_1_47' title="bbox 1692 1972 3277 2043; baseline 0.001 -12"><span class='ocrx_word' id='word_1_332' title='bbox 1692 1975 1933 2031; x_wconf 85' lang='lat' dir='ltr'><strong>hominis</strong></span> <span class='ocrx_word' id='word_1_333' title='bbox 1952 1974 2049 2027; x_wconf 75' lang='grc'><strong>⁸³.»</strong></span> <span class='ocrx_word' id='word_1_334' title='bbox 2074 1972 2488 2043; x_wconf 82' lang='lat' dir='ltr'><strong>Hic,inquit;at</strong></span> <span class='ocrx_word' id='word_1_335' title='bbox 2525 1974 2694 2043; x_wconf 88' lang='lat' dir='ltr'><strong>quis?</strong></span> <span class='ocrx_word' id='word_1_336' title='bbox 2725 1974 2984 2029; x_wconf 87' lang='lat' dir='ltr'><strong>nimirum</strong></span> <span class='ocrx_word' id='word_1_337' title='bbox 3019 1990 3277 2041; x_wconf 79' lang='lat' dir='ltr'><strong>excessus</strong></span> 
     </span>
    </p>
   </div>
   <div class='ocr_carea' id='block_1_48' title="bbox 1693 2065 3275 2136">
    <p class='ocr_par' dir='ltr' id='par_1_48' title="bbox 1693 2065 3275 2136">
     <span class='ocr_line' id='line_1_48' title="bbox 1693 2065 3275 2136; baseline -0.002 -12"><span class='ocrx_word' id='word_1_338' title='bbox 1693 2077 1745 2124; x_wconf 91' lang='lat' dir='ltr'><strong>et</strong></span> <span class='ocrx_word' id='word_1_339' title='bbox 1792 2082 1943 2122; x_wconf 89' lang='lat' dir='ltr'><strong>mors</strong></span> <span class='ocrx_word' id='word_1_340' title='bbox 1982 2085 1995 2120; x_wconf 92' lang='lat'>:</span> <span class='ocrx_word' id='word_1_341' title='bbox 2032 2066 2085 2120; x_wconf 91' lang='lat' dir='ltr'><strong>in</strong></span> <span class='ocrx_word' id='word_1_342' title='bbox 2125 2081 2234 2136; x_wconf 90' lang='lat' dir='ltr'><strong>qua</strong></span> <span class='ocrx_word' id='word_1_343' title='bbox 2283 2065 2471 2135; x_wconf 88' lang='lat' dir='ltr'><strong>utique</strong></span> <span class='ocrx_word' id='word_1_344' title='bbox 2519 2065 2825 2135; x_wconf 86' lang='lat' dir='ltr'><strong>reputanda</strong></span> <span class='ocrx_word' id='word_1_345' title='bbox 2865 2081 3055 2121; x_wconf 83' lang='lat' dir='ltr'><strong>curam</strong></span> <span class='ocrx_word' id='word_1_346' title='bbox 3105 2067 3275 2122; x_wconf 88' lang='lat' dir='ltr'><strong>animi</strong></span> 
     </span>
    </p>
   </div>
   <div class='ocr_carea' id='block_1_49' title="bbox 1693 2157 3274 2233">
    <p class='ocr_par' dir='ltr' id='par_1_49' title="bbox 1693 2157 3274 2233">
     <span class='ocr_line' id='line_1_49' title="bbox 1693 2157 3274 2233; baseline -0.002 -17"><span class='ocrx_word' id='word_1_347' title='bbox 1693 2175 1898 2233; x_wconf 89' lang='lat' dir='ltr'><strong>ponere</strong></span> <span class='ocrx_word' id='word_1_348' title='bbox 1945 2159 2231 2220; x_wconf 89' lang='lat' dir='ltr'><strong>debemus,</strong></span> <span class='ocrx_word' id='word_1_349' title='bbox 2279 2166 2333 2211; x_wconf 93' lang='lat' dir='ltr'><strong>et</strong></span> <span class='ocrx_word' id='word_1_350' title='bbox 2387 2157 2537 2211; x_wconf 89' lang='lat' dir='ltr'><strong>hanc</strong></span> <span class='ocrx_word' id='word_1_351' title='bbox 2583 2157 2711 2211; x_wconf 54' lang='lat' dir='ltr'><strong>vitae</strong></span> <span class='ocrx_word' id='word_1_352' title='bbox 2745 2166 2949 2213; x_wconf 72' lang='lat' dir='ltr'><strong>nostra:</strong></span> <span class='ocrx_word' id='word_1_353' title='bbox 2996 2173 3274 2213; x_wconf 79' lang='lat' dir='ltr'><strong>summam</strong></span> 
     </span>
    </p>
   </div>
   <div class='ocr_carea' id='block_1_50' title="bbox 1693 2248 3273 2329">
    <p class='ocr_par' dir='ltr' id='par_1_50' title="bbox 1693 2248 3273 2329">
     <span class='ocr_line' id='line_1_50' title="bbox 1693 2248 3273 2329; baseline -0.003 -19"><span class='ocrx_word' id='word_1_354' title='bbox 1693 2263 1907 2329; x_wconf 88' lang='lat' dir='ltr'><strong>putare,</strong></span> <span class='ocrx_word' id='word_1_355' title='bbox 1956 2261 2016 2308; x_wconf 94' lang='lat' dir='ltr'><strong>ut</strong></span> <span class='ocrx_word' id='word_1_356' title='bbox 2058 2251 2447 2321; x_wconf 89' lang='lat' dir='ltr'><strong>resipiscentes</strong></span> <span class='ocrx_word' id='word_1_357' title='bbox 2489 2248 2859 2305; x_wconf 88' lang='lat' dir='ltr'><strong>admissorum</strong></span> <span class='ocrx_word' id='word_1_358' title='bbox 2896 2251 3273 2320; x_wconf 68' lang='lat' dir='ltr'><strong>paenitentiam</strong></span> 
     </span>
    </p>
   </div>
   <div class='ocr_carea' id='block_1_51' title="bbox 1696 2342 3275 2422">
    <p class='ocr_par' dir='ltr' id='par_1_51' title="bbox 1696 2342 3275 2422">
     <span class='ocr_line' id='line_1_51' title="bbox 1696 2342 3275 2422; baseline -0.004 -16"><span class='ocrx_word' id='word_1_359' title='bbox 1696 2364 1945 2422; x_wconf 78' lang='lat' dir='ltr'><strong>agamus,</strong></span> <span class='ocrx_word' id='word_1_360' title='bbox 2001 2355 2056 2401; x_wconf 87' lang='lat' dir='ltr'><strong>et</strong></span> <span class='ocrx_word' id='word_1_361' title='bbox 2119 2353 2342 2416; x_wconf 89' lang='lat' dir='ltr'><strong>peccata</strong></span> <span class='ocrx_word' id='word_1_362' title='bbox 2403 2355 2589 2398; x_wconf 87' lang='lat' dir='ltr'><strong>nostra</strong></span> <span class='ocrx_word' id='word_1_363' title='bbox 2644 2343 2943 2413; x_wconf 89' lang='lat' dir='ltr'><strong>ploremus.</strong></span> <span class='ocrx_word' id='word_1_364' title='bbox 2991 2342 3275 2413; x_wconf 82' lang='lat' dir='ltr'><strong>Perpetuis</strong></span> 
     </span>
    </p>
   </div>
   <div class='ocr_carea' id='block_1_52' title="bbox 1694 2432 3275 2506">
    <p class='ocr_par' dir='ltr' id='par_1_52' title="bbox 1694 2432 3275 2506">
     <span class='ocr_line' id='line_1_52' title="bbox 1694 2432 3275 2506; baseline -0.005 -10"><span class='ocrx_word' id='word_1_365' title='bbox 1694 2440 1841 2497; x_wconf 87' lang='lat' dir='ltr'><strong>enim</strong></span> <span class='ocrx_word' id='word_1_366' title='bbox 1868 2437 2239 2506; x_wconf 86' lang='lat' dir='ltr'><strong>uberibusque</strong></span> <span class='ocrx_word' id='word_1_367' title='bbox 2268 2433 2550 2505; x_wconf 85' lang='lat' dir='ltr'><strong>lacrymis,</strong></span> <span class='ocrx_word' id='word_1_368' title='bbox 2595 2434 2739 2488; x_wconf 88' lang='lat' dir='ltr'><strong>sicut</strong></span> <span class='ocrx_word' id='word_1_369' title='bbox 2769 2432 2825 2487; x_wconf 90' lang='lat' dir='ltr'><strong>in</strong></span> <span class='ocrx_word' id='word_1_370' title='bbox 2863 2433 3083 2489; x_wconf 82' lang='lat' dir='ltr'><strong>lavacro</strong></span> <span class='ocrx_word' id='word_1_371' title='bbox 3114 2432 3275 2488; x_wconf 72' lang='lat' dir='ltr'><strong>[cedi-</strong></span> 
     </span>
    </p>
   </div>
   <div class='ocr_carea' id='block_1_53' title="bbox 1698 2526 3275 2597">
    <p class='ocr_par' dir='ltr' id='par_1_53' title="bbox 1698 2526 3275 2597">
     <span class='ocr_line' id='line_1_53' title="bbox 1698 2526 3275 2597; baseline -0.004 -9"><span class='ocrx_word' id='word_1_372' title='bbox 1698 2542 1834 2588; x_wconf 89' lang='lat' dir='ltr'><strong>tates</strong></span> <span class='ocrx_word' id='word_1_373' title='bbox 1878 2530 2155 2585; x_wconf 90' lang='lat' dir='ltr'><strong>abluimus</strong></span> <span class='ocrx_word' id='word_1_374' title='bbox 2185 2527 2455 2597; x_wconf 87' lang='lat' dir='ltr'><strong>corporis,</strong></span> <span class='ocrx_word' id='word_1_375' title='bbox 2500 2526 2574 2581; x_wconf 90' lang='lat' dir='ltr'><strong>ita</strong></span> <span class='ocrx_word' id='word_1_376' title='bbox 2624 2526 2872 2583; x_wconf 87' lang='lat' dir='ltr'><strong>maculas</strong></span> <span class='ocrx_word' id='word_1_377' title='bbox 2920 2528 3117 2581; x_wconf 65' lang='lat' dir='ltr'><strong>anima:</strong></span> <span class='ocrx_word' id='word_1_378' title='bbox 3149 2542 3275 2582; x_wconf 88' lang='lat' dir='ltr'><strong>sor-</strong></span> 
     </span>
    </p>
   </div>
   <div class='ocr_carea' id='block_1_54' title="bbox 1696 2617 3276 2693">
    <p class='ocr_par' dir='ltr' id='par_1_54' title="bbox 1696 2617 3276 2693">
     <span class='ocr_line' id='line_1_54' title="bbox 1696 2617 3276 2693; baseline -0.003 -14"><span class='ocrx_word' id='word_1_379' title='bbox 1696 2624 1907 2693; x_wconf 90' lang='lat' dir='ltr'><strong>desque</strong></span> <span class='ocrx_word' id='word_1_380' title='bbox 1936 2620 2293 2690; x_wconf 84' lang='lat' dir='ltr'><strong>detergimus.</strong></span> <span class='ocrx_word' id='word_1_381' title='bbox 2329 2617 2566 2675; x_wconf 87' lang='lat' dir='ltr'><strong>Adeunti</strong></span> <span class='ocrx_word' id='word_1_382' title='bbox 2605 2633 2771 2688; x_wconf 88' lang='lat' dir='ltr'><strong>porro</strong></span> <span class='ocrx_word' id='word_1_383' title='bbox 2818 2619 3042 2674; x_wconf 84' lang='lat' dir='ltr'><strong>domum</strong></span> <span class='ocrx_word' id='word_1_384' title='bbox 3091 2619 3276 2675; x_wconf 82' lang='lat' dir='ltr'><strong>luctus</strong></span> 
     </span>
    </p>
   </div>
   <div class='ocr_carea' id='block_1_55' title="bbox 1697 2709 3277 2784">
    <p class='ocr_par' dir='ltr' id='par_1_55' title="bbox 1697 2709 3277 2784">
     <span class='ocr_line' id='line_1_55' title="bbox 1697 2709 3277 2784; baseline -0.005 -13"><span class='ocrx_word' id='word_1_385' title='bbox 1697 2716 1752 2771; x_wconf 92' lang='lat' dir='ltr'><strong>in</strong></span> <span class='ocrx_word' id='word_1_386' title='bbox 1786 2716 1906 2784; x_wconf 88' lang='lat' dir='ltr'><strong>ipso</strong></span> <span class='ocrx_word' id='word_1_387' title='bbox 1943 2726 2172 2767; x_wconf 88' lang='lat' dir='ltr'><strong>accessu</strong></span> <span class='ocrx_word' id='word_1_388' title='bbox 2209 2709 2566 2779; x_wconf 82' lang='lat' dir='ltr'><strong>resipiscendi</strong></span> <span class='ocrx_word' id='word_1_389' title='bbox 2606 2724 2738 2764; x_wconf 82' lang='lat' dir='ltr'><strong>ansa</strong></span> <span class='ocrx_word' id='word_1_390' title='bbox 2770 2710 3045 2779; x_wconf 69' lang='lat' dir='ltr'><strong>praebetur</strong></span> <span class='ocrx_word' id='word_1_391' title='bbox 3076 2719 3131 2764; x_wconf 92' lang='lat' dir='ltr'><strong>et</strong></span> <span class='ocrx_word' id='word_1_392' title='bbox 3158 2725 3277 2780; x_wconf 74' lang='lat' dir='ltr'><strong>pm-</strong></span> 
     </span>
    </p>
   </div>
   <div class='ocr_carea' id='block_1_56' title="bbox 1698 2800 3274 2872">
    <p class='ocr_par' dir='ltr' id='par_1_56' title="bbox 1698 2800 3274 2872">
     <span class='ocr_line' id='line_1_56' title="bbox 1698 2800 3274 2872; baseline -0.004 -9"><span class='ocrx_word' id='word_1_393' title='bbox 1698 2804 1942 2863; x_wconf 70' lang='lat' dir='ltr'><strong>nitent&#39;nr</strong></span> <span class='ocrx_word' id='word_1_394' title='bbox 1971 2803 2192 2859; x_wconf 81' lang='lat' dir='ltr'><strong>occasio</strong></span> <span class='ocrx_word' id='word_1_395' title='bbox 2221 2819 2278 2857; x_wconf 87' lang='lat' dir='ltr'><strong>se</strong></span> <span class='ocrx_word' id='word_1_396' title='bbox 2297 2802 2458 2857; x_wconf 84' lang='lat' dir='ltr'><strong>oll&#39;ert</strong></span> <span class='ocrx_word' id='word_1_397' title='bbox 2483 2816 2648 2871; x_wconf 87' lang='lat' dir='ltr'><strong>super</strong></span> <span class='ocrx_word' id='word_1_398' title='bbox 2682 2801 2770 2863; x_wconf 91' lang='lat' dir='ltr'><strong>iis,</strong></span> <span class='ocrx_word' id='word_1_399' title='bbox 2797 2816 2919 2871; x_wconf 71' lang='lat' dir='ltr'><strong>quae</strong></span> <span class='ocrx_word' id='word_1_400' title='bbox 2948 2800 3274 2872; x_wconf 86' lang='lat' dir='ltr'><strong>deliquerit:</strong></span> 
     </span>
    </p>
   </div>
   <div class='ocr_carea' id='block_1_57' title="bbox 1697 2892 3273 2970">
    <p class='ocr_par' dir='ltr' id='par_1_57' title="bbox 1697 2892 3273 2970">
     <span class='ocr_line' id='line_1_57' title="bbox 1697 2892 3273 2970; baseline -0.006 -15"><span class='ocrx_word' id='word_1_401' title='bbox 1697 2901 1883 2970; x_wconf 83' lang='lat' dir='ltr'><strong>itaque</strong></span> <span class='ocrx_word' id='word_1_402' title='bbox 1924 2913 1983 2952; x_wconf 87' lang='lat' dir='ltr'><strong>se</strong></span> <span class='ocrx_word' id='word_1_403' title='bbox 2022 2912 2052 2951; x_wconf 92' lang='lat' dir='ltr'><strong>a</strong></span> <span class='ocrx_word' id='word_1_404' title='bbox 2092 2895 2272 2951; x_wconf 82' lang='lat' dir='ltr'><strong>noxiis</strong></span> <span class='ocrx_word' id='word_1_405' title='bbox 2305 2893 2589 2957; x_wconf 82' lang='lat' dir='ltr'><strong>avertitur,</strong></span> <span class='ocrx_word' id='word_1_406' title='bbox 2639 2902 2693 2948; x_wconf 92' lang='lat' dir='ltr'><strong>et</strong></span> <span class='ocrx_word' id='word_1_407' title='bbox 2726 2894 2793 2947; x_wconf 88' lang='lat' dir='ltr'><strong>ad</strong></span> <span class='ocrx_word' id='word_1_408' title='bbox 2831 2908 2893 2947; x_wconf 89' lang='lat' dir='ltr'><strong>ea</strong></span> <span class='ocrx_word' id='word_1_409' title='bbox 2938 2892 3273 2964; x_wconf 67' lang='lat' dir='ltr'><strong>praestanda,</strong></span> 
     </span>
    </p>
   </div>
   <div class='ocr_carea' id='block_1_58' title="bbox 1696 2982 3279 3064">
    <p class='ocr_par' dir='ltr' id='par_1_58' title="bbox 1696 2982 3279 3064">
     <span class='ocr_line' id='line_1_58' title="bbox 1696 2982 3279 3064; baseline -0.005 -16"><span class='ocrx_word' id='word_1_410' title='bbox 1696 3009 1820 3064; x_wconf 71' lang='lat' dir='ltr'><strong>quae</strong></span> <span class='ocrx_word' id='word_1_411' title='bbox 1872 2992 2017 3045; x_wconf 90' lang='lat' dir='ltr'><strong>bona</strong></span> <span class='ocrx_word' id='word_1_412' title='bbox 2063 3002 2127 3043; x_wconf 91' lang='lat' dir='ltr'><strong>ac</strong></span> <span class='ocrx_word' id='word_1_413' title='bbox 2181 2987 2398 3061; x_wconf 84' lang='lat' dir='ltr'><strong>p0tiora</strong></span> <span class='ocrx_word' id='word_1_414' title='bbox 2455 2993 2608 3052; x_wconf 88' lang='lat' dir='ltr'><strong>sunt,</strong></span> <span class='ocrx_word' id='word_1_415' title='bbox 2666 2984 2994 3041; x_wconf 88' lang='lat' dir='ltr'><strong>traducitur.</strong></span> <span class='ocrx_word' id='word_1_416' title='bbox 3044 2982 3159 3041; x_wconf 80' lang='lat' dir='ltr'><strong>Bac</strong></span> <span class='ocrx_word' id='word_1_417' title='bbox 3205 2984 3279 3040; x_wconf 80' lang='lat' dir='ltr'><strong>do</strong></span> 
     </span>
    </p>
   </div>
   <div class='ocr_carea' id='block_1_59' title="bbox 1698 3082 2150 3154">
    <p class='ocr_par' dir='ltr' id='par_1_59' title="bbox 1698 3082 2150 3154">
     <span class='ocr_line' id='line_1_59' title="bbox 1698 3082 2150 3154; baseline -0.018 -11"><span class='ocrx_word' id='word_1_418' title='bbox 1698 3100 1862 3143; x_wconf 88' lang='lat' dir='ltr'><strong>causa</strong></span> <span class='ocrx_word' id='word_1_419' title='bbox 1898 3082 2099 3154; x_wconf 87' lang='lat' dir='ltr'><strong>adjecit</strong></span> <span class='ocrx_word' id='word_1_420' title='bbox 2136 3101 2150 3136; x_wconf 87' lang='lat'><strong>:</strong></span> 
     </span>
    </p>
   </div>
   <div class='ocr_carea' id='block_1_60' title="bbox 1572 3332 1697 3405">
    <p class='ocr_par' dir='ltr' id='par_1_60' title="bbox 1572 3332 1697 3405">
     <span class='ocr_line' id='line_1_60' title="bbox 1572 3332 1697 3405; baseline 0.008 -18"><span class='ocrx_word' id='word_1_421' title='bbox 1572 3332 1697 3405; x_wconf 72' lang='lat' dir='ltr'><strong>gv.</strong></span> 
     </span>
    </p>
   </div>
   <div class='ocr_carea' id='block_1_61' title="bbox 126 3464 1504 3541">
    <p class='ocr_par' dir='ltr' id='par_1_61' title="bbox 126 3464 1504 3541">
     <span class='ocr_line' id='line_1_61' title="bbox 126 3464 1504 3541; baseline 0.01 -25"><span class='ocrx_word' id='word_1_422' title='bbox 126 3465 207 3517; x_wconf 82' lang='lat' dir='ltr'><strong>Kal</strong></span> <span class='ocrx_word' id='word_1_423' title='bbox 233 3468 263 3520; x_wconf 81' lang='grc' dir='ltr'><em>ὁ</em></span> <span class='ocrx_word' id='word_1_424' title='bbox 288 3464 394 3526; x_wconf 74' lang='grc' dir='ltr'><strong>ζῶν</strong></span> <span class='ocrx_word' id='word_1_425' title='bbox 415 3466 604 3521; x_wconf 83' lang='grc' dir='ltr'>δώσει</span> <span class='ocrx_word' id='word_1_426' title='bbox 624 3468 856 3537; x_wconf 70' lang='grc' dir='ltr'>ἀγαθὸν</span> <span class='ocrx_word' id='word_1_427' title='bbox 881 3472 970 3537; x_wconf 80' lang='grc' dir='ltr'>εις</span> <span class='ocrx_word' id='word_1_428' title='bbox 1003 3472 1263 3541; x_wconf 81' lang='grc' dir='ltr'>καρδίαν</span> <span class='ocrx_word' id='word_1_429' title='bbox 1292 3474 1504 3530; x_wconf 85' lang='grc' dir='ltr'>αὑτοῦ.</span> 
     </span>
    </p>
   </div>
   <div class='ocr_carea' id='block_1_62' title="bbox 128 3557 1596 3632">
    <p class='ocr_par' dir='ltr' id='par_1_62' title="bbox 128 3557 1596 3632">
     <span class='ocr_line' id='line_1_62' title="bbox 128 3557 1596 3632; baseline 0.008 -23"><span class='ocrx_word' id='word_1_430' title='bbox 128 3557 385 3631; x_wconf 76' lang='grc' dir='ltr'>Μονονουχὶ</span> <span class='ocrx_word' id='word_1_431' title='bbox 410 3561 525 3632; x_wconf 85' lang='grc' dir='ltr'>γάρ</span> <span class='ocrx_word' id='word_1_432' title='bbox 579 3577 781 3630; x_wconf 79' lang='grc' dir='ltr'>φησιν’</span> <span class='ocrx_word' id='word_1_433' title='bbox 819 3562 991 3617; x_wconf 84' lang='grc' dir='ltr'>Ὅταν</span> <span class='ocrx_word' id='word_1_434' title='bbox 1035 3565 1115 3627; x_wconf 84' lang='grc' dir='ltr'><strong>είς</strong></span> <span class='ocrx_word' id='word_1_435' title='bbox 1165 3565 1255 3619; x_wconf 80' lang='grc' dir='ltr'>τὸν</span> <span class='ocrx_word' id='word_1_436' title='bbox 1303 3561 1453 3620; x_wconf 77' lang='grc' dir='ltr'>οἶκον</span> <span class='ocrx_word' id='word_1_437' title='bbox 1498 3565 1596 3621; x_wconf 80' lang='grc' dir='ltr'>τοῦ</span> 
     </span>
    </p>
   </div>
   <div class='ocr_carea' id='block_1_63' title="bbox 81 3648 1600 3727">
    <p class='ocr_par' dir='ltr' id='par_1_63' title="bbox 81 3648 1600 3727">
     <span class='ocr_line' id='line_1_63' title="bbox 81 3648 1600 3727; baseline 0.01 -28"><span class='ocrx_word' id='word_1_438' title='bbox 81 3648 257 3715; x_wconf 69' lang='grc' dir='ltr'>πένθους</span> <span class='ocrx_word' id='word_1_439' title='bbox 295 3652 537 3724; x_wconf 81' lang='grc' dir='ltr'>πορευθῇ</span> <span class='ocrx_word' id='word_1_440' title='bbox 574 3654 668 3706; x_wconf 67' lang='grc' dir='ltr'><strong>κα)⁵</strong></span> <span class='ocrx_word' id='word_1_441' title='bbox 705 3654 814 3706; x_wconf 87' lang='grc' dir='ltr'><strong>τῶν</strong></span> <span class='ocrx_word' id='word_1_442' title='bbox 843 3655 1170 3727; x_wconf 84' lang='grc' dir='ltr'>ὀλοφυρμῶν</span> <span class='ocrx_word' id='word_1_443' title='bbox 1204 3658 1300 3711; x_wconf 74' lang='grc' dir='ltr'>καὶ</span> <span class='ocrx_word' id='word_1_444' title='bbox 1348 3658 1600 3714; x_wconf 88' lang='grc' dir='ltr'>κοπετῶν</span> 
     </span>
    </p>
   </div>
   <div class='ocr_carea' id='block_1_64' title="bbox 80 3742 1596 3822">
    <p class='ocr_par' dir='ltr' id='par_1_64' title="bbox 80 3742 1596 3822">
     <span class='ocr_line' id='line_1_64' title="bbox 80 3742 1596 3822; baseline 0.009 -29"><span class='ocrx_word' id='word_1_445' title='bbox 80 3742 199 3803; x_wconf 73' lang='grc' dir='ltr'>ὸξῶν</span> <span class='ocrx_word' id='word_1_446' title='bbox 224 3744 493 3814; x_wconf 75' lang='grc' dir='ltr'>ἄνθρωπος</span> <span class='ocrx_word' id='word_1_447' title='bbox 531 3747 745 3820; x_wconf 79' lang='grc' dir='ltr'>ἀκούσῃ</span> <span class='ocrx_word' id='word_1_448' title='bbox 788 3748 898 3802; x_wconf 87' lang='grc' dir='ltr'><strong>τῶν</strong></span> <span class='ocrx_word' id='word_1_449' title='bbox 945 3749 1227 3818; x_wconf 82' lang='grc' dir='ltr'>συγγενῶν</span> <span class='ocrx_word' id='word_1_450' title='bbox 1272 3752 1366 3805; x_wconf 78' lang='grc' dir='ltr'>καὶ</span> <span class='ocrx_word' id='word_1_451' title='bbox 1403 3752 1596 3822; x_wconf 79' lang='grc' dir='ltr'>φίλων,</span> 
     </span>
    </p>
   </div>
   <div class='ocr_carea' id='block_1_65' title="bbox 85 3834 1601 3910">
    <p class='ocr_par' dir='ltr' id='par_1_65' title="bbox 85 3834 1601 3910">
     <span class='ocr_line' id='line_1_65' title="bbox 85 3834 1601 3910; baseline 0.01 -28"><span class='ocrx_word' id='word_1_452' title='bbox 85 3834 502 3907; x_wconf 76' lang='grc' dir='ltr'>συνδιατεθήσεται</span> <span class='ocrx_word' id='word_1_453' title='bbox 537 3840 761 3901; x_wconf 82' lang='grc' dir='ltr'>πάντως</span> <span class='ocrx_word' id='word_1_454' title='bbox 801 3843 923 3905; x_wconf 83' lang='grc' dir='ltr'>ταῖς</span> <span class='ocrx_word' id='word_1_455' title='bbox 956 3841 1110 3910; x_wconf 78' lang='grc' dir='ltr'>σφῶν</span> <span class='ocrx_word' id='word_1_456' title='bbox 1154 3842 1463 3909; x_wconf 84' lang='grc' dir='ltr'>διαθέσεσι,</span> <span class='ocrx_word' id='word_1_457' title='bbox 1503 3843 1601 3897; x_wconf 78' lang='grc' dir='ltr'>καὶ</span> 
     </span>
    </p>
   </div>
   <div class='ocr_carea' id='block_1_66' title="bbox 84 3924 1602 4002">
    <p class='ocr_par' dir='ltr' id='par_1_66' title="bbox 84 3924 1602 4002">
     <span class='ocr_line' id='line_1_66' title="bbox 84 3924 1602 4002; baseline 0.011 -29"><span class='ocrx_word' id='word_1_458' title='bbox 84 3924 181 3992; x_wconf 75' lang='grc' dir='ltr'>πρὸς</span> <span class='ocrx_word' id='word_1_459' title='bbox 218 3925 479 3999; x_wconf 82' lang='grc' dir='ltr'>κλαυθμὸν</span> <span class='ocrx_word' id='word_1_460' title='bbox 530 3931 629 3983; x_wconf 72' lang='grc' dir='ltr'>καὶ</span> <span class='ocrx_word' id='word_1_461' title='bbox 677 3930 891 4001; x_wconf 81' lang='grc' dir='ltr'>δάκρυα</span> <span class='ocrx_word' id='word_1_462' title='bbox 948 3932 1197 4002; x_wconf 70' lang='grc' dir='ltr'>κινηθεὶς</span> <span class='ocrx_word' id='word_1_463' title='bbox 1252 3934 1332 3997; x_wconf 85' lang='grc' dir='ltr'><strong>είς</strong></span> <span class='ocrx_word' id='word_1_464' title='bbox 1386 3934 1602 4002; x_wconf 85' lang='grc' dir='ltr'>ἀγαθὰς</span> 
     </span>
    </p>
   </div>
   <div class='ocr_carea' id='block_1_67' title="bbox 83 4018 1597 4096">
    <p class='ocr_par' dir='ltr' id='par_1_67' title="bbox 83 4018 1597 4096">
     <span class='ocr_line' id='line_1_67' title="bbox 83 4018 1597 4096; baseline 0.01 -32"><span class='ocrx_word' id='word_1_465' title='bbox 83 4018 238 4082; x_wconf 66' lang='grc' dir='ltr'>ἑννοίας</span> <span class='ocrx_word' id='word_1_466' title='bbox 263 4022 544 4091; x_wconf 76' lang='grc' dir='ltr'>προελθεῖν</span> <span class='ocrx_word' id='word_1_467' title='bbox 574 4023 998 4093; x_wconf 80' lang='grc' dir='ltr'>παρασκευάσει</span> <span class='ocrx_word' id='word_1_468' title='bbox 1030 4024 1132 4096; x_wconf 81' lang='grc' dir='ltr'>τὴν</span> <span class='ocrx_word' id='word_1_469' title='bbox 1164 4024 1302 4078; x_wconf 72' lang='grc' dir='ltr'>ἰδίαν</span> <span class='ocrx_word' id='word_1_470' title='bbox 1327 4025 1560 4096; x_wconf 86' lang='grc' dir='ltr'>καρδίαν</span> <span class='ocrx_word' id='word_1_471' title='bbox 1582 4041 1597 4057; x_wconf 86' lang='grc'><em>’</em></span> 
     </span>
    </p>
   </div>
   <div class='ocr_carea' id='block_1_68' title="bbox 84 4110 1601 4189">
    <p class='ocr_par' dir='ltr' id='par_1_68' title="bbox 84 4110 1601 4189">
     <span class='ocr_line' id='line_1_68' title="bbox 84 4110 1601 4189; baseline 0.008 -30"><span class='ocrx_word' id='word_1_472' title='bbox 84 4110 149 4160; x_wconf 65' lang='grc' dir='ltr'>καὶ</span> <span class='ocrx_word' id='word_1_473' title='bbox 173 4111 259 4165; x_wconf 80' lang='grc' dir='ltr'>κᾶν</span> <span class='ocrx_word' id='word_1_474' title='bbox 301 4115 577 4184; x_wconf 83' lang='grc' dir='ltr'>ἁμαρτίας</span> <span class='ocrx_word' id='word_1_475' title='bbox 608 4115 859 4187; x_wconf 82' lang='grc' dir='ltr'>εὑρεθείη</span> <span class='ocrx_word' id='word_1_476' title='bbox 892 4116 1234 4188; x_wconf 85' lang='grc' dir='ltr'>πεποιηκὼς,</span> <span class='ocrx_word' id='word_1_477' title='bbox 1273 4120 1601 4189; x_wconf 83' lang='grc' dir='ltr'>μετανοήσει</span> 
     </span>
    </p>
   </div>
   <div class='ocr_carea' id='block_1_69' title="bbox 85 4199 1601 4279">
    <p class='ocr_par' dir='ltr' id='par_1_69' title="bbox 85 4199 1601 4279">
     <span class='ocr_line' id='line_1_69' title="bbox 85 4199 1601 4279; baseline 0.007 -28"><span class='ocrx_word' id='word_1_478' title='bbox 85 4199 252 4266; x_wconf 67' lang='grc' dir='ltr'>πάντως</span> <span class='ocrx_word' id='word_1_479' title='bbox 272 4244 286 4267; x_wconf 96' lang='grc'><strong>,</strong></span> <span class='ocrx_word' id='word_1_480' title='bbox 318 4207 409 4260; x_wconf 74' lang='grc' dir='ltr'>καὶ</span> <span class='ocrx_word' id='word_1_481' title='bbox 441 4207 509 4260; x_wconf 79' lang='grc' dir='ltr'><strong>δι’</strong></span> <span class='ocrx_word' id='word_1_482' title='bbox 544 4203 960 4277; x_wconf 77' lang='grc' dir='ltr'>ὲξαγορεύσεως</span> <span class='ocrx_word' id='word_1_483' title='bbox 1013 4210 1109 4261; x_wconf 69' lang='grc' dir='ltr'><strong>καὶ</strong></span> <span class='ocrx_word' id='word_1_484' title='bbox 1136 4208 1398 4279; x_wconf 75' lang='grc' dir='ltr'>δαψιλοῦς</span> <span class='ocrx_word' id='word_1_485' title='bbox 1445 4208 1601 4279; x_wconf 73' lang='grc' dir='ltr'>ἐλεη-</span> 
     </span>
    </p>
   </div>
   <div class='ocr_carea' id='block_1_70' title="bbox 88 4292 1601 4370">
    <p class='ocr_par' dir='ltr' id='par_1_70' title="bbox 88 4292 1601 4370">
     <span class='ocr_line' id='line_1_70' title="bbox 88 4292 1601 4370; baseline -0.002 -14"><span class='ocrx_word' id='word_1_486' title='bbox 88 4292 272 4363; x_wconf 76' lang='grc' dir='ltr'>μοσύνης</span> <span class='ocrx_word' id='word_1_487' title='bbox 296 4296 391 4368; x_wconf 82' lang='grc' dir='ltr'>τὴν</span> <span class='ocrx_word' id='word_1_488' title='bbox 421 4297 781 4369; x_wconf 81' lang='grc' dir='ltr'>συγχώρησιν</span> <span class='ocrx_word' id='word_1_489' title='bbox 814 4299 993 4352; x_wconf 66' lang='grc' dir='ltr'>αὐτῶν</span> <span class='ocrx_word' id='word_1_490' title='bbox 1035 4299 1225 4353; x_wconf 77' lang='grc' dir='ltr'>λαϐεῖν</span> <span class='ocrx_word' id='word_1_491' title='bbox 1255 4300 1601 4370; x_wconf 75' lang='grc' dir='ltr'>ἐπιζητήσει,</span> 
     </span>
    </p>
   </div>
   <div class='ocr_carea' id='block_1_71' title="bbox 87 4382 1603 4462">
    <p class='ocr_par' dir='ltr' id='par_1_71' title="bbox 87 4382 1603 4462">
     <span class='ocr_line' id='line_1_71' title="bbox 87 4382 1603 4462; baseline 0.005 -27"><span class='ocrx_word' id='word_1_492' title='bbox 87 4382 213 4451; x_wconf 64' lang='grc' dir='ltr'>λέγων</span> <span class='ocrx_word' id='word_1_493' title='bbox 239 4394 367 4455; x_wconf 82' lang='grc' dir='ltr'><strong>μετά</strong></span> <span class='ocrx_word' id='word_1_494' title='bbox 390 4388 484 4443; x_wconf 81' lang='grc' dir='ltr'>τοῦ</span> <span class='ocrx_word' id='word_1_495' title='bbox 512 4391 800 4461; x_wconf 70' lang='grc' dir='ltr'>προφήτου</span> <span class='ocrx_word' id='word_1_496' title='bbox 825 4391 1010 4455; x_wconf 76' lang='grc' dir='ltr'>Δασὶδ,</span> <span class='ocrx_word' id='word_1_497' title='bbox 1042 4410 1060 4442; x_wconf 78' lang='grc' dir='ltr'><strong>ι</strong></span> <span class='ocrx_word' id='word_1_498' title='bbox 1094 4392 1219 4444; x_wconf 90' lang='grc' dir='ltr'>Ὅτι</span> <span class='ocrx_word' id='word_1_499' title='bbox 1248 4390 1346 4462; x_wconf 77' lang='grc' dir='ltr'>τὴν</span> <span class='ocrx_word' id='word_1_500' title='bbox 1370 4390 1603 4460; x_wconf 82' lang='grc' dir='ltr'>ἀνομίαν</span> 
     </span>
    </p>
   </div>
   <div class='ocr_carea' id='block_1_72' title="bbox 90 4479 1603 4554">
    <p class='ocr_par' dir='ltr' id='par_1_72' title="bbox 90 4479 1603 4554">
     <span class='ocr_line' id='line_1_72' title="bbox 90 4479 1603 4554; baseline 0.013 -28"><span class='ocrx_word' id='word_1_501' title='bbox 90 4492 160 4539; x_wconf 77' lang='grc' dir='ltr'><strong>μου</strong></span> <span class='ocrx_word' id='word_1_502' title='bbox 213 4479 311 4548; x_wconf 69' lang='grc' dir='ltr'><strong>ἐγὼ</strong></span> <span class='ocrx_word' id='word_1_503' title='bbox 376 4482 705 4551; x_wconf 86' lang='grc' dir='ltr'>ἀναγγελῶ,</span> <span class='ocrx_word' id='word_1_504' title='bbox 773 4482 869 4537; x_wconf 81' lang='grc' dir='ltr'><strong>καὶ</strong></span> <span class='ocrx_word' id='word_1_505' title='bbox 928 4484 1250 4554; x_wconf 87' lang='grc' dir='ltr'>μεριμνήσω</span> <span class='ocrx_word' id='word_1_506' title='bbox 1314 4482 1460 4552; x_wconf 80' lang='grc' dir='ltr'>ὑπὲρ</span> <span class='ocrx_word' id='word_1_507' title='bbox 1502 4482 1603 4553; x_wconf 81' lang='grc' dir='ltr'><strong>τῆς</strong></span> 
     </span>
    </p>
   </div>
   <div class='ocr_carea' id='block_1_73' title="bbox 88 4566 1605 4645">
    <p class='ocr_par' dir='ltr' id='par_1_73' title="bbox 88 4566 1605 4645">
     <span class='ocr_line' id='line_1_73' title="bbox 88 4566 1605 4645; baseline 0.001 -20"><span class='ocrx_word' id='word_1_508' title='bbox 88 4566 307 4638; x_wconf 73' lang='grc' dir='ltr'>ἁμαρτίας</span> <span class='ocrx_word' id='word_1_509' title='bbox 343 4591 463 4644; x_wconf 89' lang='grc' dir='ltr'>μου.</span> <span class='ocrx_word' id='word_1_510' title='bbox 496 4594 517 4627; x_wconf 87' lang='grc'><strong>›</strong></span> <span class='ocrx_word' id='word_1_511' title='bbox 551 4574 673 4628; x_wconf 81' lang='grc' dir='ltr'>Κᾶν</span> <span class='ocrx_word' id='word_1_512' title='bbox 710 4574 1023 4641; x_wconf 77' lang='grc' dir='ltr'>ἑξοιδαίνων</span> <span class='ocrx_word' id='word_1_513' title='bbox 1057 4575 1177 4628; x_wconf 71' lang='grc' dir='ltr'>ἐστὶ</span> <span class='ocrx_word' id='word_1_514' title='bbox 1204 4576 1301 4627; x_wconf 75' lang='grc' dir='ltr'>καὶ</span> <span class='ocrx_word' id='word_1_515' title='bbox 1331 4574 1605 4645; x_wconf 80' lang='grc' dir='ltr'>φλεγμαί-</span> 
     </span>
    </p>
   </div>
   <div class='ocr_carea' id='block_1_74' title="bbox 90 4664 1606 4739">
    <p class='ocr_par' dir='ltr' id='par_1_74' title="bbox 90 4664 1606 4739">
     <span class='ocr_line' id='line_1_74' title="bbox 90 4664 1606 4739; baseline 0.007 -27"><span class='ocrx_word' id='word_1_516' title='bbox 90 4676 164 4711; x_wconf 81' lang='grc' dir='ltr'>νων</span> <span class='ocrx_word' id='word_1_517' title='bbox 212 4664 298 4733; x_wconf 78' lang='grc' dir='ltr'>τὴν</span> <span class='ocrx_word' id='word_1_518' title='bbox 358 4668 623 4737; x_wconf 81' lang='grc' dir='ltr'>καρδίαν,</span> <span class='ocrx_word' id='word_1_519' title='bbox 690 4670 787 4720; x_wconf 69' lang='grc' dir='ltr'>καὶ</span> <span class='ocrx_word' id='word_1_520' title='bbox 852 4668 1271 4739; x_wconf 73' lang='grc' dir='ltr'>πεφυσιωμένος</span> <span class='ocrx_word' id='word_1_521' title='bbox 1329 4669 1457 4732; x_wconf 79' lang='grc' dir='ltr'>τοὺς</span> <span class='ocrx_word' id='word_1_522' title='bbox 1520 4668 1606 4722; x_wconf 80' lang='grc' dir='ltr'>λο-</span> 
     </span>
    </p>
   </div>
   <div class='ocr_carea' id='block_1_75' title="bbox 1682 3451 2993 3545">
    <p class='ocr_par' dir='ltr' id='par_1_75' title="bbox 1682 3451 2993 3545">
     <span class='ocr_line' id='line_1_75' title="bbox 1682 3451 2993 3545; baseline -0.011 -13"><span class='ocrx_word' id='word_1_523' title='bbox 1682 3451 1689 3459; x_wconf 29' lang='lat'><strong><em>.</em></strong></span> <span class='ocrx_word' id='word_1_524' title='bbox 1769 3476 1841 3531; x_wconf 89' lang='lat' dir='ltr'><strong>Et</strong></span> <span class='ocrx_word' id='word_1_525' title='bbox 1869 3475 1961 3545; x_wconf 80' lang='lat' dir='ltr'><strong>qui</strong></span> <span class='ocrx_word' id='word_1_526' title='bbox 1991 3473 2138 3535; x_wconf 81' lang='lat' dir='ltr'><strong>vivit,</strong></span> <span class='ocrx_word' id='word_1_527' title='bbox 2181 3469 2331 3522; x_wconf 83' lang='lat' dir='ltr'><strong>dabit</strong></span> <span class='ocrx_word' id='word_1_528' title='bbox 2366 3467 2560 3523; x_wconf 81' lang='lat' dir='ltr'><strong>bonum</strong></span> <span class='ocrx_word' id='word_1_529' title='bbox 2594 3464 2663 3519; x_wconf 81' lang='lat' dir='ltr'><strong>ad</strong></span> <span class='ocrx_word' id='word_1_530' title='bbox 2694 3480 2785 3518; x_wconf 88' lang='lat' dir='ltr'><strong>cor</strong></span> <span class='ocrx_word' id='word_1_531' title='bbox 2814 3479 2993 3518; x_wconf 84' lang='lat' dir='ltr'><strong>suum.</strong></span> 
     </span>
    </p>
   </div>
   <div class='ocr_carea' id='block_1_76' title="bbox 1766 3554 3283 3623">
    <p class='ocr_par' dir='ltr' id='par_1_76' title="bbox 1766 3554 3283 3623">
     <span class='ocr_line' id='line_1_76' title="bbox 1766 3554 3283 3623; baseline -0.01 1"><span class='ocrx_word' id='word_1_532' title='bbox 1766 3566 1906 3623; x_wconf 82' lang='lat' dir='ltr'><strong>Nam</strong></span> <span class='ocrx_word' id='word_1_533' title='bbox 1935 3566 2027 3622; x_wconf 82' lang='lat' dir='ltr'><strong>hic</strong></span> <span class='ocrx_word' id='word_1_534' title='bbox 2061 3564 2354 3620; x_wconf 83' lang='lat' dir='ltr'><strong>verborum</strong></span> <span class='ocrx_word' id='word_1_535' title='bbox 2401 3561 2596 3615; x_wconf 87' lang='lat' dir='ltr'><strong>horum</strong></span> <span class='ocrx_word' id='word_1_536' title='bbox 2650 3572 2847 3613; x_wconf 85' lang='lat' dir='ltr'><strong>sensus</strong></span> <span class='ocrx_word' id='word_1_537' title='bbox 2885 3566 2990 3622; x_wconf 89' lang='lat' dir='ltr'><strong>est,</strong></span> <span class='ocrx_word' id='word_1_538' title='bbox 3045 3570 3170 3610; x_wconf 91' lang='lat' dir='ltr'><strong>cum</strong></span> <span class='ocrx_word' id='word_1_539' title='bbox 3224 3554 3283 3609; x_wconf 85' lang='lat' dir='ltr'><strong>in</strong></span> 
     </span>
    </p>
   </div>
   <div class='ocr_carea' id='block_1_77' title="bbox 1696 3647 3278 3720">
    <p class='ocr_par' dir='ltr' id='par_1_77' title="bbox 1696 3647 3278 3720">
     <span class='ocr_line' id='line_1_77' title="bbox 1696 3647 3278 3720; baseline -0.012 -1"><span class='ocrx_word' id='word_1_540' title='bbox 1696 3663 1922 3720; x_wconf 89' lang='lat' dir='ltr'><strong>domum</strong></span> <span class='ocrx_word' id='word_1_541' title='bbox 1968 3661 2151 3715; x_wconf 87' lang='lat' dir='ltr'><strong>luctus</strong></span> <span class='ocrx_word' id='word_1_542' title='bbox 2194 3658 2386 3711; x_wconf 87' lang='lat' dir='ltr'><strong>vivens</strong></span> <span class='ocrx_word' id='word_1_543' title='bbox 2410 3654 2711 3707; x_wconf 87' lang='lat' dir='ltr'><strong>etiamnum</strong></span> <span class='ocrx_word' id='word_1_544' title='bbox 2745 3650 2911 3704; x_wconf 88' lang='lat' dir='ltr'><strong>homo</strong></span> <span class='ocrx_word' id='word_1_545' title='bbox 2948 3647 3278 3718; x_wconf 87' lang='lat' dir='ltr'><strong>pervenerit.</strong></span> 
     </span>
    </p>
   </div>
   <div class='ocr_carea' id='block_1_78' title="bbox 1699 3738 3280 3823">
    <p class='ocr_par' dir='ltr' id='par_1_78' title="bbox 1699 3738 3280 3823">
     <span class='ocr_line' id='line_1_78' title="bbox 1699 3738 3280 3823; baseline -0.01 -15"><span class='ocrx_word' id='word_1_546' title='bbox 1699 3752 1884 3823; x_wconf 89' lang='lat' dir='ltr'><strong>ibique</strong></span> <span class='ocrx_word' id='word_1_547' title='bbox 1908 3758 2267 3821; x_wconf 84' lang='lat' dir='ltr'><strong>c0gnatorum</strong></span> <span class='ocrx_word' id='word_1_548' title='bbox 2302 3744 2458 3822; x_wconf 73' lang='lat'><strong>167</strong></span> <span class='ocrx_word' id='word_1_549' title='bbox 2486 3753 2647 3814; x_wconf 89' lang='lat' dir='ltr'><strong>atque</strong></span> <span class='ocrx_word' id='word_1_550' title='bbox 2677 3740 2979 3795; x_wconf 89' lang='lat' dir='ltr'><strong>amicorum</strong></span> <span class='ocrx_word' id='word_1_551' title='bbox 3007 3738 3163 3795; x_wconf 83' lang='lat' dir='ltr'><strong>ﬂetus</strong></span> <span class='ocrx_word' id='word_1_552' title='bbox 3186 3756 3280 3809; x_wconf 83' lang='lat' dir='ltr'><strong>ge-</strong></span> 
     </span>
    </p>
   </div>
   <div class='ocr_carea' id='block_1_79' title="bbox 1699 3831 3281 3916">
    <p class='ocr_par' dir='ltr' id='par_1_79' title="bbox 1699 3831 3281 3916">
     <span class='ocr_line' id='line_1_79' title="bbox 1699 3831 3281 3916; baseline -0.011 -15"><span class='ocrx_word' id='word_1_553' title='bbox 1699 3847 1978 3916; x_wconf 87' lang='lat' dir='ltr'><strong>mitusque</strong></span> <span class='ocrx_word' id='word_1_554' title='bbox 2007 3841 2267 3905; x_wconf 89' lang='lat' dir='ltr'><strong>audierit,</strong></span> <span class='ocrx_word' id='word_1_555' title='bbox 2307 3838 2426 3892; x_wconf 80' lang='lat' dir='ltr'><strong>fore</strong></span> <span class='ocrx_word' id='word_1_556' title='bbox 2466 3835 2715 3898; x_wconf 89' lang='lat' dir='ltr'><strong>omnino,</strong></span> <span class='ocrx_word' id='word_1_557' title='bbox 2753 3840 2814 3887; x_wconf 94' lang='lat' dir='ltr'><strong>ut</strong></span> <span class='ocrx_word' id='word_1_558' title='bbox 2851 3847 3042 3887; x_wconf 88' lang='lat' dir='ltr'><strong>eorum</strong></span> <span class='ocrx_word' id='word_1_559' title='bbox 3091 3831 3281 3886; x_wconf 86' lang='lat' dir='ltr'><strong>induat</strong></span> 
     </span>
    </p>
   </div>
   <div class='ocr_carea' id='block_1_80' title="bbox 1700 3925 3279 4002">
    <p class='ocr_par' dir='ltr' id='par_1_80' title="bbox 1700 3925 3279 4002">
     <span class='ocr_line' id='line_1_80' title="bbox 1700 3925 3279 4002; baseline -0.01 -9"><span class='ocrx_word' id='word_1_560' title='bbox 1700 3936 1945 4002; x_wconf 81' lang='lat' dir='ltr'><strong>allectus,</strong></span> <span class='ocrx_word' id='word_1_561' title='bbox 1985 3944 2038 3990; x_wconf 90' lang='lat' dir='ltr'><strong>et</strong></span> <span class='ocrx_word' id='word_1_562' title='bbox 2073 3934 2140 3989; x_wconf 91' lang='lat' dir='ltr'><strong>ad</strong></span> <span class='ocrx_word' id='word_1_563' title='bbox 2186 3943 2481 3986; x_wconf 61' lang='lat' dir='ltr'><strong>maerorem</strong></span> <span class='ocrx_word' id='word_1_564' title='bbox 2525 3942 2591 3981; x_wconf 86' lang='lat' dir='ltr'><strong>ac</strong></span> <span class='ocrx_word' id='word_1_565' title='bbox 2632 3925 2904 3995; x_wconf 87' lang='lat' dir='ltr'><strong>lacrymas</strong></span> <span class='ocrx_word' id='word_1_566' title='bbox 2945 3934 3279 3987; x_wconf 84' lang='lat' dir='ltr'><strong>commutus,</strong></span> 
     </span>
    </p>
   </div>
   <div class='ocr_carea' id='block_1_81' title="bbox 1700 4014 3275 4087">
    <p class='ocr_par' dir='ltr' id='par_1_81' title="bbox 1700 4014 3275 4087">
     <span class='ocr_line' id='line_1_81' title="bbox 1700 4014 3275 4087; baseline -0.012 0"><span class='ocrx_word' id='word_1_567' title='bbox 1700 4030 1844 4087; x_wconf 89' lang='lat' dir='ltr'><strong>seria</strong></span> <span class='ocrx_word' id='word_1_568' title='bbox 1875 4028 2095 4083; x_wconf 88' lang='lat' dir='ltr'><strong>tandem</strong></span> <span class='ocrx_word' id='word_1_569' title='bbox 2137 4039 2202 4079; x_wconf 92' lang='lat' dir='ltr'><strong>ac</strong></span> <span class='ocrx_word' id='word_1_570' title='bbox 2241 4030 2391 4077; x_wconf 90' lang='lat' dir='ltr'><strong>recta</strong></span> <span class='ocrx_word' id='word_1_571' title='bbox 2424 4017 2678 4074; x_wconf 89' lang='lat' dir='ltr'><strong>meditari</strong></span> <span class='ocrx_word' id='word_1_572' title='bbox 2720 4015 2966 4071; x_wconf 89' lang='lat' dir='ltr'><strong>animum</strong></span> <span class='ocrx_word' id='word_1_573' title='bbox 3005 4014 3275 4068; x_wconf 88' lang='lat' dir='ltr'><strong>inducat:</strong></span> 
     </span>
    </p>
   </div>
   <div class='ocr_carea' id='block_1_82' title="bbox 1701 4106 3282 4194">
    <p class='ocr_par' dir='ltr' id='par_1_82' title="bbox 1701 4106 3282 4194">
     <span class='ocr_line' id='line_1_82' title="bbox 1701 4106 3282 4194; baseline -0.011 -17"><span class='ocrx_word' id='word_1_574' title='bbox 1701 4134 1868 4194; x_wconf 84' lang='lat' dir='ltr'><strong>atque</strong></span> <span class='ocrx_word' id='word_1_575' title='bbox 1894 4132 1954 4176; x_wconf 82' lang='lat' dir='ltr'><strong>ut</strong></span> <span class='ocrx_word' id='word_1_576' title='bbox 1996 4127 2241 4190; x_wconf 88' lang='lat' dir='ltr'><strong>peccata,</strong></span> <span class='ocrx_word' id='word_1_577' title='bbox 2268 4129 2391 4185; x_wconf 57' lang='lat' dir='ltr'><strong>qua;</strong></span> <span class='ocrx_word' id='word_1_578' title='bbox 2419 4110 2726 4173; x_wconf 89' lang='lat' dir='ltr'><strong>admiserit,</strong></span> <span class='ocrx_word' id='word_1_579' title='bbox 2767 4106 3089 4179; x_wconf 65' lang='lat' dir='ltr'><strong>paenitentia</strong></span> <span class='ocrx_word' id='word_1_580' title='bbox 3121 4106 3282 4176; x_wconf 80' lang='lat' dir='ltr'><strong>plane</strong></span> 
     </span>
    </p>
   </div>
   <div class='ocr_carea' id='block_1_83' title="bbox 1701 4195 3277 4274">
    <p class='ocr_par' dir='ltr' id='par_1_83' title="bbox 1701 4195 3277 4274">
     <span class='ocr_line' id='line_1_83' title="bbox 1701 4195 3277 4274; baseline -0.013 -6"><span class='ocrx_word' id='word_1_581' title='bbox 1701 4213 2019 4271; x_wconf 87' lang='lat' dir='ltr'><strong>detestetur,</strong></span> <span class='ocrx_word' id='word_1_582' title='bbox 2052 4208 2383 4274; x_wconf 86' lang='lat' dir='ltr'><strong>veniamque</strong></span> <span class='ocrx_word' id='word_1_583' title='bbox 2416 4216 2606 4256; x_wconf 86' lang='lat' dir='ltr'><strong>eorum</strong></span> <span class='ocrx_word' id='word_1_584' title='bbox 2643 4198 2991 4254; x_wconf 81' lang='lat' dir='ltr'><strong>confessione</strong></span> <span class='ocrx_word' id='word_1_585' title='bbox 3014 4206 3073 4251; x_wconf 92' lang='lat' dir='ltr'><strong>et</strong></span> <span class='ocrx_word' id='word_1_586' title='bbox 3106 4195 3277 4266; x_wconf 82' lang='lat' dir='ltr'><strong>largis</strong></span> 
     </span>
    </p>
   </div>
   <div class='ocr_carea' id='block_1_84' title="bbox 1703 4285 3279 4374">
    <p class='ocr_par' dir='ltr' id='par_1_84' title="bbox 1703 4285 3279 4374">
     <span class='ocr_line' id='line_1_84' title="bbox 1703 4285 3279 4374; baseline -0.01 -17"><span class='ocrx_word' id='word_1_587' title='bbox 1703 4302 1927 4374; x_wconf 86' lang='lat' dir='ltr'><strong>inopum</strong></span> <span class='ocrx_word' id='word_1_588' title='bbox 1987 4295 2253 4354; x_wconf 85' lang='lat' dir='ltr'><strong>subsidiis</strong></span> <span class='ocrx_word' id='word_1_589' title='bbox 2313 4294 2606 4361; x_wconf 82' lang='lat' dir='ltr'><strong>impetrare</strong></span> <span class='ocrx_word' id='word_1_590' title='bbox 2658 4289 2990 4352; x_wconf 87' lang='lat' dir='ltr'><strong>contendat,</strong></span> <span class='ocrx_word' id='word_1_591' title='bbox 3056 4285 3279 4341; x_wconf 87' lang='lat' dir='ltr'><strong>Davidis</strong></span> 
     </span>
    </p>
   </div>
   <div class='ocr_carea' id='block_1_85' title="bbox 1702 4378 3277 4467">
    <p class='ocr_par' dir='ltr' id='par_1_85' title="bbox 1702 4378 3277 4467">
     <span class='ocr_line' id='line_1_85' title="bbox 1702 4378 3277 4467; baseline -0.01 -19"><span class='ocrx_word' id='word_1_592' title='bbox 1702 4393 1981 4467; x_wconf 65' lang='lat' dir='ltr'><strong>prophetae</strong></span> <span class='ocrx_word' id='word_1_593' title='bbox 2007 4401 2283 4457; x_wconf 87' lang='lat' dir='ltr'><strong>usurpans</strong></span> <span class='ocrx_word' id='word_1_594' title='bbox 2318 4383 2485 4439; x_wconf 87' lang='lat' dir='ltr'><strong>verba</strong></span> <span class='ocrx_word' id='word_1_595' title='bbox 2514 4399 2529 4437; x_wconf 91' lang='lat'><strong>:</strong></span> <span class='ocrx_word' id='word_1_596' title='bbox 2572 4400 2591 4433; x_wconf 77' lang='grc' dir='ltr'><strong>ι</strong></span> <span class='ocrx_word' id='word_1_597' title='bbox 2632 4379 2903 4448; x_wconf 81' lang='lat' dir='ltr'><strong>Quoniam</strong></span> <span class='ocrx_word' id='word_1_598' title='bbox 2932 4378 3277 4450; x_wconf 87' lang='lat' dir='ltr'><strong>iniquitatem</strong></span> 
     </span>
    </p>
   </div>
   <div class='ocr_carea' id='block_1_86' title="bbox 1704 4473 3281 4554">
    <p class='ocr_par' dir='ltr' id='par_1_86' title="bbox 1704 4473 3281 4554">
     <span class='ocr_line' id='line_1_86' title="bbox 1704 4473 3281 4554; baseline -0.01 -14"><span class='ocrx_word' id='word_1_599' title='bbox 1704 4501 1879 4541; x_wconf 84' lang='lat' dir='ltr'><strong>meam</strong></span> <span class='ocrx_word' id='word_1_600' title='bbox 1928 4498 2028 4554; x_wconf 77' lang='lat' dir='ltr'><strong>ego</strong></span> <span class='ocrx_word' id='word_1_601' title='bbox 2086 4476 2451 4540; x_wconf 88' lang='lat' dir='ltr'><strong>annuntiabo,</strong></span> <span class='ocrx_word' id='word_1_602' title='bbox 2504 4483 2559 4530; x_wconf 92' lang='lat' dir='ltr'><strong>et</strong></span> <span class='ocrx_word' id='word_1_603' title='bbox 2609 4473 2863 4543; x_wconf 78' lang='lat' dir='ltr'><strong>cogitabo</strong></span> <span class='ocrx_word' id='word_1_604' title='bbox 2915 4486 3015 4542; x_wconf 88' lang='lat' dir='ltr'><strong>pro</strong></span> <span class='ocrx_word' id='word_1_605' title='bbox 3054 4480 3281 4543; x_wconf 88' lang='lat' dir='ltr'><strong>peccato</strong></span> 
     </span>
    </p>
   </div>
   <div class='ocr_carea' id='block_1_87' title="bbox 1704 4562 3278 4631">
    <p class='ocr_par' dir='ltr' id='par_1_87' title="bbox 1704 4562 3278 4631">
     <span class='ocr_line' id='line_1_87' title="bbox 1704 4562 3278 4631; baseline -0.01 0"><span class='ocrx_word' id='word_1_606' title='bbox 1704 4591 1829 4631; x_wconf 89' lang='lat' dir='ltr'><strong>meo</strong></span> <span class='ocrx_word' id='word_1_607' title='bbox 1852 4572 1921 4626; x_wconf 74' lang='lat'><strong>“.</strong></span> <span class='ocrx_word' id='word_1_608' title='bbox 1953 4591 1971 4624; x_wconf 74' lang='grc' dir='ltr'><strong>ι</strong></span> <span class='ocrx_word' id='word_1_609' title='bbox 2019 4570 2163 4626; x_wconf 88' lang='lat' dir='ltr'><strong>Idem</strong></span> <span class='ocrx_word' id='word_1_610' title='bbox 2202 4568 2288 4623; x_wconf 89' lang='lat' dir='ltr'><strong>vel</strong></span> <span class='ocrx_word' id='word_1_611' title='bbox 2323 4567 2370 4621; x_wconf 90' lang='lat' dir='ltr'><strong>si</strong></span> <span class='ocrx_word' id='word_1_612' title='bbox 2405 4565 2647 4621; x_wconf 88' lang='lat' dir='ltr'><strong>tumidus</strong></span> <span class='ocrx_word' id='word_1_613' title='bbox 2686 4564 2757 4620; x_wconf 88' lang='lat' dir='ltr'><strong>sit</strong></span> <span class='ocrx_word' id='word_1_614' title='bbox 2783 4573 2837 4618; x_wconf 92' lang='lat' dir='ltr'><strong>et</strong></span> <span class='ocrx_word' id='word_1_615' title='bbox 2869 4565 3055 4618; x_wconf 90' lang='lat' dir='ltr'><strong>animo</strong></span> <span class='ocrx_word' id='word_1_616' title='bbox 3081 4562 3278 4627; x_wconf 84' lang='lat' dir='ltr'><strong>elatus,</strong></span> 
     </span>
    </p>
   </div>
   <div class='ocr_carea' id='block_1_88' title="bbox 1707 4657 3283 4739">
    <p class='ocr_par' dir='ltr' id='par_1_88' title="bbox 1707 4657 3283 4739">
     <span class='ocr_line' id='line_1_88' title="bbox 1707 4657 3283 4739; baseline -0.011 -15"><span class='ocrx_word' id='word_1_617' title='bbox 1707 4666 2075 4739; x_wconf 74' lang='lat' dir='ltr'><strong>superbiaque</strong></span> <span class='ocrx_word' id='word_1_618' title='bbox 2098 4673 2374 4718; x_wconf 86' lang='lat' dir='ltr'><strong>assuetam</strong></span> <span class='ocrx_word' id='word_1_619' title='bbox 2403 4657 2825 4730; x_wconf 84' lang='lat' dir='ltr'><strong>cogitationibus</strong></span> <span class='ocrx_word' id='word_1_620' title='bbox 2849 4666 3084 4710; x_wconf 89' lang='lat' dir='ltr'><strong>mentem</strong></span> <span class='ocrx_word' id='word_1_621' title='bbox 3108 4664 3283 4723; x_wconf 80' lang='lat' dir='ltr'><strong>gerat,</strong></span> 
     </span>
    </p>
   </div>
   <div class='ocr_carea' id='block_1_89' title="bbox 90 4746 1600 4832">
    <p class='ocr_par' dir='ltr' id='par_1_89' title="bbox 90 4753 1600 4832">
     <span class='ocr_line' id='line_1_89' title="bbox 90 4753 1600 4832; baseline 0.008 -29"><span class='ocrx_word' id='word_1_622' title='bbox 90 4753 271 4817; x_wconf 69' lang='grc' dir='ltr'>γιςμοὺς</span> <span class='ocrx_word' id='word_1_623' title='bbox 300 4755 372 4825; x_wconf 80' lang='grc' dir='ltr'>τῷ</span> <span class='ocrx_word' id='word_1_624' title='bbox 417 4758 583 4812; x_wconf 81' lang='grc' dir='ltr'>πάθει</span> <span class='ocrx_word' id='word_1_625' title='bbox 618 4758 717 4829; x_wconf 79' lang='grc' dir='ltr'>τῆς</span> <span class='ocrx_word' id='word_1_626' title='bbox 750 4759 1165 4831; x_wconf 80' lang='grc' dir='ltr'>ὑπερηφανείας</span> <span class='ocrx_word' id='word_1_627' title='bbox 1205 4762 1301 4813; x_wconf 76' lang='grc' dir='ltr'>καὶ</span> <span class='ocrx_word' id='word_1_628' title='bbox 1331 4761 1432 4832; x_wconf 78' lang='grc' dir='ltr'>τῆς</span> <span class='ocrx_word' id='word_1_629' title='bbox 1470 4760 1600 4815; x_wconf 88' lang='grc' dir='ltr'>ἀλα-</span> 
     </span>
    </p>
   </div>
   <div class='ocr_carea' id='block_1_90' title="bbox 1703 4746 3282 4832">
    <p class='ocr_par' dir='ltr' id='par_1_90' title="bbox 1708 4746 3282 4824">
     <span class='ocr_line' id='line_1_90' title="bbox 1708 4746 3282 4824; baseline -0.01 -8"><span class='ocrx_word' id='word_1_630' title='bbox 1708 4769 1762 4816; x_wconf 92' lang='lat' dir='ltr'><strong>et</strong></span> <span class='ocrx_word' id='word_1_631' title='bbox 1808 4757 1952 4814; x_wconf 77' lang='lat' dir='ltr'><strong>fastu</strong></span> <span class='ocrx_word' id='word_1_632' title='bbox 1998 4756 2298 4813; x_wconf 87' lang='lat' dir='ltr'><strong>insolenter</strong></span> <span class='ocrx_word' id='word_1_633' title='bbox 2343 4767 2403 4809; x_wconf 84' lang='lat' dir='ltr'><strong>se</strong></span> <span class='ocrx_word' id='word_1_634' title='bbox 2442 4752 2646 4824; x_wconf 85' lang='lat' dir='ltr'><strong>jactet,</strong></span> <span class='ocrx_word' id='word_1_635' title='bbox 2686 4751 2753 4805; x_wconf 89' lang='lat' dir='ltr'><strong>ad</strong></span> <span class='ocrx_word' id='word_1_636' title='bbox 2796 4755 3061 4820; x_wconf 89' lang='lat' dir='ltr'><strong>pudorem</strong></span> <span class='ocrx_word' id='word_1_637' title='bbox 3093 4762 3157 4801; x_wconf 87' lang='lat' dir='ltr'><strong>ac</strong></span> <span class='ocrx_word' id='word_1_638' title='bbox 3185 4746 3282 4801; x_wconf 87' lang='lat' dir='ltr'><strong>de-</strong></span> 
     </span>
    </p>
   </div>
   <div class='ocr_carea' id='block_1_91' title="bbox 142 4932 1303 5010">
    <p class='ocr_par' dir='ltr' id='par_1_91' title="bbox 142 4932 1303 5010">
     <span class='ocr_line' id='line_1_91' title="bbox 142 4932 1303 5010; baseline 0.002 -17"><span class='ocrx_word' id='word_1_639' title='bbox 142 4932 177 4963; x_wconf 73' lang='lat'><em>“</em></span> <span class='ocrx_word' id='word_1_640' title='bbox 203 4935 358 4995; x_wconf 82' lang='lat' dir='ltr'><strong>Eccle.</strong></span> <span class='ocrx_word' id='word_1_641' title='bbox 392 4958 488 5007; x_wconf 83' lang='lat' dir='ltr'><strong>vn,</strong></span> <span class='ocrx_word' id='word_1_642' title='bbox 526 4943 590 5010; x_wconf 69' lang='grc'><strong>,5.</strong></span> <span class='ocrx_word' id='word_1_643' title='bbox 668 4944 712 4974; x_wconf 63' lang='grc'><strong>⁸⁸</strong></span> <span class='ocrx_word' id='word_1_644' title='bbox 748 4941 892 4997; x_wconf 86' lang='lat' dir='ltr'><strong>Psal.</strong></span> <span class='ocrx_word' id='word_1_645' title='bbox 936 4956 1167 5007; x_wconf 78' lang='lat' dir='ltr'><strong>xxxvm,</strong></span> <span class='ocrx_word' id='word_1_646' title='bbox 1206 4941 1303 4997; x_wconf 82' lang='grc'><strong>18.-</strong></span> 
     </span>
    </p>
   </div>
   <div class='ocr_carea' id='block_1_92' title="bbox 94 5136 1610 5207">
    <p class='ocr_par' dir='ltr' id='par_1_92' title="bbox 94 5136 1610 5207">
     <span class='ocr_line' id='line_1_92' title="bbox 94 5136 1610 5207; baseline 0.007 -28"><span class='ocrx_word' id='word_1_647' title='bbox 94 5146 231 5184; x_wconf 71' lang='lat' dir='ltr'><strong>eorum</strong></span> <span class='ocrx_word' id='word_1_648' title='bbox 257 5136 571 5205; x_wconf 77' lang='lat' dir='ltr'><strong>confessione</strong></span> <span class='ocrx_word' id='word_1_649' title='bbox 612 5149 661 5192; x_wconf 92' lang='lat' dir='ltr'><strong>et</strong></span> <span class='ocrx_word' id='word_1_650' title='bbox 694 5138 858 5207; x_wconf 73' lang='lat' dir='ltr'><strong>(argis</strong></span> <span class='ocrx_word' id='word_1_651' title='bbox 907 5139 1122 5206; x_wconf 81' lang='lat' dir='ltr'><strong>inopum</strong></span> <span class='ocrx_word' id='word_1_652' title='bbox 1152 5136 1401 5191; x_wconf 79' lang='lat' dir='ltr'><strong>subsidiis</strong></span> <span class='ocrx_word' id='word_1_653' title='bbox 1443 5136 1610 5205; x_wconf 76' lang='lat' dir='ltr'><strong>impc-</strong></span> 
     </span>
    </p>
   </div>
   <div class='ocr_carea' id='block_1_93' title="bbox 97 5207 1607 5278">
    <p class='ocr_par' dir='ltr' id='par_1_93' title="bbox 97 5207 1607 5278">
     <span class='ocr_line' id='line_1_93' title="bbox 97 5207 1607 5278; baseline 0.005 -27"><span class='ocrx_word' id='word_1_654' title='bbox 97 5208 201 5277; x_wconf 66' lang='lat' dir='ltr'><strong>itare</strong></span> <span class='ocrx_word' id='word_1_655' title='bbox 241 5209 529 5278; x_wconf 81' lang='lat' dir='ltr'><strong>contendat.</strong></span> <span class='ocrx_word' id='word_1_656' title='bbox 596 5228 612 5261; x_wconf 82' lang='grc' dir='ltr'><strong>ι</strong></span> <span class='ocrx_word' id='word_1_657' title='bbox 671 5208 767 5263; x_wconf 80' lang='lat' dir='ltr'><strong>Est</strong></span> <span class='ocrx_word' id='word_1_658' title='bbox 816 5216 997 5262; x_wconf 82' lang='lat' dir='ltr'><strong>autem</strong></span> <span class='ocrx_word' id='word_1_659' title='bbox 1055 5207 1408 5278; x_wconf 80' lang='grc' dir='ltr'>ἐξαγόρευσις</span> <span class='ocrx_word' id='word_1_660' title='bbox 1465 5207 1607 5261; x_wconf 85' lang='lat' dir='ltr'><strong>indi-</strong></span> 
     </span>
    </p>
   </div>
   <div class='ocr_carea' id='block_1_94' title="bbox 98 5277 1611 5358">
    <p class='ocr_par' dir='ltr' id='par_1_94' title="bbox 98 5277 1611 5358">
     <span class='ocr_line' id='line_1_94' title="bbox 98 5277 1611 5358; baseline 0.009 -39"><span class='ocrx_word' id='word_1_661' title='bbox 98 5286 212 5358; x_wconf 65' lang='lat' dir='ltr'><strong>cium</strong></span> <span class='ocrx_word' id='word_1_662' title='bbox 250 5277 317 5358; x_wconf 69' lang='lat' dir='ltr'><strong>rei</strong></span> <span class='ocrx_word' id='word_1_663' title='bbox 355 5289 705 5358; x_wconf 51' lang='lat' dir='ltr'><strong>areanaeLut</strong></span> <span class='ocrx_word' id='word_1_664' title='bbox 753 5278 1099 5358; x_wconf 75' lang='lat' dir='ltr'><strong>grammatici</strong></span> <span class='ocrx_word' id='word_1_665' title='bbox 1145 5277 1454 5358; x_wconf 74' lang='lat' dir='ltr'><strong>explicant,</strong></span> <span class='ocrx_word' id='word_1_666' title='bbox 1500 5292 1611 5345; x_wconf 90' lang='lat' dir='ltr'><strong>quo</strong></span> 
     </span>
    </p>
   </div>
   <div class='ocr_carea' id='block_1_95' title="bbox 99 5345 1610 5405">
    <p class='ocr_par' dir='ltr' id='par_1_95' title="bbox 99 5345 1610 5405">
     <span class='ocr_line' id='line_1_95' title="bbox 99 5345 1610 5405; baseline 0.007 -16"><span class='ocrx_word' id='word_1_667' title='bbox 99 5345 314 5398; x_wconf 72' lang='lat' dir='ltr'><strong>vocabulo</strong></span> <span class='ocrx_word' id='word_1_668' title='bbox 357 5358 565 5405; x_wconf 83' lang='lat' dir='ltr'><strong>veteres</strong></span> <span class='ocrx_word' id='word_1_669' title='bbox 594 5345 783 5404; x_wconf 78' lang='lat' dir='ltr'><strong>Patres</strong></span> <span class='ocrx_word' id='word_1_670' title='bbox 821 5348 1112 5403; x_wconf 88' lang='lat' dir='ltr'><strong>salutarem</strong></span> <span class='ocrx_word' id='word_1_671' title='bbox 1150 5345 1445 5401; x_wconf 78' lang='lat' dir='ltr'><strong>criminum</strong></span> <span class='ocrx_word' id='word_1_672' title='bbox 1481 5362 1610 5400; x_wconf 87' lang='lat' dir='ltr'><strong>con-</strong></span> 
     </span>
    </p>
   </div>
   <div class='ocr_carea' id='block_1_96' title="bbox 102 5406 1610 5493">
    <p class='ocr_par' dir='ltr' id='par_1_96' title="bbox 102 5406 1610 5493">
     <span class='ocr_line' id='line_1_96' title="bbox 102 5406 1610 5493; baseline 0.002 -25"><span class='ocrx_word' id='word_1_673' title='bbox 102 5406 363 5493; x_wconf 55' lang='lat' dir='ltr'><strong>fessionem,</strong></span> <span class='ocrx_word' id='word_1_674' title='bbox 400 5434 520 5487; x_wconf 67' lang='lat' dir='ltr'><strong>qum</strong></span> <span class='ocrx_word' id='word_1_675' title='bbox 581 5418 853 5493; x_wconf 83' lang='lat' dir='ltr'><strong>sacerdoti</strong></span> <span class='ocrx_word' id='word_1_676' title='bbox 916 5428 1128 5493; x_wconf 81' lang='lat' dir='ltr'><strong>secreto</strong></span> <span class='ocrx_word' id='word_1_677' title='bbox 1186 5421 1282 5493; x_wconf 51' lang='lat' dir='ltr'><strong>iit,</strong></span> <span class='ocrx_word' id='word_1_678' title='bbox 1320 5417 1610 5493; x_wconf 77' lang='lat' dir='ltr'><strong>designare</strong></span> 
     </span>
    </p>
   </div>
   <div class='ocr_carea' id='block_1_97' title="bbox 102 5480 1609 5558">
    <p class='ocr_par' dir='ltr' id='par_1_97' title="bbox 102 5480 1609 5558">
     <span class='ocr_line' id='line_1_97' title="bbox 102 5480 1609 5558; baseline 0.008 -30"><span class='ocrx_word' id='word_1_679' title='bbox 102 5480 251 5535; x_wconf 75' lang='lat' dir='ltr'><strong>soliti:</strong></span> <span class='ocrx_word' id='word_1_680' title='bbox 292 5480 590 5557; x_wconf 75' lang='lat' dir='ltr'><strong>quanquam</strong></span> <span class='ocrx_word' id='word_1_681' title='bbox 642 5489 889 5544; x_wconf 85' lang='lat' dir='ltr'><strong>eamdem</strong></span> <span class='ocrx_word' id='word_1_682' title='bbox 946 5488 1149 5558; x_wconf 84' lang='lat' dir='ltr'><strong>passim</strong></span> <span class='ocrx_word' id='word_1_683' title='bbox 1218 5480 1609 5557; x_wconf 65' lang='grc' dir='ltr'>ἐξομολόγησιν</span> 
     </span>
    </p>
   </div>
   <div class='ocr_carea' id='block_1_98' title="bbox 103 5559 1606 5628">
    <p class='ocr_par' dir='ltr' id='par_1_98' title="bbox 103 5559 1606 5628">
     <span class='ocr_line' id='line_1_98' title="bbox 103 5559 1606 5628; baseline 0 -16"><span class='ocrx_word' id='word_1_684' title='bbox 103 5564 275 5627; x_wconf 59' lang='lat' dir='ltr'><strong>quoque</strong></span> <span class='ocrx_word' id='word_1_685' title='bbox 325 5561 609 5627; x_wconf 82' lang='lat' dir='ltr'><strong>appellant.</strong></span> <span class='ocrx_word' id='word_1_686' title='bbox 660 5560 928 5615; x_wconf 69' lang='lat' dir='ltr'><strong>Uzeternm</strong></span> <span class='ocrx_word' id='word_1_687' title='bbox 995 5559 1121 5628; x_wconf 90' lang='lat' dir='ltr'><strong>quia</strong></span> <span class='ocrx_word' id='word_1_688' title='bbox 1185 5567 1416 5627; x_wconf 84' lang='lat' dir='ltr'><strong>utraque</strong></span> <span class='ocrx_word' id='word_1_689' title='bbox 1474 5572 1606 5612; x_wconf 64' lang='lat' dir='ltr'><strong>\‘oce</strong></span> 
     </span>
    </p>
   </div>
   <div class='ocr_carea' id='block_1_99' title="bbox 106 5628 1602 5699">
    <p class='ocr_par' dir='ltr' id='par_1_99' title="bbox 106 5628 1602 5699">
     <span class='ocr_line' id='line_1_99' title="bbox 106 5628 1602 5699; baseline 0.009 -33"><span class='ocrx_word' id='word_1_690' title='bbox 106 5632 167 5669; x_wconf 78' lang='lat' dir='ltr'><strong>usi</strong></span> <span class='ocrx_word' id='word_1_691' title='bbox 203 5628 501 5699; x_wconf 71' lang='lat' dir='ltr'><strong>quandoque</strong></span> <span class='ocrx_word' id='word_1_692' title='bbox 544 5631 731 5685; x_wconf 83' lang='lat' dir='ltr'><strong>Patres</strong></span> <span class='ocrx_word' id='word_1_693' title='bbox 781 5639 910 5683; x_wconf 88' lang='lat' dir='ltr'><strong>sunt</strong></span> <span class='ocrx_word' id='word_1_694' title='bbox 943 5633 1008 5682; x_wconf 83' lang='lat' dir='ltr'><strong>ad</strong></span> <span class='ocrx_word' id='word_1_695' title='bbox 1056 5630 1387 5699; x_wconf 66' lang='lat' dir='ltr'><strong>poenitentia:</strong></span> <span class='ocrx_word' id='word_1_696' title='bbox 1440 5628 1602 5681; x_wconf 87' lang='lat' dir='ltr'><strong>etiam</strong></span> 
     </span>
    </p>
   </div>
   <div class='ocr_carea' id='block_1_100' title="bbox 107 5697 1604 5770">
    <p class='ocr_par' dir='ltr' id='par_1_100' title="bbox 107 5697 1604 5770">
     <span class='ocr_line' id='line_1_100' title="bbox 107 5697 1604 5770; baseline 0.005 -26"><span class='ocrx_word' id='word_1_697' title='bbox 107 5697 525 5770; x_wconf 53' lang='lat' dir='ltr'><strong>flgnilieationem,</strong></span> <span class='ocrx_word' id='word_1_698' title='bbox 556 5716 719 5770; x_wconf 88' lang='lat' dir='ltr'><strong>quam</strong></span> <span class='ocrx_word' id='word_1_699' title='bbox 752 5699 859 5753; x_wconf 84' lang='lat' dir='ltr'><strong>Deo</strong></span> <span class='ocrx_word' id='word_1_700' title='bbox 892 5700 944 5752; x_wconf 88' lang='lat' dir='ltr'><strong>in</strong></span> <span class='ocrx_word' id='word_1_701' title='bbox 973 5697 1449 5754; x_wconf 67' lang='grc' dir='ltr'>οὺέυρτίιῑίοιιίὺυε</span> <span class='ocrx_word' id='word_1_702' title='bbox 1479 5714 1604 5767; x_wconf 88' lang='lat' dir='ltr'><strong>pro-</strong></span> 
     </span>
    </p>
   </div>
   <div class='ocr_carea' id='block_1_101' title="bbox 110 5760 1598 5841">
    <p class='ocr_par' dir='ltr' id='par_1_101' title="bbox 110 5760 1598 5841">
     <span class='ocr_line' id='line_1_101' title="bbox 110 5760 1598 5841; baseline 0.007 -31"><span class='ocrx_word' id='word_1_703' title='bbox 110 5760 841 5841; x_wconf 41' lang='lat' dir='ltr'><strong>lueritestarique&#39;debemus;</strong></span> <span class='ocrx_word' id='word_1_704' title='bbox 889 5786 988 5824; x_wconf 87' lang='lat' dir='ltr'><strong>nec</strong></span> <span class='ocrx_word' id='word_1_705' title='bbox 1028 5772 1209 5823; x_wconf 86' lang='lat' dir='ltr'><strong>minus</strong></span> <span class='ocrx_word' id='word_1_706' title='bbox 1248 5774 1311 5841; x_wconf 85' lang='lat' dir='ltr'><strong>ad</strong></span> <span class='ocrx_word' id='word_1_707' title='bbox 1344 5760 1598 5823; x_wconf 77' lang='lat' dir='ltr'><strong>arcanam</strong></span> 
     </span>
    </p>
   </div>
   <div class='ocr_carea' id='block_1_102' title="bbox 109 5838 1599 5913">
    <p class='ocr_par' dir='ltr' id='par_1_102' title="bbox 109 5838 1599 5913">
     <span class='ocr_line' id='line_1_102' title="bbox 109 5838 1599 5913; baseline -0.001 -16"><span class='ocrx_word' id='word_1_708' title='bbox 109 5838 423 5907; x_wconf 49' lang='lat' dir='ltr'><strong>“Privatam,</strong></span> <span class='ocrx_word' id='word_1_709' title='bbox 465 5857 620 5913; x_wconf 82' lang='lat' dir='ltr'><strong>quam</strong></span> <span class='ocrx_word' id='word_1_710' title='bbox 667 5840 1010 5899; x_wconf 77' lang='lat' dir='ltr'><strong>manifestam</strong></span> <span class='ocrx_word' id='word_1_711' title='bbox 1060 5856 1119 5895; x_wconf 81' lang='lat' dir='ltr'><strong>ac</strong></span> <span class='ocrx_word' id='word_1_712' title='bbox 1156 5840 1423 5910; x_wconf 83' lang='lat' dir='ltr'><strong>publicam</strong></span> <span class='ocrx_word' id='word_1_713' title='bbox 1470 5856 1599 5895; x_wconf 84' lang='lat' dir='ltr'><strong>cou-</strong></span> 
     </span>
    </p>
   </div>
   <div class='ocr_carea' id='block_1_103' title="bbox 1709 5125 3283 5206">
    <p class='ocr_par' dir='ltr' id='par_1_103' title="bbox 1709 5125 3283 5206">
     <span class='ocr_line' id='line_1_103' title="bbox 1709 5125 3283 5206; baseline -0.01 -13"><span class='ocrx_word' id='word_1_714' title='bbox 1709 5137 2037 5202; x_wconf 82' lang='lat' dir='ltr'><strong>fessionem,</strong></span> <span class='ocrx_word' id='word_1_715' title='bbox 2087 5151 2209 5206; x_wconf 72' lang='lat' dir='ltr'><strong>qua:</strong></span> <span class='ocrx_word' id='word_1_716' title='bbox 2258 5131 2575 5206; x_wconf 74' lang='lat' dir='ltr'><strong>aliquandiu</strong></span> <span class='ocrx_word' id='word_1_717' title='bbox 2624 5130 2678 5184; x_wconf 91' lang='lat' dir='ltr'><strong>in</strong></span> <span class='ocrx_word' id='word_1_718' title='bbox 2727 5128 2969 5184; x_wconf 86' lang='lat' dir='ltr'><strong>Ecclesia</strong></span> <span class='ocrx_word' id='word_1_719' title='bbox 3016 5125 3283 5206; x_wconf 68' lang='lat' dir='ltr'><strong>celebrata</strong></span> 
     </span>
    </p>
   </div>
   <div class='ocr_carea' id='block_1_104' title="bbox 1707 5198 3286 5273">
    <p class='ocr_par' dir='ltr' id='par_1_104' title="bbox 1707 5198 3286 5273">
     <span class='ocr_line' id='line_1_104' title="bbox 1707 5198 3286 5273; baseline -0.008 -12"><span class='ocrx_word' id='word_1_720' title='bbox 1707 5217 1825 5273; x_wconf 87' lang='lat' dir='ltr'><strong>est,</strong></span> <span class='ocrx_word' id='word_1_721' title='bbox 1868 5198 2213 5261; x_wconf 82' lang='lat' dir='ltr'><strong>indicandam</strong></span> <span class='ocrx_word' id='word_1_722' title='bbox 2250 5220 2264 5258; x_wconf 91' lang='lat'><strong>:</strong></span> <span class='ocrx_word' id='word_1_723' title='bbox 2314 5198 2513 5257; x_wconf 72' lang='lat' dir='ltr'><strong>niirunt</strong></span> <span class='ocrx_word' id='word_1_724' title='bbox 2554 5209 2636 5255; x_wconf 86' lang='lat' dir='ltr'><strong>est</strong></span> <span class='ocrx_word' id='word_1_725' title='bbox 2678 5207 2942 5273; x_wconf 72' lang='lat' dir='ltr'><strong>quantum</strong></span> <span class='ocrx_word' id='word_1_726' title='bbox 2983 5198 3286 5273; x_wconf 74' lang='lat' dir='ltr'><strong>allaborent</strong></span> 
     </span>
    </p>
   </div>
   <div class='ocr_carea' id='block_1_105' title="bbox 1709 5267 3285 5334">
    <p class='ocr_par' dir='ltr' id='par_1_105' title="bbox 1709 5267 3285 5334">
     <span class='ocr_line' id='line_1_105' title="bbox 1709 5267 3285 5334; baseline -0.01 0"><span class='ocrx_word' id='word_1_727' title='bbox 1709 5267 1948 5334; x_wconf 75' lang='lat' dir='ltr'><strong>bzeretici</strong></span> <span class='ocrx_word' id='word_1_728' title='bbox 1982 5286 2203 5332; x_wconf 50' lang='lat' dir='ltr'><strong>aetatum</strong></span> <span class='ocrx_word' id='word_1_729' title='bbox 2238 5283 2550 5329; x_wconf 83' lang='lat' dir='ltr'><strong>nostrarum</strong></span> <span class='ocrx_word' id='word_1_730' title='bbox 2583 5267 2708 5326; x_wconf 80' lang='lat' dir='ltr'><strong>cuni</strong></span> <span class='ocrx_word' id='word_1_731' title='bbox 2755 5286 2856 5324; x_wconf 92' lang='lat' dir='ltr'><strong>suo</strong></span> <span class='ocrx_word' id='word_1_732' title='bbox 2888 5270 2981 5322; x_wconf 86' lang='lat' dir='ltr'><strong>illo</strong></span> <span class='ocrx_word' id='word_1_733' title='bbox 3012 5267 3285 5320; x_wconf 80' lang='lat' dir='ltr'><strong>Kemnitio</strong></span> 
     </span>
    </p>
   </div>
   <div class='ocr_carea' id='block_1_106' title="bbox 1708 5338 3280 5415">
    <p class='ocr_par' dir='ltr' id='par_1_106' title="bbox 1708 5338 3280 5415">
     <span class='ocr_line' id='line_1_106' title="bbox 1708 5338 3280 5415; baseline -0.01 -12"><span class='ocrx_word' id='word_1_734' title='bbox 1708 5358 1762 5403; x_wconf 91' lang='lat' dir='ltr'><strong>et</strong></span> <span class='ocrx_word' id='word_1_735' title='bbox 1798 5349 2031 5413; x_wconf 74' lang='lat' dir='ltr'><strong>Dallzeo,</strong></span> <span class='ocrx_word' id='word_1_736' title='bbox 2086 5357 2145 5400; x_wconf 93' lang='lat' dir='ltr'><strong>ut</strong></span> <span class='ocrx_word' id='word_1_737' title='bbox 2193 5346 2412 5415; x_wconf 85' lang='lat' dir='ltr'><strong>Patrum</strong></span> <span class='ocrx_word' id='word_1_738' title='bbox 2466 5342 2821 5396; x_wconf 86' lang='lat' dir='ltr'><strong>auctoritates</strong></span> <span class='ocrx_word' id='word_1_739' title='bbox 2878 5341 2986 5391; x_wconf 80' lang='lat' dir='ltr'><strong>alio</strong></span> <span class='ocrx_word' id='word_1_740' title='bbox 3037 5338 3280 5415; x_wconf 72' lang='lat' dir='ltr'><strong>trahant,</strong></span> 
     </span>
    </p>
   </div>
   <div class='ocr_carea' id='block_1_107' title="bbox 1709 5414 3283 5479">
    <p class='ocr_par' dir='ltr' id='par_1_107' title="bbox 1709 5414 3283 5479">
     <span class='ocr_line' id='line_1_107' title="bbox 1709 5414 3283 5479; baseline -0.008 -6"><span class='ocrx_word' id='word_1_741' title='bbox 1709 5434 1809 5474; x_wconf 87' lang='lat' dir='ltr'><strong>nec</strong></span> <span class='ocrx_word' id='word_1_742' title='bbox 1836 5419 1999 5471; x_wconf 83' lang='lat' dir='ltr'><strong>ullam</strong></span> <span class='ocrx_word' id='word_1_743' title='bbox 2030 5433 2094 5469; x_wconf 82' lang='lat' dir='ltr'><strong>ex</strong></span> <span class='ocrx_word' id='word_1_744' title='bbox 2137 5417 2203 5469; x_wconf 88' lang='lat' dir='ltr'><strong>iis</strong></span> <span class='ocrx_word' id='word_1_745' title='bbox 2241 5414 2306 5467; x_wconf 80' lang='lat' dir='ltr'><strong>ad</strong></span> <span class='ocrx_word' id='word_1_746' title='bbox 2356 5427 2611 5466; x_wconf 76' lang='lat' dir='ltr'><strong>arcanam</strong></span> <span class='ocrx_word' id='word_1_747' title='bbox 2652 5425 2897 5479; x_wconf 88' lang='lat' dir='ltr'><strong>unquam</strong></span> <span class='ocrx_word' id='word_1_748' title='bbox 2932 5418 2985 5461; x_wconf 86' lang='lat' dir='ltr'><strong>et</strong></span> <span class='ocrx_word' id='word_1_749' title='bbox 3019 5414 3283 5479; x_wconf 78' lang='lat' dir='ltr'><strong>privatam</strong></span> 
     </span>
    </p>
   </div>
   <div class='ocr_carea' id='block_1_108' title="bbox 1707 5478 3286 5555">
    <p class='ocr_par' dir='ltr' id='par_1_108' title="bbox 1707 5478 3286 5555">
     <span class='ocr_line' id='line_1_108' title="bbox 1707 5478 3286 5555; baseline -0.009 -11"><span class='ocrx_word' id='word_1_750' title='bbox 1707 5489 2110 5545; x_wconf 79' lang='lat' dir='ltr'><strong>confessionem</strong></span> <span class='ocrx_word' id='word_1_751' title='bbox 2146 5484 2421 5555; x_wconf 84' lang='lat' dir='ltr'><strong>pertinere</strong></span> <span class='ocrx_word' id='word_1_752' title='bbox 2446 5478 2766 5555; x_wconf 57' lang='lat' dir='ltr'><strong>concedant;</strong></span> <span class='ocrx_word' id='word_1_753' title='bbox 2808 5479 2862 5533; x_wconf 92' lang='lat' dir='ltr'><strong>In</strong></span> <span class='ocrx_word' id='word_1_754' title='bbox 2888 5493 3127 5549; x_wconf 84' lang='lat' dir='ltr'><strong>quorum</strong></span> <span class='ocrx_word' id='word_1_755' title='bbox 3155 5478 3250 5555; x_wconf 79' lang='lat' dir='ltr'><strong>qui</strong></span> <span class='ocrx_word' id='word_1_756' title='bbox 3268 5507 3286 5518; x_wconf 83' lang='lat'><strong>-</strong></span> 
     </span>
    </p>
   </div>
   <div class='ocr_carea' id='block_1_109' title="bbox 1713 5550 3286 5626">
    <p class='ocr_par' dir='ltr' id='par_1_109' title="bbox 1713 5550 3286 5626">
     <span class='ocr_line' id='line_1_109' title="bbox 1713 5550 3286 5626; baseline -0.01 -12"><span class='ocrx_word' id='word_1_757' title='bbox 1713 5562 1836 5614; x_wconf 88' lang='lat' dir='ltr'><strong>dem</strong></span> <span class='ocrx_word' id='word_1_758' title='bbox 1888 5550 2400 5626; x_wconf 41' lang='lat' dir='ltr'><strong>manusfquando</strong></span> <span class='ocrx_word' id='word_1_759' title='bbox 2451 5553 2556 5626; x_wconf 83' lang='lat' dir='ltr'><strong>alia</strong></span> <span class='ocrx_word' id='word_1_760' title='bbox 2604 5550 3286 5626; x_wconf 71' lang='lat' dir='ltr'><strong>contemnunt,__max_inic</strong></span> 
     </span>
    </p>
   </div>
   <div class='ocr_carea' id='block_1_110' title="bbox 1713 5619 3280 5697">
    <p class='ocr_par' dir='ltr' id='par_1_110' title="bbox 1713 5619 3280 5697">
     <span class='ocr_line' id='line_1_110' title="bbox 1713 5619 3280 5697; baseline -0.006 -16"><span class='ocrx_word' id='word_1_761' title='bbox 1713 5630 1871 5684; x_wconf 88' lang='lat' dir='ltr'><strong>velim</strong></span> <span class='ocrx_word' id='word_1_762' title='bbox 1928 5619 2242 5697; x_wconf 76' lang='lat' dir='ltr'><strong>perveniant</strong></span> <span class='ocrx_word' id='word_1_763' title='bbox 2298 5624 2530 5694; x_wconf 69' lang='lat' dir='ltr'><strong>egregiae</strong></span> <span class='ocrx_word' id='word_1_764' title='bbox 2569 5620 2781 5697; x_wconf 79' lang='lat' dir='ltr'><strong>_Jacobi</strong></span> <span class='ocrx_word' id='word_1_765' title='bbox 2855 5619 3280 5697; x_wconf 70' lang='lat' dir='ltr'><strong>Schellmacln-ri</strong></span> 
     </span>
    </p>
   </div>
   <div class='ocr_carea' id='block_1_111' title="bbox 1710 5691 3305 5768">
    <p class='ocr_par' dir='ltr' id='par_1_111' title="bbox 1710 5691 3305 5768">
     <span class='ocr_line' id='line_1_111' title="bbox 1710 5691 3305 5768; baseline -0.006 -14"><span class='ocrx_word' id='word_1_766' title='bbox 1710 5691 1988 5768; x_wconf 64' lang='lat' dir='ltr'><strong>cpistola},</strong></span> <span class='ocrx_word' id='word_1_767' title='bbox 2053 5706 2110 5751; x_wconf 95' lang='lat' dir='ltr'><strong>ut</strong></span> <span class='ocrx_word' id='word_1_768' title='bbox 2167 5691 2817 5767; x_wconf 71' lang='lat' dir='ltr'><strong>quai&#39;latupotissimum</strong></span> <span class='ocrx_word' id='word_1_769' title='bbox 2870 5691 3041 5762; x_wconf 82' lang='lat' dir='ltr'><strong>partis</strong></span> <span class='ocrx_word' id='word_1_770' title='bbox 3090 5692 3305 5759; x_wconf 65' lang='lat' dir='ltr'><strong>primat</strong></span> 
     </span>
    </p>
   </div>
   <div class='ocr_carea' id='block_1_112' title="bbox 1710 5769 2141 5839">
    <p class='ocr_par' dir='ltr' id='par_1_112' title="bbox 1710 5769 2141 5839">
     <span class='ocr_line' id='line_1_112' title="bbox 1710 5769 2141 5839; baseline -0.002 -15"><span class='ocrx_word' id='word_1_771' title='bbox 1710 5779 1911 5827; x_wconf 83' lang='lat' dir='ltr'><strong>attente</strong></span> <span class='ocrx_word' id='word_1_772' title='bbox 1942 5769 2141 5839; x_wconf 73' lang='lat' dir='ltr'><strong>legant.</strong></span> 
     </span>
    </p>
   </div>
  </div>
