  <div class='ocr_page' id='page_1' title='image "/cluster/home/n/w/nwhite01/storage/ocr_20150623/98/hvd.32044015586951/507.png"; bbox 0 0 4114 6528; ppageno 0'>
   <div class='ocr_carea' id='block_1_1' title="bbox 574 364 3834 464">
    <p class='ocr_par' dir='ltr' id='par_1_1' title="bbox 574 364 3834 464">
     <span class='ocr_line' id='line_1_1' title="bbox 574 364 3834 464; baseline 0.01 -35"><span class='ocrx_word' id='word_1_1' title='bbox 574 364 677 453; x_wconf 70' lang='grc'><strong>991</strong></span> <span class='ocrx_word' id='word_1_2' title='bbox 1671 376 1732 435; x_wconf 92' lang='lat' dir='ltr'><strong>S.</strong></span> <span class='ocrx_word' id='word_1_3' title='bbox 1775 376 2154 441; x_wconf 82' lang='lat' dir='ltr'><strong>GREGORII</strong></span> <span class='ocrx_word' id='word_1_4' title='bbox 2195 382 2678 453; x_wconf 78' lang='lat' dir='ltr'><strong>AGRIGENTIN</strong></span> <span class='ocrx_word' id='word_1_5' title='bbox 2686 386 2713 445; x_wconf 96' lang='grc' dir='ltr'>Ι</span> <span class='ocrx_word' id='word_1_6' title='bbox 3723 399 3834 464; x_wconf 80' lang='lat'><strong>992</strong></span> 
     </span>
    </p>
   </div>
   <div class='ocr_carea' id='block_1_2' title="bbox 528 470 2143 570">
    <p class='ocr_par' dir='ltr' id='par_1_2' title="bbox 528 470 2139 550">
     <span class='ocr_line' id='line_1_2' title="bbox 528 470 2139 550; baseline 0.006 -17"><span class='ocrx_word' id='word_1_7' title='bbox 528 470 536 479; x_wconf 75' lang='grc'><em>’</em></span> <span class='ocrx_word' id='word_1_8' title='bbox 569 478 769 534; x_wconf 85' lang='lat' dir='ltr'><strong>missas</strong></span> <span class='ocrx_word' id='word_1_9' title='bbox 800 475 1116 533; x_wconf 71' lang='lat' dir='ltr'><strong>alectiones</strong></span> <span class='ocrx_word' id='word_1_10' title='bbox 1160 480 1527 550; x_wconf 75' lang='lat' dir='ltr'><strong>pertralietur,</strong></span> <span class='ocrx_word' id='word_1_11' title='bbox 1567 482 1820 538; x_wconf 72' lang='lat' dir='ltr'><strong>humana:</strong></span> <span class='ocrx_word' id='word_1_12' title='bbox 1858 487 1983 540; x_wconf 75' lang='lat' dir='ltr'><strong>vice</strong></span> <span class='ocrx_word' id='word_1_13' title='bbox 2017 488 2139 541; x_wconf 88' lang='lat' dir='ltr'><strong>bre-</strong></span> 
     </span>
    </p>
   </div>
   <div class='ocr_carea' id='block_1_3' title="bbox 2242 470 3834 570">
    <p class='ocr_par' dir='ltr' id='par_1_3' title="bbox 2246 487 3834 570">
     <span class='ocr_line' id='line_1_3' title="bbox 2246 487 3834 570; baseline 0.011 -31"><span class='ocrx_word' id='word_1_14' title='bbox 2246 487 2460 554; x_wconf 78' lang='grc' dir='ltr'>ζονείας</span> <span class='ocrx_word' id='word_1_15' title='bbox 2476 490 2876 561; x_wconf 79' lang='grc' dir='ltr'>ἐξογκώμενος,</span> <span class='ocrx_word' id='word_1_16' title='bbox 2893 491 3394 567; x_wconf 81' lang='grc' dir='ltr'>ἀνθελκυσθήσεται</span> <span class='ocrx_word' id='word_1_17' title='bbox 3415 498 3554 569; x_wconf 80' lang='grc' dir='ltr'>πρὸς</span> <span class='ocrx_word' id='word_1_18' title='bbox 3565 507 3834 570; x_wconf 74' lang='grc' dir='ltr'>ταπεινὰς</span> 
     </span>
    </p>
   </div>
   <div class='ocr_carea' id='block_1_4' title="bbox 565 569 2143 670">
    <p class='ocr_par' dir='ltr' id='par_1_4' title="bbox 565 569 2143 640">
     <span class='ocr_line' id='line_1_4' title="bbox 565 569 2143 640; baseline 0.007 -17"><span class='ocrx_word' id='word_1_19' title='bbox 565 570 791 624; x_wconf 74' lang='lat' dir='ltr'><strong>vitatem</strong></span> <span class='ocrx_word' id='word_1_20' title='bbox 844 569 1141 638; x_wconf 88' lang='lat' dir='ltr'><strong>reputabit,</strong></span> <span class='ocrx_word' id='word_1_21' title='bbox 1189 573 1447 640; x_wconf 76' lang='lat' dir='ltr'><strong>praeclara</strong></span> <span class='ocrx_word' id='word_1_22' title='bbox 1497 574 1802 629; x_wconf 93' lang='lat' dir='ltr'><strong>mutatione</strong></span> <span class='ocrx_word' id='word_1_23' title='bbox 1848 576 1985 631; x_wconf 86' lang='lat' dir='ltr'><strong>alius</strong></span> <span class='ocrx_word' id='word_1_24' title='bbox 2031 593 2143 634; x_wconf 84' lang='lat' dir='ltr'><strong>esse</strong></span> 
     </span>
    </p>
   </div>
   <div class='ocr_carea' id='block_1_5' title="bbox 2242 569 3836 670">
    <p class='ocr_par' dir='ltr' id='par_1_5' title="bbox 2255 569 3836 670">
     <span class='ocr_line' id='line_1_5' title="bbox 2255 569 3836 670; baseline 0.015 -39"><span class='ocrx_word' id='word_1_25' title='bbox 2255 577 2527 645; x_wconf 79' lang='grc' dir='ltr'><strong>διαθέσεις</strong></span> <span class='ocrx_word' id='word_1_26' title='bbox 2547 624 2561 648; x_wconf 89' lang='grc'><strong>,</strong></span> <span class='ocrx_word' id='word_1_27' title='bbox 2591 583 2689 635; x_wconf 72' lang='grc' dir='ltr'><strong>καὶ</strong></span> <span class='ocrx_word' id='word_1_28' title='bbox 2716 582 2814 652; x_wconf 83' lang='grc' dir='ltr'>τῆς</span> <span class='ocrx_word' id='word_1_29' title='bbox 2840 583 3192 657; x_wconf 82' lang='grc' dir='ltr'><strong>ἀνθρωπίνης</strong></span> <span class='ocrx_word' id='word_1_30' title='bbox 3220 588 3368 660; x_wconf 79' lang='grc' dir='ltr'>ζωῆς</span> <span class='ocrx_word' id='word_1_31' title='bbox 3405 593 3836 670; x_wconf 79' lang='grc' dir='ltr'>διενθυμηθήσε·</span> 
     </span>
    </p>
   </div>
   <div class='ocr_carea' id='block_1_6' title="bbox 566 661 2143 749">
    <p class='ocr_par' dir='ltr' id='par_1_6' title="bbox 566 661 2143 736">
     <span class='ocr_line' id='line_1_6' title="bbox 566 661 2143 736; baseline 0.006 -20"><span class='ocrx_word' id='word_1_32' title='bbox 566 661 792 730; x_wconf 85' lang='lat' dir='ltr'><strong>incipiet</strong></span> <span class='ocrx_word' id='word_1_33' title='bbox 832 678 847 711; x_wconf 76' lang='grc' dir='ltr'><strong>ε</strong></span> <span class='ocrx_word' id='word_1_34' title='bbox 885 662 1112 732; x_wconf 84' lang='lat' dir='ltr'><strong>jamque</strong></span> <span class='ocrx_word' id='word_1_35' title='bbox 1163 665 1377 732; x_wconf 81' lang='lat' dir='ltr'><strong>potiora</strong></span> <span class='ocrx_word' id='word_1_36' title='bbox 1427 666 1711 735; x_wconf 72' lang='lat' dir='ltr'><strong>amplexus</strong></span> <span class='ocrx_word' id='word_1_37' title='bbox 1763 669 2024 736; x_wconf 88' lang='lat' dir='ltr'><strong>consilia,</strong></span> <span class='ocrx_word' id='word_1_38' title='bbox 2080 671 2143 725; x_wconf 90' lang='lat' dir='ltr'><strong>ad</strong></span> 
     </span>
    </p>
   </div>
   <div class='ocr_carea' id='block_1_7' title="bbox 2242 661 3833 749">
    <p class='ocr_par' dir='ltr' id='par_1_7' title="bbox 2254 661 3833 749">
     <span class='ocr_line' id='line_1_7' title="bbox 2254 661 3833 749; baseline 0.013 -27"><span class='ocrx_word' id='word_1_39' title='bbox 2254 686 2345 723; x_wconf 86' lang='grc' dir='ltr'><strong>ται</strong></span> <span class='ocrx_word' id='word_1_40' title='bbox 2374 670 2434 724; x_wconf 87' lang='grc' dir='ltr'><strong>τὸ</strong></span> <span class='ocrx_word' id='word_1_41' title='bbox 2463 671 2781 743; x_wconf 83' lang='grc' dir='ltr'><strong>ὠκύμορον,</strong></span> <span class='ocrx_word' id='word_1_42' title='bbox 2835 676 2931 729; x_wconf 73' lang='grc' dir='ltr'><strong>καὶ</strong></span> <span class='ocrx_word' id='word_1_43' title='bbox 2958 676 3056 747; x_wconf 82' lang='grc' dir='ltr'>τὴν</span> <span class='ocrx_word' id='word_1_44' title='bbox 3087 679 3261 749; x_wconf 80' lang='grc' dir='ltr'>καλὴν</span> <span class='ocrx_word' id='word_1_45' title='bbox 3288 681 3579 738; x_wconf 84' lang='grc' dir='ltr'>ἀλλοίωσιν</span> <span class='ocrx_word' id='word_1_46' title='bbox 3592 661 3833 744; x_wconf 40' lang='grc' dir='ltr'>-ἀλλοιω-</span> 
     </span>
    </p>
   </div>
   <div class='ocr_carea' id='block_1_8' title="bbox 566 754 2143 849">
    <p class='ocr_par' dir='ltr' id='par_1_8' title="bbox 566 754 2143 825">
     <span class='ocr_line' id='line_1_8' title="bbox 566 754 2143 825; baseline 0.007 -18"><span class='ocrx_word' id='word_1_47' title='bbox 566 754 772 823; x_wconf 89' lang='lat' dir='ltr'><strong>optima</strong></span> <span class='ocrx_word' id='word_1_48' title='bbox 816 769 1048 825; x_wconf 66' lang='lat' dir='ltr'><strong>qumque</strong></span> <span class='ocrx_word' id='word_1_49' title='bbox 1089 754 1331 811; x_wconf 78' lang='lat' dir='ltr'><strong>facinora</strong></span> <span class='ocrx_word' id='word_1_50' title='bbox 1376 757 1618 812; x_wconf 91' lang='lat' dir='ltr'><strong>animum</strong></span> <span class='ocrx_word' id='word_1_51' title='bbox 1664 757 1895 825; x_wconf 90' lang='lat' dir='ltr'><strong>referet,</strong></span> <span class='ocrx_word' id='word_1_52' title='bbox 1936 778 2001 817; x_wconf 91' lang='lat' dir='ltr'><strong>ac</strong></span> <span class='ocrx_word' id='word_1_53' title='bbox 2032 763 2143 818; x_wconf 83' lang='lat' dir='ltr'><strong>vias</strong></span> 
     </span>
    </p>
   </div>
   <div class='ocr_carea' id='block_1_9' title="bbox 2242 754 3834 849">
    <p class='ocr_par' dir='ltr' id='par_1_9' title="bbox 2254 760 3834 849">
     <span class='ocr_line' id='line_1_9' title="bbox 2254 760 3834 849; baseline 0.016 -36"><span class='ocrx_word' id='word_1_54' title='bbox 2254 760 2482 832; x_wconf 83' lang='grc' dir='ltr'>θήσεται</span> <span class='ocrx_word' id='word_1_55' title='bbox 2499 779 2512 793; x_wconf 82' lang='lat'>&#39;</span> <span class='ocrx_word' id='word_1_56' title='bbox 2542 766 2640 819; x_wconf 74' lang='grc' dir='ltr'><strong>καὶ</strong></span> <span class='ocrx_word' id='word_1_57' title='bbox 2665 765 2907 836; x_wconf 80' lang='grc' dir='ltr'><strong>βελτίους</strong></span> <span class='ocrx_word' id='word_1_58' title='bbox 2936 770 3227 826; x_wconf 82' lang='grc' dir='ltr'>ἀναλαϐὼν</span> <span class='ocrx_word' id='word_1_59' title='bbox 3253 774 3484 840; x_wconf 76' lang='grc' dir='ltr'>ἑννοίας,</span> <span class='ocrx_word' id='word_1_60' title='bbox 3518 780 3600 842; x_wconf 86' lang='grc' dir='ltr'><strong>είς</strong></span> <span class='ocrx_word' id='word_1_61' title='bbox 3621 782 3834 849; x_wconf 76' lang='grc' dir='ltr'>ἀγαθάς</span> 
     </span>
    </p>
   </div>
   <div class='ocr_carea' id='block_1_10' title="bbox 567 845 2141 920">
    <p class='ocr_par' dir='ltr' id='par_1_10' title="bbox 567 845 2141 920">
     <span class='ocr_line' id='line_1_10' title="bbox 567 845 2141 920; baseline 0.004 -20"><span class='ocrx_word' id='word_1_62' title='bbox 567 846 765 900; x_wconf 81' lang='lat' dir='ltr'><strong>salutis</strong></span> <span class='ocrx_word' id='word_1_63' title='bbox 814 846 992 901; x_wconf 87' lang='lat' dir='ltr'><strong>inibit.</strong></span> <span class='ocrx_word' id='word_1_64' title='bbox 1050 845 1166 902; x_wconf 85' lang='lat' dir='ltr'><strong>Hoc</strong></span> <span class='ocrx_word' id='word_1_65' title='bbox 1212 848 1403 918; x_wconf 16' lang='lat' dir='ltr'><strong>igitur.</strong></span> <span class='ocrx_word' id='word_1_66' title='bbox 1436 849 1525 904; x_wconf 91' lang='lat' dir='ltr'><strong>illa</strong></span> <span class='ocrx_word' id='word_1_67' title='bbox 1586 850 1877 920; x_wconf 81' lang='lat' dir='ltr'><strong>designant</strong></span> <span class='ocrx_word' id='word_1_68' title='bbox 1932 854 2141 909; x_wconf 85' lang='lat' dir='ltr'><strong>verba:</strong></span> 
     </span>
    </p>
   </div>
   <div class='ocr_carea' id='block_1_11' title="bbox 573 937 2146 1017">
    <p class='ocr_par' dir='ltr' id='par_1_11' title="bbox 573 937 2146 1017">
     <span class='ocr_line' id='line_1_11' title="bbox 573 937 2146 1017; baseline 0.009 -28"><span class='ocrx_word' id='word_1_69' title='bbox 573 955 595 989; x_wconf 71' lang='grc' dir='ltr'><strong>ι</strong></span> <span class='ocrx_word' id='word_1_70' title='bbox 638 938 703 991; x_wconf 83' lang='grc' dir='ltr'>Ει</span> <span class='ocrx_word' id='word_1_71' title='bbox 738 937 833 1008; x_wconf 88' lang='lat' dir='ltr'><strong>qui</strong></span> <span class='ocrx_word' id='word_1_72' title='bbox 870 938 1005 992; x_wconf 81' lang='lat' dir='ltr'><strong>vivit</strong></span> <span class='ocrx_word' id='word_1_73' title='bbox 1044 940 1195 994; x_wconf 81' lang='lat' dir='ltr'><strong>dabit</strong></span> <span class='ocrx_word' id='word_1_74' title='bbox 1231 941 1438 995; x_wconf 89' lang='lat' dir='ltr'><strong>bonum</strong></span> <span class='ocrx_word' id='word_1_75' title='bbox 1470 942 1537 996; x_wconf 81' lang='lat' dir='ltr'><strong>ad</strong></span> <span class='ocrx_word' id='word_1_76' title='bbox 1586 959 1681 998; x_wconf 88' lang='lat' dir='ltr'><strong>cor</strong></span> <span class='ocrx_word' id='word_1_77' title='bbox 1716 959 1914 1012; x_wconf 88' lang='lat' dir='ltr'><strong>suum;</strong></span> <span class='ocrx_word' id='word_1_78' title='bbox 1956 966 1974 997; x_wconf 74' lang='grc' dir='ltr'><strong>ι</strong></span> <span class='ocrx_word' id='word_1_79' title='bbox 2019 962 2146 1017; x_wconf 87' lang='lat' dir='ltr'><strong>pes-</strong></span> 
     </span>
    </p>
   </div>
   <div class='ocr_carea' id='block_1_12' title="bbox 540 1030 2150 1101">
    <p class='ocr_par' dir='ltr' id='par_1_12' title="bbox 540 1030 2150 1101">
     <span class='ocr_line' id='line_1_12' title="bbox 540 1030 2150 1101; baseline 0.007 -17"><span class='ocrx_word' id='word_1_80' title='bbox 540 1030 722 1085; x_wconf 76' lang='lat' dir='ltr'><strong>simae</strong></span> <span class='ocrx_word' id='word_1_81' title='bbox 766 1030 971 1101; x_wconf 86' lang='lat' dir='ltr'><strong>quippe</strong></span> <span class='ocrx_word' id='word_1_82' title='bbox 1001 1031 1127 1086; x_wconf 65' lang='lat' dir='ltr'><strong>vitm</strong></span> <span class='ocrx_word' id='word_1_83' title='bbox 1159 1031 1457 1101; x_wconf 87' lang='lat' dir='ltr'><strong>damnatio,</strong></span> <span class='ocrx_word' id='word_1_84' title='bbox 1498 1044 1553 1089; x_wconf 87' lang='lat' dir='ltr'><strong>et</strong></span> <span class='ocrx_word' id='word_1_85' title='bbox 1597 1035 1922 1091; x_wconf 85' lang='lat' dir='ltr'><strong>deliberatio</strong></span> <span class='ocrx_word' id='word_1_86' title='bbox 1954 1055 2150 1095; x_wconf 82' lang='lat' dir='ltr'><strong>susce~</strong></span> 
     </span>
    </p>
   </div>
   <div class='ocr_carea' id='block_1_13' title="bbox 532 1121 2148 1192">
    <p class='ocr_par' dir='ltr' id='par_1_13' title="bbox 532 1121 2148 1192">
     <span class='ocr_line' id='line_1_13' title="bbox 532 1121 2148 1192; baseline 0.009 -18"><span class='ocrx_word' id='word_1_87' title='bbox 532 1121 797 1192; x_wconf 85' lang='lat' dir='ltr'><strong>&#39;ptioque</strong></span> <span class='ocrx_word' id='word_1_88' title='bbox 845 1121 1092 1178; x_wconf 88' lang='lat' dir='ltr'><strong>melioris</strong></span> <span class='ocrx_word' id='word_1_89' title='bbox 1122 1124 1367 1179; x_wconf 90' lang='lat' dir='ltr'><strong>animum</strong></span> <span class='ocrx_word' id='word_1_90' title='bbox 1403 1127 1644 1181; x_wconf 82' lang='lat' dir='ltr'><strong>hominis</strong></span> <span class='ocrx_word' id='word_1_91' title='bbox 1674 1128 1742 1183; x_wconf 86' lang='lat' dir='ltr'><strong>ad</strong></span> <span class='ocrx_word' id='word_1_92' title='bbox 1777 1130 1983 1185; x_wconf 86' lang='lat' dir='ltr'><strong>bonum</strong></span> <span class='ocrx_word' id='word_1_93' title='bbox 2018 1132 2148 1187; x_wconf 65' lang='lat' dir='ltr'><strong>beao</strong></span> 
     </span>
    </p>
   </div>
   <div class='ocr_carea' id='block_1_14' title="bbox 533 1213 1698 1285">
    <p class='ocr_par' dir='ltr' id='par_1_14' title="bbox 533 1213 1698 1285">
     <span class='ocr_line' id='line_1_14' title="bbox 533 1213 1698 1285; baseline 0.007 -18"><span class='ocrx_word' id='word_1_94' title='bbox 533 1220 541 1225; x_wconf 84' lang='lat'>&#39;</span> <span class='ocrx_word' id='word_1_95' title='bbox 566 1220 794 1285; x_wconf 86' lang='lat' dir='ltr'><strong>tumque</strong></span> <span class='ocrx_word' id='word_1_96' title='bbox 816 1213 979 1269; x_wconf 82' lang='lat' dir='ltr'><strong>tinem</strong></span> <span class='ocrx_word' id='word_1_97' title='bbox 1013 1214 1310 1270; x_wconf 88' lang='lat' dir='ltr'><strong>deducunt.</strong></span> <span class='ocrx_word' id='word_1_98' title='bbox 1342 1216 1432 1271; x_wconf 82' lang='lat' dir='ltr'><strong>Ait</strong></span> <span class='ocrx_word' id='word_1_99' title='bbox 1458 1218 1657 1274; x_wconf 86' lang='lat' dir='ltr'><strong>deinde</strong></span> <span class='ocrx_word' id='word_1_100' title='bbox 1684 1238 1698 1274; x_wconf 91' lang='lat'><strong>:</strong></span> 
     </span>
    </p>
   </div>
   <div class='ocr_carea' id='block_1_15' title="bbox 2105 1511 2252 1584">
    <p class='ocr_par' dir='ltr' id='par_1_15' title="bbox 2105 1511 2252 1584">
     <span class='ocr_line' id='line_1_15' title="bbox 2105 1511 2252 1584; baseline 0.041 -18"><span class='ocrx_word' id='word_1_101' title='bbox 2105 1511 2252 1584; x_wconf 80' lang='lat' dir='ltr'><strong>§VL</strong></span> 
     </span>
    </p>
   </div>
   <div class='ocr_carea' id='block_1_16' title="bbox 638 1596 2219 1673">
    <p class='ocr_par' dir='ltr' id='par_1_16' title="bbox 638 1596 2219 1673">
     <span class='ocr_line' id='line_1_16' title="bbox 638 1596 2219 1673; baseline 0.004 -21"><span class='ocrx_word' id='word_1_102' title='bbox 638 1596 806 1653; x_wconf 67' lang='lat' dir='ltr'><strong>Vsus.</strong></span> <span class='ocrx_word' id='word_1_103' title='bbox 837 1598 893 1653; x_wconf 75' lang='grc'>4.</span> <span class='ocrx_word' id='word_1_104' title='bbox 926 1597 1128 1652; x_wconf 80' lang='lat' dir='ltr'><strong>Bonum</strong></span> <span class='ocrx_word' id='word_1_105' title='bbox 1159 1610 1235 1653; x_wconf 74' lang='lat' dir='ltr'><strong>est</strong></span> <span class='ocrx_word' id='word_1_106' title='bbox 1255 1599 1339 1654; x_wconf 82' lang='lat' dir='ltr'><strong>ira</strong></span> <span class='ocrx_word' id='word_1_107' title='bbox 1362 1616 1519 1671; x_wconf 78' lang='lat' dir='ltr'><strong>super</strong></span> <span class='ocrx_word' id='word_1_108' title='bbox 1544 1601 1711 1656; x_wconf 77' lang='lat' dir='ltr'><strong>risum</strong></span> <span class='ocrx_word' id='word_1_109' title='bbox 1727 1602 1890 1673; x_wconf 83' lang='lat' dir='ltr'><strong>,&#39;quia</strong></span> <span class='ocrx_word' id='word_1_110' title='bbox 1918 1603 1975 1657; x_wconf 85' lang='lat' dir='ltr'><strong>in</strong></span> <span class='ocrx_word' id='word_1_111' title='bbox 1999 1604 2141 1659; x_wconf 85' lang='lat' dir='ltr'><strong>malo</strong></span> <span class='ocrx_word' id='word_1_112' title='bbox 2173 1610 2219 1668; x_wconf 81' lang='grc' dir='ltr'><strong>Β</strong></span> 
     </span>
    </p>
   </div>
   <div class='ocr_carea' id='block_1_17' title="bbox 569 1690 1247 1761">
    <p class='ocr_par' dir='ltr' id='par_1_17' title="bbox 569 1690 1247 1761">
     <span class='ocr_line' id='line_1_17' title="bbox 569 1690 1247 1761; baseline 0 -15"><span class='ocrx_word' id='word_1_113' title='bbox 569 1690 747 1747; x_wconf 75' lang='lat' dir='ltr'><strong>uultus</strong></span> <span class='ocrx_word' id='word_1_114' title='bbox 779 1692 869 1761; x_wconf 78' lang='lat' dir='ltr'><strong>ﬁet</strong></span> <span class='ocrx_word' id='word_1_115' title='bbox 901 1691 1096 1746; x_wconf 84' lang='lat' dir='ltr'><strong>bonum</strong></span> <span class='ocrx_word' id='word_1_116' title='bbox 1135 1709 1247 1746; x_wconf 87' lang='lat' dir='ltr'><strong>cor.</strong></span> 
     </span>
    </p>
   </div>
   <div class='ocr_carea' id='block_1_18' title="bbox 542 1780 2142 1851">
    <p class='ocr_par' dir='ltr' id='par_1_18' title="bbox 542 1780 2142 1851">
     <span class='ocr_line' id='line_1_18' title="bbox 542 1780 2142 1851; baseline 0.003 -17"><span class='ocrx_word' id='word_1_117' title='bbox 542 1844 548 1849; x_wconf 29' lang='lat'><strong>,</strong></span> <span class='ocrx_word' id='word_1_118' title='bbox 643 1780 783 1835; x_wconf 91' lang='lat' dir='ltr'><strong>Iram</strong></span> <span class='ocrx_word' id='word_1_119' title='bbox 819 1780 1104 1837; x_wconf 89' lang='lat' dir='ltr'><strong>decentem</strong></span> <span class='ocrx_word' id='word_1_120' title='bbox 1148 1797 1212 1836; x_wconf 90' lang='lat' dir='ltr'><strong>ac</strong></span> <span class='ocrx_word' id='word_1_121' title='bbox 1239 1781 1452 1851; x_wconf 83' lang='lat' dir='ltr'><strong>justam</strong></span> <span class='ocrx_word' id='word_1_122' title='bbox 1501 1782 1651 1837; x_wconf 89' lang='lat' dir='ltr'><strong>omni</strong></span> <span class='ocrx_word' id='word_1_123' title='bbox 1695 1782 1809 1838; x_wconf 91' lang='lat' dir='ltr'><strong>risu</strong></span> <span class='ocrx_word' id='word_1_124' title='bbox 1861 1783 2142 1839; x_wconf 86' lang='lat' dir='ltr'><strong>meliorem</strong></span> 
     </span>
    </p>
   </div>
   <div class='ocr_carea' id='block_1_19' title="bbox 545 1870 2145 1951">
    <p class='ocr_par' dir='ltr' id='par_1_19' title="bbox 545 1870 2145 1951">
     <span class='ocr_line' id='line_1_19' title="bbox 545 1870 2145 1951; baseline 0.004 -25"><span class='ocrx_word' id='word_1_125' title='bbox 545 1885 691 1951; x_wconf 33' lang='lat' dir='ltr'><strong>.esse</strong></span> <span class='ocrx_word' id='word_1_126' title='bbox 734 1873 1073 1940; x_wconf 86' lang='lat' dir='ltr'><strong>pronuntiat.</strong></span> <span class='ocrx_word' id='word_1_127' title='bbox 1137 1870 1271 1926; x_wconf 86' lang='lat' dir='ltr'><strong>Nam</strong></span> <span class='ocrx_word' id='word_1_128' title='bbox 1318 1872 1521 1928; x_wconf 86' lang='lat' dir='ltr'><strong>divinis</strong></span> <span class='ocrx_word' id='word_1_129' title='bbox 1562 1874 1784 1943; x_wconf 88' lang='lat' dir='ltr'><strong>quidem</strong></span> <span class='ocrx_word' id='word_1_130' title='bbox 1832 1876 1886 1930; x_wconf 91' lang='lat' dir='ltr'><strong>in</strong></span> <span class='ocrx_word' id='word_1_131' title='bbox 1924 1874 2145 1932; x_wconf 85' lang='lat' dir='ltr'><strong>Litteris</strong></span> 
     </span>
    </p>
   </div>
   <div class='ocr_carea' id='block_1_20' title="bbox 546 1964 2143 2041">
    <p class='ocr_par' dir='ltr' id='par_1_20' title="bbox 546 1964 2143 2041">
     <span class='ocr_line' id='line_1_20' title="bbox 546 1964 2143 2041; baseline 0.004 -23"><span class='ocrx_word' id='word_1_132' title='bbox 546 1964 751 2041; x_wconf 75' lang='lat' dir='ltr'><strong>locum</strong></span> <span class='ocrx_word' id='word_1_133' title='bbox 809 1965 1048 2034; x_wconf 88' lang='lat' dir='ltr'><strong>reperies</strong></span> <span class='ocrx_word' id='word_1_134' title='bbox 1103 1966 1351 2029; x_wconf 88' lang='lat' dir='ltr'><strong>nullum,</strong></span> <span class='ocrx_word' id='word_1_135' title='bbox 1405 1965 1497 2021; x_wconf 87' lang='lat' dir='ltr'><strong>ubi</strong></span> <span class='ocrx_word' id='word_1_136' title='bbox 1552 1968 1701 2023; x_wconf 87' lang='lat' dir='ltr'><strong>risus</strong></span> <span class='ocrx_word' id='word_1_137' title='bbox 1748 1976 2005 2039; x_wconf 88' lang='lat' dir='ltr'><strong>tanquam</strong></span> <span class='ocrx_word' id='word_1_138' title='bbox 2055 1984 2143 2025; x_wconf 88' lang='lat' dir='ltr'><strong>res</strong></span> 
     </span>
    </p>
   </div>
   <div class='ocr_carea' id='block_1_21' title="bbox 568 2053 2143 2127">
    <p class='ocr_par' dir='ltr' id='par_1_21' title="bbox 568 2053 2143 2127">
     <span class='ocr_line' id='line_1_21' title="bbox 568 2053 2143 2127; baseline 0.003 -19"><span class='ocrx_word' id='word_1_139' title='bbox 568 2053 713 2109; x_wconf 87' lang='lat' dir='ltr'><strong>bona</strong></span> <span class='ocrx_word' id='word_1_140' title='bbox 742 2053 1181 2122; x_wconf 86' lang='lat' dir='ltr'><strong>commendatus,</strong></span> <span class='ocrx_word' id='word_1_141' title='bbox 1228 2064 1283 2110; x_wconf 91' lang='lat' dir='ltr'><strong>et</strong></span> <span class='ocrx_word' id='word_1_142' title='bbox 1311 2055 1495 2125; x_wconf 87' lang='lat' dir='ltr'><strong>aliqua</strong></span> <span class='ocrx_word' id='word_1_143' title='bbox 1537 2072 1605 2111; x_wconf 78' lang='lat' dir='ltr'><strong>ex</strong></span> <span class='ocrx_word' id='word_1_144' title='bbox 1638 2072 1805 2113; x_wconf 89' lang='lat' dir='ltr'><strong>causa</strong></span> <span class='ocrx_word' id='word_1_145' title='bbox 1843 2058 2143 2127; x_wconf 89' lang='lat' dir='ltr'><strong>probabilis</strong></span> 
     </span>
    </p>
   </div>
   <div class='ocr_carea' id='block_1_22' title="bbox 569 2138 2144 2222">
    <p class='ocr_par' dir='ltr' id='par_1_22' title="bbox 569 2138 2144 2222">
     <span class='ocr_line' id='line_1_22' title="bbox 569 2138 2144 2222; baseline 0.004 -22"><span class='ocrx_word' id='word_1_146' title='bbox 569 2144 791 2200; x_wconf 82' lang='lat' dir='ltr'><strong>habitus</strong></span> <span class='ocrx_word' id='word_1_147' title='bbox 836 2146 949 2201; x_wconf 86' lang='lat' dir='ltr'><strong>sit:</strong></span> <span class='ocrx_word' id='word_1_148' title='bbox 997 2161 1122 2201; x_wconf 90' lang='lat' dir='ltr'><strong>cum</strong></span> <span class='ocrx_word' id='word_1_149' title='bbox 1168 2148 1249 2202; x_wconf 89' lang='lat' dir='ltr'><strong>ira</strong></span> <span class='ocrx_word' id='word_1_150' title='bbox 1282 2163 1312 2203; x_wconf 95' lang='lat' dir='ltr'><strong>e</strong></span> <span class='ocrx_word' id='word_1_151' title='bbox 1342 2138 1641 2215; x_wconf 87' lang='lat' dir='ltr'><strong>eontrario,</strong></span> <span class='ocrx_word' id='word_1_152' title='bbox 1674 2168 1797 2222; x_wconf 65' lang='lat' dir='ltr'><strong>quae</strong></span> <span class='ocrx_word' id='word_1_153' title='bbox 1834 2153 2045 2218; x_wconf 88' lang='lat' dir='ltr'><strong>deceat,</strong></span> <span class='ocrx_word' id='word_1_154' title='bbox 2088 2162 2144 2207; x_wconf 88' lang='lat' dir='ltr'><strong>et</strong></span> 
     </span>
    </p>
   </div>
   <div class='ocr_carea' id='block_1_23' title="bbox 474 2236 2139 2315">
    <p class='ocr_par' dir='ltr' id='par_1_23' title="bbox 474 2236 2139 2315">
     <span class='ocr_line' id='line_1_23' title="bbox 474 2236 2139 2315; baseline 0.004 -22"><span class='ocrx_word' id='word_1_155' title='bbox 474 2268 475 2271; x_wconf 58' lang='grc' dir='ltr'><strong>η</strong></span> <span class='ocrx_word' id='word_1_156' title='bbox 566 2236 871 2309; x_wconf 82' lang='lat' dir='ltr'><strong>indignatio</strong></span> <span class='ocrx_word' id='word_1_157' title='bbox 911 2238 1062 2307; x_wconf 85' lang='lat' dir='ltr'><strong>justa</strong></span> <span class='ocrx_word' id='word_1_158' title='bbox 1113 2255 1179 2294; x_wconf 91' lang='lat' dir='ltr'><strong>ac</strong></span> <span class='ocrx_word' id='word_1_159' title='bbox 1233 2241 1553 2310; x_wconf 78' lang='lat' dir='ltr'><strong>tempestiva</strong></span> <span class='ocrx_word' id='word_1_160' title='bbox 1598 2245 1665 2297; x_wconf 84' lang='lat' dir='ltr'><strong>ad</strong></span> <span class='ocrx_word' id='word_1_161' title='bbox 1710 2244 2139 2315; x_wconf 89' lang='lat' dir='ltr'><strong>delinquentium</strong></span> 
     </span>
    </p>
   </div>
   <div class='ocr_carea' id='block_1_24' title="bbox 552 2331 2141 2407">
    <p class='ocr_par' dir='ltr' id='par_1_24' title="bbox 552 2331 2141 2407">
     <span class='ocr_line' id='line_1_24' title="bbox 552 2331 2141 2407; baseline 0.006 -23"><span class='ocrx_word' id='word_1_162' title='bbox 552 2331 1008 2407; x_wconf 47' lang='lat' dir='ltr'><strong>emendationem</strong></span> <span class='ocrx_word' id='word_1_163' title='bbox 1043 2343 1099 2387; x_wconf 87' lang='lat' dir='ltr'><strong>et</strong></span> <span class='ocrx_word' id='word_1_164' title='bbox 1136 2334 1515 2403; x_wconf 90' lang='lat' dir='ltr'><strong>improborum</strong></span> <span class='ocrx_word' id='word_1_165' title='bbox 1547 2336 1860 2399; x_wconf 87' lang='lat' dir='ltr'><strong>utilitatem,</strong></span> <span class='ocrx_word' id='word_1_166' title='bbox 1898 2337 1951 2390; x_wconf 92' lang='lat' dir='ltr'><strong>in</strong></span> <span class='ocrx_word' id='word_1_167' title='bbox 1983 2338 2141 2393; x_wconf 87' lang='lat' dir='ltr'><strong>laude</strong></span> 
     </span>
    </p>
   </div>
   <div class='ocr_carea' id='block_1_25' title="bbox 564 2425 2140 2498">
    <p class='ocr_par' dir='ltr' id='par_1_25' title="bbox 564 2425 2140 2498">
     <span class='ocr_line' id='line_1_25' title="bbox 564 2425 2140 2498; baseline 0.003 -19"><span class='ocrx_word' id='word_1_168' title='bbox 564 2432 822 2495; x_wconf 87' lang='lat' dir='ltr'><strong>ponatur,</strong></span> <span class='ocrx_word' id='word_1_169' title='bbox 879 2434 934 2479; x_wconf 81' lang='lat' dir='ltr'><strong>et</strong></span> <span class='ocrx_word' id='word_1_170' title='bbox 981 2441 1177 2497; x_wconf 80' lang='lat' dir='ltr'><strong>magno</strong></span> <span class='ocrx_word' id='word_1_171' title='bbox 1224 2425 1411 2481; x_wconf 77' lang='lat' dir='ltr'><strong>favore</strong></span> <span class='ocrx_word' id='word_1_172' title='bbox 1464 2426 1787 2483; x_wconf 84' lang='lat' dir='ltr'><strong>celebretur.</strong></span> <span class='ocrx_word' id='word_1_173' title='bbox 1850 2427 2037 2498; x_wconf 82' lang='lat' dir='ltr'><strong>itaque</strong></span> <span class='ocrx_word' id='word_1_174' title='bbox 2086 2438 2140 2484; x_wconf 93' lang='lat' dir='ltr'><strong>et</strong></span> 
     </span>
    </p>
   </div>
   <div class='ocr_carea' id='block_1_26' title="bbox 566 2516 2140 2588">
    <p class='ocr_par' dir='ltr' id='par_1_26' title="bbox 566 2516 2140 2588">
     <span class='ocr_line' id='line_1_26' title="bbox 566 2516 2140 2588; baseline 0.004 -19"><span class='ocrx_word' id='word_1_175' title='bbox 566 2516 678 2572; x_wconf 88' lang='lat' dir='ltr'><strong>Deo</strong></span> <span class='ocrx_word' id='word_1_176' title='bbox 706 2532 847 2588; x_wconf 73' lang='lat' dir='ltr'><strong>saepe</strong></span> <span class='ocrx_word' id='word_1_177' title='bbox 876 2518 957 2570; x_wconf 89' lang='lat' dir='ltr'><strong>ira</strong></span> <span class='ocrx_word' id='word_1_178' title='bbox 989 2517 1268 2583; x_wconf 88' lang='lat' dir='ltr'><strong>tribuitur,</strong></span> <span class='ocrx_word' id='word_1_179' title='bbox 1300 2527 1464 2588; x_wconf 88' lang='lat' dir='ltr'><strong>atque</strong></span> <span class='ocrx_word' id='word_1_180' title='bbox 1498 2520 1663 2573; x_wconf 87' lang='lat' dir='ltr'><strong>etiam</strong></span> <span class='ocrx_word' id='word_1_181' title='bbox 1696 2517 1870 2578; x_wconf 82' lang='lat' dir='ltr'><strong>furor.</strong></span> <span class='ocrx_word' id='word_1_182' title='bbox 1904 2520 2041 2575; x_wconf 87' lang='lat' dir='ltr'><strong>Nam</strong></span> <span class='ocrx_word' id='word_1_183' title='bbox 2074 2522 2140 2576; x_wconf 85' lang='lat' dir='ltr'><strong>de</strong></span> 
     </span>
    </p>
   </div>
   <div class='ocr_carea' id='block_1_27' title="bbox 564 2608 2141 2683">
    <p class='ocr_par' dir='ltr' id='par_1_27' title="bbox 564 2608 2141 2683">
     <span class='ocr_line' id='line_1_27' title="bbox 564 2608 2141 2683; baseline 0.004 -21"><span class='ocrx_word' id='word_1_184' title='bbox 564 2610 822 2683; x_wconf 79' lang='lat' dir='ltr'><strong>gentibus</strong></span> <span class='ocrx_word' id='word_1_185' title='bbox 868 2609 1129 2664; x_wconf 76' lang='lat' dir='ltr'><strong>adversus</strong></span> <span class='ocrx_word' id='word_1_186' title='bbox 1187 2608 1621 2682; x_wconf 86' lang='lat' dir='ltr'><strong>Hierosolymam</strong></span> <span class='ocrx_word' id='word_1_187' title='bbox 1666 2612 2030 2670; x_wconf 89' lang='lat' dir='ltr'><strong>frementibus</strong></span> <span class='ocrx_word' id='word_1_188' title='bbox 2064 2616 2141 2669; x_wconf 88' lang='lat' dir='ltr'><strong>ait</strong></span> 
     </span>
    </p>
   </div>
   <div class='ocr_carea' id='block_1_28' title="bbox 564 2701 2141 2778">
    <p class='ocr_par' dir='ltr' id='par_1_28' title="bbox 564 2701 2141 2778">
     <span class='ocr_line' id='line_1_28' title="bbox 564 2701 2141 2778; baseline 0.004 -21"><span class='ocrx_word' id='word_1_189' title='bbox 564 2701 710 2759; x_wconf 84' lang='lat' dir='ltr'><strong>Deus</strong></span> <span class='ocrx_word' id='word_1_190' title='bbox 751 2704 990 2760; x_wconf 88' lang='lat' dir='ltr'><strong>universi</strong></span> <span class='ocrx_word' id='word_1_191' title='bbox 1022 2721 1037 2758; x_wconf 89' lang='lat'><strong>:</strong></span> <span class='ocrx_word' id='word_1_192' title='bbox 1074 2723 1093 2759; x_wconf 74' lang='grc' dir='ltr'><strong>ι</strong></span> <span class='ocrx_word' id='word_1_193' title='bbox 1129 2702 1402 2771; x_wconf 86' lang='lat' dir='ltr'><strong>Quoniam</strong></span> <span class='ocrx_word' id='word_1_194' title='bbox 1437 2706 1518 2761; x_wconf 89' lang='lat' dir='ltr'><strong>ira</strong></span> <span class='ocrx_word' id='word_1_195' title='bbox 1552 2721 1749 2776; x_wconf 85' lang='lat' dir='ltr'><strong>magna</strong></span> <span class='ocrx_word' id='word_1_196' title='bbox 1791 2722 1893 2778; x_wconf 79' lang='lat' dir='ltr'><strong>ego</strong></span> <span class='ocrx_word' id='word_1_197' title='bbox 1931 2706 2141 2763; x_wconf 87' lang='lat' dir='ltr'><strong>irascor</strong></span> 
     </span>
    </p>
   </div>
   <div class='ocr_carea' id='block_1_29' title="bbox 561 2798 2136 2870">
    <p class='ocr_par' dir='ltr' id='par_1_29' title="bbox 561 2798 2136 2870">
     <span class='ocr_line' id='line_1_29' title="bbox 561 2798 2136 2870; baseline 0.003 -20"><span class='ocrx_word' id='word_1_198' title='bbox 561 2811 732 2865; x_wconf 79' lang='lat' dir='ltr'><strong>super</strong></span> <span class='ocrx_word' id='word_1_199' title='bbox 764 2806 972 2867; x_wconf 85' lang='lat' dir='ltr'><strong>gentes,</strong></span> <span class='ocrx_word' id='word_1_200' title='bbox 1023 2814 1146 2867; x_wconf 81' lang='lat' dir='ltr'><strong>quae</strong></span> <span class='ocrx_word' id='word_1_201' title='bbox 1203 2798 1642 2869; x_wconf 74' lang='lat' dir='ltr'><strong>superimposita:</strong></span> <span class='ocrx_word' id='word_1_202' title='bbox 1691 2807 1821 2854; x_wconf 91' lang='lat' dir='ltr'><strong>sunt</strong></span> <span class='ocrx_word' id='word_1_203' title='bbox 1867 2800 1967 2854; x_wconf 91' lang='lat' dir='ltr'><strong>ei:</strong></span> <span class='ocrx_word' id='word_1_204' title='bbox 2008 2815 2136 2870; x_wconf 82' lang='lat' dir='ltr'><strong>pro-</strong></span> 
     </span>
    </p>
   </div>
   <div class='ocr_carea' id='block_1_30' title="bbox 562 2878 2135 2963">
    <p class='ocr_par' dir='ltr' id='par_1_30' title="bbox 562 2878 2135 2963">
     <span class='ocr_line' id='line_1_30' title="bbox 562 2878 2135 2963; baseline 0.003 -20"><span class='ocrx_word' id='word_1_205' title='bbox 562 2878 751 2961; x_wconf 86' lang='lat' dir='ltr'><strong>pterea</strong></span> <span class='ocrx_word' id='word_1_206' title='bbox 788 2894 934 2961; x_wconf 88' lang='lat' dir='ltr'><strong>quod</strong></span> <span class='ocrx_word' id='word_1_207' title='bbox 983 2907 1084 2961; x_wconf 77' lang='lat' dir='ltr'><strong>ego</strong></span> <span class='ocrx_word' id='word_1_208' title='bbox 1130 2892 1351 2962; x_wconf 86' lang='lat' dir='ltr'><strong>quidem</strong></span> <span class='ocrx_word' id='word_1_209' title='bbox 1391 2894 1565 2949; x_wconf 87' lang='lat' dir='ltr'><strong>iratus</strong></span> <span class='ocrx_word' id='word_1_210' title='bbox 1613 2909 1735 2947; x_wconf 92' lang='lat' dir='ltr'><strong>sum</strong></span> <span class='ocrx_word' id='word_1_211' title='bbox 1793 2909 2007 2963; x_wconf 91' lang='lat' dir='ltr'><strong>parum,</strong></span> <span class='ocrx_word' id='word_1_212' title='bbox 2059 2894 2135 2948; x_wconf 87' lang='lat' dir='ltr'><strong>illi</strong></span> 
     </span>
    </p>
   </div>
   <div class='ocr_carea' id='block_1_31' title="bbox 549 2974 2209 3056">
    <p class='ocr_par' dir='ltr' id='par_1_31' title="bbox 549 2974 2209 3056">
     <span class='ocr_line' id='line_1_31' title="bbox 549 2974 2209 3056; baseline 0.004 -21"><span class='ocrx_word' id='word_1_213' title='bbox 549 2997 695 3053; x_wconf 61' lang='lat' dir='ltr'><strong>,vero</strong></span> <span class='ocrx_word' id='word_1_214' title='bbox 726 2984 1136 3054; x_wconf 86' lang='lat' dir='ltr'><strong>superimpositi</strong></span> <span class='ocrx_word' id='word_1_215' title='bbox 1165 2986 1397 3039; x_wconf 87' lang='lat' dir='ltr'><strong>multum</strong></span> <span class='ocrx_word' id='word_1_216' title='bbox 1431 2985 1632 3056; x_wconf 60' lang='grc'><strong>(56⁸).»</strong></span> <span class='ocrx_word' id='word_1_217' title='bbox 1657 2986 1723 3040; x_wconf 77' lang='lat' dir='ltr'><strong>Et</strong></span> <span class='ocrx_word' id='word_1_218' title='bbox 1750 2986 1910 3056; x_wconf 89' lang='lat' dir='ltr'><strong>longe</strong></span> <span class='ocrx_word' id='word_1_219' title='bbox 1937 2995 2136 3042; x_wconf 83' lang='lat' dir='ltr'><strong>antea:</strong></span> <span class='ocrx_word' id='word_1_220' title='bbox 2168 2974 2209 3031; x_wconf 73' lang='grc' dir='ltr'>Ο</span> 
     </span>
    </p>
   </div>
   <div class='ocr_carea' id='block_1_32' title="bbox 569 3072 2139 3145">
    <p class='ocr_par' dir='ltr' id='par_1_32' title="bbox 569 3072 2139 3145">
     <span class='ocr_line' id='line_1_32' title="bbox 569 3072 2139 3145; baseline 0.005 -22"><span class='ocrx_word' id='word_1_221' title='bbox 569 3090 591 3123; x_wconf 70' lang='grc' dir='ltr'><em>α</em></span> <span class='ocrx_word' id='word_1_222' title='bbox 628 3072 691 3125; x_wconf 87' lang='lat' dir='ltr'><strong>Et</strong></span> <span class='ocrx_word' id='word_1_223' title='bbox 726 3072 900 3127; x_wconf 84' lang='lat' dir='ltr'><strong>iratus</strong></span> <span class='ocrx_word' id='word_1_224' title='bbox 930 3072 1117 3128; x_wconf 81' lang='lat' dir='ltr'><strong>furore</strong></span> <span class='ocrx_word' id='word_1_225' title='bbox 1146 3074 1406 3129; x_wconf 86' lang='lat' dir='ltr'><strong>Dominus</strong></span> <span class='ocrx_word' id='word_1_226' title='bbox 1443 3075 1498 3129; x_wconf 88' lang='lat' dir='ltr'><strong>in</strong></span> <span class='ocrx_word' id='word_1_227' title='bbox 1528 3075 1773 3145; x_wconf 85' lang='lat' dir='ltr'><strong>Moysen,</strong></span> <span class='ocrx_word' id='word_1_228' title='bbox 1801 3077 1876 3130; x_wconf 90' lang='lat' dir='ltr'><strong>ait</strong></span> <span class='ocrx_word' id='word_1_229' title='bbox 1904 3094 1917 3129; x_wconf 88' lang='lat'><strong>:</strong></span> <span class='ocrx_word' id='word_1_230' title='bbox 1949 3074 2139 3131; x_wconf 76' lang='lat' dir='ltr'><strong>Nonne</strong></span> 
     </span>
    </p>
   </div>
   <div class='ocr_carea' id='block_1_33' title="bbox 561 3160 2140 3235">
    <p class='ocr_par' dir='ltr' id='par_1_33' title="bbox 561 3160 2140 3235">
     <span class='ocr_line' id='line_1_33' title="bbox 561 3160 2140 3235; baseline 0.004 -20"><span class='ocrx_word' id='word_1_231' title='bbox 561 3176 691 3216; x_wconf 91' lang='lat' dir='ltr'><strong>ecce</strong></span> <span class='ocrx_word' id='word_1_232' title='bbox 717 3160 885 3216; x_wconf 81' lang='lat' dir='ltr'><strong>frater</strong></span> <span class='ocrx_word' id='word_1_233' title='bbox 914 3172 1039 3217; x_wconf 89' lang='lat' dir='ltr'><strong>tuus</strong></span> <span class='ocrx_word' id='word_1_234' title='bbox 1070 3162 1284 3219; x_wconf 86' lang='lat' dir='ltr'><strong>Levites</strong></span> <span class='ocrx_word' id='word_1_235' title='bbox 1305 3164 1392 3219; x_wconf 70' lang='grc' dir='ltr'><strong>ιιι</strong></span> <span class='ocrx_word' id='word_1_236' title='bbox 1426 3184 1445 3217; x_wconf 70' lang='grc' dir='ltr'><strong>ι</strong></span> <span class='ocrx_word' id='word_1_237' title='bbox 1486 3165 1552 3219; x_wconf 81' lang='lat' dir='ltr'><strong>Et</strong></span> <span class='ocrx_word' id='word_1_238' title='bbox 1585 3167 1759 3221; x_wconf 88' lang='lat' dir='ltr'><strong>multa</strong></span> <span class='ocrx_word' id='word_1_239' title='bbox 1788 3166 1892 3219; x_wconf 90' lang='lat' dir='ltr'><strong>alia</strong></span> <span class='ocrx_word' id='word_1_240' title='bbox 1946 3166 2140 3235; x_wconf 85' lang='lat' dir='ltr'><strong>hujus-</strong></span> 
     </span>
    </p>
   </div>
   <div class='ocr_carea' id='block_1_34' title="bbox 564 3253 2139 3328">
    <p class='ocr_par' dir='ltr' id='par_1_34' title="bbox 564 3253 2139 3328">
     <span class='ocr_line' id='line_1_34' title="bbox 564 3253 2139 3328; baseline 0.002 -21"><span class='ocrx_word' id='word_1_241' title='bbox 564 3253 715 3307; x_wconf 87' lang='lat' dir='ltr'><strong>modi</strong></span> <span class='ocrx_word' id='word_1_242' title='bbox 738 3253 805 3308; x_wconf 93' lang='lat' dir='ltr'><strong>de</strong></span> <span class='ocrx_word' id='word_1_243' title='bbox 833 3253 942 3308; x_wconf 89' lang='lat' dir='ltr'><strong>Deo</strong></span> <span class='ocrx_word' id='word_1_244' title='bbox 959 3255 1090 3323; x_wconf 86' lang='lat' dir='ltr'><strong>quis</strong></span> <span class='ocrx_word' id='word_1_245' title='bbox 1114 3254 1318 3326; x_wconf 90' lang='lat' dir='ltr'><strong>Deique</strong></span> <span class='ocrx_word' id='word_1_246' title='bbox 1344 3256 1563 3311; x_wconf 85' lang='lat' dir='ltr'><strong>famulis</strong></span> <span class='ocrx_word' id='word_1_247' title='bbox 1587 3259 1786 3327; x_wconf 89' lang='lat' dir='ltr'><strong>scripta</strong></span> <span class='ocrx_word' id='word_1_248' title='bbox 1813 3257 1974 3328; x_wconf 76' lang='lat'><strong>168</strong></span> <span class='ocrx_word' id='word_1_249' title='bbox 1991 3258 2139 3312; x_wconf 90' lang='lat' dir='ltr'><strong>inve-</strong></span> 
     </span>
    </p>
   </div>
   <div class='ocr_carea' id='block_1_35' title="bbox 565 3347 2139 3419">
    <p class='ocr_par' dir='ltr' id='par_1_35' title="bbox 565 3347 2139 3419">
     <span class='ocr_line' id='line_1_35' title="bbox 565 3347 2139 3419; baseline 0.001 -18"><span class='ocrx_word' id='word_1_250' title='bbox 565 3347 703 3408; x_wconf 88' lang='lat' dir='ltr'><strong>niet.</strong></span> <span class='ocrx_word' id='word_1_251' title='bbox 771 3347 1232 3417; x_wconf 87' lang='lat' dir='ltr'><strong>quemadmodum</strong></span> <span class='ocrx_word' id='word_1_252' title='bbox 1285 3359 1343 3401; x_wconf 91' lang='lat' dir='ltr'><strong>et</strong></span> <span class='ocrx_word' id='word_1_253' title='bbox 1390 3349 1456 3402; x_wconf 90' lang='lat' dir='ltr'><strong>de</strong></span> <span class='ocrx_word' id='word_1_254' title='bbox 1504 3348 1687 3419; x_wconf 81' lang='lat' dir='ltr'><strong>Moyse</strong></span> <span class='ocrx_word' id='word_1_255' title='bbox 1731 3350 1959 3402; x_wconf 86' lang='lat' dir='ltr'><strong>relatum</strong></span> <span class='ocrx_word' id='word_1_256' title='bbox 2008 3357 2139 3405; x_wconf 85' lang='lat' dir='ltr'><strong>est:</strong></span> 
     </span>
    </p>
   </div>
   <div class='ocr_carea' id='block_1_36' title="bbox 569 3437 2140 3511">
    <p class='ocr_par' dir='ltr' id='par_1_36' title="bbox 569 3437 2140 3511">
     <span class='ocr_line' id='line_1_36' title="bbox 569 3437 2140 3511; baseline 0.004 -22"><span class='ocrx_word' id='word_1_257' title='bbox 569 3456 590 3489; x_wconf 72' lang='grc' dir='ltr'>α</span> <span class='ocrx_word' id='word_1_258' title='bbox 623 3437 691 3492; x_wconf 84' lang='lat' dir='ltr'><strong>Et</strong></span> <span class='ocrx_word' id='word_1_259' title='bbox 717 3437 887 3493; x_wconf 85' lang='lat' dir='ltr'><strong>iratus</strong></span> <span class='ocrx_word' id='word_1_260' title='bbox 929 3438 1304 3509; x_wconf 78' lang='lat' dir='ltr'><strong>indignatione</strong></span> <span class='ocrx_word' id='word_1_261' title='bbox 1342 3439 1558 3511; x_wconf 79' lang='lat' dir='ltr'><strong>Moyses</strong></span> <span class='ocrx_word' id='word_1_262' title='bbox 1589 3441 1818 3511; x_wconf 90' lang='lat' dir='ltr'><strong>projecit</strong></span> <span class='ocrx_word' id='word_1_263' title='bbox 1855 3441 1923 3496; x_wconf 86' lang='lat' dir='ltr'><strong>de</strong></span> <span class='ocrx_word' id='word_1_264' title='bbox 1962 3443 2140 3496; x_wconf 91' lang='lat' dir='ltr'><strong>mani-</strong></span> 
     </span>
    </p>
   </div>
   <div class='ocr_carea' id='block_1_37' title="bbox 558 3531 2139 3603">
    <p class='ocr_par' dir='ltr' id='par_1_37' title="bbox 558 3531 2139 3603">
     <span class='ocr_line' id='line_1_37' title="bbox 558 3531 2139 3603; baseline 0.001 -17"><span class='ocrx_word' id='word_1_265' title='bbox 558 3533 670 3601; x_wconf 80' lang='lat' dir='ltr'><strong>bus</strong></span> <span class='ocrx_word' id='word_1_266' title='bbox 730 3531 847 3587; x_wconf 90' lang='lat' dir='ltr'><strong>suis</strong></span> <span class='ocrx_word' id='word_1_267' title='bbox 904 3533 1119 3586; x_wconf 91' lang='lat' dir='ltr'><strong>tabulas</strong></span> <span class='ocrx_word' id='word_1_268' title='bbox 1170 3533 1402 3598; x_wconf 87' lang='lat' dir='ltr'><strong>ambas,</strong></span> <span class='ocrx_word' id='word_1_269' title='bbox 1462 3542 1518 3587; x_wconf 93' lang='lat' dir='ltr'><strong>et</strong></span> <span class='ocrx_word' id='word_1_270' title='bbox 1570 3532 1838 3603; x_wconf 75' lang='lat' dir='ltr'><strong>confregit</strong></span> <span class='ocrx_word' id='word_1_271' title='bbox 1897 3548 1992 3587; x_wconf 88' lang='lat' dir='ltr'><strong>eas</strong></span> <span class='ocrx_word' id='word_1_272' title='bbox 2038 3537 2139 3589; x_wconf 85' lang='lat' dir='ltr'><strong>sub</strong></span> 
     </span>
    </p>
   </div>
   <div class='ocr_carea' id='block_1_38' title="bbox 565 3620 2142 3694">
    <p class='ocr_par' dir='ltr' id='par_1_38' title="bbox 565 3620 2142 3694">
     <span class='ocr_line' id='line_1_38' title="bbox 565 3620 2142 3694; baseline 0.003 -17"><span class='ocrx_word' id='word_1_273' title='bbox 565 3631 752 3677; x_wconf 89' lang='lat' dir='ltr'><strong>monte</strong></span> <span class='ocrx_word' id='word_1_274' title='bbox 776 3622 839 3674; x_wconf 67' lang='lat'><strong>‘°.</strong></span> <span class='ocrx_word' id='word_1_275' title='bbox 866 3642 883 3675; x_wconf 72' lang='grc' dir='ltr'><strong>ι</strong></span> <span class='ocrx_word' id='word_1_276' title='bbox 912 3620 1254 3694; x_wconf 77' lang='lat' dir='ltr'><strong>Quapropter</strong></span> <span class='ocrx_word' id='word_1_277' title='bbox 1301 3623 1596 3692; x_wconf 84' lang='lat' dir='ltr'><strong>Optabilior</strong></span> <span class='ocrx_word' id='word_1_278' title='bbox 1624 3634 1787 3692; x_wconf 89' lang='lat' dir='ltr'><strong>atque</strong></span> <span class='ocrx_word' id='word_1_279' title='bbox 1818 3624 2001 3678; x_wconf 91' lang='lat' dir='ltr'><strong>utilior</strong></span> <span class='ocrx_word' id='word_1_280' title='bbox 2020 3642 2142 3682; x_wconf 83' lang='lat' dir='ltr'><strong>esse</strong></span> 
     </span>
    </p>
   </div>
   <div class='ocr_carea' id='block_1_39' title="bbox 560 3715 2143 3788">
    <p class='ocr_par' dir='ltr' id='par_1_39' title="bbox 560 3715 2143 3788">
     <span class='ocr_line' id='line_1_39' title="bbox 560 3715 2143 3788; baseline 0.003 -19"><span class='ocrx_word' id='word_1_281' title='bbox 560 3715 714 3785; x_wconf 84' lang='lat' dir='ltr'><strong>justa</strong></span> <span class='ocrx_word' id='word_1_282' title='bbox 757 3715 836 3770; x_wconf 88' lang='lat' dir='ltr'><strong>ira</strong></span> <span class='ocrx_word' id='word_1_283' title='bbox 874 3716 1111 3780; x_wconf 85' lang='lat' dir='ltr'><strong>videtur,</strong></span> <span class='ocrx_word' id='word_1_284' title='bbox 1159 3726 1418 3787; x_wconf 88' lang='lat' dir='ltr'><strong>tanquam</strong></span> <span class='ocrx_word' id='word_1_285' title='bbox 1463 3715 1605 3770; x_wconf 90' lang='lat' dir='ltr'><strong>bona</strong></span> <span class='ocrx_word' id='word_1_286' title='bbox 1635 3716 1901 3771; x_wconf 90' lang='lat' dir='ltr'><strong>adversus</strong></span> <span class='ocrx_word' id='word_1_287' title='bbox 1939 3717 2143 3788; x_wconf 82' lang='lat' dir='ltr'><strong>impro-</strong></span> 
     </span>
    </p>
   </div>
   <div class='ocr_carea' id='block_1_40' title="bbox 566 3806 2143 3879">
    <p class='ocr_par' dir='ltr' id='par_1_40' title="bbox 566 3806 2143 3879">
     <span class='ocr_line' id='line_1_40' title="bbox 566 3806 2143 3879; baseline 0.001 -16"><span class='ocrx_word' id='word_1_288' title='bbox 566 3808 792 3863; x_wconf 89' lang='lat' dir='ltr'><strong>bitatem</strong></span> <span class='ocrx_word' id='word_1_289' title='bbox 829 3818 884 3863; x_wconf 92' lang='lat' dir='ltr'><strong>et</strong></span> <span class='ocrx_word' id='word_1_290' title='bbox 931 3810 1208 3878; x_wconf 86' lang='lat' dir='ltr'><strong>improbos</strong></span> <span class='ocrx_word' id='word_1_291' title='bbox 1256 3806 1525 3873; x_wconf 88' lang='lat' dir='ltr'><strong>homines,</strong></span> <span class='ocrx_word' id='word_1_292' title='bbox 1567 3824 1733 3879; x_wconf 90' lang='lat' dir='ltr'><strong>quam</strong></span> <span class='ocrx_word' id='word_1_293' title='bbox 1781 3810 1929 3865; x_wconf 89' lang='lat' dir='ltr'><strong>risus</strong></span> <span class='ocrx_word' id='word_1_294' title='bbox 1967 3811 2143 3865; x_wconf 90' lang='lat' dir='ltr'><strong>riden-</strong></span> 
     </span>
    </p>
   </div>
   <div class='ocr_carea' id='block_1_41' title="bbox 568 3898 2141 3971">
    <p class='ocr_par' dir='ltr' id='par_1_41' title="bbox 568 3898 2141 3971">
     <span class='ocr_line' id='line_1_41' title="bbox 568 3898 2141 3971; baseline 0.005 -18"><span class='ocrx_word' id='word_1_295' title='bbox 568 3898 729 3965; x_wconf 90' lang='lat' dir='ltr'><strong>tium,</strong></span> <span class='ocrx_word' id='word_1_296' title='bbox 759 3901 811 3955; x_wconf 90' lang='lat' dir='ltr'><strong>id</strong></span> <span class='ocrx_word' id='word_1_297' title='bbox 846 3910 949 3965; x_wconf 87' lang='lat' dir='ltr'><strong>est,</strong></span> <span class='ocrx_word' id='word_1_298' title='bbox 964 3916 1126 3971; x_wconf 90' lang='lat' dir='ltr'><strong>quam</strong></span> <span class='ocrx_word' id='word_1_299' title='bbox 1154 3900 1367 3954; x_wconf 88' lang='lat' dir='ltr'><strong>incuria</strong></span> <span class='ocrx_word' id='word_1_300' title='bbox 1391 3910 1445 3956; x_wconf 92' lang='lat' dir='ltr'><strong>et</strong></span> <span class='ocrx_word' id='word_1_301' title='bbox 1470 3899 1838 3958; x_wconf 88' lang='lat' dir='ltr'><strong>dissimulatio</strong></span> <span class='ocrx_word' id='word_1_302' title='bbox 1864 3912 1918 3958; x_wconf 91' lang='lat' dir='ltr'><strong>et</strong></span> <span class='ocrx_word' id='word_1_303' title='bbox 1946 3904 2141 3961; x_wconf 88' lang='lat' dir='ltr'><strong>lenitas</strong></span> 
     </span>
    </p>
   </div>
   <div class='ocr_carea' id='block_1_42' title="bbox 566 3993 1173 4065">
    <p class='ocr_par' dir='ltr' id='par_1_42' title="bbox 566 3993 1173 4065">
     <span class='ocr_line' id='line_1_42' title="bbox 566 3993 1173 4065; baseline 0.002 -17"><span class='ocrx_word' id='word_1_304' title='bbox 566 3993 792 4048; x_wconf 89' lang='lat' dir='ltr'><strong>minime</strong></span> <span class='ocrx_word' id='word_1_305' title='bbox 826 3993 1173 4065; x_wconf 89' lang='lat' dir='ltr'><strong>tempestiva.</strong></span> 
     </span>
    </p>
   </div>
   <div class='ocr_carea' id='block_1_43' title="bbox 648 4197 2143 4270">
    <p class='ocr_par' dir='ltr' id='par_1_43' title="bbox 648 4197 2143 4270">
     <span class='ocr_line' id='line_1_43' title="bbox 648 4197 2143 4270; baseline 0 -16"><span class='ocrx_word' id='word_1_306' title='bbox 648 4197 899 4266; x_wconf 87' lang='lat' dir='ltr'><strong>Quanam</strong></span> <span class='ocrx_word' id='word_1_307' title='bbox 939 4199 1006 4254; x_wconf 87' lang='lat' dir='ltr'><strong>de</strong></span> <span class='ocrx_word' id='word_1_308' title='bbox 1043 4198 1253 4255; x_wconf 80' lang='lat' dir='ltr'><strong>causa?</strong></span> <span class='ocrx_word' id='word_1_309' title='bbox 1288 4218 1308 4251; x_wconf 76' lang='grc' dir='ltr'><strong>ι</strong></span> <span class='ocrx_word' id='word_1_310' title='bbox 1338 4197 1501 4265; x_wconf 86' lang='lat' dir='ltr'><strong>Quia,</strong></span> <span class='ocrx_word' id='word_1_311' title='bbox 1536 4198 1735 4270; x_wconf 87' lang='lat' dir='ltr'><strong>inquit,</strong></span> <span class='ocrx_word' id='word_1_312' title='bbox 1767 4198 1821 4254; x_wconf 91' lang='lat' dir='ltr'><strong>in</strong></span> <span class='ocrx_word' id='word_1_313' title='bbox 1854 4199 1997 4255; x_wconf 89' lang='lat' dir='ltr'><strong>malo</strong></span> <span class='ocrx_word' id='word_1_314' title='bbox 2022 4199 2143 4255; x_wconf 83' lang='lat' dir='ltr'><strong>vul-</strong></span> 
     </span>
    </p>
   </div>
   <div class='ocr_carea' id='block_1_44' title="bbox 2253 855 3834 943">
    <p class='ocr_par' dir='ltr' id='par_1_44' title="bbox 2253 855 3834 943">
     <span class='ocr_line' id='line_1_44' title="bbox 2253 855 3834 943; baseline 0.015 -37"><span class='ocrx_word' id='word_1_315' title='bbox 2253 855 2484 908; x_wconf 82' lang='grc' dir='ltr'><strong>ἐκδώσει</strong></span> <span class='ocrx_word' id='word_1_316' title='bbox 2518 858 2751 927; x_wconf 83' lang='grc' dir='ltr'>πράξεις</span> <span class='ocrx_word' id='word_1_317' title='bbox 2788 861 2891 933; x_wconf 83' lang='grc' dir='ltr'>τὴν</span> <span class='ocrx_word' id='word_1_318' title='bbox 2920 862 3057 917; x_wconf 78' lang='grc' dir='ltr'>ἰδίαν</span> <span class='ocrx_word' id='word_1_319' title='bbox 3085 864 3331 935; x_wconf 79' lang='grc' dir='ltr'><strong>γνώμην,</strong></span> <span class='ocrx_word' id='word_1_320' title='bbox 3380 872 3475 922; x_wconf 75' lang='grc' dir='ltr'>καὶ</span> <span class='ocrx_word' id='word_1_321' title='bbox 3506 873 3834 943; x_wconf 69' lang='grc' dir='ltr'>πορεύσεται</span> 
     </span>
    </p>
   </div>
   <div class='ocr_carea' id='block_1_45' title="bbox 2251 943 3835 1032">
    <p class='ocr_par' dir='ltr' id='par_1_45' title="bbox 2251 943 3835 1032">
     <span class='ocr_line' id='line_1_45' title="bbox 2251 943 3835 1032; baseline 0.017 -37"><span class='ocrx_word' id='word_1_322' title='bbox 2251 943 2349 1013; x_wconf 82' lang='grc' dir='ltr'>τῆς</span> <span class='ocrx_word' id='word_1_323' title='bbox 2377 948 2659 1018; x_wconf 80' lang='grc' dir='ltr'><strong>σωτηρίας</strong></span> <span class='ocrx_word' id='word_1_324' title='bbox 2682 950 2782 1014; x_wconf 83' lang='grc' dir='ltr'><strong>τὰς</strong></span> <span class='ocrx_word' id='word_1_325' title='bbox 2808 952 3054 1023; x_wconf 89' lang='grc' dir='ltr'>τρίϐους.</span> <span class='ocrx_word' id='word_1_326' title='bbox 3080 955 3251 1010; x_wconf 85' lang='grc' dir='ltr'>Τοῦτο</span> <span class='ocrx_word' id='word_1_327' title='bbox 3277 955 3369 1011; x_wconf 82' lang='grc' dir='ltr'><strong>οὖν</strong></span> <span class='ocrx_word' id='word_1_328' title='bbox 3405 979 3561 1032; x_wconf 80' lang='grc' dir='ltr'>φησι.</span> <span class='ocrx_word' id='word_1_329' title='bbox 3600 983 3619 1016; x_wconf 76' lang='grc' dir='ltr'><strong>ι</strong></span> <span class='ocrx_word' id='word_1_330' title='bbox 3657 967 3767 1020; x_wconf 80' lang='grc' dir='ltr'><strong>Καὶ</strong></span> <span class='ocrx_word' id='word_1_331' title='bbox 3802 970 3835 1023; x_wconf 88' lang='lat'><strong>6</strong></span> 
     </span>
    </p>
   </div>
   <div class='ocr_carea' id='block_1_46' title="bbox 2247 1033 3834 1133">
    <p class='ocr_par' dir='ltr' id='par_1_46' title="bbox 2247 1033 3834 1133">
     <span class='ocr_line' id='line_1_46' title="bbox 2247 1033 3834 1133; baseline 0.017 -47"><span class='ocrx_word' id='word_1_332' title='bbox 2247 1033 2357 1099; x_wconf 82' lang='grc' dir='ltr'>ζῶν</span> <span class='ocrx_word' id='word_1_333' title='bbox 2404 1036 2567 1092; x_wconf 89' lang='grc' dir='ltr'>δώσει</span> <span class='ocrx_word' id='word_1_334' title='bbox 2614 1041 2819 1110; x_wconf 79' lang='grc' dir='ltr'>ἀγαθὸν</span> <span class='ocrx_word' id='word_1_335' title='bbox 2870 1046 2951 1108; x_wconf 82' lang='grc' dir='ltr'><strong>εἰς</strong></span> <span class='ocrx_word' id='word_1_336' title='bbox 3002 1048 3233 1117; x_wconf 77' lang='grc' dir='ltr'>καρδίαν</span> <span class='ocrx_word' id='word_1_337' title='bbox 3271 1051 3456 1106; x_wconf 83' lang='grc' dir='ltr'>αὐτοῦ.</span> <span class='ocrx_word' id='word_1_338' title='bbox 3499 1072 3518 1106; x_wconf 76' lang='grc' dir='ltr'><strong>ι</strong></span> <span class='ocrx_word' id='word_1_339' title='bbox 3570 1056 3685 1128; x_wconf 83' lang='grc' dir='ltr'>Τῆς</span> <span class='ocrx_word' id='word_1_340' title='bbox 3722 1061 3834 1133; x_wconf 74' lang='grc' dir='ltr'>γὰρ</span> 
     </span>
    </p>
   </div>
   <div class='ocr_carea' id='block_1_47' title="bbox 2244 1130 3829 1216">
    <p class='ocr_par' dir='ltr' id='par_1_47' title="bbox 2244 1130 3829 1216">
     <span class='ocr_line' id='line_1_47' title="bbox 2244 1130 3829 1216; baseline 0.016 -36"><span class='ocrx_word' id='word_1_341' title='bbox 2244 1130 2527 1200; x_wconf 85' lang='grc' dir='ltr'>χειρίστης</span> <span class='ocrx_word' id='word_1_342' title='bbox 2560 1134 2705 1207; x_wconf 82' lang='grc' dir='ltr'><strong>ζωῆς</strong></span> <span class='ocrx_word' id='word_1_343' title='bbox 2741 1138 2774 1207; x_wconf 81' lang='grc' dir='ltr'>ἡ</span> <span class='ocrx_word' id='word_1_344' title='bbox 2807 1137 3284 1206; x_wconf 72' lang='grc' dir='ltr'>κατάγνωσις,καὶ</span> <span class='ocrx_word' id='word_1_345' title='bbox 3311 1144 3411 1211; x_wconf 84' lang='grc' dir='ltr'><strong>τῆς</strong></span> <span class='ocrx_word' id='word_1_346' title='bbox 3436 1146 3747 1216; x_wconf 86' lang='grc' dir='ltr'>κρείττονος</span> <span class='ocrx_word' id='word_1_347' title='bbox 3769 1130 3829 1206; x_wconf 81' lang='grc' dir='ltr'><strong>αἰ</strong></span> 
     </span>
    </p>
   </div>
   <div class='ocr_carea' id='block_1_48' title="bbox 2242 1222 3832 1309">
    <p class='ocr_par' dir='ltr' id='par_1_48' title="bbox 2242 1222 3832 1309">
     <span class='ocr_line' id='line_1_48' title="bbox 2242 1222 3832 1309; baseline 0.015 -33"><span class='ocrx_word' id='word_1_348' title='bbox 2242 1222 2628 1298; x_wconf 83' lang='grc' dir='ltr'>διενθυμήσεις</span> <span class='ocrx_word' id='word_1_349' title='bbox 2676 1231 2773 1284; x_wconf 80' lang='grc' dir='ltr'><strong>καὶ</strong></span> <span class='ocrx_word' id='word_1_350' title='bbox 2824 1232 3127 1304; x_wconf 81' lang='grc' dir='ltr'>ἀναλήψεις</span> <span class='ocrx_word' id='word_1_351' title='bbox 3179 1237 3318 1305; x_wconf 83' lang='grc' dir='ltr'>πρὸς</span> <span class='ocrx_word' id='word_1_352' title='bbox 3367 1239 3429 1292; x_wconf 84' lang='grc' dir='ltr'><strong>τὸ</strong></span> <span class='ocrx_word' id='word_1_353' title='bbox 3480 1241 3686 1309; x_wconf 79' lang='grc' dir='ltr'>ἀγαθὸν</span> <span class='ocrx_word' id='word_1_354' title='bbox 3733 1248 3832 1300; x_wconf 78' lang='grc' dir='ltr'><strong>καὶ</strong></span> 
     </span>
    </p>
   </div>
   <div class='ocr_carea' id='block_1_49' title="bbox 2247 1316 3830 1409">
    <p class='ocr_par' dir='ltr' id='par_1_49' title="bbox 2247 1316 3830 1409">
     <span class='ocr_line' id='line_1_49' title="bbox 2247 1316 3830 1409; baseline 0.018 -44"><span class='ocrx_word' id='word_1_355' title='bbox 2247 1316 2521 1409; x_wconf 73' lang='grc' dir='ltr'>μακάριον</span> <span class='ocrx_word' id='word_1_356' title='bbox 2567 1320 2721 1385; x_wconf 85' lang='grc' dir='ltr'>τέλος</span> <span class='ocrx_word' id='word_1_357' title='bbox 2769 1324 3094 1393; x_wconf 79' lang='grc' dir='ltr'>ἐφέλκονται</span> <span class='ocrx_word' id='word_1_358' title='bbox 3144 1329 3246 1399; x_wconf 86' lang='grc' dir='ltr'>τὴν</span> <span class='ocrx_word' id='word_1_359' title='bbox 3294 1330 3647 1406; x_wconf 80' lang='grc' dir='ltr'>ἀνθρωπίνην</span> <span class='ocrx_word' id='word_1_360' title='bbox 3691 1355 3830 1409; x_wconf 80' lang='grc' dir='ltr'>καρ-</span> 
     </span>
    </p>
   </div>
   <div class='ocr_carea' id='block_1_50' title="bbox 2244 1404 2778 1483">
    <p class='ocr_par' dir='ltr' id='par_1_50' title="bbox 2244 1404 2778 1483">
     <span class='ocr_line' id='line_1_50' title="bbox 2244 1404 2778 1483; baseline 0.021 -26"><span class='ocrx_word' id='word_1_361' title='bbox 2244 1404 2385 1463; x_wconf 71' lang='grc' dir='ltr'>δίαν.</span> <span class='ocrx_word' id='word_1_362' title='bbox 2410 1406 2546 1465; x_wconf 75' lang='grc' dir='ltr'>Εἶτά</span> <span class='ocrx_word' id='word_1_363' title='bbox 2577 1430 2744 1483; x_wconf 77' lang='grc' dir='ltr'>φησιν</span> <span class='ocrx_word' id='word_1_364' title='bbox 2762 1430 2778 1447; x_wconf 84' lang='grc'>⁶</span> 
     </span>
    </p>
   </div>
   <div class='ocr_carea' id='block_1_51' title="bbox 2330 1615 3832 1706">
    <p class='ocr_par' dir='ltr' id='par_1_51' title="bbox 2330 1615 3832 1706">
     <span class='ocr_line' id='line_1_51' title="bbox 2330 1615 3832 1706; baseline 0.015 -37"><span class='ocrx_word' id='word_1_365' title='bbox 2330 1615 2583 1684; x_wconf 76' lang='grc' dir='ltr'>Ἀγαθὸν</span> <span class='ocrx_word' id='word_1_366' title='bbox 2639 1623 2828 1691; x_wconf 79' lang='grc' dir='ltr'>θυμὸς</span> <span class='ocrx_word' id='word_1_367' title='bbox 2870 1625 3026 1695; x_wconf 79' lang='grc' dir='ltr'>ὑπὲρ</span> <span class='ocrx_word' id='word_1_368' title='bbox 3074 1626 3308 1696; x_wconf 72' lang='grc' dir='ltr'>γέλωτα</span> <span class='ocrx_word' id='word_1_369' title='bbox 3335 1647 3350 1662; x_wconf 77' lang='grc' dir='ltr'><strong>ο</strong></span> <span class='ocrx_word' id='word_1_370' title='bbox 3407 1632 3496 1687; x_wconf 83' lang='grc' dir='ltr'>ὅτι</span> <span class='ocrx_word' id='word_1_371' title='bbox 3537 1633 3609 1686; x_wconf 79' lang='grc' dir='ltr'><strong>ἐν</strong></span> <span class='ocrx_word' id='word_1_372' title='bbox 3650 1638 3832 1706; x_wconf 79' lang='grc' dir='ltr'>κακίᾳ</span> 
     </span>
    </p>
   </div>
   <div class='ocr_carea' id='block_1_52' title="bbox 2249 1706 3354 1787">
    <p class='ocr_par' dir='ltr' id='par_1_52' title="bbox 2249 1706 3354 1787">
     <span class='ocr_line' id='line_1_52' title="bbox 2249 1706 3354 1787; baseline 0.016 -31"><span class='ocrx_word' id='word_1_373' title='bbox 2249 1706 2574 1773; x_wconf 78' lang='grc' dir='ltr'><strong>προσώπου</strong></span> <span class='ocrx_word' id='word_1_374' title='bbox 2608 1711 3089 1784; x_wconf 77' lang='grc' dir='ltr'>ἀγιιθυνθήσεται</span> <span class='ocrx_word' id='word_1_375' title='bbox 3120 1718 3354 1787; x_wconf 83' lang='grc' dir='ltr'>καρδία.</span> 
     </span>
    </p>
   </div>
   <div class='ocr_carea' id='block_1_53' title="bbox 2321 1798 3831 1883">
    <p class='ocr_par' dir='ltr' id='par_1_53' title="bbox 2321 1798 3831 1883">
     <span class='ocr_line' id='line_1_53' title="bbox 2321 1798 3831 1883; baseline 0.013 -32"><span class='ocrx_word' id='word_1_376' title='bbox 2321 1798 2424 1852; x_wconf 83' lang='grc' dir='ltr'><strong>Τὸν</strong></span> <span class='ocrx_word' id='word_1_377' title='bbox 2465 1805 2814 1874; x_wconf 86' lang='grc' dir='ltr'>προσήκοντα</span> <span class='ocrx_word' id='word_1_378' title='bbox 2857 1809 2951 1862; x_wconf 76' lang='grc' dir='ltr'>καὶ</span> <span class='ocrx_word' id='word_1_379' title='bbox 3002 1810 3211 1864; x_wconf 84' lang='grc' dir='ltr'>δίκαιον</span> <span class='ocrx_word' id='word_1_380' title='bbox 3254 1811 3427 1883; x_wconf 82' lang='grc' dir='ltr'>θυμὸν</span> <span class='ocrx_word' id='word_1_381' title='bbox 3469 1814 3831 1883; x_wconf 76' lang='grc' dir='ltr'>ἀποφαίνεται</span> 
     </span>
    </p>
   </div>
   <div class='ocr_carea' id='block_1_54' title="bbox 2248 1893 3830 1982">
    <p class='ocr_par' dir='ltr' id='par_1_54' title="bbox 2248 1893 3830 1982">
     <span class='ocr_line' id='line_1_54' title="bbox 2248 1893 3830 1982; baseline 0.012 -38"><span class='ocrx_word' id='word_1_382' title='bbox 2248 1893 2538 1964; x_wconf 88' lang='grc' dir='ltr'>κρείττονα</span> <span class='ocrx_word' id='word_1_383' title='bbox 2585 1899 2788 1963; x_wconf 75' lang='grc' dir='ltr'>παντὸς</span> <span class='ocrx_word' id='word_1_384' title='bbox 2820 1901 3062 1969; x_wconf 82' lang='grc' dir='ltr'>γέλωτος</span> <span class='ocrx_word' id='word_1_385' title='bbox 3105 1905 3454 1973; x_wconf 71' lang='grc' dir='ltr'>πεφυκέναισ</span> <span class='ocrx_word' id='word_1_386' title='bbox 3505 1909 3682 1977; x_wconf 82' lang='grc' dir='ltr'>γέλως</span> <span class='ocrx_word' id='word_1_387' title='bbox 3732 1913 3830 1982; x_wconf 83' lang='grc' dir='ltr'>μὲν</span> 
     </span>
    </p>
   </div>
   <div class='ocr_carea' id='block_1_55' title="bbox 2248 1983 3833 2071">
    <p class='ocr_par' dir='ltr' id='par_1_55' title="bbox 2248 1983 3833 2071">
     <span class='ocr_line' id='line_1_55' title="bbox 2248 1983 3833 2071; baseline 0.011 -36"><span class='ocrx_word' id='word_1_388' title='bbox 2248 1983 2357 2053; x_wconf 70' lang='grc' dir='ltr'><strong>γὰρ</strong></span> <span class='ocrx_word' id='word_1_389' title='bbox 2393 1985 2492 2055; x_wconf 82' lang='grc' dir='ltr'>οὐχ</span> <span class='ocrx_word' id='word_1_390' title='bbox 2526 1985 2758 2058; x_wconf 82' lang='grc' dir='ltr'>εὕρηταί</span> <span class='ocrx_word' id='word_1_391' title='bbox 2801 2008 2904 2043; x_wconf 86' lang='grc' dir='ltr'><strong>που</strong></span> <span class='ocrx_word' id='word_1_392' title='bbox 2950 1992 3104 2062; x_wconf 79' lang='grc' dir='ltr'>παρὰ</span> <span class='ocrx_word' id='word_1_393' title='bbox 3133 1996 3200 2065; x_wconf 78' lang='grc' dir='ltr'>τῇ</span> <span class='ocrx_word' id='word_1_394' title='bbox 3234 1993 3355 2066; x_wconf 80' lang='grc' dir='ltr'>θείᾳ</span> <span class='ocrx_word' id='word_1_395' title='bbox 3397 1996 3591 2069; x_wconf 81' lang='grc' dir='ltr'>Γραφῇ</span> <span class='ocrx_word' id='word_1_396' title='bbox 3626 2015 3833 2071; x_wconf 82' lang='grc' dir='ltr'>μεμαρ·</span> 
     </span>
    </p>
   </div>
   <div class='ocr_carea' id='block_1_56' title="bbox 2246 2077 3831 2162">
    <p class='ocr_par' dir='ltr' id='par_1_56' title="bbox 2246 2077 3831 2162">
     <span class='ocr_line' id='line_1_56' title="bbox 2246 2077 3831 2162; baseline 0.011 -35"><span class='ocrx_word' id='word_1_397' title='bbox 2246 2077 2556 2147; x_wconf 84' lang='grc' dir='ltr'>τυρημένος</span> <span class='ocrx_word' id='word_1_398' title='bbox 2575 2079 2650 2143; x_wconf 87' lang='grc' dir='ltr'><strong>ώς</strong></span> <span class='ocrx_word' id='word_1_399' title='bbox 2677 2082 2904 2151; x_wconf 85' lang='grc' dir='ltr'>ἀγαθὸν,</span> <span class='ocrx_word' id='word_1_400' title='bbox 2937 2084 2970 2155; x_wconf 77' lang='grc' dir='ltr'>ἦ</span> <span class='ocrx_word' id='word_1_401' title='bbox 2996 2101 3143 2147; x_wconf 86' lang='grc' dir='ltr'>τινος</span> <span class='ocrx_word' id='word_1_402' title='bbox 3174 2087 3444 2158; x_wconf 80' lang='grc' dir='ltr'>ἀποδοχῆς</span> <span class='ocrx_word' id='word_1_403' title='bbox 3480 2087 3831 2162; x_wconf 75' lang='grc' dir='ltr'>ἀξιούμενοςο</span> 
     </span>
    </p>
   </div>
   <div class='ocr_carea' id='block_1_57' title="bbox 2247 2166 3833 2255">
    <p class='ocr_par' dir='ltr' id='par_1_57' title="bbox 2247 2166 3833 2255">
     <span class='ocr_line' id='line_1_57' title="bbox 2247 2166 3833 2255; baseline 0.013 -37"><span class='ocrx_word' id='word_1_404' title='bbox 2247 2166 2384 2238; x_wconf 82' lang='grc' dir='ltr'>ὀργὴ</span> <span class='ocrx_word' id='word_1_405' title='bbox 2430 2170 2614 2241; x_wconf 83' lang='grc' dir='ltr'>μέντοι</span> <span class='ocrx_word' id='word_1_406' title='bbox 2667 2174 2954 2243; x_wconf 84' lang='grc' dir='ltr'>πρέπουσα</span> <span class='ocrx_word' id='word_1_407' title='bbox 2999 2177 3096 2230; x_wconf 77' lang='grc' dir='ltr'><strong>καὶ</strong></span> <span class='ocrx_word' id='word_1_408' title='bbox 3139 2177 3314 2247; x_wconf 82' lang='grc' dir='ltr'>θυμὸς</span> <span class='ocrx_word' id='word_1_409' title='bbox 3360 2181 3699 2255; x_wconf 79' lang='grc' dir='ltr'>κατάλληλος</span> <span class='ocrx_word' id='word_1_410' title='bbox 3734 2186 3833 2239; x_wconf 75' lang='grc' dir='ltr'><strong>καὶ</strong></span> 
     </span>
    </p>
   </div>
   <div class='ocr_carea' id='block_1_58' title="bbox 2249 2260 3833 2339">
    <p class='ocr_par' dir='ltr' id='par_1_58' title="bbox 2249 2260 3833 2339">
     <span class='ocr_line' id='line_1_58' title="bbox 2249 2260 3833 2339; baseline 0.012 -29"><span class='ocrx_word' id='word_1_411' title='bbox 2249 2260 2545 2329; x_wconf 80' lang='grc' dir='ltr'>προσήκων</span> <span class='ocrx_word' id='word_1_412' title='bbox 2587 2262 2726 2333; x_wconf 80' lang='grc' dir='ltr'>πρὸς</span> <span class='ocrx_word' id='word_1_413' title='bbox 2761 2262 3047 2335; x_wconf 87' lang='grc' dir='ltr'>διόρθωσιν</span> <span class='ocrx_word' id='word_1_414' title='bbox 3076 2266 3189 2320; x_wconf 90' lang='grc' dir='ltr'><strong>τῶν</strong></span> <span class='ocrx_word' id='word_1_415' title='bbox 3221 2267 3694 2339; x_wconf 81' lang='grc' dir='ltr'>πλημμελούντων</span> <span class='ocrx_word' id='word_1_416' title='bbox 3732 2275 3833 2329; x_wconf 83' lang='grc' dir='ltr'>καὶ</span> 
     </span>
    </p>
   </div>
   <div class='ocr_carea' id='block_1_59' title="bbox 2244 2350 3831 2427">
    <p class='ocr_par' dir='ltr' id='par_1_59' title="bbox 2244 2350 3831 2427">
     <span class='ocr_line' id='line_1_59' title="bbox 2244 2350 3831 2427; baseline 0.012 -25"><span class='ocrx_word' id='word_1_417' title='bbox 2244 2350 2355 2403; x_wconf 87' lang='grc' dir='ltr'><strong>τῶν</strong></span> <span class='ocrx_word' id='word_1_418' title='bbox 2398 2354 2832 2424; x_wconf 79' lang='grc' dir='ltr'>ἁμαρτανόντων</span> <span class='ocrx_word' id='word_1_419' title='bbox 2885 2356 3192 2427; x_wconf 85' lang='grc' dir='ltr'>βελτίωσιν,</span> <span class='ocrx_word' id='word_1_420' title='bbox 3240 2363 3529 2427; x_wconf 85' lang='grc' dir='ltr'>ὲπαινετός</span> <span class='ocrx_word' id='word_1_421' title='bbox 3576 2365 3694 2420; x_wconf 69' lang='grc' dir='ltr'>ἐστι</span> <span class='ocrx_word' id='word_1_422' title='bbox 3732 2367 3831 2421; x_wconf 80' lang='grc' dir='ltr'>καὶ</span> 
     </span>
    </p>
   </div>
   <div class='ocr_carea' id='block_1_60' title="bbox 2249 2446 3830 2521">
    <p class='ocr_par' dir='ltr' id='par_1_60' title="bbox 2249 2446 3830 2521">
     <span class='ocr_line' id='line_1_60' title="bbox 2249 2446 3830 2521; baseline 0.01 -24"><span class='ocrx_word' id='word_1_423' title='bbox 2249 2446 2494 2517; x_wconf 85' lang='grc' dir='ltr'>μεγάλης</span> <span class='ocrx_word' id='word_1_424' title='bbox 2531 2447 2685 2512; x_wconf 75' lang='grc' dir='ltr'>ἄξιος</span> <span class='ocrx_word' id='word_1_425' title='bbox 2729 2448 3028 2521; x_wconf 82' lang='grc' dir='ltr'>εὐφημίας.</span> <span class='ocrx_word' id='word_1_426' title='bbox 3083 2451 3183 2506; x_wconf 85' lang='grc' dir='ltr'><strong>Διά</strong></span> <span class='ocrx_word' id='word_1_427' title='bbox 3213 2453 3374 2508; x_wconf 86' lang='grc' dir='ltr'>τοῦτο</span> <span class='ocrx_word' id='word_1_428' title='bbox 3417 2456 3513 2508; x_wconf 78' lang='grc' dir='ltr'><strong>καὶ</strong></span> <span class='ocrx_word' id='word_1_429' title='bbox 3556 2458 3650 2511; x_wconf 75' lang='grc' dir='ltr'><strong>ἐπὶ</strong></span> <span class='ocrx_word' id='word_1_430' title='bbox 3692 2458 3830 2513; x_wconf 87' lang='grc' dir='ltr'>Θεοῦ</span> 
     </span>
    </p>
   </div>
   <div class='ocr_carea' id='block_1_61' title="bbox 2247 2537 3826 2622">
    <p class='ocr_par' dir='ltr' id='par_1_61' title="bbox 2247 2537 3826 2622">
     <span class='ocr_line' id='line_1_61' title="bbox 2247 2537 3826 2622; baseline 0.011 -33"><span class='ocrx_word' id='word_1_431' title='bbox 2247 2537 2586 2607; x_wconf 85' lang='grc' dir='ltr'>λαμϐάνεται</span> <span class='ocrx_word' id='word_1_432' title='bbox 2617 2540 2881 2606; x_wconf 83' lang='grc' dir='ltr'>πολλάκις</span> <span class='ocrx_word' id='word_1_433' title='bbox 2912 2546 2945 2614; x_wconf 88' lang='grc' dir='ltr'><strong>ή</strong></span> <span class='ocrx_word' id='word_1_434' title='bbox 2974 2543 3113 2615; x_wconf 81' lang='grc' dir='ltr'>ὀργὴ</span> <span class='ocrx_word' id='word_1_435' title='bbox 3139 2546 3235 2599; x_wconf 82' lang='grc' dir='ltr'><strong>καὶ</strong></span> <span class='ocrx_word' id='word_1_436' title='bbox 3260 2546 3445 2617; x_wconf 85' lang='grc' dir='ltr'>μέντοι</span> <span class='ocrx_word' id='word_1_437' title='bbox 3466 2548 3562 2602; x_wconf 74' lang='grc' dir='ltr'><strong>καὶ</strong></span> <span class='ocrx_word' id='word_1_438' title='bbox 3585 2551 3614 2603; x_wconf 98' lang='lat'><strong>6</strong></span> <span class='ocrx_word' id='word_1_439' title='bbox 3635 2550 3826 2622; x_wconf 87' lang='grc' dir='ltr'>θυμός·</span> 
     </span>
    </p>
   </div>
   <div class='ocr_carea' id='block_1_62' title="bbox 2245 2630 3830 2711">
    <p class='ocr_par' dir='ltr' id='par_1_62' title="bbox 2245 2630 3830 2711">
     <span class='ocr_line' id='line_1_62' title="bbox 2245 2630 3830 2711; baseline 0.009 -30"><span class='ocrx_word' id='word_1_440' title='bbox 2245 2630 2382 2699; x_wconf 74' lang='grc' dir='ltr'>φησὶ</span> <span class='ocrx_word' id='word_1_441' title='bbox 2411 2630 2518 2701; x_wconf 81' lang='grc' dir='ltr'><strong>γάρ</strong></span> <span class='ocrx_word' id='word_1_442' title='bbox 2545 2632 2766 2686; x_wconf 72' lang='grc' dir='ltr'>ἐπὶτῶν</span> <span class='ocrx_word' id='word_1_443' title='bbox 2795 2636 3074 2707; x_wconf 67' lang='grc' dir='ltr'>κατὰὶτῆς</span> <span class='ocrx_word' id='word_1_444' title='bbox 3109 2637 3474 2711; x_wconf 83' lang='grc' dir='ltr'>Ἰερουσαλὴμ</span> <span class='ocrx_word' id='word_1_445' title='bbox 3507 2641 3830 2699; x_wconf 85' lang='grc' dir='ltr'>λυττώντων</span> 
     </span>
    </p>
   </div>
   <div class='ocr_carea' id='block_1_63' title="bbox 2243 2726 3833 2812">
    <p class='ocr_par' dir='ltr' id='par_1_63' title="bbox 2243 2726 3833 2812">
     <span class='ocr_line' id='line_1_63' title="bbox 2243 2726 3833 2812; baseline 0.008 -32"><span class='ocrx_word' id='word_1_446' title='bbox 2243 2726 2412 2780; x_wconf 79' lang='grc' dir='ltr'>ἐθνῶν</span> <span class='ocrx_word' id='word_1_447' title='bbox 2444 2728 2475 2779; x_wconf 90' lang='lat'><strong>6</strong></span> <span class='ocrx_word' id='word_1_448' title='bbox 2500 2727 2613 2780; x_wconf 89' lang='grc' dir='ltr'><strong>τῶν</strong></span> <span class='ocrx_word' id='word_1_449' title='bbox 2641 2727 2778 2783; x_wconf 85' lang='grc' dir='ltr'>ὅλων</span> <span class='ocrx_word' id='word_1_450' title='bbox 2809 2729 2976 2794; x_wconf 77' lang='grc' dir='ltr'>Θεόςο</span> <span class='ocrx_word' id='word_1_451' title='bbox 3023 2751 3042 2784; x_wconf 76' lang='grc' dir='ltr'><strong>ι</strong></span> <span class='ocrx_word' id='word_1_452' title='bbox 3075 2733 3222 2786; x_wconf 85' lang='grc' dir='ltr'>Διὸτι</span> <span class='ocrx_word' id='word_1_453' title='bbox 3264 2733 3405 2807; x_wconf 81' lang='grc' dir='ltr'>ὀργῇ</span> <span class='ocrx_word' id='word_1_454' title='bbox 3455 2737 3672 2812; x_wconf 81' lang='grc' dir='ltr'>μεγάλῃ</span> <span class='ocrx_word' id='word_1_455' title='bbox 3719 2739 3833 2807; x_wconf 84' lang='grc' dir='ltr'><strong>ἐγὼ</strong></span> 
     </span>
    </p>
   </div>
   <div class='ocr_carea' id='block_1_64' title="bbox 2242 2818 3826 2903">
    <p class='ocr_par' dir='ltr' id='par_1_64' title="bbox 2242 2818 3826 2903">
     <span class='ocr_line' id='line_1_64' title="bbox 2242 2818 3826 2903; baseline 0.006 -30"><span class='ocrx_word' id='word_1_456' title='bbox 2242 2818 2534 2890; x_wconf 81' lang='grc' dir='ltr'>ὀργίζομαι</span> <span class='ocrx_word' id='word_1_457' title='bbox 2581 2821 2678 2874; x_wconf 74' lang='grc' dir='ltr'><strong>ἐπὶ</strong></span> <span class='ocrx_word' id='word_1_458' title='bbox 2722 2822 2793 2877; x_wconf 80' lang='grc' dir='ltr'>τὰ</span> <span class='ocrx_word' id='word_1_459' title='bbox 2842 2823 2972 2895; x_wconf 76' lang='grc' dir='ltr'>ἔθνη</span> <span class='ocrx_word' id='word_1_460' title='bbox 3019 2825 3090 2880; x_wconf 78' lang='grc' dir='ltr'><strong>τά</strong></span> <span class='ocrx_word' id='word_1_461' title='bbox 3145 2827 3607 2900; x_wconf 87' lang='grc' dir='ltr'>συνεπιτιθέμενα</span> <span class='ocrx_word' id='word_1_462' title='bbox 3652 2832 3826 2903; x_wconf 70' lang='grc' dir='ltr'>αὐτῇι</span> 
     </span>
    </p>
   </div>
   <div class='ocr_carea' id='block_1_65' title="bbox 2242 2905 3824 2987">
    <p class='ocr_par' dir='ltr' id='par_1_65' title="bbox 2242 2905 3824 2987">
     <span class='ocr_line' id='line_1_65' title="bbox 2242 2905 3824 2987; baseline 0.008 -22"><span class='ocrx_word' id='word_1_463' title='bbox 2242 2912 2362 2966; x_wconf 80' lang='grc' dir='ltr'>ἀνθ’</span> <span class='ocrx_word' id='word_1_464' title='bbox 2401 2905 2477 2966; x_wconf 84' lang='grc' dir='ltr'>ὧν</span> <span class='ocrx_word' id='word_1_465' title='bbox 2506 2912 2620 2983; x_wconf 76' lang='grc' dir='ltr'>ἐγὼ</span> <span class='ocrx_word' id='word_1_466' title='bbox 2650 2914 2751 2985; x_wconf 83' lang='grc' dir='ltr'><strong>μὲν</strong></span> <span class='ocrx_word' id='word_1_467' title='bbox 2782 2915 3061 2987; x_wconf 84' lang='grc' dir='ltr'>ὠργίσθην</span> <span class='ocrx_word' id='word_1_468' title='bbox 3089 2919 3172 2982; x_wconf 86' lang='grc' dir='ltr'>εἰς</span> <span class='ocrx_word' id='word_1_469' title='bbox 3198 2919 3376 2987; x_wconf 84' lang='grc' dir='ltr'>ὀλίγα,</span> <span class='ocrx_word' id='word_1_470' title='bbox 3410 2922 3568 2975; x_wconf 71' lang='grc' dir='ltr'>αὐτοὶ</span> <span class='ocrx_word' id='word_1_471' title='bbox 3598 2922 3655 2977; x_wconf 78' lang='grc' dir='ltr'>δὲ</span> <span class='ocrx_word' id='word_1_472' title='bbox 3696 2940 3824 2977; x_wconf 86' lang='grc' dir='ltr'>συν-</span> 
     </span>
    </p>
   </div>
   <div class='ocr_carea' id='block_1_66' title="bbox 2241 3005 3828 3085">
    <p class='ocr_par' dir='ltr' id='par_1_66' title="bbox 2241 3005 3828 3085">
     <span class='ocr_line' id='line_1_66' title="bbox 2241 3005 3828 3085; baseline 0.006 -27"><span class='ocrx_word' id='word_1_473' title='bbox 2241 3005 2501 3059; x_wconf 86' lang='grc' dir='ltr'>επέθεντο</span> <span class='ocrx_word' id='word_1_474' title='bbox 2550 3008 2631 3071; x_wconf 78' lang='grc' dir='ltr'>εἰς</span> <span class='ocrx_word' id='word_1_475' title='bbox 2688 3007 2883 3063; x_wconf 88' lang='grc' dir='ltr'>πολλά.</span> <span class='ocrx_word' id='word_1_476' title='bbox 2927 3028 2946 3062; x_wconf 69' lang='grc' dir='ltr'><strong>ι</strong></span> <span class='ocrx_word' id='word_1_477' title='bbox 2987 3010 3099 3063; x_wconf 75' lang='grc' dir='ltr'>Καὶ</span> <span class='ocrx_word' id='word_1_478' title='bbox 3142 3012 3325 3083; x_wconf 83' lang='grc' dir='ltr'>πολλῷ</span> <span class='ocrx_word' id='word_1_479' title='bbox 3384 3013 3598 3085; x_wconf 89' lang='grc' dir='ltr'>πρώην,</span> <span class='ocrx_word' id='word_1_480' title='bbox 3654 3034 3671 3065; x_wconf 74' lang='grc' dir='ltr'><strong>ι</strong></span> <span class='ocrx_word' id='word_1_481' title='bbox 3713 3016 3828 3068; x_wconf 69' lang='grc' dir='ltr'>Καὶ</span> 
     </span>
    </p>
   </div>
   <div class='ocr_carea' id='block_1_67' title="bbox 2241 3099 3825 3176">
    <p class='ocr_par' dir='ltr' id='par_1_67' title="bbox 2241 3099 3825 3176">
     <span class='ocr_line' id='line_1_67' title="bbox 2241 3099 3825 3176; baseline 0.007 -25"><span class='ocrx_word' id='word_1_482' title='bbox 2241 3099 2519 3170; x_wconf 74' lang='grc' dir='ltr'>θυμωθεὶς</span> <span class='ocrx_word' id='word_1_483' title='bbox 2541 3101 2678 3171; x_wconf 78' lang='grc' dir='ltr'>ὀργῇ</span> <span class='ocrx_word' id='word_1_484' title='bbox 2710 3102 2917 3171; x_wconf 83' lang='grc' dir='ltr'>Κύριος</span> <span class='ocrx_word' id='word_1_485' title='bbox 2940 3103 3034 3156; x_wconf 74' lang='grc' dir='ltr'><strong>ἐπὶ</strong></span> <span class='ocrx_word' id='word_1_486' title='bbox 3061 3105 3323 3176; x_wconf 81' lang='grc' dir='ltr'>Μωῦσῆν,</span> <span class='ocrx_word' id='word_1_487' title='bbox 3354 3101 3507 3159; x_wconf 79' lang='grc' dir='ltr'>εἶπεν</span> <span class='ocrx_word' id='word_1_488' title='bbox 3528 3124 3543 3140; x_wconf 87' lang='grc'><strong>·</strong></span> <span class='ocrx_word' id='word_1_489' title='bbox 3573 3108 3688 3161; x_wconf 83' lang='grc' dir='ltr'>Οὐκ</span> <span class='ocrx_word' id='word_1_490' title='bbox 3715 3108 3825 3161; x_wconf 78' lang='grc' dir='ltr'>ἰδοὺ</span> 
     </span>
    </p>
   </div>
   <div class='ocr_carea' id='block_1_68' title="bbox 2239 3193 3825 3265">
    <p class='ocr_par' dir='ltr' id='par_1_68' title="bbox 2239 3193 3825 3265">
     <span class='ocr_line' id='line_1_68' title="bbox 2239 3193 3825 3265; baseline 0.004 -17"><span class='ocrx_word' id='word_1_491' title='bbox 2239 3195 2267 3248; x_wconf 89' lang='grc' dir='ltr'>ὁ</span> <span class='ocrx_word' id='word_1_492' title='bbox 2297 3193 2523 3263; x_wconf 78' lang='grc' dir='ltr'>ἀδελφός</span> <span class='ocrx_word' id='word_1_493' title='bbox 2555 3211 2651 3247; x_wconf 88' lang='grc' dir='ltr'><strong>σου</strong></span> <span class='ocrx_word' id='word_1_494' title='bbox 2698 3196 2728 3248; x_wconf 91' lang='lat'><strong>6</strong></span> <span class='ocrx_word' id='word_1_495' title='bbox 2768 3196 3038 3265; x_wconf 83' lang='grc' dir='ltr'>Λευῖτης;</span> <span class='ocrx_word' id='word_1_496' title='bbox 3076 3215 3095 3248; x_wconf 76' lang='grc' dir='ltr'><strong>ι</strong></span> <span class='ocrx_word' id='word_1_497' title='bbox 3149 3197 3247 3249; x_wconf 74' lang='grc' dir='ltr'><strong>καὶ</strong></span> <span class='ocrx_word' id='word_1_498' title='bbox 3276 3197 3448 3252; x_wconf 85' lang='grc' dir='ltr'>πολλὰ</span> <span class='ocrx_word' id='word_1_499' title='bbox 3476 3198 3705 3253; x_wconf 87' lang='grc' dir='ltr'>τοιαῦτά</span> <span class='ocrx_word' id='word_1_500' title='bbox 3738 3212 3825 3263; x_wconf 80' lang='grc' dir='ltr'><strong>τις</strong></span> 
     </span>
    </p>
   </div>
   <div class='ocr_carea' id='block_1_69' title="bbox 2241 3286 3826 3358">
    <p class='ocr_par' dir='ltr' id='par_1_69' title="bbox 2241 3286 3826 3358">
     <span class='ocr_line' id='line_1_69' title="bbox 2241 3286 3826 3358; baseline 0.003 -19"><span class='ocrx_word' id='word_1_501' title='bbox 2241 3287 2467 3357; x_wconf 82' lang='grc' dir='ltr'>εὑρήσει</span> <span class='ocrx_word' id='word_1_502' title='bbox 2498 3286 2864 3358; x_wconf 82' lang='grc' dir='ltr'>γεγραμμένα</span> <span class='ocrx_word' id='word_1_503' title='bbox 2908 3288 3039 3358; x_wconf 74' lang='grc' dir='ltr'>περὶ</span> <span class='ocrx_word' id='word_1_504' title='bbox 3082 3288 3218 3342; x_wconf 81' lang='grc' dir='ltr'>Θεοῦ</span> <span class='ocrx_word' id='word_1_505' title='bbox 3263 3290 3360 3343; x_wconf 75' lang='grc' dir='ltr'><strong>καὶ</strong></span> <span class='ocrx_word' id='word_1_506' title='bbox 3406 3290 3515 3343; x_wconf 86' lang='grc' dir='ltr'><strong>τῶν</strong></span> <span class='ocrx_word' id='word_1_507' title='bbox 3550 3291 3646 3344; x_wconf 88' lang='grc' dir='ltr'><strong>τοῦ</strong></span> <span class='ocrx_word' id='word_1_508' title='bbox 3691 3291 3826 3344; x_wconf 84' lang='grc' dir='ltr'>Θεοῦ</span> 
     </span>
    </p>
   </div>
   <div class='ocr_carea' id='block_1_70' title="bbox 2241 3377 3824 3452">
    <p class='ocr_par' dir='ltr' id='par_1_70' title="bbox 2241 3377 3824 3452">
     <span class='ocr_line' id='line_1_70' title="bbox 2241 3377 3824 3452; baseline 0.004 -22"><span class='ocrx_word' id='word_1_509' title='bbox 2241 3377 2620 3448; x_wconf 84' lang='grc' dir='ltr'>θεραπόντων,</span> <span class='ocrx_word' id='word_1_510' title='bbox 2659 3377 2737 3441; x_wconf 87' lang='grc' dir='ltr'>ὡς</span> <span class='ocrx_word' id='word_1_511' title='bbox 2770 3377 3085 3448; x_wconf 86' lang='grc' dir='ltr'>γέγραπται</span> <span class='ocrx_word' id='word_1_512' title='bbox 3111 3382 3208 3435; x_wconf 81' lang='grc' dir='ltr'><strong>καὶ</strong></span> <span class='ocrx_word' id='word_1_513' title='bbox 3234 3382 3364 3452; x_wconf 75' lang='grc' dir='ltr'>περὶ</span> <span class='ocrx_word' id='word_1_514' title='bbox 3394 3382 3488 3435; x_wconf 84' lang='grc' dir='ltr'><strong>τοῦ</strong></span> <span class='ocrx_word' id='word_1_515' title='bbox 3519 3383 3824 3445; x_wconf 84' lang='grc' dir='ltr'>Μωῦσέως·</span> 
     </span>
    </p>
   </div>
   <div class='ocr_carea' id='block_1_71' title="bbox 2247 3467 3829 3543">
    <p class='ocr_par' dir='ltr' id='par_1_71' title="bbox 2247 3467 3829 3543">
     <span class='ocr_line' id='line_1_71' title="bbox 2247 3467 3829 3543; baseline 0.004 -24"><span class='ocrx_word' id='word_1_516' title='bbox 2247 3485 2266 3518; x_wconf 80' lang='grc' dir='ltr'><strong>ι</strong></span> <span class='ocrx_word' id='word_1_517' title='bbox 2302 3469 2415 3520; x_wconf 85' lang='grc' dir='ltr'><strong>Καὶ</strong></span> <span class='ocrx_word' id='word_1_518' title='bbox 2460 3467 2739 3537; x_wconf 76' lang='grc' dir='ltr'>ὀργισθεὶς</span> <span class='ocrx_word' id='word_1_519' title='bbox 2790 3468 2949 3540; x_wconf 87' lang='grc' dir='ltr'>θυμῷ</span> <span class='ocrx_word' id='word_1_520' title='bbox 2986 3470 3231 3541; x_wconf 83' lang='grc' dir='ltr'>Μωῦσῆς</span> <span class='ocrx_word' id='word_1_521' title='bbox 3277 3472 3501 3543; x_wconf 74' lang='grc' dir='ltr'>ἔρριψεν</span> <span class='ocrx_word' id='word_1_522' title='bbox 3556 3473 3668 3526; x_wconf 84' lang='grc' dir='ltr'><strong>ἀπὸ</strong></span> <span class='ocrx_word' id='word_1_523' title='bbox 3715 3472 3829 3526; x_wconf 87' lang='grc' dir='ltr'><strong>τῶν</strong></span> 
     </span>
    </p>
   </div>
   <div class='ocr_carea' id='block_1_72' title="bbox 2241 3556 3827 3635">
    <p class='ocr_par' dir='ltr' id='par_1_72' title="bbox 2241 3556 3827 3635">
     <span class='ocr_line' id='line_1_72' title="bbox 2241 3556 3827 3635; baseline 0.005 -26"><span class='ocrx_word' id='word_1_524' title='bbox 2241 3556 2441 3627; x_wconf 87' lang='grc' dir='ltr'>χειρῶν</span> <span class='ocrx_word' id='word_1_525' title='bbox 2467 3556 2634 3610; x_wconf 87' lang='grc' dir='ltr'>αὐτοῦ</span> <span class='ocrx_word' id='word_1_526' title='bbox 2662 3557 2763 3621; x_wconf 85' lang='grc' dir='ltr'>τὰς</span> <span class='ocrx_word' id='word_1_527' title='bbox 2782 3557 2879 3611; x_wconf 90' lang='grc' dir='ltr'><strong>δύο</strong></span> <span class='ocrx_word' id='word_1_528' title='bbox 2907 3559 3148 3626; x_wconf 83' lang='grc' dir='ltr'>πλάκας,</span> <span class='ocrx_word' id='word_1_529' title='bbox 3169 3562 3263 3615; x_wconf 78' lang='grc' dir='ltr'>καὶ</span> <span class='ocrx_word' id='word_1_530' title='bbox 3294 3562 3621 3635; x_wconf 76' lang='grc' dir='ltr'>συνέτριψεν</span> <span class='ocrx_word' id='word_1_531' title='bbox 3652 3564 3827 3627; x_wconf 78' lang='grc' dir='ltr'>αὑτὰς</span> 
     </span>
    </p>
   </div>
   <div class='ocr_carea' id='block_1_73' title="bbox 2241 3649 3829 3728">
    <p class='ocr_par' dir='ltr' id='par_1_73' title="bbox 2241 3649 3829 3728">
     <span class='ocr_line' id='line_1_73' title="bbox 2241 3649 3829 3728; baseline 0.005 -26"><span class='ocrx_word' id='word_1_532' title='bbox 2241 3652 2321 3712; x_wconf 84' lang='grc' dir='ltr'><strong>είς</strong></span> <span class='ocrx_word' id='word_1_533' title='bbox 2360 3649 2421 3704; x_wconf 87' lang='grc' dir='ltr'><strong>τὸ</strong></span> <span class='ocrx_word' id='word_1_534' title='bbox 2454 3650 2605 3719; x_wconf 79' lang='grc' dir='ltr'>ὅρος.</span> <span class='ocrx_word' id='word_1_535' title='bbox 2644 3669 2664 3703; x_wconf 72' lang='grc' dir='ltr'><strong>ι</strong></span> <span class='ocrx_word' id='word_1_536' title='bbox 2695 3650 3001 3722; x_wconf 82' lang='grc' dir='ltr'>Τοιγαροῦν</span> <span class='ocrx_word' id='word_1_537' title='bbox 3043 3654 3409 3726; x_wconf 77' lang='grc' dir='ltr'>αἱρετώτερος</span> <span class='ocrx_word' id='word_1_538' title='bbox 3456 3656 3688 3728; x_wconf 77' lang='grc' dir='ltr'>εὓρηται</span> <span class='ocrx_word' id='word_1_539' title='bbox 3728 3657 3829 3709; x_wconf 74' lang='grc' dir='ltr'>καὶ</span> 
     </span>
    </p>
   </div>
   <div class='ocr_carea' id='block_1_74' title="bbox 2240 3741 3827 3819">
    <p class='ocr_par' dir='ltr' id='par_1_74' title="bbox 2240 3741 3827 3819">
     <span class='ocr_line' id='line_1_74' title="bbox 2240 3741 3827 3819; baseline 0.006 -25"><span class='ocrx_word' id='word_1_540' title='bbox 2240 3741 2677 3814; x_wconf 81' lang='grc' dir='ltr'>λυσιτελέστερος</span> <span class='ocrx_word' id='word_1_541' title='bbox 2704 3743 2780 3807; x_wconf 62' lang='lat' dir='ltr'><strong>ti);</strong></span> <span class='ocrx_word' id='word_1_542' title='bbox 2810 3744 3017 3813; x_wconf 80' lang='grc' dir='ltr'>ἀγαθὸς</span> <span class='ocrx_word' id='word_1_543' title='bbox 3043 3748 3070 3800; x_wconf 89' lang='lat'><strong>6</strong></span> <span class='ocrx_word' id='word_1_544' title='bbox 3105 3749 3403 3819; x_wconf 89' lang='grc' dir='ltr'>προσήκων</span> <span class='ocrx_word' id='word_1_545' title='bbox 3441 3748 3613 3817; x_wconf 78' lang='grc' dir='ltr'>θυμὸς</span> <span class='ocrx_word' id='word_1_546' title='bbox 3633 3750 3662 3802; x_wconf 88' lang='lat'><strong>6</strong></span> <span class='ocrx_word' id='word_1_547' title='bbox 3684 3750 3827 3803; x_wconf 76' lang='grc' dir='ltr'>κατὰ</span> 
     </span>
    </p>
   </div>
   <div class='ocr_carea' id='block_1_75' title="bbox 2239 3835 3829 3912">
    <p class='ocr_par' dir='ltr' id='par_1_75' title="bbox 2239 3835 3829 3912">
     <span class='ocr_line' id='line_1_75' title="bbox 2239 3835 3829 3912; baseline 0.006 -27"><span class='ocrx_word' id='word_1_548' title='bbox 2239 3836 2339 3903; x_wconf 86' lang='grc' dir='ltr'>τῆς</span> <span class='ocrx_word' id='word_1_549' title='bbox 2387 3835 2659 3906; x_wconf 80' lang='grc' dir='ltr'>πονηρίας</span> <span class='ocrx_word' id='word_1_550' title='bbox 2698 3836 2796 3889; x_wconf 81' lang='grc' dir='ltr'>καὶ</span> <span class='ocrx_word' id='word_1_551' title='bbox 2847 3838 2957 3890; x_wconf 88' lang='grc' dir='ltr'><strong>τῶν</strong></span> <span class='ocrx_word' id='word_1_552' title='bbox 3004 3841 3463 3910; x_wconf 87' lang='grc' dir='ltr'>πονηρευομένων</span> <span class='ocrx_word' id='word_1_553' title='bbox 3514 3840 3829 3912; x_wconf 83' lang='grc' dir='ltr'>ἀνθρώπων</span> 
     </span>
    </p>
   </div>
   <div class='ocr_carea' id='block_1_76' title="bbox 2243 3928 3823 4006">
    <p class='ocr_par' dir='ltr' id='par_1_76' title="bbox 2243 3928 3823 4006">
     <span class='ocr_line' id='line_1_76' title="bbox 2243 3928 3823 4006; baseline 0.005 -26"><span class='ocrx_word' id='word_1_554' title='bbox 2243 3928 2381 3999; x_wconf 83' lang='grc' dir='ltr'>ὑπὲρ</span> <span class='ocrx_word' id='word_1_555' title='bbox 2408 3929 2536 3992; x_wconf 80' lang='grc' dir='ltr'>τοὺς</span> <span class='ocrx_word' id='word_1_556' title='bbox 2578 3930 2826 3998; x_wconf 81' lang='grc' dir='ltr'>γέλωτας</span> <span class='ocrx_word' id='word_1_557' title='bbox 2853 3931 2962 3987; x_wconf 84' lang='grc' dir='ltr'><strong>τῶν</strong></span> <span class='ocrx_word' id='word_1_558' title='bbox 2997 3932 3303 4001; x_wconf 88' lang='grc' dir='ltr'>γελώντων,</span> <span class='ocrx_word' id='word_1_559' title='bbox 3335 3935 3504 4004; x_wconf 73' lang='grc' dir='ltr'>ἤγουν</span> <span class='ocrx_word' id='word_1_560' title='bbox 3541 3935 3681 4006; x_wconf 72' lang='grc' dir='ltr'>ὑπὲρ</span> <span class='ocrx_word' id='word_1_561' title='bbox 3722 3935 3823 4006; x_wconf 85' lang='grc' dir='ltr'><strong>τὴν</strong></span> 
     </span>
    </p>
   </div>
   <div class='ocr_carea' id='block_1_77' title="bbox 2240 4023 3823 4100">
    <p class='ocr_par' dir='ltr' id='par_1_77' title="bbox 2240 4023 3823 4100">
     <span class='ocr_line' id='line_1_77' title="bbox 2240 4023 3823 4100; baseline 0.002 -24"><span class='ocrx_word' id='word_1_562' title='bbox 2240 4023 2441 4094; x_wconf 80' lang='grc' dir='ltr'>ἀνοχὴν</span> <span class='ocrx_word' id='word_1_563' title='bbox 2489 4023 2586 4076; x_wconf 75' lang='grc' dir='ltr'><strong>καὶ</strong></span> <span class='ocrx_word' id='word_1_564' title='bbox 2628 4023 3060 4096; x_wconf 86' lang='grc' dir='ltr'>παρασιώπησιν</span> <span class='ocrx_word' id='word_1_565' title='bbox 3093 4027 3189 4080; x_wconf 75' lang='grc' dir='ltr'><strong>καὶ</strong></span> <span class='ocrx_word' id='word_1_566' title='bbox 3230 4026 3328 4098; x_wconf 84' lang='grc' dir='ltr'>τὴν</span> <span class='ocrx_word' id='word_1_567' title='bbox 3377 4028 3452 4100; x_wconf 82' lang='grc' dir='ltr'>μὴ</span> <span class='ocrx_word' id='word_1_568' title='bbox 3501 4029 3823 4099; x_wconf 87' lang='grc' dir='ltr'>πρέπουσαν</span> 
     </span>
    </p>
   </div>
   <div class='ocr_carea' id='block_1_78' title="bbox 2246 4115 3803 4186">
    <p class='ocr_par' dir='ltr' id='par_1_78' title="bbox 2246 4115 3803 4186">
     <span class='ocr_line' id='line_1_78' title="bbox 2246 4115 3803 4186; baseline 0.006 -16"><span class='ocrx_word' id='word_1_569' title='bbox 2246 4115 2652 4186; x_wconf 85' lang='grc' dir='ltr'>μακροθυμίαν.</span> <span class='ocrx_word' id='word_1_570' title='bbox 3802 4134 3803 4137; x_wconf 69' lang='grc'><em>“</em></span> 
     </span>
    </p>
   </div>
   <div class='ocr_carea' id='block_1_79' title="bbox 2313 4208 3819 4286">
    <p class='ocr_par' dir='ltr' id='par_1_79' title="bbox 2313 4208 3819 4286">
     <span class='ocr_line' id='line_1_79' title="bbox 2313 4208 3819 4286; baseline 0.003 -23"><span class='ocrx_word' id='word_1_571' title='bbox 2313 4208 2379 4263; x_wconf 85' lang='grc' dir='ltr'>Τί</span> <span class='ocrx_word' id='word_1_572' title='bbox 2412 4208 2645 4279; x_wconf 87' lang='grc' dir='ltr'>δήποτε;</span> <span class='ocrx_word' id='word_1_573' title='bbox 2680 4228 2699 4262; x_wconf 76' lang='grc' dir='ltr'><strong>ι</strong></span> <span class='ocrx_word' id='word_1_574' title='bbox 2734 4210 2876 4274; x_wconf 81' lang='grc' dir='ltr'>Ὅτι,</span> <span class='ocrx_word' id='word_1_575' title='bbox 2904 4227 2923 4261; x_wconf 74' lang='grc' dir='ltr'><strong>ι</strong></span> <span class='ocrx_word' id='word_1_576' title='bbox 2952 4209 3120 4280; x_wconf 76' lang='grc' dir='ltr'>φησὶ,</span> <span class='ocrx_word' id='word_1_577' title='bbox 3159 4229 3177 4263; x_wconf 75' lang='grc' dir='ltr'><strong>ι</strong></span> <span class='ocrx_word' id='word_1_578' title='bbox 3205 4210 3319 4284; x_wconf 68' lang='grc' dir='ltr'>[ἐν]</span> <span class='ocrx_word' id='word_1_579' title='bbox 3334 4214 3502 4285; x_wconf 81' lang='grc' dir='ltr'>κακίᾳ</span> <span class='ocrx_word' id='word_1_580' title='bbox 3526 4214 3819 4286; x_wconf 77' lang='grc' dir='ltr'>προσώπου</span> 
     </span>
    </p>
   </div>
   <div class='ocr_carea' id='block_1_80' title="bbox 564 4292 2143 4378">
    <p class='ocr_par' dir='ltr' id='par_1_80' title="bbox 564 4292 2136 4363">
     <span class='ocr_line' id='line_1_80' title="bbox 564 4292 2136 4363; baseline -0.001 -14"><span class='ocrx_word' id='word_1_581' title='bbox 564 4302 657 4351; x_wconf 93' lang='lat' dir='ltr'><strong>ts</strong></span> <span class='ocrx_word' id='word_1_582' title='bbox 705 4294 797 4350; x_wconf 81' lang='lat' dir='ltr'><strong>[iet</strong></span> <span class='ocrx_word' id='word_1_583' title='bbox 846 4294 1050 4347; x_wconf 90' lang='lat' dir='ltr'><strong>bonum</strong></span> <span class='ocrx_word' id='word_1_584' title='bbox 1092 4308 1212 4350; x_wconf 94' lang='lat' dir='ltr'><strong>cor.</strong></span> <span class='ocrx_word' id='word_1_585' title='bbox 1251 4314 1272 4346; x_wconf 73' lang='grc' dir='ltr'><strong>ι</strong></span> <span class='ocrx_word' id='word_1_586' title='bbox 1325 4292 1588 4348; x_wconf 81' lang='lat' dir='ltr'><strong>Severum</strong></span> <span class='ocrx_word' id='word_1_587' title='bbox 1635 4293 1843 4349; x_wconf 88' lang='lat' dir='ltr'><strong>scilicet</strong></span> <span class='ocrx_word' id='word_1_588' title='bbox 1888 4294 2136 4363; x_wconf 89' lang='lat' dir='ltr'><strong>obtutum</strong></span> 
     </span>
    </p>
   </div>
   <div class='ocr_carea' id='block_1_81' title="bbox 2242 4292 3822 4378">
    <p class='ocr_par' dir='ltr' id='par_1_81' title="bbox 2243 4300 3822 4376">
     <span class='ocr_line' id='line_1_81' title="bbox 2243 4300 3822 4376; baseline 0.001 -20"><span class='ocrx_word' id='word_1_589' title='bbox 2243 4300 2684 4371; x_wconf 85' lang='grc' dir='ltr'>ἁγαθυνθήσεται</span> <span class='ocrx_word' id='word_1_590' title='bbox 2732 4300 2953 4371; x_wconf 89' lang='grc' dir='ltr'>καρδία.</span> <span class='ocrx_word' id='word_1_591' title='bbox 2986 4320 3005 4352; x_wconf 75' lang='grc' dir='ltr'><strong>ι</strong></span> <span class='ocrx_word' id='word_1_592' title='bbox 3072 4300 3185 4372; x_wconf 86' lang='grc' dir='ltr'><strong>Τὴν</strong></span> <span class='ocrx_word' id='word_1_593' title='bbox 3235 4303 3344 4375; x_wconf 86' lang='grc' dir='ltr'>γὰρ</span> <span class='ocrx_word' id='word_1_594' title='bbox 3395 4304 3677 4376; x_wconf 75' lang='grc' dir='ltr'>αὐστηράν</span> <span class='ocrx_word' id='word_1_595' title='bbox 3724 4306 3822 4360; x_wconf 81' lang='grc' dir='ltr'>καὶ</span> 
     </span>
    </p>
   </div>
   <div class='ocr_carea' id='block_1_82' title="bbox 564 4383 2138 4454">
    <p class='ocr_par' dir='ltr' id='par_1_82' title="bbox 564 4383 2138 4454">
     <span class='ocr_line' id='line_1_82' title="bbox 564 4383 2138 4454; baseline -0.001 -15"><span class='ocrx_word' id='word_1_596' title='bbox 564 4383 1099 4439; x_wconf 82' lang='lat' dir='ltr'><strong>ettruculentiorem</strong></span> <span class='ocrx_word' id='word_1_597' title='bbox 1127 4394 1407 4453; x_wconf 89' lang='lat' dir='ltr'><strong>aspectum</strong></span> <span class='ocrx_word' id='word_1_598' title='bbox 1438 4384 1727 4454; x_wconf 87' lang='lat' dir='ltr'><strong>appellavit</strong></span> <span class='ocrx_word' id='word_1_599' title='bbox 1751 4383 1969 4439; x_wconf 84' lang='lat' dir='ltr'><strong>malum.</strong></span> <span class='ocrx_word' id='word_1_600' title='bbox 2000 4383 2138 4439; x_wconf 76' lang='lat' dir='ltr'><strong>Nam</strong></span> 
     </span>
    </p>
   </div>
   <div class='ocr_carea' id='block_1_83' title="bbox 565 4475 2140 4547">
    <p class='ocr_par' dir='ltr' id='par_1_83' title="bbox 565 4475 2140 4547">
     <span class='ocr_line' id='line_1_83' title="bbox 565 4475 2140 4547; baseline -0.001 -16"><span class='ocrx_word' id='word_1_601' title='bbox 565 4485 624 4531; x_wconf 88' lang='lat' dir='ltr'><strong>et</strong></span> <span class='ocrx_word' id='word_1_602' title='bbox 652 4476 743 4545; x_wconf 93' lang='lat' dir='ltr'><strong>qui</strong></span> <span class='ocrx_word' id='word_1_603' title='bbox 776 4476 831 4529; x_wconf 94' lang='lat' dir='ltr'><strong>in</strong></span> <span class='ocrx_word' id='word_1_604' title='bbox 874 4476 1002 4530; x_wconf 89' lang='lat' dir='ltr'><strong>ludo</strong></span> <span class='ocrx_word' id='word_1_605' title='bbox 1040 4475 1280 4539; x_wconf 85' lang='lat' dir='ltr'><strong>discunt,</strong></span> <span class='ocrx_word' id='word_1_606' title='bbox 1327 4477 1371 4531; x_wconf 91' lang='lat' dir='ltr'><strong>si</strong></span> <span class='ocrx_word' id='word_1_607' title='bbox 1409 4491 1625 4545; x_wconf 90' lang='lat' dir='ltr'><strong>semper</strong></span> <span class='ocrx_word' id='word_1_608' title='bbox 1658 4475 1927 4545; x_wconf 91' lang='lat' dir='ltr'><strong>placidum</strong></span> <span class='ocrx_word' id='word_1_609' title='bbox 1977 4477 2140 4547; x_wconf 82' lang='lat' dir='ltr'><strong>magi-</strong></span> 
     </span>
    </p>
   </div>
   <div class='ocr_carea' id='block_1_84' title="bbox 567 4570 2141 4639">
    <p class='ocr_par' dir='ltr' id='par_1_84' title="bbox 567 4570 2141 4639">
     <span class='ocr_line' id='line_1_84' title="bbox 567 4570 2141 4639; baseline -0.002 -14"><span class='ocrx_word' id='word_1_610' title='bbox 567 4574 808 4625; x_wconf 85' lang='lat' dir='ltr'><strong>strorum</strong></span> <span class='ocrx_word' id='word_1_611' title='bbox 844 4570 1054 4623; x_wconf 91' lang='lat' dir='ltr'><strong>vultum</strong></span> <span class='ocrx_word' id='word_1_612' title='bbox 1094 4570 1388 4638; x_wconf 82' lang='lat' dir='ltr'><strong>aspiciant,</strong></span> <span class='ocrx_word' id='word_1_613' title='bbox 1435 4570 1488 4623; x_wconf 90' lang='lat' dir='ltr'><strong>in</strong></span> <span class='ocrx_word' id='word_1_614' title='bbox 1536 4570 1819 4639; x_wconf 77' lang='lat' dir='ltr'><strong>praeceptis</strong></span> <span class='ocrx_word' id='word_1_615' title='bbox 1856 4570 2141 4623; x_wconf 79' lang='lat' dir='ltr'><strong>addiscen-</strong></span> 
     </span>
    </p>
   </div>
   <div class='ocr_carea' id='block_1_85' title="bbox 564 4660 2144 4731">
    <p class='ocr_par' dir='ltr' id='par_1_85' title="bbox 564 4660 2144 4731">
     <span class='ocr_line' id='line_1_85' title="bbox 564 4660 2144 4731; baseline -0.001 -15"><span class='ocrx_word' id='word_1_616' title='bbox 564 4660 651 4717; x_wconf 90' lang='lat' dir='ltr'><strong>dis</strong></span> <span class='ocrx_word' id='word_1_617' title='bbox 674 4660 1034 4729; x_wconf 82' lang='lat' dir='ltr'><strong>negligentius</strong></span> <span class='ocrx_word' id='word_1_618' title='bbox 1076 4675 1136 4715; x_wconf 87' lang='lat' dir='ltr'><strong>se</strong></span> <span class='ocrx_word' id='word_1_619' title='bbox 1162 4670 1378 4731; x_wconf 77' lang='lat' dir='ltr'><strong>gerunt,</strong></span> <span class='ocrx_word' id='word_1_620' title='bbox 1422 4676 1523 4715; x_wconf 91' lang='lat' dir='ltr'><strong>nec</strong></span> <span class='ocrx_word' id='word_1_621' title='bbox 1555 4661 1623 4714; x_wconf 85' lang='lat' dir='ltr'><strong>de</strong></span> <span class='ocrx_word' id='word_1_622' title='bbox 1650 4676 1820 4730; x_wconf 89' lang='lat' dir='ltr'><strong>penso</strong></span> <span class='ocrx_word' id='word_1_623' title='bbox 1859 4677 1959 4716; x_wconf 90' lang='lat' dir='ltr'><strong>suo</strong></span> <span class='ocrx_word' id='word_1_624' title='bbox 1986 4660 2144 4731; x_wconf 90' lang='lat' dir='ltr'><strong>quid-</strong></span> 
     </span>
    </p>
   </div>
   <div class='ocr_carea' id='block_1_86' title="bbox 554 4751 2141 4822">
    <p class='ocr_par' dir='ltr' id='par_1_86' title="bbox 554 4751 2141 4822">
     <span class='ocr_line' id='line_1_86' title="bbox 554 4751 2141 4822; baseline 0.003 -19"><span class='ocrx_word' id='word_1_625' title='bbox 554 4766 732 4821; x_wconf 91' lang='lat' dir='ltr'><strong>.quam</strong></span> <span class='ocrx_word' id='word_1_626' title='bbox 778 4766 846 4807; x_wconf 91' lang='lat' dir='ltr'><strong>ac</strong></span> <span class='ocrx_word' id='word_1_627' title='bbox 890 4752 1181 4822; x_wconf 66' lang='lat' dir='ltr'><strong>praecipuis</strong></span> <span class='ocrx_word' id='word_1_628' title='bbox 1228 4751 1720 4807; x_wconf 78' lang='lat' dir='ltr'><strong>exercitationibus</strong></span> <span class='ocrx_word' id='word_1_629' title='bbox 1765 4752 2034 4806; x_wconf 89' lang='lat' dir='ltr'><strong>laborant.</strong></span> <span class='ocrx_word' id='word_1_630' title='bbox 2071 4753 2141 4807; x_wconf 84' lang='lat' dir='ltr'><strong>At</strong></span> 
     </span>
    </p>
   </div>
   <div class='ocr_carea' id='block_1_87' title="bbox 564 4845 2141 4915">
    <p class='ocr_par' dir='ltr' id='par_1_87' title="bbox 564 4845 2141 4915">
     <span class='ocr_line' id='line_1_87' title="bbox 564 4845 2141 4915; baseline -0.001 -15"><span class='ocrx_word' id='word_1_631' title='bbox 564 4860 692 4901; x_wconf 89' lang='lat' dir='ltr'><strong>cum</strong></span> <span class='ocrx_word' id='word_1_632' title='bbox 724 4845 1075 4900; x_wconf 87' lang='lat' dir='ltr'><strong>acerbitatem</strong></span> <span class='ocrx_word' id='word_1_633' title='bbox 1108 4845 1532 4915; x_wconf 84' lang='lat' dir='ltr'><strong>lorvitatemque</strong></span> <span class='ocrx_word' id='word_1_634' title='bbox 1573 4846 1758 4899; x_wconf 83' lang='lat' dir='ltr'><strong>vultus</strong></span> <span class='ocrx_word' id='word_1_635' title='bbox 1808 4845 1988 4899; x_wconf 91' lang='lat' dir='ltr'><strong>intuiti</strong></span> <span class='ocrx_word' id='word_1_636' title='bbox 2022 4845 2141 4900; x_wconf 88' lang='lat' dir='ltr'><strong>fue-</strong></span> 
     </span>
    </p>
   </div>
   <div class='ocr_carea' id='block_1_88' title="bbox 564 4936 2137 5008">
    <p class='ocr_par' dir='ltr' id='par_1_88' title="bbox 564 4936 2137 5008">
     <span class='ocr_line' id='line_1_88' title="bbox 564 4936 2137 5008; baseline -0.001 -17"><span class='ocrx_word' id='word_1_637' title='bbox 564 4937 699 5001; x_wconf 87' lang='lat' dir='ltr'><strong>rint,</strong></span> <span class='ocrx_word' id='word_1_638' title='bbox 727 4951 960 4992; x_wconf 80' lang='lat' dir='ltr'><strong>excussa</strong></span> <span class='ocrx_word' id='word_1_639' title='bbox 994 4936 1211 4991; x_wconf 78' lang='lat' dir='ltr'><strong>remissi</strong></span> <span class='ocrx_word' id='word_1_640' title='bbox 1243 4937 1411 4991; x_wconf 89' lang='lat' dir='ltr'><strong>animi</strong></span> <span class='ocrx_word' id='word_1_641' title='bbox 1447 4952 1511 4991; x_wconf 91' lang='lat' dir='ltr'><strong>ac</strong></span> <span class='ocrx_word' id='word_1_642' title='bbox 1538 4936 1861 5006; x_wconf 75' lang='lat' dir='ltr'><strong>negligentis</strong></span> <span class='ocrx_word' id='word_1_643' title='bbox 1890 4937 2137 5008; x_wconf 83' lang='lat' dir='ltr'><strong>segnitie,</strong></span> 
     </span>
    </p>
   </div>
   <div class='ocr_carea' id='block_1_89' title="bbox 561 5028 2142 5098">
    <p class='ocr_par' dir='ltr' id='par_1_89' title="bbox 561 5028 2142 5098">
     <span class='ocr_line' id='line_1_89' title="bbox 561 5028 2142 5098; baseline 0 -14"><span class='ocrx_word' id='word_1_644' title='bbox 561 5030 632 5084; x_wconf 83' lang='lat' dir='ltr'><strong>ad</strong></span> <span class='ocrx_word' id='word_1_645' title='bbox 663 5045 726 5083; x_wconf 84' lang='lat' dir='ltr'><strong>ea</strong></span> <span class='ocrx_word' id='word_1_646' title='bbox 771 5029 1016 5084; x_wconf 87' lang='lat' dir='ltr'><strong>studiose</strong></span> <span class='ocrx_word' id='word_1_647' title='bbox 1048 5030 1358 5091; x_wconf 87' lang='lat' dir='ltr'><strong>recolenda,</strong></span> <span class='ocrx_word' id='word_1_648' title='bbox 1391 5044 1514 5097; x_wconf 84' lang='lat' dir='ltr'><strong>quae</strong></span> <span class='ocrx_word' id='word_1_649' title='bbox 1556 5029 1609 5082; x_wconf 89' lang='lat' dir='ltr'><strong>in</strong></span> <span class='ocrx_word' id='word_1_650' title='bbox 1642 5028 2025 5098; x_wconf 79' lang='lat' dir='ltr'><strong>magistrorum</strong></span> <span class='ocrx_word' id='word_1_651' title='bbox 2064 5029 2142 5084; x_wconf 85' lang='lat' dir='ltr'><strong>in-</strong></span> 
     </span>
    </p>
   </div>
   <div class='ocr_carea' id='block_1_90' title="bbox 562 5122 2137 5192">
    <p class='ocr_par' dir='ltr' id='par_1_90' title="bbox 562 5122 2137 5192">
     <span class='ocr_line' id='line_1_90' title="bbox 562 5122 2137 5192; baseline 0.001 -14"><span class='ocrx_word' id='word_1_652' title='bbox 562 5122 944 5178; x_wconf 84' lang='lat' dir='ltr'><strong>stitutionibus</strong></span> <span class='ocrx_word' id='word_1_653' title='bbox 988 5123 1272 5192; x_wconf 80' lang='lat' dir='ltr'><strong>proposita</strong></span> <span class='ocrx_word' id='word_1_654' title='bbox 1316 5122 1538 5184; x_wconf 86' lang='lat' dir='ltr'><strong>habent,</strong></span> <span class='ocrx_word' id='word_1_655' title='bbox 1575 5122 1816 5176; x_wconf 84' lang='lat' dir='ltr'><strong>alacrius</strong></span> <span class='ocrx_word' id='word_1_656' title='bbox 1858 5138 1917 5178; x_wconf 89' lang='lat' dir='ltr'><strong>se</strong></span> <span class='ocrx_word' id='word_1_657' title='bbox 1948 5126 2137 5181; x_wconf 80' lang='lat' dir='ltr'><strong>confe-</strong></span> 
     </span>
    </p>
   </div>
   <div class='ocr_carea' id='block_1_91' title="bbox 560 5214 2134 5284">
    <p class='ocr_par' dir='ltr' id='par_1_91' title="bbox 560 5214 2134 5284">
     <span class='ocr_line' id='line_1_91' title="bbox 560 5214 2134 5284; baseline 0.003 -16"><span class='ocrx_word' id='word_1_658' title='bbox 560 5225 729 5280; x_wconf 83' lang='lat' dir='ltr'><strong>runt;</strong></span> <span class='ocrx_word' id='word_1_659' title='bbox 772 5214 995 5284; x_wconf 88' lang='lat' dir='ltr'><strong>jamque</strong></span> <span class='ocrx_word' id='word_1_660' title='bbox 1030 5216 1216 5269; x_wconf 89' lang='lat' dir='ltr'><strong>animo</strong></span> <span class='ocrx_word' id='word_1_661' title='bbox 1246 5231 1274 5268; x_wconf 90' lang='lat' dir='ltr'><strong>a</strong></span> <span class='ocrx_word' id='word_1_662' title='bbox 1313 5215 1586 5283; x_wconf 86' lang='lat' dir='ltr'><strong>perversis</strong></span> <span class='ocrx_word' id='word_1_663' title='bbox 1630 5215 1826 5270; x_wconf 90' lang='lat' dir='ltr'><strong>studiis</strong></span> <span class='ocrx_word' id='word_1_664' title='bbox 1862 5229 2134 5283; x_wconf 89' lang='lat' dir='ltr'><strong>revocato,</strong></span> 
     </span>
    </p>
   </div>
   <div class='ocr_carea' id='block_1_92' title="bbox 565 5305 2137 5375">
    <p class='ocr_par' dir='ltr' id='par_1_92' title="bbox 565 5305 2137 5375">
     <span class='ocr_line' id='line_1_92' title="bbox 565 5305 2137 5375; baseline 0.004 -16"><span class='ocrx_word' id='word_1_665' title='bbox 565 5306 762 5359; x_wconf 79' lang='lat' dir='ltr'><strong>bonam</strong></span> <span class='ocrx_word' id='word_1_666' title='bbox 822 5306 946 5359; x_wconf 71' lang='lat' dir='ltr'><strong>vita:</strong></span> <span class='ocrx_word' id='word_1_667' title='bbox 989 5307 1256 5359; x_wconf 88' lang='lat' dir='ltr'><strong>rationem</strong></span> <span class='ocrx_word' id='word_1_668' title='bbox 1307 5305 1625 5375; x_wconf 65' lang='lat' dir='ltr'><strong>praeferunt,</strong></span> <span class='ocrx_word' id='word_1_669' title='bbox 1674 5314 1731 5360; x_wconf 92' lang='lat' dir='ltr'><strong>et</strong></span> <span class='ocrx_word' id='word_1_670' title='bbox 1776 5321 1957 5363; x_wconf 86' lang='lat' dir='ltr'><strong>mores</strong></span> <span class='ocrx_word' id='word_1_671' title='bbox 2006 5325 2137 5367; x_wconf 88' lang='lat' dir='ltr'><strong>suos</strong></span> 
     </span>
    </p>
   </div>
   <div class='ocr_carea' id='block_1_93' title="bbox 560 5396 2137 5470">
    <p class='ocr_par' dir='ltr' id='par_1_93' title="bbox 560 5396 2137 5470">
     <span class='ocr_line' id='line_1_93' title="bbox 560 5396 2137 5470; baseline 0.003 -17"><span class='ocrx_word' id='word_1_672' title='bbox 560 5398 857 5453; x_wconf 76' lang='lat' dir='ltr'><strong>einemlare</strong></span> <span class='ocrx_word' id='word_1_673' title='bbox 894 5398 1146 5451; x_wconf 86' lang='lat' dir='ltr'><strong>nituntur</strong></span> <span class='ocrx_word' id='word_1_674' title='bbox 1172 5397 1308 5467; x_wconf 84' lang='lat'><strong>(57).</strong></span> <span class='ocrx_word' id='word_1_675' title='bbox 1351 5396 1464 5451; x_wconf 84' lang='lat' dir='ltr'><strong>Hoc</strong></span> <span class='ocrx_word' id='word_1_676' title='bbox 1510 5398 1673 5468; x_wconf 81' lang='lat' dir='ltr'><strong>igitur</strong></span> <span class='ocrx_word' id='word_1_677' title='bbox 1709 5407 1814 5464; x_wconf 88' lang='lat' dir='ltr'><strong>est,</strong></span> <span class='ocrx_word' id='word_1_678' title='bbox 1858 5401 2002 5470; x_wconf 92' lang='lat' dir='ltr'><strong>quod</strong></span> <span class='ocrx_word' id='word_1_679' title='bbox 2039 5402 2137 5458; x_wconf 56' lang='lat' dir='ltr'><strong>Ec-</strong></span> 
     </span>
    </p>
   </div>
   <div class='ocr_carea' id='block_1_94' title="bbox 633 5511 1136 5574">
    <p class='ocr_par' dir='ltr' id='par_1_94' title="bbox 633 5511 1136 5574">
     <span class='ocr_line' id='line_1_94' title="bbox 633 5511 1136 5574; baseline -0.004 -7"><span class='ocrx_word' id='word_1_680' title='bbox 633 5514 680 5544; x_wconf 80' lang='lat'><strong><em>“</em></strong></span> <span class='ocrx_word' id='word_1_681' title='bbox 721 5512 892 5566; x_wconf 76' lang='lat' dir='ltr'><strong>Exod.</strong></span> <span class='ocrx_word' id='word_1_682' title='bbox 940 5527 1014 5574; x_wconf 85' lang='lat' dir='ltr'><strong>Iv,</strong></span> <span class='ocrx_word' id='word_1_683' title='bbox 1051 5511 1136 5566; x_wconf 80' lang='grc' dir='ltr'>Η.</span> 
     </span>
    </p>
   </div>
   <div class='ocr_carea' id='block_1_95' title="bbox 639 5626 2128 5699">
    <p class='ocr_par' dir='ltr' id='par_1_95' title="bbox 639 5626 2128 5699">
     <span class='ocr_line' id='line_1_95' title="bbox 639 5626 2128 5699; baseline 0.009 -27"><span class='ocrx_word' id='word_1_684' title='bbox 639 5627 782 5699; x_wconf 66' lang='grc'><strong>(56⁸)</strong></span> <span class='ocrx_word' id='word_1_685' title='bbox 815 5626 1047 5699; x_wconf 78' lang='lat' dir='ltr'><strong>Zacliar.</strong></span> <span class='ocrx_word' id='word_1_686' title='bbox 1096 5642 1148 5691; x_wconf 90' lang='lat' dir='ltr'><strong>t,</strong></span> <span class='ocrx_word' id='word_1_687' title='bbox 1184 5626 1269 5682; x_wconf 77' lang='grc'><strong>15.</strong></span> <span class='ocrx_word' id='word_1_688' title='bbox 1310 5626 1413 5681; x_wconf 83' lang='lat' dir='ltr'><strong>Sed</strong></span> <span class='ocrx_word' id='word_1_689' title='bbox 1458 5628 1621 5699; x_wconf 50' lang='lat' dir='ltr'><strong>apud</strong></span> <span class='ocrx_word' id='word_1_690' title='bbox 1649 5626 1786 5680; x_wconf 75' lang='lat' dir='ltr'><strong>LXX</strong></span> <span class='ocrx_word' id='word_1_691' title='bbox 1836 5629 1980 5699; x_wconf 72' lang='lat' dir='ltr'><strong>leges</strong></span> <span class='ocrx_word' id='word_1_692' title='bbox 2004 5646 2017 5681; x_wconf 88' lang='lat'><strong>:</strong></span> 
     </span>
    </p>
   </div>
   <div class='ocr_carea' id='block_1_96' title="bbox 560 5696 2130 5818">
    <p class='ocr_par' dir='ltr' id='par_1_96' title="bbox 560 5696 2130 5818">
     <span class='ocr_line' id='line_1_96' title="bbox 560 5696 2130 5818; baseline 0.002 -66"><span class='ocrx_word' id='word_1_693' title='bbox 560 5698 721 5752; x_wconf 68' lang='grc' dir='ltr'>αὐτοὶ</span> <span class='ocrx_word' id='word_1_694' title='bbox 743 5696 821 5818; x_wconf 66' lang='grc' dir='ltr'><strong>όδὲ</strong></span> <span class='ocrx_word' id='word_1_695' title='bbox 852 5698 1212 5759; x_wconf 81' lang='grc' dir='ltr'>συνεπέθεντο</span> <span class='ocrx_word' id='word_1_696' title='bbox 1244 5699 1324 5763; x_wconf 86' lang='grc' dir='ltr'>εἰς</span> <span class='ocrx_word' id='word_1_697' title='bbox 1372 5699 1537 5751; x_wconf 84' lang='grc' dir='ltr'>κακά.</span> <span class='ocrx_word' id='word_1_698' title='bbox 1578 5696 1688 5753; x_wconf 82' lang='lat' dir='ltr'><strong>Nec</strong></span> <span class='ocrx_word' id='word_1_699' title='bbox 1737 5696 1937 5755; x_wconf 74' lang='lat' dir='ltr'><strong>habent</strong></span> <span class='ocrx_word' id='word_1_700' title='bbox 1995 5703 2130 5774; x_wconf 81' lang='grc' dir='ltr'>αὐτῇ</span> 
     </span>
     <span class='ocr_line' id='line_1_97' title="bbox 568 5767 841 5818; baseline 0 0"><span class='ocrx_word' id='word_1_701' title='bbox 568 5776 662 5818; x_wconf 81' lang='lat' dir='ltr'><strong>aut</strong></span> <span class='ocrx_word' id='word_1_702' title='bbox 690 5767 739 5818; x_wconf 84' lang='grc' dir='ltr'><strong>δι</strong></span> <span class='ocrx_word' id='word_1_703' title='bbox 772 5786 841 5818; x_wconf 85' lang='grc' dir='ltr'><strong>τι.</strong></span> 
     </span>
    </p>
   </div>
   <div class='ocr_carea' id='block_1_97' title="bbox 568 5776 2129 5914">
    <p class='ocr_par' dir='ltr' id='par_1_97' title="bbox 568 5776 2129 5914">
     <span class='ocr_line' id='line_1_98' title="bbox 570 5776 841 5821; baseline 0.007 -2"><span class='ocrx_word' id='word_1_704' title='bbox 570 5787 581 5799; x_wconf 73' lang='grc'><em>’</em></span> <span class='ocrx_word' id='word_1_705' title='bbox 605 5776 662 5820; x_wconf 88' lang='lat' dir='ltr'><strong>ut</strong></span> <span class='ocrx_word' id='word_1_706' title='bbox 690 5776 841 5821; x_wconf 77' lang='grc' dir='ltr'>διότι.</span> 
     </span>
     <span class='ocr_line' id='line_1_99' title="bbox 568 5788 2129 5914; baseline -0.002 -15"><span class='ocrx_word' id='word_1_707' title='bbox 568 5788 596 5822; x_wconf 49' lang='grc' dir='ltr'><em>δ</em></span> <span class='ocrx_word' id='word_1_708' title='bbox 638 5840 656 5899; x_wconf 78' lang='grc' dir='ltr'><strong>ί</strong></span> <span class='ocrx_word' id='word_1_709' title='bbox 662 5838 751 5908; x_wconf 81' lang='lat'><strong>57)</strong></span> <span class='ocrx_word' id='word_1_710' title='bbox 764 5837 959 5895; x_wconf 82' lang='lat' dir='ltr'><strong>Paucis</strong></span> <span class='ocrx_word' id='word_1_711' title='bbox 976 5838 1090 5895; x_wconf 67' lang='lat' dir='ltr'><strong>haec</strong></span> <span class='ocrx_word' id='word_1_712' title='bbox 1111 5840 1298 5896; x_wconf 83' lang='lat' dir='ltr'><strong>eadem</strong></span> <span class='ocrx_word' id='word_1_713' title='bbox 1322 5838 2096 5914; x_wconf 74' lang='lat' dir='ltr'><strong>expresseratOlympiodorus</strong></span> <span class='ocrx_word' id='word_1_714' title='bbox 2119 5862 2129 5896; x_wconf 89' lang='lat'>:</span> 
     </span>
    </p>
   </div>
   <div class='ocr_carea' id='block_1_98' title="bbox 1213 5510 1818 5573">
    <p class='ocr_par' dir='ltr' id='par_1_98' title="bbox 1213 5510 1818 5573">
     <span class='ocr_line' id='line_1_100' title="bbox 1213 5510 1818 5573; baseline 0.01 -10"><span class='ocrx_word' id='word_1_715' title='bbox 1213 5511 1259 5541; x_wconf 74' lang='lat'>“</span> <span class='ocrx_word' id='word_1_716' title='bbox 1304 5510 1476 5567; x_wconf 68' lang='lat' dir='ltr'><strong>Esol.</strong></span> <span class='ocrx_word' id='word_1_717' title='bbox 1516 5528 1693 5573; x_wconf 66' lang='grc' dir='ltr'><strong>χχχιι.</strong></span> <span class='ocrx_word' id='word_1_718' title='bbox 1732 5512 1818 5569; x_wconf 75' lang='grc'><strong>19.</strong></span> 
     </span>
    </p>
   </div>
   <div class='ocr_carea' id='block_1_99' title="bbox 2242 4394 3823 4467">
    <p class='ocr_par' dir='ltr' id='par_1_99' title="bbox 2242 4394 3823 4467">
     <span class='ocr_line' id='line_1_101' title="bbox 2242 4394 3823 4467; baseline 0.002 -19"><span class='ocrx_word' id='word_1_719' title='bbox 2242 4394 2657 4467; x_wconf 86' lang='grc' dir='ltr'>βλοσυρωτέραν</span> <span class='ocrx_word' id='word_1_720' title='bbox 2698 4394 2799 4465; x_wconf 82' lang='grc' dir='ltr'>τῆς</span> <span class='ocrx_word' id='word_1_721' title='bbox 2852 4394 3029 4463; x_wconf 77' lang='grc' dir='ltr'>ὅψεως</span> <span class='ocrx_word' id='word_1_722' title='bbox 3072 4394 3393 4465; x_wconf 74' lang='grc' dir='ltr'>ἐπιφάνειαν</span> <span class='ocrx_word' id='word_1_723' title='bbox 3433 4398 3657 4454; x_wconf 81' lang='grc' dir='ltr'>κακίαν</span> <span class='ocrx_word' id='word_1_724' title='bbox 3686 4398 3823 4452; x_wconf 87' lang='grc' dir='ltr'>ώνό-</span> 
     </span>
    </p>
   </div>
   <div class='ocr_carea' id='block_1_100' title="bbox 2242 4486 3821 4562">
    <p class='ocr_par' dir='ltr' id='par_1_100' title="bbox 2242 4486 3821 4562">
     <span class='ocr_line' id='line_1_102' title="bbox 2242 4486 3821 4562; baseline 0.001 -20"><span class='ocrx_word' id='word_1_725' title='bbox 2242 4504 2405 4560; x_wconf 87' lang='grc' dir='ltr'>μασε.</span> <span class='ocrx_word' id='word_1_726' title='bbox 2422 4486 2542 4541; x_wconf 86' lang='grc' dir='ltr'>Τῶν</span> <span class='ocrx_word' id='word_1_727' title='bbox 2566 4487 2676 4557; x_wconf 83' lang='grc' dir='ltr'>γὰρ</span> <span class='ocrx_word' id='word_1_728' title='bbox 2702 4486 3046 4540; x_wconf 84' lang='grc' dir='ltr'>διδασκάλων</span> <span class='ocrx_word' id='word_1_729' title='bbox 3069 4489 3119 4541; x_wconf 81' lang='lat' dir='ltr'><strong>oi</strong></span> <span class='ocrx_word' id='word_1_730' title='bbox 3150 4488 3586 4560; x_wconf 82' lang='grc' dir='ltr'>μαθητευόμενοι</span> <span class='ocrx_word' id='word_1_731' title='bbox 3606 4491 3708 4562; x_wconf 82' lang='grc' dir='ltr'><strong>τὴν</strong></span> <span class='ocrx_word' id='word_1_732' title='bbox 3730 4491 3821 4544; x_wconf 80' lang='grc' dir='ltr'>εύ-</span> 
     </span>
    </p>
   </div>
   <div class='ocr_carea' id='block_1_101' title="bbox 2243 4577 3819 4653">
    <p class='ocr_par' dir='ltr' id='par_1_101' title="bbox 2243 4577 3819 4653">
     <span class='ocr_line' id='line_1_103' title="bbox 2243 4577 3819 4653; baseline 0.001 -21"><span class='ocrx_word' id='word_1_733' title='bbox 2243 4578 2465 4650; x_wconf 84' lang='grc' dir='ltr'>μένειαν</span> <span class='ocrx_word' id='word_1_734' title='bbox 2506 4577 2597 4631; x_wconf 76' lang='grc' dir='ltr'><strong>ἀεὶ</strong></span> <span class='ocrx_word' id='word_1_735' title='bbox 2638 4577 3023 4647; x_wconf 83' lang='grc' dir='ltr'>καθορῶντες,</span> <span class='ocrx_word' id='word_1_736' title='bbox 3064 4580 3669 4653; x_wconf 82' lang='grc' dir='ltr'>καταφρονητικότερον</span> <span class='ocrx_word' id='word_1_737' title='bbox 3699 4582 3819 4634; x_wconf 86' lang='grc' dir='ltr'>δια-</span> 
     </span>
    </p>
   </div>
   <div class='ocr_carea' id='block_1_102' title="bbox 2237 4670 3824 4743">
    <p class='ocr_par' dir='ltr' id='par_1_102' title="bbox 2237 4670 3824 4743">
     <span class='ocr_line' id='line_1_104' title="bbox 2237 4670 3824 4743; baseline 0.001 -19"><span class='ocrx_word' id='word_1_738' title='bbox 2237 4671 2475 4724; x_wconf 82' lang='grc' dir='ltr'>τίθενται</span> <span class='ocrx_word' id='word_1_739' title='bbox 2519 4670 2655 4741; x_wconf 80' lang='grc' dir='ltr'>πρὸς</span> <span class='ocrx_word' id='word_1_740' title='bbox 2693 4670 2794 4734; x_wconf 84' lang='grc' dir='ltr'>τὰς</span> <span class='ocrx_word' id='word_1_741' title='bbox 2830 4670 3128 4740; x_wconf 71' lang='grc' dir='ltr'>ἀναλήψεις</span> <span class='ocrx_word' id='word_1_742' title='bbox 3160 4672 3271 4726; x_wconf 87' lang='grc' dir='ltr'><strong>τῶν</strong></span> <span class='ocrx_word' id='word_1_743' title='bbox 3318 4672 3683 4743; x_wconf 86' lang='grc' dir='ltr'>μαθημάτων,</span> <span class='ocrx_word' id='word_1_744' title='bbox 3722 4673 3824 4726; x_wconf 69' lang='grc' dir='ltr'><strong>καὶ</strong></span> 
     </span>
    </p>
   </div>
   <div class='ocr_carea' id='block_1_103' title="bbox 2236 4760 3818 4837">
    <p class='ocr_par' dir='ltr' id='par_1_103' title="bbox 2236 4760 3818 4837">
     <span class='ocr_line' id='line_1_105' title="bbox 2236 4760 3818 4837; baseline 0.001 -22"><span class='ocrx_word' id='word_1_745' title='bbox 2236 4761 2346 4815; x_wconf 88' lang='grc' dir='ltr'><strong>τῶν</strong></span> <span class='ocrx_word' id='word_1_746' title='bbox 2373 4761 2663 4831; x_wconf 83' lang='grc' dir='ltr'>βελτίστων</span> <span class='ocrx_word' id='word_1_747' title='bbox 2693 4760 2986 4831; x_wconf 81' lang='grc' dir='ltr'>διατριϐῶν</span> <span class='ocrx_word' id='word_1_748' title='bbox 3030 4762 3128 4817; x_wconf 75' lang='grc' dir='ltr'><strong>καὶ</strong></span> <span class='ocrx_word' id='word_1_749' title='bbox 3155 4762 3410 4834; x_wconf 79' lang='grc' dir='ltr'>πράξεων</span> <span class='ocrx_word' id='word_1_750' title='bbox 3444 4767 3544 4829; x_wconf 71' lang='grc' dir='ltr'>τὰς</span> <span class='ocrx_word' id='word_1_751' title='bbox 3573 4765 3818 4837; x_wconf 83' lang='grc' dir='ltr'>αἱρέσεις</span> 
     </span>
    </p>
   </div>
   <div class='ocr_carea' id='block_1_104' title="bbox 2238 4852 3818 4928">
    <p class='ocr_par' dir='ltr' id='par_1_104' title="bbox 2238 4852 3818 4928">
     <span class='ocr_line' id='line_1_106' title="bbox 2238 4852 3818 4928; baseline 0.003 -22"><span class='ocrx_word' id='word_1_752' title='bbox 2238 4852 2335 4906; x_wconf 59' lang='grc' dir='ltr'><strong>καὶ¹</strong></span> <span class='ocrx_word' id='word_1_753' title='bbox 2382 4852 2687 4915; x_wconf 74' lang='grc' dir='ltr'>διαθέσειςο</span> <span class='ocrx_word' id='word_1_754' title='bbox 2745 4853 2875 4906; x_wconf 85' lang='grc' dir='ltr'>ὅταν</span> <span class='ocrx_word' id='word_1_755' title='bbox 2920 4854 2977 4906; x_wconf 87' lang='grc' dir='ltr'>δὲ</span> <span class='ocrx_word' id='word_1_756' title='bbox 3023 4856 3256 4924; x_wconf 84' lang='grc' dir='ltr'>πικρίαν</span> <span class='ocrx_word' id='word_1_757' title='bbox 3305 4857 3400 4909; x_wconf 73' lang='grc' dir='ltr'><strong>καὶ</strong></span> <span class='ocrx_word' id='word_1_758' title='bbox 3446 4857 3818 4928; x_wconf 79' lang='grc' dir='ltr'>βλοσυρότητα</span> 
     </span>
    </p>
   </div>
   <div class='ocr_carea' id='block_1_105' title="bbox 2240 4943 3819 5022">
    <p class='ocr_par' dir='ltr' id='par_1_105' title="bbox 2240 4943 3819 5022">
     <span class='ocr_line' id='line_1_107' title="bbox 2240 4943 3819 5022; baseline 0.004 -24"><span class='ocrx_word' id='word_1_759' title='bbox 2240 4943 2532 5017; x_wconf 88' lang='grc' dir='ltr'>προσώπου</span> <span class='ocrx_word' id='word_1_760' title='bbox 2570 4945 2897 5009; x_wconf 84' lang='grc' dir='ltr'>θεάσωνται,</span> <span class='ocrx_word' id='word_1_761' title='bbox 2938 4948 3037 5018; x_wconf 78' lang='grc' dir='ltr'><strong>τῆς</strong></span> <span class='ocrx_word' id='word_1_762' title='bbox 3066 4948 3470 5022; x_wconf 82' lang='grc' dir='ltr'>διακεχυμένης</span> <span class='ocrx_word' id='word_1_763' title='bbox 3513 4952 3611 5005; x_wconf 76' lang='grc' dir='ltr'>καὶ</span> <span class='ocrx_word' id='word_1_764' title='bbox 3649 4969 3819 5022; x_wconf 81' lang='grc' dir='ltr'>προσ-</span> 
     </span>
    </p>
   </div>
   <div class='ocr_carea' id='block_1_106' title="bbox 2238 5037 3815 5112">
    <p class='ocr_par' dir='ltr' id='par_1_106' title="bbox 2238 5037 3815 5112">
     <span class='ocr_line' id='line_1_108' title="bbox 2238 5037 3815 5112; baseline 0.003 -22"><span class='ocrx_word' id='word_1_765' title='bbox 2238 5037 2593 5109; x_wconf 83' lang='grc' dir='ltr'>ημελημένης</span> <span class='ocrx_word' id='word_1_766' title='bbox 2639 5038 3042 5109; x_wconf 80' lang='grc' dir='ltr'>ὴλευθέρωνται</span> <span class='ocrx_word' id='word_1_767' title='bbox 3092 5039 3320 5112; x_wconf 85' lang='grc' dir='ltr'>γνώμης</span> <span class='ocrx_word' id='word_1_768' title='bbox 3361 5043 3458 5095; x_wconf 69' lang='grc' dir='ltr'><strong>καὶ</strong></span> <span class='ocrx_word' id='word_1_769' title='bbox 3492 5042 3815 5106; x_wconf 83' lang='grc' dir='ltr'>διαθέσεως,</span> 
     </span>
    </p>
   </div>
   <div class='ocr_carea' id='block_1_107' title="bbox 2237 5128 3815 5205">
    <p class='ocr_par' dir='ltr' id='par_1_107' title="bbox 2237 5128 3815 5205">
     <span class='ocr_line' id='line_1_109' title="bbox 2237 5128 3815 5205; baseline 0.001 -22"><span class='ocrx_word' id='word_1_770' title='bbox 2237 5128 2335 5184; x_wconf 77' lang='grc' dir='ltr'><strong>καὶ</strong></span> <span class='ocrx_word' id='word_1_771' title='bbox 2364 5129 2502 5197; x_wconf 75' lang='grc' dir='ltr'>πρὸς</span> <span class='ocrx_word' id='word_1_772' title='bbox 2530 5128 2850 5199; x_wconf 76' lang='grc' dir='ltr'>ἐπιμέλειαν</span> <span class='ocrx_word' id='word_1_773' title='bbox 2882 5130 2976 5182; x_wconf 76' lang='grc' dir='ltr'><strong>καὶ</strong></span> <span class='ocrx_word' id='word_1_774' title='bbox 3011 5131 3249 5202; x_wconf 77' lang='grc' dir='ltr'>σπουδὴν</span> <span class='ocrx_word' id='word_1_775' title='bbox 3286 5133 3387 5205; x_wconf 77' lang='grc' dir='ltr'><strong>τὴν</strong></span> <span class='ocrx_word' id='word_1_776' title='bbox 3419 5133 3514 5186; x_wconf 78' lang='grc' dir='ltr'><strong>ἐπὶ</strong></span> <span class='ocrx_word' id='word_1_777' title='bbox 3538 5135 3648 5197; x_wconf 79' lang='grc' dir='ltr'>τοῖς</span> <span class='ocrx_word' id='word_1_778' title='bbox 3677 5150 3815 5203; x_wconf 79' lang='grc' dir='ltr'>προ·</span> 
     </span>
    </p>
   </div>
   <div class='ocr_carea' id='block_1_108' title="bbox 2236 5223 3809 5296">
    <p class='ocr_par' dir='ltr' id='par_1_108' title="bbox 2236 5223 3809 5296">
     <span class='ocr_line' id='line_1_110' title="bbox 2236 5223 3809 5296; baseline -0.001 -19"><span class='ocrx_word' id='word_1_779' title='bbox 2236 5223 2513 5294; x_wconf 86' lang='grc' dir='ltr'>κειμένοις</span> <span class='ocrx_word' id='word_1_780' title='bbox 2555 5225 2677 5285; x_wconf 84' lang='grc' dir='ltr'>ταῖς</span> <span class='ocrx_word' id='word_1_781' title='bbox 2720 5224 3041 5292; x_wconf 83' lang='grc' dir='ltr'>είσηγήσεσι</span> <span class='ocrx_word' id='word_1_782' title='bbox 3086 5223 3197 5277; x_wconf 90' lang='grc' dir='ltr'><strong>τῶν</strong></span> <span class='ocrx_word' id='word_1_783' title='bbox 3231 5224 3596 5296; x_wconf 82' lang='grc' dir='ltr'>προεστώτων</span> <span class='ocrx_word' id='word_1_784' title='bbox 3659 5224 3809 5277; x_wconf 84' lang='grc' dir='ltr'>διαν-</span> 
     </span>
    </p>
   </div>
   <div class='ocr_carea' id='block_1_109' title="bbox 2240 5314 3811 5388">
    <p class='ocr_par' dir='ltr' id='par_1_109' title="bbox 2240 5314 3811 5388">
     <span class='ocr_line' id='line_1_111' title="bbox 2240 5314 3811 5388; baseline 0.001 -21"><span class='ocrx_word' id='word_1_785' title='bbox 2240 5315 2484 5367; x_wconf 87' lang='grc' dir='ltr'>ίστανται</span> <span class='ocrx_word' id='word_1_786' title='bbox 2517 5314 2951 5385; x_wconf 86' lang='grc' dir='ltr'>προθυμότερον,</span> <span class='ocrx_word' id='word_1_787' title='bbox 2985 5315 3080 5369; x_wconf 76' lang='grc' dir='ltr'>καὶ</span> <span class='ocrx_word' id='word_1_788' title='bbox 3106 5317 3215 5370; x_wconf 88' lang='grc' dir='ltr'><strong>τῶν</strong></span> <span class='ocrx_word' id='word_1_789' title='bbox 3239 5318 3494 5388; x_wconf 85' lang='grc' dir='ltr'>πονηρῶν</span> <span class='ocrx_word' id='word_1_790' title='bbox 3523 5318 3811 5387; x_wconf 74' lang='grc' dir='ltr'>ἐπιτηδευ-</span> 
     </span>
    </p>
   </div>
   <div class='ocr_carea' id='block_1_110' title="bbox 2239 5405 3811 5481">
    <p class='ocr_par' dir='ltr' id='par_1_110' title="bbox 2239 5405 3811 5481">
     <span class='ocr_line' id='line_1_112' title="bbox 2239 5405 3811 5481; baseline 0.001 -22"><span class='ocrx_word' id='word_1_791' title='bbox 2239 5406 2425 5477; x_wconf 83' lang='grc' dir='ltr'>μάτων</span> <span class='ocrx_word' id='word_1_792' title='bbox 2472 5405 2913 5477; x_wconf 85' lang='grc' dir='ltr'>ἁπαλλατόμενοι</span> <span class='ocrx_word' id='word_1_793' title='bbox 2940 5446 2955 5471; x_wconf 91' lang='grc'><strong>,</strong></span> <span class='ocrx_word' id='word_1_794' title='bbox 3006 5406 3107 5478; x_wconf 81' lang='grc' dir='ltr'><strong>τὴν</strong></span> <span class='ocrx_word' id='word_1_795' title='bbox 3158 5408 3369 5479; x_wconf 79' lang='grc' dir='ltr'>ἀγαθὴν</span> <span class='ocrx_word' id='word_1_796' title='bbox 3424 5408 3811 5481; x_wconf 80' lang='grc' dir='ltr'>ἀνθαιροῦνται</span> 
     </span>
    </p>
   </div>
   <div class='ocr_carea' id='block_1_111' title="bbox 2251 5632 3809 5710">
    <p class='ocr_par' dir='ltr' id='par_1_111' title="bbox 2251 5632 3809 5710">
     <span class='ocr_line' id='line_1_113' title="bbox 2251 5632 3809 5710; baseline 0.003 -25"><span class='ocrx_word' id='word_1_797' title='bbox 2251 5632 2486 5710; x_wconf 39' lang='grc' dir='ltr'>Ἐν-γὰρ</span> <span class='ocrx_word' id='word_1_798' title='bbox 2514 5635 2578 5710; x_wconf 77' lang='grc' dir='ltr'>τῇ</span> <span class='ocrx_word' id='word_1_799' title='bbox 2620 5632 3051 5710; x_wconf 21' lang='grc' dir='ltr'>τοῦὴπροσώπου</span> <span class='ocrx_word' id='word_1_800' title='bbox 3080 5637 3374 5710; x_wconf 79' lang='grc' dir='ltr'>αὑστηρίᾳ,</span> <span class='ocrx_word' id='word_1_801' title='bbox 3407 5640 3472 5710; x_wconf 77' lang='grc' dir='ltr'>ἧν</span> <span class='ocrx_word' id='word_1_802' title='bbox 3498 5639 3562 5709; x_wconf 77' lang='grc' dir='ltr'>δὴ</span> <span class='ocrx_word' id='word_1_803' title='bbox 3598 5640 3809 5710; x_wconf 86' lang='grc' dir='ltr'>κακίαν</span> 
     </span>
    </p>
   </div>
   <div class='ocr_carea' id='block_1_112' title="bbox 2240 5704 3807 5779">
    <p class='ocr_par' dir='ltr' id='par_1_112' title="bbox 2240 5704 3807 5779">
     <span class='ocr_line' id='line_1_114' title="bbox 2240 5704 3807 5779; baseline 0.005 -24"><span class='ocrx_word' id='word_1_804' title='bbox 2240 5705 2394 5779; x_wconf 50' lang='grc' dir='ltr'>φησξ,</span> <span class='ocrx_word' id='word_1_805' title='bbox 2417 5704 2589 5779; x_wconf 27' lang='grc' dir='ltr'>ἀὐτός</span> <span class='ocrx_word' id='word_1_806' title='bbox 2618 5721 2676 5755; x_wconf 88' lang='grc' dir='ltr'><strong>τε</strong></span> <span class='ocrx_word' id='word_1_807' title='bbox 2705 5704 3177 5779; x_wconf 34' lang='grc' dir='ltr'>’ἀγαθυνθήσεταῃ</span> <span class='ocrx_word' id='word_1_808' title='bbox 3196 5704 3307 5779; x_wconf 38' lang='grc' dir='ltr'>,καὶ</span> <span class='ocrx_word' id='word_1_809' title='bbox 3326 5704 3470 5771; x_wconf 72' lang='grc' dir='ltr'>’τοῦς</span> <span class='ocrx_word' id='word_1_810' title='bbox 3516 5704 3621 5763; x_wconf 77' lang='grc' dir='ltr'>ὑπὸ</span> <span class='ocrx_word' id='word_1_811' title='bbox 3650 5713 3807 5779; x_wconf 81' lang='grc' dir='ltr'>χεῖρα</span> 
     </span>
    </p>
   </div>
   <div class='ocr_carea' id='block_1_113' title="bbox 2238 5774 3807 5846">
    <p class='ocr_par' dir='ltr' id='par_1_113' title="bbox 2238 5774 3807 5846">
     <span class='ocr_line' id='line_1_115' title="bbox 2238 5774 3807 5846; baseline 0.001 -16"><span class='ocrx_word' id='word_1_812' title='bbox 2238 5774 2479 5846; x_wconf 70' lang='grc' dir='ltr'>ἀγαθοὺς</span> <span class='ocrx_word' id='word_1_813' title='bbox 2504 5774 2902 5846; x_wconf 83' lang='grc' dir='ltr'>ἀπεργάσεται.</span> <span class='ocrx_word' id='word_1_814' title='bbox 2934 5774 2997 5830; x_wconf 77' lang='grc' dir='ltr'>Μ</span> <span class='ocrx_word' id='word_1_815' title='bbox 3013 5786 3094 5830; x_wconf 89' lang='lat' dir='ltr'><strong>est</strong></span> <span class='ocrx_word' id='word_1_816' title='bbox 3126 5795 3139 5829; x_wconf 92' lang='lat'>:</span> <span class='ocrx_word' id='word_1_817' title='bbox 3179 5776 3516 5846; x_wconf 72' lang='lat' dir='ltr'><strong>Qui‘prwest.</strong></span> <span class='ocrx_word' id='word_1_818' title='bbox 3550 5774 3807 5835; x_wconf 40' lang='lat' dir='ltr'><strong>sive&#39;m&#39;a-</strong></span> 
     </span>
    </p>
   </div>
   <div class='ocr_carea' id='block_1_114' title="bbox 2244 5844 3809 5921">
    <p class='ocr_par' dir='ltr' id='par_1_114' title="bbox 2244 5844 3809 5921">
     <span class='ocr_line' id='line_1_116' title="bbox 2244 5844 3809 5921; baseline 0.004 -22"><span class='ocrx_word' id='word_1_819' title='bbox 2244 5845 2407 5917; x_wconf 81' lang='lat' dir='ltr'><strong>gister</strong></span> <span class='ocrx_word' id='word_1_820' title='bbox 2440 5844 2554 5903; x_wconf 80' lang='lat' dir='ltr'><strong>sive</strong></span> <span class='ocrx_word' id='word_1_821' title='bbox 2584 5845 2862 5914; x_wconf 86' lang='lat' dir='ltr'><strong>dominus,</strong></span> <span class='ocrx_word' id='word_1_822' title='bbox 2898 5848 3170 5903; x_wconf 76' lang='lat' dir='ltr'><strong>severitate</strong></span> <span class='ocrx_word' id='word_1_823' title='bbox 3207 5844 3399 5915; x_wconf 74' lang='lat' dir='ltr'><strong>rullus,</strong></span> <span class='ocrx_word' id='word_1_824' title='bbox 3441 5867 3599 5920; x_wconf 78' lang='lat' dir='ltr'><strong>quam</strong></span> <span class='ocrx_word' id='word_1_825' title='bbox 3629 5867 3809 5921; x_wconf 71' lang='lat' dir='ltr'><strong>nempe</strong></span> 
     </span>
    </p>
   </div>
  </div>
