4114 6496
284 445 407 555 ν993

1378 428 1457 491 ΙΝ
1489 424 2065 491 ECCLESIASTEN.
2105 450 2173 462 --
2204 422 2354 485 LIB.
2387 421 2491 485 VI.

3444 413 3555 483 994

296 553 601 617 πολιτείαν,
638 549 735 604 καὶ
758 548 856 617 τὴν
894 544 1194 599 σπουδαίαν
1229 541 1565 615 κατορθοῦσι
1598 538 1879 594 κατάστα-

1984 537 2270 596 clesiastes
2312 537 2390 590 ait
2427 555 2441 591 :
2480 534 2621 601 Quia
2673 533 2731 587 in
2784 529 2931 586 malo
2982 529 3164 586 vultus
3228 529 3317 600 ﬁet
3371 527 3566 585 bonum

296 663 403 702 σιν.
434 644 606 698 Τοῦτο
628 636 724 695 οὖν
754 641 903 693 ἐστιν
933 638 961 693 ὃ
992 655 1186 708 φησιν,
1223 655 1241 689 ι
1282 637 1407 691 Ὀτι
1439 637 1498 689 ὲν
1522 634 1691 704 κακίᾳ
1714 648 1883 704 προσ·

293 738 447 792 ώπου
487 733 928 803 ἀγαθυνθήσεται
974 730 1194 802 καρδία.
1233 748 1254 782 ι
1288 731 1368 801 Τῇ
1399 729 1511 801 γὰρ
1540 726 1742 799 πικρίᾳ
1778 725 1883 796 τῆς

293 829 422 890 θέας
455 826 550 880 καὶ
577 828 645 896 τῇ
693 823 1054 895 βλοσυρότητι
1098 822 1195 876 τοῦ
1241 820 1541 894 προσώπου
1608 818 1811 891 μᾶλλον
1850 818 1885 890 ὴ

296 917 490 988 καρδία
509 916 617 969 τῶν
640 914 964 986 ἀρχομένων
986 912 1355 985 αίσθητικώτε
1363 930 1457 984 ρον
1488 910 1587 966 καὶ¹
1612 909 1887 982 νηφαλιω-

296 1028 456 1081 τερον
500 1007 968 1079 ἀναλαμϐάνουσα
1012 1005 1299 1077 λογισμὸν,
1350 1004 1453 1076 τῆς
1501 1006 1623 1057 κατ’
1680 1002 1885 1075 ἀρετὴν

294 1102 654 1173 ἀγαθωσύνης
700 1100 910 1170 γίνεται
958 1097 1178 1172 πλήρης
1200 1114 1213 1128 ·
1251 1099 1348 1152 καὶ
1377 1097 1581 1170 μᾶλλον
1611 1097 1882 1151 ἀπόναται

300 1219 318 1248 ι
349 1196 448 1267 τῆς
484 1195 576 1250 τοῦ
607 1192 907 1266 προσώπου
938 1192 1173 1256 κακίας,
1215 1210 1234 1243 ι
1267 1192 1300 1263 ἢ
1328 1191 1428 1262 τῆς
1457 1190 1748 1262 εὐμενείας
1787 1188 1885 1241 καὶ
1911 1244 1918 1251 ,

291 1290 389 1359 τῆς
417 1285 865 1359 προσηνεστέρας
899 1284 1049 1346 θέας.
1089 1284 1314 1355 Ἀμέλει
1343 1283 1527 1337 τοίνυν
1552 1284 1666 1346 τοῖς
1695 1279 1885 1345 αὐτοῖς

290 1377 691 1453 ἐμφιλοχωρῶν
720 1379 751 1430 ό
783 1375 946 1447 σοφὸς
986 1374 1425 1447 Ἐκκλησιαστὴς
1451 1374 1704 1445 ἐπήγαγε
1724 1389 1740 1406 ο

1980 648 2105 697 cor;
2146 639 2401 699 aspectus
2435 629 2581 684 enim
2622 624 2920 682 acerbitate
2974 638 3040 680 ac
3097 624 3352 679 torvitate
3379 623 3565 681 vultus

1980 722 2154 778 multo
2228 719 2411 775 aerius
2489 716 2803 788 percellitur
2885 713 3231 770 subditorum
3307 714 3566 779 animus,

1983 814 2282 884 sobriaque
2352 810 2688 881 cogitatione
2753 816 3053 878 suscepta,
3121 808 3340 865 virtutis
3398 807 3572 878 adipi-

1982 906 2201 963 scenda:
2265 902 2541 959 desiderio
2595 911 2649 956 et
2702 901 2887 957 studio
2956 901 3259 971 completur
3311 918 3324 955 :
3383 900 3569 971 itaque

1983 999 2160 1055 multo
2192 996 2458 1066 majorem
2489 995 2634 1064 capit
2668 994 2959 1049 utilitatem
2997 1013 3016 1046 ι
3044 1009 3111 1049 ex
3144 993 3291 1048 malo
3315 994 3559 1060 vultus,»

1984 1106 2152 1164 quam
2195 1104 2261 1146 ex
2309 1085 2648 1157 benignitate
2692 1093 2747 1140 et
2791 1088 2934 1140 comi
2981 1086 3212 1141 nimium
3256 1086 3565 1155 blandoque

1984 1193 2206 1256 aspectu
2248 1181 2384 1253 (58).
2441 1178 2568 1236 Haec
2614 1178 2782 1248 igitur
2834 1179 2951 1249 ipsa
2996 1189 3305 1236 retraetans
3348 1179 3568 1250 sapiens

1984 1276 2374 1343 Ecclesiastes,
2405 1274 2597 1344 utique
2626 1271 2864 1342 subjecit
2895 1290 2909 1327 :

1842 1482 1870 1557 ς
1896 1478 2011 1535 vn.

362 1587 588 1657 Καρδία
626 1585 838 1658 σοφῶν
872 1588 943 1642 ἐν
994 1587 1143 1659 οἴκῳ
1203 1584 1469 1651 πένθους
1496 1597 1511 1613 ⁸
1540 1579 1759 1652 καρδία
1806 1575 1876 1632 δὲ

292 1681 573 1752 ἀφρόνων
592 1680 664 1735 ἐν
691 1681 840 1745 οἴκῳ
873 1681 1286 1751 εὐφροσύνης.

378 1772 594 1837 Ἀπλῶς
659 1772 1087 1843 ἀποφηνάμενος
1140 1769 1348 1839 ἀγαθὸν
1402 1765 1499 1822 τοῦ
1534 1764 1874 1838 προσφοιτᾷν

2053 1566 2220 1622 Vens.
2253 1565 2305 1621 5.
2347 1564 2527 1636 169.
2571 1563 2678 1618 Cor
2720 1564 3017 1633 sapientum
3057 1562 3114 1617 in
3150 1564 3309 1618 domo
3350 1563 3560 1633 luctus;

1980 1678 2071 1717 cor
2109 1658 2474 1727 insipientium
2514 1657 2573 1710 in
2601 1656 2756 1710 domo
2781 1655 3006 1710 (mitias.

2050 1753 2184 1808 Item
2219 1753 2416 1807 bonam
2450 1749 2774 1819 simpliciter
2805 1749 2941 1802 dixit
2970 1748 3244 1818 superius,
3272 1746 3352 1804 ire
3382 1751 3562 1819 potius

292 1866 376 1929 είς
390 1860 538 1918 οἷκον
555 1838 808 1930 πένθους,
835 1838 877 1936 -ἧ
908 1838 991 1927 εἰς
1014 1859 1166 1917 οἷκον
1194 1838 1385 1927 πότου,
1402 1859 1493 1914 διὰ
1516 1859 1579 1912 τὸ
1615 1858 1873 1929 διάφορον

1983 1846 2036 1902 in
2050 1846 2274 1901 domum
2296 1844 2499 1905 luctus,
2523 1855 2685 1911 quam
2706 1840 2759 1893 in
2778 1839 2999 1893 domum
3023 1838 3280 1905 convivii,
3300 1839 3368 1893 ob
3387 1840 3564 1909 ipsum

293 1960 574 2031 ἑκατέρων
603 1958 716 2013 τῶν
735 1918 907 2013 οίκων
929 1998 947 2025 ,
983 1957 1079 2012 νῦν
1110 1918 1464 2029 προστίθησι,
1505 1956 1601 2007 καὶ
1630 1918 1878 2005 διεσταλ-

1983 1951 2174 2006 nempe
2192 1934 2391 1989 domus
2420 1932 2710 2001 utriusque
2736 1929 3053 1985 discrimen.
3080 1929 3261 2001 Pergit
3315 1947 3483 1996 nunc,
3510 1940 3567 1987 et

295 2052 474 2123 μένως
503 2051 761 2122 ὀνομάζει
807 2051 1007 2119 σοφοὺς
1053 2049 1182 2111 τοὺς
1227 2046 1454 2118 ἔχοντας
1496 2044 1599 2115 τὴν
1642 2042 1875 2112 καρδίαν

291 2144 386 2197 ἐπὶ
410 2144 503 2196 τὸν
531 2140 683 2198 οἶκον
703 2141 798 2197 τοῦ
821 2142 1078 2207 πένθους,
1111 2140 1356 2212 ἄφρονας
1380 2138 1437 2190 δὲ
1461 2136 1590 2199 τοὺς
1609 2134 1707 2205 τὴν
1736 2151 1877 2205 καρ-

291 2235 409 2290 δίαν
440 2237 668 2307 έχοντας
694 2235 937 2305 ἔμπαλιν
964 2236 1047 2298 είς
1073 2234 1167 2287 τὸν
1199 2227 1349 2285 οἶκον
1365 2230 1465 2300 τῆς
1492 2227 1837 2299 εὐφροσύνης
1856 2242 1873 2259 ⁶

292 2329 538 2393 ἐκείνους
561 2328 651 2382 διὰ
679 2328 774 2382 τοῦ
815 2326 1049 2382 καλέσαι
1080 2326 1284 2393 σοφοὺς
1311 2320 1745 2391 κατασεμνύνων
1781 2318 1877 2372 καὶ

291 2420 392 2489 τῆς
427 2418 696 2473 ἀνωτάτω
726 2417 1003 2483 καταξιῶν
1038 2416 1319 2487 εὐφημίας
1344 2432 1358 2447 ο
1383 2417 1412 2469 ό
1440 2413 1551 2485 γὰρ
1591 2412 1758 2481 σοφὸς
1784 2412 1877 2465 ἄν·

295 2512 517 2584 θρωπος
566 2511 910 2583 πανταχόθεν
945 2510 1272 2581 ἐπιφέρεται
1320 2507 1383 2562 τὸ
1427 2505 1745 2560 ἐπαινετόν·
1780 2503 1878 2574 ἔμ-

293 2606 460 2660 παλιν
488 2606 546 2661 δὲ
578 2605 806 2669 τούτους
835 2602 1260 2676 κατακωμῳδῶν
1290 2601 1382 2657 διά
1426 2601 1527 2672 τῆς
1580 2597 1877 2670 ὀνομασίας

290 2700 389 2753 τοῦ
413 2700 649 2768 ἄφρονος
672 2713 691 2743 0.
721 2700 751 2751 ό
780 2697 891 2768 γὰρ
915 2697 1111 2769 ἄφρων
1135 2693 1610 2764 κατεγνωσμένως
1653 2692 1749 2746 καὶ
1787 2691 1877 2761 ψει

294 2792 439 2855 κτῶς
465 2790 645 2845 πάντα
666 2791 964 2845 διανοεῖται
992 2788 1091 2842 καὶ
1121 2787 1273 2856 λέγει
1304 2788 1400 2841 καὶ
1434 2786 1559 2858 δρᾷ,
1591 2784 1731 2856 πρὸς
1765 2801 1875 2855 μη-

292 2884 384 2938 δὲν
406 2883 688 2946 λυσιτελὲς
718 2882 1145 2953 ἀποτεινόμενος
1174 2879 1373 2952 πέρας.

364 2975 577 3030 Οὐκοῦν
628 2976 737 3047 ἄρα
793 2975 893 3046 τὴν
927 2972 1299 3045 εὐαγγελικὴν
1344 2969 1621 3025 πολιτείαν
1648 2968 1876 3039 προδια-

292 3064 499 3136 γράφει
527 3064 624 3119 καὶ
642 3064 1047 3137 χαρακτηρίζει
1074 3064 1265 3134 σαφῶς
1284 3063 1373 3117 διὰ
1410 3062 1519 3116 τῶν
1543 3060 1874 3133 είρημένων.

304 3159 397 3224 Ὠς
424 3158 534 3231 γὰρ
560 3159 622 3213 τὸ
645 3158 748 3229 τῆς
784 3158 1062 3229 σωτηρίας
1096 3156 1255 3229 ήμῶν
1288 3155 1623 3225 Εὐαγγέλιον
1650 3155 1875 3208 ἐπαινε-

295 3258 421 3317 τοὺς
450 3255 670 3325 ἡγεῖται
696 3252 793 3306 καὶ
825 3250 1139 3324 μακαρίους
1187 3250 1317 3314 τοὺς
1353 3247 1696 3310 πενθοῦντας
1722 3245 1875 3315 παρὰ

1980 2028 2238 2084 distincte
2280 2024 2559 2095 sapientes
2611 2021 2886 2092 appellat,
2928 2022 3022 2092 qui
3074 2021 3126 2076 in
3179 2021 3344 2077 domo
3386 2023 3567 2080 luctus

1982 2120 2167 2176 animo
2187 2127 2503 2182 versantur,
2525 2116 2846 2187 insipientes
2872 2130 2902 2169 e
2929 2114 3233 2179 contrario,
3263 2115 3356 2185 qui
3386 2116 3572 2171 animo

1982 2220 2275 2269 versantur
2308 2211 2363 2266 in
2393 2210 2559 2265 domo
2588 2208 2805 2264 laetitiae.
2830 2207 3010 2277 Atque
3041 2207 3164 2262 illos
3191 2208 3406 2278 quidem
3438 2210 3569 2265 dum

1984 2305 2261 2374 sapientes
2296 2312 2487 2369 vocat,
2519 2302 2756 2357 honorat
2788 2300 3057 2364 maxime,
3096 2314 3161 2355 ac
3191 2301 3424 2356 summis
3459 2301 3572 2356 lau-

1984 2396 2146 2454 dibus
2189 2396 2386 2468 dignos
2416 2392 2678 2450 declarat.
2722 2390 2816 2446 Vir
2853 2392 3003 2447 enim
3040 2392 3260 2462 sapiens
3287 2392 3410 2463 jure
3438 2408 3568 2463 quo-

1983 2489 2108 2545 dam
2145 2504 2246 2544 suo
2280 2503 2445 2543 omne
2480 2487 2581 2542 sibi
2619 2484 2951 2556 prazconium
2985 2485 3243 2540 vindicat.
3286 2483 3399 2542 Hos
3440 2500 3571 2541 vero

1982 2582 2345 2655 appellatione
2389 2578 2699 2651 insipientis
2729 2594 2784 2650 ,e
2827 2578 3106 2633 contrario
3156 2578 3318 2649 plane
3384 2577 3569 2649 depri-

1982 2677 2125 2732 mit:
2173 2691 2301 2730 nam
2335 2674 2605 2745 insipiens
2641 2673 2696 2727 in
2725 2672 2793 2727 iis
2821 2671 3099 2737 omnibus,
3139 2687 3261 2743 qua:
3287 2673 3490 2743 cegitat
3515 2681 3571 2730 et

1981 2766 2229 2838 loquitur
2249 2775 2306 2821 et
2334 2765 2484 2829 facit,
2505 2780 2631 2819 cum
2656 2764 2723 2818 ad
2753 2762 2962 2818 nullum
2994 2763 3243 2820 utilitatis
3273 2766 3567 2821 terminum

1984 2858 2206 2925 tendat,
2243 2857 2700 2928 vituperationem
2735 2855 2885 2910 subit
2914 2870 2977 2909 ac
3010 2865 3222 2910 notam.

2054 2952 2254 3022 Aperte
2277 2950 2442 3022 igitur
2463 2965 2559 3019 per
2589 2948 2705 3004 haec
2726 2948 2893 3003 verba
2924 2947 3294 3018 evangelieam
3319 2947 3444 3004 vita:
3476 2963 3569 3005 ra-

1983 3045 2184 3099 tionem
2234 3052 2387 3097 tanto
2422 3050 2549 3097 ante
2594 3040 2855 3096 describit
2896 3049 3061 3111 atque
3115 3040 3384 3111 designat.
3430 3032 3568 3096 Nam

1982 3136 2142 3192 sicuti
2171 3136 2368 3191 salutis
2397 3144 2600 3189 nostrae
2625 3132 2981 3204 Evangelium
3021 3131 3323 3189 laudabiles
3349 3133 3570 3190 beatos-

1980 3244 2089 3300 que
2124 3228 2315 3294 ducit,
2353 3228 2446 3297 qui
2477 3230 2644 3281 vitam
2679 3241 2837 3281 suam
2878 3225 2932 3278 in
2963 3224 3112 3279 luctu
3144 3233 3313 3279 totam
3349 3234 3403 3280 et
3439 3224 3565 3281 ﬂetu

296 3314 484 3400 πάντα
499 3314 594 3399 τὸν
627 3314 839 3397 ἑαυτῶν
890 3314 1008 3413 βίον
1056 3341 1155 3396 καὶ
1187 3339 1755 3412 κατολοφυρομένους,
1784 3314 1882 3391 καὶ

1984 3320 2254 3391 exigunt,
2311 3320 2567 3389 viamque
2626 3315 3010 3388 ingrediuntur
3061 3326 3353 3388 angustam
3404 3328 3569 3389 atque

295 3437 397 3510 τὴν
433 3435 626 3508 στενὴν
671 3437 769 3489 καὶ
833 3434 1209 3507 τεθλιμμένην
1262 3433 1674 3508 πορευομένους
1722 3429 1879 3485 ὁδόνο

296 3529 534 3601 ἔμπαλιν
567 3528 625 3583 δὲ
652 3528 779 3591 τοὺς
798 3526 1343 3589 κατασπαταλῶντας
1377 3525 1475 3579 καὶ⁸
1499 3523 1601 3595 τὴν
1630 3520 1880 3595 εὐρύχω-

297 3638 393 3694 ρον
424 3621 518 3676 καὶ
546 3620 811 3675 πλατεῖαν
840 3620 1033 3692 τρίϐον
1056 3620 1367 3684 ὁδεύοντας,
1400 3617 1495 3672 καὶ
1538 3616 1679 3689 πρὸς
1710 3615 1883 3688 μόνην

296 3714 397 3786 τὴν
438 3713 722 3785 παροῦσαν
768 3713 917 3784 ζωὴν
961 3712 1291 3783 κεχηνότας,
1320 3711 1542 3776 ἀθλίους
1569 3724 1585 3740 °
1614 3710 1762 3764 οὕτω
1785 3709 1885 3764 καὶ

299 3806 482 3877 πολλῷ
508 3806 703 3878 πρώην
735 3807 766 3859 ό
801 3802 969 3873 σοφὸς
1013 3802 1448 3874 Ἐκκλησιαστὴς
1477 3801 1620 3857 κατά
1647 3802 1718 3856 τά
1741 3801 1884 3855 αὐτὰ

301 3899 397 3952 καὶ
432 3896 697 3961 ὡσαύτως
725 3896 854 3959 τοὺς
873 3894 1099 3965 ἔχοντας
1124 3894 1223 3966 τὴν
1253 3895 1490 3965 καρδίαν
1514 3895 1596 3958 είς
1616 3892 1884 3957 πενθικάς

299 3988 587 4061 διατριϐὰς
641 3984 1046 4057 κατασεμνύνει
1097 3985 1195 4040 καὶ
1247 3985 1451 4055 σοφοὺς
1484 3983 1767 4056 ὀνομάζει,
1794 3981 1886 4036 διὰ

299 4086 362 4141 τὺ
392 4085 495 4157 τῆς
521 4082 875 4155 ἀνθρωπίνης
905 4079 1201 4153 εὐετηρίας
1229 4080 1615 4151 καταφρονεῖν,
1649 4078 1745 4131 καὶ
1774 4076 1887 4130 τῶν

300 4174 585 4249 σαρκικῶν
615 4171 820 4246 ἡδονῶν
852 4171 950 4227 καὶ
981 4170 1084 4242 τῆς
1123 4169 1535 4240 ἀπολαυστικῆς
1565 4168 1712 4237 ζωῆς
1744 4168 1887 4222 ἀνω-

298 4269 497 4342 τέρους
538 4264 897 4338 εὑρίσκεσθαι
956 4265 1052 4320 καὶ
1079 4263 1354 4336 βελτίους·
1386 4262 1515 4327 τοὺς
1546 4261 1607 4315 δὲ
1626 4261 1730 4332 τὴν
1750 4275 1887 4331 καρ-

296 4361 418 4416 δίαν
446 4360 673 4432 ἔχοντας
707 4360 791 4423 είς
814 4360 947 4423 τοὺς
983 4358 1175 4422 οῐκους
1192 4357 1293 4429 τῆς
1320 4354 1688 4428 εὐφροσύνης,
1712 4368 1887 4408 κατα-

297 4453 556 4525 γνώσεως
607 4453 707 4508 καὶ
764 4451 1027 4523 μέμψεως
1075 4450 1448 4521 ἀποφαίνεται
1499 4448 1733 4520 πλήρεις
1760 4488 1777 4510 ,
1809 4446 1887 4512 ὡς

295 4546 551 4619 ἀφρόνως
583 4544 1066 4616 πολιτευομένους,
1090 4543 1187 4598 καὶ
1232 4543 1392 4615 δίκην
1437 4540 1651 4610 ἀλόγων
1688 4556 1885 4612 κορεν-

296 4636 564 4710 νυμένους
590 4636 701 4691 τῶν
746 4634 1030 4708 σαρκικῶν
1068 4634 1167 4690 καὶ
1192 4633 1503 4707 βδελυκτῶν
1527 4631 1754 4705 ἡδονῶν,
1787 4631 1883 4685 καὶ

295 4730 399 4801 τῆς
421 4729 775 4803 ἀνθρωπίνης
799 4729 1016 4802 ἡμέρας
1034 4728 1173 4793 ὅλως
1188 4726 1636 4801 εὑρισκομένους,
1660 4727 1755 4780 καὶ
1773 4744 1881 4798 μη-

299 4822 494 4893 δεμίαν
545 4822 773 4894 ἔχοντας
831 4822 1091 4893 φροντίδα
1128 4821 1233 4891 τῆς
1267 4819 1576 4891 μελλούσης
1612 4816 1760 4887 ζωῆς
1787 4817 1883 4872 καὶ

301 4905 404 4982 τῆς
449 4910 824 4982 ἁγιοπρεποῦς
866 4909 1296 4975 καταστάσεως,
1335 4907 1433 4963 καὶ
1471 4908 1584 4961 τῶν
1631 4908 1691 4960 ὲν
1720 4909 1886 4977 ὲπαγ-

301 5002 514 5072 γελίαις
539 5003 921 5073 ἀποκειμένων
969 5001 1245 5073 οὐρανίων
1285 4999 1513 5069 ἀγαθῶν
1554 5001 1670 5062 τοῖς
1689 4998 1884 5065 ἀξίοις.

300 5091 490 5151 Ταῦτα
534 5093 592 5147 δὲ
635 5093 737 5163 τῆς
788 5093 1157 5165 εὐαηελικῆς
1221 5091 1504 5165 ὁσιότητος
1552 5091 1706 5145 οὐδὲν
1752 5091 1888 5145 ἀπο-

298 5190 499 5244 δέοντα
525 5189 617 5244 τὸν
645 5188 763 5243 ἴσον
819 5189 1041 5245 καὶτὸν
1100 5189 1269 5247 αὐτὸν
1317 5187 1837 5259 προῦάλλονταικαὶ
1894 5185 2425 5257 καθυπογράφονται

299 5283 510 5355 ήγαγεν
528 5297 545 5313 ο

299 5408 503 5463 malum
538 5406 794 5477 appellat,
841 5416 892 5459 et
945 5406 1055 5474 ipse
1098 5405 1216 5477 plus
1246 5404 1617 5477 proﬁcie_t,_et_
1648 5400 1888 5457 subditos

300 5479 545 5534 meliores
572 5472 759 5601 (acia.
800 5476 893 5546 (In
921 5472 1255 5557 fluet-(Due.
1385 5474 1490 5529 645
1518 5472 1579 5527 E.
1608 5473 1626 5543 )

372 5549 487 5601 t58l
526 5552 567 5601 A
595 5561 698 5601 iter
729 5550 841 5601 haec
867 5545 1026 5601 Nilus
1052 5562 1106 5599 Ill
1140 5545 1399 5601 epistolio
1432 5546 1500 5599 ad
1526 5543 1626 5599 Ain

372 5549 487 5619 (58)
526 5541 698 5603 Aliter
729 5541 1106 5619 traicANilusin
1140 5541 1399 5614 epistolio
1432 5546 1500 5599 ad
1526 5541 1884 5619 .{Emilianum

298 5611 669 5690 protectorem
722 5618 814 5690 (η.
847 5611 1472 5690 251)-ἰιιιυιῖρι·εῑοιυε,
1530 5615 1598 5690 de
1646 5611 1887 5690 utilitate

301 5680 447 5746 ilicta
475 5680 832 5749 existimavit.
867 5680 992 5756 qua:
1014 5685 1070 5741 in
1099 5680 1436 5756 eumiipsum
1460 5680 1756 5756 redundat,
1787 5680 1884 5751 qui

300 5762 408 5816 sibi
451 5768 761 5817 succenset.
810 5751 903 5813 Ait
933 5759 1082 5811 enim
1114 5774 1127 5810 :
1166 5773 1183 5806 ι
1218 5751 1310 5810 Ἐν
1343 5755 1514 5826 κακία
1550 5751 1881 5826 προσώπου»

301 5832 438 5902 φησὶ
477 5830 753 5902 Σολομὼν,
795 5826 1240 5902 ἀγαθυνθῄσεται
1270 5822 1516 5902 mpetu"
1556 5822 1715 5902 s_'éitv
1768 5822 1881 5892 γὰρ

300 5894 644 5975 ὀργισθῶμεν
687 5894 782 5958 καὶ
831 5894 1230 5973 πικρανθῶμεν
1273 5894 1395 5953 καθ’
1444 5894 1654 5952 ἑαυτῶν
1700 5909 1886 5950 κινουι-

1984 3426 2355 3468 aerumnosam
2390 3451 2406 3477 ,
2442 3420 2632 3466 contra
2660 3424 2791 3463 vero
2820 3407 3030 3464 deliciis
3062 3407 3343 3464 afﬂuentes
3364 3417 3419 3464 et
3442 3425 3569 3482 spa-

1983 3505 2125 3561 tiosa
2154 3505 2374 3574 lataque
2398 3502 2484 3557 via
2516 3516 2861 3573 progressos,
2893 3499 2988 3571 qui
3022 3501 3157 3556 nihil
3184 3501 3365 3569 aliud,
3397 3519 3565 3573 quam

1983 3599 2128 3655 hanc
2160 3597 2329 3653 vitam
2365 3603 2650 3668 spectant,
2695 3595 2929 3651 miseros
2959 3594 3196 3665 appellat
3225 3612 3240 3650 :
3283 3596 3359 3651 ita
3393 3605 3445 3651 ct
3480 3612 3569 3653 sa-

1981 3693 2137 3763 piens
2169 3689 2529 3747 Ecelesiastes
2557 3688 2729 3743 multo
2757 3686 2932 3757 prius,
2968 3686 3062 3756 qui
3103 3686 3373 3744 luctuosis
3402 3704 3566 3745 oceu-

1984 3785 2298 3857 pationihus
2326 3785 2575 3838 animum
2607 3779 2918 3836 addixerint
2947 3779 3138 3836 eadem
3163 3780 3321 3851 plane
3352 3782 3566 3838 ratione

1985 3878 2253 3941 honorat,
2308 3883 2363 3930 et
2394 3873 2671 3944 sapientes
2710 3871 3063 3936 denominat,
3115 3873 3261 3943 quod
3311 3874 3567 3931 humana:

1985 3971 2110 4025 vita:
2138 3968 2351 4023 faustos
2384 3981 2679 4022 successus
2706 3973 3082 4032 contemnant,
3100 3974 3156 4019 et
3179 3968 3382 4035 majore
3402 3976 3569 4038 atque

1982 4061 2285 4118 excelsiore
2312 4060 2499 4114 animo
2527 4057 2669 4123 sint,
2708 4073 2876 4128 quam
2928 4066 2988 4113 ut
3015 4057 3355 4127 voluptatum
3388 4058 3574 4115 illece-

1985 4156 2101 4212 bris
2131 4163 2188 4210 et
2218 4154 2345 4208 vita:
2370 4150 2679 4207 commodis
2708 4151 2998 4231 capiantur
3023 4190 3040 4214 ,
3074 4149 3169 4221 qui
3207 4166 3339 4206 vero
3370 4151 3574 4207 laetitia:

1985 4249 2181 4305 domos
2215 4247 2403 4304 animo
2439 4244 2728 4312 incolunt,
2756 4258 2853 4298 eos
2888 4242 3204 4314 ignominiaa
3239 4243 3431 4313 plenos
3474 4245 3573 4301 de-

1985 4343 2161 4401 clarat
2199 4350 2365 4412 atque
2408 4336 2724 4404 dedecoris,
2762 4336 2909 4407 quod
2942 4336 3053 4392 vita
3088 4336 3255 4393 stulte
3285 4337 3572 4403 instituta,

1985 4436 2242 4493 obscenis
2273 4432 2523 4507 corporis
2563 4430 2938 4503 voluptatibus
2966 4430 3240 4502 pecudum
3292 4430 3467 4486 instar
3503 4418 3575 4486 ad

1984 4532 2291 4588 satietatem
2320 4528 2640 4598 indulgeant
2665 4566 2681 4593 ,
2723 4533 3006 4596 totamque
3036 4524 3295 4580 humana:
3317 4525 3443 4580 vitae
3471 4541 3575 4581 eu-

1988 4639 2105 4679 ram
2136 4621 2474 4693 impendere,
2501 4619 2714 4675 nullam
2752 4616 2955 4674 futurae
2996 4618 3310 4686 videantur,
3348 4602 3575 4676 sancto-

1987 4732 2110 4773 rum
2139 4714 2437 4781 felicitate,
2467 4723 2523 4770 et
2551 4728 2676 4785 qua:
2709 4711 2893 4784 dignis
2915 4712 3188 4783 promissa
3220 4719 3382 4779 sunt,
3410 4713 3576 4777 coele-

1980 4809 2161 4865 stibus
2186 4806 2347 4863 bonis
2383 4805 2673 4876 neglectis.
2693 4804 2827 4871 Quae
2857 4818 2980 4857 cum
3011 4802 3151 4857 nihil
3178 4802 3248 4857 ab
3261 4801 3573 4872 evangelica

1980 4902 2268 4959 sanctitate
2289 4898 2653 4964 dissentiant,
2685 4897 2868 4953 simile
2893 4895 3057 4967 plane
3083 4904 3250 4966 atque
3269 4896 3415 4951 idem
3444 4895 3575 4959 vitae

1981 4994 2292 5053 institutum
2324 4993 2397 5049 ob
2435 4991 2626 5049 oculos
2669 4998 2883 5062 ponunt
2922 4988 3196 5058 nobisque
3224 4986 3573 5055 describunt.

1987 5089 2284 5159 Propterea
2313 5086 2507 5156 utique
2536 5083 2738 5152 adjecit
2760 5095 2984 5136 rursum
3017 5098 3032 5136 :

2508 5179 2642 5250 βίον.
2709 5176 2928 5247 Ἀμέλει
3003 5174 3185 5230 τοίνυν
3261 5169 3422 5236 αὖθις
3477 5173 3577 5225 ἐπ·-

2034 5395 2170 5447 ἐνων
2195 5389 2336 5460 πρὸς
2360 5387 2457 5460 τὴν
2482 5385 2685 5460 aito-rion
2727 5382 2951 5460 πρᾶξιν,
2988 5380 3207 5460 πάντως
3235 5379 3316 5460 ὅτι
3328 5376 3574 5460 ἀγαθυν-

2034 5414 2170 5447 ενων
2195 5414 2333 5460 προς
2360 5414 2457 5455 την
2482 5414 2685 5440 unum."
2735 5414 2951 5454 “Pugw,
2988 5414 3095 5435 vum
3109 5414 3203 5443 ιω»
3235 5414 3316 5432 νη
3335 5414 3571 5446 unjuva—

1986 5414 2281 5549 gﬁcstat‘ﬂ
2312 5458 2460 5540 ψυχὴ
2495 5453 2657 5538 ημῶν
2696 5455 3009 5549 τερπομένη
3046 5452 3142 5549 κσὶὶ
3184 5447 3571 5549 ἀγαλλιωμιένη

2106 5519 2295 5607 κάλλει
2331 5519 2460 5581 τῶν·
2487 5519 2719 5607 ἀρετῶν.
2763 5519 2824 5579 id
2870 5519 2952 5578 est
2982 5542 2996 5576 :
3038 5541 3055 5575 ι
3094 5520 3161 5607 133
3197 5519 3338 5603 {nolo
3374 5519 3569 5607 vultus,

1988 5589 2158 5673 iriquit
2198 5599 2452 5656 Salomon
2478 5640 2492 5663 ,
2529 5589 2625 5665 'ﬁet
2662 5594 2853 5673 bonum
2894 5609 3003 5673 cor.
3044 5612 3065 5673 ξ
3114 5589 3314 5673 Quippe
3342 5589 3488 5659 quia,
3524 5589 3573 5643 si

1986 5664 2173 5731 contra
2212 5688 2306 5726 nos
2341 5672 2506 5739 ipsos,
2538 5664 2674 5719 ﬁcum
2734 5666 2802 5718 ad
2865 5664 3097 5739 absurda
3156 5664 3303 5739 facta
3359 5675 3573 5739 (κρινεῖ.

1989 5730 2170 5809 timur,
2208 5730 2686 5798 sucreiwuerimus,
2713 5735 3071 5809 amaritudine
3100 5730 3331 5803 quadam
3353 5730 3571 5809 aﬂ'ecti;

1988 5801 2358 5880 bonus'utique
2387 5811 2476 5880 ﬁet
2505 5811 2719 5880 anguino
2751 5807 2969 5880 animus
2991 5801 3188 5880 noster.
3220 5817 3372 5875 quem
3404 5801 3571 5855 uirtu-

1989 5899 2099 5942 tum
2130 5874 2472 5956 pulcliritudo
2502 5877 2855 5936 exhilaraudo
2888 5874 3191 5932 delcrtalvit.
