4114 6510
526 452 531 453 ν
640 373 775 439 995:

1772 365 1835 426 S.
1867 364 2248 426 GREGORII
2289 360 2805 429 AGRIGEN'HNI

3802 371 3899 434 996

2193 475 2220 546 ς
2257 473 2391 533 vut.

718 568 879 640 170
919 566 1084 621 νεεδ.
1121 562 1239 620 6-7.
1266 559 1473 620 Bonum
1501 574 1578 619 est
1604 565 1791 619 audire
1813 568 2231 635 increpatione":
2262 573 2306 628 Α

643 661 901 732 sapientis
941 670 1101 728 super
1137 658 1306 711 virum
1339 658 1637 713 audientem
1671 675 1883 712 carmen
1913 659 2228 723 stultorum,

644 756 770 825 quia
808 754 948 807 sicut
985 766 1087 805 vos:
1116 750 1390 821 spinarum
1432 750 1527 804 sub
1565 749 1674 804 olla
1701 790 1716 816 ,
1756 751 1835 805 ita
1864 752 2004 805 risus
2035 750 2230 806 stulto—

645 858 764 896 rum
803 838 938 911 (59).

715 956 1078 1027 Persequitur
1135 953 1438 1010 etiamnum
1495 971 1620 1027 quae
1666 955 1808 1011 inter
1856 971 1916 1011 se
1976 955 2229 1026 opposita

646 1050 903 1123 protulit,
952 1065 1018 1105 ac
1055 1048 1190 1103 scite
1220 1048 1364 1102 mala
1397 1064 1427 1103 a
1467 1048 1627 1104 bonis
1654 1048 1967 1119 sejungens,
2009 1058 2230 1103 senten-

649 1144 779 1196 tiam
829 1142 1025 1196 statuit
1060 1155 1244 1194 veram
1266 1179 1283 1207 ,
1323 1140 1471 1210 quod
1499 1141 1654 1211 juvat
1683 1141 1884 1196 bonum
1932 1142 2229 1211 appellans,

646 1242 813 1306 atque
837 1234 972 1289 adeo
1001 1231 1150 1303 quod
1177 1215 1242 1286 in.
1266 1233 1602 1288 contrarium
1628 1232 1828 1300 fertur,
1863 1234 2090 1288 malum.
2114 1232 2231 1287 Etsi

647 1330 792 1383 enim
831 1327 1063 1382 dicendo
1095 1343 1109 1381 :
1160 1344 1179 1377 ι
1213 1340 1376 1395 super
1413 1325 1591 1380 virum
1644 1326 1957 1381 audientem
2000 1342 2226 1381 carmen

649 1419 942 1475 stultorum
992 1437 1012 1470 ι
1065 1460 1081 1484 ,
1133 1432 1230 1488 per
1293 1418 1760 1486 comparationem
1820 1417 2227 1489 quodammodo

652 1530 673 1567 ι
704 1512 911 1568 bonum
946 1529 966 1564 ι
1001 1509 1271 1580 appellare
1307 1508 1552 1574 videtur,
1594 1509 1825 1565 minime
1881 1520 2061 1566 tamen
2101 1527 2234 1582 prae-

648 1604 920 1675 positione
942 1602 1032 1656 illa
1067 1620 1086 1653 ι
1126 1616 1291 1672 super
1313 1620 1331 1652 ι
1373 1614 1505 1656 usus
1537 1609 1642 1667 est,
1680 1602 1827 1658 velut
1858 1602 1903 1656 si
1929 1596 2097 1657 etiam
2129 1603 2234 1658 hoc

654 1694 959 1751 habendum
992 1692 1065 1749 sit
1115 1692 1357 1758 bonum;
1388 1692 1483 1747 sed
1530 1686 1678 1763 quod
1719 1693 1862 1748 bona
1894 1708 1992 1764 per
2025 1709 2085 1749 se
2113 1695 2232 1765 ipsa

652 1787 728 1843 sit
754 1784 1054 1855 increpatio
1092 1782 1353 1852 sapientis
1381 1819 1394 1847 ,
1428 1796 1648 1837 carmen
1684 1799 1818 1838 vero
1851 1778 2230 1854 insipientium

656 1878 883 1934 malum.
909 1874 1046 1930 Nam
1081 1874 1186 1928 hoc
1215 1872 1437 1943 quidem
1469 1873 1537 1927 ad
1582 1887 1801 1929 omnem
1845 1875 2132 1930 mollitiem
2168 1888 2233 1929 ac

650 1970 980 2039 voluptatem
1026 1966 1282 2036 pellicere
1327 1964 1499 2029 solet,
1560 1965 1897 2020 audientium
1950 1965 2231 2022 fasciuans

648 2075 835 2126 aures,
870 2069 926 2116 et
961 2059 1207 2113 animum
1230 2057 1506 2112 adducens
1538 2071 1602 2112 ac
1634 2058 1959 2127 pertrahens
1991 2058 2231 2114 absurda

650 2154 719 2208 ad
748 2151 891 2207 facta
920 2190 935 2216 ,
978 2163 1100 2221 qua:
1144 2165 1175 2204 a
1209 2147 1318 2202 Deo
1346 2156 1640 2215 avertunt,
1693 2142 1950 2219 viamque
1994 2150 2061 2205 ad
2103 2162 2231 2205 eum

650 2244 914 2301 ferentem
944 2240 1338 2297 intercluduut.
1365 2243 1435 2295 At
1453 2256 1582 2296 vero
1610 2240 1702 2295 illa
1730 2241 1961 2295 istorum
1983 2241 2232 2297 omnium

647 2335 1014 2409 cogitationes
1047 2333 1282 2396 inhibet,
1319 2347 1386 2387 ac
1425 2332 1680 2387 incitatos
1722 2325 2073 2403 libidinisque
2115 2331 2233 2403 ple-

650 2444 756 2485 nos
785 2425 1037 2498 corporis
1072 2434 1256 2480 motus
1277 2423 1403 2480 odio
1432 2423 1655 2488 habere,
1686 2434 1851 2494 atque
1879 2424 2007 2495 fuga
2036 2423 2233 2494 dignos

649 2530 845 2594 putare
888 2518 1077 2574 docet.
1123 2515 1338 2573 Rursus
1395 2530 1618 2570 carmen
1684 2516 1975 2572 stultorum
2029 2517 2233 2573 eliusos

651 2611 886 2669 nimium
909 2610 1124 2665 animos
1156 2608 1497 2664 audientium
1522 2608 1673 2671 facit,
1698 2616 1754 2663 et
1767 2608 2045 2665 effeminat
2069 2616 2235 2679 atque

649 2697 861 2753 emollit
886 2694 1158 2767 cogitandi
1189 2695 1324 2753 vim.
1354 2702 1415 2747 ut
1445 2689 1835 2749 immoderatos
1856 2703 2042 2749 ament
2062 2694 2230 2761 risus,

647 2800 705 2846 et
721 2788 927 2845 insanis
952 2785 1287 2842 clamoribus
1308 2785 1667 2839 delectentur.
1696 2786 1767 2839 At
1792 2794 1985 2841 contra
2016 2787 2233 2857 sapien-

650 2883 723 2941 tis
769 2879 1069 2949 increpatio
1109 2876 1278 2932 animi
1326 2884 1511 2932 motus
1553 2876 1909 2947 comprimit,
1959 2885 2015 2933 et
2068 2877 2234 2935 corde

649 2970 889 3027 stimulis
924 2975 1159 3040 puncto,
1209 2964 1277 3019 ad
1323 2964 1696 3035 lacrymarum
1730 2963 1911 3021 fontes
1957 2981 2023 3020 ex
2061 2965 2235 3021 oculis

648 3062 874 3120 ciendos
918 3059 1160 3115 adducit.
1204 3055 1321 3113 Hoc
1369 3072 1535 3127 porro
1574 3073 1672 3128 per
1716 3058 1958 3128 seipsum
2006 3056 2233 3112 omnino

649 3154 855 3213 bonum
884 3160 990 3217 est,
1023 3166 1148 3207 cum
1175 3150 1469 3205 utilitatem
1495 3149 1689 3206 ali‘erat
1708 3158 1763 3205 et
1792 3150 2022 3205 salutem
2052 3167 2065 3203 :
2100 3149 2233 3204 illud

2421 570 2674 641 Ἀγαθὸν
2718 569 2784 623 τὸ
2816 565 3075 624 ἀκοῦσαι
3110 566 3463 639 ἐπιτίμησιν
3496 573 3717 643 σοφοῦ,
3758 577 3899 643 ὑπὲρ

2331 663 2524 731 ἄνδρα
2559 663 2912 717 ἀκούσονται
2963 656 3131 730 ᾆσμα
3173 662 3457 729 ἀφρόνων
3479 679 3491 692 ·
3519 660 3611 716 ὅτι
3634 666 3716 732 ὡς
3740 668 3896 737 φωνή

2330 752 2451 808 τῶν
2468 754 2753 809 ἀκανθῶν
2778 750 2899 810 ὑπὸ
2925 754 3033 808 τὸν
3053 753 3167 808 ,1έό
3170 769 3301 823 ητα,
3331 753 3521 820 οὕτως
3542 757 3577 809 ό
3594 756 3778 825 γέλως
3789 761 3901 814 τῶν

2330 847 2486 915 ἀφρό
2494 860 2634 901 νων.

2400 936 2520 993 Τῶν
2574 939 2935 1004 ἀντιθετικῶς
3009 942 3398 1011 ἐκφερομένων
3462 940 3723 1011 ἐχόμενος
3785 942 3899 1005 ἔτι,

2334 1031 2659 1104 πρεπόντως
2687 1032 3103 1088 ἀποδιαστέλλει
3127 1034 3236 1089 τῶν
3259 1034 3525 1105 χειρόνων
3556 1036 3625 1088 τὰ
3660 1035 3904 1105 κρείττω,

2331 1124 2428 1176 καὶ
2444 1122 2659 1192 τίθησιν
2676 1122 2856 1194 ἀληθῆ
2876 1122 3055 1189 δόξαν,
3076 1123 3173 1178 καὶ⁵
3192 1123 3596 1195 προσαγορεύει
3619 1123 3680 1176 τὸ
3703 1123 3907 1177 λυσιτεδ

2331 1213 2422 1277 λὲς
2445 1213 2674 1283 ἀγαθὸν,
2699 1216 2795 1270 καὶ
2820 1214 2965 1269 κατά
2986 1216 3047 1269 τὸ
3068 1214 3361 1270 ἀκόλουθον
3391 1214 3452 1268 τὸ
3482 1215 3909 1269 ἀντιδιαστελλὸ-

2335 1323 2496 1378 μενον
2547 1306 2816 1379 πονηρόν.
2851 1307 2915 1361 Εἰ
2958 1306 3069 1379 γὰρ
3122 1309 3217 1362 καὶ
3278 1307 3427 1362 δοκεῖ
3464 1320 3586 1370 πως
3615 1309 3755 1361 κατὰ
3784 1307 3910 1375 σύγ-

2332 1416 2517 1473 κρισιν
2552 1419 2571 1452 ι
2607 1401 2670 1453 τὸ
2695 1400 2904 1469 ἀγαθὸν
2948 1419 2967 1453 ι
3018 1401 3352 1472 ὀνομάζειν,
3408 1400 3468 1454 ἐν
3523 1399 3602 1472 τῷ
3662 1400 3906 1470 φάσκειν,

2342 1508 2362 1543 ι
2410 1490 2554 1564 ὑπὲρ
2606 1491 2776 1564 ἄνδρα
2803 1491 3073 1547 ἀκούοντα
3100 1488 3254 1566 ᾆσμα
3292 1492 3569 1563 ἀφρόνων,
3608 1511 3627 1545 s
3664 1493 3778 1547 ἀλλ’
3812 1495 3906 1563 οὐχ

2332 1580 2411 1646 ὡς
2477 1582 2688 1652 ἀγαθοῦ
2742 1584 2840 1637 καὶ
2891 1583 3087 1637 τούτου
3157 1582 3729 1656 παραλαμϐανομένου
3759 1624 3773 1645 ,
3812 1584 3905 1654 τὴν

2340 1694 2360 1728 ι
2394 1676 2538 1749 ὑπὲρ
2572 1696 2590 1729 ι
2624 1676 2811 1749 τίθησι
2863 1677 3127 1749 πρόθεσιν
3150 1695 3167 1711 ο
3211 1678 3329 1734 ἀλλ’
3363 1678 3439 1743 ὡς
3488 1680 3612 1733 κατ’
3641 1678 3773 1732 αὐτὸ
3815 1681 3907 1750 μὲν

2333 1768 2545 1838 ἀγαθοῦ
2579 1770 2891 1839 πεφυκυίας
2919 1772 3021 1843 τῆς
3073 1772 3452 1844 ἐπιτιμήσεως
3486 1770 3581 1826 τοῦ
3610 1772 3796 1842 σοφοῦ,
3818 1790 3905 1825 πο-

2335 1860 2505 1931 νηροῦ
2531 1861 2590 1915 δὲ
2617 1860 2713 1916 τοῦ
2746 1862 2992 1934 ᾄσματος
3015 1863 3125 1918 τῶν
3158 1864 3430 1937 ἀφρόνων.
3462 1863 3636 1919 Τοῦτο
3676 1865 3775 1937 μὲν
3804 1865 3907 1936 γὰρ

2336 1952 2479 2024 πρὸς
2507 1955 2690 2009 πᾶσαν
2752 1955 2967 2023 πέφυκε
3016 1955 3379 2024 καταθέλγειν
3408 1956 3747 2028 ἡδυπάθειαν
3785 1974 3908 2028 σαρ-

2335 2046 2520 2117 κικὴν,
2557 2048 2973 2119 καταγοητεῦον
2993 2050 3105 2102 τῶν
3140 2049 3455 2104 ἀκουόντων
3475 2051 3576 2114 τὰς
3605 2052 3799 2115 ἀκοὰς,
3819 2051 3911 2105 καὶ

2332 2136 2655 2209 παρασύρον
2691 2139 2789 2192 καὶ
2842 2139 3143 2193 κατασπῶν
3183 2142 3285 2214 τὴν
3315 2140 3496 2214 ψυχὴν
3523 2144 3605 2205 εἰς
3633 2143 3732 2207 τὰς
3761 2145 3912 2198 ἀναι-

2337 2229 2560 2298 ρετικὰς
2622 2232 2719 2285 xui.
2778 2231 3091 2303 φθαρτικὰς
3146 2232 3247 2304 τῆς
3304 2234 3443 2306 πρὸς
3475 2235 3611 2289 Θεὸν
3641 2236 3912 2307 φερούσης

2332 2320 2456 2375 ὀδοῦ
2488 2322 2721 2392 πράξεις
2745 2323 3002 2388 ἀτόπους.
3048 2323 3262 2397 Ἐκείνη
3302 2327 3361 2383 δὲ
3394 2328 3607 2383 τούτων
3657 2330 3911 2385 ἁπάντων

2332 2413 2657 2467 ἀναστέλλει
2684 2416 2813 2480 τοὺς
2868 2415 3187 2487 λογισμοὺς,
3213 2419 3309 2471 καὶ
3363 2420 3638 2492 στυγητὰς
3670 2424 3764 2477 καὶ
3792 2441 3914 2493 φευ-

2333 2506 2470 2570 κτάς
2498 2506 2754 2575 ἡγεῖσθαι
2788 2509 3203 2579 παρασκευάζει
3234 2512 3334 2576 τὰς
3364 2514 3637 2584 ἐμπαθεῖς
3666 2518 3765 2570 καὶ
3790 2518 3911 2586 φιλ-

2330 2597 2557 2669 ηδόνους
2595 2599 2843 2669 κινήσεις
2869 2600 2965 2653 τοῦ
2999 2601 3273 2673 σώματος.
3302 2604 3377 2657 Τὸ
3402 2600 3560 2677 ᾆσμα
3594 2606 3704 2661 τῶν
3739 2609 3909 2680 ἀφρόο

2335 2709 2443 2746 νων
2474 2691 2881 2763 διακεχυμένας
2915 2697 3061 2748 ποιεῖ
3103 2695 3200 2761 τάς
3229 2696 3339 2751 τῶν
3371 2701 3749 2769 πεπυσμένων
3776 2717 3910 2770 καρ-

2333 2781 2475 2847 δίας,
2502 2780 2595 2835 καὶ
2646 2782 3014 2854 καταθηλύνει
3039 2783 3135 2837 καὶ
3195 2783 3636 2856 καταμαλακίζει
3670 2788 3795 2851 τοὺς
3826 2787 3911 2840 lo-

2334 2874 2590 2944 γισμοὺς,
2621 2873 2883 2947 καὶπρὸς
2938 2874 3182 2943 γέλωτας
3236 2877 3507 2940 ἀτάκτους
3549 2878 3646 2931 καὶ
3682 2879 3911 2949 μεγαλο-

2334 2965 2548 3037 φώνους
2573 2967 2963 3037 μετακαλεῖται
2992 2969 3090 3023 καὶ
3118 2968 3445 3040 διατίθησιν.
3490 2968 3554 3023 Ἦ
3596 2970 3654 3025 δὲ
3690 2970 3785 3024 τοῦ
3822 2989 3912 3025 σο-

2335 3060 2437 3131 φοῦ
2470 3060 2791 3133 ἐπιτίμησις
2830 3060 3070 3131 ἔμπαλιν
3130 3062 3415 3117 συστέλλει
3471 3064 3574 3135 τῆς
3607 3065 3788 3136 ψυχῆς
3814 3066 3911 3129 τὰς

2333 3151 2601 3221 κινήσεις,
2631 3152 2727 3205 καὶ
2753 3151 3085 3207 κατανύσσει
3114 3153 3213 3224 τὴν
3256 3156 3510 3227 καρδίαν,
3538 3158 3633 3211 καὶ
3664 3158 3913 3230 δακρύων

649 3261 783 3302 vero
814 3244 1182 3309 malum,cum
1218 3241 1381 3297 saluti
1413 3240 1753 3307 adversetur,
1778 3249 1942 3310 atque
1965 3241 2031 3296 ad
2062 3241 2232 3297 inter-

2338 3243 2467 3314 ροἀς
2522 3243 2873 3313 ἀναπέμπειν
2930 3246 3237 3316 εἰσηγεῖται
3288 3247 3377 3301 διὰ
3416 3248 3527 3302 τῶν
3591 3251 3909 3322 ὀφθαλμῶν.

654 3339 793 3393 itum
840 3338 1037 3391 trahat.
1112 3334 1406 3404 Propterea
1462 3332 1600 3387 dixit
1649 3346 1663 3383 :
1714 3350 1734 3384 ι
1763 3331 1901 3397 Quia
1939 3332 2083 3387 sicut
2125 3347 2232 3387 vox

2337 3330 2507 3384 Τοῦτο
2535 3330 2592 3384 δὲ
2621 3332 2740 3386 κατ’
2769 3333 2903 3386 αὐτὸ
2933 3333 3176 3403 πέφυκεν
3197 3338 3400 3404 ἀγαθὸν
3427 3342 3669 3405 πάντως,
3689 3342 3769 3406 ὡς
3789 3345 3916 3415 ὀνη-

649 3430 934 3500 spinarum
984 3427 1088 3483 sub
1141 3425 1248 3480 olla
1270 3468 1285 3492 ,
1331 3424 1407 3479 ita
1442 3423 1589 3479 risus
1626 3423 1940 3478 stultorum.
1967 3440 1988 3476 ι
2024 3423 2232 3494 Quippe

2338 3425 2561 3495 σιφόρον
2591 3425 2687 3478 καὶ
2746 3427 3035 3493 σωστικὸν,
3074 3430 3258 3482 ἐκεῖνο
3293 3430 3352 3484 δὲ
3390 3433 3652 3504 πονηρὸν,
3678 3434 3757 3498 ὡς
3786 3436 3917 3505 βλα-

649 3525 799 3578 risus
828 3520 1116 3576 Stultorum
1148 3516 1311 3573 index
1343 3524 1428 3572 est
1448 3515 1702 3580 desidiae,
1739 3529 1861 3585 qua:
1896 3516 2029 3584 ipsis
2063 3515 2233 3570 inhae-

649 3624 765 3678 ret,
802 3622 857 3668 et
882 3610 1040 3666 eﬂ‘usi
1098 3610 1268 3665 animi
1302 3624 1368 3664 ac
1394 3608 1528 3663 nihil
1554 3608 1621 3662 de
1659 3607 1726 3662 iis
1754 3605 2084 3675 laborantis,
2113 3623 2235 3678 qua:

650 3703 909 3775 prodesse
929 3702 1129 3763 solent,
1161 3709 1216 3754 et
1240 3698 1403 3754 saluti
1431 3713 1554 3753 esse
1574 3705 1802 3768 possunt
1829 3714 1842 3750 :
1873 3699 2233 3768 quemadmo-

651 3798 781 3850 dum
812 3803 867 3849 et
890 3794 1173 3863 spinarum
1204 3790 1420 3847 sonitus
1452 3789 1519 3845 iis
1544 3802 1785 3859 quoque,
1817 3790 1908 3858 qui
1938 3804 2033 3845 eas
2062 3791 2232 3845 mini-

651 3902 743 3943 me
773 3885 994 3951 vident,
1035 3885 1080 3939 si
1118 3882 1404 3953 strepitum
1433 3882 1702 3936 duntaxat
1735 3881 2046 3946 exaudiant,
2084 3882 2232 3953 ipsas

649 3977 899 4036 comburi
936 3976 1225 4045 significat.
1256 3972 1394 4029 Nam
1433 3973 1697 4044 strepitus
1737 3989 1928 4029 earum
1968 3974 2231 4046 subjectae

650 4070 895 4127 materia:
923 4067 1130 4122 indicat
1160 4065 1403 4137 speciem
1438 4080 1550 4120 non
1587 4064 1774 4120 minus
1795 4106 1810 4131 ,
1843 4080 2007 4135 quam
2035 4067 2231 4122 stulto-

650 4179 774 4220 rum
814 4162 959 4217 risus
995 4159 1081 4215 vel
1124 4158 1400 4216 sine.ulla
1432 4158 1537 4213 alia
1579 4157 1887 4229 cognitione
1931 4158 2226 4215 ridentium

648 4255 979 4311 dementiam
1025 4252 1361 4308 manifestat.
1417 4251 1717 4320 Propterea
1769 4251 1925 4321 171
1978 4251 2226 4308 divinum

648 4347 781 4403 item
823 4344 1102 4401 oraculum
1138 4352 1261 4399 est:
1300 4362 1318 4395 ι
1351 4344 1602 4398 Amictus
1636 4342 1875 4397 hominis
1913 4351 1967 4399 et
2005 4360 2227 4414 gressus

647 4439 804 4514 pedis
830 4448 885 4495 et
920 4440 1062 4494 risus
1098 4435 1340 4491 dentium
1387 4434 1792 4488 annuntiabunt
1824 4434 1893 4489 de
1927 4450 1992 4490 eo
2035 4435 2170 4506 (60).
2200 4455 2219 4488 ι

648 4533 690 4588 F
693 4532 737 4587 it
759 4529 905 4586 enim
933 4526 1357 4598 quodammodo,
1382 4533 1443 4579 ut
1474 4525 1786 4580 interiorem
1815 4524 2054 4581 hominis
2070 4527 2226 4581 habi-

2336 3516 2533 3570 πτικὸν
2556 3517 2658 3588 τῆς
2688 3519 2964 3589 σωτηρίας
2985 3519 3081 3574 καὶ
3104 3521 3425 3594 φθαρτικόν.
3478 3527 3579 3579 Διά
3614 3527 3779 3582 τοῦτό
3813 3548 3919 3599 φη-

2337 3622 2443 3673 σιν,
2478 3627 2497 3660 ι
2533 3607 2655 3661 ’Ότι
2681 3609 2757 3673 ὡς
2785 3610 2938 3683 φωνὴ
2983 3613 3094 3668 τῶν
3127 3615 3380 3669 ἀκανθῶν
3420 3617 3526 3671 ὑπὸ
3553 3618 3645 3672 τὸν
3686 3620 3921 3693 λὲσητα.

2331 3699 2508 3765 οὕτως
2554 3702 2582 3755 6
2634 3703 2809 3770 γέλως
2833 3706 2861 3757 ὁ
2890 3704 2999 3758 τῶν
3050 3707 3327 3777 ἀφρόνων.
3362 3728 3380 3761 ι
3421 3710 3769 3782 Σημαντικὸς
3803 3715 3923 3784 γάρ

2333 3793 2483 3847 ἐστιν
2534 3795 2563 3847 6
2602 3795 2710 3847 τῶν
2742 3796 2996 3867 ἀφρόνων
3022 3799 3197 3866 γέλως
3223 3802 3325 3871 τῆς
3382 3802 3697 3875 προσούσης
3728 3806 3923 3867 αὐτοῖς

2332 3880 2665 3952 ἀπροσεξίας
2702 3884 3220 3966 καὶδιακεχυμένης
3243 3891 3475 3961 καρδίας
3515 3894 3610 3946 καὶ
3644 3895 3924 3966 μηδαμῶς

2331 3972 2610 4044 νηφούσης
2642 3976 2700 4027 ἐν
2724 3964 2835 4040 τοῖς
2857 3978 3204 4049 ὀνησιφόροις
3249 3984 3342 4036 καὶ
3377 3964 3762 4051 σωστικοίς,δν

2331 4081 2434 4119 πον
2460 4066 2579 4120 ἐστὶ
2605 4069 2917 4139 σημαντικὴ
2951 4072 3046 4124 καὶ
3092 4072 3202 4125 τῶν
3247 4074 3502 4131 ἀκανθῶν
3540 4081 3573 4150 ἡ
3612 4081 3768 4154 φωνὴ
3821 4085 3922 4137 καὶ

2328 4159 2445 4219 τοῖς
2507 4157 2583 4228 μὴ
2641 4157 2932 4228 βλέπουσιν
2983 4160 3155 4226 αὐτὰς
3195 4165 3261 4218 ἐκ
3291 4165 3386 4219 τοῦ
3432 4167 3595 4237 μόνον
3621 4169 3713 4223 τὸν
3737 4170 3923 4240 ψόφον

2329 4248 2627 4303 ἀκούεσθαι
2670 4251 2769 4322 τῆς
2808 4251 2961 4321 σφῶν
3015 4255 3447 4323 κατακαύσεως·
3483 4261 3511 4312 6
3559 4261 3669 4333 γὰρ
3735 4263 3922 4333 ψόφος

2327 4339 2509 4394 αὐτῶν
2543 4344 2943 4415 χαρακτηρίζει
2970 4345 3070 4417 τῆς
3092 4347 3460 4423 ὑποκειμένης
3489 4350 3623 4424 ὕλης
3652 4354 3713 4407 τὸ
3740 4350 3919 4420 εἶδος.

2326 4431 2508 4496 καθὼς
2529 4433 2558 4484 6
2591 4434 2766 4501 γέλως
2788 4437 2899 4489 τῶν
2922 4438 3174 4509 ἀφρόνων
3190 4444 3591 4513 χαρακτηρίζει
3616 4448 3711 4500 καὶ
3733 4450 3923 4518 χωρὶς

2325 4523 2494 4593 ἄλλης
2525 4523 2672 4589 τινος
2707 4526 3052 4595 διαγνώσεως
3095 4531 3194 4603 τὴν
3244 4535 3354 4588 τῶν
3413 4537 3703 4606 γελώντων
3742 4545 3923 4596 ἁσυνο

648 4634 790 4689 tum,
813 4634 996 4677 mores
1016 4619 1223 4674 scilicet
1243 4617 1511 4687 cujusque
1530 4624 1584 4671 et
1604 4616 1941 4680 aliectiones,
1963 4627 2221 4674 externus

2331 4617 2503 4671 εσίαν.
2527 4618 2628 4672 Διὰ
2670 4618 2830 4673 τοῦτο
2857 4622 3019 4676 πάλιν
3064 4628 3126 4677 τὸ
3158 4624 3373 4695 λόγιον·
3419 4649 3437 4682 ι
3476 4630 3773 4703 Στολισμδς
3822 4634 3926 4687 ἁν-

644 4714 978 4786 quibusdam
1002 4709 1166 4765 veluti
1196 4710 1385 4780 ligni-is
1404 4717 1567 4779 atque
1593 4708 1739 4763 notis
1753 4709 2018 4780 designet.
2035 4708 2217 4765 Enim-

646 4821 777 4862 vero
805 4804 1038 4875 subjecit
1070 4801 1288 4872 sapiens
1321 4801 1677 4856 Ecclesiastes
1706 4818 1721 4855 :

2320 4708 2447 4780 δρὸς
2475 4708 2567 4762 καὶ
2599 4709 2751 4780 βῆμα
2781 4711 2939 4775 ποδὸς
2960 4715 3057 4767 καὶ
3087 4716 3261 4784 γέλως
3307 4718 3541 4775 ὀδόντων
3573 4722 3921 4792 ἀγγέλλουσι

2321 4801 2391 4855 τὰ
2423 4802 2553 4872 περὶ
2586 4801 2776 4857 αὑτοῦ.
2822 4824 2841 4856 ι
2876 4805 3097 4876 Πέφυκε
3131 4809 3239 4881 γάρ
3267 4829 3385 4878 πως
3429 4814 3532 4885 τὴν
3556 4820 3923 4873 κατάστασιν

642 4897 742 4953 τοῦ
798 4895 950 4958 ἐντὸς
1004 4890 1295 4964 ἀνθρώπου
1360 4891 1788 4962 χαρακτηρίζειν
1836 4893 1865 4945 6
1912 4892 2114 4958 ἔξωθεν
2142 4896 2219 4960 ὡς
2294 4896 2385 4952 διά
2446 4911 2608 4947 τινων
2672 4895 2959 4951 εἱκονικῶν
3018 4905 3386 4974 χαρακτήρων
3429 4906 3526 4961 καὶ
3580 4914 3919 4983 σχημάτων,

642 4991 755 5048 τῶν
788 4988 933 5043 [δίων
961 4985 1109 5057 ἠθῶν
1161 4984 1413 5055 δηλονότι
1452 4987 1545 5039 καὶ¹
1611 4986 1953 5058 κινημάτων.
2004 4988 2222 5061 Ἀμέλει
2260 4991 2443 5045 τοίνυν
2477 4988 2761 5060 ἐπήγαγεν
2792 4990 2821 5041 6
2858 4993 3023 5062 σοφὸς
3064 4992 3500 5069 Ἐκκλησιαστής
3524 5015 3542 5031 ο

2206 5106 2234 5179 §
2270 5106 2357 5161 Ix.

713 5222 883 5277 Vens.
922 5221 1045 5276 7-8.
1090 5219 1272 5275 Etiam
1312 5219 1409 5274 hoc
1436 5220 1648 5275 vanitas
1678 5235 1696 5274 :
1726 5221 1978 5291 quoniam
2007 5222 2214 5277 calum-

2397 5226 2505 5281 Kai
2538 5244 2605 5298 γε
2660 5224 2839 5283 τοῦτο
2884 5234 3217 5300 ματαιότης
3248 5248 3264 5265 ⁸
3290 5232 3380 5291 ὅτι
3424 5237 3464 5305 ἠ
3514 5244 3920 5309 συνοφαι-τιά

640 5318 735 5374 uia
781 5314 1087 5383 circumfert
1150 5314 1481 5382 sapientem,
1531 5321 1583 5369 et
1642 5313 1815 5384 perdit
1873 5330 1964 5369 cor
2022 5317 2214 5387 uigoris

2331 5320 2619 5390 περιφέρει
2659 5319 2876 5389 σοφὸν,
2912 5322 3010 5389 καὶ
3039 5324 3335 5383 ἀπολλύει
3364 5328 3479 5399 τὴν
3517 5332 3768 5401 καρδίαν
3803 5340 3924 5391 εὑ-

639 5409 756 5480 ejus
780 5406 916 5477 (ει).

715 5540 827 5611 (59)
867 5542 1021 5617 Apud
1055 5541 1192 5617 LXX
1228 5543 1425 5617 legitur
1467 5543 1735 5598 ἀκούοντα
1769 5541 1944 5617 ᾆσμα,
1974 5553 2028 5601 et
2055 5544 2205 5603 desi-

642 5612 975 5684 deraturjn
1009 5626 1136 5668 ante
1158 5613 1234 5675 ὡς
1263 5612 1437 5684 φωνή.

2318 5411 2523 5476 τονίας
2550 5413 2758 5468 αὑτοῦ.

2387 5548 2497 5629 ίϐί)
2539 5550 2609 5606 At
2648 5549 2790 5629 LXX
2815 5553 3011 5629 habent
3046 5555 3147 5629 τῂν
3194 5556 3423 5629 καρδίαν
3476 5561 3759 5629 εὐγενείας
3806 5565 3922 5617 αὑ-

2315 5618 2523 5709 τούηῇ
2555 5624 2962 5693 exemplaribus
3024 5618 3214 5709 utique
3272 5618 3485 5709 tantum
3516 5618 3687 5701 {quae
3740 5618 3925 5709 nunc

642 5709 676 5773 τ
702 5680 1232 5773 .Ecc‘les‘iustic.
1266 5680 1419 5773 ixviiii
1455 5685 1579 5773 50.‘
1605 5684 1717 5773 sed‘
1744 5685 2087 5773 apudHLXX
2136 5687 2217 5773 sic
2316 5680 2611 5773 versamus.
2645 5712 2682 5773 ε.
2710 5680 2835 5748 nam
2898 5680 3020 5768 quzc
3070 5680 3226 5755 vidit
3284 5680 3695 5773 tiiér'aiifmii‘s",
3744 5680 3927 5759 ἐξὲξ

646 5752 1231 5825 ιεεὶηιιιε,γΣτολισμὸς
1263 5754 1471 5825 ἀνδρὸς
1495 5756 1588 5807 καὶ
1634 5752 1805 5823 γέλως
1849 5755 2077 5811 ὀδόντων
2120 5758 2213 5812 καὶ

2331 5760 2435 5823 νίας
2467 5762 2819 5820 exhibebant.

648 5822 867 5895 βήματα
910 5822 1195 5895 ἀνθρώπου
1225 5822 1543 5896 ἀναγγέλλει
1570 5822 1791 5897 τάπερι
1828 5826 2011 5880 αὑτοῦ.
