4114 6510
327 404 431 469 997

1404 397 1484 459 ΙΝ
1516 394 2099 457 ECCLESIASTEN.
2135 420 2202 430 -
2232 394 2381 456 LIB-
2425 392 2524 455 VI.

3470 394 3574 459 998

392 519 545 590 Τάχα
574 517 631 572 δέ
658 532 743 578 τις
784 512 842 564 ἐν
874 508 1087 575 τούτοις
1111 512 1411 584 ἀπορήσειε
1450 511 1630 582 λόγος,
1676 514 1774 567 καὶ
1802 514 1900 584 φή-

2075 511 2193 568 Erit
2244 510 2510 577 fortasse,
2550 511 2646 581 qtti
2711 508 2777 564 ad
2829 508 2943 564 haec
2987 522 3183 578 anceps
3226 507 3456 576 hazrrat,
3508 528 3574 567 ac

325 630 470 666 σειεν
497 629 509 642 ο
540 610 617 673 ὼς
631 602 815 668 καλῶς
849 605 947 675 μὲν
973 598 1093 657 εἷπε
1119 604 1213 657 καλ⁸
1236 605 1629 675 προσηκόντως
1676 606 1901 675 ματαιόο

324 719 461 773 τητα
492 700 599 754 τῶν
628 696 881 768 ἀφρόνων
908 697 999 749 τὸν
1050 695 1267 763 γέλωτα
1288 713 1299 725 ·
1339 698 1637 766 ματαιότης
1681 697 1790 768 γὰρ
1812 697 1902 749 6v-

324 812 432 854 τως
460 785 629 849 ἐστὶν,
660 787 737 851 ώς
781 788 962 857 μάτην
1009 788 1340 857 γενόμενος,
1375 787 1492 841 ἀλλ’
1522 790 1623 841 ούκ
1660 789 1746 840 ἐπ’
1786 788 1905 859 6w.-

327 884 536 953 σιφόρῳ
557 882 664 934 τινὶ
701 880 797 933 καὶ
825 880 1102 933 λυσιτελεῖ
1129 881 1229 951 τὴν
1262 880 1519 952 ήδονικὴν
1541 881 1782 934 διάθεσιν
1802 880 1905 951 τῆς

324 975 500 1045 ψυχῆς
558 971 993 1043 ἐνδεικνύμενος.
1025 973 1091 1025 Τί
1123 974 1325 1046 δήποτε
1368 974 1425 1027 δὲ
1478 976 1607 1046 περὶ
1635 993 1906 1047 συκοφαν-

324 1068 446 1131 τίας
479 1065 703 1137 ἀμέσως
733 1065 1002 1136 διείληφε.
1029 1068 1129 1137 τῆς
1173 1067 1265 1120 τὸν
1302 1067 1467 1137 σοφὸν
1496 1070 1907 1142 περιφερούσης

327 1160 421 1211 καὶ
447 1156 776 1227 διαλυούσης
802 1157 901 1228 τῆς
954 1158 1184 1229 καρδίας
1247 1159 1411 1213 αὑτοῦ
1466 1160 1565 1231 τὴν
1621 1148 1903 1230 εὐτονίαν;

327 1247 493 1312 Ποίας
520 1250 847 1311 ἀκολουθίας
876 1250 1061 1320 ἔχεται
1077 1251 1237 1305 τοῦτο
1265 1254 1405 1323 μετά
1428 1253 1489 1307 τὸ
1520 1254 1707 1323 φάναι,
1744 1274 1762 1305 ι
1796 1256 1905 1310 Καί

325 1359 390 1413 γε
449 1341 607 1395 τοῦτο
664 1342 1001 1412 ματαιότηςς
1041 1362 1059 1395 ι
1098 1344 1233 1415 Περὶ
1280 1344 1375 1397 τοῦ
1410 1346 1673 1413 -γέλωτος
1704 1348 1907 1419 δηλαδὴ

326 1435 436 1488 τῶν
494 1434 766 1504 ἀφρόνων,
804 1433 879 1497 ὡς
930 1434 1303 1506 αἰτιολογικην
1357 1434 1615 1493 ἀπόδοσιν
1670 1439 1909 1508 προϐάλ-

326 1526 519 1580 λεσθαι
547 1526 644 1580 καὶ
670 1527 883 1588 εἰπεῖν,
915 1544 933 1578 ι
976 1526 1101 1579 Ὀτι
1134 1528 1167 1597 ή
1221 1529 1561 1597 συκοφαντία
1621 1531 1908 1603 περιφέρει

332 1617 520 1689 σοφὸν,
550 1619 646 1673 καὶ
672 1619 932 1672 ἀπολλύει
974 1619 1073 1689 τὴν
1117 1619 1352 1690 καρδίαν
1379 1620 1623 1686 εὐτονίας
1659 1624 1844 1678 αὑτοῦ.
1883 1644 1902 1677 ι

330 1711 505 1766 Τοῦτο
530 1712 679 1765 δοκεῖ
711 1728 831 1775 πως
857 1711 1235 1783 ἀσυνάρτητον
1268 1705 1408 1765 εἶναι
1459 1713 1556 1765 καὶ
1587 1714 1777 1787 πόρρω
1806 1715 1908 1786 τῆς

329 1804 656 1867 ἀκολουθίας
684 1803 796 1857 τῶν
846 1803 1177 1875 εἰρημένων.
1227 1803 1689 1875 Ἀποκριθήσεται
1719 1802 1775 1859 δὲ
1809 1809 1908 1877 τῆς

329 1895 590 1967 ἀληθείας
640 1895 799 1965 λόγος
840 1895 937 1948 καὶ
971 1896 1200 1964 φήσειεν
1226 1909 1241 1925 '
1276 1894 1354 1959 ὼς
1383 1898 1438 1949 αἱ
1477 1899 1738 1967 μυστικαὶ
1770 1898 1907 1952 θεω-

335 1989 570 2063 ρίαιτῶν
599 1986 977 2042 θεοπνεύστων
1000 1982 1242 2059 Γραφῶν
1262 1988 1681 2060 μυστικωτέρας
1720 1990 1908 2060 ἔχουσι

331 2083 427 2137 καὶ
443 2082 543 2146 τὰς
559 2081 769 2145 ἑννοίας
786 2080 880 2135 καὶ
900 2081 1000 2144 τὰς
1023 2080 1311 2144 ἀποδόσεις
1332 2082 1439 2135 τῶν
1456 2082 1631 2150 λόγων
1653 2098 1669 2115 ⁸
1701 2084 1797 2137 καὶ
1822 2084 1912 2138 διὰ

330 2174 490 2231 τοῦτο
522 2174 726 2246 μᾶλλον
755 2171 988 2245 εὓρηται
1031 2174 1215 2227 πᾶσαν
1250 2172 1576 2228 ἀκολουθίαν
1602 2173 1664 2227 τὸ
1690 2176 1913 2245 προκεί-

337 2286 505 2340 μενον
536 2264 844 2330 ἀποσῶζον.
871 2263 1056 2317 Εἰπὼν
1084 2264 1216 2337 γὰρ,
1257 2284 1276 2317 ι
1321 2265 1410 2330 Ὦς
1433 2267 1585 2336 φωνὴ
1617 2267 1725 2320 τῶν
1750 2269 1912 2323 ἀκαν-

337 2360 446 2414 θῶν
479 2358 585 2412 ὑπὸ
612 2357 705 2411 τὸν
729 2355 956 2428 λέϐητα,
985 2355 1158 2420 οὕτως
1192 2358 1220 2410 ὁ
1247 2356 1421 2425 γέλως
1467 2356 1578 2410 τῶν
1616 2358 1867 2430 ἀφρόνων
1892 2376 1907 2391 ⁸

337 2451 433 2505 καί
465 2468 529 2520 γε
577 2448 737 2503 τοῦτο
785 2448 1084 2518 ματαιότης
1109 2463 1123 2477 ·
1161 2465 1179 2500 ι
1235 2448 1332 2501 καὶ
1371 2447 1790 2519 διενθυμηθεὶς,
1824 2445 1911 2506 οἵα

339 2543 509 2607 είκδς,
536 2542 611 2605 ὡς
644 2542 695 2594 οί
726 2543 847 2604 ταῖς
875 2539 1247 2605 ἀνθρωπίναις
1290 2540 1603 2612 εύετηρίαις
1648 2543 1743 2595 καὶ
1777 2560 1913 2614 χαρο

342 2636 530 2707 μοναῖς
561 2633 653 2687 καὶ
679 2631 1018 2702 φιληδονίαις
1045 2629 1141 2683 καὶ
1175 2629 1563 2699 γελωτοποιοῖς
1611 2631 1764 2697 θέαις
1818 2634 1911 2687 καὶ

338 2727 548 2797 φωναῖς
579 2724 846 2788 ἑκουσίως
872 2721 1289 2793 ὑπενεχθέντες,
1331 2723 1424 2777 καὶ
1448 2724 1730 2795 μηδεμίαν
1754 2744 1913 2799 φρον-

336 2816 461 2872 τίδα
497 2816 773 2887 τιθέμενοι
804 2814 899 2869 τοῦ
934 2813 1222 2885 μέλλοντος
1249 2815 1468 2880 αἰῶνος,
1511 2816 1913 2885 ἀποϐλέποντες

336 2910 477 2981 πρὸς
508 2910 609 2978 τὴν
636 2908 817 2975 σοφῶν
841 2905 1149 2978 ἀνθρώπων
1183 2908 1523 2962 κατάστασιν
1559 2912 1653 2965 καὶ
1683 2911 1779 2983 τὴν
1805 2914 1912 2968 πά-

338 3018 441 3071 σης
473 2999 764 3063 εὐλαϐείας
803 3000 1112 3068 ἀνάμεστον
1148 2999 1295 3070 ζωὴν
1340 3001 1435 3054 καὶ
1481 3001 1779 3069 πολιτείαν,
1810 3023 1914 3061 κα-

335 3091 641 3160 ταγελῶσιν
698 3089 879 3145 αὐτῶν
902 3090 1002 3161 τῆς
1046 3093 1569 3165 προσεκτικωτέρας
1609 3096 1706 3149 καὶ
1747 3114 1916 3169 νηφα.

2005 606 2186 660 dicat:
2226 604 2392 658 Recte
2437 604 2656 674 quidem
2704 618 2767 657 ac
2825 600 3020 657 merito
3067 596 3236 657 risum
3284 603 3574 659 stultorum

2004 698 2295 769 appellavit
2323 697 2639 750 vanitatem.
2672 694 2766 749 Est
2796 695 2939 749 enim
2963 709 3149 749 revera
3186 696 3417 755 vanitas.
3452 712 3574 752 cum

2007 800 2207 845 temere
2235 797 2527 858 erumpat,
2566 804 2741 857 neque
2776 788 2923 842 illam
2949 788 3115 841 animi
3158 788 3483 858 voluptatem
3522 791 3576 844 in

2006 898 2064 938 re
2102 882 2284 953 aliqua
2329 883 2445 937 utili
2476 878 2912 951 conducibiliun
2946 881 3174 951 positam
3216 883 3483 936 ostendat.
3512 884 3580 936 At

2005 988 2105 1029 cur
2151 973 2241 1028 illa
2285 972 2535 1044 protinus
2586 974 2652 1028 de
2696 972 2967 1027 calumnia
3004 972 3310 1037 subtexuit,
3340 990 3460 1042 qua:
3489 990 3580 1027 sa-

2006 1066 2241 1137 pientem
2265 1064 2603 1125 circumfert.
2622 1074 2677 1121 et
2698 1064 2877 1121 cordis
2899 1062 3017 1136 ejus
3039 1066 3276 1136 vigorem
3303 1064 3585 1120 dissolvit?

2008 1158 2129 1225 Quo
2178 1158 2322 1212 enim
2366 1158 2481 1214 haec
2527 1169 2683 1228 pacto
2729 1158 2797 1213 ab
2837 1158 2903 1214 iis
2950 1160 3219 1229 pendent,
3261 1174 3382 1230 quae
3424 1159 3587 1213 modo

2008 1251 2186 1317 dixit,
2223 1270 2241 1301 ι
2272 1250 2448 1303 Etiam
2486 1250 2592 1303 hoc
2624 1247 2877 1306 vanitas?
2902 1271 2921 1303 ι
2957 1252 3025 1307 de
3068 1254 3183 1307 risu‘
3222 1267 3415 1322 nempe
3445 1252 3579 1307 stul-

2010 1353 2189 1398 torum
2222 1342 2440 1396 locutus
2464 1382 2479 1407 ,
2520 1341 2677 1411 quasi
2724 1356 2945 1395 causam
2997 1343 3322 1399 ell'ectricem
3354 1345 3583 1399 demon-

2009 1445 2186 1492 strare
2234 1434 2398 1501 velit,
2447 1440 2502 1488 et
2548 1434 2707 1487 addat
2748 1451 2762 1487 :
2811 1452 2829 1484 ι
2865 1432 3133 1500 Quoniam
3176 1437 3447 1491 calumnia
3484 1437 3588 1492 cir-

2009 1526 2241 1582 cumfert
2265 1526 2589 1595 sapientem,
2614 1536 2665 1578 ct
2705 1524 2883 1595 perdit
2905 1540 2999 1578 cor
3028 1526 3229 1595 vigoris
3259 1529 3426 1597 ejus.)
3461 1528 3584 1586 Haec

2010 1618 2269 1673 nimirum
2296 1618 2443 1674 haud
2475 1618 2632 1688 172
2655 1632 2899 1671 connexa
2939 1618 3193 1673 videntur
3220 1634 3360 1685 esse,
3392 1632 3440 1674 et
3470 1622 3585 1676 lon-

2011 1729 2077 1784 κο
2108 1713 2175 1767 ab
2207 1713 2274 1767 iis
2304 1712 2475 1777 abire,
2517 1727 2636 1781 quae
2660 1711 2801 1765 dicta
2824 1721 2974 1766 sunt.
3014 1713 3080 1765 At
3101 1728 3422 1781 responsum
3460 1714 3586 1769 huic

2010 1822 2077 1861 ex
2110 1820 2238 1861 vero
2276 1805 2447 1869 dabit,
2479 1805 2573 1873 qui
2597 1804 2763 1867 dicat,
2795 1804 3052 1875 mysticas
3083 1802 3413 1860 Litterarum
3449 1806 3587 1862 divi-

2013 1915 2205 1953 narum
2238 1898 2732 1966 contemplationes
2761 1897 2835 1951 iis
2852 1911 2972 1951 esse
2996 1896 3178 1951 verbis
3205 1897 3437 1963 abditas,
3466 1912 3592 1969 quae

2013 2002 2068 2046 et
2117 1991 2184 2046 ad
2241 1989 2653 2061 intelligendum
2696 1998 2750 2044 et
2794 1988 2863 2043 ad
2910 1989 3372 2060 interpretandum
3422 1993 3588 2063 paulo

2012 2083 2313 2139 dilliciliora
2347 2085 2458 2139 sint
2491 2101 2504 2138 :
2546 2084 2730 2153 itaque
2768 2082 2859 2151 qui
2900 2082 3003 2137 hoc
3044 2083 3287 2149 noverit,
3332 2083 3585 2139 inventu-

2013 2190 2167 2237 rum,
2202 2190 2366 2243 quam
2412 2182 2525 2227 tota
2572 2170 2678 2227 sibi
2718 2171 2984 2227 sententia
3019 2181 3248 2227 constet.
3282 2171 3415 2228 Nam
3459 2192 3584 2231 cum

2013 2266 2089 2320 ait
2123 2283 2137 2320 :
2174 2285 2192 2317 ι
2220 2264 2374 2319 Sicut
2405 2281 2512 2319 vos
2542 2265 2824 2334 spinarum
2858 2264 2959 2319 sub
2991 2264 3127 2329 olla,
3161 2267 3231 2320 ita
3267 2266 3411 2321 risus
3446 2268 3585 2321 stul-

2015 2368 2195 2411 torum
2224 2377 2237 2412 :
2277 2358 2442 2413 etiam
2482 2358 2585 2411 hoc
2615 2358 2829 2411 vanitas
2858 2356 2994 2427 (6‘2),
3035 2377 3054 2409 ι
3098 2358 3228 2412 illud
3260 2374 3496 2431 quoque,
3526 2370 3586 2415 ut

2014 2465 2111 2519 par
2138 2459 2255 2504 erat
2278 2491 2293 2516 ,
2324 2449 2739 2515 animadvertit,
2778 2450 2869 2519 qui
2902 2450 3168 2504 humanas
3197 2453 3588 2523 prusperitates

2014 2539 2397 2609 secundasque
2431 2554 2520 2593 res
2566 2547 2620 2593 et
2658 2537 2901 2606 jucunda
2946 2538 3250 2608 spectacula
3286 2556 3351 2595 ac
3391 2557 3591 2597 suaves

2012 2646 2173 2685 voces
2202 2631 2445 2687 studiose
2484 2640 2896 2697 consectantur,
2930 2646 3031 2686 nee
3066 2630 3230 2685 ullam
3278 2631 3443 2686 futuri
3484 2635 3587 2687 aevi

2013 2740 2201 2779 curam
2227 2724 2554 2794 suscipiunt,
2574 2724 2815 2787 eosdem,
2843 2739 2968 2778 cum
2997 2724 3064 2779 ad
3092 2724 3419 2795 sapientium
3448 2727 3587 2780 viro-

2013 2833 2135 2872 rum
2167 2817 2419 2872 instituta
2465 2817 2653 2872 oculos
2687 2826 3045 2882 convertunt,
3092 2825 3145 2871 et
3192 2817 3356 2872 vitam
3393 2833 3585 2872 eorum

2013 2910 2239 2981 pudoris
2286 2910 2500 2980 plenam
2540 2908 2769 2973 vident,
2815 2908 3063 2965 deridere
3104 2918 3309 2973 tantam
3366 2920 3591 2981 tamque

2015 3004 2313 3073 impensam
2373 3017 2440 3058 ac
2498 3002 2739 3059 sobriam
2790 3002 2961 3056 animi
3023 3003 3476 3072 occupationem,
3530 3012 3589 3059 et

2018 3094 2263 3150 convicia
2304 3095 2357 3148 in
2384 3108 2479 3149 eos
2502 3092 2687 3158 jacere
2721 3093 2871 3147 nullo
2897 3092 3115 3148 ludibrii
3148 3095 3308 3148 modo
3331 3134 3346 3161 ,
3379 3095 3588 3149 calum-

336 3180 612 3252 λεωτέρας
643 3181 740 3233 καὶ
763 3182 1151 3252 πνευματικῆς
1180 3181 1461 3254 διαγωγῆς
1484 3186 1580 3238 καὶ
1598 3185 1907 3259 διατριϐῆς,

2016 3185 2244 3255 niasque
2276 3184 2545 3239 instruere
2569 3199 2633 3240 ac
2660 3183 2839 3245 dolos,
2869 3183 3123 3239 dictitare
3151 3184 3314 3239 etiam
3339 3225 3354 3249 ,
3385 3193 3591 3240 temere

338 3272 585 3343 γέλωτας
616 3272 797 3325 αὐτῶν
822 3271 1184 3342 καταχέοντες
1208 3274 1493 3344 ἀκρατεῖς,
1524 3274 1619 3329 καὶ
1643 3294 1914 3346 συκοφαν-

338 3363 460 3427 τίας
524 3364 878 3432 κατάγοντες,
904 3364 996 3416 καὶ
1056 3362 1316 3428 διαϐολὰς
1367 3365 1785 3437 ραψῳδοῦντες,
1820 3368 1914 3422 καὶ

339 3455 616 3523 λέγοντες,
650 3453 724 3516 ὡς
755 3454 953 3525 Μάτην
970 3454 1041 3508 τὰ
1070 3454 1170 3524 μὲν
1196 3454 1454 3525 ὁρώμενα
1484 3456 1791 3528 παρορῶσι,
1818 3460 1913 3513 καὶ

339 3547 438 3617 τὴν
465 3546 567 3618 ῆδη
601 3545 943 3618 βλεπομένην
980 3546 1124 3619 ζωὴν
1171 3548 1588 3620 παραϐλέπουσι
1610 3566 1625 3581 ·
1655 3550 1764 3604 τῶν
1812 3553 1911 3623 οὐχ

339 3639 634 3709 ὁρωμένων
701 3638 760 3692 δὲ
810 3640 906 3692 καὶ
948 3638 1022 3710 μὴ
1071 3639 1424 3711 βλεπομένων
1470 3640 1788 3711 ἀντέχονται
1822 3642 1909 3696 διὰ

342 3729 600 3795 πίστεως,
630 3729 724 3782 καὶ
748 3728 1109 3801 τληπαθοῦσι,
1134 3731 1228 3785 καὶ
1254 3730 1430 3795 λύπας
1467 3732 1564 3786 καὶ
1589 3732 1797 3804 θλίψεις
1816 3736 1912 3789 καὶ

414 3948 525 4020 (6])
567 3947 659 4004 Sic
688 3948 815 4003 olim
844 3947 1140 4020 Gregorius
1179 3949 1575 4018 Nazianzenus,
1595 3967 1717 4006 cum
1755 3953 1916 4009 Athe-

347 4019 433 4093 nis
464 4016 1035 4093 Julianutrrnovisset,
1061 4028 1265 4093 etcum
1288 4016 1716 4093 eoﬂcongressus
1746 4034 1911 4090 esset,

340 4091 455 4160 jam
483 4100 596 4144 tum
625 4090 758 4144 nihil
784 4090 965 4161 abillo
1006 4091 1133 4145 boni
1170 4091 1476 4159 reipublicze
1500 4090 1664 4147 causa
1684 4108 1913 4161 speran-

344 4162 499 4223 dttm,
528 4162 757 4215 multum
817 4160 943 4234 mali
991 4162 1313 4234 timendum,
1348 4176 1415 4234 ex
1446 4163 1632 4216 habitu
1676 4160 1794 4234 ejus
1815 4179 1915 4234 ras-

342 4242 613 4300 pectuque
666 4230 962 4302 cognovit:
1011 4230 1240 4294 Οὐδενὸς
1298 4232 1427 4302 γὰρ,
1491 4230 1913 4302 inquit,'tc3_6xat

345 4295 469 4385 μοι.
498 4295 924 4385 σημεῖοπιίεξναι
977 4302 1236 4385 χρηστοῦ,
1269 4295 1442 4385 ab)?”
1493 4295 1736 4385 ἀπαγῆς,
1769 4296 1911 4374 ὦμοι

342 4370 670 4443 παλλόμενοι
692 4371 786 4443 καί
801 4370 1256 4443 ἀνασηκούμενοι,
1281 4370 1557 4443 ὀφθαλμὸς
1580 4370 1908 4443 σοϐούμενος

343 4442 440 4513 κα).
462 4441 895 4513 περιφερόμενος
923 4442 1022 4513 ’καὶ
1047 4441 1273 4512 μανικὸν
1309 4441 1545 4513 βλέπων,
1564 4444 1722 4513 πόδες
1741 4441 1910 4497 ἀστα-

340 4509 562 4597 τούντες
607 4509 1214 4597 ⁷καὶ’⁷μετοκλάζοντες,
1254 4509 1472 4582 μυκτὴρ
1523 4512 1680 4597 ὕϐριν
1730 4514 1910 4569 πνέων

2011 3277 2180 3339 abiis,
2211 3291 2332 3346 qua:
2353 3274 2852 3345 apparentnegligi.
2875 3284 2929 3330 et
2947 3290 3111 3345 quam
3137 3284 3402 3345 usurpant
3419 3275 3584 3330 vitam

2010 3368 2284 3425 contemni
2311 3382 2326 3421 :
2366 3383 2488 3438 quae
2514 3382 2642 3424 vero
2689 3382 2797 3422 non
2820 3375 3082 3439 apparent
3114 3382 3214 3422 nec
3248 3376 3584 3437 spectantur,

2007 3478 2070 3517 ea
2099 3461 2204 3518 (ide
2226 3460 2505 3532 praesumi,
2535 3475 2837 3532 eorumque
2861 3475 3027 3516 causa
3067 3474 3430 3515 aerumnosam
3458 3459 3583 3514 duci

2009 3553 2200 3616 vitam,
2229 3560 2283 3606 et
2315 3549 2554 3615 dolores,
2586 3550 2870 3620 angustias
2890 3590 2904 3614 ,
2934 3548 3214 3604 cruciatus
3271 3547 3446 3618 optari
3501 3547 3588 3600 in-

2016 3645 2536 3714 utiles-,strenueque
2548 3642 2798 3714 perferri,
2818 3658 3050 3713 quorum
3082 3641 3215 3696 nihil
3239 3640 3585 3712 profuturum

2016 3735 2085 3791 iis
2114 3735 2222 3803 sit,
2250 3749 2374 3791 cum
2397 3734 2543 3789 nulla
2566 3732 2875 3789 futurorum
2911 3734 3183 3789 bonorum
3208 3772 3225 3799 ,
3256 3746 3379 3803 qua:
3399 3724 3586 3801 spera-

2013 3954 2502 4027 gniﬁcantia,risus
2532 3954 2760 4024 protervi
2799 3964 2847 4006 et
2899 3960 3277 4027 extenuantes,
3328 3961 3497 4027 nutus-
3530 3964 3583 4027 et

2011 4021 2229 4081 renatus
2274 4027 2416 4079 omni
2452 4021 2656 4079 ratione
2687 4033 2942 4085 carentes,
2966 4038 3137 4076 sermo
3191 4021 3393 4075 [uerens
3417 4023 3582 4086 spiri-

2013 4106 2167 4166 tuque
2184 4097 2483 4161 intercisus,
2520 4096 2959 4166 interrogationes
3004 4092 3298 4166 prwcipites
3328 4101 3377 4166 et
3417 4093 3582 4166 impe-

2010 4161 2153 4231 rit'te,
2186 4166 2544 4235 responsiones
2597 4166 2677 4217 his
2708 4161 2873 4217 nihilo
2922 4161 3181 4216 meliores.
3213 4161 3337 4214 alia:
3358 4162 3413 4213 in
3441 4163 3581 4215 alias

2012 4238 2351 4298 insultantes,
2383 4253 2487 4289 non
2518 4245 2693 4288 autent
2714 4240 3318 4304 graves_etconstantes,
3348 4247 3579 4304 neceru-

2011 4308 2225 4362 ditionis
2254 4306 2436 4359 ordine
2455 4300 2863 4375 progredientes.
2887 4302 3028 4368 Quid
3046 4302 3260 4375 singula
3281 4300 3581 4375 describere

2006 4394 2136 4447 opus
2184 4378 2307 4431 est?
2333 4372 2638 4447 talemante
2666 4372 3305 4447 opera_dispcxi_,iquale_m
3332 4373 3574 4447 operibus

2006 4443 2187 4513 postea
2219 4447 2451 4516 cognovi.
2481 4445 2634 4510 Quod
2660 4443 2704 4499 si
2722 4444 3020 4516 quidemet:
3050 4444 3138 4508 iis,
3162 4444 3252 4514 qui
3284 4452 3394 4494 tum
3417 4443 3578 4516 simul

2006 4527 2156 4573 erant
2180 4513 2331 4587 atque
2349 4517 2657 4587 audiebant,
2681 4513 2819 4569 nunc
2847 4515 2977 4587 mihi
2993 4513 3183 4582 prwsto
3215 4522 3405 4587 essent,
3431 4513 3573 4587 haud

341 4585 440 4636 καὶ
494 4581 890 4705 περιφρόνησιν
912 4623 929 4647 ,
972 4581 1264 4651 προσώπου
1318 4581 1689 4653 σχηματισμοὶ
1739 4602 1909 4639 κατα-

341 4653 593 4705 γέλαστοι
639 4669 670 4705 τ
750 4651 883 4703 αὐτὸ
931 4652 1226 4705 φέροντες.
1273 4652 1529 4705 γέλωτες.
1563 4655 1822 4705 ἀκρατεῖς
1850 4671 1909 4705 τε

2014 4605 2150 4658 aegre
2203 4581 2538 4642 testarentur.
2563 4586 2646 4639 Ad
2678 4602 2829 4656 quos,
2858 4594 2913 4639 ut
2943 4581 3052 4638 Itazc
3095 4583 3360 4652 conspexi,
3389 4585 3575 4637 statim

2012 4661 2095 4705 his
2124 4659 2294 4705 verbis
2319 4674 2443 4705 usus
2470 4673 2585 4705 sum
2607 4672 2625 4705 :
2650 4657 2817 4705 ()uale
2838 4654 3194 4705 Romanorum
3220 4670 3298 4705 res
3326 4654 3424 4705 alit
3456 4671 3574 4705 ma-

380 4653 593 4705 έλαστοι
639 4669 670 4705 τ

341 4670 593 4720 γελαστοι
639 4670 703 4705 το
750 4670 883 4703 αυτο
931 4670 1226 4721 φεροντες,
1273 4670 1529 4719 γελωτες,
1563 4670 1822 4726 ακρατεις
1850 4671 1909 4709 τε

340 4725 437 4793 και
476 4720 1166 4793 βρασματώδεις,ᾼνεύσεις
1206 4722 1299 4776 κα)⁸
1335 4723 1652 4787 ἀνανεύσεις
1692 4726 1789 4779 σὺν
1816 4725 1909 4778 ού-

340 4791 453 4845 δενὶ
479 4791 646 4864 λόγῳ
671 4833 686 4857 ,
720 4791 881 4864 λόγος
924 4791 1212 4862 ἱστάμενος
1256 4793 1360 4864 κα).Δ
1381 4794 1716 4864 κοπτόμενος
1746 4795 1911 4849 πνεύ-

346 4878 497 4935 ματι,
519 4861 821 4935 ἐρωτήσεις
851 4861 1206 4935 humanitati.
1258 4861 1533 4935 ἀσύνετοι,
1559 4861 1911 4935 ἀποκρίσεις

343 4930 493 5004 esse»,
522 4930 725 5004 τούτων
747 4932 1027 5004 ἀμείνους,
1053 4932 1312 5004 ἀλλήλαις
1349 4930 1783 5003 ἐπεμϐαίνουσαι
1814 4936 1909 4988 καὶ

342 4999 801 5075 ῳμκῄεύσταθεζς,
839 4999 963 5056 οὐδὲ
1010 4999 1492 5075 τάξει’προῖοῦσαι
1552 5005 1908 5068 παιδεύσεως.

347 5070 412 5146 [Τί
445 5068 512 5122 ἂν
539 5072 606 5146 τά
635 5072 755 5146 καθ’
781 5073 1011 5146 ἕκαστον
1066 5068 1335 5146 γράφοὶμι
1360 5092 1376 5141 ;
1406 5075 1594 5146 τοῦτον
1651 5076 1757 5146 πρὸ
1798 5076 1909 5128 τῶν

344 5139 536 5217 έργωνῌ
552 5140 886 5217 εθεασάμην,
905 5142 971 5217 δν
1000 5139 1369 5217 καῖ’ὲπλλτῶν
1394 5144 1571 5217 ἔργων
1614 5139 1905 5217 ἐγνώρισα.

342 5211 455 5284 καὶ
484 5211 536 5284 εἴ
578 5228 672 5284 μοι
702 5215 954 5284 παρῆσάν
982 5229 1127 5277 τινες
1164 5213 1272 5267 τῶν
1295 5211 1595 5284 τηνικαῦτα
1645 5211 1910 5284 συνόντων

343 5281 438 5358 καὶ
471 5280 932 5358 ἀκουσάντων,-ού
984 5284 1236 5358 χαλεπῶς
1258 5284 1334 5358 Δάν
1350 5280 1779 5358 έμειρτύρησαν.
1801 5280 1908 5358 ᾼρῖς

342 5351 567 5427 ἐπειδὰν
600 5351 775 5427 ταῦτα
816 5350 1351 5427 έθεασάμηνηεύθυς
1387 5350 1760 5427 ἐφθεγξάμην,
1784 5350 1909 5410 Οἶον

340 5422 573 5499 κακδνλή
617 5420 905 5499 ’.Ρωμαίων
953 5420 1180 5499 τρέφέιί
1210 5426 1325 5499 ,καὶ
1354 5420 1771 5499 πρξιαγορεύσας
1815 5428 1910 5480 καὶ

338 5491 593 5566 γενέσθαι
610 5492 973 5566 ψευδόμαντις
993 5491 1237 5566 ίὲμαυτοῦ
1255 5491 1675 5566 κατευξάμενος.
1709 5498 1765 5551 Id
1788 5507 1906 5561 est:

345 5559 529 5631 Neque
558 5559 699 5636 enim
733 5559 864 5636 mihi
886 5565 1007 5616 boni
1028 5559 1315 5636 quidquam
1335 5559 1646 5636 significare
1659 5560 1910 5621 videban-

343 5644 431 5686 tur
452 5635 636 5708 cervix
666 5634 888 5708 minime
916 5636 1097 5703 firma,
1129 5635 1335 5708 humeri
1366 5634 1559 5706 agitati
1584 5638 1904 5708 sublatique,

338 5706 522 5757 oculus
548 5721 707 5777 vagus
758 5714 808 5777 et
837 5705 1089 5777 oberrans
1136 5722 1197 5757 ac
1233 5705 1495 5777 furiosum
1522 5709 1775 5777 quiddam
1798 5705 1906 5761 ⁷1η-

340 5785 512 5837 tuens,
570 5775 723 5843 pedes
773 5774 1049 5829 instabiles
1095 5782 1145 5828 et
1202 5774 1506 5839 titubantes,
1535 5774 1697 5832 nasus
1723 5788 1908 5831 conta-

340 5845 548 5898 oneliam
583 5848 814 5915 spirans,
853 5847 1023 5901 vultus
1060 5845 1377 5899 lineamenta
1428 5848 1650 5901 ridicula
1676 5849 1809 5902 idem
1834 5850 1907 5901 si-

750 4651 883 4726 αύτὸ
931 4652 1189 4726 φέροντες
1211 4693 1226 4718 ,
1273 4651 1529 4726 γέλωτες,
1563 4655 1822 4726 ἀκρατεῖς
1850 4671 1909 4726 τε

2012 4651 2095 4714 Itis
2124 4659 2294 4713 verbis
2319 4674 2443 4711 usus
2470 4673 2585 4710 sunt
2607 4672 2625 4709 :

2650 4654 2817 4722 Quale
2838 4654 3194 4709 Romanorum
3220 4670 3298 4707 res
3326 4654 3424 4706 alit
3456 4671 3574 4721 mag-

2010 4729 2163 4782 lum!
2200 4730 2454 4798 praefatus
2489 4727 2626 4788 licet,
2665 4743 2728 4780 ac
2759 4725 2985 4789 mihi,ut
3000 4724 3182 4798 falsus
3208 4741 3372 4779 essent
3406 4734 3574 4790 vates,

2010 4796 2348 4868 imprecatus.
2393 4799 2567 4869 (Orat.
2608 4808 2803 4869 quarta
2842 4798 2966 4869 adv.
2993 4796 3225 4869 Julian.)

2081 4865 2193 4945 (οἳ)
2234 4869 2350 4945 Non
2388 4865 2719 4945 multumjab
2744 4868 2830 4923 his
2860 4866 2994 4945 abiit
3022 4866 3271 4945 Amarna,
3316 4880 3441 4919 cum
3483 4865 3573 4945 illa

2010 4936 2252 4995 adhunc
2281 4940 2459 4994 locum
2496 4937 2748 5007 ascripsit
2777 4955 2791 4992 :
2829 4955 2846 4989 ι
2884 4936 3008 4991 Haec
3042 4939 3253 4991 videtur
3278 4950 3399 5007 esse
3434 4939 3577 4992 ratio

2010 5012 2368 5066 connexionis
2395 5027 2409 5063 :
2440 5009 2577 5075 Quia
2630 5005 2699 5062 de
2719 5008 2904 5064 stultis
2938 5008 3167 5071 dixerat,
3201 5005 3450 5061 vitandas
3480 5021 3576 5058 eo-

2010 5096 2134 5135 rum
2189 5081 2481 5135 blanditias
2511 5089 2565 5133 et
2596 5078 2950 5148 quantumvis
2997 5092 3272 5131 amoenum
3312 5086 3365 5129 et
3410 5091 3577 5148 suave

2007 5153 2133 5206 vita:
2158 5150 2507 5222 genus,quod
2539 5145 2663 5222 cuin
2690 5149 2918 5202 aliorunt
2955 5149 3308 5217 oppressione
3338 5145 3574 5222 conjun-

2010 5218 2184 5277 ctum'
2206 5231 2310 5283 est,
2344 5218 2557 5276 subdit:
2591 5219 2879 5287 PrOpterca
2935 5228 2985 5273 te
3023 5224 3182 5287 plane
3226 5232 3254 5269 a
3293 5224 3407 5287 toto
3452 5218 3577 5287 vine

2010 5308 2207 5363 genere
2271 5293 2559 5347 stultorum
2612 5286 2922 5342 revocatum
2956 5286 3297 5363 velim,q_uia
3354 5286 3399 5339 si
3453 5286 3574 5340 illos

2010 5359 2314 5429 sectabere,
2355 5363 2577 5429 iniquus
2634 5367 2895 5428 quaestus,
2934 5374 3096 5428 quem
3145 5359 3218 5412 illi
3271 5366 3573 5429 sectantur,

2009 5445 2070 5488 ut
2099 5426 2362 5501 placidius
2415 5426 2835 5494 vivant,_ctiatn
2868 5426 3457 5501 sapientempinsanum
3497 5426 3578 5478 ef-

2010 5496 2177 5565 ﬁciet,
2202 5511 2257 5557 et
2285 5501 2610 5571 corruptela,
2637 5510 2872 5555 mentem
2906 5496 3111 5570 perdet.
3143 5499 3235 5553 Sic
3270 5496 3571 5571 Mereor-usi

2009 5572 2293 5629 Kimcbius
2336 5583 2388 5627 et
2434 5568 2526 5625 alii
2556 5571 2733 5625 aliter.
2788 5568 2920 5624 Vide
2951 5572 3272 5625 Mercerum.
3310 5568 3449 5622 Sunt
3480 5569 3572 5637 qui

2010 5654 2062 5703 ν)
2090 5660 2181 5712 per
2200 5660 2347 5706 sane,
2377 5652 2534 5705 certe,
2568 5640 2830 5705 reddunt,
2853 5650 2906 5695 et
2930 5641 3132 5712 nullam
3176 5642 3262 5712 hic
3290 5653 3412 5712 esse
3439 5652 3575 5694 00n-

2010 5706 2297 5770 neiionem
2325 5714 2537 5775 volunt,
2576 5721 2638 5768 ut
2676 5712 2814 5767 solet
2850 5712 2962 5767 lieri
2995 5711 3113 5767 istis
3136 5710 3292 5779 locis,
3317 5706 3410 5765 ubi
3450 5722 3577 5764 sen-

2010 5787 2188 5843 tentiae
2209 5794 2264 5841 et
2296 5783 2582 5855 proverbia
2611 5792 3003 5853 congeruntur.
3053 5800 3072 5834 ι
