4114 6498
597 392 702 457 939

1706 392 1768 452 S.
1812 392 2192 454 GREGORII
2234 395 2579 459 AGRIGEN
2590 397 2759 463 TINI

3750 384 3909 476 meo

594 521 821 577 verant,
854 510 1078 582 przemia
1110 510 1387 566 inventuri
1420 508 1550 566 sint.
1589 509 1884 566 Enimvero
1909 512 2039 565 dum
2072 513 2172 568 hiet

2289 514 2673 580 κακοπάθείας
2704 518 3008 603 ἀνονήτους
3065 522 3463 595 ἀνθαιροῦνται
3508 528 3605 584 καὶ
3652 529 3904 603 φέρουσι

597 605 918 675 insipientes
944 602 1214 672 garriunt,
1258 617 1402 672 saepe
1429 602 1521 672 qui
1549 603 1773 673 sapiens
1803 618 1927 658 esse
1950 604 2189 673 videtur,

595 713 720 754 cum
756 713 818 751 ea
850 697 1043 751 crebro
1075 704 1447 767 perpetuoque
1477 697 1686 761 audiat,
1728 695 2036 764 desliondet
2066 697 2187 751 ani-

596 804 771 852 mum,
799 796 963 857 atque
994 786 1049 841 in
1078 786 1296 843 virtutis
1324 788 1509 842 studio
1537 796 1591 843 et
1611 796 1760 843 recte
1792 785 1953 843 factis
1978 786 2189 841 virilem

594 882 963 938 constantiam
1006 896 1077 935 ac-
1119 881 1293 935 rohur
1339 881 1597 947 remittit;
1652 890 1915 951 tanquam
1971 878 2066 950 qui
2120 879 2191 934 ob

595 976 887 1031 stultorum
915 974 1279 1029 contumelias
1304 974 1455 1044 gravi
1484 973 1717 1028 nimium
1746 972 1971 1028 tristitia
2001 987 2067 1027 ac
2089 971 2191 1026 do—

595 1068 716 1124 lore
748 1084 1045 1140 oppressus
1083 1067 1274 1122 fuerit.

2289 605 2581 670 γενναίως,
2637 607 2698 672 ἐξ
2751 602 2826 662 ὦν
2882 610 3039 663 οὐδὲν
3088 610 3564 685 ὠφεληθήσονται,
3608 602 3902 692 μηδεμία-ι

2288 694 2399 747 τῶν
2439 695 2819 767 ἐλπιζομένων
2853 700 3039 764 αὐτοῖς
3089 702 3395 773 μελλόντων
3445 706 3674 775 ἀγαθῶν
3713 714 3901 783 εὑρή-

2289 803 2479 851 σοντες
2506 786 2770 860 ἀμοιδήν.
2793 792 2991 845 ’Ταῦτα
3018 794 3076 846 δὲ
3103 794 3375 864 λεγόντων
3407 797 3517 851 τῶν
3543 800 3826 870 ἀφρόνων,
3855 806 3891 857 ὀ

2290 879 2457 948 σοφὸς
2486 876 2631 935 εἶναι
2659 882 2859 947 δοκῶν,
2895 886 3115 941 ἀκούων
3149 888 3576 961 ἀλλεπαλλήλως
3604 896 3699 947 καὶ
3749 913 3893 948 συν-

2289 972 2457 1044 εχῶς,
2485 975 2691 1046 πάσχει
2737 978 3001 1043 πολλάκις
3037 982 3265 1049 ἀγεννὲς
3286 983 3480 1048 πάθος,
3518 986 3614 1039 καὶ
3653 987 3755 1057 τῆς
3782 990 3897 1061 ἀῤ-

2287 1065 2539 1137 ρενωποῦ
2566 1070 2807 1141 καρδίας
2856 1073 2959 1143 τὴν
3014 1077 3304 1129 συντονίαν
3340 1079 3439 1148 τὴν
3473 1080 3568 1132 ἐπὶ
3599 1082 3711 1144 τοῖς
3737 1082 3891 1149 ἀγα-

597 1160 712 1222 θοῖς
746 1162 838 1213 καὶ
862 1158 1179 1222 σπουδαίοις
1210 1159 1396 1230 ἔργοις
1420 1156 1756 1228 καθυφίησιν
1781 1174 1795 1188 ·
1843 1151 1935 1211 οἷα
2023 1155 2091 1228 δὴ
2131 1154 2449 1228 πληρωθεὶς
2505 1161 2809 1233 ἀχθηδόνος
2878 1165 2975 1218 καὶ
3023 1165 3203 1239 λύπης
3238 1168 3331 1221 ἐπὶ
3365 1168 3445 1240 τῷ
3484 1170 3596 1223 τῶν
3624 1172 3891 1243 ἀξρὸνων

592 1255 911 1310 ὀνειδισμῶ.

666 1275 796 1310 ειοισ
895 1295 911 1310 .

666 1275 1006 1407 Ηίηρμῖηἰῐη
1049 1367 1172 1406 cum
1214 1348 1420 1403 Davide
1461 1349 1727 1419 propheta
1775 1346 1829 1403 in
1876 1364 1974 1405 eos
2018 1349 2184 1403 etiam

595 1454 822 1514 questus
850 1442 1197 1513 prorumpit:
1235 1460 1253 1491 ι
1288 1440 1427 1495 Ecce
1463 1441 1553 1495 isti
1590 1451 1903 1511 peccatores
1928 1453 1983 1497 et
2011 1443 2183 1497 abun-

595 1536 787 1591 dantes
812 1536 866 1589 in
899 1534 1156 1586 saeculum
1197 1532 1554 1586 obtinuerunt
1584 1534 1802 1590 divitias
1827 1535 1894 1599 ⁸⁷,
1933 1556 1951 1587 ι
1984 1534 2047 1589 Et
2073 1535 2177 1589 ite-

596 1643 717 1693 rum
748 1644 759 1678 :
790 1645 807 1676 ι
831 1625 929 1677 Mei
956 1635 1137 1679 autem
1167 1640 1302 1694 pene
1330 1626 1461 1679 moti
1494 1635 1625 1679 sunt
1654 1627 1839 1696 pedes,
1867 1643 2005 1697 pene
2023 1628 2183 1683 eﬂ‘usi

595 1727 724 1771 sunt
762 1730 983 1785 gressus
1025 1716 1171 1780 mei;
1221 1716 1350 1786 quia
1405 1717 1574 1771 zelavi
1627 1733 1794 1787 super
1832 1729 2179 1789 peccatores,

593 1824 783 1879 pacem
808 1817 1154 1877 peccatorum
1179 1808 1368 1862 videns
1390 1806 1455 1862 ⁸⁵⁸.
1483 1828 1501 1860 ι
1528 1809 1606 1863 Ac
1631 1826 1851 1864 rursum
1878 1830 1890 1864 :
1921 1831 1937 1862 ι
1967 1809 2177 1882 Usque-

594 1914 703 1967 quo
734 1895 891 1966 173
922 1904 1259 1965 peccatores.
1283 1896 1532 1958 Domine.
1556 1914 1842 1970 usquequo
1864 1911 2184 1969 peccatores

592 1987 1011 2057 gloriabuntur:
1047 1986 1357 2041 eﬂ‘abuntur
1387 1998 1440 2042 et
1470 1989 1766 2059 loquentur
1794 1991 2170 2061 iniquitatem,

591 2076 885 2147 loquentur
928 2092 1155 2140 omnes,
1195 2080 1289 2148 qui
1336 2091 1631 2150 operantur
1676 2082 2003 2152 injustitiam
2033 2084 2118 2138 l'9?
2158 2104 2176 2136 ι

590 2171 772 2237 Atque
798 2169 964 2222 etiam
1001 2184 1124 2223 cum
1157 2169 1391 2226 Jeremia
1424 2189 1437 2225 :
1485 2190 1504 2223 ι
1535 2172 1718 2238 Quare
1745 2175 1833 2228 via
1878 2176 2172 2245 impiorum

584 2272 945 2335 prosperatur
970 2260 1014 2292 ⁸⁰
1040 2262 1063 2315 ?
1096 2281 1114 2313 ι
1142 2272 1195 2317 et
1220 2280 1344 2318 cum
1376 2265 1577 2320 athleta
1619 2265 1711 2320 illo
1755 2267 1973 2337 pietatis
1994 2269 2135 2325 Jobo
2164 2297 2177 2334 ε

595 2372 616 2405 ι
649 2352 883 2408 Gemens
899 2352 1167 2407 dimittam
1189 2355 1474 2410 adVersum
1499 2371 1624 2411 eum
1654 2357 1934 2428 eloquium
1964 2377 2168 2428 meum,

592 2446 791 2517 loquar
837 2446 889 2499 in
920 2446 1287 2500 amaritudine
1313 2449 1512 2503 animae
1551 2465 1721 2513 mete,
1762 2461 1817 2505 et
1855 2453 2034 2508 dicam
2074 2453 2180 2508 Do-

581 2537 763 2602 ‘inino,
793 2536 869 2592 Ne
898 2553 984 2593 me
1014 2538 1241 2607 impium
1266 2554 1386 2593 esse
1420 2541 1651 2606 doceas;
1687 2551 1743 2598 et
1782 2559 1950 2615 quare
1980 2562 2067 2600 me
2097 2548 2179 2602 sic

589 2629 895 2700 judirasti?
928 2646 994 2684 an
1030 2631 1232 2684 bonum
1265 2639 1349 2684 est
1378 2632 1497 2699 tibi,
1536 2634 1582 2687 si
1607 2633 1796 2705 inique
1826 2651 2023 2706 egero,
2046 2640 2176 2708 quia

596 2722 895 2792 repudiasti
924 2739 1088 2792 opera
1121 2740 1380 2778 manuum
1409 2741 1655 2781 mearum
1677 2767 1692 2792 ,
1717 2739 1772 2783 et
1793 2728 1859 2783 ad
1882 2731 2173 2787 consilium

594 2814 885 2882 impiorum
917 2814 1386 2870 animadvertisti?
1426 2833 1556 2872 num
1594 2826 1656 2873 ut
1699 2819 1866 2876 homo
1896 2822 2080 2891 videt,
2116 2834 2174 2880 tu

588 2910 875 2981 despectas
905 2908 1052 2980 (65)?
1086 2930 1105 2962 ι

576 2996 577 2999 “
659 3002 985 3073 Hujusmodi
1054 3019 1185 3075 ergo
1245 3004 1299 3058 in
1365 3021 1651 3063 sermones
1710 3009 1957 3079 sapiente
2006 3011 2169 3066 etiam

2359 1346 2585 1417 Πρόεισι
2637 1347 2747 1416 γὰρ
2808 1348 3063 1404 ἐντεῦθεν
3108 1354 3203 1406 καὶ
3232 1354 3312 1418 είς
3372 1355 3433 1408 τὸ
3463 1356 3697 1425 φάσκειν
3736 1358 3893 1429 μετὰ

2285 1436 2380 1491 τοῦ
2414 1440 2702 1510 προφήτου
2754 1441 2920 1494 Δαϐίδ
2945 1458 2958 1471 ·
2986 1462 3005 1495 ι
3056 1444 3189 1498 Ἰδοὺ
3240 1440 3388 1501 οὗτοι
3434 1450 3761 1519 ἁμαρτωλοὶ
3785 1451 3892 1506 καὶ

2285 1529 2648 1597 εὐθηνοῦντες
2681 1535 2762 1596 είς
2815 1533 2907 1587 τὸν
2950 1535 3151 1601 αίῶνα,
3206 1538 3475 1610 κατέσχον
3533 1541 3810 1596 πλούτου·
3858 1562 3882 1595 ι

2284 1622 2380 1675 καὶ
2412 1623 2597 1686 πάλιν,
2648 1642 2666 1674 ι
2717 1624 2885 1694 Ἐμοῦ
2915 1625 2973 1679 δὲ
3025 1627 3176 1698 παρά
3237 1632 3435 1702 μικρὸν
3497 1631 3889 1705 ἐσαλεύθησαν

2282 1715 2334 1767 οἱ
2384 1715 2583 1776 πόδεςο
2615 1718 2747 1787 παρ’
2783 1717 2967 1786 ὀλίγον
3015 1719 3357 1793 ἐξεχύθησαν
3432 1724 3503 1777 τὰ
3554 1725 3890 1797 διαϐήματά

2290 1825 2394 1878 μου
2417 1826 2430 1839 ·
2466 1810 2547 1862 ὅτι
2580 1809 2835 1880 ἐζήλωσα
2878 1812 2974 1866 ἐπὶ
3019 1817 3134 1877 τοῖς
3163 1817 3386 1887 ἀνόμοις
3432 1822 3657 1894 εἰρήνην
3692 1824 3885 1896 ἀμαρ-

2285 1900 2474 1953 τωλῶν
2502 1902 2746 1973 θεωρῶν.
2789 1922 2809 1956 ›
2840 1905 2953 1960 Καὶ
2981 1907 3167 1975 πάλιν,
3204 1930 3223 1960 ι
3263 1910 3409 1976 Ἕως
3440 1914 3571 1967 πότε
3604 1916 3884 1986 ἀμαρτω-

2284 1991 2389 2057 λοὶ,
2416 1993 2613 2065 Κύριε,
2638 1995 2743 2059 ἕως
2769 1997 2894 2051 πότε
2916 2000 3236 2072 ἁμαρτωλοὶ
3268 2007 3639 2079 καυχήσονται
3668 2027 3682 2041 ο
3707 2011 3889 2082 φθέγ-

2287 2085 2468 2151 ξονται
2498 2088 2593 2141 καὶ
2638 2087 2973 2162 λαλήσουσιν
3023 2095 3244 2151 ἀδικίαν
3268 2116 3283 2130 ·
3320 2098 3621 2173 λαλήσουσι
3670 2106 3887 2169 πάντες

2282 2180 2333 2230 οί
2364 2178 2727 2250 ἐργαζόμενοι
2755 2183 2856 2253 τὴν
2887 2185 3124 2257 ἀνομίαν
3152 2206 3167 2254 ;
3195 2209 3213 2242 ι
3248 2192 3361 2246 Καὶ
3392 2194 3578 2264 μέντοι
3603 2198 3697 2251 καὶ
3730 2200 3883 2269 μετὰ

2282 2270 2376 2323 τοῦ
2406 2271 2673 2343 Ἰερεμίου
2701 2288 2715 2304 ο
2757 2292 2774 2324 ι
2802 2276 2867 2327 Τί
2891 2276 2973 2329 ὅτι
2999 2279 3117 2343 ὁδὸς
3140 2281 3356 2337 ἀσεϐῶν
3380 2286 3697 2354 εύοδοῦταις
3731 2309 3751 2341 ι
3777 2292 3880 2345 καὶ

2282 2363 2446 2418 πάλιν
2480 2365 2621 2435 μετά
2650 2366 2745 2419 τοῦ
2770 2368 3010 2439 ἀθλητοῦ
3042 2374 3143 2442 τῆς
3169 2375 3454 2444 εὐσεϐείας
3487 2381 3609 2435 ἰὡδ
3632 2399 3646 2413 ο
3678 2401 3697 2434 ι
3742 2386 3881 2437 Στέ-

2281 2472 2388 2511 νων
2410 2458 2610 2528 ἀφήσω
2644 2458 2729 2510 ἐπ’
2765 2461 2929 2514 αὑτὸν
2980 2464 3047 2518 τὰ
3105 2466 3332 2537 ῥήματά
3372 2487 3475 2541 μου
3500 2490 3512 2503 ·
3546 2474 3770 2546 λαλήσω
3810 2477 3875 2531 δὲ

2280 2548 2479 2620 πικρίᾳ
2502 2550 2684 2621 ψυχῆς
2719 2553 3107 2625 συνεχόμενος,
3144 2561 3239 2613 καὶ
3271 2560 3383 2633 ἐρῶ
3428 2563 3567 2636 πρὸς
3616 2567 3822 2639 Κύριον
3850 2586 3869 2601 ⁸

2278 2640 2371 2712 Μή
2406 2660 2475 2713 με
2500 2644 2720 2698 ἀσεϐεῖν
2752 2644 2975 2701 δίδασκε
2998 2667 3013 2681 ο
3048 2652 3143 2705 καλ⁵
3174 2653 3264 2708 διὰ
3302 2655 3357 2709 τί
3396 2675 3463 2728 με
3508 2659 3683 2726 οὕτως
3712 2665 3873 2736 ἔκρι-

2277 2750 2373 2798 νας
2405 2751 2419 2799 ;
2457 2735 2489 2807 ἢ
2528 2734 2692 2791 καλόν
2730 2756 2835 2804 σοι,
2868 2740 2965 2796 ἐὰν
3010 2744 3277 2816 ἀδικήσω,
3327 2749 3409 2804 ὅτι
3450 2752 3692 2818 ἀπεῖπας
3724 2734 3867 2829 ἔργα

2276 2826 2480 2896 χειρῶν
2518 2846 2644 2899 μου,
2681 2829 2848 2903 βουλῇ
2889 2832 2948 2886 δὲ
2976 2837 3191 2891 ὰσεόῶν
3225 2842 3532 2914 προσέσχες
3564 2846 3637 2919 ;ῆ
3671 2826 3867 2923 ῶσπερ

2275 2917 2303 2970 ό
2339 2917 2531 2988 βροτὸς
2558 2924 2682 2994 ὁρᾷ,
2724 2926 3010 2998 καθορᾷς;
3052 2948 3071 2981 ι

2345 3012 2491 3083 Πρὸς
2523 3016 2651 3080 τοὺς
2685 3018 2969 3085 τοιούτους
2998 3018 3093 3076 οὗν
3121 3023 3314 3093 λόγους
3344 3027 3742 3102 ὑπενεχθέντος
3765 3038 3865 3092 καὶ

585 3098 841 3168 prolapso
875 3097 946 3152 ob
975 3098 1273 3154 instructas
1318 3100 1423 3154 sibi
1466 3117 1497 3156 a
1536 3100 1722 3157 stultis
1767 3102 2071 3159 calumnias
2116 3116 2170 3160 et

2272 3103 2366 3156 τοῦ
2399 3105 2566 3175 σοφοῦ
2593 3107 2681 3162 διὰ
2709 3110 2807 3182 τὴν
2837 3112 2947 3165 τῶν
2978 3115 3229 3185 ἀφρόνων
3252 3097 3555 3195 γενομένην
3590 3129 3670 3192 εἰς
3695 3130 3864 3186 αὐτὸν

590 3199 882 3260 perpetuas
910 3191 1225 3245 eorumdem
1274 3192 1694 3250 obtrectationes
1741 3204 1797 3250 et
1834 3197 2078 3251 convicia
2116 3207 2172 3254 et

2274 3197 2646 3267 συκοφαντίαν
2676 3204 2769 3256 καὶ
2799 3202 3055 3279 διαϐολὴν
3087 3212 3313 3283 συνεχῆ,
3350 3191 3446 3270 καὶ
3483 3191 3575 3271 τὸν
3620 3223 3861 3291 καταγὲ-

593 3282 855 3347 ludibria;
883 3298 1006 3336 cum
1048 3283 1135 3336 ille
1167 3283 1397 3338 subinde
1427 3285 1495 3338 ad
1535 3300 1595 3340 se
1624 3285 1734 3339 cito
1766 3288 1970 3353 redeat,
1995 3296 2049 3342 et
2079 3305 2171 3345 su-

2272 3283 2417 3339 λωτα
2471 3288 2565 3340 καὶ
2609 3289 2708 3361 τὴν
2763 3296 3093 3365 παροινίαν⁶
3129 3296 3253 3355 εἶτα
3293 3303 3457 3358 πάλιν
3488 3305 3685 3362 θᾶττον
3720 3313 3863 3385 πρὸς

588 3372 1032 3442 pervenientibus
1063 3372 1163 3440 ipsi
1192 3370 1387 3433 facile.
1438 3382 1498 3426 ut
1540 3375 1781 3429 humana
1819 3376 2169 3435 imbecillitas

2272 3376 2465 3431 ἑαυτὸν
2493 3382 2832 3449 ἐπανιόντος,
2863 3387 2960 3440 καὶ⁸
2990 3389 3103 3445 τῶν
3129 3393 3266 3463 πρὸς
3298 3396 3498 3470 μιικρὸν
3520 3370 3861 3457 ἐπανελθου;

588 3464 728 3529 fert,
761 3464 1222 3534 cogitationibus,
1253 3479 1375 3534 qua:
1404 3464 1583 3519 virum
1613 3482 1721 3521 non
1748 3467 2012 3537 deceant,
2047 3472 2170 3525 ani-

2273 3467 2382 3522 σῶν
2418 3472 2569 3545 αὐτῷ
2604 3473 2679 3546 μὴ
2712 3482 3113 3549 προσηκουσῶν
3168 3464 3524 3561 ἐνθυμήσεων
3557 3494 3615 3558 ἐξ
3640 3496 3860 3568 ἀνθρω-

585 3571 737 3612 mum
770 3556 897 3611 item
934 3572 997 3612 ac
1025 3557 1265 3628 linguam
1314 3559 1381 3613 ad
1414 3561 1714 3631 gratiarum
1746 3564 2013 3619 actionem
2046 3582 2169 3622 rur-

584 3662 707 3703 sum
738 3657 1048 3715 convertat,
1081 3659 1245 3718 atque
1287 3651 1354 3704 ad
1382 3650 1598 3707 laudem
1628 3655 1820 3723 optimi
1859 3657 2167 3716 Conditoris

584 3738 759 3793 nostri
785 3736 879 3792 Dei
906 3754 969 3793 ac
998 3739 1232 3805 Domini,
1255 3741 1348 3812 qui
1375 3745 1561 3798 omnia
1584 3745 1848 3803 divinitus
1876 3750 2185 3817 ponderat,‘.-

582 3839 640 3884 et
658 3830 805 3900 justa
842 3830 997 3887 lance
1030 3832 1313 3887 hominum
1352 3850 1440 3891 res
1472 3835 1913 3905 admininistrat,
1950 3824 2185 3912 sapienJ

582 3930 669 3977 ter
693 3923 918 3977 omnino
950 3933 1113 3994 atque
1142 3926 1378 3995 utiliter;
1412 3928 1616 3985 idcirco
1638 3931 1858 4002 sapiens
1891 3931 2181 3992 Ecclesia?

580 4022 666 4070 tes
691 4014 922 4085 subjecit
950 4016 1203 4087 protinus
1228 4035 1245 4075 :

2269 3561 2437 3633 πίνης
2477 3566 2877 3639 μικροψυχίας,
2923 3573 3020 3627 καὶ
3050 3576 3214 3630 πάλιν
3244 3582 3385 3650 πρὸς
3409 3561 3860 3655 εὐχάριστον-ατ-

2268 3671 2419 3708 νεσιν
2449 3656 2549 3709 καὶ
2575 3656 2889 3728 δοξολογίαν
2916 3663 3011 3718 καὶ
3037 3665 3136 3738 τήν
3158 3670 3392 3741 καρδίαν
3414 3674 3514 3727 καὶ
3541 3675 3646 3746 τὴν
3675 3677 3861 3746 γλῶτ-

2259 3763 2360 3800 ταν
2390 3749 2715 3819 κινήσαντος
2742 3753 2840 3825 τὴν
2872 3756 3009 3827 πρὸς
3038 3758 3130 3812 τὸν
3166 3762 3372 3831 ἀγαθὸν
3418 3767 3580 3837 ὴμῶν
3612 3770 3856 3845 [Ιοιητὴν

2260 3840 2354 3892 καὶ
2408 3840 2544 3893 Θεὸν
2597 3844 2692 3897 καὶ
2735 3846 3042 3921 Δεσπότην,
3072 3852 3136 3905 τὸ
3166 3854 3236 3907 τὰ
3283 3858 3465 3912 πάντα
3522 3840 3848 3941 θεοπρεπιῖιί.⁸

2241 3930 2681 4003 ρταλαντεύοντα,
2713 3939 2807 3992 καὶ
2864 3941 3052 4015 δικαίᾳ
3089 3948 3335 4022 τρυτάνῃ
3393 3950 3463 4004 τά
3522 3930 3849 4027 ἀνθρώπινα

2265 4025 2561 4095 πανσόςεως
2634 4030 2943 4088 διοικοῦντα
2998 4037 3093 4090 καὶ
3147 4042 3584 4114 συμφερόντωςο
3616 4048 3844 4118 ἀμέσως

2257 4114 2541 4187 ἐπήγαγεν
2569 4121 2598 4173 ό
2630 4122 2795 4190 σοφὸς
2836 4124 3274 4201 Ἐκκλησιαστής
3294 4149 3310 4165 ο

2159 4249 2275 4323 gx.

653 4348 821 4412 Vens.
854 4356 907 4412 9.
949 4357 1157 4415 Bonum
1187 4372 1265 4418 est
1296 4363 1636 4421 novissimum
1665 4381 1967 4425 sermonum
1995 4389 2154 4444 super

2340 4379 2547 4451 Ἀγαθὴ
2576 4382 2807 4455 ἐσχάτη
2832 4387 3035 4459 λόγων
3056 4390 3207 4462 ὑπὲρ
3226 4394 3426 4466 ἀρχὴν
3446 4400 3657 4457 αὐτοῦ.

576 4448 901 4517 principium
933 4448 1072 4520 ejus.

652 4533 977 4604 Sermones,
1024 4542 1120 4612 qui
1150 4544 1388 4613 primum
1420 4562 1485 4602 ex
1523 4548 1757 4605 humana
1796 4553 2110 4612 inﬁrmitate
2134 4596 2150 4624 ,

580 4634 747 4696 atque
776 4628 829 4681 in
863 4629 979 4699 ipsa
1011 4635 1211 4689 mentis
1242 4639 1650 4706 perturbatione
1682 4643 1942 4701 adversus
1965 4646 2151 4715 ,Deum

578 4732 897 4786 supremum
929 4723 1124 4791 prolati
1148 4740 1297 4793 sunt,
1327 4738 1385 4783 ut
1408 4741 1465 4785 ut
1492 4746 1522 4785 a
1552 4748 1710 4790 servo
1734 4737 2035 4806 prodierint
2063 4741 2151 4811 pio

573 4818 742 4880 atque
777 4810 1060 4880 benevolo,
1098 4833 1162 4872 ac
1189 4818 1401 4875 Domini
1427 4833 1635 4879 tantum
1668 4841 1866 4884 causas
1898 4831 2152 4899 ignoran-

572 4906 662 4965 te,
710 4900 753 4954 si
792 4916 914 4956 cum
958 4919 1023 4959 eo
1057 4922 1310 4965 sermone
1355 4927 1669 4983 compares,
1705 4918 1798 4987 qui
1835 4933 1866 4973 a
1910 4923 2152 4991 sapiente

573 4991 781 5047 scilicet
820 4995 924 5050 sub
953 4996 1116 5053 linem
1148 5008 1532 5071 pronuntiatus
1562 5020 1666 5077 est,
1694 5014 1899 5084 quique
1931 5016 2147 5072 laudem

570 5085 818 5141 continet
857 5099 911 5143 et
944 5093 1242 5159 gratiarum
1282 5100 1551 5156 actionem
1595 5102 1663 5158 de
1696 5105 1981 5171 omnibus,
2029 5123 2151 5177 quae

568 5189 669 5247 per
690 5178 879 5234 orbcm
912 5184 1386 5257 administrantur,
1414 5192 1503 5248 hic
1532 5195 1721 5265 utique
1750 5199 1925 5253 multo
1954 5201 2149 5256 melior

566 5276 625 5321 et
657 5274 988 5329 conveniens
1014 5291 1077 5331 ac
1101 5290 1501 5339 consentaneus
1534 5288 1856 5356 reperiatur.
1888 5288 2023 5345 Nam
2051 5292 2145 5362 qui

2325 4559 2449 4612 Τῶν
2476 4561 2537 4627 ἐξ
2565 4563 2918 4640 ἀνθρωπίνης
2976 4574 3351 4647 μικροψυχίας
3382 4583 3505 4635 κατ’
3524 4584 3706 4656 ἀρχάς
3738 4591 3836 4644 καὶ

2252 4651 2347 4705 τοῦ
2408 4652 2572 4709 σάλου
2607 4659 2715 4713 τῶν
2743 4661 3024 4734 λογισμῶν
3060 4670 3439 4739 προελθόντων
3481 4651 3656 4745 λόγων
3697 4680 3835 4752 πρὸς

2252 4744 2346 4799 τὸν
2378 4747 2472 4801 ἐπὶ
2511 4751 2733 4806 πάντων
2775 4755 2927 4820 Θεὸν,
2984 4761 3338 4833 ἀγιοπρεπῶς
3394 4769 3494 4838 μὲν
3545 4744 3641 4825 καὶ
3675 4744 3833 4846 δίκην

2252 4838 2601 4912 εὐγνώμονος
2626 4848 2861 4916 οἰκέτου,
2895 4852 2993 4916 τὰς
3046 4855 3225 4921 αἰτίας
3263 4858 3321 4912 δὲ
3364 4862 3426 4915 ού
3466 4863 3832 4935 γινώσκοντος

2254 4929 2364 4984 τῶν
2401 4931 2507 4985 ὑπὸ
2533 4935 2629 4989 τοῦ
2661 4941 2938 4997 Δεσπὸτου
2961 4946 3354 5020 διοικουμένων
3377 4967 3391 4982 ⁶
3415 4954 3521 5009 ὑπὸ
3542 4956 3638 5010 τοῦ
3663 4961 3828 5030 σοφοῦ

2250 5021 2454 5124 δηλαδή
2510 5034 3056 5105 προσαγορευθέντος
3087 5041 3120 5113 ή
3147 5040 3236 5096 ἐπ’
3261 5044 3509 5114 ἐσχάτων
3564 5021 3829 5124 γινομένη

2245 5114 2356 5167 τῶν
2376 5115 2553 5185 λόγων
2589 5122 3016 5199 εὐχαριστήριος
3043 5131 3252 5199 αἵνεσις
3285 5135 3427 5209 ὑπὲρ
3472 5114 3829 5197 πάντων.

2243 5207 2386 5261 κατὰ
2448 5209 2659 5282 κόσμον
2689 5216 3100 5291 διοικουμένων,
3130 5226 3312 5300 ἀγαθή
3363 5207 3565 5300 μᾶλλον
3591 5234 3827 5308 εὕρηται

2242 5299 2337 5351 καὶ
2394 5300 2681 5371 πρέπουσα
2733 5310 2829 5363 καὶ
2874 5315 3233 5386 κατάλληλος.
3283 5299 3343 5374 Ὅ
3366 5299 3486 5394 γὰρ
3535 5299 3827 5399 σοφός’τῷ

566 5372 758 5415 revera
793 5367 1010 5434 sapiens
1039 5369 1110 5423 sit
1132 5408 1148 5433 ν
1178 5372 1452 5444 {quidquid
1481 5377 1624 5433 circa
1660 5379 1944 5436 hominum
1973 5383 2141 5439 vitam

566 5452 926 5489 mnuum...“
957 5458 1131 5489 ..:.t-...
1170 5478 1232 5489 η..
1269 5476 1456 5489 ....---.
1526 5469 1591 5489 ε.-
1639 5470 1783 5489 LL-
1860 5475 1871 5489 .

2442 5367 2452 5371 -
3073 5367 3233 5386 ’τ’-ν’
3307 5367 3336 5374 '
3385 5367 3484 5394 l"|'
3537 5367 3696 5396 "Y"
3752 5367 3824 5399 "3"

2272 5407 2355 5445 ντι
2389 5395 2498 5448 πᾶν
2526 5394 2554 5449 ὃ
2587 5394 2777 5468 βλέπει
2806 5405 2903 5457 καὶ
2947 5404 3307 5476 διαγινώσκει
3335 5414 3711 5489 διοικούμενον
3737 5421 3824 5485 είς

566 5452 927 5509 constitutum
957 5458 1135 5517 videat
1169 5478 1234 5519 ac
1267 5476 1492 5536 noscat,
1526 5469 1599 5525 ita
1629 5470 1789 5528 debet
1808 5474 2096 5532 admittere
2121 5518 2137 5546 ,

2272 5482 2340 5556 ὴν
2357 5452 2706 5563 ἀνθρωπίνην
2730 5492 2896 5567 ζωὴν,
2920 5452 3409 5577 ιιετ’⁸εύχαριστίας
3429 5452 3637 5581 ὀφείλει
3654 5494 3802 5587 προσ

638 5628 682 5663 δ’
722 5628 866 5688 l’sal.
903 5651 1093 5706 ωιχιιι,
1125 5639 1210 5694 12.
1281 5642 1327 5677 ⁸⁸
1366 5644 1498 5701 ibid.
1530 5645 1585 5703 2.
1652 5648 1700 5681 ⁸³
1724 5647 1870 5708 Psal.
1906 5668 2053 5721 cxxv,
2086 5656 2140 5713 3.
2220 5660 2266 5692 '°
2296 5660 2501 5721 Jerem.
2547 5684 2622 5724 xu
2647 5708 2662 5734 ,
2689 5670 2741 5725 l.

639 5809 753 5877 (63)
794 5811 896 5868 Job
920 5830 974 5885 ι,
1014 5818 1030 5872 l
1062 5835 1215 5893 seqq.
1251 5823 1354 5880 Sed
1388 5830 1528 5897 apud
1559 5830 1699 5888 LXX
1719 5832 1971 5923 legimus,
1998 5839 2083 5895 δτι
2120 5842 2172 5898 ἀι

2272 5862 2343 5902 τω
2371 5849 2507 5924 ἔργα
2536 5858 2738 5929 χειρῶν
2769 5878 3003 5921 σου......
