4114 6512
656 338 790 405 1003

1735 343 1801 406 S.
1854 343 2235 405 GREGORII
2288 346 2803 412 AGRIGENTINI

3762 367 3902 432 1004

628 472 773 513 ’811111
806 462 862 509 et
885 450 995 508 Deo
1017 451 1243 507 charum
1274 465 1340 507 ac
1377 450 1567 507 virtuti
1601 449 1843 507 deditum
1882 463 2137 524 praestet,
2176 464 2230 511 et

2332 475 2468 523 τοις.
2503 461 2674 515 Ὅταν
2700 464 2758 517 δέ
2789 482 2875 529 τις
2916 465 3209 539 ἄνθρωπος
3242 472 3531 538 σπουδαῖος
3553 474 3649 529 καὶ
3680 482 3905 552 φιλαλή-

653 544 922 617 quosdam
948 541 1144 597 viderit
1174 541 1375 611 injusta
1406 540 1693 611 loquentes
1720 550 1893 612 atque
1929 543 2094 613 impia
2128 542 2225 597 ad-

652 659 843 701 versus
868 657 1141 699 summam
1179 640 1271 697 Dei
1301 639 1602 695 bonitatem
1638 655 1703 696 ac
1733 642 2108 711 majestatem,
2139 644 2224 699 vel

651 736 998 810 tyrannidem
1024 744 1344 791 exercentes
1371 735 1427 789 in
1456 734 1692 805 pupillos
1713 742 1767 789 et
1789 734 1985 790 viduas
2016 746 2071 792 et
2097 751 2225 806 pau-

650 845 828 901 peres,
860 844 925 885 ac
951 828 1100 883 nullo
1124 827 1250 897 jure
1274 834 1327 882 et
1358 842 1454 897 per
1478 827 1586 882 vim
1615 828 1926 897 proximum
1954 843 2226 899 quemque

650 924 819 979 rebus
848 922 963 978 suis
994 921 1291 992 spoliantes
1328 938 1342 974 :
1389 930 1503 974 tum
1546 921 1596 975 is
1640 919 1885 991 profecto
1926 936 2034 991 qua
2071 921 2226 977 decet

650 1019 731 1073 ira
760 1025 818 1072 et
856 1014 1231 1084 indignatione
1262 1021 1615 1079 succenseat,
1643 1021 1880 1083 oportet,
1903 1022 2093 1067 contra
2124 1013 2226 1067 im-

650 1110 851 1181 probos
905 1118 959 1164 et
1006 1108 1250 1162 veritatis
1293 1106 1638 1162 adversarios
1674 1120 1739 1160 ac
1789 1106 2052 1160 mendacii
2094 1121 2227 1161 con-

650 1206 817 1260 scios.
842 1201 947 1257 Sed
969 1203 1250 1256 enimvero
1282 1198 1495 1268 singula
1529 1197 1883 1253 considerare
1911 1197 2222 1268 diligenter,

649 1308 704 1352 et
754 1304 913 1351 caute
963 1302 1074 1347 tam
1125 1306 1288 1362 opera
1330 1306 1493 1360 quam
1554 1304 1838 1345 sermones
1890 1291 2227 1359 perpendere

650 1404 837 1445 eorum
877 1387 971 1459 qui
1017 1386 1182 1439 vitam
1232 1384 1519 1438 nobiscum
1571 1391 1767 1453 agunt,
1820 1397 2048 1437 necesse
2095 1392 2222 1439 est.

650 1490 712 1537 ut
749 1495 926 1551 neque
962 1477 1233 1546 superbiae
1262 1475 1396 1529 vitio
1418 1480 1516 1528 aut
1559 1473 1725 1527 animi
1756 1474 2127 1529 imbecillitate
2159 1474 2227 1529 iis

652 1573 956 1627 irascamur
976 1609 991 1635 ,
1033 1567 1126 1637 qui
1161 1566 1296 1620 nihil
1326 1580 1357 1619 a
1392 1566 1591 1634 pietate
1620 1563 2023 1626 discesserunt;
2054 1578 2228 1634 neque

652 1678 874 1720 rursum
903 1660 1055 1715 taciti
1099 1658 1343 1713 feramus
1380 1666 1436 1711 et
1470 1656 1740 1726 patienter
1775 1671 1869 1711 eos
1892 1657 2223 1721 toleremus,

652 1757 748 1830 qui
807 1753 1140 1811 contrariam
1194 1753 1321 1805 vitae
1371 1750 1639 1804 rationem
1689 1749 1861 1805 iniere
1893 1790 1906 1803 .
1940 1749 2032 1805 Sic
2080 1750 2225 1805 enim

655 1845 1020 1903 mansuetudo
1053 1852 1238 1898 nostra
1264 1840 1626 1911 et‘patientia,
1646 1840 1728 1896 sic
1758 1842 1838 1895 ira
1869 1843 2031 1897 etiam
2066 1851 2228 1912 atque

651 1939 952 2012 indignatio
998 1936 1232 1991 Domino
1266 1942 1320 1991 et
1363 1935 1509 1990 bono
1539 1944 1594 1990 et
1618 1935 1770 2005 justo
1835 1935 2228 2005 hominumque

652 2033 857 2089 amanti
888 2039 1042 2103 grata
1065 2029 1182 2085 sine
1210 2028 1379 2083 dubio
1400 2028 1595 2082 futura
1630 2036 1735 2093 est,
1761 2042 1886 2080 nam
1919 2028 2023 2081 hoc
2050 2027 2225 2097 ipsum

653 2126 982 2183 conﬁrmans
1006 2124 1224 2191 sapiens
1246 2120 1720 2187 Ecclesiastesiis,
1745 2134 1866 2191 quae
1898 2129 2226 2190 sequuntur,

652 2218 855 2289 adjecit
890 2215 1141 2287 protinus
1169 2234 1182 2269 :

2326 555 2429 626 θης
2453 556 2551 609 καὶ
2588 556 2849 629 θεοφιλὴς
2872 559 2969 614 καὶ⁸
2995 560 3288 629 φιλόκαλος
3312 564 3579 639 θεάσηται
3607 586 3762 634 τινας
3797 574 3905 627 ἀδι-

2324 648 2454 711 κίας
2508 647 2803 713 λαλοῦντας
2862 652 2957 705 καὶ
3018 651 3372 726 βλασφημίας
3421 659 3504 723 είς
3560 660 3619 713 τὸ
3644 660 3775 731 ὕψος
3805 665 3909 735 τῆς

2308 740 2667 810 ’θεοπρεποῦς
2715 742 3060 815 ἀγαθότητος
3099 748 3195 801 καὶ
3233 750 3653 825 μεγαλωσύνης,
3682 756 3715 826 ἢ
3741 775 3909 813 καταο

2325 834 2754 900 δυναστεύοντας
2779 837 2889 891 τῶν
2923 839 3180 910 ὀρφανῶν
3207 844 3303 897 καὶ
3326 845 3436 898 τῶν
3457 848 3646 918 χηρῶν
3668 852 3764 904 καὶ
3793 851 3906 905 τῶν

2325 926 2583 996 πτωχῶν,
2617 928 2715 981 καλ¹
2748 928 2817 983 τὰ
2863 930 2973 982 τῶν
3010 932 3257 1002 πλησίων
3296 936 3735 1008 ἀφαιρουμένους
3762 943 3909 996 κατὰ

2330 1012 2498 1091 μόνην
2536 1022 2865 1093 τυραννικὴν
2900 1021 3150 1088 ἐξουσίαν
3197 1028 3291 1081 καὶ
3345 1030 3491 1084 κατὰ
3534 1030 3859 1086 δυναστείαν
3884 1050 3902 1066 ο

2324 1113 2631 1182 τηνικαῦτα
2688 1115 2786 1169 καὶ
2831 1115 2925 1169 τὸν
2965 1120 3311 1189 προσήκοντα
3349 1121 3523 1193 θυμὸν
3569 1124 3667 1179 καὶ
3699 1125 3796 1197 τὴν
3827 1126 3909 1180 δι-

2327 1204 2490 1257 καίαν
2516 1204 2688 1275 ὀργὴν
2706 1206 2764 1270 ἐξ
2788 1206 3039 1278 ἀνάγκης
3062 1211 3235 1261 κινεῖν
3265 1212 3472 1278 ὀφείλει
3505 1215 3650 1269 κατά
3667 1217 3775 1269 τῶν
3805 1234 3910 1270 που

2327 1298 2712 1368 νηρευομένων
2741 1298 2837 1353 καὶ
2871 1300 2973 1370 τῆς
3018 1301 3277 1372 ἀληθείας
3314 1305 3630 1361 ἀντιπάλων
3662 1310 3759 1364 καὶ
3792 1329 3913 1365 συν-

2330 1388 2559 1459 ιστόρων
2603 1388 2698 1441 τοῦ
2729 1388 2981 1459 ψεύδους.
3034 1392 3156 1463 Χρὴ
3213 1393 3395 1447 τοίνυν
3427 1396 3524 1448 ἐπὶ
3564 1404 3700 1454 πᾶσι
3740 1420 3911 1475 προσ-

2329 1480 2474 1551 έχειν
2502 1481 2751 1551 ἀκριϐῶς
2779 1482 2877 1536 καὶ
2907 1484 3099 1552 νήφειν
3133 1487 3247 1549 τοῖς
3279 1485 3464 1556 ἔργοις
3491 1489 3588 1542 καὶ
3604 1489 3785 1558 λόγοις
3801 1494 3912 1545 τῶν

2328 1573 2427 1637 τὰς
2452 1573 2738 1645 διατριϐάς
2779 1573 2901 1645 μεθ’
2930 1575 3088 1646 ἡμῶν
3131 1579 3475 1649 ποιουμένων
3500 1596 3515 1610 ⁸
3546 1581 3644 1634 καὶ
3679 1584 3818 1653 μήτε
3847 1587 3911 1638 δι’

2331 1666 2748 1737 ὑπερηφανείας
2766 1667 2990 1740 δγκονῆ
3027 1669 3196 1733 πάθος
3231 1673 3604 1743 μικροψυχίας
3646 1678 3914 1746 παροργί-

2332 1756 2528 1819 ζεσθαι
2593 1756 2737 1811 κατά
2780 1756 2889 1810 τῶν
2948 1758 3218 1828 μηδαμῶς
3264 1762 3657 1831 ἠσεϐηκότωνο
3688 1768 3819 1836 μητ*
3849 1766 3913 1821 αὖ

2326 1847 2498 1900 πάλιν
2537 1846 2830 1917 ἀνέχεσθαι
2872 1848 2968 1900 καὶ
3003 1853 3369 1922 παρασιωπᾷν
3405 1853 3499 1905 καὶ
3536 1856 3914 1927 μακροθυμεῖν

2335 1938 2564 1992 ἐπὶτῶν
2592 1940 2662 1993 τὰ
2715 1942 2835 1994 κατ’
2878 1940 3195 1995 ἐναντίωσιν
3244 1944 3593 2016 ἐκφερόμενα
3636 1948 3915 2018 δρώντων,

2336 2029 2492 2082 Οὕτω
2518 2030 2628 2099 γὰρ
2650 2030 2748 2083 καὶ
2772 2029 2834 2082 τὸ
2863 2032 3039 2101 πρᾶον
3073 2030 3230 2100 ἡμῶν
3258 2032 3355 2084 καὶ
3405 2034 3787 2105 μακρόθυμον,
3823 2040 3919 2089 καὶ

2339 2121 2525 2190 μέντοι
2551 2121 2648 2173 καὶ
2673 2122 2701 2172 ὁ
2732 2121 2901 2191 θυμὸς
2924 2121 3018 2175 καὶ
3045 2123 3078 2192 ἡ
3110 2123 3250 2193 ὀργὴ
3289 2125 3444 2192 παρὰ
3480 2124 3557 2194 τῷ
3594 2126 3790 2197 ἀγαθῷ
3825 2131 3922 2181 καὶ

2334 2213 2530 2282 δικαίῳ
2560 2213 2656 2265 καὶ
2683 2212 3054 2285 φιλανθρώπῳ
3091 2215 3283 2286 Κυρίῳ
3326 2218 3429 2287 τὴν
3457 2217 3733 2291 ἀποδοχὴν
3760 2220 3921 2285 ἓξου-

653 2326 739 2364 σιν
803 2306 1097 2378 ἀριδήλως.
1156 2305 1329 2359 Τοῦτο
1393 2305 1503 2375 γὰρ
1550 2303 1650 2357 καὶ
1695 2302 1954 2373 ἐμπεδῶν
1999 2303 2105 2357 καὶ
2168 2306 2282 2369 τοῖς
2357 2305 2647 2376 ἑπομένοις
2709 2306 2738 2358 ὁ
2800 2305 2965 2376 σοφὸς
3027 2307 3465 2381 Ἐκκλησιαστὴς
3517 2312 3745 2381 duc-fam;
3816 2314 3922 2367 ἐπ-

651 2402 864 2474 ἠγαγε·

2194 2492 2226 2565 §
2258 2492 2371 2548 XlL

716 2587 894 2642 'Vrzns.
928 2586 984 2641 9.
1041 2583 1125 2640 Ne
1169 2585 1503 2655 festinaveris
1554 2586 1607 2640 in
1657 2586 1850 2654 spiritu
1890 2585 2227 2655 'tuofirasci;

653 2683 780 2755 quia
812 2680 965 2750 furor
994 2680 1049 2734 in
1079 2680 1199 2732 sinu
1234 2678 1522 2732 stultorum
1550 2680 1825 2748 requiescit
1849 2677 1983 2747 (66}.

728 2775 873 2829 Idem
897 2774 1041 2829 enim
1075 2772 1125 2826 id
1164 2779 1270 2837 est,
1302 2786 1367 2825 ac
1390 2773 1435 2825 si
1463 2770 1669 2826 diceret
1702 2788 1717 2825 :
1758 2770 1901 2826 Cave
1931 2786 1996 2827 ne
2016 2770 2133 2826 'levi
2163 2770 2231 2825 de

654 2882 823 2923 causa
859 2865 1177 2936 indigneris,
1214 2879 1278 2918 ac
1301 2873 1503 2918 temere
1533 2863 1619 2917 vel
1653 2877 1718 2917 ex
1745 2863 1947 2919 mentis
1973 2863 2228 2934 superbia

654 2961 741 3015 vel
770 2976 836 3015 ex
866 2959 1033 3013 animi
1073 2957 1447 3012 imbecillitate
1478 2956 1545 3010 iis
1574 2970 1902 3011 succenseas
1925 2997 1940 3022 ,
1971 2956 2062 3026 qui
2094 2955 2231 3009 nihil

655 3051 917 3105 adversus
960 3047 1130 3102 Deum
1176 3046 1555 3117 deliquerunt,
1614 3055 1712 3101 aut
1748 3040 1888 3116 quOs
1928 3047 1980 3101 in
2022 3047 2230 3102 crimen

656 3143 934 3197 voluntate
958 3140 1139 3210 lapsos
1158 3155 1283 3195 esse
1306 3156 1417 3193 non
1442 3148 1679 3195 constat.
1698 3138 1840 3205 Quin
1863 3140 2049 3205 etiam,
2069 3154 2235 3209 quan-

656 3245 773 3291 tum
793 3234 874 3287 fas
897 3243 999 3298 est,
1017 3247 1172 3297 cura,
1190 3232 1415 3302 ut176
1431 3233 1640 3301 patiens
1656 3233 1730 3287 sis
1744 3241 1905 3302 atque
1926 3231 2235 3302 indulgens,

656 3341 782 3381 cum
814 3324 881 3379 iis
908 3324 1093 3390 etiam,
1130 3323 1223 3393 qui
1256 3323 1499 3377 minimis
1552 3324 1604 3377 in
1650 3325 1817 3380 rebus
1863 3326 2188 3395 delinquunt
2218 3342 2233 3381 :

656 3426 712 3471 et
747 3415 898 3469 omni
930 3414 1109 3469 studio
1135 3414 1341 3469 enitere
1364 3455 1380 3481 ,
1412 3425 1473 3469 ut
1496 3414 1576 3469 vir
1598 3416 1676 3471 sis
1716 3427 2037 3472 mansuetus
2073 3426 2238 3486 atque

611 3571 616 3576 ,
657 3508 1077 3579 magnanimus;
1119 3522 1184 3561 ne
1213 3516 1264 3563 te
1305 3523 1525 3578 quoque
1566 3524 1734 3563 sacra:
1764 3508 1981 3565 Litteraa
2010 3510 2235 3565 stultum

658 3600 1216 3671 appellent.Aitenim
1244 3618 1258 3655 :
1297 3619 1315 3651 ι
1344 3600 1481 3667 Quia
1509 3599 1664 3655 furor
1695 3601 1750 3655 in
1784 3602 1909 3657 sinu
1944 3603 2232 3658 stultorum

660 3692 974 3763 requiescit.
1009 3711 1028 3743 ι
1088 3692 1294 3746 Idcirco
1331 3703 1385 3746 et
1426 3691 1629 3748 Paulus
1685 3708 1915 3763 magnus
1958 3695 2235 3764 apostolus

656 3784 897 3856 quodam
950 3784 1005 3837 in
1049 3782 1171 3837 loco
1209 3782 1378 3837 dicit:
1438 3801 1457 3835 ι
1499 3782 1761 3839 Modestia
1796 3794 1976 3840 vestra
2005 3795 2134 3840 nota
2169 3785 2238 3840 sit

658 3875 921 3929 omnibus
961 3872 1273 3927 horninibus
1309 3872 1378 3927 “.
1424 3870 1530 3926 *llla
1572 3874 1717 3927 enim
1760 3890 1943 3929 rerum
1990 3876 2234 3930 omnium

660 3966 945 4021 tolerantia
965 3979 1030 4019 ac
1051 3965 1331 4034 patientia,
1356 3981 1478 4036 quae
1501 3966 1824 4021 modestiam
1880 3983 2094 4023 morum
2128 3984 2236 4039 pra:

646 4048 719 4115 ‘se
740 4057 860 4113 ‘fert
907 4066 962 4112 et
995 4056 1350 4112 aii‘ectionum
1381 4058 1827 4128 tranquillitatem
1848 4097 1864 4122 ,
1895 4074 2127 4128 quorum
2179 4060 2235 4114 in

657 4150 857 4207 animis
910 4150 1091 4221 viget,
1149 4150 1204 4204 in
1248 4150 1318 4205 iis
1351 4151 1593 4222 reginam
1645 4151 2031 4223 dominamque
2066 4153 2237 4207 virtu-

648 4252 773 4297 tum
814 4242 1061 4297 omnium
1110 4241 1291 4297 inesse
1320 4250 1590 4310 testatur,
1629 4243 1974 4313 prudentiam
2006 4245 2233 4302 scilicet.

2403 2582 2499 2651 Μὴ
2534 2584 2816 2651 σπεύσῃς
2849 2583 2919 2637 ἐν
2945 2583 3243 2653 πνεύματί
3265 2600 3386 2639 σου
3402 2584 3520 2639 τοῦ
3545 2588 3921 2657 θυμοῦσθαιο

2328 2675 2421 2729 ’ὅτι
2455 2676 2641 2745 θυμὸς
2661 2677 2731 2729 ἐν
2751 2677 2960 2743 κόλπῳ
2987 2676 3268 2745 ἀφρόνων
3313 2676 3703 2735 ἀναπαύεται.

2402 2769 2707 2839 Μονονουχὶ
2744 2770 2855 2840 γάρ
2892 2784 3064 2839 φησι·
3096 2768 3380 2840 Μηδαμῶς
3423 2772 3663 2841 ἀνάσχου
3708 2772 3922 2844 θυμοῦο

2335 2862 2461 2916 σθαι
2515 2862 2716 2934 ῥᾳδίως
2780 2863 2875 2916 καὶ
2940 2861 3379 2933 παροργίςεσθαι
3406 2864 3585 2935 μάτην
3636 2866 3697 2932 ἐξ
3750 2868 3921 2935 ὑπερ-

2334 2955 2543 3026 ηφάνου
2574 2954 2862 3027 καρδίαςῆ
2895 2954 2992 3009 καὶ
3023 2954 3394 3027 μικροψυχίας
3433 2958 3577 3011 κατά
3601 2956 3713 3011 τῶν
3750 2959 3921 3029 μηδὲν

2336 3051 2419 3114 εἰς
2443 3049 2575 3104 Θεὸν
2602 3050 2991 3119 ἠσεϐηκότων,
3028 3049 3061 3118 ἢ
3111 3048 3353 3120 τοσαύτῃ
3394 3048 3752 3122 πλημμελείᾳ
3799 3052 3922 3106 καθ’

2337 3139 2584 3194 ἑκούσιον
2610 3138 2836 3209 γνώμην
2856 3137 3176 3191 ἑαλωκότων
3201 3153 3218 3170 ο
3251 3136 3367 3191 ἀλλ’
3396 3138 3523 3192 ὅσον
3540 3135 3653 3192 οἷόν
3680 3142 3743 3193 τέ
3775 3142 3920 3208 ἐστι,

2341 3232 2696 3304 μακρόθυμος
2726 3230 2983 3303 εὑρέθητι
3025 3229 3122 3283 καὶ
3157 3233 3630 3300 συγγνωμονικός,
3661 3232 3760 3285 καὶ
3786 3235 3923 3303 πρὸς

2336 3326 2538 3387 αὐτοὺς
2567 3325 2692 3387 τοὺς
2716 3323 2788 3375 τὰ
2824 3322 3086 3393 ἐλάχιστα
3110 3321 3592 3392 πλημμελοῦντας,
3630 3323 3729 3376 καὶ
3768 3326 3921 3395 πάσῃ

2336 3414 2566 3483 δυνάμει
2592 3414 2766 3483 πρᾶος
2787 3412 3046 3483 εὑρίσκου
3070 3412 3165 3466 καὶ
3190 3412 3570 3483 μεγαλάψυχος
3594 3412 3889 3484 ἄνθρωπος
3906 3432 3920 3446 ο

2338 3508 2425 3561 ἶνα
2456 3506 2530 3577 μὴ
2559 3507 2654 3559 καὶ
2694 3506 2759 3558 σὺ
2820 3505 2974 3576 παρά
2995 3504 3094 3574 τῆς
3126 3504 3277 3568 θείας
3316 3505 3544 3576 Γραφῆς
3574 3506 3769 3577 ἄφρων
3806 3508 3926 3561 ὀνο-

2340 3599 2577 3669 μασθῇς.
2609 3596 2752 3669 Φησὶ
2778 3597 2909 3668 γὰρ,
2947 3616 2973 3649 1
2992 3597 3127 3651 ’Ότι
3153 3597 3325 3667 θυμὸς
3354 3600 3413 3651 ὲν
3442 3598 3628 3669 κόλπῳ
3662 3600 3925 3671 ἀφρόνων

2334 3690 2698 3747 ἀναπαύεται.
2738 3710 2758 3744 ι
2789 3690 2889 3745 Διά
2913 3689 3077 3743 τοῦτο
3103 3690 3236 3761 φησί
3263 3706 3369 3743 που
3406 3692 3500 3744 καὶ
3532 3690 3801 3754 Παῦλοςό
3830 3696 3931 3762 μέ-

2336 3802 2440 3854 γας
2498 3784 2799 3848 ἀπόστολος
2836 3800 2852 3815 ’
2890 3800 2910 3835 ‹
2958 3783 3038 3836 Τὸ
3104 3784 3349 3846 ἐπιεικὲς
3407 3783 3562 3852 ὑμῶν
3614 3783 3927 3854 γνωσθήτω

2337 3879 2503 3930 πᾶσιν
2531 3875 2862 3947 ἀνθρώποις.
2894 3893 2913 3927 ι
2962 3876 3029 3928 Ἢ
3056 3874 3166 3944 γάρ
3199 3875 3256 3927 ὲν
3294 3875 3463 3927 πᾶσιν
3492 3875 3660 3944 ἀνοχὴ
3693 3877 3795 3928 xa‘t
3818 3895 3925 3946 μα-

2335 3970 2503 4042 κροθυ
2513 3971 2632 4041 μία,
2659 3968 2758 4041 τὴν
2785 3969 3091 4022 ἐπιείκειαν
3107 3968 3493 4039 ὲνδεικνυμένη
3510 3967 3620 4022 τῶν
3641 3968 3794 4038 ἠθῶν
3820 3972 3918 4023 καὶ

2336 4064 2729 4118 καταστάσεων
2756 4062 2858 4133 τῆς
2877 4062 3079 4132 ψυχῆς,
3108 4061 3204 4131 τὴν
3233 4060 3669 4131 βασιλικωτάτην
3692 4062 3795 4115 καὶ
3823 4067 3921 4132 τὴν

2336 4157 2686 4228 κυριωτάτην
2737 4156 2848 4209 τῶν
2903 4152 3138 4223 γενικῶν
3172 4153 3393 4224 ἀρετῶν
3443 4152 3775 4223 ἐνυπάρχειν
3803 4156 3921 4213 τοῖς

2334 4248 2599 4312 τοιούτοις
2654 4247 2954 4319 κηρύττει,
2979 4245 3222 4315 δηλονότι
3278 4244 3377 4316 τὴν
3422 4245 3709 4316 φρόνησιν.
3745 4245 3918 4297 Ὥστε

646 4336 1026 4402 Quamobrem
1058 4344 1310 4404 oportet,
1353 4342 1413 4389 ut
1453 4334 1549 4404 qui
1590 4336 1875 4405 prudentia
1910 4338 2148 4409 regitur,
2183 4340 2230 4395 is

2332 4338 2719 4411 προσήκειτδν
2755 4336 2859 4391 ὑπὸ
2889 4337 3202 4407 φρονήσεως
3240 4334 3573 4405 ίθυνόμενον,
3609 4335 3744 4405 μηδὲ
3775 4336 3918 4406 πρὸς

656 4441 726 4480 ne
756 4425 1019 4494 improbis
1050 4425 1270 4494 quidem
1298 4424 1551 4496 etimpiis
1573 4435 1627 4480 et
1659 4428 1840 4483 avaris
1869 4439 1923 4483 et
1943 4430 2233 4488 homicidis

656 4517 1041 4586 properantius
1076 4524 1432 4579 succenseat.
1468 4524 1524 4572 et
1574 4516 1731 4574 facile
1778 4521 2111 4592 indignetur.
2166 4526 2235 4579 At

659 4610 752 4662 u-bi
783 4624 883 4663 nec
921 4609 1243 4663 auctoritate
1273 4609 1596 4679 quidquam,
1625 4628 1727 4667 nec
1758 4614 2067 4669 mitioribus
2101 4631 2234 4670 con-

658 4699 800 4753 ciliis
830 4708 933 4753 ‘aut
985 4698 1096 4753 ulla
1141 4714 1423 4754 sacrarum
1464 4698 1804 4758 Litterarum
1851 4706 2233 4762 adhortatione

655 4790 909 4854 deliniti',
956 4790 1009 4842 in
1040 4789 1226 4844 eadem
1260 4790 1335 4843 illi
1358 4791 1645 4847 voluntate
1692 4808 1749 4849 se
1787 4796 2010 4851 manere
2044 4806 2230 4853 osten-

658 4882 830 4947 dant,
868 4890 927 4935 et
951 4881 1386 4934 emendationem
1429 4897 1719 4953 respuere;
1758 4894 1871 4939 tum
1900 4902 2033 4942 vero
2061 4887 2234 4956 ijnstaa

659 4978 756 5029 ira:
784 4985 947 5043 atque
964 4973 1357 5043 indignationis
1377 4977 1674 5031 acutiorem
1696 4978 1945 5047 expediat
1966 4981 2230 5050 gladium,

658 5083 770 5138 quo
798 5067 995 5120 callum
1025 5065 1317 5120 obductum
1345 5067 1628 5121 exscindat
1648 5107 1662 5132 ,
1696 5080 1748 5124 et
1778 5072 1944 5126 animi
1974 5072 2231 5129 duritiem

659 5159 727 5213 ad
758 5158 1092 5213 medicorum
1122 5157 1363 5211 rationes
1384 5168 1576 5213 sanet:
1617 5161 1710 5230 qui
1742 5163 1977 5231 primum
2010 5166 2230 5235 quidem

661 5250 1010 5305 unctionibus
1039 5248 1366 5317 quibusdam
1404 5259 1569 5319 atque
1610 5252 1953 5324 malagmatis
1987 5265 2230 5312 tumores

660 5342 947 5395 vulnerum
973 5349 1027 5395 et
1059 5340 1545 5396 inﬂammationem
1582 5344 1828 5417 mitigare
1860 5357 2148 5415 conantur,
2177 5360 2232 5405 et

658 5448 688 5486 a
710 5433 1023 5488 lsanitatem
1055 5433 1368 5502 perducere.
1390 5432 1595 5489 Atcutn
1621 5439 1844 5495 morbus
1864 5441 2099 5497 difﬁcilis
2123 5453 2229 5509 est,

659 5534 713 5577 et
744 5524 948 5580 leniora
997 5534 1161 5596 atque
1195 5527 1444 5581 molliora
1483 5531 1617 5586 artis
1646 5532 2041 5592 medicamenta
2073 5538 2230 5608 longe

657 5629 912 5689 superat,
964 5632 1077 5675 tum
1125 5620 1489 5678 sevcrioribus
1538 5638 1756 5696 quoque
1817 5627 2125 5699 pharmacis
2177 5640 2228 5686 ci

728 5729 773 5760 5”
797 5730 1031 5801 Philipp.
1074 5747 1146 5796 tv,
1179 5734 1232 5787 5.
1860 5784 1863 5785 ν

725 5822 844 5893 (liti)
883 5822 952 5877 At
980 5821 1118 5876 LXX
1157 5824 1358 5881 habent
1392 5822 1789 5878 ἀναπαύσεται.

2334 4430 2462 4493 τοὺς
2507 4427 2982 4499 πονηρευομένους
3016 4427 3111 4479 καὶ
3140 4425 3427 4488 δυσσεϐεῖς
3454 4426 3552 4479 καὶ
3579 4426 3920 4490 πλεονέκτας

2318 4522 2431 4587 κκαὶ
2478 4520 2832 4591 μιαιφόνους,
2885 4518 3129 4590 εὐχερῶς
3176 4519 3631 4590 παροργίζεσθαι,
3672 4519 3767 4573 καὶ
3817 4520 3922 4573 θυ-

2339 4612 2572 4684 μοῦσθαι
2627 4611 2826 4684 ῥᾳδίως
2851 4626 2866 4640 ⁸
2901 4610 3015 4664 ἀλλ’
3044 4610 3175 4663 ὅταν
3220 4610 3308 4664 διὰ
3351 4612 3450 4681 τῆς
3499 4610 3921 4682 ἐπιεικεστέρας

2334 4702 2617 4771 ἀξιώσεως
2655 4703 2750 4757 καὶ⁸
2805 4701 3148 4772 συμϐουλῆς,
3183 4704 3278 4755 καὶ
3321 4705 3421 4773 τῆς
3463 4703 3774 4773 πραοτέρας
3803 4703 3921 4755 τῶν

2333 4795 2564 4867 Γραφῶν
2588 4796 2930 4866 εἰσηγήσεως
2953 4794 3211 4865 οὐδεμίαν
3233 4795 3432 4847 ἐκεῖνοι
3461 4794 3764 4865 μεταϐολὴν
3785 4794 3922 4847 ἐπι-

2332 4888 2643 4941 δείκνυνται
2676 4887 2815 4958 πρὸς
2846 4887 2906 4940 τὸ
2946 4889 3197 4958 κρεῖττον
3226 4902 3239 4915 ο
3263 4886 3563 4957 τηνικαῦτα
3604 4886 3702 4957 τὴν
3727 4903 3923 4957 τομω-

2332 4981 2498 5052 τέραν
2531 4980 2626 5033 τοῦ
2680 4979 2854 5050 θυμοῦ
2886 4979 2981 5033 καὶ
3024 4980 3123 5049 τῆς
3146 4979 3361 5041 δικαίας
3391 4978 3566 5048 ὀργῆς
3593 4979 3921 5049 μεταχειρί-

2334 5072 2523 5138 ζεσθαι
2553 5073 2830 5143 μάχαιραν
2857 5072 2937 5133 εἰς
2961 5070 3203 5142 ἐκτομὴν
3226 5070 3326 5138 τῆς
3346 5070 3573 5121 ἐκείνων
3596 5068 3924 5137 πωρώσεως

2333 5165 2426 5218 καὶ
2483 5163 2741 5228 λάξευσιν
2794 5163 2897 5233 τῆς
2946 5160 3204 5224 Λιθώδους
3232 5160 3466 5229 καρδίας
3494 5159 3638 5212 κατὰ
3666 5159 3765 5229 τὴν
3790 5160 3926 5213 '51::-

2335 5260 2550 5328 στήμην
2607 5256 2716 5309 τῶν
2772 5254 3010 5327 ἰατρῶν·
3045 5253 3097 5308 οἶ
3155 5254 3424 5324 πρότερον
3500 5252 3750 5320 ἀλοιφαῖς
3802 5269 3925 5305 τισι

2329 5352 2427 5405 καὶ
2485 5350 2806 5421 μαλάγμασι
2863 5348 2963 5412 τάς
3013 5347 3253 5419 οίδήσεις
3304 5348 3401 5399 καὶ
3451 5344 3766 5415 φλεγμονὰς
3803 5345 3927 5398 τῶν

2331 5442 2666 5514 τραυμάτων
2692 5442 3104 5512 καταπραΰνειν
3128 5439 3430 5510 πειρῶνται
3455 5440 3549 5491 καὶ
3581 5438 3927 5508 μεταφέρειν

2331 5538 2470 5607 πρὸς
2520 5537 2706 5607 ρὦιν.
2738 5536 2907 5589 Ὀταν
2959 5534 3017 5610 δξ
3064 5532 3303 5604 χαλεπὸν
3351 5530 3413 5584 τὸ
3466 5531 3638 5594 πάθος
3665 5530 3926 5601 ὑπάρχον

2331 5628 2639 5702 ὑπερϐαίνῃ
2663 5629 2760 5694 τὰς
2792 5626 3149 5698 ἀπαλωτέρας
3182 5625 3279 5679 καὶ
3318 5624 3630 5697 πραοτέρας
3665 5623 3929 5696 ἰατρείας
