4114 6524
297 360 433 425 1005

1352 354 1435 415 ΙΝ
1460 353 2040 417 ECCLESIASTEN.
2081 382 2148 391 --
2188 358 2335 419 LIB.
2383 358 2479 419 VI.

3310 420 3313 424 .
3408 360 3545 427 1005

291 484 392 553 τῆς
419 480 637 550 τέχνης,
682 475 804 530 τότε
846 472 1143 543 κέχρηνται
1184 469 1419 534 καὶτοῖς
1441 471 1867 544 αὑστηροτέροις

1983 478 2094 545 igne
2136 484 2191 530 et
2228 475 2373 532 ferro
2407 483 2656 541 utuntur,
2693 491 2762 533 ne
2794 477 2902 532 vim
2945 478 3137 535 morbo
3159 480 3325 535 ullam
3361 482 3427 537 ad
3463 500 3530 537 re

293 573 610 643 φαρμάκοις
638 568 735 623 καὶ
768 565 905 636 πυρὶ
937 562 1030 616 καὶ
1062 560 1208 630 ξίφει
1256 563 1394 633 πρὸς
1436 563 1719 634 ἀναίρεσιν
1765 562 1869 633 τῆς

292 667 388 720 τοῦ
414 664 622 726 πάθους
642 659 1087 719 ἐπαναστάσεως.
1116 649 1255 709 Εἶτά
1281 672 1447 727 φησιν
1472 659 1503 712 ό
1535 656 1697 726 σοφὸς
1744 657 1870 710 Ἐκ-

294 758 635 830 κλησιαστής
654 772 671 788 ⁸

1973 566 2352 637 pullulandum
2378 568 2709 640 relinquant.
2743 567 2834 624 Ait
2866 570 3062 627 deinde
3103 573 3320 644 sapiens
3360 574 3547 631 Eccleo

1974 655 2171 711 siastes
2196 674 2210 709 :

1788 839 1845 911 ’κς
1889 832 2030 891 xm.

367 940 462 1009 Μὴ
510 938 710 1006 εἴπῃς,
749 935 811 990 Τί
860 933 1137 1005 ἐγένετο;
1167 933 1257 988 ὅτι
1295 936 1355 988 αἱ
1404 932 1619 1004 ἡμέραι
1646 936 1707 987 αἱ
1736 933 1873 1002 πρό-

292 1051 456 1103 τεραι
509 1029 725 1100 ἀγαθαὶ
752 1026 917 1101 ἦσαν
949 1027 1104 1096 ὑπὲρ
1133 1028 1387 1095 ταύτας;
1416 1027 1505 1081 ὅτι
1535 1027 1648 1082 οὐκ
1675 1026 1745 1080 ἐν
1770 1042 1872 1082 σο-

290 1128 402 1197 ερίςι
422 1123 817 1193 ἐπηρώτησας
849 1119 983 1190 περὶ
1003 1120 1244 1174 τούτου.

366 1217 489 1271 Τῶν
519 1216 728 1287 χρόνων
765 1217 794 1268 ὁ
818 1212 1072 1285 ςποιητὴς
1118 1212 1213 1266 καὶ
1256 1210 1366 1264 τῶν
1398 1209 1609 1281 καιρῶν
1640 1209 1739 1264 καὶ
1762 1210 1870 1265 τῶν

292 1309 522 1381 ⁴ἡμερῶν
555 1308 696 1362 κατά
716 1306 786 1361 τά
808 1305 951 1359 αὐτὰ
998 1306 1095 1358 καὶ
1125 1303 1389 1368 ὡσαύτως
1420 1303 1753 1373 ὑφίστασθαι
1774 1305 1875 1358 πᾶ-

296 1421 399 1458 σαν
428 1403 645 1474 ἡμέραν
676 1400 773 1454 καὶ
813 1399 994 1452 πάντα
1042 1398 1235 1470 καιρὸν
1277 1399 1374 1451 καὶ
1418 1398 1609 1468 χρόνον
1654 1396 1743 1450 διὰ
1773 1396 1873 1467 τῆς
1898 1451 1924 1475 .

293 1494 531 1565 ἡλιακῆς
558 1493 733 1563 φορᾶς
760 1492 857 1545 καὶ
884 1490 1152 1560 κινήσεως
1168 1488 1446 1560 ἠϐουλήθη
1479 1489 1575 1542 καὶ
1605 1488 1829 1558 κέκρικε
1857 1504 1869 1515 ·

295 1588 395 1640 καὶ
418 1585 539 1639 κατ’
568 1585 830 1655 οὐδεμίαν
876 1582 1172 1653 ἑτερότητα
1200 1581 1298 1636 καὶ
1336 1582 1605 1651 διαφοράν
1643 1581 1875 1653 εὑρεθή-

298 1678 455 1733 σεταί
494 1694 578 1740 τις
611 1676 794 1747 ἡμέρα
823 1675 928 1745 πρὸ
968 1674 1141 1744 αὐτῆς
1187 1674 1219 1745 ἢ
1247 1678 1346 1747 τῆς
1378 1673 1498 1743 μετ’
1526 1674 1717 1746 αὐτὴν,
1751 1674 1874 1726 ὅσον

2043 925 2210 982 Vsus.
2245 926 2331 982 10.
2355 926 2437 981 Ne
2460 929 2659 983 dixeris
2678 946 2697 983 :
2727 928 2870 995 Quid
2901 932 3107 1001 factum
3138 943 3216 986 est
3238 935 3263 988 .9
3285 934 3408 1004 quia
3436 935 3546 990 dies

1968 1021 2169 1091 priores
2196 1029 2343 1074 erant
2369 1022 2490 1074 boni
2513 1037 2670 1091 super
2691 1023 2829 1080 hos?
2857 1025 3044 1095 quippe
3072 1041 3175 1081 non
3200 1026 3256 1079 in
3284 1027 3548 1096 sapientia

1968 1111 2308 1182 interrogasti
2335 1110 2398 1165 de
2423 1112 2539 1165 hoc.

2040 1202 2366 1275 Temporum
2401 1214 2456 1260 et
2494 1212 2875 1275 tempestatum
2918 1214 2973 1261 et
3013 1207 3222 1264 dierum
3251 1221 3443 1267 auctor
3481 1212 3549 1267 ad

1971 1296 2104 1352 solis
2133 1312 2359 1353 cursum
2403 1313 2468 1353 ac
2508 1305 2716 1352 motum
2769 1313 2868 1364 ea,
2905 1315 3069 1370 quam
3119 1303 3301 1368 dedit,
3346 1304 3462 1372 lege
3498 1315 3552 1359 ct

1971 1389 2112 1445 diem
2145 1405 2363 1445 omnem
2392 1400 2446 1445 et
2466 1406 2682 1447 omnem
2715 1400 3089 1462 tempestatem
3112 1410 3175 1449 ac
3202 1405 3416 1468 tempus
3440 1414 3554 1469 per-

1972 1492 2137 1552 petuo
2166 1482 2333 1538 ﬂuere
2359 1483 2533 1538 voluit
2566 1493 2729 1553 atque
2758 1485 2998 1540 decrevit
3024 1504 3039 1552 ;
3084 1503 3260 1559 neque
3292 1490 3554 1547 varietate

1974 1574 2081 1628 ulla
2117 1573 2335 1629 differre
2363 1574 2482 1630 dies
2509 1575 2737 1644 quilibet
2778 1590 2809 1629 a
2846 1577 3027 1646 priore
3067 1587 3161 1633 aut
3191 1595 3220 1633 a
3252 1583 3555 1650 posteriore

1975 1666 2320 1732 invenietur,
2349 1676 2620 1737 quatenus
2660 1668 2716 1722 in
2758 1668 2935 1723 luccm
2969 1673 3181 1726 venerit
3219 1684 3554 1747 exactusque

295 1766 437 1845 ἧκεν
460 1771 540 1833 εἰς
568 1769 783 1837 γένεσιν
810 1768 901 1821 καὶ
931 1767 1166 1838 φυσικὴν
1192 1766 1455 1837 ὓπαρξιν·
1479 1766 1529 1819 εί
1559 1766 1633 1837 μή
1662 1783 1745 1829 τις
1765 1765 1875 1819 τῶν

1983 1756 2091 1822 sit;
2141 1756 2243 1811 nisi
2277 1758 2401 1825 quis
2442 1765 2735 1812 ventorum
2781 1758 3020 1828 objicere
3061 1760 3166 1814 vim
3193 1763 3426 1819 voluerit
3453 1803 3466 1828 ,
3501 1776 3556 1821 et

300 1860 517 1930 ἀνέμων
543 1859 642 1922 τὰς
677 1857 799 1928 βίας
831 1857 1202 1928 προϐαλέσθαι
1231 1855 1480 1927 θελήσειε
1502 1856 1599 1910 καὶ
1621 1856 1730 1910 τῶν
1754 1873 1875 1909 τετ-

296 1954 482 2025 τάρων
511 1951 743 2022 καιρῶν,
771 1951 838 2004 δι’
867 1943 943 2004 ὧν
971 1950 1064 2003 τὸν
1096 1948 1296 2003 κύκλον
1335 1948 1427 2003 τοῦ
1460 1948 1710 2003 ἐνιαυτοῦ
1755 1949 1874 2002 κατ’

296 2048 477 2118 ἀρχάς
513 2048 540 2099 ὁ
567 2044 911 2115 Δημιουργὸς
941 2044 1289 2113 ἐστεφάνωσε
1319 2043 1420 2111 τὴν
1452 2042 1749 2113 ἑτερότητα
1782 2041 1876 2094 καὶ

296 2143 400 2211 τὴν
449 2138 732 2209 διαφοράν.
775 2135 988 2199 Κακίας
1012 2136 1070 2189 δὲ
1108 2135 1205 2189 καὶ
1240 2134 1509 2205 πονηρίας
1545 2134 1640 2188 καὶ
1672 2132 1877 2204 φαυλό-

297 2248 460 2301 τητος
480 2229 704 2299 οὐδεμία
722 2229 969 2295 πέφυκεν
995 2227 1181 2298 ἡμέρα
1205 2225 1466 2297 ποιητικὴ
1496 2226 1557 2278 τὸ
1579 2226 1842 2297 παράπαν
1859 2242 1873 2255 °

299 2323 420 2377 ἀλλ’
452 2323 509 2377 αἱ
542 2320 651 2374 τῶν
680 2319 986 2391 ἀνθρώπων
1034 2318 1386 2393 προαιρέσεις
1429 2319 1878 2390 παρυφίστασθαι

304 2418 401 2470 καὶ
427 2413 629 2477 ταύτας
657 2412 745 2466 διὰ
775 2412 876 2482 τῆς
917 2411 1052 2476 ἰδίας
1106 2411 1443 2482 ἁπροσεξίας
1475 2412 1569 2464 καὶ
1596 2412 1879 2484 ῥᾳστώνης

306 2504 839 2577 παρασκευάζουσιν.
891 2501 954 2554 Ei
1008 2502 1065 2555 δὲ
1096 2500 1275 2566 τοῦτο,
1308 2502 1424 2565 πῶς
1466 2501 1699 2571 ἀγαθάς,
1723 2503 1875 2572 φησὶ,

305 2600 405 2662 τὰς
444 2597 713 2668 προτέρας
729 2594 1018 2666 ὀνομάζεις
1034 2594 1142 2666 ήμέ
1150 2613 1250 2666 ρας
1270 2596 1409 2669 ὑπὲρ
1428 2596 1526 2658 τὰς
1547 2594 1875 2661 ὲνεστὼσας,

303 2694 403 2761 τῆς
431 2690 759 2761 ταυτότητος
787 2688 1048 2753 ὡσαύτως
1073 2689 1167 2743 ἐπὶ
1210 2690 1415 2753 πάσαις
1444 2690 1877 2761 εύρισκομένης;

307 2783 478 2837 Τοῦτο
502 2781 681 2837 τοίνυν
702 2780 802 2834 οὐκ
820 2784 878 2836 έν
902 2780 1065 2851 σοφίᾳ
1087 2782 1477 2852 κατήγγειλας,
1496 2780 1611 2836 ἀλλ’
1632 2782 1692 2847 ἐξ
1713 2783 1880 2852 ἀφρο-

306 2873 477 2945 σύνης
501 2868 683 2937 εἶπας.
732 2872 863 2926 Δέον
902 2873 1103 2943 μᾶλλον
1144 2872 1255 2925 τῶν
1302 2876 1749 2945 προγενεστέρων
1789 2875 1882 2926 άν-

305 2965 545 3037 θρώπων
573 2965 676 3028 τὰς
705 2966 1004 3029 σπουδαίας
1030 2964 1126 3019 κα)⁸
1160 2965 1484 3034 φιλοκάλους
1532 2965 1883 3036 προαιρέσεις

303 3053 823 3125 κατασεμνύνειν,ἢ
869 3054 930 3107 τὸ
966 3054 1207 3125 ἔμπαλιν
1263 3054 1721 3126 καταμέμφεσθαι
1776 3054 1883 3107 τῶν

306 3146 623 3217 μισοκάλων
679 3146 775 3199 καὶ
834 3143 1057 3215 φαύλων
1105 3146 1343 3216 γνωμῶν
1377 3147 1443 3201 τὸ
1492 3146 1758 3202 ἄϐουλον·
1791 3147 1885 3199 καὶ

302 3241 432 3304 τοὺς
493 3240 592 3309 μὲν
643 3237 886 3308 ἀγαθοὺς
928 3241 1023 3293 καὶ
1074 3240 1400 3303 σπουδαίους
1441 3241 1749 3311 μιμεῖσθαι,
1777 3240 1884 3293 τῶν

303 3333 563 3404 πονηρῶν
587 3331 643 3386 δὲ
675 3331 769 3385 καὶ
794 3330 1014 3399 φαύλων
1040 3331 1529 3402 ἀπομακρύνεσθαι
1579 3332 1753 3403 πάντη
1786 3331 1885 3393 τάς

302 3425 608 3497 ὲμφερείας
634 3442 648 3456 ·
692 3426 917 3497 ἡμερῶν
967 3424 1025 3478 δὲ
1052 3424 1318 3496 διαφορὰν
1369 3426 1637 3496 μηδαμῶς
1673 3442 1882 3493 καταγ-

300 3520 547 3589 γέλλειν,
580 3519 717 3590 μηδὲ
754 3538 772 3570 ι
814 3518 1256 3588 προφασίζεσθαι
1276 3520 1582 3589 προφάσεις
1604 3521 1661 3573 έν
1697 3520 1882 3589 ἁμαρ-

1977 1857 2211 1918 quatuor
2247 1857 2632 1918 tempestatum
2670 1849 2981 1905 varietatem
3008 1861 3186 1923 atque
3213 1855 3552 1929 discrimina,

1982 1943 2139 2013 177
2177 1942 2380 2011 quibus
2410 1943 2669 1999 Conditor
2702 1944 2770 1999 ab
2810 1946 2967 2001 initio
2997 1949 3124 2003 anni
3158 1951 3422 2007 circulum
3460 1970 3553 2011 co-

1979 2035 2214 2090 ronavit.
2254 2036 2323 2090 At
2347 2036 2602 2106 nequitia:
2638 2044 2693 2090 et
2746 2037 3111 2108 improbitatis
3165 2043 3558 2115 pravitatisque

1978 2129 2200 2185 effector
2230 2130 2347 2187 dies
2372 2130 2556 2187 nullus
2583 2133 2808 2188 omnino
2852 2145 2935 2190 est
2965 2153 2979 2189 :
3005 2137 3098 2191 sed
3129 2137 3409 2192 hominum
3464 2156 3558 2194 vo-

1979 2224 2236 2289 luntates,
2268 2236 2329 2280 ut
2355 2226 2470 2281 haec
2485 2242 2701 2298 quoque
2727 2228 3075 2293 exsisterent,
3104 2232 3430 2303 negligentia
3458 2250 3556 2290 sua
3659 2251 3663 2255 ‘

1979 2332 2043 2372 ac
2076 2317 2283 2373 desidia
2315 2317 2786 2386 etfccerunt.Qua3
2815 2321 2859 2376 si
2893 2321 2966 2376 ita
2993 2337 3052 2377 se
3084 2323 3304 2391 habent,
3325 2342 3560 2396 quomo-

1980 2409 2072 2472 do,
2105 2409 2303 2479 inquit,
2334 2409 2453 2465 dies
2484 2411 2699 2481 priores
2724 2412 2900 2469 bonos
2936 2414 3174 2484 appellas
3202 2431 3313 2486 prae
3341 2417 3428 2481 iis,
3461 2420 3556 2489 qui

1980 2518 2127 2557 nunc
2143 2509 2290 2567 sunt,
2310 2518 2431 2557 cum
2455 2503 2616 2559 iidem
2639 2516 2829 2561 omnes
2853 2506 3012 2576 plane
3032 2522 3154 2562 esse
3182 2510 3561 2578 reperiantur?

1984 2592 2235 2649 Profecto
2264 2610 2371 2649 non
2404 2609 2470 2649 ex
2498 2594 2766 2666 sapientia
2804 2596 2909 2652 hoc
2954 2600 3355 2668 pronuntiasti,
3398 2611 3455 2656 at
3491 2617 3556 2657 ex

1982 2686 2210 2741 stultitia
2243 2685 2454 2743 locutus
2480 2702 2540 2742 es
2562 2686 2695 2759 (67).
2722 2684 2858 2744 Illud
2884 2689 3082 2745 referat
3107 2692 3303 2762 magis,
3330 2693 3557 2750 bonesna

1983 2775 2251 2845 majorum
2279 2778 2456 2833 studia
2490 2794 2554 2835 ac
2581 2779 2811 2836 virtutes
2842 2780 3048 2837 honore
3074 2785 3326 2856 prosequi
3356 2826 3370 2851 ,
3411 2799 3505 2841 aut
3527 2804 3559 2842 e

1982 2871 2259 2926 contrario
2286 2872 2641 2928 temeritatem
2673 2889 2961 2944 pravarum
2993 2879 3280 2946 mentium,
3306 2896 3427 2949 quae
3449 2882 3559 2936 viro

1983 2970 2153 3017 tutem
2188 2974 2529 3030 aversantur,
2563 2967 2999 3036 reprehendere:
3031 2979 3144 3025 tum
3178 2970 3353 3027 bonos
3383 2973 3557 3028 hone-

1986 3066 2210 3128 stosque
2264 3059 2511 3125 imitari,
2579 3058 2954 3129 improborum
3015 3076 3148 3116 vero
3198 3065 3559 3119 etmalorum

1987 3162 2204 3205 omnem
2234 3166 2261 3204 a
2294 3166 2353 3206 se
2387 3151 2797 3207 similitudinem
2827 3152 3123 3219 detestari;
3164 3155 3372 3210 nullum
3406 3157 3559 3211 deni-

1980 3255 2088 3311 que
2132 3239 2343 3295 dierum
2389 3242 2599 3311 jactare
2639 3242 2931 3298 discrimen
2957 3285 2972 3308 ,
3017 3259 3194 3314 neque
3243 3263 3262 3297 ι
3295 3261 3559 3303 excusare

1980 3334 2358 3387 excusationes
2382 3333 2434 3385 in
2467 3333 2702 3402 peccatis
2721 3334 2788 3399 ";
2819 3351 2836 3384 ι
2864 3342 2959 3387 aut
2986 3349 3195 3399 eorum,
3222 3351 3343 3405 qum
3376 3338 3429 3391 in
3462 3354 3560 3391 no-

1978 3424 2063 3480 bis
2096 3435 2259 3489 sunt,
2295 3434 2347 3480 et
2373 3440 2402 3479 a
2437 3425 2641 3480 nostris
2673 3425 3044 3481 voluntatibus
3072 3428 3332 3497 pendent,
3360 3444 3558 3485 causas

1980 3517 2281 3573 transferre
2310 3516 2377 3571 ad
2406 3517 2668 3574 inanima.
2707 3516 2797 3573 Ait
2828 3517 3022 3573 deinde
3050 3536 3062 3572 :

300 3615 455 3675 τίαις
479 3630 493 3645 ο
533 3630 552 3662 ο
583 3610 680 3665 καὶ
708 3611 819 3663 τῶν
850 3610 936 3679 ἐφ’
965 3610 1098 3680 ἡμῖν
1133 3609 1229 3662 καὶ
1269 3608 1380 3662 τῶν
1424 3610 1709 3681 ἡμετέρων
1741 3608 2119 3680 προαιρέσεων
2149 3610 2483 3681 ἠρτημένων
2522 3609 2622 3673 τὰς
2660 3610 2842 3673 αἰτίας
2905 3611 3260 3667 ἀνατίθεσθαι
3281 3616 3396 3677 τοῖς
3416 3616 3557 3685 ἀψύ-

260 3744 271 3753 ι
300 3727 445 3781 χοις.
475 3703 610 3761 Εἶτά
639 3720 805 3775 φησιν
828 3718 843 3732 ·

1832 3796 1860 3867 §
1894 3794 2036 3851 xw.

391 3890 597 3961 Ἀγαθὴ
626 3888 992 3958 σοφίαμετὰ
1036 3888 1463 3956 κληροδοσίας,
1516 3890 1615 3943 καὶ
1675 3906 1881 3958 περισ-

302 3983 448 4039 σεία
474 3980 598 4046 τοῖς
628 3978 915 4047 θεωροῦσι
944 3978 1051 4031 τὸν
1068 3978 1245 4045 ἥλιον
1275 3995 1290 4009 ο
1316 3979 1405 4032 ὅτι
1433 3980 1503 4032 ἐν
1529 3979 1672 4049 σκιᾷ
1692 3980 1881 4047 αὐτῆς

301 4075 347 4141 ἡ
376 4072 557 4141 σοφία
594 4071 675 4136 ὡς
708 4069 854 4123 σκιὰ
890 4068 1001 4122 τοῦ
1048 4067 1334 4137 ἀργυρίου
1360 4109 1375 4134 ,
1410 4068 1510 4123 καὶ
1564 4071 1882 4139 περισσεία

300 4163 586 4237 γνώσεως
617 4161 728 4231 τῆς
757 4161 978 4229 σοφίας
1000 4157 1349 4227 ζωοποιήσει
1372 4160 1482 4215 τὸν
1507 4160 1644 4228 παρ’
1667 4160 1877 4228 αὐτῆς.

391 4256 838 4326 Ἀποφηνάμενος
871 4252 977 4324 πρὸ
1000 4251 1233 4324 βραχέος
1257 4292 1271 4318 ,
1309 4252 1411 4306 οὐκ
1439 4254 1497 4306 ὲν
1524 4252 1686 4324 σοφίᾳ
1715 4252 1880 4321 φάναι

2054 3887 2223 3942 Vens.
2250 3887 2337 3950 il,
2370 3887 2455 3940 12.
2489 3884 2637 3939 Bona
2660 3897 2735 3940 est
2770 3888 3037 3957 sapientia
3088 3906 3206 3944 cum
3247 3894 3559 3949 Iuvreditate

1982 3990 2031 4035 et
2065 3979 2291 4048 amplius
2320 3976 2609 4032 videntibus
2651 3979 2813 4032 solem
2849 3996 2867 4033 :
2924 3981 3050 4049 quia
3108 3984 3161 4035 in
3209 3985 3397 4039 umbra
3442 3988 3557 4057 ejus

1983 4072 2267 4140 sapientia,
2293 4072 2428 4124 sicut
2455 4070 2642 4122 umbra
2668 4072 2893 4139 argenti,
2921 4080 2972 4124 et
3002 4072 3335 4130 abundantia
3390 4080 3561 4133 scien-

1986 4166 2075 4218 tia:
2112 4163 2389 4232 sapientia:
2420 4161 2699 4230 viviﬁcabit
2730 4178 2868 4227 eum,
2913 4164 3001 4233 qui
3029 4164 3095 4217 ab
3117 4181 3180 4219 ea
3212 4166 3345 4238 (68).

2056 4254 2320 4309 l’rael‘atus
2354 4253 2535 4318 modo,
2573 4267 2681 4306 non
2711 4267 2778 4307 ex
2806 4254 3069 4322 sapientia
3120 4256 3361 4312 locutum
3417 4274 3556 4325 esse,

298 4352 399 4406 τὸν
432 4348 641 4417 ἀγαθὰς
663 4345 890 4399 είπόντα
934 4347 1034 4409 τὰς
1070 4345 1505 4418 προγενεστέρας
1537 4346 1751 4416 ἡμέρας
1773 4345 1880 4398 τῶν

1986 4347 2081 4418 qui
2110 4347 2270 4413 dixit,
2297 4345 2433 4406 dies,
2470 4345 2565 4414 qui
2598 4352 2727 4399 ante
2763 4360 2867 4401 nos
2915 4345 3156 4413 fuerunt,
3222 4349 3395 4406 bonos
3449 4369 3559 4421 prae

297 4444 425 4498 νῦν’
454 4443 547 4497 καὶ
567 4441 749 4505 δείξας
773 4439 851 4511 τῷ
874 4440 1018 4512 λόγῳ
1045 4442 1144 4511 τῆς
1160 4430 1588 4511 άντιδιαστοκῆς,
1618 4442 1710 4495 καί
1732 4457 1884 4504 τινας

296 4535 448 4591 εἶναι
477 4534 675 4603 σοφοὺς
707 4532 1031 4605 ἀνθρώπους
1059 4536 1187 4599 τοὺς
1199 4533 1358 4589 τοῦτο
1382 4532 1456 4606 μὴ
1482 4533 1882 4603 καταγγέλλον-

378 4648 426 4681 εδ
464 4645 609 4701 Psal.
632 4660 775 4709 cxu,
802 4646 857 4708 4.

380 4759 493 4830 (67)
526 4756 643 4830 Non
676 4758 833 4830 aliter
863 4755 1096 4809 Basilius
1132 4753 1247 4809 sive
1295 4752 1415 4819 eius
1447 4754 1681 4830 nomine
1746 4752 1886 4807 alius

300 4824 493 4883 nescio
510 4829 655 4897 quis,
681 4827 965 4897 proximus
982 4835 1160 4878 tamen
1178 4838 1376 4897 eorum
1390 4824 1695 4897 temporum
1722 4838 1882 4897 :_nam

303 4891 775 4951 Commentarium
792 4899 845 4951 in
867 4894 1084 4955 Isaiam,
1100 4894 1193 4962 qui
1216 4892 1419 4947 Basilio
1434 4891 1709 4953 tribuitur,
1730 4891 1884 4945 Basi-

303 4965 682 5033 liiMagninon
714 4982 857 5030 esse,
891 4964 1143 5019 Julianus
1161 4963 1463 5033 Garnierus
1498 4963 1629 5016 mihi
1657 4965 1882 5016 omnino

305 5030 573 5107 probavit
620 5036 813 5101 (Praef.
865 5035 1070 5107 §10):
1110 5048 1219 5107 non
1252 5030 1431 5103 aliter,
1473 5034 1720 5107 inquam,
1766 5033 1880 5107 haec

304 5102 431 5175 ipsa
455 5105 793 5160 Ecclesiastaa
810 5102 1083 5175 usurpans
1098 5102 1288 5175 verba,
1311 5119 1528 5158 omnem
1551 5107 1609 5175 in
1637 5102 1882 5157 homines

307 5172 527 5244 culpam
561 5175 758 5243 rejicit,
794 5177 842 5230 si
868 5178 921 5230 in
948 5172 1103 5243 pejus
1137 5172 1324 5238 ruant,
1385 5183 1441 5228 et
1487 5174 1645 5244 annis
1688 5189 1879 5226 succe-

303 5242 569 5301 dentibus
605 5242 1063 5324 deteriorestiant
1095 5259 1498 5324 :Iquanquam.
1525 5242 1635 5296 dies
1673 5243 1891 5324 priores

304 5331 424 5370 non
485 5331 582 5369 eos
668 5314 1015 5385 interpretari
1089 5314 1308 5369 videtur
1340 5353 1354 5376 ,
1408 5315 1498 5381 qui
1544 5382 1551 5385 Α
1595 5314 1895 5385 antiquitus

304 5388 557 5451 fuerunt,
583 5384 680 5440 sed
708 5382 847 5454 quos
882 5384 1120 5453 quisque
1154 5385 1357 5454 primos
1383 5382 1600 5454 vixerit.
1632 5382 1722 5454 Si_c
1745 5386 1889 5454 enim

304 5457 416 5523 (ad
458 5448 687 5525 ls.'cap.
729 5448 770 5525 ᾖ,
805 5471 859 5507 n.
900 5448 969 5523 li)
995 5448 1380 5525 ‘locut'usgest:
1430 5452 1617 5525 οὔτως
1651 5448 1743 5503 οὖν
1762 5452 1893 5525 Qub-

305 5472 416 5523 (συ
458 5472 525 5509 IS.
565 5472 687 5525 cap.
757 5498 770 5518 ,
805 5472 859 5507 n.
901 5472 969 5523 ιι)
1009 5472 1228 5510 ιοοιιιιιε
1256 5472 1380 5507 esu
1430 5472 1617 5513 υυτως
1651 5472 1743 5503 ουν
1762 5472 1893 5520 ριω-

305 5543 506 5595 σωμεν
534 5525 612 5588 ὡς
647 5472 1024 5595 μηδέποτετᾶ
1051 5523 1392 5595 παρελθόντα
1430 5522 1719 5595 κρείττονα
1752 5517 1893 5595 εἶναι.

300 5592 421 5649 τῶν
460 5592 766 5666 μελλόντων
797 5596 831 5666 ἦ
867 5594 981 5666 τὴν
1010 5594 1398 5666 ἐνεστηκότων.
1417 5592 1610 5666 Τούτο-
1645 5592 1753 5661 γάρ
1800 5594 1895 5666 καὶ

302 5615 421 5649 των
460 5613 766 5666 μεν-Αοντων
797 5613 831 5666 η
867 5613 896 5647 τ
948 5613 981 5649 ν
1010 5613 1398 5662 ενεστηκοτων.
1444 5613 1604 5647 ιουτο
1645 5613 1753 5661 γαρ
1800 5613 1893 5643 και

302 5671 337 5742 ᾧ
410 5667 848 5742 ξΕκκλ-ησιαστὴς
902 5613 1313 5742 ἒπαγορειύειν·
1360 5681 1377 5713 ι
1415 5662 1733 5742 Μὴιεῖπῃςι
1810 5662 1893 5713 ὅτι

301 5737 522 5808 ἡμέραι
570 5728 628 5790 οίί
664 5728 936 5807 πρότεροιί
989 5728 1193 5804 ἀγαθαὶ
1253 5728 1392 5808 ἦσαν
1446 5728 1584 5808 ὑπὲρ
1637 5728 1845 5808 ταύτας
1875 5747 1888 5761 ο

300 5800 395 5861 ὅτι
428 5800 528 5861 ὁύκ
560 5809 617 5862 ὲν
658 5800 820 5878 σοφίᾳ
841 5800 1220 5880 empsim“;
1255 5800 1384 5857 περὶ
1413 5800 1625 5855 τούτου.
1678 5822 1695 5853 ι
1766 5800 1889 5854 Ἐὰν

1987 4442 2055 4497 iis
2113 4455 2254 4504 esse,
2310 4437 2402 4508 qui
2464 4452 2610 4492 nunc
2657 4448 2817 4505 sunt;
2880 4447 3044 4508 atque
3104 4442 3241 4496 adeo
3305 4452 3556 4507 testatus,

1985 4540 2046 4586 ut
2103 4530 2222 4601 ipsa
2276 4526 2637 4598 appositionis
2689 4526 2795 4581 fert
2845 4528 3014 4592 ratio,
3073 4530 3336 4598 quosdam
3394 4536 3556 4588 ειίειη,

1991 4754 2098 4835 γὰρ
2129 4756 2185 4808 αἱ
2210 4754 2548 4835 προάᾼγουσαι
2579 4757 2788 4835 ἡμέραι
2822 4754 3068 4835 ρελτίους
3116 4752 3381 4835 ᾧσιῌτῶν
3422 4765 3564 4831 μετὰ
3630 4764 3633 4767 ’

1991 4825 2188 4903 ταῦτα,
2242 4825 2566 4903 λεχθήσεται
2602 4825 2764 4903 ὑμῖν,
2815 4825 3087 4903 Τοσαύταᾷ
3125 4829 3357 4903 ἐπάθετε
3413 4825 3558 4903 εἰκῆ.

1992 4896 2425 4972 άμαυρουμένων
2454 4898 2562 4949 τῶν
2598 4896 2775 4972 καλῶν
2807 4899 2920 4972 ὑπὸΔ
2945 4899 3042 4967 τῆς
3072 4901 3272 4972 ἐντοῖς
3334 4896 3561 4972 ὕστερον

1993 4966 2275 5047 ἀμελείας.
2299 4965 2504 5047 Nempe
2528 4986 2540 5021 :
2582 4969 2663 5021 Ad
2692 4975 2826 5021 hunc
2848 4965 3013 5037 igitur
3039 4970 3252 5047 modum
3283 4974 3441 5023 vitam
3468 4965 3564 5025 no-

1992 5047 2158 5088 stram
2206 5039 2571 5109 instituamus,
2600 5047 2659 5089 ut
2685 5055 2801 5107 qua:
2836 5039 3228 5109 prazterierunt,
3291 5057 3558 5109 nunquam

1990 5107 2367 5178 pra’stantiora
2395 5124 2504 5178 esse
2523 5123 2823 5160 censeamus
2846 5108 3042 5176 futuris
3070 5118 3161 5161 aut
3192 5107 3562 5178 praesentibus.

1995 5174 2138 5250 Nam
2168 5177 2262 5250 hoc
2297 5175 2639 5250 Ecclesiastes
2671 5174 2870 5247 quoque
2896 5187 3053 5239 vetat,
3085 5178 3164 5250 Ne
3186 5174 3390 5235 dixeris
3426 5198 3557 5250 quo-

1995 5247 2141 5320 niam
2182 5247 2309 5320 dies
2331 5247 2539 5320 priores
2574 5247 2892 5320 buni‘erant
2922 5248 3163 5320 praeLhis
3197 5267 3211 5301 :
3254 5252 3382 5320 quia
3443 5247 3561 5306 tu...

1996 5318 2049 5371 in
2077 5315 2348 5389 sapientia
2387 5317 2731 5389 interrogasti
2766 5318 2831 5389 de
2857 5315 2980 5372 hoc.
3018 5315 3080 5371 Si
3111 5320 3249 5372 enim
3271 5315 3393 5389 'qui
3425 5338 3564 5388 prcr-

1992 5385 2254 5441 cesserunt
2274 5388 2385 5439 dies
2410 5385 2648 5439 meliores
2677 5386 2893 5454 fuerint,
2926 5388 3113 5440 merito
3149 5390 3296 5443 nobis
3317 5385 3522 5443 dicitur
3543 5405 3563 5444 :

1997 5457 2166 5513 Tanta
2188 5457 2334 5525 passi
2366 5458 2492 5509 estis
2524 5457 2763 5524 frustra;
2796 5457 2943 5510 bonis
2975 5458 3215 5522 operibus
3252 5463 3437 5514 vestris
3493 5463 3562 5513 ad

1995 5528 2217 5602 niln'lum
2247 5525 2495 5593 reductis,
2524 5542 2661 5595 quoa
2716 5543 2833 5596 qum
2884 5538 3064 5582 secuta
3118 5538 3263 5597 sunt,
3323 5538 3536 5602 neglexe

1992 5598 2128 5649 ritis.

2069 5666 2178 5750 ((iS)
2203 5663 2412 5750 Olymp.
2439 5667 2607 5750 Ett‘év.
2631 5669 2757 5747 σκιᾷ
2785 5668 2946 5723 αὐτοῦ
2971 5669 3003 5739 ἡ
3030 5669 3208 5739 σοφία.
3245 5711 3259 5727 .

3337 5710 3352 5726 ο
3386 5711 3398 5727 ο
3426 5688 3565 5727 εωοα

2069 5672 2178 5737 (68)
2203 5672 2412 5737 Olymp.
2439 5672 2518 5718 ὅτι
2543 5672 2601 5718 ὲν
2631 5672 2757 5736 σκιᾷ
2785 5672 2946 5723 αὐτοῦ
2971 5672 3003 5739 ἡ
3030 5672 3208 5739 σοφία.
3245 5711 3259 5727 .
3337 5710 3352 5726 .
3386 5711 3398 5727 .
3426 5672 3456 5738 ζ

2001 5740 2213 5809 ποιησει
2243 5738 2369 5800 τοὺς
2400 5736 2527 5809 παρ’
2552 5738 2741 5808 αὐτῆς.
