4114 6528
582 366 718 431 1007

1682 367 1743 427 S.
1786 366 2165 426 GREGORII
2224 366 2737 429 AGRIGENTINI

3695 330 3824 435 mos

580 483 748 554 178
772 495 896 534 esse
915 477 1188 547 sapientes
1218 476 1487 542 homines,
1506 477 1602 546 qui
1634 478 1861 532 minime
1883 478 1989 534 hoc
2016 477 2157 532 allir-

2264 495 2364 542 τας
2378 479 2513 551 μηδὲ
2530 479 2637 534 τῶν
2660 480 2884 551 ἀψυχων
2898 480 3420 552 καταψευδομένους,
3437 482 3698 552 ἀφιέντας
3707 487 3823 550 τοὺς

577 584 751 637 ment,
773 579 868 625 aut
894 569 1137 624 inanima
1170 568 1478 638 culpantes,
1504 583 1601 624 eos
1634 568 1944 636 absolvant,
1966 571 2061 640 qui
2088 570 2156 625 li-

580 666 764 719 heram
790 660 992 717 habent
1020 659 1381 723 voluntatem,
1404 667 1460 714 et
1488 673 1599 730 quo
1628 661 1824 714 malint
1855 660 2156 715 inclinandi

576 755 862 810 arbitrium
892 770 908 819 ;
953 751 1102 807 addit
1138 767 1328 807 nunc:
1366 770 1385 804 ι
1431 751 1582 807 Bona
1607 762 1692 808 est
1722 753 1990 825 sapientia
2026 768 2157 809 cum

577 847 926 903 haereditate:
954 863 973 896 ι
997 844 1086 911 iis,
1116 844 1209 914 qui
1240 860 1536 914 supernam
1556 845 1909 916 divinumque
1935 846 2157 915 sapien-

576 941 709 995 tiam
738 938 884 994 nacti
921 946 1069 1000 sunt,
1100 944 1374 1006 praecepta
1409 936 1653 1001 tradens,
1682 946 1744 992 ut
1791 945 1844 991 et
1868 937 2007 991 alios
2038 950 2159 990 om-

577 1047 675 1088 nes
723 1030 1006 1093 edoceant,
1038 1042 1240 1082 vanum
1266 1028 1402 1081 nihil
1429 1030 1675 1098 cogitare
1698 1037 1794 1082 aut
1825 1028 2000 1097 loqui,
2058 1041 2157 1081 nec

574 1125 796 1180 vitiatas
830 1136 895 1177 ac
921 1128 1200 1175 tortuosas
1261 1120 1552 1190 opiniones
1592 1120 1875 1190 amplecti,
1927 1126 1983 1174 et
2030 1135 2155 1189 quae

577 1230 847 1286 nusquam
880 1223 1029 1281 sunt,
1063 1212 1169 1269 sibi
1208 1212 1412 1283 ﬁngere
1446 1232 1459 1268 :
1499 1223 1555 1268 at
1581 1223 1733 1269 recto
1773 1212 1961 1267 animo
1990 1222 2155 1267 natu-

580 1325 697 1365 ram
732 1324 917 1365 rerum
945 1306 1407 1376 contemplantes,
1440 1307 1655 1361 veritati
1684 1307 1915 1362 sincerae
1941 1321 2008 1362 ac
2052 1305 2157 1360 mi-

576 1405 726 1458 nime
756 1401 952 1457 fucatae
975 1401 1278 1464 adhaerere,
1312 1409 1368 1454 et
1393 1400 1587 1454 diebus
1622 1400 1881 1453 omnibus
1925 1398 2157 1469 gloriam

580 1496 811 1551 Domino
841 1495 1103 1558 tribuere,
1131 1497 1224 1564 qui
1254 1495 1372 1549 dies
1433 1492 1726 1547 universos
1789 1507 1945 1561 pares
2020 1506 2156 1546 con-

579 1586 774 1654 stituit,
806 1594 1080 1657 quotquot
1110 1588 1374 1640 hactenus
1421 1586 1701 1648 exstitere,
1763 1594 1816 1638 et
1848 1599 2156 1638 mensuram

579 1682 646 1736 iis
674 1679 1032 1747 ordinemque
1092 1676 1482 1748 praescripsit:
1546 1685 1659 1730 tum
1717 1692 1894 1745 neque
1950 1677 2157 1747 primos

578 1786 755 1842 neque
779 1782 1083 1841 postremos
1113 1770 1467 1823 distinctione
1498 1770 1716 1822 inducta
1764 1770 1937 1824 bonos
1965 1770 2154 1839 appel-

581 1864 714 1928 lare,
744 1861 841 1918 sed
867 1875 1061 1915 omnes
1093 1860 1440 1929 simpliciter,
1464 1868 1727 1928 tanquam
1754 1876 1821 1914 ex
1850 1861 1995 1915 bono
2022 1876 2155 1931 pro-

581 1957 831 2021 ﬂuentes,
861 1961 916 2008 et
942 1969 1110 2009 cursu
1139 1953 1273 2007 solis
1318 1967 1382 2008 ac
1448 1964 1598 2007 motu
1665 1955 2111 2023 circumscriptus
2141 1973 2155 2009 :

581 2047 743 2103 simul
782 2056 836 2101 et
868 2045 1126 2099 virtutem
1160 2054 1215 2099 et
1243 2046 1443 2099 vitium
1493 2047 1561 2100 ab
1636 2048 1876 2099 humano
1929 2046 2159 2099 arbitrio

582 2140 838 2208 pendere,
876 2151 941 2190 ac
987 2146 1275 2206 propterea
1336 2146 1444 2191 tam
1493 2147 1741 2207 pacatam
1791 2152 2160 2208 serenamque

578 2231 864 2286 hominum
921 2229 1112 2291 vitam,
1179 2246 1341 2298 quam
1402 2231 1774 2284 turbulentam
1838 2231 2158 2285 eorumdem

584 2340 646 2379 ac
691 2321 1082 2376 tumultuosam
1113 2321 1485 2375 conditionem
1530 2340 1544 2376 :
1596 2330 1653 2376 ut
1682 2324 1939 2377 virtutem
1974 2324 2156 2395 magni

584 2413 1283 2482 facientes,improbitatem
1320 2424 1579 2485 tanquam
1609 2416 1983 2471 detestabilem
2010 2432 2161 2472 aver-

585 2518 797 2563 Se‘llllll'.

654 2598 755 2665 Qui
788 2599 955 2667 igitur
975 2595 1299 2666 sapientiam
1341 2611 1371 2649 a
1406 2594 1519 2650 Deo
1574 2596 1805 2665 accepit,
1859 2611 1967 2650 non
2039 2611 2158 2651 eam

584 2696 688 2752 sibi
726 2695 819 2750 uni
850 2694 1150 2749 attribuere
1179 2692 1342 2746 debet
1410 2707 1475 2747 ac
1531 2692 2000 2754 circumscribere,
2064 2694 2160 2748 sed

576 2789 752 2844 veluti
786 2787 1018 2859 diligens
1050 2786 1275 2856 quidam
1320 2784 1715 2855 paterfamilias
1772 2796 1826 2840 et
1864 2786 2158 2841 liberorum

586 2896 798 2946 amans,
848 2895 968 2935 eam
1020 2879 1235 2935 caeteris
1287 2892 1507 2948 quoque
1563 2878 1903 2944 hominibus,
1957 2886 2159 2948 quanta

586 2972 755 3027 menti
780 2971 952 3026 indita
981 2972 1163 3035 fuerit,
1196 2970 1430 3040 singulis
1458 2970 1812 3032 distribuere,
1878 2982 1937 3026 ut
1986 2971 2162 3025 mani-

587 3066 725 3115 t'esto
756 3060 893 3114 bona
923 3070 979 3114 et
1008 3059 1275 3114 habeatur
1311 3067 1365 3113 et
1388 3060 1724 3113 nominetur.
1761 3057 1894 3112 Nam
1964 3059 2162 3113 habere

574 3153 934 3223 sapientiam,
973 3163 1028 3206 et
1065 3152 1206 3206 hanc
1238 3152 1392 3221 quasi
1435 3152 1803 3206 haereditatem
1842 3156 1949 3205 non
1980 3163 2162 3205 trans-
2189 3183 2231 3239 ο

590 3246 804 3298 mittere
862 3245 930 3297 ad
958 3244 1117 3308 alios,
1167 3244 1437 3297 bonorum
1470 3244 1657 3312 utique
1691 3260 1799 3297 non
1852 3255 1955 3299 est.
2017 3242 2154 3298 Nam

580 3335 681 3405 qui
713 3337 820 3391 hoc
842 3334 992 3398 facit,
1033 3334 1231 3389 similis
1265 3344 1350 3389 est
1376 3344 1432 3387 et
1463 3335 1620 3402 plane
1655 3334 2056 3403 comparandus
2082 3336 2153 3401 ei,

583 3428 676 3497 qui
710 3443 902 3491 unum,
928 3426 1071 3497 quod
1104 3435 1414 3495 acceperat,
1467 3427 1731 3480 talentum
1767 3428 1838 3481 ob
1868 3428 2155 3497 segnitiem

588 3529 642 3574 et
667 3519 936 3590 ignaviam
969 3518 1071 3571 sub
1099 3529 1240 3572 terra
1276 3517 1544 3570 condidit.
1574 3516 1677 3582 Qui
1705 3532 1834 3571 vero
1867 3533 1987 3572 eam
2012 3519 2157 3572 mul~

588 3614 657 3668 tis
686 3611 809 3666 aliis
841 3610 1032 3664 dividit
1055 3616 1109 3664 et
1137 3618 1398 3678 tanquam
1447 3608 1818 3673 heereditatem
1876 3610 2059 3675 tradit,
2090 3611 2156 3663 il-

589 3711 700 3759 lum
728 3704 990 3768 imitatur,
1023 3701 1116 3768 qui
1142 3701 1346 3757 talenta
1374 3702 1638 3769 quinque,
1669 3701 1872 3771 quique
1902 3702 2011 3755 duo
2064 3719 2157 3757 ac-

574 3797 749 3867 cepit,
774 3804 831 3850 et
874 3793 1063 3848 sedulo
1092 3793 1433 3861 honestoque
1461 3792 1692 3846 consilio
1727 3792 1941 3846 lucrum
1967 3809 2155 3848 eorum

578 3889 737 3942 auxit
776 3902 838 3941 ac
866 3885 1182 3955 duplicavit.
1216 3882 1371 3951 Quod
1404 3885 1623 3953 sapiens
1673 3883 2034 3939 Ecclesiastes
2080 3884 2154 3939 si-

582 3981 844 4051 gniﬁcare
878 3995 1004 4034 cum
1038 3977 1218 4043 vellet,
1265 3978 1342 4030 ait
1372 3993 1387 4031 :
1415 3994 1434 4027 ι
1475 3974 1803 4046 Etamplius
1841 3977 2153 4032 videntihus

585 4075 778 4130 solem.
820 4090 839 4123 ι
871 4071 973 4137 Qui
1007 4070 1150 4124 enim
1186 4069 1368 4123 datam
1399 4068 1503 4123 sibi
1539 4069 1801 4123 divinitus
1832 4068 2153 4138 sapientiam

580 4164 852 4233 dispertit,
886 4163 933 4218 is
983 4163 1182 4216 bonum
1237 4176 1457 4230 quoque
1502 4169 1784 4228 acceptum
1837 4160 2153 4229 ampliﬁcat,

577 4257 846 4310 talentum
882 4255 1180 4324 adaugens,
1215 4254 1415 4323 quippe
1440 4252 1536 4322 qui
1587 4252 1773 4307 erudit
1829 4253 2053 4317 multos,
2101 4262 2155 4305 et

585 4350 714 4401 dum
746 4348 930 4416 plures
958 4362 1169 4411 eorum,
1194 4346 1288 4415 qui
1337 4346 1506 4400 solem
1560 4345 1708 4399 hunc
1767 4345 2153 4415 aspectabilem

586 4442 890 4504 intuentur,
940 4440 1004 4493 ad
1037 4454 1191 4493 veras
1220 4438 1521 4493 sententias
1557 4447 1613 4492 et
1633 4437 1932 4507 spiritalem
1986 4439 2151 4490 vitam

582 4532 851 4603 perducit,
902 4531 1275 4613 179_simnl
1317 4529 1408 4584 Dei
1468 4531 1694 4602 gloriam
1743 4545 1932 4585 eorum
1983 4530 2157 4584 salute
2188 4546 2231 4599 ι)

585 4628 833 4695 adauget.
862 4625 999 4677 Nam
1034 4624 1193 4678 veluti
1228 4624 1418 4677 umbra
1437 4622 1670 4692 quadam
1702 4624 1817 4677 sive
1846 4631 2155 4692 legumento

584 4716 866 4785 sapientia:
897 4731 1009 4769 sua:
1032 4715 1101 4769 ab
1149 4724 1503 4770 externorum
1558 4713 1905 4784 captionibus
1948 4722 2150 4779 tuetur,

584 4820 639 4863 et
667 4809 736 4861 ah
774 4819 909 4863 aestu
964 4809 1171 4876 peccati
1199 4816 1361 4876 atque
1419 4807 1711 4875 impiarum
1756 4807 2152 4874 cogitationum

585 4900 857 4952 immunes
884 4904 1126 4967 praestat.
1165 4895 1231 4950 Et
1256 4897 1358 4950 hoc
1389 4896 1579 4965 utique
1611 4897 1729 4950 sine
1773 4898 2153 4951 controversia

582 4999 688 5052 est,
733 4986 881 5057 quod
916 4986 1100 5040 addit:
1135 5006 1153 5037 ι
1185 4985 1321 5051 Quia
1351 4986 1405 5039 in
1451 4986 1641 5039 urnbra
1691 4987 1807 5053 ejus
1863 4988 2150 5056 sapientia,

583 5083 724 5133 sicut
756 5080 948 5131 umbra
978 5078 1187 5148 argenti
1218 5094 1233 5143 ;
1281 5094 1299 5126 ι
1334 5078 1796 5145 quemadmodum
1852 5078 1997 5131 enim
2058 5079 2151 5148 qui

583 5174 722 5225 dona
760 5170 993 5224 allerunt
1020 5181 1076 5224 et
1104 5177 1389 5238 argentum
1415 5169 1545 5222 dant
1590 5169 1657 5222 iis
1690 5184 1719 5222 a
1770 5169 1972 5238 quibus
2026 5170 2152 5225 laedi

584 5270 831 5330 possunt,
868 5262 951 5314 vel
983 5261 1284 5330 periculum
1315 5270 1398 5315 est
1467 5276 1533 5314 ne
1559 5261 1846 5327 laedantur,
1879 5263 1962 5316 vel
1987 5264 2153 5333 aqui-

585 5355 684 5409 bus
714 5355 911 5423 captivi
950 5354 1216 5407 habentur
1244 5362 1300 5408 et
1352 5353 1495 5407 male
1553 5366 1819 5408 vexantur
1859 5366 1914 5409 at
1964 5358 2149 5426 pejora

583 5445 636 5497 in
677 5443 793 5498 dies
826 5453 1096 5507 metuunt,
1131 5443 1290 5512 quasi
1331 5444 1521 5498 umbra
1584 5446 1835 5514 proeecti,
1899 5448 2152 5517 nequitia:

580 5552 769 5590 eorum
800 5546 995 5590 mstum
1021 5536 1250 5600 evitant,
1282 5547 1337 5591 et
1372 5537 1733 5605 periculorum
1764 5539 1964 5593 ﬂuctus
2019 5540 2153 5595 ellu-

580 5629 734 5697 giunt
780 5648 793 5681 :
828 5630 909 5682 sic
935 5638 991 5683 et
1032 5629 1230 5682 divina:
1265 5630 1547 5697 sapientia:
1598 5632 1915 5686 distributio
1955 5642 2151 5687 etlan.

581 5736 744 5793 quam
780 5721 1113 5775 hcereditatis
1136 5721 1353 5785 divisio,
1424 5736 1547 5775 cum
1596 5723 1800 5776 umbrze
1864 5725 2035 5779 instar
2078 5728 2147 5781 ah

577 5820 711 5881 aestu
742 5819 986 5879 protegat
1051 5822 1269 5866 tentatae
1327 5811 1527 5867 mentis
1560 5821 1613 5867 et
1644 5814 1999 5871 allicientium
2065 5820 2146 5872 vi-

2259 568 2606 634 αὐτεξούσιον
2640 570 2960 643 προαίρεσιν
2976 570 3219 641 ἔχοντας,
3240 573 3335 625 zeal
3360 571 3460 642 τὴν
3487 573 3573 641 ἐφ’
3595 573 3823 647 ἑκάτερα

2262 662 2436 734 ῥοπὴν
2462 665 2834 733 κεκτημένους
2870 680 2884 694 ο
2918 664 3015 718 νῦν
3047 681 3203 734 φησι,
3234 682 3253 716 ι
3306 664 3513 736 ’Λγαθὴ
3543 667 3709 737 σοφία
3735 686 3825 740 με-

2259 755 2327 808 τὰ
2364 754 2723 826 κληροδοσίας
2753 772 2768 786 ·
2808 774 2827 808 z
2870 756 3263 828 εἰσηγούμενος
3319 759 3446 821 τοὺς
3474 760 3576 828 τῆς
3623 759 3826 816 ἀνωθεν

2258 846 2354 900 zeal
2383 846 2533 910 Θείας
2566 847 3003 911 καταξιωθέντας
3058 848 3271 915 σοφίας,
3290 853 3386 901 zeal
3404 849 3611 913 πάντας
3642 851 3828 917 ἄλλους

2258 938 2533 993 διδάσκειν
2573 937 2649 1009 μὴ
2694 944 2901 1010 μάταια
2926 938 3331 1010 διενθυμεῖσθαι
3350 942 3443 993 καὶ
3468 940 3669 1009 λέγειν.
3693 945 3827 1015 μηδὲ

2254 1028 2357 1092 τὰς
2384 1028 2731 1100 ὲσφαλμένας
2765 1031 2860 1083 zeal
2890 1029 3185 1099 καμπύλας
3217 1029 3372 1096 δόξας
3430 1030 3827 1103 ὑπολαμϐάνειν

2258 1123 2353 1175 καὶ
2380 1122 2448 1176 τὰ
2486 1121 2560 1192 μὴ
2595 1121 2725 1176 δντα
2752 1119 3028 1187 δοξάζειν·
3093 1121 3209 1174 ἀλλ’
3234 1123 3293 1174 ἐν
3314 1120 3578 1194 εύθύτητι
3606 1126 3829 1195 καρδίας

2257 1214 2395 1283 πρὸς
2418 1213 2517 1285 τὴν
2551 1213 2716 1283 φύσιν
2748 1213 2859 1266 τῶν
2888 1214 3229 1285 πραγμάτων
3258 1214 3689 1283 ἀποϐλέποντας,
3711 1218 3829 1290 ἐχε-

2260 1305 2384 1358 σθαι
2416 1308 2516 1376 τῆς
2563 1305 2732 1370 ὅντως
2783 1304 2951 1375 οὔσης
2976 1303 3255 1375 ἀληθείας,
3306 1306 3399 1359 zeal
3430 1305 3678 1371 δοξάζειν
3735 1308 3831 1379 μὲν

2258 1397 2317 1449 ὲν
2350 1397 2555 1459 πάσαις
2586 1398 2707 1459 ταῖς
2736 1396 2976 1466 ἡμέραις
3000 1395 3092 1448 τὸν
3130 1395 3332 1466 Κύριον
3362 1396 3453 1449 τὸν
3520 1399 3578 1451 ὲν
3632 1398 3830 1469 ἰσότητι

2260 1487 2441 1551 πάσας
2473 1488 2859 1559 ὑποστήσαντα
2888 1487 2989 1550 τὰς
3018 1487 3257 1558 ἡμέρας,
3298 1488 3425 1541 ὅσον
3445 1482 3581 1559 ἧκεν
3604 1490 3685 1553 είς
3735 1493 3829 1559 γέ-

2257 1598 2404 1634 νεσιν
2435 1582 2530 1633 καὶ
2551 1582 2791 1649 φυσικὴν
2812 1578 3072 1651 ὓπαρξιν,
3097 1582 3190 1633 zeal
3204 1579 3265 1632 τὸ
3296 1580 3495 1651 μέτρον
3509 1580 3610 1649 τῆς
3631 1581 3830 1646 τάξεως

2257 1674 2354 1727 zeal
2386 1675 2524 1745 μήτε
2557 1673 2658 1737 τὰς
2684 1674 2877 1745 πρώην
2905 1674 3045 1745 μήτε
3066 1675 3163 1737 τὰς
3185 1675 3421 1744 ἐσχάτας
3449 1675 3792 1747 διῃρημένως
3812 1695 3826 1708 ·

2260 1764 2472 1832 ἀγαθὰς
2504 1765 2813 1835 ὀνομάζειν,
2847 1765 2988 1818 ἀλλά
3020 1765 3203 1828 πάσας
3239 1766 3447 1837 ἁπλῶς,
3483 1768 3559 1831 ὡς
3583 1770 3642 1835 ἐξ
3703 1771 3831 1837 ἀγα-

2186 1836 2227 1890 Β
2261 1822 2353 1909 θοῦ
2384 1822 2704 1925 γεγονυίας,⁷
2718 1822 2811 1909 zeal
2829 1855 3119 1926 γινομένας
3156 1822 3245 1909 διὰ
3271 1822 3369 1929 τῆς
3394 1822 3642 1928 ηλιακῆς
3665 1822 3831 1932 φοράς

2260 1948 2356 2001 καὶ
2389 1951 2657 2019 κινήσεως
2680 1964 2693 1977 ·
2728 1949 2933 2019 ἀρετὴν
2960 1947 3017 2001 δὲ
3050 1949 3143 2001 zeal
3165 1948 3365 2002 κακίαν
3393 1950 3723 2021 ἐξηρτῆσθαι
3736 1954 3832 2024 τῆς

2259 2041 2612 2111 ἀνθρωπίνης
2632 2043 2882 2111 γνώμης,
2914 2040 3011 2094 zeal
3043 2043 3187 2094 κατά
3214 2042 3276 2094 τὸ
3311 2042 3627 2107 ἀκόλουθον,
3679 2047 3829 2118 εἱρηο

2262 2134 2417 2187 ναίαν
2450 2135 2545 2187 καὶ
2570 2133 2920 2204 γαληνιῶσαν
2952 2135 3311 2198 κατάστασιν,
3343 2135 3437 2188 zeal
3506 2136 3688 2206 μέντοι
3740 2142 3834 2193 zeal

2259 2224 2551 2297 ταραχώδη
2592 2227 2687 2278 καὶ
2719 2225 3026 2297 πολεμικὴν
3055 2225 3335 2280 πολιτείαν
3372 2242 3389 2257 θ
3420 2227 3506 2280 ἵνα
3540 2230 3672 2300 περὶ
3706 2230 3834 2283 πολ-

2260 2316 2353 2369 λοῦ
2382 2318 2648 2371 ποιῶνται
2682 2318 2784 2388 τὴν
2809 2317 3033 2388 ἀρετὴν,
3082 2316 3327 2386 φεύγωσι
3383 2316 3441 2370 δὲ
3475 2318 3575 2389 τὴν
3640 2322 3836 2374 κακίαν

2260 2411 2338 2474 ώς
2365 2412 2665 2482 στυγητὴν.

2343 2591 2403 2645 '0
2433 2590 2616 2645 τοίνυν
2646 2592 2711 2646 ὲκ
2738 2590 2871 2645 Θεοῦ
2914 2589 3111 2660 σοφίαν
3139 2589 3340 2657 λαϐὼν,
3384 2595 3589 2665 ἥκιστα
3630 2596 3835 2671 ταύτην

2260 2683 2465 2751 ὀφείλει
2512 2682 2773 2755 διορίζειν
2804 2686 2900 2740 zeal
2962 2688 3330 2758 περιγράφειν
3360 2692 3441 2754 είς
3494 2691 3689 2747 ἑαυτὸν
3740 2697 3836 2747 καὶ

2265 2778 2447 2847 μόνον,
2478 2777 2595 2831 ἀλλ’
2629 2773 2743 2832 οἷόν
2756 2796 2842 2843 τις
2878 2778 3191 2848 φιλότεκνος
3218 2784 3402 2857 πατὴρ
3435 2786 3528 2838 zeal
3555 2785 3834 2860 φιλόστορ-

2262 2885 2378 2936 γος,
2409 2870 2688 2941 διανέμειν
2715 2872 2885 2942 αὐτὴν
2933 2873 3029 2926 zeal
3088 2876 3258 2929 πᾶσιν
3294 2875 3475 2941 ἀλλοις
3529 2879 3835 2951 ἀνθρώποις

2263 2961 2386 3014 ὅσον
2410 2956 2546 3033 ἦκεν
2567 2964 2646 3026 είς
2679 2961 2925 3034 γνώμην,
2965 2966 3055 3020 ἴνα
3087 2965 3355 3036 λογίζοιτο
3413 2970 3508 3023 zeal
3534 2975 3835 3044 κατονομά-

2264 3053 2411 3119 ζοιτο
2423 3056 2610 3124 σαφῶς
2625 3057 2826 3129 ἀγαθή.
2842 3058 2916 3111 Τὸ
2938 3058 3048 3131 γὰρ
3063 3062 3208 3130 ἔχειν
3236 3062 3449 3131 σοφίαν,
3468 3065 3564 3118 zeal
3580 3068 3654 3137 μὴ
3671 3083 3836 3120 κατα-

2266 3148 2610 3219 κληροδοτεῖν
2629 3150 2799 3221 αὐτὴν
2818 3151 2910 3204 καί
2925 3168 3068 3205 τισιν
3080 3153 3280 3217 ἀλλοις,
3310 3156 3409 3209 ούκ
3431 3156 3546 3212 ἔστι
3563 3158 3671 3211 τῶν
3702 3161 3836 3228 ἀγα-

2265 3241 2393 3295 θῶν.
2433 3238 2818 3304 Ἀπεικάζεται
2847 3241 2955 3313 γὰρ
2977 3243 3005 3294 ὁ
3033 3243 3277 3307 τοιοῦτος
3309 3247 3403 3298 zeal
3428 3248 3719 3317 προφανῶς
3745 3250 3833 3315 ἑξ-

2262 3332 2541 3403 ωμοίωται
2564 3333 2643 3403 τῷ
2660 3333 2877 3386 λαϐόντι
2900 3334 2961 3386 τὸ
2982 3333 3041 3387 ἓν
3066 3334 3328 3388 τάλαντον
3345 3336 3437 3390 καὶ
3457 3328 3834 3409 καταχώσαντι

2262 3425 2349 3478 διὰ
2381 3426 2667 3497 ῥᾳστώνης
2705 3426 2801 3479 καὶ
2822 3426 3095 3498 ῥᾳθυμίας
3134 3428 3216 3492 είς
3245 3430 3367 3498 γῆν.
3411 3428 3468 3482 '0
3485 3430 3541 3483 δὲ
3564 3430 3836 3502 διανέμων

2262 3517 2431 3587 αὐτὴν
2465 3519 2563 3571 zeal
2594 3518 3076 3587 κατακληροδοτῶν
3116 3521 3209 3573 zeal
3221 3521 3435 3585 πολλοῖς
3464 3522 3665 3588 ἄλλοις,
3692 3526 3836 3580 ἔοικε

2260 3608 2338 3677 τῷ
2368 3608 2585 3662 λαϐόντι
2616 3612 2778 3661 πέντε
2808 3610 3050 3663 τάλαντα
3076 3611 3263 3665 καὶτὰ
3298 3612 3410 3679 δύο,
3444 3616 3537 3667 zeal
3564 3615 3653 3667 διὰ
3683 3617 3837 3687 φιλο-

2264 3697 2426 3751 πόνου
2456 3699 2548 3750 zeal
2598 3698 2890 3767 φιλοκάλου
2943 3700 3321 3771 προαιρέσεως
3374 3703 3675 3773 αῦξήσαντι
3739 3709 3840 3759 zeal

2260 3791 2676 3845 διπλασιάσαντι
2704 3792 2762 3844 τὸ
2794 3792 2983 3862 κέρδος
3010 3794 3209 3849 αὐτῶν.
3243 3795 3423 3866 ’Ὅπερ
3466 3798 3841 3867 αἰνιττόμενος

2260 3886 2288 3936 ό
2323 3883 2484 3951 σοφὸς
2513 3883 2965 3956 Ἐκκλησιαστὴς,
3000 3880 3122 3939 εἷπε
3150 3904 3164 3918 ο
3198 3904 3219 3939 ι
3260 3888 3368 3940 Καὶ
3406 3889 3698 3959 περισσεία
3722 3895 3842 3954 τοῖς

2262 3975 2529 4047 θεωροῦσι
2556 3977 2649 4028 τὸν
2686 3978 2859 4045 ἥλιον.
2899 3996 2918 4029 ι
2971 3977 3029 4031 '0
3064 3982 3174 4050 γάρ
3223 3979 3566 4051 κληροδοτῶν
3598 3982 3697 4053 τὴν
3747 3984 3841 4036 δε-

2259 4069 2493 4139 δομένην
2516 4069 2664 4140 αὐτῷ
2713 4071 2905 4139 σοφίαν
2936 4070 3121 4124 θεόθεν
3147 4072 3245 4126 zeal
3290 4075 3612 4143 περισσείαν
3656 4078 3737 4138 εἰς
3775 4078 3843 4129 τὸ

2260 4158 2465 4226 ἀγαθὸν
2507 4159 2909 4230 ἀπεργάζεται,
2952 4160 3446 4227 πολλαπλασιάζων
3469 4163 3531 4216 τὸ
3554 4164 3840 4230 τάλαντον,

2261 4251 2356 4303 ἆτε
2396 4251 2462 4322 δὴ
2492 4252 2787 4315 συνετίζων
2810 4252 3058 4317 πολλοὺς,
3102 4256 3197 4308 zeal
3244 4256 3382 4325 πρὸς
3414 4255 3636 4327 ἀληθείς
3681 4257 3845 4322 δόξας

2262 4344 2355 4396 zeal
2406 4344 2785 4415 πνευματικὰς
2811 4345 3176 4409 καταστάσεις
3208 4346 3570 4418 ἐφελκόμενος
3586 4348 3694 4401 τῶν
3715 4349 3844 4419 βλεο

2262 4434 2473 4489 πόντων
2520 4437 2611 4489 τὸν
2645 4436 2903 4507 αἰσθητὸν
2938 4437 3090 4507 ἦλιον
3114 4437 3327 4503 τοῦτον,
3381 4439 3477 4494 zeal
3508 4440 3608 4511 τὴν
3675 4440 3840 4508 δόξαν

2259 4524 2352 4577 τοῦ
2388 4524 2521 4579 Θεοῦ
2549 4526 2639 4580 διά
2665 4527 2766 4597 τῆς
2800 4528 2949 4596 σφῶν
2985 4529 3253 4601 σωτηρίας
3278 4530 3549 4597 ὲπαύξων.
3585 4528 3708 4587 Οἴον
3726 4535 3840 4605 γάρ

2256 4633 2363 4669 τινι
2397 4620 2525 4688 σκιᾷ
2557 4618 2678 4689 ἦτοι
2704 4621 2768 4690 τῇ
2804 4619 2979 4692 σκέπῃ
3024 4620 3122 4691 τῆς
3154 4622 3345 4692 σοφίας
3378 4624 3546 4678 αὑτοῦ
3571 4625 3680 4677 τῶν
3735 4625 3841 4678 ἁλ-

2256 4707 2500 4777 λοφύλων
2543 4710 2945 4782 ἐνθυμημάτων
2979 4711 3207 4782 ἐξαιρεῖ,
3272 4714 3365 4766 zeal
3406 4714 3501 4767 τοῦ
3552 4714 3841 4779 καύσωνος

2255 4801 2653 4874 ἀπολυτροῦται
2678 4804 2779 4874 τῆς
2806 4806 3101 4875 ἁμαρτίας,
3131 4808 3225 4859 zeal
3258 4806 3367 4859 τῶν
3397 4807 3613 4861 ἀσεϐῶν
3675 4808 3841 4861 ἐνθυ-

2260 4895 2499 4964 μήσεων.
2579 4896 2675 4948 zeal
2721 4896 2879 4950 τοῦτό
2937 4901 3090 4951 ἐστιν
3145 4899 3256 4970 ἄρα
3320 4899 3510 4970 σαφῶς
3564 4902 3593 4954 ὅ
3644 4918 3839 4971 φησιν.

2260 5004 2280 5037 ‹
2315 4987 2439 5039 Ὅτι
2474 4987 2532 5040 ἐν
2564 4991 2694 5059 σκιᾷ
2723 4989 2893 5059 αὐτῆς
2924 4992 2957 5060 ἡ
2991 4991 3176 5061 σοφία,
3219 4994 3294 5056 ώς
3326 4993 3458 5048 σκιά
3512 4994 3607 5047 τοῦ
3661 4998 3841 5067 ἁργυο

2258 5077 2374 5148 ρίου
2396 5095 2411 5111 ο
2443 5097 2462 5132 ι
2513 5080 2767 5154 καθάπερ
2789 5084 2895 5153 γὰρ
2925 5086 2973 5137 οἱ
3013 5086 3418 5157 προσφέροντες
3461 5087 3610 5158 δῶρα
3638 5091 3730 5142 zeal
3748 5090 3843 5141 δι-

2254 5172 2435 5238 δόντες
2476 5173 2537 5227 τὸ
2570 5175 2833 5246 ἀργύριον
2865 5179 2979 5239 τοῖς
3028 5176 3351 5248 δυναμένοις
3401 5179 3499 5233 zeal
3552 5181 3843 5251 πειρωμέ-

2255 5281 2365 5327 νοις
2410 5265 2607 5328 αὐτοὺς
2643 5266 3097 5337 παραϐλάπτειν,
3140 5268 3175 5339 ἢ
3232 5271 3328 5322 zeal
3384 5271 3705 5341 τατέχουσιν
3755 5272 3845 5335 ὡς

2254 5353 2632 5425 αἰχμαλώτους
2662 5357 2755 5409 zeal
2801 5357 3171 5413 συνθλίϐουσιν
3201 5362 3298 5415 zeal
3326 5363 3397 5415 τά
3443 5363 3610 5433 χείρω
3659 5381 3847 5434 προσ-

2254 5452 2587 5517 ἀπειλοῦσιν,
2626 5453 2702 5516 ὠς
2744 5455 2803 5505 ὲν
2834 5456 2965 5526 σκιᾷ
2998 5456 3394 5528 φυλαττόμενοι
3425 5459 3520 5512 τοῦ
3552 5459 3845 5523 καύσωνος

2252 5545 2351 5613 τῆς
2382 5545 2582 5609 κακίας
2612 5546 2790 5599 αὐτῶν
2821 5546 3225 5619 ὲκλυτροῦνται,
3261 5551 3356 5604 zeal
3369 5551 3479 5604 τῶν
3505 5552 3847 5623 πειρασμῶν

2252 5635 2691 5707 διαδιδράσκουσι
2718 5638 2778 5691 τὸ
2808 5640 3099 5694 κλυδώνιον
3134 5658 3146 5671 ο
3187 5641 3329 5695 οὕτω
3369 5644 3465 5697 zeal
3524 5644 3623 5713 τῆς
3672 5643 3849 5705 θείας

2255 5727 2511 5799 σοφίαςή
2558 5729 2789 5801 διανομὴ
2823 5732 2920 5785 zeal
2942 5734 3268 5805 κληροδοσία
3310 5735 3469 5804 δίκην
3520 5737 3679 5798 σκιᾶς
3727 5751 3845 5787 πε-

2256 5819 2591 5889 ρισκέπουσα
2621 5820 2717 5874 τοῦ
2742 5822 3025 5887 καύσωνος
3073 5826 3180 5879 τῶν
3236 5825 3442 5896 νοητῶν
3498 5826 3842 5897 πειρασμῶν
