4114 6544
352 502 486 567 1009

1425 505 1507 564 IN
1546 484 2123 567 ECELESIASTEN.
2166 534 2233 543 -—
2275 509 2420 569 LIB.
2464 509 2560 569 vr.

3449 504 3582 569 1010

348 618 443 672 καὶ
479 616 581 687 τῆς
610 615 906 687 ἁμαρτίας,
946 616 1046 680 τὰς
1080 617 1228 687 σφῶν
1285 617 1904 690 άπολυτροῦταιψυχάς,
1937 671 1939 679 Α

2037 619 2210 674 iorum
2235 658 2251 685 ,
2287 620 2499 675 animos
2524 634 2715 675 eorum
2755 628 2940 674 servat
2971 636 2986 685 ;
3039 633 3139 673 nec
3191 618 3391 683 solum,
3425 627 3587 689 quot-

344 710 407 763 οὑ
440 710 600 780 μόνον
645 710 702 763 δὲ
750 710 849 780 τῆς
892 710 1089 780 νοητῆς
1163 710 1541 781 αἰχμαλωσίας
1583 711 1914 765 ἀπαλλάττει

344 802 472 866 τοὺς
507 802 1099 872 μυσταγωγουμένους,
1134 803 1273 857 ἀλλὰ
1299 802 1397 857 καὶ
1424 805 1524 875 τῆς
1552 804 1773 858 αἰωνίου
1809 822 1916 857 πα-

351 894 679 966 ρασκευάζει
707 894 1119 965 καταξιωθῆναι
1144 894 1310 966 ζωῆς.

419 986 589 1039 Τοῦτο
610 984 718 1055 γὰρ
740 986 1018 1056 ἐσήμανεν
1044 988 1071 1040 ό
1096 987 1261 1056 σοφὸς
1310 987 1738 1062 Ἐκκλησιαστὴς
1761 985 1921 1054 αὖθις

350 1075 518 1131 είπών
542 1094 557 1110 ο
591 1094 610 1129 ι
655 1077 767 1131 Καὶ
798 1078 1088 1149 περισσεία
1123 1078 1378 1147 γνώσεως
1405 1081 1504 1152 τῆς
1554 1080 1748 1151 σοφίας
1781 1082 1919 1147 ζωο-

348 1170 567 1240 ποιήσει
595 1170 688 1225 τὸν
718 1170 850 1241 παρ’
884 1170 1056 1240 αὑτῆς
1091 1186 1105 1201 ο
1151 1190 1169 1223 ι
1202 1171 1324 1225 ἀντὶ
1349 1171 1466 1240 τοῦ,
1521 1173 1643 1226 καθ’
1681 1173 1806 1227 ὅσον
1855 1174 1920 1228 ἄν

348 1280 432 1326 τις
462 1264 520 1319 ὲν
542 1265 608 1334 τῇ
660 1263 823 1336 σοφίᾳ
849 1262 949 1333 τῆς
977 1261 1232 1332 γνώσεως
1260 1264 1557 1335 ποιήσηται
1594 1264 1695 1336 τὴν
1724 1264 1922 1336 κληρο·

348 1356 533 1411 δοσιαν
562 1358 643 1420 είς
673 1356 887 1421 ἄλλους,
922 1356 1064 1410 κατά
1096 1356 1352 1411 τοσοῦτον
1377 1358 1604 1429 εὑρήσει
1629 1358 1923 1423 ζωοποιοὺ-

354 1440 515 1520 μενος
546 1448 639 1501 ὑπ’
668 1447 838 1515 αὑτῆς
866 1447 959 1499 καὶ
984 1446 1046 1499 τὸ
1095 1446 1299 1516 πλῆθος
1353 1446 1467 1501 τῶν
1510 1464 1922 1517 ,μυσταγωγου-

355 1540 530 1610 μένων
558 1539 651 1593 καὶ
681 1538 989 1609 δεχομένων
1027 1538 1135 1591 τῶν
1160 1537 1454 1609 νοημάτων
1482 1538 1654 1607 αὑτῆς
1678 1538 1741 1591 τὸ
1798 1537 1925 1592 κάλ-

350 1631 443 1696 λος
469 1632 565 1686 καὶ¹
600 1633 735 1701 φῶς.
762 1631 855 1702 Μὴ
883 1630 1060 1684 τοίνυν
1086 1630 1167 1694 είς
1194 1630 1422 1694 έαυτοὺς
1465 1630 1925 1702 περιγράψωμεν,

352 1726 405 1778 οἱ
430 1724 687 1785 λαϐόντες
720 1722 970 1777 ὁπωσοῦν
1003 1722 1201 1794 μέτρον
1234 1722 1385 1785 θείας
1419 1722 1611 1790 σοφίας
1650 1721 1750 1794 τὴν
1796 1720 1923 1775 τοὺ-

353 1834 449 1869 του
485 1814 666 1886 χάριν,
705 1814 843 1868 άλλὰ
898 1814 1062 1867 παντὶ
1115 1812 1290 1866 σθένει
1354 1812 1451 1867 καὶ
1492 1813 1708 1876 πολλοῖς
1741 1813 1924 1877 ἄλλοις

354 1907 842 1978 κατακληροδοτεῖν
900 1906 1070 1974 αὐτὴν
1135 1905 1630 1976 προθυμηθῶμεν,
1691 1906 1781 1961 ἵνα
1847 1906 1922 1977 μὴ

351 2000 431 2072 τῷ
489 1998 707 2053 λαῦόντι
754 1998 817 2051 τὸ
875 1997 933 2051 ἓν
985 1997 1247 2051 τάλαντον
1295 1997 1728 2067 άφομοιωθῶμεν
1756 2037 1771 2060 ,
1828 1998 1923 2051 καὶ
1957 1979 1999 2033 Β

353 2092 491 2164 προς
557 2090 618 2144 τὸ
690 2088 805 2158 πῦρ
873 2090 972 2159 τῆς
1057 2088 1287 2159 γεέννης
1361 2088 1861 2160 παραπεμφθῶμεν
1908 2105 1926 2122 ο

352 2184 468 2238 ἀλλ’
506 2182 741 2252 ἔμπαλιν
768 2182 1007 2244 ἐοικότες
1061 2179 1379 2251 εὑρεθῶμεν
1411 2183 1522 2243 τοῖς
1567 2181 1637 2233 τά
1686 2179 1779 2233 δύο
1835 2181 1931 2235 καὶ

352 2276 422 2329 τὰ
497 2275 659 2328 πέντε
735 2273 972 2327 τάλαντα
1042 2273 1267 2326 λαϐοῦσι
1297 2315 1311 2337 ,
1385 2272 1481 2326 καὶ
1540 2272 1609 2327 τά
1672 2271 1929 2341 δεδομένα

355 2366 775 2421 διπλασιάσασιο
816 2364 911 2417 καὶ
945 2363 1372 2433 καταξιωθῶμεν
1406 2363 1639 2417 ἀκοῦσαι
1671 2363 1930 2434 παράτοῦ

356 2459 567 2513 δικαίου
599 2457 694 2510 καὶ
716 2454 1102 2526 φιλανθρώπου
1133 2456 1406 2509 Δεσπότου
1440 2455 1646 2509 καϊνῦν
1674 2455 1932 2508 καὶκατὰ

356 2552 458 2619 τὴν
512 2548 728 2620 ἡμέραν
778 2547 877 2617 τῆς
927 2546 1036 2599 τῶν
1082 2545 1430 2617 βεϐιωμένων
1485 2546 1931 2612 άνταποδόσεως,

364 2659 383 2690 ι
414 2635 513 2704 Εὖ,
543 2638 695 2691 δοῦλε
727 2639 897 2707 ἀγαθὲ
941 2638 1037 2690 καὶ
1059 2640 1239 2702 πιστὲ,
1275 2638 1369 2690 ἐπὶ
1410 2637 1567 2706 ὀλίγα
1622 2633 1690 2707 ἧς
1719 2638 1932 2701 πιστὸς,

359 2732 453 2785 ἐπὶ
497 2729 711 2784 πολλῶν
762 2747 821 2783 σε
854 2730 1201 2800 καταστήσω,
1231 2729 1439 2782 εἴσελθε
1470 2730 1548 2792 είς
1602 2728 1700 2800 τὴν
1760 2730 1934 2799 χαράν

358 2821 453 2876 τοῦ
486 2822 691 2892 Κυρίου
724 2839 839 2875 σου.
869 2840 887 2875 ι
915 2820 1220 2893 Τοιγαροῦν
1245 2821 1347 2889 τῆς
1376 2818 1668 2873 ἀκολούθου
1697 2818 1935 2884 διανοίας

359 2912 619 2985 ἐχόμενος
652 2915 680 2967 ὁ
710 2913 873 2983 σοφὸς
912 2912 1344 2985 Ἐκκλησιαστὴς
1367 2914 1613 2982 ἐπήγαγε
1626 2913 1719 2967 καί
1746 2930 1929 2984 φησιν’

2017 721 2152 781 quot
2180 712 2426 769 initiatos
2457 712 2638 775 habet,
2674 726 2705 764 a
2734 711 2966 780 spiritali
3026 711 3339 780 captivitate
3375 711 3585 774 eximit,

2017 804 2113 859 sed
2164 804 2361 875 dignos
2420 820 2640 876 quoque
2694 803 2897 870 efﬁcit,
2935 810 2996 858 ut
3061 812 3265 859 (eterna
3311 803 3424 858 vita
3469 818 3587 873 po-

2019 899 2247 953 tiantur.

2090 993 2227 1047 Nam
2262 992 2368 1047 hoc
2398 992 2728 1063 significavit
2770 986 2989 1061 sapiens
3041 989 3420 1056 Ecclesiastes,
3461 1004 3585 1044 cum

2021 1103 2238 1143 rursum
2293 1086 2415 1141 ait:
2460 1104 2480 1137 ι
2526 1084 2591 1140 Ει
2646 1086 2975 1141 abundantia
3025 1086 3265 1141 scientia:
3315 1086 3589 1156 sapientia:

2023 1179 2317 1234 vivificabit
2341 1194 2487 1244 eum,
2524 1178 2617 1248 qui
2650 1178 2718 1232 ab
2744 1192 2807 1232 ea
2843 1177 2995 1248 (69);
3038 1196 3057 1230 ι
3090 1179 3139 1232 id
3172 1188 3274 1241 est,
3305 1193 3417 1249 quo
3469 1178 3589 1248 plus

2022 1269 2264 1325 scientia:
2290 1268 2414 1337 quis
2445 1268 2513 1322 de
2541 1266 2807 1337 sapientia
2864 1283 2963 1321 sua
3024 1276 3280 1337 tanquam
3315 1269 3593 1323 haeredita-

2022 1370 2130 1415 tem
2158 1359 2226 1415 ad
2257 1360 2395 1415 alios
2424 1359 2809 1427 transmittet;
2867 1374 2933 1414 eo
2972 1359 3238 1429 majorem
3294 1360 3439 1416 illius
3491 1376 3592 1430 ope.

2023 1449 2439 1504 reviviscentem
2501 1449 2740 1504 inveniet
2771 1448 3177 1504 multitudinem
3213 1449 3547 1503 initiatorurn
3573 1490 3590 1516 ,

2023 1555 2163 1611 quos
2196 1540 2288 1596 illa
2321 1541 2565 1596 scientia:
2595 1558 2708 1597 suae
2738 1542 3143 1612 pulchritudine
3199 1557 3265 1596 ac
3308 1541 3593 1611 splendore

2024 1632 2396 1704 compleverit.
2429 1630 2508 1687 Ne
2533 1631 2828 1702 igitur,qui
2860 1631 3056 1687 divinae
3084 1631 3361 1703 sapientiai
3392 1632 3592 1688 donum

2024 1726 2356 1797 accepimus,
2391 1740 2719 1796 quocunque
2749 1724 2802 1779 id
2836 1725 2999 1780 modo
3040 1724 3228 1780 datum
3251 1724 3436 1791 fuerit,
3490 1740 3593 1780 no-

2025 1826 2138 1871 stra
2165 1816 2341 1871 solum
2389 1815 2444 1870 in
2507 1815 2793 1871 commoda
2845 1816 3259 1883 contrahamus,
3313 1816 3407 1873 sed
3446 1816 3592 1871 omni

2025 1908 2208 1964 studio
2250 1923 2547 1972 conemur,
2594 1915 2656 1961 ut
2702 1907 3068 1962 hereditatem
3109 1908 3230 1976 ejus
3276 1909 3343 1963 ad
3394 1909 3595 1963 multos

2028 2001 2165 2056 alios
2189 2016 2597 2072 prorogemus:
2653 2014 2765 2072 quo
2820 1999 3045 2055 minime
3092 1999 3170 2054 illi
3223 2000 3455 2065 similes,
3501 2002 3593 2071 qui

2027 2109 2200 2149 unum
2242 2093 2514 2148 talentum
2565 2092 2798 2162 accepit,
2838 2092 3099 2162 gehennae
3128 2092 3307 2162 ignem
3370 2093 3596 2165 effugia-

2028 2199 2193 2249 mus;
2233 2189 2395 2252 atque
2428 2182 2500 2237 iis
2527 2182 2711 2253 potius
2759 2180 3110 2249 comparandi
3166 2182 3451 2236 videamur
3501 2183 3629 2251 qui'

2027 2274 2138 2328 duo
2173 2282 2227 2328 et
2255 2275 2500 2345 quinque
2526 2274 2729 2328 talenta
2754 2274 2926 2338 nacti,
2960 2274 3076 2329 haec
3125 2273 3242 2342 ipsa
3286 2273 3597 2344 geminave-

2029 2374 2199 2420 runt:
2235 2365 2421 2435 itaque
2453 2364 2605 2434 digni
2630 2364 2954 2428 habeamur,
2987 2364 3080 2434 qui
3127 2371 3183 2419 et
3211 2380 3358 2420 nunc
3404 2374 3460 2419 et
3506 2380 3599 2420 su-

2026 2473 2216 2530 premo
2250 2456 2709 2513 remunerationis
2737 2455 2826 2511 die
2861 2457 2929 2511 ab
2963 2456 3114 2525 justo
3151 2470 3216 2511 ac
3245 2456 3597 2512 misericorde

2028 2549 2260 2605 Domino
2286 2548 2609 2605 audiamus:
2649 2566 2671 2601 ‹
2714 2547 2863 2620 Euge
2892 2565 3047 2605 serve
3095 2550 3240 2605 bone
3289 2558 3344 2617 et
3405 2549 3594 2615 fidelis,

2030 2643 2163 2712 quia
2187 2658 2354 2713 super
2378 2657 2552 2713 pauca
2581 2641 2735 2698 fuisti
2764 2642 2959 2705 fidelis,
2994 2658 3159 2712 super
3187 2642 3354 2697 multa
3395 2653 3447 2696 te
3467 2658 3598 2696 con-

2030 2734 2275 2801 stituam,
2326 2733 2468 2790 intra
2502 2734 2559 2789 in
2581 2734 2838 2803 gaudium
2892 2734 3112 2789 Domini
3158 2735 3233 2789 tui
3261 2734 3308 2766 ⁸⁶
3344 2752 3362 2784 ι
3420 2731 3601 2799 Quare

2032 2826 2087 2881 in
2118 2841 2369 2881 connexo
2403 2835 2723 2899 argumento
2752 2842 3110 2897 perseverans
3148 2825 3367 2897 sapiens
3410 2824 3601 2880 Eccle-

2040 2918 2239 2974 siastes
2272 2918 2473 2988 adjecit
2493 2928 2655 2989 atque
2678 2918 2754 2974 ait
2782 2937 2797 2975 :

1948 3032 2063 3087 XV.

433 3124 556 3178 Ἴδε
585 3123 657 3178 τὰ
689 3123 987 3193 ποιήματα
1020 3123 1132 3177 τοῦ
1172 3122 1343 3187 Θεοῦ,
1376 3122 1467 3175 ὅτι
1490 3123 1585 3189 τίς
1604 3030 1933 3190 δυνήσετιὶ

2115 3129 2276 3199 180
2305 3127 2471 3183 Vens.
2513 3129 2598 3183 15.
2647 3127 2777 3183 Vide
2827 3146 2985 3199 opera
3037 3127 3153 3191 Dei,
3196 3126 3442 3194 quoniam
3488 3124 3605 3195 quis

360 3216 469 3273 τοῦ
490 3217 794 3286 κοσμῆσαι
820 3216 892 3270 ὃν
920 3216 997 3270 ἂν
1043 3219 1077 3270 ό
1133 3216 1277 3282 Θεὸς
1325 3214 1660 3283 διαστρέψῃ
1709 3218 1896 3270 αὐτόν
1915 3232 1935 3280 ;

441 3308 796 3380 Κωμῳδήσας
824 3310 915 3362 τὸν
955 3309 1390 3378 ἀποφαινόμενον
1416 3308 1820 3374 καῐδοξάζοντα
1835 3307 1935 3374 τὰς

370 3402 695 3473 προγενεστέ
705 3418 802 3470 ρας
824 3401 1040 3473 ἡμέρας
1062 3400 1274 3469 ἀγαθάς
1292 3396 1433 3453 εἶναι
1464 3400 1666 3471 μᾶλλον
1686 3400 1793 3455 τῶν
1816 3400 1934 3471 νῦν,

366 3491 443 3555 ὡς
477 3492 664 3546 πασῶν
696 3492 939 3563 δηλονότι
986 3493 1086 3564 τὴν
1132 3493 1437 3563 ταυτότητα
1490 3493 1591 3563 τῆς
1651 3494 1937 3564 ὑπάρξεως

368 3582 608 3654 ἐχουσῶν
636 3585 787 3656 παρὰ
815 3585 912 3654 τῆς
940 3584 1153 3656 ἀγαθῆς
1200 3584 1309 3637 τῶν
1350 3586 1606 3638 ἁπάντων
1646 3586 1938 3657 ποιητικῆς

367 3675 571 3741 αἰτίας,
647 3675 1084 3746 παρακελεύεται
1131 3678 1244 3739 τοῖς
1299 3666 1581 3730 ἐπαΐουσιν
1633 3674 1937 3746 ἀποϐλέψαι

370 3766 510 3832 πρὸς
552 3767 652 3836 τὴν
703 3767 981 3820 ποικιλίαν
1009 3767 1118 3821 τῶν
1143 3766 1238 3821 τοῦ
1279 3767 1415 3820 Θεοῦ
1465 3769 1807 3838 ποιημάτων,
1840 3766 1939 3821 καὶ

372 3858 742 3927 παρεξετάσαι
776 3858 872 3911 κα)⁸
897 3859 1191 3926 διαγνῶναι
1211 3860 1506 3928 σαφῶς,ὼς
1521 3860 1697 3925 οὐδεὶς
1731 3859 1942 3931 ἀνθρώ-

376 3964 496 4001 πων
526 3948 752 4002 δύναταί
780 3967 833 4001 τι
857 3950 964 4002 τῶν
993 3949 1144 4021 παρὰ
1181 3950 1275 4002 τοῦ
1307 3949 1654 4020 Δημιουργοῦ
1718 3951 1942 4017 γεγονό-

373 4057 483 4094 των
542 4040 575 4110 ἢ
640 4040 847 4110 βέλτιον
868 4041 1143 4111 ἀποφῆναι
1169 4041 1266 4094 καὶ
1294 4040 1583 4112 κρείττονα
1613 4042 1753 4111 ὑπὲρ
1788 4042 1816 4094 ὃ
1846 4042 1943 4094 πέ-

262 4176 263 4187 η
375 4148 567 4201 φυκεν,
595 4131 627 4203 ἢ
669 4133 730 4185 τὸ
754 4131 991 4200 ἔμπαλιν
1018 4133 1217 4203 χεῖρον.
1266 4133 1354 4195 Ὧς
1381 4128 1474 4186 οὑν
1498 4132 1590 4185 τὸν
1621 4132 1945 4203 ἑτερόφθαλ-

379 4240 481 4292 μον
510 4224 541 4294 ἢ
578 4225 748 4294 χωλὸν
778 4224 1064 4293 γεγονότα,
1092 4225 1186 4278 καὶ
1210 4223 1487 4295 στρεϐλὰς
1507 4223 1700 4294 ἔχοντα
1735 4224 1942 4295 βάσεις,

378 4315 612 4378 καὶτοῖς
659 4315 1065 4387 παραπλησίοις
1104 4315 1334 4369 πάθεσιν
1372 4315 1821 4386 εὑρισκομένους,
1850 4315 1945 4369 καὶ

377 4410 514 4481 πρὸς
540 4408 638 4479 τὴν
672 4409 969 4479 ἀρτιότητα
993 4408 1088 4461 καὶ
1114 4407 1394 4461 τελείωσιν
1426 4410 1528 4478 τῆς
1553 4407 1772 4476 φύσεως
1798 4406 1944 4460 ὲλλι-

2041 3221 2230 3289 poterit
2259 3220 2539 3284 adornare,
2568 3236 2721 3290 quem
2750 3220 2892 3274 Deus
2924 3219 3225 3289 perverterit
3255 3220 3422 3288 ipsum
3449 3216 3609 3285 (‘10)?

2109 3310 2402 3379 Postquam
2432 3326 2556 3366 eum
2597 3312 2940 3381 perstrinxit,
2973 3309 3064 3380 qui
3094 3310 3261 3380 jactet
3290 3318 3452 3377 atque
3490 3307 3607 3379 opi-

2038 3410 2199 3457 netur
2223 3403 2360 3469 dies,
2396 3402 2488 3471 qui
2523 3412 2650 3458 ante
2670 3383 3046 3464 nosfuerunl,
3085 3401 3154 3457 iis
3182 3400 3435 3455 meliores
3462 3414 3606 3465 esse,

2038 3496 2130 3564 qui
2170 3510 2314 3550 nunc
2352 3505 2500 3558 sunt,
2526 3495 2673 3565 quod
2720 3510 2916 3565 nempe
2951 3509 2981 3549 a
3020 3495 3165 3548 bona
3218 3493 3310 3547 illa
3360 3492 3607 3548 omnium

2039 3586 2310 3641 eﬁectrice
2347 3601 2514 3642 causa
2544 3587 2789 3641 eamdem
2819 3601 3009 3640 omnes
3039 3585 3303 3654 originem
3335 3592 3390 3639 et
3444 3592 3607 3638 natu-

2038 3691 2154 3731 ram
2197 3676 2526 3733 sortiantur:
2566 3677 2841 3732 auditores
2878 3676 2992 3745 jam
3033 3676 3373 3741 cohortatur,
3437 3683 3496 3728 ut
3540 3674 3608 3728 ad

2041 3768 2350 3822 divinorum
2380 3782 2608 3838 Operum
2638 3767 3170 3822 varietatem-oculos
3202 3766 3473 3830 attollant,
3509 3765 3607 3819 iis-

2042 3874 2149 3929 que
2174 3866 2378 3914 attente
2424 3860 2807 3923 consideratis,
2846 3859 2989 3913 clare
3040 3858 3382 3928 dignoscant,
3438 3856 3611 3910 nemi-

2044 3965 2169 4004 nem
2198 3965 2266 4004 ex
2300 3950 2612 4029 hominibus
2644 3966 2789 4013 esse,
2819 3950 2914 4019 qui
2941 3951 3006 4004 de
3031 3950 3099 4002 iis
3131 3950 3454 4018 quidquam,
3488 3963 3611 4017 qua:

2028 4057 2073 4095 ta
2107 4040 2543 4095 conditorefacta
2572 4050 2719 4106 sunt,
2753 4041 2835 4094 vel
2855 4041 3051 4094 melius
3077 4049 3241 4109 atque
3267 4040 3631 4109 praestantius

2043 4133 2130 4189 vel
2185 4142 2377 4189 contra
2426 4132 2581 4204 pejus
2625 4133 2851 4187 reddere
2892 4135 3086 4203 possit.
3143 4129 3627 4197 Quemadmodum.

2048 4225 2213 4296 igitur
2237 4225 2329 4295 qui
2359 4224 2529 4293 altero
2563 4223 2724 4277 oculo
2781 4231 2878 4278 aut
2911 4222 3155 4276 membro
3175 4230 3366 4290 captus
3400 4220 3494 4282 sit,
3529 4220 3636 4273 vel.

2046 4317 2263 4388 plantas
2289 4317 2484 4370 habeat
2516 4314 2799 4374 distortas,
2839 4312 3045 4382 quique
3073 4310 3345 4365 similibus
3370 4310 3625 4363 laborent.

2047 4406 2293 4476 corporis
2321 4406 2488 4470 vitiis,
2522 4413 2577 4459 et
2607 4403 2974 4457 membrorum
3006 4403 3321 4471 integritate
3370 4409 3615 4466 careant,

377 4502 495 4567 πῶς
521 4502 747 4573 ἔχοντας
774 4501 950 4564 οὐδεὶς
976 4501 1160 4570 ἕτερος
1191 4499 1435 4564 δύναται,
1482 4499 1624 4572 πλὴν
1656 4499 1750 4552 τοῦ
1782 4500 1939 4571 ποιή-

2051 4503 2192 4559 alius
2220 4502 2320 4557 hos
2344 4515 2522 4564 nemo,
2556 4505 2753 4567 praeter
2796 4512 2945 4561 eum,
2986 4495 3079 4564 qui
3138 4493 3382 4549 condidit
3412 4498 3472 4546 et
3498 4506 3616 4545 om-

381 4610 578 4657 σαντος
608 4594 704 4647 καὶ
744 4591 814 4647 τὰ
857 4592 1037 4647 πάντα
1083 4591 1598 4654 κατασκευάσαντος
1621 4628 1637 4655 ,
1681 4590 1946 4645 ἀνακαλέ-

382 4685 578 4740 σασθαι
610 4685 705 4738 καὶ
734 4683 1122 4756 μετοχετεῦσαι
1164 4684 1301 4756 πρὸς
1350 4684 1451 4755 τὴν
1482 4681 1719 4754 φυσικὴν
1745 4683 1949 4736 τελειόυ

379 4794 518 4849 τητα
564 4778 662 4831 καὶ
699 4777 1024 4848 διόρθωσινο
1073 4775 1245 4839 οὑτως
1291 4775 1413 4829 οὑδὲ
1467 4776 1567 4839 τάς
1616 4776 1717 4846 τῆς
1777 4774 1951 4843 αὑτῆς

384 4872 480 4924 καὶ
513 4874 638 4940 μιᾶς
670 4871 957 4944 ὑπάρξεως
1004 4871 1103 4925 καὶ
1129 4868 1395 4939 γενέσεως
1426 4867 1649 4922 δύναται
1689 4866 1947 4937 διαιρεῖν,

386 4961 608 5027 καὶτὰς
645 4964 743 5033 μὲν
768 4964 1001 5032 ἀγαθὰς,
1060 4961 1159 5025 τὰς
1217 4961 1275 5015 δὲ
1330 4961 1575 5032 πονηράς
1640 4958 1947 5028 ὀνομάζειν.

388 5053 544 5109 Πᾶσα
571 5052 680 5123 γὰρ
722 5054 904 5124 ἡμέρα
955 5053 1053 5125 τὴν
1083 5054 1205 5123 ἴσην
1239 5051 1506 5122 ὑπόληψιν
1547 5050 1661 5121 ἔχει
1710 5050 1806 5104 καὶ
1853 5049 1953 5120 τὴν

388 5143 576 5214 αὐτὴν,
609 5144 787 5214 ἀγαθὴ
816 5149 1092 5215 πεφυκυῖα
1123 5146 1276 5215 παρὰ
1310 5143 1406 5198 τοῦ
1443 5142 1654 5212 ἀγαθοῦ
1680 5145 1953 5213 Δημιουρ-

457 5274 503 5307 ⁸⁶
530 5272 720 5327 Matth.
746 5288 869 5339 xxv,
909 5273 997 5328 εδ.

463 5390 573 5460 (69)
607 5387 974 5460 Supplereum,
1002 5389 1091 5457 qui
1119 5388 1181 5441 ab
1227 5405 1287 5442 ea
1321 5387 1463 5460 dives
1489 5394 1590 5460 est,
1620 5384 1756 5460 sive,
1790 5392 1850 5460 ut
1899 5383 1952 5438 in

395 5455 701 5522 Hebraicis,
728 5455 827 5520 'qui
852 5474 913 5511 ea
946 5455 1197 5525 priuditus
1227 5469 1321 5512 est.
1365 5457 1419 5510 In
1492 5455 1738 5525 Vulgatis
1791 5455 1955 5525 leges,

399 5530 512 5584 Hoc
543 5544 721 5582 autem
750 5531 870 5595 plus
896 5524 1049 5581 habet
1086 5528 1311 5581 eruditio
1382 5537 1429 5580 et
1478 5526 1758 5596 sapientia,
1819 5524 1956 5593 quod

393 5599 814 5656 vimmrribuunt
847 5598 1139 5665 possessori
1188 5614 1306 5652 suo.
1360 5597 1521 5669 (cap.
1576 5610 1674 5669 vit,
1728 5611 1781 5669 v.
1842 5596 1953 5669 iii).

393 5674 659 5726 Caeterum
688 5664 881 5722 Noster
919 5668 994 5723 ita
1044 5672 1155 5721 haec
1180 5664 1516 5737 interpretari
1553 5665 1782 5737 subinde
1811 5664 1962 5718 vide-

397 5753 503 5801 tur.
542 5750 600 5794 ut
627 5756 745 5793 eum
779 5738 869 5809 qui
906 5740 970 5791 ab
994 5755 1079 5800 ea,
1123 5752 1229 5809 non
1296 5736 1471 5809 ipsum
1507 5736 1840 5809 sapientem
1872 5750 1963 5788 ve-

397 5824 647 5868 teranum
681 5806 804 5865 esse
835 5818 1006 5879 putet,
1046 5808 1140 5879 sed
1176 5822 1324 5869 eum,
1350 5807 1444 5879 qui
1506 5806 1672 5879 hujus
1704 5806 1961 5879 magiste-

401 5884 481 5937 rio
508 5873 970 5951 sapientiam'tiro
1001 5878 1216 5951 ediscit,
1249 5888 1303 5931 et
1331 5873 1482 5951 ahea
1516 5873 1668 5931 dives
1731 5873 1813 5929 fit;
1850 5873 1957 5928 Ha-

406 5954 493 6008 bet
526 5946 652 6007 véro
684 5953 796 6006 ha-c
829 5949 1207 6017 interpretatio
1234 5946 1500 6002 acuminis
1518 5961 1625 6002 non
1655 5961 1870 6017 parum,
1904 5952 1959 5999 et

2050 4596 2140 4651 nia
2162 4596 2462 4659 constituit,
2500 4592 2567 4647 ad
2613 4589 2920 4645 naturalem
2975 4587 3364 4657 perfectionem
3426 4599 3618 4640 emen-

2048 4689 2433 4757 dationemque
2461 4699 2715 4740 revocare
2741 4698 2805 4738 ac
2826 4682 3118 4737 transferre
3149 4691 3324 4751 potest
3360 4680 3473 4752 (7|)
3503 4680 3619 4745 ;sic

2052 4762 2214 4835 nemo
2245 4795 2365 4848 qua:
2398 4777 2642 4847 ejusdem
2670 4790 2897 4846 prorsus
2931 4774 3250 4828 substantiae
3295 4788 3359 4827 ac
3412 4782 3621 4825 natura:

2053 4879 2204 4937 sunt,
2227 4860 2600 4926 dividereullo
2632 4867 2795 4922 modo
2842 4867 3007 4930 valet,
3043 4876 3204 4935 atque
3236 4864 3372 4918 alios
3400 4862 3616 4932 quidem

2053 4963 2170 5017 dies
2231 4961 2423 5024 bonos,
2494 4958 2631 5013 alios
2703 4956 2877 5011 malos
2940 4955 3320 5009 denominare.
3379 4951 3619 5018 Quilibet

2052 5051 2199 5104 enim
2232 5050 2348 5104 dies
2380 5062 2564 5118 parem
2590 5045 2947 5114 eamdemque
2978 5043 3151 5097 habet
3172 5038 3618 5102 aestimationem‘,

2053 5153 2109 5197 et
2151 5142 2332 5197 bonus
2366 5155 2396 5193 a
2424 5139 2565 5194 bono
2608 5136 2907 5191 Conditore
2962 5144 3125 5202 atque
3181 5131 3414 5186 Domino
3468 5144 3622 5200 aeque

2059 5384 2126 5439 iis
2149 5380 2351 5448 optime
2376 5374 2686 5448 respondet.
2712 5388 2834 5448 quae
2859 5370 3109 5448 proxime
3136 5366 3473 5448 praecedunt.

2133 5436 2243 5521 (7D)
2278 5436 2491 5517 Olymp'.
2525 5442 2824 5515 διαστρέφῃ
2853 5436 3016 5521 αὑτὸν
3055 5442 3111 5492 ἐν
3138 5436 3356 5509 “ήμέρᾳ
3400 5436 3618 5506 ἀγαθω-

2062 5540 2246 5576 συνης.

2291 5590 2365 5641 Ex
2420 5583 2864 5661 interpretatione
2913 5580 3425 5661 Chaldaicamsuam
3482 5576 3624 5661 hanc

2064 5646 2260 5716 Noster
2280 5646 2596 5726 expressit}
2633 5654 2712 5706 sic
2741 5653 2882 5726 enim
2913 5666 2972 5726 se
3007 5646 3619 5726 habetillal’araplira-

2065 5715 2142 5788 sis
2169 5748 2182 5783 :
2220 5747 2238 5780 ι
2276 5715 2655 5794 Contemplare
2684 5737 2823 5796 opus
2851 5720 2941 5775 Dei
2975 5729 3028 5774 et
3059 5715 3617 5796 fortitudinem-ejus,

2070 5786 2163 5871 qui
2190 5799 2318 5871 fecit
2343 5786 2633 5871 caicumet
2670 5786 2945 5871 claudum,
2976 5799 3034 5843 ut
3066 5790 3177 5871 sint
3233 5786 3503 5868 mirabilia
3550 5786 3617 5871 in

2064 5858 2299 5927 siet-uio:
2330 5869 2456 5937 quis
2480 5865 2622 5937 enim
2656 5870 2761 5924 est,
2794 5861 2898 5937 qu_i_
2923 5861 3118 5937 poterit
3150 5858 3423 5937 corrigere
3450 5868 3617 5937 unum

2064 5924 2129 5998 ex
2159 5943 2245 6009 iis,
2278 5924 2381 5995 nisi
2425 5935 2688 5992 Dominus
2715 5924 2939 5998 mundi;
2984 5929 3078 6000 qui
3136 5924 3338 5984 creavit
3390 5924 3625 5981 eum“
