4114 6510
584 477 714 546 1011

1704 478 1764 537 s.
1817 474 2195 537 GREGORII
2236 452 2747 537 AGRIGENTINI

3706 472 3849 537 1012

582 589 804 661 prodiit.
869 584 987 654 llis,
1019 585 1212 657 inquit,
1259 601 1292 640 ο
1351 586 1632 650 mortales,
1698 586 1944 651 omissis,
2000 601 2152 656 quae-

2285 584 2361 637 ’οὖ
2412 586 2506 639 xui
2537 585 2811 638 Δεσπότου
2842 601 2858 616 ·
2916 586 3112 651 ταῦτα,
3162 584 3352 656 φησὶν,
3408 585 3701 658 παρέντες,
3748 588 3848 640 ἇν-

581 697 802 753 cunque
839 685 971 737 tiant
1028 696 1118 738 res
1174 690 1337 749 atque
1378 681 1733 749 contingant,
1804 681 2011 751 gratias
2050 678 2161 735 Deo

2285 681 2491 749 ipim-cat,
2524 679 2625 749 τὴν
2655 679 2749 730 ἐπὶ
2783 679 2917 731 πᾶσι
2935 674 3053 742 ‘toi;
3076 680 3329 748 γεγονόσι
3352 681 3447 732 xui
3481 679 3847 749 συμϐαίνουσι

536 780 541 789 “
581 774 823 830 universi
858 773 1069 829 reddite
1098 789 1163 829 ac
1194 774 1418 829 meritas
1449 773 1641 827 laudes
1682 790 1696 825 :
1735 782 1796 828 ut
1824 788 2007 843 neque
2062 773 2154 840 iis,

579 881 703 936 quae
730 867 872 920 bona
899 866 1209 930 videantur,
1241 865 1435 920 tumidi
1468 865 1706 935 elatique
1761 864 1907 919 fastu
1965 879 2160 934 supcr-

580 958 766 1021 biatis,
798 964 852 1011 et
885 972 1081 1027 magna
1108 971 1234 1011 cum
1264 956 1499 1010 aliorum
1555 966 1868 1027 contemptu
1897 957 2152 1027 jactetis;

582 1067 760 1121 neque
817 1050 904 1115 iis,
936 1066 1057 1121 qua:
1116 1049 1296 1105 tristia
1354 1060 1618 1120 apparent
1682 1058 1846 1121 atque
1900 1051 2154 1115 molesta,

582 1144 842 1213 perculsi,
874 1142 943 1198 ad
984 1144 1276 1214 ignobilem
1342 1143 1704 1198 humilitatem
1770 1153 1825 1198 et
1882 1158 2155 1198 summam

583 1236 752 1289 animi
788 1234 1152 1305 abjectionem
1191 1234 1467 1290 recidatis.
1508 1234 1814 1304 Utrumque
1863 1235 2010 1289 enim
2065 1233 2154 1288 in-

586 1329 849 1383 decorum
892 1336 997 1393 est,
1037 1336 1094 1383 et
1121 1327 1351 1382 cordato
1383 1327 1575 1395 utique
1602 1327 1725 1381 viro
1755 1336 1919 1397 atque
1953 1326 2156 1382 intelli-

586 1428 748 1489 gente
773 1418 999 1475 minime
1024 1418 1273 1490 dignum.
1297 1419 1505 1474 Idcirco
1542 1418 1813 1489 subjecit:

2262 770 2556 842 πράγμασι
2602 769 2701 841 τὴν
2731 770 3055 841 εὐχάριστον
3093 770 3449 839 ἀναπέμπετε
3480 771 3559 841 τῷ
3583 772 3700 841 Θεῷ
3733 772 3848 825 τῶν

2260 861 2398 916 ὅλων
2436 861 2651 930 δοξολογ
2664 862 2749 915 ίαν
2777 862 3130 933 χρεωστικῶς
3156 880 3171 894 ⁶
3209 864 3305 917 xui
3335 866 3471 935 μήτε
3512 868 3626 929 τοῖς
3654 864 3849 919 δοκοῦ-

2261 970 2316 1006 σι
2360 956 2616 1024 χρηστοῖς
2643 954 3133 1025 προσεξογκοῦσθε,
3150 955 3245 1008 xui
3264 955 3401 1025 πρὸς
3430 957 3847 1027 ὑπερηφάνειαν

2263 1044 2540 1115 ἐπάρθητε
2573 1045 2668 1098 xui
2701 1044 3264 1116 μεγαλορῤημοσύνην
3282 1046 3376 1098 καὶ
3407 1047 3843 1117 καταφρόνησιν,

2268 1139 2408 1208 μήτε
2435 1138 2550 1201 τοῖς
2585 1138 2742 1207 ἀνιᾷν
2773 1136 2992 1190 δοκοῦσι
3021 1137 3113 1191 xui
3140 1137 3410 1208 λυπηροῖς
3473 1139 3609 1209 πρὸς
3644 1140 3847 1210 ἀγεννῆ

2264 1230 2653 1301 ταπεινότητα,
2691 1230 2788 1283 xui
2821 1230 3022 1301 πολλὴν
3051 1231 3292 1300 ἀθυμίαν
3330 1231 3562 1303 καρδίας
3616 1233 3851 1285 καταϐι-

2266 1320 2522 1385 ϐάζεσθε.
2566 1319 2789 1373 Τούτων
2816 1319 2927 1391 γὰρ
2962 1319 3224 1389 ἑκάτερον
3256 1320 3506 1390 ἀπρεπὲς
3570 1320 3664 1373 καὶ
3728 1322 3852 1374 δια-

2270 1413 2423 1476 νοίας
2455 1411 2689 1477 ἀνάξιον
2707 1410 2981 1483 ἔμφρονος
3005 1410 3248 1484 δηλονότι
3272 1412 3368 1466 xui
3389 1414 3639 1485 συνετῆς.
3680 1415 3849 1485 ’Δμέ-

2269 1506 2353 1560 λει
2385 1506 2566 1560 τοίνυν
2589 1506 2869 1577 ἐπήγαγεν
2899 1520 2913 1533 ·

2123 1622 2150 1692 §
2189 1622 2328 1678 xw.

674 1709 830 1779 181
868 1708 1029 1766 Vens.
1062 1711 1148 1766 M.
1181 1710 1244 1765 In
1279 1713 1365 1766 die
1398 1713 1652 1766 bonitatis
1684 1715 1788 1767 vive
1816 1715 1870 1767 in
1897 1714 2054 1781 bono,
2116 1723 2169 1766 et
2199 1724 2241 1778 Β

2353 1717 2457 1769 Ἐν
2500 1712 2691 1783 ἡμέρᾳ
2745 1711 3145 1782 ἀγαθωσύνης
3202 1710 3327 1778 ζῆθι
3364 1712 3434 1764 ἐν
3483 1710 3704 1778 ἀγαθῷ,
3747 1704 3851 1764 καὶ

594 1802 647 1853 in
677 1802 763 1854 die
794 1802 923 1854 ntali
957 1802 1073 1855 vide
1096 1803 1387 1857 bonitatem
1417 1819 1435 1855 :
1490 1805 1607 1858 vide
1650 1806 1813 1858 etiam
1876 1806 1973 1859 hoc
2027 1822 2157 1859 con-

2285 1807 2336 1859 ἓν
2369 1804 2561 1874 ἡμέρᾳ
2588 1803 2804 1867 κακίας
2839 1800 2931 1854 ἴδε
2969 1802 3376 1869 ἁγαθωσύνην
3404 1817 3420 1832 ’
3485 1800 3576 1854 ἴδε
3629 1802 3732 1855 καί
3785 1819 3856 1870 τε

593 1909 787 1962 gruum
813 1894 937 1947 huic
966 1895 1101 1965 (7‘2).

670 1984 823 2038 Diem
853 1986 1107 2039 bonitatis
1137 1988 1373 2057 appellat
1404 1998 1619 2058 tempus
1643 1992 1794 2045 auris
1845 2000 2011 2059 atque
2060 1992 2169 2047 im-

599 2077 789 2133 bribus
848 2079 1075 2147 placidis
1135 2080 1546 2150 moderatisque
1612 2090 1995 2151 temperatum,
2047 2100 2171 2154 qua?

600 2178 761 2225 terra:
791 2172 859 2224 ad
899 2170 1084 2241 fruges
1125 2170 1380 2228 ferendas
1414 2173 1650 2241 prosint,
1694 2182 1988 2241 eteorum,
2047 2192 2170 2247 qua:

598 2261 915 2318 hominibus
948 2264 1015 2319 ad
1057 2280 1210 2319 esum
1251 2266 1566 2321 necessaria
1597 2276 1748 2330 sunt,
1804 2267 2021 2336 copiam
2082 2269 2167 2337 gi-

598 2365 766 2422 gnant
799 2372 812 2407 :
851 2354 1103 2423 idemque
1156 2364 1405 2423 pacatum
1445 2365 1498 2411 et
1527 2356 1712 2413 hostili
1764 2358 2080 2414 incursione
2107 2373 2172 2413 ac

601 2442 1025 2513 praedationibus
1069 2444 1323 2500 liberum.
1398 2446 1605 2502 Contra
1660 2463 1793 2503 vero
1849 2451 1987 2503 diem
2040 2451 2173 2504 mali

601 2547 834 2601 tempus,
865 2549 975 2603 quo
1029 2536 1309 2590 contraria
1378 2537 1466 2592 his
1528 2536 1804 2593 dominari
1864 2540 2170 2606 videamus,

603 2623 750 2677 velut
788 2625 932 2679 aeris
966 2624 1368 2695 intemperiem,
1410 2635 1508 2681 aut
1549 2628 1833 2696 penuriam
1893 2645 2169 2699 aquarum

599 2722 696 2767 aut
722 2714 933 2783 pluvias
967 2715 1211 2785 ingentes
1242 2715 1469 2771 nimium
1510 2734 1576 2773 ac
1627 2734 1845 2788 graves,
1901 2730 1996 2775 aut
2045 2720 2175 2775 bos-

603 2806 738 2860 tium
778 2805 1113 2876 irruptiones
1142 2822 1206 2861 ac
1235 2808 1543 2874 latrocinia,
1606 2818 1771 2879 atque
1829 2810 1913 2863 bis
1946 2809 2171 2865 similia.

604 2898 866 2953 Hortatur
914 2914 1099 2968 porro,
1160 2914 1227 2953 ne
1270 2899 1543 2969 prioribus
1612 2902 1693 2956 sic
1745 2901 2059 2969 efferamur,
2116 2912 2178 2959 ut

604 2989 833 3044 rationis
865 3003 929 3043 ac
960 2970 1157 3044 tuentis
1187 2991 1295 3044 vim
1326 2990 1381 3045 in
1416 2992 1684 3047 desidiam
1737 2993 2069 3059 relaxemus,
2122 3004 2178 3051 et

2270 1896 2447 1950 τοῦτο
2474 1896 2805 1964 σύμφωνον
2836 1892 3049 1958 τούτῳ.

2340 1988 2452 2057 Τῆς
2482 1984 2848 2054 ἀγαθωσύνης
2871 1984 3090 2055 ἡμέραν
3112 1984 3202 2037 τὸν
3229 1983 3420 2054 καιρὸν
3470 1981 3728 2053 ὀνομάζει
3760 1982 3858 2034 τὸν

2271 2085 2331 2137 ἐν
2361 2085 2430 2153 τῇ
2463 2078 2734 2151 εὐκρασίᾳ
2759 2078 2868 2130 τῶν
2896 2078 3077 2148 ἀέρων
3108 2078 3203 2131 xui
3232 2078 3340 2130 τῶν
3394 2076 3690 2146 εἰρηνικῶν
3750 2074 3861 2144 δμ-

2272 2175 2418 2246 ϐρων
2449 2173 2547 2226 xui.
2579 2170 2934 2240 συμμέτρων,
2980 2170 3076 2223 xui
3123 2168 3261 2240 πρὸς
3335 2167 3711 2236 καρποφορίαν
3749 2166 3861 2234 τῆς

2270 2265 2372 2334 γῆς
2404 2261 2890 2333 συμϐαλλομένων,
2940 2262 3036 2313 xui
3086 2259 3189 2329 τῆς
3254 2258 3361 2311 τῶν
3413 2258 3691 2327 ἐδωδίμων
3738 2260 3860 2319 τοῖς

2271 2354 2583 2428 ἀνθρώποις
2646 2351 2906 2423 εὐθηνίας
2963 2350 3305 2421 ποιητικῶν’
3373 2350 3469 2403 xui
3518 2349 3699 2419 μέντοι
3751 2346 3861 2415 τῆς

2271 2448 2527 2520 δῃώσεως
2570 2447 2664 2500 καὶ
2706 2444 2940 2514 ληῖσεως
2966 2443 3077 2496 τῶν
3121 2441 3439 2511 ἀλλοφύλων
3492 2438 3863 2510 ἀπηλλαγμὲ-

2272 2556 2392 2595 νον’
2430 2538 2660 2607 ἡμέραν
2701 2536 2759 2590 δὲ
2787 2534 3005 2600 κακίας
3054 2534 3292 2605 ἔμπαλιν
3356 2532 3447 2585 τὸν
3508 2532 3701 2603 καιρὸν
3758 2524 3858 2583 τὸν

2273 2630 2676 2700 διαγνωσθέντα
2727 2628 2837 2681 τῶν
2905 2626 3117 2689 τούτοις
3164 2624 3559 2694 ἀντικειμένων
3628 2624 3855 2693 πλήρη·

2273 2719 2385 2777 οἷον
2431 2723 2610 2792 ἀέρων
2663 2720 2999 2792 δυσκρασίας
3052 2716 3415 2789 ἥπαντελοῦς
3464 2714 3761 2786 ἀνομϐρίας
3817 2715 3855 2785 ἦ

2276 2813 2657 2884 σφοδροτάτων
2674 2811 2769 2865 xui
2790 2809 2913 2863 καθ’
2927 2807 3237 2879 ὑπερϐολὴν
3254 2804 3448 2867 ὑετῶν,
3476 2803 3509 2874 ἢ
3538 2802 3858 2871 πολεμικῶν

2276 2904 2637 2977 καταδρομῶν
2666 2904 2760 2957 xui
2781 2903 3037 2974 ληΐσεων,
3084 2901 3179 2953 xui
3234 2896 3343 2950 τῶν
3398 2894 3614 2957 τούτοις
3670 2911 3857 2962 παρα-

2276 2997 2542 3067 πλησίων.
2578 2996 2975 3066 Παρεγγυᾶται
3003 2992 3185 3045 τοίνυν
3219 2989 3361 3059 μήτε
3408 2989 3524 3050 τοῖς
3564 2985 3859 3057 προτέροις

604 3080 863 3149 praeclara
914 3079 1043 3134 boni
1103 3081 1569 3153 intelligentisque
1616 3082 1805 3152 judicii
1856 3085 2173 3141 conditione

2285 3085 2622 3159 ἐπαίρεσθαι,
2651 3085 2748 3138 xui
2772 3085 2909 3153 πρὸς
2944 3080 3220 3153 ρᾳθυμίαν
3251 3078 3530 3148 ὑποχαλᾷν
3574 3078 3704 3139 τοὺς
3756 3075 3862 3144 τῆς

608 3172 937 3239 posthabita,
980 3171 1052 3226 ab
1076 3173 1245 3227 animi
1277 3151 1557 3244 vigilantia
1579 3151 1745 3244 atque
1780 3191 1810 3229 a
1844 3185 1994 3232 recto
2016 3177 2171 3233 labo-

2285 3151 2461 3250 ψυχῆς
2489 3151 2829 3246 λογισμοὺς(
2857 3151 2954 3228 xui
2984 3151 3347 3242 καταφρονεῖν
3370 3170 3471 3240 τῆς
3507 3166 3720 3237 ἀγαθῆς
3762 3164 3865 3218 καὶ

610 3278 730 3317 rum
762 3265 947 3318 studio
978 3264 1294 3321 decidamus
1330 3283 1344 3320 :
1381 3268 1473 3321 sed
1507 3275 1564 3321 ut
1594 3283 1703 3322 non
1737 3269 1937 3325 minori
1968 3286 2104 3326 cura
2127 3281 2181 3326 et

610 3354 837 3409 consilia
877 3355 1066 3410 eadem
1096 3356 1239 3411 bona
1273 3365 1327 3413 et
1366 3366 1516 3428 spem
1572 3358 1843 3430 iidemque
1899 3378 1965 3419 ac
1996 3365 2181 3432 perfe-

609 3455 752 3499 ctam
784 3446 1108 3501 charitatetn
1164 3462 1292 3518 erga
1344 3464 1619 3504 summum
1679 3451 1849 3506 Deum
1907 3462 2181 3521 tueamur,

611 3534 913 3591 bonitatem
939 3546 1215 3594 sectantes
1243 3554 1388 3607 eam,
1414 3556 1533 3609 qua?
1562 3542 1643 3597 illi
1687 3546 1915 3599 omnino
1958 3546 2180 3610 charos,

613 3616 710 3680 aut
736 3636 904 3692 certe,
927 3638 1191 3697 quantum
1246 3631 1361 3685 lieri
1415 3642 1617 3702 potest,
1656 3645 1909 3704 acceptos
1967 3635 2182 3693 elliciat.

616 3717 797 3773 Simili
827 3728 1008 3773 autem
1045 3720 1208 3776 modo
1246 3731 1302 3776 et
1338 3722 1391 3776 in
1448 3724 1846 3793 posterioribus
1916 3728 2184 3795 hortatur,

617 3820 679 3866 ut
710 3813 960 3868 eamdem
989 3813 1113 3868 vita:
1141 3815 1570 3883 aequabilitatem
1601 3832 1880 3876 servemus
1907 3836 1972 3876 ac
2001 3831 2187 3877 custo-

617 3905 857 3969 diamus,
893 3920 1174 3975 nunquam
1214 3906 1282 3961 de
1307 3908 1526 3965 virtutis
1556 3911 1729 3981 gradu
1754 3912 1946 3982 deiecti
1985 3933 1998 3968 :
2053 3916 2189 3971 nihil

620 4004 681 4049 ut
712 3994 943 4051 moleste
968 3995 1232 4061 feramus,
1263 4006 1358 4052 aut
1390 4009 1625 4054 mentem
1656 4000 1725 4055 ad
1762 4001 1999 4059 nefarias
2034 4005 2187 4074 cogi-

619 4090 853 4145 tationes
886 4098 941 4143 et
988 4089 1182 4145 noxios
1234 4105 1447 4145 errores
1498 4093 1673 4148 delabi
1718 4097 2043 4164 patiamur:
2096 4097 2193 4154 sed

622 4183 676 4235 in
703 4181 790 4237 his
819 4180 1007 4247 etiam,
1041 4181 1294 4237 laudibus
1333 4199 1552 4238 summo
1598 4184 1709 4241 Deo
1738 4188 1959 4244 tributis
1990 4200 2044 4244 et
2072 4206 2194 4260 gra-

619 4277 713 4330 tiis
740 4274 903 4339 actis,
943 4275 1299 4330 stabilitatem
1324 4278 1494 4331 animi
1519 4282 1995 4352 constantiamque
2048 4299 2192 4353 pra:-

623 4376 855 4420 stemus.
888 4363 1025 4419 Nam
1044 4366 1115 4431 si,
1148 4366 1344 4436 inquit,
1390 4367 1643 4423 eumdem
1690 4369 1889 4426 afferes
1948 4372 2193 4426 animum

623 4458 690 4511 ad
726 4456 953 4511 adversa
985 4467 1148 4527 atque
1175 4459 1474 4523 contraria,
1509 4460 1648 4515 scito
1669 4472 1725 4517 et
1770 4478 1869 4531 pro
1909 4473 2194 4534 comperto

623 4549 843 4613 habeto,
870 4548 1268 4603 contrariorum
1299 4560 1595 4604 eventuum
1622 4559 1914 4622 utrumque
1942 4555 2194 4609 eumdem

624 4638 834 4692 exitum
867 4638 1135 4708 planeque
1167 4638 1403 4694 similem
1429 4638 1697 4705 futurum,
1727 4641 1781 4695 id
1830 4654 1914 4697 est
1947 4643 2151 4698 bonum
2178 4663 2192 4698 :

626 4728 771 4799 quod
807 4730 1052 4784 animum
1081 4745 1235 4801 aeque
1263 4731 1331 4785 ad
1359 4740 1653 4803 utrumque
1692 4744 1941 4804 paratum
1992 4735 2200 4791 habue-

629 4822 733 4885 ris,
749 4831 803 4876 et
828 4830 937 4876 tam
967 4826 1336 4878 secundarum
1364 4840 1573 4891 rerum,
1629 4841 1817 4896 quam'
1844 4828 2199 4883 adversarum

629 4931 864 4970 occursu
896 4916 1184 4971 immotum
1209 4933 1446 4988 semper,
1475 4934 1540 4974 ac
1570 4920 1701 4975 boni
1733 4921 1945 4978 consilii
2001 4937 2203 4993 propo-

630 5008 831 5078 sitique
860 5017 1124 5063 tenacem.
1172 5007 1307 5063 Nam
1353 5010 1458 5065 hoc
1513 5009 1794 5078 indicavit,
1849 5029 1972 5067 cum
2014 5014 2198 5067 dixit:

636 5119 655 5150 ι
693 5099 825 5154 Vide
855 5100 1021 5156 etiam
1051 5101 1157 5157 hoc
1216 5117 1519 5173 congruum
1579 5103 1726 5168 huic,
1760 5122 1781 5155 ι
1833 5121 1931 5175 pro
1994 5108 2204 5162 ratione

634 5191 848 5247 scilicet
884 5192 1140 5248 humana:
1165 5194 1496 5260 affectionis,
1530 5210 1655 5251 cum
1687 5212 1749 5251 ea
1780 5198 1966 5263 etiam,
1995 5216 2116 5268 quae
2137 5214 2205 5254 ex

634 5287 865 5341 adverso
894 5286 1239 5357 contingunt,
1269 5288 1470 5342 bonum
1499 5288 1566 5343 ad
1602 5288 1895 5343 terminum
1933 5305 2206 5346 consensu

636 5379 873 5449 quodam
904 5379 1063 5449 182
1090 5381 1493 5451 concordiaque
1550 5380 1818 5437 ferantur.
1873 5382 1963 5438 Ait
2013 5383 2208 5439 deinde

639 5470 1003 5525 Ecclesiastes
1029 5488 1041 5523 :

717 5850 828 5921 ('72)
859 5850 1015 5919 Apud
1049 5850 1188 5903 LXX
1220 5851 1546 5921 legimus....
1590 5851 1680 5904 Ἐν
1723 5849 1956 5921 ἀγαθῷ,
1986 5851 2077 5902 καὶ
2137 5849 2211 5921 ίδε

642 5923 699 5975 ἐν
718 5920 898 5994 ἡμέρᾳ
929 5921 1148 5987 κακίας,
1165 5921 1261 5975 ἴδε.
1280 5920 1384 5976 Καί
1399 5921 1764 5995 γεδσὺνιτούτῳ
1778 5920 2078 5992 συμφώνως
2099 5920 2219 5975 τοῦ.

2282 3270 2604 3342 πρεπούσης
2630 3269 2855 3338 λογικῆς
2886 3265 3300 3329 καταστάσεως,
3340 3264 3548 3333 καὶτῆς
3580 3259 3863 3331 νηφούσης

2281 3362 2522 3425 διανοίας
2574 3361 2666 3415 xui.
2717 3360 3008 3428 φιλοπόνου
3080 3358 3309 3427 γνώμης
3377 3353 3810 3408 κατολισθαίνειν
3846 3368 3865 3382 ο

2284 3456 2398 3512 ἀλλ’
2436 3454 2588 3508 οὐδὲν
2613 3448 2775 3524 ἦττον
2802 3454 2859 3505 ἐν
2878 3451 3167 3520 ταυτότητι
3196 3448 3474 3517 διαμένειν
3506 3447 3615 3499 τῶν
3638 3444 3870 3512 ἀγαθῶν

2285 3547 2505 3603 ἐννοιῶν
2530 3546 2627 3600 καὶ
2658 3546 2757 3615 τῆς
2790 3543 2925 3614 πρὸς
2962 3543 3053 3597 τὸν
3085 3543 3178 3596 ἐπὶ
3214 3541 3433 3595 πάντων
3472 3539 3605 3593 θεὸν
3648 3537 3873 3600 ἐλπίδος

2286 3639 2383 3695 xui.
2420 3639 2657 3701 πίστεως
2695 3634 2797 3691 καῖ
2836 3635 3050 3699 τελείας
3103 3636 3346 3703 ἀγάπης,
3386 3634 3481 3685 xui
3532 3628 3874 3699 ἀγαθωσύνῃ

2286 3734 2388 3804 τῆς
2416 3731 2551 3801 πρὸς
2586 3729 2749 3784 αὐτὸν
2783 3728 3197 3802 εύαρεστήσεως
3228 3723 3526 3785 παντελοῦς
3557 3723 3589 3793 ἢ
3645 3723 3746 3774 κάν
3800 3737 3875 3788 γε

2288 3826 2390 3896 τῆς
2421 3824 2567 3878 κατὰ
2591 3820 2844 3890 δύναμιν.
2890 3819 3171 3882 Ὡσαύτως
3213 3817 3268 3870 δὲ
3302 3818 3405 3869 κᾶν
3441 3817 3551 3877 τοῖς
3589 3812 3878 3883 δευτέροις

2288 3917 2388 3988 τὴν
2420 3917 2543 3987 ἴσην
2580 3914 2675 3968 xui
2717 3913 2817 3984 τὴν
2880 3912 3051 3981 αὐτὴν
3101 3910 3384 3980 διατηρεῖν
3438 3906 3531 3959 καί
3577 3904 3877 3974 φυλάττειν

2289 4009 2529 4065 διάθεσιν
2557 4007 2651 4062 xui
2681 4006 3038 4066 κατάστασιν,
3074 4002 3169 4056 xui
3193 3998 3458 4071 μηδαμῶς
3508 3996 3599 4050 τοῦ
3659 3995 3877 4062 ἀγαθοῦ

2292 4101 2722 4175 παρεξίστασθαι
2758 4116 2771 4130 ·
2800 4100 2937 4170 μήτε
2967 4096 3071 4167 μὴν
3093 4094 3491 4165 δυσχεραίνειν,
3549 4090 3645 4144 xui.
3674 4088 3810 4161 πρὸς
3838 4086 3879 4140 ἃ

2296 4195 2371 4264 μὴ
2397 4193 2554 4262 θέμις
2586 4190 2945 4260 ἐνθυμήματα
2975 4189 3074 4257 τῆς
3123 4186 3387 4256 πονηρίας
3450 4183 3544 4236 xui
3604 4179 3699 4233 τοῦ
3743 4178 3880 4246 ψεύο

2292 4288 2416 4348 δους
2457 4278 2923 4343 καταϐιϐάζεσθαι
2955 4277 3046 4330 τὸν
3076 4275 3204 4329 νοῦν
3234 4275 3565 4345 συγχωρεῖν.
3635 4267 3775 4322 Ἀλλ’
3812 4268 3880 4319 ἐν

2297 4375 2539 4448 ὑμνῳδίᾳ
2569 4374 2665 4428 καὶ
2684 4370 2966 4441 δοξολογίᾳ
3000 4370 3104 4423 κάν
3144 4368 3360 4429 τούτοις
3386 4369 3455 4435 τῇ
3496 4362 3636 4433 πρὸς
3668 4361 3761 4414 τὸν
3778 4359 3881 4412 ἐπὶ

2298 4470 2516 4524 πάντων
2550 4467 2684 4520 Θεὸν
2713 4466 2776 4519 τὸ
2806 4464 3135 4533 κατάστημα
3192 4462 3482 4530 συντηρεῖν
3541 4458 3641 4526 τῆς
3671 4454 3879 4524 ψυχῆς.

2299 4562 2363 4615 Εἰ
2390 4560 2498 4630 γὰρ
2536 4557 2710 4620 οὕτως
2738 4554 3046 4623 διατεθείης
3064 4552 3167 4605 ιέπὶ
3195 4554 3311 4614 τοῖς
3356 4546 3760 4617 ἀντικειμένοις
3780 4545 3884 4596 καὶ

2297 4650 2618 4713 ἀντιθέτοις,
2651 4648 2727 4701 ἴδε
2756 4648 2851 4699 xui
2874 4644 3046 4713 γνῶθι
3078 4643 3288 4711 σαφῶς,
3321 4640 3396 4703 ὡς
3456 4636 3736 4706 ἑκατέρων
3764 4633 3884 4685 τῶν

2298 4743 2557 4797 ἐναντίων
2584 4738 2909 4809 συμϐάσεων
2956 4737 3019 4789 τὸ
3052 4735 3225 4806 πέρας
3277 4732 3538 4800 ἑκάτερον
3584 4727 3887 4796 σύμφωνον

2300 4835 2552 4907 ε’ύρηται,
2587 4831 2865 4885 τουτέστιν
2898 4826 3125 4896 ἀγαθὸν,
3156 4825 3244 4878 διὰ
3275 4824 3336 4877 τὸ
3365 4822 3465 4893 τὴν
3497 4819 3737 4907 καρδίαν
3786 4816 3888 4885 ἐφ’

2302 4905 2588 4996 ἑκατέροις
2644 4918 2982 4975 διατίθεσθαι
3013 4915 3156 4970 κατά
3182 4915 3249 4969 τά
3288 4912 3429 4969 αύτά
3461 4911 3556 4965 xui.
3591 4905 3889 4971 ὡσαύτως,

2304 5020 2400 5074 xui.
2466 5018 2593 5071 οῦτε
2628 5017 2751 5077 ταῖς
2812 5012 2921 5066 τῶν
2986 5008 3289 5063 δοκούντων
3348 5004 3699 5075 χαροποιῶν,
3754 4997 3891 5052 οὔτε

2304 5115 2425 5175 ταις
2482 5109 2591 5163 τῶν
2649 5104 2913 5175 λυπηρῶν
2972 5102 3329 5171 συναντήσεσι
3387 5098 3488 5166 τῆς
3541 5092 3753 5162 ἀγαθῆς
3789 5090 3895 5141 ἐν-

2307 5205 2459 5265 νοίας
2520 5199 2614 5254 xui.
2664 5197 2824 5265 δόξης
2888 5193 2983 5248 xui
3074 5189 3471 5250 καταστάσεως
3547 5182 3893 5256 παρεξιστα-

2311 5298 2481 5369 μένην
2549 5292 2611 5345 τὸ
2662 5288 2915 5343 σύνολον.
2968 5283 3139 5337 Τοῦτο
3196 5282 3305 5352 γὰρ
3346 5281 3619 5351 ἐσήμανεν
3686 5273 3891 5369 εἰπών’

2316 5366 2334 5441 ὲ
2376 5366 2477 5439 Ἴδε
2507 5383 2600 5436 καί
2626 5398 2691 5450 γε
2716 5378 2873 5432 τοῦτο
2902 5375 3193 5445 σύμφωνον
3224 5371 3422 5441 τούτῳ,
3462 5388 3481 5421 ι
3501 5371 3569 5440 τῇ
3593 5366 3896 5435 ταυτότητι

2307 5481 2407 5551 τῆς
2438 5472 2785 5547 ἀνθρωπίνης
2804 5466 3210 5532 διαθέσεως,είς
3239 5462 3433 5517 ταυτὸν
3465 5463 3557 5515 xui
3594 5459 3899 5530 σύμφωνον

2312 5573 2488 5642 πέρας
2526 5566 2729 5636 ἀγαθὸν
2787 5561 3076 5616 συνιόντων
3125 5559 3221 5612 xui
3252 5556 3361 5609 τῶν
3395 5555 3515 5608 κατ’
3568 5553 3903 5607 ἐναντίωσιν

2317 5660 2744 5733 συμϐαινόντων.
2800 5650 2935 5708 Εἶτά
2967 5668 3131 5722 φησιν
3159 5652 3188 5703 ὁ
3237 5647 3670 5718 Ἐκκλησιαστής
3693 5662 3705 5674 ⁶

2323 5860 2384 5896 το
2417 5836 2672 5907 ἐποίησεν
2704 5835 2732 5887 ὁ
2760 5830 2963 5907 Θεὸς..)
2983 5825 3212 5907 ριξιηρ.
3244 5825 3339 5883 καί
3362 5842 3425 5895 γε
3455 5821 3614 5878 τοῦτο
3662 5821 3907 5893 σύμφω-

2330 5931 2418 5971 νον
2446 5900 2617 5979 τούτῳ
2651 5904 2905 5973 ἐποίησεν
2927 5902 2956 5952 ὁ
2978 5900 3129 5963 Θεός.
3158 5908 3263 5956 ctc.
