4114 6506
311 430 448 493 1013

1372 442 1456 504 ΙΝ
1493 444 2076 511 ECCLESIASTEN-
2108 476 2178 488 -
2201 453 2350 515 LIB.
2392 454 2492 515 VI.

3313 422 3316 426 ’
3407 440 3543 513 ιοιι

1870 558 2034 617 XVII.

380 630 567 687 Τοῦτο
614 633 906 702 ἐποίησεν
934 638 969 691 ὁ
996 638 1142 704 Θεὸς
1184 640 1318 708 περὶ
1378 644 1619 713 λαλιᾶς,
1647 646 1747 700 ἵνα
1788 558 1872 719 fit

1970 562 2034 617 ll.

2048 651 2213 708 Vens.
2244 654 2333 708 15.
2369 653 2484 708 Hoc
2516 654 2635 723 fecit
2668 652 2807 708 Deus
2830 654 2891 707 ob
2921 650 3202 722 loquelam,
3229 659 3287 705 ut
3316 667 3418 706 non
3462 652 3544 704 in-

302 722 451 791 εὕρῃ
488 725 802 794 ἅνθρωπος
852 728 1045 784 ὀπίσω
1068 732 1285 788 τούτου
1315 736 1527 804 μηδέν.

269 899 272 902 γ
384 815 584 880 Τοῦτο,
636 819 829 885 ποῖον;
863 819 924 872 τὸ
950 821 1244 892 σύμφωνον
1274 824 1521 893 γίνεσθαι
1553 829 1750 901 πέρας,
1785 832 1880 886 καὶ

304 904 369 958 τὸ
394 906 526 959 αὐτὸ
554 907 710 971 τέλος
739 910 943 977 ἀγαθὸν
978 914 1073 967 καὶ
1123 917 1395 988 μακάριον
1431 920 1524 972 ἐπὶ
1561 921 1669 975 τῶν
1722 924 1876 976 ἐναν-

305 995 438 1049 τίων
468 997 562 1050 καὶ
589 999 887 1054 ἀντιθέτων
917 1002 1005 1056 διά
1037 1005 1136 1075 τῆς
1173 1008 1386 1079 ἀγαθῆς
1429 1010 1725 1076 διαθέσεως
1784 1015 1879 1068 καὶ

304 1085 407 1155 τῆς
438 1088 755 1159 φρονήσεως
805 1092 902 1145 καὶ
933 1094 1221 1161 φιλοκάλου
1259 1098 1485 1171 γνώμης
1534 1103 1628 1155 καὶ
1686 1122 1880 1174 προαι-

310 1177 533 1247 ρέσεως.
576 1179 648 1234 ’ου
672 1181 803 1246 Θεὸς
832 1184 1091 1255 ἐποίησεν
1142 1189 1396 1253 ἐξουσίαν
1436 1196 1628 1263 νοερᾶς
1661 1199 1753 1249 καὶ
1800 1197 1880 1250 λο-

306 1269 473 1338 γικῆς
533 1270 734 1342 ψυχῆς,
768 1274 1017 1341 δεδωκὼς
1047 1278 1124 1348 τῷ
1151 1280 1424 1353 ἀνθρώπῳ
1462 1286 1598 1355 πρὸς
1620 1287 1679 1340 τὸ
1701 1287 1879 1341 πάντα.

308 1362 403 1415 καὶ⁵
447 1364 515 1417 τὰ
544 1364 807 1420 δοκοῦντα
842 1366 943 1440 τὴν
973 1372 1221 1425 ἐναντίαν
1279 1375 1637 1445 ἐπιφέρεσθαι
1692 1380 1874 1449 φύσιν,

311 1457 694 1526 μετοχετεύειν
725 1460 819 1512 καὶ
864 1464 1297 1535 μεταρυθμίζειν
1354 1470 1433 1532 είς
1486 1470 1689 1539 ἀγαθόν
1718 1488 1730 1502 ·
1789 1474 1878 1528 ἵνα

306 1545 721 1615 διαγγέλλοντες
746 1551 796 1604 οἱ
824 1552 1105 1624 ἄνθρωποι
1130 1557 1222 1610 τὸν
1245 1560 1629 1632 ἀκατάληπτον
1649 1564 1876 1617 πλοῦτον

307 1638 408 1707 τῆς
442 1638 779 1711 θεοπρεποῦς
818 1644 1151 1717 ἀγαθότητος
1206 1649 1301 1702 καὶ
1357 1652 1571 1721 σοφίας,
1635 1656 1729 1709 καὶ
1776 1658 1875 1728 τὴν

306 1731 631 1802 εὐχάριστον
668 1738 819 1808 αὐτῷ
846 1740 1155 1809 δοξολογίαν
1181 1744 1240 1797 ὲν
1291 1747 1427 1799 πᾶσι
1484 1752 1875 1822 πῳσαναπέμο

305 1842 523 1891 ποντες,
570 1830 737 1899 μηδὲν
767 1832 1003 1904 εὕρωσιν
1034 1835 1219 1907 ἕτερον
1257 1839 1430 1892 αἴτιον
1477 1841 1570 1894 τοῦ
1629 1841 1876 1912 βελτίονα

303 1917 554 1984 γίνεσθαι
586 1920 681 1974 τὸν
701 1921 993 1993 ἄνθρωπον
1022 1927 1348 1997 διαμένοντα
1377 1933 1497 1995 ταῖς
1532 1933 1764 2000 ἀγαθαῖς
1788 1936 1875 1987 ὲν-

1982 745 2152 799 veniat
2180 745 2331 799 homo
2351 756 2469 816 post
2502 744 2596 800 hoc
2621 732 2926 816 quidquam.

2052 835 2190 903 Hoc,
2222 836 2420 908 inquit,
2448 847 2503 891 at
2530 852 2759 907 ecquam
2788 852 2898 891 rem
2922 838 2946 891 ?
2970 851 3165 908 nempe
3193 845 3255 891 ut
3310 850 3544 891 concors

1978 928 2051 984 sit
2073 929 2272 994 exitus,
2303 939 2356 982 et
2386 927 2745 995 bonus-teque
2776 908 2841 982 ac
2870 927 3075 982 beatus
3102 942 3285 982 rerum
3320 938 3546 982 contra—

1979 1017 2119 1072 rium
2182 1028 2345 1086 atque
2392 1016 2765 1085 oppositarum
2824 1017 3114 1081 terminus,
3174 1016 3303 1071 boni
3354 1016 3545 1086 utique

1978 1109 2197 1163 consilii
2226 1118 2279 1164 et
2335 1107 2534 1162 sedula:
2586 1106 2785 1161 mentis
2835 1107 3186 1176 honestaeque
3248 1108 3544 1163 voluntatis

1977 1200 2205 1255 arbitrio
2269 1200 2405 1271 (73).
2445 1198 2701 1253 Condidit
2733 1198 2876 1253 Deus
2901 1198 3253 1268 intelligentis
3282 1215 3346 1255 ac
3370 1201 3541 1255 ratio-

1976 1292 2211 1348 cinantis
2235 1292 2432 1346 anima:
2466 1299 2809 1362 potestatem,
2847 1290 3100 1360 deditque
3152 1290 3384 1356 homini,
3434 1306 3545 1360 quo

1975 1385 2245 1438 deducere
2270 1391 2326 1438 et
2353 1382 2645 1437 emendare
2700 1382 2751 1435 in
2815 1380 3018 1435 bonum
3084 1381 3269 1434 omnia
3335 1395 3541 1448 posset,

1975 1488 2039 1530 ea
2071 1474 2259 1538 etiam,
2284 1489 2405 1543 qua:
2434 1482 2683 1527 naturam
2716 1471 2911 1526 all‘erre
2942 1471 3272 1525 contrariam
3301 1472 3545 1525 videren-

1974 1576 2105 1621 tur:
2148 1576 2207 1621 ut
2230 1566 2804 1633 incomprehensibiles
2833 1566 3030 1619 divina:
3077 1564 3335 1619 bonitatis
3380 1573 3544 1633 atque

1974 1659 2257 1729 sapientia:
2283 1659 2570 1713 thesauros
2593 1657 2955 1720 enuntiando,
2989 1666 3043 1712 et
3068 1656 3274 1727 gratias
3321 1656 3429 1710 Deo
3486 1656 3543 1711 in

1973 1751 2250 1813 omnibus,
2283 1764 2407 1805 cum
2450 1749 2610 1804 laude
2638 1750 2870 1820 agendo,
2900 1750 3061 1803 aliam
3108 1748 3357 1802 homines
3412 1762 3543 1801 cau-

1973 1857 2091 1897 sam
2123 1841 2431 1896 invenirent
2462 1840 2688 1903 nullam,
2734 1854 2833 1894 cur
2861 1840 3114 1909 quisque,
3165 1839 3361 1893 bonam
3406 1839 3540 1891 reti-

1973 1948 2109 1989 nens
2134 1944 2391 1999 mentem,
2424 1947 2489 1988 ac
2518 1930 2662 2001 quod
2687 1932 2889 1985 bonum
2918 1940 3002 1987 est
3027 1939 3312 2001 praestans,
3348 1929 3541 1984 melior

302 2007 474 2073 νοίαις
502 2012 597 2065 καὶ
626 2014 880 2069 ποιοῦντα
900 2017 962 2070 τὸ
984 2016 1207 2086 ἀγαθὸν,
1226 2022 1276 2073 εἰ
1306 2021 1379 2092 μὴ
1415 2022 1580 2093 μόνην
1604 2023 1703 2094 τὴν
1733 2026 1868 2079 ἰδίαν

1970 2028 2320 2097 ﬁeret,quam
2336 2040 2498 2079 unam
2529 2024 2806 2094 propriam
2828 2024 3184 2090 voluntatem,
3215 2037 3336 2094 quae
3366 2038 3396 2076 a
3431 2021 3540 2077 Deo

301 2104 623 2174 προαίρεσιν
646 2105 747 2177 τὴν
770 2108 1048 2163 λαϐοῦσαν
1081 2114 1146 2165 ὲκ
1173 2111 1310 2167 Θεοῦ
1342 2113 1441 2184 τῆς
1492 2116 1579 2183 ἐφ’
1632 2117 1872 2187 ἑκάτερα

1970 2125 2293 2185 potestatem
2320 2115 2735 2183 libertatemque
2801 2115 3028 2183 accepit,
3059 2120 3140 2167 ut"
3182 2128 3241 2168 se
3271 2114 3326 2167 in
3376 2129 3540 2183 quatn

302 2194 476 2263 ῥοπῆς
497 2196 597 2266 τὴν
627 2198 876 2262 ἐξουσίαν
926 2203 1019 2255 καλ⁸
1068 2201 1411 2260 δεσποτείαν.
1463 2205 1668 2260 Τούτου
1708 2210 1872 2281 χάριν

1970 2206 2131 2261 vellet
2166 2213 2374 2274 partem
2409 2205 2719 2259 inclinaret.
2750 2203 2923 2273 llujus
2948 2204 3218 2257 rei-causa
3262 2202 3539 2257 hominem

298 2284 542 2339 τοιοῦτον
572 2288 736 2341 αὐτὸν
764 2293 792 2343 ὁ
820 2293 894 2360 Δη
906 2294 1165 2363 μιουργδς
1196 2295 1622 2362 κατεσκεύασεν,
1647 2299 1735 2351 ἵνα
1765 2316 1872 2353 παν

1970 2297 2228 2353 Conditor
2255 2297 2415 2351 talem
2440 2296 2740 2359 constituit,
2776 2304 2836 2349 ut
2871 2304 3067 2365 praeter
3096 2294 3389 2349 voluntarii
3412 2310 3543 2349 con-

304 2375 373 2443 ρά
402 2375 493 2428 τὸν
542 2377 668 2446 ὅρον
699 2382 795 2433 καὶ⁵
820 2380 978 2449 λόγον
1003 2384 1113 2438 ml..-
1137 2386 1341 2439 σκοπὸν
1384 2388 1486 2458 τῆς
1552 2406 1871 2460 προαιρετι-

1970 2389 2077 2445 silii
2103 2404 2167 2442 ac
2195 2387 2577 2458 propensionis
2623 2387 2917 2441 terminum
2948 2394 3001 2440 et
3040 2385 3307 2440 rationem
3337 2394 3391 2441 et
3440 2387 3539 2441 de-

301 2465 403 2534 κῆς
440 2466 637 2540 βουλῆς
669 2471 763 2524 καὶ
786 2474 961 2545 ῥοπῆς
1003 2476 1170 2546 μηδὲν
1192 2477 1440 2550 εὑρεθείη
1474 2497 1870 2554 συμπαρομαρο

1970 2478 2312 2543 stinationem
2350 2476 2497 2529 nulla
2546 2475 2652 2529 alia
2683 2475 3013 2545 reperiretur
3063 2491 3251 2540 causa,
3284 2490 3406 2546 qua:
3457 2477 3541 2529 vel

299 2557 430 2611 τοῦν
463 2561 560 2613 καὶ
588 2564 1033 2635 παρακολουθοῦν
1060 2569 1234 2622 αἴτιον
1268 2570 1455 2641 ἕτερον
1488 2571 1589 2641 τῆς
1620 2573 1755 2643 πρὸς
1807 2574 1867 2627 τὸ

1970 2568 2378 2639 perseverantiae
2402 2566 2523 2636 ejus
2549 2567 2615 2621 ad
2651 2567 2867 2633 melius,
2893 2567 2976 2621 vel
3006 2568 3329 2623 mutationis
3355 2568 3410 2621 in
3446 2583 3542 2638 pe-

222 2704 225 2705 ,
299 2656 549 2722 κρεῖττον
574 2656 856 2729 διαμονῆς,
883 2660 915 2730 ἢ
945 2661 1043 2731 τῆς
1072 2662 1208 2733 πρὸς
1241 2663 1301 2716 τὸ
1328 2667 1511 2736 χεῖρον
1541 2667 1866 2738 μεταϐολῆς.

1970 2663 2051 2733 ius
2064 2663 2211 2718 socia
2243 2670 2386 2716 esset
2414 2675 2477 2714 ac
2498 2674 2701 2714 comes.
2727 2658 2822 2715 llis
2850 2659 2964 2730 jam
2987 2659 3259 2727 delibatis,
3288 2660 3541 2716 conscius

300 2744 466 2797 Ταῦτ’
489 2743 581 2800 οὖν
608 2748 819 2815 διεξιὼν
856 2754 885 2805 ὀ
921 2755 1083 2823 σοφὸς
1125 2756 1581 2830 Ἐκκλησιαστὴς,
1616 2760 1869 2815 καὶδσυν-

1970 2757 2064 2810 sibi
2101 2754 2318 2823 sapiens
2352 2752 2730 2815 Ecclesiastes,
2762 2766 2820 2807 se
2872 2752 3370 2821 pulcherrimarum
3416 2768 3535 2807 sen-

298 2837 384 2899 εὶς
440 2838 973 2915 ὼς-γλαφυροτάτων
1019 2849 1312 2921 νοημάτων
1358 2852 1491 2923 ήμῖν
1542 2852 1867 2925 ὑφηγήσατο

1970 2849 2259 2903 tentiarum
2316 2845 2557 2901 rationes
2623 2843 2785 2899 nobis
2858 2844 3250 2916 proposuisse,
3344 2843 3541 2914 adjecit

297 2932 510 3003 λόγους,
547 2938 768 3009 ἀμέσως
796 2943 1070 3014 ἐπήγαγε·

1970 2940 2238 3010 protinus:

1804 3058 1831 3130 §
1859 3053 2045 3113 xvut.

375 3160 453 3214 Τὰ
482 3162 680 3216 πάντα
719 3165 885 3221 εἶδον
943 3169 1015 3223 ἐν
1060 3170 1254 3241 ἡμέρᾳ
1292 3176 1688 3243 ματαιότητός
1728 3194 1867 3245 μου.

2044 3169 2212 3226 Vens.
2249 3168 2336 3224 16.
2382 3168 2575 3223 Omnia
2609 3167 2715 3223 vidi
2740 3169 2794 3221 in
2837 3167 2923 3221 die
2968 3166 3218 3220 vanitatis
3254 3178 3377 3217 mea:
3401 3160 3536 3232 (74).

369 3252 652 3319 Τουτέστι,
683 3259 778 3311 καὶ
807 3259 875 3313 τὰ
912 3261 1183 3334 πρότερον
1215 3264 1323 3317 καῖ
1345 3266 1411 3320 τὰ
1436 3267 1532 3320 νῦν
1559 3269 1691 3339 παρ’
1725 3268 1862 3338 ἐμοῦ

2037 3261 2095 3317 ld
2131 3268 2235 3324 est,
2260 3270 2313 3315 et
2344 3275 2467 3330 quae
2491 3259 2644 3329 prius
2667 3266 2722 3313 et
2752 3273 2874 3328 quae
2920 3271 3066 3311 nunc
3100 3271 3130 3310 a
3192 3269 3279 3308 me
3327 3252 3539 3322 prolata

297 3340 603 3413 λαληθέντα
631 3351 745 3413 τοῖς
793 3354 998 3423 νοεροῖς
1065 3354 1369 3426 ὀφθαλμοῖς
1415 3357 1720 3431 ἐθεώρησα,
1775 3360 1870 3413 καλ⁵

1970 3362 2115 3417 sunt,
2156 3351 2355 3406 mentis
2383 3350 2557 3405 oculis
2590 3350 2707 3419 ipse
2745 3347 3008 3418 spectavi,
3044 3361 3108 3401 ac
3132 3344 3361 3425 labente
3414 3342 3541 3396 vita:

297 3434 520 3502 διέγνων
550 3439 609 3491 ἐν
638 3439 717 3510 τῷ
744 3443 987 3515 χρονικῷ
1012 3445 1349 3518 διαστήματι
1402 3449 1503 3519 τῆς
1564 3450 1701 3513 ἰδίας
1755 3451 1870 3504 δια-

1970 3461 2100 3501 mcae
2128 3457 2369 3514 tempore
2403 3443 2559 3514 183
2595 3442 2811 3514 agnovi.
2846 3441 3152 3497 Yanitatem
3174 3438 3342 3505 enim,
3372 3452 3536 3508 quam

260 3574 265 3579 .
299 3524 541 3592 ϐιώσεως
561 3546 577 3562 ο
605 3533 944 3605 ματαιότητα
973 3535 1083 3606 γὰρ
1104 3536 1206 3608 τὴν
1230 3539 1288 3591 ὲν
1304 3537 1381 3609 τῷ
1406 3538 1507 3609 βίῳ
1530 3540 1705 3611 τούτῳ
1724 3538 1870 3611 ζωήν

1970 3537 2056 3592 hic
2111 3536 2362 3591 homines
2411 3536 2578 3589 vitam
2640 3522 2914 3598 ducimus,
2973 3532 3262 3603 appellavit
3318 3538 3539 3601 propter

298 3621 769 3694 προσηγόρευσεν,
801 3624 890 3677 διὰ
932 3626 994 3679 τὸ
1017 3626 1399 3701 πολυτάραχον
1429 3630 1599 3700 αὐτῆς
1630 3632 1725 3685 καὶ
1771 3648 1870 3684 που

1970 3630 2168 3685 multas
2196 3628 2315 3699 ejus
2340 3629 2780 3699 perturbationes
2813 3638 2867 3684 et
2890 3641 3126 3699 angores
3165 3634 3220 3681 et
3261 3623 3540 3695 aegritudi-

299 3708 737 3782 λυπερίσπαστον
762 3716 863 3767 καῖ
882 3715 1267 3774 πολύθλιπτον.
1288 3716 1423 3774 Εἷτά
1456 3737 1619 3791 φησιν
1639 3737 1654 3751 ο

1971 3737 2087 3777 nes.
2122 3719 2262 3776 Tum
2293 3723 2369 3777 ait
2401 3740 2414 3776 :

1822 3832 2028 3904 ξω.

401 3918 546 3968 Ean
574 3918 805 3981 δίκαιος
829 3920 1258 3992 ἀπολλύμενος
1303 3922 1375 3977 ἐν
1421 3923 1631 3991 δικαίῳ
1681 3925 1868 3980 αὑτοῦ

300 4008 400 4060 καὶ
444 4008 617 4062 ἐστιν
644 4011 871 4077 ἀσεϐὴς
894 4012 1094 4082 μένων
1116 4015 1185 4068 ἐν
1214 4015 1395 4082 κακίᾳ
1423 4017 1629 4071 αὐτοῦ.

369 4100 508 4163 Τοὺς
537 4102 668 4172 περὶ
695 4102 892 4155 πολλοῦ
911 4105 1268 4175 ποιουμένους
1282 4106 1585 4178 κατορθοῦν
1607 4107 1706 4178 τὴν
1734 4108 1870 4179 ἀλη-

299 4189 364 4260 θῆ
386 4191 732 4264 δικαιοσύνην
760 4195 813 4247 αἱ
842 4194 951 4247 τῶν
974 4195 1134 4250 θείων
1164 4196 1397 4267 Γραφῶν
1419 4197 1711 4269 ἐξηγήσεις
1733 4217 1871 4253 κατ-

296 4282 689 4350 ασφαλίζονται
764 4285 1028 4354 μηδαμῶς
1076 4287 1515 4359 ύπεραίρεσθαι,
1572 4292 1668 4343 καὶ
1727 4290 1872 4345 κατά

2038 3925 2135 3980 Est
2167 3926 2348 3994 justus
2379 3925 2582 3993 perieris
2611 3925 2679 3977 in-
2688 3923 2837 3992 justo
2860 3938 2978 3986 suo,
3004 3933 3053 3977 et
3086 3930 3164 3976 est
3197 3921 3540 3990 impiusma-

1967 4034 2092 4070 nens
2131 4019 2185 4069 in
2210 4016 2419 4069 malitia
2446 4032 2544 4069 sua
2575 4014 2708 4086 (75).

2038 4109 2143 4176 Qui
2172 4125 2356 4163 veram
2369 4109 2637 4178 justitiam
2662 4122 2881 4163 summo
2899 4106 3078 4161 stmlio
3100 4104 3205 4160 sibi
3220 4119 3539 4174 comparare
3570 4138 3571 4141 η

1967 4201 2269 4265 enituntur,
2347 4200 2431 4253 his
2464 4199 2767 4273 divinarum
2824 4196 3156 4253 Litterarum
3196 4196 3537 4251 exhortatio-

1968 4307 2066 4347 nes
2112 4291 2256 4345 viam
2296 4291 2437 4346 hanc
2466 4306 2587 4345 esse
2635 4288 3058 4344 munitissimam
3124 4288 3441 4351 ostendunt,
3490 4288 3535 4343 si

294 4374 403 4425 τῶν
435 4373 611 4428 ἄλλων
655 4375 1003 4445 ὑπαυχενεῖν,
1055 4377 1150 4430 καὶ
1197 4377 1445 4432 δικαιοῦν
1501 4381 1730 4444 ἑαυτοὺς
1775 4382 1869 4435 atat}.

1972 4398 2072 4438 nec
2099 4382 2244 4437 fastu
2279 4382 2615 4451 superbiant,
2647 4395 2750 4434 nec
2803 4380 2940 4435 alios
3000 4379 3322 4449 despiciant,
3358 4394 3458 4434 nec
3479 4393 3538 4435 se

297 4467 687 4533 προσεπαινεῖν
712 4465 853 4519 κατά
883 4466 974 4520 τὸν
1000 4468 1293 4538 Φαρισαῖον
1315 4469 1519 4523 ἐκεῖνον
1564 4470 1655 4524 τὸν
1706 4471 1869 4543 εὐχα-

296 4555 617 4623 ριστηρίους
644 4556 808 4625 δῆθεν
839 4556 1043 4628 ὕμνους
1066 4559 1461 4630 ἀναπέμποντα
1492 4561 1571 4633 τῷ
1600 4562 1719 4633 Θεῷ
1770 4564 1868 4617 καὶ

293 4641 622 4711 δοξολογίας,
655 4644 743 4698 διά
771 4645 833 4699 τὸ
854 4646 1125 4717 μηδαμῶς
1154 4644 1298 4703 εἶναι
1325 4650 1579 4721 καθάπερ
1634 4652 1732 4706 ἕνα
1756 4654 1869 4708 τῶν

292 4732 497 4786 λοιπῶν
523 4735 849 4805 ἀνθρώπων,
883 4738 914 4807 ἢ
938 4740 1032 4790 καὶ
1059 4740 1443 4813 παραπλήσιον
1466 4743 1659 4815 ἐκείνῳ
1682 4744 1760 4816 τῷ
1785 4762 1870 4798 τε·

294 4822 439 4895 λώνῃ
460 4842 473 4855 ι
512 4826 639 4894 περὶ
661 4821 722 4881 οὗ
751 4844 882 4899 φησι
901 4829 961 4882 τὸ
999 4832 1099 4900 τῆς
1132 4835 1402 4905 σωτηρίας
1435 4837 1592 4907 ήμῶν
1620 4839 1866 4909 Εὐαγγέ-

295 4914 426 4967 λιον·
468 4936 486 4967 ι
524 4919 739 4991 Κατέδη
761 4916 917 4986 οὗτος
935 4923 1800 5001 δεδικαιωμένος,ῆπερὲκεῖνος.
1839 4953 1859 4987 ι

309 5002 474 5058 Ἀλλὰ
511 5009 613 5059 κᾶν
642 5012 819 5065 πάντα
845 5012 915 5065 τὰ
940 5014 1051 5067 τῶν
1075 5018 1291 5086 ἀρετῶν
1314 5018 1431 5090 εῐδη
1458 5020 1865 5092 διαπράξωνταί

295 5112 461 5161 τινες,
500 5099 600 5152 κᾶν
630 5102 766 5171 πρὸς
789 5105 850 5157 τὸ
879 5106 1051 5177 ἀκρον
1092 5108 1401 5178 ἀφίκωνται
1444 5112 1547 5183 τῆς
1595 5115 1699 5167 ὑπὸ
1730 5116 1868 5170 Θεοῦ

396 5240 417 5272 ⁷
447 5236 579 5295 Luc.
619 5258 776 5309 xvm,
809 5244 897 5299 μμ

370 5356 576 5480 ήῖῦλιη
608 5358 856 5428 Vulgatis
885 5377 991 5415 una
1023 5372 1106 5419 est
1145 5364 1361 5419 articuli
1417 5362 1582 5433 hujus
1620 5374 1673 5419 et
1733 5381 1871 5435 prm-

370 5446 375 5479 ι
400 5438 541 5480 ettlts
564 5432 837 5480 sententia
863 5432 965 5480 hoc
996 5434 1157 5480 modo
1191 5453 1203 5480 :
1237 5435 1388 5480 Sicut
1417 5437 1554 5480 enim
1582 5437 1715 5480 Imm
1792 5439 1870 5480 sic

297 5432 541 5509 cedentis
562 5432 837 5509 sententia
863 5432 965 5486 hoc
996 5434 1203 5509 modo;
1237 5435 1388 5509 Sicut
1417 5432 1554 5489 enin:
1581 5432 1747 5502 hanc;
1792 5439 1870 5509 sic

296 5498 448 5551 illam
472 5498 595 5574 fecit
620 5498 780 5574 Deus,
800 5510 856 5553 ut
874 5518 977 5555 non
1006 5504 1236 5557 inueniat
1267 5505 1418 5559 homo
1447 5515 1628 5560 contra
1648 5498 1869 5574 euntiu-

294 5580 404 5650 stas
434 5570 789 5650 querimonias
812 5578 952 5641 (cap.
977 5588 1074 5650 vlt,
1097 5588 1148 5627 ν.
1175 5574 1297 5641 15);
1324 5591 1452 5650 (ιιιειξΔ
1473 5577 1538 5631 ad
1560 5570 1868 5650 Sytttma'chi

296 5642 805 5711 interpretationem
837 5643 1103 5696 accedunt
1124 5659 1285 5711 quam
1311 5642 1545 5700 maxime
1580 5642 1698 5701 {sic
1725 5647 1869 5699 cnim

298 5708 388 5785 ille
414 5710 648 5785 r_cddid_it
670 5711 810 5785 alia).
828 5708 1209 5785 γάράγάλογον
1223 5714 1409 5767 τούτου
1439 5716 1595 5768 τοῦτο
1616 5714 1871 5785 ἐποίησεν

297 5780 488 5856 δθεὸς
522 5779 617 5833 τοῦ
650 5780 729 5856 μή
761 5779 941 5852 εὑρεῖν
968 5782 1254 5856 ἀνθρωπον
1284 5788 1402 5856 κατ’
1428 5787 1594 5838 αὑτοῦ
1636 5779 1865 5856 μέμψιν.

300 5847 409 5904 Nec
444 5860 621 5907 tamen
653 5847 850 5908 Nustci'
888 5847 1119 5908 multuiu
1144 5854 1269 5908 inde
1307 5855 1456 5910 abire
1483 5847 1722 5922 videtur,
1746 5847 1869 5913 eum

1963 4474 2144 4545 justos
2168 4474 2393 4543 jactent,
2421 4482 2475 4527 et
2507 4472 2763 4527 Pharisaei
2794 4472 2939 4526 illius
2958 4487 3109 4526 more
3131 4471 3534 4532 commendent,

1966 4567 2059 4638 qui
2083 4567 2270 4621 laudes
2304 4566 2415 4620 Deo
2442 4563 2713 4618 tribuebat
2758 4572 2813 4618 et
2841 4563 3046 4634 gratias
3098 4562 3315 4633 agebat,
3387 4562 3535 4631 quod

1966 4658 2192 4714 minime
2223 4657 2338 4725 ipse
2381 4664 2527 4711 esset
2571 4654 2730 4725 quasi
2786 4670 2927 4710 unus
2966 4654 3249 4708 hominum
3309 4662 3535 4709 caetero-

1965 4770 2088 4809 rum
2120 4771 2135 4820 ;
2188 4768 2253 4808 ac
2278 4767 2345 4806 ne
2375 4750 2663 4822 publicano
2694 4747 2915 4817 quidem
2948 4746 3025 4801 illi
3064 4744 3302 4800 similis:
3334 4744 3401 4798 de
3423 4758 3536 4814 quo

1970 4858 2165 4913 nempe
2196 4844 2273 4897 ait
2300 4842 2493 4897 salutis
2523 4850 2725 4895 nostra:
2773 4837 3123 4908 Evangelium
3157 4854 3171 4891 :
3244 4854 3264 4887 ι
3301 4833 3535 4889 Descen-

1969 4936 2049 4990 dit
2078 4935 2167 4989 hic
2205 4934 2539 5003 justiﬁcatus
2592 4948 2703 5002 prat
2757 4931 2850 4985 illo
2874 4930 2941 4984 ⁸⁷.
2976 4948 2994 4980 ι
3052 4926 3191 4981 Tum
3244 4934 3533 4995 postquam

1969 5027 2132 5082 etiam
2165 5027 2217 5080 in
2248 5025 2505 5079 omnibus
2539 5039 2597 5080 se
2637 5024 2900 5077 virtutum
2946 5018 3239 5088 generibus
3272 5030 3534 5070 exercue-

1972 5121 2104 5185 rint,
2136 5118 2283 5173 etad
2316 5131 2592 5173 summum
2633 5128 2852 5185 quoque
2889 5110 3116 5183 justitize
3144 5124 3176 5163 a
3229 5106 3340 5163 Deo
3394 5121 3535 5177 prae-

1966 5378 2019 5421 et
2052 5367 2164 5436 ipse
2198 5366 2455 5421 humanis
2489 5380 2518 5419 a
2553 5365 2717 5420 rebus
2748 5363 2857 5418 vim
2886 5377 3101 5417 omnem
3131 5361 3306 5425 tollat,
3335 5369 3389 5436 et
3406 5377 3531 5418 ere-

1965 5431 2113 5507 ptar'n
2143 5437 2347 5489 homini
2398 5436 2641 5504 peccanti
2681 5436 3087 5507 excusationem
3117 5431 3442 5507 cont_endat,_
3465 5448 3533 5507 nc

1966 5503 2256 5562 criminum
2288 5503 2511 5559 suorum
2544 5520 2770 5559 causam
2798 5506 2879 5557 vel
2914 5505 2965 5556 in
2996 5504 3113 5558 dies
3141 5503 3312 5557 malos
3361 5504 3445 5556 vel
3475 5504 3529 5557 in

1966 5575 2418 5646 aliudquidpiam
2450 5585 2733 5629 externum
2762 5584 2924 5644 atque
2977 5574 3276 5628 innocuum
3299 5572 3528 5644 rejicere

2004 5655 2169 5701 osset.

1966 5665 2251 5786 Ρθῗῗῖῖιιι
2280 5716 2418 5771 LXX
2455 5716 2684 5787 habent,
2713 5713 3014 5787 Σύᾼμπαντα
3042 5709 3181 5787 εἶδον
3210 5714 3269 5767 ἐν
3293 5714 3557 5787 ἡμέραις,

1973 5784 2332 5858 ματαιότητός
2359 5805 2481 5857 μου.
2514 5785 2931 5858 Oly_ttt|)i0(l0rus
2950 5786 3021 5858 ⁸ἐν
3040 5784 3244 5854 ἡμέρᾳ.

2040 5860 2150 5920 (75)
2184 5854 2251 5915 Δί
2283 5854 2395 5915 ιιωό
2424 5858 2565 5917 apud
2600 5855 2810 5913 Olvmo.
2848 5854 3259 5911 desiderantur.
