4114 6514
583 422 720 488 1015

1703 439 1762 499 S.
1803 438 2181 501 GREGORII
2234 441 2743 505 AGRIGENTINI

3674 434 3811 499 1016

574 538 790 606 scriptae
820 534 1098 610 fastigium
1126 545 1493 614 pervenerint,
1525 548 1570 602 si
1600 541 1847 604 demisse
1882 551 2140 613 sentiant,

2257 551 2609 625 διορισθείσης
2650 552 3023 625 δικαιοσύνης,
3071 552 3523 620 ταπεινοφρονεῖν
3574 549 3671 602 καὶ¹
3723 548 3810 600 λέ-

581 635 637 680 et
680 643 747 681 ex
782 629 991 686 monito
1022 631 1152 688 item
1178 632 1506 706 Evangelico
1537 638 1754 694 dicant:
1797 658 1816 692 ι
1850 641 2140 696 Serviinu-

579 715 699 773 tiles
738 733 952 786 sumus,
987 723 1131 793 qttod
1159 725 1445 784 debuimus
1480 728 1679 797 facere,
1742 730 1973 789 fecimus
2003 734 2069 788 ⁸³.
2116 754 2134 785 ι

578 810 733 873 Quod
765 810 809 864 si
842 812 965 882 quis
990 814 1063 869 ob
1090 827 1237 873 recte
1265 817 1403 875 facta
1439 822 1709 892 superbiae
1738 832 1834 878 aut
1858 826 2023 879 etiam
2056 841 2142 879 ar-

580 901 839 968 rogantia:
872 905 1065 961 morbo
1094 918 1378 981 correptus
1409 911 1592 979 fuerit,
1621 923 1677 970 et
1723 916 1908 970 animo
1963 917 2141 973 elatus

578 989 680 1043 sibi
726 990 837 1061 jam
873 1006 1091 1065 propter
1113 999 1371 1056 virtutem
1428 1019 1661 1075 magnus
1714 1014 1881 1077 atque
1934 1017 2142 1078 specta-

580 1080 703 1136 bilis
734 1083 1017 1153 videatur;
1058 1088 1103 1145 is
1138 1089 1369 1149 Domino
1401 1110 1509 1150 non
1537 1096 1713 1151 solum
1765 1098 1993 1153 minime
2040 1114 2132 1153 ac—

577 1182 788 1242 ceptus.
816 1177 911 1232 sed
930 1178 1095 1235 etiam
1138 1183 1478 1241 detestabilis
1548 1186 1765 1243 futurus
1820 1198 1924 1254 est,
1978 1199 2143 1261 atque

578 1265 713 1320 adeo
754 1282 941 1335 pmnas
974 1270 1203 1330 daturus
1225 1279 1604 1348 sempiternas.

650 1354 856 1414 ldcirco
885 1360 1117 1432 Moyses.
1151 1381 1379 1437 magnus
1405 1369 1495 1426 ille
1520 1373 1821 1445 theologus,
1852 1376 1928 1429 ait
1956 1394 1970 1428 :
2002 1395 2020 1426 ι
2043 1373 2143 1429 Ju-

579 1455 660 1501 ste
687 1451 831 1517 quod
850 1452 1061 1522 justum
1084 1466 1169 1511 est
1200 1462 1545 1530 persequeris
1590 1464 1724 1536 (76),
1764 1482 1784 1518 ι
1816 1466 1869 1521 id
1906 1476 1990 1521 est
2031 1476 2143 1521 ter-

579 1539 745 1597 minis
786 1553 951 1613 atque
979 1548 1283 1608 rationibus
1324 1552 1541 1610 virtutis
1588 1566 1642 1611 et
1673 1556 1900 1626 iustitiae
1959 1573 2145 1614 serva-

580 1629 651 1685 tis
679 1649 693 1686 :
724 1634 872 1702 quod
900 1635 954 1691 in
982 1637 1195 1709 justitia
1224 1647 1597 1714 persequenda
1635 1652 1727 1719 qui
1763 1652 2004 1719 praestat,
2039 1668 2146 1707 me-

583 1721 768 1778 ritoin
793 1724 881 1781 Dei
914 1729 1335 1789 familiaritatem
1369 1740 1536 1792 venit.
1593 1739 1661 1793 At
1713 1743 1758 1796 si
1796 1743 1980 1812 justus
2025 1745 2145 1800 sine

583 1813 687 1869 hoc
712 1830 837 1873 esse
863 1822 1167 1890 contendit,
1213 1824 1424 1895 ingrata
1452 1828 1665 1899 justitia
1695 1833 1815 1902 ejus
1849 1849 1915 1889 ac
1980 1851 2145 1904 repu-

2246 661 2363 712 γειν
2425 650 2564 702 κατὰ
2620 649 2720 717 τὴν
2800 646 3164 716 εὑαγγελικὴν
3247 641 3405 707 αὖθις
3479 644 3807 713 εἰσήγησιν,

2252 753 2271 786 ι
2307 735 2543 805 Ἀχρεῖοι
2571 734 2746 789 δοῦλοί
2774 738 2941 805 ὲσμεν
2966 752 2983 770 ο
3029 734 3057 788 ὃ
3091 734 3381 804 ὀφείλομεν
3412 732 3659 800 ποιῆσαι,
3718 747 3813 782 πε-

2246 827 2575 897 ποιήκαμεν.
2616 846 2634 879 ι
2662 828 2724 880 Ei
2749 827 2806 880 δέ
2829 845 2914 890 τις
2940 826 3225 881 τὸδίκαιον
3250 824 3411 894 δρῶν,
3433 819 3811 892 ὑπερηφανίας

2246 916 2279 986 ἦ
2335 918 2429 969 καὶ
2461 916 2788 987 περιαυτίας
2811 915 2975 969 πάθει
3018 912 3355 985 κατασχεθῇ,
3412 911 3507 965 καὶ
3560 912 3671 973 τοῖς
3710 908 3811 978 τῆς

2248 1008 2477 1081 καρδίας
2509 1008 2766 1079 ὑψώμασι
2807 1008 3073 1078 λογίζοιτο
3133 1007 3306 1078 μέγας
3356 1004 3442 1068 τίς
3492 999 3633 1056 εἶναι
3688 999 3810 1054 κατ’

2248 1101 2449 1172 ἀρετὴν
2479 1103 2575 1155 καὶ
2625 1101 2919 1170 περίοπτος
2950 1115 2964 1130 ο
3020 1098 3386 1170 ἀπρόσδεκτος
3446 1094 3675 1165 ε’ὑρηται
3730 1090 3810 1162 τῷ

2249 1189 2438 1260 Κυρίῳ
2483 1190 2578 1243 καὶ
2608 1188 2929 1258 βδελυκτὸς,
2960 1188 3052 1241 καὶ
3085 1187 3173 1240 διά
3203 1186 3362 1240 τοῦτο
3391 1184 3487 1238 καὶ
3518 1182 3653 1254 πρὸς
3703 1180 3813 1235 ἀπ-

2248 1278 2443 1331 ώλειαν
2463 1281 2969 1349 παραπεμπόμενος
2999 1278 3101 1350 τὴν
3135 1276 3374 1332 αίώνιον.

2319 1369 2418 1423 Διά
2445 1370 2602 1423 τοῦτό
2624 1387 2792 1442 φησιν
2819 1371 2847 1423 ὁ
2873 1370 3185 1440 θεοφάντωρ
3217 1369 3479 1438 Μωὺσῆς,
3519 1384 3540 1418 ι
3578 1363 3813 1425 Δικαίως

2248 1458 2309 1511 τὸ
2331 1458 2544 1514 δίκαιον
2567 1460 2800 1525 διώξεις,
2837 1479 2858 1512 ι
2888 1459 3135 1513 τουτέστι
3193 1458 3335 1528 μετά
3385 1456 3497 1510 τῶν
3535 1455 3677 1525 ὅρων
3720 1453 3817 1507 καὶ

2249 1548 2421 1617 λόγων
2439 1549 2541 1620 τῆς
2561 1551 2762 1622 ἀρετῆς
2790 1549 2886 1603 καὶ
2913 1548 3011 1619 τῆς
3061 1547 3414 1615 δικαιοσύνης
3434 1560 3451 1579 ·
3506 1543 3575 1597 δι’
3619 1536 3695 1596 ὧν
3728 1558 3815 1605 τις

2250 1642 2506 1713 πράττων
2536 1641 2605 1695 τά
2632 1641 2834 1705 δίκαια,
2867 1639 2965 1711 τὴν
3009 1639 3146 1711 πρὸς
3180 1638 3272 1691 τὸν
3299 1638 3433 1691 Θεὸν
3468 1634 3713 1706 εὑρίσκει
3739 1632 3817 1685 διο

2251 1734 2421 1796 καίως
2446 1731 2740 1786 οἰκείωσιν.
2773 1731 2838 1786 Εἰ
2872 1731 2929 1785 δὲ
2960 1732 3129 1802 χωρὶς
3157 1728 3363 1782 τούτων
3394 1726 3580 1780 διώκει
3609 1723 3671 1777 τὸ
3726 1722 3811 1776 δί-

2251 1842 2428 1887 καιον,
2460 1824 2839 1894 ἀπαράδεκτον
2859 1822 3024 1876 αὑτοῦ
3058 1821 3120 1875 τὸ
3173 1820 3385 1874 δίκαιον
3438 1818 3670 1888 εὓρηται
3722 1816 3817 1869 καὶ

581 1904 781 1962 dianda
831 1909 1076 1966 videatur
1112 1930 1127 1967 :
1159 1916 1230 1969 ob
1253 1931 1482 1988 eamque
1540 1936 1759 1976 causam
1822 1922 2004 1993 ipsum
2062 1926 2146 1995 ju-

2257 1918 2501 1987 φευκτόν.
2543 1918 2651 1970 Καὶ
2698 1915 2888 1969 τούτου
2926 1913 3089 1985 χάριν
3144 1912 3442 1965 ἀπόλλυσιν
3514 1906 3709 1961 ἑαυτὸν
3758 1905 3817 1955 ὲν

583 1995 749 2051 stitia:
785 2012 923 2067 opus
954 2002 1246 2069 perniciem
1282 2007 1357 2060 illi
1389 2009 1569 2076 potius
1616 2010 1823 2077 aﬂ‘erat,
1846 2028 2009 2082 quam
2060 2029 2150 2067 sa-

581 2084 772 2147 lutem.
802 2088 1056 2148 Divinum
1105 2096 1252 2151 enim
1307 2100 1588 2155 oraculum
1646 2113 1767 2157 est:
1833 2123 1851 2155 ι
1887 2105 2149 2161 Dominus

580 2181 831 2249 superbis
864 2185 1088 2254 resistit,
1130 2189 1426 2246 humilibus
1453 2204 1633 2248 autem
1658 2196 1750 2250 dat
1783 2200 2010 2267 gratiam
2030 2200 2097 2252 δ’.
2125 2219 2143 2251 ι

580 2268 735 2327 Adde
761 2272 907 2341 quod
956 2277 1175 2333 virtutis
1210 2294 1273 2333 ac
1297 2280 1527 2349 justitize
1565 2300 1626 2337 ea
1657 2285 1795 2339 ratio
1819 2295 1924 2350 est,
1958 2294 2017 2341 ut
2039 2304 2152 2343 me-

582 2361 735 2417 dium
763 2363 1020 2421 vitiorum
1045 2368 1157 2422 sint
1200 2381 1363 2439 atque
1411 2373 1669 2444 utrinque
1726 2378 2009 2432 reductum
2046 2397 2058 2433 :
2093 2388 2154 2434 ut

584 2451 630 2505 si
662 2453 787 2523 quis
819 2455 1079 2511 virtutem
1110 2462 1329 2530 assequi
1374 2473 1623 2532 conetur,
1658 2466 1766 2520 nisi
1824 2468 1968 2523 inter
2016 2470 2152 2527 lines

583 2542 705 2612 ejus
743 2547 1053 2614 incesserit,
1084 2560 1139 2605 et
1164 2568 1328 2627 quam
1361 2554 1478 2625 ipsa
1502 2568 1703 2624 servat,
1738 2560 1973 2614 mediam
2033 2563 2154 2619 sine

585 2635 696 2690 ulla
721 2639 1081 2696 declinatione
1107 2644 1267 2717 184
1298 2646 1439 2701 viam
1481 2649 1732 2714 triverit;
1762 2652 1925 2705 simul
1992 2664 2155 2722 atque

592 2727 649 2782 in
682 2728 1001 2786 alterutram
1034 2734 1337 2805 adjacentis
1362 2740 1641 2809 prmcipitii
1675 2751 1881 2810 partem
1917 2744 2154 2799 deﬂexe-

584 2815 679 2879 ι’ξι,
712 2815 766 2872 in
799 2818 1070 2887 ignaviam
1130 2834 1227 2879 aut
1256 2825 1311 2879 in
1340 2828 1625 2883 audaciam
1655 2831 1893 2897 decidat,
1931 2835 2152 2900 virtute,

586 2921 709 2977 qua
736 2911 973 2965 medium
1007 2922 1109 2978 est,
1140 2916 1349 2982 relicta,
1382 2932 1446 2973 ac
1478 2928 1701 2990 repente
1731 2936 1789 2976 se
1851 2923 1917 2977 ad
1970 2926 2157 2994 perni-

586 3003 726 3057 ciem
760 3006 935 3076 magis
1003 3024 1169 3079 quam
1226 3010 1295 3064 ad
1351 3011 1579 3068 salutem
1648 3017 1988 3085 compulsum
2034 3034 2157 3074 esse

586 3097 911 3165 comperiat.
961 3098 1261 3171 Propterea
1302 3119 1521 3161 rursum
1554 3108 1753 3162 divina:
1805 3125 1905 3165 nos
1937 3110 2156 3167 Litterae

587 3185 883 3242 admonent
916 3206 929 3242 :
972 3206 991 3240 ι
1024 3188 1104 3245 Ne
1130 3192 1370 3249 declines
1396 3195 1466 3249 ad
1500 3196 1805 3265 dexteram,
1848 3216 2027 3271 neque
2086 3202 2153 3257 ad

589 3276 868 3332 sinistram
898 3280 1011 3350 (77)
1044 3299 1059 3335 :
1093 3301 1112 3335 ι
1161 3284 1256 3339 sed
1312 3286 1404 3339 via
1439 3289 1586 3357 regia
1644 3290 1855 3345 incede.
1908 3292 2155 3349 Dextera:

590 3385 783 3440 nempe
804 3381 967 3444 atque
994 3375 1230 3431 sinistrae
1257 3377 1480 3433 nomine
1506 3380 1763 3448 adjacens
1811 3383 2005 3438 vitium
2065 3385 2158 3440 de-

590 3462 849 3533 signavit.
884 3464 941 3520 ld
976 3482 1103 3521 vero
1134 3468 1191 3522 in
1230 3470 1379 3525 omni
1423 3470 1628 3528 virtute
1662 3477 1900 3544 spectari
1956 3485 2154 3548 potest.

664 3642 758 3700 Sic
780 3645 947 3717 igitur
983 3667 996 3702 :
1035 3664 1053 3699 ι
1092 3646 1283 3706 Justus
1312 3651 1530 3720 periens
1562 3652 1617 3709 in
1659 3653 1807 3726 justo
1841 3669 1943 3712 suo
1983 3677 2003 3711 ι
2054 3658 2160 3715 du-

593 3738 721 3808 plici
755 3740 918 3795 modo
943 3741 1387 3810 deprehenditur,
1415 3747 1875 3815 quemadmodum
1907 3766 2008 3807 nos
2046 3754 2161 3807 exi-

595 3833 960 3890 stimavimus.
990 3836 1127 3890 Cum
1157 3852 1286 3892 vero
1307 3839 1411 3893 ait:
1442 3858 1460 3891 ι
1502 3838 1567 3895 Et
1584 3851 1666 3896 est
1694 3843 1897 3914 impius
1935 3860 2162 3902 manens

597 3925 651 3981 in
683 3925 888 3981 malitia
923 3941 1044 3992 sua,
1077 3946 1096 3981 ι
1126 3943 1273 3995 eum,
1301 3932 1394 4000 qui
1424 3931 1657 3988 inﬁdelis
1676 3942 1729 3987 et
1751 3935 1911 4005 plane
1962 3937 2161 3992 atheus

598 4018 689 4082 sit,
720 4017 922 4073 diserte
954 4018 1253 4087 indicavit;
1289 4037 1503 4077 summa
1528 4024 1725 4079 divinae
1770 4026 2027 4083 bonitatis
2060 4043 2162 4097 pa-

592 4109 789 4165 tientia
819 4119 983 4180 atque
1030 4110 1255 4169 lenitate
1291 4115 1626 4181 abutentem,
1684 4126 1845 4186 atque
1890 4118 2162 4174 obstinato

600 4195 924 4267 plerumque
954 4198 1140 4253 animo
1169 4200 1223 4253 in
1246 4201 1540 4272 impietatis
1563 4203 1915 4274 opinionibus
1966 4215 2023 4260 et
2068 4223 2167 4262 ηερ

597 4287 784 4357 (ιιιίιίιε
807 4286 965 4343 factis
994 4301 1431 4358 perseverantem
1464 4312 1476 4347 :
1511 4310 1671 4364 quem
1718 4296 1810 4351 hic
1870 4298 2167 4369 impietatis

598 4380 716 4450 ejus
735 4389 789 4435 et
806 4380 1135 4436 nefariorum
1149 4384 1416 4438 scelerum
1434 4386 1627 4440 vindex
1647 4402 1808 4456 paena
1824 4391 2164 4460 non'premit,

601 4472 950 4544 futuramque
978 4475 1031 4529 in
1044 4474 1209 4531 vitam
1225 4485 1486 4545 reservat,
1503 4488 1560 4531 ut
1579 4480 1828 4548 prmseuti
1844 4479 1935 4535 Dei
1957 4483 2166 4551 patien-

2247 2010 2421 2080 τούτῳ
2457 2010 2518 2063 τὸ
2553 2008 2849 2078 δικαίωμα,
2884 2005 3086 2077 μᾶλλον
3130 2004 3165 2075 ἢ
3211 2002 3395 2066 σώζει.
3424 2000 3560 2070 Φησὶ
3583 1998 3693 2091 γάρ
3712 2011 3817 2048 που

2247 2105 2308 2157 τὸ
2332 2104 2512 2172 λόγιον
2534 2118 2550 2134 ο
2585 2120 2604 2153 ι
2643 2102 2850 2172 Κύριος
2883 2097 3259 2169 ὑπερηφάνοις
3288 2093 3692 2155 ἀντιτάσσεται,
3721 2104 3820 2141 ταο

2249 2198 2452 2258 πεινοῖς
2478 2195 2536 2249 δὲ
2558 2194 2741 2247 δίδωσι
2782 2192 2963 2263 χάριν.
3000 2209 3018 2241 ι
3055 2190 3128 2242 ’Ἡ
3169 2188 3264 2241 καὶ
3301 2187 3506 2249 ἄλλως·
3548 2183 3661 2253 Τῆς
3690 2180 3819 2251 ἀρε·

2248 2287 2349 2357 τῆς
2378 2288 2469 2340 καὶ
2504 2286 2603 2357 τῆς
2625 2283 2971 2354 δικαιοσύνης
3000 2284 3028 2337 ό
3067 2281 3226 2350 λόγος
3262 2280 3497 2351 μεσότης
3547 2274 3664 2326 ἐστὶ
3714 2271 3819 2341 τὴν

2250 2378 2333 2447 ὲφ’
2364 2378 2601 2448 ὲκέιίτερελι
2634 2374 3021 2447 παρεκτροπὴν
3073 2371 3459 2443 παρεκκλίνων
3489 2383 3504 2398 ·
3530 2360 3645 2420 οἷον
3690 2379 3817 2415 πει-

2255 2471 2411 2541 ρᾶταί
2446 2488 2526 2533 τις
2552 2467 2852 2540 κατορθοῦν
2879 2467 2981 2539 τὴν
3024 2465 3303 2536 ἀνδρείαν,
3356 2464 3407 2515 εί
3454 2459 3530 2531 μὴ
3579 2455 3817 2526 στοιχοίη

2251 2565 2364 2626 τοῖς
2394 2562 2544 2633 ὅροις
2573 2560 2766 2625 αὐτῆς,
2797 2558 3009 2628 καὶτῆς
3036 2555 3334 2627 μεσότητος
3494 2545 3818 2651 κατὶαὑτην

2253 2654 2532 2725 ἐχόμενος,
2559 2649 2962 2722 ἀπαρέγκλιτος
3014 2645 3266 2719 εὑρεθείη
3291 2696 3304 2709 ,
3331 2642 3470 2698 ἀλλά
3533 2638 3671 2710 πρὸς
3718 2638 3819 2706 τὴν

2254 2745 2665 2816 παρακειμένην
2678 2741 3015 2812 ἑκατέρωθεν
3030 2737 3413 2808 κατολισθήσει
3436 2731 3806 2804 μετάπτωσιν,

2255 2840 2393 2911 πρὸς
2421 2838 2630 2892 δειλίαν
2663 2837 2697 2905 ἢ
2728 2834 3045 2907 θρασύτητα
3092 2829 3449 2924 παρεμπέσῃ,
3478 2816 3818 2924 τῂν-ἀρετῗιν,

2254 2934 2378 3004 ἥτις
2412 2932 2623 3002 ἐστἰνή
2681 2929 2940 3000 μεσότης,
2975 2923 3319 2987 καταλιπὼν,
3365 2920 3459 2975 καὶ
3512 2916 3601 2972 διά
3664 2916 3821 2968 τοῦτο

2255 3024 2533 3077 λανθάνων
2560 3020 2919 3093 εὑρεθήσεται
2949 3017 3086 3087 πρὸς
3116 3014 3393 3069 ἀπώλειαν
3419 3008 3619 3082 μᾶλλον
3646 3005 3681 3076 ἢ
3711 3020 3817 3057 σω·

2256 3121 2452 3192 τηρίαν
2480 3116 2853 3179 συνωθισθείς.
2910 3113 3115 3167 Τούτου
3173 3111 3335 3182 χάριν
3398 3102 3554 3168 αὖθις
3608 3102 3643 3170 ἡ

2180 3238 2224 3299 c
2258 3186 2470 3283 I‘p'acpﬁ'
2500 3229 2519 3261 ι
2561 3209 2654 3277 Μὴ
2692 3204 2949 3276 ἐκκλίνῃς
2999 3200 3149 3299 δεξιᾷ
3192 3201 3226 3272 ἢ
3290 3193 3579 3299 ἀριστερᾷ,
3616 3209 3676 3292 ⁸-

2256 3278 2361 3374 ὁδῷ
2390 3278 2652 3373 βασιλικῇ
2686 3297 2888 3370 βάδιζε.
2914 3295 3013 3349 Διά
3056 3294 3165 3366 γὰρ
3225 3288 3320 3345 τοῦ
3380 3281 3679 3386 ἀριστεροῦ
3728 3278 3826 3386 καὶ

2262 3396 2444 3467 μέντοι
2476 3394 2570 3448 καὶ
2625 3391 2720 3445 τοῦ
2776 3387 2951 3453 δεξιοῦ
3011 3386 3109 3458 τὴν
3161 3377 3601 3467 παρακειμένηνΔ
3630 3377 3825 3467 κακίαν

2259 3462 2522 3556 έσήμανε.
2577 3483 2652 3537 Τὸ
2684 3480 2817 3535 αὐτὸ
2848 3479 2906 3533 δὲ
2931 3478 3071 3533 κάπί
3134 3474 3319 3543 πάσης
3351 3468 3551 3542 ἀρετῆς
3581 3462 3830 3517 θεάσοιτο

2259 3577 2371 3639 πᾶς
2421 3578 2450 3628 ὁ
2490 3571 2648 3645 βουλό
2656 3586 2839 3642 μενος.

2330 3641 2612 3739 Οὑτωνμὲν
2642 3641 2737 3719 οὖν
2759 3706 2773 3729 ,
2796 3683 2816 3718 ι
2844 3664 2873 3717 ὁ
2910 3662 3121 3724 δίκαιος
3152 3654 3524 3724 ἀπολλύμενος
3553 3649 3611 3701 ὲν
3637 3641 3831 3712 δικαίῳ

2263 3763 2427 3820 αὑτοῦ
2464 3781 2482 3814 ι
2518 3758 2880 3827 κατείληπται
2912 3748 3219 3817 διττῶς,ὡς
3250 3739 3829 3835 ἡμεῖςὺπειλήφαμεν.

2264 3852 2446 3908 Εἰπὼν
2460 3851 2539 3915 δὲ,
2571 3869 2588 3901 ι
2613 3849 2723 3903 Καὶ
2745 3847 2894 3899 ἐστιν
2921 3840 3125 3911 ἀσεϐὴς
3156 3838 3331 3909 μένων
3362 3836 3420 3887 ὲν
3444 3830 3615 3901 κακίᾳ
3640 3828 3831 3887 αὑτοῦ,

2262 3946 2354 4000 τὸν
2379 3944 2606 3998 ἄπιστον
2638 3938 2734 3992 καλ⁸
2763 3932 3048 3997 παντελῶς
3081 3930 3240 3987 ἄθεον
3284 3923 3556 3997 άριδήλως
3615 3920 3831 3990 ἐσήμα-

2264 4054 2374 4093 νενο
2397 4035 2457 4099 ὃς
2469 4032 2668 4103 ἀνοχῆς
2691 4030 2782 4084 καὶ
2803 4024 3187 4100 μακροθυμίας
3204 4020 3402 4089 πολλῆς
3417 4013 3704 4071 ἀπολαύων
3725 4028 3838 4103 παῖ

2268 4129 2339 4201 ρά
2363 4128 2463 4198 τῆς
2490 4100 2825 4194 θεοπρεποῦς
2854 4116 3191 4187 ἀγαθότητος
3203 4110 3482 4201 ὲπιπλεῖσν
3500 4100 3837 4201 καταφρονεῖ

2266 4195 2363 4276 καὶ
2382 4195 2677 4290 προσμένει
2698 4214 2817 4275 ταῖς
2833 4208 3135 4279 ὑπολήψεσι
3150 4206 3247 4277 τῆς
3262 4199 3518 4293 ἀσεϐείας
3571 4196 3669 4293 καὶ
3711 4195 3839 4293 ταῖς

2268 4281 2641 4382 πράξεσιν-τῆς
2656 4302 2875 4365 κακίας,
2887 4299 2947 4353 οὑ
2964 4297 3120 4360 δίκας
3136 4290 3593 4387 εἰσπραττόμενος
3605 4281 3841 4387 ενταῦθα

2266 4373 2375 4457 τέῦν
2390 4373 2563 4467 ἀσεδη
2570 4373 2753 4467 μάτων
2768 4391 2933 4445 αὑτοῦ
2946 4388 3039 4443 καὶ
3052 4398 3380 4454 κακοπραγη
3387 4373 3730 4474 μάτων,μάρά
3742 4389 3843 4474 τα-

2272 4464 2591 4566 μιευόμενος
2610 4486 2747 4558 πρὸς
2762 4485 2860 4555 τὴν
2881 4480 3179 4566 μέλλουσαν
3207 4475 3363 4566 δίκην
3387 4489 3400 4503 ·
3416 4472 3503 4525 ἴνα
3516 4469 3612 4566 καλ
3625 4464 3717 4519 διὰ
3737 4464 3841 4566 τῇς

601 4565 673 4620 tia
698 4579 853 4630 usus,
885 4566 951 4619 ad
979 4581 1134 4622 veras
1160 4569 1477 4634 sententias,
1498 4581 1551 4625 et
1577 4577 1835 4627 honestas
1910 4574 2156 4632 actiones

2266 4552 2499 4637 ἐνταῦθα
2550 4552 2935 4650 μακροθυμίας
2965 4565 3230 4637 ἀλλοιωθῇ
3260 4563 3351 4617 διὰ
3381 4557 3671 4650 μετανοίας
3699 4552 3841 4650 προς

606 4655 915 4727 ρωιιίιειιάο
944 4666 1311 4711 convertatur.
1341 4659 1446 4727 Qui
1475 4660 1580 4715 nisi
1602 4661 1669 4716 ad
1704 4663 1984 4718 meliorem
2052 4666 2169 4722 fru-

606 4762 723 4820 gem
755 4748 997 4813 redierit,
1026 4764 1149 4803 cum
1189 4764 1368 4804 rerum
1398 4753 1452 4805 in
1476 4752 1584 4806 vita
1634 4763 1908 4823 gestarum
1958 4772 2169 4815 merces

605 4838 804 4909 cuique
826 4855 924 4895 sua
957 4841 1249 4907 tribuetur,
1280 4843 1651 4899 defensionem
1673 4847 1915 4916 profecto
1961 4852 2164 4908 nullam

609 4931 893 4987 habiturus
912 4941 1017 4993 est,
1050 4948 1113 4986 ac
1142 4933 1349 5002 judicio
1376 4936 1519 5004 quod
1550 4936 1795 4992 futurum
1824 4950 1909 4993 est
1937 4940 2166 4996 damna-

607 5034 717 5086 tus,
738 5021 861 5092 jure
880 5038 944 5076 ac
968 5024 1162 5078 merito
1187 5024 1239 5080 in
1262 5026 1519 5095 gehennae
1541 5028 1719 5097 ignem
1749 5032 2169 5089 transmittetur.

608 5112 796 5184 Neque
826 5115 969 5170 enim
1003 5130 1194 5171 omnes
1228 5117 1377 5187 impii
1410 5119 1460 5172 in
1487 5120 1589 5175 hac
1614 5120 1722 5176 vita
1748 5123 2014 5179 scelerum
2041 5142 2174 5182 suo-

612 5224 734 5264 rum
760 5210 1219 5279 subeuntptenas,
1243 5225 1420 5281 neque
1442 5228 1634 5268 rursus
1660 5229 1850 5271 omnes
1875 5218 2081 5288 judicio
2101 5219 2174 5274 illi

612 5308 667 5353 et
699 5303 982 5355 sententiae
1014 5310 1365 5356 reservantur
1391 5319 1404 5356 :
1433 5318 1619 5359 verum
1643 5306 1734 5361 alii
1759 5308 1979 5378 quidem
2010 5319 2065 5365 et
2092 5311 2178 5367 hic

614 5399 669 5445 et
698 5389 887 5446 futuro
912 5399 1039 5463 post
1069 5406 1206 5457 aevo,
1239 5392 1331 5447 alii
1388 5404 1568 5453 autem
1600 5396 1711 5453 illic
1745 5407 1954 5456 tantum
1988 5416 2180 5471 pcenas

610 5487 949 5557 persolvent,
972 5503 1095 5543 cum
1132 5489 1219 5545 illa
1236 5490 1468 5561 quisque
1484 5508 1672 5550 eorum
1686 5496 1918 5552 audierit
1951 5516 1965 5553 :
2000 5517 2019 5549 ι
2049 5497 2181 5554 Ces-

614 5578 757 5640 savit
788 5578 991 5649 impius
1034 5581 1235 5649 omnis,
1289 5584 1383 5653 qui
1450 5599 1551 5640 nec
1577 5585 1849 5654 justitiam
1901 5588 2177 5656 didicerit,

686 5716 734 5747 ³⁸
767 5714 898 5773 Luc.
929 5734 1060 5784 xvtt,
1089 5719 1177 5776 lO.
1249 5725 1295 5758 '9
1325 5722 1439 5779 Jac.
1474 5741 1547 5789 tv,
1580 5724 1635 5779 6.

689 5848 806 5925 (76)
842 5849 1062 5908 Denter.
1130 5871 1239 5918 xvi.
1289 5857 1379 5911 20.
1434 5858 1500 5914 At
1536 5857 1675 5913 LXX
1726 5857 1925 5913 habent
1979 5855 2178 5929 διὸξῃς.

2269 4674 2369 4738 τὰς
2394 4640 2615 4741 ἀληθεῖς
2670 4640 2830 4732 δόξας
2863 4660 2957 4715 καὶ
3006 4658 3110 4730 τὰς
3138 4652 3434 4715 σπουδαίας
3458 4648 3708 4721 πράξεις.
3740 4640 3845 4741 ’(ξς

2271 4768 2321 4820 εἰ
2351 4735 2426 4835 μὴ
2450 4735 2543 4833 μετ
2553 4758 2761 4829 αόληθῇ
2782 4751 2997 4827 πρὸςτδ
3027 4750 3297 4821 κρεῖττον,
3322 4741 3729 4835 ἀναπολόγητος
3744 4735 3845 4804 γέ-

2270 4829 2432 4928 νηται
2451 4829 2742 4912 ⁷πόιντελῶς
2773 4850 2830 4901 ὲν
2854 4848 2919 4916 τῇ
2943 4843 3053 4896 τῶν
3083 4838 3433 4928 βεϐιωμένων
3461 4829 3844 4928 ἀνταποδόσει,

2273 4922 2369 5003 καὶ
2398 4943 2489 4999 διὰ
2535 4943 2634 5011 τῆς
2672 4940 2806 5011 πρὸς
2836 4936 2899 4990 τὸ
2935 4934 3128 5005 μέλλον
3149 4930 3308 5000 δίκης
3331 4927 3428 4981 καὶ
3461 4922 3847 4995 κατακρίσεως

2258 5039 2497 5098 δικαίως
2527 5028 2905 5106 παραπεμφθῇ
2942 5026 3039 5081 καὶ
3084 5023 3474 5094 προσηκόντως
3502 5018 3582 5080 εἰς
3615 5014 3675 5068 τὸ
3699 5102 3708 5106 Δ
3732 5011 3857 5106 πὺρ

2274 5128 2375 5197 τῆς
2405 5101 2668 5196 γεέννης·
2700 5120 2823 5177 οὐδὲ
2862 5117 2972 5190 γὰρ
3021 5115 3303 5210 πάντες-οἰ
3330 5109 3552 5210 ἀσεόείς
3580 5101 3852 5210 κατάστὺν

2278 5219 2522 5290 παρόντα
2583 5215 2697 5285 βίον
2738 5205 3263 5283 εἰσπράττονταιτά
3307 5203 3407 5273 τῆς
3456 5199 3593 5303 ἰδίας
3622 5199 3853 5303 κακίας,

2277 5312 2399 5369 οὑδὲ
2428 5310 2627 5371 πάντες
2656 5308 2773 5359 ἐκεῖ
2800 5300 3151 5375 ταμιεύονται
3189 5297 3354 5352 πάλιν
3380 5311 3394 5326 ⁸
3459 5293 3578 5349 ἀλλ’
3632 5293 3682 5345 οἱ
3745 5293 3855 5361 μὲν

2279 5408 2390 5478 γάρ
2418 5400 2700 5459 κάνταῦθα
2722 5398 2817 5452 καὶ
2849 5396 2985 5467 πρὸς
3007 5395 3068 5449 τὸ
3099 5393 3316 5466 μέλλον,
3348 5391 3399 5444 οἱ
3432 5389 3489 5442 δὲ
3518 5386 3681 5458 μόνον
3729 5386 3857 5478 ἐκεῖ

2278 5474 2490 5552 τίσουσι
2526 5494 2705 5563 δίκην,
2734 5492 2863 5544 ὅταν
2889 5488 3120 5549 ἕκαστος
3169 5484 3349 5539 αὑτῶν
3387 5482 3620 5552 ἀκούσῃ,
3685 5497 3703 5531 t
3741 5474 3858 5531 [Ié-

2282 5606 2485 5645 παυται
2517 5588 2545 5639 ὁ
2578 5582 2783 5656 ἀσεϐὴς
2808 5580 2939 5641 πᾶς,
2970 5577 3029 5640 ὃς
3058 5577 3119 5629 οὐ
3155 5576 3229 5647 μὴ
3268 5574 3415 5646 μάθῃ
3475 5568 3862 5639 δικαιοσύνην,

2355 5854 2468 5927 (77)
2499 5852 2659 5909 Prov.
2694 5867 2766 5917 tv,
2804 5851 2893 5905 27.
2920 5849 3075 5921 Apud
3101 5845 3238 5903 LXX
3272 5846 3471 5902 desunt
3497 5852 3709 5901 cetera.
