4114 6510
618 409 753 475 1019

1722 410 1785 471 S.
1822 408 2202 469 GREGORII
2249 404 2763 468 AGRIGENTINI

3728 398 3885 464 10%

613 531 746 584 Nam
799 529 902 584 hoc
964 528 1292 598 proverbiali
1344 542 1563 597 quoque
1620 528 1783 598 186
1826 527 1920 581 illo
1958 528 2182 582 oraculo

2298 526 2519 593 σότητος
2550 521 2959 587 ὲξολισθαίνειν.
2993 518 3087 573 καὶ
3136 518 3273 591 πρὸς
3305 520 3505 574 κακίαν
3548 519 3891 574 ἐκπίπτειν.

612 623 1023 691 comprobatur,
1067 622 1210 689 quod
1245 622 1359 676 ait:
1402 641 1420 671 ι
1463 619 1759 675 Comedere
1794 621 1901 674 mel
1939 622 2190 684 multum,

614 732 720 770 non
762 692 965 771 bonum
1007 724 1089 769 est
1122 715 1270 784 (81):
1308 714 1603 769 manifesto
1644 730 1747 769 nos
1774 715 2041 780 edocens,
2065 729 2193 769 sua-

612 808 893 863 vissimam
920 824 1099 861 rerum
1130 808 1382 861 virtutem
1423 822 1530 860 non
1568 807 1689 863 sine
1721 807 1884 862 modo
1918 817 1973 862 et
2002 808 2194 862 ordine

612 899 992 967 appetendam.

682 990 839 1055 Quod
904 1000 1087 1045 autem
1144 991 1265 1044 ait:
1314 1010 1331 1041 ι
1385 992 1447 1043 lit
1482 991 1594 1045 noli
1643 993 2015 1062 argumentari
2068 993 2192 1062 plus

614 1101 777 1152 quam
816 1094 1055 1152 oportet,
1098 1105 1117 1136 ι
1155 1086 1590 1140 vehementiores
1616 1088 1997 1141 contentiones
2029 1097 2194 1155 atque

615 1178 1046 1247 perquisitiones
1073 1180 1193 1234 sine
1229 1180 1397 1232 dubio
1426 1179 1681 1248 prohibet
1716 1188 1826 1232 tam
1857 1179 1924 1233 de
1953 1179 2039 1243 iis,
2070 1193 2192 1246 quae

618 1270 671 1321 in
732 1269 920 1322 mundi
974 1269 1133 1322 initio
1171 1270 1393 1324 condita
1431 1280 1763 1339 spectamus,
1791 1286 1955 1339 quam
1988 1285 2110 1338 qua:
2137 1269 2189 1321 iu

614 1360 723 1415 vita
746 1362 1091 1431 contingunt,
1123 1362 1267 1431 quod
1293 1362 1518 1415 inutiles
1540 1377 1620 1415 eae
1647 1362 1757 1414 sint
1786 1368 1841 1414 et
1864 1375 2195 1428 supervaca-

619 1470 754 1520 ne:e,
792 1470 891 1508 nec
924 1455 1125 1508 bonum
1179 1455 1243 1508 ad
1300 1454 1508 1507 exitum
1569 1454 1820 1507 tendant.
1873 1450 2008 1505 Nam
2059 1451 2191 1520 quid

616 1545 823 1598 homini
850 1543 1091 1613 prodest.
1128 1545 1258 1598 eniti
1286 1544 1436 1598 omni
1470 1558 1603 1597 cura
1632 1553 1684 1597 et
1716 1543 1926 1607 conari,
1951 1551 2010 1597 ut
2038 1558 2191 1597 asse-

617 1649 840 1707 quatur,
869 1649 1004 1709 quot
1032 1640 1223 1694 stadiis
1250 1650 1407 1694 terrae
1429 1639 1670 1694 ambitus
1699 1647 1753 1693 et
1784 1654 2042 1694 mensura
2059 1654 2191 1693 con-

618 1734 857 1796 ticiatur,
887 1731 969 1783 vel
996 1739 1129 1799 quot
1165 1740 1345 1799 partes
1380 1732 1684 1795 caelestem,
1718 1746 1841 1799 qua:
1866 1729 2191 1784 circumvol-

616 1824 807 1885 \‘itur,
866 1823 1062 1875 molem
1123 1821 1507 1889 distinguant,
1571 1821 2034 1891 quemadmodum
2096 1819 2189 1889 qui

616 1916 948 1983 superﬂuam
976 1923 1027 1967 et
1048 1930 1242 1967 vanam
1269 1914 1625 1983 astrologiam
1650 1922 1927 1975 exercent,
1952 1912 2193 1966 dividere

616 2019 682 2058 ac
710 2014 913 2057 temere
959 2018 1282 2056 enumerare
1320 2003 1565 2072 aggressi
1631 2012 1777 2057 sunt.
1812 2000 1970 2069 llaec
2028 2001 2194 2071 igitur

618 2096 950 2165 investigare
980 2096 1257 2150 curiosius
1286 2096 1511 2164 perinde
1542 2095 1793 2159 habetur,
1826 2103 1990 2164 atque
2013 2092 2192 2147 homi—

616 2204 738 2240 nem
762 2187 1124 2255 argumentari
1162 2186 1440 2255 plusquam
1463 2196 1685 2255 oportet,
1714 2187 1860 2255 quod
1898 2185 2031 2238 nihil
2064 2183 2190 2239 inde

616 2279 875 2332 utilitatis
930 2278 1070 2332 ferat
1117 2294 1183 2332 ac
1230 2279 1547 2333 commodi:
1606 2293 1707 2333 nec
1740 2278 1924 2333 minus
1956 2281 2192 2335 scrutari

614 2372 935 2442 diligentius
968 2381 1137 2441 atque
1178 2374 1514 2440 perquirere,
1568 2387 1668 2427 cur
1724 2372 1943 2441 pietatis
1984 2374 2193 2430 alumni

616 2462 798 2531 inopia
847 2461 1117 2522 laborent.
1177 2472 1230 2516 et
1278 2463 1475 2516 divina:
1523 2462 1750 2532 iustitiae.
1794 2463 2031 2519 cultores
2083 2468 2193 2521 vim

620 2554 855 2606 alienam
894 2569 1001 2607 non
1052 2554 1335 2623 effugiant.
1373 2563 1427 2607 et
1472 2553 1735 2623 periculis
1772 2555 2193 2623 quamplurimis

617 2652 781 2711 atque
817 2644 1223 2698 calamitatibus
1275 2643 1455 2697 omnis
1508 2644 1725 2711 generis
1785 2643 1984 2712 objecti
2039 2646 2190 2700 sint:

619 2734 746 2787 mali
800 2744 980 2789 autem
1032 2744 1195 2805 atque
1250 2735 1404 2804 impii
1446 2735 1697 2789 homines
1722 2736 1919 2804 opibus
1950 2737 2191 2804 aﬂluant,

618 2839 671 2881 et
695 2827 858 2881 vitam
882 2826 1206 2896 plerumque
1239 2828 1570 2882 incolumem
1612 2827 1882 2896 planeque
1916 2828 2194 2883 innoxiam

620 2920 927 2973 traducant.
984 2918 1042 2972 In
1093 2918 1176 2973 his
1226 2919 1428 2988 quippe
1470 2918 1727 2972 omnibus
1757 2919 1949 2987 gratia:
1978 2920 2197 2989 agendae

620 3018 747 3063 sunt
778 3009 923 3063 bono
957 3009 1168 3063 auctori
1203 3017 1255 3064 et
1290 3010 1525 3079 sapienti
1552 3008 1797 3063 omnium
1839 3010 2192 3073 moderatori.

620 3117 722 3156 nec
758 3102 1195 3170 investigandum
1221 3101 1521 3171 quidquam
1554 3116 1619 3156 ex
1645 3100 1732 3155 his
1766 3112 1861 3155 aut
1894 3100 2197 3158 studiosius

2294 615 2464 669 Τοῦτο
2496 616 2606 685 γάρ
2640 612 2869 683 ὲμπεδοῖ
2901 611 2995 665 καὶ
3041 612 3102 665 τὺ
3146 611 3517 683 παροιμιακὸν
3566 613 3748 663 έκεῖνο
3791 611 3899 663 λό-

2292 723 2431 776 γιον,
2467 704 2709 774 δηλονότι
2741 703 2801 756 τὸ
2835 702 3064 772 φάσκον·
3127 721 3145 754 ι
3198 703 3396 769 Φαγεῖν
3440 700 3563 769 μέλι
3614 700 3779 763 πολὺ,
3814 700 3895 752 ού

2294 797 2477 859 καλὸν,
2505 815 2523 847 ι
2561 795 2659 866 τὴν
2694 795 3038 865 γλυκυτάτην
3062 795 3265 865 ἀρετὴν
3308 791 3746 863 μεμετρημένως
3782 790 3898 843 καὶ

2292 888 2641 957 τεταγμένως
2670 884 3032 956 μεταδιώκειν
3064 884 3253 953 σαφῶς
3283 883 3693 953 εἰσηγούμενος.

2369 982 2435 1033 Ὃ
2470 980 2528 1032 δέ
2567 991 2724 1048 φησι·
2780 998 2798 1029 ι
2857 978 2967 1030 Καὶ
3018 977 3093 1047 μὴ
3142 975 3362 1043 σοφίζου
3415 975 3672 1044 περισσὰ,
3715 992 3736 1025 ι
3776 974 3895 1034 τὰς

2294 1070 2723 1140 περιεργοτέρας
2770 1066 3307 1138 πολυπραγμοσύνας
3338 1065 3435 1118 καὶ
3476 1064 3893 1135 παρεξετάσεις

2292 1163 2402 1217 τῶν
2435 1165 2494 1215 ὲν
2518 1164 2586 1232 τῇ
2616 1161 2792 1214 κτίσει
2833 1160 3250 1229 θεωρουμένων,
3281 1157 3378 1211 καὶ
3423 1156 3605 1227 μέντοι
3637 1156 3735 1209 καὶ
3766 1154 3891 1207 τῶν

2292 1253 2354 1304 ὲν
2400 1250 2478 1321 τῷ
2523 1251 2621 1321 βίῳ
2674 1248 3079 1319 συμϐαινόντων
3135 1246 3483 1316 πραγμάτων
3536 1242 3888 1313 ἀπαγορεύει

2292 1344 2597 1413 προδήλως,
2637 1342 2711 1405 ώς
2743 1342 3035 1411 ἀνονήτους
3065 1340 3159 1393 καὶ
3192 1338 3452 1408 περιττὰς
3474 1338 3735 1406 καὶπρὸς
3772 1352 3889 1405 μηο

2291 1434 2380 1488 δὲν
2409 1433 2561 1496 τέλος
2610 1432 2814 1501 ἀγαθὸν
2853 1430 3229 1493 καταντώσας.
3260 1430 3326 1482 Τί
3360 1429 3468 1501 γάρ
3516 1428 3708 1496 ὄφελός
3758 1429 3881 1479 ἐστι

2292 1524 2373 1595 τῷ
2418 1522 2691 1594 ἀνθρώπῳ
2725 1523 2785 1575 τὸ
2832 1522 2901 1575 δι’
2940 1520 3228 1590 ἀκριϐείας
3264 1518 3746 1591 πολυπραγμονεῖν
3786 1520 3883 1571 καὶ

2291 1616 2589 1688 πειρᾶσθαι
2615 1614 2926 1684 γινώσκειν,
2959 1614 3103 1665 πόσα
3120 1612 3219 1681 τῆς
3244 1613 3345 1680 γῆς
3376 1614 3489 1664 ἐστι
3519 1611 3709 1664 στάδια
3732 1610 3883 1663 κατᾶ

2290 1708 2391 1778 τὴν
2420 1708 2778 1778 περιφέρειαν
2811 1705 3005 1773 αὐτῆς,
3044 1704 3076 1774 ἢ
3108 1705 3208 1770 τὴν
3250 1703 3603 1773 περίμετρον,
3635 1703 3668 1771 ῆ
3700 1702 3876 1753 πόσαι

2296 1801 2482 1871 μοῖραι
2512 1799 2574 1852 τὸ
2606 1798 2861 1869 οὐράνιον
2893 1796 2987 1850 καὶ
3024 1794 3533 1866 κυκλοφορούμενον
3563 1792 3880 1860 διειλήφασι

2297 1890 2480 1960 σῶμα,
2512 1888 2697 1951 καθὼς
2725 1890 2776 1941 οἱ
2809 1888 2906 1958 τὴν
2937 1887 3199 1958 περιττὴν
3230 1886 3321 1939 καὶ
3347 1885 3580 1955 ματαίαν
3609 1883 3881 1953 ἀστρολο-

2294 1981 2421 2049 γίαν
2450 1981 2792 2049 ἀσκήσαντες
2817 1979 3066 2049 διαιρεῖν,
3097 1981 3190 2032 καὶ
3218 1978 3399 2047 μέντοι
3422 1977 3516 2029 καὶ
3545 1976 3881 2043 παραλόγως

2294 2072 2632 2144 ἀπαριθμεῖν
2660 2071 3018 2142 ὑπειλήφασι.
3058 2070 3131 2123 Τὸ
3172 2070 3357 2123 τοίνυν
3384 2067 3607 2122 τοιαῦτα
3638 2066 3881 2139 παρεξε-

2293 2167 2498 2231 τάζειν,
2539 2184 2559 2218 ι
2597 2165 2833 2234 περισσά
2881 2162 3197 2231 σοφίζεσθαι
3242 2181 3259 2213 ι
3295 2161 3373 2232 τῷ
3411 2159 3683 2231 ἀνθρώπῳ
3726 2161 3887 2214 λελό-

2293 2274 2496 2326 γισται,
2544 2256 2630 2310 διὰ
2662 2256 2720 2308 τδ
2752 2255 2921 2327 μηδὲν
2952 2255 3227 2325 εὑρίσκειν
3274 2253 3525 2307 ἐντεῦθεν
3569 2253 3881 2316 λυσιτελές.

2306 2346 2469 2400 Ἀλλά
2503 2347 2598 2399 καὶ
2631 2346 2691 2398 τὸ
2736 2346 3213 2417 πολυπραγμονεῖν
3273 2346 3367 2397 καὶ
3411 2345 3676 2415 διερωτᾷν
3706 2345 3801 2397 διά
3832 2344 3886 2397 τί

2293 2440 2395 2509 τῆς
2439 2438 2725 2501 εὐσεϐείας
2775 2439 2826 2491 οί
2877 2438 3137 2508 τρόφιμοι
3173 2438 3459 2500 πένονται,
3497 2437 3593 2491 καὶ
3632 2437 3731 2509 τήν
3783 2436 3882 2490 τοῦ

2295 2529 2430 2584 Θεοῦ
2478 2529 2825 2598 δικαιοσύνην
2876 2530 2927 2581 oi
2995 2527 3389 2600 κατορθοῦντες
3460 2529 3541 2590 είς
3591 2527 3886 2598 ἀλλοτρίας

2294 2626 2481 2693 χεῖρας
2513 2622 2797 2692 κεχήνασι,
2831 2622 2923 2674 κα)⁸
2966 2621 3289 2689 πειρασμοῖς
3331 2617 3547 2689 μυρίοις
3598 2619 3694 2671 καὶ
3734 2635 3885 2670 πανο

2295 2715 2557 2777 τοδαπαῖς
2592 2712 3098 2783 καθυποϐέϐληνται
3139 2712 3414 2781 θλίψεσιν·
3470 2711 3788 2781 ἁμαρτωλοὶ
3824 2711 3883 2763 δὲ

2300 2808 2396 2860 καὶ
2425 2806 2707 2869 δυσσεϐεῖς
2738 2804 3048 2875 εὐθηνοῦσι,
3081 2804 3178 2858 καὶ
3225 2803 3315 2856 τὸν
3347 2803 3592 2873 παρόντα
3616 2803 3729 2871 βίον
3754 2804 3883 2855 ἄνο-

2300 2920 2393 2955 σον
2446 2900 2523 2965 ὡς
2568 2902 2773 2955 ἐπίπαν
2821 2901 2914 2955 καὶ
2959 2900 3240 2962 παντελῶς
3288 2899 3618 2970 ἀπείραστον
3664 2897 3883 2967 διαμεί-

2300 2992 2474 3044 ϐουσι.
2510 2991 2638 3047 Δέον
2674 2992 2769 3044 ἐπὶ
2802 2992 2937 3044 πᾶσι
2966 2989 3178 3054 τούτοις
3214 2991 3557 3059 εὐχαριστεῖν
3586 2988 3663 3058 τῷ
3689 2988 3884 3057 ἀγαθῷ

2300 3084 2499 3152 ποιητῇ
2532 3082 2623 3134 καὶ
2668 3080 2928 3148 πανσόφῳ
2962 3080 3274 3151 κυϐερνήτῃ
3306 3080 3413 3131 τῶν
3443 3078 3602 3139 ὅλων,
3650 3078 3743 3130 καὶ
3776 3094 3885 3145 μη-

619 3195 961 3260 tentandum,
997 3203 1256 3264 tanquam
1296 3194 1486 3248 inutile
1529 3208 1593 3249 ac
1642 3193 2000 3263 superﬂuum.
2056 3194 2192 3249 Nam

2302 3172 2389 3226 δὲν
2419 3168 2811 3242 παρεξετάξειν
2855 3168 3096 3223 τοιοῦτον
3130 3169 3223 3222 καὶ
3268 3168 3772 3238 πολυπραγμονεῖν,
3808 3167 3883 3228 ὡς

622 3288 669 3341 si
708 3286 1021 3355 hujusmodi
1058 3285 1506 3340 meditationibus
1537 3295 1611 3350 te,
1646 3300 1679 3339 ο
1724 3272 1995 3353 mortalis,
2045 3287 2198 3340 addi-

624 3378 787 3441 xeris,
815 3392 877 3431 ac
910 3379 1044 3432 tines
1082 3377 1306 3431 virtutis
1360 3385 1741 3445 transgressus
1793 3376 1982 3441 fueris,
2044 3392 2197 3442 cave,

623 3484 692 3523 ne
738 3468 1034 3538 aliquando
1086 3469 1141 3522 in
1202 3468 1363 3523 verba
1396 3467 1619 3524 malitia:
1650 3468 1914 3536 declines,
1944 3477 2107 3540 atque
2132 3470 2200 3525 ad

621 3560 737 3615 vitii
782 3561 993 3616 recidas
1028 3561 1199 3617 viam.

694 3721 851 3787 Quod
890 3736 1019 3775 vero
1050 3722 1220 3777 dicit:
1275 3741 1293 3773 ι
1331 3722 1410 3777 Ne
1454 3723 1621 3793 impie
1666 3738 1797 3793 agas
1846 3724 2101 3789 multum,
2145 3731 2201 3779 et

626 3816 737 3867 noli
774 3830 895 3869 esse
921 3815 1113 3879 durus,
1143 3830 1210 3869 ne
1245 3816 1501 3871 moriaris
1536 3819 1590 3871 in
1625 3825 1873 3890 tempore
1902 3832 2012 3872 non
2050 3829 2193 3883 tuo,»

624 3917 867 3977 apertam
895 3909 1332 3963 cohortationem
1367 3911 1627 3976 continet,
1662 3927 1731 3966 ne
1755 3912 1920 3966 vitam
1950 3922 2197 3966 nostram

626 3999 680 4053 in
733 4000 917 4069 impiis
980 4009 1145 4070 atque
1202 3994 1477 4057 indecoris
1516 4003 1583 4057 de
1640 4002 1751 4057 Deo
1801 4003 2198 4073 quaestionibus

623 4092 995 4151 insumamus.
1038 4107 1175 4146 neve
1211 4093 1541 4147 obduratum
1582 4095 1827 4148 animum
1877 4095 2197 4159 habeamus,

623 4196 689 4236 ac
735 4181 1056 4236 mutationis
1105 4183 1595 4252 conversionisque
1636 4182 1689 4237 in
1746 4183 1941 4239 melius
1973 4183 2200 4237 omnino

626 4272 1027 4340 impatientem,
1059 4287 1195 4327 neve
1239 4283 1452 4343 tempus
1484 4274 1651 4328 ullum
1676 4275 1760 4329 vel
1801 4274 1855 4328 in
1886 4275 2092 4344 rapinis
2114 4273 2199 4329 vel

626 4364 680 4417 in
711 4365 955 4419 avaritiae
985 4365 1243 4420 sordibus
1274 4366 1359 4420 vel
1379 4367 1432 4419 in
1461 4366 1792 4435 pupillorum
1815 4383 1881 4423 ac
1904 4367 2196 4422 viduarum

626 4454 909 4523 tyrannica
944 4454 1232 4510 vexatione
1261 4456 1643 4525 impendamus
1677 4474 1691 4510 :
1738 4469 1797 4512 ut
1849 4473 1939 4520 ne,
1998 4457 2196 4529 inquit,

2301 3266 2564 3336 ἀνόνητον
2605 3263 2847 3333 ὑπάρχον
2877 3262 2971 3315 καὶ
3005 3261 3277 3333 περιττόν.
3323 3260 3387 3312 Εἰ
3428 3261 3536 3329 γὰρ
3565 3261 3678 3322 τοῖς
3704 3258 3884 3311 τοιού-

2299 3376 2417 3423 τοις
2462 3356 2784 3426 ὑπενεχθῇς,
2832 3354 3113 3424 ἄνθρωπε,
3165 3354 3467 3424 λογισμοῖς,
3521 3352 3563 3423 ἦ
3599 3352 3728 3415 τοὺς
3780 3352 3883 3419 τῆς

2300 3447 2501 3518 ἀρετῆς
2529 3445 2775 3517 ὑπερϐῇς
2812 3446 2992 3517 ὅρους,
3026 3445 3285 3516 πρόσεχε,
3327 3446 3401 3515 μή
3439 3461 3568 3497 ποτε
3601 3444 3699 3496 καὶ
3744 3442 3886 3512 πρὸς

2300 3539 2492 3607 λόγους
2536 3538 2805 3609 πονηρίας
2851 3537 3135 3610 ἐκκλίνῃς,
3181 3538 3273 3590 καὶ¹
3319 3536 3455 3610 πρὸς
3486 3536 3585 3607 τὴν
3633 3533 3752 3588 ὁδὸν
3780 3536 3886 3606 τῆς

2301 3632 2501 3697 κακίας
2545 3633 2804 3705 ἐκπέσῃς.

2376 3726 2440 3778 Ὃ
2468 3723 2525 3778 δέ
2560 3741 2716 3794 φησι,
2772 3744 2791 3776 ι
2827 3723 2919 3795 Μὴ
2969 3722 3248 3795 ἀσεϐήσῃς
3293 3721 3451 3787 πολὺ,
3482 3721 3573 3774 καὶ
3611 3719 3685 3791 μή
3726 3719 3885 3788 γίνου

2303 3816 2559 3888 σκληρὸς,
2611 3818 2700 3871 ἶνα
2733 3816 2810 3889 μὴ
2858 3815 3138 3888 ἀποθάνῃς
3172 3817 3229 3866 ὲν
3261 3814 3322 3867 οὐ
3355 3813 3532 3885 καιρῷ
3567 3829 3684 3877 σου,
3734 3831 3754 3864 ι
3807 3812 3884 3881 μὴ

2302 3909 2846 3980 συμπαρατείνεσθαι
2874 3908 2973 3980 τὴν
3014 3908 3152 3963 ἰδίαν
3182 3904 3327 3975 ζωὴν
3356 3909 3478 3968 ταῖς
3506 3904 3725 3958 ἀσεϐέσι
3750 3904 3884 3972 περὶ

2302 4002 2438 4057 Θευῦ
2488 4001 2582 4055 καὶ
2637 4001 2712 4072 μὴ
2761 4000 3168 4072 προσηκούσαις
3217 3998 3542 4068 ὑπολήψεσι,
3606 3995 3742 4065 μηδὲ
3781 3994 3881 4065 τὴν

2300 4094 2531 4166 καρδίαν
2559 4093 2703 4164 ἔχειν
2735 4092 3165 4161 ἀπεσκληκυῖαν,
3206 4092 3304 4144 καὶ
3338 4087 3611 4159 μηδεμίαν
3653 4086 3882 4140 ἀλλοίω-

2302 4186 2450 4257 σινῆ
2485 4184 2788 4256 μεταϐολὴν
2835 4183 3233 4254 ὲπιδεχομένην
3272 4182 3373 4251 τὴν
3421 4179 3561 4249 πρὸς
3589 4178 3649 4231 τὺ
3693 4180 3882 4250 κρεῖτ-

2299 4291 2415 4341 τον,
2451 4274 2587 4345 μηδὲ
2637 4278 2759 4339 ταῖς
2792 4276 3068 4347 ἁρπαγαῖς
3112 4274 3205 4328 καὶ
3244 4274 3364 4335 ταῖς
3398 4270 3732 4335 πλεονεξίαις
3780 4270 3877 4321 καὶ

2301 4365 2787 4431 καταδυναστείαις
2814 4367 2923 4420 τῶν
2952 4365 3202 4437 ὀρφανῶν
3235 4366 3330 4419 καὶ
3360 4362 3548 4434 χηρῶν
3596 4361 3878 4432 ἐπιμένειν

2301 4457 2552 4529 χρονίως,
2585 4460 2888 4530 εἰσηγεῖται
2924 4457 3131 4527 σαφῶς,
3164 4456 3252 4509 ἵνα
3305 4455 3399 4526 μή,
3448 4455 3602 4524 φησὶ,
3649 4451 3881 4506 κάντεῦ-

627 4543 919 4597 Dominum
956 4544 1125 4598 Deum
1166 4554 1319 4599 tuum
1364 4547 1545 4601 acrius
1571 4548 1637 4601 ad
1681 4549 1839 4619 187
1880 4549 2017 4602 iram
2066 4564 2098 4603 a
2143 4557 2194 4603 te

2302 4549 2391 4602 θεν
2424 4550 2656 4622 εὑρεθῇς
2684 4552 2777 4604 ἐπὶ
2805 4551 2941 4605 πολὺ
2986 4548 3341 4621 παροργίζων
3371 4546 3577 4617 Κύριον
3621 4545 3715 4599 τὸν
3743 4544 3881 4597 Θεόν

626 4636 911 4689 incitatum
946 4636 1143 4690 exinde
1181 4638 1407 4701 sentias,
1443 4647 1497 4692 et
1533 4640 1787 4709 angelum
1826 4640 1916 4694 ille
1945 4640 2044 4695 tibi
2075 4651 2196 4695 tan-

626 4744 791 4799 quam
818 4744 1058 4799 praeceps
1092 4728 1295 4784 l‘ulmeu
1324 4730 1602 4797 immittat,
1637 4743 1803 4803 atque
1832 4734 2011 4789 alieno
2039 4736 2197 4805 plane

625 4829 868 4890 tempore
892 4820 1055 4873 vitam
1091 4819 1327 4873 auferat.
1367 4818 1501 4874 Nam
1529 4822 1633 4876 hoc
1654 4831 1707 4877 et
1734 4821 1902 4876 David
1932 4824 2196 4893 pr0pheta

624 4915 915 4968 conﬁrmat
957 4928 1081 4967 cum
1139 4912 1252 4967 ait:
1316 4930 1333 4964 ι
1373 4911 1489 4967 Viri
1544 4915 1875 4984 sanguinum
1926 4931 1989 4971 ac
2021 4916 2197 4972 dolosi

625 5020 731 5059 non
803 5003 1168 5059 dimidiabunt
1234 5002 1351 5060 dies
1409 5018 1541 5061 suos
1592 5002 1729 5075 (82).
1763 5023 1784 5057 ι
1838 5004 1916 5059 lta
1969 5007 2201 5078 subjecit

626 5095 769 5149 illico
796 5112 808 5147 :

2299 4658 2415 4705 σου,
2452 4643 2546 4695 καὶ
2592 4642 2844 4714 καθάπερ
2874 4642 2996 4695 τινὰ
3037 4638 3305 4712 κεραυνὸν
3339 4638 3614 4707 ἀπότομον
3648 4636 3881 4705 ἄγγελον

2299 4733 2652 4800 ὲξαποστελεῖ
2699 4752 2803 4799 σοι,
2852 4734 2946 4787 καὶ
2999 4733 3150 4804 παρά
3191 4733 3283 4786 τὸν
3332 4730 3641 4803 πρόσφορον
3689 4727 3881 4797 καιρὸν

2302 4827 2397 4879 καὶ
2449 4826 2801 4896 προσήκοντα
2854 4826 3171 4897 μεταστήσῃ
3223 4823 3324 4894 τῆς
3374 4820 3657 4893 παρούσης
3708 4818 3878 4889 ζωῆς.

2303 4915 2476 4969 Τοῦτο
2517 4916 2624 4986 γὰρ
2676 4915 2908 4985 ὲμπεδοῖ
2939 4916 3031 4969 καὶ
3077 4915 3241 4969 Δαϐῖδ
3287 4916 3317 4967 ὁ
3361 4914 3647 4985 προφήτης
3672 4908 3881 4983 εἰπών·

2307 5026 2328 5059 ι
2382 5006 2608 5077 ’Ἄνδρες
2648 5006 2893 5077 αἱμάτων
2932 5008 3027 5060 καὶ
3068 5005 3373 5077 δολιότητος
3416 5004 3477 5058 ού
3529 5004 3602 5074 μὴ
3648 5000 3884 5073 ήμισεύ-

2311 5115 2462 5152 σουσι
2489 5098 2587 5161 τάς
2614 5100 2829 5170 ἡμέρας
2860 5098 3060 5151 αὐτῶν.
3099 5116 3120 5152 ι
3172 5096 3392 5167 ⁹Αμέλει
3437 5094 3618 5150 τοίνυν
3658 5092 3881 5164 ἀμέσως

2310 5191 2591 5262 ἐπήγαγεν
2611 5207 2626 5223 ο

2143 5298 2170 5368 §
2205 5297 2348 5355 XXI.

696 5390 861 5445 Vsus.
900 5388 1100 5442 Bonum
1135 5398 1213 5442 est
1253 5387 1506 5440 inlimrere
1536 5387 1591 5438 in
1633 5389 1751 5450 hoc,
1804 5396 1854 5441 et
1886 5386 2098 5458 quidem
2134 5387 2197 5439 ab

627 5484 721 5535 hoc
750 5498 811 5533 ne
841 5479 1159 5533 contamines
1195 5476 1419 5530 manum
1442 5488 1627 5531 tuam:
1654 5478 1906 5548 quoniam
1934 5479 2023 5549 qui
2056 5478 2201 5531 timet

628 5574 791 5627 Deum
816 5572 1107 5641 egredietur
1130 5571 1306 5622 omnia
1329 5570 1461 5639 (85).

699 5686 810 5761 t8!)
851 5685 1010 5739 Prov.
1045 5701 1186 5751 xxv,
1224 5685 1315 5742 27.
1348 5685 1415 5739 At
1446 5684 1585 5739 LXX
1632 5701 1730 5756 pro
1778 5687 1973 5755 φαγεῖν
2007 5685 2194 5740 habent

2312 5690 2577 5761 τούτῳ....

628 5757 993 5895 ὲςῗὲἕῖίδεαι.
1028 5825 1230 5895 “1,35.
1285 5824 1354 5879 Αι
1397 5823 1533 5877 LXX
1587 5824 1793 5878 habent
1837 5824 2200 5893 ἡμισεύσωσι.

701 5894 813 5965 (δῦ)
856 5898 923 5951 At
952 5894 1083 5950 LXX
1120 5896 1325 5951 habent
1360 5896 1585 5965 ’Λγαοὺν
1615 5896 1675 5948 τὸ
1707 5895 2032 5965 ἀντέχεσθαί
2064 5912 2121 5948 σε
2152 5898 2206 5949 έν

2388 5390 2629 5460 Ἀγαθὸν
2656 5390 2723 5444 τὸ
2756 5389 3109 5458 ἀντέχεσθαι
3140 5388 3210 5442 ἐν
3254 5389 3462 5453 τούτῳ,
3507 5386 3609 5441 καί
3649 5401 3714 5455 τε
3756 5382 3885 5439 ἀπὸ

2305 5482 2521 5536 τούτου
2538 5483 2623 5551 μὴ
2650 5479 2870 5550 μιάνῃς
2889 5480 3004 5549 τὴν
3027 5479 3195 5551 χεῖρά
3220 5497 3337 5535 σου
3360 5496 3373 5513 ο
3400 5480 3487 5533 ὅτι
3515 5478 3887 5547 φοϐούμενος

2306 5573 2413 5626 τὸν
2438 5574 2585 5627 Θεὸν
2604 5574 2988 5637 ἐξελεύσεται
3019 5572 3091 5625 τὰ
3117 5572 3337 5626 πάντα.

2643 5699 2697 5745 et
2727 5691 2811 5759 ὅτι
2863 5688 3214 5759 φοϐουμένοις
3243 5687 3337 5742 τδν
3378 5686 3510 5759 Θεὸν
3542 5685 3887 5759 ἐξελεύσεται

2312 5757 2623 5885 τὰάπάντα.
2688 5761 2746 5815 ln
2795 5757 3044 5817 Scboliis'
3088 5758 3282 5830 legitur
3342 5758 3418 5830 μὴ
3464 5758 3599 5829 ἀνῇς
3645 5772 3743 5826 PFO
3802 5757 3890 5827 μὴ

2316 5849 2374 5885 ut
2417 5849 2531 5885 vnc.

2314 5849 2531 5902 μιάνῃς.
