4114 6510
278 480 413 547 10°21

1338 484 1423 545 IN
1453 482 2033 546 ECCLESIASTENJ
2062 486 2294 545 —L1B.
2325 486 2456 549 VII.

3385 481 3522 547 1022

357 615 375 648 ι
410 593 639 661 Ἀγαθὸν
676 592 1021 662 ἀντέχεσθαι,
1063 590 1247 660 φησὶν,
1275 591 1334 643 ὲν
1363 590 1558 659 τούτῳ.
1586 608 1604 641 ι
1641 588 1847 658 Τούτῳ,

2031 609 2049 639 σ
2094 591 2303 646 Bonum
2362 602 2464 657 est,
2533 594 2733 664 inquit,
2794 594 3059 650 inhaerere
3118 595 3170 649 in
3211 595 3352 660 hoc;
3392 615 3410 648 ›
3466 615 3519 651 ιη

270 687 449 757 stola);
487 686 741 755 Δηλονότι
769 684 845 755 τῷ
875 684 951 754 μὴ
984 701 1048 736 συ
1059 681 1512 753 μπαρατετάσθαι
1539 680 1636 752 τὴν
1661 698 1851 752 προαι-

272 772 499 851 ρετικῆν
535 777 793 847 βούλησιν
813 775 891 845 τῷ
924 774 1091 827 παντὶ
1122 772 1360 845 χρονικῷ
1396 774 1727 843 διαστήματι
1752 772 1851 842 τῆς

270 871 442 942 ζωῆς,
482 868 575 922 τοῦ
611 868 888 937 διαμένειν
923 868 980 920 ἐν
1014 867 1243 938 ἀσεόείᾳ
1278 866 1386 919 τῶν
1432 865 1567 936 πρὸς
1596 865 1688 918 τὸν
1719 864 1851 916 Θεὸν

270 964 617 1035 ὕπολήψεων,
653 960 744 1013 καὶ
800 959 1133 1029 σκληρότητι
1177 958 1405 1029 καρδίας
1453 957 1563 1010 τῶν
1609 956 1851 1026 ἀνηλεῶν

270 1055 541 1127 ἁρπαγῶν
573 1056 667 1110 καὶ
708 1054 817 1108 τῶν
862 1054 1073 1124 ἱταμῶν
1104 1054 1198 1106 καὶ
1246 1051 1647 1106 πλεονεκτικῶν
1679 1065 1851 1103 κατα-

265 1144 602 1199 δυναστειιῖω
626 1162 641 1178 ·
682 1144 819 1198 ἀλλὰ
860 1144 1054 1197 θᾶττον
1084 1141 1397 1197 ἀναστεῖλαι
1425 1140 1525 1211 τὴν
1559 1137 1853 1210 φιλοπόνη-

269 1251 367 1305 ρον
399 1236 577 1307 ὁρμὴν
607 1236 675 1289 ὲκ
719 1234 827 1289 τῶν
863 1234 1074 1305 ψευδῶν
1106 1232 1429 1304 ὑπολήψεων
1463 1232 1557 1285 καὶ
1605 1232 1716 1284 τῶν
1757 1233 1851 1302 ἕρ-

267 1345 387 1397 γων
433 1328 536 1397 τῆς
590 1329 875 1401 πονηρίας,
910 1328 998 1381 ἵνα
1051 1326 1127 1399 μὴ
1190 1325 1556 1397 παρεμπὲσης
1601 1323 1851 1377 ἐντεῦθεν

266 1417 589 1481 ἀκολούθως
624 1420 719 1472 καὶ
771 1416 1084 1487 μιαιφονίας
1125 1414 1455 1487 μολύσματι.
1494 1414 1567 1468 Τὸ
1609 1413 1720 1486 γὰρ
1754 1414 1853 1466 αὐ-

268 1509 410 1581 θάδη
446 1512 540 1563 καὶ
578 1509 814 1581 σκληρόν
847 1506 984 1562 εἶναι
1012 1508 1105 1561 τὸν
1137 1507 1447 1579 ἄνθρωπον,
1495 1506 1590 1559 καὶ
1620 1505 1851 1559 καταδυ-

269 1600 563 1652 ναστεύειν
615 1601 710 1653 καὶ
752 1598 1059 1652 συνθλίϐειν
1110 1597 1344 1671 ὀρφανὸν
1379 1596 1472 1650 καὶ
1514 1596 1710 1669 χήραν,
1754 1595 1850 1649 καὶ

266 1692 385 1744 τῶν
440 1691 736 1761 ἀλλοτρίων
796 1691 1146 1759 ἀφαιρεῖσθαι
1202 1693 1300 1752 τὰς
1354 1688 1619 1757 κτήσεις,
1675 1686 1848 1738 ἐνίοτε

270 1781 512 1835 συνωθεῖ
550 1782 644 1834 καὶ
693 1782 830 1853 πρὸς
888 1781 1201 1850 μιαιφονίας
1235 1778 1512 1849 μολυσμὸν
1545 1777 1641 1831 καὶ
1684 1774 1848 1847 βεϐή-

268 1874 461 1928 λωσιν.

347 1986 369 2018 ‹
417 1967 575 2029 Ὅτι,
627 1967 801 2036 φησὶ,
864 1949 1195 2035 φοϐούμενος
1243 1963 1334 2017 τὸν
1380 1961 1514 2016 Θεὸν
1570 1961 1847 2027 ἐξελεύσε-

264 2075 361 2111 ται
387 2058 455 2110 τὰ
486 2059 665 2112 πάντα
690 2076 704 2089 ο
736 2078 755 2111 ι
785 2059 1085 2121 τουτέστιν,
1120 2059 1149 2110 ὁ
1177 2055 1234 2108 δὲ
1263 2055 1355 2107 τὸν
1385 2054 1549 2124 φόϐον
1581 2054 1676 2107 τοῦ
1710 2054 1843 2107 Θεοῦ

266 2152 380 2220 πρὸ
417 2151 526 2204 τῶν
563 2151 856 2222 ὀφθαλμῶν
908 2150 1069 2219 ἔχων,
1111 2147 1506 2218 παρελεύσεται
1560 2147 1736 2200 πάντα
1777 2146 1846 2200 τὰ

266 2244 374 2313 τῆς
419 2243 837 2313 ἀσεϐείαςέῐδη
872 2244 967 2295 καὶ
1010 2239 1474 2311 πονηροπραξεας,
1512 2238 1604 2290 ὑπ’
1634 2238 1847 2303 οὐδενὸς

265 2335 380 2386 τῶν
428 2334 647 2405 ἀρκύων
677 2334 776 2404 τῆς
827 2333 1027 2395 κακίας
1072 2331 1431 2401 κατασχεθείς
1456 2345 1470 2360 ⁸
1504 2330 1618 2384 ἀλλ’
1649 2325 1761 2384 οἷόν
1788 2348 1845 2384 τι

269 2422 557 2492 στρουθίον
614 2424 912 2492 πετόμενον
962 2421 1189 2487 ἄνωθεν,
1246 2420 1341 2474 καὶ
1392 2419 1696 2491 προϐλέπον
1744 2420 1844 2491 τὴν

269 2514 648 2584 προκειμένην
683 2515 865 2584 πάγην
909 2513 1045 2584 πρὸς
1079 2512 1275 2585 ἄγραν,
1332 2512 1701 2583 ὑπερίπταται
1748 2512 1844 2568 καὶ

266 2607 559 2674 διαφεύγει
604 2607 664 2659 τὸ
712 2606 1027 2677 σύμπτωμα
1063 2607 1164 2677 τῆς
1196 2604 1411 2667 ἀδικίας
1455 2606 1550 2660 καὶ
1598 2606 1696 2676 τῆς
1738 2622 1841 2658 κα-

268 2699 599 2779 κοπραγίας.
656 2699 748 2764 Ἐξ
795 2693 869 2752 ὦν
917 2698 1243 2769 ρυσθειημεν
1300 2698 1540 2761 ἅπαντες
1611 2698 1841 2751 πάντοτε

264 2792 350 2859 τῷ
401 2792 530 2862 θείῳ
572 2792 1000 2863 στοιχειούμενοι
1032 2791 1182 2862 φόϐῳ
1208 2831 1224 2856 ,
1279 2792 1371 2844 καὶ
1415 2789 1739 2860 σκεπόμενοι
1774 2792 1840 2861 τῇ

268 2886 402 2955 σκιᾷ
426 2884 534 2937 τῶν
561 2884 851 2956 πτερύγων
880 2886 979 2955 τῆς
1021 2883 1360 2956 θεοπρεποῦς
1383 2882 1715 2954 ἀγαθότητος
1737 2899 1750 2912 ⁸
1785 2884 1842 2936 ὲν

265 2976 421 3047 αύτῴ
455 2977 677 3046 Χριστῷ
721 2977 800 3048 τῷ
835 2976 954 3048 Θεῷ
985 2976 1162 3047 ἡμῶν,
1191 2970 1236 3044 ᾧ
1267 2980 1299 3046 ὴ
1334 2975 1460 3040 δόξα
1490 2975 1585 3029 καὶ
1617 2975 1679 3027 τὸ
1709 2975 1844 3043 κρά-

264 3084 360 3130 τος
417 3067 514 3120 σὺν
561 3067 639 3139 τῷ
686 3070 1085 3140 παντοκράτορι
1121 3070 1294 3140 Πατρ)⁸
1327 3069 1423 3121 καὶ
1468 3067 1547 3137 τῷ
1592 3068 1844 3139 παναγὶῳ

266 3159 367 3212 καὶ
395 3160 585 3231 ἀγαθῷ
614 3161 706 3213 καὶ
741 3161 989 3232 ζωοποιῷ
1020 3162 1319 3233 Πνεύματι,
1365 3160 1461 3215 νῦν
1509 3162 1603 3214 καὶ
1632 3162 1719 3214 ἀεὶ
1749 3159 1844 3214 καὶ

267 3252 352 3314 εἰς
382 3254 505 3317 τοὺς
544 3253 742 3318 αἰῶνας
781 3254 888 3307 τῶν
919 3253 1149 3309 αἰώνων.
1196 3254 1387 3325 Ἀμήν.

1958 683 2243 752 quonam?
2272 684 2330 737 In
2362 700 2427 739 eo
2455 685 2664 755 utique,
2714 695 2775 741 ut
2815 704 2884 741 ne
2920 687 3145 740 liberam
3186 688 3547 741 voluntatem-

1958 776 2289 842 temporario
2314 777 2419 831 isto
2454 779 2620 834 totius
2651 780 2774 834 vitae
2819 780 2996 848 spatio
3030 794 3290 849 prorogcs
3332 796 3393 834 ac
3425 782 3522 834 de-

1955 864 2130 920 tineas
2169 866 2225 919 in
2265 868 2627 935 quaestionum
2680 869 2957 939 impietate
3007 870 3267 923 adversus
3329 869 3521 932 Deum,

1953 971 2129 1025 neque
2158 956 2211 1010 in
2240 956 2438 1011 duritie
2473 958 2641 1012 animi
2664 970 2716 1015 et
2744 961 3046 1016 crudelium
3093 962 3404 1031 rapinarum
3440 972 3524 1015 at-

1955 1064 2059 1119 que
2106 1049 2329 1105 audacis
2384 1065 2670 1122 avaraeque
2723 1054 3154 1109 dominationis:
3220 1054 3312 1111 sed
3368 1055 3522 1108 ocius

1955 1154 2266 1209 perversum
2316 1141 2469 1195 illum
2518 1144 2765 1199 remittas
2819 1144 3104 1214 impetum,
3156 1160 3319 1215 quem
3372 1143 3523 1197 falsae

1954 1228 2236 1297 opiniones
2264 1240 2317 1283 et
2350 1245 2513 1299 prava
2547 1229 2688 1285 facta
2748 1232 3140 1300 intenderunt;
3187 1248 3253 1286 ne
3294 1231 3404 1301 jam
3455 1245 3522 1284 eo

1953 1319 2117 1375 etiam
2152 1321 2430 1384 devenias,
2465 1331 2524 1376 ut
2563 1321 2740 1377 aliena
2775 1331 2826 1376 te
2863 1323 3008 1377 caede
3056 1332 3331 1377 eruentes.
3382 1321 3519 1374 Nam

1952 1409 2178 1464 audacia
2209 1420 2260 1465 et
2291 1410 2493 1465 duritia
2520 1420 2575 1465 et
2599 1411 2905 1465 dominatio
2961 1410 3287 1479 vexatioque
3331 1410 3522 1480 pupilli

1952 1517 2016 1557 ac
2040 1503 2215 1557 viduae
2242 1513 2296 1558 et
2322 1504 2623 1559 alienorum
2654 1506 2920 1558 honorum
2976 1504 3180 1575 rapinae
3242 1504 3519 1558 hominem

1949 1608 2015 1647 eo
2042 1593 2313 1648 interdum
2343 1595 2640 1661 deducunt,
2672 1606 2729 1650 ut
2775 1597 3016 1650 humano
3059 1596 3222 1650 etiam
3254 1597 3521 1665 sanguine
3588 1652 3603 1659 ,

1948 1684 2372 1740 contaminetur.

2027 1997 2045 2029 ι
2074 1977 2367 2044 Quoniam,
2401 1975 2598 2045 inquit,
2630 1975 2724 2045 qui
2772 1974 2927 2029 timet
2982 1972 3176 2036 Deum,
3215 1970 3522 2042 egredietur

1951 2071 2175 2137 omnia;
2216 2089 2233 2121 ι
2269 2068 2324 2139 id
2355 2076 2460 2133 est,
2492 2068 2584 2137 qui
2613 2067 2865 2121 timorem
2910 2066 3003 2119 Dei
3060 2065 3129 2119 ob
3179 2065 3371 2117 oculos
3423 2064 3521 2116 ha-

1950 2162 2094 2224 beat,
2123 2162 2307 2214 omnia
2339 2159 2638 2229 impietatis
2670 2158 3033 2226 nequitiaeque
3069 2170 3265 2224 genera
3292 2162 3518 2224 prmter-

1951 2251 2072 2317 ibit,
2098 2251 2264 2305 nullis
2295 2250 2413 2303 vitii
2440 2248 2647 2303 retibus
2690 2247 2982 2317 impeditus
3011 2263 3024 2296 :
3085 2245 3265 2315 qualis
3313 2244 3521 2298 scilicet

1948 2343 2189 2397 volucris
2219 2343 2288 2396 ab
2318 2342 2427 2395 alto
2460 2340 2643 2406 irruit,
2668 2349 2721 2395 et
2763 2347 3009 2409 paratum
3041 2337 3105 2391 ad
3150 2337 3383 2405 praedam
3440 2335 3519 2389 la-

1950 2451 2146 2507 queum
2173 2434 2450 2505 praevidet,
2476 2434 2558 2489 sic
2600 2434 2716 2503 ipse
2756 2432 3089 2502 supervolat,
3127 2438 3181 2484 et
3240 2428 3517 2497 injustiti:e

1949 2543 2012 2582 ac
2042 2527 2265 2583 sceleris
2297 2542 2464 2582 casus
2494 2527 2662 2580 evitat
2693 2524 2824 2595 (84).
2859 2524 2900 2576 A
2937 2523 3138 2592 quibus
3195 2521 3357 2591 188
3413 2519 3523 2573 uti-

1946 2636 2071 2676 nam
2094 2635 2285 2674 omnes
2314 2626 2572 2688 perpetuo
2595 2617 2905 2679 liberemur,
2923 2615 3109 2669 divino
3136 2614 3318 2682 stipati
3347 2622 3514 2676 metu,

1947 2721 2000 2769 et
2048 2728 2282 2783 superna
2313 2712 2557 2767 bonitate
2593 2710 2751 2780 quasi
2778 2709 2987 2763 alarum
3023 2707 3215 2761 umbra
3246 2704 3513 2777 protecti:

1948 2822 2042 2875 per
2071 2808 2246 2876 ipsum
2283 2805 2562 2860 Christum
2605 2802 2775 2859 Deum
2812 2812 3086 2867 nostrum,
3126 2799 3215 2855 cui
3256 2799 3429 2869 gloria
3462 2803 3519 2851 et

1948 2908 2186 2970 potestas
2214 2914 2337 2953 cum
2370 2896 2744 2965 omnipotente
2774 2894 2939 2949 Patre
2968 2901 3021 2947 et
3055 2902 3246 2946 saneto
3267 2890 3518 2957 bonoque

1949 3003 2015 3041 ac
2062 2988 2185 3041 vita:
2244 2994 2466 3045 auctore
2516 2982 2744 3054 Spiritu,
2801 2996 2948 3038 nunc
2981 2988 3036 3036 et
3095 2993 3309 3048 semper
3353 2985 3407 3032 et
3460 2976 3518 3031 in

1949 3078 2148 3135 saecula
2169 3076 2519 3133 saeculorum.
2556 3077 2752 3130 Amen.

1368 3540 1777 3689 ’ΛΟΓΟΣ
1837 3598 2379 3687 ΕΒΔΟΜΟΣ.

1352 3960 1705 4047 LIBER
1806 3956 2439 4045 SEPTIMUS.

1751 4295 2063 4368 189.511-

361 4416 430 4473 Ἦ
458 4416 643 4485 σοφία
664 4414 965 4483 ,ϐοηθήσει
997 4413 1077 4479 τῷ
1102 4413 1271 4484 σοφῷ
1306 4414 1458 4484 ὑπὲρ
1491 4414 1636 4471 δέκα
1669 4416 1844 4482 ἐξου-

2017 4417 2180 4474 Vsus.
2208 4417 2294 4481 19,
2322 4416 2414 4470 20.
2449 4414 2721 4482 Sapientia
2746 4412 3015 4482 adiuvabit
3043 4413 3327 4482 sapientem
3363 4429 3518 4484 super

270 4512 590 4575 σιάζὶιντας
626 4509 768 4574 τοὺς
805 4509 876 4562 ἐν
912 4506 987 4576 τῇ
1018 4509 1190 4562 πόλει
1211 4525 1225 4539 ⁸
1271 4509 1362 4561 ὅτι
1390 4508 1707 4579 ἄνθρωπος
1735 4512 1847 4564 οὐκ

269 4609 408 4660 ἐστι
454 4604 686 4669 δίκαιος
721 4602 791 4655 ἐν
826 4600 901 4670 τῇ
929 4600 1027 4671 γῇ,
1076 4600 1145 4669 ὃς
1185 4603 1429 4673 ποιήσει
1474 4603 1702 4673 ἀγαθὸν
1745 4602 1846 4657 καὶ

272 4698 391 4765 οὐχ
419 4693 841 4764 ἁμαρτήσεται.

350 4811 461 4882 (84)
500 4808 618 4863 Non
658 4809 747 4864 hic
778 4805 977 4882 Noster
1008 4808 1415 4882 similitudinem
1463 4809 1846 4882 posuitrstru—

281 4879 483 4950 thionis
523 4883 637 4950 sive
667 4880 902 4947 passeris
950 4879 1167 4942 marini,
1194 4888 1270 4950 ut
1295 4879 1484 4933 Latine
1524 4881 1844 4950 appellatur,

283 4949 376 5019 sed
404 4949 622 5019 omnino
655 4965 804 5003 avem
834 4950 1133 5019 quamlibet
1154 4965 1225 5019 ex
1261 4948 1328 5002 iis
1377 4965 1499 5019 qua:
1528 4948 1722 5018 latiueo
1751 4965 1847 5005 ca-

284 5017 524 5088 piuntur,
556 5017 877 5089 designavit.
915 5018 1006 5089 Sic
1033 5028 1087 5072 et
1121 5017 1410 5075 Homerus
1431 5020 1497 5073 de
1540 5017 1769 5077 av’iculis
1815 5036 1847 5077 a

285 5087 516 5143 dracone
549 5087 816 5142 devoratis
847 5090 941 5153 ait,
973 5087 1125 5144 Iliad.
1169 5089 1205 5142 l.
1239 5105 1298 5153 η,
1337 5106 1387 5142 v.
1422 5090 1518 5143 5H
1549 5107 1562 5144 :

394 5156 561 5229 Ἔνθα
596 5157 639 5229 δ’
666 5157 797 5229 ἔσαν
812 5159 1093 5229 στρουθοῖο
1124 5160 1332 5213 νεοσσοὶ
1359 5160 1527 5229 νήπια
1555 5160 1739 5222 τέκνα,

283 5236 346 5301 et
383 5226 449 5281 de
496 5226 1119 5301 carduele_ﬂ_e_sy_chius,
1178 5226 1528 5301 Ἀκανθυλλλς
1588 5228 1846 5301 στρουθοῦ

284 5297 612 5370 γένος-,θιοο
645 5298 783 5366 apud
819 5297 959 5370 LXX
1008 5299 1324 5369 interpretes
1354 5299 1497 5370 aliud
1529 5297 1849 5370 plerumque

286 5367 543 5438 στρουθὸς
567 5375 661 5421 aut
701 5367 1000 5437 στρουθίον,
1036 5367 1197 5435 quam
1231 5369 1397 5450 ὅρνις.
1446 5367 1589 5426 Psal.
1622 5367 1847 5433 Lxxxiu,

285 5438 320 5509 ζ’)
348 5455 369 5509 εν
393 5438 503 5491 Καὶ
542 5438 647 5509 γὰρ
688 5436 965 5509 στρουθίον
989 5432 1146 5508 εὗρεν
1176 5441 1353 5507 ὲαυτῳ
1381 5440 1577 5494 οἰκίαν.
1620 5440 1849 5509 Vulgata

286 5457 320 5491 ο
348 5457 360 5491 :
394 5457 503 5491 nat
542 5457 647 5509 γαρ
688 5457 965 5509 στρουυιον
989 5457 1146 5508 ευρεν
1176 5457 1353 5507 εαυτῳ
1381 5457 1577 5494 οικιαν.
1629 5457 1847 5509 vnlgata

286 5507 486 5579 habent
507 5525 520 5562 :
547 5506 753 5579 Etenim
770 5522 951 5579 passer
976 5509 1170 5579 invenit
1193 5511 1291 5579 sibi
1320 5509 1564 5575 domum;
1585 5518 1641 5565 at
1656 5511 1847 5579 Aquila

285 5578 518 5651 reddidit
546 5598 559 5633 :
590 5572 795 5651 Katfs
824 5576 1016 5651 _6pvsgv
1044 5572 1187 5648 εὗρε.
1210 5572 1569 5651 _.l_erem.dvur,
1595 5582 1626 5634 7
1651 5597 1664 5635 :
1703 5572 1847 5651 pr

284 5647 521 5721 Yt‘ovxat
544 5646 779 5721 χελιδὼν
801 5646 1003 5721 -ἀγροῦ,
1038 5646 1292 5721 στρουθία
1332 5649 1599 5719 ἐφύλαξαν
1627 5646 1852 5721 καιρόὺς

285 5718 506 5772 εἰσόδων
536 5717 765 5773 ἑαυτῶν.
801 5717 859 5771 ln
895 5717 1138 5787 Vulgatis
1168 5735 1181 5771 :
1215 5717 1413 5773 Turtur
1440 5730 1490 5775 et
1534 5717 1757 5775 hirundo
1800 5728 1850 5773 et

285 5789 489 5842 ciconia
533 5789 893 5844 custodierunt
940 5798 1142 5857 tempus
1190 5788 1438 5843 adventus
1482 5793 1585 5845 sui.
1640 5790 1745 5847 Sed
1795 5791 1850 5845 in

287 5858 487 5915 Graecis
522 5859 785 5931 scriptum
820 5858 991 5931 fuisse
1029 5857 1226 5931 ’Λγοῦρ
1250 5874 1359 5931 pro
1382 5860 1575 5931 ’Δγροῦ
1606 5861 1851 5931 suspica-

287 5940 376 5983 tus
410 5940 489 5985 est
525 5929 861 5986 Trommius.
893 5930 1037 5986 velut
1067 5931 1111 5986 si
1169 5929 1495 5986 Hebraicum
1538 5929 1730 5987 nomen
1775 5931 1850 5985 in-

1949 4510 2124 4564 decem
2152 4517 2464 4579 potestatem
2490 4506 2753 4571 habentes,
2782 4508 2872 4575 qui
2898 4506 3004 4559 sint
3034 4506 3087 4558 in
3117 4507 3324 4559 civitate
3343 4521 3361 4557 :
3391 4506 3517 4571 quia

1950 4600 2104 4653 homo
2142 4615 2244 4652 non
2271 4607 2348 4652 est
2371 4598 2553 4666 justus
2594 4598 2649 4651 in
2687 4607 2849 4663 terra,
2887 4599 2976 4667 qui
3017 4598 3175 4666 faciet
3223 4596 3435 4662 bonum,
3469 4605 3518 4650 et

1951 4708 2053 4745 non
2072 4690 2303 4760 peccabit
2337 4690 2473 4758 (85).

1955 4816 2214 4877 terpretes
2252 4806 2605 4877 retinuissent
2645 4804 2736 4875 (V.
2768 4805 3019 4860 Bochart.
3060 4804 3135 4859 De
3169 4804 3332 4877 anim.
3364 4802 3518 4871 prazf.

1954 4894 2005 4948 p.
2038 4875 2092 4945 3)
2123 4895 2136 4930 :
2172 4878 2317 4945 quod
2349 4876 2536 4930 Latina
2576 4876 2926 4948 translatione
2960 4875 3380 4948 comprobatur;
3413 4882 3521 4948 tres

1953 4940 2095 5002 enim
2143 4940 2500 5001 numerantur
2540 4963 2667 5001 aves
2698 4947 2811 5000 sive
2855 4940 3129 5015 στρουθία,
3162 4959 3260 5015 nec
3297 4940 3522 5015 χελιδὼν

1953 5015 2121 5087 ἀγροῦ
2148 5025 2292 5071 recte
2321 5016 2538 5087 dicitur,
2577 5016 2785 5087 cuntﬂin
2821 5011 2994 5087 muris
3013 5024 3077 5087 Aet
3101 5011 3381 5087 parietinis
3410 5011 3522 5087 fere

1953 5081 2209 5141 nidificet.
2258 5088 2311 5140 in
2353 5085 2554 5140 Thren.
2588 5102 2668 5148 Ill,
2704 5086 2770 5139 52
2803 5103 2815 5137 :
2846 5081 3182 5154 Θηρεύοντες
3220 5081 3521 5154 ἐθήρευσάν

1999 5175 2024 5210 ε
2055 5157 2130 5219 ὼς
2160 5156 2440 5226 στρουθίον
2479 5155 2679 5220 πάντες
2707 5157 2753 5208 οἱ
2782 5151 2964 5225 ἐχθροί
2998 5172 3122 5226 μου.
3155 5153 3209 5226 In
3237 5151 3518 5226 _Vulgatis:

2008 5223 2249 5281 enatione
2280 5236 2523 5296 ceperunt
2562 5242 2642 5280 me
2681 5223 2842 5296 quasi:
2870 5223 3523 5296 aventinimicimeigra-

1955 5300 2041 5352 tis.
2080 5297 2205 5351 Inde
2248 5292 2411 5365 porro
2452 5292 2701 5349 haustam
2746 5310 2775 5348 a
2816 5294 3076 5365 Gregorio
3110 5292 3521 5365 similitudinem

1956 5376 2100 5423 recte
2126 5363 2368 5430 duxeris,
2399 5366 2652 5437 στρουθός
2684 5376 2777 5419 aut
2812 5363 3107 5437 στρουθίον,
3143 5363 3286 5432 quod
3314 5372 3521 5415 veteres

1951 5440 2271 5506 interpretes
2301 5451 2442 5505 swpe
2468 5436 2697 5489 reddunt
2728 5436 3193 5490 struthocamelum
3237 5440 3331 5506 aut
3374 5438 3520 5506 stru-

1953 5500 2342 5570 thiocamelum,
2379 5500 2566 5560 'bellua
2618 5507 2795 5574 potius
2836 5513 2939 5571 est,
2994 5520 3153 5574 quam
3197 5504 3312 5557 avis
3349 5517 3362 5553 :
3403 5500 3521 5574 solo

1952 5576 2276 5648 ingreditur,
2313 5591 2413 5631 nec
2446 5576 2547 5631 alis
2578 5570 2911 5648 utitur,_nisi
2947 5570 3027 5629 ad'
3050 5575 3246 5648 pedum
3284 5570 3518 5648 perluci-

1953 5640 2117 5701 tatem
2148 5648 2449 5713 augendam
2473 5662 2485 5700 :
2507 5662 2681 5716 neque
2713 5646 2856 5702 enim
2883 5660 2911 5699 a
2935 5640 3075 5716 terra
3099 5640 3518 5716 tollitur.___l?lura

1952 5719 2020 5773 de
2049 5711 2314 5840 haic4apud
2343 5711 2670 5773 Bochartum
2693 5718 2748 5772 in
2776 5716 2992 5772 Hieroz.
3020 5715 3263 5770 invenies
3309 5711 3424 5784 (lib.
3453 5725 3515 5776 Il,

1954 5804 1984 5840 a
2023 5803 2071 5840 c.
2180 5828 2193 5840 .

1954 5804 1984 5843 a
2023 5803 2071 5842 Ο.
2108 5803 2193 5841 14.

2026 5856 2136 5928 (85)
2175 5854 2317 5910 LXX
2359 5857 2668 5929 habent.....
2707 5858 2833 5922 τοὺς
2875 5852 3033 5922 ὄντας
3064 5856 3121 5911 ὲν
3153 5852 3513 5929 τῇ,πόλει.....

1954 5926 2163 6000 ΟΙγιηρ.
2199 5930 2291 5983 καὶ
2319 5928 2414 5999 οὐχ
2447 5929 2774 5999 ἁμαρτήσει,
