4114 6552
547 477 685 546 1023

1636 482 1699 543 S.
1731 478 2123 545 YGREGORII
2147 548 2154 565 ι
2186 481 2700 543 AGRIGENTINI

3657 473 3806 540 ιοει

614 590 775 644 Clare
810 588 972 644 modo
1006 588 1286 658 praefatus,
1332 593 1428 657 qui
1488 590 1657 647 Deum
1716 595 1923 659 timeat,
1974 596 2121 648 hunc

2284 593 2575 664 Προσεχῶς
2606 592 3030 663 ἀποφηνάμενος
3077 591 3169 645 καὶ
3199 591 3374 662 φήσας
3404 588 3495 643 τὸν
3523 590 3805 662 φοϐούμε-

544 683 931 752 impedimenta
956 684 1141 737 omnia
1175 685 1546 754 supervolare,
1578 695 1633 741 et
1672 686 1964 756 impiarum
1996 689 2116 758 opi-

547 770 773 826 nionum
805 769 1135 827 oﬂendicula
1168 788 1233 829 ac
1272 774 1408 828 mala
1435 775 1643 845 peccati
1672 778 1807 832 retia
1835 777 2070 849 effugere
2100 794 2116 842 ;

548 863 746 918 merito
771 879 969 919 nunca
1004 864 1190 919 divino
1219 865 1434 933 timore,
1483 868 1574 938 qui
1628 867 1906 923 hominem
1960 871 2116 939 regit,

547 962 603 1009 et
632 955 685 1007 in
713 955 823 1008 veri
843 953 1088 1025 iustique
1116 958 1341 1011 semitas
1370 957 1690 1023 deductum,
1713 960 1991 1029 sapientia:
2021 961 2122 1014 iter

550 1044 819 1111 addocet;
862 1055 944 1101 est
976 1046 1145 1110 enim,
1179 1058 1240 1103 ut
1270 1049 1348 1103 ait
1377 1052 1643 1120 propheta
1672 1068 1686 1106 :
1732 1069 1751 1103 ι
1784 1051 2000 1106 Initium
2032 1068 2121 1107 sa-

552 1137 945 1207 pientiaatimor
974 1137 1186 1192 Domini
1212 1141 1257 1172 “
1283 1158 1296 1194 :
1324 1159 1342 1191 ι
1367 1141 1646 1197 transitad
1675 1144 2121 1213 auxilium,quod

552 1229 821 1297 sapientia
848 1229 962 1298 ipsa
987 1230 1214 1299 praebet,
1232 1239 1287 1285 et
1320 1248 1333 1284 :
1364 1250 1384 1283 ι
1414 1231 1717 1301 Sapientia,
1751 1233 1944 1302 inquit,
1964 1234 2122 1303 adjuo

552 1318 703 1373 vabit
739 1318 1035 1388 sapientem
1072 1336 1238 1390 super
1257 1321 1441 1375 decem
1481 1330 1803 1391 potestatem
1837 1324 2119 1388 habentes,

553 1411 645 1480 qui
680 1410 793 1465 sint
831 1409 885 1463 in
917 1410 1176 1477 civitate;
1226 1430 1246 1465 ι
1280 1413 1427 1467 illam
1456 1414 1749 1483 designans
1779 1417 2120 1485 sapientiam,

554 1516 677 1569 quae
699 1499 962 1555 divinitus
1000 1502 1125 1555 data
1167 1512 1250 1556 est
1282 1502 1368 1569 iis,
1404 1504 1498 1571 qui
1539 1506 1698 1560 bonae
1735 1515 1995 1576 perpetuo
2028 1523 2121 1561 or-

556 1591 682 1647 bitae
710 1591 1043 1658 institerunt,
1070 1591 1136 1646 de
1166 1608 1273 1662 qua
1302 1610 1534 1665 magnus
1566 1593 1806 1651 Jacobus
1840 1596 1930 1651 Dei
1955 1597 2123 1651 frater

558 1684 738 1739 dixit:
782 1702 801 1735 ι
838 1684 969 1751 Quae
1005 1693 1184 1739 autem
1216 1686 1506 1741 desursum
1560 1698 1645 1744 est
1687 1691 1969 1759 sapientia,
2022 1692 2128 1759 pri-

559 1792 706 1830 mum
730 1775 949 1845 quidem
975 1778 1169 1847 pudica
1201 1787 1305 1841 est,
1340 1778 1537 1835 deinde
1573 1780 1821 1851 paciﬁca,
1858 1772 2122 1850 modesta,

558 1869 867 1934 suadibilis,
910 1870 1068 1939 plena
1105 1869 1484 1925 misericordia
1529 1882 1584 1927 et
1634 1871 1901 1929 fructibus
1942 1874 2122 1940 bonis,

559 1975 667 2015 non
697 1959 971 2030 judicans.
1004 1959 1123 2015 sine
1151 1960 1522 2017 simulatione.
1561 1963 1794 2019 Fructus
1826 1974 2006 2020 autem
2035 1966 2124 2034 ju-

561 2052 724 2107 stitia‘.
754 2051 807 2104 in
854 2065 988 2121 pace
1042 2050 1343 2107 seminatur
1391 2051 1716 2109 facientibus
1756 2070 1942 2126 pacem
2005 2059 2071 2111 θ’.
2102 2075 2122 2109 ι

562 2146 714 2200 Hanc
755 2144 920 2215 igitur
957 2144 1282 2213 sapientiam
1337 2146 1541 2200 auxilio
1585 2146 1701 2202 fore
1744 2149 1820 2202 ait
1877 2148 1974 2211 illi,
2033 2149 2129 2219 qui

561 2239 788 2308 adeptus
818 2238 911 2299 sit,
962 2254 1269 2309 nomenque
1312 2240 1415 2295 sibi
1458 2241 1717 2310 sapientis
1750 2243 2038 2312 pepererit,
2072 2254 2132 2301 ut

562 2331 685 2385 vitae
709 2331 951 2401 pericula
978 2331 1171 2386 evadat
1195 2342 1250 2387 et
1269 2333 1502 2389 insidias
1523 2335 1591 2388 ab
1619 2335 1848 2390 occultis
1884 2335 2132 2411 hostibus

562 2424 759 2480 animae
793 2425 1093 2480 instructas
1135 2434 1191 2479 et
1242 2426 1532 2497 impiarum
1602 2429 1916 2497 Opinionum
1977 2430 2134 2486 mali-

562 2533 902 2588 gnarumque
924 2519 1320 2573 sententiarum
1352 2520 1599 2589 laqueos,
1629 2522 1823 2575 melius
1853 2538 2018 2592 quam
2049 2524 2138 2580 deo

564 2625 705 2675 cem,
741 2610 834 2680 qui
867 2611 920 2665 in
950 2611 1173 2666 civitate
1202 2621 1523 2682 potestatem
1547 2622 1755 2683 gerant.
1783 2612 1918 2668 Nam
1946 2615 2135 2671 decem

565 2700 645 2756 illi
692 2699 931 2755 civitatis
967 2701 1266 2771 principes,
1320 2702 1414 2770 qui
1470 2700 1821 2772 magistratus
1876 2703 2138 2772 dignitate

566 2792 816 2847 exornati
852 2793 1225 2859 dominantur,
1268 2802 1323 2849 et
1361 2809 1545 2848 rerum
1575 2795 1728 2863 copia
1762 2810 1825 2850 ac
1874 2796 2138 2852 varietate

566 2883 872 2948 abundant,
916 2884 1120 2940 multas
1153 2884 1373 2955 quidem
1417 2894 1473 2938 et
1505 2884 1750 2939 diversas
1786 2884 2140 2956 cogitationes

567 2984 730 3046 atque
754 2975 983 3031 consilia
1009 2976 1309 3047 suscipient
1330 2975 1488 3047 19o
1513 2983 1564 3029 et
1588 2986 1879 3031 conserent
1904 2984 1960 3032 et
1984 2993 2140 3032 com-

569 3068 949 3136 miniscentur,
966 3084 1087 3138 quae
1107 3068 1362 3133 civitatis,
1385 3069 1438 3123 in
1457 3084 1563 3138 qua
1585 3078 1893 3135 versantur,
1911 3070 2140 3125 salutem

570 3160 753 3214 omnia
780 3162 943 3214 unice
981 3169 1263 3229 spectent:
1296 3170 1351 3215 at
1384 3162 1583 3215 sicam
1642 3162 1970 3231 quandoque
2026 3179 2143 3219 ser-

573 3250 801 3313 vabunt,
844 3260 899 3305 et
952 3251 1221 3307 machinis
1277 3251 1556 3320 ingeniose
1587 3252 1822 3309 inventis
1850 3266 1902 3309 et
1932 3255 2134 3325 passim

573 3341 716 3396 hosti
751 3341 996 3408 objectis,
1029 3358 1093 3397 ac
1122 3342 1424 3396 ministerio
1449 3351 1612 3412 atque
1644 3359 1809 3412 opera
1844 3346 2146 3403 incolarum

573 3443 630 3488 et
658 3433 1140 3503 stipendiariorum
1162 3435 1429 3499 adhibita,
1460 3437 1529 3490 ab
1562 3437 1745 3491 hostili
1775 3437 2149 3494 obsidentium

576 3526 798 3579 incursu
856 3524 1195 3589 defendent;
1256 3526 1584 3596 quandoque
1626 3528 1791 3582 etiam
1846 3544 1942 3599 spe
2000 3530 2149 3585 omni

576 3615 768 3671 salutis
816 3616 1093 3681 excident,
1150 3616 1502 3671 obsessorum
1558 3616 1736 3674 vineis
1798 3618 2151 3690 turribusque

577 3709 877 3778 oppugnati
912 3723 977 3764 ac
1009 3709 1222 3764 subacti
1260 3707 1396 3777 (86),
1438 3718 1603 3779 atque
1654 3709 1709 3763 in
1758 3710 2072 3765 servitutem
2098 3720 2151 3766 et

578 3807 806 3853 mortem
835 3798 1197 3854 abducentur.
1225 3798 1503 3868 Sapientia
1536 3814 1567 3854 e
1613 3800 1892 3855 contrario
1948 3802 2149 3857 auxilia

579 3904 678 3944 sua
714 3890 953 3951 mittens,
984 3905 1261 3960 nunquam
1303 3892 1527 3960 patitur,
1580 3907 1743 3961 quam
1802 3893 1921 3962 quis
1974 3903 2153 3949 teneat

580 3982 879 4055 spiritalem
913 3982 1111 4036 animae
1138 3982 1435 4047 civitatem,
1458 3992 1518 4037 ut
1539 3999 1601 4039 ea
1630 3983 1698 4039 ab
1721 3985 1964 4039 hostibus
1997 4002 2151 4040 men-

582 4083 690 4128 tem
721 4074 890 4144 ipsius
920 4071 1313 4136 obsidentibus,
1340 4081 1434 4127 aut
1456 4074 1525 4128 ab
1554 4072 1768 4130 infestis
1790 4074 2153 4147 malignisque

582 4165 898 4220 hominibus
932 4164 986 4218 in
1020 4164 1385 4235 captivitatem
1429 4173 1483 4221 et
1514 4166 1718 4235 peccati
1772 4175 2001 4221 mortem
2057 4166 2154 4221 de-

583 4257 746 4314 datur
781 4277 795 4313 :
830 4273 1021 4313 verum
1070 4266 1276 4327 septem
1325 4258 1527 4313 summi
1584 4258 1863 4328 divinique
1914 4258 2153 4328 Spiritus

584 4349 857 4405 columnis
896 4348 1105 4414 innixa,
1147 4350 1229 4404 sic
1258 4357 1464 4414 tuetur,
1494 4359 1554 4405 ut
1601 4352 1941 4406 occultorum
1989 4353 2151 4408 simul

584 4453 639 4498 et
666 4440 1080 4496 manifestorum
1118 4440 1357 4495 hostium
1390 4441 1828 4497 machinamenta
1857 4458 1923 4499 ac
1951 4459 2155 4514 propu-

587 4534 816 4606 gnacula
842 4542 1047 4588 evertat
1076 4547 1141 4589 ac
1178 4534 1445 4590 destruat.

2217 702 2307 738 vov
2337 686 2427 739 τὸν
2457 685 2590 738 Θεὸν
2624 684 3026 754 ὑπερίπτασθαι
3056 684 3150 738 καὶ
3177 682 3578 753 διαδιδράσκειν
3616 684 3807 737 πάντα

2217 777 2285 852 τᾲ
2319 776 2501 830 σκῶλα
2531 776 2625 829 καὶ
2649 776 3052 847 προσκόμματα
3086 775 3196 828 τῶν
3222 773 3436 828 ἀσεϐῶν
3466 756 3804 844 ὑτεολτήψεων

2219 870 2314 922 καὶ
2337 867 2446 920 τῶν
2479 867 2731 939 πονηρῶν
2763 867 2987 937 ἀρκύων
3026 866 3125 933 τῆς
3159 864 3456 937 ἁμαρτίας,
3485 864 3805 929 ἀκολούθως

2220 960 2314 1013 νῦν
2339 959 2448 1014 ἀπὸ
2474 960 2569 1013 τοῦ
2602 960 2750 1012 θείου
2800 959 2965 1027 φόϐου
3000 957 3095 1012 τοῦ
3127 956 3513 1027 στοιχειοῦντος
3556 956 3650 1010 τὸν
3698 955 3806 1011 ἀν-

2221 1052 2438 1123 θρωπον
2480 1053 2578 1104 καὶ
2623 1051 2975 1121 ρυθμίζοντος
3003 1053 3082 1115 είς
3109 1049 3208 1113 τὰς
3252 1049 3475 1120 ἀληθείς
3517 1049 3805 1121 ἀτραποὺς

2222 1143 2315 1197 καὶ
2346 1142 2581 1208 δικαίας,
2604 1143 2699 1196 καὶ
2727 1142 3240 1213 παρασκευάζοντος
3280 1142 3340 1194 ὲν
3369 1140 3530 1212 σοφίᾳ
3555 1156 3804 1211 περιπα-

2219 1239 2333 1290 τεῖν
2354 1253 2370 1269 ·
2402 1236 2588 1307 ἐπειδὴ
2617 1234 2711 1290 καὶ
2740 1234 2923 1298 καθώς
2956 1251 3119 1305 φησιν
3148 1237 3175 1288 ὁ
3206 1233 3515 1305 προφήτης,
3553 1249 3572 1284 ι
3626 1232 3802 1303 Ἀρχὴ

2225 1326 2420 1394 σοφίας
2464 1325 2629 1394 φόϐος
2675 1324 2917 1393 Κυρίουο
2977 1342 2996 1375 ι
3041 1323 3176 1395 πρὸς
3225 1323 3322 1393 τὴν
3360 1321 3453 1376 ἀπ’
3483 1322 3652 1392 αὑτῆς
3694 1321 3802 1391 τῆς

2225 1416 2419 1486 σοφίας
2452 1417 2691 1487 μέτεισιν
2722 1414 3001 1487 ἀρῤωγὴν,
3033 1415 3279 1485 φάσκων·
3316 1433 3335 1466 ι
3383 1415 3449 1467 Ἦ
3481 1412 3640 1484 σοφία
3672 1412 3802 1484 βοη-

2224 1507 2381 1580 θήσει
2409 1507 2487 1578 τῷ
2524 1506 2675 1577 σοφῷ
2709 1507 2851 1579 ὑπὲρ
2877 1508 3007 1562 δέκα
3045 1504 3457 1571 ἐξουσιάζοντας
3488 1504 3613 1567 τοὺς
3642 1504 3697 1556 ἐν
3730 1505 3795 1574 τῇ

2225 1600 2415 1652 πόλει·
2463 1618 2483 1651 ι
2526 1598 2718 1668 σοφίαν
2748 1599 2922 1670 δηλῶν
2951 1598 3050 1670 τὴν
3101 1597 3307 1651 ἄνωθεν
3350 1594 3642 1666 δεδομένην
3684 1597 3800 1659 τοῖς

2224 1686 2550 1758 κατορθοῦσι
2580 1688 2788 1752 πάντας
2819 1686 3010 1753 ἄξονας
3056 1685 3315 1755 ἀγαθοὺς,
3351 1684 3481 1755 περὶ
3523 1679 3592 1755 ἧς
3634 1700 3804 1751 φησιν

2224 1783 2252 1834 ὀ
2282 1781 2599 1850 ἀδελφὸθεος
2646 1784 2741 1836 καὶ
2784 1783 2957 1853 μέγας
3002 1782 3282 1844 Ἰἀκωόοςο
3320 1798 3341 1831 ι
3392 1780 3454 1832 'H
3495 1778 3804 1834 δὲ·ἀνωθεν

2229 1873 2390 1942 σοφία
2435 1874 2653 1945 πρῶτον
2707 1874 2806 1945 μέν
2856 1875 2993 1944 ἁγνή
3053 1877 3220 1937 ἐστιν,
3291 1871 3480 1925 ἔπειτα
3528 1872 3802 1942 εἰρηνικὴ,

2229 1967 2480 2037 ἐπιεικὴς
2524 2005 2541 2032 ,
2594 1967 2894 2039 εὐπειθὴς,
2933 1967 3105 2039 μεστὴ
3179 1967 3363 2030 ἐλέους
3421 1967 3517 2019 καὶ
3577 1964 3804 2035 καρπῶν

2229 2058 2448 2126 ἀγαθῶν
2470 2098 2485 2123 ,
2516 2059 2829 2129 ἀδιάκριτος
2854 2098 2869 2123 ,
2920 2058 3315 2129 ἀνυπόκριτοςο
3356 2055 3565 2126 καρπὸς
3613 2056 3669 2108 δὲ
3721 2055 3803 2107 δι-

2231 2151 2523 2221 καιοσύνης
2581 2152 2638 2204 ἐν
2688 2152 2882 2224 εἰρήνῃ
2943 2151 3226 2221 σπείρεται
3271 2152 3384 2213 τοῖς
3437 2146 3679 2202 ποιοῦσιν
3724 2148 3807 2199 εἰ·

2232 2244 2421 2315 ρήνην.
2464 2261 2482 2294 s
2521 2242 2631 2315 Τὴν
2683 2244 2942 2314 τοιαύτην
2984 2243 3077 2297 οὑν
3134 2242 3323 2312 σοφίαν
3389 2240 3678 2311 βοηθήσειν
3728 2237 3808 2309 τῷ

2232 2336 2551 2408 κεκτημένῳ
2583 2336 2719 2409 φησὶ
2745 2337 2836 2390 καὶ
2868 2336 3214 2408 παρωνύμως
3248 2333 3605 2404 ὀνομασθέντι
3658 2331 3808 2401 σοφῷ

2232 2428 2371 2497 πρὸς
2419 2426 2480 2479 τὸ
2528 2427 2598 2480 τὰ
2640 2428 2976 2499 πειρατήρια
3018 2426 3113 2479 τοῦ
3182 2424 3297 2496 βίου
3349 2425 3664 2493 διεκφυγείν
3710 2423 3807 2474 καὶ

2232 2516 2332 2581 τὰς
2375 2518 2439 2569 ἐκ
2482 2519 2590 2571 τῶν
2648 2519 2856 2588 νοητῶν
2927 2519 3167 2590 ἐφέδρων
3212 2516 3508 2580 ἐπιϐουλάς
3560 2516 3656 2569 καὶ
3707 2513 3810 2575 τὰς

2237 2608 2419 2678 πάγας
2454 2609 2563 2662 τῶν
2596 2610 2812 2664 ἀσεϐῶν
2852 2610 3178 2681 ὑπολήψεων
3220 2611 3315 2663 καλ⁸
3366 2607 3671 2674 κακοδόξων
3724 2605 3808 2658 δο-

2234 2700 2462 2771 γμάτων
2541 2700 2683 2773 ὑπὲρ
2744 2701 2877 2754 δέκα
2940 2699 3353 2766 ἐξουσιάζοντας
3430 2697 3559 2760 τοὺς
3627 2698 3685 2749 ἐν
3740 2698 3805 2765 τῇ

2238 2791 2412 2845 πόλει.
2462 2791 2608 2846 Δέκα
2655 2792 2763 2863 γάρ
2821 2790 3225 2857 ἐξουσιάζοντες
3275 2790 3335 2843 ἐν
3369 2788 3521 2842 πόλει
3573 2786 3668 2840 καὶ
3716 2786 3807 2839 δυ-

2235 2884 2589 2949 ναστεύοντες
2632 2886 2690 2938 ὲν
2735 2885 3063 2955 ἀξιωμάτων
3113 2884 3414 2953 ὑπεροχαῖς
3461 2879 3558 2933 καὶ
3587 2895 3806 2947 περιου-

2241 2977 2333 3048 σίᾳ
2360 2977 2457 3030 καὶ
2484 2977 2804 3048 πολυτελείᾳ
2832 2977 2942 3030 τῶν
2972 2974 3351 3046 ὑπαρχόντων,
3384 2969 3557 3026 πολλά
3586 2970 3684 3040 μὲν
3715 2970 3808 3023 καὶ

2241 3067 2461 3121 ποικίλα
2490 3068 2735 3137 νοήματα
2768 3067 2864 3119 καὶ
2897 3065 3242 3137 βουλεύματα
3284 3062 3684 3133 διενθυμηθῶσι
3716 3060 3809 3114 καὶ

2245 3157 2625 3229 βουλεύσονται
2669 3158 2765 3211 καὶ
2811 3160 3065 3228 νοήσουσι
3117 3155 3368 3210 συνιέντα
3422 3155 3637 3218 πάντως
3677 3153 3810 3225 πρὸς

2171 3275 2213 3332 c
2248 3249 2342 3302 ’ἐνα
2393 3248 2594 3303 σκοπὸν
2645 3249 2905 3302 σωστικδν
2948 3249 3047 3319 τῆς
3093 3248 3319 3319 πόλεως,
3365 3247 3425 3299 ἐν
3474 3241 3618 3318 ᾖπέρ
3649 3246 3809 3298 εἰσιν.

2261 3339 2403 3393 Ἀλλ’
2431 3340 2604 3394 ἐνίοτε
2641 3339 2740 3410 μὲν
2771 3338 3033 3393 σώσουσιν
3077 3339 3270 3411 αὐτὴν,
3310 3338 3403 3392 καὶ
3447 3338 3555 3391 τῶν
3596 3336 3811 3405 πολιορ-

2249 3430 2491 3484 κούντων
2518 3430 2827 3485 ἀντιπάλων
2847 3431 2939 3486 καὶ
2960 3429 3241 3500 δυσμενῶν
3260 3427 3689 3498 ἐκλυτρὼσονται
3722 3424 3814 3479 καὶ

2249 3522 2336 3575 διὰ
2375 3522 2486 3574 τῶν
2533 3521 2999 3593 ἐξευρισκομὲνων
3028 3522 3133 3575 ὑπὸ
3180 3520 3282 3592 τῆς
3320 3520 3470 3589 σφῶν
3502 3520 3815 3589 φρονήσεως

2255 3613 2662 3684 μηχανημάτων
2698 3613 3056 3667 παντοδαπῶν
3077 3613 3214 3684 πρὸς
3244 3610 3690 3683 ἀντιπαράταξιν,
3722 3608 3817 3662 καὶ

2249 3705 2338 3759 διά
2373 3706 2471 3778 τῆς
2499 3706 2950 3777 ἐξυπηρετήσεως
2983 3705 3077 3759 καὶ
3115 3704 3431 3775 συνεργείας
3461 3702 3572 3756 τῶν
3601 3704 3697 3771 τὴν
3724 3701 3820 3753 πό-

2251 3796 2335 3850 λιν
2373 3798 2771 3853 κατοικούντων
2798 3799 3125 3870 ὑποχειρίων
3147 3815 3161 3829 ο
3194 3798 3364 3851 ἐνίοτε
3400 3796 3459 3850 δὲ
3492 3795 3589 3848 καὶ
3619 3811 3816 3847 παντε-

2250 3888 2378 3953 λοῦς
2424 3890 2815 3955 ἀποτεύξονται
2891 3890 3186 3961 σωτηρίας,
3238 3889 3347 3941 τῶν
3388 3886 3818 3958 πολιορκούντων

2251 3985 2372 4044 ταῖς
2401 3982 2713 4035 ἐλεπόλεσιν
2733 3981 3061 4053 ἡττηθέντες
3089 3981 3184 4034 καὶ
3206 3978 3817 4041 καταδυναστευθέντες,

2253 4074 2349 4126 καὶ
2393 4075 2531 4145 πρὸς
2575 4073 2877 4146 ἀπαγωγὴν
2931 4074 3029 4128 καὶ
3053 4062 3305 4128 ’θάνατον
3360 4071 3686 4132 ἐκδοθέντες.
3755 4069 3819 4122 Ἡ

2252 4165 2312 4219 δὲ
2342 4167 2504 4236 σοφία
2542 4166 2642 4237 τὴν
2688 4167 2822 4220 ἰδίαν
2867 4166 3213 4236 παρεχομένη
3251 4164 3521 4236 βοήθειαν,
3570 4163 3819 4216 οὐδέποτε

2256 4261 2529 4330 συγχωρεῖ
2559 4257 2657 4329 τὴν
2697 4258 2893 4329 νοητὴν
2938 4257 3039 4327 τῆς
3079 4257 3257 4328 ψυχῆς
3288 4255 3443 4308 πόλιν
3473 4252 3566 4306 τοῦ
3612 4252 3821 4323 ἔχοντος

2255 4353 2361 4406 ὑπὸ
2391 4353 2499 4407 τῶν
2533 4352 2969 4423 πολιορκούντων
2997 4351 3167 4420 αὐτὴν
3215 4348 3423 4418 νοητῶν
3452 4346 3757 4401 ἀντιπάλων
3784 4344 3817 4414 ἦ

2253 4446 2533 4517 δυσμενῶν
2561 4445 2656 4499 καὶ
2682 4444 2988 4510 κακοδόξων
3012 4441 3316 4514 ἀνθρώπων
3345 4442 3424 4503 είς
3453 4439 3652 4493 ἅλωσιν
3676 4438 3823 4491 ἐκδο-

2256 4540 2414 4609 θῆναι
2444 4538 2539 4592 καί⁸
2560 4538 2659 4608 τῆς
2682 4537 2955 4609 ἁμαρτίας
2982 4536 3072 4589 τὸν
3103 4535 3334 4588 θάνατον
3354 4549 3366 4561 ⁸
3396 4531 3533 4587 ἀλλά
3554 4533 3665 4593 τοῖς
3687 4527 3823 4582 ἑπτὰ

590 4624 803 4689 στύλοις
824 4622 1185 4696 ἐρηρεισμένη
1217 4623 1313 4677 τοῦ
1344 4623 1636 4695 θεαρχικοῦ
1656 4623 1997 4696 Πνεύματος,
2058 4626 2354 4692 ἀποσώζει,
2421 4627 2516 4681 καὶ
2579 4627 2847 4697 καταργεῖ
2875 4625 2973 4689 τὰς
3006 4622 3284 4686 ἑλεπόλεις
3333 4621 3429 4674 καὶ
3458 4617 3824 4691 ωργοὸάρεις

586 4717 695 4770 τῶν
726 4714 999 4786 αίσθητῶν
1031 4715 1274 4785 ἐφέδρων
1306 4717 1403 4772 καὶ
1434 4716 1659 4786 νοητῶν.

666 4940 708 4970 ⁶¹
737 4937 882 4993 Psal.
915 4953 1004 5002 cx,
1051 4937 1134 4992 l0.
1215 4937 1260 4969 ⁸⁸
1291 4935 1413 4993 Jac.
1446 4954 1528 5002 ιιι,
1560 4938 1646 4992 l7.

662 5139 772 5209 (86)
823 5137 997 5191 Vincis
1032 5138 1364 5206 turribusque
1402 5137 1605 5209 reddidi
1636 5134 2157 5209 quod‘Grmcegdici-
2189 5139 2234 5197 ι)
2260 5153 2362 5209 qua
2394 5137 2502 5190 alia
2543 5136 2703 5189 turris
2722 5136 2995 5209 surgebat,
3021 5132 3339 5209 catapultas.
3363 5130 3569 5209 lapides
3594 5138 3643 5181 et
3678 5127 3823 5209 varia

590 5219 682 5265 tur
708 5205 1041 5275 ἐλεπὸλεσιν,
1085 5205 1288 5275 neque,
1314 5215 1373 5260 ut
1407 5205 1666 5269 arbitror,
1699 5205 1837 5260 male
1866 5222 1879 5259 :
1914 5207 2157 5273 utrisque

592 5280 760 5340 enim,
791 5278 966 5333 vineis
1015 5292 1207 5344 nempe
1252 5286 1306 5330 et
1336 5278 1577 5332 turribus
1629 5276 1916 5331 constabat
1970 5275 2160 5328 ἑλεπό-

595 5347 697 5413 λις,
730 5360 839 5403 tam
867 5363 987 5417 qua:
1014 5366 1040 5398 a
1074 5346 1333 5401 [Vitruvio
1370 5348 1694 5402 describitur
1730 5348 1845 5417 (lib.
1882 5362 1935 5411 χ,
1960 5361 2013 5417 c.
2041 5345 2157 5416 ‘25),

598 5435 756 5488 quam
782 5415 903 5487 quae
930 5418 997 5472 ab
1024 5417 1268 5486 Appiano
1291 5418 1367 5486 (in
1392 5416 1674 5488 Mithrid.),
1699 5429 1757 5471 ιιι
1786 5415 2157 5488 Plutarchum,

602 5486 919 5554 Diodorum,
950 5490 1084 5543 alios
1103 5490 1311 5541 mittam
1343 5505 1356 5541 :
1388 5504 1451 5542 ac
1487 5486 1761 5543 Vitruvius
1796 5488 2009 5555 quidem
2042 5486 2161 5553 ejus

603 5560 859 5625 helepolis
887 5597 902 5623 ,
938 5574 1045 5628 qua
1098 5558 1399 5613 Demetrius
1434 5558 1764 5612 Poliorcetes
1796 5567 1989 5628 contra
2018 5556 2166 5628 Rho-

601 5630 721 5685 dios
750 5645 883 5685 usus
911 5626 1012 5694 est,
1047 5628 1381 5683 altitudinem
1414 5628 1543 5683 facit
1576 5629 1767 5698 pedum
1793 5627 1896 5681 1‘25
1925 5644 1938 5679 :
1968 5626 2168 5693 Appia-

604 5716 709 5754 nus
738 5714 865 5753 vero
910 5700 1046 5768 cjus,
1076 5714 1182 5768 qua
1224 5697 1853 5768 Mithridates'Cyzicum
1894 5712 2169 5766 oppugna-

606 5771 699 5829 vit.
736 5769 928 5823 ἐκατδν
957 5769 1198 5836 πήχεων,
1229 5772 1342 5824 sive
1368 5778 1588 5823 centum
1628 5768 1933 5822 cubitorum
1963 5783 1976 5819 :
2009 5773 2173 5836 atque

609 5839 749 5895 idem
779 5839 949 5909 addit,
988 5834 1078 5905 Ἐξ
1100 5834 1169 5909 ἧς
1194 5840 1379 5909 ἕτερος
1415 5837 1623 5907 πύργος
1644 5838 1868 5909 ἐπῆρτο,
1901 5834 2172 5909 satana:

609 5926 705 5975 τας
755 5911 849 5966 καὶ
877 5903 1072 5974 λίθους
1097 5903 1191 5962 καὶ
1232 5903 1362 5981 βέλη
1400 5903 1619 5963 ποικίλα
1647 5903 1859 5977 ἀφιείς·
1905 5906 1957 5961 id
1986 5914 2090 5969 est,
2124 5903 2173 5959 Ε

2263 5207 2366 5260 tela
2408 5211 2670 5261 emittens.
2720 5203 2838 5273 ipsa
2893 5206 3109 5258 demum
3144 5203 3427 5273 helepolis
3492 5206 3823 5273 tegumenta,

2264 5293 2385 5344 qua:
2421 5278 2697 5331 vinearum
2732 5269 2857 5329 item
2886 5275 3100 5344 propria
3135 5269 3374 5344 fuerunt,
3402 5277 3666 5344 memorat
3695 5269 3824 5322 Am-

2266 5340 2481 5419 mianus
2512 5348 2624 5414 (lib.
2665 5362 2822 5419 xxm,
2854 5340 2903 5399 οξ
2946 5340 3050 5419 4))
3093 5362 3109 5393 ι
3154 5343 3412 5419 'lestudo,
3449 5340 3642 5419 inquit,
3679 5353 3827 5419 com-

2264 5410 2551 5486 paginatur
2599 5417 2886 5480 immanis,
2935 5410 3129 5467 artibus
3179 5415 3428 5486 roborata
3473 5410 3824 5486 longissimis,

2269 5479 2567 5557 feﬁ‘eisque
2587 5487 2757 5541 clavis
2778 5495 2978 5555 aptata,
3011 5494 3062 5538 et
3089 5484 3390 5552 contegitur
3422 5481 3587 5557 coriis
3613 5479 3825 5532 bubulis

2264 5551 2647 5625 virgarumque
2692 5551 2892 5611 recenti
2951 5564 3198 5625 textura,
3243 5563 3405 5621 atque
3467 5551 3599 5625 limo
3643 5564 3827 5618 asper-

2266 5621 2468 5699 guntur
2517 5621 2636 5697 ej'us
2689 5642 2973 5699 suprema,
3032 5634 3093 5679 ut
3142 5622 3423 5699 ﬂammeos
3468 5621 3748 5699 detrectet.
3774 5628 3829 5672 et

2268 5688 2500 5751 missiles
2544 5688 2727 5769 casus.
2758 5688 2796 5749 ἰ
2836 5688 3045 5753 Usitata
3076 5708 3235 5764 porro
3267 5692 3676 5769 Latinorum‘ea
3707 5688 3827 5769 ,ξον-

2269 5768 2413 5822 mula
2441 5777 2524 5823 est
2550 5786 2563 5821 :
2599 5766 2795 5826 Vincas
2818 5759 3105 5838 turresque
3135 5780 3329 5838 agere;
3351 5762 3543 5825 vineis,
3584 5759 3829 5815 turribus

2268 5853 2602 5910 oppugnare.
2644 5858 2663 5892 ι
