4114 6514
342 351 480 418 1025

1381 351 1459 411 ΙΝ
1509 351 2088 415 ECCLESIAS’I‘EN-
2126 381 2195 391 -
2226 357 2377 417 LIB.
2416 356 2550 418 VII.

3387 428 3390 431 .
3459 358 3598 425 1026

406 464 563 517 υῦτω
605 466 705 535 μὲν
733 459 827 517 οῦν
858 464 921 517 τὸ
960 463 1134 534 παρὸν
1181 463 1344 534 ῥητὸν
1386 463 1715 534 διεσάφησεν
1765 466 1795 517 6
1824 465 1911 518 λό-

2083 465 2177 524 Sic
2224 469 2392 539 igitur
2448 467 2775 526 sententiam
2807 468 2951 526 hanc
2986 470 3242 528 sermone
3270 482 3462 529 nostro
3496 492 3597 530 ex-

336 573 453 624 γος,
483 557 579 610 καὶ
606 558 708 625 τὴν
733 557 840 611 ἀπὸ
871 556 973 625 τῆς
1000 554 1153 617 θείας
1186 555 1378 623 σοφίας
1405 554 1660 628 βοήθειαν
1686 556 1918 629 ὑπερτέ-

339 666 440 719 ραν
476 646 646 712 ἔδειξε
690 648 788 717 τῆς
823 648 1084 720 ἀρῤωγῆς
1118 648 1213 701 καὶ
1258 646 1354 700 τοῦ
1389 648 1767 718 συνασπισμοῦ
1810 647 1916 701 τῶν

337 740 394 790 ἐν
430 741 496 809 τῇ
525 739 677 792 πόλει
703 739 837 793 δέκα
864 738 1228 807 ἐξουσιαστῶν
1259 757 1319 794 τε
1346 739 1443 794 καλ⁸
1472 740 1579 794 τῶν
1620 738 1915 804 δυναστῶν,

341 827 527 891 ἁπλῶς
574 827 747 892 οὕτως
804 830 1273 902 παραληφθέντων
1320 831 1596 901 αίσθητῶς
1642 832 1785 885 κατά
1825 832 1917 885 τὸν

342 921 631 991 πρόχειρον
655 921 750 973 τοῦ
799 922 1128 993 γράμματος
1154 922 1299 978 νοῦν.
1330 924 1396 977 El
1440 924 1495 977 δὲ
1526 924 1917 996 βουληθείημεν

339 1014 439 1067 καὶ
466 1014 611 1067 κατά
642 1014 734 1067 τὸν
760 1014 861 1085 τῆς
889 1018 1181 1087 ἀναγωγῆς
1206 1017 1367 1100 λόγον
1390 1017 1723 1088 διασαφῆσαι
1750 1019 1811 1071 τὸ
1838 1021 1917 1071 εί-

339 1107 595 1179 ρημένον,
632 1108 799 1161 πάλιν
844 1110 942 1179 μέν
972 1110 1324 1181 ἑκληψόμεθα
1367 1110 1461 1164 τοῦ
1491 1111 1784 1182 ἀνθρώπου
1818 1112 1918 1183 τὴν

337 1197 498 1265 φύσιν
527 1199 624 1253 καὶ
653 1201 754 1271 τὴν
790 1202 1110 1265 ὑπόστασιν,
1151 1205 1210 1255 ἐν
1325 1202 1462 1255 δέκα
1508 1203 1647 1257 είσὶν
1687 1205 1735 1256 οί
1766 1203 1947 1281 ἐξουοθ

338 1292 641 1357 σιάζοντες,
692 1293 935 1364 δηλονότι
982 1294 1082 1363 τῆς
1113 1295 1291 1365 ψυχῆς
1322 1297 1379 1348 αἱ
1423 1296 1583 1348 πέντε
1633 1296 1915 1364 δυνάμεις,

336 1382 481 1449 νοῦς,
512 1384 742 1449 διάνοια,
773 1387 1042 1454 φαντασία
1072 1385 1167 1440 καὶ
1211 1387 1340 1451 δόξα
1372 1388 1469 1440 καὶ
1500 1386 1777 1457 αἴσθησις.
1820 1387 1918 1440 καὶ

336 1473 499 1526 πέντε
529 1474 625 1527 τοῦ
669 1473 942 1543 σώματος,
971 1477 1181 1547 ὅρασις,
1219 1477 1377 1546 ἀκοὴ,
1407 1477 1695 1547 ὄσφρησις,
1729 1477 1918 1541 γεῦσις

335 1564 432 1618 καὶ⁵
459 1565 594 1637 ἀφὴ,
623 1566 689 1619 δι’
725 1560 800 1619 ὦν
832 1566 1057 1638 εὕρηται
1103 1568 1211 1632 ζῶν
1242 1570 1338 1623 καὶ
1370 1570 1792 1639 πολιτευόμενος
1823 1574 1917 1625 καὶ

333 1655 707 1727 διοικούμενος
747 1658 776 1710 6
824 1660 978 1721 ἐντὸς
1024 1661 1123 1713 καὶ
1178 1662 1337 1725 ἐκτὸς
1381 1662 1544 1732 ἡμῶν
1594 1662 1913 1733 ἄνθρωπος’

335 1744 473 1799 ἀλλά
512 1745 614 1815 τῆς
642 1747 847 1799 ἀνωθεν
879 1748 1074 1817 σοφίας
1110 1749 1378 1818 ἀπούσης,
1410 1751 1565 1804 οὐδὲν
1610 1752 1915 1807 ἀπόνασθαι

335 1836 556 1892 δύναται
600 1839 711 1893 τῶν
742 1841 1002 1894 τοιούτων
1054 1843 1087 1911 ἡ
1134 1842 1556 1913 παραληφθεῖσα
1588 1842 1685 1895 νῦν
1731 1845 1914 1908 πόλις·
1949 1818 1988 1872 Β

342 1930 505 1983 παντὶ
536 1930 645 2001 γάρ
682 1931 829 2000 σάλῳ
857 1932 951 1984 καὶ
994 1931 1223 1985 κλύδωνι
1252 1933 1358 1986 τῶν
1389 1934 1539 2003 παρὰ
1568 1933 1677 1985 τῶν
1710 1933 1915 2003 νοητῶν

337 2020 569 2075 καὶτῶν
619 2022 895 2094 αἰσθητῶν
934 2024 1215 2094 δυσμενῶν
1258 2025 1767 2095 ἀναρριπιζομένων
1799 2042 1917 2096 τρι-

340 2111 556 2182 κυμιῶν
610 2112 707 2165 καὶ⁸
761 2114 1094 2181 καταιγίδων
1139 2113 1644 2180 καταϐαπτίζεται,
1701 2118 1795 2169 καὶ
1838 2116 1916 2186 τῷ

338 2203 484 2273 βυθῷ
515 2203 915 2257 κατολισθαίνει
942 2207 1040 2273 τῆς
1074 2205 1368 2276 ἁμαρτίας.
1404 2202 1499 2269 Οἷς
1538 2206 1598 2258 δὲ
1627 2210 1915 2276 πρόσεστιν

337 2296 369 2363 ἡ
424 2293 631 2347 ἄνωθεν
690 2292 886 2361 σοφία,
946 2291 1201 2363 βοήθειαν
1254 2294 1470 2348 δίδωσιν
1531 2296 1915 2369 ἀλκιμωτάτην

341 2385 482 2454 ὑπὲρ
514 2384 1005 2455 τοὺς.εἰρημένους
1053 2385 1188 2438 δέκα
1234 2386 1361 2449 τοὺς
1406 2384 1817 2451 ἐξουσιάζοντας
1859 2390 1915 2442 ἐν

340 2479 404 2547 τῇ
439 2476 856 2549 παραληφθείσῃ
884 2477 1060 2544 πόλει,
1090 2478 1186 2531 καὶ
1215 2478 1479 2549 μηδαμῶς
1517 2480 1689 2550 αὐτὴν
1717 2480 1917 2534 διασώ-

341 2588 565 2635 σαντας.

410 2665 534 2727 Πῶς
563 2659 655 2717 οῦν
685 2664 807 2734 οὐχὶ
834 2664 896 2717 τὸ
920 2663 1106 2717 πλεῖον
1133 2664 1279 2734 ἔχειν
1308 2665 1343 2735 ή
1392 2664 1554 2733 σοφία
1588 2664 1915 2735 δοξασθήσε-

338 2773 427 2808 ται
455 2756 556 2824 τῆς
588 2755 929 2826 ἀντιλήψεως
979 2756 1075 2808 καὶ
1111 2755 1387 2826 βοηθείας,
1417 2755 1484 2808 δι’
1512 2753 1580 2826 ἦς
1609 2756 1917 2828 ἀπόρθητον

339 2848 433 2901 καὶ
463 2848 742 2912 παντελῶς
774 2850 1207 2918 ἀπροσμάχητον
1249 2851 1360 2912 τοῖς
1403 2850 1719 2912 ἀντιπάλοις
1750 2852 1917 2903 ἐναπ-

338 2940 505 3010 έφηνε
533 2940 632 3010 τὴν
672 2941 850 3005 πόλιν,
882 2943 939 2993 ὲν
968 2936 1113 3015 ᾖπέρ
1142 2942 1294 3007 ἐστι;
1327 2940 1412 2995 διά
1455 2942 1615 2995 τοῦτό
1644 2960 1774 3013 φησι
1822 2944 1918 2997 καὶ

342 3032 549 3095 Παῦλος
588 3035 616 3087 6
664 3033 842 3103 μέγας
894 3032 1210 3098 ἀπόστολος,
1249 3053 1267 3085 ι
1336 3035 1423 3089 Ἐν
1465 3040 1630 3106 σοφίᾳ
1677 3053 1916 3105 περιπα-

339 3127 480 3178 τεῖτε
536 3125 673 3197 πρὸς
717 3126 846 3189 τοὺς
894 3125 1127 3189 ἔξωθεν·
1168 3147 1187 3177 ο
1229 3127 1421 3194 σοφίαν
1460 3126 1760 3197 ὀνομάζων,
1795 3128 1916 3198 οὐχὶ

336 3217 435 3289 τὴν
463 3219 556 3271 ἐπὶ
594 3221 662 3287 τῇ
696 3215 960 3287 ἀναλήψει
984 3218 1094 3271 τῶν
1133 3216 1368 3289 θύραθεν
1402 3219 1738 3289 μαθημάτων
1775 3218 1915 3289 λαμ-

341 3310 667 3380 6ανομένην,
690 3308 827 3363 ἀλλά
852 3308 952 3379 τὴν
983 3309 1074 3361 διά
1100 3309 1210 3362 τῶν
1241 3309 1464 3377 ἀγαθῶν
1494 3311 1589 3363 καὶ
1611 3310 1915 3365 σπουδαίων

342 3403 517 3473 ἔργων
568 3401 1154 3472 χαρακτηριζομένην,
1190 3402 1311 3472 ἦτις
1367 3405 1613 3457 κατοικεῖ
1653 3406 1712 3456 ἐν
1752 3404 1915 3456 παντὶ

337 3494 416 3564 τῷ
442 3493 797 3564 κατορθοῦντι
838 3494 937 3564 τὴν
963 3494 1183 3561 ἁγνείαν
1213 3496 1309 3548 καὶ
1352 3495 1452 3559 τὴν
1496 3495 1780 3566 είρηναίαν
1815 3511 1914 3548 κα-

339 3588 598 3640 τάστασιν
641 3584 737 3638 καὶ
778 3583 878 3655 τὴν
904 3584 1206 3638 ἐπιείκειαν
1237 3587 1331 3639 καὶ
1357 3586 1454 3657 τὴν
1480 3586 1789 3641 εὐπείθειαν
1820 3587 1915 3639 καὶ

337 3678 438 3748 τὴν
465 3676 838 3747 ἐλεημοσύνην
870 3676 1107 3739 καὶτοὺς
1138 3677 1332 3741 ἄλλους
1359 3678 1485 3742 τοὺς
1509 3677 1751 3745 ἀγαθοὺς
1782 3695 1915 3748 καρ-

341 3766 499 3829 πούς.
532 3765 631 3817 Διά
662 3764 822 3818 τοῦτο
848 3765 941 3818 καί
968 3765 1073 3818 πού
1104 3783 1269 3836 φησιν
1299 3769 1331 3836 ἡ
1359 3767 1540 3837 βίϐλος
1561 3767 1655 3820 τοῦ
1678 3768 1912 3835 ἀθλητοῦ

342 3857 441 3925 τῆς
467 3854 748 3917 εὐσεϐείας
793 3854 944 3907 ἰώ6·
984 3873 1003 3906 ι
1045 3851 1213 3910 Εἶπεν
1249 3858 1279 3909 6
1308 3857 1437 3920 Θεὸς
1472 3858 1550 3927 τῷ
1596 3857 1868 3929 ἀνθρώπῳ
1894 3876 1911 3891 ο

358 3944 489 3997 Ἰδοὺ
521 3946 553 4014 ὴ
593 3942 874 3996 θεοσέϐεια
906 3944 1026 3996 ἐστὶ
1074 3944 1257 4013 σοφία,
1294 3944 1355 3997 τὸ
1391 3945 1446 3997 δὲ
1476 3945 1777 4015 ἀπέχεσθαι
1806 3947 1915 4000 ἀπὸ

345 4034 532 4089 κακῶν
566 4034 715 4086 ἐστὶν
756 4034 1055 4104 ἐπιστήμη.
1115 4053 1134 4086 ι
1183 4034 1294 4105 Τὴν
1344 4035 1597 4104 τοιαύτην
1639 4033 1730 4091 οὖν
1770 4037 1915 4108 ἔχειν

345 4126 538 4194 σοφίαν
594 4126 687 4179 καὶ
723 4127 886 4196 ἡμεῖς
931 4126 1078 4197 πάσῃ
1112 4125 1340 4195 δυνάμει
1377 4127 1791 4199 σπουδάσωμεν,
1826 4129 1916 4183 ἵνα

345 4216 742 4288 περισώσωμεν
789 4215 1021 4278 ἕκαστος
1047 4216 1146 4287 τὴν
1178 4217 1313 4270 ίδίαν
1344 4217 1498 4271 πόλιν
1534 4220 1641 4272 ἀπὸ
1680 4220 1788 4274 τῶν
1819 4220 1916 4273 πό-

342 4305 706 4379 λιορκούντων
743 4307 913 4377 αὐτὴν
943 4306 1216 4380 αἰσθητῶν
1275 4308 1369 4361 καὶ
1417 4309 1620 4381 νοητῶν
1671 4311 1914 4382 ἐφέδρων

345 4401 438 4454 καὶ
468 4401 769 4471 δυσμενῶν.
1174 4440 1193 4461 .

420 4494 487 4545 ‘0
524 4492 580 4546 δέ
613 4510 776 4562 φησιν
802 4535 817 4558 ,
852 4511 872 4544 ι
909 4492 1034 4546 Ὅτι
1068 4492 1354 4565 ἄνθρωπος
1400 4493 1501 4547 οὐκ
1547 4494 1663 4547 ἐστι
1706 4496 1915 4561 δίκαιος

244 4594 247 4597 ’
342 4585 402 4637 ἑν
448 4586 515 4655 τῇ
563 4587 657 4654 γῇ,
706 4584 765 4648 δς
799 4586 1017 4655 ποιησει
1062 4583 1288 4652 ἀγαθὸν,
1338 4586 1433 4638 καὶ
1470 4586 1568 4657 οὐχ
1597 4587 1914 4662 ἁμαρτήσε-

343 4692 456 4741 ται,
499 4696 517 4727 ι
552 4676 690 4748 πρὸς
719 4676 938 4730 πλείονα
981 4676 1486 4748 ταπεινοφροσύνην
1535 4678 1748 4733 ἕλκεται
1786 4684 1915 4746 τοὺς

346 4768 665 4835 ἀκούοντας,
712 4768 850 4839 πρὸς
892 4768 955 4822 τὸ
986 4768 1130 4821 κατά
1160 4771 1221 4822 τὸ
1254 4768 1455 4839 μᾶλλον
1502 4769 1780 4841 ἐπιζητεῖν
1815 4772 1915 4845 τὴν

346 4858 553 4913 ἀνωθεν
588 4860 778 4927 σοφίαν
808 4861 902 4915 καὶ
949 4861 1049 4932 τὴν
1096 4860 1307 4914 ἐκεῖθεν
1340 4859 1611 4932 βοήθειαν,
1647 4863 1723 4927 ὡς
1752 4865 1914 4918 οὐδα-

352 4947 470 5017 μῶς
524 4948 861 5019 ἐξισχύοντος
918 4949 1013 5003 τοῦ
1072 4949 1363 5021 ἀνθρώπου
1414 4950 1759 5020 κατορθῶσαι
1813 4956 1914 5026 τὴν

347 5037 808 5111 ἀ[να]μαρτησίαν
838 5043 931 5094 ἐπὶ
958 5044 1055 5112 τῆς
1081 5041 1206 5110 γῆς,
1225 5041 1326 5093 οὐκ
1348 5039 1562 5111 ἔχοντος
1581 5041 1680 5113 τὴν
1707 5043 1915 5098 ἄνωθεν

347 5130 604 5203 ἀρῤωγὴν
636 5133 728 5184 καὶ
769 5133 1079 5203 συνεργίαν.
1130 5133 1282 5184 Ποιεί
1339 5133 1437 5201 μὲν
1465 5131 1525 5184 τὸ
1564 5134 1769 5201 ἀγαθὸν
1819 5136 1914 5189 ἄν·

345 5222 586 5291 Ίρωπος,
624 5224 719 5276 καὶ
745 5224 865 5285 ταῖς
891 5225 1148 5292 φυσικαῖς
1177 5222 1452 5292 ἐπιμένων
1482 5223 1577 5277 καὶ
1616 5228 1915 5298 στοιχειού-

421 5348 467 5379 ⁵⁸
502 5347 715 5401 Coloss.
756 5362 829 5409 tv,
862 5352 917 5401 5.
994 5346 1039 5377 “
1058 5343 1159 5400 Job
1183 5360 1380 5410 xxvm,
1403 5345 1496 5401 28.

421 5463 535 5533 (87)
575 5462 748 5529 Quam
794 5462 882 5517 hic
922 5461 1116 5517 Noster
1147 5463 1532 5531 interpretatur
1580 5461 1923 5521 Ecclesiaste

348 5536 701 5598 sententiam,
747 5548 809 5587 ea
855 5541 958 5602 est,
988 5548 1094 5602 qua
1144 5533 1442 5587 Calviniani
1491 5533 1814 5601 abutuntur,
1862 5548 1919 5592 ut

346 5612 619 5675 justorum
651 5605 811 5657 etiam
859 5601 1015 5675 facta
1040 5602 1222 5656 omnia
1256 5619 1361 5656 non
1409 5606 1567 5675 modo
1600 5604 1915 5675 nonibona,

350 5664 444 5729 sed
488 5664 649 5729 etiam
683 5685 899 5744 peccata
932 5672 1109 5744 plane
1150 5688 1268 5726 esse
1304 5672 1648 5727 contendant.
1703 5664 1912 5740 Quibus

353 5745 647 5813 Gregorius
686 5742 835 5798 adeo
879 5742 1335 5813 adversatur,iut
1374 5744 1453 5813 ab
1502 5760 1693 5797 eoriuu
1741 5748 1906 5801 etiam

355 5811 610 5884 opinione
636 5814 952 5878 dissentiat,
993 5811 1334 5884 quiethnico
1369 5812 1594 5884 homini,
1623 5823 1676 5866 et
1706 5816 1905 5883 cuique

355 5829 610 5884 opunone
636 5829 952 5878 dissentiat,
1034 5829 1086 5865 Ill
1117 5829 1334 5865 emnlco
1370 5829 1594 5873 nonum,
1623 5829 1676 5866 et
1706 5829 1895 5883 cuique

355 5886 517 5943 etiam
550 5886 641 5953 qui
684 5886 950 5940 charitate
993 5829 1173 5938 givina
1208 5890 1415 5947 careat,
1446 5882 1714 5952 quidquid
1763 5887 1895 5956 agit,

2018 558 2325 625 posuimus,
2392 558 2699 629 divinaeque
2750 559 3033 630 sapientia:
3067 562 3334 618 auxilium
3367 578 3469 634 ope
3506 566 3594 621 illa

2016 656 2070 703 et
2109 649 2431 705 defensione
2464 652 2814 721 praestantius
2852 652 3219 721 ostendimus,
3268 670 3433 725 quam
3494 657 3595 711 ha-

2016 738 2148 795 bere
2183 740 2376 797 civitas
2409 742 2585 812 possit
2615 757 2644 798 a
2667 743 2993 799 decemviris
3024 744 3080 798 in
3132 746 3250 815 ipsa
3304 747 3595 801 dominan-

2017 832 2163 887 tibus
2194 848 2208 885 :
2264 833 2435 888 verba
2466 849 2661 905 nempe
2689 835 3017 905 simpliciter
3054 845 3239 907 atque,
3282 846 3343 893 ut
3376 848 3593 903 sanant,

2017 921 2338 989 planissime
2378 922 2739 991 interpretati.
2775 926 2834 979 Si
2864 941 2998 981 vero
3026 926 3232 983 dictum
3269 929 3401 983 illud
3427 930 3591 984 etiam

2019 1013 2085 1066 ad
2112 1028 2383 1083 anagoges
2409 1015 2654 1068 rationes
2692 1016 2969 1086 explicare
3025 1020 3281 1087 velimus,
3337 1029 3589 1076 naturam

2017 1102 2497 1172 conditionemque
2526 1104 2764 1160 hominis
2795 1109 3217 1176 constituemus,
3258 1112 3313 1166 in
3345 1128 3453 1180 qua
3495 1114 3592 1167 de-

2016 1209 2133 1248 cem
2184 1207 2335 1261 sunt,
2358 1196 2451 1264 qui
2498 1204 2822 1266 potestatem
2859 1210 3135 1266 exercent,
3169 1203 3413 1273 quinque
3448 1202 3594 1258 scili-

2015 1296 2105 1341 cet
2131 1288 2329 1343 animae
2359 1288 2669 1354 facultates,
2712 1289 3091 1361 intelligentia,
3134 1295 3410 1364 r0gitatio,
3447 1294 3591 1349 ima-

2017 1379 2243 1449 ginatio,
2288 1380 2495 1450 opinio,
2520 1396 2740 1444 sensus,
2775 1392 2831 1436 et
2862 1384 3103 1452 quinque
3124 1386 3390 1453 corporis,
3415 1386 3588 1452 visus,

2016 1471 2259 1534 auditus,
2294 1472 2580 1537 odoratus,
2631 1485 2845 1543 gustus,
2900 1482 3101 1536 tactus,
3149 1490 3271 1544 quae
3311 1476 3588 1533 hominem

2016 1562 2157 1616 intra
2186 1562 2390 1631 pariter
2413 1573 2574 1633 atque
2601 1574 2755 1620 extra
2790 1567 2969 1619 vivere
3016 1577 3069 1620 et
3116 1567 3233 1621 vice
3284 1583 3383 1623 sua
3438 1569 3589 1639 fungi

2015 1655 2335 1711 declarant:
2380 1665 2436 1710 at
2469 1656 2515 1711 si
2560 1658 2804 1713 cmlestis
2854 1658 3118 1723 sapientia
3161 1658 3418 1725 abfuerit,
3453 1662 3589 1716 nihil

2018 1748 2141 1803 inde
2178 1750 2429 1804 utilitatis
2479 1764 2565 1813 ea,
2623 1748 2691 1803 de
2742 1764 2849 1820 qua
2906 1765 3054 1805 nunc
3104 1751 3338 1820 agimus,
3396 1752 3591 1809 civitas

2016 1842 2299 1910 percipere
2339 1848 2537 1910 potest.
2574 1839 2768 1895 Totius
2814 1841 2959 1895 enim
2997 1842 3164 1897 maris
3201 1854 3333 1898 testu
3363 1861 3428 1900 ac
3469 1861 3592 1914 pro-

2016 1934 2169 1988 cellis
2197 1943 2251 1987 et
2281 1934 2539 1989 [luctibus
2579 1933 2918 1988 interuorum
2945 1934 3097 2004 191
3130 1945 3591 2009 externorumque

2017 2028 2256 2082 hostium
2285 2026 2469 2082 furore
2498 2026 2787 2083 concitatis
2831 2029 3103 2093 obruitur,
3163 2036 3218 2083 et
3275 2029 3329 2082 in
3382 2034 3587 2101 peccati

2017 2118 2229 2187 gurgite
2275 2118 2628 2188 demergitnr.
2677 2116 2886 2183 Quibus
2933 2129 3113 2173 autem
3154 2135 3385 2190 superna
3446 2123 3589 2177 adsit

2016 2209 2303 2278 sapientia,
2332 2209 2399 2263 iis
2435 2210 2607 2263 multo
2642 2208 2852 2263 ﬁrmius
2884 2210 3145 2264 auxilium
3179 2211 3400 2280 praebet,
3422 2228 3587 2283 quam

2016 2300 2205 2355 decem
2238 2301 2335 2361 illi.
2366 2318 2503 2370 quos
2536 2301 2588 2354 in
2616 2301 2718 2355 hac
2746 2303 2966 2356 civitate
2989 2312 3312 2370 potestatem
3336 2319 3590 2360 exercere

2015 2393 2277 2459 diximus,
2310 2408 2410 2448 nec
2447 2402 2626 2447 tamen
2668 2408 2887 2448 servare
2918 2403 3235 2463 potuerunt.

2086 2657 2285 2726 Quidni
2312 2675 2441 2729 ergo
2468 2660 2721 2730 majusin
2760 2660 3024 2730 sapientia
3077 2663 3393 2733 przesidium
3429 2666 3556 2721 auxi

2016 2752 2263 2822 liurnque
2281 2754 2520 2821 positum
2553 2755 2824 2816 videatur,
2850 2754 3010 2823 cujus
3032 2770 3133 2824 Ope
3159 2756 3590 2828 inexpugnabilis

2015 2853 2073 2899 et
2117 2844 2369 2899 hostibus
2422 2845 2648 2901 omnino
2707 2844 2964 2914 impervia
3023 2845 3220 2902 civitas
3248 2850 3360 2912 ﬁat,
3396 2849 3448 2905 in
3479 2867 3589 2921 qua

2018 2935 2137 3005 ipsa
2190 2936 2490 2991 versetur?
2540 2943 2836 3005 propterea
2892 2944 2945 2990 et
2978 2936 3177 2993 Paulus
3203 2955 3432 3011 magnus
3462 2957 3593 3013 apo-

2017 3028 2197 3083 stolus
2227 3027 2350 3081 ait:
2395 3046 2413 3078 ‹
2451 3028 2507 3081 1η
2557 3027 2826 3096 sapientia
2882 3029 3156 3085 ambulate
3207 3032 3273 3086 ad
3328 3048 3446 3096 eos.
3496 3034 3591 3105 qui

1941 3154 1985 3213 α
2018 3117 2155 3175 foris
2190 3128 2318 3174 sunt
2356 3119 2438 3184 ⁸³;
2471 3137 2489 3171 ι
2524 3119 2846 3187 sapientiam
2877 3122 3156 3189 appellans
3189 3138 3297 3178 non
3322 3141 3439 3179 eam
3471 3142 3592 3196 qum

2016 3218 2368 3266 externarum
2429 3210 2842 3278 disciplinarum
2910 3213 3157 3269 subsidio
3224 3227 3589 3286 comparatur,

2016 3304 2109 3359 sed
2143 3319 2265 3374 quae
2302 3304 2595 3358 virtutibus
2626 3312 2682 3358 et
2729 3313 2875 3359 recte
2922 3304 3077 3360 factis
3101 3322 3159 3362 se
3208 3310 3408 3377 prodit,
3450 3311 3590 3381 etin

2015 3410 2346 3464 unoquoque
2380 3394 2608 3454 habitat,
2644 3394 2740 3465 qui
2778 3395 3101 3464 pudicitiam
3134 3408 3185 3450 et
3218 3400 3592 3454 mansuetudi-

2014 3500 2137 3540 nem
2173 3496 2227 3541 et
2258 3486 2568 3556 aequitatem
2598 3496 2651 3540 et
2681 3486 3043 3541 obedientiam
3076 3497 3130 3541 et
3155 3487 3590 3546 misericordiam

2013 3584 2069 3631 et
2093 3584 2324 3630 caeteros
2365 3576 2540 3631 bonos
2582 3575 2792 3631 fructus
2822 3585 3189 3632 consectetur.
3234 3577 3440 3634 Idcirco
3471 3578 3592 3635 Jobl

2015 3682 2238 3738 quoque
2270 3666 2486 3721 athletae
2520 3668 2742 3736 pietatis
2778 3666 2915 3720 liber
2947 3668 3185 3737 quodam
3219 3668 3274 3722 in
3314 3670 3437 3723 loco
3481 3670 3594 3724 haec

2015 3758 2185 3814 habet
2224 3776 2238 3813 :
2277 3777 2298 3810 ι
2338 3758 2487 3812 Dixit
2520 3756 2664 3813 Deus
2702 3758 2917 3812 homini
2958 3776 2972 3811 :
3005 3757 3145 3812 Ecce
3176 3760 3337 3813 timor
3378 3760 3592 3816 Domini

2014 3850 2133 3920 ipsa
2165 3861 2250 3905 est
2279 3851 2571 3920 sapientia,
2608 3858 2663 3904 et
2714 3852 2971 3904 recedere
3013 3865 3041 3903 a
3103 3853 3248 3904 malo
3289 3852 3595 3922 intelligen-

2014 3939 2090 3994 tia
2103 3939 2169 3991 “.
2187 3958 2204 3991 ι
2229 3938 2399 3992 Porro
2431 3936 2751 4005 sapientiam
2786 3937 3101 4006 hujusmodi
3129 3953 3231 3993 nos
3259 3940 3421 3994 etiam
3443 3942 3593 3995 omni

2014 4027 2366 4084 contentione
2391 4027 2592 4081 habere
2618 4027 2957 4093 Studeamus,
2983 4037 3043 4082 ut
3062 4030 3332 4098 propriam
3364 4033 3595 4102 quisque

2014 4121 2291 4177 civitatem
2327 4120 2396 4175 ab
2435 4129 2870 4189 oppugnatorum
2920 4120 3042 4176 telis
3092 4131 3146 4175 et
3200 4122 3441 4178 hostium
3474 4139 3597 4180 cor-

2014 4209 2167 4280 poris
2193 4217 2358 4278 atque
2386 4208 2554 4262 animi
2588 4207 2874 4263 obsidione
2905 4209 3272 4264 vindicemus.

1945 4486 1994 4545 Ι)
2089 4506 2247 4573 Quod
2283 4517 2465 4562 autem
2495 4506 2644 4563 addit
2676 4524 2691 4562 :
2727 4526 2747 4560 ι
2775 4506 2916 4575 Quia
2946 4510 3115 4566 homo
3149 4526 3258 4568 non
3297 4522 3381 4569 est
3406 4513 3593 4585 justus

2017 4598 2074 4654 in
2097 4609 2265 4663 terra,
2300 4601 2393 4670 qui
2418 4599 2579 4655 faciet
2609 4601 2833 4668 bonum,
2866 4612 2920 4657 et
2955 4619 3062 4659 non
3103 4607 3370 4673 peccabit,
3412 4626 3431 4661 ι
3472 4610 3594 4665 ideo

2019 4696 2253 4756 spectat,
2290 4697 2348 4742 ut
2382 4689 2661 4743 auditores
2698 4688 2765 4742 ad
2799 4690 2966 4744 animi
3006 4691 3393 4749 demissionern
3421 4698 3590 4752 addu—

2018 4788 2129 4843 cat,
2191 4789 2246 4834 et
2290 4778 2358 4834 ad
2404 4780 2683 4835 cmlestem
2730 4781 3054 4851 sapientiam
3092 4793 3254 4853 atque
3292 4800 3447 4856 opem
3485 4787 3590 4843 im-

2019 4871 2247 4940 pensius
2277 4870 2701 4942 inquirendam;
2736 4888 2859 4929 cum
2894 4875 3104 4944 peccati
3157 4876 3330 4931 labem
3384 4894 3594 4948 nequa-

2021 4977 2185 5031 quam
2222 4961 2276 5017 in
2308 4963 2409 5018 hac
2441 4964 2549 5018 vita
2572 4964 2813 5034 effugere
2846 4965 3011 5020 homo
3064 4966 3263 5029 valeat,
3306 4968 3407 5021 nisi
3457 4972 3595 5023 sub-

2020 5054 2220 5109 sidium
2253 5056 2330 5110 illi
2357 5057 2732 5126 auxiliumque
2757 5056 3020 5111 divinitus
3043 5069 3243 5127 praesto
3267 5059 3358 5113 sit.
3385 5057 3595 5115 Bonum

2020 5147 2239 5217 quidem
2294 5150 2405 5219 agit
2446 5151 2631 5212 homo,
2689 5160 2941 5205 naturam
2989 5166 3210 5220 quoque
3243 5163 3463 5209 secutus
3494 5154 3587 5209 du.
3653 5198 3662 5206 .

2022 5253 2143 5294 cem
2178 5239 2291 5311 (87)
2323 5258 2336 5294 :
2369 5255 2559 5294 verum
2595 5239 2757 5297 facile
2791 5240 3090 5296 admodum
3131 5250 3400 5307 mutatur,
3435 5252 3491 5298 et
3529 5246 3596 5299 ad

2029 5473 2200 5544 culpae
2226 5478 2465 5525 vertunt.
2519 5470 2728 5539 Quippe
2756 5471 2958 5544 diserte
2995 5471 3245 5535 aﬂirmat,
3278 5472 3479 5527 bonum
3508 5474 3592 5544 agi

2025 5543 2094 5595 ab
2152 5560 2218 5598 eo
2272 5558 2509 5611 quoque,
2562 5544 2655 5611 qui
2709 5542 2787 5595 vel
2836 5543 2960 5597 unis
3016 5552 3221 5597 natura:
3268 5542 3595 5612 praescriptis

2022 5613 2346 5683 obsequitur
2372 5623 2422 5683 et
2468 5613 2671 5667 insistit
2700 5629 2712 5665 :
2749 5612 2856 5665 Kal.
2874 5614 2999 5683 ταῖς
3039 5615 3297 5683 φυσικαῖς
3318 5614 3595 5683 ἐπιμένων

2020 5685 2114 5735 καὶ
2156 5681 2589 5751 στοιχειούμενος
2643 5681 3063 5745 καταστάσεσιν,
3111 5685 3367 5751 quamvis
3408 5681 3591 5738 divina

2017 5753 2285 5821 sapientia
2317 5752 2433 5805 sive
2468 5752 2675 5807 caelesti
2706 5753 2875 5816 gratia
2924 5752 3162 5806 nondum
3197 5764 3391 5808 auctus
3418 5754 3509 5821 sit,
3537 5763 3596 5810 ut

2016 5837 2211 5893 nempe
2244 5838 2307 5879 cx
2342 5824 2408 5878 iis
2436 5822 2625 5893 liquet,
2658 5838 2778 5893 qua:
2808 5822 3053 5893 protinus
3084 5836 3415 5893 sequuntur.
