4114 6558
620 360 751 426 1027
1044 328 1053 329 ί
1716 357 1780 417 s.
1833 352 2213 415 GREGORII
2266 328 2780 411 AGRIGENTINI
3736 341 3857 407 1028

617 480 903 546 peccatum
942 481 1151 539 pronus
1179 464 1523 522 convertitur
1558 463 1799 535 :quippe
1826 464 1923 534 qui
1948 480 2014 519 ex
2044 462 2193 517 omni
2224 464 2251 521 Α

2331 474 2464 521 ιενος
2519 456 2958 510 καταστάσεσιν·
3008 451 3127 507 ἀλλ’
3161 450 3411 522 εὐχερῶς
3452 449 3751 507 ἀλλοιοῦται
3776 458 3860 509 xui

618 542 774 639 parte
834 561 1196 617 varietatibus
1260 558 1571 613 innumeris
1624 566 1679 611 et
1726 555 2201 612 vicissitudinibus

2331 549 2714 620 εαρατρέπεται
2749 547 2950 619 ῥᾳδίως
2997 544 3136 616 πρὸς
3187 542 3510 615 ἁμαρτίαν,
3542 545 3635 597 ᾶτε
3662 545 3721 615 δὴ
3771 566 3861 617 μυ-

620 635 901 727 subjectus
939 655 1030 710 sit.
1066 652 1223 720 Quod
1268 650 1337 715 si,
1370 650 1556 705 animo
1591 649 1749 719 192
1780 650 1845 703 ad
1871 649 2041 703 Deum
2078 662 2205 716 per-

2331 641 2449 704 ιίαις
2496 638 2817 696 ἀλλοιώσεσι
2872 639 2967 692 xui
3024 636 3357 709 μεταϐολαῖς
3413 635 3864 707 καθυποκείμενος

621 747 765 802 fecte
822 745 1092 815 planeque
1142 741 1381 805 sublato,
1411 740 1613 810 dignus
1645 738 1758 804 fiat,
1788 738 1879 809 qui
1914 751 2207 807 supernam

2331 734 2718 805 ιμφοτέρωθεν.
2776 732 2839 786 Ei
2890 732 2947 785 δὲ
2980 730 3350 799 καταξιωθείη
3395 728 3488 783 διὰ
3516 729 3616 799 τῆς
3647 730 3735 783 τοῦ
3763 733 3865 796 νοὸς

623 838 949 908 sapientiam
987 835 1355 905 hospitantem
1395 832 1649 903 accipiat,
1682 846 1803 902 qua!
1825 830 2079 885 Christus
2103 836 2209 892 est,

2337 825 2620 896 νδελεχοῦς
2670 825 2807 898 πρὸς
2838 824 2973 879 Θεὸν
3022 822 3258 887 νεύσεως
3284 822 3391 894 τὴν
3434 822 3643 877 ἀνωθεν
3697 826 3867 895 σοφίαν

625 932 692 983 de
721 943 832 998 quo
871 927 1075 981 Paulus
1110 938 1343 997 magnus
1398 922 1685 993 apostolus
1733 922 1851 975 ait:
1910 937 1928 969 ι
1959 916 2213 972 Christus

2331 916 2493 971 ,αϐεἶν
2528 916 2757 982 ἐνοικον,
2792 918 2912 998 ἥτις
2940 917 3086 970 ἐστὶν
3114 918 3143 969 ό
3175 915 3441 987 Χριστὸς,
3477 916 3605 986 περὶ
3637 908 3694 969 οὗ
3726 935 3868 986 φησιν

628 1032 711 1077 est
738 996 831 1077 ί)ιεί
866 1021 1138 1091 sapientia
1165 996 1221 1073 et
1244 1018 1417 1072 virtus
1443 1018 1511 1078 ⁸⁵,
1552 1036 1571 1067 ι
1613 1024 1672 1069 ut
1705 1014 1757 1067 in
1790 1012 2206 1067 Proverbiorum

2331 1007 2523 1072 1αὖλος
2571 1007 2599 1060 ό
2653 996 2840 1079 μὲγας¹
2872 1007 3203 1071 ἀπόστολος·
3260 1025 3281 1057 σ
3321 1007 3565 1077 Χριστός
3610 1009 3720 1060 ἐστι
3754 1010 3868 1064 Θεοῦ

629 1130 851 1185 quoquc
881 1116 1022 1168 libro
1061 1114 1178 1182 ipsa
1206 1110 1340 1166 dicit
1377 1129 1389 1165 :
1430 1129 1447 1162 ι
1484 1109 1596 1179 Ego
1619 1106 1885 1177 sapientia
1908 1104 2209 1160 inhabitari

2331 1102 2477 1170 τοφία
2509 1101 2606 1155 xui
2631 1100 2881 1172 δύναμις,
2919 1119 2938 1153 ι
2972 1102 3049 1163 ὡς
3078 1101 3182 1154 κάν
3211 1102 3278 1170 τῇ
3308 1099 3426 1152 τῶν
3458 1100 3764 1171 Παροιμιῶν
3803 1102 3871 1172 βί-

630 1210 924 1264 consilium
974 1216 1029 1262 et
1079 1206 1388 1269 scientiam,
1422 1212 1475 1258 et
1505 1202 1893 1273 cogitationem
1929 1215 2029 1270 ego
2057 1199 2213 1253 invo-

2331 1194 2427 1264 ῑλῳ
2476 1196 2677 1266 φησίν·
2739 1214 2758 1247 r
2828 1195 2969 1264 Ἐγὼ
3003 1196 3035 1266 ἡ
3072 1196 3236 1264 σοφία
3275 1194 3678 1263 κατεσκήνωσα
3706 1194 3870 1263 βουλὴν

633 1298 755 1351 cavi
788 1298 862 1363 “;
900 1315 920 1349 ι
977 1303 1091 1349 tum
1154 1308 1285 1348 vero
1338 1292 1547 1347 aditum
1603 1288 1939 1345 adversariis
1991 1302 2210 1343 omnem

2331 1287 2411 1339 cui
2456 1286 2682 1353 γνῶσιν,
2728 1289 2823 1340 xui
2872 1286 3084 1340 ἔννοιαν
3112 1285 3221 1355 ἐγὼ
3250 1283 3711 1357 ὲπεκαλεσάμηνο
3748 1306 3764 1337 ι
3793 1307 3872 1358 τη-

635 1387 973 1444 intercludit.
1001 1386 1092 1440 Ait
1123 1384 1323 1439 deinde
1360 1380 1717 1437 Ecclesiastes
1747 1398 1763 1437 :

2331 1376 2551 1430 νικαῦτα
2583 1378 2797 1444 γίνεται
2832 1377 3115 1440 παντελῶς
3150 1380 3265 1440 τοῖς
3300 1376 3645 1440 ὑπεναντίοις
3680 1377 3872 1449 ἀπρόσι-

2315 1486 2427 1533 τος.
2448 1465 2585 1525 Εἶτά
2624 1488 2790 1542 φησιν
2818 1473 2846 1525 ὁ
2892 1470 3333 1542 Ἐκκλησιαστής
3355 1485 3370 1499 ·

2207 1555 2233 1627 §
2266 1556 2330 1614 ιι.

710 1654 879 1710 Vens.
907 1653 1000 1717 ει,
1030 1654 1120 1707 22.
1147 1651 1214 1705 Et
1246 1650 1455 1721 quidem
1486 1652 1543 1704 in
1570 1666 1747 1704 omnes
1777 1666 2061 1711 sermones,
2090 1665 2217 1717 quos

2390 1658 2501 1712 Καί
2552 1674 2619 1727 γε
2664 1660 2753 1724 εις
2796 1657 3031 1724 πάντας
3077 1658 3326 1726 λόγους,
3376 1654 3491 1720 οὓς
3523 1655 3873 1723 λαλήσουσιν

642 1750 920 1819 loquentur
976 1748 1165 1816 impii,
1224 1762 1286 1800 ne
1348 1744 1556 1798 dederis
1620 1761 1711 1798 cor
1773 1755 1953 1807 tuum,
2005 1753 2062 1795 ut
2120 1758 2222 1794 non

2331 1752 2565 1818 ἀσεϐεῖς
2593 1793 2607 1814 ,
2641 1750 2729 1822 μὴ
2780 1751 2886 1818 δὸς
2926 1750 3183 1820 καρδίαν
3215 1763 3361 1813 σου,
3403 1749 3568 1814 ὅπως
3600 1748 3681 1816 μὴ
3724 1750 3872 1803 ἀκού-

644 1846 836 1899 audias
898 1858 1107 1897 servum
1167 1851 1315 1893 tuum
1385 1840 1788 1893 maledicentem
1836 1839 1982 1903 tibi;
2031 1839 2225 1891 etenim

2331 1859 2443 1918 σῃς
2473 1844 2581 1898 τόν
2605 1844 2832 1899 δοῦλόν
2858 1860 2975 1898 σου
3014 1841 3447 1911 καταρώμενόν
3476 1855 3552 1893 σε
3569 1858 3585 1871 θ
3613 1840 3697 1893 ὅτι
3736 1845 3871 1895 κλει·

646 1938 944 2005 [requeuter
969 1943 1086 2003 aget
1121 1924 1291 1984 tecum
1325 1931 1572 2000 maligne,
1601 1939 1650 1983 et
1689 1929 1868 1982 multis
1895 1928 2063 1982 modis
2090 1928 2226 1982 male

2331 1937 2542 2003 στάκις
2567 1937 3007 2005 πονηρεύσεται
3039 1952 3135 2001 σε,
3171 1934 3272 1988 καὶ
3307 1936 3441 1987 καθ’
3470 1931 3650 1997 ὀδοὺς
3676 1934 3875 1996 πολλὰς

646 2028 833 2099 afﬁciet
848 2042 937 2079 cor
955 2035 1123 2090 tuum,
1141 2025 1264 2095 quia
1283 2022 1459 2089 utique
1472 2030 1519 2075 et
1538 2033 1595 2075 tu
1609 2020 1934 2074 maledixisti
1953 2020 2075 2073 aliis
2090 2024 2223 2089 (88).

2331 2029 2588 2085 κακώσει
2643 2029 2900 2100 καρδίαν
2936 2043 3075 2095 σου,
3127 2027 3219 2082 ὅτι
3258 2027 3368 2083 καί
3413 2042 3483 2096 γε
3534 2027 3614 2093 ὠς
3646 2026 3723 2081 σὺ
3762 2044 3874 2081 κατ-

2326 2123 2533 2195 ηράσω
2569 2122 2828 2191 ἐτέρους.

717 2207 1016 2279 Postquam
1051 2205 1292 2261 ostendit
1313 2202 1573 2259 eximiam
1616 2212 1780 2273 atque
1824 2202 2097 2272 ingentem
2130 2216 2229 2254 sn-

2399 2215 2683 2283 Κραταιάν
2715 2214 2809 2267 xui
2864 2212 3112 2284 μεγάλην
3159 2210 3311 2281 ἔχειν
3366 2207 3524 2279 ίσχίιν
3568 2207 3665 2280 τὴν
3707 2207 3876 2262 ἄνωθεν

649 2316 831 2374 pernae
873 2298 1152 2369 sapientia).
1202 2296 1311 2349 vim
1365 2310 1487 2351 esse
1538 2293 1608 2349 ad
1659 2309 1875 2357 eorum,
1916 2294 2011 2364 qui
2055 2292 2228 2362 ipsam

652 2394 835 2463 adepti
883 2391 1015 2455 sint,
1058 2390 1439 2443 liberationem
1478 2396 1641 2456 atque
1672 2387 1900 2440 salutem
1933 2404 1947 2453 ;
1975 2383 2232 2439 transfert

654 2501 965 2543 sermonem
997 2484 1064 2539 ad
1118 2483 1395 2537 hominem
1453 2496 1671 2551 quoque
1717 2480 1894 2550 ipsum
1955 2479 2233 2549 sapientiae

653 2575 1041 2646 comparanda:
1088 2574 1269 2629 studio
1324 2573 1565 2627 maxime
1622 2572 1932 2637 incensum,
1982 2571 2233 2625 excitans

654 2670 910 2723 eumdem
947 2675 1110 2737 atque
1135 2680 1362 2735 urgens,
1407 2672 1467 2718 ut
1514 2663 1728 2717 animos
1758 2663 1934 2727 tollat,
1973 2672 2028 2717 et
2065 2662 2237 2718 soler-

656 2771 766 2816 tem
796 2770 920 2831 agat
956 2760 1147 2824 vitam,
1182 2772 1284 2813 nec
1312 2757 1497 2812 omnia
1552 2756 1605 2810 in
1650 2756 1929 2825 sapientiae
1981 2755 2235 2826 praesidio

2336 2767 2432 2820 xui
2483 2765 2557 2838 μὴ
2607 2766 2669 2819 τὸ
2716 2767 2827 2819 πᾶν
2855 2767 2936 2827 είς
2983 2764 3081 2833 τὴν
3115 2763 3411 2832 ἀντίληψιν
3464 2761 3762 2815 ἀνατιθέναι
3802 2760 3876 2812 καὶ

656 2866 824 2924 atque
851 2867 953 2922 ope
984 2852 1066 2907 sic
1095 2850 1346 2917 collocet,
1374 2860 1432 2904 ut
1457 2849 1575 2919 ipse
1599 2848 1937 2918 diligentiam
1968 2850 2234 2911 remittat,

2340 2859 2597 2930 βοήθειαν
2626 2860 2725 2931 τῆς
2755 2859 2970 2928 σοφίας,
2997 2858 3161 2912 αὑτὸν
3186 2857 3244 2910 δὲ
3265 2854 3605 2910 διατίθεσθαι
3639 2854 3873 2926 ῥᾳθύμως,

660 2958 716 3001 et
738 2959 967 3000 securus
1000 2942 1319 3012 otiosusque
1346 2940 1570 2996 desidia:
1599 2957 1657 2996 se
1683 2940 1849 2995 dedat
1871 2950 2033 3011 atque
2056 2954 2239 2995 socor-

2340 2954 2439 3006 xui
2480 2951 2706 3023 γνώμην
2732 2951 3078 3021 ἀτημέλητον
3115 2948 3507 3020 ἐπιφέρεσθαι,
3539 2947 3628 3001 xui
3658 2945 3778 3015 μετὰ
3802 2946 3877 3013 ρᾳ-

660 3038 804 3102 diac;
839 3037 1024 3105 itaque
1046 3033 1337 3104 impiorum
1372 3032 1487 3087 sive
1513 3032 1822 3086 daemonum
1863 3031 1978 3085 sive
2022 3045 2240 3100 perver-

2345 3047 2556 3117 στώνης
2577 3002 2673 3100 xrui
2702 3042 3199 3116 καταφρονητικῶς
3230 3042 3360 3113 ζῇν,
3385 3041 3528 3095 ὥστε
3562 3040 3652 3093 xui
3676 3039 3765 3100 τὰς
3789 3039 3877 3090 sls-

661 3144 849 3185 uorum
877 3128 1161 3183 hominum
1203 3125 1495 3181 suasiones
1550 3122 1711 3179 facile
1764 3124 2058 3179 admittat:
2109 3122 2242 3193 quin

2342 3142 2574 3212 ηγήσεις
2610 3138 2718 3193 τῶν
2768 3138 2981 3191 ἀσεϐῶν
3033 3139 3155 3209 ἦτοι
3207 3136 3489 3207 δαιμόνων
3535 3136 3567 3206 ἢ
3617 3132 3878 3196 κακοδόξων

663 3222 776 3276 imo
826 3220 932 3275 illis
992 3227 1335 3282 succenseat,
1391 3224 1448 3272 et
1501 3218 1850 3273 vehementer
1908 3216 2241 3288 indignetur,

2343 3230 2647 3303 ἀνθρώπων
2687 3229 3006 3301 προσίεσθαι
3037 3229 3233 3300 ῥαδίως
3252 3244 3267 3260 ·
3298 3228 3419 3283 ἀλλ’
3453 3225 3752 3300 ὀργίζεσθαι
3781 3226 3876 3277 κατ’

664 3314 1108 3383 quotiescunque
1142 3311 1486 3381 alloquentes
1522 3310 1810 3366 consilium
1840 3310 1991 3375 dant,
2032 3317 2092 3362 ut
2139 3308 2246 3361 iiu-

2345 3324 2527 3378 αὐτῶν
2562 3324 2657 3377 καὶ
2700 3323 3051 3395 χαλεπαίνειν
3082 3321 3357 3392 σφοδρῶς,
3392 3321 3552 3393 ἡνίκα
3580 3316 3877 3390 προσλαλῶσι

666 3406 889 3476 pietatis
939 3414 994 3459 et
1057 3402 1262 3458 erroris
1325 3402 1615 3471 opiniones
1663 3402 2045 3471 amplectatur.
2106 3419 2125 3451 ι
2168 3399 2248 3455 Ne

2346 3418 2442 3471 xui
2459 3415 2939 3486 συμϐουλεύωνται
2963 3415 3061 3480 τὰς
3089 3415 3393 3486 ὑπολήψεις
3419 3415 3521 3485 τῆς
3548 3412 3781 3475 ἀσεϐείας
3805 3411 3876 3463 καὶ

2347 3509 2440 3564 τοῦ
2486 3509 2718 3580 ψεύδους
2766 3508 3171 3581 προσήκασθαι.
3230 3528 3249 3561 ι
3286 3510 3381 3579 Μὴ
3426 3508 3515 3572 δὸς
3552 3527 3571 3560 ι
3605 3507 3724 3575 γὰρ,
3754 3506 3874 3572 φησὶ.

2353 3621 2371 3654 ι
2408 3603 2509 3673 τὴν
2535 3601 2762 3673 καρδίαν
2793 3618 2889 3655 σου
2945 3620 2964 3654 ι
3004 3602 3083 3665 είς
3116 3599 3211 3664 οὓς
3243 3600 3311 3652 ἂν
3342 3599 3559 3669 ἐροῦσιν
3595 3597 3772 3649 ἐκεῖνοι
3808 3590 3875 3644 λύε

2349 3708 2499 3761 γους.
2541 3692 2713 3745 Τοῦτο
2740 3692 2797 3745 δὲ
2844 3691 2905 3745 τὸ
2939 3686 3078 3754 εἷδος
3115 3690 3218 3759 τῆς
3248 3688 3535 3752 ἀπειθείας
3566 3687 3656 3739 xui
3694 3683 3780 3751 τῆς
3808 3682 3879 3732 ἀν-

2356 3783 2552 3853 ηκοΐας
2586 3782 2680 3833 καὶ
2713 3781 2813 3851 τῆς
2860 3781 3213 3852 ἀποστροφῆς
3245 3781 3343 3832 xui
3386 3775 3685 3849 παρακοῆς,
3712 3769 3878 3840 ἀγαθόν

2332 2306 2525 2375 σοφίαν
2580 2304 3002 2375 ἀποφηνάμενος
3052 2302 3191 2372 πρὸς
3246 2299 3635 2370 ἀπολύτρωσιν
3680 2301 3764 2353 καὶ
3795 2318 3876 2354 σω-

2330 2398 2529 2469 τηρίαν
2573 2397 2685 2451 τῶν
2724 2398 2958 2468 ἐχόντων
3004 2396 3197 2467 αὐτὴν,
3235 2394 3591 2467 μετοχετεύει
3628 2392 3715 2446 τὸν
3752 2393 3877 2463 λόγον

2332 2492 2428 2543 xui
2458 2489 2596 2561 πρὸς
2624 2489 2789 2543 αὑτὸν
2820 2489 2914 2544 τὸν
2957 2488 3250 2560 ἄνθρωπον
3279 2487 3380 2541 τὸν
3416 2487 3549 2555 περὶ
3584 2486 3765 2539 πολλοῦ
3798 2486 3874 2556 τὴν

2333 2583 2533 2652 κτῆσιν
2577 2582 2678 2653 τῆς
2722 2581 2915 2651 σοφίας
2958 2580 3361 2650 πεποιημένον,
3417 2579 3699 2633 διανιστῶν
3744 2578 3876 2631 αὐτὸν

2334 2676 2432 2729 xui
2456 2676 2782 2747 παρορμῶν,
2806 2672 3243 2747 θαρραλεοῦσθαι
3273 2671 3376 2725 xui
3392 2669 3757 2740 προσεκτικῶς
3777 2670 3872 2739 ζῇν,

668 3497 887 3553 dederis
920 3514 940 3547 ι
983 3497 1154 3558 enim,
1192 3495 1392 3564 inquit,
1427 3512 1446 3545 ι
1481 3509 1578 3547 cor
1616 3504 1767 3549 tuum
1805 3513 1824 3546 ι
1876 3494 2244 3558 sermonibus,

668 3604 811 3661 quos
837 3587 916 3641 illi
964 3586 1251 3640 inducunt.
1289 3584 1387 3641 Est
1432 3597 1613 3639 autem
1670 3600 1843 3655 genus
1890 3586 1993 3639 hoc
2049 3593 2246 3639 contu-

669 3681 862 3737 maciaz
913 3690 969 3734 et
1022 3679 1223 3735 fastidii
1282 3688 1336 3734 et
1392 3678 1751 3733 aversationis
1806 3686 2249 3746 et,contemptus

673 3776 880 3830 bonum
929 3774 1119 3842 utique
1162 3771 1494 3827 ac‘beatum.
1526 3769 1728 3825 Verum
1756 3779 1810 3825 et
1844 3770 1888 3825 si
1915 3770 2134 3838 quidam
2166 3769 2251 3823 in-

678 3867 990 3928 veniantur,
1034 3864 1128 3934 qui
1173 3872 1226 3919 te
1260 3864 1525 3918 conviciis
1565 3873 1749 3933 petant
1779 3872 1833 3917 et
1865 3863 2167 3932 despiciant
2198 3873 2251 3918 et

676 3960 966 4022 irrideant,
997 3972 1105 4011 non
1138 3957 1261 4011 ideo
1287 3957 1529 4010 animum
1566 3957 1651 4010 his
1699 3956 1975 4021 advertas,
2030 3970 2152 4017 nec.
2192 3964 2254 4010 ut

679 4052 808 4114 illis,
848 4051 920 4104 ita
946 4060 1002 4105 et
1027 4050 1113 4105 his
1144 4051 1281 4104 iram
1309 4058 1473 4119 atque
1517 4050 1945 4119 indignationem
1970 4057 2249 4104 ostentes:

678 4151 962 4195 mansuete
995 4140 1174 4210 potius
1204 4147 1257 4193 et
1294 4142 1563 4210 patienter
1590 4140 1963 4209 proximorum
2007 4140 2254 4209 petulan-

678 4234 810 4287 tiam
844 4234 1007 4298 feras,
1041 4242 1097 4286 et
1153 4246 1441 4287 servorum
1494 4230 1735 4298 ipsorum
1801 4232 2252 4298 mussitationes;

2352 3880 2469 3930 ἐστι
2502 3876 2597 3929 xui
2646 3876 2934 3946 μακάριον.
2979 3874 3140 3927 Ἀλλά
3173 3872 3275 3926 κᾶν
3298 3889 3446 3935 τινες
3473 3866 3744 3940 εὑρεθῶσιν
3783 3864 3877 3913 ἑπι-

2354 3966 2699 4029 σκὼπτοντές
2728 3983 2786 4018 σε
2818 3965 2911 4019 καὶ
2948 3962 3438 4034 διαλοιδορούμενοι
3466 3960 3556 4013 xui
3581 3968 3875 4020 κατακωμῳ·

2352 4059 2590 4123 δοῦντες,
2624 4056 2699 4129 μὴ
2746 4055 3017 4127 προσέξῃς
3064 4055 3269 4119 αὐτοῖς,
3303 4053 3429 4123 οὐχὶ
3462 4048 3636 4111 καθὼς
3666 4042 3872 4102 ἐκείνοις,

2354 4149 2497 4203 οὕτω
2528 4151 2631 4203 κάν
2677 4146 2885 4209 τούτοις
2913 4146 3081 4218 ὀργὴν
3114 4145 3527 4216 ἐνδεικνύμενος
3565 4139 3653 4194 xui
3682 4135 3879 4205 φλεγμο-

2354 4242 2452 4315 νὴν
2482 4242 2747 4314 καρδίαςο
2798 4240 2933 4294 ἀλλά
2976 4240 3168 4311 πράως
3210 4238 3306 4291 xui
3339 4232 3693 4309 μακροθύμως
3730 4226 3877 4297 φέρων

679 4341 791 4396 quo
820 4324 1049 4394 flagellis
1081 4322 1352 4393 ejusmodi
1382 4332 1436 4377 et
1477 4324 1653 4393 plagis
1688 4323 1991 4393 sapientem
2033 4340 2098 4378 ac
2138 4322 2251 4378 for-

2356 4336 2455 4399 τάς
2501 4334 2786 4406 παροινίας
2832 4335 2939 4387 τῶν
2986 4333 3175 4397 πέλας,
3214 4332 3379 4403 ἦκαὶ
3430 4328 3536 4383 τῶν
3566 4326 3878 4417 tauri-tmere?-

682 4430 787 4472 tem
821 4419 1066 4471 animum
1106 4417 1398 4486 objiciens,
1453 4416 1521 4470 ad
1574 4416 1857 4471 meliorem
1909 4432 2004 4472 eos
2046 4417 2251 4488 frugem

2360 4428 2539 4497 μένων
2563 4405 2692 4487 τοὺς
2718 4424 3086 4494 γογγυσμοὺς,
3118 4423 3206 4476 ἴνα
3233 4422 3295 4474 τὸ
3314 4420 3595 4492 φιλόσοφον
3621 4413 3709 4483 τῆς
3732 4405 3876 4479 ψυχῆς

681 4509 984 4564 transferre
1026 4508 1242 4563 facilius
1298 4509 1495 4577 possis.
1554 4506 1632 4563 Ne
1678 4509 1893 4563 dederis
1946 4509 2112 4578 igitur
2163 4524 2258 4563 cor

684 4614 861 4667 tuum,
892 4610 952 4655 ut
976 4601 1181 4673 impios
1211 4599 1403 4654 audias
1432 4600 1797 4665 consiliarios,
1827 4599 1986 4669 193
2020 4600 2136 4654 sive
2167 4614 2260 4653 ex-

686 4706 872 4750 ternos
918 4694 1031 4747 sive
1077 4693 1342 4756 internas,
1389 4707 1525 4747 neve
1557 4708 1651 4747 eos
1703 4692 1980 4755 attendas,
2030 4691 2124 4760 qui
2162 4690 2257 4744 tibi

684 4785 1184 4856 quomodocunqne
1217 4784 1597 4839 conviciantur
1626 4798 1690 4838 ac
1731 4783 2070 4838 maledicunt
2102 4801 2115 4836 :
2150 4768 2258 4838 sed

685 4878 845 4946 quasi
875 4877 1012 4930 nihil
1048 4876 1313 4939 audieris,
1349 4876 1430 4931 sic
1466 4884 1516 4929 te
1553 4890 1677 4929 cum
1709 4875 1796 4930 his
1824 4889 1979 4945 a‘que
2019 4890 2083 4929 ac
2133 4889 2259 4929 cum

686 4970 796 5024 illis
829 4983 1007 5039 geras,
1037 4977 1099 5022 ut
1126 4984 1302 5038 neque
1336 4968 1459 5023 illos
1504 4968 1614 5023 ullo
1664 4968 1824 5023 modo
1875 4968 2125 5036 sequaris
2168 4976 2261 5021 aut

688 5063 744 5116 in
774 5076 964 5116 eorum
994 5062 1321 5115 sententiam
1356 5060 1546 5116 venias
1578 5079 1593 5127 ;
1628 5075 1803 5130 neque
1842 5061 1971 5115 dum
2018 5059 2119 5115 hos
2177 5074 2261 5113 re-

691 5153 918 5207 tundere
943 5154 1185 5217 conaris,
1218 5152 1454 5208 ludibria
1494 5154 1806 5208 eorumdem
1845 5167 1909 5207 ac
1936 5150 2140 5205 rabiem
2163 5150 2261 5207 ad-

691 5262 877 5301 versas
931 5256 984 5301 te
1034 5247 1319 5313 cumules,
1380 5254 1435 5301 et
1491 5247 1856 5302 contumelias
1907 5245 2257 5315 multiplices,

689 5356 825 5408 quas
854 5339 922 5392 ab
957 5339 1089 5408 ipsis
1120 5338 1172 5391 in
1199 5339 1309 5391 vita
1339 5338 1549 5408 reliqua
1585 5337 1826 5409 perferre
1848 5338 2048 5393 debeas
2080 5356 2093 5390 :
2142 5350 2263 5392 tan-

688 5422 852 5495 quam
885 5428 930 5482 si
959 5427 1305 5481 sermonibus
1327 5440 1539 5491 eornm,
1572 5427 1770 5495 quibus
1800 5435 1850 5481 te
1872 5425 2030 5496 quasi
2064 5425 2263 5495 jaculis

688 5519 983 5572 confodere
1014 5517 1193 5570 conati
1227 5527 1377 5582 sunt,
1412 5518 1595 5571 animo
1640 5518 1922 5571 vulnerato
1957 5515 2263 5571 concidisse

770 5636 815 5665 “
850 5632 869 5686 ι
910 5633 1041 5689 Cor.
1069 5651 1108 5699 ι,
1141 5631 1233 5709 24.
1314 5634 1357 5665 ⁸⁸
1388 5631 1551 5688 Prov.
1582 5646 1703 5697 vtu,
1749 5631 1835 5685 1‘2.

2358 4517 2452 4571 xui
2480 4516 2809 4587 καρτερικὸν
2841 4514 2964 4568 ἀντὶ
2995 4514 3276 4585 μαστίγων
3308 4514 3403 4566 xui
3434 4506 3653 4578 πληγῶν
3681 4498 3880 4571 προϐαλ-

2358 4610 2606 4678 λόμενος.
2639 4606 2841 4677 μᾶλλον
2876 4605 3018 4671 ἕξεις
3050 4606 3247 4668 αὐτοὺς
3282 4606 3420 4676 πρὸς
3451 4604 3510 4655 τὸ
3537 4600 3763 4671 κρεῖττον
3800 4590 3878 4643 ἀλ⁶

2357 4699 2728 4770 λοιουμένους.
2788 4698 2880 4768 Μὴ
2931 4697 3020 4761 δὸς
3068 4692 3162 4750 οὗν
3219 4696 3317 4767 τὴν
3364 4693 3587 4764 καρδίαν
3638 4705 3721 4740 σου
3770 4682 3877 4753 πρὸς

2360 4792 2607 4862 ὑπακοὴν
2653 4791 2763 4847 τῶν
2808 4790 3023 4845 ἀσεϐῶν
3070 4788 3412 4860 συμϐούλων,
3448 4780 3702 4852 αἰσθητῶν
3725 4774 3878 4845 δηλον-

2359 4885 2442 4938 ότι
2490 4885 2584 4938 xui
2628 4882 2856 4954 νοητῶν,
2891 4881 3025 4953 μηδὲ
3059 4881 3303 4953 πρόσχης
3336 4883 3446 4943 τοῖς
3474 4870 3705 4930 ὁπωσοῦν
3730 4884 3779 4920 σε
3806 4879 3879 4915 κα·

2361 4974 2759 5047 τακερτομοῢσι
2786 4976 2877 5029 xui
2909 4972 3282 5045 δυσφημοῦσιν
3300 4989 3315 5003 '
3336 4973 3449 5026 ἀλλ’
3474 4970 3546 5033 ὡς
3576 4964 3727 5037 μηδὲν
3750 4954 3877 5013 ἁκού-

2364 5085 2483 5132 σαςν
2519 5067 2693 5132 οὕτως
2724 5067 2998 5137 διατέθητι
3044 5068 3181 5139 πρὸς
3212 5066 3439 5129 τούτους
3476 5062 3569 5117 xui
3606 5056 3732 5127 πρὸς
3758 5048 3875 5103 ὲκεί-

2363 5176 2507 5223 νους,
2565 5158 2651 5212 ἵνα
2703 5160 2841 5230 μήτε
2886 5160 2945 5212 τὸ
2980 5160 3240 5229 παράπαν
3292 5157 3516 5217 ἐκείνοις
3554 5142 3875 5209 ἀκολουθήσὭς

2362 5249 2457 5304 xui
2490 5251 2859 5321 συμφωνήσῃς
2879 5266 2896 5283 ο
2927 5238 3092 5321 ,μήτε
3141 5246 3365 5311 τούτους
3413 5241 3728 5314 πειρώμενος
3753 5232 3873 5321 ἀντεῖ

2364 5316 2646 5413 πλήττειν,
2683 5316 2881 5414 μάλλον
2926 5316 3183 5412 αὐξήσεις
3231 5340 3374 5394 κατά
3401 5336 3493 5392 σοῦ
3528 5327 3765 5397 λοιδορίας
3800 5316 3874 5414 ita"

2362 5411 2561 5496 λύττας
2589 5411 2694 5487 καὶ⁷
2712 5411 3191 5503 πολλαπλασιάσῃς
3214 5431 3312 5495 τάς
3340 5429 3466 5501 παρ’
3488 5423 3653 5480 αὐτῶν
3681 5411 3875 5479 ὲπαχθτγ

2367 5526 2599 5594 σομένας
2626 5527 2692 5596 τῇ
2727 5523 2838 5597 ζωῇ
2882 5541 2974 5577 σου
3006 5524 3275 5587 κακώσεις
3297 5541 3311 5554 ·
3348 5523 3438 5577 ἆτε
3468 5519 3528 5589 δὴ
3558 5504 3872 5581 τιτρωσκόμε⁶

762 5751 873 5823 (88)
911 5746 1051 5802 LXX
1102 5748 1302 5804 habent
1352 5748 1499 5814 ὃπως
1532 5751 1607 5822 μὴ
1649 5748 1887 5821 ἀκούσῃς
1930 5745 2024 5799 τοῦ
2074 5745 2251 5800 δούλοι

2335 5763 2395 5799 ου
2440 5748 2829 5818 καταρωμένου
2900 5765 2979 5805 σε.
3032 5748 3243 5818 Olymp.
3294 5747 3370 5820 μὴ
3413 5744 3505 5815 Οῇς
3568 5737 3655 5806 τὴν
3682 5724 3865 5797 καρδίαν

693 5834 879 5881 σου....
