4114 6506
298 336 431 401 1029

1355 341 1440 402 IN
1495 340 2079 404 ECCLESIASTEN.
2116 371 2184 382 --
2213 346 2361 408 LIB.
2397 348 2529 409 VII.

3420 351 3559 415 1030

212 482 238 503 .
293 469 380 513 νος
428 448 529 521 τὴν
566 448 797 520 καρδίαν
843 450 959 510 τοῖς
990 448 1217 503 ἐκείνων
1260 448 1444 519 λόγοις
1484 452 1560 516 ώς
1590 454 1649 507 ἐν
1678 452 1865 523 βολίσιι

1985 454 2223 511 videaris
2259 457 2391 530 (89).
2422 457 2574 513 Mitte
2598 458 2781 529 potius
2804 475 2933 529 eos,
2966 469 3021 516 et
3048 460 3325 519 silentium
3355 480 3511 521 serva
3543 485 3558 521 :
3640 446 3643 449 I

291 546 348 598 ἐν
372 542 450 614 τῷ
480 542 773 613 πειρᾶσθαι
798 540 1123 614 τιτρώσκειν
1143 559 1156 572 ·
1191 541 1308 596 ἀλλ’
1336 543 1476 612 ἄφες
1505 545 1707 609 αὐτοὺς
1734 586 1750 612 ,
1784 546 1878 599 καὶ

290 636 754 706 καρασιώπησον,
787 634 862 698 ὼς
905 634 1106 688 ἐννοῶν
1152 635 1249 688 καὶ
1294 635 1772 707 διενθυμούμενος,
1802 639 1878 701 ὡς

290 728 381 782 καὶ
422 728 486 779 σὺ
524 727 823 797 κατηράσω
867 726 1133 790 πολλάκις
1164 727 1407 796 ἐτέρους,
1441 730 1611 799 ἤγουν
1644 728 1876 799 ἐκωμῴ-

284 820 462 889 δησας
518 820 616 873 καὶ
646 820 1134 891 κατεκερτόμησας
1159 836 1174 851 ·
1206 821 1323 874 ἀλλ’
1356 822 1458 875 οὐκ
1487 821 1716 891 ἠϐούλου
1743 822 1875 893 παρ’

238 924 245 929 “
286 912 519 966 ἐκείνων
564 907 724 976 αὖθις
773 911 1285 983 ἀντικωμῳδεῖσθαι
1331 914 1425 966 καὶ
1476 912 1729 983 δέχεσθαι
1774 912 1877 976 τὰς

284 1004 409 1066 [σας
450 1004 763 1076 παροινίας.

357 1094 578 1165 Ταύτην
606 1094 662 1147 δέ
694 1094 789 1148 τοῦ
832 1092 1265 1164 Ἐκκλησιαστοῦ
1294 1092 1394 1165 τὴν
1429 1094 1720 1165 εἰσήγησιν
1748 1093 1877 1164 ἥκι-

283 1203 389 1240 στα
416 1186 785 1258 διενηνοχέναι
815 1186 921 1239 τῶν
954 1184 1328 1240 ἀποπολικῶν
1355 1201 1416 1238 τε
1444 1187 1539 1238 καὶ
1563 1184 1672 1239 τῶν
1707 1186 1875 1254 ἀγγε-

280 1278 457 1332 λικῶν
483 1279 966 1350 παραγγελμάτων
1010 1277 1327 1348 ὑπειληφώς
1374 1295 1497 1342 τις,
1549 1279 1649 1348 οὐχ
1690 1278 1871 1347 ἀμαρ-

277 1374 444 1444 τήσει
464 1374 564 1443 τῆς
591 1372 869 1443 ἀληθείας.
914 1372 1063 1425 Ἐκεῖ
1088 1370 1186 1441 μὲν
1214 1371 1322 1438 γάρ
1349 1385 1505 1441 φησι⁶
1547 1390 1565 1423 ι
1585 1371 1874 1443 Λοιδορού-

1982 544 2115 599 illud
2146 548 2392 614 cogitans
2453 562 2517 603 ac
2560 559 2738 605 mente
2770 560 3053 620 reputans,
3098 560 3149 607 te
3194 569 3412 623 quoque
3438 555 3560 611 aliis

1982 653 2124 708 saepe
2182 640 2546 697 conviciatum
2577 658 2730 709 esse,
2764 644 2881 699 sive
2917 646 3056 700 alios
3101 646 3382 711 derisisse,
3434 649 3560 703 aliis

1983 728 2347 796 maledixisse,
2377 732 2508 800 quin
2560 734 2727 790 velles
2771 733 2840 789 ab
2869 733 2979 789 illis
3013 734 3179 790 rideri
3211 737 3463 801 invicem,
3506 748 3559 792 et

1980 817 2130 886 paria
2158 816 2297 873 l‘erre
2328 820 2591 875 convicia.

2050 1084 2201 1140 Hanc
2224 1102 2353 1142 vero
2375 1087 2717 1144 Ecclesiastze
2750 1089 3175 1147 admonitionem
3200 1094 3241 1147 si
3270 1095 3393 1164 quis
3418 1096 3555 1149 nihil

1976 1177 2045 1232 ab
2069 1180 2382 1249 apostolicis
2403 1190 2458 1234 et
2482 1181 2808 1251 evangelicis
2830 1185 3114 1252 praeceptis
3139 1185 3355 1240 diﬂerre
3381 1189 3542 1242 duxe-

1974 1270 2065 1335 rit,
2105 1286 2213 1325 non
2260 1272 2306 1327 is
2339 1272 2581 1341 profecto
2635 1289 2664 1326 a
2723 1273 2950 1328 veritate
2999 1277 3294 1333 aberrabit.
3327 1280 3405 1332 Ex
3447 1280 3554 1333 illis

1972 1365 2118 1419 enim
2153 1364 2269 1419 haec
2300 1375 2427 1419 sunt
2464 1383 2477 1418 :
2518 1367 2654 1420 Cum
2696 1366 3094 1433 maledicimur,
3129 1369 3504 1426 benedicimus
3536 1392 3549 1435 ;

282 1481 443 1535 μενοι
484 1463 857 1532 εὐλογοῦμεν,
912 1461 1238 1532 διωκόμενοι
1314 1461 1645 1533 ἀνεχόμεθα.
1693 1480 1711 1513 ι
1772 1462 1865 1515 Κα¹

1981 1470 2105 1508 οιιιη
2140 1457 2572 1524 persecutionem
2611 1457 2884 1526 patimur,
2934 1461 3271 1515 sustinemus
3320 1464 3385 1517 ⁸⁷.
3430 1482 3449 1515 ι
3490 1465 3554 1517 lit

281 1556 471 1608 πάλιν·
518 1575 536 1606 ι
566 1554 809 1625 Εύχεσθε
841 1553 984 1624 ὑπὲρ
1013 1553 1123 1607 τῶν
1170 1554 1591 1626 ἐπηρεαζόντων
1637 1554 1733 1608 καὶ
1754 1552 1881 1606 διω-

282 1648 494 1701 κόντων
521 1648 685 1713 ὑμᾶς.
723 1666 742 1698 ι
778 1647 888 1699 Καὶ
909 1646 1094 1700 πάλιν
1134 1664 1151 1697 ι
1191 1647 1463 1715 ’Δγαπᾶτε
1490 1647 1615 1709 τοὺς
1650 1645 1879 1715 ἐχθροὺς

286 1740 469 1809 ὑμῶν,
489 1739 665 1801 καλῶς
691 1739 895 1791 ποιεῖτε
927 1740 1040 1801 τοῖς
1074 1737 1326 1807 μισοῦσιν
1357 1738 1523 1809 ὑμᾶς.
1564 1756 1583 1790 ι
1615 1734 1752 1791 Εῐτά
1770 1755 1877 1809 φη-

285 1847 380 1884 σιν
404 1831 433 1883 ὁ
465 1830 618 1899 σοφὸς
659 1827 1097 1897 Ἐκκλησιαστής
1116 1844 1130 1858 ·

1978 1561 2197 1601 rursum
2227 1565 2239 1600 :
2274 1565 2291 1597 ι
2330 1544 2493 1601 Orate
2520 1564 2614 1616 pro
2648 1551 3113 1605 calumniantibus
3144 1561 3196 1605 et
3226 1569 3555 1623 persequen-

1976 1638 2121 1693 tibus
2147 1653 2241 1693 vos
2270 1639 2334 1693 ".
2364 1637 2427 1692 Et
2459 1640 2653 1694 iterum
2686 1659 2698 1695 :
2737 1661 2756 1693 ι
2788 1640 3002 1712 Diligite
3033 1644 3287 1700 inimicos
3321 1657 3551 1709 vestros,

1976 1729 2279 1783 benefacite
2332 1730 2435 1795 his,
2492 1732 2586 1800 qui
2623 1733 2856 1788 oderunt
2902 1750 3001 1790 vos
3034 1737 3099 1790 ⁶⁹.
3150 1754 3169 1787 ι
3217 1738 3309 1792 Ait
3355 1738 3553 1793 deinde

1905 1843 1946 1897 Β
1976 1820 2193 1891 sapiens
2228 1820 2591 1878 Ecclesiastes
2623 1838 2638 1876 :

1860 1938 1888 2010 θ
1922 1934 2006 1991 ιιι.

352 2031 560 2085 Πάντα
584 2031 770 2085 ταῦτα
801 2031 1087 2099 ἐπείρασα
1119 2030 1189 2085 ἐν·
1216 2029 1291 2099 τῇ
1314 2032 1502 2101 σοφίᾳ
1520 2046 1532 2060 ·
1572 2027 1732 2091 εἶπα,
1758 2033 1869 2086 Σο-

274 2122 686 2191 φισθήσομαιο
717 2123 815 2178 καὶ
858 2124 1009 2191 αὕτη
1038 2122 1382 2192 ἐμακρύνθη
1424 2124 1526 2178 ἀπ’
1561 2124 1731 2193 ἐμοῦ,
1758 2140 1870 2191 μα⁴

275 2215 437 2284 κρὰν
474 2213 630 2283 ὑπὲρ
668 2214 701 2268 ὃ
746 2211 858 2285 ἦν*
919 2214 1019 2268 καί
1059 2213 1222 2278 ,βαθὺ
1250 2214 1464 2281 βάθος,
1499 2216 1589 2281 τίς
1625 2213 1871 2283 εὑρήσει

276 2308 479 2374 αὑτήν
498 2323 517 2371 ;

358 2420 378 2453 ι
411 2400 601 2453 Πάντα
630 2396 838 2463 ταῦτα,
876 2415 895 2449 ι
937 2398 1097 2464 ποῖα;
1158 2397 1404 2469 δηλονότι
1454 2398 1561 2452 τῶν
1610 2396 1704 2452 τοῦ
1729 2397 1866 2452 Θεοῦ

279 2493 602 2562 κτισμάτων
635 2491 731 2561 τὴν
778 2489 1040 2545 εὔτακτον
1074 2489 1290 2560 κίνησιν
1318 2490 1415 2544 καὶ
1442 2490 1543 2561 τὴν
1588 2490 1868 2561 ὑποταγὴν

279 2587 379 2637 καὶ
409 2582 635 2653 θητείαν
682 2581 782 2651 τὴν
827 2581 964 2652 πρὸς
989 2580 1080 2635 τὸν
1114 2582 1246 2635 ῐδιον
1276 2580 1511 2652 ποιητὴν
1548 2581 1643 2635 καὶ
1668 2581 1865 2634 δεσπό-

276 2694 383 2747 την
402 2694 418 2707 ·
446 2676 557 2729 τῶν
580 2673 877 2746 φιληδόνων
906 2674 1002 2728 καὶ
1036 2674 1540 2746 φιλαμαρτημόνων
1561 2674 1867 2746 ἀνθρώπων

278 2770 379 2821 καὶ
418 2767 789 2837 φιλοπλούτων
838 2766 934 2819 καὶ⁵
971 2766 1248 2834 φειδωλῶν
1302 2767 1403 2838 τὴν
1453 2765 1862 2837 ματαιοπονίαν,

275 2860 380 2930 τὴν
417 2860 527 2913 τῶν
549 2859 935 2929 ὑφεστηκότων
956 2860 1051 2911 καὶ
1070 2858 1372 2927 γεγονότων
1396 2858 1678 2912 ἀλλοίωσιν
1699 2858 1865 2912 άναλ-

278 2953 503 3004 λοίωτον
532 2952 625 3004 καὶ
659 2949 961 3020 μεταϐολὴν
1009 2949 1427 3019 ἀμετάϐλητον,
1484 2949 1577 3003 τὸν
1628 2949 1863 3020 πονηρὸν

276 3042 614 3113 πειρασμὸν,
644 3040 702 3094 ὃν
732 3038 1111 3110 συνεχώρησεν
1137 3042 1165 3093 ό
1202 3040 1351 3105 Θεὸς,
1383 3041 1554 3111 ἤγουν
1584 3040 1751 3093 ἔδωκε
1784 3037 1862 3110 τῷ

278 3134 431 3205 λόγῳ
458 3133 557 3202 τῆς
583 3130 1061 3201 αύτεξουσιότητος
1084 3133 1197 3194 τοῖς
1225 3133 1360 3194 υίοῖς
1385 3131 1495 3184 τῶν
1521 3131 1823 3201 ἀνθρώπων
1844 3149 1859 3164 ο

280 3226 387 3295 τὴν
418 3220 732 3294 περισσείαν
751 3223 848 3292 τῆς
883 3222 1094 3291 σοφίας,
1129 3223 1294 3293 ἧγουν
1325 3222 1615 3294 ὑπεροχὴν,
1650 3223 1716 3293 ἢν
1746 3222 1861 3293 ἔχει

287 3315 432 3387 πρὸς
462 3316 520 3369 τὸ
541 3318 783 3385 κρεῖττον
812 3314 953 3385 ύπέρ
982 3314 1080 3385 τὴν
1108 3314 1418 3385 ἀφροσύνην
1438 3331 1450 3345 ·
1488 3313 1587 3385 τὴν
1619 3315 1705 3383 ἐφ’
1732 3315 1864 3368 ἐκά-

286 3424 408 3477 στῳ
446 3406 618 3477 καιρῷ
648 3406 960 3477 πρόσφορον
990 3404 1380 3476 ἀποκλήρωσιν
1411 3405 1520 3459 τῶν
1577 3405 1870 3459 ἀντιθέτων

278 3494 636 3565 πραγμάτων
656 3511 671 3525 θ
707 3494 805 3548 καὶ
856 3494 966 3547 τῶν
994 3492 1196 3546 λοιπῶν
1247 3494 1337 3547 τὸν
1368 3493 1690 3563 κατάλογον,
1745 3494 1868 3549 ὅσον

275 3585 562 3653 διείληφεν
592 3586 621 3638 ὁ
645 3585 824 3653 λόγος.
855 3585 1008 3638 Ἐπεὶ
1036 3586 1213 3639 τοίνυν
1232 3585 1405 3639 ταῦτα
1434 3585 1614 3640 πάντα
1642 3586 1867 3655 διέγνων

274 3676 369 3730 διὰ
400 3677 501 3746 τῆς
536 3675 744 3731 ἄνωθέν
801 3693 893 3747 μοι
925 3676 1222 3748 δεδομένης
1278 3676 1493 3747 σοφίας,
1556 3678 1866 3743 ἀκολούθως

278 3768 595 3839 ⁴ιξϐουλήθην
618 3766 678 3833 ἐξ
698 3769 1047 3839 ἀγαπητικῆς
1074 3768 1368 3833 διαθέσεως
1386 3769 1484 3841 τὴν
1506 3770 1735 3841 καρδίαν
1759 3788 1858 3841 μου

279 3859 693 3932 πυρπολούσης,
733 3859 830 3912 καὶ
868 3860 1005 3930 πρὸς
1033 3858 1287 3930 τοιαύτην
1329 3859 1514 3928 ἔφεσιν
1550 3860 1856 3932 παρορμώ-

280 3970 407 4023 σης,
442 3952 763 4022 ωφισθῆναι
798 3952 942 4005 κατὰ
973 3953 1035 4005 τὸ
1072 3952 1273 4023 μᾶλλον
1302 3951 1385 4005 ἔτι
1419 3953 1512 4006 καὶ
1543 3952 1861 4006 πολλαπλα-

281 4046 406 4097 σίαν
431 4045 528 4115 τῆς
548 4045 734 4113 σοφίας
760 4044 861 4115 τὴν
895 4043 1179 4115 ἐνέργειαν
1207 4043 1302 4097 καὶ
1330 4044 1491 4113 χάριν
1514 4043 1698 4097 λαϐεῖν
1716 4059 1731 4073 '
1785 4043 1860 4107 ώς

278 4137 377 4190 καὶ
395 4135 457 4189 τὺ
482 4135 676 4198 κάλλος
701 4135 869 4204 αὐτῆς
893 4135 996 4204 τῆς
1033 4135 1223 4203 σοφίας
1258 4137 1353 4187 καὶ
1382 4135 1480 4206 τὴν
1502 4134 1861 4205 λαμπρότητα

276 4227 382 4295 τῆς
416 4226 632 4295 φύσεως
650 4226 889 4279 κατιδεῖν
908 4226 1003 4279 καὶ
1037 4225 1369 4279 καταλαϐεῖν
1389 4242 1403 4255 ⁸
1427 4224 1565 4295 αὕτη
1599 4225 1655 4278 δέ
1683 4224 1861 4295 πολλῷ

250 4364 261 4377 ,
281 4318 490 4387 μᾶλλον
516 4317 912 4388 ἀπεμακρύνθη
950 4335 1073 4388 μου,
1103 4319 1196 4371 καὶ
1224 4318 1325 4388 τῆς
1346 4319 1484 4389 ἐμῆς
1507 4317 1862 4388 καταλήψεως

276 4409 380 4461 καὶ
415 4407 752 4475 διαγνώσεως
782 4409 1127 4479 ύπερανέστη
1176 4410 1271 4462 καὶ
1300 4398 1609 4481 ὑπερήρθη.
1640 4408 1860 4477 Πέφυκε

353 4516 401 4547 ⁸⁷
426 4518 443 4569 l
477 4518 600 4571 Cor.
631 4534 703 4581 tv,
732 4518 820 4572 12.
893 4518 937 4549 ⁸⁸
965 4517 1151 4572 Matth.
1181 4534 1232 4583 v,
1265 4517 1354 4572 44.
1432 4518 1476 4550 ⁶⁹
1506 4516 1638 4573 Luc.
1668 4533 1742 4584 νι,
1766 4518 1855 4572 27.

357 4634 472 4718 (89)
516 4636 645 4719 Quae
688 4636 775 4690 hic
798 4636 1001 4719 Noster
1023 4638 1650 4719 explicatvt'exmgemina
1682 4643 1866 4719 trans-
1895 4661 1941 4719 ι)

275 4708 489 4762 latione
522 4708 859 4760 coaluerunt.
880 4706 1349 4772 VerterantLXX,
1383 4708 1505 4759 Ὅτι
1538 4707 1862 4769 πλειστάκις

275 4775 682 4849 πονηρεύσεταί
709 4793 768 4829 σε
798 4777 1126 4849 καρδιά-σου
1150 4780 1329 4849 [alter
1361 4778 1658 4849 interpres,
1691 4791 1859 4849 quem

276 4849 541 4917 Aquilam
585 4845 756 4917 fuisse
787 4845 984 4917 censet,
1008 4846 1457 4901 Montiauconius
1479 4845 1638 4917 ,jhoc
1670 4847 1856 4911 modo,

280 4915 414 4971 ’στι
438 4918 534 4969 καὶ
578 4915 838 4979 καθόδους
872 4916 1076 4980 πολλὰς
1108 4917 1349 4971 κακώσει
1386 4916 1587 4986 καρδία
1614 4933 1730 4986 σου.
1770 4916 1859 4969 Li-

277 4986 456 5043 brarii
486 4996 719 5054 utraque
749 4987 1176 5056 conjunxerunt,
1207 4996 1261 5040 et
1294 4985 1622 5039 sententiam
1654 4985 1861 5056 immu-

278 5064 473 5112 tarunt
497 5095 512 5117 ,
546 5071 667 5125 quae
699 5055 918 5125 recepta
947 5066 1049 5111 est.
1086 5056 1313 5111 Latinus
1343 5058 1615 5123 interpres
1651 5055 1814 5109 habet
1842 5070 1856 5107 :

277 5126 398 5181 Scit
437 5124 575 5196 enim
620 5124 936 5179 conscientia
975 5136 1104 5190 tua,
1133 5126 1259 5196 quia
1295 5136 1347 5179 et
1379 5136 1435 5178 tu
1472 5124 1651 5178 crebro
1689 5126 1858 5179 male-

277 5196 469 5250 dixisti
507 5194 667 5266 otiis;
702 5212 825 5264 qua:
856 5194 1331 5266 llebraicis’plane
1362 5196 1859 5266 respondent,uec

283 5272 472 5321 minus
518 5262 833 5336 Hieronymi
878 5266 1122 5335 ejusdem
1172 5262 1387 5321 scholio
1411 5304 1427 5328 ,
1459 5262 1567 5333 iqui
1599 5265 1809 5336 scribit
1839 5280 1854 5319 :

282 5335 561 5402 Quomodo
594 5334 738 5388 novit
775 5334 1095 5390 conscientia
1137 5349 1249 5403 tua,
1282 5337 1418 5406 quod
1466 5348 1524 5387 tu
1574 5334 1636 5406 de
1676 5334 1856 5406 multis

283 5410 489 5460 locutus
512 5422 587 5467 es,
619 5414 669 5458 et
697 5422 833 5474 ηερε
868 5406 992 5460 aliis
1023 5405 1341 5459 detraxisti:
1368 5406 1444 5459 sic
1469 5416 1518 5458 et
1553 5405 1676 5474 aliis
1705 5405 1856 5459 debes

262 5479 553 5549 jignoscere
580 5473 995 5549 detrahentibus.
1026 5476 1227 5549 Eadem
1259 5491 1424 5545 porro
1457 5476 1509 5528 in
1543 5473 1684 5527 LXX
1714 5485 1767 5528 et
1802 5478 1856 5528 in

278 5546 495 5615 Aquila:
520 5546 703 5602 verbis
736 5546 1003 5601 sententia
1030 5547 1225 5608 inerat,
1260 5555 1554 5614 antequam
1595 5559 1693 5613 pro
1717 5561 1856 5615 καρ-

278 5616 369 5670 δία
408 5615 743 5687 scriberetur
772 5616 1019 5687 καρδίαν,
1051 5625 1105 5670 et
1134 5631 1292 5687 servo
1325 5617 1715 5687 tribuerentur,
1735 5630 1858 5683 quae

279 5688 347 5740 de
376 5687 534 5739 corde
560 5686 705 5740 dicta
733 5685 908 5740 erant.
944 5686 1036 5741 Sic
1062 5687 1207 5741 enim
1237 5685 1369 5740 illud
1399 5685 1533 5739 verti
1571 5694 1851 5753 poterant:

282 5756 424 5823 Quia
454 5768 505 5819 te
525 5772 662 5825 sirpe
701 5773 791 5811 cor
820 5768 966 5831 tuum
995 5757 1231 5824 vexabit,
1262 5754 1608 5813 admonendo
1643 5755 1856 5812 scilicet

1676 6036 1705 6064 Ι

2049 2029 2210 2086 Vens.
2244 2029 2335 2091 Ξῖ),
2363 2029 2454 2084 24.
2516 2029 2708 2084 Omnia
2754 2031 2864 2085 ha'c
2916 2034 3113 2087 tentavi
3162 2035 3217 2088 in
3264 2037 3547 2106 sapientia.

1975 2120 2104 2175 Dixi
2129 2139 2147 2176 :
2181 2122 2403 2192 Sapiens
2431 2126 2627 2193 e/ﬁciar
2648 2142 2667 2189 ;
2691 2136 2740 2179 et
2765 2127 2881 2195 ipsa
2914 2130 3097 2195 procul
3129 2146 3159 2181 a
3186 2147 3265 2184 me
3288 2134 3544 2195 disces-sit.

1971 2214 2123 2285 longe
2159 2233 2317 2286 super
2350 2218 2403 2270 id
2436 2218 2577 2287 quod
2605 2227 2755 2284 erat;
2800 2233 2849 2273 et
2886 2220 2995 2274 alla
3028 2224 3383 2291 profunditas,
3428 2229 3547 2296 quis

1972 2307 2193 2360 inveniet
2220 2325 2335 2361 eam
2388 2308 2477 2379 90)
2502 2310 2526 2362 ἲ

2046 2415 2063 2447 ι
2093 2395 2283 2450 Omnia
2316 2397 2449 2451 hinc.
2483 2417 2501 2450 ι
2548 2397 2855 2465 Quaenam?
2888 2402 3120 2471 primum
3158 2421 3338 2461 rerum
3371 2425 3401 2463 a
3434 2408 3546 2465 Deo

1973 2489 2317 2543 conditarum
2353 2490 2657 2545 ordinatam
2701 2493 3020 2561 motionem,
3066 2498 3291 2566 etquod
3336 2503 3545 2556 auctori

1968 2578 2303 2648 dominoque
2327 2594 2429 2634 suo
2452 2590 2711 2649 praestant
2732 2584 3051 2654 obsequium
3084 2602 3147 2642 ac
3179 2588 3498 2647 famulatum
3527 2612 3543 2648 :

1967 2669 2163 2725 deinde
2192 2670 2385 2725 inanes
2425 2670 2711 2726 hominum
2748 2672 2983 2742 labores,
3013 2678 3102 2745 qui
3134 2680 3461 2752 voluptatem
3491 2696 3546 2739 et

1966 2761 2143 2815 scelus
2160 2770 2363 2828 amant,
2380 2776 2443 2816 ac
2462 2761 2679 2818 divitias
2701 2775 2960 2834 appetunt
2983 2769 3141 2841 194
3158 2780 3210 2825 et
3223 2776 3541 2831 recondunt:

1963 2866 2145 2905 rerum
2189 2851 2376 2915 etiam,
2439 2867 2559 2921 quae
2612 2854 2870 2909 continua
2934 2861 3543 2926 successioneiuerunt.

1965 2951 2304 2995 constantem
2366 2941 2579 3007 vicem,
2646 2946 3170 3019 mutabilitatemque
3236 2953 3546 3011 immutabi-

1964 3031 2093 3096 lem,
2121 3042 2236 3087 tum
2270 3034 2621 3089 tentationem
2660 3037 2882 3101 malam,
2928 3054 3089 3108 quam
3127 3042 3269 3098 Deus
3300 3050 3546 3115 permisit

1966 3124 2085 3180 sive
2116 3126 2264 3180 dedit
2308 3126 2589 3181 hominum
2620 3127 2768 3191 filiis,
2807 3130 3019 3184 arbitrii
3052 3149 3161 3203 quo
3194 3138 3419 3206 pollent,
3456 3158 3543 3195 ra-

1964 3217 2114 3270 tione
2146 3217 2329 3271 habita
2358 3235 2371 3271 :
2398 3227 2451 3273 et
2485 3232 2770 3273 excessum
2807 3221 3109 3290 sapientiae,
3144 3226 3258 3281 sive
3283 3242 3547 3298 praestan-

1891 3296 1933 3355 C
1967 3304 2119 3371 tiam,
2152 3321 2314 3376 quam
2343 3322 2453 3377 prae
2492 3308 2724 3363 stultitia
2756 3310 2871 3365 haec
2921 3311 3082 3367 habet
3118 3319 3185 3370 ad
3218 3296 3413 3377 melius
3445 3342 3457 3377 :
3491 3336 3545 3379 et

1966 3396 2155 3450 utilem
2192 3397 2245 3450 in
2284 3412 2382 3452 sua
2432 3398 2696 3469 cujusque
2751 3405 3170 3473 tempestivitate
3222 3409 3541 3468 electionem

1965 3502 2149 3541 rerum
2181 3490 2555 3558 oppositurum
2587 3510 2600 3546 :
2635 3508 2699 3548 ac
2736 3494 2945 3564 reliqua
2979 3499 3183 3562 omnia,
3231 3516 3351 3571 quae
3378 3521 3543 3575 supe-

1963 3580 2080 3635 rius
2128 3583 2308 3637 oratio
2366 3585 2648 3654 complexa
2708 3593 2810 3640 est.
2866 3586 3163 3658 Postquam
3217 3593 3380 3663 igitur
3429 3597 3545 3653 haec

1962 3674 2147 3727 omnia
2184 3675 2461 3744 sapientiae
2488 3677 2638 3731 illius
2663 3692 2787 3747 ope,
2815 3696 2936 3748 qua:
2964 3684 3094 3736 mihi
3121 3683 3384 3742 divinitus
3415 3690 3541 3744 data

1963 3774 2067 3828 est,
2103 3766 2351 3835 cognovi,
2412 3768 2645 3823 subinde
2668 3770 2865 3825 ardore
2903 3774 3140 3842 quodam
3181 3781 3383 3836 amoris
3422 3782 3541 3835 aui-

1966 3872 2115 3910 mum
2149 3857 2468 3913 incendente
2496 3869 2659 3929 atque
2687 3862 2757 3916 ad
2795 3862 3061 3931 ejusmodi
3090 3867 3415 3924 desiderium
3445 3868 3539 3926 'in-

1967 3949 2190 4016 citante,
2224 3949 2279 4003 in
2323 3951 2585 4018 sapientia
2624 3953 2888 4021 proiicere
2938 3956 3107 4025 magis
3140 3972 3203 4011 ac
3237 3961 3409 4029 magis
3442 3979 3542 4015 vn-

1966 4038 2064 4104 lui,
2100 4052 2155 4115 et
2195 4041 2547 4110 multiplicem
2599 4045 2708 4096 vim
2741 4044 2861 4113 ejus
2914 4055 2966 4100 et
3004 4047 3231 4115 gratiam
3273 4054 3488 4120 assequi
3521 4073 3535 4108 :

1969 4139 2116 4185 utet
2163 4131 2337 4201 ipsius
2386 4133 2668 4202 sapientia:
2722 4136 3184 4204 pulchritudinem
3226 4152 3539 4212 naturaeque

1970 4222 2313 4292 splendorem
2340 4225 2700 4294 perspicerem
2732 4242 2796 4281 ae
2832 4227 3311 4296 deprehenderem.
3347 4236 3415 4287 At
3450 4238 3539 4288 illa

1969 4315 2140 4369 multo
2168 4317 2340 4385 magis
2362 4331 2392 4371 a
2421 4333 2506 4371 me
2540 4319 2785 4386 recessit,
2816 4328 2868 4373 et
2893 4330 3107 4389 captum
3142 4326 3532 4393 cognitionem-

1969 4422 2077 4477 que
2125 4423 2301 4462 meam
2356 4408 2513 4480 longe
2550 4426 2899 4481 supergressa
2929 4422 3012 4469 est
3063 4414 3197 4485 (9i).
3252 4416 3347 4472 Est
3392 4422 3534 4474 enim

1967 4634 2034 4690 de
2059 4634 2147 4697 iis,
2176 4648 2298 4702 qua:
2334 4634 2398 4705 in_
2421 4635 2556 4705 alios
2590 4635 2702 4703 ipse
2727 4638 3040 4705 protuleris.

2192 4704 2349 4779 Apud
2554 4703 2833 4779 Ιειιιᾳείτίς
2857 4708 3077 4779 εὑρήσει
3105 4709 3268 4775 αὐτός

2039 4774 2148 4844 (SH)
2188 4775 2448 4843 Apposite
2496 4774 2733 4854 [iasilius
2784 4778 2838 4830 in
2896 4774 3146 4854 oratione
3186 4783 3358 4854 altera
3402 4787 3530 4854 περὶ

1966 4844 2206 4917 πίστεως
2232 4860 2356 4917 cum
2391 4845 2648 4914 prail‘atus
2679 4855 2843 4910 esset,
2878 4864 3042 4917 quam
3070 4851 3275 4904 homini
3300 4844 3531 4908 armiu'm

1966 4916 2037 4994 sit
2065 4915 2245 4969 divina
2282 4915 2629 4994 iii-vestigare.
2664 4915 2927 4994 subjecit:
2949 4919 3167 4994 Ταύτην
3187 4921 3243 4974 δὲ
3277 4925 3409 4994 ημῖν
3434 4926 3533 4994 τὴν

1966 4983 2175 5067 ἔννοιαν
2206 4983 2389 5067 σαφῶς
2412 4987 2724 5067 ,παρίστησι
2751 4983 2843 5038 καὶ
2876 4990 2905 5039 ὁ
2943 4983 3253 5067 σοφώτατος
3283 4983 3533 5061 Σολομῶν

1964 5052 2139 5131 λέγων
2159 5069 2173 5083 ο
2204 5051 2376 5131 [ΞΖ-πα,
2402 5051 2871 5131 Σῖοςὲισᾷήσρμξιι,
2897 5056 2995 5131 καί
3019 5051 3169 5131 aiis?)
3193 5051 3530 5131 ἐμακρύὶοθη

1964 5123 2234 5197 ἀξιέέμοῦ
2265 5121 2502 5197 μακρὰκ
2522 5125 2674 5193 ὑπὲρ
2708 5121 2885 5197 δῆν-ί
2912 5127 2972 5179 οὐ
3012 5127 3087 5197 τῷ
3116 5121 3358 5196 φεύγειν,
3395 5121 3532 5186 ὰ).λᾶ

1965 5193 2044 5263 τῷ
2065 5195 2296 5272 ἐκείνοις
2329 5195 2563 5272 μάλιστα
2592 5195 2957 5272 φανεροῦσθαι
2985 5193 3151 5265 αὐτῆς
3181 5193 3241 5250 τό
3265 5193 3533 5272 ἀκατάλη-

1966 5259 2120 5343 πτον,
2152 5259 2234 5344 οἷς
2260 5259 2395 5344 esse
2442 5259 2626 5344 χάριτι
2658 5259 3065 5344 περισσοτέρως
3093 5259 3457 5344 προσγέγονεν

1966 5334 2183 5410 γ-νώσις.
2220 5334 2273 5386 Id
2315 5342 2435 5387 est:
2470 5334 2622 5410 l_lanc
2662 5334 3291 5410 veronobissententiam
3314 5334 3529 5410 sapienl

1968 5406 2199 5474 tissimus
2240 5419 2439 5471 quoque
2474 5403 2728 5457 Salomon
2770 5404 2960 5457 diserte
2999 5410 3238 5474 exponit,
3273 5403 3390 5463 cuni
3415 5415 3530 5467 ait:

1966 5472 2085 5527 Dixi
2110 5490 2123 5524 :
2151 5474 2380 5549 Sapiens
2413 5474 2636 5549 eﬂiciar,
2658 5483 2709 5527 et
2740 5472 3095 5549 ipsalo‘ngiu‘s
3124 5472 3345 5534 recessit
3366 5496 3394 5533 a
3421 5500 3530 5549 me,

1964 5557 2129 5621 quam
2160 5540 2705 5621 erat._1\’on_quidem,
2737 5540 2874 5612 quod
2902 5540 2999 5596 illa
3027 5546 3245 5621 fugeret,
3279 5553 3367 5604 sed
3393 5540 3533 5621 quod

1963 5615 2003 5666 ii
2034 5614 2263 5665 maxime
2294 5614 2596 5690 inteltigunt
2618 5655 2633 5678 ,
2664 5625 2925 5690 quantum
2961 5631 3025 5690 ea
3068 5614 3292 5673 hominis
3320 5614 3533 5690 captum

1962 5692 2270 5757 exsuperet,
2302 5684 2391 5750 qui
2422 5682 2516 5734 Dei
2549 5682 3133 5757 beneﬁcioumpliorem
3170 5705 3330 5757 quam
3359 5682 3533 5747 caeteri

1963 5752 2309 5822 cognitionem
2339 5761 2456 5806 sunt
2488 5755 2754 5807 consecuti
2811 5751 2935 5809 llaec
2967 5771 3130 5825 porro
3158 5751 3274 5829 ipsa
3305 5764 3359 5817 in
3382 5782 3535 5819 eum-
