4114 6502
200 397 342 461 1033

1270 391 1352 458 IN
1386 386 1960 457 ECCLESIASTEN-
1989 419 2057 430 --
2081 394 2228 456 LIB.
2260 393 2393 456 VII.

3321 395 3458 462 1034

261 507 552 559 Δείκνυται
571 503 627 558 δὲ
649 503 744 558 καὶ
760 503 940 574 πολλῷ
955 503 1011 558 δὲ
1037 503 1236 576 πρώην
1257 509 1284 558 ὁ
1306 505 1510 572 ἀγαθὸς
1535 505 1775 572 Ποιητής

1953 503 2114 574 196
2142 504 2486 559 Manifestum
2519 519 2679 574 porro
2709 511 2810 570 est,
2847 506 3023 561 multo
3054 508 3210 577 prius
3250 509 3451 565 bonum

190 603 300 654 τῶν
328 599 593 652 ἁπάντων
629 597 800 660 αἴτιος
826 599 934 650 τῶν
959 597 1164 661 κακῶν,
1197 597 1294 651 ἆτε
1323 598 1387 665 δὴ
1421 597 1530 649 τῶν
1560 597 1650 650 ὑπ’
1679 597 1780 649 αύ-

190 691 286 744 τοῦ
321 689 631 759 γεγονότων
663 689 909 758 ἀστέρων
941 689 1257 743 κακοποιῶν
1286 692 1628 758 πεφυκότων.
1688 690 1781 742 καὶ

188 785 287 852 τῆς
316 782 518 846 κακίας
545 782 715 835 ὄντων
749 781 959 835 αἰτίων.
995 783 1068 836 Οὐ
1090 783 1268 835 τοίνυν
1299 782 1412 835 τῶν
1434 782 1781 852 ἀστρολόγων

188 876 286 945 τὴν
317 875 523 945 τέχνην
556 873 894 944 καταμαθεῖν
922 873 1157 946 ἐζήτησε
1184 874 1322 944 πρὸς
1352 873 1414 926 τὸ
1441 875 1666 927 τοιαῦτα
1698 875 1784 927 δο-

188 964 377 1031 ξάζειν
404 964 585 1018 ἄτοπα
612 966 710 1017 καὶ
728 964 1065 1035 παλίμφημα
1088 966 1184 1018 κα)⁸
1218 965 1434 1028 πάντως
1456 962 1583 1029 ἄξια
1614 982 1784 1018 κατα-

187 1056 462 1122 γέλωτος·
507 1056 626 1110 ἀλλ’
683 1057 772 1111 ἴνα
817 1057 1022 1128 μᾶλλον
1070 1057 1308 1128 ἔμπαλιν
1360 1057 1428 1111 δι’
1464 1058 1636 1127 αὐτῆς
1684 1059 1784 1128 τῆς

186 1149 334 1201 κατά
356 1147 561 1214 γνῶσιν
591 1151 787 1220 πείρας
819 1148 1021 1218 διαγνῷ
1042 1150 1141 1220 τὴν
1169 1149 1490 1221 ἀφροσύνην
1519 1150 1627 1203 τῶν
1651 1151 1783 1203 ἀσε-

186 1239 297 1291 ϐῶν
317 1240 417 1292 καὶ
443 1239 544 1312 τὴν
573 1241 841 1312 ὀχληρίαν
869 1243 964 1294 καὶ
989 1245 1314 1314 περιφοράν.
1348 1243 1652 1312 Ὀνομάσας
1673 1245 1785 1316 γάρ

191 1350 210 1383 ι
237 1331 438 1400 σοφίαν
481 1334 577 1386 καὶ
604 1335 806 1405 ψῆφον,
839 1353 857 1383 ι
909 1334 1008 1405 τὴν
1052 1335 1163 1388 τῶν
1209 1335 1556 1407 ἀστρολόγων
1590 1337 1783 1406 τέχνην

184 1424 647 1495 ὁμολογουμένως
697 1426 969 1496 ἐδήλωσεν
1010 1444 1025 1458 ’
1080 1427 1220 1498 αὕτη
1269 1429 1380 1498 γὰρ
1427 1430 1662 1498 μάλιστα
1693 1429 1784 1483 διὰ

183 1517 546 1588 ψηφοφορίας
569 1519 673 1589 τὴν
705 1519 841 1572 ἰδίαν
871 1519 1020 1572 δοκεῖ
1041 1521 1302 1574 σύστασιν
1323 1523 1490 1592 ἔχειν.
1513 1525 1783 1593 Σημαίνε-

182 1626 279 1662 ται
301 1610 360 1663 δὲ
381 1612 477 1664 καὶ⁸
509 1611 596 1664 διὰ
622 1612 732 1664 τῶν
755 1612 1064 1682 ὀνομασιῶν
1089 1653 1103 1679 ,
1157 1614 1268 1684 τῆς
1313 1615 1604 1685 ὀχληρίας
1641 1616 1784 1685 λέγω

183 1705 289 1755 καὶ
320 1703 435 1770 τῆς
459 1703 803 1772 περιφορᾶς,
835 1707 868 1774 ή
903 1707 1068 1776 τέχνη
1117 1707 1227 1760 τῶν
1255 1708 1623 1778 ἀστρολόγων,
1685 1707 1783 1760 ἆτε

181 1793 257 1864 δὴ
278 1798 398 1856 τοῖς
433 1794 704 1863 μετιοῦσιν
729 1797 920 1868 αὐτὴν,
945 1798 1216 1869 ἐνδελεχῆ,
1245 1799 1448 1870 μᾶλλον
1473 1800 1530 1853 δε
1554 1801 1778 1870 διηνεκῆ

183 1885 601 1955 παρενόχλησιν
635 1888 966 1957 ἐμποιοῦσα,
999 1892 1096 1942 καὶ
1133 1894 1246 1954 τοῖς
1279 1891 1777 1945 κατακολουθοῦσιν

180 1977 380 2039 αὐτοῖς
421 1977 516 2031 καὶ
542 1981 894 2034 πιστεύουσιν
915 1982 1376 2054 ἀπαγγελλομένη
1409 1983 1505 2036 καὶ
1537 1999 1778 2054 προκατ-

179 2071 533 2138 αγγέλλουσα
587 2072 748 2125 τοῦτο
798 2076 1052 2127 κάκεῖνοο
1103 2075 1239 2145 πρὸς
1272 2076 1372 2144 τὴν
1420 2076 1668 2146 ἐναντίαν
1720 2076 1778 2129 δὲ

182 2161 518 2214 καταντῶσα
553 2165 882 2236 περιφορὰν,
945 2165 1020 2229 ὡς
1048 2167 1352 2238 προσδοκᾷν
1407 2168 1506 2238 μὲν
1537 2169 1626 2221 ἀεὶ
1651 2170 1780 2231 τοὺς

182 2253 283 2314 τὰς
320 2254 665 2322 ἐπαγγελίας
704 2259 803 2327 τῆς
830 2259 1173 2328 εἰσηγήσεως
1200 2257 1380 2310 αὐτῶν
1400 2258 1777 2327 δεδεγμένους,

185 2346 284 2412 τὴν
326 2347 566 2399 ἔκϐασιν
594 2349 704 2400 τῶν
745 2349 1170 2418 εύιρραινόντων,
1217 2351 1249 2419 ἦ
1283 2349 1390 2402 τῶν
1442 2350 1777 2417 λυπούντων,

191 2439 284 2490 καὶ
335 2439 430 2490 διὰ
478 2439 643 2491 τοῦτο
683 2441 952 2509 μηδέποτε
987 2439 1088 2511 τὴν
1147 2440 1282 2494 ἰδίαν
1327 2441 1554 2512 καρδίαν
1601 2441 1782 2511 ἀπηλ-

191 2528 472 2598 λαγμένην
500 2530 854 2600 εὑρίσκοντες
886 2531 1083 2602 λύπης,
1121 2531 1213 2586 διὰ
1258 2532 1358 2604 τὴν
1383 2533 1492 2586 τῶν
1519 2532 1781 2588 τοιούτων

191 2620 535 2689 καραδοκίαν
565 2620 598 2690 ἢ
636 2623 895 2691 περιττῆς
931 2621 1218 2692 θυμηδίας,
1248 2625 1349 2694 τῆς
1387 2624 1656 2694 μηδεμίαν
1683 2625 1782 2677 αὐ-

187 2715 300 2774 τοῖς
338 2711 720 2782 προξενούσης
776 2713 984 2784 χαράνο
1038 2714 1154 2767 ἀλλ’
1196 2711 1273 2777 ὡς
1304 2715 1664 2785 ἀτημελήτως
1713 2715 1781 2768 δι’

185 2803 325 2857 αὐτό
376 2821 443 2870 γε
474 2803 636 2856 τοῦτο
673 2805 1056 2870 διατεθέντας,
1091 2808 1150 2860 ἐν
1199 2809 1319 2869 ταῖς
1373 2807 1527 2870 ίδίαις
1567 2809 1780 2878 ἀπροσ-

182 2897 362 2961 εξίαις
387 2897 486 2950 καὶ
509 2899 648 2966 πρὸς
665 2898 1041 2968 χαλεπότητας
1061 2917 1126 2952 πε
1135 2899 1512 2970 ριενεχθέντας
1527 2900 1621 2953 καὶ
1639 2917 1781 2970 συμ-

183 2988 388 3059 φοράς.
417 2987 592 3040 Τοῦτο
622 2990 732 3059 γὰρ
757 2989 1030 3058 ἐδήλωσεν
1079 2993 1108 3042 ὁ
1143 2993 1304 3059 σοφὸς
1351 2991 1783 3062 Ἐκκλησιαστὴς

182 3081 386 3132 εἰπὼν·
426 3100 444 3132 ι
487 3081 599 3134 Καὶ
627 3082 868 3151 εὑρίσκω
907 3079 1019 3149 ἐγὼ
1054 3083 1222 3154 αὐτὴν
1256 3083 1591 3153 πικροτέραν
1641 3083 1784 3152 ὑπὲρ

184 3174 455 3225 θάνατον.
498 3193 518 3225 ι

261 3265 509 3330 Αὐτὴν,
540 3265 694 3330 sive;
724 3263 938 3335 Δηλαδὴ
981 3284 1000 3316 ι
1029 3265 1128 3337 τὴν
1171 3266 1364 3333 σοφίαν
1407 3268 1502 3319 καὶ
1538 3267 1636 3337 τὴν
1682 3267 1789 3338 ψῆ..

188 3375 329 3426 φον,
359 3375 381 3407 ι
417 3357 537 3427 ἦτοι
560 3357 752 3426 τέχνην
780 3356 890 3409 τῶν
921 3358 1289 3427 ἀστρολόγων,
1329 3357 1405 3419 ὡς
1453 3359 1538 3409 ἀεὶ
1571 3359 1787 3429 μυρίοις

185 3451 462 3511 θανάτοις
489 3449 1007 3502 καθυποόάλλουσαν
1035 3452 1162 3512 τοὺς
1187 3449 1602 3504 κατακολουθεῖν
1647 3453 1783 3522 αὐτῇ

188 3541 562 3610 βουλομένους
580 3556 594 3572 ·
628 3541 725 3593 καὶ
762 3541 849 3593 διὰ
878 3544 976 3610 τὴν
1006 3543 1334 3612 προσδοκίαν
1365 3542 1473 3596 τῶν
1501 3543 1784 3614 λυπηρῶν,

189 3632 286 3683 καὶ
317 3631 410 3683 διὰ
433 3629 530 3700 τὴν
551 3628 840 3694 ἀπότευξιν
863 3630 970 3683 τῶν
1000 3632 1328 3702 χαροποιῶν.
1357 3631 1538 3698 ’Ἃπαξ
1558 3633 1657 3702 μὲν
1678 3637 1785 3704 γὰρ

191 3723 459 3794 θνήσκειν
491 3722 782 3793 ἄνθρωπος
824 3723 1066 3789 πέφυκεν
1086 3740 1099 3754 ·
1137 3724 1232 3778 ἆτε
1265 3723 1329 3794 δὴ
1348 3725 1442 3777 καὶ
1472 3724 1661 3793 θνητὸς
1685 3724 1782 3780 ὢν.

195 3814 271 3866 Τὸ
297 3813 354 3865 δὲ
385 3814 672 3876 τοιαύταις
703 3812 921 3876 πολλαῖς
957 3815 1051 3865 καὶ
1101 3813 1370 3884 διηνεκέσι
1420 3814 1514 3868 καὶ
1542 3816 1785 3886 χρονίαις

200 3903 725 3974 καθυποὸὤλῆσθαι
754 3904 862 3959 τῶν
881 3905 1160 3975 δυσχερῶν
1200 3907 1295 3960 καὶ
1325 3907 1585 3976 λυπηρῶν
1607 3925 1784 3978 προσ-

197 3996 431 4058 δοκίαις,
458 3997 554 4050 καὶ
593 3997 777 4066 μέντοι
802 3996 910 4049 τῶν
935 3996 1093 4066 δῆθεν
1115 3997 1335 4065 ἀγαθῶν
1363 3999 1458 4050 καὶ
1477 3999 1785 4069 χαροποιῶν

193 4087 551 4152 ἀποτεύξεσι,
594 4087 712 4150 πῶς
745 4089 866 4158 οὐχὶ
890 4091 983 4141 καὶ
1030 4088 1264 4142 θανάτου
1322 4091 1654 4161 πικροτέραν
1685 4091 1784 4165 τὴν

187 4179 726 4250 τοιαύτηνκδείκνυσι
758 4179 1104 4252 ψηφοφορίαν
1127 4183 1220 4234 καὶ
1240 4183 1436 4254 τέχνην
1458 4201 1472 4250 ;
1505 4186 1569 4236 Ὃ
1594 4185 1651 4238 δέ
1681 4203 1784 4254 φη-

188 4294 279 4330 σιν
300 4279 331 4329 ὁ
373 4276 832 4345 Ἐκκλησιαστής·
872 4295 890 4326 ι
915 4276 1232 4330 Ἐκύκλωσα
1266 4278 1377 4346 ἐγὼ
1402 4279 1496 4332 καὶ
1524 4281 1557 4349 ὴ
1586 4281 1784 4350 καρδία

189 4388 301 4441 μου
324 4385 338 4398 ⁸
366 4389 386 4419 ›
422 4369 612 4438 μηδεὶς
641 4369 852 4440 οἰηθείη
892 4370 1084 4440 δηλοῦν
1115 4371 1176 4422 τὸ
1201 4369 1316 4440 ἐγὼ
1354 4371 1504 4437 ἄλλο,
1535 4373 1632 4425 καὶ
1669 4373 1784 4441 τὴν

184 4465 460 4534 καρδίαν
504 4465 665 4518 ἄλλο·
698 4464 999 4536 ἀδιαίρετος
1058 4465 1166 4535 γάρ
1210 4466 1363 4517 ἐστιν
1405 4467 1434 4518 ὁ
1470 4464 1780 4534 ἄνθρωπος,

1887 611 2067 650 rerum
2090 598 2334 650 omnium
2371 598 2743 660 Conditorem,
2781 601 3045 654 malarum
3075 613 3293 670 quoque
3327 618 3461 657 cau-

1883 705 2000 746 sam
2029 690 2327 753 exstitisse,
2361 707 2485 746 cum
2525 693 2594 746 ab
2631 706 2698 747 eo
2727 702 2875 747 astra
2913 695 3132 748 condita
3179 697 3310 760 sint,
3338 713 3471 766 quae.

1883 783 2028 837 mala
2057 781 2251 837 aﬁ‘erre
2282 791 2339 837 et
2376 783 2632 839 vitiorum
2663 799 2842 840 causae
2877 800 2998 840 esse
3047 785 3316 855 feruntur,
3350 804 3458 844 non

1884 875 2049 945 igitur
2077 876 2481 946 astrologorum
2517 886 2685 932 artem
2713 877 2958 933 ediscere
2981 878 3210 944 studuit,
3245 891 3305 934 ut
3333 882 3460 935 talia

1885 967 2219 1036 opinaretur,
2245 981 2366 1036 quae
2387 966 2700 1035 importuna
2729 977 2860 1022 sunt
2887 977 2942 1022 et
2965 968 3214 1033 infamia,
3245 986 3310 1024 ac
3341 971 3462 1040 pla-

1885 1073 1954 1112 ne
1985 1058 2282 1113 deridicula
2317 1075 2332 1112 :
2363 1057 2460 1113 sed
2489 1066 2547 1111 ut
2579 1058 2760 1128 potius
2788 1073 2819 1113 e
2851 1059 3130 1114 contrario
3169 1061 3460 1130 impiorum

1885 1150 2169 1206 stultitiam
2211 1159 2266 1205 et
2304 1149 2695 1204 turbulentiam
2734 1164 2787 1205 et
2824 1151 3307 1209 circumactionem
3340 1154 3462 1224 ipsa

1884 1243 2128 1300 scientia:
2156 1243 2488 1314 experientia
2533 1243 2825 1314 detegeret.
2858 1243 2995 1299 Cum
3033 1245 3178 1300 enim
3223 1248 3463 1317 appella‘

1884 1337 1958 1391 rit
1989 1357 2007 1389 ι
2052 1337 2377 1406 sapientiam
2398 1341 2454 1392 et
2480 1336 2776 1400 calculum,
2808 1355 2826 1386 ι
2861 1337 3266 1407 astrologorum
3288 1349 3460 1394 artem

1883 1429 2084 1485 diserte
2107 1428 2412 1499 designavit
2436 1447 2451 1495 ;
2479 1429 2681 1500 quippe
2704 1443 2826 1498 quae
2853 1430 2906 1483 in
2932 1430 3265 1485 calculorum
3296 1434 3464 1486 rati0¢

1884 1511 2047 1579 nibus
2081 1523 2333 1577 ineundis
2359 1524 2596 1577 maxime
2616 1523 2917 1578 consistere
2952 1523 3182 1577 videtur.
3214 1524 3327 1580 Nec
3355 1527 3461 1579 mi-
3508 1574 3516 1587 ,

1886 1632 1991 1670 nus
2023 1614 2423 1683 astrologorum
2470 1624 2641 1668 artem
2674 1613 2780 1668 illae
2809 1613 3116 1683 signiﬁcant
3140 1615 3464 1684 appellatio.

1884 1723 2006 1770 nes,
2031 1706 2388 1768 turbulentus,
2413 1705 2656 1773 inquam,
2673 1715 2727 1760 et
2751 1707 3179 1760 circumactionis
3191 1723 3211 1772 ;
3229 1722 3352 1763 cum
3371 1708 3462 1774 iis,

1884 1802 1977 1871 qui
2011 1817 2132 1856 eam
2183 1803 2388 1867 colunt,
2443 1800 2744 1866 assiduam,
2779 1801 2863 1854 vel
2915 1800 3095 1869 potius
3141 1810 3459 1869 perpetuam

1881 1893 2072 1947 aﬁ'erat
2096 1893 2587 1962 perturbationem,
2605 1899 2659 1946 et
2672 1891 3034 1946 sectatoribus
3055 1907 3246 1946 eorum
3271 1892 3465 1948 ﬁdent-

1881 2000 1988 2055 que
2024 1985 2351 2040 habentibus
2382 1984 2486 2039 hoc
2519 1993 2572 2038 et
2606 1983 2738 2038 illud
2772 1984 3058 2038 denuntiet
3093 1998 3158 2038 ac
3204 1985 3462 2053 pollicea-

1882 2079 1994 2137 tur,
2026 2074 2357 2143 eosdemque
2398 2074 2452 2126 in
2500 2073 2832 2129 contrariam
2879 2081 3189 2143 retorqueat
3221 2075 3458 2128 circurn-

1882 2164 2169 2226 actionem,
2197 2173 2257 2217 ut
2289 2177 2506 2232 semper
2537 2170 2877 2231 exspectent,
2909 2163 3038 2215 dum
3071 2162 3336 2231 promissa
3369 2180 3461 2220 ac-

1883 2256 2110 2325 cipiant,
2139 2269 2261 2326 quae
2293 2254 2371 2309 illi
2401 2254 2620 2316 dedere,
2650 2252 2863 2308 faustos
2901 2254 3110 2308 scilicet
3151 2256 3332 2310 exitus
3365 2265 3460 2310 aut

1885 2347 2066 2402 tristes
2099 2364 2111 2401 :
2150 2346 2335 2416 itaque
2359 2360 2641 2415 nunquam
2669 2345 2912 2399 animum
2946 2361 3076 2398 cura
3111 2360 3340 2400 vacuum
3376 2347 3460 2401 in-

1883 2437 2126 2501 veniant,
2153 2437 2343 2490 talium
2376 2451 2560 2490 rerum
2591 2434 2994 2504 exspectatione
3027 2444 3081 2489 et
3107 2436 3262 2491 vanis
3293 2435 3459 2490 illecti

1882 2527 2180 2594 blanditiis,
2211 2543 2333 2598 quae
2354 2527 2564 2581 nullum
2596 2527 2730 2596 ipsis
2752 2526 3009 2598 gaudium
3033 2527 3279 2582 allatum
3307 2528 3416 2582 sint
3439 2545 3457 2582 :

1885 2636 1949 2675 ac
1987 2629 2274 2690 propterea
2319 2620 2677 2689 negligentius
2726 2634 2786 2672 se
2820 2628 3028 2688 gerant,
3057 2632 3109 2674 et
3155 2621 3210 2674 in
3246 2626 3461 2674 suamet

1884 2712 2091 2766 desidia
2140 2711 2384 2781 undique
2428 2709 2838 2764 difﬁcultatibus
2875 2710 3244 2780 aarumnisque
3271 2709 3462 2763 conﬁi-

1885 2810 2118 2856 ctentur.
2148 2800 2283 2854 Nam
2326 2801 2427 2854 hoc
2460 2799 2636 2868 ipsum
2679 2798 2898 2867 sapiens
2935 2797 3288 2854 Ecclesiastes
3317 2797 3463 2853 indi-

1885 2893 2048 2956 cavit,
2073 2908 2197 2947 cum
2223 2892 2362 2946 dixit
2392 2911 2404 2947 :
2433 2911 2452 2944 ι
2490 2890 2556 2945 Et
2577 2891 2793 2946 invenio
2827 2905 2929 2961 ego
2958 2906 3076 2946 eam
3107 2900 3282 2947 morte
3305 2907 3462 2947 ama-

1885 2999 2106 3039 norem.
2150 3001 2172 3036 Ι

1960 3269 2118 3333 Eam,
2141 3266 2474 3337 quamnam?
2497 3267 2602 3322 nisi
2632 3285 2650 3317 ι
2682 3265 3018 3336 Sapientiam
3045 3277 3099 3321 et
3120 3266 3412 3329 calculum,
3437 3284 3458 3316 ι

1886 3361 2002 3416 sive
2054 3369 2224 3414 artem
2279 3358 2718 3428 astrologorum,
2773 3374 2897 3412 cum
2953 3358 3068 3412 haec
3119 3359 3315 3413 millies
3367 3374 3465 3415 eos

1885 3449 2024 3503 mori
2060 3447 2462 3518 quodammodo
2501 3455 2679 3516 cogat,
2733 3451 2830 3516 qui
2881 3461 2940 3500 se
2976 3445 3048 3498 illi
3082 3445 3460 3501 dediderunt:

1884 3543 2082 3614 partim
2117 3541 2188 3597 ob
2220 3541 2456 3596 tristium
2493 3538 2863 3601 formidinem,
2905 3539 3100 3608 partim
3140 3539 3212 3592 ob
3253 3539 3463 3593 fausto-

1885 3650 2005 3690 rum
2037 3632 2470 3688 frustrationem.
2500 3630 2677 3686 Semel
2701 3631 2845 3685 enim
2879 3629 3086 3684 homini
3117 3631 3464 3684 moriendum

1883 3734 1992 3791 est,
2023 3732 2082 3780 ut
2121 3724 2368 3779 mortalis
2411 3724 2531 3792 ejus
2581 3732 2777 3777 natura
2829 3721 2949 3776 fert.
2985 3723 3053 3775 At
3088 3739 3217 3776 vero
3251 3738 3314 3776 ea
3343 3738 3465 3778 esse

1884 3820 2220 3883 canditione,
2255 3826 2314 3873 ut
2351 3817 2566 3871 funesta
2601 3825 2762 3884 atque
2810 3814 2987 3868 tristia
3043 3814 3302 3868 diuturna
3341 3831 3466 3884 per-

1883 3920 2156 3982 petuaque
2204 3909 2564 3978 trepidatione
2608 3907 2800 3962 timere
2851 3906 3073 3970 debeas,
3122 3907 3265 3960 bona
3300 3917 3464 3975 atque

1883 4006 2007 4060 laeta
2055 4017 2334 4073 nunquam
2383 4001 2676 4054 adventare
2707 3999 2915 4062 videas,
2949 3999 3226 4068 quomodo
3258 4015 3464 4066 suppu-

1886 4096 2146 4150 tationem
2209 4092 2364 4162 197
2425 4087 2694 4160 ejusmodi
2753 4097 2916 4154 atque
2977 4095 3147 4140 artem
3189 4102 3295 4138 non
3345 4087 3461 4154 ipsa

1885 4197 2065 4242 morte
2110 4185 2437 4239 amariorem
2467 4180 2741 4237 declarat?
2768 4179 2923 4244 Quod
2952 4185 3135 4231 autem
3181 4178 3327 4230 dicat
3356 4176 3461 4231 Ec-

1885 4279 2162 4335 clesiastes
2201 4295 2216 4332 :
2254 4296 2272 4328 ι
2311 4274 2548 4335 Circuivi
2599 4289 2700 4342 ego
2749 4283 2803 4326 et
2851 4287 2948 4326 cor
2985 4287 3192 4336 meum,
3227 4291 3245 4323 ›
3301 4285 3462 4326 nemo

1883 4381 2055 4443 putet,
2101 4369 2247 4424 aliud
2291 4382 2426 4422 voce
2453 4367 2588 4436 Ego,
2638 4365 2787 4420 aliud
2813 4379 2945 4418 voce
2987 4362 3091 4418 Cor
3133 4347 3453 4434 signiﬁcari.

1883 4463 2204 4519 lndividuus
2227 4460 2370 4515 enim
2398 4467 2481 4513 est
2508 4459 2692 4522 homo,
2723 4457 3006 4510 nominum
3031 4455 3158 4509 licet
3187 4455 3462 4522 signiﬁca-

184 4561 295 4612 κᾶν
327 4557 584 4628 διῄρηται
637 4560 756 4617 ταῖς
805 4557 1102 4626 σημασίαις
1142 4557 1250 4609 τῶν
1293 4555 1599 4626 ὀνομάτων·
1647 4558 1781 4611 ἀλλὰ

1885 4555 2130 4610 tionibus
2163 4553 2454 4606 dividatur.
2485 4550 2684 4603 Verum
2721 4549 2801 4603 sic
2829 4548 3032 4617 accipe,
3061 4557 3120 4601 ut
3163 4548 3238 4604 rei
3280 4549 3460 4618 inqui-

181 4650 503 4719 λογιζέσθω
525 4648 625 4718 τὴν
644 4648 750 4700 ἀπὸ
770 4647 996 4718 καρδίας
1021 4649 1114 4700 ἐπὶ
1135 4646 1212 4718 τῷ
1236 4648 1520 4718 πράγματι
1550 4649 1777 4721 ζήτησιν

180 4746 247 4797 τὸ
270 4741 573 4813 εἰρημένον
613 4741 827 4810 δηλοῦν.
857 4740 1206 4810 Παρεμπεδοί
1232 4739 1288 4792 δὲ
1315 4741 1410 4793 καὶ
1437 4757 1778 4813 κατακωμιρ-

186 4835 266 4887 δεῖ
301 4833 416 4886 τῶν
448 4830 708 4883 τοιούτων
738 4832 835 4901 τὴν
866 4830 1143 4902 ὲξαπάτην
1169 4832 1266 4884 καὶ
1293 4830 1379 4885 διὰ
1424 4831 1533 4885 τῶν
1558 4834 1777 4898 ἀαέσως

187 4928 483 4997 ἑπομένων
514 4924 703 4978 εἰπών.
733 4924 870 4996 Φησὶ
899 4923 1036 4996 γάρ’

260 5136 395 5190 Σὺν
427 5136 544 5203 τὴν
589 5135 878 5205 γυναῖκα,
934 5134 1069 5202 ἣτις
1105 5133 1235 5188 ἐστὶ
1269 5138 1629 5205 θηρευματα,
1681 5140 1780 5192 καὶ

180 5227 465 5296 day-ﬁrm
490 5227 705 5295 καρδία
727 5227 934 5296 αὐτῆς,
965 5227 1191 5297 δεσμὸς
1218 5231 1306 5292 εὶς
1330 5227 1528 5295 χεῖρας
1567 5228 1778 5297 αὐτῆς.

194 5321 452 5391 Ἀγαθός
490 5321 605 5387 πρὸ
646 5319 968 5387 προσώπου
1001 5319 1109 5373 τοῦ
1149 5317 1298 5372 Θεοῦ
1334 5318 1780 5385 ἐξαιρεθήσεται

182 5411 295 5468 ἀπ’
332 5409 530 5478 αὐτῆς
553 5451 570 5477 ,
621 5409 720 5463 καί
760 5410 1114 5478 ἁμαρτάνων
1150 5409 1655 5479 συλληφθήσεται
1710 5413 1781 5466 ἐν

183 5500 374 5570 αὐτῇ.

185 5617 461 5682 βνανιίίιιιε
494 5623 611 5680 est;
652 5614 742 5667 sed
769 5613 929 5666 reluti
955 5613 1176 5666 vinculis
1219 5613 1552 5683 quibusdam,
1586 5629 1650 5666 ac
1687 5631 1778 5667 ne-

180 5688 485 5746 cessitatis,
511 5694 569 5737 ut
593 5686 668 5738 ita
692 5685 887 5750 dicam,
906 5685 1124 5737 nexibus
1146 5684 1458 5738 constrictus
1485 5687 1554 5737 ad
1576 5696 1780 5738 utrum-

181 5776 294 5828 que
331 5757 621 5828 adducitur
660 5772 676 5807 :
711 5756 840 5807 nihil
871 5766 928 5806 ut
978 5755 1234 5828 reliquum
1259 5755 1364 5828 sit,
1392 5769 1494 5828 quo
1523 5772 1554 5828 α
1594 5755 1776 5808 bestiis

183 5825 442 5896 differat,
478 5827 568 5896 qui
607 5828 840 5878 omnium
869 5841 1051 5878 earum
1083 5825 1364 5893 imperium
1384 5826 1638 5878 divinitus
1675 5842 1774 5878 na-

184 5911 318 5953 ctus
351 5906 452 5951 εει.

483 5990 754 6054 Ρηαοι.
796 5991 913 6050 Gn.
943 5990 1214 6052 XCVIII.

1888 4647 2140 4703 sitionem
2171 4659 2202 4697 a
2239 4642 2401 4698 corde
2445 4643 2678 4711 pendere
2726 4641 2833 4696 illis
2878 4640 3060 4694 verbis
3100 4640 3456 4710 signiﬁcetur.

1886 4736 2067 4807 Pergit
2087 4750 2248 4805 porro
2268 4731 2570 4804 priestigias
2600 4732 2830 4786 istorum
2854 4741 2909 4785 et
2933 4729 3176 4785 fallacias
3199 4731 3460 4800 perstrin-

1886 4844 2012 4899 gere
2046 4827 2112 4882 iis
2141 4826 2324 4884 etiam.
2351 4839 2473 4895 qua:
2505 4823 2753 4894 protinus
2783 4832 3104 4893 sequuntur.
3139 4822 3229 4875 Ait
3260 4823 3403 4876 enim
3437 4840 3456 4877 :

1765 5041 1894 5113 sv.

1955 5139 2121 5197 Vsus.
2152 5139 2244 5194 26.
2284 5138 2557 5192 Mulierem
2583 5154 2699 5207 quin
2723 5147 2800 5190 est
2829 5139 3004 5206 laquei
3042 5149 3364 5199 venatorum,
3404 5145 3454 5190 et

1884 5250 2088 5303 sugente
2133 5249 2222 5286 cor
2253 5232 2388 5300 ejus,
2421 5231 2683 5285 vinculum
2712 5233 2766 5282 in
2800 5233 3038 5284 manibus
3085 5231 3218 5300 ejus.
3273 5229 3453 5284 Bonus

1883 5341 2060 5378 coram
2087 5324 2190 5378 Deo
2218 5335 2433 5377 eruetur
2465 5325 2529 5376 ab
2573 5339 2656 5389 ea,
2687 5331 2735 5375 et
2765 5323 2854 5392 qui
2883 5333 3080 5392 peccat,
3125 5325 3362 5391 capietur
3401 5325 3453 5377 iu

1880 5418 1979 5472 illa
2006 5418 2141 5488 (94).

1954 5617 2066 5687 (9.1)
2108 5614 2244 5688 LXX
2297 5616 2498 5688 habent
2549 5615 2804 5688 θηρευμα
2855 5633 2952 5685 pro
3001 5615 3343 5688 θηρεύματα.
3385 5617 3455 5676 At

1883 5686 2016 5740 vero
2065 5688 2117 5740 in
2157 5686 2634 5742 Constitutionibus
2685 5688 2988 5754 apostolicis
3027 5686 3298 5743 sententia
3345 5701 3452 5744 tota

1883 5759 1962 5812 sic
1991 5757 2214 5830 affertur
2246 5757 2362 5828 (lib.
2402 5774 2440 5820 ι,
2473 5775 2519 5810 c.
2546 5758 2640 5830 "9):
2688 5759 2959 5828 Ἐμίσησα
2995 5759 3134 5830 ὑπὲρ
3165 5761 3255 5812 τὸν
3287 5759 3453 5812 θάνα-

1882 5844 1972 5878 τον
1998 5827 2100 5904 σὺν
2128 5828 2228 5904 τῂν
2254 5827 2503 5904 γυναῖκα,
2526 5829 2660 5904 -ἧτις
2688 5830 2804 5904 ἐστὶ
2836 5827 3085 5900 θηρευμα
3108 5827 3214 5884 καὶ
3242 5832 3452 5904 σαγήνη

1883 5898 2132 5970 καρδίας,
2165 5899 2353 5968 δεσμοὶ
2376 5899 2433 5952 δὲ
2462 5900 2644 5970 χεῖρες
2674 5901 2863 5972 αὐτῆς,
2893 5898 2922 5900 ⁷“
3013 5898 3022 5900 ‘
3327 5898 3332 5900 -
3374 5898 3385 5903 -
3441 5898 3462 5918 -,

3018 5995 3094 6054 33
