4114 6514
669 398 804 463 1035

1784 395 1848 457 S.
1903 394 2279 456 GREGORII
2322 394 2834 457 AGRIGENTINI

3792 397 3907 461 1036

736 514 1075 565 Amartorem
1110 514 1284 561 morte
1310 520 1432 559 cum
1466 505 1665 559 dixerit
1699 506 1971 561 calculum
2008 508 2241 563 astrolo-

2419 508 2648 578 Πικροτέ
2658 524 2755 578 ραν
2773 506 3002 559 θανάτου
3016 506 3111 577 τὴν
3132 506 3313 576 ψῆφον
3334 505 3440 560 τῶν
3458 507 3790 577 ἀστρολόγων
3807 528 3911 563 κατ-

665 620 882 676 gorum,
913 602 982 655 ob
1021 615 1214 654 vanam
1253 600 1459 654 scilicet
1486 598 1903 669 occupationem
1930 610 1984 655 et
2027 601 2242 655 labores

664 696 906 761 inutiles,
930 708 1070 764 quos
1092 708 1276 748 secum
1300 692 1474 757 affert,
1497 693 1743 747 eamdem
1762 692 1875 763 jam
1898 703 2069 749 artem
2092 694 2245 749 adul-

664 802 795 845 terae
823 789 1193 859 improbaeque
1223 786 1440 843 feminae
1469 796 1774 857 comparat,
1815 803 1938 858 qua:
1992 787 2244 842 homines

664 883 913 937 incautos
950 880 1223 935 demulcet
1270 895 1334 934 ac
1387 879 1641 942 fascinat,
1705 888 1760 934 et
1808 887 2132 935 venatorum
2181 894 2246 933 ac

663 975 998 1045 piscatorum
1037 988 1184 1027 more
1235 973 1443 1027 retibus
1494 972 1743 1042 impedit,
1784 972 1966 1041 specie
2019 971 2143 1043 ejus
2192 981 2246 1026 et

616 1064 625 1139 ζ
663 1066 954 1136 colloquiis
980 1075 1187 1134 captos,
1212 1075 1374 1134 atque
1408 1065 1461 1118 in
1484 1064 1691 1134 peccati
1726 1064 1954 1133 laqueus
1986 1073 2248 1118 mortem-

662 1174 768 1230 que
795 1158 1139 1213 transmittit.
1167 1156 1303 1211 Nam
1329 1157 1487 1212 dolos
1516 1156 1701 1213 animo
1730 1157 2014 1220 meditata,
2039 1165 2094 1211 et
2122 1172 2245 1211 cor-

663 1253 997 1323 ruptelarum
1048 1252 1313 1306 instructa
1362 1250 1654 1317 illecebris,
1705 1258 1963 1320 tanquam
1999 1251 2246 1305 marinus

662 1346 896 1417 polypus
928 1343 1193 1414 quasdam
1235 1343 1399 1397 veluti
1423 1358 1639 1408 manus,
1668 1343 1891 1399 ﬂoridos
1922 1358 1986 1398 ac
2018 1359 2249 1398 suaveo-

664 1438 837 1493 lentes
864 1437 1099 1506 explicat
1129 1436 1331 1497 crines,
1365 1434 1720 1503 subdolisque
1750 1449 1847 1490 usa
1874 1434 2245 1500 sermonibus,

663 1532 819 1600 quasi
879 1531 1155 1594 funiculis,
1215 1530 1386 1600 illigat
1435 1539 1775 1599 venaturque
1832 1529 2243 1599 simpliciores:

663 1622 756 1691 qui
792 1621 1011 1691 quidem
1040 1638 1071 1675 e
1098 1621 1324 1674 nefariis
1350 1620 1598 1689 corporis
1635 1612 2009 1689 voluptatibus
2043 1620 2249 1689 paulis-

663 1730 761 1784 per
781 1714 1120 1768 dulcedinem
1144 1712 1380 1782 aliquam
1403 1712 1641 1781 experiri
1668 1712 1773 1767 sibi
1797 1713 2086 1779 videntur;
2117 1713 2247 1766 sub-

664 1805 791 1859 inde
820 1815 999 1858 autem
1035 1812 1199 1873 atque
1230 1804 1368 1856 intra
1394 1803 1556 1858 breve
1588 1810 1799 1873 tempus
1826 1804 2093 1873 ejusmodi
2124 1804 2247 1859 dul-

664 1897 907 1951 cedinem
943 1894 1066 1949 felle
1094 1896 1445 1962 amariorem,
1494 1904 1548 1950 et
1581 1894 1726 1950 ferro
1760 1897 1983 1967 ancipiti
2036 1899 2253 1953 acutio—'
2275 1865 2322 1925 Β

665 2006 780 2045 rem
813 1988 1108 2044 invenient.
1136 1987 1427 2041 Enimvero
1459 1987 1635 2042 simile
1663 1988 1946 2058 quidpiam
1981 1989 2036 2042 in
2071 1998 2247 2044 astro-

664 2082 914 2154 logorum
958 2080 1121 2134 etiam
1158 2087 1274 2133 arte
1309 2078 1433 2148 quis
1473 2088 1659 2149 aperte
1692 2080 1929 2149 reperiat
1969 2081 2103 2151 (95).
2138 2081 2245 2137 De-

665 2175 967 2229 mulcentes
988 2172 1134 2227 enim
1158 2186 1222 2226 ac
1240 2170 1616 2241 pertrahentes
1640 2172 1977 2227 initiatorum
2001 2175 2246 2229 animum

663 2266 942 2334 voluptate
989 2263 1080 2317 illa
1134 2271 1298 2332 atque
1358 2262 1666 2330 dulcedine,
1725 2280 1891 2335 quam
1958 2268 2247 2337 promissis

664 2359 821 2413 aiunt
846 2355 1176 2411 sublimibus
1209 2364 1263 2409 et
1292 2354 1453 2425 198
1476 2355 1814 2426 ingentibus,
1851 2366 2111 2428 tanquam
2154 2360 2248 2429 qui

665 2451 1028 2522 cognitionem
1100 2462 1284 2502 rerum
1336 2447 1580 2502 omnium
1639 2449 1899 2515 habeant,
1960 2463 2015 2506 et
2063 2451 2247 2507 futura

667 2542 1019 2612 praevideant,
1049 2548 1101 2593 et
1130 2539 1312 2594 abdita
1339 2554 1571 2609 qumque
1601 2540 2032 2611 deprehendant,
2072 2544 2123 2597 in
2158 2559 2247 2597 er-

666 2635 809 2688 roris
833 2642 994 2703 atque
1028 2632 1279 2687 interitus
1324 2646 1581 2702 sagenam
1627 2634 1936 2703 impellunt,
1975 2643 2030 2689 et
2066 2635 2247 2690 inutili

665 2727 826 2797 plane
862 2740 1124 2795 variaeque
1151 2724 1498 2793 occupationi
1539 2739 1603 2779 ac
1656 2726 1913 2781 inanibus
1969 2727 2249 2782 laboribus

666 2818 987 2889 subjiciunt.
1045 2817 1290 2871 Elabitur
1324 2832 1454 2870 vero
1485 2825 1649 2887 atque
1709 2819 1890 2873 avolat
1920 2835 2064 2875 unus
2098 2830 2249 2875 certo

667 2912 732 2965 ab
768 2928 851 2975 ea,
887 2911 937 2964 id
972 2920 1055 2965 est
1084 2910 1153 2965 ab
1183 2918 1417 2979 utraque
1448 2909 1593 2980 (nam
1625 2910 1758 2965 illud
1791 2910 1855 2964 ab
1888 2928 1949 2966 ea
1980 2911 2250 2968 Ecclesia-

667 3019 777 3064 stes
809 3007 1094 3063 communi
1137 3006 1536 3074 significatione
1570 3007 1876 3080 usurpavit)
1923 3010 2008 3064 vir
2051 3026 2249 3081 nempe

666 3104 870 3174 probus
906 3114 961 3157 et
992 3102 1246 3170 diligens,
1282 3103 1499 3158 honesti
1529 3111 1744 3157 amator
1771 3100 1993 3174 Deoque
2022 3104 2244 3160 charus.

666 3194 783 3249 Hoc
809 3196 954 3249 enim
997 3194 1201 3249 indicat
1232 3195 1339 3250 illis
1361 3196 1541 3251 verbis
1587 3215 1605 3246 ‹
1651 3210 1837 3250 coram
1875 3194 2003 3260 Deo,
2041 3214 2059 3247 ι
2097 3196 2247 3250 Ami—
2275 3212 2317 3267 ε

658 3300 791 3339 cum
816 3286 1060 3339 veritatis
1082 3285 1399 3355 designans,
1428 3296 1480 3340 et
1506 3285 1598 3356 qui
1625 3284 1737 3340 Deo
1762 3286 2108 3355 potissimum
2137 3286 2251 3355 pla-

666 3394 790 3432 cere
817 3380 1054 3433 studeat.
1084 3378 1557 3444 Quemadmodum
1587 3393 1617 3434 c
1642 3380 1922 3434 contrario
1948 3381 2043 3450 qui
2083 3394 2250 3450 pravo

666 3471 852 3526 animo
884 3481 939 3526 et
973 3471 1263 3527 inhonesto
1294 3470 1349 3525 in
1384 3485 1448 3525 ea
1491 3481 1759 3537 versetur,
1792 3471 1939 3526 hunc
1980 3473 2248 3543 superari,

669 3572 727 3616 ut
760 3578 859 3631 par
916 3570 1019 3628 est,
1070 3570 1235 3632 atque
1286 3563 1676 3632 comprehendi
1723 3561 1881 3617 dixit.
1916 3564 2005 3618 Ait
2057 3565 2247 3619 enim:

673 3675 691 3707 ι
726 3655 791 3709 Ει
825 3655 918 3725 qui
960 3664 1171 3725 peccat,
1212 3655 1459 3725 capietur
1501 3656 1556 3708 in
1607 3653 1732 3720 illa;
1772 3674 1792 3707 ι
1837 3655 1891 3708 id
1925 3663 2008 3709 est
2039 3663 2147 3709 tam
2182 3655 2251 3711 ab

668 3749 915 3803 adultera
945 3747 1199 3817 malaque
1228 3745 1451 3809 femina,
1487 3762 1652 3816 quam
1683 3747 1751 3801 ab
1779 3746 1896 3817 ipsa
1923 3756 2040 3802 arte
2068 3748 2252 3803 calcu-

668 3841 806 3896 laria
830 3839 1251 3910 astrologorum.
1278 3836 1415 3893 Nam
1444 3840 1535 3909 qui
1569 3854 1719 3909 spem
1747 3839 1801 3893 in
1830 3839 2062 3895 Domino
2093 3856 2249 3896 suam

670 3947 776 3987 non
802 3930 1114 3997 collocavit,
1140 3945 1242 3986 nec
1266 3931 1443 3998 ipsum
1479 3947 1650 3985 unum
1680 3932 1852 3987 credit
1878 3948 1942 3987 ac
1965 3932 2251 4003 profitetur

667 4034 949 4081 auctorem
991 4024 1342 4089 smculorum,
1378 4032 1432 4078 et
1456 4023 1664 4088 omnia,
1692 4039 1816 4095 quae
1841 4034 1991 4092 sunt,
2022 4035 2075 4080 et
2097 4041 2251 4080 com-

664 4117 993 4186 plectentem
1024 4124 1079 4169 et
1101 4114 1492 4186 gubernantem
1519 4125 1575 4168 et
1603 4124 2050 4182 conservantem';
2087 4116 2134 4171 is
2164 4116 2250 4170 in-

668 4207 949 4263 fidelitatis
980 4221 1094 4260 suae
1124 4220 1186 4260 ac
1225 4204 1625 4275 desperationis
1660 4205 1889 4260 vinculis
1919 4206 2248 4276 catenisque

669 4302 1088 4371 constringitur.

734 4484 804 4537 At
838 4481 931 4536 ubi
968 4495 1117 4535 nunc
1161 4488 1309 4542 sunt,
1355 4478 1450 4548 qui
1495 4478 1802 4549 astrologia:
1838 4477 2248 4533 exercitationi-

2345 602 2615 669 ονομάσας
2630 600 2718 653 διὰ
2738 600 2796 651 τὸ
2822 600 3059 669 ματαίαν
3075 600 3333 670 ἀσχολίαν
3352 600 3496 670 ἔχειν
3515 602 3606 653 καὶ
3631 601 3913 670 φιλοπονίαν

2346 694 2626 763 ἀνόνητον,
2659 692 2961 745 ἀπείκασεν
3000 692 3170 763 αὐτὴν
3205 691 3300 745 νῦν
3333 691 3914 763 μοιχαλίδικαὶπονηρᾷ

2346 786 2567 851 γυναικὶ
2616 784 3031 855 καταθελγούσῃ
3071 786 3165 838 καὶ
3200 784 3679 855 καταγοητευούσῃ
3722 788 3803 837 καὶ
3829 786 3912 857 θη⁴

2352 874 2583 945 ρευούσῃ
2602 876 2693 926 καὶ
2713 874 3087 945 σαγηνευούσῃ
3105 876 3223 937 ταῖς
3239 873 3441 944 ἄρκυσι
3456 876 3565 927 τῶν
3583 875 3755 944 λόγων
3769 876 3914 946 αὐτῆς

2347 967 2440 1019 καὶ
2458 966 2754 1036 σχημάτων
2771 968 2898 1030 τοὺς
2914 966 3220 1037 ἀπροσεξία
3243 966 3542 1031 συζῶντας,
3559 968 3656 1019 καὶ
3686 970 3811 1039 πρὸς
3830 972 3918 1021 πά-

2349 1073 2452 1127 γην
2464 1074 2540 1109 πα
2549 1056 2916 1129 ραπεμπούσῃ
2928 1057 3027 1127 τῆς
3040 1058 3315 1128 ἁμαρτίας
3328 1059 3424 1111 καὶ⁵
3435 1058 3683 1113 θάνατον.
3697 1061 3919 1113 Meistr}:-

2350 1166 2419 1202 σα
2447 1149 2558 1219 γάρ
2588 1152 2646 1202 ἐν
2664 1153 2729 1220 τῇ
2750 1151 2947 1221 καρδίᾳ
2964 1154 3058 1203 καὶ
3076 1151 3518 1221 διενθυμουμένη
3550 1153 3920 1224 συλλογισμοὺς

2346 1244 2446 1314 τῆς
2470 1242 2750 1314 ἐξαπάτης
2780 1246 2874 1296 καὶ
2920 1243 3305 1315 βεϐηλώσεως,
3355 1245 3547 1315 ὥσπερ
3594 1249 3621 1299 ὁ
3652 1247 3921 1311 θαλάσσιος

2348 1334 2649 1401 πολύπους,
2679 1332 2792 1389 οἷόν
2842 1355 2992 1401 τινας
3018 1341 3210 1409 χεῖρας
3243 1340 3623 1408 ἐφαπλώσασα
3657 1344 3785 1403 τοὺς
3804 1343 3922 1394 πλο·

2349 1429 2563 1499 κάμους
2599 1429 2709 1482 τῶν
2740 1430 3123 1502 ἀνθηροτέρων
3150 1432 3459 1502 βαμμάτων
3495 1426 3590 1487 καὶ
3611 1436 3742 1497 τοὺς
3761 1436 3919 1499 κάλως

2348 1520 2456 1573 τῶν
2490 1522 2786 1593 ἀπατηλῶν
2806 1523 3001 1591 λόγων,
3025 1524 3220 1594 δεσμοί
3256 1528 3351 1578 καὶ
3402 1526 3627 1597 θηρεύει
3661 1529 3786 1589 τοὺς
3810 1528 3922 1580 ἀκε-

2354 1613 2708 1684 ραιοτέρους·
2746 1616 2795 1667 οἳ
2850 1615 3076 1669 δοκοῦσι
3126 1615 3516 1684 γλυκαίνεσθαι
3568 1620 3707 1689 πρὸς
3750 1619 3920 1690 βραχὺ.

2348 1708 2471 1768 ταῖς
2492 1709 2787 1777 σαρκικαῖς
2824 1709 2920 1760 καὶ
2965 1707 3286 1777 βδελυκταῖς
3341 1711 3581 1780 ἡδοναῖς,
3631 1712 3849 1784 ὕστερον
3876 1714 3924 1767 δὲ

2350 1798 2610 1868 καὶμετά
2637 1800 2835 1869 μικρὸν
2878 1802 3219 1872 πικροτέραν
3273 1802 3442 1873 χολῆς
3491 1806 3795 1876 εὑρήσουσι
3840 1808 3926 1876 τὴν

2348 1889 2605 1960 τοιαύτην
2635 1890 2975 1961 γλυκύτητα,
3008 1894 3103 1946 καὶ
3142 1893 3345 1961 μᾶλλον
3376 1896 3636 1965 διστόμου
3673 1899 3927 1971 μαχαίρας

2347 1984 2718 2055 ὴκονημένην.
2773 1986 3168 2057 Παραπλήσιον
3212 1987 3270 2040 δέ
3323 2006 3409 2052 τις
3460 1990 3710 2061 εὑρίσκει
3762 1992 3930 2061 σαφῶς

2350 2074 2490 2129 κάπὶ
2523 2078 2589 2146 τῇ
2618 2075 2786 2149 τέχνῃ
2815 2076 2923 2128 τῶν
2946 2077 3315 2147 ἀστρολόγων.
3348 2081 3797 2150 Καταθέλγοντες
3838 2084 3935 2152 γὰρ

2348 2168 2442 2222 καὶ
2468 2168 2879 2238 παρασύροντες
2907 2169 3016 2222 τῶν
3047 2170 3424 2241 εἰσαγομένων
3452 2174 3544 2227 τὸν
3577 2178 3707 2227 νοῦν
3729 2176 3819 2229 διά
3851 2177 3934 2246 τῆς

2347 2257 2544 2329 ἡδονῆς
2592 2261 2687 2312 καὶ
2728 2258 3073 2329 γλυκύτητος
3123 2260 3235 2313 τῶν
3286 2263 3507 2332 ὑψηλῶν
3559 2269 3657 2318 καὶ
3697 2269 3932 2336 μεγάλων

2348 2349 2688 2418 ἐπαγγελιῶν
2722 2350 2832 2403 τῶν
2858 2350 2951 2403 ἐπὶ
2981 2355 3046 2423 τῇ
3079 2352 3341 2406 παντελεῖ
3368 2356 3570 2424 γνώσει
3597 2358 3713 2411 τῶν
3759 2359 3929 2425 ὅντων,

2349 2443 2441 2496 καὶ
2464 2446 2530 2515 τῇ
2560 2443 2671 2497 τῶν
2695 2442 3002 2514 μελλόντων
3030 2448 3342 2519 προρρήσει
3374 2450 3469 2503 καὶ
3489 2450 3803 2521 καταλήψει
3842 2454 3935 2507 τῶν

2350 2536 2596 2604 ἀφανῶν,
2620 2539 2700 2600 είς
2732 2537 2831 2606 τὴν
2853 2537 2949 2605 τῆς
2974 2537 3255 2611 ἐξαπάτης
3287 2543 3381 2595 καὶ
3420 2544 3518 2615 τὴν
3543 2547 3646 2615 τῆς
3674 2546 3938 2607 ἀπωλείας

2349 2629 2685 2700 ἐμϐάλλουσι
2741 2631 3007 2701 σαγήνην,
3038 2631 3178 2700 πρὸς
3226 2635 3485 2707 ἀνόνητον
3542 2640 3638 2691 καὶ
3688 2643 3939 2711 περιττὴν

2349 2722 2606 2792 ἀσχολίαν
2643 2724 2738 2776 καὶ
2771 2722 3170 2793 ματαιοπονίαν
3213 2727 3745 2795 καθυποϐἀλλοντες.
3788 2734 3940 2787 Ἀποο

2348 2812 2629 2884 διδράσκει
2655 2814 2710 2867 δὲ
2745 2816 2839 2869 καὶ
2869 2818 3240 2888 ὑπερίπταται
3268 2820 3430 2889 μόνος
3446 2823 3643 2892 ’σαφῶς
3686 2844 3706 2875 ι
3746 2826 3943 2881 ἀπἀὐ-

2348 2905 2469 2976 τῆς,
2513 2925 2530 2957 ι
2577 2908 2821 2977 δηλονότι
2864 2911 2963 2980 τῆς
3025 2910 3339 2982 ἑκατέραςο
3404 2915 3549 2968 κατὰ
3602 2919 3786 2971 κοινοῦ
3841 2920 3941 2991 γὰρ

2351 2996 2557 3069 ἐλήφθη
2579 2998 2659 3069 τῷ
2698 2999 3101 3075 Ἐκκλησιαπῇ
3131 3002 3379 3073 δηλονότι
3419 3008 3482 3060 τὸ
3531 3008 3639 3062 ἀπ’
3660 3010 3853 3080 αὐτῆς
3872 3029 3889 3045 ⁸
3917 3017 3941 3068 ό

2350 3090 2557 3159 ἀγαθὸς
2579 3092 2673 3145 καὶ
2691 3092 2977 3157 σπουδαῖος
3007 3096 3399 3167 εὑρισκόμενος
3414 3100 3704 3174 ἄνθρωπος
3734 3106 3831 3158 καὶ
3859 3125 3940 3175 φι-

2351 3182 2577 3246 λόκαλος
2601 3185 2696 3237 καὶ
2712 3183 3166 3256 θεοφιλής.Τοῦτο
3187 3190 3297 3262 γάρ
3319 3194 3599 3262 σημαίνει,
3625 3215 3645 3247 ι
3660 3198 3767 3268 πρὸ
3782 3214 3940 3269 προσ-

2352 3275 2505 3331 ώπου
2547 3278 2643 3332 τοῦ
2678 3278 2814 3333 Θεοῦ
2846 3321 2862 3346 ,
2902 3299 2921 3333 ι
2981 3282 3073 3338 τὸν
3103 3284 3345 3359 ἐραστήν
3373 3288 3473 3359 τῆς
3517 3291 3810 3362 ἀληθείας,
3858 3296 3943 3349 καὶ

2353 3371 2482 3441 περὶ¹
2519 3372 2720 3426 πολλοῦ
2754 3374 3081 3446 ποιούμενον
3113 3378 3213 3451 τὴν
3258 3380 3410 3435 θείαν
3443 3383 3746 3454 ἀρέσκειαν
3776 3390 3943 3444 αἰνιτ·

2353 3463 2598 3534 τόμενος.
2617 3466 2830 3539 Ὥσπερ
2866 3468 2962 3521 καὶ
3014 3470 3076 3524 τὸ
3107 3470 3347 3542 ἔμπαλιν
3375 3476 3467 3530 τὸν
3495 3477 3695 3549 ἔχοντα
3742 3483 3944 3553 φαύλην

2354 3556 2449 3609 καὶ
2477 3558 2773 3627 μισόκαλον
2818 3562 3047 3636 γνώμην
3097 3568 3158 3621 ἐν
3199 3565 3362 3639 αὐτῇ,
3418 3574 3801 3643 κεκρατῆσθαι
3859 3580 3944 3629 καὶ

2354 3648 2828 3719 συλλαμϐάνεσθαι
2861 3655 3006 3708 κατά
3035 3655 3096 3709 τὸ
3124 3658 3418 3712 ἀκόλουθον
3450 3655 3599 3718 εἶπε.
3631 3665 3775 3735 Φησὶ
3809 3667 3940 3735 γάρ·

2357 3757 2377 3790 ι
2409 3741 2519 3795 Καὶ
2538 3742 2872 3814 ἁμαρτάνων
2894 3745 3334 3821 συλληφθήσεται
3362 3753 3420 3806 ἐν
3443 3754 3583 3825 αὐτῇ
3608 3771 3624 3786 ·
3658 3776 3677 3808 ι
3703 3757 3939 3828 δηλονότι

2352 3832 2446 3885 καὶ
2475 3836 2539 3905 τῇ
2573 3836 2843 3906 μοιχαλίδι
2869 3839 2963 3893 καὶ
2985 3843 3206 3914 πονηρᾷ
3233 3846 3476 3912 γυναικὶ,
3510 3847 3606 3900 καὶ
3639 3850 3831 3918 μέντοι
3861 3853 3944 3904 καὶ

2351 3928 2420 3997 τῇ
2448 3926 2765 4002 ψηφοφορία
2792 3931 2901 3985 τῶν
2924 3933 3297 4005 ἀστρολόγων.
3344 3938 3400 3991 'U
3423 3940 3534 4011 γὰρ
3562 3942 3668 3994 οὐκ
3696 3943 3840 4013 ἔχων
3858 3946 3944 3998 ἐπὶ

2351 4019 2559 4090 Κύριον
2583 4022 2687 4085 τὰς
2712 4022 2955 4089 ἐλπίδας,
3005 4026 3103 4082 καὶ
3138 4029 3299 4098 μόνον
3342 4032 3503 4086 αὐτὸν
3538 4036 3816 4087 πιστεύων
3857 4039 3945 4089 καὶ

2350 4113 2739 4181 καταγγέλλων
2793 4117 3026 4190 ποιητὴν
3057 4120 3167 4173 τῶν
3210 4124 3445 4177 αἰωνίων
3484 4126 3577 4177 καὶ
3630 4130 3947 4181 συνεκτικὸν

2351 4204 2567 4258 πάντων
2583 4206 2692 4259 τῶν
2708 4206 2895 4273 ὄντων,
2921 4212 3017 4263 καὶ
3042 4213 3385 4287 κυϐερνήτην
3404 4216 3498 4270 καὶ
3522 4222 3816 4283 σωστικδν,
3830 4223 3945 4284 ταῖς

2352 4299 2557 4367 σειραῖς
2581 4298 2944 4368 συσφίγγεται
2974 4302 3073 4374 τῆς
3094 4305 3233 4371 ἰδίας
3252 4308 3513 4370 ἀπιστίας
3542 4312 3635 4364 καὶ
3669 4315 3771 4383 τῆς
3795 4313 3945 4365 ἀνελ-

2351 4389 2572 4454 πιστίας

2434 4482 2595 4538 Ἀλλά
2620 4483 2724 4537 ποῦ
2766 4485 2859 4539 νῦν
2893 4489 3032 4542 εἰσιν
3064 4490 3114 4543 οἱ
3158 4494 3275 4555 ταῖς
3326 4496 3749 4564 ἀστρολογικαῖς
3780 4499 3943 4567 ἀσχο-

666 4575 771 4629 bus
802 4584 965 4642 atque
1000 4571 1499 4642 supputationibus,
1530 4580 1797 4640 quantum
1825 4580 1926 4633 est,
1956 4571 2078 4625 vita:
2110 4586 2248 4640 pra:-

2352 4572 2494 4637 λίαις
2530 4577 2623 4628 καὶ
2674 4576 3044 4651 ψηφοφορίαις
3074 4582 3134 4635 τὸ
3194 4557 3444 4655 χρονικὸν
3503 4557 3796 4658 διάστημα
3852 4557 3945 4657 τῆς

668 4665 837 4719 sentis
877 4664 1116 4733 spatium
1174 4663 1481 4727 insumunt,
1536 4672 1589 4717 et
1640 4664 1696 4717 in
1746 4662 1974 4718 sidereis
2008 4663 2249 4719 motibus

669 4765 832 4824 atque
855 4754 1167 4823 aspectibus
1188 4753 1618 4823 contemplandis
1648 4762 1814 4823 atque
1838 4753 1980 4808 inter
2009 4769 2069 4809 se
2094 4769 2248 4808 com-

658 4844 927 4917 parandis
973 4844 1248 4915 occupati,
1295 4844 1593 4898 humanam
1648 4844 1717 4897 ab
1749 4843 1835 4897 bis
1882 4843 2050 4897 vitam
2085 4852 2249 4913 atque

667 4939 1197 4996 administrationem
1248 4938 1362 5009 regi
1416 4938 1663 5008 jactant,
1724 4952 1899 5007 eoque
1954 4937 2248 5007 impietatis

666 5033 860 5087 morbo
894 5032 1166 5095 laborant,
1199 5045 1363 5100 quem
1390 5028 1752 5084 disertissime
1776 5028 1998 5098 sapiens
2029 5043 2249 5099 quoque

664 5122 1024 5178 Ecclesiastes
1068 5122 1448 5178 demonstrare
1482 5136 1609 5175 cum
1662 5118 1843 5187 vellet,
1890 5119 2073 5174 dixit:
2118 5139 2136 5170 ι
2180 5118 2249 5174 Ut

666 5217 1076 5273 considerarem
1105 5224 1159 5270 et
1181 5228 1481 5285 quaererem
1512 5211 1833 5282 sapientiam
1866 5220 1920 5266 et
1949 5212 2243 5276 calculum,

662 5316 721 5362 et
752 5315 812 5361 ut
838 5320 1227 5377 cognoscerem
1261 5304 1413 5373 impii
1445 5302 1731 5357 stultitiam
1765 5309 1820 5355 et
1851 5301 2242 5358 turbulentiam

665 5400 1248 5456 etcircumactionem.
1288 5415 1308 5449 ι
1337 5394 1598 5461 Videsne,
1638 5394 2056 5465 appellationem
2089 5396 2245 5466 impii

648 5511 698 5550 Va
726 5495 924 5550 divinis
976 5492 1196 5548 Litteris
1254 5491 1561 5562 astrologia:
1612 5488 1871 5545 studiosis
1920 5488 2236 5545 attributam

740 5649 852 5720 (95)
918 5650 1053 5705 Rem
1129 5650 1377 5708 eamdem
1437 5650 1868 5723 Olympiodorus
1922 5653 2245 5709 brevissime

660 5724 1006 5795 complexus,
1059 5724 1173 5777 ait:
1206 5724 1419 5795 Ὥσπερ
1462 5724 1581 5795 γὰρ
1633 5724 1814 5792 ἐκείνη
1853 5723 2076 5792 θηρεύει
2117 5727 2242 5788 τοὺς

664 5792 815 5853 νέους
850 5792 1029 5860 λόγοις
1058 5792 1359 5863 ἀπατηλοῖς
1380 5792 1397 5822 ’⁷
1426 5792 1572 5846 οὕτω
1606 5796 1697 5846 καὶ
1744 5795 1882 5861 αῦτη
1920 5798 2047 5859 τοὺς
2082 5795 2246 5863 ἄφρο-

663 5878 782 5925 νας,
806 5863 1183 5933 συλλογισμῶν
1207 5864 1448 5933 σαγήνας
1477 5864 1772 5919 πλέκουσα.
1804 5864 2010 5936 Nempe
2039 5881 2051 5918 :
2090 5866 2241 5921 Sicut

2350 4666 2637 4736 παρούσης
2694 4667 2843 4738 ζωῆς
2876 4670 3283 4741 ἀναλίσκοντες,
3316 4677 3414 4729 καὶ
3443 4680 3565 4740 ταῖς
3612 4681 3950 4750 παρατηρή-

2350 4776 2467 4811 σεσι
2493 4760 2600 4814 τῶν
2652 4762 2917 4832 ἀστρῴων
2950 4768 3217 4835 κινήσεων
3267 4769 3359 4821 καὶ
3396 4770 3635 4839 σχέσεων
3669 4773 3784 4825 τῶν
3816 4772 3947 4843 πρὸς

2347 4851 2609 4920 ἀλλήλους
2628 4852 2720 4906 τὸν
2748 4855 2873 4908 νοῦν
2902 4856 3307 4926 ὲφιστάνοντες,
3338 4862 3433 4913 καὶ
3465 4862 3675 4915 τούτων
3705 4865 3945 4934 ἐξηρτῆ-

2350 4941 2473 4995 σθαι
2496 4943 2595 5015 τὴν
2623 4944 2974 5017 ἀνθρωπίνην
3006 4944 3153 5020 ζωὴν
3182 4951 3277 5005 καὶ
3300 4950 3567 5021 διοίκησιν
3589 4954 3947 5022 διαγγέλλον-

2346 5051 2458 5098 τες,
2490 5035 2584 5088 καὶ
2606 5035 2875 5109 τοσαύτην
2917 5040 3201 5105 νοσοῦντες
3259 5042 3539 5109 ἀσέϐειαν,
3572 5045 3640 5113 ἦν
3684 5049 3950 5113 ἐκφαντι-

2345 5126 2566 5181 κώτατα
2607 5131 2890 5201 παριστῶν
2916 5131 3014 5185 καὶ
3043 5135 3070 5185 ὁ
3092 5135 3257 5203 σοφὸς
3276 5134 3716 5208 Ἐκκλησιαστὴς
3748 5138 3947 5208 ἔφησεν

2350 5236 2369 5269 ι
2396 5219 2863 5291 Κατασκέψασθαι
2887 5225 2983 5277 κα)⁸
3002 5224 3237 5296 ζητῆσαι
3263 5227 3457 5296 σοφίαν
3486 5232 3582 5282 καὶ
3609 5229 3830 5301 ψῆφον,
3859 5235 3952 5281 καὶ

2343 5309 2433 5363 τοῦ
2461 5311 2663 5380 γνῶναι
2693 5314 2926 5379 ἀσεϐοῦς
2945 5318 3260 5389 ἀφροσύνην
3286 5323 3382 5372 καί⁵
3411 5321 3543 5393 ὀχλη
3555 5323 3676 5392 ρίαν
3704 5325 3809 5376 καὶ
3853 5338 3953 5374 πε-

2356 5406 2605 5476 ριφοράν.
2647 5426 2665 5459 ι
2716 5408 2880 5480 Ὀρᾷς
2917 5411 3013 5482 τὴν
3042 5415 3340 5482 ὀνομασίαν
3388 5417 3483 5469 τοῦ
3534 5419 3773 5479 ἀσεϐοῦς
3840 5418 3951 5476 τοῖς

2346 5498 2767 5567 ἀστρολογοῦσιν
2830 5502 3371 5577 ἀποκεκληρωμένην
3428 5508 3580 5578 παρὰ
3634 5511 3733 5580 τῆς
3795 5510 3948 5569 θείας

2343 5660 2481 5738 enim
2523 5664 2620 5717 illa
2661 5665 2868 5719 blandis
2904 5669 3233 5721 sermonibus
3276 5670 3527 5738 juvenes,
3584 5656 3669 5723 ila.
3700 5673 3820 5722 lmic
3852 5684 3942 5719 ar:

2343 5734 2530 5810 stultos
2545 5746 2804 5810 _venatur,
2835 5738 3259 5810 syllogismorum
3276 5734 3579 5809 vintplicans
3614 5744 3838 5796 retibus.
3858 5738 3941 5810 (Ιῖι

2345 5804 2502 5886 Auct.
2544 5807 2671 5862 Duc.
2710 5825 2763 5877 p.
2796 5804 2892 5863 65⁷1
2942 5804 3025 5879 Β.)

2098 6503 2445 6510 -ῌ-ζκ
