4114 6520
211 379 344 444 1037

1278 385 1362 448 ΙΝ
1398 385 1978 446 ECCLESIASTEN.
2011 412 2082 424 -—
2115 387 2263 448 LIB.
2304 388 2436 450 VII.

3345 384 3483 456 1938

207 489 469 560 ι’ραφῆς;
511 490 623 549 Καὶ
651 490 769 554 πῶς
797 491 858 543 οὐ
891 491 1085 545 θᾶττον
1121 492 1547 565 ἀποδιδράσκεις
1574 496 1635 549 τὸ
1691 513 1795 548 κα-

1918 497 2056 552 isse?
2079 499 2208 569 quid
2241 508 2299 554 tu
2339 515 2490 566 vero,
2519 515 2742 571 operam
2781 502 3188 573 quamprimum
3231 518 3338 558 non
3382 506 3480 560 dc-

206 581 420 634 λεῖσθαι
454 580 750 651 προφανῶς
791 582 993 653 ἀσεϐὴς
1015 625 1030 648 ,
1062 584 1176 636 ἀλλ’
1227 584 1308 638 ἔτι
1354 587 1450 640 καὶ
1482 586 1686 656 μᾶλλον
1715 587 1802 639 ὲν-

206 673 512 744 ησχόλησαι
548 675 671 748 ταῖς
719 673 1154 743 ματαιοπονίαις,
1211 675 1277 740 ἂς
1338 677 1653 748 ἀφροσύνην
1709 677 1804 730 καὶ

205 764 469 835 ὀχληρίαν
509 766 603 818 καὶ
634 766 954 836 περιφορὰν
978 765 1263 838 ὠνόμασεν
1291 770 1320 822 ό
1354 769 1517 838 σοφὸς
1573 766 1804 841 Ἐκκληο

209 860 475 930 σιαστής;
522 860 684 914 Ἀλλά
706 861 815 930 γάρ
844 861 1078 915 ἄκουσον
1111 863 1191 916 ἔτι
1233 864 1327 917 καὶ⁸
1355 863 1448 917 τοῦ
1483 864 1805 935 μεγαλοφω-

206 952 438 1006 νοτάτου
473 951 583 1005 τῶν
635 955 933 1025 προφητῶν
973 955 1199 1008 Ἦσαῖου
1247 956 1659 1025 διαγγέλλοντος
1711 959 1807 1012 καὶ

209 1041 646 1115 μυκτηρίζοντος
675 1045 772 1100 καὶ
801 1047 1188 1119 κωμῳδοῦντος
1214 1050 1338 1114 τοὺς
1363 1053 1430 1120 τῇ
1467 1051 1677 1121 κινήσει
1699 1049 1808 1104 τῶν

207 1135 456 1205 ἀστέρων
489 1138 874 1209 κομπάζοντας
929 1139 997 1193 τὰ
1050 1140 1314 1210 μέλλοντα
1346 1139 1660 1209 γινώσκειν,
1714 1141 1810 1196 καὶ

205 1225 308 1298 τῆς
341 1226 698 1300 ἀνθρωπίνης
728 1231 1019 1303 εὐετηρίας
1051 1231 1456 1302 ἢδυσπραγίας
1497 1232 1598 1296 τάς
1628 1232 1810 1295 αἰτίας

208 1321 423 1386 τούτοις
446 1324 818 1387 ἀνατιθέντας.
857 1324 997 1394 Φησὶ
1017 1324 1126 1397 γάρ
1148 1341 1166 1357 ο
1202 1345 1219 1377 t
1247 1325 1358 1378 Ποῦ
1387 1326 1524 1378 εἰσιν
1551 1327 1600 1378 oi
1630 1343 1812 1396 γραμ-

211 1414 438 1484 ματικοί
464 1432 558 1467 σου
582 1431 596 1481 ;
630 1413 734 1466 ποῦ
757 1417 895 1468 εἰσιν
922 1415 972 1468 oi
995 1414 1463 1486 συμόουλεύοντες
1485 1434 1500 1483 ;
1535 1416 1639 1469 ποῦ
1663 1418 1810 1468 ἐστιν

209 1509 238 1561 ὁ
266 1507 522 1577 ἀριθμῶν
544 1508 669 1570 τοὺς
702 1509 1214 1578 συστρεφομένουςς
1269 1508 1398 1572 λαὸς
1428 1508 1812 1579 πεφαυλισμέ-

208 1614 325 1660 νος,
351 1599 448 1650 καὶ
473 1597 572 1650 οὐκ
597 1597 713 1650 ἔστι
746 1597 824 1668 τῷ
844 1597 1098 1652 ἀκούοντι
1119 1597 1356 1661 σύνεσις.
1390 1617 1516 1650 ι-ι
1541 1598 1813 1676 Ἀναστή-

209 1705 404 1744 τωσαν
445 1691 536 1744 καὶ
564 1689 899 1745 σωσάτωσάν
924 1707 987 1744 σε
1004 1692 1053 1744 οἱ
1081 1691 1403 1760 ἀστρολόγοι
1431 1690 1528 1745 τοῦ
1558 1691 1811 1766 ούραινοῦ,

210 1783 269 1834 οἱ
304 1781 540 1854 ὁρῶντες
577 1784 704 1845 τοὺς
731 1782 989 1854 ἀστέρας,
1023 1785 1116 1836 καὶ
1151 1783 1650 1852 ἀπαγγειλάτωσάν
1705 1801 1810 1848 σοι,

1903 591 2072 655 deris,
2111 607 2178 647 ne
2203 593 2402 664 impius
2436 595 2611 664 palam
2643 597 2948 666 appellere?
2977 599 3071 652 sed
3117 598 3271 653 vanis
3300 599 3487 655 adhuc

1905 687 1958 740 in
1985 686 2267 742 laboribus
2309 698 2359 743 te
2388 704 2668 754 exerceas,
2704 705 2844 759 quos
2877 691 3095 760 sapiens
3125 691 3485 752 Ecclesiastes

1908 781 2194 836 stultitiam
2224 792 2278 837 et
2303 783 2692 838 turbnlentiam
2716 791 2770 838 et
2795 783 3280 841 circumactionem
3307 791 3488 843 nomi‘

1906 874 2081 930 narit?
2115 873 2602 932 Verumenimvero
2655 877 3064 950 vocalissimum
3097 894 3319 950 quoque
3359 897 3488 950 pro-
3529 875 3532 878 ’

1907 966 2196 1037 phetarum
2239 965 2435 1020 Isaiam
2476 965 2663 1020 audito
2717 965 3047 1021 indicantem
3103 977 3159 1021 et
3195 983 3320 1022 cum
3361 970 3488 1024 irri‘

1907 1059 2065 1114 sione
2088 1057 2678 1129 perstringentem,qui
2697 1057 3003 1125 gloriantur
3036 1074 3095 1113 se
3113 1057 3299 1115 futura
3329 1075 3492 1116 nosse

1908 1165 1975 1206 ex
2002 1161 2280 1206 astrorum
2331 1158 2506 1214 motu,
2536 1157 2592 1203 et
2636 1148 2724 1204 his
2773 1149 3028 1204 humana:
3078 1149 3360 1207 fclicitatis
3397 1161 3494 1208 aut

1909 1259 2094 1300 rerum
2149 1243 2503 1299 adversarum
2555 1255 2750 1297 causas
2796 1242 3098 1312 assignant.
3149 1244 3238 1300 Ait
3275 1247 3422 1302 enim
3475 1261 3489 1300 :

1897 1355 1936 1408 λι
1974 1334 2079 1392 Ubi
2128 1344 2259 1392 sunt
2291 1335 2517 1391 litterati
2557 1335 2679 1389 tui?
2713 1333 2807 1390 ubi
2853 1342 2985 1390 sunt
3030 1337 3371 1392 consiliarii?
3400 1339 3493 1394 ubi

1911 1440 1995 1485 est
2029 1429 2123 1498 qui
2176 1437 2432 1483 numerat
2463 1427 2730 1484 coactos?
2763 1425 3004 1497 Populus
3040 1427 3394 1497 depravatus.
3440 1441 3495 1486 et

1915 1539 2022 1578 non
2050 1531 2134 1576 est
2182 1521 2424 1575 audienti
2474 1519 2636 1590 199
2675 1519 3033 1588 intelligentia
3065 1519 3198 1590 (96).
3240 1517 3396 1576 Stent
3441 1532 3496 1578 et

1913 1621 2133 1670 servent
2159 1621 2211 1666 te
2253 1625 2489 1678 augures
2521 1611 2664 1672 cmli.
2694 1608 2789 1680 qui
2821 1610 3263 1679 contemplantur
3289 1613 3492 1678 sidera,

1913 1718 1967 1764 et
2006 1705 2328 1761 annuntient
2359 1703 2452 1758 tibi
2484 1703 2618 1774 quid
2646 1717 2812 1772 super
2834 1713 2886 1757 te
2912 1711 3204 1758 venturum
3235 1704 3326 1760 sit.
3357 1705 3498 1762 Ecce

1915 1815 2107 1857 omnes
2142 1808 2200 1854 ut
2225 1796 2440 1868 stipulae
2471 1797 2526 1850 in
2559 1797 2684 1868 igne
2713 1796 3128 1861 comburentur,
3160 1812 3260 1854 nec
3292 1797 3466 1854 libera

210 1872 270 1925 τί
305 1873 490 1942 μέλλει
513 1872 602 1925 ἐπὶ
633 1873 692 1924 σὲ
718 1871 997 1943 ἔρχεσθαι.
1028 1873 1162 1928 Ἰδοὺ
1209 1875 1412 1938 πάντες
1450 1871 1527 1938 ὡς
1559 1873 1814 1945 φρύγανα

1919 1895 2056 1950 bunt
2081 1893 2298 1948 animas
2333 1905 2462 1946 suas
2496 1889 2633 1960 (97).
2688 1889 2844 1956 Quod
2875 1889 2923 1944 si
2968 1891 3374 1961 astrologorum
3407 1907 3498 1948 ars

210 1967 275 2017 ὲν
312 1965 447 2035 πυρὶ
491 1965 1023 2035 κατακαυθήσονται,
1056 1966 1152 2020 καὶ
1167 1967 1227 2020 οὐ
1263 1967 1338 2039 μὴ
1385 1967 1676 2035 ἐξέλωνται
1716 1967 1816 2032 τάς

207 2058 397 2130 ψυχὰς
427 2060 629 2115 αὐτῶν.
659 2080 677 2113 ι
711 2060 773 2115 Εἰ
802 2061 858 2114 δὲ
882 2061 1035 2134 παρά
1055 2063 1152 2133 τῆς
1191 2062 1343 2127 θείας
1378 2065 1607 2136 Γραφῆς
1641 2062 1815 2128 οὕτως

211 2149 603 2224 ἐξελήλεγκται
621 2155 716 2208 καὶ
734 2154 1078 2224 κωμῳδεῖται
1089 2154 1199 2209 τῶν
1219 2156 1564 2226 ἀστρολόγων
1580 2159 1614 2229 ἡ
1630 2160 1815 2229 τέχνη,

210 2245 328 2308 πῶς
358 2246 486 2316 οὐχὶ
525 2247 892 2319 παραπλῆγες
923 2248 1185 2320 εὕρηνται
1221 2251 1314 2304 καὶ
1339 2251 1623 2313 δυσσεϐεῖς
1644 2253 1694 2304 οἱ
1719 2253 1817 2322 τὴν

215 2337 588 2408 πολυάσχολον
616 2339 817 2411 ταύτην
845 2341 1182 2412 ματαιότητα
1215 2343 1523 2413 μετιόντες;
1551 2338 1685 2397 Εἷτά
1704 2361 1803 2414 φη-

222 2447 302 2484 σιν
321 2434 350 2486 ό
384 2433 554 2502 carpo;
578 2432 1039 2504 Ἐκκλησιαστής·

1913 1985 2116 2042 divinis
2146 1983 2200 2037 in
2234 1980 2454 2037 Litteris
2482 1979 2562 2035 sic
2594 1979 3007 2051 reprehenditur
3046 1989 3210 2052 atque
3239 1991 3496 2042 notatur;

1914 2075 2193 2148 quomodo
2231 2089 2340 2129 non
2377 2072 2527 2128 stulti
2570 2071 2797 2128 omnino
2835 2080 3000 2143 atque
3045 2073 3196 2144 impii
3237 2075 3369 2138 sint,
3403 2077 3497 2144 qui

1917 2183 2026 2226 tam
2087 2167 2415 2223 laboriosam
2469 2173 2690 2233 tamque
2741 2163 2957 2220 inanem
2991 2179 3106 2220 rem
3158 2181 3496 2238 persequana

1919 2275 2007 2318 tur
2037 2258 2192 2327 (98)?
2229 2257 2318 2311 Ait
2338 2255 2535 2312 deinde
2568 2255 2789 2324 sapiens
2818 2251 3177 2312 Ecclesiastes
3202 2275 3216 2312 :

1775 2550 1802 2618 ς
1836 2548 1918 2603 Vl.

282 2639 404 2694 Ἰεὲ
433 2640 616 2694 τοῦτο
645 2635 854 2708 εὗρον,
890 2621 1061 2694 εἶπεν
1084 2642 1118 2695 ὁ
1157 2641 1663 2711 Ἐκκλησιαστὴς.
1699 2642 1808 2711 μιᾷ

213 2727 289 2800 τῇ
315 2729 433 2801 μιᾷ
486 2731 595 2786 τοῦ
652 2731 853 2799 εὑρεῖν
895 2732 1229 2802 λογισμὸν,
1283 2731 1357 2786 ὃν
1382 2732 1751 2802 ἐπεζήτησεν
1774 2735 1812 2798 ὴ

1991 2643 2154 2699 Vens.
2176 2639 2385 2705 27,28.
2421 2638 2557 2694 Ecce
2590 2639 2687 2692 hoc
2725 2638 2922 2706 inveni,
2955 2641 3094 2694 dixit
3129 2635 3498 2707 Ecclesiastes.

1913 2755 2021 2804 una
2053 2738 2122 2792 ad
2160 2753 2323 2791 unam
2347 2745 2407 2790 ut
2441 2733 2727 2788 invenirem
2750 2737 3032 2802 rationem,
3062 2752 3224 2806 quam
3257 2739 3502 2807 (μιωεὶυῆ

213 2825 387 2893 ψυχπὶ
411 2842 556 2894 μου,
582 2825 682 2879 καὶ
710 2827 824 2894 οὐχ
848 2819 1048 2893 εὗρον.
1080 2824 1185 2880 Καὶ
1213 2826 1530 2893 ἄνθρωπον
1561 2826 1671 2880 ἕνα
1697 2827 1816 2882 ἀπὸ

1918 2831 2096 2884 anima
2121 2845 2257 2894 mea,
2279 2838 2328 2883 et
2359 2844 2463 2882 non
2494 2826 2684 2881 inveni.
2712 2824 2782 2880 Et
2805 2826 3066 2881 hominem
3091 2845 3252 2882 unum
3273 2830 3339 2884 de
3360 2831 3505 2886 mille

210 2918 437 2984 χιλίων
467 2913 672 2985 εὗρον,
703 2918 799 2971 καί
833 2918 1089 2987 γυναῖκα
1140 2919 1210 2970 ἐν
1246 2918 1402 2975 πᾶσι
1435 2920 1674 2986 τούτοις
1702 2923 1815 2990 οὺχ

1918 2924 2108 2989 inueni,
2139 2935 2192 2976 et
2229 2921 2504 2975 mulierem
2552 2920 2607 2972 in
2639 2919 2882 2972 omnibus
2918 2918 2998 2972 his
3030 2935 3135 2973 non
3178 2922 3369 2976 inveni.
3399 2922 3503 2978 So-

208 3001 424 3074 εὖρον.
458 3007 636 3076 Πλὴν
659 3006 749 3060 ἴδε
778 3007 957 3060 τοῦτο
977 3003 1179 3075 εὗρον,
1209 3009 1242 3060 ὃ
1274 3009 1571 3076 ἐποίησεν
1597 3013 1630 3064 ό
1675 3013 1816 3074 Θεὸς

1918 3007 2184 3069 lummodo
2214 3029 2329 3068 ecce
2367 3013 2463 3064 hoc
2506 3011 2700 3074 inveni,
2732 3009 2871 3080 quod
2909 3009 3030 3079 fecit
3068 3009 3211 3066 Deus
3241 3012 3506 3069 hominem

210 3102 342 3154 σὺν
363 3101 474 3154 τὸν
500 3101 817 3168 ἄνθρωπον
839 3098 1009 3167 ebori.
1041 3102 1141 3155 καὶ
1176 3102 1344 3155 αὐτοὶ
1382 3102 1684 3170 ἐζήτησαν
1712 3107 1818 3157 λο-

214 3191 486 3260 γισμοὺς
519 3193 808 3257 πολλούς.

297 3284 420 3353 Πρὸ
443 3283 668 3352 βραχέος
694 3282 865 3336 εἰπών
893 3301 906 3314 ·
945 3303 962 3334 ι
1004 3282 1324 3337 Ἐκύκλωσα
1351 3282 1465 3351 ἐγὼ
1497 3284 1591 3338 καὶ
1622 3286 1654 3355 ἡ
1689 3303 1824 3354 καρ-

216 3375 315 3427 ὁϊα
337 3393 446 3444 μου
470 3375 562 3428 τοῦ
601 3375 1052 3443 κατασκέψασθαι
1080 3377 1174 3428 καὶ
1230 3367 1324 3428 τού
1360 3375 1598 3445 ζητῆσαι
1627 3378 1823 3443 σοφίαν

215 3467 318 3518 καὶ
348 3466 554 3535 ψῆφον,
584 3487 602 3519 ›
632 3468 732 3536 τὴν
785 3467 1183 3538 ἀστρολογικὴν
1215 3467 1418 3538 δηλαδὴ
1464 3469 1662 3538 τέχνην
1683 3484 1695 3496 ·
1725 3468 1823 3538 οὐχ

211 3557 306 3611 ἵνα
342 3559 550 3629 δοξάσῃ
581 3561 723 3613 κατά
747 3559 816 3611 τὰ
841 3560 981 3612 αύτά
1007 3560 1100 3613 καὶ
1128 3559 1392 3623 ὡσαύτως
1424 3559 1673 3624 ἐκείνοις,
1705 3552 1821 3612 ἀλλ’

213 3649 308 3702 ἶνα
342 3651 810 3722 κατακωμῳδήσῃ
851 3651 944 3704 καὶ
997 3651 1199 3717 μᾶλλον
1251 3650 1516 3722 ἐξελέγξῃ
1545 3652 1638 3704 καὶ
1671 3651 1822 3722 δείξῃ

220 3745 626 3812 ματαιοπονίαν
659 3745 752 3796 καὶ
775 3745 958 3815 πλήρη
989 3743 1190 3814 πολλῆς
1215 3743 1493 3806 ἀσεϐείας.
1549 3739 1684 3798 Εἶτα
1715 3746 1820 3814 φή-

225 3851 354 3899 σας·
410 3855 430 3887 σ
468 3837 584 3890 Καὶ
623 3835 866 3905 εὑρίσκω
913 3837 1024 3903 ἐγὼ
1072 3837 1244 3905 αὐτὴν
1297 3835 1634 3906 πικροτέραν
1681 3837 1824 3906 ὑπὲρ

227 3930 458 3982 θάνατον
480 3942 496 3957 ⁸
537 3947 558 3981 ι
590 3929 730 3998 μετά
757 3930 855 4000 τὴν
885 3927 1056 4000 αὐτὴν
1087 3929 1364 3997 ἀπόφασιν
1389 3928 1820 3997 παρακελεύεται

223 4023 389 4076 παντὶ
417 4021 500 4092 τῷ
531 4021 906 4092 ἐντευξομένῳ
955 4022 1033 4092 τῷ
1080 4021 1309 4092 παρόντι
1357 4019 1549 4090 βιϐλίῳ
1580 4021 1820 4073 συνιέναι

223 4117 321 4167 καὶ
347 4107 892 4182 διαγνῶναισαφῶς,
945 4115 1020 4176 ὡς
1068 4109 1228 4182 εὗρεν
1275 4113 1410 4182 ὅπερ
1463 4112 1696 4184 ἐζήτησε
1725 4114 1822 4166 καὶ

217 4207 461 4274 διέγνωσ
493 4207 590 4258 καὶ
640 4206 961 4276 πρεπόντως
1014 4203 1270 4274 ἐξήλεγξε
1318 4203 1418 4272 τῆς
1461 4201 1820 4273 ἀστρολογίας

217 4297 324 4369 τὴν
356 4298 769 4368 ματαιοπονίαν.
795 4297 906 4349 Καὶ
935 4295 1044 4367 γάρ
1078 4311 1230 4366 φησι·
1272 4315 1290 4347 ι
1323 4297 1426 4348 Ἴδε
1452 4296 1610 4348 τοῦτο
1638 4289 1816 4367 εὖρον,

219 4388 386 4446 εἶπεν
445 4397 476 4446 ό
503 4387 940 4465 Ἐκκλησιαστής
973 4409 986 4422 ·
1029 4413 1048 4444 ι
1086 4395 1206 4446 ἀντὶ
1259 4389 1565 4456 τού,-Τέως
1615 4391 1820 4462 ταύτην

300 4529 421 4612 ς96)
467 4531 568 4585 lsa.
598 4547 796 4612 sxxm,
833 4530 1020 4612 18.‘At
1047 4528 1200 4612 L‘XX.
1229 4527 1465 4612 habent,
1511 4526 1817 4612 ότάριθμῶν
1851 4555 1895 4612 D

221 4603 361 4663 τοὺς
387 4602 764 4671 τρεφομένους
791 4600 989 4671 μικρὸν
1015 4601 1110 4671 καὶ
1137 4598 1497 4671 μέγανᾼλαόπκ
1593 4599 1657 4671 οὐ
1691 4616 1816 4671 συν-

221 4667 620 4742 εὸουλεύσατο,
652 4673 774 4724 οὐδὲ
796 4667 915 4742 ᾔδει
947 4667 1289 4741 βαθύφωνον,
1309 4667 1451 4721 ὥστε
1485 4667 1560 4739 μὴ
1581 4668 1816 4722 ἀκούσαι

221 4743 356 4801 λαὸς
387 4741 904 4811 πεφαυλισμένος...

297 4813 415 4882 (97)
444 4811 590 4866 Idem
626 4809 813 4874 suvm,
849 4812 934 4866 15.
964 4809 1134 4865 Porro
1169 4809 1309 4864 LXX
1343 4810 1649 4872 reddidere,
1668 4811 1818 4882 ᾹΣτή-

226 4880 418 4936 τωσαν
447 4883 512 4952 δὴ
547 4884 638 4936 καὶ
687 4882 1020 4936 σωσάτωσάν
1053 4899 1114 4933 σε
1155 4882 1205 4934 οἱ
1250 4880 1692 4952 ἀστρολόγοιτοῦ
1724 4883 1817 4931 ού-

228 4953 402 5022 ρανοῦ
433 4993 449 5010 .
494 4949 542 5005 οἱ
590 4954 828 5021 ὁρῶντες
879 4955 1008 5015 τοὺς
1055 4953 1294 5022 ἀστέρας
1333 4949 1817 5020 ἀναγγειλάτωσόιν

227 5040 340 5082 σοι.
367 5027 421 5076 τί
463 5022 718 5092 μέλλει...

305 5094 421 5162 (98)
468 5095 585 5148 Huc
635 5095 903 5163 pertinent
952 5108 1073 5162 quae
1123 5092 1362 5164 Cyrillns
1412 5093 1817 5146 Alexandrinus

125 5182 136 5186 ‘
227 5165 401 5218 habet
443 5166 595 5218 ltont.
637 5166 734 5224 M.
777 5166 842 5219 de
889 5164 1010 5218 fest.
1051 5163 1246 5219 Pasch.
1278 5181 1291 5216 :
1320 5165 1507 5229 ’Ἅγιοι
1541 5163 1818 5233 προφῆται

227 5239 502 5302 γεγόνασι
550 5235 681 5306 παρ’
715 5235 896 5306 ἡμῶν,
947 5235 1342 5306 ούκάστέρων
1388 5233 1604 5303 κίνησιν
1644 5251 1817 5287 κατα-

233 5310 465 5376 μετρείν
492 5305 774 5371 εἰωθότεςέ
804 5309 864 5359 οὺ
895 5307 997 5375 τὴν
1025 5305 1136 5358 τῶν
1168 5306 1451 5376 στοιχείων
1492 5306 1816 5376 πολυπραγ-

234 5375 930 5448 μονοῦντεςχρείανςκαὶ
973 5377 1054 5439 εἰς
1100 5377 1136 5430 ἃ.
1177 5377 1252 5446 μὴ
1289 5375 1600 5448 προσῆκεν,
1635 5375 1818 5428 ἐκϐια-

229 5445 463 5514 ζόμενοι
503 5445 616 5499 τῶν
640 5447 947 5516 ἀνθρώπων
990 5449 1091 5516 τὴν
1141 5445 1306 5515 φύσιν
1321 5445 1344 5512 ,⁷
1369 5449 1428 5499 οὐ
1460 5449 1820 5516 φενακισμοῖς

225 5515 425 5581 ἑώλοις
478 5515 986 5588 ἐπιθαρσὴίσαντεςο
1033 5515 1091 5585 ἐξ
1135 5515 1536 5586 ἀποκαλύψεως
1576 5517 1630 5569 δὲ
1675 5515 1816 5569 θείου

231 5588 564 5657 Πνεύματος
621 5588 1097 5658 προαναθροῦντες
1148 5590 1218 5641 τὰ
1270 5588 1556 5658 μέλλοντα,
1610 5592 1702 5640 καὶ¹
1755 5590 1818 5638 ἐκ

233 5661 474 5728 μακρῶν
527 5659 738 5713 ἄνωθεν
785 5662 919 5729 ἡμῖν
965 5659 1384 5729 διηγορευκότες
1443 5659 1670 5727 καιρῶν.
1732 5663 1819 5710 Δι-

227 5729 621 5808 ημάρτηκε-δὲ
651 5731 760 5782 τῶν
790 5730 1098 5799 εἰρημένων
1127 5730 1298 5808 οὐδὲν,
1473 5729 1636 5808 ἕρπει
1678 5730 1817 5808 κατά

228 5799 468 5870 καιροὺς
493 5801 604 5852 τῶν
637 5803 981 5871 πραγμάτων
1011 5803 1043 5869 ή
1074 5801 1236 5870 φύσις
1268 5803 1357 5852 ἐπὶ
1386 5800 1444 5852 τὸ
1473 5799 1592 5852 λίαν
1616 5800 1813 5868 ἐγγύς·

233 5871 442 5940 μᾶλλον
466 5871 523 5924 δὲ
549 5873 669 5925 κατ’
701 5873 850 5942 ἴχνος
879 5871 939 5924 τὸ
964 5872 1192 5942 ἀκριϐὲς
1219 5872 1326 5924 τῶν
1360 5871 1462 5941 ἤδη
1510 5874 1815 5942 προηγγελ-

1920 3117 2137 3169 rectum,
2156 3117 2205 3160 et
2229 3105 2331 3174 ipsi
2353 3104 2676 3174 qutzsierunt
2695 3103 3128 3158 ratiocinationes
3149 3105 3350 3160 multas
3370 3107 3502 3179 (99).

1998 3286 2134 3340 Cum
2177 3285 2340 3352 paulo
2368 3289 2494 3335 ante
2521 3279 2766 3334 dixerit:
2819 3297 2838 3330 ι
2892 3278 3130 3334 Circuivi
3167 3297 3269 3350 ego
3315 3291 3370 3336 ct
3413 3298 3508 3338 cor

1927 3393 2108 3432 meum
2141 3385 2200 3430 ut
2237 3374 2643 3429 considerarem
2675 3380 2730 3426 et
2767 3387 3068 3441 quaererem
3103 3375 3426 3444 sapientiam
3455 3386 3508 3430 et

1925 3471 2192 3526 calculum
2218 3482 2233 3533 ;
2264 3486 2282 3518 ι
2321 3467 2373 3522 id
2404 3475 2490 3520 est
2526 3477 2697 3521 artem
2732 3467 3132 3536 astrologorum
3168 3487 3180 3523 :
3214 3487 3318 3524 non
3361 3481 3420 3525 ut
3453 3472 3507 3527 in

1925 3577 2114 3618 eorum
2171 3561 2496 3616 sententiam
2545 3561 2778 3621 veniret.
2819 3561 2912 3614 sed
2960 3573 3018 3614 ut
3064 3561 3332 3636 derideret
3390 3582 3508 3619 ma-

1925 3659 2006 3728 gis
2045 3672 2108 3712 ac
2163 3655 2606 3724 reprehenderet,
2643 3667 2956 3724 vanumque
2987 3669 3112 3709 eum
3159 3657 3398 3712 laborem
3455 3668 3510 3716 et

1926 3749 2110 3805 multa:
2163 3758 2377 3803 tantum
2433 3745 2734 3816 impietatis
2797 3745 3017 3815 plenum
3068 3746 3506 3814 demonstraret;

1924 3856 2160 3911 cumque
2214 3840 2412 3896 deinde
2461 3837 2772 3892 addiderit:
2821 3857 2840 3888 ι
2884 3836 2948 3890 Et
2985 3837 3206 3892 invenio
3234 3856 3336 3910 ego
3385 3857 3506 3898 eam

1924 3945 2102 3987 morte
2136 3931 2462 3986 amariorem
2487 3947 2500 3994 ;
2535 3947 2554 3980 ι
2584 3929 2686 3982 hac
2709 3930 2822 3998 jam
2847 3929 3057 3998 prolata
3089 3933 3380 3996 sententia,
3409 3950 3506 3990 eos

1924 4038 2136 4088 omnes,
2187 4021 2241 4075 in
2286 4035 2521 4090 quorum
2557 4033 2752 4073 manus
2793 4019 2881 4073 hic
2914 4019 3052 4074 liber
3099 4031 3365 4078 venturus
3410 4026 3504 4092 sit,

1924 4117 2261 4175 cohortatur,
2300 4115 2362 4189 id.
2385 4124 2444 4166 ut
2487 4113 2706 4166 discant
2749 4113 3029 4183 probeque
3079 4115 3404 4185 intelligant,
3447 4133 3506 4174 se

1923 4207 2066 4279 quod
2101 4206 2372 4276 quaesivit,
2403 4205 2676 4258 invenisse
2703 4203 2866 4274 200
2899 4213 3063 4274 atque
3095 4221 3361 4277 cognosse
3391 4229 3405 4264 :
3437 4226 3503 4264 ac

1927 4299 2122 4354 merito
2153 4300 2341 4352 inanes
2368 4296 2675 4366 astrologia:
2703 4297 2920 4351 labores
2953 4298 3310 4367 improbasse.
3339 4298 3505 4357 Nam-

1923 4405 2030 4461 que
2065 4389 2140 4444 ait
2180 4405 2194 4440 :
2235 4407 2253 4440 ‹
2291 4383 2430 4447 Ecce
2464 4388 2568 4441 boc
2599 4388 2802 4451 inveni,
2853 4387 2993 4444 dixit
3043 4387 3423 4460 Ecclesiastes,
3477 4414 3499 4448 ι

1929 4528 2123 4595 μένων.
2163 4523 2296 4588 Θεὸς
2334 4525 2442 4594 γὰρ
2473 4517 2540 4595 ἦν
2575 4523 2602 4575 ό
2633 4521 2833 4595 λαλῶν.
2871 4525 3027 4576 Ἐστι
3057 4525 3238 4581 τοίνυν
3275 4527 3504 4582 ἐκείνων

1923 4593 2104 4670 αύτῷν
2129 4593 2584 4670 ἐπαΐειν-σαφῶς,
2619 4594 2696 4670 ὼς
2723 4593 2965 4670 ὀλέθριον
2993 4596 3374 4670 ὲκκεχυκότων
3404 4599 3504 4670 τὴν

1923 4667 2223 4738 φιλοψευδῆ
2281 4667 2376 4719 καὶ
2422 4665 2882 4738 ἀργυροκάπηλον
2931 4665 3381 4737 ἀστρογοητείαν.
3444 4665 3500 4726 Ιί]

1921 4749 2047 4793 est:
2085 4737 2271 4792 Sancti
2329 4737 2612 4811 prop/tene
2638 4738 2804 4811 apud“
2840 4752 2932 4811 nos
2987 4737 3345 4811 exstiterunt,
3398 4757 3504 4795 non
3571 4801 3593 4811 κ

1923 4819 2188 4863 astrorum
2223 4817 2392 4860 motus
2431 4807 2663 4860 dimetiri
2706 4806 2886 4873 soliti,
2922 4823 3021 4861 non
3047 4809 3105 4860 in
3129 4809 3502 4864 elementorum

1923 4896 2019 4931 usu
2051 4881 2252 4932 curiose
2275 4877 2584 4946 inquirendo
2615 4879 2876 4945 occupati,
2914 4895 3004 4930 nec
3031 4879 3100 4930 ad
3139 4896 3222 4943 ea,
3245 4895 3362 4948 qua:
3396 4884 3503 4933 mi-

1924 4953 2059 5002 nime
2103 4951 2314 5008 decuit,
2357 4950 2642 5000 humanam
2675 4958 2922 5001 naturam
2958 4951 3354 5014 perna/tentes,
3395 4968 3502 5004 non

1922 5021 2204 5089 pra’stigiis
2237 5018 2474 5089 {utilibus
2498 5019 2827 5086 prwﬁdeutes
2861 5035 2878 5071 :
2911 5019 3000 5072 sed
3033 5033 3152 5070 cum
3178 5033 3243 5070 ex
3273 5021 3502 5089 manife-

1923 5087 2150 5145 statione
2184 5091 2352 5143 divini
2389 5087 2619 5157 Spiritus
2653 5089 2835 5157 futura
2870 5100 3275 5153 prwnoscerent,
3308 5106 3369 5143 ea
3409 5087 3502 5143 no-

1923 5161 2000 5215 bis
2045 5163 2210 5214 multo
2243 5175 2523 5228 antequam
2566 5160 2768 5226 fierent.
2792 5159 3116 5213 indicarunt.
3139 5157 3294 5213 Nihil
3319 5177 3502 5214 eorum

1921 5246 2099 5301 porro,
2127 5248 2244 5302 qua:
2270 5232 2656 5299 praedixerunt,
2686 5229 2902 5280 irritum
2946 5230 3083 5298 fuit;
3113 5231 3202 5284 sed
3240 5247 3333 5298 per
3371 5242 3502 5286 tem-

1921 5320 2106 5372 porum
2143 5301 2278 5356 vices
2311 5311 2505 5354 natura
2535 5316 2712 5372 rerum
2750 5315 2929 5372 quam,
2956 5303 3195 5369 proxime
3222 5301 3503 5372 consequi-

1925 5386 2030 5434 tur,
2066 5373 2142 5427 vel
2180 5374 2355 5442 potius
2392 5372 2580 5424 iisdem
2606 5371 2762 5442 plane
2807 5371 3034 5442 vestigiis
3080 5373 3284 5425 insistit
3317 5389 3501 5427 eorum

1921 5461 2038 5514 qua:
2062 5444 2420 5514 praenuntiata
2451 5451 2592 5514 sunt.
2632 5441 2944 5514 Deusrem’m
2978 5454 3112 5508 erat,
3137 5444 3226 5513 qui
3256 5442 3504 5512 loqueba-

1925 5513 2028 5568 tur.
2065 5513 2218 5566 Licet
2262 5515 2443 5583 igitur,
2483 5513 2603 5584 jam
2647 5513 2930 5584 manifesto
2978 5514 3266 5584 intelligas,
3304 5525 3505 5582 quanta

1923 5603 2037 5639 cum
2086 5585 2318 5648 pernicie
2370 5583 2644 5651 mendaces
2685 5583 2767 5636 illi
2818 5601 2944 5638 suas
2989 5595 3037 5638 et
3087 5583 3292 5655 argenti
3336 5583 3508 5642 illius

1923 5655 2224 5724 astrologia:
2256 5655 2461 5708 nomine
2493 5655 2789 5722 praestigias
2819 5655 3116 5724 effundant.

1993 5726 2105 5795 (99)
2126 5719 2383 5798 Τοίνυν..
2419 5719 2551 5778 Ἰδοὺ
2587 5719 2873 5798 nim-3:6
2904 5719 3134 5798 εὖρον...
3168 5725 3356 5795 Cyt‘ill.
3383 5727 3515 5784 Hic-

1923 5814 2082 5852 ros...
2125 5797 2230 5849 Τὸν
2262 5797 2551 5866 ἄνθρωπον
2580 5795 2811 5850 eoeo»...
