4114 6502
238 400 373 466 ιοιι

1300 411 1384 471 IN
1428 413 2006 476 ECCLESIASTEN-
2035 443 2104 452 —
2131 419 2280 480 LIB.
2310 418 2445 479 VII.

3348 413 3491 480 1042

230 513 399 565 τείτω
426 511 625 579 σοφοὺς
650 510 852 582 ἀνδρας
882 512 975 565 καὶ
1005 515 1284 580 συνετοὺς,
1315 518 1443 582 τοὺς
1470 519 1532 573 τὸ
1558 520 1820 591 θεωρητι-

1931 530 2024 586 tes,
2057 523 2150 592 qui
2184 524 2421 578 nativam
2455 523 2623 579 animi
2652 520 2721 580 ad
2757 523 3157 595 diSpiciendum
3192 526 3491 596 agendum—

232 599 331 652 κδν
369 599 469 668 τῆς
521 598 723 669 ψυχῆς,
754 600 849 653 καὶ
886 600 947 654 τὸ
998 604 1303 673 πρακτικὸν
1360 609 1817 664 ἀνεπιϐούλευτον

228 687 634 752 διασώσαντας,
662 689 754 743 καὶ
779 689 865 743 διὰ
892 691 1050 746 τοῦτο
1070 693 1401 765 δυναμένους
1429 699 1530 769 τὴν
1558 700 1818 771 ἀλήθειαν

229 781 557 852 ἀποκρίνειν
587 781 680 834 τοῦ
706 782 954 852 ψεύδους,
985 785 1079 838 καὶ
1105 785 1213 840 τῶν
1240 789 1596 862 ἐσφαλμένων
1620 793 1819 864 ὑπολή-

226 871 383 940 ψεων
417 873 782 927 ἀπαλλάττειν
832 877 959 939 τοὺς
1001 880 1451 948 προσφοιτῶντας
1491 885 1696 947 αὐτοῖς.
1724 886 1819 939 καὶ

226 962 375 1032 πρὸς
430 964 529 1027 τὰς
566 968 847 1034 ἀτραποὺς
889 968 988 1039 τῆς
1033 972 1306 1043 σωτηρίας
1354 974 1700 1045 καθοδηγεῖν.
1754 979 1818 1030 Οί

223 1054 469 1109 τοιοῦτοι
500 1058 607 1127 γάρ
633 1059 782 1111 ἴσασι
816 1060 911 1113 καὶ
937 1061 1090 1116 λύσιν
1121 1064 1367 1136 ῥήματος
1398 1066 1583 1121 δοῦναι
1621 1069 1818 1132 παντὸς

228 1147 639 1219 προὸληθέντος
680 1150 739 1217 ἐξ
792 1153 1048 1224 ἀπορίας,
1097 1156 1194 1208 καὶ
1226 1156 1462 1226 φωτίσαι
1497 1159 1592 1213 τοῦ
1643 1162 1819 1232 μαθη-

224 1238 463 1302 τιῶντος
515 1240 573 1292 τὸ
616 1242 805 1311 νοητὸν
864 1246 1178 1315 πρόσωπον,
1221 1249 1297 1313 ὡς
1331 1251 1425 1303 καὶ
1465 1252 1627 1305 πάλιν
1655 1254 1819 1309 αὐτὸν

224 1327 318 1382 διὰ
356 1330 461 1399 τῆς
496 1332 704 1385 ἐκεῖθεν
735 1333 883 1404 αὐτῷ
908 1341 1343 1408 προσγεγονυίας
1372 1341 1579 1407 λύσεως
1602 1345 1696 1398 καὶ
1727 1364 1817 1399 σου

196 1422 366 1489 ’φίας
398 1422 595 1487 ἄλλους
624 1425 905 1490 φωτίζειν.
931 1431 993 1482 Οἱ
1024 1431 1135 1500 γάρ
1159 1435 1216 1485 ἐν
1250 1435 1692 1509 μετριοφροσύνῃ
1722 1438 1820 1492 καὶ

226 1514 511 1583 πραότητι
541 1516 637 1569 καὶ
662 1516 898 1572 διαθέσει
930 1521 1158 1590 καρδίας
1199 1524 1544 1596 ἀπεριέργως
1587 1530 1699 1591 τοῖς
1727 1545 1819 1581 σο-

228 1609 360 1673 φοῖς
397 1607 734 1677 προσιόντες,
773 1611 869 1664 καὶ
906 1611 1281 1685 διδασκόμενοι
1332 1620 1460 1688 παρ’
1498 1619 1676 1672 αὐτῶν
1710 1620 1818 1674 τῶν

227 1696 577 1769 ἀσυμφόρων
602 1700 696 1752 καὶ
721 1701 831 1755 τῶν
850 1702 1141 1759 λυσιτελῶν
1168 1709 1267 1778 τὴν
1292 1710 1517 1777 γνῶσιν,
1542 1713 1819 1784 ἀπρόσκο-

230 1804 344 1839 πον
377 1788 669 1844 καθιστῶσι
694 1793 796 1865 τὴν
822 1795 959 1849 ίδίαν
988 1795 1158 1869 ζωήν.
1184 1800 1396 1873 Ὠσπερ
1420 1805 1449 1856 ό
1474 1804 1695 1876 ἀναιδὴς
1722 1805 1819 1860 καὶ

228 1879 590 1951 ὑπερήφανος
619 1884 715 1937 καὶ
751 1887 1119 1958 μεγάλαυχος,
1155 1891 1422 1961 μηδαμῶς
1455 1893 1535 1965 τῷ
1565 1895 1819 1951 διδασκα-

226 1968 366 2041 λείῳ
393 1971 490 2025 τοῦ
520 1974 828 2044 πνεύματος
857 1980 1136 2050 προσιέναι
1169 1982 1518 2053 βουλόμενος,
1554 1988 1825 2061 στυγητὸς

224 2060 469 2132 εὕρηται
523 2067 619 2119 καὶ
668 2069 902 2136 φευκτὸς
944 2074 1058 2134 τοῖς
1092 2078 1334 2140 συνετοῖς
1375 2077 1468 2130 καὶ
1500 2082 1686 2148 σοφοῖς
1720 2060 1826 2151 τῆς

230 2153 375 2216 ιδίας
410 2158 788 2229 μεγαλαυχίας
818 2160 1024 2232 ταύτην
1046 2164 1318 2234 εὑρίσκων
1340 2167 1438 2236 τὴν
1461 2170 1716 2242 ἀμοιϐήν.
1743 2172 1826 2227 Τὰ

228 2247 528 2317 πρέποντα
582 2253 693 2323 γάρ
756 2255 850 2307 καὶ
903 2257 1254 2327 συμφέροντα
1313 2262 1504 2331 μαθεῖν
1556 2264 1662 2316 ὑπὸ
1715 2263 1825 2319 τῶν

1919 630 2026 684 que
2078 614 2392 669 facultatem
2450 616 2706 672 intactam
2760 617 3138 690 integramque
3191 620 3487 685 servarint,

1918 706 2102 776 itaque
2144 722 2269 762 vera
2304 725 2333 762 a
2364 708 2517 765 falsis
2546 724 2833 765 secernere
2858 712 3090 780 possint,
3119 722 3173 767 et
3216 712 3489 767 ventitan-

1920 806 2002 854 tes
2032 799 2098 853 ad
2129 814 2188 853 se
2216 813 2323 853 non
2370 802 2529 856 modo
2554 801 2624 857 ab
2653 816 2839 856 errore
2883 817 3159 869 revocare,
3201 805 3293 859 sed
3323 805 3488 858 etiam

1918 893 1974 946 in
2004 894 2226 948 semitas
2275 893 2467 948 salutis
2512 894 2800 950 deducere.
2828 893 2943 950 Viri
2993 896 3138 951 enim
3173 895 3489 965 bujusmodi

1917 985 2327 1040 dissolutionem
2376 1000 2592 1055 quoque
2621 986 2772 1040 verbi
2812 987 3081 1058 cujusque
3119 1003 3187 1043 ex
3222 987 3493 1057 ambigui-

1920 1086 2028 1133 tate
2074 1078 2337 1147 propositi
2375 1079 2601 1133 reddere
2646 1089 2874 1143 norunt,
2927 1089 2981 1134 et
3019 1080 3259 1136 discendi
3294 1082 3492 1151 cupido

1920 1171 2120 1225 mentis
2151 1170 2361 1224 vultum
2394 1178 2545 1224 tanta
2573 1170 2693 1224 luce
2722 1169 3070 1239 perfundere,
3104 1180 3163 1225 ut
3192 1172 3307 1241 ipse
3327 1173 3489 1226 etiam

1921 1274 2032 1314 non
2064 1260 2266 1324 minus,
2293 1262 2363 1315 ob
2390 1260 2682 1316 enodatum
2710 1262 2996 1330 quaesitum
3030 1269 3085 1316 et
3113 1272 3323 1331 partam
3367 1263 3493 1318 inde

1922 1351 2290 1421 sapientiam,
2340 1351 2463 1406 aliis
2495 1353 2674 1405 lucem
2714 1351 2908 1406 all‘erre
2962 1352 3157 1421 possit.
3208 1350 3341 1406 Nam
3395 1352 3491 1422 qui

1922 1441 2201 1496 moderate
2228 1450 2524 1511 pacataque
2552 1452 2609 1496 et
2650 1442 2834 1495 animo
2864 1452 3055 1511 parato
3090 1458 3155 1497 ac
3188 1443 3492 1512 composito

1920 1532 1989 1588 ad
2019 1532 2294 1602 sapientes
2332 1532 2617 1597 accedunt,
2664 1540 2827 1601 atque
2858 1532 2925 1585 ab
2962 1532 3094 1600 ipsis
3125 1532 3491 1602 cngnitionem

1920 1625 2183 1679 hauriunt
2225 1638 2439 1689 eorum,
2473 1638 2595 1692 quae
2627 1631 2878 1684 noceant,
2917 1639 3146 1693 quaeque
3187 1624 3417 1693 prosint,
3454 1624 3492 1678 ii

1919 1717 2088 1771 vitam
2122 1730 2279 1771 suam
2320 1714 2500 1770 omnis
2530 1716 2689 1784 plane
2730 1714 3047 1769 olfensionis
3076 1723 3352 1784 expertem
3391 1715 3494 1767 im-

1923 1822 2256 1877 munemque
2284 1807 2622 1860 constituant
2655 1823 2667 1859 :
2696 1821 2819 1859 cum
2847 1820 2878 1859 e
2901 1806 3180 1859 contrario
3208 1804 3494 1873 impudens

1924 1910 1976 1956 et
2002 1898 2257 1970 superbia
2290 1898 2541 1967 fastuque
2570 1897 2764 1961 elatus,
2796 1896 2890 1965 qui
2932 1897 2998 1950 ad
3030 1896 3196 1949 animi
3243 1896 3488 1949 scholam

1923 1993 2063 2048 itare
2098 1991 2255 2054 nolit,
2298 1991 2445 2044 hunc
2469 1989 2852 2043 ostentationis
2880 2003 2993 2041 sua:
3019 1987 3255 2041 fructum
3289 1987 3491 2056 capiat,

1929 2094 1989 2139 ut
2018 2100 2070 2137 ιιι
2110 2081 2462 2152 prudentium
2493 2079 2929 2149 sapientiumque
2977 2077 3161 2131 odium
3198 2085 3252 2131 et
3288 2078 3495 2131 aliena-

1924 2176 2131 2231 tionem
2183 2175 2448 2228 incurrat.
2488 2172 2538 2227 ls
2585 2172 2752 2237 enim,
2788 2172 2879 2242 qui
2930 2186 2960 2225 a
3005 2169 3339 2239 sapientibus
3373 2184 3497 2239 quae

1922 2268 2173 2332 deceant,
2216 2280 2447 2335 quaeque
2484 2264 2637 2318 utilia
2686 2264 2817 2327 sint,
2859 2263 3103 2318 ediscere
3140 2262 3398 2326 noluerit,
3442 2270 3497 2314 et

236 2339 423 2431 σοφῶν
473 2342 576 2395 οὐκ
631 2344 912 2416 ἐθελήσας,
942 2347 1085 2431 ἀλλ’
1134 2352 1193 2403 ἐν
1241 2352 1664 2423 πονηρολογίαις
1725 2354 1822 2410 καὶ

1931 2360 1981 2414 in
2005 2358 2190 2431 pravis
2226 2357 2407 2427 potius
2435 2354 2701 2426 falsisque
2734 2354 3079 2410 sermonibus
3114 2354 3282 2407 libere
3315 2354 3495 2421 impn-

235 2430 787 2503 ψευδορῤημοσύναις
849 2442 1362 2512 παρρησιαζόμενος
1424 2446 1817 2516 ἀναισχύντως,

1931 2430 2228 2520 denterque
2284 2464 2347 2506 se
2406 2456 2676 2515 exerceat,
2736 2447 3030 2516 semetipsa
3085 2445 3152 2499 ad
3208 2460 3497 2500 commune

235 2522 405 2587 αὐτὸς
433 2526 630 2580 ἑαυτὸν
654 2528 944 2601 καθίστησι
975 2533 1225 2604 αισητόν.
1257 2530 1391 2588 Εἶτά
1435 2553 1601 2608 φησιν
1635 2539 1665 2590 ό
1698 2537 1821 2593 Ἐκ-

238 2614 587 2689 κλησιαστής
620 2634 636 2648 ·

1931 2541 2112 2596 odium
2142 2539 2385 2611 exponit.
2422 2538 2585 2593 Addit
2616 2536 2814 2593 deinde
2847 2534 3206 2592 Ecclesiastes
3236 2552 3250 2589 :

308 2632 587 2685 ησιαστης
620 2634 636 2648 ·

1755 2745 1782 2817 §
1826 2742 1962 2799 VIII.

313 2821 517 2891 Στόμα
554 2822 866 2892 ,βασιλέως
904 2829 1203 2897 φύλαξον,
1231 2832 1330 2885 καὶ
1359 2834 1493 2901 περὶ
1524 2835 1713 2906 λόγου
1739 2836 1828 2907 ὄρ-

1992 2834 2153 2905 202
2182 2835 2350 2891 Vens.
2384 2834 2506 2890 2-4.
2553 2832 2625 2890 Os
2675 2834 2812 2905 regis
2869 2832 3098 2898 custodi,
3135 2841 3187 2887 et
3235 2836 3299 2885 de
3342 2831 3495 2885 verba

234 2927 359 2964 κου
398 2911 547 2965 Θεοῦ
576 2912 665 2983 μὴ
704 2915 1003 2978 σπούδαζε
1026 2934 1038 2947 ·
1081 2919 1200 2975 ἀπὸ
1256 2923 1581 2989 προσώπου
1637 2926 1829 2981 αὐτοῦ

1931 2926 2217 2990 iuramenti
2244 2926 2343 2982 Dei
2396 2943 2460 2981 ne
2487 2934 2705 2996 satagas
2732 2941 2751 2980 :
2780 2942 2814 2979 a
2842 2925 2982 2994 {acie
3013 2924 3127 2993 ejus
3153 2922 3449 2976 ambulabis
3476 2936 3495 2975 :

235 3000 558 3089 πορεύσῃ·
606 3002 692 3071 μὴ
745 3004 900 3073 στῆς
949 3006 1019 3059 ἐν
1058 3010 1220 3077 λόγῳ
1275 3010 1537 3079 πονηρῷ,
1576 3014 1666 3068 ὅτι
1703 3015 1829 3071 πᾶν

1931 3035 1987 3072 ne
2019 3029 2124 3073 stes
2155 3020 2212 3072 in
2247 3019 2399 3073 verba
2449 3020 2612 3085 malo,
2650 3019 2906 3089 quoniam
2943 3033 3113 3082 omne,
3156 3016 3292 3087 quod
3321 3016 3499 3071 volue-

236 3087 277 3140 ὃ
322 3090 436 3143 ἐὰν
479 3092 711 3165 θελήσῃ
762 3096 1025 3165 ποιήσει,
1077 3098 1272 3166 καθὼς
1316 3102 1493 3155 λαλεῖ
1525 3104 1829 3174 βασιλεὺς

1931 3111 2018 3173 rit,
2048 3110 2229 3179 faciet,
2272 3111 2410 3164 sicut
2449 3087 2688 3180 loquitur
2720 3125 2813 3164 rea:
2838 3118 3157 3180 potestatem
3184 3106 3419 3172 habena;
3446 3114 3498 3161 et

237 3181 617 3243 ἐξουσιάζων
634 3199 651 3215 ⁸
681 3189 781 3241 καί
810 3189 900 3255 τις
925 3190 1050 3257 ἐρεῖ
1068 3191 1249 3257 αὐτῷ,
1291 3194 1351 3248 Τί
1370 3194 1701 3264 ἐποίησας;

325 3276 778 3349 Εἱσηγησάμενος
807 3281 906 3345 τὰς
937 3283 1158 3354 ἀληθεῖς
1202 3287 1331 3357 περὶ
1363 3286 1499 3342 Θεοῦ
1538 3289 1828 3359 φυλάττειν

250 3367 577 3439 ὑπολήψεις,
605 3373 699 3425 καὶ
733 3374 1004 3445 μηδαμῶς
1031 3379 1480 3450 παραχαράττειν
1516 3383 1615 3452 τὴν
1643 3384 1829 3439 είκόνα

239 3458 359 3528 τῆς
399 3461 677 3526 εὐσεϐείας
722 3466 836 3528 τοῖς
882 3467 1143 3522 ἁκαλλέσι
1175 3471 1270 3522 καὶ
1304 3470 1640 3540 ψευδοδόξοις
1692 3472 1832 3545 χρώ-

242 3568 395 3620 μασι
430 3551 538 3605 τῶν
561 3554 622 3606 ὲν
651 3557 771 3618 ταῖς
811 3556 1232 3627 ἀστρολογικαῖς
1264 3560 1468 3632 ψήφοις
1494 3562 1830 3635 ἀσχολουμέ-

239 3661 381 3708 νων,
434 3644 572 3698 ἀλλά
608 3646 740 3717 μίαν
770 3647 979 3701 οἴεσθαι
1021 3651 1117 3703 καὶ
1162 3654 1555 3722 καταγγέλλειν
1596 3657 1831 3727 ἀρχικήν

242 3735 420 3805 φύσιν
467 3736 568 3808 τὴν
612 3738 735 3793 τότε
778 3740 838 3793 τὸ
885 3742 995 3794 πᾶν
1018 3741 1372 3813 διεξάγουσαν
1398 3747 1689 3815 πανσόφως
1737 3750 1833 3801 xui.

248 3830 672 3900 συμφερόντως,
712 3832 806 3885 καὶ
844 3833 944 3902 τὴν
984 3835 1219 3889 ἑκάστου
1247 3840 1573 3911 προαίρεσιν
1612 3840 1715 3910 τῆς
1745 3838 1833 3910 ἐφ’

248 3921 499 3991 ἑκάτερα
531 3923 728 3993 ῥοπῆς,
776 3925 1021 3995 δηλονότι
1052 3928 1161 3981 τῶν
1186 3929 1274 3999 ἐφ’
1304 3930 1440 4001 ἠμίν
1483 3932 1575 3984 καὶ
1601 3930 1710 3985 τῶν
1733 3932 1836 3985 οὐκ

247 4011 340 4080 ἐφ’
361 4014 497 4083 ἡμῖν
523 4013 667 4085 ἔχειν
689 4015 788 4086 τὴν
810 4016 1081 4082 ἐξουσίαν’
1107 4020 1202 4075 νῦν
1225 4023 1308 4091 ἐφ’
1331 4023 1526 4092 ἑτέραν
1549 4024 1835 4094 εἰσήγησιν

249 4104 497 4174 μέτεισι,
526 4108 621 4161 καὶ
653 4112 1146 4180 κατασφαλίζεται,
1183 4117 1450 4187 μηδαμῶς
1470 4119 1539 4171 τά
1568 4118 1833 4189 λελεγμέ-

247 4214 323 4249 να
361 4200 519 4267 παρὰ
546 4200 811 4269 βασιλέως
835 4204 1182 4275 δημοσιεύειν
1205 4248 1220 4271 ,
1255 4209 1344 4262 ἵνα
1389 4208 1465 4279 μὴ
1501 4208 1838 4281 πρόσκομμα

249 4288 354 4339 καὶ
403 4289 613 4342 σκῶλον
655 4290 791 4363 εὕρῃ
835 4295 930 4347 καὶ⁹
979 4297 1287 4368 πειρασμὸν
1326 4298 1585 4369 ἀνόνητον
1622 4302 1652 4355 ό
1677 4301 1838 4355 τοῦτο

248 4382 457 4434 ποιῶν.
510 4384 655 4436 Διότι
706 4387 801 4440 καί
851 4387 954 4442 πού
1018 4407 1151 4459 φησι
1202 4391 1263 4445 τὸ
1309 4392 1491 4461 λόγιον
1547 4395 1648 4465 τῆς
1686 4394 1839 4460 Θείας

250 4474 526 4545 Γραφῆς⁶
594 4496 614 4528 ι
661 4479 978 4552 Μυστήριον
1047 4481 1313 4551 βασιλέως
1386 4483 1676 4553 φυλάττειν
1739 4503 1838 4541 κα-

250 4564 376 4621 λὸν.
420 4587 439 4618 ι
800 4598 807 4604 -

333 4660 575 4717 Ἔπειτα
625 4667 1030 4734 παρεγγυᾶται,
1093 4667 1188 4720 καὶ
1236 4668 1311 4739 μὴ
1370 4669 1663 4741 πρόχειρον
1700 4664 1841 4724 εἶναι

162 4776 165 4779 ν
254 4750 403 4821 ergo;
457 4751 643 4820 ὅρκον,
699 4754 834 4824 μηδὲ
885 4756 988 4825 τὴν
1036 4755 1282 4823 γλῶτταν
1338 4758 1618 4813 εὑόλιοθον
1676 4754 1844 4813 οὖσαν

256 4845 573 4914 συγχωρεῖν
596 4842 766 4913 ὄνομα
795 4845 930 4899 Θεοῦ
964 4850 1226 4917 προάγειν
1261 4851 1341 4908 είς
1365 4851 1461 4913 τὰς
1492 4851 1709 4920 ὁμιλίας
1743 4850 1842 4915 τὰς

255 4932 403 5002 πρὸς
434 4934 560 4995 τοὺς
594 4933 787 4998 πέλας.
812 4936 982 4990 Τοῦτο
1009 4937 1065 4991 δὲ
1094 4938 1277 5011 διττὴν
1303 4940 1413 5011 ἔχει
1433 4943 1533 5011 τὴν
1562 4942 1802 5012 ἔμφασιν
1826 4958 1841 4974 ο

257 5023 293 5095 ἦ
316 5023 380 5076 τὸ
411 5023 679 5094 μηδαμῶς
705 5027 793 5077 ἐπ’
810 5026 1036 5098 ὀνόματι
1067 5029 1203 5082 Θεοῦ
1229 5030 1317 5084 διά
1332 5049 1451 5085 τινα
1478 5034 1845 5106 προκειμένην

334 5202 523 5279 (15)_At
549 5201 959 5279 _LXX_l_taben_t_.
984 5246 995 5259 .
1020 5245 1034 5258 .
1067 5207 1512 5279 pho-nouodtanq.
1538 5249 1550 5261 .
1578 5247 1591 5260 .
1616 5248 1628 5261 .
1659 5218 1713 5262 et
1743 5227 1844 5262 κα-

263 5274 373 5334 Θὼς
421 5274 673 5341 βασιλεὺς
701 5275 1051 5339 ἐξουσιάζων,
1070 5274 1178 5328 καὶ
1207 5277 1315 5340 τίς.
1335 5318 1346 5328 .
1368 5317 1382 5331 .
1403 5319 1415 5332 .
1433 5274 1687 5333 "Aduolat
1716 5295 1845 5333 vero

263 5345 712 5414 Olympiodorus,
766 5344 937 5398 Ἀλλα
979 5346 1036 5399 δὲ
1091 5346 1272 5416 βιϐλία
1327 5346 1511 5418 ἔχουσι
1550 5349 1845 5417 πορευθῆ-

264 5430 368 5468 ναι
379 5454 393 5466 .

338 5486 417 5560 (5)
442 5482 580 5560 Τοῦ.
614 5499 715 5560 xit,
742 5485 794 5538 7.
820 5486 923 5560 Sed
949 5489 1090 5557 apud
1116 5488 1255 5543 LXX
1280 5490 1511 5560 legimus
1538 5491 1847 5560 Μυστήριον

267 5552 537 5634 βασιλέως
573 5554 735 5634 καλὸν
770 5552 999 5634 κρύψαις
1031 5552 1349 5634 Ephrnjntns
1390 5560 1448 5634 in
1484 5552 1839 5634 Encotn.'Ba-

268 5626 360 5699 sil.
388 5624 653 5699 κρύπτειν
681 5626 777 5694 μὲν
936 5629 1039 5699 τὰς
1068 5624 1257 5699 βουλάς
1282 5630 1391 5681 τῶν
1426 5630 1710 5699 βασιλέων,
1744 5648 1846 5682 κα-

268 5694 787 5770 λὸ·.ι.η(ίι-ι)υ‹]-Ο-οιοΙ-.
816 5694 964 5752 Μοη.
999 5694 1181 5754 Εξϐικ
1219 5712 1253 5753 ι.
1289 5700 1374 5762 Ill,
1412 5694 1463 5770 p.
1501 5702 1614 5769 54.)

344 5766 422 5835 (6)
460 5766 519 5817 ln
560 5764 807 5841 Vulgatis
856 5769 1121 5841 habemus
1157 5786 1169 5822 :
1209 5771 1317 5837 Ego
1361 5764 1425 5823 σε’
1454 5764 1606 5841 regis
1637 5769 1848 5823 observo

1853 3241 1896 3299 ϐ
1927 3203 2045 3299 (ιιιὲ
2072 3201 2208 3256 dicet
2242 3202 2332 3256 ei:
2364 3201 2508 3299 Quid
2539 3201 2676 3299 facis
2709 3200 2829 3272 (4)?

1997 3292 2297 3363 Postquam
2327 3292 2636 3356 admonuit,
2670 3301 2732 3346 ut
2760 3306 2917 3347 veras
2946 3290 3013 3347 de
3042 3290 3155 3345 Deo
3202 3288 3498 3344 sententias

1930 3393 2203 3451 tueamur,
2241 3400 2306 3440 ac
2338 3399 2408 3438 ne
2445 3384 2662 3453 pietatis
2704 3383 2996 3451 imaginem
3028 3380 3305 3436 indecoris
3344 3378 3498 3433 fuca-

1928 3480 2109 3548 tisque
2136 3492 2326 3531 eorum
2357 3474 2633 3530 coloribus
2672 3473 3064 3537 deformamus,
3106 3471 3200 3540 qui
3233 3485 3291 3526 se
3322 3480 3498 3523 astro-

1929 3570 2085 3640 logia:
2133 3568 2360 3624 calculis
2418 3566 2781 3632 dediderunt,
2833 3566 3024 3636 utique
3078 3565 3379 3619 sentiamus
3438 3576 3504 3616 ac

1929 3663 2287 3734 profiteamur
2332 3678 2497 3717 unam
2543 3677 2666 3718 esse
2720 3661 3020 3732 principem
3072 3667 3347 3721 naturam,
3382 3671 3504 3726 quae

1932 3754 2089 3809 initio
2132 3755 2318 3808 omnia
2364 3754 2639 3823 sapienter
2682 3763 2848 3823 atque
2881 3753 3090 3808 utiliter
3137 3749 3422 3810 ordinarit,
3450 3756 3505 3803 et

1932 3845 2204 3900 voluntati
2235 3844 2505 3915 cujusque
2547 3845 2758 3909 datum,
2793 3856 2854 3898 ut
2889 3844 2945 3897 in
2978 3853 3268 3911 utramque
3294 3848 3503 3909 partem

1934 3936 2199 3993 inclinare
2258 3952 2317 3992 se
2365 3943 2571 4006 posset,
2633 3944 2743 3991 tam
2797 3937 2865 3991 ad
2913 3950 2976 3991 ea
3024 3950 3217 4004 nempe
3271 3948 3393 4003 quae
3448 3932 3505 3986 in

1935 4028 2095 4084 nobis
2124 4036 2270 4094 sunt,
2297 4042 2462 4097 quam
2492 4042 2614 4096 qua:
2660 4026 2713 4079 in
2757 4025 2916 4080 nobis
2952 4041 3059 4079 non
3095 4032 3223 4080 sunt
3248 4042 3263 4078 :
3292 4024 3402 4092 jam
3436 4020 3507 4076 ad

1936 4118 2160 4172 alteram
2207 4115 2634 4171 admonitionem
2684 4113 2897 4177 transit,
2948 4122 3005 4166 et
3042 4108 3345 4165 cavendum
3373 4122 3507 4177 pra:-

1938 4209 2145 4275 scribit,
2192 4224 2261 4263 ne
2295 4222 2533 4276 unquam
2576 4205 2720 4276 regis
2761 4206 2904 4259 dicta
2937 4203 3221 4273 vulgemus
3257 4219 3271 4254 :
3302 4216 3368 4255 ne
3414 4197 3508 4268 qui
3620 4254 3626 4259 ,

1938 4302 2044 4357 hoc
2079 4300 2291 4365 fecerit,
2332 4298 2592 4360 offendat,
2631 4311 2886 4367 magnum
2920 4295 3069 4349 nulla
3102 4294 3336 4348 utilitate
3367 4290 3510 4362 peri-

1939 4392 2122 4448 culum
2148 4390 2361 4446 subeat.
2390 4386 2759 4454 Quamobrem
2781 4384 3024 4452 quodam
3062 4383 3115 4437 in
3146 4383 3268 4437 loco
3297 4379 3511 4435 divina-

1939 4499 2061 4539 rum
2090 4482 2417 4538 Litterarum
2449 4480 2501 4534 id
2538 4493 2758 4549 quoque
2785 4486 2964 4533 exstat
2990 4474 3271 4531 oraculum
3302 4491 3316 4527 :
3348 4491 3372 4523 ι
3396 4469 3510 4543 My-

1869 4593 1915 4651 ι)
1943 4574 2173 4631 sterium
2200 4572 2345 4643 regis
2374 4569 2651 4625 custodire
2683 4568 2884 4624 bonum
2912 4576 2995 4622 est
3022 4564 3120 4638 (5).
3152 4584 3172 4617 ι

2012 4661 2273 4717 Hortatur
2322 4658 2549 4726 deinde,
2612 4673 2684 4714 ne
2740 4657 3032 4727 quisquam
3086 4655 3263 4710 facilis
3312 4654 3386 4709 sit
3442 4651 3513 4707 ad

1932 4753 2355 4827 jusjurandum,
2400 4766 2535 4807 neve
2591 4748 2752 4815 ferat,
2808 4760 2868 4805 ut
2915 4749 3100 4820 lingua
3142 4749 3198 4802 in
3245 4747 3511 4818 proximis

1939 4845 2280 4918 alloquendis
2319 4843 2415 4900 Del
2448 4858 2645 4899 nomen
2682 4853 2886 4899 temere
2918 4842 3062 4897 ciere
3104 4848 3384 4895 assuescat
3411 4838 3507 4907 (6).

1939 4940 1995 4996 ld
2017 4948 2199 4995 autem
2231 4936 2504 5009 geminam
2540 4935 2705 4990 habet
2737 4933 3212 5004 significationem,
3261 4945 3328 4984 ne
3363 4929 3513 4983 scili-

1940 5041 2029 5089 cet
2060 5032 2116 5087 in
2142 5030 2239 5086 Dei
2270 5029 2515 5097 nomine,
2548 5028 2864 5099 quicunque
2899 5040 2956 5080 se
2983 5033 3277 5094 praeteritus
3299 5020 3509 5083 offerat,

1941 5206 2292 5277 respondent,
2316 5214 2370 5259 et
2395 5206 2533 5258 hanc
2561 5202 2885 5277 sententiam
2917 5202 3197 5277 continuere
3224 5198 3507 5251 videatur:

1946 5270 2200 5348 Equidem
2243 5286 2352 5348 tam
2406 5283 2724 5348 preceplum
2761 5272 2910 5348 Iegis
2956 5270 3271 5348 servandum
3308 5283 3509 5335 censeo,

1943 5342 2099 5420 quam
2121 5346 2256 5420 quod
2286 5342 2732 5420 Deojuravimus.
2761 5342 2856 5395 Vel
2898 5343 3058 5395 etiam
3079 5342 3298 5420 docent
3326 5347 3515 5420 sancte

1944 5409 2272 5473 servandum
2301 5409 2443 5481 regis
2474 5421 2823 5481 praeceptum,
2848 5409 3359 5481 cumisubditorum
3381 5409 3515 5464 lides

1944 5432 2272 5473 servandum
2301 5432 2357 5468 re
2398 5432 2443 5468 IS
2474 5432 2823 5481 praeceptum,
2848 5432 2971 5467 cum
3008 5432 3350 5465 summorum
3382 5432 3515 5464 uucs

1941 5487 2299 5558 jurejurando
2331 5432 2567 5558 obligata
2596 5483 2704 5551 regi
2739 5483 2829 5558 sit.
2864 5484 2932 5535 At
2954 5477 3320 5558 Noster_bXX
3351 5479 3516 5558 inter-

1951 5549 2131 5629 pret-es
2173 5549 2469 5629 sequitur;
2507 5549 2712 5629 etquae
2750 5553 3027 5629 ineorum
3070 5549 3514 5629 verbis-eminet,

1955 5618 2287 5683 Sententiam'
2324 5624 2564 5691 exponit.
2603 5618 2965 5692 Symmachus
3008 5621 3204 5675 habet:
3228 5618 3321 5692 Μὴ
3352 5618 3518 5673 σπεύο

1957 5714 2077 5769 σῃς,
2103 5696 2245 5769 quod
2276 5689 2465 5769 eodem
2497 5689 2706 5769 recidit.
2725 5692 2869 5769 ﬁlve
2897 5692 3042 5748 enim
3073 5691 3219 5759 legas
3244 5689 3319 5759 μὴ
3346 5706 3516 5769 σπου-

1955 5759 2146 5837 δᾶσῃς,
2184 5767 2299 5819 sive
2331 5766 2404 5833 μὴ
2431 5764 2690 5837 σπεύσῃς,
2725 5765 2857 5819 illud
2897 5777 3202 5827 monemur,
3235 5776 3306 5816 ne
3334 5759 3402 5817 ad
3427 5759 3517 5831 ju-

269 5845 321 5892 et
351 5846 613 5906 prazceota
647 5837 942 5904 juramenti
985 5838 1122 5893 Dei:
1154 5835 1272 5910 [μιιὲ
1323 5835 1530 5896 melius
1573 5841 1853 5896 Hebraicis
1959 5835 2189 5895 randum
2216 5838 2484 5906 proclives
2510 5835 2707 5891 simus.
