4114 6526
595 426 734 499 1043

1679 436 1735 494 S.
1770 435 2143 495 GREGORII
2188 438 2420 497 AGRIG
2434 438 2694 497 ENTINI

3699 428 3835 493 1044

592 538 953 613 jurejurando
996 554 1231 608 unquam
1264 548 1502 605 utamur,
1550 559 1682 597 neve
1727 545 1862 597 alios
1894 544 1958 597 ad
1992 545 2164 613 jusju-

2279 546 2539 614 πρόφασιν
2568 545 2703 616 οἴκῳ
2734 544 3033 615 κεχρῆσθαι
3060 544 3121 595 τὸ
3153 542 3393 604 σύνολον,
3431 542 3567 611 μήτε
3604 540 3710 610 μὴν
3742 543 3833 611 ὅρ-

595 630 827 685 randum
862 629 1165 700 adigamus,
1199 632 1343 700 quod
1369 646 1465 701 par
1496 632 1549 686 in
1577 644 1803 705 utroque
1834 637 1905 689 sit
1932 639 2157 689 crimen.

584 724 732 780 Cum
770 732 949 776 autem
976 723 1050 776 ait
1080 740 1093 776 ι
1129 742 1148 773 ι
1187 724 1228 775 Α
1266 724 1402 778 facie
1431 725 1549 794 ejus
1587 728 1909 789 ambulabis,
1954 743 2022 782 ne
2049 735 2162 783 stes

597 814 654 868 in
683 814 846 869 verbo
875 816 1039 879 malo,
1072 834 1090 866 ι
1132 825 1323 870 auctor
1347 828 1451 882 est,
1481 834 1573 881 ne,
1607 818 1806 871 auditis
1836 834 1956 886 qua:
1978 834 2006 871 a
2039 833 2163 888 rege

599 908 811 976 prolata
869 908 1024 972 sint,
1082 909 1470 979 cogitationem
1530 910 1838 979 digrediens
1895 910 2164 978 suscipias

601 998 841 1067 aliquam
889 1013 988 1054 nec
1035 999 1326 1069 pudentem
1378 1015 1477 1055 nec
1519 1000 1764 1069 probam,
1813 1014 1949 1053 neve
1992 1010 2161 1053 tecum

602 1090 963 1158 perniciosam
1002 1090 1268 1145 rationem
1312 1090 1636 1151 constituas,
1685 1105 1808 1161 quae
1846 1090 1909 1144 id
1942 1090 2168 1159 vulgare

603 1179 725 1235 aliis
757 1181 1097 1250 persuadeat,
1127 1181 1269 1249 quod
1304 1190 1514 1236 secreto
1560 1181 1675 1251 ipse
1723 1179 1984 1243 audieris,
2021 1181 2169 1235 velut

604 1272 650 1327 si
680 1288 840 1326 nemo
868 1273 1027 1343 203
1060 1273 1128 1328 de
1160 1287 1469 1329 sermonum
1497 1273 1765 1343 ejusmodi
1798 1272 2167 1327 enuntiatione

602 1377 802 1419 nomen
861 1375 1013 1419 tuum
1065 1366 1138 1421 sit
1184 1365 1464 1421 delaturus
1508 1386 1521 1420 :
1569 1382 1636 1421 ne
1704 1366 1751 1419 si
1808 1367 2026 1435 quando
2073 1381 2167 1421 rex

604 1455 838 1518 noverit,
880 1455 1046 1510 vitam
1085 1465 1256 1520 tuam,
1285 1456 1613 1524 ut‘libuerit,
1642 1466 1827 1521 vexet;
1858 1472 1981 1512 cum
2009 1472 2167 1512 nemo

605 1544 698 1607 sit,
731 1545 823 1613 qtti
856 1545 1134 1601 adversari
1169 1546 1245 1600 illi
1273 1548 1463 1616 possit,
1495 1556 1588 1603 aut
1616 1547 1710 1616 qui
1742 1547 2167 1617 indignationem

604 1634 724 1704 ejus
758 1644 923 1704 atque
952 1637 1211 1705 impetum
1247 1638 1518 1701 cohibere,
1560 1652 1822 1706 reumque
1850 1645 1969 1706 post
1994 1637 2171 1706 prola-

606 1735 713 1779 tam
760 1727 1087 1783 sententiam
1138 1746 1166 1783 a
1208 1744 1368 1799 pmna
1421 1728 1798 1799 supplicioque
1837 1729 2012 1784 valeat
2062 1730 2170 1785 eri-

605 1832 753 1891 pere.
789 1819 880 1877 Ait
907 1818 1104 1879 deinde

2265 654 2359 690 κον
2386 638 2567 699 ἄλλοις
2604 636 2912 705 προτείνειν
2941 636 3013 698 ὼς
3045 636 3306 703 ἐκατέρου
3335 634 3434 701 τὴν
3468 633 3589 701 ἴσην
3622 632 3838 701 ἔχοντος

2266 729 2561 800 ἁμαρτίαν.
2596 731 2660 782 Ὅ
2683 729 2739 782 δέ
2773 745 2959 798 φησιν·
2998 747 3016 779 ι
3054 727 3189 782 Ἀπὸ
3214 725 3507 797 προσώπου
3540 726 3707 778 αὐτοῦ
3741 742 3839 776 πο-

2270 822 2461 893 ρεύση,
2503 821 2577 891 μὴ
2603 824 2734 891 στῇς
2766 821 2823 873 ὲν
2847 820 2991 890 λόγῳ
3024 818 3244 890 πονηρῷ
3270 837 3287 868 ›
3325 818 3703 888 παρεγγυᾶται
3741 833 3844 885 μη-

2265 911 2455 983 δαμῶς
2489 912 2628 983 μετὰ
2663 911 2760 965 τοῦ
2792 910 3060 964 πυθέσθαι
3088 910 3195 963 τῶν
3225 908 3569 978 λαληθέντων
3604 906 3709 959 ὑπὸ
3748 907 3843 959 τοῦ

2271 1004 2558 1074 βασιλέως,
2592 1003 2755 1069 ἐξιὼν
2794 1004 2987 1074 οἰηθῇς
3029 1020 3082 1055 τι
3118 1002 3580 1071 καταφρονήσεως
3616 999 3711 1052 καὶ
3749 1016 3845 1051 πο-

2268 1094 2462 1163 νηρίας
2491 1092 2783 1165 ἐνθύμημα
2808 1108 2823 1123 ⁸
2863 1093 2998 1164 μηδὲ
3036 1090 3387 1161 κραταιώσας
3418 1093 3474 1142 ὲν
3514 1088 3727 1157 σεαυτῷ
3753 1089 3845 1140 λδ-

2269 1202 2363 1252 γον
2385 1186 2704 1257 ἀσύμφορον
2730 1185 2822 1238 τὸν
2848 1182 3287 1254 συμῦουλεύοντα
3320 1182 3491 1233 ποιεῖν
3515 1179 3724 1248 ἕκφορα
3751 1178 3845 1229 καὶ

2268 1280 2383 1340 τοῖς
2434 1278 2615 1341 ἄλλοις
2669 1278 2737 1331 τὰ
2788 1275 3125 1332 ἀκουσθέντα
3177 1292 3260 1327 σοι
3315 1272 3609 1344 μυστικῶς,
3662 1272 3739 1333 ὼς
3782 1271 3843 1321 οὐ

2272 1370 2707 1441 καταφωρᾶσθαί
2734 1386 2827 1423 σου
2869 1369 3150 1440 μέλλοντος
3176 1370 3234 1420 ὲν
3264 1369 3327 1437 τῇ
3360 1366 3584 1436 τοιαύτῃ
3616 1363 3723 1415 τῶν
3753 1363 3839 1414 λό-

2272 1480 2382 1529 γων
2416 1462 2769 1531 ὲξαγγέλσειο
2807 1462 2880 1531 μή
2917 1478 3046 1514 ποτε
3096 1461 3207 1530 γὰρ
3258 1459 3405 1530 μάθῃ
3455 1456 3548 1511 καὶ
3601 1454 3840 1508 κακώσει

2275 1570 2368 1605 σου
2422 1554 2522 1623 τὴν
2570 1550 2735 1621 ζωὴν,
2783 1548 2969 1615 καθὼς
3007 1550 3073 1604 ἂν
3119 1549 3431 1621 βουληθείη,
3483 1546 3689 1617 μηδένα
3736 1542 3843 1597 τῶν

2272 1644 2741 1714 ἀντιταττομένων
2786 1644 2947 1713 ἔχων,
2995 1643 3027 1713 ἦ
3072 1643 3167 1712 τῆς
3209 1641 3351 1694 κατὰ
3380 1638 3476 1692 σοῦ
3511 1637 3642 1708 παρ’
3679 1636 3846 1689 αὑτοῦ

2274 1736 2641 1807 κεκινημένης
2682 1736 2852 1805 ὀργῆς
2883 1719 3337 1797 ἀναστέλλοντα,’
3350 1733 3447 1785 καὶ
3478 1728 3849 1801 λυτρούμενόν

2278 1843 2337 1879 σε
2365 1828 2465 1896 τῆς
2498 1826 2873 1896 ἐξενεχθείσης
2903 1827 3233 1893 ἀποφάσεως
3260 1825 3402 1894 πρὸς
3425 1822 3729 1889 καταδίκην
3754 1820 3853 1873 καὶ

2202 1922 2245 1976 Β
2275 1918 2571 1990 τιμωρίαν.
2596 1915 2731 1974 Εἶτά
2756 1937 2921 1991 φησιν
2938 1937 2953 1952 ο

2128 2023 2155 2096 §
2192 2024 2282 2085 1x.

685 2105 843 2165 Vens.
879 2111 932 2165 5.
975 2111 1080 2176 Qui
1124 2112 1355 2166 custodit
1393 2114 1723 2176 mandatum,
1770 2128 1872 2166 non
1902 2124 2175 2184 cognoscet

606 2200 816 2255 verbum
868 2203 1085 2255 malum.
1149 2203 1217 2256 Et
1270 2212 1470 2272 tempus
1522 2203 1717 2273 judicii
1767 2208 2033 2275 cognoscit
2088 2223 2175 2260 τοι·

604 2291 899 2359 sapientis;
944 2292 1068 2362 quia
1126 2293 1268 2346 omni
1310 2294 1517 2363 negotio
1574 2302 1649 2346 est
1698 2302 1896 2363 tempus
1942 2304 1993 2349 et
2025 2295 2175 2364 judi-

605 2384 748 2447 cium
778 2383 877 2454 (7).

677 2471 1001 2542 Quanquam
1027 2473 1164 2528 dixit
1190 2473 1668 2531 indiscriminatim
1701 2479 2034 2541 mandatum,
2066 2493 2173 2532 non

607 2566 910 2634 simplicem
962 2575 1140 2621 tamen
1187 2569 1429 2621 mandati
1469 2568 1655 2623 intulit
1699 2570 2173 2641 signiﬁcationem,

606 2656 700 2711 sed
752 2658 1107 2728 multiplicem
1156 2667 1321 2729 atque
1358 2659 1592 2715 variam.
1630 2659 1755 2715 Sive
1788 2663 1933 2716 enim
1976 2678 2177 2732 praece-

607 2759 762 2819 ptum
812 2748 903 2803 Dei
949 2751 1074 2820 quis
1112 2751 1454 2814 custodierit.
1485 2751 1802 2810 mandatum
1839 2752 2045 2808 scilicet
2080 2752 2178 2809 do-

608 2840 866 2895 minantis
915 2841 970 2895 iu
1003 2852 1207 2907 artemo
1247 2859 1416 2913 regno
1454 2860 1575 2909 suo,
1624 2845 1738 2900 sive
1780 2845 1919 2915 ejus,
1957 2847 2051 2915 qui
2093 2859 2179 2899 re-

609 2948 773 3001 gnum
806 2933 859 2987 in
893 2935 1052 2990 terris
1097 2945 1290 2990 nactus
1323 2937 1414 3000 sit,
1455 2946 1550 2992 aut
1588 2939 1853 2993 naturalis
1876 2939 2047 3008 patris
2094 2938 2178 2993 vel

608 3027 799 3080 matris
824 3028 906 3082 vel
930 3028 1173 3098 magisu'i
1200 3046 1215 3083 :
1241 3028 1387 3099 quod
1414 3031 1540 3086 item
1566 3031 1901 3085 multimodis
1920 3031 2179 3086 dividitur

609 3128 771 3187 atque
806 3131 1124 3190 usurpatur,
1152 3130 1207 3176 et
1235 3137 1341 3190 qua
1372 3137 1471 3177 nos
1503 3123 1572 3177 de
1602 3124 1816 3178 sincera
1853 3123 1956 3177 ﬁde
1996 3133 2177 3178 nostra

614 3210 791 3278 deque
839 3211 1042 3266 divinis
1087 3212 1298 3280 legibus
1342 3212 1618 3279 admonet,
1668 3223 1723 3268 et
1767 3228 1873 3281 qua
1914 3215 2175 3282 puerilem

610 3299 1009 3357 institutionem
1051 3303 1467 3375 doctrinamque
1500 3307 1937 3375 comprehendit,
1990 3317 2043 3362 et
2072 3323 2177 3376 qua

2361 2120 2422 2173 '0
2447 2119 2789 2190 φυλάσσων
2828 2120 3089 2186 ἐντολὴν
3121 2120 3193 2173 οὐ
3225 2115 3515 2187 γνώσεται
3550 2115 3716 2184 ῥῆμα
3744 2130 3858 2168 πο-

2274 2215 2492 2281 νηρόν·
2556 2214 2654 2267 καὶ
2717 2214 2923 2283 καιρὸν
2984 2213 3236 2281 κρίσεως
3299 2210 3575 2281 γινώσκει
3639 2210 3862 2279 καρδεά

2275 2306 2510 2377 σοφοῦ’
2578 2307 2666 2360 ὅτι
2724 2306 2900 2360 παντὶ
2948 2305 3247 2376 πράγματι
3302 2304 3433 2357 ἐστι
3491 2304 3698 2371 καιρὸς
3750 2303 3854 2356 καὶ

2276 2400 2489 2470 κρίσις.

2357 2489 2711 2553 Ἀδιαστὸλως
2751 2491 2848 2559 μὲν
2887 2489 3087 2560 ἔφησεν
3115 2487 3393 2555 ἐντολὴν,
3425 2486 3521 2555 οὐχ
3558 2485 3741 2553 ἁπλῆν
3782 2485 3855 2559 δὲ

2275 2582 2376 2652 τὴν
2412 2580 2523 2649 τῆς
2559 2578 2812 2646 ἐντολῆς
2850 2578 3053 2648 ἔφησεν
3092 2577 3325 2642 ἔννοιαν,
3368 2574 3503 2627 ἀλλὰ
3543 2574 3855 2644 πολυσχεδῆ

2277 2670 2372 2723 καὶ
2414 2669 2690 2738 ποικίλην.
2739 2666 2867 2722 Εἴτε
2906 2667 3003 2737 τὴν
3042 2666 3266 2736 ἐντολὴν
3312 2664 3419 2734 γὰρ
3448 2663 3543 2717 τοῦ
3584 2663 3721 2716 Θεοῦ
3764 2681 3857 2727 τις

2278 2760 2524 2829 φυλάξει,
2570 2758 2667 2830 τὴν
2704 2759 2922 2827 ἐντολὴν
2965 2756 3060 2810 τοῦ
3104 2755 3457 2819 δεσπόζοντος
3503 2756 3561 2808 ὲν
3590 2758 3655 2825 τῇ
3686 2755 3856 2807 δυνα-

2281 2854 2434 2925 στείᾳ
2476 2853 2639 2907 αὑτοῦ
2686 2852 2782 2904 τοῦ
2833 2852 3066 2912 αἰῶνοςο
3095 2848 3203 2901 εἴτε
3250 2847 3346 2901 τοῦ
3400 2846 3708 2917 βασιλεύειν
3756 2845 3859 2898 ἐπὶ

2276 2943 2376 3011 τῆς
2405 2941 2510 3010 γῆς
2533 2941 2834 3011 λελοχότος,
2862 2940 2895 3009 ἢ
2922 2938 3153 3008 φυσικοῦ
3185 2937 3443 3009 πατρδςῆ
3478 2938 3685 3008 μητρὸς
3708 2938 3739 3006 ἢ
3771 2937 3861 2988 δι-

2277 3036 2547 3089 δασκάλου
2568 3052 2583 3066 ·
2613 3034 2704 3087 καὶ
2732 3033 2924 3087 τούτου
2949 3030 3331 3102 διαιρουμένου
3365 3031 3459 3083 καὶ
3488 3028 3861 3099 παραλαμϐα-

2279 3128 2506 3199 νομένου
2538 3126 2844 3197 πολλαχῶς,
2877 3126 2958 3188 εἴς
2983 3142 3043 3177 τε
3071 3117 3170 3195 τὴν
3205 3126 3305 3194 τῆς
3335 3123 3657 3194 εἰλικρινοῦς
3689 3121 3861 3191 ἡμῶν

2279 3219 2517 3281 πίστεως
2560 3218 2655 3271 καὶ
2692 3215 2853 3269 θείων
2889 3215 3176 3285 δογμάτων
3217 3216 3522 3283 εἰσήγησιν,
3553 3214 3630 3275 είς
3658 3227 3719 3264 τε
3749 3211 3862 3280 τὴν

2278 3309 2387 3362 τῶν
2427 3307 2809 3377 εἰσαγωγικῶν
2853 3307 2948 3359 καὶ
2982 3305 3247 3359 παιδικῶν
3281 3304 3626 3374 διδαγμάτων
3653 3303 3867 3372 ἀνάληο

611 3395 979 3465 cOgnitionem
1039 3407 1248 3467 spectat
1299 3409 1619 3457 caeterarum
1676 3406 1921 3459 omnium
1977 3404 2176 3459 artium

2279 3402 2393 3472 ψιν,
2428 3400 2537 3453 εἴτε
2567 3399 2677 3452 τῶν
2704 3399 2881 3453 ἄλλων
2903 3397 3131 3452 ἁπασῶν
3166 3395 3509 3467 βαναυσικῶν
3532 3396 3738 3464 τεχνῶν
3756 3393 3865 3462 τὴν

613 3486 1091 3555 mechanicarum;
1123 3491 1213 3545 ille
1255 3494 1482 3563 utique:
1523 3511 1541 3543 ι
1572 3492 1688 3548 Non
1728 3506 2022 3566 cognoscet
2060 3511 2183 3551 ver-

616 3572 745 3627 bum
800 3576 1027 3642 malum,
1064 3596 1085 3630 ι
1144 3595 1256 3649 quo
1307 3597 1434 3638 rens
1483 3584 1598 3649 ﬁat,
1647 3594 1702 3640 et
1749 3587 1815 3641 de
1872 3595 2182 3657 contempto

614 3665 925 3736 violatoque
980 3670 1236 3726 mandato
1290 3676 1685 3730 condemnetur
1719 3677 1817 3747 (8).
1867 3676 2068 3732 Verum
2136 3681 2183 3732 si

615 3756 949 3815 discriminis
1005 3761 1236 3817 multum
1298 3774 1382 3820 est
1428 3766 1483 3819 in
1540 3766 1815 3822 mandatis
1864 3768 2036 3838 ipsis,
2091 3768 2183 3823 ubi

617 3851 909 3919 separatim
942 3853 1155 3923 singula
1198 3857 1644 3923 considerentur;
1680 3874 1855 3929 ptenas
1883 3876 2099 3931 quoque
2130 3869 2185 3916 et

616 3942 1122 4012 animadversiones
1162 3947 1440 4003 violationi
1468 3965 1655 4004 eorum
1687 3954 2107 4021 respondebunt.

689 4032 852 4106 204
875 4035 1144 4091 Caeterum
1174 4040 1267 4108 qui
1308 4039 1641 4104 mandatum,
1689 4043 2183 4113 quomodocunque

617 4121 805 4177 datum
850 4126 898 4180 ei
946 4127 1038 4191 sit,
1083 4129 1422 4194 custodierit,
1462 4130 1756 4186 vindictam
1789 4148 2017 4202 prorsus
2043 4134 2181 4189 etfu-

618 4212 748 4281 giet,
786 4214 929 4270 sicut
967 4217 1208 4272 mandati
1250 4227 1304 4273 et
1339 4234 1515 4288 pinnas
1546 4220 1851 4291 irrogandaa
1877 4222 1984 4276 fert
2018 4224 2181 4281 ratio.

621 4303 809 4359 Sciant
859 4306 1027 4371 enim,
1079 4317 1315 4376 oportet,
1363 4318 1417 4363 et
1456 4324 1622 4365 senex
1672 4321 1727 4365 et
1770 4313 2089 4369 adolescens
2130 4324 2184 4370 et

617 4411 751 4479 puer
805 4400 893 4463 cui
915 4400 1024 4485 jam
1055 4415 1152 4459 cor
1181 4401 1375 4471 sapiat,
1402 4401 1455 4455 id
1482 4403 1629 4457 enim
1660 4404 1914 4473 sapientis
1944 4405 2185 4476 appella-

690 4582 768 4651 (7)
811 4581 1168 4656 Symmachus
1200 4582 1381 4656 habet.
1407 4622 1454 4639 ..
1508 4584 1629 4638 Ὅτι
1677 4584 1841 4639 παντὶ
1896 4583 2186 4656 πράγματι

618 4653 954 4724 ἑστι-καιρὸς
992 4653 1179 4722 χρείας
1205 4655 1300 4706 καὶ
1325 4656 1549 4724 τρόπος.

690 4721 764 4794 (8)
794 4721 965 4785 Paulo
997 4726 1151 4777 aliter
1189 4724 1301 4791 haec
1327 4721 1411 4778 est
1454 4723 1619 4779 verba
1656 4724 2040 4794 interpretatus
2071 4724 2181 4781 Eu-

619 4793 981 4864 sebiustcum
1012 4794 1289 4862 psalmum
1308 4810 1501 4858 xum,
1530 4794 1587 4856 2,
1615 4793 1910 4864 exponeret
1934 4810 1947 4846 :
1972 4797 2183 4864 prolata

617 4863 815 4932 quippe
840 4863 1182 4918 Ecclesiasten:
1213 4866 1501 4929 sententia,
1530 4863 1730 4933 adjecit
1761 4882 1774 4917 :
1809 4865 1920 4917 Καὶ
1946 4863 2181 4920 ἐνταῦθα

616 4935 726 5004 γὰρ
754 4933 834 4985 τό·
853 4937 957 5007 .οὺ
982 4933 1295 5002 γνώσεται,
1315 4935 1379 5007 οὐν
1392 4935 1696 5007 πεποίηται
1725 4934 1846 5007 οὐδὲ
1875 4935 2185 5007 ἀνακέκρα-

615 5021 709 5078 ται
737 5004 877 5078 κατά
913 5007 1062 5078 ῥῆμα
1090 5006 1346 5078 πονηρόν.
1372 5004 1722 5078 Ψεῦδοςίγὰρ
1754 5005 1814 5056 τὸ
1846 5004 2185 5078 νομίζεινμὴ

617 5074 941 5147 ἐπίστασθαι
974 5076 1124 5147 ῥῆμα
1161 5076 1391 5147 πονηρὸν
1423 5074 1512 5127 τὸν
1540 5074 1877 5147 φυλάττοντα
1900 5075 2003 5147 τὴν
2034 5074 2187 5129 θείαν

617 5144 860 5218 ἐντολήν.
902 5144 1183 5214 Διακρισιν
1220 5144 1332 5217 γὰρ
1368 5146 1520 5218 ἔχων
1546 5145 1793 5218 πονηροῦ
1827 5145 1923 5198 καὶ
1953 5144 2183 5213 ἀγαθοῦ,

616 5215 665 5288 τ’
689 5213 824 5288 ἄλλα
861 5213 1459 5288 πάντα-αποστραφείς
1498 5213 1741 5288 ῥήματα,
1772 5218 2053 5288 ἐπιτηρεῖν
2068 5218 2188 5288 *τὴν

618 5283 839 5354 ἐντολὴν
858 5282 1042 5356 ἦλθεν.
1066 5285 1122 5338 1d
1148 5294 1252 5349 est,
1269 5282 1530 5352 ⁷Νὶιηιιμιιι
1554 5282 1648 5339 ’Ῐιιο
1674 5287 1833 5339 etiam
1857 5282 1990 5339 illud
2016 5303 2034 5339 :
2066 5282 2186 5341 Non

616 5365 914 5423 cognoscet
944 5356 1081 5407 valet
1116 5372 1223 5409 non
1262 5357 1391 5410 fecit
1419 5373 1594 5425 neque
1621 5372 1789 5424 pravo
1825 5371 1883 5409 se
1913 5358 2061 5425 Operi
2090 5359 2189 5410 ad-

619 5426 861 5480 miscuit.
893 5426 1222 5482 Allueinatio
1251 5444 1432 5495 nempe
1455 5437 1530 5479 est
1568 5437 1775 5496 putare,
1823 5427 1911 5495 qui
1952 5428 2187 5480 divinum

616 5506 789 5549 servat
820 5498 1148 5562 mandatum,
1172 5516 1288 5552 eum
1319 5499 1517 5550 malam
1546 5502 1653 5550 rem
1686 5497 1827 5549 haud
1855 5512 2023 5548 nosse.
2056 5498 2189 5551 Cum

614 5568 755 5632 enim
788 5568 906 5619 boni
933 5578 981 5619 et
1008 5569 1134 5621 mali
1159 5572 1521 5624 discretionem
1548 5569 1757 5626 habeat,
1786 5577 1977 5619 cwtera
2002 5568 2179 5620 omnia

615 5644 907 5696 aversatus,
931 5640 998 5689 ad
1026 5652 1335 5706 prwceptum
1375 5639 1687 5692 servandum
1722 5638 1941 5706 accedit.

691 5706 929 5775 Longius
972 5704 1099 5761 vero
1148 5704 1280 5762 abiit
1321 5709 1507 5773 Nilus;
1537 5711 1617 5760 sic
1663 5707 1806 5759 enim
1845 5704 2175 5760 Thaumasia

619 5777 890 5848 monacho
923 5779 1167 5833 scribens
1193 5780 1482 5848 explicavit
1504 5779 1619 5843 (lib.
1647 5793 1728 5848 nt.
1751 5776 1909 5843 epist.
1935 5777 2023 5843 55)
2048 5793 2061 5829 :
2090 5782 2181 5829 Δεῖ

615 5847 669 5915 δὲ
729 5849 806 5910 εἰς
849 5858 947 5920 την
1000 5849 1109 5903 τῶν
1161 5847 1327 5917 ἁγίων
1377 5849 1605 5903 ἐντολῶν
1660 5847 1888 5917 τήρησιν
1936 5849 2175 5918 ἁπασχο-

2280 3493 2573 3560 διάγνωσιν
2596 3507 2610 3522 ·
2651 3510 2669 3542 ι
2695 3492 2769 3543 Οὐ
2797 3490 3070 3559 γνώσεται
3099 3490 3249 3560 ῥῆμα
3281 3487 3515 3557 πονηρὸν
3544 3506 3563 3538 ι
3598 3487 3659 3538 τὸ
3684 3502 3867 3539 κατα.-

2280 3581 2501 3645 δικάζον
2542 3580 2706 3635 αὐτὸν
2737 3580 2832 3633 καὶ
2865 3574 3190 3649 κα’τακρίνον
3216 3576 3305 3630 διὰ
3332 3578 3432 3647 τὴν
3461 3575 3722 3644 ἀθέτησιν
3757 3575 3867 3645 τῆς

2281 3674 2503 3744 ἐντολῆς
2553 3673 2648 3727 καὶ
2698 3672 3033 3743 παράόασιν.
3071 3669 3212 3723 Ἀλλ’
3253 3671 3303 3722 εί
3348 3670 3443 3721 καὶ
3476 3668 3610 3721 πολὺ
3646 3666 3709 3720 τὸ
3741 3667 3869 3720 διά-

2281 3783 2447 3835 φορον
2493 3767 2589 3821 καὶ
2623 3765 2732 3819 τῶν
2764 3766 2821 3819 ὲν
2855 3767 2921 3836 τῇ
2957 3762 3221 3834 διαιρέσει
3251 3760 3561 3831 ληφθεισῶν
3603 3758 3865 3823 ἐντολῶν,

2281 3860 2379 3913 καὶ
2407 3859 2593 3930 μέντοι
2631 3859 2728 3911 καὶ
2760 3857 2869 3910 τῶν
2898 3858 2955 3909 ἐν
2988 3858 3056 3927 τῇ
3095 3853 3407 3924 παραϐάσει
3439 3852 3646 3905 τούτων
3683 3867 3867 3920 τιμω-

2286 3952 2420 4022 ριῶν
2453 3953 2547 4006 καὶ
2572 3951 2872 4005 κολάσεων.

2354 4045 2504 4116 Πλὴν
2537 4044 2676 4098 ἀλλὰ
2702 4044 2812 4116 γὰρ
2854 4044 2882 4096 ὁ
2912 4041 3155 4113 φυλάξας
3180 4042 3280 4111 τὴν
3308 4036 3556 4094 ὁπωσοῦν
3584 4035 3736 4105 αὐτῷ
3763 4034 3865 4086 δε-

2282 4135 2516 4206 δομένην
2554 4134 2794 4205 ἐντολὴν,
2825 4133 3174 4204 ἀτιμώρητος
3214 4130 3571 4200 εὑρεθήσεται
3617 4126 3865 4189 πάντως,

2284 4226 2431 4282 κατά
2449 4227 2511 4280 τὸ
2539 4226 2805 4293 ἀνάλογον
2842 4227 2941 4294 τῆς
2968 4223 3187 4292 ἐντολῆς
3215 4223 3311 4275 καὶ
3337 4221 3437 4289 τῆς
3461 4217 3736 4287 τιμωρίας
3759 4216 3868 4265 ἐπ-

2286 4319 2635 4391 ηρτημένης.
2672 4317 2886 4370 Είδὲναι
2912 4316 3020 4387 γὰρ
3048 4314 3253 4384 ὀφείλει
3290 4312 3385 4366 καὶ
3419 4309 3732 4382 πρεσὸύτης
3762 4306 3870 4359 καὶ

2289 4411 2408 4472 νέος
2434 4408 2530 4461 καὶ
2558 4409 2689 4469 παῖς
2722 4406 3046 4475 αἰσθητικὴν
3090 4403 3229 4474 ἔχων
3257 4399 3504 4471 καρδίαν,
3539 4398 3606 4469 ἣν
3644 4396 3733 4449 διὰ
3759 4396 3869 4465 τῆς

2286 4590 2516 4653 λείσθαι,
2574 4588 2669 4641 καὶ
2713 4587 2794 4649 είς
2840 4584 3061 4655 βαθεῖαν
3109 4583 3329 4655 μνήμην
3365 4579 3458 4634 τοῦ
3499 4578 3710 4655 Κυρίου
3755 4576 3870 4655 ’ξη-

2290 4659 2384 4714 σοῦ
2409 4645 2531 4732 ’τῆς
2585 4645 2790 4732 δόξηςξ
2823 4645 2887 4709 ’Ὀ
2942 4645 3472 4732 γειρ--έςυξλάσσωκ,
3524 4645 3713 4732 φησιν3
3763 4645 3865 4697 ἐν-

2290 4721 2521 4796 τολὴν,
2550 4729 2621 4785 οὐ
2680 4721 2972 4802 πὲνώσεταὶ
3013 4721 3528 4802 ρἦαηπονηρρν,
3556 4721 3863 4802 τουτέστιν,
3934 4778 3939 4783 ἱ

2287 4803 2367 4865 είς
2418 4791 2609 4866 λόγους
2661 4791 2930 4866 πονηροὺς
2979 4791 3070 4847 καὶ
3096 4791 3337 4863 φαύλους
3382 4791 3479 4866 οῦκ
3513 4791 3863 4866 ἐκτραπήσεο

2282 4856 2395 4925 ταί.
2424 4856 2605 4923 Μ’θεί
2632 4883 2645 4920 :
2682 4865 2748 4919 In
2782 4856 3082 4919 sanctorum
3114 4856 3234 4916 itero
3270 4861 3648 4914 mandatorum
3681 4856 3865 4909 obser-

2284 4942 2490 4996 vatione
2523 4938 2774 5006 occupari
2807 4952 2897 4989 nos
2934 4942 3157 5004 oportet,
3180 4942 3335 5007 atque
3362 4933 3416 4983 in
3446 4928 3717 5007 protuuda
3753 4925 3864 4977 Do-

2285 5012 2417 5065 mitti
2465 5007 2591 5062 Jesu
2644 5002 2827 5075 gloria:
2883 5002 3154 5061 memoria.
3215 5002 3320 5068 Qui
3369 5002 3541 5075 enim,
3586 5002 3688 5063 ait,
3725 5010 3862 5068 prte-

2285 5091 2498 5151 ceptum
2546 5072 3289 5151 custoditknonAcognoscet
3337 5072 3560 5149 verbum
3604 5080 3859 5151 pravum,

2288 5136 2367 5205 ad‘
2412 5164 2673 5203 sermones
2713 5144 2914 5201 scilicet
2960 5136 3222 5215 impiobos
3272 5151 3321 5196 et
3374 5141 3556 5194 noxios
3609 5154 3716 5190 non
3769 5136 3861 5189 de-

2327 5227 2477 5275 ectet.

2286 5223 2596 5344 ﬂegii‘sebio
2627 5289 2884 5342 nimirum
2934 5285 2993 5339 τὸ
3030 5286 3179 5356 ῥῆμα
3227 5292 3311 5337 est
3332 5297 3439 5356 _res
3487 5280 3601 5333 sive
3625 5279 3856 5356 Laetum,

2285 5361 2407 5415 Nilo
2445 5369 2633 5414 contra
2683 5359 2892 5412 verbum
2938 5348 3051 5411 sive
3086 5348 3280 5407 sermo.
3323 5352 3588 5406 Caeterum
3622 5348 3859 5402 Eusebio

2286 5432 2430 5486 favet
2476 5428 2986 5501 Symmachus,_qui
3040 5425 3277 5501 reddidit
3320 5422 3378 5474 οὺ
3426 5420 3857 5501 πειρασθήσεται

2287 5488 2609 5572 πράγμαέος
2646 5488 3050 5572 πονηροῢξ-ῃοο
3084 5492 3375 5572 opponitur
3409 5488 3678 5572 interpres
3708 5488 3856 5572 Lati-

2294 5556 2536 5637 ttits,'qtti
2566 5556 2840 5623 transtuiit
2868 5556 3044 5643 {Non
3071 5556 3680 5643 aperietur/quidquam
3705 5556 3851 5643 inlati:

2292 5626 2676 5695 Niluslltaberc
2720 5655 2818 5709 pro
2859 5653 2916 5691 se
2958 5626 3173 5709 videtur
3217 5634 3339 5687 τοὺς
3377 5630 3451 5683 0'.
3488 5626 3686 5709 Verum
3722 5626 3852 5679 illud

2291 5714 2463 5782 ῥῆμα,
2499 5721 2557 5762 ut
2593 5699 2913 5762 "obruit-um
2961 5708 3089 5782 item
3140 5715 3253 5782 τῇ
3295 5714 3402 5782 tam
3448 5699 3657 5782 uerbum
3690 5710 3851 5767 quant

2292 5773 2395 5836 iam
2426 5782 2540 5837 sive
2570 5784 2767 5850 factum
2800 5789 2891 5833 aut
2920 5778 3181 5847 negotium
3212 5773 3500 5843 signiﬁcat.
