4114 6510
251 416 393 486 3045

1286 423 1362 480 IN
1419 419 2001 481 ECCLESIASTEN.
2036 444 2105 455 --
2156 420 2306 479 LIB.
2344 419 2479 482 VII.

3369 411 3510 476 1046
3572 407 3575 410 ⁴

250 531 357 585 τοῦ
376 530 576 600 σοφοῦ
604 528 905 599 δεδήλωκεν
929 528 1248 597 ὀνομασίας,
1278 530 1350 592 ὼς
1378 532 1409 599 ἡ
1434 530 1648 583 δοθεῖσα
1680 527 1831 596 παρά

1963 529 2081 583 ioue
2133 528 2461 598 signiﬁcavit
2498 550 2511 583 :
2555 527 2763 589 Sciant,
2811 527 3055 597 inquam,
3104 525 3170 579 de
3231 521 3509 589 mandato,

250 638 396 686 τινος
422 622 613 691 ἐντολὴ
641 623 832 692 καιρὸν
861 621 993 675 ἴδιον
1019 621 1131 685 ἕξει
1161 625 1260 692 τῆς
1285 622 1539 692 κρίσεως,
1571 624 1629 673 ὲν
1661 615 1706 688 ᾧ
1733 620 1829 689 λή-

252 718 418 787 ψεται
452 717 551 779 τὰς
598 715 873 780 ἐξετάσεις
921 719 1017 771 καὶ
1046 719 1143 779 τὰς
1176 717 1402 785 ἐρεύνας
1428 715 1526 783 τῆς
1567 716 1707 768 κατά
1738 714 1835 783 τὴν

252 809 479 880 ἐντολὴν
505 808 749 877 δηλονότι
781 808 1033 878 φυλακῆς
1062 808 1094 878 ἦ
1125 807 1511 877 παραϐάσεως.
1532 805 1654 858 Ὅτι
1677 805 1840 857 παντὶ

254 902 547 974 πράγματι
581 900 951 971 πληρουμένῳ
981 900 1049 953 δι’
1083 898 1308 967 ἐντολῆς
1342 896 1403 962 ἐξ
1433 897 1683 967 ἀνάγκης
1709 897 1838 950 ἀκοο

254 994 439 1049 λουθεῖ
456 994 645 1065 καιρὸς
668 994 970 1060 ἐξετάσεως
999 994 1093 1046 καὶ
1122 993 1355 1063 κρίσεως
1385 990 1518 1061 πρὸς
1540 990 1839 1060 άντάληψιν

255 1086 530 1156 ἀποδοχῆς
558 1086 592 1157 ἢ
627 1084 950 1155 καταδίκης.

329 1179 723 1249 Παρεγγυᾶται
756 1176 937 1230 τοίνυν
978 1176 1078 1239 τάς
1113 1176 1407 1246 δεδομένας
1442 1176 1682 1239 ἐντολὰς,
1718 1175 1840 1228 ὅθεν

256 1272 327 1337 ἂν
348 1270 617 1343 εὑρεθῶσι
647 1270 943 1340 διδόμεναι,
972 1269 1262 1337 φυλάττειν
1290 1269 1346 1336 ἐξ
1380 1270 1640 1332 άπαντος,
1671 1269 1758 1323 διὰ
1782 1270 1841 1323 τὸ

259 1364 451 1433 μένειν
480 1363 581 1433 τὴν
617 1362 763 1433 ζωὴν
792 1362 885 1415 τοῦ
912 1362 1171 1425 λαϐόντος
1206 1366 1307 1431 τὴν
1337 1362 1576 1434 ἐντολὴν,
1608 1363 1841 1433 ἀπείρα-

258 1474 391 1508 στον
435 1455 530 1509 κα)⁸
564 1455 750 1524 πάσης
782 1452 968 1523 λώϐης
1003 1454 1096 1506 καὶ
1133 1454 1406 1524 τιμωρίας
1453 1454 1738 1525 ἀμέτοχον.
1784 1454 1843 1507 Ὀ

256 1553 376 1621 γὰρ
419 1548 801 1619 ἐντελλόμενός
836 1564 947 1600 τισι
986 1547 1187 1615 μείζων
1226 1546 1457 1617 εὕρηται
1493 1546 1712 1608 πάντως
1746 1546 1843 1599 καὶ

258 1641 534 1713 κρείττων
570 1641 680 1693 τῶν
724 1637 1065 1708 δεδεγμένων
1107 1638 1200 1690 καὶ
1240 1636 1514 1691 λαϐόντων
1560 1637 1747 1708 αὐτὴν,
1794 1638 1840 1690 εί

261 1736 367 1788 καὶ
400 1733 508 1787 τῶν
540 1731 938 1801 ἐντελλομένων
975 1730 1109 1782 πολὺ
1158 1730 1293 1799 πρὸς
1322 1729 1582 1799 ἀλλήλους
1613 1727 1843 1799 εὓρηται

261 1829 332 1880 τὸ
358 1828 611 1898 διάφορον
629 1843 645 1857 ·
673 1826 770 1878 καὶ
796 1824 1014 1887 πάντως
1045 1823 1543 1893 εἰσπραχθήσονται
1573 1822 1727 1884 δίκας
1751 1822 1843 1874 εύ-

1936 621 2083 692 quod
2130 622 2254 689 quis
2301 621 2368 676 ab
2420 621 2603 692 aliquo
2648 621 2949 690 acceperit,
2989 617 3256 689 judicium
3315 616 3511 670 idoneo

1936 726 2179 783 tempore
2210 712 2475 781 futurum,
2520 715 2576 768 in
2607 730 2717 783 quo
2762 712 3069 782 inquiretnr
3098 720 3261 779 atque
3296 708 3515 763 investi-

1938 806 2122 876 gabitu
2134 822 2176 870 r,
2196 812 2466 874 quatenus
2484 803 2802 858 mandatum
2825 800 3160 856 custoditum
3186 799 3515 853 violatumve

1942 899 2125 953 fuerit.
2177 896 2390 966 Quippe
2424 911 2540 951 rem
2580 895 2882 964 quamlibet
2920 909 2986 948 ex
3025 900 3295 961 praecepto
3337 890 3514 961 perfe-

1942 1000 2084 1046 ctam
2128 988 2440 1044 necessario
2469 995 2680 1055 tempus
2723 985 3079 1054 consequitur
3111 982 3433 1052 quaestionis
3461 991 3517 1037 et

1936 1082 2153 1152 judicii,
2186 1089 2245 1134 ut
2277 1077 2557 1148 praemium
2595 1075 2799 1130 feratur
2825 1082 2920 1129 aut
2948 1090 3130 1144 paena.

2017 1172 2278 1226 llortatur
2298 1169 2486 1240 igitur,
2520 1176 2580 1222 ut
2607 1174 2827 1234 accepta
2853 1165 3131 1227 mandata,
3158 1166 3517 1233 undecunque

1944 1266 2071 1321 data
2123 1265 2251 1327 sint,
2307 1260 2531 1315 omnino
2573 1273 2876 1324 servemus,
2918 1272 3030 1325 quo
3075 1256 3181 1310 vita
3232 1254 3372 1324 ejus,
3422 1255 3517 1324 qui

1947 1356 2265 1410 mandatum
2314 1351 2603 1421 acceperit,
2646 1350 2849 1404 intacta
2883 1357 3120 1411 maneat,
3153 1356 3206 1400 et
3233 1346 3517 1401 dedecoris

1947 1458 2109 1518 atque
2133 1461 2309 1517 poena:
2339 1444 2599 1498 immunis
2638 1442 2728 1497 sit.
2758 1439 2895 1494 Nam
2923 1439 3017 1509 qui
3044 1439 3166 1492 aliis
3199 1438 3516 1491 mandatum

1946 1541 2061 1606 dat,
2115 1538 2291 1607 major
2340 1536 2501 1606 plane
2554 1542 2719 1603 atque
2764 1530 3111 1602 prmstantior
3158 1530 3224 1582 iis
3270 1538 3373 1593 est,
3427 1529 3519 1596 qui

1945 1636 2133 1691 datum
2191 1639 2560 1700 acceperunt:
2594 1637 2734 1691 esto,
2797 1626 2938 1679 inter
2989 1639 3084 1678 eos
3134 1637 3371 1693 quoque,
3427 1622 3520 1689 qui

1947 1725 2306 1798 praecipiunt,
2364 1719 2701 1777 discriminis
2755 1734 2864 1771 non
2918 1730 3111 1787 parum
3169 1714 3519 1768 inveniatur:

1949 1820 2135 1886 itaque
2185 1815 2279 1885 qui
2334 1813 2589 1868 mandata
2642 1825 2898 1879 accepere
2934 1808 3040 1875 iis,
3079 1808 3174 1877 qui
3223 1806 3521 1868 dederunt,

262 1920 478 1990 καίρως
506 1897 610 1973 uno
634 1917 744 1972 τῶν
779 1916 1090 1969 δεδωκότων
1112 1916 1209 1978 τάς
1244 1915 1462 1978 ἐντολὰς
1486 1917 1535 1968 οἱ
1557 1914 1836 1976 λαϐόντες.

1963 1918 2261 1981 )pportuno
2293 1916 2534 1977 tempore
2554 1905 2776 1959 omnino
2803 1918 2992 1972 poenas
3015 1902 3242 1965 dabunt,
3278 1908 3525 1970 propter--

262 2010 381 2061 Καὶ
427 2008 516 2062 διὰ
559 2008 721 2061 τοῦτο
758 2007 1085 2071 σπουδάζειν
1116 2006 1222 2076 χρὴ
1264 2006 1361 2058 καὶ
1392 2006 1499 2059 τῶν
1535 2006 1849 2058 δεδωκότων

262 2104 549 2173 ἀρχόντων
580 2102 676 2154 καὶ
705 2100 974 2172 βασιλέων
1008 2100 1101 2152 καὶ
1139 2098 1343 2166 γονέων
1387 2099 1481 2151 καὶ
1513 2096 1849 2151 διδασκάλων

262 2197 338 2247 τὰ
369 2194 723 2264 θεσπίσματα
753 2193 1046 2261 φυλάττειν
1073 2193 1131 2259 ἐξ
1162 2192 1424 2257 ἅπαντος,
1460 2192 1555 2244 καὶ
1583 2189 1762 2259 πολλῴ
1794 2188 1849 2242 δὲ

270 2287 476 2358 μᾶλλον
531 2286 626 2339 τοῦ
685 2285 909 2355 ποιητοῦ
963 2286 1059 2341 καὶ
1105 2286 1240 2339 Θεοῦ
1294 2286 1389 2339 καὶ
1434 2284 1695 2337 δεσπότου
1741 2280 1851 2334 τῶν

270 2380 404 2433 ὅλων
425 2394 439 2407 '
471 2380 557 2433 ἵνα
583 2381 679 2433 καὶ
706 2380 807 2450 τὴν
838 2379 1139 2451 εὐμάρειαν
1165 2378 1260 2432 τοῦ
1298 2378 1416 2449 βίου
1455 2376 1639 2445 σφίσιν
1670 2375 1853 2437 αὐτοῖς

271 2473 321 2525 οί
355 2471 725 2539 φυλάσσοντες
747 2472 1192 2543 πρυτανεύσωσι,
1232 2472 1327 2524 καὶ
1360 2470 1643 2534 τεύξονται
1673 2466 1731 2521 δὲ
1761 2466 1856 2519 καὶ

268 2564 380 2616 τῶν
420 2565 761 2635 ἐπουρανίων
807 2564 899 2616 καὶ
932 2562 1255 2635 θεοπρεπῶν
1292 2561 1635 2617 ἀντιδόσεων.
1675 2558 1857 2611 Ἐντο-

267 2656 372 2721 λὴν
400 2655 459 2708 δέ
496 2672 661 2726 φησιν
706 2656 734 2708 ό
768 2655 927 2723 λόγος
959 2655 1058 2725 τὴν
1093 2655 1327 2726 ἔχουσαν
1357 2654 1419 2706 τὸ
1440 2653 1565 2721 φῶς
1594 2652 1692 2719 τῆς
1726 2651 1859 2720 ἀλη-

267 2748 423 2811 θείας
452 2749 549 2801 καὶ
578 2750 677 2819 τῆς
707 2748 1081 2820 δικαιοσύνης,
1120 2750 1240 2819 οὐχὶ
1270 2747 1368 2818 τὴν
1407 2748 1499 2800 ἐπὶ
1540 2748 1655 2809 τοῖς
1677 2743 1859 2816 χειρί-

270 2857 423 2903 στοις
471 2839 575 2893 ὺπό
605 2858 766 2893 τινων
795 2841 1015 2909 φαύλων
1054 2840 1148 2894 καὶ
1196 2840 1490 2913 μοχθηρῶν
1536 2838 1851 2911 γινομένην.

267 2926 411 2985 Εἶτά
440 2949 603 3002 φησιν
634 2934 662 2986 ό
696 2931 1129 3001 Ἐκκλησιαστής
1150 2947 1163 2961 °

1944 2020 2009 2061 ea
2043 2018 2192 2057 cura:
2233 2017 2358 2057 esse
2398 1999 2581 2061 debet,
2618 2006 2679 2051 ut
2723 2012 2844 2066 quae
2898 2010 2928 2049 a
2978 1992 3388 2063 magistratibus
3434 2001 3527 2045 aut

1948 2097 2170 2167 regibus
2226 2103 2321 2149 aut
2370 2090 2691 2162 parentibus
2741 2098 2836 2142 aut
2882 2086 3162 2157 magistris
3208 2093 3525 2154 praescripta

1950 2188 2175 2251 fuerint,
2211 2185 2281 2241 ad
2324 2182 2593 2239 amussim
2630 2196 2946 2245 servemus;
2983 2178 3149 2232 multo
3177 2190 3307 2230 vero
3348 2175 3523 2243 magis

1948 2299 2068 2353 quae
2098 2282 2167 2337 ab
2198 2290 2421 2336 auctore
2453 2288 2508 2334 et
2536 2277 2643 2333 Deo
2674 2276 3017 2345 Dominoque
3059 2271 3299 2329 universi
3328 2289 3339 2324 :
3368 2279 3426 2325 ut
3459 2270 3527 2324 iis

1951 2373 2264 2434 custoditis,
2313 2372 2438 2425 vita;
2476 2369 2793 2423 facilitatem
2836 2366 2995 2421 nobis
3027 2378 3431 2434 comparemus,
3473 2374 3529 2415 et

1952 2466 2195 2522 coelestia
2231 2464 2396 2519 simul
2439 2478 2503 2517 ac
2543 2460 2725 2515 divina
2758 2458 2979 2528 praemia
3021 2471 3400 2525 assequamur.
3434 2451 3531 2507 Est

1952 2568 2133 2613 autem
2177 2556 2266 2610 hic
2294 2568 2476 2608 sermo
2506 2551 2572 2606 de
2614 2550 2871 2603 mandato
2902 2549 3078 2601 lucem
3124 2547 3357 2599 habente
3386 2543 3527 2597 veri-

1954 2652 2081 2707 tatis
2114 2657 2278 2718 atque
2302 2644 2548 2717 justitire,
2599 2657 2706 2696 non
2741 2645 2809 2695 de
2856 2654 2943 2705 eo,
2978 2638 3124 2709 quod
3167 2635 3529 2707 pessimarum

1956 2758 2138 2800 rerum
2169 2754 2337 2796 causa
2366 2755 2392 2792 a
2431 2737 2589 2791 malis
2624 2733 2952 2805 quibusdam
2977 2740 3032 2785 et
3061 2729 3326 2801 improbis
3353 2727 3531 2797 prol'e-

1963 2847 2109 2892 ctum
2136 2833 2227 2888 sit.
2261 2831 2351 2886 Ait
2378 2828 2572 2885 deinde
2606 2826 2963 2885 Ecclesiastes
2992 2843 3006 2879 :

1847 3042 1969 3114 §x.

351 3141 479 3193 Ὅτι
509 3137 730 3209 γνῶσις
777 3139 883 3194 τοῦ
912 3138 1227 3209 ἀνθρώπου
1256 3135 1460 3205 πολλὴ
1510 3136 1604 3191 ἐπ’
1636 3137 1853 3190 αὐτόν’

2032 3133 2198 3186 Vens.
2231 3128 2283 3182 6.
2329 3126 2468 3191 Quia
2495 3122 2717 3177 scientia
2747 3120 2973 3173 hominis
3006 3118 3174 3170 multa
3205 3133 3359 3183 super
3381 3132 3494 3170 eum
3515 3153 3533 3180 ,

273 3233 371 3287 ὅτι
393 3235 505 3287 οὐκ
532 3233 663 3286 ἐστι
692 3229 1001 3302 γινώσκων
1027 3232 1084 3285 τί
1112 3231 1179 3285 τὸ
1199 3231 1517 3301 ἐσόμενον,
1545 3228 1636 3283 ὅτι
1665 3227 1858 3295 καθὼς

276 3327 481 3387 ἔσται,
502 3327 591 3392 τίς
619 3326 941 3395 ἀναγγελεῖ
957 3324 1154 3390 αὑτῷ;

356 3421 470 3483 Τάς
498 3421 936 3489 προφασιστικὰς
967 3418 1145 3483 αἰτίας
1170 3416 1392 3489 ἀναιρεῖ
1414 3416 1526 3469 τῶν
1551 3414 1862 3485 λαμϐανόν-

269 3533 390 3567 των
421 3514 521 3577 τάς
551 3514 789 3577 ἐντολὰς,
824 3514 952 3583 παρ’
984 3504 1059 3565 ὧν
1093 3512 1159 3564 ἂν
1183 3512 1281 3564 καὶ
1304 3509 1534 3571 λάϐωσι,
1559 3508 1655 3561 καὶ
1691 3506 1865 3577 μηδα-

276 3606 402 3675 μῶς
428 3604 743 3676 τηρούντων
775 3604 872 3659 καὶ
903 3602 1279 3672 φυλαττόντων
1301 3614 1318 3633 ⁶
1347 3601 1443 3654 καὶ
1465 3600 1543 3671 τῷ
1568 3598 1745 3670 καιρῷ
1768 3601 1866 3667 τῆς

276 3699 520 3768 κρίσεως
569 3698 665 3751 καὶ
706 3697 805 3766 τῆς
839 3696 1143 3762 ἐξετάσεως
1175 3693 1272 3763 τὴν
1312 3692 1577 3760 ἀνάλογον
1609 3691 1867 3760 κατάκρι-

278 3807 368 3843 σιν
420 3788 787 3859 δεδεγμένων,
836 3788 935 3856 τῆς
988 3786 1307 3857 άθετήσεως
1360 3785 1456 3838 καὶ
1502 3783 1867 3855 παραϐάσεως

278 3883 530 3947 ἄγνοιαν,
561 3881 594 3951 ἢ
625 3880 727 3951 τῆς
753 3878 963 3934 ἑαυτῶν
1000 3877 1243 3941 διανοίας
1278 3877 1562 3947 ἀφέλειαν,
1590 3876 1623 3946 ἢ
1663 3875 1791 3929 ἄλλο
1816 3891 1869 3927 τι

278 3971 395 4025 τῶν
433 3971 844 4043 παραπλησίων
874 3971 1145 4025 εἰωθότων
1174 3970 1375 4039 λέγειν,
1405 3970 1514 4023 τῶν
1546 3969 1645 4033 τάς
1675 3967 1871 4022 ἀπολοο

278 4064 410 4132 γίας
436 4065 495 4117 ἐν
521 4063 598 4133 τῷ
621 4062 1051 4133 κατακρίνεσθαι
1088 4063 1448 4132 ποιουμένων.
1481 4061 1574 4132 Μὴ
1600 4062 1711 4133 γὰρ
1738 4077 1872 4131 προ-

280 4156 522 4226 φασίσῃ,
549 4154 734 4227 φησιν,
765 4153 990 4222 ἄγνοιαν
1030 4156 1090 4208 ἐν
1119 4155 1198 4225 τῷ
1228 4155 1302 4226 μὴ
1332 4153 1565 4224 φυλάξαι
1593 4154 1693 4221 τὴν
1720 4154 1871 4208 ἐντο-

280 4247 405 4317 λὴν,
443 4248 512 4317 ἢν
550 4245 701 4318 παρά
723 4244 818 4298 τοῦ
858 4244 1104 4315 μείζονος
1125 4246 1220 4299 καὶ
1255 4245 1563 4317 κρείττονος
1603 4245 1833 4314 εἴληφας
1854 4258 1868 4273 '

282 4338 566 4411 εὑρεθήσῃ
610 4338 720 4408 γάρ
754 4337 853 4407 τῆς
887 4336 1148 4406 ἀληθείας
1173 4334 1667 4405 καταψευδόμενος.
1700 4334 1779 4390 Δι’
1806 4335 1873 4408 ἢν

284 4430 507 4499 αἱτίαν;
543 4450 562 4483 ι
595 4430 720 4482 Ὀτι
759 4428 963 4499 γνῶσις
996 4427 1091 4481 τοῦ
1134 4427 1423 4499 ἀνθρώπου
1460 4426 1630 4498 πολλὴ
1656 4427 1741 4479 ἐπ’
1772 4426 1872 4479 αὑ-

1962 3228 2088 3298 quia
2116 3232 2338 3285 nonest,
2365 3221 2455 3292 qui
2480 3228 2783 3289 cognoscat,
2812 3213 2938 3283 quid
2963 3214 3201 3281 futurum
3228 3211 3297 3265 sit
3320 3211 3542 3280 :quippe

1963 3320 2097 3374 sicut
2124 3318 2247 3378 erit,
2275 3317 2391 3385 quis
2421 3309 2759 3366 annuntiabit
2781 3308 2829 3360 ei
2853 3304 2970 3376 (9)?

2047 3410 2350 3467 Praetextus
2408 3413 2463 3461 et
2507 3399 2890 3456 excusationes
2938 3396 3135 3453 evertit
3185 3410 3399 3459 eorum,
3447 3393 3541 3461 qui

1966 3514 2185 3574 accepta
2230 3499 2510 3560 mandata,
2553 3496 2867 3565 quicunque
2906 3505 2971 3546 ea
3007 3487 3276 3547 dederint.
3319 3486 3545 3540 minime

1968 3605 2188 3655 servant
2231 3604 2325 3648 aut
2357 3590 2710 3655 custodiunt;
2743 3599 2979 3654 cumque
3004 3582 3197 3653 judicii
3232 3591 3286 3635 et
3316 3578 3547 3648 inquisi-

1971 3690 2140 3746 tionis
2168 3696 2384 3755 tempus
2427 3680 2728 3743 advenerit,
2777 3692 2888 3748 quo
2916 3676 3110 3729 merita
3161 3687 3322 3744 poma
3368 3671 3547 3726 allecti

1969 3781 2124 3842 sint,
2182 3773 2413 3845 neglecti
2472 3769 2768 3838 violatique
2823 3764 2985 3821 oliicii
3036 3764 3396 3835 ignorantiam
3454 3768 3550 3813 aut

1971 3870 2174 3926 mentis
2231 3882 2345 3922 suae
2405 3861 2814 3933 simplicitatem
2866 3857 2953 3911 vel
3006 3854 3168 3925 205
3212 3853 3359 3907 aliud
3417 3850 3548 3921 quid

1971 3957 2289 4032 hujusmodi
2338 3953 2584 4025 proferre
2639 3950 2837 4013 solent,
2878 3962 2989 4017 quo
3013 3962 3094 4009 se,
3123 3946 3251 3998 dum
3282 3944 3543 3998 condem-

1971 4063 2193 4117 nautur,
2240 4048 2424 4117 aliqua
2471 4045 2682 4099 ratione
2722 4040 3033 4095 defendant.
3059 4036 3136 4091 Ne
3157 4036 3325 4100 enim,
3350 4034 3550 4104 inquit,

1973 4141 2340 4217 ignorantiam
2371 4147 2640 4209 praetean
2662 4133 2730 4188 ad
2763 4130 3127 4203 patrocinium
3154 4143 3261 4183 non
3293 4126 3551 4181 custoditi

1975 4216 2242 4297 mandati,
2270 4228 2415 4302 quod
2443 4242 2473 4280 a
2501 4225 2710 4293 majore
2749 4231 2805 4277 et
2833 4220 3213 4291 prae5tantiore
3250 4216 3508 4287 accepisti
3536 4233 3551 4269 :

1972 4323 2259 4379 veritatem
2286 4320 2433 4375 enim
2463 4316 2688 4372 minime
2711 4330 2740 4369 a
2774 4323 2828 4368 te
2852 4322 3018 4378 stare,
3054 4309 3345 4366 constabit.
3378 4307 3552 4374 Quam

1975 4418 2046 4475 ob
2097 4413 2359 4472 causam?
2390 4431 2409 4464 ι
2442 4410 2582 4476 Quia
2628 4407 2854 4464 scientia
2901 4401 3142 4458 hominis
3183 4401 3350 4455 multa
3389 4416 3555 4470 super

285 4524 409 4583 τὸν.
456 4540 475 4572 ι
493 4494 866 4583 γτουτέστινείς
892 4521 962 4574 τά
996 4494 1346 4593 συμφέροντα
1374 4519 1471 4573 καὶ
1496 4494 1750 4590 λυσιτελῆ
1778 4520 1862 4589 τῆς

1982 4523 2129 4573 eum,
2166 4526 2184 4559 ι
2218 4506 2271 4560 id
2317 4512 2424 4567 est,
2472 4503 2538 4557 ad
2584 4516 2649 4555 ea
2694 4496 3075 4569 cognoscenda
3119 4510 3240 4564 qua:
3277 4494 3401 4548 vita:
3443 4510 3557 4548 suae

290 4616 435 4677 ιδίας
481 4612 649 4684 ζωῆς.
709 4613 822 4666 Καὶ
881 4612 1061 4682 μάτην
1104 4612 1220 4681 ἐρεῖ
1266 4627 1390 4674 τις·
1428 4611 1542 4663 Οὐκ
1589 4609 1759 4682 ᾔδειν,
1808 4610 1917 4673 ώςο

288 4707 777 4777 κατακριθήσομαι
831 4704 907 4776 μὴ
948 4700 1190 4773 φυλάξας
1218 4703 1318 4773 τὴν
1348 4702 1594 4772 ἐντολήν.
1634 4702 1883 4770 Ἐξελὲγ-

289 4815 453 4870 χεται
491 4796 604 4867 γὰρ
647 4795 955 4865 γινώσκων,
1014 4795 1088 4857 ώς
1146 4795 1253 4856 πᾶς
1308 4792 1596 4865 ἄνθρωπος
1642 4792 1741 4864 τὴν
1795 4793 1885 4846 δε-

289 4889 532 4960 δομένην
577 4886 727 4958 αύτῷ
790 4885 867 4959 μὴ
910 4885 1153 4955 φυλάξας
1195 4883 1437 4955 ἐντολὴν,
1484 4884 1765 4953 ἀναλόγως
1815 4886 1882 4955 τῇ

291 4979 510 5049 ταύτης
572 4978 885 5051 παραϐάσει
936 4976 1038 5047 τὴν
1083 4975 1241 5045 δίκην
1275 4973 1389 5041 ἔξει
1438 4975 1530 5029 καὶ
1566 4975 1666 5040 τὴν
1710 4975 1884 5033 κατά-

294 5089 505 5126 κοισιν.

373 5251 455 5317 (9)
495 5249 831 5322 Olymp....
884 5250 1010 5303 Ὀτι
1076 5252 1177 5305 ούκ
1239 5249 1354 5303 ἔστι
1416 5246 1701 5318 γινώσκων
1759 5245 1882 5298 ἐσό-

303 5337 490 5391 μενον.

375 5392 491 5459 (10)
528 5390 806 5446 Diversam
839 5389 1001 5460 plane
1026 5390 1353 5446 sententiam
1385 5384 1884 5460 exhibetSymma-

299 5461 465 5526 chus,
492 5463 585 5531 qui
616 5463 797 5516 locum
823 5458 975 5516 hunc
1001 5462 1083 5517 sic
1110 5462 1383 5531 transtulit
1416 5458 1535 5531 :V'H
1564 5458 1883 5531 γὰρκάκω-

303 5548 391 5615 σις
418 5527 525 5615 10:3-
542 5532 843 5615 ἀνθρώπου.
863 5532 1037 5604 πολλὴ
1069 5532 1192 5586 κατ’
1212 5530 1407 5615 αύτοῦ·
1443 5530 1494 5585 id
1523 5527 1882 5615 es_t,‘Vexatio

301 5604 445 5657 enim
471 5600 699 5657 hominis
733 5604 903 5657 multa
932 5600 1221 5658 εειόοηινα
1241 5602 1447 5669 ipsum;
1482 5610 1536 5654 et
1581 5600 1722 5654 hanc
1767 5615 1883 5669 am-

306 5675 507 5743 plexus
545 5675 673 5728 item
716 5684 801 5728 est
835 5674 1065 5728 Latinus
1103 5668 1393 5741 interpres,
1428 5672 1533 5743 qui
1571 5670 1735 5743 liabet
1765 5686 1780 5743 :_
1816 5668 1883 5721 Et

305 5740 480 5816 inulta
510 5746 738 5816 hominis
775 5745 1012 5816 aﬂlictio,
1064 5740 1398 5816 quanquaim
1425 5740 1784 5816 Ilicodotioni
1819 5756 1888 5816 ea

308 5813 519 5884 placuit
552 5810 951 5884 interpretatio,
988 5810 1152 5880 quam
1192 5810 1334 5884 apud
1383 5811 1708 5884 lgxxgviros
1753 5810 1888 5884 legi:-

310 5880 473 5953 inus;
508 5880 739 5943 reddidit
761 5887 929 5951 cnim,
962 5886 1084 5938 Ὅτι
1111 5880 1311 5955 γνῶσις
1332 5882 1425 5936 τοῦ
1454 5882 1737 5953 ἀνθρώπου
1771 5880 1890 5932 ἐστὶ

1980 4600 2201 4673 prosint
2250 4604 2417 4666 atque
2460 4593 2790 4649 conducant.
2836 4588 2915 4643 Ac
2940 4587 3144 4644 frustra
3192 4586 3318 4656 quis
3364 4585 3552 4641 dicat:

1982 4690 2314 4749 Nesciebam
2349 4701 2435 4741 me
2483 4683 2906 4739 condemnatum
2963 4678 3052 4743 iri,
3087 4677 3189 4733 nisi
3236 4677 3556 4731 mandatum

1982 4799 2313 4843 servassem.
2361 4779 2497 4835 Illud
2530 4778 2678 4834 enim
2724 4777 2839 4845 ipse
2870 4788 3035 4829 nosse
3066 4771 3429 4833 convincitur,
3462 4769 3559 4821 hoc

1981 4878 2117 4932 mini
2148 4876 2368 4946 cuique,
2394 4874 2488 4945 qui
2521 4872 2709 4927 datum
2743 4867 2847 4924 sibi
2879 4865 3195 4920 mandatum
3232 4878 3339 4916 non
3371 4870 3558 4915 custo—

1981 4970 2163 5035 dierit,
2193 4967 2461 5039 judicium
2492 4973 2546 5020 et
2584 4958 3097 5018 condemnationem
3133 4965 3379 5027 paratam
3415 4967 3557 5018 esse,

1996 5077 2119 5134 qua:
2152 5061 2350 5117 delicto
2376 5056 2702 5128 respondeat
2725 5052 2856 5126 (l0).

1981 5242 2152 5325 πολλῇ
2193 5244 2265 5295 ἐπ
2318 5240 2501 5294 αὐτόν.
2549 5236 2753 5325 Horum
2810 5243 2989 5325 autenm
3019 5230 3383 5325 ‘d'isleordiam,
3430 5230 3557 5298 quia

1981 5303 2188 5369 vocalia
2256 5318 2457 5381 puncta
2512 5309 2754 5381 nondum
2793 5305 2951 5381 apud
3019 5303 3279 5381 llebrie‘os
3343 5310 3559 5381 recepta

1980 5394 2157 5443 erant.
2210 5371 2319 5435 una
2385 5379 2611 5433 omnino
2670 5371 2860 5429 intulit
2914 5376 3091 5428 littera
3136 5388 3149 5424 :
3193 5371 3567 5443 §ymmaehus

1978 5456 2123 5510 enim
2160 5453 2291 5522 legit
2324 5460 2466 5515 mn,
2495 5447 2640 5522 quod
2674 5454 2759 5500 est
2782 5445 2993 5514 aﬂlictio
3029 5445 3147 5522 sive
3190 5442 3385 5505 Raliat,
3437 5458 3566 5522 cuin

1978 5524 2122 5580 LXX
2158 5512 2482 5592 interpretes
2512 5512 2773 5592 legissent
2816 5512 2969 5592 mg,
3008 5514 3151 5592 quod
3207 5523 3291 5592 est
3313 5512 3569 5592 “cognitio

1992 5597 2108 5651 sive
2141 5580 2330 5652 Deliat',
2365 5590 2467 5645 rati
2494 5580 2702 5645 scilicet
2727 5602 2846 5640 esse
2877 5580 3089 5650 Daleth,
3123 5585 3268 5653 quod
3312 5580 3571 5652 Symma-

1994 5667 2099 5721 eho
2132 5663 2310 5719 Resch
2346 5662 2522 5717 visum
2545 5669 2662 5724 est;
2690 5659 2889 5726 quippe
2919 5658 3204 5722 utriusque
3234 5654 3429 5726 littera}
3461 5669 3572 5708 una

1996 5752 2160 5816 prope
2202 5734 2378 5791 forma
2423 5742 2527 5797 est,
2561 5724 2753 5800 eaque,
2788 5724 2859 5782 ut
2899 5727 3156 5783 lectorem
3206 5724 3391 5781 lallere
3425 5739 3573 5794 saepe

1996 5816 2189 5878 possu.
