4114 6520
608 369 741 441 ῙθᾶἸ

606 581 878 642 rationes,
926 580 1095 635 multa
1152 583 1359 637 homini
1418 585 1647 640 scientia
1702 595 1978 640 estzeum
2031 586 2177 642 enim

605 671 820 723 milium
859 671 989 725 latet
1024 673 1180 729 nihil.
1223 676 1401 743 Atque
1448 676 1579 730 eniti
1608 678 1842 747 quisque
1883 679 2060 742 debet,
2111 695 2178 734 ne

603 760 732 827 quid
780 776 1011 827 eorum,
1064 779 1185 832 quae
1239 763 1342 818 sibi
1389 766 1705 836 prmscripta
1753 777 1918 837 atque
1977 767 2176 823 indicta

603 850 826 915 fuerint,
876 868 970 920 per
998 854 1283 923 segnitiem
1316 865 1412 909 aut
1454 866 1823 927 contemptum
1870 867 1965 913 aut.
2008 858 2177 913 animi

602 942 981 997 remissionem
1007 947 1486 1016 przetergrediatur
1512 965 1576 1003 ac
1598 951 1835 1019 negligat
1865 971 1879 1005 :
1906 951 2005 1006 etsi
2030 952 2174 1005 enim

603 1031 840 1099 ignorat,
878 1042 1083 1101 quanta
1118 1037 1490 1092 damnationis
1522 1054 1635 1093 suae
1670 1055 1830 1108 paena
1867 1040 2048 1094 futura
2083 1040 2173 1106 sit,

603 1136 667 1178 ac
698 1137 825 1174 num
853 1124 1033 1192 gravis
1060 1134 1114 1179 et
1133 1128 1445 1193 vehemens,
1487 1145 1553 1183 an
1589 1131 1722 1186 levis
1752 1147 1815 1186 ac
1842 1133 2018 1199 mitis;
2045 1132 2175 1186 illud

602 1222 751 1266 certe
788 1215 939 1269 novit
968 1230 1031 1271 ac
1076 1217 1213 1272 bene
1258 1218 1522 1290 ﬁrmeque
1555 1223 1831 1291 cognitum
1864 1223 2047 1287 habet,
2082 1224 2176 1293 qui

604 1304 919 1359 mandatum
957 1309 1303 1375 custodierit,
1361 1312 1429 1366 ab
1476 1328 1562 1377 eo,
1613 1314 1706 1383 qui
1752 1315 1919 1382 dedit,
1955 1316 2174 1386 dignum

594 1398 903 1473 judicatum
957 1402 1045 1462 iri.
1086 1410 1146 1456 ut
1178 1403 1484 1459 mercedem
1532 1416 1586 1459 et
1615 1408 1832 1475 praemia
1868 1406 2007 1461 ferat
2036 1427 2048 1460 :
2083 1408 2175 1478 qui

602 1506 732 1544 vero
764 1507 872 1545 non
914 1493 1264 1561 custodierit,
1298 1510 1328 1550 e
1367 1497 1646 1550 contrario
1674 1498 1922 1567 dignum,
1960 1507 2018 1553 ut
2040 1498 2178 1568 judi-

600 1581 745 1634 cium
798 1594 853 1637 et
899 1586 1413 1647 condemnationem
1460 1597 1514 1642 et
1558 1605 1773 1659 poenam
1823 1607 1921 1660 pro
1966 1593 2178 1648 meritis

599 1671 811 1726 subeat.

670 1764 823 1829 Quod
852 1774 1035 1819 autem
1068 1766 1143 1820 ait
1171 1785 1185 1820 :
1220 1787 1237 1819 ι
1266 1767 1477 1839 Quippe
1505 1771 1648 1826 sicut
1675 1775 1797 1837 erit,
1821 1776 1944 1845 quis
1971 1792 2179 1831 annun-

597 1853 754 1910 tiabit
783 1855 870 1908 ei?
898 1875 916 1906 ι
950 1856 1315 1926 ignorantiam
1356 1862 1610 1917 similiter
1648 1844 1898 1936 designat
1929 1869 2179 1924 vindictae
2210 1844 2252 1898 Β

598 1952 762 2012 atque
788 1945 1003 2015 judicii.
1035 1945 1224 2017 Neque
1248 1950 1391 2003 enim
1418 1954 1709 2023 quisquam
1746 1956 2024 2013 hominum
2058 1976 2177 2014 mo-

597 2034 727 2089 dum
782 2038 933 2091 novit
967 2039 1061 2093 ira:
1108 2042 1254 2111 regis
1288 2052 1381 2098 aut
1424 2056 1715 2114 parentum
1752 2060 1847 2103 aut
1888 2053 2179 2121 magistro-

599 2142 742 2190 rum,
789 2130 1073 2199 mnltoque
1127 2133 1311 2189 minus
1336 2135 1677 2204 judiciorum
1714 2142 2178 2213 consiliorumque

599 2218 715 2283 Dei,
777 2220 935 2291 cujus
972 2223 1245 2292 justitiam
1306 2229 1526 2297 assequi
1578 2246 1739 2286 nemo
1790 2242 1986 2301 potest.
2040 2234 2175 2289 Nam

598 2310 849 2366 homines
903 2314 1123 2383 quidem
1156 2357 1171 2381 ,
1232 2333 1357 2372 cum
1410 2321 1699 2379 minimum
1766 2340 1824 2378 se
1882 2326 2177 2397 deliquisse

598 2402 1004 2473 existimarent,
1042 2423 1285 2479 persaepe
1322 2426 1350 2464 a
1394 2411 1676 2480 judieihus
1714 2416 2012 2486 plurimum
2051 2435 2176 2489 pec-

599 2509 757 2550 casse
812 2499 1046 2552 convicti
1098 2510 1226 2555 sunt
1260 2521 1274 2556 :
1308 2504 1481 2557 multo
1526 2507 1700 2576 magis
1749 2510 1817 2563 ab
1847 2527 1935 2578 eo,
1979 2513 2073 2581 qui
2123 2522 2177 2569 et

599 2588 765 2642 corda
812 2600 1112 2655 scrutatur,
1161 2601 1215 2647 et
1265 2595 1552 2652 hominum
1600 2602 1955 2671 cogitationes
2003 2607 2172 2674 novit,

600 2677 766 2755 206
788 2680 853 2734 de
883 2697 990 2750 quo
1021 2692 1074 2737 et
1104 2683 1346 2742 Joannes
1381 2688 1668 2760 theologus
1695 2696 1931 2761 quodam
1970 2699 2023 2751 in
2056 2699 2177 2765 loco

598 2772 674 2836 ait
699 2771 744 2801 τι
781 2790 793 2825 :
834 2790 852 2825 ‹
884 2771 1155 2843 Quoniam
1194 2781 1371 2847 major
1403 2792 1487 2837 est
1519 2782 1664 2840 Deus
1701 2788 1866 2842 corde
1904 2800 2114 2847 nostro.
2150 2813 2169 2845 ι

668 2859 752 2915 Τιι
799 2862 984 2933 igitur,
1032 2882 1064 2920 0
1110 2869 1380 2936 mortalis,
1423 2872 1765 2939 mandatum,
1809 2878 2177 2951 quodcunque

601 2949 697 3011 tibi
736 2951 1058 3007 Dominator
1093 2971 1275 3015 rerum
1316 2959 1565 3015 omnium
1606 2960 1751 3019 Deus
1791 2966 2042 3034 dederit,
2085 2949 2178 3027 aut

598 3040 740 3102 alius
786 3045 1083 3114 quisquam
1129 3064 1342 3115 eorum,
1392 3052 1488 3121 qui
1539 3057 2034 3131 quomodocunque
2084 3080 2177 3120 su-

598 3135 939 3201 pereminent
961 3153 1025 3193 ac
1050 3140 1289 3210 majores
1311 3154 1460 3208 sunt,
1486 3159 1776 3215 capessere
1808 3152 1938 3207 totis
1962 3155 2170 3214 viribus
2196 3178 2241 3239 ο

597 3222 822 3289 gestias,
866 3240 1205 3298 operamque
1246 3232 1363 3297 des,
1412 3242 1470 3287 ut
1510 3237 1791 3293 custodias
1836 3257 1900 3296 ac
1948 3260 2178 3306 serves:

598 3327 697 3373 uec
721 3315 787 3366 ad
810 3320 1195 3377 excusationes
1224 3333 1278 3377 et
1304 3337 1596 3393 praetextus
1625 3330 1923 3402 confugere
1949 3340 2177 3409 cogites,

597 3403 669 3461 ob
692 3418 923 3476 eamque
946 3426 1059 3466 rem
1093 3413 1162 3467 ad
1187 3415 1316 3470 illud
1339 3422 1774 3487 praetereundum
1802 3403 2139 3495 pertraharis

598 3495 688 3547 sed
731 3500 1089 3557 custodiendo
1131 3509 1511 3578 servandoque
1542 3514 1829 3581 praemium
1879 3528 1933 3572 et
1963 3495 2177 3578 laudem

1727 382 1788 441 S.
1817 382 2193 441 GREGORII
2232 382 2745 443 AGRIGENTINI

676 490 850 558 Super
882 489 1055 558 ipsum
1088 490 1250 560 igitur
1278 491 1577 555 hominem,
1609 492 1724 546 sive
1747 495 1892 548 circa
1917 495 2035 548 vitae
2063 509 2175 548 suae
2205 499 2251 553 Α

3728 376 3859 441 1048

2362 494 2481 546 Ἐπ’
2526 495 2690 546 αὑτὸν
2730 491 2822 547 οῦν
2866 494 2961 547 τὸν
2986 494 3292 566 ἄνθρωπον,
3333 494 3499 565 ἧγουν
3537 496 3617 558 είς
3654 496 3722 548 τὰ
3765 498 3861 567 τῆς

2285 585 2419 648 ίδίας
2475 586 2815 655 διεξαγωγῆς
2855 588 2951 641 καὶ
2985 586 3166 656 ⁸ζωῆς,
3198 587 3347 639 ἐστιν
3388 589 3421 655 ἠ
3467 587 3671 655 γνῶσις
3714 590 3860 660 αὐτῷ

2280 677 2448 747 πολλή
2471 692 2485 706 ο
2523 677 2778 731 λανθάνει
2808 678 2916 749 γὰρ
2949 679 3110 732 αὐτὸν
3136 678 3243 732 τῶν
3269 678 3655 748 συμφερόντων
3686 680 3855 734 οὐδέν.

2279 769 2392 820 Καὶ
2428 768 2510 821 δεῖ
2543 769 3049 838 κατασφαλίξεσθαι
3081 770 3348 840 μηδαμῶς
3383 770 3741 841 παρεξελθεῖν
3769 775 3860 826 καὶ

2279 858 2664 927 παρεκκλίνειν
2690 859 2798 912 τῶν
2826 861 3233 929 ἐντεταλμένων
3259 860 3409 931 αὐτῷ
3434 862 3527 914 καὶ
3551 861 3864 915 θεσπισθέν·

2277 969 2386 1005 των
2430 952 2489 1019 ἐξ
2531 952 2862 1023 ἀπροσεξίας
2896 954 2991 1007 καὶ
3023 954 3487 1024 καταφρονήσεως
3520 955 3617 1006 καὶ
3646 972 3858 1023 γνωμι-

2278 1042 2381 1111 κῆς
2413 1042 2683 1114 ῥᾳθυμίας
2706 1059 2718 1072 ·
2755 1043 2836 1096 ὅτι
2867 1043 2974 1096 κᾶν
3000 1043 3101 1095 οὐκ
3124 1042 3239 1095 ἐστι
3264 1042 3570 1111 γινώσκων,
3599 1044 3862 1112 ὁπηλίκον

2280 1132 2433 1188 ἔσται
2460 1135 2522 1187 τὸ
2550 1135 2914 1207 δοθησόμενον
2939 1135 3086 1205 αὐτῷ
3105 1138 3279 1205 κρῖμα
3304 1136 3404 1205 τῆς
3439 1137 3762 1206 καταδίκης.
3783 1139 3861 1194 εἴ·

2277 1244 2337 1279 τε
2380 1226 2619 1297 χαλεπὸν
2653 1230 2750 1280 καὶ
2798 1227 3048 1295 σφοδρὸν.
3100 1229 3212 1280 εἴτε
3259 1229 3442 1300 ῥᾴδιον
3482 1231 3578 1281 καὶ
3619 1229 3857 1298 κοῦφονο

2279 1321 2418 1390 πλὴν
2463 1320 2600 1373 ἀλλὰ
2639 1321 2748 1391 γὰρ
2793 1315 2935 1373 οἶδεν
2978 1319 3239 1387 ἀσφαλῶς
3267 1320 3361 1373 καὶ
3408 1321 3665 1387 βεὸαίως,
3719 1322 3794 1385 ὡς
3830 1324 3859 1376 6

2281 1411 2565 1479 φυλάττων
2597 1410 2840 1480 ἐντολὴν,
2872 1410 3145 1480 ἀποδοχῆς
3178 1409 3325 1475 ἄξιος
3356 1412 3604 1482 κρίνεται
3646 1414 3739 1464 καὶ
3767 1429 3855 1479 γε-

2283 1500 2389 1571 ρών
2423 1501 2577 1571 παρὰ
2603 1503 2698 1555 τοῦ
2737 1500 3029 1563 δεδωκότος
3050 1518 3063 1531 ·
3092 1502 3119 1553 6
3149 1500 3203 1553 δὲ
3233 1498 3308 1570 μὴ
3340 1500 3646 1568 φυλάττων,
3685 1500 3854 1570 ἔμπας

2278 1592 2361 1644 λιν
2399 1593 2660 1662 μέμψεως
2696 1592 2913 1661 καὶτῆς
2944 1591 3212 1660 ἀναλόγου
3237 1590 3538 1656 καταδίκης
3570 1592 3665 1644 καὶ
3699 1609 3861 1662 κατα·-

2279 1684 2536 1755 κρίσεως.

2356 1778 2420 1829 Ὃ
2459 1776 2515 1829 δέ
2564 1790 2749 1845 φησιν·
2791 1793 2810 1825 ‹
2841 1775 2965 1829 Ὅτι
3006 1772 3189 1838 καθὼς
3234 1775 3409 1833 ἔσται.
3442 1776 3525 1839 τίς
3571 1776 3863 1843 ἀναγγελεῖ

2280 1867 2463 1937 αὑτῷ;
2501 1885 2522 1920 ι
2554 1866 2817 1930 ὡσαύτως
2840 1866 2938 1937 τὴν
2959 1866 3182 1936 ἄγνοιαν
3206 1869 3462 1937 σημαίνει
3492 1868 3594 1937 τῆς
3626 1870 3859 1938 καταλη-

2279 1960 2522 2031 ψομένης
2551 1959 2714 2012 αὐτὸν
2745 1959 2899 2030 δίκης
2942 1959 3036 2012 καὶ
3066 1958 3321 2029 κρίσεως.
3355 1960 3542 2023 Οὐδεὶς
3574 1960 3685 2030 γὰρ
3728 1957 3860 2013 οἶδεν

2278 2053 2585 2125 ἀνθρώπων
2602 2050 2726 2105 οὔτε
2763 2050 2965 2123 μέτρον
2989 2051 3256 2121 βασιλέως
3282 2053 3474 2121 ὀργῆς,
3514 2052 3547 2122 ἢ
3571 2052 3803 2118 γονέων,
3828 2052 3861 2119 ἦ

2278 2146 2637 2207 διδασκάλων,
2685 2145 2718 2215 ἢ
2770 2143 2954 2214 πολλῷ
3023 2143 3223 2214 μᾶλλον
3264 2144 3374 2196 τῶν
3406 2144 3718 2211 ἁνεφίκτων
3772 2143 3863 2195 τοῦ

2278 2238 2414 2292 Θεοῦ
2440 2236 2774 2291 δικαστικῶν
2799 2236 3090 2306 χριμάτων
3110 2236 3205 2289 καὶ
3230 2234 3635 2305 βουλευμάτων.
3654 2235 3863 2304 Ἐλαχί-

2279 2348 2412 2401 στην
2462 2330 2571 2401 γὰρ
2614 2330 2663 2383 οἱ
2695 2328 2974 2400 ἄνθρωποι
3006 2327 3269 2392 πολλάκις
3310 2329 3549 2399 οἰόμενοι
3592 2330 3694 2398 τὴν
3732 2330 3863 2381 ἰδίαν

2277 2422 2680 2493 πλημμέλειαν,
2716 2421 2980 2491 μεγίστην
3004 2421 3416 2492 ἐξηλέγχθησαν
3446 2423 3592 2493 ἔχειν
3620 2423 3727 2475 ὑπὸ
3757 2422 3863 2476 τῶν

2276 2516 2605 2576 δικαζόντων
2626 2532 2639 2546 °
2671 2512 2850 2583 πολλῷ
2879 2513 3079 2583 μᾶλλον
3119 2515 3211 2567 ἐπὶ
3240 2513 3335 2567 τοῦ
3368 2515 3464 2567 καὶ
3499 2515 3598 2577 τὰς
3638 2515 3861 2584 καρδίας

2276 2606 2626 2677 ὲρευνῶντος,
2660 2606 2754 2657 καὶ
2786 2603 2853 2657 τὰ
2892 2604 3249 2673 ἐνθυμήματα
3287 2604 3397 2657 τῶν
3437 2603 3744 2674 ἀνθρώπων
3782 2622 3865 2673 γιο

2276 2698 2596 2762 νὼσκοντος,
2665 2698 2791 2768 περὶ
2850 2690 2910 2749 οῦ
2978 2696 3111 2767 φησί
3176 2714 3280 2749 που
3341 2696 3434 2749 καὶ
3509 2696 3770 2767 Ἰωάννης
3836 2696 3865 2748 6

2278 2790 2547 2859 θεολόγος’
2590 2808 2609 2841 ι
2650 2789 2771 2841 Ὀτι
2799 2790 2828 2843 6
2856 2789 2989 2852 Θεὸς
3012 2788 3215 2859 μείζων
3240 2789 3339 2859 τῆς
3369 2787 3597 2859 καρδίας
3618 2788 3801 2858 ἡμῶνῑ
3838 2806 3858 2839 ι

2346 2882 2419 2934 Σὺ
2451 2882 2651 2946 τοίνυν,
2681 2879 2961 2950 ἄνθρωπε,
3005 2882 3185 2935 πᾶσάν
3231 2899 3313 2934 σοι
3350 2881 3600 2934 δοθεῖσαν
3641 2881 3864 2951 ἐντολὴν

2277 2974 2430 3044 παρὰ
2458 2973 2555 3029 τοῦ
2591 2976 2865 3027 Δεσπότου
2904 2974 2997 3027 καὶ
3031 2972 3167 3026 Θεοῦ
3196 2973 3306 3026 τῶν
3331 2974 3608 3035 ἁπάντων,
3650 2973 3684 3042 ἥ
3728 2974 3865 3044 παρ’

2277 3064 2439 3118 ἄλλου
2469 3066 2613 3128 τινὸς
2634 3066 2745 3118 τῶν
2772 3065 3021 3119 ὁπωσοῦν
3046 3066 3427 3136 ὑπερεχόντων
3451 3065 3547 3119 καὶ
3571 3063 3863 3135 μειζόνων,

2276 3157 2729 3229 παραλαμϐάνειν
2779 3159 2941 3211 παντὶ
3013 3157 3191 3211 σθένει
3261 3156 3691 3227 προθυμήθητι,
3772 3158 3867 3209 καὶ

2278 3251 2579 3309 σπούδασον
2622 3250 2912 3320 φυλάττειν
2946 3251 3042 3304 καὶ
3086 3254 3373 3319 συντηρεῖν
3405 3266 3419 3281 ·
3465 3248 3739 3320 μηδαμῶς
3787 3250 3867 3312 είς

2278 3336 2575 3406 ἀπολογίας
2604 3339 3044 3407 προφασιστικὰς
3067 3338 3523 3408 διενθυμούμενος
3554 3339 3863 3409 προελθεῖν,

2278 3431 2374 3485 καὶ
2411 3430 2501 3484 διὰ
2554 3432 2715 3485 τοῦτο
2751 3434 2886 3504 πρὸς
2928 3434 3027 3502 τὴν
3072 3434 3387 3504 παράϐασιν
3423 3434 3862 3504 καθελκόμενος⁶

2278 3522 2393 3577 ἀλλ’
2418 3524 2475 3576 ὲν
2503 3526 2570 3594 τῇ
2608 3525 2825 3595 φυλακῇ
2853 3524 2947 3577 καὶ
2983 3527 3313 3595 συντηρήσει
3345 3527 3441 3596 τὴν
3463 3527 3741 3598 ἀποδοχὴν
3774 3526 3863 3579 καὶ

599 3585 693 3638 tibi
725 3588 1027 3646 obventura
1063 3605 1214 3652 certo
1244 3614 1455 3673 speres.
1493 3603 1701 3665 Idcirco
1744 3608 1936 3680 utique
1981 3614 2179 3685 adjecit

2277 3615 2366 3669 τὸν
2396 3585 3100 3687 ἐπαινοντὸμολογουμένως
3140 3585 3409 3681 ἕλπίζωνί
3436 3585 3864 3688 ’Ᾱμέλειὶτοίνυν

600 3679 851 3763 protinus
883 3700 898 3739 :

2277 3708 2499 3775 ἀμέσως
2528 3709 2799 3783 ἐπήγαγε·

2148 3815 2296 3889 ᾗΧΙ,

668 3892 837 3949 Vens.
874 3894 928 3960 8,
961 3896 1019 3950 9.
1064 3894 1187 3949 Non
1237 3906 1312 3950 εει
1342 3898 1495 3952 homo
1533 3912 1845 3972 potestatem
1879 3908 2073 3963 habens
2121 3912 2177 3966 in

598 3987 867 4055 spiritum,
900 3996 958 4039 ut
990 3987 1261 4057 prohibeat
1292 3990 1564 4056 spiritum.
1597 3991 1664 4045 Et
1699 4013 1806 4051 non
1834 4009 1911 4052 est
1947 4011 2179 4070 potestas

594 4079 653 4139 iu
675 4081 759 4133 die
784 4082 990 4144 mortis,
1019 4091 1066 4134 et
1097 4097 1197 4134 non
1228 4094 1304 4136 est
1334 4085 1545 4139 emissio
1580 4087 1636 4140 in
1672 4090 1759 4143 die
1792 4092 1913 4146 belli
1939 4110 1957 4147 :
1982 4106 2030 4148 et
2073 4113 2179 4150 non

596 4172 825 4228 ealvabit
844 4173 1083 4240 impietas
1113 4190 1229 4227 eum
1245 4175 1335 4244 qui
1360 4184 1437 4230 est
1471 4177 1535 4230 ab
1554 4196 1638 4233 ea.
1678 4180 1741 4235 Et
1770 4201 1919 4239 omne
1934 4188 2028 4241 hoc
2046 4192 2176 4256 vidi,

595 4274 646 4318 et
670 4264 790 4317 dedi
823 4281 912 4317 cor
944 4282 1111 4319 meum
1139 4266 1194 4319 in
1223 4282 1372 4321 omne
1399 4286 1550 4339 opus,
1584 4276 1722 4343 quod
1748 4276 1949 4345 factum
1974 4292 2049 4335 est
2077 4283 2173 4337 sub

597 4355 727 4418 sole,
761 4372 878 4426 quae
906 4374 1003 4425 pro
1042 4366 1306 4427 potestate
1336 4361 1461 4431 fecit
1501 4362 1655 4429 homo
1703 4367 1756 4421 in
1787 4368 2071 4441 hominem,
2113 4387 2173 4433 ut

598 4447 846 4533 adligeret
874 4464 992 4519 eum
1024 4449 1072 4517 (1
1086 4448 1165 4518 1).

671 4711 1083 4784 Diligentiorem
1131 4725 1295 4787 atque
1346 4721 1744 4778 accuratiorem
1787 4742 2060 4796 quemque
2109 4745 2176 4784 ex

600 4805 948 4862 auditoribus
986 4808 1166 4862 reddit
1199 4809 1416 4879 sapiens
1455 4810 1812 4872 Ecclesiastes
1844 4819 1898 4872 in
1928 4820 2037 4874 vita
2058 4822 2176 4888 [sua

598 4898 665 4951 ad
697 4897 954 4953 mandata
976 4899 1119 4955 bona
1146 4917 1267 4972 quae
1289 4905 1578 4973 acceperit,
1602 4922 1819 4980 semper
1844 4911 2173 4980 ordinanda,

598 4996 654 5041 et
707 4988 761 5041 in
812 4990 1061 5047 moribus
1118 4994 1420 5049 secundum
1466 4997 1741 5065 potiorum
1804 5001 2173 5060 institutiones

599 5080 1047 5149 conformandis,
1098 5085 1311 5141 ratione
1362 5087 1545 5143 habita
1592 5105 1804 5155 eorum,
1862 5110 1985 5162 qua:
2031 5112 2173 5165 saepe

598 5173 945 5242 contingunt,
975 5193 1075 5231 nec
1122 5188 1249 5231 ante
1283 5190 1546 5247 apparent
1595 5192 1690 5238 aut
1717 5185 2168 5256 prospiciantur:

599 5263 944 5321 adventantis
974 5284 1169 5338 nempe
1202 5268 1308 5324 diei
1361 5270 1507 5328 illius
1548 5276 1810 5343 supremi,
1852 5292 1962 5345 quo
2003 5276 2171 5331 homo

595 5372 663 5415 ex
710 5359 965 5419 humana:
1013 5362 1346 5418 conditionis
1393 5365 1652 5432 periculis
1687 5383 1749 5422 ac
1802 5368 1929 5422 sede
1968 5370 2168 5437 luctus,

595 5447 711 5503 sive
748 5465 814 5503 ex
848 5451 951 5503 hac
992 5454 1102 5507 vita
1148 5454 1214 5508 ad
1253 5453 1515 5518 futuram,
1545 5474 1707 5525 quam
1750 5469 1950 5527 sperat,
1987 5472 2167 5517 trans—

595 5535 790 5594 fertur.
827 5540 1013 5611 Neque
1056 5546 1200 5598 enim
1240 5548 1293 5601 in
1327 5550 1555 5617 spiritus
1596 5552 1844 5621 humani,
1882 5552 1996 5608 sive
2029 5569 2164 5623 pro-

682 5676 726 5709 "
756 5675 928 5746 Epist.
964 5698 1003 5738 ι.
1035 5696 1154 5752 cap.
1185 5684 1238 5749 5,
1270 5701 1328 5739 n.
1357 5686 1446 5742 9.0.

2203 4518 2252 4577 Ι)

2354 3918 2475 3968 Οὐκ
2517 3914 2691 3970 ἐστιν
2721 3915 3031 3987 ἅνθρωπος
3067 3918 3433 3983 ἐξουσιάζων
3461 3922 3531 3974 ἐν
3570 3921 3651 3988 τῷ
3682 3924 3859 3977 πνεύο

2271 4021 2416 4074 ματι
2445 4006 2551 4059 τοῦ
2578 4008 2849 4063 κωλῦσαι
2879 4011 3001 4063 σὺν
3030 4010 3097 4063 τὸ
3128 4012 3385 4081 πνεῦμα.
3412 4013 3521 4066 Καὶ
3545 4017 3661 4067 οὐκ
3691 4016 3859 4068 ἔστιν

2276 4096 2535 4161 ἐξουσία
2563 4097 2634 4149 ἐν
2675 4100 2867 4168 ἡμέρᾳ
2895 4103 3181 4166 θανάτου,
3231 4104 3330 4157 καὶ
3365 4107 3476 4159 οὐκ
3508 4105 3684 4159 ἐστιν
3711 4108 3855 4161 ἁπο-

2277 4188 2474 4256 στολὴ
2506 4189 2575 4243 ἐν
2600 4191 2789 4259 ἡμέρᾳ
2821 4193 3091 4264 πολέμου
3112 4211 3126 4225 ο
3160 4196 3260 4250 καὶ
3294 4198 3366 4251 οὐ
3396 4196 3689 4252 διασώσει
3715 4198 3855 4252 ἀσέ-

2278 4283 2405 4335 ϐεια
2443 4284 2551 4336 τὸν
2583 4286 2720 4352 παρ’
2746 4284 2957 4353 αὐτῆς.
2994 4288 3104 4341 Καὶ
3142 4290 3394 4359 σύμπαν
3444 4290 3621 4344 τοῦτο
3673 4287 3854 4355 εἶδον,

2277 4375 2377 4427 καὶ
2430 4375 2626 4429 ἔδωκα
2680 4374 2797 4444 τὴν
2838 4377 3091 4445 καρδίαν
3137 4397 3260 4448 μου
3312 4382 3397 4447 εἰς
3448 4378 3575 4436 πᾶν
3635 4383 3859 4449 ποίημα

2276 4465 2346 4520 τὸ
2402 4467 2812 4537 πεποιημένον
2863 4469 2982 4523 ὑπὸ
3026 4471 3133 4524 τὸν
3176 4470 3378 4538 ἥλιον,
3421 4471 3540 4525 ὅσα
3581 4472 3859 4537 ἐξουσιάη

2278 4575 2433 4615 cato
2494 4563 2527 4616 ό
2581 4561 2893 4629 ἄνθρωπος
2942 4563 3014 4615 ἐν
3065 4562 3359 4633 ἀνθρώπῳ
3418 4564 3525 4618 τοῦ
3588 4563 3856 4619 κακῶσαι

2274 4651 2483 4707 αὐτόν.

2346 4741 2861 4812 Προσεκτικώτερον
2905 4742 3001 4797 καὶ
3040 4742 3446 4813 νηφαλιώτερον
3484 4744 3721 4799 ἕκαστον
3747 4747 3857 4799 τῶν

2275 4832 2641 4902 πεπυσμένων
2662 4832 2983 4903 καθίστησιν
3008 4835 3038 4887 6
3069 4834 3230 4903 σοφὸς
3266 4834 3703 4909 Ἐκκλησιαστὴς
3725 4838 3859 4909 πρὸς

2272 4921 2334 4975 τὸ
2380 4926 2611 4977 πάντοτε
2664 4928 2785 4987 ταῖς
2828 4925 3146 4995 δεδομέναις
3194 4926 3428 4992 ἀγαθαῖς
3473 4929 3721 4992 ἐντολαῖς
3764 4930 3857 4983 τὸν

2275 5014 2407 5069 ἴδιον
2452 5016 2751 5085 στοιχειοῦν
2783 5016 2917 5085 βίον,
2960 5019 3055 5070 καὶ
3093 5018 3213 5078 ταῖς
3246 5016 3355 5071 τῶν
3387 5022 3718 5088 κρειττόνων
3748 5024 3859 5074 eia-

2272 5106 2506 5173 ηγήσεσι
2551 5104 2833 5173 ῥυθμίζειν
2863 5106 2961 5175 τὴν
3004 5107 3138 5159 ἰδίαν
3173 5105 3343 5180 ζωὴν,
3375 5108 3460 5162 διὰ
3499 5110 3559 5162 τὸ
3598 5112 3859 5182 ἀσυμφα..

2270 5196 2359 5258 νὲς
2388 5197 2483 5248 καὶ
2505 5197 2814 5268 ἀπρόοπτον
2838 5197 2947 5250 τῶν
2978 5199 3390 5269 συμϐαινόντων
3420 5203 3685 5266 πολλάκις
3710 5222 3725 5235 ο
3762 5206 3859 5257 καὶ

2273 5285 2459 5353 μέντοι
2491 5286 2585 5338 καὶ
2613 5287 2709 5357 τὴν
2736 5286 2918 5355 ἄφιξιν
2953 5288 3054 5357 τῆς
3087 5290 3301 5359 ἡμέρας
3347 5292 3443 5345 τοῦ
3474 5293 3713 5346 θανάτου
3757 5292 3857 5347 τοῦ

2282 5378 2643 5446 μεθιστῶντος
2672 5380 2762 5431 τὸν
2785 5379 3073 5450 ἄνθρωπον
3104 5384 3213 5434 ἀπὸ
3239 5384 3334 5437 τοῦ
3372 5384 3628 5455 βιωτικοῦ
3661 5404 3856 5455 πειρα-

2274 5470 2466 5538 τηρὶου
2496 5471 2592 5522 καὶ
2620 5470 2714 5523 τοῦ
2743 5472 2907 5524 τόπου
2944 5471 3036 5523 τοῦ
3067 5473 3445 5544 κλαυθμῶνος,
3477 5477 3725 5547 δηλονότι
3753 5481 3855 5549 τῆς

2273 5562 2555 5635 παρούσης
2582 5562 2747 5634 ζωῆς,
2778 5565 2856 5629 εἰς
2882 5564 2981 5635 τὴν
3011 5565 3371 5639 ἐλπιζομένην
3394 5569 3485 5623 καὶ
3520 5569 3850 5639 μέλλουσαν

668 5793 774 5863 (Il)
805 5794 1173 5868 Olympiodor.
1226 5803 1319 5855 καὶ
1367 5804 1467 5858 οὐκ
1518 5804 1664 5859 ἔστιν
1717 5804 2043 5871 ἐξουσιάζων
2101 5809 2159 5862 ἐν
2195 5810 2395 5884 ἡμέρᾳ.
