4114 6522
285 390 425 457 1049

1310 402 1394 463 ΙΝ
1442 401 2022 464 ECCLESIASTEN.
2059 431 2127 441 -
2174 406 2323 465 LIB-
2374 406 2504 469 VII.

3398 400 3534 462 1050
3563 394 3566 398 ’

275 505 402 556 οὐδὲ
433 503 545 573 γὰρ
578 504 635 558 ἐν
666 507 732 575 τῇ
754 505 971 577 ἐξουσίᾳ
1006 506 1102 561 τοῦ
1132 508 1474 579 ἀνθρωπίνου
1523 511 1856 581 πνεύματος,

1978 512 2098 580 πίω
2131 516 2452 578 voluntatis.
2498 515 2647 585 (nam
2692 512 2747 568 id
2787 514 2890 568 hoc
2915 512 3038 568 loco
3064 512 3283 585 spiritus
3313 510 3539 566 nomine

279 595 403 664 ἦτοι
429 596 526 664 τῆς
553 594 690 657 ίδίας
712 597 1087 666 προαιρέσεως
1118 599 1345 670 (ταύτην
1375 601 1483 672 γὰρ
1504 600 1590 654 διὰ
1622 600 1724 670 τῆς
1746 601 1861 653 ὀνο-

284 686 491 755 μασίας
525 686 634 739 τοῦ
666 687 1006 755 πνεύματος
1059 689 1295 759 ἐδήλωσε
1329 688 1470 760 νῦν),
1525 691 1761 760 ὑπάρχει
1800 691 1862 743 τὸ

281 775 528 829 κωλῦσαι
569 777 856 847 διαστῆναι
885 778 983 848 τὴν
1022 778 1199 850 ψυχὴν
1230 783 1294 833 ὲκ
1326 780 1420 835 τοῦ
1450 781 1721 850 σώματος,
1768 782 1862 834 καὶ

280 866 387 937 τὴν
409 867 625 938 ἡμέραν
646 868 739 921 τοῦ
766 869 998 923 Θανάτου
1032 873 1473 943 παραγινομένην
1508 875 1735 943 ἀμεῖψαι
1767 875 1863 929 καὶ

282 959 601 1031 παρελθεῖν.
638 961 778 1014 Ἀλλ’
816 964 873 1015 ὲν
898 966 966 1034 τῇ
998 963 1219 1035 ἐξουσίᾳ
1246 964 1341 1017 τοῦ
1377 967 1469 1019 καὶ
1504 966 1864 1037 συνδήσαντος

282 1048 540 1119 ἀλλήλοις
582 1051 844 1122 ἑκάτερον
898 1053 995 1105 καὶ
1028 1052 1257 1122 θεμένου
1301 1052 1507 1117 λύσεως
1553 1055 1699 1125 ὅρον,
1739 1054 1863 1108 καθ’

216 1216 221 1217 ν
280 1140 347 1193 δν
393 1142 557 1205 αὐτὸς
615 1141 808 1212 καιρὸν
858 1143 1133 1215 ἠϐουλήθη
1188 1144 1550 1221 καικέκρικε
1594 1147 1687 1200 καὶ
1731 1164 1864 1217 προσ

278 1232 477 1303 ὥρισε.

360 1326 516 1399 [Idan
558 1325 741 1379 τοίνυν
790 1326 996 1398 σπουδῇ
1049 1328 1340 1395 φυλάττειν
1373 1329 1472 1392 τὰς
1502 1328 1653 1395 θείας
1687 1331 1867 1403 χρεὼν

280 1414 529 1479 ἐντολὰς,
584 1415 682 1469 καὶ
728 1417 828 1480 τὰς
872 1415 1157 1487 ὑποθήκας
1212 1419 1307 1471 καὶ⁸
1361 1419 1709 1484 διδασκαλίας
1757 1422 1868 1476 τῶν

280 1506 536 1559 ὁπωσοῦν
570 1506 1038 1577 παραληφθέντων
1082 1509 1241 1579 ἡμῶν
1286 1491 1593 1581 είσηγητῶν
1639 1515 1735 1567 καὶ
1776 1533 1867 1568 σο-

284 1598 409 1667 φῶν
438 1598 759 1665 παιδευτῶν,
779 1600 867 1654 ίνα
888 1601 1412 1672 προετοιμασθέντες
1436 1605 1531 1657 καὶ
1550 1622 1868 1677 προκαταρ-

283 1691 565 1755 τισθέντες
622 1694 743 1756 ταῖς
805 1692 916 1745 τῶν
972 1693 1185 1763 ἀρετῶν
1238 1694 1562 1768 τελειότησι,
1603 1700 1867 1768 φήσωμεν

292 1784 439 1853 μετά
463 1784 553 1836 τοῦ
575 1784 853 1855 προφήτου
880 1784 1046 1839 Δαϐ“ιδ
1073 1787 1166 1838 καὶ
1188 1787 1349 1857 ἡμεῖς
1370 1804 1384 1818 ·
1420 1806 1441 1840 ι
1472 1788 1865 1859 Ἦτοιμάσθην,

1960 607 2235 676 designat)
2295 616 2561 677 potestate
2617 619 2700 664 est
2760 608 3090 677 prohibere,
3149 620 3217 659 ne
3270 605 3449 659 anima
3504 619 3537 659 a

1961 716 2192 770 corpore
2239 712 2541 770 separetur,
2577 712 2632 757 et
2662 703 2805 756 diem
2854 702 3047 756 mortis
3099 702 3539 769 appropinquan-

1962 800 2069 845 tem
2105 800 2413 860 permutare
2449 802 2611 861 atque
2650 792 2997 862 praetergredi
3035 809 3048 844 :
3089 789 3182 843 sed
3215 790 3263 842 id
3309 788 3537 842 arbitrio

1962 886 2082 951 ejus
2118 883 2372 946 vertitur,
2415 884 2508 953 qui
2544 892 2598 938 et
2634 893 2929 953 utrumque
2961 881 3235 951 colligavit
3282 881 3535 935 invicem.

1964 972 2031 1027 Et
2073 973 2452 1028 dissolutionis
2503 975 2795 1029 terminum
2846 974 3060 1035 statuit,
3093 986 3205 1041 quo
3241 971 3356 1041 ipse
3402 979 3540 1026 tem-

1963 1080 2095 1135 pore
2122 1065 2290 1119 voluit
2316 1073 2373 1119 et
2402 1063 2646 1119 decrevit
2675 1074 2731 1120 et
2759 1065 3066 1135 pralinivit.

2038 1329 2201 1387 Omni
2239 1331 2407 1402 igitur
2437 1344 2568 1385 cura
2605 1327 2966 1384 custodienda
2994 1324 3153 1381 nobis
3191 1332 3321 1379 sunt
3355 1321 3541 1376 divina

1967 1424 2245 1489 mandata,
2290 1432 2346 1477 et
2385 1421 2593 1476 monita
2634 1436 2699 1475 ac
2730 1429 2999 1489 pracepta
3032 1425 3332 1476 rectorum,
3374 1427 3543 1482 quos-

1966 1532 2187 1586 cunque
2226 1515 2609 1586 delegerimus,
2638 1528 2703 1568 ac
2733 1511 2892 1581 207
2919 1508 3244 1580 sapientium
3287 1505 3542 1560 modera-

1968 1618 2175 1670 torum,
2209 1616 2268 1662 ut
2313 1606 2602 1676 praeparati
2657 1614 2711 1660 et
2751 1604 2983 1660 summis
3028 1599 3281 1655 instructi
3329 1596 3545 1652 virtuti-

1965 1703 2094 1766 bus,
2153 1716 2278 1757 cum
2319 1700 2585 1769 propheta
2629 1697 2830 1751 Davide
2878 1709 2979 1749 nos
3037 1694 3200 1748 etiam
3251 1691 3539 1746 dicamus:

1972 1815 1990 1846 ι
2023 1794 2256 1849 Paratus
2304 1808 2449 1859 sum,
2497 1799 2553 1846 et
2596 1806 2712 1845 non
2754 1804 2876 1844 sum
2927 1785 3276 1849 turbatus";
3309 1801 3327 1833 ι
3366 1794 3543 1850 neque

288 1877 393 1928 καὶ
414 1875 511 1928 οὐκ
536 1875 863 1947 ἐταράχθην·
896 1895 917 1929 ι
947 1878 1044 1931 καὶ
1068 1877 1330 1948 μηδαμῶς
1358 1878 1746 1950 θορυϐηθῶμεν
1771 1881 1865 1934 καὶ

1978 1888 2333 1958 percellamur
2375 1901 2439 1939 ac
2477 1883 2885 1953 perturbemur,
2930 1893 3056 1934 cum
3092 1875 3312 1946 spiritus
3353 1881 3544 1927 noster

283 1968 672 2039 ταραχθῶμεν,
706 1968 870 2039 ἡνίκα
896 1971 957 2023 τὸ
993 1969 1207 2041 πνεῦμα
1232 1971 1411 2042 ήμῶν,
1442 1972 1611 2042 ἤγουν
1644 1971 1867 2044 ἡψυχὴ,

281 2060 593 2114 διίστασθαι
638 2060 821 2131 μέλλει
854 2060 949 2115 τοῦ
980 2061 1232 2134 σώματος
1256 2080 1272 2096 ο
1302 2064 1602 2135 τηνικαῦτα
1632 2066 1739 2135 γὰρ
1767 2068 1870 2120 οὑκ

282 2151 439 2204 ἔστιν
464 2152 652 2223 ὄνησις
682 2152 759 2223 τῷ
784 2152 1058 2226 ἀνθρώπῳ
1092 2156 1231 2225 μετά
1253 2157 1354 2228 τὴν
1388 2157 1598 2211 ἄνωθεν
1623 2158 1868 2212 δοθεῖσαν

285 2244 564 2311 ἀπόφασιν
595 2244 749 2316 παρὰ
777 2247 876 2317 τῇς
913 2245 1063 2309 θείας
1098 2246 1315 2317 βουλῆς,
1350 2248 1454 2302 κᾶν
1482 2250 1651 2320 μυρία
1697 2268 1870 2321 προσ-

286 2334 593 2405 κλαίωμεν.
616 2336 816 2400 Καθὼς
844 2337 953 2408 γὰρ
978 2339 1079 2391 οὐκ
1110 2337 1258 2393 ἔστιν
1280 2342 1339 2393 ὲν
1360 2341 1544 2413 ἡμέρᾳ
1569 2342 1871 2414 πολεμικῆς

295 2426 659 2496 παρατάξεως
693 2429 939 2499 ἐνεργεῖν
971 2444 1027 2481 τι
1072 2428 1345 2501 δυναμένη
1394 2431 1533 2502 πρὸς
1574 2431 1870 2503 διαλλαγὴν

291 2519 388 2569 καὶ
419 2516 661 2570 διάθεσιν
703 2518 1006 2590 εἰρηνικὴν,
1036 2520 1309 2593 ἀποστολὴ
1342 2523 1641 2593 πρεσϐείας
1672 2525 1872 2595 προϐε-

291 2607 541 2679 ϐλημένη
566 2625 580 2639 ο
608 2608 789 2679 πολλῷ
817 2608 926 2681 γὰρ
956 2610 1148 2683 πρώην
1174 2613 1370 2684 δρᾶσαι
1405 2614 1609 2687 ταύτην
1642 2614 1871 2684 ὤφειλον

288 2700 342 2751 oi
370 2698 674 2769 τηνικαῦτα
703 2700 939 2771 δρῶντες
960 2717 975 2732 ⁸
1012 2702 1183 2768 οὕτως
1213 2708 1577 2777 ἐφεστηκότος
1598 2707 1692 2761 τοῦ
1716 2708 1874 2761 θανά-

289 2807 410 2853 του,
438 2791 532 2843 καὶ
562 2791 660 2860 τὴν
699 2792 875 2865 ψυχὴν
911 2793 1067 2865 ήμῶν
1094 2796 1421 2866 χωρίζοντος
1460 2800 1526 2852 ὲκ
1556 2798 1873 2871 τοῦσώμα-

289 2898 407 2945 τος,
454 2883 680 2953 οὐδεμία
725 2886 1015 2955 πρόσεστιν
1053 2888 1237 2958 ὄνησις
1267 2890 1347 2961 τῷ
1378 2890 1718 2959 τελευτῶντι,
1766 2893 1873 2948 κάν

294 2974 500 3045 μυρίας
525 2977 784 3051 προτείνῃ
816 2980 1097 3050 ἱκετηρίας
1131 2982 1226 3034 καὶ
1255 2983 1472 3054 δεήσεις
1505 2987 1643 3058 πρὸς
1672 2987 1874 3059 μέλλη-

294 3083 386 3120 σιν
412 3069 507 3120 καὶ
543 3070 803 3140 χρονικὴν
828 3070 1145 3143 ὑπέρθεσιν,
1178 3075 1273 3128 καὶ
1302 3075 1439 3146 πρὸς
1463 3075 1526 3131 τὸ
1550 3080 1723 3149 παρὸν
1745 3080 1874 3133 ἀπο-

290 3157 591 3229 λύτρωσιν.

375 3250 548 3304 Τοῦτο
592 3251 689 3323 μὲν
727 3247 821 3307 οὖν
852 3254 916 3308 τὸ
940 3256 1042 3325 τῆς
1084 3257 1400 3329 ὡρισμένης
1440 3260 1656 3332 ἡμέρας
1689 3262 1782 3317 ἐπὶ
1805 3266 1871 3335 τῇ

298 3336 587 3393 διαστάσει
628 3342 723 3411 τῆς
747 3342 924 3415 ψυχῆς
953 3346 1018 3400 ὲκ
1043 3345 1139 3401 τοῦ
1180 3347 1435 3418 σώματος
1479 3352 1875 3424 ἀπαραίτητον,

300 3436 493 3489 κοινόν
518 3439 632 3490 ἐστι
661 3440 751 3493 καὶ
785 3442 955 3495 πᾶσιν
979 3442 1309 3514 ἀνθρώποις.
1350 3445 1497 3519 Πλὴν
1528 3448 1665 3502 ἀλλὰ
1694 3450 1801 3522 γὰρ
1828 3453 1878 3505 οί

296 3527 576 3598 ζήσαντες
603 3530 845 3596 εὐσεϐῶς
894 3534 990 3587 καὶ
1024 3535 1249 3599 δικαίως
1294 3537 1353 3591 ὲν
1382 3536 1460 3609 τῷ
1492 3541 1716 3610 παρόντι
1756 3542 1877 3614 βίῳ,

296 3622 442 3692 πρὸς
471 3624 570 3694 τήν
594 3624 705 3677 τῶν
731 3624 1035 3696 μελλόντων
1064 3626 1286 3695 ἀγαθῶν
1316 3629 1638 3700 ἀντάμειψιν
1668 3630 1756 3684 διὰ
1783 3633 1882 3704 τῆς

298 3713 517 3781 ἀγαθῆς
541 3714 632 3767 καὶ
654 3713 804 3778 θείας
828 3714 1040 3778 ἐλπίδος
1060 3717 1580 3788 χειραγωγούμενοι,
1606 3721 1880 3791 σωτηρίαν

299 3806 599 3876 εὑρήσουσι
633 3806 734 3878 τὴν
760 3806 998 3864 αίώνιον.
1042 3808 1100 3862 '0
1131 3810 1313 3879 μέντοι
1341 3811 1592 3883 πονηρῶς
1633 3816 1727 3866 καὶ
1753 3813 1881 3867 δυσ-

303 3899 483 3960 σεϐῶς
536 3900 632 3952 καὶ
672 3900 891 3968 φαύλως
937 3900 1396 3973 πολιτευσάμενος
1434 3906 1494 3957 ὲν
1530 3908 1597 3976 τῇ
1629 3907 1882 3980 παρούσῃ

301 3991 441 4062 ζωῇ.
474 3991 571 4047 καὶ
602 3991 805 4063 ταύτην
846 3994 1180 4060 καταλιπὼν,
1210 3996 1347 4065 πρὸς
1389 3997 1748 4062 ἀνυποίστους
1792 3999 1885 4053 καὶ

303 4079 727 4144 διαιωνιζούσας
755 4082 1298 4154 παραπεμφθήσεται
1313 4086 1607 4157 τιμωρίας,
1627 4088 1763 4156 πρὸς
1784 4106 1887 4158 μη-

301 4172 359 4225 δε
368 4172 498 4242 μίαν
519 4171 712 4226 ἐλπίδα
735 4174 1011 4245 σωτηρίας
1034 4191 1270 4246 χειραγο.
1281 4176 1374 4245 γού
1384 4194 1563 4247 μενος.
1585 4176 1755 4231 Τοῦτο
1776 4178 1884 4251 γὰρ

303 4266 588 4335 ἐσήμανεν
616 4264 807 4319 είπών·
839 4285 857 4318 ι
885 4266 995 4319 Καὶ
1021 4266 1081 4319 οὐ
1112 4267 1367 4321 διασώσει
1393 4269 1617 4324 ἀσέϐεια
1643 4270 1734 4323 τὸν
1756 4271 1885 4343 παρ’

303 4357 504 4425 αὐτῆς,
544 4376 564 4408 ι
600 4358 719 4427 ἦτοι
752 4357 845 4410 τὸν
884 4356 1120 4428 ἐραστὴν
1154 4358 1328 4429 αὐτῆς
1361 4360 1454 4413 κα1⁵
1489 4360 1751 4432 τρόφιμον
1791 4364 1887 4416 καὶ

306 4452 630 4521 συνίστοραο
665 4450 869 4522 μᾶλλον
906 4450 1006 4522 μὲν
1031 4448 1125 4505 οὖν
1159 4454 1238 4515 είς
1273 4452 1493 4525 ἔλεγχον
1525 4454 1687 4508 αὑτοῦ
1720 4456 1887 4527 γενή-

307 4559 465 4595 σεται
489 4544 584 4595 καὶ
616 4543 954 4613 κατηγορίαν
983 4543 1369 4615 ένδικωτάτην.

381 4636 551 4690 Ταῦτ’
575 4634 671 4690 οὖν
699 4639 757 4689 ἐν
787 4639 853 4708 τῇ
896 4636 1040 4690 κατά
1065 4637 1160 4691 νῦν
1195 4637 1397 4709 θεωρίᾳ
1427 4636 1717 4709 σύμπαντα
1755 4656 1892 4710 προ-

302 4723 439 4776 ϊδὼν
464 4725 494 4776 ὁ
520 4726 681 4792 σοφὸς
713 4725 1149 4798 Ἐκκλησιαστὴς
1178 4728 1445 4799 ἐπήγαγεο
1481 4745 1499 4779 ι
1532 4729 1642 4783 Καὶ
1671 4729 1893 4803 σύμπαν

306 4814 473 4867 τοῦτο
500 4811 661 4879 εἶδον,
709 4818 804 4869 καὶ
858 4817 1036 4872 ἔδωκα
1085 4820 1186 4890 τὴν
1241 4819 1470 4891 καρδίαν
1515 4838 1615 4891 μου
1660 4824 1741 4885 είς
1786 4825 1893 4876 πᾶν

309 4906 531 4977 ποίημα
573 4907 633 4959 τὸ
674 4909 1043 4978 πεποιημένον
1074 4909 1181 4964 ὑπὸ
1216 4911 1307 4964 τὸν
1337 4910 1518 4981 ἦλιον·
1565 4930 1585 4965 ι
1632 4913 1753 4983 οὐχὶ
1783 4913 1894 4967 τῶν

310 4998 419 5052 om
450 4996 610 5063 Θεοῦ,
647 4998 749 5067 τῆς
794 5001 1086 5070 ποιητικῆς
1117 5000 1360 5070 δηλονότι
1394 5003 1503 5056 τῶν
1528 5005 1784 5058 ἁπάντων
1810 5007 1903 5065 ale

310 5086 436 5151 τίας
466 5087 880 5158 πεποιημένων,
912 5090 1030 5143 ἀλλ’
1053 5092 1158 5144 ὑπὸ
1195 5092 1306 5146 τῶν
1354 5093 1574 5162 φαύλων
1617 5096 1712 5149 καὶ
1741 5113 1893 5166 μισο·

313 5181 501 5234 κάλων
544 5181 873 5252 ἀνθρώπων,
914 5183 1023 5237 τῶν
1056 5184 1269 5249 ἀδικίας
1310 5186 1407 5240 καὶ
1443 5187 1754 5256 πλεονεξίας
1798 5190 1896 5245 καὶ

402 5371 447 5401 ⁷⁸
468 5368 617 5424 Psal.
655 5385 844 5443 cxvm,
885 5373 978 5430 60.

390 5485 507 5553 (12)
539 5485 597 5537 1η
624 5482 870 5556 Vulgatis
895 5487 1160 5541 habemus
1196 5502 1210 5539 :
1244 5482 1424 5553 Neque
1446 5480 1688 5556 saluauit
1718 5482 1903 5553 impie-

319 5552 407 5609 tas
433 5552 659 5624 impium
686 5570 704 5609 :
735 5552 883 5626 quod
930 5557 1089 5626 plane
1119 5552 1408 5626 respondet
1443 5552 1744 5626 Hebraicis,
1779 5552 1901 5626 Quae

322 5622 538 5679 vertere
564 5626 644 5680 sic
677 5622 856 5695 possis
894 5622 1125 5695 z—Neque
1155 5622 1345 5678 liberat
1382 5622 1690 5695 improbitas
1726 5622 1898 5677 domi—

318 5713 415 5768 nos
456 5711 608 5768 suos,
645 5692 843 5768 Itaque
893 5692 1533 5768 Symmachus_reddidit
1572 5692 1765 5760 ἔχοντα
1797 5699 1897 5748 αὐ-

316 5766 443 5837 τήν,
468 5767 617 5836 quod
641 5763 779 5820 idem
805 5778 907 5821 est.
937 5763 1048 5820 Nec
1071 5763 1897 5837 aliterOlympiodoruquuanj-

327 5832 501 5907 quani
552 5838 982 5909 signiﬁcantius;
1034 5838 1112 5893 sic
1159 5836 1304 5892 cuitu
1353 5832 1639 5904 explicat:
1677 5832 1789 5891 Καὶ
1832 5834 1892 5889 ού

1968 1983 2083 2039 sive
2128 1980 2312 2034 anima
2361 1976 2758 2048 profectionem
2794 1988 2824 2026 a
2861 1984 3095 2039 corpore
3133 1965 3364 2036 parabit.
3400 1963 3543 2016 Tum

1967 2073 2137 2136 enim,
2166 2079 2287 2140 post
2308 2068 2729 2138 praenuntiatum
2755 2062 2925 2117 divini
2956 2058 3168 2116 consilii
3193 2054 3543 2115 sententiam,

1968 2163 2103 2218 nihil
2130 2162 2243 2231 jam
2280 2157 2489 2213 homini
2521 2155 2784 2227 prodesse
2826 2160 3029 2223 potest,
3064 2150 3150 2204 vel
3189 2149 3234 2202 si
3280 2148 3333 2201 in
3366 2147 3545 2213 lacry-

1968 2271 2087 2310 mas
2148 2252 2513 2307 eli'undamur.
2572 2243 3043 2313 Quemadmodum
3105 2241 3249 2295 enim
3302 2253 3413 2308 quo
3458 2235 3547 2290 die

1968 2347 2115 2402 acies
2158 2344 2225 2399 ad
2259 2340 2609 2412 pugnandum
2639 2338 2920 2392 instructae
2952 2340 3101 2399 suut,
3133 2330 3270 2385 nihil
3305 2330 3371 2384 ad
3416 2343 3546 2383 eon-

1970 2438 2261 2495 ciliandam
2314 2432 2862 2498 constituendamque
2908 2440 3099 2497 pacem
3144 2423 3327 2478 valere
3362 2420 3546 2476 oblata

1971 2533 2171 2602 legatio
2217 2537 2444 2600 potest:
2477 2526 2681 2596 quippe
2738 2521 2909 2576 multo
2966 2519 3118 2589 prius
3158 2532 3280 2571 eam
3331 2513 3547 2569 mittere

1970 2624 2258 2689 debebant,
2306 2621 2399 2691 qui
2454 2629 2586 2674 tunc
2639 2617 2896 2680 mittunt;
2949 2614 3032 2669 sic
3078 2612 3395 2666 imminente
3432 2608 3547 2678 jam

1972 2726 2145 2771 morte
2192 2721 2246 2769 et
2296 2712 2535 2767 animam
2585 2718 2832 2763 nostram
2886 2721 2918 2760 a
2961 2716 3190 2772 corpore
3236 2706 3546 2769 separantc,

1971 2808 2110 2863 nihil
2133 2804 2385 2860 morienti
2410 2803 2605 2873 prosit,
2635 2801 2723 2856 vel
2759 2801 2805 2856 si
2832 2813 3023 2869 preces
3054 2805 3110 2852 et
3139 2793 3551 2850 obsecrationes

1972 2901 2232 2956 adhibeat
2272 2894 2725 2959 innumerabiles,
2755 2892 2822 2946 ad
2853 2889 3262 2945 cunctationem
3308 2893 3364 2940 et
3392 2883 3552 2937 indu-

1973 2995 2089 3049 cias
2123 2987 2516 3059 impetrandas,
2540 2996 2705 3056 atque
2724 2984 2795 3041 ad
2818 2982 2955 3038 illud
2976 2979 3379 3043 redimendum,
3401 2973 3551 3047 quod

1971 3085 2083 3155 jam
2120 3081 2343 3154 ingruit.

2050 3262 2393 3321 lnexorabile
2421 3260 2586 3331 igitur
2616 3258 2672 3314 id
2718 3265 2823 3324 est,
2867 3263 2923 3311 et
2960 3267 3257 3310 commune
3295 3250 3552 3307 omnibus

1980 3358 2322 3417 hominibus,
2365 3364 2426 3410 ut
2469 3355 2667 3409 animm
2695 3366 2727 3406 a
2767 3364 2998 3418 corpore
3032 3345 3298 3401 discessio
3330 3342 3555 3397 deﬁnito

1978 3452 2066 3506 die
2119 3450 2231 3504 fiat.
2274 3445 2755 3503 Verumenimvero
2800 3440 2893 3511 qui
2927 3438 3015 3509 pie
3057 3453 3122 3493 ac
3165 3437 3312 3507 juste
3352 3435 3407 3489 in
3451 3434 3556 3489 hac

1978 3544 2092 3599 vita
2116 3542 2317 3598 versati
2366 3540 2498 3604 sint,
2552 3538 2620 3592 ad
2665 3536 2976 3590 futurorum
3019 3530 3291 3584 bonorum
3330 3525 3554 3598 praemia

1979 3642 2137 3696 bona:
2184 3638 2491 3704 divinaeque
2534 3630 2648 3702 spei
2698 3643 2801 3700 ope
2831 3627 3073 3691 deducti,
3124 3626 3356 3680 salutem
3406 3624 3558 3677 inve-

1983 3732 2136 3787 nient
2162 3727 2570 3798 sempiternam.
2606 3722 2795 3791 At~qui
2836 3720 3032 3773 malam
3073 3724 3128 3771 et
3172 3715 3393 3785 impiam
3434 3728 3559 3783 per-

1981 3835 2311 3891 versamque
2339 3816 2558 3872 duxerit
2598 3814 2786 3877 vitam,
2817 3812 2889 3866 ita
2939 3811 3085 3863 hanc
3113 3807 3348 3871 deseret,
3384 3814 3445 3859 ut
3486 3804 3555 3858 ad

1983 3913 2359 3972 intolerabiles
2410 3918 2764 3975 seternosque
2808 3902 3086 3957 cruciatus
3133 3898 3557 3961 transmittatur,

1986 4024 2089 4064 nec
2115 4021 2264 4075 spem
2304 4003 2469 4056 ullam
2506 3998 2723 4065 salutis,
2747 3996 2833 4051 cui
2868 3994 3018 4058 ﬁdat,
3057 3991 3264 4046 sociam
3294 3986 3552 4041 inveniat.

1986 4097 2101 4152 Hoc
2127 4095 2271 4149 enim
2298 4087 2650 4161 signiﬁcavit,
2680 4100 2804 4141 cum
2828 4082 2966 4139 dixit
2992 4100 3004 4135 :
3043 4099 3061 4132 ι
3101 4080 3167 4133 Ει
3196 4094 3302 4133 non
3330 4075 3562 4131 salvahit

1987 4190 2240 4260 impietas
2270 4201 2416 4247 eum,
2459 4181 2551 4252 qui
2582 4180 2650 4234 ab
2679 4194 2764 4242 ea,
2805 4196 2823 4229 ι
2857 4177 2909 4231 id
2954 4183 3058 4239 est,
3107 4181 3405 4227 amatorem
3440 4168 3563 4237 ejus

1985 4292 2039 4337 et
2063 4258 2344 4336 alumnum
2371 4285 2426 4331 et
2454 4273 2719 4329 asseclam
2750 4289 2762 4324 :
2790 4284 2913 4338 quae
2944 4268 3122 4335 potius
3150 4258 3562 4333 reprehensioni

1990 4376 2113 4445 ejus
2140 4370 2573 4441 justissimazque
2620 4358 3062 4420 condemnationi
3093 4355 3307 4427 pondus
3349 4361 3431 4407 est
3462 4350 3563 4407 ad-

1991 4470 2169 4522 ditura
2202 4465 2313 4537 (12)

2060 4644 2235 4699 Porro
2270 4640 2388 4694 haec
2417 4635 2602 4691 omnia
2635 4633 2852 4703 sapiens
2882 4629 3243 4686 Ecclesiastes
3283 4635 3565 4693 tanquam,

1989 4731 2285 4808 pnesentia
2303 4729 2513 4801 jamdiu
2543 4724 2971 4794 contemplatus,
3002 4720 3237 4791 adjecit:
3270 4736 3287 4769 ι
3319 4716 3384 4770 Ει
3405 4729 3570 4778 omne

1992 4804 2099 4882 hoc
2128 4823 2262 4889 vidi,
2300 4830 2351 4876 et
2391 4818 2515 4875 dedi
2551 4832 2646 4873 cor
2694 4828 2879 4869 meum
2924 4811 2979 4865 in
3017 4826 3179 4865 omne
3213 4823 3371 4877 opus,
3423 4804 3569 4873 quod

1991 4919 2194 4973 factum
2222 4922 2307 4969 est
2335 4912 2436 4968 sub
2468 4910 2618 4975 sole;
2652 4926 2670 4959 ›
2707 4906 2935 4961 minime
2959 4902 3175 4973 quidem
3206 4912 3420 4957 eorum,
3447 4908 3573 4965 quas

1996 5027 2025 5065 a
2061 5010 2191 5074 Deo,
2220 5007 2273 5061 id
2307 5014 2412 5069 est,
2448 5019 2478 5056 a
2512 5002 2686 5071 prima
2732 4999 2824 5053 illa
2870 4997 3247 5051 universorum
3296 4987 3577 5044 eli'ectrico.

2002 5116 2169 5158 causa
2198 5099 2339 5155 facta
2362 5104 2521 5164 sum;
2550 5094 2645 5151 sed
2667 5110 2787 5163 qua:
2806 5090 3033 5160 improbi
3058 5085 3383 5154 scelestique
3407 5080 3580 5161 208

2004 5192 2254 5250 homines
2296 5187 2616 5251 moliuntur,
2663 5183 2862 5256 quibus
2896 5180 3237 5252 propositum
3287 5184 3373 5230 est
3408 5172 3570 5244 quid-

1999 5483 2255 5538 διασώσει
2285 5484 2509 5539 ἀσέϐεια
2540 5485 2631 5536 τὸν
2660 5483 2788 5555 παρ’
2823 5483 3027 5555 αὑτῆςτ
3063 5478 3184 5533 ἀντὶ
3205 5476 3323 5555 τού,
3347 5474 3437 5527 τὸν
3461 5474 3567 5555 dare

1996 5556 2098 5625 τῆς
2156 5557 2411 5618 ἀσεϐείας
2467 5546 2895 5676 τυραννούμενον
2945 5546 3040 5607 καὶ
3084 5548 3471 5621 κρατούμενον.
3516 5546 3569 5599 ΙιΙ

1997 5639 2080 5676 est
2112 5641 2126 5676 :
2164 5625 2231 5676 Et
2255 5643 2359 5676 non
2382 5626 2527 5676 salva
2568 5626 2607 5676 it
2636 5625 2876 5676 impietas
2907 5641 3047 5676 eum.
3071 5623 3161 5676 aui
3184 5620 3248 5674 ab
3277 5636 3359 5676 ea.
3393 5633 3569 5676 nempe

1997 5620 2080 5679 est
2112 5641 2126 5678 :
2164 5625 2231 5678 Et
2255 5643 2359 5679 non
2382 5620 2607 5679 salvabit
2636 5620 2876 5692 impietas
2907 5641 3047 5687 eum,
3071 5620 3161 5692 qui
3184 5620 3248 5674 ab
3277 5633 3574 5692 ea,jnempa

1995 5695 2169 5776 illum,
2204 5698 2295 5767 qui
2330 5695 2597 5766 tyrannidi
2622 5690 2736 5764 ejus
2768 5695 3030 5764 subjectus
3058 5690 3160 5760 est,
3193 5690 3575 5763 imperiumun

1994 5776 2194 5835 acceptt
