4114 6512
596 394 726 463 1051

1692 398 1754 457 S.
1804 395 2180 456 GREGORII
2229 394 2742 454 AGRIGENTINI

3698 396 3817 459 1052

592 516 722 588 quid
751 512 1017 582 injustitia
1040 519 1095 565 et
1117 513 1343 566 avaritia
1365 520 1419 567 et
1445 512 1716 567 calumnia
1742 511 1935 566 alferre
1960 511 2155 581 possit,

2262 509 2625 576 συκοφαντίας
2668 507 3055 578 πορευομένων
3104 510 3184 571 εἰς
3214 508 3385 571 τέλος,
3425 510 3516 562 καὶ
3563 512 3816 581 μηδαμῶς

593 629 695 667 nec
733 619 912 663 tamen
958 608 1215 677 peccandi
1266 623 1505 677 unquam
1550 616 1605 660 et
1642 607 1871 661 nocendi
1920 606 2029 659 ulla
2077 616 2161 660 est

593 703 836 759 satietas.
874 699 930 754 ld
966 703 1112 754 enim
1152 699 1445 768 expressit,
1478 713 1601 751 cum
1633 698 1769 752 dixit
1799 717 1812 751 :
1848 716 1867 749 ι
1896 696 2027 763 Ome
2064 713 2160 766 pro

593 801 860 864 potestate
910 790 1039 845 fecit
1084 790 1249 843 homo
1310 789 1363 840 in
1419 788 1734 851 hominem,
1791 798 1847 841 ut
1903 787 2160 856 afﬂigeret

593 897 756 947 eum;
797 900 814 931 ι
870 879 1066 949 quippe
1118 878 1399 932 rationalis
1459 878 1917 946 intelligentisque
1966 878 2160 931 anima:

593 974 843 1029 libertate
874 974 927 1026 in
962 987 1021 1026 re
1049 971 1191 1025 mala
1219 971 1443 1037 abusus,
1477 979 1794 1040 potestatem
1821 986 1974 1025 suam
2003 984 2160 1023 exer-

594 1076 713 1130 cet,
761 1063 1056 1119 voluntatis
1102 1072 1439 1116 momentum
1498 1063 1564 1116 ad
1620 1061 1949 1130 peccandum
2000 1060 2160 1114 incli-

594 1154 795 1219 nando,
834 1153 886 1207 id
911 1164 992 1207 est
1020 1153 1283 1223 indulget,
1313 1162 1374 1207 ut
1404 1153 1699 1206 mentiatur
1722 1163 1774 1205 et
1799 1151 2163 1204 calumnietur
2198 1183 2205 1193 -

593 1255 647 1300 et
680 1254 833 1300 vexet
860 1252 916 1299 et
942 1243 1169 1299 ditescat
1208 1244 1422 1303 alienis,
1460 1254 1515 1298 et
1553 1243 1862 1312 proximum
1904 1242 2088 1297 multis
2112 1250 2166 1295 et

593 1339 760 1394 variis
820 1338 1000 1392 modis
1062 1337 1299 1405 pessime
1360 1336 1576 1391 alliciat.
1625 1334 1915 1404 Propterea
1980 1335 2165 1388 utioue

594 1430 789 1502 adjecit
817 1431 1065 1501 protinus
1094 1448 1106 1483 :

2258 599 2665 669 κορεννυμένων
2691 603 2749 652 ὲν
2779 603 2897 663 ταῖς
2926 602 3328 671 κακοπραγίαις
3354 603 3448 653 καὶ
3479 618 3817 671 πονηροπρα-

2258 688 2416 755 ξίαις.
2444 689 2614 741 Τοῦτο
2637 690 2743 759 γὰρ
2766 688 3031 760 ἐδήλωσεν
3054 689 3244 742 εἰπών’
3276 709 3294 741 ι
3316 691 3456 743 Ὅσα
3477 692 3820 757 ἐξουσιάσατο

2256 784 2286 836 ὁ
2325 780 2613 850 ἄνθρωπος
2656 783 2712 834 ἐν
2760 781 3151 853 ἀνθρώπῳτοῦ
3184 784 3434 838 κακῶσαι
3466 786 3652 838 αὐτόν.
3688 805 3705 836 ι
3742 786 3819 855 Τῷ

2256 874 2365 943 γὰρ
2398 873 2729 942 αύτεξουσίῳ
2776 874 2875 943 τῆς
2903 874 3128 943 λογικῆς
3170 878 3263 928 καὶ
3304 879 3497 948 νοερᾶς
3530 878 3709 947 ψυχῆς
3738 881 3821 931 ἐπὶ

2256 968 2369 1028 τοῖς
2398 965 2622 1034 φαύλοις
2652 967 3131 1036 ἀποχρησάμενος,
3163 970 3191 1019 ὁ
3218 968 3316 1039 τὴν
3350 970 3523 1039 ῥοπὴν
3559 970 3659 1039 τῆς
3699 988 3821 1039 προ-

2258 1058 2520 1128 αιρέσεως
2570 1058 2708 1128 πρὸς
2762 1058 2823 1110 τὸ
2879 1059 3086 1112 ἀδικεῖν
3143 1061 3441 1125 ἀποκλίνας
3503 1061 3819 1127 ἐξουσιάζει,

2255 1151 2505 1202 τουτέστι
2537 1149 2950 1220 συγκεχώρηται
2986 1150 3082 1203 καὶ¹
3119 1150 3513 1221 διαψεύσασθαι
3543 1153 3640 1205 καὶ
3669 1170 3822 1205 συκο-

2260 1243 2484 1311 φαντεῖν
2530 1243 2627 1295 κα)⁸
2673 1241 2979 1295 διαϐάλλειν
3028 1243 3121 1296 καὶ
3156 1245 3519 1307 πλεονεκτεῖν,
3550 1244 3646 1297 καὶ
3674 1244 3824 1297 πολυ-

2257 1333 2475 1405 τρόπως
2517 1333 2610 1384 κα¹ι
2654 1333 2911 1395 ποικίλως
2958 1334 3052 1388 τὸν
3091 1334 3318 1405 πλησίον
3347 1334 3575 1388 κακοῦν.
3615 1336 3823 1405 Ἀμέλει

2257 1425 2438 1480 τοίνυν
2468 1409 2691 1495 ἆμέσως
2713 1426 2962 1494 ἐπήγαγε
2992 1442 3005 1455 σ

2123 1580 2150 1651 §
2188 1578 2306 1633 xu.

668 1702 828 1756 Vens.
870 1701 957 1756 10.
998 1699 1066 1754 Et
1099 1709 1223 1755 tunc
1256 1699 1362 1754 vidi
1394 1698 1581 1767 impios
1616 1699 1669 1751 in
1710 1698 1949 1765 sepulcra
1981 1697 2149 1749 intro-

2320 1693 2430 1746 Καὶ
2458 1694 2589 1747 τότε
2610 1689 2776 1747 εἶδον
2803 1692 3041 1759 ἀσεϐεῖς
3070 1698 3153 1760 είς
3186 1694 3413 1764 τάφους
3433 1697 3753 1764 ἀχθέντας.

593 1796 777 1848 ductos
805 1794 937 1866 (15).

664 1886 892 1951 Quando
934 1884 1140 1939 scilicet
1177 1884 1440 1940 adversus
1488 1882 1871 1938 imbecillimos
1911 1896 2160 1952 quosque

595 1979 787 2032 saevire
819 1985 1123 2046 cmperunt,
1162 1986 1216 2030 et
1239 1976 1303 2029 ad
1343 1976 1596 2045 nequitiae
1629 1991 1683 2030 et
1711 1974 2079 2043 improbitatis
2106 1983 2161 2027 et

592 2070 905 2138 rapinarum
927 2079 978 2122 et
994 2069 1236 2122 avaritiae
1259 2084 1533 2122 summum
1556 2066 1777 2122 venere:
1803 2077 1940 2133 tum,
1963 2067 2159 2136 inquit,

594 2158 890 2227 improviso
930 2173 990 2210 ac
1039 2166 1233 2225 praeter
1278 2172 1432 2227 spem
1464 2171 1819 2225 supergressa
1870 2170 2019 2209 mors
2064 2169 2160 2208 eos

595 2251 649 2304 in
703 2261 901 2303 terram
956 2249 1287 2319 prostravit,
1351 2250 1725 2319 sepulcrisque
1784 2249 2045 2303 contexit.
2103 2248 2159 2302 ld

593 2352 773 2394 autem
829 2340 1005 2409 ipsum
1054 2348 1109 2394 et
1152 2339 1317 2393 David
1357 2340 1620 2409 propheta
1667 2339 1813 2393 clare
1859 2354 2161 2408 repraesen-

592 2441 693 2492 tat,
737 2447 859 2485 cum
905 2434 1022 2485 ait:
1058 2450 1077 2482 ‹
1112 2429 1451 2495 Delecerunt,
1480 2432 1762 2500 perierunt
1793 2440 2012 2501 propter
2061 2430 2162 2485 ini-

592 2523 850 2593 quitatem
912 2536 1065 2576 suam
1088 2521 1153 2576 ⁷³.
1186 2540 1204 2572 ι
1256 2520 1323 2574 Et
1381 2537 1599 2576 rursum
1639 2538 1653 2574 :
1691 2540 1709 2572 ‹
1744 2520 1862 2575 Vidi
1932 2520 2159 2590 impium

592 2615 1053 2685 superexaltatum
1078 2622 1132 2668 et
1162 2614 1430 2668 elevatum
1454 2613 1595 2669 sicut
1630 2614 1823 2669 cedros
1849 2612 2065 2668 Libani.
2094 2612 2163 2668 Et

593 2704 841 2766 transivi,
871 2714 925 2760 et
960 2719 1088 2760 ecce
1139 2720 1247 2759 nou
1273 2713 1411 2768 erat,
1442 2711 1496 2759 et
1528 2703 1753 2775 quaesivi
1784 2719 1933 2769 eum,
1963 2713 2017 2760 et
2050 2719 2159 2760 non

592 2807 674 2853 est
696 2798 943 2854 inventus
966 2797 1120 2854 locus
1148 2799 1267 2868 ejus
1290 2797 1368 2864 ";
1396 2818 1413 2852 ι
1437 2798 1632 2853 mortis
1662 2799 1916 2852 nimirum
1942 2808 2164 2869 repente

592 2892 897 2963 ingruentis
914 2891 1167 2952 adventu.
1190 2892 1245 2945 in
1263 2891 1557 2961 perniciem
1579 2891 1959 2960 sempiternam
1982 2907 2164 2947 aman-

592 2983 705 3038 dati
732 2992 881 3039 sunt.
911 2982 1025 3039 lloc
1055 2982 1202 3040 enim
1231 2981 1469 3039 ostendit
1500 2983 1588 3047 iis,
1613 2998 1735 3053 qua:
1762 2982 2004 3052 proxime
2028 2984 2165 3039 sub-

589 3077 721 3148 jecit
748 3094 765 3134 :

2341 1874 2534 1926 Ἠνίκα
2571 1874 2816 1943 δηλονότι
2856 1877 3301 1946 κατεφρυάξαντο
3344 1878 3451 1929 τῶν
3499 1878 3827 1931 ἀδυνατωτέ-

2264 1985 2393 2039 ρων,
2426 1968 2521 2020 καὶ
2564 1967 2698 2039 πρὸς
2742 1967 2841 2037 τὴν
2875 1968 3151 2038 ἀκρότητα
3196 1968 3298 2037 τῆς
3353 1969 3547 2030 κακίας
3603 1970 3697 2022 καὶ
3734 1970 3829 2037 τῆς

2261 2057 2615 2127 φαυλότητος,
2643 2058 2869 2111 καὶτῶν
2890 2058 3249 2129 ἁρπακτικῶν
3279 2060 3502 2112 καὶτῶν
3532 2060 3831 2112 πλεονεκτιο

2261 2151 2372 2204 κῶν
2415 2151 2863 2221 ἐπιτηδευμάτων
2902 2152 3182 2220 ἀφίκοντο,
3228 2154 3373 2217 τότε,
3422 2157 3608 2225 φησὶν,
3659 2157 3829 2227 ἀπροο

2260 2244 2441 2306 όπτως
2488 2246 2581 2296 καὶ
2612 2246 2743 2315 παρ’
2776 2244 2996 2307 ἐλπίδας
3024 2244 3267 2298 ἐπελθὼν
3299 2249 3326 2298 δ
3351 2245 3599 2310 θάνατος,
3631 2249 3829 2317 κατέρα

2263 2340 2394 2408 ῥαξε
2422 2336 2559 2409 πρὸς
2581 2337 2679 2407 τὴν
2709 2338 2832 2406 γῆν,
2854 2338 2949 2389 καὶ
2969 2340 3083 2400 τοῖς
3107 2339 3298 2405 τάφοις
3325 2337 3581 2407 ἐκάλυψε.
3605 2339 3680 2391 Τὸ
3705 2340 3833 2393 αὐτὸ

2260 2431 2317 2487 δέ
2344 2429 2505 2483 τοῦτο
2532 2429 2833 2499 παρίστησι
2861 2429 3046 2499 σαφῶς
3072 2431 3169 2482 καὶ
3194 2429 3360 2482 Δαϐὶδ
3387 2432 3415 2483 ὁ
3439 2432 3730 2501 προφήτης
3760 2435 3833 2485 εί-

2262 2522 2398 2577 πὼνο
2424 2542 2442 2574 ι
2466 2522 2765 2587 Ἑξέλιπον,
2796 2522 3080 2575 ἀπώλοντο
3102 2522 3190 2576 διά
3211 2522 3309 2594 τὴν
3329 2525 3560 2594 ἀνομίαν
3581 2525 3787 2579 αὐτῶν.
3807 2546 3823 2577 ι

2260 2615 2373 2670 Καὶ
2390 2615 2570 2669 πάλιν·
2594 2633 2612 2665 ι
2636 2612 2790 2669 Εἶδον
2805 2614 2895 2667 τὸν
2911 2614 3083 2684 ἀσεϐῆ
3104 2616 3205 2668 ὑπε
3214 2618 3533 2685 ραιρόμενον
3556 2617 3649 2670 καὶ
3669 2617 3833 2688 ὑπερ-

2263 2707 2567 2779 υψούμενον
2606 2708 2680 2772 ὡς
2712 2708 2814 2770 τὰς
2857 2709 3085 2780 κέδρους
3128 2708 3223 2762 τοῦ
3268 2710 3524 2773 Λιϐάνου,
3570 2712 3667 2764 καὶ
3703 2729 3835 2780 παρ-

2260 2802 2443 2873 ῆλθον,
2474 2802 2570 2855 καὶ
2606 2801 2718 2855 ἰδοὺ
2748 2802 2849 2855 οὐκ
2876 2796 2964 2873 ἦν,
2998 2804 3094 2855 καὶ
3130 2801 3373 2873 ἐζήτησα
3394 2804 3578 2867 αὐτὸν,
3613 2805 3710 2856 καὶ
3735 2805 3831 2874 οὐχ

2263 2894 2460 2965 εὑρέθη
2486 2896 2514 2947 ὁ
2539 2894 2704 2958 τόπος
2732 2893 2898 2947 αὐτοῦ
2921 2910 2935 2925 ο
2976 2914 2994 2946 ι
3025 2895 3132 2948 ὑπὸ
3155 2896 3255 2965 τῆς
3282 2894 3509 2959 ἐξάπινα
3528 2896 3709 2949 τοίνυν
3734 2899 3831 2949 ἐπ-

2264 2985 2522 3056 ελθούσης
2553 2986 2735 3048 αὐτοῖς
2765 2985 2861 3038 τοῦ
2891 2987 3121 3040 θανάνου
3147 2988 3337 3056 φορᾶς,
3363 2986 3499 3058 πρὸς
3526 2986 3626 3056 τὴν
3651 2987 3833 3040 διαιω-

2187 3085 2231 3142 c
2264 3075 2519 3140 νίζουσαν
2590 3076 2871 3130 ἀπώλειαν
2940 3075 3435 3148 παρεπέμφθησαν.
3498 3077 3669 3131 Τοῦτο
3726 3080 3834 3151 γὰρ

2267 3166 2499 3237 ἐδήλωσε
2526 3168 2746 3239 ἀμέσως
2774 3167 2946 3222 εἰπών
2965 3183 2977 3197 ·

2108 3319 2135 3391 §
2175 3319 2311 3375 xm.

667 3480 732 3532 Et
761 3482 823 3533 de
846 3479 1043 3535 Sancto
1086 3481 1310 3543 iverunt,
1343 3488 1391 3531 et
1422 3478 1629 3531 laudati
1668 3489 1791 3533 sunt
1839 3479 1892 3531 in
1929 3479 2161 3543 civitate,

592 3573 716 3643 quia
749 3574 824 3625 sic
850 3573 1106 3640 fecerant.
1157 3572 1224 3623 At
1248 3572 1344 3624 hoc
1370 3586 1569 3645 quoque
1599 3571 1805 3624 vanitas
1834 3571 1970 3642 (M).

662 3748 815 3818 lmpii
850 3747 1092 3817 quidem,
1128 3746 1326 3815 inquit,
1358 3746 1411 3800 in
1456 3747 1764 3816 sepulcrum
1797 3746 1951 3812 illati,
1979 3762 2009 3801 a
2052 3746 2164 3803 Deo

593 3840 823 3909 scjnncti
854 3849 1004 3894 sunt.
1043 3836 1177 3891 Nam
1226 3838 1277 3892 id
1316 3837 1504 3893 Sancti
1556 3838 1846 3908 appellatio
1892 3839 1996 3894 hoc
2043 3840 2163 3894 loco

592 3932 862 4001 designat,
888 3928 1345 3999 quemadmodum
1376 3929 1639 3998 scriptum
1664 3940 1747 3984 est
1772 3947 1786 3984 :
1814 3947 1834 3980 ι
1869 3929 2163 3985 Auferatur

592 4024 811 4093 impius,
838 4038 905 4077 ne
940 4023 1117 4076 videat
1143 4021 1370 4091 gloriam
1406 4020 1617 4075 Domini
1643 4022 1729 4074 π’.
1761 4041 1779 4074 ι
1809 4024 1878 4077 At
1906 4022 1999 4092 qui
2036 4038 2159 4078 cum

592 4116 700 4170 illis
728 4130 910 4185 parem
939 4130 1158 4184 operam
1187 4114 1254 4167 ad
1282 4114 1612 4183 impietatem
1644 4125 1697 4169 ct
1727 4116 1933 4170 scelera
1968 4128 2162 4170 contu-

590 4206 792 4269 lerunt,
828 4220 1129 4274 eorumque
1156 4205 1400 4275 vestigiis
1429 4205 1592 4275 209
1621 4206 1677 4260 in
1717 4206 1821 4262 hac
1848 4207 1959 4262 vita
2000 4207 2160 4262 insti-

591 4307 729 4361 tere,
756 4298 1028 4367 pracconio
1060 4297 1184 4350 illos
1221 4298 1496 4353 celebrare
1527 4307 1690 4366 atque
1741 4314 2006 4355 exornare
2050 4314 2158 4353 non

590 4387 849 4442 desinunt
892 4387 962 4442 ob
1004 4402 1066 4440 ea
1118 4386 1257 4455 ipsa,
1307 4403 1430 4457 quae
1486 4387 1733 4457 improbe
1780 4397 1944 4457 atque
1994 4388 2159 4458 impie

589 4487 896 4551 gesserunt.
930 4477 1132 4531 Multos
1160 4478 1303 4531 enim
1335 4479 1468 4533 tales
1496 4478 1689 4534 civitas
1719 4479 1884 4535 habet
1911 4499 1925 4533 :
1957 4482 2156 4549 saepius

588 4573 791 4642 quippe
828 4571 969 4625 inter
1010 4571 1290 4639 improbos
1339 4572 1633 4626 consensio
1672 4580 1777 4637 est,
1813 4588 1977 4641 quam
2018 4574 2158 4629 inter

591 4665 792 4734 probos
852 4672 905 4716 et
958 4662 1218 4717 honestos
1267 4680 1280 4717 :
1337 4672 1397 4717 ut
1447 4673 1768 4733 propterea,
1813 4664 1907 4734 qui
1966 4665 2152 4719 eadem

2335 3480 2445 3533 Kal
2492 3480 2562 3533 ἐκ
2612 3479 2719 3536 τοῦ
2768 3480 2959 3550 Ἀγίου
3000 3481 3434 3550 ἐπορεύθησαν,
3484 3484 3580 3536 καὶ
3618 3486 3835 3552 ἐπ-ῃνέ›

2264 3574 2461 3639 θησαν
2492 3572 2562 3624 ἐν
2592 3570 2667 3640 τῇ
2689 3572 2889 3638 πόλει,
2923 3572 3013 3626 ὅτι
3051 3573 3241 3640 οὕτως
3274 3575 3591 3641 ἐποίησαν.
3629 3579 3748 3628 Καί
3774 3594 3837 3644 γε

2263 3663 2439 3718 τοῦτο
2456 3665 2801 3732 ματαιότης.

2337 3757 2399 3809 Ol.
2434 3756 2531 3825 μὲν
2577 3756 2818 3829 ἀσεϐεῖς,
2853 3758 3039 3829 φησὶν,
3086 3758 3166 3820 είς
3201 3756 3369 3825 τάφον
3416 3756 3699 3827 ἀχθέντες,
3738 3760 3842 3826 ἀφ’

2263 3847 2574 3918 ωρίσθησαν
2620 3850 2684 3901 ἐκ
2722 3848 2815 3901 τοῦ
2857 3850 3012 3903 Θεοῦ.
3053 3849 3222 3903 Τοῦτο
3260 3849 3370 3921 γὰρ
3398 3849 3495 3904 τοῦ
3556 3851 3749 3918 Ἀγίου
3781 3850 3839 3904 τὸ

2262 3939 2432 4009 ὄνομα
2459 3939 2758 4009 δηλοῖ,νῦν,
2791 3940 2930 3993 κατά
2961 3941 3021 3993 τὸ
3051 3941 3433 4012 γεγραμμένον
3459 3958 3471 3971 ’
3503 3961 3522 3995 ι
3545 3943 3794 4014 Ἀρθήτω
3812 3946 3841 3995 ὁ

2261 4031 2484 4101 ἀσεϐὴς,
2519 4032 2605 4085 ἵνα
2655 4031 2729 4102 μὴ
2776 4031 2860 4104 ίδῃ
2889 4030 2984 4101 τὴν
3013 4032 3170 4096 δόξαν
3211 4033 3441 4105 Κυρίου.
3475 4051 3494 4085 ι
3544 4031 3609 4087 Οἱ
3646 4035 3702 4088 δὲ
3728 4034 3838 4087 τῶν

2262 4124 2446 4177 αὐτῶν
2475 4125 2703 4188 ἐκείνοις
2744 4124 3108 4193 ἀσεϐημάτων
3165 4127 3259 4179 καὶ
3311 4128 3838 4198 κακοπραγημάτων

2260 4217 2490 4288 ἐργάται
2522 4221 2580 4270 ἐν
2606 4219 2671 4289 τῇ
2707 4216 2823 4290 ζωῆ
2852 4216 3028 4288 ταύτῃ
3058 4218 3623 4289 προσαπαμείϐοντες,
3661 4235 3833 4290 προσ-

2262 4310 2530 4382 επῄνεσαν
2557 4312 2758 4377 αὐτοὺς
2786 4311 3235 4383 ἀνευφημοῦντες
3262 4313 3354 4366 καὶ
3376 4312 3726 4382 γεραίροντες
3752 4312 3836 4380 ἐφ’

2257 4397 2339 4465 οἷς
2391 4402 2658 4474 ἔπραττον
2689 4404 2910 4473 φαύλως
2963 4405 3057 4458 καὶ
3104 4403 3399 4466 δυσσεϐῶς.
3436 4404 3677 4466 Πολλοὺς
3725 4404 3837 4473 γὰρ

2258 4491 2456 4562 ἔχουσα
2499 4493 2774 4558 τοιούτους
2812 4498 2845 4566 ἡ
2878 4497 3033 4562 πόλις
3056 4515 3072 4531 ο
3100 4497 3195 4550 ἐπὶ
3230 4497 3416 4550 πλεῖον
3459 4498 3567 4568 γάρ
3611 4500 3765 4551 ἐστιν
3800 4498 3834 4569 ὴ

2256 4586 2365 4639 τῶν
2399 4586 2617 4656 φαύλων
2666 4590 3013 4661 ὁμοφροσύνη
3070 4592 3172 4659 τῆς
3220 4590 3331 4645 τῶν
3384 4590 3690 4644 σπουδαίων
3740 4592 3837 4644 καὶ

2258 4678 2566 4747 φιλοκάλων
2590 4695 2601 4707 ·
2626 4680 2918 4733 ἀκόλουθον
2951 4677 3019 4753 ἦν
3051 4683 3179 4744 τοὺς
3208 4681 3496 4751 ὁμοδόξους
3515 4683 3613 4736 καὶ
3641 4681 3837 4736 ταυτόο

593 4756 886 4823 opinantur
935 4770 1000 4808 ac
1038 4755 1315 4821 sentiunt,
1364 4755 1471 4810 illis
1525 4755 1738 4810 laudem
1790 4757 1876 4809 vel
1905 4743 2159 4812 mortuis

2263 4743 2465 4837 φρονας
2491 4774 2587 4822 καὶ
2608 4771 2939 4842 τεθνηκότας
2967 4743 3325 4842 ἀνευφημεῖν.
3359 4743 3457 4826 Aid:
3479 4743 3638 4826 τοῦτό
3668 4789 3837 4843 φησιν
3905 4804 3913 4814 -

592 4847 856 4909 tribuere,
891 4846 1200 4900 mirandum
1238 4863 1345 4901 non
1370 4848 1458 4902 sit.
1489 4846 1613 4901 Ideo
1638 4849 1856 4917 sapiens
1886 4848 2157 4903 Ecclesia-

590 4950 702 4996 stes
744 4939 859 4993 ait:
898 4956 917 4991 ι
953 4940 1021 4992 At
1059 4938 1163 4995 hoc
1190 4956 1407 5011 quoque
1448 4940 1678 5005 vanitas,
1711 4958 1730 4991 ι
1771 4942 2025 4996 usitatam
2058 4942 2158 4996 ite-

586 5048 716 5087 rans
746 5032 1043 5085 formulam
1079 5032 1145 5086 ad
1185 5033 1631 5087 condemnandas
1666 5033 2157 5101 improbandasque

585 5125 807 5180 fallaces
853 5133 908 5179 et
956 5124 1127 5179 malas
1169 5126 1453 5196 Opiniones
1506 5136 1668 5195 atque
1713 5124 2156 5181 facta.Jamvero

586 5224 648 5271 ut
700 5226 924 5272 causam
975 5232 1195 5288 quoque
1248 5219 1683 5286 demonstraret,
1743 5219 1813 5273 ob
1861 5234 2024 5290 quam
2085 5219 2154 5274 ad

586 5308 781 5378 impios
814 5308 899 5364 vel
938 5320 1188 5365 mortuos
1223 5309 1691 5366 commendandos
1736 5310 1955 5367 adducti
1998 5322 2151 5379 sunt,
2192 5342 2195 5347 α

584 5398 785 5470 adjecit
811 5400 1061 5470 protinus
1090 5420 1103 5454 :

2254 4858 2283 4910 ὁ
2305 4859 2466 4926 σοφὸς
2498 4860 2952 4932 Ἐκκλησιαστής’
2986 4882 3005 4914 ι
3030 4864 3140 4917 Καί
3173 4881 3236 4932 γε
3270 4863 3426 4918 τοῦτο
3456 4865 3778 4935 ματαιότης,
3812 4884 3831 4917 ι

2253 4949 2315 5002 τὸ
2366 4949 2595 5019 σύνηθες
2642 4953 2939 5024 πρόσρημα
2996 4955 3097 5023 τῆς
3153 4955 3570 5023 καταγνώσεως,
3601 4957 3698 5010 καὶ
3735 4959 3835 5026 τῆς

2254 5043 2679 5116 ἀπαγορεύσεως
2720 5047 2830 5100 τῶν
2880 5048 3235 5119 ἐσφαλμένων
3274 5051 3369 5104 καὶ⁵
3403 5050 3657 5121 πονηρῶν
3698 5051 3832 5103 ὑπο-

2253 5132 2469 5203 λήψεων
2530 5136 2624 5189 καὶ
2675 5137 2924 5207 πράξεων
2980 5140 3247 5195 ἐπειπών.
3296 5137 3432 5195 Εἶτα
3485 5142 3700 5205 δεικνὺς
3742 5144 3830 5195 καὶ

2258 5225 2357 5296 τὴν
2379 5226 2576 5291 αἰτίαν,
2609 5228 2676 5281 δι’
2704 5231 2769 5300 ἣν
2794 5231 3149 5303 προήχθησαν
3175 5234 3269 5286 καὶ
3291 5234 3415 5300 τοὺς
3439 5235 3826 5307 ἀποιχομένους

2259 5314 2475 5380 ἀσεϐεῖς
2509 5321 2773 5387 ἐπαινεῖν,
2805 5322 3027 5393 ἀμέσως
3062 5325 3368 5396 ἐπήγαγενο

656 5559 701 5589 ⁷³
724 5556 867 5613 Psal.
904 5573 1071 5622 cxxn,
1102 5559 1185 5615 l9.
1266 5561 1311 5592 7‘
1336 5558 1476 5616 Psal.
1518 5576 1700 5627 xxxvr,
1730 5561 1820 5616 55.
1901 5563 1963 5594 ⁷⁴⁶
1991 5561 2094 5618 lsa.
2128 5579 2274 5631 tum,
2314 5563 2398 5621 10.

659 5743 769 5814 (l5)
800 5741 1012 5814 Olymp.
1055 5746 1134 5808 είς
1162 5745 1365 5814 τάφους
1400 5744 1768 5812 εἰσαχθέντας.

657 5812 770 5885 (14)
800 5812 879 5869 At
898 5813 1039 5870 LXX
1069 5812 1308 5872 referunt
1355 5816 1421 5870 ad
1470 5815 1752 5885 superiora
1803 5816 1893 5868 καὶ
1935 5816 1997 5870 ἐκ
2049 5816 2144 5870 τοῦ

2263 5748 2438 5816 ἁγίου,
2466 5756 2517 5803 et
2542 5748 2747 5806 addunt
2783 5749 2873 5803 καὶ
2906 5750 3278 5823 ἐπορεύθησαν
3313 5752 3540 5810 mh...
