4114 6514
287 414 424 478 1653

1326 427 1411 489 ΙΝ
1448 430 2023 498 ECCLESIASTEN.
2066 467 2132 475 —
2171 443 2318 504 LIB.
2356 446 2483 505 VII.

3384 455 3522 523 1054
3585 406 3589 410 λ

1854 541 1992 596 XIV.

354 619 481 669 Ἦτι
507 617 619 669 οὐκ
670 616 804 671 ἔστι
839 619 1119 688 γινομένη
1175 621 1529 694 ἀντίρῤησις
1574 630 1692 684 ἀπὸ
1732 540 1852 685 τῶὶ

1954 544 1992 596 ί.

2022 638 2179 695 Vers.
2213 641 2299 695 Η.
2340 644 2478 708 Quia
2511 662 2615 700 non
2643 656 2718 701 est
2756 650 2911 717 facta
2954 658 3307 713 contradictio
3341 663 3405 713 de
3434 663 3521 731 fa-

276 708 615 761 ποιούντων
641 709 707 761 τὸ
754 711 1043 777 πονηρὸν,
1072 714 1225 782 ταχὺ
1259 715 1356 769 διὰ
1383 718 1559 773 τοῦτο
1591 721 1849 792 ἐπληρο-

275 800 512 871 pomo"
553 801 767 869 καρδία
827 802 975 856 υἱῶν
1036 805 1143 859 τοῦ
1183 806 1496 875 ἀνθρώπου
1546 794 1616 865 ἐν
1648 816 1851 881 αὐτοῖς

276 890 388 944 τοῦ
418 890 668 957 ποιῆσαι
692 892 756 945 τὸ
780 894 1073 962 πονηρὸν,
1106 895 1259 951 ὅσον
1286 899 1551 970 ἥμαρτεν
1571 904 1688 958 ἀπὸ
1720 908 1851 960 τότε

277 983 379 1037 καὶ
412 984 534 1037 ἀπὸ
551 986 926 1053 μακρότητος
950 986 1168 1043 αὐτῶν.

350 1075 489 1144 Φησὶ
518 1076 700 1129 τοίνυν
726 1093 741 1108 ·
775 1076 966 1141 Οὐδείς
992 1080 1140 1132 ἐστιν
1176 1081 1204 1133 ὁ
1231 1083 1359 1146 τοὺς
1391 1082 1609 1149 ἀσεϐεῖς
1635 1086 1850 1159 ἐξελέγ-

276 1183 415 1235 χων.
447 1166 545 1220 καὶ
572 1166 683 1220 τῶν
703 1167 1071 1238 ἀσεϐημάτων
1117 1171 1315 1235 αὐτοὺς
1351 1175 1448 1227 καὶ
1493 1193 1851 1250 κακοπραγη-

279 1258 469 1327 μάτων
501 1257 866 1326 ἀναστέλλων,
896 1262 990 1313 καὶ
1015 1261 1192 1325 διδοὺς
1218 1263 1428 1319 παῦλαν
1477 1267 1566 1321 διὰ
1610 1269 1719 1322 τῶν
1756 1273 1852 1324 ἀν-

212 1348 215 1349 ⁷
274 1352 589 1420 τιρῤήσεων
640 1350 736 1403 καὶ
785 1352 1026 1421 συνεχῶν
1065 1353 1407 1425 είσηγήσεων
1443 1361 1567 1421 ταῖς
1593 1377 1852 1433 προαιρε-

273 1444 461 1504 τικαῖς
519 1441 699 1495 αὐτῶν
755 1441 973 1511 ὁρμαῖς,
1021 1448 1157 1515 ταῖς
1195 1446 1332 1516 πρὸς
1362 1447 1423 1500 τὸ
1448 1447 1644 1517 ψεῦδος
1672 1453 1852 1505 καὶτὸ

276 1533 489 1602 φαῦλον
531 1534 625 1586 καὶ
676 1533 912 1603 πονηρόν
936 1550 949 1563 ·
984 1535 1106 1589 ἀλλ’
1137 1536 1307 1601 ἀδεῶς
1368 1540 1463 1592 καὶ
1504 1543 1645 1611 μετά
1672 1545 1851 1615 πάσης

278 1624 563 1696 εὐχερείας
614 1624 853 1695 δρῶντες
904 1626 973 1679 τὰ
1020 1630 1258 1701 πονηρὰ,
1297 1631 1385 1685 διά
1414 1633 1475 1687 τὸ
1538 1638 1851 1706 μηδαμόθεν

278 1718 668 1791 ἐμποδίζεσθαι
725 1719 786 1774 τὸ
837 1721 1136 1792 παράπαν,
1166 1725 1417 1779 ἐντεῦθεν
1464 1730 1559 1782 καὶ
1622 1731 1850 1796 πολλοὺς

279 1813 487 1876 ἄλλους
512 1812 879 1882 λαμϐάνουσιν
912 1815 1145 1879 ὀπαδοὺς
1175 1818 1268 1869 καὶ
1304 1821 1548 1889 μιμητὰς
1598 1824 1694 1876 καὶ
1730 1842 1852 1878 συν-

278 1905 523 1973 εργάτας
573 1903 671 1974 τῆς
720 1904 942 1957 ἐκείνων
990 1906 1212 1970 κακίας.
1254 1907 1343 1979 Τῷ
1372 1910 1482 1980 γὰρ
1509 1914 1850 1986 ἀνεξελέκτῳ

273 1996 382 2065 τῆς
405 1995 625 2049 ἐκείνων
659 1995 915 2060 ἀσεϐείας
963 1999 1061 2051 καὶ
1100 2004 1568 2072 πονηροπραξίας,
1604 2008 1698 2059 καὶ
1741 2008 1849 2061 τῶν

273 2082 485 2135 λοιπῶν
505 2082 807 2155 ἀνθρώπων
840 2085 868 2136 ὁ
898 2086 1065 2154 ἐσμὸς
1114 2085 1407 2156 βεϐαίωσιν
1438 2094 1531 2145 καὶ
1576 2095 1849 2165 πληροφοο

277 2176 405 2247 ρίαν
457 2176 766 2247 δεχόμενος,
800 2178 876 2241 ὼς
916 2178 1017 2231 οὐκ
1049 2179 1227 2232 ἄτοπα
1277 2183 1611 2251 πράττουσι,
1644 2188 1738 2239 καὶ
1760 2188 1850 2242 διά

273 2267 441 2321 τοῦτο
468 2268 913 2338 κατευημεροῦσι
940 2269 1051 2322 τῶν
1075 2270 1273 2334 ἄλλων,
1296 2272 1450 2342 ζηλοῖ
1474 2276 1535 2327 τὸ
1556 2278 1727 2331 κακὸν
1755 2281 1849 2333 καὶ

278 2360 693 2431 κατερεθίζεται
727 2360 860 2431 πρὸς
902 2361 1001 2431 τὴν
1063 2361 1184 2431 ἴσην
1218 2364 1313 2415 καὶ
1360 2365 1460 2436 τὴν
1513 2368 1682 2439 αὐτὴν
1714 2387 1849 2438 φαυ..

279 2453 480 2525 λὸτητα
508 2452 605 2506 καὶ
636 2452 923 2524 πονηρίαν,
955 2454 1051 2506 καὶ
1103 2454 1402 2510 διατίθεται
1463 2459 1608 2513 κατά
1650 2462 1721 2515 τά
1750 2464 1848 2516 αὑ·-

274 2552 348 2605 τά
403 2551 500 2603 καὶ
552 2548 812 2612 ὡσαύτως
864 2549 1095 2613 ἐκείνοις
1154 2551 1248 2603 καὶ
1294 2552 1526 2623 πράττει
1568 2554 1629 2608 τὸ
1680 2574 1848 2630 πονη-

280 2644 399 2697 adv.

352 2731 526 2787 Τοῦτο
554 2730 663 2803 γὰρ
692 2731 966 2800 ἐσήμανεν
1006 2728 1201 2785 εἰπών’
1233 2748 1252 2782 ι
1288 2730 1386 2785 Διά
1429 2733 1588 2788 τοῦτο
1614 2736 1850 2807 ἐπληρο-

277 2825 496 2896 φορὴθη
546 2823 741 2893 καρδία
799 2820 930 2873 υἱῶν
988 2822 1083 2873 τοῦ
1137 2821 1427 2893 ἀνθρώπου
1455 2826 1513 2880 ἐν
1543 2827 1725 2893 αὐτοῖς
1752 2830 1848 2885 τοῦ

277 2916 509 2986 ποιῆσαι
536 2913 599 2967 τὸ
626 2912 884 2983 πονηρόν.
925 2931 943 2964 ι
978 2908 1113 2965 Εἶτα
1140 2912 1357 2976 δεικνὺς
1380 2916 1431 2971 τι
1459 2918 1575 2971 ἐστι
1592 2919 1653 2972 τὸ
1679 2937 1850 2991 πονη-

280 3006 399 3077 ρὸν,
456 3003 749 3074 ἀναμέσως
826 3005 1143 3073 ἐπήγαγενο
1191 3023 1210 3057 ι
1251 3006 1415 3060 Ὅσον
1477 3008 1691 3080 ἥμαρτε
1755 3013 1847 3066 τοῦ

278 3097 512 3167 ποιῆσαι
550 3096 612 3149 τὸ
647 3095 885 3166 πονηρὸν
919 3095 1029 3148 ἀπὸ
1056 3095 1178 3149 τότε
1216 3098 1312 3149 καὶ
1348 3098 1458 3151 ἀπὸ
1509 3102 1850 3173 μακρότητος

278 3186 484 3242 αὐτῶν.
525 3205 543 3237 ι
590 3186 654 3238 Ἡ
680 3185 787 3255 γὰρ
816 3202 834 3235 ι
873 3184 1122 3257 ἁμαρτία
1153 3204 1172 3237 ι
1226 3190 1571 3258 περιεκτικόν
1607 3194 1725 3246 ἐστι
1754 3195 1850 3248 καί⁸

283 3277 574 3333 καθολικδν
627 3276 799 3347 ὄνομα
850 3277 1135 3348 προδήλως
1189 3276 1285 3332 καί
1321 3281 1572 3348 γενικδν,
1609 3285 1703 3337 καὶ
1745 3288 1849 3339 κᾶν

1954 730 2209 785 cientibus
2244 736 2464 797 malum,
2498 738 2600 790 cito
2626 753 2904 808 propterea
2950 746 3201 813 repletum
3232 761 3307 804 est
3339 730 3522 820 corr/i-

1953 820 2146 873 liorum
2190 822 2418 878 hominis
2464 829 2517 880 in
2548 831 2643 894 eis,
2677 841 2733 883 ut
2783 834 2978 900 faceret
3038 839 3233 892 malum
3264 856 3522 911 quantum

1950 914 2184 981 peccavit
2209 929 2273 967 ea:
2304 923 2427 970 tunc
2459 928 2506 971 et
2532 934 2596 972 ea:
2644 919 2971 992 longitudine
2998 944 3179 983 eorum
3206 931 3340 1004 (l5).

2022 1090 2111 1145 Ait
2139 1092 2334 1162 igitur:
2358 1092 2529 1149 Nemo
2567 1105 2667 1161 est,
2691 1099 2783 1167 qui
2815 1100 3012 1171 impios
3040 1107 3415 1177 reprehendat,
3440 1122 3521 1167 at-

1953 1198 2060 1252 que
2092 1184 2421 1254 impietatem
2449 1202 2636 1242 eorum
2668 1199 2723 1243 et
2755 1194 2958 1249 scelera
2999 1196 3275 1255 inhibeat:
3307 1218 3407 1257 nec
3429 1206 3520 1274 qui

1953 1276 2477 1332 contradictionibus
2538 1293 2602 1333 ac
2637 1282 2864 1336 monitis
2896 1286 3134 1342 assiduis
3174 1305 3382 1345 moram
3421 1295 3521 1347 ali-

1951 1381 2117 1433 quam
2153 1365 2341 1421 alferat
2394 1368 2700 1425 voluntarie
2735 1371 2787 1425 in
2850 1389 3091 1430 errorem
3154 1384 3442 1437 ruentibus
3469 1395 3521 1438 et

1951 1457 2209 1525 flagitium
2264 1467 2320 1513 et
2360 1475 2523 1515 omne
2567 1462 2741 1528 nefas,
2784 1474 2841 1519 ut
2880 1467 3145 1537 intrepide
3181 1482 3347 1541 atque
3372 1476 3519 1529 omni

1954 1547 2214 1603 facilitate
2244 1549 2455 1605 facinus
2482 1556 2764 1621 quodlibet
2790 1560 3175 1628 suspicientes,
3216 1579 3337 1616 cum
3370 1567 3517 1619 nulla

1950 1655 2014 1693 ex
2047 1651 2195 1709 parte
2222 1643 2668 1711 impedimentum
2716 1648 3006 1713 inferatur,
3034 1652 3146 1722 jam
3173 1662 3227 1707 et
3252 1655 3386 1710 alios
3417 1658 3520 1711 sibi

1952 1732 2151 1807 multos
2178 1732 2420 1800 ejusdem
2455 1736 2679 1790 sceleris
2708 1738 2890 1793 socios
2923 1751 2978 1794 et
3011 1742 3315 1799 imitatores
3340 1755 3395 1798 et
3425 1748 3523 1800 ad-

1952 1823 2235 1877 ministros
2284 1825 2608 1895 adjungant.
2650 1827 2784 1881 Nam
2847 1846 2970 1884 cum
3018 1832 3236 1888 illorum
3271 1836 3522 1905 impietas

1954 1914 2385 1985 improbitasque
2423 1932 2452 1969 a
2482 1920 2906 1986 reprehensione
2949 1922 3210 1979 immunis
3238 1926 3330 1990 sit,
3365 1937 3523 1983 eicie-

1880 1993 1921 2047 Β
1956 2022 2138 2059 rorum
2183 2008 2463 2061 hominum
2491 2010 2648 2063 turba
2682 2013 2895 2067 animos
2927 2016 3117 2081 sumit,
3146 2017 3362 2086 sibique
3398 2034 3522 2087 per-

1955 2099 2147 2152 suadet
2200 2114 2308 2152 non
2341 2100 2477 2153 adeo
2512 2102 2746 2156 absurda
2802 2119 2923 2159 esse
2976 2122 3098 2174 quae
3124 2110 3326 2163 abillis
3362 2110 3519 2174 fiunt,

1953 2204 2126 2258 eaque
2154 2190 2220 2244 de
2269 2204 2434 2244 causa
2488 2191 2760 2247 feliciores
2782 2210 2903 2249 esse
2929 2212 3091 2265 quam
3125 2200 3215 2252 alii
3248 2201 3376 2255 sint.
3400 2200 3519 2255 ita-

1954 2295 2061 2348 que
2110 2282 2405 2350 nequitiam
2435 2298 2625 2337 eorum
2675 2287 2983 2350 aemulatur,
3010 2298 3064 2343 et
3095 2291 3160 2344 ad
3194 2307 3376 2360 parem
3416 2294 3523 2346 im-

1954 2372 2278 2441 probitatem
2339 2384 2392 2427 et
2442 2374 2643 2428 similia
2701 2378 2907 2433 scelera
2972 2384 3295 2446 contendit,
3328 2385 3520 2439 eodem

1954 2463 2134 2518 studio
2166 2469 2329 2531 atque
2362 2463 2552 2518 iisdem
2582 2464 2637 2518 in
2667 2464 2889 2537 ﬂagitiis
2911 2480 3175 2539 occupata
3202 2471 3340 2543 (l6).

2023 2713 2187 2798 κιο
2214 2726 2272 2781 Id
2302 2742 2449 2782 enim
2476 2726 2830 2798 significavit,
2854 2743 2979 2784 cum
3004 2729 3141 2785 dixit
3177 2747 3197 2781 ι
3229 2729 3523 2801 propterea

1954 2824 2218 2892 repletum
2250 2831 2335 2877 est
2366 2837 2463 2875 cor
2490 2822 2729 2876 ﬁliorum
2755 2823 2995 2878 hominis
3028 2825 3081 2877 in
3110 2824 3209 2888 eis,
3235 2831 3294 2877 ut
3322 2824 3526 2881 faceret

1955 2916 2181 2969 malum.
2212 2933 2231 2965 ι
2263 2912 2470 2968 Deinde
2503 2913 2821 2979 ostendens,
2847 2915 2976 2984 quid
3006 2916 3079 2970 sit
3114 2916 3340 2979 malum,
3369 2916 3523 2971 addi-

1954 3007 2036 3062 dit
2082 3005 2337 3076 protinus
2394 3022 2413 3056 ι
2466 3006 2740 3070 Quantum
2790 3006 3033 3075 peccavit
3072 3022 3138 3061 ex
3188 3015 3319 3061 tunc
3369 3015 3425 3061 et
3454 3022 3523 3062 ex

1954 3098 2294 3171 longitudine
2338 3113 2551 3164 eorum,
2577 3108 2639 3154 ut
2675 3099 2881 3154 faceret
2900 3099 3127 3154 malum.
3161 3098 3297 3169 (Π).
3328 3119 3347 3152 ι
3384 3097 3521 3154 Nam

1954 3200 2227 3260 peccatum
2277 3188 2570 3259 appellatio
2600 3198 2685 3243 est
2715 3188 2834 3245 sine
2864 3189 3030 3243 dubio
3075 3192 3247 3244 multa
3279 3190 3522 3260 comple-

1955 3292 2108 3337 ctens
2156 3288 2211 3336 et
2260 3280 2595 3335 universalis
2646 3280 3026 3350 generalisque
3083 3294 3147 3335 ac
3184 3281 3231 3336 si
3262 3282 3388 3351 quis
3420 3282 3521 3336 ho-

286 3368 612 3433 κακοδόξους
630 3345 760 3441 aliti;
795 3384 880 3431 τις
899 3345 1246 3440 ⁷ἀνθριιῖνιιους
1289 3345 1594 3444 ὑιιάρχειν,
1626 3375 1729 3430 κᾶν
1751 3377 1851 3448 ἆρ-

1956 3375 2130 3430 mines
2152 3388 2274 3429 esse
2294 3372 2491 3427 dixerit
2520 3388 2772 3442 perversa
2799 3374 3120 3439 sentientes,
3146 3382 3241 3427 aut
3269 3387 3518 3443 rapaces,

359 3524 472 3604 (ἰᾷ)
508 3525 573 3578 At
597 3522 739 3604 LXX
770 3523 1059 3604 habent..."
1093 3525 1464 3604 Τοῦ-ποιῆσαι
1488 3530 1553 3585 τὸ
1579 3535 1849 3604 Απονηρὸν.

286 3597 389 3675 ’ξος
415 3595 662 3664 ἥμαρτεν
693 3594 915 3675 ἐποίησε
944 3596 1004 3675 τὸ
1032 3594 1529 3675 πονηρὸν-ἀξιῶν...
1549 3594 1851 3675 Olympio-

279 3666 453 3746 dorus
508 3680 638 3719 vero
695 3664 843 3733 legit,
881 3664 991 3718 ἀπὸ
1030 3664 1187 3733 τότε)⁷
1209 3668 1304 3721 καὶ
1331 3669 1439 3724 ἀπὸ
1472 3664 1853 3744 νεότηέοςάὑ-

279 3753 380 3789 του
390 3776 402 3787 .

354 3804 468 3878 (l6)
507 3802 704 3878 Parum
740 3804 824 3858 his
851 3819 1152 3878 congruere
1171 3806 1449 3878 videntur,
1479 3826 1601 3878 qua:
1628 3812 1681 3867 in
1718 3812 1850 3869 Vul-

284 3877 426 3944 gratis
454 3875 723 3954 legimus;
760 3884 884 3954 sunt
913 3875 1057 3928 enim
1092 3877 1403 3954 hujusmodi
1430 3897 1443 3933 :
1470 3875 1683 3954 Etenim
1728 3887 1853 3954 quia

283 3962 390 4024 non
414 3946 832 4024 proferturhaito
873 3957 1058 4024 contra
1111 3947 1279 4000 malos
1329 3953 1609 4017 sententia,
1656 3946 1853 4024 absque

307 4020 476 4090 iniure
509 4015 618 4069 ullo
647 4015 748 4090 filii
771 4015 1043 4090 hominum
1077 4026 1381 4090 perpetrant
1418 4015 1601 4075 mata,
1642 4015 1854 4090 Quibus

282 4086 541 4208 propiora
592 4084 809 4153 scripsit
846 4083 1205 4155 SymmaChus
1231 4106 1244 4138 :
1273 4089 1371 4141 Διὰ
1407 4090 1516 4160 γάρ
1575 4083 1742 4165 τομὴ
1772 4094 1855 4162 γί-

283 4173 382 4210 νεσ
410 4156 605 4229 Δαιςτὴν
628 4156 899 4229 ἀπόφασιν
926 4170 946 4229 '_
978 4171 1104 4229 na_r_n
1154 4157 1435 4229 ἀπόφασις
1464 4176 1603 4229 saepe
1625 4174 1708 4218 εει
1734 4180 1854 4219 se“-

285 4226 457 4280 tentia
482 4224 718 4299 judieis;
752 4225 831 4299 sic
862 4224 1345 4299 enim__Hesyehius
1384 4224 1638 4299 explicat,
1692 4234 1849 4287 Ἀπό-

283 4313 454 4364 φασις
482 4293 495 4325 ί
530 4296 731 4367 κρίσις,
762 4293 963 4367 ψῆφος,
996 4293 1438 4367 δίκη.’(]αξῑει·υῐη
1457 4293 1470 4299 ’
1489 4293 1853 4358 decretorium

214 4378 219 4381 '
284 4368 428 4441 item
457 4370 680 4441 verbum
713 4365 1021 4441 habendum
1046 4365 1128 4420 est
1190 4367 1536 4441 ἀντίρρησις,
1592 4375 1738 4441 quod
1766 4376 1855 4429 hic

287 4434 435 4489 LXX
469 4435 1196 4510 interpretespraetulerunt1
1236 4434 1558 4510 Quanquam
1604 4434 1773 4510 eiiim,
1808 4446 1853 4498 si

285 4522 456 4559 usuin
514 4515 760 4574 spectes:
792 4504 1114 4575 ἀντίρρησις
1147 4505 1287 4559 idem
1318 4504 1429 4563 fere
1454 4521 1632 4575 sonat,
1673 4528 1737 4568 ac
1761 4504 1853 4567 ’νε-

284 4577 485 4646 futatio
515 4576 903 4646 accusationis;
933 4577 1002 4646 ab
1030 4575 1238 4644 origine
1265 4587 1470 4646 tamen
1512 4581 1855 4636 interdictum

284 4645 511 4734 «Mus
533 4645 1365 4734 sitinter;,ai'iivseasoss-r
1396 4648 1551 4734 fore.
1575 4653 1739 4734 etiam
1764 4656 1855 4734 it:-
1886 4678 1929 4734 υ

283 4712 393 4785 τρα
420 4712 505 4769 lea:
524 4712 608 4769 est
630 4716 743 4769 sive
766 4712 994 4767 edictuin
1023 4712 1108 4782 (V.
1141 4713 1385 4770 Mazoch.
1452 4717 1584 4775 Tab.
1630 4712 1849 4776 llenici.

286 4801 343 4856 p.
384 4786 567 4857 255):
606 4786 931 4857 etp'igmp,
995 4795 1054 4837 ut
1108 4785 1251 4857 apud
1308 4786 1531 4843 Suidam
1587 4791 1853 4857 invenies,

286 4801 343 4856 p.
384 4800 568 4872 ut)“,
606 4800 659 4839 et
711 4800 931 4904 omnip,
995 4800 1054 4837 ut
1108 4800 1251 4867 apud
1308 4800 1531 4843 uuluam
1587 4800 1853 4857 invenies,

285 4856 453 4934 ῤ-τὴν
474 4856 635 4934 ⁵ίδιαν
662 4855 851 4934 ἀποφα
873 4871 979 4934 νων
1021 4869 1247 4934 γνωμην
1277 4859 1516 4934 κριτήςᾉξ
1540 4869 1652 4915 tum
1692 4865 1856 4934 ῥητὸν

289 4924 563 5003 [lesycliio
605 4933 838 5003 _auc_tore
873 4924 933 4975 τὸ
966 4924 1436 5003 τεταγμένονεεί
1457 4930 1646 5003 ῥήσεις
1677 4924 1853 5003 νόμοι,

286 4994 559 5067 δόγματα,
590 4994 939 5067 ψηφίσματα,
978 5006 1033 5047 ιιι
1056 4995 1196 5046 idem
1227 4995 1409 5061 tradit,
1437 4994 1537 5053 nec
1565 4994 1672 5055 alio
1692 4994 1855 5057 sénsu

287 5063 413 5123 eam
459 5063 664 5143 vocem
697 5063 838 5143 axx
874 5065 1205 5143 interpretes
1243 5081 1854 5143 usurparepotucrunt,

288 5152 417 5190 cum
454 5137 679 5189 reddere
709 5134 893 5189 Graece
926 5134 1234 5197 debuerint,
1287 5134 1433 5205 quod
1495 5134 1731 5198 Hebrieis
1773 5134 1858 5198 est

286 5215 436 5265 D3115
465 5206 579 5261 sive
608 5206 863 5260 sententia
892 5212 985 5257 aut
1009 5205 1293 5258 decretum.

363 5279 433 5329 At
468 5274 846 5352 \ero_Nos_ter,
886 5289 1206 5352 quanquam
1232 5274 1298 5352 d_e
1318 5276 1523 5344 judicio
1558 5292 1651 5335 aut
1684 5284 1853 5335 inter-

290 5348 439 5421 dicto
475 5348 795 5421 nominatim
828 5359 936 5398 non
973 5346 1240 5421 meminit,
1261 5346 1501 5413 ipsorum
1525 5360 1703 5407 tamen
1738 5369 1857 5405 νειι-

292 5416 489 5493 borum
522 5416 844 5476 sententiam
892 5414 1031 5493 satis
1074 5414 1307 5493 retinet,
1341 5432 1463 5471 cum
1508 5421 1608 5476 hoc
1658 5422 1859 5493 signiﬁ.

290 5488 407 5541 cari
447 5488 660 5548 doceat,
697 5493 979 5555 propterea
1018 5482 1303 5537 hominum
1334 5500 1552 5554 peccata
1586 5482 1855 5554 crescere,

288 5558 441 5629 quod
459 5572 659 5629 omnes
689 5556 906 5629 sileant,
936 5563 1101 5629 atque
1138 5556 1663 5629 ad_e0_magistratus
1691 5563 1852 5616 etiam

289 5625 347 5680 et
372 5626 607 5695 judices,
645 5627 739 5697 qui
793 5626 1157 5697 potissimum_
1186 5626 1264 5697 de,
1285 5625 1656 5697 improborum
1676 5648 1854 5686 emen-

291 5692 521 5751 datione
566 5692 814 5751 laborare
870 5696 1087 5748 debent.
1120 5692 1568 5753 Grotius'tamen
1624 5703 1737 5757 haec
1788 5704 1859 5755 ita

292 5768 621 5841 accipiebat,
659 5768 803 5841 velut
832 5767 883 5841 si
907 5764 1367 5841 Ecclesiastesex
1397 5771 1653 5841 diuturna
1688 5774 1862 5841 impu-

294 5834 490 5904 nitate,
519 5855 683 5909 quam
708 5837 850 5893 Deus
873 5835 1145 5892 interdum
1191 5834 1516 5897 facinorosis
1548 5834 1863 5899 hominibus

1951 3526 2220 3591 concedit,
2257 3526 2371 3581 ﬁeri
2394 3526 2626 3596 doleret.
2654 3537 2711 3579 ut
2752 3523 3019 3581 malorum
3063 3543 3325 3583 numerus
3356 3542 3520 3596 auge-

1952 3608 2143 3653 retur:
2199 3612 2320 3666 qnaa
2357 3594 2600 3668 VLatinie
2655 3598 3131 3668 interpretationis
3190 3594 3517 3668 perpulchra

1952 3671 2086 3722 mihi
2118 3665 2406 3736 explicatio
2433 3682 2554 3720 esse
2584 3665 2816 3720 videtur.

2023 3735 2369 3805 Quodverba
2397 3737 2504 3788 τῶν
2529 3740 2583 3789 0'
2617 3738 2698 3790 sic
2723 3736 2982 3789 verterim
3017 3754 3031 3791 :
3070 3754 3089 3787 ι
3127 3735 3265 3803 Quia
3296 3754 3402 3792 non
3435 3748 3521 3793 est

1955 3808 2094 3864 facta
2128 3807 2519 3870 contradictio,
2558 3826 2576 3856 ι
2624 3822 2690 3859 ne
2736 3806 2973 3869 mirere;
3001 3808 3134 3861 satis
3165 3824 3345 3862 causa:
3375 3809 3516 3863 fuit:

1953 3894 2147 3947 nempe
2188 3878 2329 3946 apud
2374 3877 2593 3929 Latinos
2648 3874 2810 3927 etiam
2877 3879 3234 3947 contradicere
3302 3879 3518 3932 vetandi

1952 3946 2180 4002 verbium
2209 3948 2504 4017 aliquando
2529 3954 2631 4007 est,
2658 3956 2873 4017 arcum
2906 3946 2971 3997 de
3016 3950 3261 4014 Augusto
3300 3949 3519 4017 scripsi;

1956 4018 2251 4087 Suetonius
2303 4013 2383 4087 (in
2418 4016 2556 4087 Aug.
2588 4031 2637 4067 c.
2668 4014 2757 4083 56)
2785 4013 3173 4087 εβοηιιήαάὶαὲἱι
3234 4013 3426 4080 edicto,
3462 4026 3519 4072 et

1955 4104 2075 4143 cum
2130 4084 2325 4141 Livius
2380 4085 2444 4138 ad
2495 4086 2765 4151 postulata
2817 4084 3143 4139 Samnitium
3175 4087 3241 4140 de
3289 4096 3516 4141 senatus

1955 4159 2227 4214 sententia
2288 4170 2612 4223 responsum
2673 4156 2749 4207 ait
2814 4155 2933 4221 (lib.
2979 4170 3095 4219 viii,
3150 4170 3199 4209 c.
3244 4156 3341 4223 2):
3408 4155 3518 4208 Nec

1954 4226 2247 4281 contradici
2275 4268 2291 4295 ,
2339 4226 2500 4295 quin.
2523 4262 2537 4277 .
2560 4263 2575 4278 .
2595 4264 2610 4278 .
2641 4225 2881 4279 amicitia
2929 4225 2993 4277 de
3032 4227 3233 4295 integro
3280 4227 3516 4278 reconci-

1953 4298 2133 4353 tiatur.

2025 4368 2138 4439 (l7)
2164 4364 2525 4439 Hieronymus
2555 4364 2670 4439 haec
2698 4380 2729 4418 a
2761 4364 3039 4439 prioribus
3068 4363 3282 4439 dividit,
3311 4374 3365 4420 et
3392 4380 3515 4420 cum

1954 4435 2312 4507 sequentibus
2338 4435 2623 4503 conjungit
2651 4435 2762 4507 hoc
2788 4436 2987 4489 modo:
3027 4454 3045 4487 ι
3078 4435 3217 4501 Quia
3266 4444 3518 4505 peccator

1956 4504 2086 4562 facit
2109 4509 2313 4561 malum
2361 4510 2586 4569 centies,
2633 4515 2686 4558 et
2718 4504 2936 4574 elongat
2956 4506 3131 4571 ei;ex
3172 4504 3281 4562 hoc
3310 4521 3515 4575 cogno-

1955 4592 2049 4631 sco
2103 4592 2225 4647 ego,
2260 4575 2403 4647 quod
2431 4577 2539 4629 erit
2590 4578 2823 4647 honuni_
2846 4578 3160 4630 timentibus
3204 4576 3393 4640 Deum,
3422 4576 3517 4644 qui

1956 4644 2226 4701 timebunt
2280 4644 2314 4701 a
2368 4646 2505 4700 facie
2564 4644 2699 4713 ejus.
2735 4664 2752 4695 ι
2783 4644 2921 4699 Tum
2955 4648 3036 4701 sic
3076 4647 3346 4715 explicat:
3381 4662 3399 4695 ι
3438 4647 3516 4700 Ex

1953 4732 2041 4783 eo,
2076 4717 2220 4788 quod
2254 4717 2497 4788 pec_canti
2528 4717 2846 4784 plurimum,
2876 4717 2979 4770 hoc
3013 4718 3212 4785 quippe
3243 4715 3518 4785 significat

1953 4785 2166 4852 centies,
2195 4788 2288 4840 dat
2343 4785 2483 4841 Deus
2530 4789 2709 4840 locum
2758 4788 3106 4855 poenitentiae,
3143 4796 3195 4839 et
3244 4801 3350 4839 non
3391 4801 3518 4840 eum

1954 4860 2138 4913 statim
2176 4856 2331 4926 punit
2376 4859 2428 4910 in
2464 4857 2703 4919 scelere,
2731 4858 2829 4910 sed
2861 4865 3156 4924 exspectat,
3194 4865 3251 4908 ut
3276 4870 3521 4909 conver-

1956 4938 2100 4982 tatur
2134 4933 2202 4981 ab
2227 4927 2515 4995 iniquitate
2546 4941 2645 4980 sua
2672 4942 2684 4977 :
2716 4941 2816 4995 ego
2844 4926 3115 4994 intelligo,
3146 4940 3310 4995 quam
3362 4926 3517 4979 beni-

1956 5014 2095 5068 gnus
2123 5008 2176 5051 et
2215 4994 2525 5051 misericors
2566 5011 2726 5063 super
2756 5012 2849 5050 eos
2874 4997 3089 5049 futurus
3120 4996 3193 5068 sit
3222 4994 3380 5058 Deus,
3423 4995 3517 5063 qui

1959 5064 2124 5123 libent
2156 5068 2438 5120 tiamorem
2467 5068 2605 5135 ejus,
2632 5075 2685 5117 et
2713 5069 2779 5118 ad
2838 5068 3087 5135 vei-hum,
3122 5064 3269 5117 illius
3308 5073 3518 5116 contre-

1963 5141 2219 5193 miscunt.
2263 5155 2281 5186 ι
2316 5134 2742 5204 Μίιυιιιιιιιιοιιι,
2771 5136 2914 5204 quod
2954 5137 3003 5188 in
3051 5134 3274 5187 Hebraeo
3291 5143 3372 5187 est
3391 5145 3517 5193 niti:

1963 5210 2077 5262 sive
2113 5209 2325 5269 centies,
2360 5208 2409 5258 id
2460 5222 2489 5258 a
2518 5202 2870 5273 Septuaginta
2920 5205 3193 5257 redditum
3230 5204 3337 5255 ἀπὸ
3374 5205 3514 5267 τότε,

1960 5297 1989 5331 a
2024 5278 2349 5347 Symmacho
2380 5284 2667 5347 contrahet
2698 5277 2889 5344 Aquila
2921 5285 2971 5328 et
2998 5273 3369 5347 'fneodotione
3414 5275 3519 5325 ἁπ-

1962 5343 2174 5407 ἑοανεν.
2208 5362 2520 5416 quanquam
2581 5343 2946 5415 Hieronymus
2997 5356 3286 5411 utramque
3352 5345 3519 5416 inter-

1962 5414 2322 5488 pretationem
2374 5416 2639 5488 explicari
2684 5418 2763 5488 sic
2796 5414 2968 5483 posse
3002 5423 3208 5488 censet,
3241 5421 3300 5466 ut
3335 5414 3520 5488 hujus

1962 5484 2178 5557 quidem
2213 5488 2282 5540 sit
2309 5501 2501 5562 sensus
2546 5504 2564 5536 ι
2607 5484 3061 5562 Quipcccavitet
3096 5484 3463 5562 fecit-malum,
3492 5501 3512 5533 ι

1962 5555 2215 5612 mortuus
2245 5566 2366 5620 est;
2409 5574 2427 5607 ‹
2468 5558 2520 5609 in
2550 5572 2616 5609 eo
2650 5560 2794 5610 enim
2850 5558 2994 5623 quod
3028 5555 3291 5624 peccavit,
3334 5555 3518 5609 statim

1966 5639 2222 5681 mortuus
2243 5636 2361 5689 est;
2394 5644 2412 5676 ι
2450 5627 2595 5679 illius
2626 5642 2752 5679 vero
2788 5626 2874 5680 hic
2922 5625 3078 5689 alter,
3109 5643 3127 5675 ι
3165 5626 3319 5693 juxta
3352 5640 3518 5693 quos-

1964 5704 2129 5761 dam,
2170 5716 2186 5745 ι
2229 5707 2285 5750 ιιι
2336 5702 2448 5766 ipse
2508 5698 2602 5758 ait,
2643 5711 2748 5749 non
2808 5713 2873 5750 ex
2926 5696 3097 5765 ipsius
3139 5698 3430 5755 sententia,
3466 5695 3518 5748 id

1967 5779 2045 5822 est
2076 5788 2093 5818 ι
2134 5768 2392 5821 l’eccator
2422 5783 2529 5821 non
2587 5777 2717 5820 tunc
2786 5768 3020 5835 primum
3060 5775 3263 5835 peccat,
3298 5767 3517 5834 quando

1970 5839 2378 5896 videturiacere
2425 5847 2704 5908 peccatum
2732 5840 2854 5904 ,sed
2896 5838 3007 5909 jam
3025 5846 3154 5893 ante
3196 5838 3457 5906 peccavit.
3495 5852 3515 5890 ι
