4114 6530
603 404 743 465 1055

1698 402 1761 465 S.
1820 401 2199 463 GREGORII
2245 403 2759 464 AGRIGENTINI

3729 401 3868 465 1056

601 519 698 565 aut
737 524 959 575 avaros,
993 519 1089 563 aut
1117 509 1393 565 delatores
1446 508 1720 579 malignos
1773 518 1940 579 atque
1974 509 2183 565 calom-

2298 527 2473 579 παγας
2496 511 2594 565 καὶ
2626 511 2986 576 πλεονέκτας.
3040 513 3147 567 κᾶν
3196 512 3468 583 πονηροὺς
3520 512 3866 581 συκοφάντας

601 603 846 657 uiatores
872 640 886 664 ,
914 608 1008 653 aut
1062 610 1398 657 scortatores
1432 610 1486 655 et
1535 601 1864 671 impudicos,
1902 599 1956 654 hi
1988 614 2181 655 omnes

601 692 812 763 peccati
846 690 1067 745 nomine
1101 701 1363 760 tanquam
1390 690 1605 761 generis
1645 688 2011 759 appellatione
2031 703 2183 743 com-

601 782 1043 855 prehenduntur.
1102 784 1171 838 At
1242 792 1300 837 ut
1345 783 1657 838 ostenderet
1705 782 1983 837 diversum
2046 794 2184 835 esse

601 884 965 944 utrorumque
990 874 1223 939 exitum,
1258 873 1423 928 alium
1454 889 1650 943 nempe
1695 888 1913 939 eorum,
1943 870 2037 943 qui
2070 870 2184 941 pie-

601 978 767 1023 tatem
798 977 1004 1031 amant,
1042 978 1097 1023 et
1146 978 1349 1023 rectam
1398 968 1707 1022 doctrinam
1749 967 2008 1027 retinent,
2034 978 2099 1017 ac
2133 962 2187 1015 in

602 1073 751 1117 recte
769 1061 929 1116 factis
955 1062 1228 1116 sinceram
1250 1062 1684 1131 prudentemque
1701 1074 1925 1129 operam
1947 1066 2187 1127 ponunt;

602 1153 771 1207 alium
805 1168 935 1209 vero
966 1169 1181 1217 eorum,
1234 1155 1328 1223 qui
1373 1152 1650 1208 contraria
1688 1151 1773 1206 his
1804 1159 1859 1205 et
1884 1152 2193 1220 prazoptaut

602 1255 658 1302 et
688 1246 900 1302 faciunt
960 1246 1083 1302 ideo
1105 1246 1315 1303 addidit
1345 1246 1598 1316 protinus
1620 1262 1633 1273 '

2288 602 2384 653 καὶ
2428 600 2733 665 διαϐόλους,
2764 600 2874 656 κᾶν
2924 602 3160 673 πόρνους
3197 603 3293 655 καὶ
3323 600 3606 673 βεϐήλους,
3629 601 3735 653 ὑπὸ
3766 601 3867 671 τὴν

2286 691 2567 763 ἁμαρτίαν
2629 693 2830 757 πάντες
2888 694 2965 757 ώς
2993 693 3101 748 ὑπὸ
3125 694 3281 763 γένος
3332 694 3463 747 ῐδιον
3520 691 3868 762 εὑρίσκονται

2286 783 2571 848 τελοῦντες
2591 800 2605 814 ⁸
2635 786 2772 840 ἀλλὰ
2796 786 3014 850 δεικνὺς
3038 787 3099 841 τὸ
3119 786 3375 858 διάφορον
3402 785 3559 848 τέλος
3593 784 3706 838 τῶν
3737 786 3868 838 ἑκα-

2288 875 2485 944 τέρων,
2519 876 2764 948 δηλονότι
2809 878 2920 932 τῶν
2980 878 3079 949 τῆς
3133 878 3422 942 εύσεϐείας
3473 869 3746 949 ἐραστῶν,
3774 878 3873 930 καὶ

2290 970 2627 1041 συνιστόρων
2680 970 2791 1025 τῶν
2843 970 3142 1041 όρθοδόξων
3212 970 3502 1040 δογμάτων
3526 1008 3543 1033 ,
3595 970 3693 1023 καὶ
3761 970 3873 1022 τῶν

2289 1059 2598 1114 σπουδαίων
2629 1061 2886 1133 πράξεων
2919 1060 3324 1132 ἀκαπηλεύτων
3364 1062 3457 1115 καὶ
3495 1060 3735 1115 συνετῶν
3777 1062 3874 1132 ἑρ-

2289 1148 2495 1217 γατῶν,
2530 1151 2627 1205 καὶ
2670 1152 2855 1222 μέντοι
2912 1153 3022 1207 τῶν
3049 1152 3312 1206 τάναντία
3337 1151 3549 1216 τούτοις
3572 1168 3873 1223 προαιρου-
3974 1170 3984 1179 ’

2294 1241 2476 1312 μένων
2514 1244 2610 1297 καὶ
2640 1243 2918 1316 δρώντων,
2950 1245 3176 1316 ἀμέσως
3224 1246 3506 1317 ἐπήγαγεν
3532 1257 3547 1275 ⁸

2149 1351 2177 1423 §
2204 1350 2326 1411 xv.

675 1450 833 1519 211
861 1450 1018 1505 Vers.
1054 1450 1141 1515 ιε,
1177 1452 1265 1507 15.
1302 1452 1484 1516 Quare
1512 1459 1561 1505 et
1611 1465 1866 1520 cognosco
1920 1462 2034 1517 ego,
2065 1446 2191 1515 quia

604 1543 705 1596 erit
731 1544 919 1595 bonum
940 1543 1245 1597 timentibus
1276 1543 1469 1606 Deum,
1494 1553 1551 1597 ut
1577 1545 1793 1596 timeant
1819 1559 1852 1594 a
1874 1542 2012 1611 facie
2036 1540 2190 1607 ejus;

604 1642 654 1687 ct
682 1634 874 1687 bonum
904 1650 1007 1688 non
1029 1636 1133 1688 erit
1173 1637 1357 1703 impio,
1394 1648 1440 1689 et
1483 1652 1585 1688 non
1629 1634 1963 1703 prolongabit
2000 1632 2111 1686 dies
2132 1632 2188 1684 in

606 1724 817 1790 umbra,
849 1726 939 1795 qui
960 1742 1063 1780 non
1094 1736 1169 1781 est
1200 1730 1385 1781 timens
1416 1745 1449 1781 a
1475 1728 1613 1797 facie
1640 1727 1738 1781 Dei
1768 1726 1905 1797 (18).

679 1902 963 1973 Tanquam
998 1905 1042 1960 si
1076 1905 1303 1973 diceret,
1340 1907 1683 1977 exploratum
1710 1908 1963 1978 equidem
1993 1906 2189 1973 habeo,

606 2008 661 2051 et
696 1997 1046 2053 verissimum
1067 2015 1189 2055 esse
1223 2002 1359 2066 scio,
1392 2003 1484 2069 qui
1514 2000 1607 2055 Dei
1632 2003 1886 2055 timorem
1940 2003 1991 2056 in
2017 2001 2194 2056 oculis

609 2087 809 2155 ferant,
841 2106 1077 2163 eumque
1134 2094 1242 2149 illis
1282 2094 1463 2149 verbis
1498 2096 1878 2165 alloquantur:
1914 2113 1935 2147 ι
1969 2095 2194 2167 Conﬁge

611 2184 809 2238 timore
848 2193 941 2240 tuo
961 2201 1155 2242 carnes
1180 2203 1331 2242 meas
1360 2188 1472 2257 (19)
1509 2206 1527 2239 ι
1567 2203 1635 2243 ne
1680 2204 1921 2259 unquam
1950 2204 1982 2244 a
2021 2189 2195 2243 virtu-

613 2277 685 2329 tis
731 2275 979 2329 excidam
1022 2277 1550 2349 dignitate;quippe
1604 2280 1969 2335 orthodoxam
2032 2280 2191 2335 ﬁdem

612 2364 825 2435 puriter
861 2376 1107 2429 servant,
1140 2384 1239 2422 nec
1272 2370 1456 2425 minus
1485 2370 1551 2424 ad
1587 2370 1817 2441 justitia:
1848 2372 2090 2427 rationes
2112 2372 2194 2426 vi-

612 2466 723 2512 tam
748 2474 905 2513 suam
959 2470 1177 2530 regunt,
1209 2462 1467 2531 praeclara
1505 2462 1591 2518 his
1627 2464 1845 2531 praemia
1881 2464 2193 2533 justissima

612 2545 709 2602 Dei
744 2549 957 2619 judicio
981 2550 1167 2605 datum
1198 2551 1285 2616 iri,
1324 2551 1375 2605 id
1406 2560 1492 2606 est
1525 2553 1757 2623 gloriam
1789 2554 1962 2623 ipsam
1984 2562 2038 2610 et
2068 2556 2195 2609 bea-

614 2636 824 2691 titatem
863 2637 1183 2707 angelorum
1220 2638 1529 2692 caelestium
1560 2654 1626 2693 ac
1669 2640 1998 2709 spiritalium
2049 2643 2197 2696 ordi-

616 2743 744 2783 num
771 2738 934 2799 atque
967 2730 1280 2785 cohortium
1314 2731 1482 2785 divini
1512 2730 1659 2785 Solis
1692 2732 2040 2802 splendorem
2073 2748 2197 2803 per-

615 2830 782 2892 petuo
807 2824 1322 2893 contemplantium,
1358 2834 1415 2880 et
1446 2824 1720 2880 ineﬂ‘abile
1761 2826 1887 2881 inde
1933 2829 2191 2898 gaudium

616 2915 973 2986 divinamque
1044 2916 1448 2986 iucunditatem
1516 2918 2004 2977 haurientium:at
2063 2936 2194 2977 vero

619 3006 819 3078 impios
863 3016 919 3063 et
973 3008 1278 3079 ﬂagitiosos
1310 3026 1376 3066 ac
1433 3011 1748 3066 divinorum
1804 3014 2190 3069 mandatorum

2368 1447 2499 1503 Ὀτι
2528 1450 2631 1506 καί
2649 1466 2717 1519 τε
2744 1449 3014 1519 γινώσκω
3034 1448 3170 1519 ἐγὼ,
3197 1448 3287 1503 ὅτι
3303 1448 3477 1502 ἔσται
3502 1447 3734 1516 ἀγαθόν
3750 1444 3870 1510 τοῖς

2290 1538 2687 1608 φοϐουμένοις
2714 1539 2824 1593 τὸν
2855 1541 3025 1603 Θεὸν,
3052 1539 3212 1607 ὅπως
3232 1536 3667 1608 φοϐῶνταιάπὸ
3687 1550 3870 1602 προσ-

2288 1626 2455 1682 ώπου
2509 1628 2732 1683 αὑτοῦ·
2759 1629 2862 1682 καὶ
2912 1630 3139 1696 ἀγαθὸν
3181 1631 3294 1683 οὐκ
3331 1628 3503 1681 ἐσται
3541 1627 3623 1691 τῷ
3647 1624 3871 1690 ἀσεϐεῖ,

2220 1752 2265 1808 Β
2290 1720 2389 1773 καὶ
2418 1721 2491 1774 οὐ
2520 1720 2821 1789 μακρυνεῖ
2841 1721 3067 1790 ἡμέρας
3094 1721 3163 1774 ἐν
3186 1719 3353 1788 σκιᾷ,
3380 1720 3448 1785 ὃς
3475 1721 3587 1774 οὐκ
3608 1718 3744 1773 ἐστι
3771 1734 3875 1787 ερο-

2297 1814 2587 1882 6οὐμενος
2607 1813 2729 1868 ἀπὸ
2755 1812 3085 1883 προσώπου
3114 1813 3222 1867 τοῦ
3251 1812 3421 1867 Θεοῦ.

2366 1907 2669 1977 Μονονουχὶ
2704 1907 2815 1976 γάρ
2867 1922 3031 1976 φησιο
3061 1906 3567 1978 Πεπληροφόρημαι
3609 1902 3756 1972 ἐγὼ,
3781 1902 3876 1956 καὶ

2297 1999 2478 2053 πᾶσαν
2538 1999 2918 2069 ἀληθεστάτην
2975 1998 3086 2068 ἔχω
3125 1998 3418 2069 βεϐαίωσιν
3441 2035 3457 2061 ,
3515 1997 3591 2059 ώς
3630 1998 3746 2058 τοῖς
3781 1995 3877 2064 μὲν

2297 2090 2482 2161 ἔχουσι
2511 2091 2603 2145 τὸν
2630 2092 2796 2161 φόϐον
2824 2092 2918 2145 τοῦ
2952 2092 3089 2145 Θεοῦ
3124 2092 3232 2164 πρὸ
3277 2090 3386 2144 τῶν
3419 2088 3720 2159 ὀφθαλμῶν
3741 2128 3756 2149 ,
3785 2088 3878 2140 καὶ⁵

2296 2182 2515 2251 λέγουσι
2547 2184 2684 2255 πρὸς
2720 2186 2905 2251 αὐτὸν,
2948 2205 2966 2238 ι
3005 2182 3344 2256 Καθήλωσον
3388 2183 3498 2235 άπὸ
3553 2180 3653 2234 τού
3712 2179 3877 2248 φόϐου

2298 2290 2394 2325 σου
2424 2273 2524 2336 τὰς
2555 2273 2769 2344 σάρκας
2794 2290 2897 2345 μου
2937 2293 2957 2326 ›
2995 2274 3132 2346 πρὸς
3168 2271 3536 2352 τὸςμηδαμῶς
3562 2270 3875 2340 παρακινεῖ-

2297 2364 2423 2417 σθαι
2456 2365 2556 2435 τῆς
2585 2365 2909 2436 πρεπούσης
2942 2366 3039 2419 καὶ
3060 2366 3183 2419 κατ’
3208 2366 3412 2435 ἀρετὴν
3458 2362 3875 2423 καταστάσεως,

2296 2459 2391 2512 καὶ
2421 2458 2750 2529 κατορθοῦσι
2781 2458 2875 2512 καὶ
2902 2458 3002 2530 τὴν
3031 2457 3311 2530 όρθόδοξον
3328 2456 3511 2510 πίστιν
3542 2451 3876 2524 εἰλικρινῶς,

2297 2550 2393 2603 καὶ
2429 2548 2617 2619 μέντοι
2653 2550 2751 2603 καὶ
2778 2553 2876 2620 τῆς
2904 2550 3261 2619 δικαιοσύνης
3298 2548 3389 2601 τὸν
3417 2548 3578 2616 λόγον
3610 2545 3760 2599 κατὰ
3792 2545 3877 2597 τὸν

2300 2642 2431 2695 ῐδιον
2468 2642 2603 2713 βίον,
2633 2642 2992 2713 ἀνταμείψεις
3017 2642 3223 2710 ἀγαθαὶ
3247 2641 3569 2711 δοθήσονται
3593 2639 3750 2710 παρὰ
3781 2636 3880 2706 τῆς

2294 2735 2391 2790 τοῦ
2423 2736 2559 2789 Θεοῦ
2593 2736 2995 2807 δικαιοκρισίας
3019 2752 3033 2765 ⁶
3065 2736 3234 2806 ήγουν
3269 2736 3303 2804 ή
3332 2733 3462 2800 δόξα
3484 2732 3580 2785 καὶ
3615 2730 3882 2801 μακαριό-

2295 2846 2398 2899 της
2421 2829 2530 2882 τῶν
2560 2829 2977 2900 ύπερουρανίων
3005 2827 3255 2896 ἀγγέλων
3295 2827 3390 2880 καὶ¹
3438 2823 3644 2895 νοερῶν
3692 2820 3882 2875 διακό-

2297 2937 2456 2991 σμων
2485 2922 2580 2974 καὶ
2634 2919 2860 2984 τάξεων,
2889 2919 3001 2973 τῶν
3030 2922 3151 2981 ταῖς
3207 2918 3427 2985 αῑγλαις
3469 2914 3568 2969 τοῦ
3594 2914 3751 2985 ἡλίου
3781 2915 3881 2983 τῆς

2297 3013 2455 3084 δόξης
2511 3012 3016 3083 καταυγαζομένων
3067 3013 3175 3075 ἀεὶ,
3210 3012 3305 3065 καὶ
3344 3010 3446 3081 τῆς
3494 3008 3707 3063 ἐκεῖθεν
3740 3005 3883 3075 πλη-

616 3112 1022 3173 contemptores
1048 3105 1184 3159 nihil
1210 3106 1439 3160 omnino
1483 3106 1552 3160 de
1597 3106 1691 3161 illo
1716 3110 2068 3177 praemiorum
2103 3126 2194 3181 ge-

2300 3122 2395 3176 ρου
2406 3104 2584 3176 μένων
2610 3104 2853 3176 ὰρρήτου
2894 3104 2990 3158 καὶ
3019 3101 3171 3166 θείας
3196 3101 3577 3172 ἀγαλλιάσεως
3628 3099 3723 3151 καὶ
3754 3112 3884 3167 τερ-

616 3210 748 3251 uere
798 3196 1157 3262 delibaturos,
1186 3198 1493 3268 animaeque
1542 3197 1765 3255 facienti
1796 3202 1999 3256 malum
2033 3217 2195 3273 para-

617 3297 700 3341 tas
726 3302 847 3342 esse
896 3304 1173 3345 aerumnas
1217 3300 1271 3346 et
1294 3290 1580 3360 angustias
1609 3302 1664 3347 et
1702 3293 1838 3347 iram
1870 3304 1923 3349 et
1953 3295 2198 3367 indigna-

616 3377 819 3433 tionem
856 3380 919 3433 ".

692 3643 748 3700 Id
780 3655 959 3702 autem
1013 3658 1069 3704 et
1112 3650 1282 3707 David
1334 3654 1596 3725 propheta
1628 3656 1935 3723 conﬁrmat,
1957 3658 2046 3712 ubi
2079 3660 2194 3715 ait:

624 3734 804 3791 Semel
848 3738 1065 3795 locutus
1095 3753 1180 3798 est
1209 3743 1376 3806 Deus,
1406 3745 1515 3799 duo
1547 3744 1662 3800 hanc
1694 3745 1901 3812 audivi,
1934 3748 2060 3817 quia
2094 3765 2196 3821 po-

622 3839 789 3886 testas
813 3841 898 3887 est
927 3832 1041 3897 Dei,
1063 3844 1115 3889 et
1143 3836 1243 3897 tui.
1268 3836 1519 3904 Domine,
1540 3837 1917 3895 misericordia
1941 3860 1953 3895 :
1976 3843 2106 3913 quia
2143 3854 2195 3899 tu

621 3925 817 3982 reddes
844 3928 1142 3998 unicuique
1176 3930 1333 4000 juxta
1364 3947 1529 4002 opera
1558 3948 1659 3987 sua
1690 3934 1755 3989 ⁷⁸.
1788 3953 1805 3986 ι
1843 3933 1900 3989 Id
1928 3952 2058 4007 vero
2084 3954 2201 3993 ma-

622 4020 703 4089 gis
726 4022 887 4075 etiam
934 4023 1228 4079 exhibetur
1290 4025 1345 4079 in
1399 4026 1597 4081 salutis
1653 4036 1853 4083 nostra:
1876 4028 2197 4101 Evangelio,

624 4112 717 4166 ubi
742 4113 988 4170 dicitur:
1032 4136 1048 4168 ι
1086 4117 1151 4171 Ει
1188 4127 1480 4188 resurgent
1532 4118 1627 4190 qui
1662 4120 1802 4174 bona
1854 4136 2084 4193 egerunt
2144 4124 2196 4178 in

622 4206 1088 4261 resurrectionem
1127 4210 1285 4272 Viue;
1323 4210 1418 4279 qui
1453 4226 1583 4265 vero
1647 4212 1789 4267 mala
1842 4212 2112 4280 fecerunt,
2144 4218 2197 4272 in

622 4298 1297 4369 resurrectionemjudicii
1328 4303 1466 4372 (20).
1500 4321 1518 4353 ι
1547 4304 1625 4358 Ac
1679 4306 1853 4360 multo
1899 4308 2052 4377 prius
2101 4310 2204 4364 Da-

624 4386 733 4440 niel
760 4389 1020 4456 propheta
1056 4390 1110 4443 in
1134 4391 1383 4447 eamdem
1421 4394 1579 4463 plane
1623 4398 1953 4452 sententiam
1982 4398 2201 4456 locutus

2304 3198 2603 3267 πνότητοςσ
2641 3199 2755 3260 τοῖς
2789 3194 3011 3249 ἀσεϐέσι
3034 3194 3092 3248 δὲ
3126 3194 3223 3248 καὶ
3256 3195 3514 3265 πονηροῖς
3566 3191 3665 3244 καὶ
3711 3190 3885 3242 κατα-

2304 3289 2609 3359 φρονηταίς
2659 3286 2770 3341 τῶν
2798 3286 2961 3340 θείων
3013 3286 3428 3357 δικαιωμάτων,
3454 3284 3608 3336 οὐδὲν
3638 3280 3884 3335 τοιοῦτον

2302 3381 2686 3451 ἀνταμείψεως
2719 3374 2862 3444 εἶδος
2889 3378 3177 3451 δοθήσεται
3197 3380 3259 3434 τὸ
3288 3378 3551 3450 παράπαν
3571 3393 3586 3408 ο
3613 3375 3753 3429 ἀλλὰ
3772 3372 3885 3426 θλί-

2306 3474 2400 3542 ψις
2434 3472 2529 3525 καὶ
2561 3472 2900 3542 στενοχωρία
2933 3472 3029 3525 καὶ
3061 3471 3231 3540 θυμὸς
3270 3470 3367 3525 καὶ
3409 3467 3549 3541 ὀργή
3576 3469 3671 3520 ἐπὶ
3700 3468 3883 3521 πᾶσαν

2303 3563 2483 3634 ψυχήν
2513 3563 2612 3633 τὴν
2640 3562 3130 3634 κατεργαζομένην
3168 3564 3228 3616 τὸ
3259 3560 3517 3632 πονηρόν.

2376 3655 2549 3709 Τοῦτο
2568 3655 2625 3709 δὲ
2654 3655 3001 3727 παρεμπεδοῖ
3018 3654 3114 3709 ml.
3142 3653 3307 3707 Δαϐὶδ
3325 3655 3353 3706 ό
3378 3652 3670 3723 προφήτης
3690 3648 3882 3711 εἰπὼν,

2313 3768 2332 3801 ι
2371 3748 2555 3815 Ἀπαξ
2605 3748 2871 3820 ἐλάλησεν
2901 3751 2929 3803 ό
2951 3748 3115 3813 Θεὸς,
3146 3746 3241 3801 δύο
3300 3744 3476 3799 ταῦτα
3518 3745 3735 3814 ήκουσα
3757 3781 3774 3805 ,
3804 3742 3883 3795 ὅτι

2304 3844 2366 3895 τὸ
2394 3842 2596 3911 κράτος
2622 3840 2718 3895 τοῦ
2748 3841 2906 3908 Θεοῦ,
2925 3841 3019 3894 καὶ
3050 3840 3168 3905 σοῦ,
3195 3837 3395 3910 Κύριε,
3416 3836 3478 3890 τὸ
3497 3835 3649 3898 ἔλεος
3673 3850 3687 3863 ⁸
3706 3834 3793 3887 ὅτι
3823 3834 3882 3885 σὺ

2305 3934 2611 3998 ἀποδώσεις
2640 3933 2856 4007 ἑκάστῳ
2883 3935 3025 3987 κατὰ
3040 3932 3264 4004 ταεργα
3296 3930 3487 3985 αὑτοῦ.
3526 3948 3546 3980 ι
3574 3928 3883 3998 Παρίστησι

2304 4028 2362 4080 δὲ
2394 4027 2554 4081 τοῦτο
2612 4027 2795 4098 πολλῷ
2827 4027 3029 4098 μᾶλλον
3060 4026 3155 4079 xal.
3196 4026 3257 4078 τὸ
3288 4025 3390 4095 τῆς
3430 4023 3710 4094 σωτηρίας
3731 4019 3884 4092 ήμῶν

2307 4121 2642 4189 Εὐαγγέλιον
2676 4121 2888 4191 φάσκον
2908 4137 2922 4151 ο
2958 4140 2976 4172 ι
3012 4121 3125 4173 Kal.
3153 4118 3553 4189 ἀναστήσονται
3576 4116 3626 4169 oi
3650 4115 3718 4167 τὰ
3743 4116 3883 4181 ἁγα-

2308 4211 2377 4265 θὰ
2404 4215 2731 4283 ποιήσαντες
2758 4215 2839 4275 είς
2868 4212 3165 4266 ἀνάστασιν
3212 4209 3380 4279 ζωῆς,
3413 4210 3461 4261 oi
3505 4206 3563 4260 δὲ
3605 4206 3676 4258 τά
3709 4203 3883 4273 φαῦλα

2308 4308 2620 4380 πράξαντες
2652 4306 2734 4369 είς
2773 4304 3074 4359 ἀνάστασιν
3115 4299 3376 4372 κρίσεως.
3414 4315 3433 4349 ι
3472 4296 3582 4350 Καὶ
3624 4292 3882 4364 πολλῷδὶ

2309 4398 2501 4472 πρώην
2524 4397 2670 4453 κατά
2699 4396 2768 4451 τὰ
2790 4396 2932 4449 αὐτὰ
2970 4395 3065 4449 καὶ
3091 4391 3356 4455 ὡσαύτως
3384 4387 3585 4459 Δανιὴλ
3612 4389 3643 4441 ό
3670 4385 3881 4457 προφή-

625 4486 731 4534 est.
762 4496 782 4531 ι
815 4478 882 4533 Ει
910 4482 1068 4535 multi
1098 4484 1164 4537 de
1202 4485 1308 4547 his,
1341 4487 1439 4557 qui
1470 4487 1755 4543 dormiunt
1806 4490 1862 4545 in
1900 4499 2061 4548 terra:
2082 4494 2194 4563 pul-

2310 4509 2411 4563 της
2439 4491 2631 4562 φησιν,
2663 4508 2681 4541 ι
2716 4487 2828 4541 Καὶ
2872 4486 3062 4541 πολλοὶ
3111 4484 3221 4539 τῶν
3262 4480 3638 4538 καθευδόντων
3685 4479 3745 4531 ὲν
3783 4475 3881 4545 γῆς

626 4583 777 4635 vere,
804 4583 1112 4644 resurgent,
1145 4576 1236 4629 alii
1280 4580 1332 4631 in
1381 4578 1549 4633 vitam
1584 4592 1864 4649 aeternam,
1893 4583 1983 4637 alii
2014 4585 2069 4640 in
2092 4598 2194 4656 poe-

2306 4580 2526 4652 χώματι
2558 4579 2955 4648 ἀναστήσονται
2981 4616 2997 4644 ,
3022 4568 3169 4629 οὗτοι
3203 4573 3303 4645 μὲν
3335 4572 3417 4634 είς
3460 4567 3611 4640 ζωὴν
3644 4564 3879 4631 αἰώνιον,

627 4677 752 4717 nam
777 4674 1092 4733 perpetuam
1123 4667 1258 4738 (2i).
1305 4687 1324 4721 ι

703 4752 858 4819 Quod
887 4765 1071 4810 autem
1112 4758 1333 4813 additur
1390 4778 1409 4811 ‹
1445 4761 1513 4815 Et
1551 4778 1660 4818 non
1708 4765 2057 4837 prolongabit
2090 4768 2210 4825 dies

2305 4668 2453 4726 οὗτοι
2482 4670 2543 4725 δὲ
2574 4672 2657 4733 είς
2685 4668 2909 4723 κόλασιν
2931 4666 3316 4735 ἀτελεύτητον.
3351 4680 3371 4712 ι

2383 4766 2447 4817 Ὃ
2475 4762 2533 4817 δέ
2561 4778 2746 4833 φησιν’
2788 4778 2807 4811 ι
2850 4760 2961 4812 Καὶ
2982 4758 3043 4811 οὐ
3080 4754 3350 4828 μακρυνεῖ
3386 4747 3605 4820 ἡμέρας
3648 4748 3707 4800 ὲν
3734 4744 3875 4814 σκιᾷ,

634 4842 690 4899 iu
728 4846 945 4910 umbra,
971 4849 1065 4918 qui
1100 4865 1204 4904 non
1240 4863 1325 4907 est
1347 4854 1545 4909 timens
1574 4871 1604 4909 a
1629 4856 1768 4913 facie
1796 4860 1914 4927 Dei,
1951 4881 1968 4912 ι
2002 4862 2194 4932 justan

2305 4858 2365 4921 ὃς
2393 4858 2494 4910 οὐκ
2520 4858 2636 4909 ἐστι
2664 4853 3003 4924 φοϐούμενος
3057 4850 3168 4904 ἀπὸ
3198 4845 3497 4919 προσώπου
3530 4840 3630 4896 τοῦ
3661 4838 3818 4932 Deoia,

635 4932 771 4990 iram
804 4936 859 4990 in
890 4937 993 4991 hac
1009 4954 1229 5010 quoque
1263 4944 1368 4996 vita
1389 4961 1786 5017 praeprOperam
1816 4952 2106 5008 manifesto
2129 4955 2205 5009 si-

643 5028 935 5100 gniﬁcavit.
965 5030 1128 5102 212
1173 5032 1428 5089 Umbram
1479 5040 1625 5093 enim
1668 5052 1989 5110 przesentem
2022 5047 2209 5115 cujus-

639 5135 747 5189 que
774 5121 1017 5178 hominis
1050 5125 1215 5178 vitam
1249 5127 1407 5192 dixit,
1436 5132 1580 5197 quod
1624 5132 1971 5189 velocissime
1988 5148 2209 5204 praeter-

632 5215 932 5289 grediatur,
959 5228 1014 5272 et
1069 5220 1277 5274 umbra:
1307 5222 1478 5277 instar
1502 5225 1803 5296 dispercat,
1840 5228 2004 5284 simul
2034 5238 2199 5301 atque

708 5419 754 5450 ⁷⁵
785 5418 949 5474 Rom.
981 5435 1047 5484 ιι,
1076 5420 1131 5477 9.
1204 5422 1252 5455 ⁷⁸
1278 5422 1424 5479 Psal.
1460 5425 1678 5493 nuli,
1710 5428 1797 5483 15.

711 5558 823 5633 (l8)
860 5558 1075 5633 Dlymp.
1108 5574 1216 5613 non
1255 5560 1419 5633 habet
1447 5563 1677 5633 ἡμέρας.

2317 4951 2582 5019 σύντομον
2645 4948 2741 5000 καὶ
2786 4946 2994 4999 δίκαιον
3038 4942 3208 5014 ὀργὴν
3247 4941 3348 4994 κάν
3390 4929 3875 5030 τῇ-παρούσῗιςυξῇ

2314 5041 2465 5112 δηλοῖ
2505 5036 2827 5110 προφανῶς.
2857 5036 3022 5089 Σκιὰν
3064 5033 3173 5101 γὰρ
3210 5030 3303 5084 τὸν
3338 5027 3586 5098 παρόντα
3617 5022 3733 5092 βίον
3759 5019 3877 5070 ἑκά·

2319 5152 2446 5187 στου
2479 5130 2773 5204 ἀνθρώπου
2809 5130 3119 5197 ὠνόμασεν,
3161 5124 3238 5187 ὡς
3288 5118 3706 5192 παρερχόμενον
3753 5113 3879 5165 ώκυ·

2303 5228 2504 5294 τάτως,
2540 5226 2633 5280 καὶ
2661 5225 2818 5282 δίκην
2853 5222 3011 5277 σκιᾶς
3039 5217 3464 5274 πεοιιστὰυενον
3512 5213 3594 5274 εἰς
3644 5213 3878 5267 dvoma-

2390 5557 2499 5627 (21)
2540 5557 2674 5611 Dan.
2704 5570 2803 5621 xu,
2841 5554 2896 5609 2.
2928 5552 3059 5627 Sed
3079 5551 3207 5627 ipsa
3234 5551 3513 5627 DanielisA
3536 5547 3879 5627 verhaapud

717 5618 826 5705 (ιθ)
866 5618 1396 5705 νεὶιὶοξνιιικηο.
1424 5618 1499 5688 Αἵ
1528 5618 1862 5705 ΕΧὶῖαδεαΙ.
1899 5649 2044 5699 cxu,
2084 5631 2194 5705 ηοξ

2318 5618 2463 5705 LXX
2484 5618 2946 5705 'haec_sunt-i‘Kal.
2976 5618 3162 5705 πολλρι
3190 5624 3301 5705 τῶν
3316 5618 3879 5705 καθευδόντωνιὲντγῆς

648 5698 871 5765 habent,
914 5703 978 5753 ὲκ
1022 5702 1115 5754 τοῦ
1158 5702 1417 5767 φόϐου....

720 5768 834 5845 (ευ)
870 5768 1041 5845 Joan._
1072 5788 1123 5835 ν,
1166 5773 1256 5826 29.
1295 5774 1399 5827 Sed
1448 5780 1499 5829 in
1532 5775 1690 5843 Vulg.
1738 5775 1973 5845 exempl.
2025 5775 2207 5842 leges:

650 5839 763 5901 Kal.
810 5841 1232 5913 ἐκπορεύσονται
1283 5846 1333 5896 οἱ
1391 5845 1459 5898 τὰ
1514 5839 1697 5914 ἀγαθά
1767 5839 2208 5917 ποιήσαντες.....

2320 5700 2537 5771 χώματι
2571 5698 2722 5765 ὲξεγε
2733 5697 3057 5771 ρθήσονται,
3074 5690 3220 5771 οὗτοι
3248 5692 3594 5771 είς-αἰώνιον,
3619 5692 3713 5746 καὶ
3731 5685 3866 5746 οὗτοι

2320 5765 2419 5835 εἰς’
2436 5765 2743 5840 ὀνειδισμὸν
2777 5766 2873 5821 καὶ
2897 5768 2976 5831 είς
3005 5766 3270 5839 αἰσχύνην
3300 5765 3541 5819 αἰώνιον.
