3846 6512
58 398 198 463 1357

1126 399 1209 462 IN
1246 400 1807 464 ECCLESIASTEN
1865 428 1937 440 ·-
1975 405 2125 465 LIB.
2166 407 2303 467 VII.

3210 405 3349 475 1058

50 515 199 581 ξίαν,
238 515 376 569 ὅσον
413 508 551 586 ἧκεν
581 515 662 578 εἰς
690 512 793 584 τὴν
822 512 1120 585 πρόχειρον
1169 513 1304 566 θέαν
1338 515 1435 566 καὶ
1466 514 1651 583 φαινό-

1763 516 2069 572 ostenderit
2095 532 2237 582 sese,
2270 516 2405 572 etin
2435 526 2796 587 conspectum
2848 517 3137 576 hominum
3178 537 3352 577 vene-

50 624 237 679 μενον.
270 609 335 661 Ei
363 608 478 679 γὰρ
510 608 605 662 καὶ
640 608 715 679 μὴ
754 607 967 672 πάντας
997 608 1129 670 τοὺς
1174 608 1399 674 ἀσεϐεῖς
1428 608 1656 680 ὠκυμό-

50 717 175 767 ρους
206 698 378 770 ἴσμεν
430 700 526 754 καὶ
582 698 955 769 καρπαλίμως
1005 698 1334 773 δεχομένους
1399 701 1501 771 τὴν
1549 698 1660 754 ἀπὸ

45 792 145 860 τῆς
183 792 485 864 παρούσης
516 793 661 863 ζωῆς
694 792 972 845 ἔκπτωσιν
999 794 1098 847 καὶ
1137 795 1480 866 περιτροπήν
1503 809 1516 821 ”
1541 791 1659 844 ἀλλ’

47 883 146 936 οὐκ
190 883 264 935 ὲκ
294 884 412 936 τῶν
441 882 888 951 διαγνωσθέντων
938 884 1072 953 ἡμῖν
1112 886 1374 939 τοιούτων
1402 885 1487 954 ἐφ’
1522 882 1656 935 ὲκά-

50 992 149 1048 στῃ
172 979 350 1049 γενεᾷ
377 978 627 1049 δηλονότι
653 978 750 1030 καὶ
768 978 957 1047 γενεᾷ,
973 976 1052 1047 τῷ
1087 978 1496 1049 Ἐκκλησιαστῇ
1520 992 1662 1045 παρ-

49 1070 317 1140 εῦιηπται
374 1071 439 1123 τὸ
493 1072 788 1141 εἰρημένον
832 1070 929 1122 καὶ
954 1069 1069 1125 νῦν.
1099 1066 1235 1126 Εἶτά
1267 1087 1435 1141 φησιν
1459 1071 1489 1122 ὁ
1529 1066 1653 1121 Ἐκ-

49 1162 409 1233 κλησιαστής
441 1182 447 1190 ’

1757 608 1847 663 rit.
1886 607 2023 663 Nam
2053 611 2155 665 etsi
2194 626 2301 664 non
2335 625 2529 665 omnes
2579 611 2780 681 impios
2833 611 3011 667 brevis
3040 616 3140 668 aevi
3176 616 3351 673 fuisse

1755 701 1988 764 scimus,
2036 709 2092 755 et
2122 718 2188 754 ex
2232 701 2333 756 hac
2363 701 2474 755 vita
2516 702 2698 757 medio
2740 704 2795 756 in
2832 717 2998 758 cursu
3062 716 3349 776 correptos

1755 789 1990 844 celerius
2019 790 2320 860 migrasse;
2351 806 2458 843 non
2522 791 2666 859 ideo,
2692 792 2739 846 si
2768 793 2911 847 ratio
2949 794 3219 850 habeatur
3253 812 3350 851 eo-

1756 896 1877 935 rum
1907 897 2030 950 quae
2080 882 2315 951 singulis
2362 884 2618 938 :etatibus
2672 886 2973 955 contigisse
3007 888 3346 957 accepimus,

1758 974 1907 1043 quod
1942 976 2031 1029 hic
2062 974 2269 1029 dictum
2324 985 2427 1039 est,
2462 983 2665 1029 temere
2700 977 2770 1030 ab
2810 976 3143 1034 Ecclesiaste
3174 983 3349 1051 prola-

1756 1075 1871 1120 tum
1907 1067 2080 1121 videri
2109 1067 2267 1122 debet
2291 1067 2427 1137 (2‘2).
2461 1067 2552 1122 Ait
2579 1068 2778 1124 deinde
2812 1069 3178 1128 Ecclesiastes
3206 1090 3220 1126 :

1601 1270 1629 1341 ς
1660 1264 1808 1323 xvi.

120 1370 305 1422 Ἐστι
329 1370 688 1438 ματαιότης,
718 1366 757 1435 ἣ
784 1368 1103 1438 πεποίηται
1131 1368 1230 1422 ἐπὶ
1256 1365 1367 1435 τῆς
1396 1364 1528 1438 τῆς,
1561 1366 1651 1418 ὅτι

47 1462 167 1515 εισι
200 1460 457 1526 δίκαιοι,
487 1460 575 1514 ὅτι
599 1460 813 1530 φθάνει
835 1462 986 1529 πρὸς
1015 1462 1262 1529 αὐτοὺς,
1293 1461 1375 1527 ὡς
1423 1459 1652 1528 ποίημα

52 1553 173 1607 τῶν
195 1553 449 1608 ἀσεϐῶν
468 1570 482 1584 ·
512 1553 615 1607 καὶ
652 1555 815 1607 εἰσὶν
837 1554 1100 1622 ἀσεϐεῖς,
1133 1554 1225 1608 ὅτι
1261 1553 1477 1624 φθάνει
1501 1550 1653 1620 πρὸς

53 1644 279 1709 αὐτοὺς
302 1646 389 1712 ὡς
426 1646 654 1714 ποίημα
681 1643 801 1697 τῶν
852 1643 1119 1701 δικαίων.
1175 1645 1289 1699 Καὶ
1321 1641 1463 1699 εἶπα
1488 1661 1502 1675 ο
1540 1643 1653 1699 Καί

56 1756 120 1808 τε
154 1738 342 1792 τοῦτο
374 1738 720 1807 ματαιότης.

129 1829 463 1900 Παράλογος
509 1830 739 1902 εὕρηται
790 1832 935 1903 φορὰ
982 1831 1076 1885 καὶ
1104 1830 1231 1898 δόξα
1276 1829 1650 1902 διεφθαρμένη

59 1926 151 1978 καὶ
178 1926 361 1995 πάντη
390 1924 615 1996 ψευδὴς,
641 1928 673 1995 ὴ
720 1926 867 1997 ιιαρά
886 1925 995 1979 τῶν
1028 1925 1336 1996 μισοκάλων
1364 1926 1457 1977 καὶ
1486 1941 1654 1977 κακο-

52 2019 219 2082 δόξων
258 2016 572 2088 ἀνθρώπων
600 2019 697 2072 καὶ
746 2018 1026 2071 δυσσεόὦν
1056 2017 1321 2089 γινομένη
1354 2020 1471 2080 τοῖς
1496 2018 1652 2069 εὐσε-

54 2111 169 2163 ϐέσι
195 2111 305 2163 καὶ
342 2110 597 2173 δικαίοις,
627 2110 723 2162 καὶ
759 2111 860 2180 τῆς
909 2110 1112 2180 ἀρετῆς
1154 2111 1434 2181 ἐρασταῖς,
1474 2109 1568 2163 καὶ
1591 2108 1653 2162 τὺ

54 2200 301 2269 ἔμπαλιν
341 2203 457 2263 τοῖς
519 2199 747 2253 ἀσεϐέσι
780 2200 877 2252 καὶ⁵
928 2202 1186 2271 πονηροῖς
1210 2202 1243 2270 ή
1282 2199 1507 2263 καὶτὰς
1538 2198 1651 2251 τῶν

55 2294 347 2363 ἑκατέρων
381 2292 681 2363 ὑπολήψεις
718 2293 1050 2363 ἀμείϐουσα,
1096 2295 1190 2345 καὶ
1224 2292 1407 2361 μέντοι
1429 2293 1524 2344 καὶ
1552 2291 1651 2355 τὰς

58 2403 236 2455 προση
246 2384 347 2438 κού
360 2401 461 2448 σας
490 2386 583 2437 καὶ
608 2384 983 2455 καταλλήλους
999 2387 1135 2439 ἀντα
1145 2403 1210 2455 με
1221 2385 1306 2455 ίψε
1316 2403 1362 2449 ις
1392 2385 1651 2440 ἐναλλάτ-

55 2495 249 2542 τουσα,
290 2479 391 2531 καὶ
422 2477 523 2539 τὰς
574 2477 674 2547 μὲν
725 2476 1088 2547 ὀφειλομένας
1148 2479 1261 2541 τοῖς
1301 2478 1526 2547 ἀγαθοῖς
1554 2479 1651 2531 καὶ

54 2570 291 2632 δικαίοις
321 2570 677 2640 ἀπονέμουσα
707 2572 823 2633 τοῖς
855 2570 1079 2623 ἀσεϐέσι
1099 2571 1195 2624 καὶ
1222 2572 1481 2641 πονηροῖς
1512 2587 1526 2602 ο
1556 2572 1651 2624 καὶ

54 2663 110 2714 το
132 2662 393 2731 ἔμπαλιν
418 2662 516 2725 τὰς
542 2665 754 2733 ὲπηρτη
765 2661 936 2732 μένας
954 2661 1184 2725 ἐκείνοις
1202 2661 1649 2732 ἀντιπαρέχουσα

56 2755 298 2818 τούτοις,
323 2754 446 2807 κατ’
475 2755 794 2807 ἐναντίωσιν
822 2754 923 2825 τῆς
948 2753 1287 2826 θεοπρεποῦς
1310 2754 1650 2823 ἀγαθότητος

56 2850 146 2901 καὶ
198 2847 640 2917 δικαιοκρισίας.
688 2848 747 2900 '0
778 2847 878 2917 μὲν
914 2848 1024 2917 γὰρ
1076 2848 1209 2909 Θεὸς
1268 2850 1380 2910 τοῖς
1425 2847 1650 2914 ἀγαθοῖς

56 2942 280 3011 ἀγαθὰς
338 2941 569 2993 δίδωσιν
622 2940 962 3003 ἀντιδόσεις,
992 2939 1254 3004 ὡσαύτως
1311 2958 1375 3009 γε
1424 2940 1530 3011 μὴν
1556 2939 1651 2993 καὶ

54 3038 161 3097 τοῖς
226 3035 495 3103 πονηροῖς
530 3035 806 3103 πονηράς·
843 3033 940 3086 an
983 3033 1047 3103 δὴ
1080 3032 1385 3103 Θεοπρεπεῖ
1406 3033 1648 3104 τρυτάνη

1826 1356 1983 1414 Vers.
2017 1359 2107 1413 14.
2143 1356 2239 1412 Est
2268 1360 2502 1418 vanitas.
2533 1374 2651 1428 qtue
2673 1357 2820 1427 facta
2839 1368 2917 1413 est
2942 1377 3098 1427 super
3126 1372 3342 1424 terram,

1756 1453 1881 1522 quia
1920 1461 2043 1505 sunt
2087 1451 2239 1516 iusti,
2269 1452 2397 1521 quia
2458 1451 2598 1504 venit
2650 1450 2719 1502 ad
2772 1466 2859 1503 eos
2888 1491 2902 1512 ,
2945 1454 3098 1520 quasi
3144 1454 3345 1521 factum

1754 1543 2082 1610 impiorum;
2112 1552 2160 1594 et
2217 1550 2342 1594 sunt
2396 1541 2545 1605 impii
2572 1580 2585 1603 ,
2610 1541 2736 1608 quia
2786 1542 2921 1593 renit
2949 1549 3019 1594 ad
3049 1559 3159 1606 eos,
3186 1549 3341 1612 quasi

1756 1633 1962 1702 factum
2017 1632 2313 1701 justorum.
2373 1630 2441 1684 Et
2499 1630 2671 1684 dixi:
2732 1628 2850 1683 lloc
2910 1633 3072 1685 etiam
3134 1638 3343 1691 vaititas

1756 1730 1833 1774 est
1866 1721 2001 1792 (εδ).

1829 1810 2143 1866 Absurdam
2175 1811 2615 1867 distributionem
2645 1824 2699 1869 et
2727 1825 3045 1885 corruptum
3072 1816 3343 1885 judicium

1760 1917 1824 1956 ac
1846 1903 2005 1972 plane
2033 1903 2232 1958 falsum
2288 1904 2554 1959 induxere
2604 1905 2859 1962 homines
2888 1908 3186 1975 inhonesti,
3217 1926 3344 1978 per-

1760 1994 2015 2063 versique
2070 2005 2235 2064 atque
2283 1995 2457 2065 impii,
2489 2006 2598 2049 tam
2637 1999 2816 2066 quoad
2852 1998 2973 2067 pios
2999 1999 3248 2069 etjustos
3277 2017 3343 2055 ac

1758 2085 1977 2141 virtutis
2002 2096 2295 2147 amatores,
2325 2103 2491 2157 quam
2520 2089 2703 2158 qu0ad
2764 2089 2966 2158 impios
2994 2106 3025 2145 e
3063 2094 3345 2146 contrario

1757 2188 1813 2232 et
1836 2177 2169 2248 ﬂagitiosus,
2223 2193 2336 2248 quo
2388 2195 2583 2249 nempe
2640 2192 3003 2252 utrorumque
3054 2183 3344 2253 Opiniones

1759 2280 2093 2339 permutant,
2129 2281 2184 2327 et
2238 2274 2631 2327 convenientes
2688 2277 3045 2345 prepriasque
3095 2291 3344 2330 remune-

1760 2364 2073 2417 nerationes
2129 2364 2432 2429 invertunt,
2465 2373 2525 2418 ut
2581 2381 2704 2434 quae
2734 2366 2895 2421 bonis
2949 2382 3014 2421 ac
3052 2367 3220 2437 justis
3248 2368 3345 2423 de-

1759 2454 1980 2521 bentur,
2002 2470 2066 2510 ea
2098 2454 2283 2525 impiis
2314 2465 2368 2509 et
2393 2454 2679 2526 ﬂagitiosis
2707 2457 2992 2526 assignent
3017 2476 3033 2523 ;
3058 2466 3114 2513 et
3149 2474 3179 2514 e
3207 2474 3343 2514 con-

1760 2545 1930 2600 trario
1956 2561 2080 2616 quae
2110 2546 2232 2601 istis
2271 2546 2608 2615 impendent,
2642 2546 2695 2599 in
2734 2561 2832 2601 eos
2872 2548 3174 2615 reﬂectant,
3197 2549 3341 2604 divi-

1760 2652 1844 2691 na:
1878 2637 2111 2693 bonitati
2134 2646 2187 2693 et
2220 2638 2374 2708 justo
2414 2638 2625 2708 judicio
2670 2639 2830 2708 plane
2880 2640 3175 2695 adversati.
3203 2640 3340 2697 Nam

1760 2730 1904 2786 Deus
1948 2730 2168 2801 quidem
2228 2730 2391 2785 bonis
2422 2729 2595 2783 bonas
2636 2730 2727 2783 dat
2766 2730 3257 2798 remunerationes,
3285 2736 3357 2787 et'

1758 2825 1950 2877 eodem
1988 2825 2177 2894 utique
2208 2824 2371 2877 modo
2413 2823 2572 2877 malis
2624 2826 2799 2877 malas
2828 2824 3027 2891 quippe
3056 2824 3153 2894 qui
3180 2823 3340 2880 lance

1758 2914 2075 2984 aequissima
2111 2914 2378 2984 ponderat
2407 2921 2461 2967 et
2483 2912 2768 2969 distribuit
2791 2913 3023 2984 singulis
3044 2930 3167 2985 qua:
3186 2914 3341 2984 quis-

1758 3022 1865 3075 que
1890 3006 2121 3060 meritus
2168 3015 2271 3060 est.
2329 3007 2399 3059 At
2450 3006 2705 3059 humana:
2755 3005 2954 3060 mentis
3008 3005 3278 3076 judicium
3308 3021 3341 3061 e

54 3126 437 3181 ταλαντεύων.
469 3125 567 3177 καὶ
608 3124 881 3195 διανέμων
944 3125 1164 3195 ἑκάστῳ
1216 3124 1287 3178 τά
1321 3126 1442 3179 κατ’
1471 3123 1649 3189 ἀξίαν.

1763 3102 2038 3152 contrario
2065 3098 2221 3152 bonis
2247 3100 2442 3162 malas,
2465 3108 2519 3152 et
2556 3097 2715 3152 malis
2753 3098 2926 3152 bonas
2959 3097 3191 3168 illosque
3220 3114 3339 3168 pm-

58 3220 126 3271 Τὺ
176 3219 247 3272 δὲ
300 3219 590 3289 κριτήριον
632 3217 732 3287 τῆς
766 3216 1114 3288 ἀνθρωπίνης
1148 3216 1379 3287 γνώμης
1414 3216 1653 3287 ἔμπαλιν

55 3315 170 3375 τοῖς
212 3311 451 3378 ἀγαθοῖς
500 3310 769 3379 πονηρὰς,
818 3313 930 3371 τοῖς
988 3311 1044 3363 δὲ
1102 3312 1362 3379 πονηροῖς
1418 3309 1650 3376 ἀγαθὰς,

57 3406 359 3468 κάκείνους
383 3404 483 3474 μὲν
507 3404 767 3457 κολάσεσι
795 3403 1197 3456 καθυποόἀλλει
1218 3406 1311 3457 καὶ
1332 3403 1649 3474 τιμωρίαις,

56 3496 347 3559 ποικίλαις
387 3494 629 3566 ὲξορίαις
664 3494 1141 3565 παραπέμπουσα,
1164 3496 1261 3547 καὶ
1278 3494 1652 3565 καθείργουσα

57 3587 314 3658 χρονίαις
342 3588 592 3657 εἱρκταῖς
616 3602 629 3615 ·
665 3586 840 3638 ἐνίοτε
886 3585 943 3637 δὲ
979 3586 1072 3638 καὶ
1107 3584 1250 3655 λιμῷ
1285 3586 1379 3638 καὶ
1423 3585 1653 3653 μάστιγι

57 3681 153 3731 καὶ
188 3677 332 3748 πυρὶ
358 3678 454 3729 καὶ
492 3676 718 3747 σιδήρῳ,
746 3678 840 3728 καὶ
897 3674 1061 3746 βορὰν
1107 3674 1317 3745 θηρίοις
1351 3673 1654 3746 παραπέμ-

58 3789 149 3823 πει
190 3771 291 3823 καὶ
324 3769 541 3821 δίδωσιν
569 3769 810 3837 ἀκρίτως
836 3767 931 3820 καὶ
979 3767 1349 3837 παραφρόνως
1374 3782 1387 3796 ·
1425 3767 1653 3831 τούτους

58 3864 113 3916 δὲ
140 3861 574 3933 καταγεραίρει,
617 3862 712 3914 καὶ
736 3860 960 3931 τρυφῶν
994 3860 1139 3926 ἀξιοί
1188 3861 1283 3915 καί⁹
1322 3860 1653 3915 δυναστειῶν

59 3959 156 4010 καὶ
191 3954 389 4021 δοξῶν.

127 4048 318 4101 Τοῦτο
364 4045 544 4099 τοίνυν
585 4044 766 4114 πάσης
812 4043 1132 4116 παραλόγου
1166 4043 1406 4115 κρίσεως
1434 4043 1647 4114 ἀνάμε-

62 4158 195 4194 στον
226 4139 461 4211 εὓρηται
490 4138 587 4191 καὶ
614 4138 716 4206 τῆς
746 4138 985 4209 ἐσχάτης
1023 4136 1419 4208 παραπληξίας
1445 4153 1654 4207 σημαν-

61 4231 241 4292 τικδν,
307 4230 399 4282 καὶ
447 4228 848 4295 καταγνώσεως
888 4226 1059 4291 ἀξιον.
1113 4226 1212 4279 Διά
1253 4226 1415 4279 τοῦτό
1462 4244 1596 4297 φησι
1633 4242 1650 4259 ο

67 4344 86 4372 ι
128 4323 247 4376 Καί
277 4338 343 4390 γε
376 4320 537 4374 τοῦτο
572 4321 898 4389 ματαιότης,
938 4340 957 4371 ι
987 4318 1050 4371 τὸ
1079 4318 1312 4383 σύνηθες
1349 4320 1653 4390 πρόσρημα

1755 3192 1839 3246 nis
1896 3192 2288 3262 suppliciisque
2348 3191 2697 3261 subjicit,et
2746 3192 2911 3245 modo
2960 3193 3109 3244 varia
3142 3192 3344 3248 exsilia

1755 3284 2192 3353 tolerarejubet.
2216 3282 2381 3338 modo
2412 3283 2729 3337 carceribus
2758 3283 2811 3335 in
2842 3281 3166 3336 diuturnum
3201 3294 3340 3337 tein.-

1753 3386 1859 3443 pus
1904 3372 2136 3427 includit
2173 3389 2187 3426 :
2222 3371 2492 3426 interdum
2552 3386 2682 3425 vero
2725 3379 2779 3424 et
2810 3369 2951 3423 fame
2988 3380 3043 3425 et
3080 3370 3264 3441 ﬂagris
3287 3380 3342 3425 et

1755 3469 1880 3537 igne
1900 3476 1953 3520 et
1982 3464 2131 3520 ferro
2156 3464 2458 3526 excruciat,
2478 3471 2572 3517 aut
2591 3477 2773 3517 escam
2804 3462 3044 3517 destinat
3067 3464 3341 3533 traditque

1755 3560 1971 3622 belluis,
2001 3558 2200 3613 indicta
2230 3556 2392 3626 213
2422 3571 2588 3610 causa
2630 3565 2684 3609 et
2728 3556 2932 3610 amenti
2986 3557 3251 3619 consilio;
3285 3565 3343 3608 at

1757 3654 1858 3707 hos
1888 3642 2133 3723 praemiis
2164 3649 2350 3715 allicit,
2386 3658 2441 3703 et
2467 3648 2703 3715 deliciis,
2740 3648 3007 3718 imperiis,
3046 3649 3217 3720 gloria
3255 3647 3340 3701 di-

1755 3756 1975 3818 gnatur.
2166 3756 2171 3767 '
3302 3760 3309 3763 "

1826 4035 1881 4091 Id
1910 4050 2078 4106 porro
2107 4044 2212 4101 est,
2247 4034 2392 4105 quod
2429 4033 2670 4104 perversi
2710 4032 2901 4103 judicii
2943 4031 3163 4103 plenum
3196 4031 3341 4086 vide-

1755 4141 1863 4198 tur,
1902 4140 1955 4185 et
1986 4129 2318 4185 dementiam
2358 4128 2564 4182 indicat
2592 4142 2863 4181 summam
2896 4135 3059 4195 atque
3091 4126 3337 4179 omnium

1752 4222 2106 4279 damnatione
2135 4219 2537 4291 dignissimam.
2573 4218 2780 4271 Idcirco
2820 4218 2894 4271 ait
2924 4237 2935 4270 :
2972 4236 2989 4267 ‹
3031 4216 3143 4270 lloc
3173 4217 3337 4270 etiam

1752 4316 1968 4371 vanitas
2007 4322 2124 4375 est,
2166 4331 2184 4364 ι
2235 4320 2559 4365 consuetum
2616 4323 2891 4377 usurpans
2938 4308 3183 4370 dictum,
3228 4323 3339 4377 quo

62 4416 164 4487 τῆς
220 4414 604 4483 ὲκφαυλίσεως
662 4412 771 4464 τῶν
828 4409 1087 4463 τοιούτων
1136 4408 1329 4461 εἰπών.
1405 4408 1498 4461 Διὸ
1553 4409 1651 4481 τὴν

1763 4408 1885 4462 talia
1939 4404 2291 4474 improbaret.
2324 4400 2555 4471 Jamque
2584 4400 2872 4470 objurgata
2899 4400 3342 4469 reprehensaque

63 4507 329 4575 τοιαύτην
344 4522 550 4559 κατακε
559 4506 839 4576 ρτομήσας
857 4506 952 4557 καὶ
970 4502 1458 4573 κατακωμῳδήσας
1479 4503 1649 4556 ἀκατ-

1763 4496 2111 4569 perversione
2141 4492 2412 4563 ejusmodi
2445 4491 2682 4545 absurda
2704 4499 2868 4559 atque
2888 4498 3239 4559 praepostera,
3272 4490 3339 4543 ad

64 4599 305 4668 ἀλληλον
346 4597 716 4666 ἀντιστροφὴν
757 4596 850 4647 καὶ
898 4592 1232 4664 παράλογον,
1267 4591 1528 4655 ὡσαύτως
1561 4593 1654 4645 ἐπὶ

67 4693 165 4761 τὴν
197 4688 335 4759 εὑθῆ
362 4688 523 4752 δόξαν
553 4688 663 4739 τῶν
694 4689 752 4739 ὲν
778 4686 858 4756 τῷ
883 4685 983 4756 βίῳ
1010 4684 1441 4753 πολιτευομένων
1474 4700 1655 4756 πραγ-

70 4787 259 4853 μάτων
312 4780 595 4852 ἐχώρησεν
621 4820 637 4841 ,
666 4780 741 4842 ώς
796 4780 897 4850 τῆς
945 4778 1387 4849 διεστραμμένης
1425 4777 1654 4849 γνώμης

69 4880 161 4929 καὶ
199 4873 653 4945 πονηροπραξίας
709 4872 1005 4942 ἁμέτοχοι,
1056 4873 1151 4925 καὶ
1199 4873 1487 4943 κρείττους
1513 4872 1654 4924 ἀπο-

70 4968 395 5037 φανθέντες,
427 4966 527 5030 τὰς
572 4965 793 5036 ἀληθεῖς
847 4965 1148 5036 ὑπολήψεις
1197 4966 1293 5018 καὶ
1344 4965 1444 5029 τὰς
1475 4964 1654 5027 εὐθεῖς

70 5061 221 5125 δόξας
253 5061 348 5113 ἐπὶ
386 5062 500 5123 τοῖς
539 5058 765 5127 ἀγαθοῖς
788 5058 883 5111 καὶ
908 5056 1188 5111 θεοσεϐέσι
1214 5056 1309 5110 καὶ
1342 5056 1652 5119 σπουδαίοις

72 5152 405 5223 ἀνθρώποις,
435 5153 532 5205 καὶ
575 5150 636 5203 τὸ
666 5150 902 5220 ἔμπαλιν
950 5153 1065 5213 τοῖς
1105 5148 1329 5201 ἀσεόέσι
1362 5148 1457 5201 καὶ
1484 5165 1651 5218 πονη-

77 5246 184 5315 ροῖς
211 5244 309 5296 καὶ
333 5242 560 5309 φαύλοις
584 5240 910 5309 διαφυλάξαι
958 5239 1350 5309 σπουδάσωμεν
1377 5254 1391 5269 ο
1421 5238 1510 5290 ἴνα
1553 5255 1652 5291 πε-

144 5383 260 5451 (ΞΞ)
296 5381 415 5435 Alia
432 5390 515 5435 est
535 5379 851 5450 Hieronymi
899 5376 1276 5451 interpretatio
1302 5393 1316 5430 :
1339 5374 1455 5451 Non
1479 5374 1647 5439 enim,

78 5447 272 5525 inquit,
322 5453 397 5517 hi,
425 5452 521 5521 qui
540 5451 720 5525 multo
747 5447 1017 5525 tempore
1047 5447 1281 5525 ’vivunt,
1325 5447 1651 5525 prolongant

78 5518 189 5579 dies
257 5518 553 5588 suosfsed
599 5522 691 5591 qui
736 5523 969 5591 grandes
1017 5534 1110 5591 eos
1150 5518 1649 5591 faciuntbonoruni

80 5610 303 5664 operum
341 5587 711 5663 magnitudine
734 5587 762 5644 ε’
787 5591 932 5664 unde
978 5600 1032 5644 et
1052 5587 1229 5664 AJacoh
1255 5589 1499 5664 quasise
1527 5603 1652 5664 pec:

81 5658 316 5720 calorem
364 5658 632 5719 conﬁtens
686 5664 855 5724 dicit;
897 5660 1062 5714 Parvi
1111 5670 1156 5713 et
1201 5659 1332 5712 mali
1385 5658 1497 5711 dies
1552 5658 1651 5711 mei

81 5734 230 5803 (Gen.
276 5751 422 5789 xnvn
453 5734 550 5799 9);
586 5733 651 5787 Et
706 5734 757 5787 in
796 5732 1014 5786 Psalmo
1060 5732 1347 5794 conﬁtens,
1384 5728 1652 5803 Diespin-

80 5800 213 5874 quit,
265 5807 368 5860 mei
416 5807 552 5860 sicut
584 5806 771 5857 umbra
828 5803 1073 5856 inclinati
1116 5811 1260 5874 sunt,
1293 5810 1343 5854 et
1383 5815 1476 5869 ego
1516 5800 1653 5874 sicut

83 5870 256 5939 ternum
285 5878 408 5931 arui
444 5875 620 5945 (Paul.
648 5890 725 5942 ei,
753 5874 877 5944 1%);
909 5888 1015 5928 non
1045 5871 1191 5944 quod
1240 5871 1458 5941 longam
1488 5870 1654 5924 vitam

1757 4606 1943 4648 rerum
1990 4590 2180 4643 itidem
2210 4628 2224 4651 ,
2260 4601 2382 4656 qua:
2429 4585 2483 4639 in
2522 4585 2626 4639 hac
2656 4583 2769 4637 vita
2806 4592 3097 4653 geruntur,
3134 4592 3339 4637 rectam

1756 4680 2219 4739 existimationem
2252 4677 2491 4741 devenit,
2528 4691 2638 4745 quo
2671 4675 2812 4729 male
2847 4674 3117 4729 sentiendi
3148 4690 3341 4744 prate-

1755 4790 1864 4847 que
1909 4773 2106 4846 agendi
2162 4768 2438 4827 licentiam
2503 4768 2707 4837 perosi,
2747 4774 2801 4820 et
2840 4765 3146 4835 potioribus
3173 4765 3338 4818 rebus

1757 4866 1981 4931 addicti,
2023 4879 2131 4919 non
2169 4863 2352 4917 minus
2382 4860 2623 4915 debonis
2648 4866 2699 4910 rt
2728 4858 2831 4927 piis
2858 4856 3211 4925 honestisque
3236 4857 3337 4911 lio-

1761 4960 2024 5023 ininibus,
2050 4972 2215 5028 quam
2243 4955 2310 5011 de
2340 4954 2527 5023 impiis
2572 4960 2624 5007 et
2658 4952 2816 5005 malis
2850 4950 3224 5019 improbisque
3248 4964 3340 5004 ve-

1758 5066 1848 5106 ras
1876 5051 2178 5105 sententias
2210 5056 2264 5102 et
2296 5056 2472 5102 rectas
2502 5044 2787 5114 opiniones
2814 5044 2953 5095 tueri
2982 5042 3336 5095 studeamus:

1760 5152 1819 5196 ut
1849 5142 2085 5211 quisque
2114 5150 2365 5194 nostrum
2402 5135 2585 5190 ﬁdenti
2633 5136 2819 5188 animo
2883 5133 3048 5187 Deum
3096 5130 3338 5186 universi

1759 5250 1884 5289 cum
1910 5231 2115 5287 Davidc
2150 5231 2412 5301 propheta
2463 5228 2774 5296 alloquatur
2803 5234 2855 5279 ct
2875 5224 3019 5279 dicat
3049 5242 3062 5279 :
3099 5242 3116 5275 ι
3162 5224 3339 5278 Parti-

1759 5370 2038 5442 quaesierit
2072 5370 2136 5442 in,
2161 5367 2436 5437 prmsenti,
2468 5365 2520 5442 in
2550 5378 2660 5432 quo
2688 5376 2870 5442 omne,
2907 5359 3049 5442 quod
3080 5358 3340 5440 vivimus,

1760 5430 1923 5498 breve
1950 5452 2004 5496 et
2030 5430 2223 5495 umbra
2251 5450 2335 5493 est
2379 5447 2433 5491 et
2471 5430 2651 5503 imago
2680 5450 2692 5485 :
2724 5431 2791 5484 In
2826 5432 3054 5501 imagine
3076 5430 3210 5503 enini
3252 5446 3344 5499 pe-

1760 5512 2030 5565 rambulat
2084 5512 2235 5563 homo
2268 5508 2384 5575 (Ps.
2414 5499 2642 5567 xxxviii,
2680 5503 2730 5572 7)
2761 5519 2773 5566 ;
2810 5505 2902 5555 sed
2939 5499 3091 5575 quod
3151 5499 3220 5553 de
3258 5504 3341 5554 l'u-

1758 5596 1884 5637 tnro
1920 5583 2129 5640 timeat,
2164 5597 2230 5634 ne
2256 5572 2537 5649 longitudo
2562 5578 2687 5630 vita:
2733 5575 2928 5644 ipsius,
2962 5572 3055 5627 ubi
3101 5586 3227 5625 vera
3261 5579 3345 5626 est

1760 5658 1889 5708 vita.
1916 5653 2211 5706 brevietur.
2250 5670 2268 5702 ι

1831 5724 1944 5792 (93)
1983 5723 2140 5791 Apud
2191 5720 2334 5774 LXX
2392 5722 2605 5792 leges...
2645 5716 2928 5792 "Oresio!
2976 5714 3198 5792 δίκαιοι,
3259 5712 3344 5792 ὅτι

1766 5783 1959 5864 φθάνει
2013 5783 2106 5864 ἐπ’
2163 5783 2472 5864 αὐτοὺς...Ϊ
2498 5790 2711 5864 Qlytnp.
2769 5789 2895 5842 Ὅτι
2964 5787 3158 5862 φθάνει
3205 5783 3344 5856 πρδς

1765 5862 1961 5929 αὐτοὺς
1993 5863 2070 5929 ὡς
2098 5863 2314 5935 ποίημα
2342 5864 2448 5917 τῶν
2481 5862 2749 5916 ἀδίκων...
