4114 6490
623 357 759 424 1059

1716 345 1775 403 S.
1814 339 2190 406 GREGOBII
2233 337 2741 399 AGRIGENTlNl

3737 331 3872 396 1060

620 487 746 541 ceps
767 484 867 538 ego
894 480 1014 522 sum
1035 463 1277 518 omnium
1301 459 1605 515 timentium
1625 469 1676 513 te
1691 467 1745 510 et
1767 455 2192 510 custodientium

2299 447 2803 520 παρῤησιασμένως
2826 446 3058 511 ἕκαστος
3090 448 3254 518 ’ἡμῶν
3283 446 3418 518 λέγῃ
3451 446 3588 516 μετὰ
3617 445 3716 500 τοῦ
3746 464 3873 515 προ-

619 563 872 622 mandata
904 568 997 612 tua
1027 557 1111 622 '7;
1146 574 1164 606 I
1205 562 1259 608 et
1300 567 1554 606 rursum:
1586 568 1605 601 ι
1648 548 1777 603 Mihi
1817 557 1998 602 autem
2023 546 2188 600 nimis

621 648 961 709 honorilicati
987 655 1112 702 sunt
1141 643 1300 698 amici
1334 645 1434 706 tui,
1460 641 1621 703 Deus,
1653 639 1809 693 valde
1832 637 2189 692 conﬁrmatus

617 753 703 799 est
769 739 1108 811 principatus
1175 750 1363 790 eorum
1411 734 1456 764 ⁷⁸
1496 751 1514 784 ι
1559 732 1737 800 Atque
1788 746 1818 784 e
1867 727 2184 782 contrario:

615 837 810 892 Nonne
865 835 1112 888 odientes
1156 839 1230 896 te,
1262 829 1507 889 Domine,-
1567 825 1694 880 odio
1749 823 1915 878 habui
1940 831 1995 874 et
2025 834 2189 890 super

615 930 869 986 inimicos
899 937 1022 982 tuos
1081 923 1420 978 tabescebam
1457 920 1540 974 79?
1570 938 1589 970 ι
1623 918 1807 987 Itaque
1866 914 2019 985 regni
2071 927 2185 967 cae--

616 1023 768 1078 lestis
798 1019 1167 1080 hereditatem
1205 1014 1468 1070 adeamus
1521 1027 1645 1066 cum
1678 1011 1797 1080 ipso
1825 1009 2046 1063 Christo
2080 1006 2188 1060 Deo

617 1127 831 1181 nostro,
861 1115 947 1170 cui
979 1112 1150 1180 gloria
1187 1122 1242 1165 et
1297 1109 1586 1176 imperium
1640 1121 1764 1160 cum
1817 1103 2189 1170 omnipotente

617 1210 778 1264 Patre
825 1217 882 1262 et
931 1215 1120 1261 sancto
1153 1204 1408 1272 bonoque
1456 1201 1687 1268 vitaeque
1706 1205 1931 1251 auctore
1955 1195 2185 1263 Spiritu,

618 1319 764 1360 nunc
815 1307 870 1356 et
912 1313 1126 1368 semper
1146 1305 1201 1352 et
1232 1297 1285 1351 in
1328 1301 1583 1366 perpetua
1615 1290 1815 1346 sazcula
1839 1288 2190 1343 saeculorum.

620 1392 812 1452 Amen.

698 1685 741 1719 ⁷⁷
770 1683 914 1740 Psal.
940 1697 1138 1744 CXVIII,
1177 1680 1268 1735 63.

629 1884 1138 1911 Ψ

2297 543 2470 611 φήτου
2513 539 2678 592 Δαϐὶδ
2717 539 2853 609 πρὸς
2896 541 2986 592 τὸν
3029 539 3138 592 τῶν
3175 539 3314 593 ὅλων
3354 537 3488 592 Θεὸν
3516 557 3529 569 ·
3566 558 3584 588 ι
3628 539 3868 608 Μέτοχος

2297 632 2408 701 ἐγώ
2443 633 2559 702 εἰμι
2589 632 2807 685 πάντων
2832 631 2941 684 τῶν
2967 630 3315 703 φοϐουμένων
3342 649 3400 684 σε
3428 631 3649 684 καὶτῶν
3672 629 3871 697 φυλασ-

2300 726 2503 778 σόντων
2553 723 2653 785 τὰς
2711 722 2932 785 ἐντολάς
2972 739 3087 777 σου.
3131 743 3150 775 I
3192 724 3299 776 Καὶ
3330 723 3531 776 πάλιν·
3571 740 3589 772 ι
3639 721 3795 790 Ἐμοὶ
3817 720 3873 773 δὲ

2297 814 2418 869 λίαν
2463 815 2804 886 ἐτιμήθησαν
2837 815 2887 865 οἱ
2927 813 3070 882 φίλοι
3119 832 3236 875 σου,
3278 817 3305 867 ὁ
3341 814 3496 878 Θεὸς,
3530 813 3654 866 λίαν
3703 814 3870 881 ἐκρα-

2296 905 2613 976 ταιὼθησαν
2643 907 2697 960 αἱ
2719 907 2888 976 ἀρχαὶ
2909 906 3110 960 αὐτῶν.
3142 926 3158 958 I
3190 906 3375 959 Καὶτὸ
3400 905 3638 974 ἔμπαλιν
3671 923 3685 935 ’
3723 925 3740 956 ι
3769 906 3874 957 Oi:-

2297 1001 2353 1071 χὶ
2385 998 2514 1062 τοὺς
2545 997 2840 1068 μισοῦντας
2877 1016 2958 1060 σε,
2991 998 3186 1070 Κύριε,
3213 999 3472 1069 ἐμίσησα,
3499 998 3593 1050 καὶ
3629 997 3725 1049 ἐπὶ
3749 999 3873 1059 mia;

2297 1091 2526 1162 ἐχθρούς
2574 1108 2668 1146 σου
2716 1090 3096 1162 ὲξετηκόμην;
3138 1111 3155 1143 I
3192 1091 3303 1144 Καὶ
3346 1091 3446 1161 τὴν
3494 1091 3602 1142 τῶν
3631 1090 3874 1160 οὐρανῶν

2300 1184 2578 1256 βασιλείαν
2607 1183 3112 1254 κληρονομήσωμεν
3132 1184 3190 1236 ἐν
3221 1182 3369 1253 αὑτῷ
3401 1180 3622 1254 Χριστῷ
3653 1182 3729 1250 τῷ
3759 1179 3873 1249 Θεῷ

2297 1277 2477 1346 ἡμῶν,
2511 1269 2556 1342 ᾧ
2594 1275 2782 1346 ἠδόξα
2830 1277 2926 1328 καλ¹
2973 1275 3034 1328 τὸ
3075 1277 3274 1346 κράτος
3323 1276 3420 1328 σὺν
3451 1274 3529 1343 τῷ
3563 1276 3872 1340 παντοκρὰ-

2296 1385 2416 1437 τορι
2485 1367 2664 1438 Πατρ)⁵
2693 1367 2787 1421 καὶ
2820 1366 2897 1436 τῷ
2954 1368 3208 1436 παναγίῳ
3254 1367 3350 1420 καὶ
3387 1365 3578 1436 ἀγαθῷ
3620 1365 3717 1418 καὶ
3742 1363 3871 1426 ζωο-

2299 1457 2438 1529 ποιῷ
2473 1457 2755 1529 Πνεύματι
2803 1459 2898 1512 νῦν
2932 1461 3026 1512 καὶ
3052 1460 3140 1513 ἀεὶ
3167 1458 3262 1514 καὶ
3291 1461 3374 1524 εἰς
3417 1460 3545 1523 τοὺς
3588 1459 3869 1530 ἀτελευτή-

2300 1570 2426 1617 τούς
2457 1553 2665 1617 αἰῶνας
2689 1551 2798 1606 τῶν
2841 1551 3079 1610 αἰώνων.
3124 1554 3322 1626 Ἀμήν.

1344 1678 1388 1709 ’⁷⁸
1421 1677 1566 1730 Psal.
1622 1688 1900 1738 cxxxvm,
1954 1671 2040 1727 17.
2117 1672 2163 1703 ’θ
2210 1671 2319 1726 ibid
2407 1671 2498 1728 21.

1795 2032 2162 2120 ΛΟΓΟΣ
2236 2027 2702 2167 οΓΔοοΣ.

1733 2357 2092 2486 ῘΛΒΕΗ
2189 2396 2765 2488 OCTAVUS.

2099 2732 2263 2806 214
2295 2733 2322 2806 §
2353 2732 2392 2789 '-

692 2849 849 2904 Vers.
884 2847 1066 2904 15-17.
1099 2845 1170 2901 Et
1218 2847 1434 2902 laudavi
1489 2865 1582 2919 ego
1612 2847 1880 2913 lmtitiam,
1931 2849 2058 2920 quia
2087 2867 2192 2904 non

2366 2850 2476 2904 Kal
2526 2849 2797 2918 ἐπῄνεσα
2849 2846 2965 2918 ἐγὼ
2991 2846 3275 2924 σὺνῇτὴν
3323 2846 3752 2916 εὐφροσύνην,
3781 2847 3869 2900 ὅτι

623 2954 699 3000 est
725 2943 913 2999 bonum
960 2941 1162 2998 homini
1212 2939 1307 2996 δηιὸ
1348 2942 1477 3008 sale,
1521 2942 1624 2995 nisi
1653 2942 1920 2996 comedere
1941 2952 1992 2997 et
2032 2944 2192 2998 bibere

2297 2945 2406 3000 οὐκ
2437 2945 2610 2998 ἐστιν
2637 2940 2862 3010 ἀγαθὸν
2886 2939 2966 3006 τῷ
2999 2941 3290 3009 ἀνθρώπῳ
3310 2940 3430 2996 ὑπὸ
3464 2941 3574 2994 τὸν
3600 2940 3801 3008 ἣλιον,
3818 2943 3869 2994 ει

621 3047 670 3088 et
701 3037 893 3087 la’tart.
931 3032 1001 3086 Et
1048 3035 1218 3103 ipsum
1275 3034 1440 3086 simul
1499 3033 1667 3086 aderit
1715 3022 1762 3086 ei
1793 3033 1848 3086 in
1880 3031 2060 3087 labore
2083 3035 2192 3103 ejus

2297 3034 2376 3104 μὴ
2406 3034 2474 3088 τὸ
2504 3032 2718 3104 φαγεῖν
2750 3032 2847 3087 καὶ
2877 3032 2945 3086 τὸ
2974 3032 3155 3094 πιεῖν,
3196 3032 3295 3086 καὶ
3333 3033 3399 3086 τὸ
3423 3031 3833 3102 εὐφρανθῆναι
3855 3048 3870 3062 ·

621 3143 714 3198 per
745 3128 854 3181 dies
880 3127 999 3181 vita:
1024 3126 1215 3196 ipsius,
1241 3141 1369 3195 quos
1401 3124 1546 3178 dedit
1574 3126 1621 3179 ei
1665 3125 1804 3179 Deus
1841 3127 1936 3179 sub
1976 3126 2103 3181 solet
2132 3125 2192 3180 In

2297 3127 2396 3182 καὶ
2449 3125 2600 3180 αὐτό
2649 3125 3110 3195 συμπροσέσται
3164 3124 3325 3190 αὐτῷ
3352 3126 3423 3178 ἐν
3453 3125 3660 3195 μόχθῳ
3686 3125 3874 3179 αὐτοῦ

593 3209 811 3284 ’ᾳιιὶίηιε
857 3215 976 3268 dedi
1001 3232 1092 3268 cor
1123 3231 1316 3277 meum,
1343 3225 1400 3266 ut
1458 3207 1824 3284 cognoscerem
1858 3216 2198 3286 sapientiam,

621 3318 670 3361 et
694 3308 918 3361 viderem
953 3308 1345 3369 distensionem,
1387 3323 1503 3377 qua:
1527 3307 1668 3376 facta
1695 3318 1770 3362 est
1801 3321 2190 3377 superterram,

621 3400 749 3467 quia
773 3407 821 3451 et
848 3400 903 3451 in
931 3398 1014 3452 die
1045 3408 1094 3452 et
1124 3399 1180 3451 in
1228 3408 1376 3451 nocte
1421 3414 1661 3451 somnum
1701 3401 1867 3454 oculis
1927 3402 2038 3457 suis
2089 3418 2194 3455 non

623 3499 699 3542 est
727 3488 922 3559 videns,
968 3487 1034 3541 Et
1063 3488 1170 3542 vidi
1191 3489 1367 3542 omnia
1389 3504 1547 3556 opera
1583 3490 1699 3555 Dei,
1721 3492 1849 3560 quia
1876 3507 1980 3545 non
2001 3491 2192 3560 poterit

623 3581 776 3635 homo
800 3581 1027 3635 invenire
1059 3597 1210 3650 opus,
1245 3581 1382 3649 quod
1417 3581 1614 3647 factum
1646 3593 1721 3637 est
1746 3584 1839 3637 sub
1861 3584 1991 3638 sole.
2029 3583 2191 3648 Qua:-

625 3689 823 3742 cuuque
871 3672 1129 3725 laborabit
1195 3673 1348 3725 homo
1392 3688 1657 3741 quazrere,
1698 3683 1748 3727 et
1798 3691 1900 3728 non
1948 3675 2190 3728 inveniet.

626 3761 806 3815 Etiam
837 3779 1155 3832 quwcunque
1207 3762 1402 3816 dixerit
1430 3765 1639 3832 sapiens
1670 3781 1724 3819 se
1761 3783 1931 3830 nosse,
1965 3783 2065 3821 non
2095 3784 2193 3836 po-

625 3857 745 3908 terit
779 3856 1026 3908 invenire.
1081 3854 1258 3918 Quare
1304 3870 1455 3908 omne
1481 3857 1575 3909 hoc
1615 3857 1737 3910 dedi
1779 3859 1833 3911 in
1863 3861 2017 3913 corde
2046 3878 2194 3925 meo;

622 3957 788 4000 ctcor
821 3963 991 3999 meum
1050 3945 1181 3999 vidit
1238 3961 1389 3998 omne
1410 3945 1506 3998 hoc
1531 3961 1548 3998 :
1573 3950 1830 4015 quomodo
1855 3949 1993 4018 justi
2037 3961 2084 4004 et
2111 3968 2198 4004 sa-

622 4040 817 4108 pientes
855 4046 904 4090 et
938 4036 1081 4104 facta
1102 4051 1284 4088 eorum
1310 4051 1492 4089 coram
1534 4037 1640 4092 Deo
1673 4039 1808 4109 (‘24).

2296 3220 2527 3289 ἡμέρας
2557 3217 2703 3286 ζωῆς
2735 3219 2944 3282 αὑτοῦ,
2989 3218 3063 3284 ἂς
3085 3219 3311 3272 ἔδωκεν
3333 3217 3493 3283 αὐτῷ
3518 3221 3551 3272 ὁ
3577 3219 3725 3284 Θεὸς
3754 3220 3869 3273 ὑπὸ

2299 3314 2406 3365 τὸν
2435 3310 2631 3378 ἣλιον.
2664 3309 2766 3363 Ἐν
2819 3307 2910 3376 οἷς
2963 3307 3156 3362 ἔδωκα
3187 3308 3303 3372 τὴν
3343 3307 3598 3376 καρδίαν
3617 3326 3738 3378 μου
3770 3307 3873 3361 τοῦ

2299 3402 2520 3473 γνῶναι
2562 3402 2676 3470 τὴν
2722 3404 2951 3472 σοφίαν
2971 3445 2986 3468 ,
3019 3402 3117 3457 καὶ
3135 3401 3241 3457 τοῦ
3265 3399 3416 3457 ἰδεῖν
3446 3402 3554 3456 τὸν
3583 3418 3874 3471 περισπα-

2300 3496 2460 3564 σμὸν
2495 3495 2603 3549 τὸν
2652 3495 3058 3565 πεποιημένον
3106 3495 3206 3549 ἐπὶ
3264 3495 3375 3563 τῆς
3409 3493 3540 3564 γῆς.
3568 3495 3656 3548 ὅτι
3688 3496 3784 3548 κα)
3809 3497 3874 3547 ἐν

2299 3586 2486 3656 ἡμέρᾳ
2516 3586 2612 3640 καὶ
2658 3587 2727 3639 ἐν
2780 3588 2958 3641 νυκτὶ
3008 3587 3209 3641 ὕπνον
3231 3589 3303 3642 ἐν
3327 3587 3654 3656 ὀφθαλμοῖς
3685 3587 3873 3641 aunt?

2297 3681 2410 3733 οὐκ
2437 3679 2570 3732 ἐστι
2602 3678 2873 3743 βλέπων.
2904 3680 3009 3733 Καὶ
3053 3675 3220 3733 εἶδον
3252 3681 3574 3748 σύμπαντα
3601 3678 3673 3732 τὰ
3703 3679 3872 3743 ποιή-

2293 3788 2450 3842 ματα
2468 3771 2574 3825 τοῦ
2604 3773 2773 3833 Θεοῦ,
2803 3772 2893 3826 ὅτι
2949 3773 3023 3826 οὐ
3073 3771 3404 3838 δυνήσεται
3438 3772 3752 3839 ἅνθρωπος
3775 3774 3872 3825 εὐ-

2289 3862 2425 3932 ρεῖν
2486 3863 2609 3917 σὺν
2669 3864 2735 3916 τὸ
2784 3865 3006 3932 ποίημα
3056 3865 3122 3917 τὸ
3168 3863 3578 3934 πεποιημένον
3606 3862 3729 3917 ὑπὸ
3769 3861 3873 3915 τὸν

2299 3955 2477 4022 ἣλιον
2502 3977 2511 3988 σ
2538 3956 2655 4009 ὅσα
2679 3955 2756 4010 ἂν
2772 3956 3056 4025 μοχθήσῃ
3090 3956 3400 4025 ἄνθρωπος
3443 3955 3551 4009 τοῦ
3595 3953 3868 4023 ζητῆσαι.

2301 4048 2399 4100 καὶ
2433 4049 2544 4116 οὐχ
2571 4047 2826 4115 εὐρήσῃ.
2863 4052 2979 4103 Καί
3016 4066 3082 4119 γε
3113 4049 3230 4103 ὅσα
3257 4049 3334 4103 ἂν
3361 4048 3499 4116 εἴπῃ
3533 4048 3730 4116 σοφὸς
3769 4048 3869 4100 τοῦ

623 4130 864 4202 γνῶναι,
902 4131 974 4184 οὐ
1006 4128 1336 4194 δυνήσεται
1383 4131 1489 4185 τοῦ
1533 4133 1741 4200 ἐὑρεῖν
1767 4149 1780 4162 ·
1811 4133 1900 4188 ὅτι
1943 4137 2194 4203 σύμπαν
2232 4141 2408 4193 τοῦτο
2446 4141 2637 4195 ἔδωκα
2663 4145 2750 4207 είς
2807 4141 3060 4209 καρδίαν
3087 4159 3232 4208 μου,
3261 4141 3361 4195 καὶ
3386 4141 3598 4208 καρδία
3622 4138 3869 4210 μσυεῖὃε

624 4225 873 4293 σύμπαν
929 4221 1106 4275 τοῦτο
1129 4237 1142 4251 ·
1170 4222 1250 4285 ὠς
1295 4225 1351 4275 οἱ
1398 4223 1616 4279 δίκαιοι
1660 4227 1758 4280 καὶ
1789 4230 1843 4282 οἱ
1881 4231 2057 4298 σοφοὶ
2093 4231 2192 4285 καὶ
2234 4235 2294 4286 αἱ
2327 4233 2601 4302 ἐργασίαι
2636 4233 2836 4288 αὐτῶν
2851 4233 3109 4288 ἐνώπιον
3140 4236 3244 4288 τοῦ
3275 4235 3444 4288 Θεοῦ.

697 4319 988 4387 Postquam
1032 4317 1220 4386 reiecit
1279 4330 1662 4389 praeposteram
1695 4332 1750 4376 et
1789 4324 2080 4379 absurdam
2108 4327 2192 4397 ju-

2367 4329 2478 4398 Τὴν
2504 4329 2874 4401 ἀκατάλληλον
2913 4331 3007 4383 καὶ
3027 4330 3340 4400 παράλογον
3366 4331 3736 4402 ἀντιστροφὴν
3776 4332 3869 4400 τῆς

625 4411 753 4467 dicii
811 4409 1216 4478 perversionem
1257 4411 1323 4464 de
1359 4411 1626 4480 utrisque,
1660 4419 1768 4466 tam
1801 4414 1958 4470 bonis
1988 4416 2198 4472 scilicet

626 4513 690 4552 ac
729 4497 851 4566 piis,
885 4513 1048 4567 quam
1099 4497 1281 4565 impiis
1305 4513 1370 4553 ac
1422 4501 1612 4568 malis;
1644 4512 1806 4571 atque
1831 4505 2014 4560 itidem
2046 4522 2197 4561 com-

624 4586 957 4641 mutationes
986 4587 1464 4658 traduCtionesque
1491 4594 2024 4657 remuneratiunum,
2060 4612 2196 4665 quas

624 4677 820 4732 horum
852 4677 1088 4746 ipsorum
1125 4693 1288 4733 causa
1312 4694 1376 4734 ex
1406 4683 1750 4739 convenienti
1798 4695 1852 4740 et
1876 4686 2026 4756 justo
2047 4688 2196 4757 judi-

624 4769 712 4824 cio
735 4768 938 4824 dandas
959 4784 1100 4834 esse,
1137 4771 1395 4827 cordatus
1426 4775 1654 4844 quisque
1676 4785 1728 4831 et
1750 4778 2012 4835 honestus
2035 4781 2196 4837 homo

627 4860 856 4929 sentiat;
879 4862 1076 4932 quippe
1097 4877 1217 4932 quae
1244 4875 1436 4920 contra
1457 4864 1553 4920 Dei
1585 4868 1860 4924 decretum
1879 4871 2198 4943 iustamque

626 4955 955 5010 sententiam
995 4955 1230 5013 inducta:
1284 4968 1443 5026 sunt;
1499 4976 1564 5016 ac
1619 4974 1907 5034 postquam
1947 4969 2082 5022 nihil
2141 4970 2194 5024 in

625 5045 914 5116 impiorum
966 5063 1030 5102 ac
1075 5049 1610 5127 dementium,quos
1666 5056 1890 5119 notavit,
1918 5059 2194 5114 hominum

626 5137 824 5194 studiis
855 5139 1079 5208 dignum
1113 5140 1292 5197 inesse
1321 5143 1797 5200 commendatione
1835 5147 2076 5213 invenit;
2101 5164 2198 5217 per

625 5231 1017 5300 appositionem
1038 5233 1611 5301 comparationemque
1631 5251 1751 5290 cum
1777 5237 2000 5307 reliquis
2019 5243 2196 5293 omni-

624 5323 726 5378 bus
755 5337 938 5378 eorum
959 5323 1117 5378 factis
1140 5324 1324 5394 impiis
1340 5324 1695 5397 etﬂagitiosis
1718 5328 2009 5384 adlaudem
2033 5331 2194 5402 215

626 5417 823 5470 transit
851 5416 1190 5470 humanioris
1219 5421 1533 5472 earumdem
1561 5419 1757 5474 lartitiw
1777 5459 1792 5485 ,
1823 5437 1982 5489 quam
2010 5424 2111 5476 silIi
2144 5426 2193 5479 iII

627 5508 836 5562 edendo
859 5507 1200 5576 bibendoque
1228 5511 1564 5564 constituunt
1591 5529 1606 5578 ;
1643 5521 1698 5566 et
1745 5515 1961 5568 unicum
2007 5516 2194 5570 talium

703 5699 813 5781 (ἓξ)
841 5701 908 5754 At
939 5701 1088 5781 ζλΧΧ-
1110 5704 1547 5781 lIalIeIIt..._'Yn:§
1580 5705 1670 5781 τδν
1703 5706 1873 5781 ἥλιον,
1903 5709 1985 5762 ὅτι
2032 5711 2079 5763 εἰ
2117 5709 2191 5781 μὴ

630 5774 822 5843 φαγεῖν
876 5773 968 5824 καὶ
998 5773 1090 5826 τοῦ
1122 5779 1262 5828 πιεῖν
1313 5776 1405 5829 καὶ
1457 5777 1550 5830 τοῦ
1583 5773 2064 5849 εὐφρανθῆναι.....
2093 5773 2146 5835 et
2176 5773 2188 5834 Ξ

2300 4420 2626 4491 ὑπολήψεως
2675 4409 2980 4490 ἑκατέρων,
3009 4421 3213 4492 δηλαδὴ
3255 4421 3365 4474 τῶν
3392 4421 3615 4491 ἀγαθῶν
3645 4425 3739 4477 καὶ
3761 4423 3868 4475 τῶν

2298 4513 2562 4576 εὐσεϐῶν,
2595 4516 2691 4568 καὶ
2721 4515 2906 4584 μέντοι
2929 4513 3038 4568 τῶν
3059 4515 3276 4568 ἀσεϐῶν
3304 4516 3398 4568 καὶ
3432 4515 3541 4568 τῶν
3578 4517 3867 4587 πονηρῶνο

2295 4601 2555 4667 ὡσαύτως
2583 4603 2639 4657 δὲ
2673 4605 2766 4657 καὶ
2792 4606 2891 4668 τὰς
2943 4605 3261 4681 ἀλλοιώσεις
3291 4606 3384 4659 καὶ
3425 4606 3731 4676 μεταϐολὰς
3761 4608 3872 4660 τῶν

2297 4698 2386 4750 ἐπ’
2413 4697 2598 4761 αὐτοῖς
2632 4697 2840 4762 τούτοις
2865 4698 3229 4770 ὀφειλομένων
3253 4698 3573 4770 δοθήσεσθαι
3605 4701 3746 4768 μετά
3773 4704 3872 4768 τῆς

2297 4789 2614 4858 πρεπούσης
2644 4788 3042 4861 δικαιοκρισίας
3069 4792 3220 4862 παρά
3246 4791 3487 4858 λογικοῖς
3517 4791 3615 4844 καὶ
3647 4792 3870 4861 φιλοκάο

2297 4879 2420 4960 λοις⁵
2440 4879 2746 4951 ἀνθρώποις
2769 4881 2864 4934 καὶ
2887 4885 3129 4947 συνετοῖς
3146 4883 3486 4948 ἀντιδόσεων,
3505 4882 3874 4952 ἐκφαυλίσας,

2298 4970 2374 5034 ὡς
2401 4971 2550 5042 παρὰ
2600 4973 2698 5044 τὴν
2726 4971 2820 5025 τοῦ
2853 4971 2988 5025 Θεοῦ
3021 4973 3201 5043 ψῆφον
3244 4973 3341 5027 καὶ
3369 4973 3466 5042 τὴν
3497 4973 3722 5026 δικαίαν
3752 4977 3874 5045 κρί-

2301 5079 2382 5115 σιν
2415 5063 2788 5132 γεγενημένας
2815 5079 2829 5095 ο
2857 5064 2953 5116 καὶ
2983 5063 3150 5134 μηδὲν
3184 5065 3333 5128 ἄξιον
3364 5064 3641 5134 ἀποδοχῆς
3666 5068 3726 5118 ὲν
3760 5069 3876 5127 τοῖς

2298 5153 2691 5222 ἐπιτηδεύμασι
2722 5153 2831 5207 τῶν
2878 5156 3438 5228 χαρακτηριζομὲνων
3464 5158 3730 5214 τοιούτων
3751 5160 3875 5213 διισ-

2301 5245 2476 5309 σεϐῶν
2504 5243 2807 5316 ἀνθρώπων
2837 5246 2929 5299 καὶ
2964 5247 3341 5317 παραπλήγων
3389 5247 3568 5317 εὑρών
3595 5263 3608 5276 ⁸
3656 5253 3875 5320 πρόεισι

2299 5337 2442 5390 κατὰ
2500 5337 2807 5407 παράθεσιν
2850 5339 2944 5390 καὶ
2996 5338 3288 5409 σύγκρισιν
3314 5338 3423 5392 τῶν
3447 5340 3629 5395 ἄλλων
3651 5343 3876 5395 πάντων

2299 5427 2478 5481 αὐτῶν
2507 5427 2871 5496 ἀσεϐημάτων
2910 5427 3006 5480 καὶ
3047 5431 3568 5500 κακοπραγημάτων
3598 5435 3684 5493 είς
3711 5434 3873 5486 ἔπαι-

2300 5534 2387 5570 νον
2415 5517 2514 5579 τοῖς
2567 5517 3063 5588 ἁνθοωπινωτέρας
3107 5519 3284 5572 αὐτῶν
3305 5521 3647 5592 εὐφροσύνης
3677 5524 3778 5593 τῆς
3812 5525 3871 5576 ὲν

2304 5715 2413 5790 iga).
2439 5716 2494 5790 αἱ
2525 5715 2798 5790 ’ἐργασίαι
2825 5717 3004 5790 αὐτῶν
3031 5719 3088 5770 ἐν
3122 5719 3273 5790 χειρὶ
3303 5716 3396 5790 τοῦ
3429 5717 3588 5772 Θεου.
3622 5719 3864 5790 Ulymp.,

2299 5786 2408 5836 Καὶ
2438 5786 2676 5856 ἐπῄνεσα
2707 5787 2817 5854 ἐγὼ
2852 5789 2947 5840 σὺν
2979 5791 3046 5858 τῇ
3083 5786 3502 5860 εὐφροσύνῃ.....
