4114 6510
313 378 445 442 1361

1340 381 1421 439 IN
1460 378 2038 441 ECCLESIASTEN-
2077 405 2148 415 —
2176 381 2327 442 LIB.
2365 379 2532 443 VIII.

3460 379 3611 445 1062

310 487 570 561 βρώμασι
601 484 695 539 καὶ
713 484 923 553 πόμασι
962 485 1525 555 κατασκευαζομένης
1568 488 1654 538 ἐπ’
1690 486 1900 549 αὐτοῖς,

2009 485 2292 540 hominum
2325 488 2527 542 bonum
2558 485 2811 558 designat
2850 501 2915 541 ac
2942 495 3183 556 separat,
3225 487 3354 560 quia
3390 488 3592 545 bonum

307 579 409 633 καὶ
438 578 602 649 μόνον
634 576 914 647 ἀφορίζων
944 575 1041 629 καὶ
1076 577 1563 648 προσαποκληρῶν
1591 576 1701 630 τῶν
1723 577 1904 631 τοιού-

303 688 420 725 των
476 666 783 740 ἀνθρώπων
828 667 893 721 τὸ
934 667 1162 736 ἀγαθὸν,
1207 668 1283 728 ὡς
1312 668 1467 723 οὐδὲν
1490 669 1619 723 ἄλλο
1642 668 1904 739 δυνηθέν-

302 782 441 827 των,
475 764 508 835 ἢ
550 762 753 834 μᾶλλον
783 761 960 815 εἰπεῖν
1020 760 1401 831 βουληθέντων
1439 760 1749 832 κτήσασθαι
1799 779 1903 815 κα-

302 858 400 911 λὸν
426 857 570 911 κατά
592 858 687 910 τὸν
719 856 970 924 παρόντα
996 855 1110 925 βίον
1133 871 1148 886 θ
1190 854 1307 907 ἀλλ’
1328 856 1451 909 οὐδὲ
1474 855 1613 925 πρὸς
1635 854 1736 926 τὴν
1772 854 1904 926 μέλ-

303 952 514 1005 λουσαν
557 949 705 1021 ζωὴν
740 948 929 1012 αὐτοῖς
968 948 1330 1020 εὑρεθήσεται
1376 948 1438 1001 τὸ
1468 948 1756 1018 παράπαν,
1786 946 1903 1000 ἀλλ’

303 1045 343 1115 ἢ
382 1043 544 1114 μόνον
572 1044 605 1112 ἠ
644 1042 787 1095 κατὰ
807 1040 899 1093 τὸν
928 1040 1174 1109 παρόντα
1201 1039 1315 1109 βίον
1351 1040 1609 1118 εὐετηρία
1634 1040 1730 1094 καὶ
1761 1040 1902 1109 θυμ-

303 1136 435 1202 ηόία
480 1134 576 1187 καὶ
604 1133 797 1204 τέρψις
820 1133 854 1201 ἠ
886 1130 975 1185 διὰ
1014 1130 1117 1200 τῆς
1142 1129 1399 1201 βρώσεως
1418 1129 1512 1184 καὶ
1536 1129 1638 1200 τῆς
1665 1129 1897 1194 πόσεως.

302 1226 615 1295 Μονονουχὶ
660 1225 771 1294 γάρ
801 1242 975 1296 φησι·
1033 1224 1262 1278 Πάντων
1317 1221 1729 1293 ἀπεστέρηνται
1791 1221 1901 1275 τῶν

302 1318 535 1387 ἀγαθῶν
554 1317 651 1371 καὶ
700 1319 845 1371 κατά
875 1318 978 1388 τὴν
1006 1314 1297 1386 παροῦσαν
1321 1315 1468 1385 ζωὴν
1500 1315 1596 1368 καὶ
1626 1314 1771 1369 κατά
1798 1314 1900 1386 τὴν

306 1411 637 1485 μέλλουσαν,
669 1409 765 1463 ἀτε
810 1409 875 1479 δὴ
937 1411 1078 1478 σφᾶς
1134 1409 1335 1472 αὐτοὺς
1377 1407 1722 1478 αὐθαιρέτως
1764 1407 1902 1472 πρὸς

306 1506 496 1557 πᾶσαν
532 1501 719 1555 ἄδικον
772 1501 976 1571 πρᾶξιν
1049 1501 1145 1555 καὶ
1195 1501 1356 1568 δόξαν
1413 1499 1753 1572 κατάλληλον
1805 1498 1902 1553 καὶ

304 1598 631 1668 παράλογον
652 1594 1064 1667 ὲπιρῤίψαντες,
1088 1593 1163 1658 ὡς
1196 1594 1437 1663 εὐλόγως
1466 1594 1565 1648 καὶ
1594 1592 1902 1665 προσηκόν-

305 1709 427 1744 των
458 1689 687 1744 ἀκοῦσαι
741 1686 838 1740 καὶ
870 1687 942 1740 δι’
974 1687 1107 1740 αὐτὸ
1154 1687 1315 1740 τοῦτο
1373 1684 1545 1773 παρὰ.
1584 1685 1687 1757 τῆς
1748 1684 1903 1750 θείας

311 1783 518 1855 βουλῆς
552 1782 645 1835 καὶ
692 1780 1120 1851 δικαιοκρισίαςο
1159 1798 1180 1832 ι
1222 1780 1557 1834 Ἀπελάϐετε
1604 1777 1674 1832 τὰ
1712 1776 1901 1847 ἀγαθά

309 1878 475 1949 ὑμῶν
498 1878 557 1931 ἐν
582 1877 650 1948 τῇ
680 1874 795 1947 ζωῇ
819 1875 849 1928 ὑ
858 1873 996 1944 μῶν,
1019 1874 1116 1927 καὶ
1135 1873 1226 1928 διὰ
1250 1873 1412 1928 τοῦτο
1438 1873 1534 1927 νῦν
1555 1874 1847 1930 όδυνᾶσθε.
1874 1893 1893 1926 ›

2007 578 2154 633 aliud
2190 579 2243 632 in
2275 578 2379 647 hac
2407 580 2520 634 vita
2561 580 2772 635 nullum
2806 580 3112 651 potuerint,
3155 596 3249 636 seu
3283 582 3468 651 potius
3496 599 3597 637 no-

2007 670 2206 725 luerint
2238 686 2593 741 comparare:
2634 675 2778 743 quod
2812 674 3033 744 quidem
3069 675 3121 728 in
3143 673 3328 730 futura
3351 677 3462 733 vita
3494 680 3595 733 tui-

2006 766 2153 819 nime
2185 764 2293 820 illis
2315 777 2514 834 praesto
2546 767 2650 822 erit
2674 785 2688 832 ;
2711 777 2773 822 ut
2807 779 2938 836 tota,
2965 770 3089 822 dum
3113 770 3305 825 vivunt
3327 813 3342 837 ,
3362 771 3594 829 felicitas

2005 868 2193 907 eorum
2229 862 2284 907 et
2317 854 2499 909 laetitia
2547 868 2599 909 et
2626 856 2946 925 jucunditas
2968 859 3160 911 edendi
3185 869 3239 913 et
3260 860 3475 915 bibendi
3502 878 3595 917 vo-

2004 945 2214 1013 luptate
2269 947 2685 1016 circumscripta
2743 950 2836 1003 sit.
2868 948 3025 1017 Velut
3050 953 3095 1006 si
3130 953 3374 1008 diceret:
3405 953 3593 1010 Omni~

2002 1038 2105 1095 bus
2128 1038 2288 1094 bonis
2328 1038 2401 1092 illi
2434 1053 2666 1094 caruere
2709 1050 2763 1095 et
2807 1044 2992 1111 quoad
3054 1055 3377 1113 praesentem
3402 1049 3591 1116 vitam,

2003 1142 2058 1187 et
2085 1134 2260 1202 quoad
2285 1131 2518 1187 futuram
2542 1149 2556 1199 ;
2580 1148 2701 1187 cum
2735 1135 2947 1205 seipsos
2988 1147 3180 1207 sponte
3211 1140 3264 1193 itt
3298 1156 3462 1196 omne
3489 1142 3590 1197 ila-

2003 1225 2193 1294 gitium
2231 1234 2397 1293 atque
2427 1225 2479 1280 in
2505 1227 2715 1281 similes
2738 1227 3006 1297 planeque
3024 1229 3289 1287 absurdas
3306 1234 3591 1303 Opinioncs

2003 1318 2358 1389 projecerint,
2397 1327 2455 1373 ut
2499 1318 2626 1389 jure
2670 1320 2978 1389 meritoque
3013 1323 3097 1377 vel
3126 1324 3195 1378 ob
3228 1324 3278 1379 id
3324 1328 3498 1395 ipsum
3535 1329 3588 1382 in

2004 1412 2188 1466 divino
2254 1411 2485 1466 consilio
2520 1412 2845 1483 judicioque
2896 1414 3135 1469 addituri
3187 1417 3328 1471 sint:
3364 1438 3383 1469 ι
3419 1419 3592 1473 Bece-

2003 1503 2163 1574 pistis
2192 1506 2331 1560 bona
2356 1518 2535 1561 vestra
2563 1507 2613 1560 in
2640 1506 2755 1561 vita
2787 1516 2971 1562 vestra
3001 1526 3014 1561 :
3044 1522 3109 1562 ac
3142 1520 3424 1577 pr0pterea
3446 1527 3591 1567 nunc

2004 1597 2327 1652 cruciamiui
2362 1597 2499 1669 (25).
2533 1618 2551 1650 ι
2589 1598 2725 1653 Dum
2754 1602 2898 1656 enim
2936 1601 3037 1655 sub
3073 1602 3186 1655 sole
3218 1602 3313 1658 illo
3342 1616 3589 1673 aspecta-

2002 1691 2097 1746 bili
2127 1692 2294 1745 vitam
2328 1692 2623 1756 duceretis.
2680 1708 2782 1748 nec
2835 1708 2933 1749 vos
2965 1694 3267 1751 etiamnum
3308 1703 3455 1752 terra
3495 1698 3593 1754 ob-

2006 1782 2252 1853 tegisset,
2291 1783 2501 1838 nullam
2534 1786 2603 1840 de
2642 1800 2759 1840 aevo
2816 1785 3002 1843 futuro
3028 1803 3218 1843 curam
3245 1790 3588 1860 suscepistis.

2018 1876 2238 1933 Idcirco
2263 1891 2415 1931 nunc
2470 1878 2535 1932 ad
2577 1879 2680 1933 hoc
2738 1880 3010 1947 translati,
3044 1881 3365 1953 impietatis,
3406 1892 3593 1954 utpar

302 1974 525 2035 Ζῶντες
553 1970 664 2042 γὰρ
704 1970 811 2024 ὑπὸ
835 1968 928 2023 τὸν
956 1968 1220 2040 αίσθητὸν
1242 1967 1422 2038 ἥλιον,
1448 1969 1545 2023 καὶ
1576 1970 1748 2041 μήπω
1795 1986 1900 2023 κα-

2007 1979 2147 2034 erat,
2171 1978 2226 2024 et
2251 1970 2518 2025 scelerum
2551 1980 2853 2026 vestrorum
2877 1971 3082 2038 justam
3105 1976 3408 2030 mercedem
3436 1975 3592 2030 inve-

301 2065 611 2135 λυφθέντες
632 2064 739 2118 ὑπὸ
777 2063 879 2133 τῆς
904 2063 1030 2134 γῆς,
1061 2064 1326 2134 οὐδεμιᾶς
1357 2062 1632 2134 ἠξιώσατε
1678 2064 1901 2135 φροντί-
2005 2063 2188 2118 nistis.
2909 2079 2911 2083 ‘

303 2158 397 2221 δος
423 2158 555 2225 περὶ
591 2154 688 2210 τοῦ
727 2155 1016 2226 μέλλοντος
1043 2154 1264 2217 αἰῶνος.
1296 2155 1398 2210 Διά
1435 2156 1595 2210 τοῦτο
1665 2155 1761 2210 νῦν
1814 2154 2181 2227 ἀμειφθέντες
2214 2156 2298 2220 είς
2356 2152 2549 2208 τοῦτον
2571 2194 2586 2219 ,
2619 2155 2731 2208 τῶν
2770 2154 2919 2209 ίδίων
2957 2154 3330 2228 ἀσεϐημάτων
3361 2158 3456 2211 καὶ
3486 2174 3588 2211 κα-

304 2249 765 2321 κοπραγημάτων
837 2247 995 2313 ἀξίας
1064 2246 1339 2318 εὐρήκατε
1414 2248 1513 2301 καὶ
1575 2248 1677 2312 τὰς
1724 2248 1984 2319 ἀμοιϐάς.

382 2345 571 2401 Ταῦτα
604 2344 738 2418 γὰρ,
766 2345 931 2415 φησὶν
964 2346 992 2398 ό
1021 2345 1185 2414 σοφὸς
1233 2344 1690 2417 Ἐκκλησιαστὴς,
1714 2347 1903 2418 ἐννοή-

311 2457 411 2503 σας
445 2479 461 2502 ,
511 2458 530 2491 ι
576 2436 800 2491 Ἐδωκα
842 2439 943 2510 τὴν
997 2438 1231 2508 καρδίαν
1281 2455 1388 2507 μου
1427 2438 1525 2491 τοῦ
1565 2440 1767 2506 γνῶναι
1802 2440 1903 2509 τὴν

309 2532 529 2601 σοφίαν,
565 2530 663 2584 καὶ
685 2529 780 2584 τοῦ
816 2528 945 2583 ἰδεῖν
990 2529 1083 2583 τὸν
1126 2530 1515 2601 περισπασμὺν
1540 2531 1636 2585 τὸν
1660 2548 1902 2602 πεποιη-

311 2627 477 2696 μένον
498 2625 591 2678 ὲπὶ
619 2626 719 2695 τῆς
768 2623 872 2693 γῆς
893 2640 908 2655 ο
954 2642 973 2675 ι
1002 2623 1062 2676 ὃν
1122 2624 1170 2676 οξ
1203 2624 1437 2692 πονηροὶ
1479 2622 1574 2677 καὶ
1609 2623 1899 2692 μισόκαλοι

307 2718 565 2787 καθάπερ
629 2716 840 2769 ἐνοικον
869 2714 1107 2786 ἔχοντες,
1157 2714 1218 2770 οὐ
1271 2715 1511 2768 διδόασιν
1567 2713 1736 2768 ὕπνον
1782 2718 1897 2781 τοῖς

305 2810 612 2881 ὀφθαλμοῖς
637 2808 669 2879 ἧ
694 2807 1011 2877 νυσταγμδν
1038 2808 1154 2869 τοῖς
1176 2805 1470 2876 βλεφάροις
1493 2823 1507 2838 ο
1540 2807 1658 2861 ἀλλ’
1679 2809 1739 2862 ὲν
1763 2808 1899 2879 ἡμέ-

311 2920 385 2971 ρᾳ
444 2901 595 2972 πάσῃ
646 2901 742 2953 καὶ
790 2900 949 2953 νυκτὶ
992 2898 1091 2963 τὰς
1112 2899 1256 2953 κατά
1287 2897 1399 2951 τῶν
1420 2899 1665 2953 εὐσεϐῶν
1693 2900 1919 2955 καὶ-διοι

306 2993 489 3045 καίων
518 2990 828 3062 ἀνθρώπων
879 2989 1120 3044 τίθενται
1166 2990 1403 3061 μελέτας
1436 2992 1660 3055 ἀδίκους
1679 2992 1774 3046 καὶ
1807 3010 1900 3046 πο-

305 3083 486 3155 νηρὰς
516 3083 597 3146 είς
626 3082 689 3134 τὸ
718 3081 914 3153 ἐξᾶραι
956 3083 1054 3135 καὶ
1083 3081 1145 3134 τὸ
1179 3082 1525 3153 μνημόσυνον
1571 3083 1751 3138 αὐτῶν
1788 3084 1898 3139 ἀπὸ

2075 2345 2203 2402 Ηιὲο
2250 2345 2418 2410 enim,
2451 2344 2629 2415 inquit
2664 2346 2885 2415 sapiens
2932 2344 3308 2412 Ecclesiastes,
3341 2362 3462 2403 cum
3491 2365 3585 2405 co-

1999 2435 2287 2507 gitassem:
2325 2454 2343 2487 ι
2391 2434 2524 2490 Dedi
2576 2452 2672 2490 cor
2711 2452 2912 2503 meum,
2950 2445 3009 2491 ut
3057 2451 3444 2507 cognoscerem
3495 2457 3588 2496 sa-

2005 2528 2291 2598 pientiam,
2319 2536 2374 2581 et
2398 2529 2646 2582 viderem
2680 2528 3105 2592 distensionem,
3140 2545 3262 2598 quae
3315 2532 3451 2586 facta
3504 2546 3588 2588 est

1996 2634 2161 2689 super
2197 2629 2399 2673 terram
2429 2636 2443 2684 ;
2478 2638 2497 2671 ι
2536 2635 2701 2689 quam
2731 2619 2969 2688 improbi
2994 2620 3243 2675 homines
3268 2631 3322 2675 et
3354 2610 3585 2680 virtutes

1998 2711 2213 2779 hostes,
2246 2727 2369 2767 cum
2400 2712 2547 2767 intus
2592 2713 2645 2766 in
2685 2711 2868 2767 animo
2912 2711 3223 2781 patiantur,
3268 2728 3376 2767 non
3409 2715 3586 2771 oculis

1997 2818 2270 2870 somnum,
2308 2819 2415 2859 non
2471 2803 2746 2874 palpebris
2791 2803 3181 2859 dormitionem
3228 2806 3580 2862 concedunt:

1996 2899 2091 2952 sed
2116 2897 2260 2952 diem
2298 2905 2470 2951 totum
2500 2912 2566 2951 ac
2598 2905 2811 2951 noctem
2855 2895 2909 2950 in
2944 2910 3011 2950 eo
3046 2897 3357 2964 traducunt,
3386 2907 3448 2952 ut
3478 2898 3584 2968 piis

1997 3002 2059 3043 ac
2086 2987 2249 3059 justis
2284 2987 2600 3043 hominibus
2635 2987 2934 3056 perniciem
2979 2986 3306 3054 moliantur,
3335 3000 3392 3043 et
3434 2992 3581 3059 omni

1996 3081 2387 3151 suppliciorum
2445 3096 2508 3136 ac
2562 3089 2961 3135 tormentorum
3025 3096 3224 3150 genere
3278 3082 3362 3136 vel
3412 3083 3580 3152 ipsam

306 3175 417 3244 γῆς
449 3174 538 3227 διὰ
569 3172 836 3226 ποικίλων
891 3172 987 3226 καὶ
1041 3173 1406 3229 παντοδαπῶν
1469 3174 1757 3246 τιμωριῶν
1800 3178 1898 3230 καὶ

2003 3189 2187 3229 eorum
2221 3173 2540 3228 memoriam
2571 3188 2601 3227 e
2650 3173 2829 3228 medio
2878 3173 3171 3228 tollendam
3218 3185 3433 3229 curent.
3489 3173 3582 3229 Et-
3660 3186 3663 3187 '

314 3268 587 3337 βασάνων.
619 3264 731 3318 Καὶ
771 3265 883 3335 γὰρ
932 3265 1123 3336 ἐπειδὴ
1173 3266 1614 3337 προηγουμένως
1668 3266 1894 3339 ἔφησεν,

320 3377 342 3409 ι
388 3358 510 3410 Ὀτι
536 3355 790 3425 γινώσκω
818 3354 930 3425 ἐγὼ
956 3356 1160 3425 ἀγαθὸν
1185 3352 1326 3412 εἶναι
1373 3360 1494 3423 τοῖς
1530 3358 1899 3431 φοϐουμένοις

308 3448 408 3501 τὸν
445 3447 594 3513 Θεὸν,
615 3448 756 3519 ὅπερ
816 3447 919 3501 οὐκ
956 3446 1109 3501 ἔσται
1137 3449 1250 3512 τοῖς
1288 3447 1556 3503 ἀσεϐέσι·
1592 3468 1615 3504 ι
1652 3467 1898 3522 προκατ-

308 3539 598 3609 αγγέλλων
624 3538 905 3604 ἐντεῦθεν,
950 3539 1028 3604 ὡς
1066 3535 1245 3612 οἶμαι,
1273 3539 1632 3613 προφητικῶς
1658 3543 1759 3615 τὴν
1789 3544 1900 3597 τῶν

310 3634 491 3703 ἀγίων
516 3633 842 3688 ἀποστόλων
893 3633 991 3689 καὶ
1069 3633 1365 3707 μαρτύρων
1420 3635 1638 3707 ἀγαθὴν
1712 3637 1902 3691 θεόθεν

310 3725 647 3797 ἀντάμειψιν
698 3727 757 3779 ἐν
814 3728 880 3796 τῇ
943 3724 1194 3798 βασιλείᾳ
1248 3725 1361 3779 τῶν
1408 3726 1677 3798 οὐρανῶν,
1707 3721 1901 3796 ὲφόίς

311 3818 752 3888 καθυπήνεγκαν
777 3818 961 3882 πόνοις
990 3818 1085 3873 καὶ¹
1108 3819 1302 3882 κόποις
1327 3818 1415 3873 διὰ
1437 3819 1652 3891 μυρίων
1672 3819 1899 3875 τελειω-

314 3910 505 3972 θέντες
530 3906 785 3979 βασάνων
814 3924 829 3940 ⁶
870 3904 991 3962 είτα
1025 3908 1307 3981 παρευθύς
1332 3910 1632 3980 ἐπαγαγὼν
1675 3914 1770 3967 καὶ
1798 3914 1903 3986 φή-

316 4020 441 4066 σας,
477 4021 495 4053 ‹
527 3996 672 4055 εἶναι
696 4002 1039 4073 ματαιότητα
1064 4001 1446 4073 πεποιημένην
1477 4005 1571 4058 ἐπὶ
1595 4006 1694 4077 τῆς
1723 4005 1850 4076 γῆς,
1876 4026 1895 4058 ι

312 4094 563 4164 δηλονότι
592 4093 744 4165 παρά
768 4094 877 4147 τῶν
914 4094 1118 4148 ἀδίκων
1148 4094 1454 4164 ἀνθρώπων
1475 4099 1571 4152 καὶ
1596 4098 1899 4167 δυσσεϐῶν,

312 4189 441 4258 ἥτις
482 4186 801 4240 ὲναλλάττει
823 4186 922 4249 τὰς
959 4186 1261 4257 ὑπολήψεις
1285 4187 1394 4241 τῶν
1422 4189 1649 4244 δικαίων
1667 4192 1747 4256 εἰς
1774 4192 1903 4257 τοὺς

314 4280 565 4343 ἀδίκους,
601 4280 696 4333 καὶ
723 4278 834 4332 τῶν
849 4279 1061 4333 ἀσεϐῶν
1086 4282 1165 4342 είς
1184 4279 1311 4343 τοὺς
1336 4280 1581 4345 εὐσεϐεῖς
1606 4298 1619 4312 ·
1649 4284 1745 4336 καὶ
1768 4301 1903 4355 προο

314 4371 710 4440 καταγγέλλων
755 4372 845 4425 διὰ
897 4371 1006 4424 τῶν
1042 4372 1355 4443 εἰρημένων
1413 4374 1513 4443 τὴν
1540 4374 1652 4427 τῶν
1689 4376 1903 4429 ἀσεϐῶν

1999 3267 2147 3324 enim
2180 3281 2302 3320 cum
2362 3266 2616 3335 superius
2662 3265 2923 3321 dixisset:
2958 3283 2975 3317 ι
3010 3265 3191 3332 Quare
3221 3275 3276 3321 et
3312 3282 3584 3337 cognosco

2000 3374 2101 3431 ego
2131 3398 2146 3423 ,
2180 3360 2384 3415 bonum
2420 3373 2544 3414 esse
2588 3358 2909 3414 timentibus
2944 3357 3136 3424 Deum,
3165 3360 3311 3429 quod
3342 3375 3449 3415 non
3475 3361 3584 3415 erit

2001 3451 2184 3523 impiis
2212 3452 2259 3484 '°
2286 3469 2300 3506 :
2331 3468 2351 3502 ›
2386 3459 2443 3507 et
2469 3450 2670 3508 exinde
2706 3449 3121 3520 prophetarum,
3147 3460 3208 3505 ut
3245 3466 3393 3519 reor,
3431 3466 3582 3506 more

2001 3555 2318 3601 sanctorum
2376 3543 2751 3613 apostolorum
2793 3552 2956 3614 atque
3012 3553 3313 3611 martyrum
3359 3545 3579 3614 praemia

2000 3640 2445 3711 praenuntiasset,
2479 3653 2601 3708 quae
2651 3638 2704 3691 in
2739 3637 2949 3692 caelesti
2995 3651 3165 3708 regno
3192 3646 3412 3706 propter
3445 3636 3582 3693 tole-

2003 3741 2087 3787 tos
2119 3732 2334 3787 labores
2361 3731 2754 3799 cruciatusque
2777 3728 3040 3798 plurimos
3062 3738 3439 3784 consummata
3468 3729 3580 3784 vita

2002 3832 2033 3873 a
2064 3816 2176 3873 Deo
2234 3833 2526 3887 accepere:
2550 3817 2662 3886 jam
2708 3817 3010 3886 suhjiciens
3055 3819 3342 3887 protinus;
3383 3836 3402 3869 ι
3462 3833 3584 3874 esse

2002 3908 2323 3973 vanitatem,
2353 3922 2476 3977 qua:
2534 3906 2674 3961 facta
2706 3917 2789 3960 est
2825 3922 2988 3976 super
3016 3917 3241 3971 terram,
3274 3925 3305 3958 »ν
3331 3910 3399 3962 ab
3436 3909 3583 3979 inju-

2005 4000 2107 4055 stis
2133 4014 2332 4068 nempe
2350 4009 2518 4069 atque
2555 3996 2738 4066 impiis
2762 3998 3072 4053 hominibus
3092 4040 3106 4063 ,
3136 3999 3445 4068 qumjustos
3470 4008 3586 4056 tan-

2005 4107 2170 4162 quam
2201 4093 2456 4162 injustos,
2485 4099 2541 4145 et
2572 4092 2687 4161 pios
2702 4098 2962 4160 tanquam
2997 4092 3195 4160 impios
3221 4092 3498 4157 traducit;
3520 4106 3587 4146 ac

2004 4184 2254 4239 oratione
2269 4183 2565 4254 designans
2591 4182 2883 4253 impiorum
2918 4196 3104 4251 regum
3134 4193 3189 4235 et
3229 4181 3584 4237 scelestorum

2012 4287 2374 4349 tyrannorum
2427 4275 2593 4345 216
2631 4289 2946 4343 perversum
2968 4273 3102 4331 illud
3126 4289 3189 4327 ac
3210 4270 3585 4344 pertu'rbatum

2007 4368 2489 4438 inordinatumque
2514 4368 2811 4438 judicium,
2854 4382 2965 4437 quo
3000 4368 3081 4422 usi
3115 4374 3243 4421 sunt
3289 4365 3343 4419 in
3371 4368 3587 4435 pietatis

314 4462 417 4515 καὶ
446 4461 778 4532 παρανόμων
802 4459 1070 4530 βασιλέων
1102 4461 1203 4541 καὶ*
1225 4460 1512 4531 τυράννων
1541 4461 1902 4533 ἀντίστροφον

2007 4460 2241 4516 athletas
2269 4470 2324 4515 et
2355 4459 2601 4515 veritatis
2632 4469 3063 4531 propugnatores
3100 4461 3437 4531 sinceraque
3463 4475 3589 4529 pro-

313 4554 502 4623 κρίσιν
527 4553 622 4607 καὶ
667 4552 1112 4623 διεστραμμένην
1174 4538 1269 4604 καὶ
1301 4551 1522 4606 σκολιὰν
1546 4594 1559 4618 ,
1588 4554 1653 4625 ἣν
1683 4554 1902 4606 ἐποίουν

2008 4553 2264 4607 fessionis
2298 4563 2498 4607 nostrae
2531 4562 2836 4622 martyres:
2866 4551 2930 4604 iis
2970 4566 3210 4621 quoque,
3246 4552 3341 4620 qui
3377 4549 3587 4604 deliuiti

292 4648 399 4709 νείς
453 4647 579 4708 τοὺς
633 4645 877 4718 ἀθλητὰς
928 4644 1030 4714 τῆς
1076 4644 1361 4709 εὐσεϐείας
1390 4645 1610 4715 καὶτῆς
1641 4645 1900 4719 ἀληθείας

314 4736 643 4806 προμάχους
694 4737 790 4788 καὶ
818 4737 919 4806 τῆς
943 4734 1273 4806 εἰλικρινοῦς
1316 4736 1474 4806 ἡμῶν
1500 4736 1739 4800 πίστεως
1760 4739 1901 4808 μάρ-

310 4843 527 4899 τυραςο
565 4830 662 4880 καὶ
726 4828 911 4898 μέντοι
952 4828 1078 4890 τοὺς
1138 4826 1760 4896 καταμαλακιζομένους
1807 4828 1901 4881 καὶ

313 4920 756 4992 πειθαρχοῦντας
778 4922 899 4983 ταῖς
931 4920 1085 4989 σφῶν
1117 4919 1434 4987 ἀξιώσεσιν,
1458 4920 1553 4974 καὶ
1578 4921 1901 4989 γινομένους

314 5013 602 5083 ἐξάρνους,
648 5014 741 5065 καὶ
790 5010 965 5066 ταῦτα
999 5011 1180 5065 πάντα
1201 5014 1321 5076 ταῖς
1356 5012 1622 5067 ἀνωτάτω
1658 5012 1900 5083 μέμψεσι

316 5102 721 5159 καθυποϐαλὼν
810 5105 906 5158 καὶ
998 5104 1485 5175 κατακωμῳδήσας
1509 5122 1523 5137 ·
1591 5103 1903 5169 ἀκολούθως

316 5195 597 5269 προῆλθεν
630 5199 807 5252 εἰπεῖν
836 5197 930 5251 καὶ
965 5198 1207 5269 σημᾶναι
1238 5198 1335 5250 καὶ
1364 5196 1455 5250 τὸν
1482 5196 1717 5251 ἄτακτον
1745 5215 1902 5271 περι-

316 5290 594 5359 σπασμὸν,
627 5289 687 5343 ὃν
738 5291 833 5342 καὶ
894 5291 951 5342 ὲν
977 5290 1167 5363 ἡμέρᾳ
1219 5289 1313 5343 καὶ
1338 5289 1396 5341 ἐν
1440 5288 1598 5341 νυκτὶ
1624 5289 1765 5342 κατά
1794 5288 1904 5341 τῶν

314 5384 494 5453 ἁγίων
521 5382 827 5446 λυττῶντες
857 5376 1005 5453 εἶχον
1030 5382 1167 5452 πρὸς
1198 5380 1259 5434 τὸ
1305 5379 1641 5433 καθελκύσαι
1675 5379 1771 5433 καὶ
1799 5397 1902 5434 κα-

312 5476 602 5529 τασπᾶσαι
645 5474 736 5528 τὸν
768 5474 1148 5541 ἀξιεπαίνετον
1200 5472 1356 5526 τόνον
1388 5473 1489 5542 τῆς
1524 5472 1905 5544 γενναιότητος

314 5566 501 5623 αὒτῶν
531 5569 628 5621 καὶ
660 5566 946 5638 θεοφιλοῦς
971 5565 1368 5638 προαιρέσεως.

390 5683 440 5715 ⁸⁸
472 5681 623 5738 Eccl.
667 5699 787 5749 vm,
824 5682 913 5737 12.

393 5814 513 5883 ('35)
544 5813 679 5869 Luc.
716 5830 828 5879 xw,
854 5815 947 5869 25.
979 5816 1048 5868 At
1082 5814 1197 5883 ipsa
1237 5810 1521 5883 Evangelii
1546 5808 1901 5883 verha‘sunt:

322 5877 556 5950 Τέκνον,
590 5877 861 5957 μνήσθητι
904 5886 986 5939 ὅτι
1031 5877 1305 5945 ἀπέλαϐες
1356 5877 1419 5935 σῦ
1471 5882 1539 5933 τὰ
1592 5877 1773 5947 ἀγαθά
1808 5894 1900 5930 σου

2003 4654 2167 4714 atque
2200 4644 2387 4709 illecti,
2422 4659 2610 4698 eorum
2674 4643 2983 4701 auctoritati
3028 4651 3354 4713 paruerunt,
3385 4651 3438 4696 et
3471 4656 3589 4711 pro-

2005 4738 2211 4793 dilores
2236 4736 2364 4793 iacti
2393 4748 2543 4803 sunt,
2576 4737 2898 4804 caeterisque
2932 4736 3243 4805 huiusmodi
3274 4734 3437 4789 rebus
3459 4749 3587 4805 gra-

2009 4834 2238 4889 vissime
2280 4832 2607 4902 improbatis
2634 4845 2698 4885 ac
2726 4830 3106 4900 reprchensis,
3143 4844 3210 4883 eo
3230 4829 3447 4883 demum
3487 4828 3587 4882 de-

2005 4927 2173 4989 venit,
2203 4932 2263 4979 ut
2304 4926 2658 4995 irrequietam
2688 4924 2832 4977 illam
2878 4922 3270 4977 distensionem
3302 4921 3587 4987 indicaret,

2007 5032 2127 5086 quae
2163 5016 2280 5071 dies
2337 5026 2638 5085 noctesque
2684 5016 2950 5068 adversus
2980 5022 3197 5066 sanctos
3226 5012 3591 5065 exercuiteo-

2012 5124 2132 5161 rum
2164 5108 2429 5171 furorem,
2462 5110 2507 5163 si
2538 5124 2643 5177 qua
2677 5110 2887 5161 ratione
2912 5120 3225 5176 germanam
3260 5103 3458 5157 horum
3480 5105 3588 5157 vir-

2011 5208 2180 5255 tutem
2201 5216 2230 5255 e
2257 5200 2367 5254 Deo
2390 5200 2714 5271 gratissimae
2737 5198 3031 5252 voluntatis
3056 5195 3416 5250 constantiam
3440 5210 3585 5249 nun-

2008 5310 2171 5363 quam
2214 5284 2363 5349 satis
2421 5293 2747 5346 laudandam
2806 5289 3133 5347 labefactare
3167 5303 3232 5344 ac
3285 5287 3587 5344 dissolvere

2009 5387 2120 5442 ullo
2149 5387 2310 5442 modo
2335 5394 2580 5455 possent.

2010 5807 2068 5857 ὲν
2103 5804 2169 5873 τῇ
2201 5802 2313 5871 ζωῇ
2374 5819 2487 5873 σου,
2530 5801 2627 5853 καὶ
2660 5798 2910 5873 Λάζαρος
2945 5799 3143 5873 ὁμοίως
3189 5795 3255 5850 τὰ
3289 5793 3465 5849 κακά’
3491 5791 3585 5849 νῦν

2012 5877 2066 5928 δὲ
2101 5871 2187 5929 an:
2222 5872 2641 5943 παρακαλεῖται,
2675 5872 2740 5925 σὺ
2771 5871 2826 5923 δὲ
2852 5871 3122 5925 ὀδυνᾶσαι.
