4114 6514
613 392 753 461 1063
1716 382 1780 445 S.
1824 378 2208 442 GREGORU
2247 377 2761 438 AGRIGENTINI
3712 386 3829 450 Μαι,

683 506 872 575 Itaque
922 513 983 558 ut
1017 512 1272 557 tenebras
1324 499 1553 555 istorum
1596 504 1649 551 et
1679 495 1979 550 cmcitatein
2014 491 2186 559 sigtti-
2220 492 2265 548 Α

2220 492 2265 548 Α
2362 484 2473 553 Τὴν
2523 480 2617 537 οὖν
2670 483 2935 553 ὰϐλεψίαν
2997 484 3105 537 τῶν
3157 485 3415 540 τοιούτων
3456 489 3549 541 καὶ
3583 491 3828 559 τύρλωσιν

618 572 823 665 llcaret,
856 596 1233 651 dixitrursum
1263 611 1277 648 :
1319 612 1336 643 ‹
1373 590 1439 645 Et
1498 588 1609 642 vidi
1656 588 1839 643 omnia
1871 601 2035 654 opera
2073 583 2189 646 Dei,

2293 576 2687 645 αἰνιττόμενος,
2724 576 2929 645 ἔφησεν
2957 572 3114 640 αὖθις
3137 592 3151 606 ⁸
3186 595 3204 626 ι
3242 580 3351 631 Καὶ
3379 575 3519 632 εἶδον
3568 582 3832 647 σύμπαντα

617 691 744 762 quia
770 704 875 743 non
908 688 1113 757 poterit
1144 687 1308 739 homo
1333 681 1583 737 invenire
1605 695 1775 750 opus,
1813 676 1959 747 quod
1989 674 2193 728 factum

2292 666 2361 719 τὰ
2390 668 2676 735 ποιήματα
2704 667 2796 718 τοῦ
2829 665 2987 730 Θεοῦ,
3016 668 3098 719 ὅτι
3131 668 3193 719 οὐ
3244 668 3531 740 δυνήσεται
3577 672 3832 745 ἄνθρωπος

618 756 704 836 est
728 780 829 834 sub
867 756 1002 832 sole.
1024 795 1043 829 ι
1077 774 1268 844 Neque
1293 775 1436 829 enim
1482 772 1777 843 quidquam
1820 771 2196 838 cognoverunt

2293 756 2388 810 τοῦ
2427 758 2609 826 εὑρεῖν
2639 760 2737 811 σὺν
2779 759 2840 811 τὸ
2884 760 3099 829 ποίημα
3138 762 3200 813 τὺ
3239 765 3604 834 πεποιημένον
3642 769 3737 822 ὑπὸ
3758 775 3835 827 τὸν

621 882 715 927 aut
743 871 1150 931 intellexerunt,
1168 867 1265 922 sed
1291 867 1344 921 in
1375 865 1634 921 cwcitatis
1665 878 1779 917 suae
1805 859 2044 915 tenebris
2065 870 2195 925 pro-

2294 849 2466 919 ἥλιον.
2496 867 2515 900 ι
2554 850 2692 902 Οὐδὲ
2753 850 2864 921 γὰρ
2903 852 3154 919 ἔγνωσαν
3178 897 3193 915 ,
3217 854 3339 906 οὐδὲ
3376 856 3636 925 συνῆκαν,
3666 861 3767 914 ἀλλ’
3788 866 3835 915 ὲν

623 964 795 1034 gressi
857 971 1009 1026 sunt,
1066 961 1310 1016 dicentes
1357 959 1562 1027 lapidi:
1600 976 1618 1008 ι
1658 955 1738 1009 Tu
1792 969 1876 1006 me
1926 950 2126 1013 fecisti,
2171 966 2190 1001 ι

2299 941 2481 993 σκότει
2518 944 2618 1013 τῆς
2648 942 2781 1005 ίδίας
2809 943 3143 1013 τυφλότητος
3186 946 3595 1017 ἐπορεύθησαν,
3617 948 3838 1017 λέγοντες

621 1031 677 1113 et
699 1070 867 1110 aureo
884 1054 1179 1109 simulacro
1203 1054 1289 1107 vel
1312 1052 1490 1121 ligneo
1515 1068 1527 1103 :
1560 1067 1578 1100 ι
1608 1048 1920 1102 Deusmeus
1940 1060 2000 1099 es
2048 1054 2126 1097 tu.
2173 1061 2193 1095 ι

2295 1031 2375 1101 τῷ
2399 1032 2553 1103 λίθῳ,
2597 1052 2616 1084 ι
2654 1033 2725 1086 Σύ
2754 1050 2819 1103 με
2876 1035 3161 1104 ἐποίησας,
3204 1055 3222 1087 ι
3257 1037 3452 1107 καὶτῷ
3494 1042 3839 1115 χρυσοτεύκτῳ

623 1148 758 1202 Nam
791 1162 913 1201 cum
938 1146 1009 1201 ob
1050 1159 1319 1200 summam
1354 1142 1564 1196 consilii
1601 1140 1841 1207 inottiam
1895 1135 2199 1204 intelligere

2299 1124 2501 1195 ξοάνῳ,
2529 1125 2625 1177 καὶ
2668 1126 2855 1193 μέντοι
2903 1126 2982 1196 τῷ
3035 1126 3397 1197 ξυλοτεύκτῳ,
3435 1151 3453 1179 ι
3493 1128 3621 1193 Θεός
3670 1150 3759 1201 μου
3799 1130 3840 1188 εί

623 1254 734 1293 non
791 1236 1088 1307 potuerint,
1130 1234 1415 1287 materiem
1460 1231 1768 1284 universam
1801 1242 1829 1281 a
1871 1226 1980 1279 Deo
2010 1225 2201 1279 condi-

2301 1214 2387 1271 σύ.
2426 1233 2444 1266 ι
2477 1216 2570 1285 Μὴ
2594 1215 2916 1286 δυνηθέντες
2972 1217 3081 1287 γὰρ
3114 1219 3307 1288 νοῆσαι
3361 1219 3453 1272 διὰ
3487 1222 3679 1292 πολλὴν
3702 1225 3837 1279 ἀϐου·

625 1336 736 1383 tam
767 1305 821 1381 et
850 1336 1043 1381 caetera
1071 1326 1278 1387 omnia,
1309 1339 1438 1392 qum.
1461 1332 1797 1391 spectamus,
1824 1333 1987 1388 opera
2016 1316 2199 1370 homi-

2299 1305 2443 1366 λίαν,
2498 1306 2575 1369 ὡς
2630 1305 2730 1377 ὕλη
2786 1309 2938 1361 πᾶσα
2986 1309 3141 1379 παρά
3174 1310 3267 1363 τοῦ
3300 1309 3439 1363 Θεοῦ
3467 1318 3732 1380 γεγονυῖα,
3766 1321 3839 1371 καὶ

626 1433 757 1472 nttnt
811 1417 1117 1470 ministerio
1175 1417 1243 1468 ab
1296 1424 1518 1467 auctore
1586 1413 1851 1465 destinata
1919 1425 2077 1475 esse;
2146 1408 2198 1461 in

2301 1401 2411 1451 πᾶν
2441 1398 2568 1453 ἄλλο
2620 1398 2829 1468 κτίσμα
2880 1399 2988 1452 τῶν
3036 1402 3333 1471 ὁρωμένων
3365 1404 3503 1473 πρὸς
3527 1404 3622 1474 τὴν
3645 1407 3743 1459 τῶν
3763 1410 3838 1461 ἀνα

625 1509 793 1564 falsas
858 1508 1172 1578 hujnsmodi
1223 1516 1277 1561 et
1335 1507 1557 1560 insanas
1608 1505 1895 1574 Opiniones
1956 1502 2199 1573 prolapsi

2302 1494 2537 1565 θρώπων
2566 1493 2971 1565 ἐξυπηρέτησιν
2996 1497 3185 1564 γέγονε
3223 1497 3379 1567 παρὰ
3399 1498 3494 1550 τοῦ
3530 1503 3834 1570 ποιησαντος,

628 1611 758 1657 sunt
795 1601 928 1671 (26).
954 1602 1133 1669 Atque
1182 1599 1287 1653 hac
1329 1600 1395 1651 de
1429 1613 1595 1652 causa
1648 1598 1738 1668 qni
1794 1598 1933 1667 apud
1983 1597 2201 1652 Graecos

2301 1587 2383 1648 εἰς
2418 1585 2519 1650 τὰς
2549 1585 2811 1648 τοιαύτας
2839 1587 3192 1657 ὲσφαλμένας
3220 1589 3319 1641 καὶ
3360 1590 3553 1659 μωρὰς
3583 1591 3840 1661 ὑπολήψεις

628 1692 902 1761 sapientes
950 1706 1073 1745 esse
1132 1690 1407 1753 videntur,
1435 1698 1855 1759 quantacunque
1876 1705 2006 1744 cura
2032 1705 2200 1742 unum

2303 1676 2633 1745 ἐξώκειλαν.
2650 1679 2770 1759 μαι
2796 1678 2990 1732 τούτου
3048 1680 3233 1749 χάριν
3261 1680 3398 1750 ὅσην
3454 1682 3521 1733 ἂν
3561 1683 3842 1754 ἐπιμέλειαν

627 1799 817 1838 verum
845 1782 1010 1837 Deum
1036 1781 1363 1850 investigare
1394 1790 1556 1850 atque
1584 1780 1827 1834 invenire
1852 1780 2031 1835 conati
2065 1781 2197 1843 sint,
2233 1832 2252 1850 ,

2233 1832 2272 1850 ἢ
2303 1770 2461 1841 ἔσχον
2486 1772 2536 1823 oi
2571 1770 2859 1833 δοκοῦντες
2908 1768 3048 1824 εἶναι
3094 1773 3250 1841 σοφοὶ
3282 1773 3395 1826 τῶν
3434 1773 3690 1845 Ἐλλήνων
3732 1779 3842 1847 πρὸς

630 1877 855 1929 minime
891 1880 1230 1942 repererunt,
1266 1872 1363 1926 sed
1388 1886 1661 1926 evanuere
1687 1872 1741 1926 in
1774 1872 2195 1941 cogitationibus
2234 1858 2255 1888 ι

2234 1858 2273 1888 υ
2300 1864 2361 1914 τὸ
2387 1862 2623 1931 ζητῆσαι
2650 1858 2746 1914 καὶ
2787 1864 3041 1932 ὲφευρεῖν
3088 1864 3180 1916 τὸν
3229 1864 3396 1934 μόνον
3439 1864 3681 1936 ἀληθινὸν
3716 1867 3843 1931 Θεὸν,

629 1968 770 2031 suis,
794 1976 849 2021 et
876 1966 1139 2034 insipiens
1154 1980 1247 2019 cor
1265 1979 1455 2018 eorum
1482 1965 1720 2019 tenebris
1746 1965 2040 2019 obductum
2069 1974 2153 2020 est
2179 1982 2195 2019 :

2301 1956 2399 2024 οὐχ
2427 1948 2606 2025 εὖρον,
2641 1956 2756 2007 ἀλλ’
2781 1955 3207 2027 ἐματαιώθησαν
3250 1959 3308 2010 ἐν
3355 1960 3471 2019 τοῖς
3520 1958 3844 2030 διαλογισμοῖς

631 2058 864 2129 professi
893 2073 952 2112 se
979 2072 1097 2112 esse
1148 2057 1445 2126 sapientes,
1490 2058 1852 2112 insanierunt.
1897 2058 2007 2127 Ego
2047 2073 2197 2122 vero,

2302 2046 2504 2112 αὐτῶν,
2533 2049 2627 2100 καὶ
2653 2049 2944 2119 ἐσκοτίσθη
2967 2050 2999 2118 ἡ
3030 2047 3294 2111 ἀσύνετος
3316 2048 3505 2103 αὐτῶν
3532 2051 3739 2119 καρδία,
3761 2054 3844 2121 φά·

632 2151 831 2221 inqnit,
866 2166 986 2204 cum
1042 2151 1155 2203 haec
1184 2150 1369 2204 omnia
1418 2148 1604 2203 animo
1627 2150 1912 2218 explorata
1943 2150 2197 2203 haberem

2305 2160 2530 2207 σκοντες
2562 2139 2702 2197 εἷναι
2739 2144 2912 2214 σοφοὶ,
2949 2144 3386 2216 ἐμωράνθησαν.
3436 2145 3577 2213 Ἐγὼ
3616 2148 3688 2210 δὲ,
3716 2150 3844 2218 φησι,

632 2241 900 2310 planeque
955 2254 1306 2308 cognossem,
1338 2247 1595 2294 accurate
1652 2239 1983 2309 deprehendi
2042 2250 2203 2310 atque

2305 2236 2479 2291 ταῦτα
2509 2238 2691 2291 πάντα
2721 2240 2788 2308 τῇ
2819 2238 3023 2309 καρδία
3062 2256 3165 2306 μου
3204 2238 3591 2309 παρεξετάσας
3632 2241 3716 2293 καὶ
3751 2241 3846 2295 δισ-

634 2344 919 2386 assecutus
959 2347 1080 2386 sum
1131 2351 1149 2382 ι
1183 2332 1470 2398 Quomodo
1524 2332 1682 2402 justi,
1710 2341 1764 2386 et
1818 2333 2120 2401 sapientes,
2148 2341 2203 2388 et

2310 2328 2493 2395 γνοὺς,
2538 2328 2927 2399 κατελαϐόμην
2976 2327 3221 2398 ἀκριϐῶς
3261 2329 3362 2381 καὶ
3407 2328 3652 2396 διέγνων,
3688 2331 3848 2394 ιὼςοί

634 2424 776 2478 facta
805 2439 991 2478 eorum
1021 2439 1203 2479 coram
1232 2424 1340 2479 Deo
1365 2440 1380 2489 ;
1416 2444 1435 2475 ι
1469 2440 1535 2478 ac
1564 2426 1689 2480 licet
1734 2425 1835 2481 visi
1891 2429 2000 2481 sint
2028 2427 2204 2483 oculis

2310 2422 2510 2476 δίκαιοι
2534 2422 2632 2475 καὶ
2661 2423 2711 2474 οἱ
2735 2423 2913 2491 σοφοὶ,
2946 2422 3040 2474 καὶ
3065 2422 3123 2473 αἱ
3158 2422 3426 2492 ἐργασίαι
3456 2421 3633 2474 αὐτῶν
3653 2422 3847 2477 ἐνώπιόν

634 2516 1005 2586 insipientium
1056 2517 1216 2586 217
1252 2518 1599 2584 occubuisse,
1635 2527 1691 2573 et
1738 2535 1980 2573 aerumna
2025 2520 2206 2575 exitus

2311 2518 2417 2568 εἰσι
2443 2515 2537 2568 τοῦ
2567 2515 2703 2568 Θεοῦ
2728 2531 2742 2545 ο
2780 2538 2798 2565 ι
2832 2516 2927 2568 καὶ
2956 2514 3062 2568 κᾶν
3091 2514 3279 2581 ἔδοξαν
3301 2515 3366 2567 ὲν
3401 2515 3691 2584 ὀφθαλμοῖς
3711 2515 3844 2584 ἀφρό-

632 2621 822 2663 eurum
847 2608 1062 2661 habitus
1082 2606 1263 2673 fuerit,
1293 2622 1418 2677 spes
1441 2616 1621 2663 tamen
1642 2610 1958 2665 eorumdem
1984 2610 2207 2665 immor-

2194 2638 2207 2653 .
2310 2622 2418 2658 νων
2437 2606 2713 2673 τεθνάναι,
2742 2606 2836 2660 καὶ
2860 2604 3112 2676 ἐλογίσθη
3151 2607 3397 2669 κάκωσις
3425 2607 3459 2676 ἡ
3477 2605 3648 2670 ἔξοδος
3668 2607 3819 2661 αὐτῶν

634 2700 849 2755 talitate
873 2700 1028 2768 plena
1064 2700 1155 2754 sit.

2311 2699 2345 2769 ἡ
2379 2698 2437 2752 δὲ
2472 2698 2627 2761 ἐλπὶς
2653 2698 2832 2751 αὐτῶν
2876 2697 3177 2761 ἀθανασίας
3212 2698 3433 2769 πλήρης
3477 2699 3612 2752 ἐστί.

710 2790 831 2846 llaec
893 2790 1136 2861 profecto
1188 2793 1494 2849 vaticinans
1554 2794 1775 2864 sapiens
1847 2794 2207 2852 Ecclesiastes

2385 2789 2571 2842 Ταῦτα
2617 2787 2975 2857 προφητικῶς
3008 2789 3037 2838 ὁ
3069 2787 3231 2856 σοφὸς
3276 2789 3708 2859 Ἐκκλησιαστὴς
3740 2808 3846 2861 προ-

636 2885 926 2953 occupavit
981 2891 1147 2954 atque
1204 2886 1458 2956 praedixit
1505 2886 1572 2941 de
1601 2887 1894 2956 impiorum
1928 2902 2115 2958 regunt
2149 2904 2215 2942 ac

2310 2880 2502 2950 είληφε
2538 2879 2729 2947 σαφῶς
2756 2878 2853 2931 καὶ
2878 2879 3206 2948 κατήγγειλε
3238 2880 3375 2949 περὶ
3408 2881 3509 2949 τῆς
3538 2882 3641 2934 τῶν
3676 2883 3849 2935 ἀσεϐῶν

637 2983 998 3046 tyrannorum
1032 2975 1221 3032 furore
1272 2986 1435 3047 atque
1484 2978 1637 3032 rabie
1691 2980 1955 3033 adversus
2000 2979 2215 3048 pietatis

2316 2970 2582 3042 βασιλέων
2622 2970 2719 3023 καὶ
2756 2970 3033 3039 τυράννων
3064 2970 3401 3039 δυσμενείας
3426 2972 3520 3025 καὶ
3544 2973 3745 3043 λύττης,
3774 2974 3851 3042 τῆς

637 3066 873 3121 athletas
898 3083 964 3121 ac
990 3068 1353 3138 triumphales
1385 3080 1683 3141 martyres;
1717 3086 1949 3139 quorum
1986 3071 2215 3140 praecla-

2316 3062 2458 3116 κατὰ
2491 3061 2600 3113 τῶν
2632 3059 2884 3130 ἀθλητῶν
2906 3060 3004 3130 τῆς
3035 3060 3326 3124 εὐσεϐείας
3361 3063 3454 3115 καὶ
3480 3065 3852 3133 τροπαιοφόρων

640 3172 703 3213 ra
728 3158 1053 3225 certamina,
1078 3170 1131 3214 et
1154 3162 1335 3215 omnis
1376 3164 1592 3230 generis
1612 3163 1887 3217 cruciatus
1927 3172 1980 3216 et
2007 3164 2214 3232 suppli-
2247 3217 2265 3232 Δ

2247 3217 2286 3232 Α
2323 3154 2636 3226 μαρτύρων,
2672 3148 2747 3207 ὧν
2774 3157 2829 3207 αἱ
2860 3155 2968 3208 τῶν
3013 3155 3324 3224 ἀθλητικῶν
3364 3158 3741 3226 παλαισμάτων
3776 3162 3851 3228 ὲρ⁴

638 3250 724 3305 cia
772 3261 827 3304 et
859 3251 1080 3306 dolores
1111 3260 1368 3320 tanquam
1403 3252 1902 3323 fragrantissimum
1932 3256 2213 3310 suﬂimen-
2242 3247 2263 3277 ‘

2242 3247 2289 3278 υ
2318 3248 2506 3313 γασίαι
2537 3248 2634 3300 καὶ
2680 3247 2921 3300 ποικίλαι
2975 3248 3070 3299 καὶ
3120 3249 3469 3301 παντοδαπαὶ
3515 3252 3746 3312 κολάσεις
3777 3252 3852 3305 καὶ

640 3349 757 3395 tum
791 3342 858 3396 ad
889 3342 1127 3397 sublime
1157 3359 1220 3398 ac
1266 3354 1519 3399 sanctum
1583 3344 1680 3399 Dei
1719 3347 1892 3402 altare
1945 3362 2214 3416 pervene-

2314 3337 2581 3407 τιμωρίαι
2615 3339 2710 3389 καὶ
2752 3337 3046 3409 ἀλγηδόνες
3081 3340 3161 3400 εἰς
3189 3339 3247 3391 τὸ
3277 3339 3397 3393 ἄνω
3436 3342 3533 3393 καὶ
3578 3343 3746 3411 νοερὸν
3778 3341 3852 3394 τοῦ

638 3443 790 3497 runt,
848 3442 1012 3504 atque
1067 3434 1178 3488 illic
1246 3435 1514 3505 descripta
1564 3446 1835 3505 prostant,
1877 3449 1934 3494 et
1973 3439 2212 3494 nobilem

2314 3426 2450 3480 Θεοῦ
2498 3429 2890 3498 θυσιαστήριον
2940 3428 3016 3488 ὡς
3072 3430 3274 3494 εὐῶδες
3324 3431 3564 3502 ἀνῆλθον
3621 3433 3852 3503 θυμίαμα,

641 3523 969 3579 athletarum
1024 3526 1278 3579 virtutem
1334 3534 1503 3596 atque
1547 3542 1791 3583 amorem
1852 3545 1978 3601 erga
2033 3531 2210 3597 illum,

2314 3517 2476 3569 κάκεῖ
2504 3517 2791 3585 γεγόνασιν
2820 3518 3314 3590 ἀπογεγραμμέναι
3358 3524 3455 3574 καὶ
3497 3526 3854 3594 παριστάμεναι

638 3616 730 3683 qui
751 3630 893 3671 unus
913 3626 1103 3671 natura
1127 3617 1387 3687 solusque
1427 3632 1588 3672 verus
1621 3627 1703 3674 est
1732 3620 1897 3688 Deus,
1930 3638 2214 3677 commen-

2314 3608 2410 3661 καὶ
2438 3607 2807 3676 κηρύττουσαι
2854 3610 2947 3661 καὶ
2995 3609 3382 3679 μαρτυροῦσαι
3410 3613 3509 3681 τὴν
3542 3613 3856 3683 γενναιότητα

638 3706 771 3761 dant
796 3718 960 3778 atque
990 3718 1282 3774 testantur,
1336 3725 1401 3764 ac
1447 3712 1607 3767 simul
1666 3714 1852 3768 odium
1910 3715 2212 3784 declarant,

2315 3700 2424 3752 τῶν
2450 3699 2720 3769 ἀθλητῶν,
2748 3701 2842 3753 καὶ
2873 3703 2973 3771 τὴν
3010 3701 3148 3771 πρὸς
3179 3703 3350 3756 αὑτὸν
3374 3704 3619 3776 ἀγάπην.
3650 3706 3855 3777 δηλονότι

639 3812 751 3869 quo
784 3798 981 3855 diaboli
1024 3802 1243 3858 fraudes
1279 3813 1335 3858 et
1388 3803 1659 3859 idolorum
1719 3808 1923 3861 cultum
1962 3808 2212 3863 detestati

2315 3792 2405 3846 τὸν
2430 3794 2598 3856 ὅντως
2627 3794 2756 3847 ὄντα
2780 3794 2876 3847 καὶ
2904 3794 3064 3863 μόνον
3099 3794 3363 3862 ἀληθινὸν
3385 3798 3541 3851 Θεόν.
3570 3800 3676 3852 Καὶ
3702 3799 3855 3869 μέντοι

640 3899 802 3946 sunt:
853 3906 972 3960 qua:
1023 3894 1205 3947 omnia
1237 3895 1358 3949 sine
1408 3896 1724 3951 discrimine
1753 3898 2098 3969 deiectuque,
2131 3900 2214 3953 vel

2315 3886 2410 3939 καὶ
2439 3886 2502 3939 τὸ
2538 3890 2695 3956 μῖσος
2730 3888 2827 3939 καὶ
2855 3885 2954 3955 τὴν
2997 3886 3298 3955 ἀπέχθειαν
3340 3889 3443 3961 τὴν
3485 3891 3623 3943 κατὰ
3652 3890 3739 3942 τοῦ
3766 3891 3846 3941 6:3-

639 3979 819 4049 potins
852 3980 906 4033 in
942 3982 1272 4035 contrariam
1301 3993 1511 4051 partem
1550 3985 1727 4037 insani
1763 3986 2011 4043 homines
2050 3997 2213 4058 atque

2315 3980 2473 4033 ϐόλου
2522 3981 2615 4031 καὶ
2661 3979 2764 4049 τῆς
2817 3979 3104 4050 εἰδωλικῆς
3151 3981 3460 4052 ἐξαπάτης,
3511 3976 3585 4035 ὧν
3634 3983 3855 4036 ἁπάντων

642 4071 816 4142 impii,
839 4075 996 4127 novis
1033 4075 1341 4130 nominibus
1375 4085 1538 4145 atque
1578 4077 1928 4147 opinionibus
1952 4081 2211 4146 inductis,

2315 4073 2650 4140 ἀδιακρίτως
2715 4072 2811 4125 καὶ
2866 4072 3296 4142 συγκεχυμένως
3364 4074 3565 4144 μᾶλλον
3616 4075 3657 4127 δ’
3715 4075 3856 4126 εἰπεῖν

643 4164 957 4231 inttnutant,
994 4181 1055 4219 ac
1113 4182 1291 4220 rerum
1348 4179 1597 4222 naturam
1655 4170 1954 4237 invertunt,
2013 4177 2211 4227 bonum

2314 4164 2694 4233 ἀντιστρόφως
2726 4164 2774 4214 οἱ
2811 4162 3209 4233 ματαιόφρονες
3249 4164 3351 4217 καὶ
3406 4166 3743 4235 παραπλῆγες
3780 4162 3856 4215 καὶ

642 4258 769 4323 rati,
802 4260 947 4328 quod
980 4260 1203 4321 tnalum,
1238 4269 1400 4331 atque
1437 4277 1467 4316 e
1489 4263 1770 4316 contrario
1811 4264 2033 4326 malum,
2072 4271 2214 4333 quod

2314 4256 2619 4319 δυσσεϐεῖς,
2651 4254 2750 4317 τὰς
2780 4254 3079 4324 ὀνομασίας
3128 4257 3223 4309 καὶ
3259 4256 3363 4319 τὰς
3399 4258 3688 4327 ὑπολήψεις
3728 4256 3855 4319 δοξά-

642 4351 847 4405 bonum
879 4360 999 4416 est;
1036 4362 1091 4405 et
1141 4354 1394 4407 tenebras
1424 4369 1522 4423 pro
1553 4354 1671 4408 luce
1706 4353 1984 4420 habentes,
2011 4356 2215 4411 lucem-

2316 4347 2523 4411 ζοντες,
2551 4345 2839 4415 ἀμείϐουσι
2872 4348 2964 4398 καὶ
2987 4346 3556 4416 προσεναλλάττονται
3584 4348 3687 4400 τῶν
3711 4364 3857 4415 πραγ-

642 4455 749 4510 que
780 4457 877 4509 pro
899 4442 1167 4507 tenebris;
1194 4443 1446 4511 quodque
1464 4444 1620 4498 dulce
1641 4454 1744 4511 est,
1762 4460 2007 4499 amarum
2033 4447 2216 4514 appel-

2318 4440 2503 4507 μάτων
2532 4438 2632 4506 τὴν
2677 4436 2875 4506 φύσινο
2928 4439 3020 4490 καὶ
3065 4438 3354 4503 δοξάζουσι
3388 4442 3450 4493 τὸ
3486 4440 3676 4502 καλὸν,
3718 4456 3858 4506 πονη-

643 4530 845 4597 iantes,
901 4542 956 4585 et
1015 4533 1161 4600 quod
1212 4548 1480 4598 amarum,
1532 4534 1709 4599 dulce,
1756 4537 1915 4607 longe
1943 4538 2119 4603 aliter,
2151 4553 2268 4612 εισι

2246 4554 2291 4612 D
2322 4530 2412 4600 ρόν
2431 4545 2445 4560 ο
2479 4529 2574 4581 καὶ
2606 4529 2666 4581 τὸ
2696 4528 2930 4597 ἔμπαλιν
2953 4522 3015 4581 τὸ
3038 4530 3297 4600 πονηρὸν,
3334 4532 3502 4584 καλόν
3522 4548 3537 4561 ο
3564 4532 3655 4585 καὶ
3674 4531 3854 4583 τιθέασι

642 4638 816 4677 sacrae
839 4639 936 4677 nos
968 4623 1183 4678 Litterae
1217 4625 1520 4680 docuerunt
1547 4628 1615 4680 δι.
1658 4628 1812 4693 Quod
1852 4632 2068 4698 sapiens
2105 4631 2210 4685 Ec-

2319 4618 2380 4671 τὸ
2415 4619 2628 4682 σκότος,
2669 4617 2806 4686 φῶς,
2847 4619 2941 4670 καὶ
2981 4618 3044 4669 τὸ
3097 4618 3231 4687 φῶς,
3265 4621 3492 4685 σκότος·
3545 4624 3633 4675 καὶ
3671 4622 3854 4688 λέγουσι

642 4713 921 4771 clesiastes
959 4724 1016 4769 ut
1052 4720 1384 4781 ostenderet,
1433 4718 1632 4789 adjecit
1666 4722 1913 4789 protinus
1942 4733 1996 4776 et
2024 4724 2135 4777 ait:

2318 4710 2379 4763 τὸ
2404 4710 2597 4778 γλυκὺ,
2631 4709 2849 4780 πικρὸν,
2877 4710 2971 4763 καὶ
2999 4710 3060 4763 τὸ
3100 4712 3318 4781 πικρὸν,
3355 4714 3552 4781 γλυκὺ,
3599 4715 3739 4784 παρὰ
3778 4712 3854 4781 τὴν

2319 4804 2607 4872 εἰσήγησιν
2635 4801 2735 4871 τῆς
2784 4800 2935 4864 θείας
2977 4803 3225 4873 Γραφῆς.
3265 4805 3449 4876 Ὅπερ
3497 4806 3854 4876 παρεμφαίνων

2320 4896 2347 4947 ὁ
2379 4893 2539 4962 σοφὸς
2568 4893 3022 4965 Ἐκκλησιαστὴς,
3052 4895 3274 4965 ἀμέσως
3303 4898 3556 4968 ἐπήγαγε
3581 4896 3668 4950 καί
3695 4910 3851 4966 φησιν’

715 4999 761 5032 ⁸³
804 4999 907 5054 lsa.
928 4999 1113 5066 tv,20.

713 5118 913 5200 (ﬁtilla
943 5120 1171 5200 ευπορεὶ
1203 5118 1509 5200 divinarum
1537 5117 1880 5200 bitterarum,
1901 5133 2020 5200 qua:
2036 5118 2205 5200 Atha-
2299 5138 2338 5200 ρ

2299 5122 2433 5200 ⁴ρεῖν
2462 5123 2528 5200 τὸ
2560 5126 2787 5200 ποίημα
2816 5127 2903 5200 rd,
2928 5130 3336 5200 πεποιημένον
3372 5132 3494 5186 ὑπὸ
3547 5132 3647 5183 τὸν
3682 5128 3847 5195 ἥλιον.

643 5191 800 5269 nasio
826 5188 1244 5269 tribuitur,_litec
1290 5190 1406 5269 ipsa
1445 5188 1787 5269 Ecclesiastte
1815 5193 1978 5242 verba
2011 5198 2205 5269 auctor

2305 5192 2530 5269 6o'a_dr
2543 5188 2825 5266 μοχθῆσῃ
2867 5188 3179 5268 drapeton
3210 5204 3315 5255 τοῦ
3353 5201 3630 5269 (inﬂuat.
3657 5188 3743 5251 καὶ
3760 5202 3850 5264 οὐχ

643 5260 833 5323 refert,
865 5262 1065 5331 quibus
1099 5261 1363 5315 declarari
1395 5258 1668 5321 ostendat,
1696 5275 1859 5329 quam
1890 5274 2040 5331 value
2062 5262 2207 5328 jatn-
2303 5258 2576 5331 εὑρήσει.
2602 5258 2659 5322 Id
2683 5258 2766 5321 est
2787 5258 2820 5321 ἶ
2841 5270 2953 5323 Hoc
2976 5258 3242 5325 autem'in
3263 5258 3503 5327 libr—0'0}:
3530 5284 3723 5325 natura:
3744 5258 3849 5321 con:

643 5340 757 5385 tum
785 5330 1368 5408 essent-Egyptiorum
1407 5338 1573 5392 artes,
1596 5346 1871 5398 quantque
1903 5329 2088 5408 futiles
2118 5332 2206 5408 l'g-
2306 5329 2644 5408 temptatione
2674 5338 3035 5408 philosophari
3071 5343 3295 5397 videtur.
3322 5342 3453 5397 Cum
3486 5343 3620 5395 enim
3644 5337 3851 5407 ίΕρθριὸἰ

643 5410 781 5481 tura;
825 5401 1019 5481 deinde
1073 5399 1265 5481 essent.
1306 5399 1636 5481 prtecorum
1678 5402 2094 5481 contentiones.“
2118 5400 2207 5454 Ἐν
2306 5399 2418 5481 iant
2446 5399 2757 5481 opiitionitm
2790 5399 3100 5465 continentis
3137 5415 3304 5466 dediti
3337 5422 3532 5476 essent,
3563 5399 3849 5481 Gt'tt'ci'ct'ro

639 5472 818 5555 τούτῳ
855 5472 931 5555 δὲ,
969 5472 1162 5551 inquit,
1190 5471 1268 5555 τῶ
1304 5470 1777 5555 βιϐλίῳξερὶςτῆς
1798 5470 2205 5555 φυσικῇςιθεω-

2306 5470 2487 5555 {mitti
2527 5477 2590 5555 de
2648 5480 2737 5555 his
2785 5481 3081 5555 fabttlaturi
3113 5494 3322 5549 essent;
3352 5470 3549 5536 idcirco
3584 5482 3747 5533 divino
3778 5476 3848 5528 ille

643 5540 1110 5623 [δίας-φιλοσοφῶν
1163 5542 1432 5623 φαίνεται.
1492 5540 1721 5623 Ἐπειδὴ
1767 5545 1874 5608 γὰρ
1917 5540 2205 5623 ᾼίγύπτιοι

2313 5546 2520 5613 Spiritu
2559 5540 2854 5623 impulsas,
2890 5554 3069 5623 qttt'rle
3092 5556 3207 5607 istis
3240 5540 3500 5622 inquirere
3547 5560 3844 5607 conarentur.

645 5611 744 5694 μὲν
774 5612 1156 5694 ξφαντάζοντο,
1189 5611 1446 5694 ’Έλληνες
1492 5612 1548 5663 δὲ
1556 5611 1794 5694 ,ἔμελλον
1825 5614 1952 5694 περι
1999 5611 2205 5693 τούτων

2311 5611 2592 5685 compescit
2631 5611 3105 5694 Iinquiens'gNon
3170 5611 3364 5694 poterat
3423 5626 3582 5677 homo
3637 5623 3846 5694 invenire

643 5677 959 5750 μυθολογεῖν
975 5699 1003 5764 ὀ
1033 5682 1120 5733 διὰ
1175 5682 1333 5732 τοῦτο
1347 5677 1509 5742 οὗτος
1553 5677 1826 5760 Πνευύματι
1858 5677 1997 5750 ἁγίῳ
2028 5681 2205 5763 κινού-

2311 5677 2470 5764 opus,
2500 5689 2642 5764 qtmd
2671 5677 2774 5742 sub
2808 5693 2923 5764 sole
2960 5677 3269 5749 factnm‘cst
3296 5713 3308 5748 :
3344 5711 3442 5748 nec
3468 5691 3706 5763 quamvis
3721 5701 3845 5759 quae-

644 5766 824 5819 μενος,
882 5753 1039 5802 παύει
1091 5753 1187 5819 μὲν
1222 5753 1347 5836 τοξς
1393 5753 1805 5836 ὲΟπιχειροῦμτας
1836 5753 1966 5820 περὶ
1999 5753 2204 5830 τορτων

1999 5753 2204 5836 τουτων
2312 5758 2481 5813 rcndu
2503 5753 2782 5830 fatigetur,
2818 5762 3075 5818 inveniet.
3115 5768 3364 5836 (Syuolis.
3394 5753 3624 5834 [ila-xv.)

640 5823 844 5891 ζητεῖν,
879 5824 1135 5891 φάσκων·
1166 5823 1246 5874 Οὐ
1278 5820 1604 5886 δυνήσεται
1655 5820 1966 5889 ἅνθρωπος
1988 5820 2094 5874 τοῦ
2115 5823 2204 5875 εὐ·
