4114 6520
295 413 437 477 1065

1314 411 1397 473 IN
1434 411 2014 475 ECCLESIASTEN.
2056 440 2125 452 ·-
2154 415 2319 478 Ἰ.ΙΒ.
2354 418 2521 479 VIII.

3402 417 3537 483 1066

1064 518 1073 524 ’
1856 520 1865 568 Ι

360 613 471 669 Καί
498 628 567 682 γε
594 609 841 682 ἀγάπην
863 608 966 664 καί
999 627 1069 681 γε
1081 610 1268 682 μίσος
1296 613 1408 666 οὐκ
1439 611 1611 665 ἔστιν
1635 609 1807 676 εἰδὼς

2040 615 2169 669 ΟΜ».
2188 614 2280 670 IX.
2318 617 2480 691 Vtaus.
2507 618 2557 671 1.
2594 616 2663 671 Ει
2680 618 2889 688 quidem
2906 617 3224 675 charitatem
3253 630 3302 676 et
3330 622 3540 692 quidem

283 706 614 775 ἅνθρωπος.
685 701 764 757 Γὰ
820 701 1021 756 πάντα
1077 704 1192 771 πρὸ
1247 702 1576 773 προσώπου
1639 701 1860 759 αὐτῶν.

284 796 624 861 Ματαιότης
654 794 726 848 ἐν
752 794 876 859 τοῖς
908 790 1081 848 πᾶσι.

360 887 615 957 Δηλονότι
657 888 773 949 τοῖς
815 884 1215 956 ματαιόφροσι,
1258 884 1354 937 καὶ
1396 883 1487 937 τὸν
1530 886 1631 953 μὲν
1665 884 1866 955 εὐσεϐῆ

286 982 384 1034 καὶ
408 980 644 1045 δίκαιον,
673 978 867 1031 ἄδικον
900 976 1252 1047 ὀνομάζουσι,
1283 977 1378 1031 καὶ
1415 978 1478 1031 τὸ
1503 976 1742 1050 ἔμπαλιν
1775 977 1867 1030 τὸν

285 1074 495 1135 ἄδικον,
554 1069 755 1141 εὐσεϐῆ
812 1070 909 1124 καὶ
950 1069 1194 1122 δίκαιον·
1242 1069 1420 1123 καίτοι
1463 1086 1525 1138 γε
1559 1069 1719 1123 τοῦτο
1770 1072 1868 1139 τῆς

287 1164 442 1227 θείας
463 1162 925 1233 ἀπαγορευούσης
946 1160 1173 1233 Γραφῆς
1201 1160 1345 1214 οὕτω
1374 1160 1642 1231 λεγούσης
1662 1178 1677 1194 ο
1710 1181 1729 1212 ι
1770 1162 1868 1223 ’ος

283 1254 500 1308 δίκαιον
544 1252 674 1325 εἴπῃ
719 1252 813 1306 τὸν
872 1252 1081 1315 ἄδικον,
1143 1252 1327 1306 ἄδικον
1387 1252 1445 1305 δὲ
1494 1252 1587 1306 τὸν
1635 1253 1865 1314 δίκαιον,

284 1347 603 1418 ἀκάθαρτος
650 1345 746 1399 καὶ
789 1344 1081 1416 βδελυκτὸς
1126 1346 1277 1416 παρὰ
1315 1346 1455 1417 Θεῷ.
1502 1365 1520 1397 ι
1585 1346 1773 1400 Ταῦτα
1810 1346 1868 1399 δὲ

283 1440 431 1493 κάπὶ
462 1439 627 1494 παντὶ
654 1438 832 1510 χρόνῳ
860 1439 957 1493 καὶ
989 1438 1171 1510 καιρῷ
1193 1480 1209 1507 ,
1239 1440 1334 1493 καὶ
1360 1436 1504 1493 κατὰ
1544 1440 1739 1509 γενεὰν
1773 1440 1869 1492 καὶ

283 1532 489 1600 γενεὰν
538 1534 651 1594 τοῖς
692 1530 978 1595 ἀσυνέτοις
1020 1530 1331 1604 ἀνθρώποις
1376 1533 1473 1586 καὶ
1513 1532 1867 1603 παράπληξιν

282 1624 673 1694 ἁρμόττουσιν.
710 1622 824 1676 ’Δεὶ
860 1623 969 1695 γὰρ
1000 1624 1217 1697 πλήρης
1246 1620 1400 1687 οὗτος
1426 1625 1455 1678 ὁ
1494 1625 1607 1695 βίος
1638 1626 1868 1696 εὓρηται

282 1714 403 1766 τῶν
444 1712 705 1776 τοιαύτας
737 1711 959 1777 σκολιὰς
1006 1714 1220 1786 κρίσεις
1249 1717 1343 1768 καὶ
1374 1714 1772 1784 διεψευσμένας
1800 1716 1866 1783 τῇ

285 1804 457 1872 φύσει
481 1804 591 1856 τῶν
623 1803 967 1875 πραγμάτων
1002 1805 1472 1875 παρεισαγόντων.
1526 1804 1779 1858 Μάλιστα
1811 1803 1869 1857 δὲ

282 1896 391 1948 καὶ
430 1896 796 1968 διαφερόντως
834 1895 1068 1959 ἐκείνοις
1107 1895 1317 1949 ἐοίκασι
1360 1898 1474 1959 τοῖς
1502 1898 1752 1966 καιροῖς,
1786 1889 1868 1959 οἷς

284 1989 690 2060 παρευδοκιμεῖ
719 1989 818 2060 τὴν
848 1989 1112 2060 ἀλήθειαν
1140 1988 1201 2042 τὸ
1225 1989 1440 2060 ψεῦδος,
1459 1987 1555 2041 καὶ
1576 1991 1610 2059 ἡ
1642 1986 1867 2042 ἀσέϐεια

281 2080 389 2132 καί
418 2081 452 2150 ή
499 2079 684 2133 ἀδικία
722 2080 1099 2151 κατευημερεί
1137 2079 1236 2150 τῆς
1282 2078 1567 2141 εὐσεϐείας
1629 2077 1723 2130 καὶ
1767 2076 1868 2147 τῆς

280 2169 663 2241 δικαιοσύνης.
707 2170 927 2242 Ἀμέλει
980 2171 1164 2226 τοίνυν
1219 2171 1446 2242 ἀμέσως
1498 2170 1781 2240 ἐπήγαγεν
1837 2170 1866 2222 ὁ

283 2263 457 2334 σοφὸς
495 2263 936 2335 Ἐκκλησιαστής
957 2279 973 2295 ο

1971 708 2150 760 odium
2173 724 2275 761 non
2302 718 2379 763 εει
2406 725 2716 779 cognoscens
2737 710 2910 763 homo.
2948 709 3141 766 Omnia
3178 724 3302 768 ante
3351 716 3542 784 faciem

1968 811 2179 851 eorum;
2213 797 2432 853 Vanitas
2461 800 2515 853 in
2544 800 2782 854 omnibus
2817 799 2950 870 (27).

2040 886 2097 941 Id
2126 897 2210 943 est
2245 889 2296 942 in
2350 892 2661 947 amentibus
2690 892 2840 958 tillis,
2878 892 2970 962 qui
3011 893 3154 962 quod
3196 896 3346 965 pium
3379 906 3465 952 est
3491 913 3547 954 et

1968 978 2197 1050 justum,
2225 980 2760 1050 appellantiniquum
2784 992 2872 1047 ;et
2898 993 3089 1039 contra
3120 987 3262 1053 quod
3300 988 3545 1058 iniquum

1970 1080 2074 1135 est,
2095 1072 2240 1141 pium
2288 1087 2352 1125 ac
2390 1071 2597 1140 justum
2630 1072 2766 1143 (28).
2802 1073 2911 1129 Etsi
2971 1076 3074 1130 hoc
3109 1078 3286 1145 ipsum
3349 1079 3547 1134 divinae

1969 1163 2188 1219 Littera:
2212 1165 2480 1236 218his
2512 1165 2692 1221 verbis
2724 1176 2940 1222 vetant:
2980 1187 2999 1219 ι
3023 1169 3124 1235 Qui
3150 1169 3356 1238 justum
3391 1173 3547 1227 dixe-

1969 1256 2041 1310 rit
2068 1257 2334 1327 iniquum,
2375 1265 2429 1311 et
2458 1257 2700 1326 iniquum
2734 1257 2967 1327 justum,
3002 1260 3313 1317 immundus
3341 1272 3397 1317 et
3416 1265 3547 1320 abo-

1972 1350 2263 1404 minandus
2287 1350 2425 1418 apud
2472 1350 2639 1403 Deum
2681 1349 2815 1420 (29).
2846 1368 2864 1401 ι
2922 1351 3102 1421 Atque
3152 1352 3267 1408 haec
3321 1355 3542 1424 quidem

1972 1439 2183 1495 insanis
2214 1455 2279 1494 ac
2300 1440 2509 1496 stolidis
2532 1441 2772 1494 omnium
2798 1450 3097 1511 tempormn
3124 1452 3285 1513 atque
3303 1446 3545 1501 omnium

1969 1542 2189 1587 aetatum
2222 1532 2535 1587 hominibus
2564 1542 2689 1603 apte
2730 1534 3083 1588 conveniunt.
3126 1533 3353 1605 Semper
3400 1540 3567 1592 euim‘

1970 1625 2023 1679 in
2060 1624 2162 1679 bac
2192 1625 2303 1679 vita
2332 1638 2583 1694 magnam
2636 1634 2849 1680 constat
2880 1623 3053 1681 fuisse
3084 1626 3294 1694 copiam
3330 1642 3546 1697 eorum,

1968 1716 2283 1787 quijudicia
2319 1704 2627 1783 huiusmodi
2696 1732 2949 1786 perversa
3002 1726 3057 1773 et
3080 1718 3215 1774 l‘alsa
3262 1722 3328 1775 de
3362 1737 3546 1778 rerum

1970 1816 2162 1861 natura
2217 1806 2568 1861 induxerunt.
2618 1805 2895 1878 Praecipue
2921 1823 3050 1864 vero
3086 1825 3152 1865 ac
3197 1812 3545 1881 potissimum

1971 1899 2026 1952 in
2066 1914 2129 1953 ea
2152 1901 2421 1968 quadram
2453 1908 2716 1967 tempora,
2771 1902 2974 1970 quibus
3003 1904 3205 1958 veritas
3258 1906 3548 1963 mendacio

1971 1987 2292 2053 succumbit,
2324 1996 2378 2041 et
2398 1988 2650 2057 impietas
2665 1998 2829 2059 atque
2856 1991 3122 2061 injustitia
3155 1993 3356 2063 pietate
3382 2005 3547 2067 atque

1964 2074 2176 2144 justitia
2230 2074 2440 2129 felicior
2492 2085 2594 2131 est.
2624 2075 2831 2134 Idcirco
2864 2082 3054 2152 utique
3115 2085 3334 2154 sapiens
3357 2085 3548 2145 Eccle-
3605 2129 3610 2134 ι

1968 2166 2161 2222 siastes
2207 2166 2403 2237 adjecit
2446 2168 2729 2238 protinus:

1840 2352 1868 2424 ς
1895 2350 1981 2406 ιιι.

377 2446 474 2514 Ὠς
501 2446 861 2517 συνάντημα
908 2447 978 2503 ἓν
1009 2445 1091 2513 τῷ
1130 2446 1339 2514 δικαίῳ
1366 2446 1466 2501 καὶ
1512 2444 1592 2512 τῷ
1637 2444 1865 2508 ἀσεϐεῖ,

280 2538 374 2605 τῷ
402 2538 599 2607 ἁγαθῷ
634 2539 734 2593 καί
762 2538 841 2606 τῷ
873 2538 1071 2606 κακῷ,
1113 2539 1214 2593 καὶ
1261 2539 1342 2604 τῷ
1386 2536 1623 2606 καθαρῷ
1656 2537 1753 2591 καί
1786 2536 1868 2604 τῷ

278 2630 628 2700 ἀκαθάρτῳ,
667 2632 763 2684 καί
811 2630 893 2697 τῷ
931 2629 1275 2691 θυσιάζοντι
1302 2630 1403 2684 καί
1430 2629 1510 2695 τῷ
1537 2629 1625 2700 μὴ
1657 2628 1866 2685 θυσιά-

276 2723 478 2786 (ortv
533 2724 615 2788 ὡς
672 2723 923 2793 ἀγαθὸς,
985 2723 1067 2789 ὡς
1140 2726 1174 2776 ό
1228 2722 1582 2793 ἁμαρτάνων
1608 2738 1624 2754 ⁶
1696 2722 1776 2787 ὠς
1833 2722 1867 2774 δ

278 2821 549 2891 ὀμνύων,
594 2818 794 2884 καθὼς
832 2821 864 2872 ό
904 2817 1012 2871 τὸν
1040 2817 1225 2886 ὅρκον
1243 2818 1638 2886 φοϐούμενος.
1688 2814 1868 2870 Τοῦτο

276 2910 559 2979 πονηρὸν
632 2910 705 2963 ἐν
753 2908 938 2963 παντί
986 2907 1053 2963 τὸ
1113 2908 1525 2977 πεποιημένον
1579 2907 1700 2962 ὑπὸ
1760 2906 1866 2959 τὸν
1932 2951 1941 2959 .

276 3003 489 3071 ἣλιον,
543 3001 632 3055 ὅτι
680 3000 1041 3069 συνάντημα
1092 2999 1163 3053 ἐν
1211 3000 1334 3065 τοῖς
1377 2998 1591 3056 πᾶσιν.
1640 2998 1753 3053 Καί
1796 3014 1864 3067 γε

275 3092 502 3161 καρδία
525 3090 675 3145 vltor
701 3090 809 3145 τοῦ
853 3089 1169 3157 ἀνθρώπου
1205 3088 1522 3157 ἐπληρώθη
1567 3087 1860 3158 ποντφοῦ,

277 3183 387 3238 καί
428 3180 770 3250 περιφέρεια
806 3180 878 3233 ἐν
905 3178 1122 3249 καρδίᾳ
1165 3179 1365 3233 αὐτῶν
1392 3179 1463 3231 ὲν
1496 3177 1607 3249 ζωῇ
1639 3178 1861 3248 αὐτῶν,

276 3275 386 3330 καί
413 3275 607 3328 ὀπίσω
632 3270 834 3327 αὐτῶν
859 3271 1012 3339 πρὸς
1040 3270 1184 3337 τοὺς
1210 3274 1485 3341 νεκρούς.

360 3366 487 3430 Τοῖς
516 3364 844 3436 ἀγύμναστα
871 3362 940 3416 τὰ
968 3364 1067 3434 τῆς
1098 3363 1277 3433 ψυχῆς
1304 3365 1635 3436 αἰσθητήρια
1664 3380 1863 3434 κεκτη·
1890 3408 1932 3466 c

283 3460 475 3531 μένοις
506 3458 641 3529 πρὸς
673 3457 944 3529 διάκρισιν
974 3456 1067 3510 τοῦ
1094 3456 1260 3511 καλοῦ
1288 3458 1383 3512 καὶ
1410 3458 1505 3510 τοῦ
1541 3457 1736 3518 κακοῦ.
1768 3457 1863 3511 καὶ

278 3552 383 3607 τοῦ
432 3551 714 3622 ὠφελίμου
763 3552 857 3603 καὶ
903 3550 1265 3620 βλάπτοντος’
1321 3551 1455 3621 παρ’
1508 3544 1589 3612 οἷς
1636 3548 1864 3618 οὐδεμία

276 3644 520 3715 διαφορὰ
547 3644 645 3712 τῆς
679 3642 817 3712 πρὸς
849 3641 981 3695 Θεὸν
1008 3642 1229 3711 ἀγάπης
1267 3642 1300 3713 ἢ
1333 3643 1432 3712 τῆς
1478 3642 1679 3713 ἔχθρας
1717 3641 1865 3695 νενό-

282 3753 480 3808 μισται
504 3734 596 3787 διὰ
623 3734 684 3786 τὸ
707 3733 1002 3804 καμπύλας
1030 3734 1176 3804 ἔχειν
1202 3734 1299 3797 τὰς
1326 3736 1548 3805 τροχιὰς
1575 3735 1685 3787 τῶν
1717 3734 1863 3788 ἰδίων

283 3826 679 3899 βουλευμάτων
714 3827 807 3878 καὶ
840 3824 1139 3893 λογισμῶν,
1174 3824 1231 3877 ἒν
1256 3820 1395 3878 εἶναι
1427 3826 1745 3897 συνάντημα
1777 3824 1864 3877 δο-

277 3921 400 3973 κεῖ·
434 3917 687 3971 τουτέστι
728 3915 884 3979 τέλος
933 3916 1027 3967 καὶ
1065 3916 1241 3988 πέρας
1275 3920 1389 3980 τοῖς
1436 3916 1697 3980 ἐναντίως
1744 3916 1862 3969 δια-

276 4010 490 4064 τεθεῖσι
527 4008 624 4061 καὶ
651 4008 881 4079 νοήσασι
925 4006 1020 4059 καὶ
1049 4009 1350 4077 φρονήσασι
1385 4010 1482 4062 καὶ
1535 4008 1868 4061 πολιτευσα-’

280 4104 505 4174 μένοις⁶
558 4101 635 4164 ὡς
684 4101 779 4154 καὶ
827 4102 955 4166 τούς
1010 4101 1190 4154 πᾶσαν
1242 4100 1386 4153 ίδέαν
1434 4099 1716 4161 εὐσεϐείας
1765 4100 1861 4154 καὶ

222 4192 243 4215 ‘
276 4193 636 4264 δικαιοσύνης
665 4192 1219 4266 κατορθωκὸτας,τήν
1242 4193 1414 4264 αὐτὴν
1440 4193 1536 4246 καὶ
1556 4193 1683 4263 μίαν
1705 4192 1860 4263 λῆξιν

278 4286 585 4355 εὐρίσκειν,
622 4288 734 4347 τοῖς
763 4285 1003 4356 ἔμπαλιν
1033 4289 1215 4340 πᾶσαν
1253 4286 1509 4340 ἀσέϐειαν
1554 4286 1651 4339 καὶ
1696 4302 1861 4338 κακο-

278 4377 529 4449 πραγίαν
557 4378 963 4449 ἐργασαμένοις
983 4395 998 4410 ’
1050 4379 1189 4449 ὅπερ
1217 4377 1295 4448 τῷ
1331 4378 1446 4430 ὄντι
1475 4377 1710 4447 πονηρὸν
1746 4379 1861 4440 τοῖς

275 4469 553 4543 ἔμφροσιν
596 4469 741 4523 ἔοικε
766 4507 781 4533 ,
817 4470 913 4523 καὶ
952 4470 1134 4539 πάσης
1167 4468 1553 4540 παραπληξίας
1598 4485 1860 4540 σημαντι-

278 4565 404 4618 κόν.
428 4562 492 4617 Ei
516 4563 626 4634 γὰρ
657 4564 686 4616 ὁ
719 4563 817 4633 τῆς
838 4562 1097 4633 ἀληθείας
1126 4562 1217 4615 καὶ
1246 4565 1345 4631 τῆς
1371 4561 1657 4624 εὐσεϐείας
1693 4561 1860 4631 ὐπερ-

278 4653 486 4719 αθλῶν,
517 4654 613 4706 καὶ
647 4654 969 4727 δικαιοσύνῃ
1003 4652 1203 4718 συζῶν,
1257 4653 1354 4707 καὶ
1393 4655 1511 4716 ταῖς
1559 4652 1696 4723 πρὸς
1724 4652 1858 4704 Θεὸν

2037 2440 2201 2496 Vens.
2235 2440 2292 2501 2,
2312 2439 2364 2494 5.
2382 2438 2566 2516 Quasi
2584 2451 2791 2495 eventus
2820 2460 2958 2499 unus
2987 2445 3129 2512 iusto
3142 2458 3191 2501 et
3208 2449 3390 2519 impio,
3410 2451 3542 2508 bona

1960 2544 2009 2587 et
2040 2532 2202 2594 malo,
2232 2540 2280 2585 et
2306 2533 2499 2584 mundo
2528 2543 2574 2586 et
2614 2534 2905 2599 immundo,
2941 2547 2989 2591 et
3010 2541 3338 2609 sacriﬁcanti
3360 2553 3409 2597 et
3440 2560 3545 2599 non

1962 2623 2290 2692 sacriﬁcanti
2307 2637 2326 2675 :
2356 2625 2433 2676 sic
2446 2608 2652 2686 .bonus,
2680 2635 2736 2678 ιιι
2768 2627 2857 2695 qui
2894 2639 3073 2695 peccat
3096 2646 3117 2694 ;
3144 2631 3219 2683 sic
3239 2617 3455 2701 juraus,
3484 2646 3541 2688 ut

1960 2714 2051 2785 qui
2082 2713 2445 2782 juramentum
2488 2723 2713 2766 veretur.
2740 2714 2853 2768 Hoc
2880 2727 2957 2770 est
2994 2720 3280 2785 pessimum
3311 2725 3364 2774 in
3400 2726 3545 2776 omni

1962 2804 2099 2875 quod
2152 2804 2354 2873 factum
2386 2813 2463 2856 est
2516 2801 2611 2856 sub
2632 2804 2778 2868 sole;
2810 2807 2935 2875 quia
2976 2819 3185 2862 euentus
3204 2827 3337 2865 unus
3366 2815 3541 2868 omni-

1968 2895 2083 2950 bus.
2117 2892 2183 2948 Et
2224 2894 2434 2964 quidem
2462 2909 2554 2946 cor
2604 2894 2837 2963 ﬁliorum
2892 2898 3117 2951 hominis
3167 2900 3421 2968 repletum
3464 2914 3543 2958 est

1968 2986 2132 3053 malo,
2157 2996 2204 3040 ει
2258 2987 2600 3039 circumactio
2631 2988 2685 3040 in
2710 2988 2865 3043 corde
2907 3005 3089 3044 eorum
3118 2993 3171 3045 iu
3205 2994 3311 3047 vita
3338 3010 3540 3060 eorum,

1967 3088 2017 3133 et
2042 3088 2159 3150 post
2178 3079 2288 3133 lucc
2325 3079 2395 3132 ad
2423 3087 2656 3135 mortuos
2698 3078 2834 3151 (30).

2036 3363 2139 3431 Qui
2158 3365 2352 3419 anima:
2374 3379 2568 3421 sensus
2601 3364 2654 3420 in
2689 3364 2846 3422 bonis
2862 3375 2915 3420 et
2954 3368 3110 3423 malis
3141 3379 3303 3441 atque
3344 3372 3399 3428 in
3428 3375 3541 3430 uti-

1968 3457 2111 3513 libus
2148 3464 2201 3511 et
2224 3456 2403 3512 noxiis
2434 3456 2800 3525 dijudicandis
2833 3458 3058 3513 minime
3090 3464 3417 3520 exercitatos
3447 3467 3543 3520 ha-

1966 3550 2131 3604 bent:
2160 3558 2214 3604 et
2243 3549 2369 3619 quia
2405 3548 2458 3601 in
2501 3549 2751 3619 obliquas
2779 3551 2991 3604 consilii
3014 3566 3079 3605 ac
3128 3553 3355 3609 rationis
3390 3556 3540 3611 orbi-

1967 3650 2051 3695 tas
2082 3638 2434 3702 deﬂexerunt,
2459 3640 2668 3693 nullum
2714 3641 2853 3694 inter
2882 3641 3177 3696 amicitiam
3215 3643 3305 3699 Dei
3343 3658 3395 3700 et
3436 3648 3542 3702 ini-

1966 3728 2229 3781 micitiatn
2265 3727 2559 3782 discrimen
2586 3741 2708 3782 esse
2751 3729 3117 3796 arbitrantur;
3153 3731 3219 3786 iis
3260 3749 3396 3789 unus
3416 3749 3541 3791 esse

1962 3824 2190 3869 eventus
2224 3815 2466 3869 videtur:
2517 3815 2569 3869 id
2624 3825 2709 3869 est
2742 3816 2863 3869 linis
2907 3833 2970 3871 ac
3003 3818 3269 3874 terminus
3320 3821 3537 3877 illorum

1963 3909 2079 3979 qui.
2114 3907 2387 3961 contraria
2430 3907 2652 3961 omnino
2684 3908 2939 3976 amplexi,
2973 3910 3102 3973 alia,
3139 3920 3303 3981 atque.
3334 3914 3459 3982 ipsi,
3485 3926 3541 3970 et

1963 4002 2345 4071 cogitaruntet
2376 4009 2727 4054 senseruntct
2759 4012 3014 4071 egerunt;
3060 4012 3116 4056 ut
3150 4004 3185 4058 ii
3239 4005 3401 4060 etiam
3444 4008 3539 4077 qui

1963 4108 2152 4149 omnes
2170 4092 2385 4162 pietatis
2408 4100 2461 4145 et
2489 4091 2711 4161 justitia:
2742 4103 2923 4163 partes
2964 4094 3329 4163 impleverim,
3371 4114 3537 4153 unum

1962 4185 2322 4254 eumdemque
2368 4185 2572 4239 exitum
2626 4186 2865 4253 reperire
2916 4185 3192 4254 debeant,
3242 4197 3404 4259 atque
3462 4192 3538 4246 illi

1961 4278 2056 4348 qui
2088 4293 2117 4331 e
2150 4277 2427 4332 contrario
2448 4291 2666 4330 omnem
2696 4277 3023 4345 impietatem
3047 4295 3109 4334 ac
3143 4281 3320 4337 scelus
3362 4283 3537 4337 admi-

1962 4379 2180 4425 serunt:
2215 4369 2359 4439 quod
2391 4384 2522 4423 sane
2565 4369 2873 4438 improbum
2919 4372 3256 4439 sapientibus
3282 4390 3346 4431 ac
3381 4392 3537 4432 sum-

1962 4480 2063 4518 mae
2091 4462 2378 4518 dementia:
2428 4461 2691 4516 indicium
2746 4461 3010 4517 videatur.
3043 4462 3100 4519 Si
3134 4466 3279 4520 enim
3308 4470 3399 4538 qui
3438 4484 3538 4539 pro

1960 4559 2191 4613 veritate
2216 4567 2382 4624 atque
2414 4557 2612 4626 pietate
2643 4565 2867 4625 pugnat,
2897 4568 2951 4612 et
2983 4556 3249 4627 justitiam
3285 4562 3438 4626 colit,
3474 4577 3539 4618 ac

1961 4650 2208 4723 mysticis
2238 4648 2402 4719 219
2431 4647 2720 4703 sacriﬁciis
2744 4648 2854 4702 Deo
2887 4647 2989 4701 rite
3022 4648 3203 4715 factis,
3241 4661 3296 4705 et
3330 4652 3539 4723 suppli-

277 4744 586 4815 ἑντελεχέσι
632 4744 728 4798 καὶ
766 4747 1055 4814 μυστικαῖς
1085 4743 1300 4808 θυσίαις
1346 4743 1437 4797 καὶ
1482 4742 1853 4814 λειτουργίαις

1964 4738 2328 4795 rationibuset
2347 4736 2604 4807 precibus
2632 4735 2869 4791 assiduis
2895 4737 3057 4791 vitam
3094 4753 3250 4793 suam
3270 4738 3534 4795 illustrem

352 4853 468 4924 (27)
506 4853 671 4909 Addit
700 4850 913 4924 Olymp.
950 4853 1267 4924 Σύμμαχος,
1297 4854 1418 4907 ἀντὶ
1451 4854 1543 4907 τοῦ
1570 4893 1585 4916 .
1635 4855 1723 4908 Ἐν
1752 4856 1866 4924 τοῖς

277 4926 417 4995 πᾶσι
451 4922 780 4995 ματαιδτης
815 4965 831 4989 ,
874 4924 950 4977 Τὰ
1003 4922 1201 4979 πάντα
1254 4923 1598 4993 ἔμπροσθεν
1667 4922 1868 4979 αὐτῶν

276 4994 478 5058 ἄδηλα
506 4993 818 5047 ἐκδέδωκε.

353 5066 467 5134 (38)
511 5063 858 5134 Interpretari
888 5061 1002 5117 haec
1039 5060 1248 5134 Noster,
1280 5063 1333 5116 in
1370 5077 1489 5117 eam
1534 5062 1860 5134 sententiam

275 5133 513 5197 videtur,
554 5134 711 5200 quasi
735 5133 984 5202 judicare
1016 5133 1254 5201 perversi
1313 5134 1561 5186 homines
1592 5133 1860 5195 nesciunt,

276 5206 408 5274 quid
440 5219 650 5267 amore,
682 5204 813 5272 quid
847 5203 973 5256 odio
998 5204 1221 5270 dignum
1255 5203 1344 5257 sit.
1368 5204 1484 5268 Qua
1517 5202 1571 5274 in
1609 5219 1666 5274 re
1705 5202 1860 5271 Sym-

276 5273 559 5336 machum,
594 5274 811 5342 Opinor.
849 5282 1125 5327 auctorem
1157 5275 1424 5341 sequitur,
1445 5273 1598 5337 cujus
1638 5273 1751 5325 lucc
1777 5282 1860 5326 est

278 5346 658 5414 interpretatio
698 5362 711 5396 :
746 5344 893 5414 Πρός
937 5358 996 5394 τε
1019 5342 1102 5414 Δδὲ
1146 5344 1206 5414 οὐ
1256 5343 1442 5411 φιλίαν
1486 5343 1609 5395 οὐδὲ
1657 5342 1860 5412 ἔχθραν

275 5411 571 5469 ἐπίσταται
606 5415 634 5466 ὁ
666 5411 976 5483 ἄνθρωπος.
1018 5411 1153 5465 Nam
1185 5411 1409 5467 Latinus
1438 5414 1657 5480 quidem
1692 5411 1861 5466 inter-

274 5502 401 5556 pres
432 5484 633 5537 habet:
672 5482 739 5556 Et
772 5482 947 5556 tamen
976 5482 1137 5534 nescit
1163 5485 1336 5556 homo,
1368 5494 1545 5556 utrum
1576 5498 1753 5556 arnore
1786 5499 1859 5556 an

276 5552 399 5609 odio
426 5558 619 5623 (lignus
648 5555 737 5606 sit.
781 5552 848 5605 Et
885 5554 998 5605 tunc
1044 5562 1127 5623 est
1177 5552 1491 5623 Hieronymi
1540 5552 1855 5623 ertplicatio,

274 5640 440 5695 quam
472 5621 513 5695 a7
531 5623 711 5677 verbis
740 5621 1174 5695 praecedentibus
1221 5621 1476 5695 inchoat:
1516 5621 1755 5695 {Etiam
1788 5623 1849 5695 in

276 5693 381 5749 hoc
415 5694 539 5748 dedi
568 5708 664 5748 cor
692 5708 892 5757 meum,
925 5700 979 5744 et
1012 5693 1152 5757 scire
1184 5694 1350 5756 volui,
1382 5708 1519 5762 quos
1550 5693 1690 5747 Deus
1726 5693 1844 5745 dili-

275 5773 443 5834 geret,
479 5775 532 5817 et
563 5780 701 5833 quos
730 5763 967 5834 odisset;
999 5771 1053 5813 et
1085 5762 1264 5816 inveni
1315 5764 1589 5833 justorum
1626 5765 1844 5833 quidem

274 5832 441 5907 opera
477 5835 534 5903 in
564 5832 727 5887 manu
760 5832 848 5886 Dei
879 5846 1019 5893 esse,
1055 5840 1108 5885 et
1154 5832 1337 5887 tamen
1378 5844 1557 5889 utrum
1593 5832 1846 5888 amentur

603 5925 879 5985 PATROL.
925 5924 1041 5985 Gn.
1088 5925 1344 5987 XCVIlI.

1964 4868 1994 4906 a
2030 4853 2159 4916 Deo,
2187 4864 2394 4915 annon,
2430 4864 2580 4904 nunc
2628 4864 2723 4905 eos
2757 4849 2897 4905 seire
2925 4866 3031 4904 non
3074 4866 3253 4919 posse,
3273 4860 3329 4905 et
3357 4852 3534 4905 ambi-

1963 4938 2128 4991 guum
2170 4923 2469 4984 ﬂuctuare,
2500 4930 2681 4974 utrum
2716 4921 2782 4974 ad
2819 4922 3190 4991 probationem
3235 4922 3538 4991 sustineant

1962 4990 2108 5061 quod
2141 4992 2435 5052 sustinent.
2470 5005 2539 5044 an
2566 4992 2633 5044 ad
2661 4992 3014 5061 supplicium.
3044 5007 3061 5041 ι
3098 4990 3364 5061 Cancrum
3396 4990 3538 5046 hanc

1961 5060 2127 5116 etiam
2174 5061 2675 5131 interpretationem
2708 5060 3004 5131 Gregorius
3040 5070 3224 5131 noster
3258 5060 3398 5113 infra
3437 5061 3537 5115 deo

1962 5132 2092 5186 libat
2124 5130 2151 5202 §
2180 5134 2212 5187 ’5
2233 5174 2247 5199 ,
2280 5129 2429 5199 init.)
2450 5172 2483 5202 ,ξ
2506 5145 2653 5202 cum»
2681 5130 2757 5183 ait
2784 5147 2802 5202 :7
2829 5129 2865 5202 ι
2898 5132 2959 5182 Μ
3002 5129 3133 5199 quia
3181 5129 3235 5182 in
3262 5130 3536 5202 obliquas

1961 5200 2173 5257 consilii
2206 5219 2270 5256 ac
2290 5200 2518 5254 rationis
2542 5200 2749 5252 orbitas
2777 5200 3132 5263 deﬂexerunt,
3163 5200 3370 5252 nullum
3395 5201 3537 5254 inter

1958 5273 2253 5325 amicitiam
2292 5270 2386 5325 Dei
2431 5279 2484 5323 et
2525 5269 2865 5323 inimicitiam
2909 5270 3207 5324 discrimen
3236 5284 3357 5323 esse
3387 5270 3538 5323 arbi-

1959 5350 2209 5407 trantur;
2250 5361 2267 5392 ι
2311 5340 2417 5393 nisi
2449 5339 2594 5407 qttod
2631 5338 2745 5393 haec
2778 5356 2884 5394 non
2927 5351 3035 5394 tam
3068 5342 3135 5392 ah
3167 5339 3235 5393 iis
3273 5340 3533 5410 ignorari,

1958 5427 2121 5481 quam
2150 5426 2351 5481 susque
2379 5409 2775 5481 dequeltaberi
2800 5411 3096 5481 signiﬁcat.

2031 5481 2143 5549 (29)
2173 5477 2334 5533 Prov.
2371 5494 2504 5542 xvrt,
2539 5477 2624 5531 15.
2654 5478 2724 5532 At
2754 5478 2897 5533 LXX
2928 5481 3163 5539 habent.
3202 5479 3300 5542 Ὃς
3327 5479 3535 5534 δίκαιον

1957 5552 2132 5622 κρίνει
2155 5550 2248 5602 τὸν
2278 5550 2532 5622 ἄδικον...

2032 5621 2149 5690 (50)
2180 5621 2335 5690 Apud
2367 5617 2508 5673 LXX
2540 5634 2645 5673 non
2676 5618 2872 5689 legitur
2902 5619 3060 5674 initio
3099 5620 3207 5684 Ὧς.
3229 5618 3534 5688 Olymp.tb;

1955 5690 2194 5770 ὀμνύων2
2227 5693 2301 5753 ὡς
2361 5690 2549 5770 ὁῃτὸν.
2583 5690 2745 5770 ὅρκον
2788 5690 3209 5770 φοϐούμενος..ζ
3232 5694 3332 5770 καί
3372 5707 3533 5757 περι-

1957 5758 2151 5843 φέρεια
2179 5762 2236 5815 ἐν
2270 5758 2467 5833 καρδίᾳ
2490 5758 2689 5829 αὐτῶν,
2721 5759 2817 5814 καὶ
2846 5758 3021 5814 ὀπίσω
3044 5760 3211 5815 αὐτού
3240 5762 3378 5833 πρὸς
3400 5763 3527 5825 τοὺς

1954 5848 2197 5904 νεκρούς.

3043 5923 3119 5983 35
