3846 6518
100 418 287 489 1069
1180 436 1261 496 IN
1291 405 1870 496 ECCLESIAS’I‘EN.
1918 462 1987 471 —
2033 438 2180 497 LIB.
2232 439 2397 500 VIII.
3279 434 3415 497 1070

90 535 527 608 ἀποιχομένων
568 538 632 593 ὲκ
666 540 768 609 τῆς
799 541 1085 612 παρούσης
1130 542 1314 616 ζωῆς,
1368 546 1604 600 καὶτῶν
1650 546 1707 597 έτ

1837 546 1929 616 qui
1955 547 2119 616 impie
2139 564 2197 603 se
2227 549 2515 619 gesserint,
2548 556 2603 602 et
2644 548 2789 603 nulla
2818 549 2942 604 data
2975 548 3311 619 poenitentia:
3335 552 3413 605 si-

90 631 450 697 περιόντων
482 632 543 683 ὲν
571 632 707 703 αὐτῇ
729 650 745 663 ο
793 634 887 686 καὶ
914 634 1220 700 δείκνυσιν,
1254 638 1332 701 ὡς
1370 639 1419 690 oi
1464 637 1564 708 μὲν
1602 638 1709 690 ἀσει

1833 638 2207 708 gniticatione.
2264 642 2409 695 nulla
2476 656 2691 696 morum
2767 642 3233 698 emendandorum
3280 659 3414 699 cura

90 716 413 787 δήσαντες
447 721 542 774 καὶ
570 721 897 796 τεθνηκότες
927 726 986 777 ἐν
1026 729 1090 797 τῇ
1126 727 1276 794 σφῶν
1307 728 1534 800 ἀσεϐείᾳ
1563 731 1709 800 μηδει

1832 739 2106 800 suscepta,
2134 732 2415 802 impietate
2465 748 2562 788 sua
2595 732 2819 804 obligati
2866 734 3248 799 occubuerint,
3276 734 3427 790 nihil-

96 810 268 877 μίαν
308 813 604 867 ἀλλοίωσιν
636 817 1043 887 ἐπιδειξάμενοι
1073 820 1169 873 καὶ⁸
1201 821 1570 892 μεταμέλειαν
1592 824 1709 894 πρὸς

1826 823 1938 893 jam
1973 823 2094 879 illos
2121 824 2188 878 de
2225 826 2408 896 impiis
2461 825 2812 895 opinionibus
2842 841 2906 880 ac
2941 826 3244 881 sceleribus
3292 826 3411 881 suis

93 899 171 953 τὸ
208 907 509 974 κρεῖττον,
544 908 644 960 οὐκ
692 907 773 962 ἔτι
817 910 1325 983 μεταϐληθήσονται
1363 914 1471 967 τῶν
1514 916 1709 969 ἀσεϐῶπ

1830 916 2209 985 depOsituros:
2237 932 2336 972 nec
2361 918 2659 987 quidquam
2699 918 2764 973 de
2808 918 2986 987 paenis
3024 918 3412 989 suppliciisque

96 993 471 1066 ὕπολήψεων
512 998 608 1053 καὶ
658 1003 1225 1073 κακοπραγημάτων·
1276 1006 1397 1059 οὐδέ
1434 1006 1485 1060 τί
1520 1025 1584 1076 γε
1620 1007 1709 1079 μὴπ

1828 1010 2073 1073 aeternis,
2100 1025 2223 1078 quae
2280 1011 2473 1064 exinde
2533 1010 3265 1074 imminebant,evitaturos.
3304 1010 3411 1078 Qui

97 1086 237 1140 τῶν
262 1090 522 1143 ἐντεῦθεν
544 1093 950 1164 ἐπηρτημένων
974 1096 1158 1159 αὐτοῖς
1175 1096 1703 1171 ἀπολυτρωθήσοντα

1829 1117 1961 1157 vero
1991 1103 2318 1171 superstites
2340 1103 2503 1157 vitam
2522 1104 2821 1158 etiamnum
2863 1104 3090 1169 ducunt,
3121 1118 3214 1159 eos
3244 1119 3411 1173 expe-

96 1182 428 1251 τιμωριῶν
469 1184 565 1236 καὶ
609 1184 887 1239 κολάσεων
941 1176 1201 1243 αἰωνίων.
1240 1190 1303 1243 Oi
1345 1192 1631 1262 περιόντες
1667 1192 1709 1245 δὲ

1828 1192 1938 1247 dite
1960 1203 2124 1261 atque
2143 1191 2303 1247 facile
2350 1192 2645 1262 proborum
2668 1202 2722 1249 et
2747 1194 3084 1264 sapientium,
3098 1194 3406 1260 hominum,

96 1270 223 1325 καὶ
261 1272 470 1337 ζῶντες
504 1276 583 1327 ἔτι
622 1278 765 1330 κατά
824 1277 1015 1334 τοῦτον
1057 1281 1149 1334 τὸν
1178 1281 1315 1352 βίον,
1347 1283 1594 1355 εὐχερῶς
1632 1284 1709 1337 κα¹

1828 1284 1919 1354 qui
1953 1283 2120 1339 Deum
2162 1299 2229 1339 ex
2271 1285 2459 1340 animo
2499 1285 2708 1350 colunt,
2759 1286 3195 1350 institutionibus
3247 1293 3409 1366 quasi

102 1365 342 1435 ῥαδίως
368 1369 493 1429 ταῖς
513 1370 620 1422 τῶν
646 1371 978 1440 κρειττόνων
1020 1373 1117 1426 καὶ
1146 1375 1327 1443 σοφῶν
1358 1376 1454 1428 καὶ
1484 1377 1709 1431 συνετῶπ

1829 1378 1972 1431 bono
2007 1376 2275 1431 fermento
2307 1379 2589 1433 subactum
2626 1379 2713 1441 iri,
2748 1390 2804 1434 et
2829 1395 2970 1436 verae
2994 1365 3410 1455 doctrinaeque-

100 1458 225 1511 ἀ.νο
239 1459 448 1529 ρώπων
473 1460 582 1514 τῶν
612 1462 830 1532 ἀληθῶς
848 1463 929 1533 τῷ
951 1463 1071 1535 Θεῷ
1095 1464 1313 1530 ζώντων
1341 1470 1709 1539 εἰσηγήσεσιν

1826 1466 1948 1520 dam
1977 1467 2143 1524 veluti
2175 1467 2287 1522 sale
2313 1482 2662 1539 conspersos,
2707 1483 2977 1539 perversa:
3010 1473 3118 1528 vim
3148 1490 3254 1531 non
3279 1494 3409 1533 sen-

101 1548 194 1613 ὼς
264 1550 357 1603 ἐπ’
416 1552 597 1623 ἀγαθῇ
654 1552 803 1624 ζύμῃ
853 1556 1429 1627 μεταφυραθήσονται,
1500 1561 1594 1614 καὶ
1646 1560 1709 1631 τᾷ

1826 1572 2021 1613 suros:
2080 1559 2190 1613 sint
2210 1557 2334 1614 licet
2392 1569 2581 1615 tenues
2610 1560 2829 1629 quidam
2863 1570 2916 1617 et
2931 1565 3165 1633 parvuli,
3199 1574 3255 1620 et
3288 1567 3409 1621 sine

101 1641 295 1697 ἅλατι
338 1643 451 1697 τῶν
502 1645 773 1717 ἀληθινῶν
821 1646 1112 1718 δογμάτων
1162 1650 1581 1720 ἀλισθήσονται,
1626 1655 1709 1707 xui

1826 1648 2032 1704 honore
2062 1650 2283 1704 omnino
2323 1664 2387 1705 ac
2442 1650 2741 1721 despicatui
2795 1652 2989 1721 habiti,
3018 1664 3274 1727 tanquam
3318 1672 3408 1713 ca-

100 1734 240 1787 τῶν
294 1738 611 1804 κακοδόξων
658 1741 1021 1811 ἐκστήσονται
1066 1742 1380 1813 δογμάτων,
1437 1745 1540 1799 κᾶν
1586 1739 1709 1800 ὧσιι

1826 1756 1920 1797 nes
1943 1740 2091 1812 (54):
2142 1756 2267 1796 cum
2318 1741 2354 1795 ii
2406 1750 2620 1805 contra,
2682 1744 2771 1813 qui
2827 1760 2951 1801 cum
2992 1747 3268 1818 impietate
3307 1766 3405 1805 sua

101 1828 377 1894 εὐτελεῖς
419 1849 561 1895 τινες
607 1832 701 1885 καὶ
746 1834 936 1904 μικροὶ.
981 1834 1077 1887 καὶ
1115 1836 1347 1905 πάμπαν
1378 1838 1720 1909 ἠτιμωμένοι
1753 1906 1783 1911 ι
1823 1831 2097 1896 οὒίεΐυηῑ,
2134 1839 2188 1885 ει
2249 1831 2314 1885 ad
2362 1845 2460 1886 905
2501 1833 2592 1900 (Ιυῖ
2622 1833 2831 1900 Ρτίοτθε
2891 1836 3195 1903 decessere.
3241 1839 3401 1911 221

102 1921 223 1973 καὶ
257 1923 687 1994 παρεωραμένοι
711 1924 868 1997 δίκην
893 1927 1091 1981 κυνῶν.
1129 1928 1193 1982 Οἱ
1222 1928 1279 1981 δὲ
1314 1906 1709 1984 συναποθανόν-

1824 1923 2018 1994 impias
2048 1924 2333 1992 opiniones
2362 1931 2416 1977 et
2437 1924 2667 1980 scelesta
2698 1925 2840 1981 facta
2876 1906 3402 1997 pertuleruntpnﬁii‘l

101 2030 212 2075 τες
260 2018 393 2078 ταῖς
438 2014 588 2083 σφῶν
631 2017 1052 2083 ἀσεϐείαις,καὶ
1099 2020 1238 2090 πρὸς
1273 2021 1399 2085 τοὺς
1430 2022 1529 2092 ήδη
1580 2040 1709 2093 προ-

1817 2016 2163 2087 iamborum,
2216 2016 2388 2070 versis
2434 2017 2485 2070 in
2532 2017 2727 2072 melius
2752 2021 3034 2085 moribus,
3063 2022 3403 2078 immutaturi

102 2105 565 2175 κατοιχομένους
607 2106 939 2172 ἀπελθόντες
988 2109 1128 2179 μετά
1169 2110 1279 2163 τῶν
1316 2111 1534 2165 ἀσεϐῶν
1580 2112 1709 2167 ὐπο-

1817 2114 1922 2168 sint
1950 2134 1965 2169 ;
1992 2112 2072 2166 vel
2096 2112 2140 2167 si
2166 2112 2536 2181 magistratus
2560 2112 2852 2182 gesserint.
2911 2113 2995 2168 vel
3050 2116 3095 2169 si
3125 2114 3319 2169 divites
3344 2124 3400 2168 et

100 2196 345 2265 λήψεων
372 2197 594 2251 καὶτῶν
624 2200 1168 2271 ἀνοσιουργημάτων,
1197 2202 1294 2255 οὐκ
1324 2201 1404 2256 ἔτι
1427 2203 1709 2269 τεύξονται

1817 2207 2058 2276 dynastae
2091 2213 2145 2258 et
2172 2218 2327 2272 reges
2355 2202 2580 2267 fuerint,
2612 2212 2778 2270 atque
2817 2203 2952 2258 adeo
2975 2213 3191 2273 propter
3218 2204 3396 2273 adepti

103 2304 274 2350 τινος
324 2289 651 2361 ἀπαλλαγῆς
703 2292 812 2347 τῶν
860 2292 1119 2347 τοιούτων
1168 2294 1259 2347 διά
1313 2296 1412 2365 τῆς
1463 2297 1601 2368 πρὸς
1646 2298 1709 2351 τά

1817 2295 2156 2365 principatus
2184 2309 2248 2349 ac
2282 2294 2673 2347 dominationis
2696 2294 2952 2349 ferociam
2979 2295 3225 2349 leonibus
3251 2310 3399 2353 com—

106 2380 328 2450 βελτίω
366 2384 704 2454 μεταϐολῆς,
745 2385 849 2438 κᾶν
898 2378 1032 2439 ὦσιν
1076 2386 1339 2457 ἄρχοντές
1389 2405 1567 2452 τινες,
1608 2388 1709 2442 κᾶν

1821 2386 2003 2457 parari
2063 2384 2358 2455 potuerint.
2407 2381 2527 2437 1am
2576 2384 2721 2438 enim
2776 2386 3080 2455 interempti
3144 2395 3291 2448 sunt,
3322 2396 3396 2447 et,

108 2474 381 2527 πλούσιοι
431 2475 528 2527 καὶ
580 2475 842 2531 δυνάσται
896 2477 992 2531 καὶ
1042 2477 1306 2548 βασιλεῖς,
1360 2477 1434 2541 ὡς
1488 2480 1584 2533 καὶ
1637 2480 1709 2551 τῷ

1826 2488 1883 2532 ιιι
1946 2477 2207 2546 scriptum
2239 2486 2360 2530 est:
2400 2493 2417 2525 ι
2450 2473 2556 2529 Eos
2595 2474 2739 2532 Deus
2791 2476 3095 2531 interclusit
3129 2476 3265 2548 (35).
3303 2495 3321 2529 ι

104 2567 454 2639 φρυάγματι
522 2568 623 2638 τῆς
668 2569 953 2640 παρούσης
1001 2572 1188 2635 αὐτοῖς
1259 2571 1435 2641 ἀρχῆς
1480 2572 1575 2624 καὶ
1621 2571 1944 2635 δυναστείας
2011 2568 2250 2622 ἐοικέναι
2316 2568 2431 2631 τοῖς
2473 2566 2710 2625 λέουσιν.
2746 2569 2886 2643 Ἤδη
2931 2572 3039 2641 γὰρ
3094 2569 3400 2642 ἔνεκρὼθηο

107 2680 249 2728 σαν,
300 2667 396 2718 καὶ
446 2665 589 2720 κατά
638 2666 699 2720 τὸ
752 2666 1168 2737 γεγραμμένον,
1208 2686 1227 2718 ι
1276 2667 1653 2722 Ἀπέκλεισεν-
1686 2669 1713 2721 ὁ
1742 2668 1875 2732 Θεὸς
1906 2666 2029 2721 κατ’
2060 2665 2266 2719 αὐτῶν.
2308 2685 2326 2719 ι

183 2756 368 2810 Τοῦτο
428 2752 557 2823 οὖν,
628 2759 656 2811 ὅ
712 2775 876 2830 φησιν
939 2760 967 2811 ό
1020 2760 1183 2828 σοφὸς
1236 2760 1708 2833 Ἐκκλησιαστὴς,

112 2867 135 2899 ι
176 2850 377 2901 Ἔστιν
407 2850 582 2915 ἐλπὶς,
600 2851 683 2904 ὅτι
708 2852 735 2903 ό
757 2850 907 2905 κύων
932 2853 960 2904 ό
990 2850 1118 2916 ζῶν,
1139 2852 1302 2916 αὐτὸς
1333 2854 1540 2922 ἀγαθὸς
1566 2854 1707 2926 ὑπὲρ

104 2937 213 2990 τὸν
256 2939 449 2993 λέοντα
492 2941 584 2992 τὸν
616 2940 832 3013 νεκρὸν,
870 2961 889 2994 ι
925 2941 1017 2995 τὸν
1049 2943 1399 3014 ἠτιμωμένον
1430 2946 1524 2997 καὶ
1554 2944 1707 2998 λελο-

1889 2761 1946 2817 ld
1976 2762 2141 2831 igitur
2171 2761 2439 2829 est,quod
2471 2760 2545 2815 ait
2574 2759 2789 2829 sapiens
2830 2758 3214 2815 Ecclesiastes:
3254 2780 3270 2811 ι
3304 2759 3399 2817 Est

1816 2871 1962 2925 spes,
1997 2852 2255 2923 quoniam
2316 2852 2469 2906 canis
2515 2850 2701 2907 vivens
2740 2851 2855 2921 ipse
2904 2852 3077 2907 bonus
3102 2867 3265 2921 super
3290 2852 3399 2909 leo-

1815 2963 1937 3001 nem
1978 2956 2273 3007 mortuum,
2318 2952 2746 3013 [contemptum
2781 2954 2833 2999 et
2869 2944 3024 3013 quasi
3077 2959 3265 2999 canem
3301 2944 3398 2999 ha—
3450 2960 3463 2973 τ

106 3031 391 3100 γισμένον
425 3033 502 3095 ὡς
536 3033 694 3098 κύνα,
727 3033 815 3086 διὰ
852 3034 953 3103 τὴν
983 3034 1251 3104 ἀφάνειαν
1295 3036 1389 3088 καὶ
1426 3036 1525 3108 τὴν
1547 3054 1709 3107 προσ-

1824 3039 2017 3102 bitum,
2049 3036 2632 3107 propterinha'rentem
2656 3034 3045 3103 ignobilitatem
3076 3046 3128 3089 et
3158 3036 3396 3108 inopiam

110 3121 299 3175 οὖσαν
346 3122 495 3192 αύτῴ
542 3124 732 3177 πενίαν
776 3126 871 3178 καὶ
914 3127 1228 3197 πτωχείαν,
1258 3126 1474 3196 ἀγαθός
1528 3126 1701 3179 εἰπὼν

106 3213 211 3266 διὰ
268 3215 370 3285 τήν
427 3215 562 3287 πρὸς
612 3216 681 3268 τὰ
734 3217 972 3288 κρείττω
1020 3217 1362 3288 μεταϐολήν,
1420 3218 1561 3287 ὑπὲρ
1618 3218 1708 3270 τὸν

110 3305 319 3359 λέοντα
351 3306 442 3360 τὸν
474 3308 911 3379 ὑπεραιρόμενον
932 3310 1028 3362 καὶ
1060 3309 1579 3380 μεγαλαυχούμενον
1604 3308 1710 3361 πά-

110 3396 383 3480 λαιςποτὲ
433 3402 497 3470 τῇ
538 3401 831 3471 πορφυρίδι
882 3403 977 3453 καὶ
1014 3401 1092 3471 τῷ
1139 3401 1434 3472 διαδήματι
1474 3400 1551 3471 τῷ
1588 3401 1707 3454 δια-

111 3490 257 3561 λίθῳ
288 3493 387 3543 καὶ
443 3491 978 3563 μεμαργαρωμένῳ’
1021 3492 1325 3561 τεθνηκότα
1370 3493 1433 3565 δὴ
1488 3492 1582 3545 νῦν
1613 3495 1710 3545 καὶ

112 3583 389 3650 γεγονότα
420 3583 637 3654 νεκρὸν,
690 3584 783 3637 καὶ
827 3584 916 3637 διά
944 3584 1104 3638 τοῦτο
1139 3584 1415 3655 μηδεμίαν
1450 3584 1709 3652 δέξασθαι

113 3674 483 3746 δεδυνημένον
530 3676 819 3747 διόρθωσιν
868 3678 963 3732 καὶ
1012 3677 1318 3749 βελτίωσιν.
1373 3678 1545 3732 Τοῦτο
1601 3680 1709 3750 γὰρ

117 3769 358 3838 ἑμπεδοῖ
380 3766 477 3821 καὶ
500 3768 561 3821 τὸ
587 3769 857 3838 ἑπόμενον
887 3769 1110 3839 ἀμέσως
1141 3770 1235 3823 καὶ
1265 3770 1496 3838 φάσκον,
1533 3789 1551 3822 ι
1588 3771 1710 3824 ’ὐτι

117 3862 169 3915 oi.
198 3860 403 3925 ζῶντες
427 3859 731 3928 γνώσονται
761 3861 844 3914 ὅτι
866 3860 1289 3925 ἀποθανοῦνται,
1326 3864 1421 3915 καὶ
1448 3863 1498 3915 οἱ
1526 3864 1711 3935 νεκροὶ

117 3955 223 4007 οὐκ
259 3954 369 4006 είσὶ
399 3952 764 4021 γινώσκοντες
791 3952 966 4019 οὐδὲν,
995 3955 1088 4006 καὶ
1109 3955 1210 4007 οὐκ
1238 3955 1387 4007 ἔστιν
1418 3956 1602 4021 αὐτοῖς
1631 3956 1712 4009 ἐτι

122 4045 345 4117 μισθὸς,
362 4047 447 4099 ὅτι
473 4045 755 4115 ὲπελήσθη
773 4046 807 4116 ή
839 4048 1030 4118 μνήμη
1055 4046 1237 4100 αὐτῶν
1258 4063 1273 4076 '
1308 4049 1401 4101 καί
1433 4065 1495 4116 γε
1520 4048 1711 4119 ἀγάπη

118 4138 331 4202 αὐτῶν,
379 4137 477 4191 καί
526 4154 591 4206 γε
643 4137 805 4208 μίσος
853 4138 1054 4199 αὐτῶν,
1094 4138 1190 4192 καί
1225 4156 1290 4207 γε
1326 4140 1488 4210 ζῆλος
1530 4140 1712 4193 αὐτῶν

119 4234 221 4305 ήδη
262 4230 536 4297 ἀπώλετο,
568 4232 663 4284 καὶ
697 4232 855 4301 μερὶς
882 4232 982 4283 οὑκ
1018 4230 1173 4285 ἔσται
1206 4232 1392 4296 αὐτοῖς
1430 4234 1511 4295 εἰς
1539 4233 1713 4286 αίῶνα

119 4327 176 4378 ὲν
208 4325 380 4379 παντὶ
420 4323 499 4394 τῷ
546 4323 902 4395 πεποιημένῳ
948 4323 1056 4375 ὑπὸ
1091 4324 1182 4376 τὸν
1213 4322 1389 4393 ἥλιον.
1432 4343 1451 4377 ι
1499 4322 1558 4377 Ὀ
1600 4323 1712 4396 γάρ

1810 3140 1863 3183 et
1885 3134 2292 3197 paupertatem;
2323 3134 2515 3181 etcum
2552 3127 2748 3180 mutari
2780 3125 2869 3180 ille
2897 3127 2948 3180 in
2982 3127 3173 3182 melius
3201 3127 3394 3195 possit,

1810 3220 1972 3273 bonus
2017 3219 2167 3272 audit
2197 3234 2307 3288 pra:
2353 3219 2526 3280 leone,
2558 3217 2650 3287 qui
2693 3217 2820 3273 olim
2854 3217 2997 3273 fastu
3038 3218 3398 3288 superbiaque

1808 3310 2005 3375 elatus,
2037 3324 2332 3378 purpuram
2355 3319 2409 3363 et
2443 3309 2691 3363 diadema
2760 3325 2789 3363 e
2814 3309 3042 3378 gemmis
3087 3325 3152 3363 ac
3184 3325 3397 3379 marga-

1812 3401 1930 3454 ritis
1963 3401 2299 3465 ostentabat;
2365 3414 2510 3453 nunc
2556 3415 2685 3453 vero
2728 3401 3055 3466 exstinctus,
3080 3411 3133 3456 et
3162 3402 3397 3461 mortuis

1809 3499 2225 3556 annumeratus,
2256 3491 2403 3545 nullo
2430 3500 2714 3562 propterea
2773 3493 2934 3548 modo
2971 3493 3167 3565 corrigi
3198 3504 3253 3550 et
3284 3511 3396 3551 me-

1809 3584 1999 3639 liorem
2025 3587 2091 3638 ad
2110 3582 2321 3654 frugem
2351 3585 2530 3639 redire
2545 3593 2742 3654 potest.
2769 3582 2883 3639 Hoc
2908 3584 3050 3640 enim
3080 3600 3141 3639 ea
3178 3602 3396 3657 quoque

1811 3675 2159 3741 conﬁrmant,
2183 3691 2302 3745 qua:
2344 3674 2592 3745 proxime
2633 3685 2999 3745 sequunturu
3034 3674 3170 3741 Quia
3205 3678 3395 3731 viven-

1811 3777 1894 3822 tes
1948 3768 2126 3823 scient
2169 3768 2313 3837 quod
2386 3766 2728 3833 morientur;
2783 3775 2837 3821 et
2887 3769 3084 3822 mortui
3121 3783 3226 3822 non
3269 3778 3397 3824 sunt

1810 3868 2199 3929 cognoscentes
2255 3857 2575 3927 quidquam,
2628 3868 2683 3912 et
2746 3873 2855 3913 non
2903 3868 2988 3913 est
3033 3858 3115 3915 eis
3158 3861 3394 3930 amplius

1814 3969 2052 4019 merces;
2083 3952 2137 4006 in
2182 3952 2512 4007 oblivionem
2544 3951 2690 4005 enim
2725 3952 2869 4005 venit
2890 3954 3150 4006 memoria
3178 3968 3392 4009 eorum.

1811 4044 1989 4099 Etiam
2022 4045 2244 4099 dileCtio
2283 4059 2496 4107 eorum,
2542 4044 2706 4097 etiam
2763 4043 2947 4097 odium
2988 4059 3200 4109 eorum,
3228 4046 3391 4100 etiam

1812 4138 1958 4193 zelus
1987 4152 2175 4192 eorum
2201 4137 2313 4207 jam
2362 4136 2561 4207 periit:
2612 4145 2666 4192 et
2692 4150 2819 4205 pars
2868 4151 2974 4190 non
3004 4136 3110 4191 erit
3140 4138 3219 4191 eis
3250 4139 3391 4192 ultra

1813 4233 1865 4283 in
1910 4229 2191 4292 szet‘ulum,
2226 4229 2277 4282 in
2328 4228 2478 4282 omni
2532 4228 2679 4297 quod
2730 4227 2932 4282 factmn
2955 4238 3033 4283 est
3052 4227 3153 4283 sub
3183 4228 3319 4284 sole.
3368 4248 3387 4282 ι

1814 4319 1947 4373 Nam
1982 4319 2073 4389 qui
2109 4333 2233 4371 cum
2279 4317 2557 4387 impietate
2581 4325 2635 4372 et
2671 4316 2817 4371 vitiis
2848 4332 2912 4372 ac
2951 4317 3251 4373 sceleribus
3278 4318 3394 4374 suis

121 4414 518 4469 συναποθανὼν
555 4417 677 4478 ταῖς
723 4415 884 4478 ἰδίαις
929 4414 1277 4477 δυσσεϐείαις
1307 4415 1404 4468 καὶ⁸
1455 4414 1709 4485 πλημμε-

1818 4422 2061 4466 mortuus
2092 4421 2195 4474 est,
2224 4425 2538 4480 quanquam
2587 4410 2817 4465 illustris
2854 4417 3010 4464 antea
3037 4418 3155 4464 erat
3193 4419 3248 4464 et
3278 4410 3396 4480 glo-

119 4507 297 4569 λείαις
328 4507 423 4560 καὶ
446 4505 937 4579 πονηροπραξίαις,
956 4504 1058 4559 κᾶν
1083 4506 1396 4577 περιφανὴς
1422 4507 1519 4559 καὶ
1546 4505 1702 4576 περί-

120 4599 273 4665 δοξος
303 4594 396 4670 ἦν,
430 4598 525 4653 καὶ
565 4598 1059 4670 λελαμπρυσμένος
1090 4599 1187 4652 καὶ
1230 4597 1708 4668 κατηγλαῖσμένος

1815 4503 1893 4555 ria
1924 4502 2120 4567 elatus,
2151 4518 2217 4556 ac
2245 4499 2536 4569 splendore
2583 4499 2897 4554 divitiarum
2927 4509 2982 4553 et
3015 4500 3265 4555 allluente
3290 4517 3393 4554 un-

1813 4595 1975 4664 dique
2002 4609 2185 4648 rerum
2228 4593 2386 4663 copia
2437 4594 2679 4648 enitebat
2720 4608 2891 4662 seque
2926 4592 3191 4661 jactnbat,
3244 4592 3396 4661 pejor

119 4689 196 4759 τῷ
248 4686 470 4759 πλούτῳ
514 4690 609 4742 καὶ
660 4687 858 4757 κόμπῳ
905 4687 1005 4757 τῆς
1042 4683 1488 4770 περικυκλούσης
1542 4682 1707 4736 αὐτὸν

1817 4684 1921 4752 iam
1939 4684 2117 4741 factus
2141 4692 2225 4739 est
2259 4684 2564 4739 humillimo
2617 4698 2841 4754 quoque
2870 4691 2924 4738 et
2970 4683 3317 4753 pauperrimo
3339 4694 3396 4738 et

122 4778 467 4848 πανταχόθεν
523 4777 847 4849 εὐετηρίας,
907 4776 1108 4848 χείρων
1161 4775 1396 4846 εὓρηται
1465 4774 1559 4826 καὶ
1610 4770 1705 4825 τοῦ

121 4871 517 4927 ταπεινοτάτου
559 4871 656 4926 καὶ
691 4870 1024 4924 πενεστάτου
1067 4870 1163 4923 καὶ
1192 4867 1567 4938 πτωχοτάτου,
1608 4867 1705 4920 καὶ

123 4963 601 5036 περιεσχισμένοις
651 4961 898 5032 ρακκίοις
947 4960 1329 5032 ήμφιεσμένου
1386 4958 1483 5011 καὶ
1534 4974 1708 5030 προσ-

125 5055 406 5120 αιτοῦντος
430 5096 445 5121 ,
478 5055 575 5110 καὶ
605 5056 679 5126 μή
716 5073 804 5109 πω
844 5054 1170 5127 τεθνηκότος
1196 5096 1210 5120 ,
1246 5052 1362 5107 ἀλλ’
1392 5050 1710 5117 ἐλπίζοντος

193 5241 309 5313 (34)
347 5238 946 5313 Proverbium_nempe
984 5237 1116 5313 illud
1144 5234 1537 5313 fuissecenset
1571 5236 1711 5292 Dru-

131 5308 244 5367 sius
271 5308 476 5380 (Prov.
511 5310 580 5364 cl.
612 5311 655 5373 l,
678 5309 839 5380 lib."
862 5347 877 5371 ,
914 5326 972 5364 n.
1002 5309 1140 5379 '55),
1165 5308 1708 5380 quodeclararetur,

130 5378 388 5437 omnibus
416 5382 660 5452 partibus
685 5379 967 5433 meliorem
1008 5378 1132 5434 esSe
1162 5378 1533 5452 conditionem
1561 5382 1711 5434 vivo-

132 5468 272 5517 rum,
299 5449 466 5520 quaiu
499 5460 844 5505 mortuorum
881 5468 894 5503 :
923 5460 1183 5505 caeterum
1234 5449 1284 5502 id
1327 5465 1395 5503 ex
1425 5450 1713 5504 hominum

131 5518 565 5591 voluptariorum
617 5522 887 5591 sententia
955 5528 1279 5591 usurpatum
1342 5521 1464 5574 aliis
1516 5521 1710 5585 videri,

130 5590 273 5662 quod
303 5593 385 5646 illi
439 5594 493 5647 in
532 5601 705 5646 morte
735 5590 871 5662 nihil
918 5590 1159 5645 hominis
1198 5606 1488 5659 superesse
1521 5593 1712 5646 crede-

133 5659 284 5725 rent,
317 5667 505 5734 itaque
546 5665 594 5717 ei
650 5659 971 5734 praeferrent
1006 5664 1172 5715 vitam
1204 5666 1582 5734 quamtumvis
1616 5663 1712 5716 ab-

126 5733 489 5803 jectissimam
515 5744 569 5787 et
593 5733 1144 5801 contemptissimam.
1171 5733 1336 5803 Addit
1362 5742 1543 5786 tamen
1576 5733 1710 5801 ipse,

131 5802 277 5873 quod
311 5803 560 5875 Gregorii
608 5802 1251 5875 nosttiinterpretationi
1300 5806 1535 5855 maxime
1575 5818 1713 5857 con-

133 5870 317 5946 gruit;
362 5870 451 5930 ait'
476 5874 623 5931 enim
651 5870 1058 5954 :‘I_Vcrbailla
1086 5871 1223 5927 Huic
1261 5888 1376 5943 spes
1408 5882 1520 5939 est,
1557 5889 1709 5929 com-

1811 4776 2187 4847 egentissimo,
2227 4776 2320 4846 qui
2356 4789 2638 4847 pannosus
2662 4775 2953 4842 mendicet,
2984 4776 3078 4830 sed
3128 4774 3290 4829 vitam
3315 4782 3395 4829 ta-

1816 4887 1936 4925 men
1970 4870 2168 4936 trahat,
2192 4870 2277 4925 cui
2300 4872 2600 4925 etiamnum
2640 4883 2766 4935 spes
2801 4876 2905 4931 est,
2940 4882 2998 4922 se
3038 4868 3104 4921 ad
3135 4871 3394 4922 emenda-

1817 4962 2147 5035 tionein.sui
2184 4964 2566 5032 potioremque
2603 4959 2814 5015 vivendi
2857 4960 3122 5013 rationem
3168 4973 3397 5029 perven-

1809 5061 2015 5107 turum.
2040 5051 2262 5107 Illorum
2285 5053 2429 5107 enim
2453 5050 2635 5106 omnia
2663 5049 2848 5103 abiere
2885 5063 2950 5103 ac
2979 5048 3206 5118 disjecta
3244 5058 3391 5113 sunt,

1809 5238 1971 5294 mode
1999 5237 2173 5308 accipi
2221 5242 2449 5310 possent
2480 5234 2548 5289 de
2597 5248 2663 5289 eo
2715 5233 2809 5304 qui
2840 5232 2986 5289 vitiis
3010 5230 3230 5310 deditus
3258 5238 3343 5310 est
3376 5244 3390 5281 :

1808 5311 1897 5364 cui
1927 5310 2050 5363 vivo
2072 5300 2140 5362 ad
2173 5300 2453 5360 Meliorem
2491 5300 2751 5359 mentem‘
2769 5316 2823 5358 et
2850 5304 3174 5359 sententiam
3216 5300 3397 5355 redire

1810 5380 1956 5444 licet,
1996 5389 2217 5433 mortuo
2264 5376 2447 5430 nullus
2479 5377 2704 5429 relictus
2755 5372 3089 5429 bonestioris
3125 5372 3246 5444 vita!
3292 5370 3399 5444 ini-

1813 5440 1950 5505 tium
1999 5447 2319 5503 exordiendi
2370 5447 2549 5500 locus.
2585 5463 2603 5495 ι
2655 5444 2825 5499 Porro
2874 5442 3248 5511 interpretatio
3306 5440 3398 5511 illa

1812 5521 1965 5591 prior
1988 5518 2240 5591 Gregorii
2287 5516 2759 5591 Neocaesariensis
2787 5523 2871 5569 est
2925 5510 3342 5591 (inJﬁetaphrJ
3380 5529 3392 5563 :

1813 5581 1931 5645 haec
1953 5581 2142 5653 altera,
2168 5601 2331 5656 quam
2366 5586 2597 5640 Drusitts
2620 5581 3398 5656 amplectitu'r,_llieronymum

1816 5670 2094 5716 auctorem
2126 5652 2287 5712 habet
2320 5659 2398 5726 (in
2423 5652 2738 5711 Comment.
2771 5652 3029 5723 Eccles.).

1892 5731 2002 5801 (55)
2046 5730 2264 5783 Davidis
2295 5722 2462 5801 verba
2503 5728 2732 5801 iudicari
2766 5725 3020 5801 videntur
3052 5722 3193 5801 psal.
3231 5738 3393 5787 xxxv,

1819 5804 1855 5860 5
1882 5794 2255 5869 ε’Σύγκλεισον
2295 5798 2610 5865 ἐξεναντίας
2653 5798 2763 5853 τῶν
2807 5794 3259 5852 καταδιωκόντων
3307 5810 3396 5864 με.
