4114 6496
587 442 721 509 1071

1678 434 1738 493 S.
1771 426 2147 492 GREGORII
2197 421 2709 485 AGRIGENTINI

3702 416 3815 482 1072

588 575 691 617 nec
710 559 822 631 jam
877 556 995 612 usui
1033 562 1154 611 esse
1192 568 1256 610 ea
1304 562 1552 625 possunt,
1582 566 1679 623 per
1728 566 1847 621 quae
1879 551 1943 605 ad
1966 549 2159 603 bonam
2192 593 2200 613 ί

2265 543 2345 596 ἔτι
2370 542 2505 613 πρὸς
2537 538 2828 611 διόρθωσιν
2861 533 3180 590 ἐπανελθεῖν
3216 534 3307 586 καί
3339 531 3636 603 βελτίωσιν.
3665 534 3814 587 Ἑκεὶ-

586 653 801 722 frugem
863 647 1043 704 redire
1084 648 1250 703 licet:
1282 662 1405 703 cum
1459 661 1636 716 neque
1694 643 1887 698 anima:
1917 642 2164 707 affectus,

588 744 704 800 sive
736 757 891 798 amor
913 750 1005 797 aut
1057 740 1264 806 odium,
1302 755 1479 809 neque
1523 739 1772 809 corporis
1808 739 2165 793 instrumenta

590 834 657 888 ad
699 849 911 888 morum
972 831 1365 887 correctionem
1422 837 1477 883 et
1506 828 1885 898 paenitentiam
1923 824 2171 880 conferre

590 925 888 995 quidquam
951 926 1181 996 possint.
1235 923 1324 977 Ait
1374 921 1572 977 deinde
1615 919 1835 991 sapiens
1894 917 2168 974 Ecclesia-

2262 654 2371 688 νων
2402 635 2511 705 γὰρ
2541 630 2933 701 συναπῴχοντο
2965 628 3147 682 πάντα
3192 626 3288 679 καὶ
3340 625 3813 695 συναπελήλανται,

2264 726 2363 779 καὶ
2402 723 2613 795 φροῦδα
2672 722 2964 790 γεγόνασιν
3022 720 3123 789 ἤδη
3162 716 3232 769 τὰ
3280 716 3348 769 δι’
3396 712 3469 769 ιὐν
3514 718 3546 786 ἡ
3601 718 3723 789 πρὸς
3768 723 3817 773 τὸ

2266 820 2519 887 κρεῖττον
2569 814 2830 877 ἐπάνοδος
2859 812 3110 881 γίνεσθαι
3163 810 3405 880 πέφυκεο
3444 810 3579 879 μήτε
3609 810 3709 862 τῶν
3734 812 3818 880 ψυ-

2268 908 2441 979 χικῶν
2490 905 2825 967 διαθέσεων,
2875 904 3056 974 Δἤγουν
3102 902 3322 973 ἀγάπης
3367 900 3400 971 ἦ
3450 902 3661 971 μίσους,
3705 902 3817 971 μηδὲ

2277 1002 2389 1054 τῶν
2438 999 2773 1069 σωματικῶν
2826 997 3077 1069 ὀργάνων
3133 997 3374 1066 ἐνεργεῖν
3430 1012 3482 1046 τι
3542 993 3819 1063 δυναμένων

2280 1094 2417 1164 πρὸς
2472 1092 2810 1162 ἐπιστροφὴν
2854 1090 2949 1143 καὶ
3010 1090 3372 1160 μετάγνωσιν.
3432 1081 3566 1140 Εἶτά
3618 1090 3820 1158 φησινὸ

2281 1184 2445 1255 σοφὸς
2481 1184 2917 1255 Ἐκκλησιαστής
2937 1199 2950 1214 ο

592 1025 702 1073 stes
719 1035 734 1073 :

2148 1356 2174 1427 ς
2211 1356 2296 1411 vi.

666 1498 829 1569 222
854 1495 1021 1551 Vsus.
1053 1494 1105 1561 7,
1127 1494 1182 1549 8.
1226 1492 1371 1557 Veni,
1405 1492 1619 1547 comede
1668 1492 1721 1546 in
1773 1493 1961 1545 la'titia
1997 1508 2181 1560 panem

2356 1492 2540 1560 Δεῦρο
2572 1492 2725 1561 φάγε
2760 1493 2829 1545 ἐν
2855 1492 3208 1560 εὐφροσύνῃ
3248 1490 3432 1559 ἄρτον
3461 1506 3597 1551 σου,
3626 1490 3714 1543 καί
3746 1492 3824 1545 πίε

599 1601 769 1653 tuum,
790 1600 837 1643 et
856 1590 970 1641 bibe
997 1588 1050 1640 in
1080 1588 1234 1640 corde
1261 1588 1394 1640 bona
1422 1587 1595 1639 riuum
1618 1595 1785 1649 tuum,
1806 1586 2051 1654 quoniam
2064 1585 2184 1653 jam

2281 1583 2351 1635 ἐν
2379 1583 2593 1650 καρδίᾳ
2620 1583 2815 1653 ἀγαθῇ
2843 1580 3015 1637 οἶνόν
3047 1601 3186 1646 σου,
3209 1583 3299 1636 ὅτι
3326 1582 3446 1650 ἤδη
3463 1582 3825 1650 ηὐδόκησενό

604 1680 1035 1749 complacuerunt
1060 1678 1164 1731 Deo
1194 1692 1353 1745 opera
1382 1685 1495 1728 tua.
1536 1672 1597 1727 1η
1631 1676 1773 1727 οηιηὶ
1812 1686 2040 1741 tempore
2077 1678 2185 1727 sint

2286 1676 2430 1741 Θεὸς
2450 1682 2521 1728 τὰ
2538 1675 2842 1744 ποιήματά
2875 1692 3012 1730 σου.
3047 1676 3103 1727 Ἐ
3110 1693 3146 1729 ν
3172 1675 3354 1729 παντί
3373 1673 3556 1744 καιρῷ
3584 1675 3829 1730 ἔστωσαν

597 1774 905 1827 vestimenta
955 1779 1047 1822 tua
1097 1767 1352 1834 candida,
1383 1776 1430 1820 et
1460 1766 1628 1819 oleant
1661 1781 1821 1833 supra
1852 1774 2009 1835 caput
2035 1776 2184 1818 luunt

2282 1768 2353 1821 τὰ
2378 1767 2579 1836 ἱμάτιά
2605 1786 2721 1823 σου
2748 1768 2963 1833 λευκὰ,
2983 1770 3081 1823 καί
3110 1771 3318 1823 ἔλαιον
3343 1769 3444 1822 ἐπὶ
3480 1769 3707 1838 κεφαλῇ
3733 1786 3829 1825 σου

598 1881 700 1919 non
720 1864 878 1917 desit.

2280 1861 2366 1927 μὴ
2397 1860 2808 1928 ὑστερησάτω.

675 1956 731 2011 Si
762 1958 965 2010 dictum
992 1954 1097 2007 hoc
1140 1952 1297 2006 obvio
1326 1949 1652 2020 vulgataque
1704 1963 1867 2004 sensu
1900 1948 2179 2003 declarare

2356 1951 2491 2015 Ταῖς
2529 1952 2626 2021 μὲν
2679 1950 2971 2021 αἰσθηταῖς
3014 1950 3109 2003 καὶ
3156 1950 3471 2021 προχείροις
3532 1949 3749 2013 ἐννοίαις
3780 1951 3829 2003 τὸ

599 2051 856 2110 velimus,
889 2045 1032 2100 haud
1085 2043 1382 2112 improprie
1449 2042 1696 2095 dicamus
1756 2039 1958 2107 justam
2011 2038 2176 2091 videri

2284 2042 2464 2112 παρὸν
2496 2043 2894 2111 διασαφοῦντες
2927 2042 3113 2113 ῥητὸν,
3146 2041 3390 2111 φαίημεν
3429 2042 3497 2095 ἂν
3519 2041 3616 2094 οὐκ
3640 2043 3832 2096 ἀπεικός

600 2140 1053 2200 cohortationem,
1087 2152 1189 2204 qua
1250 2149 1348 2187 nos
1407 2130 1763 2187 Ecclesiastes
1806 2130 2079 2195 admonet,
2123 2139 2183 2182 ut

2282 2150 2390 2197 τως
2418 2135 2705 2205 σημαίνειν
2757 2136 3082 2207 παραίνεσιν
3116 2137 3459 2203 πρέπουσαν,
3487 2132 3553 2184 δι’
3580 2130 3644 2205 ἦς
3670 2136 3695 2187 ὁ
3732 2134 3833 2187 Ἐκ-

600 2234 848 2303 obliquas
878 2246 941 2283 ac
970 2230 1242 2283 ﬂexuosas
1298 2224 1577 2279 hominum
1604 2223 1972 2292 improborum
2014 2230 2068 2275 et
2096 2236 2184 2275 ve-

2284 2227 2623 2298 κλησιαστὴς
2686 2228 2993 2296 εἰσηγεῖται
3054 2224 3494 2295 καταλιμπάνειν
3544 2227 3635 2277 καὶ
3685 2241 3836 2295 παρα-

603 2318 780 2378 ritalis
805 2321 1040 2375 hostium
1092 2317 1304 2371 orbitas
1344 2315 1789 2383 derelinquamus
1839 2329 1903 2367 ac
1941 2312 2183 2367 decline-

2287 2319 2509 2372 ϐλέπειν
2536 2320 2636 2383 τὰς
2673 2318 2893 2382 σκολιὰς
2922 2319 3017 2371 καὶ
3044 2317 3341 2387 καμπύλας
3374 2315 3597 2387 τροχιὰς
3622 2316 3720 2367 τῶν
3754 2333 3836 2368 πο·

604 2427 756 2467 mus:
811 2420 997 2480 utque,
1030 2409 1331 2477 simplicem
1362 2406 1575 2461 vivendi
1623 2410 1887 2460 rationem
1920 2405 2184 2475 amplexi,

2287 2430 2352 2481 νη
2363 2410 2675 2481 ρευομένων
2705 2410 2803 2466 ἀνθ
2812 2410 3015 2481 ρώπων
3045 2411 3140 2463 καὶ
3164 2408 3447 2479 πολεμίων
3469 2408 3566 2476 τῆς
3589 2407 3835 2477 ἀληθείας.

606 2522 671 2561 ac
712 2506 941 2559 sincerae
977 2517 1103 2571 erga
1157 2501 1323 2553 Deum
1366 2498 1489 2553 lidei
1537 2499 1803 2553 doctrinis
1828 2499 2050 2563 addicti,
2085 2514 2183 2568 pa-

2300 2501 2389 2555 Ἐν
2422 2501 2688 2572 ἁπλότητι
2724 2501 2781 2554 δὲ
2811 2502 3040 2571 καρδίας
3067 2500 3281 2569 διαζῇν,
3314 2500 3411 2553 καὶ
3444 2498 3541 2553 τοῦ
3574 2500 3723 2567 λόγου
3756 2500 3839 2568 τῆς

604 2612 730 2652 nem
760 2596 817 2648 in
847 2594 1032 2649 lartitia
1087 2592 1503 2655 manducemus,
1552 2599 1607 2644 et
1634 2591 1817 2644 viuum
1853 2591 2105 2646 bibamus
2133 2592 2185 2645 in

2288 2595 2614 2672 εἰλικρινοῦς
2650 2594 2787 2664 πρὸς
2821 2593 2953 2646 Θεὸν
2983 2592 3222 2655 πίστεως
3261 2591 3508 2661 ἔχεσθαι,
3536 2591 3628 2644 καὶ
3651 2591 3731 2643 τὸν
3759 2590 3839 2661 ἄρ-

607 2689 771 2744 corde
800 2688 978 2752 bono;
1010 2695 1068 2739 ut
1094 2698 1266 2752 neque
1308 2684 1357 2735 in
1386 2684 1544 2736 verba
1564 2683 1780 2737 malitiae
1816 2682 2185 2752 prolabamur,

2287 2703 2379 2739 τον
2407 2685 2608 2738 ἐσθίειν
2651 2689 2709 2737 ὲν
2755 2683 3067 2755 εὐφροσύνῃ
3094 2725 3109 2748 ,
3156 2683 3253 2736 xui.
3298 2684 3390 2736 τὸν
3424 2681 3567 2737 οἶνον
3611 2685 3768 2737 πίνειν
3794 2686 3840 2736 ὲν

610 2793 712 2833 nec
731 2777 838 2831 ullo
867 2776 918 2829 in
945 2774 1191 2828 anfractu
1243 2786 1552 2837 versemur;
1593 2771 1687 2824 sed
1733 2771 1914 2841 potius
1959 2781 2013 2826 et
2044 2782 2187 2826 recta

2290 2779 2475 2850 ἀγαθῇ
2527 2778 2761 2850 καρδίᾳ,
2809 2777 2905 2831 καὶ
2943 2777 3159 2847 μηδαμνσ
3183 2794 3210 2840 ς
3251 2778 3637 2847 παρεκκλίνειν
3676 2778 3745 2839 εἰς
3769 2776 3842 2828 λό-

538 2938 543 2943 .
611 2882 826 2939 semper
855 2867 1265 2937 cogitemus,et,
1287 2873 1549 2932 quantum
1584 2860 1668 2916 fas
1687 2872 1792 2927 est,
1816 2862 2189 2918 misericordia

2290 2885 2421 2937 γους
2451 2869 2735 2939 πονηρίας,
2779 2868 2874 2921 καὶ
2909 2854 3291 2923 πολιτεύεσθαι
3324 2868 3468 2937 μετὰ
3498 2869 3838 2939 σκολιότητας·

610 2971 661 3016 et
685 2958 1006 3014 liberalitate
1034 2956 1322 3026 egentibus
1377 2964 1429 3008 et
1461 2954 1723 3008 mendicis
1763 2954 2187 3009 subveniamus:

2292 2960 2406 3014 ἀλλ’
2437 2962 2495 3013 ὲν
2524 2960 2782 3031 εὐθύτητι
2832 2959 3033 3029 μᾶλλον
3062 2958 3173 3011 τῶν
3202 2958 3597 3030 διαλογισμῶν,
3635 2959 3722 3013 καὶ
3746 2960 3842 3021 ταῖς

612 3054 681 3109 iis
702 3050 957 3106 nimirum
987 3058 1043 3102 et
1084 3047 1280 3103 studiis
1331 3044 1496 3100 dediti
1526 3055 1579 3100 et
1605 3045 1783 3111 factis,
1818 3045 2016 3116 quibus
2048 3045 2191 3100 Deus

2294 3053 2436 3107 κατὰ
2467 3053 2529 3106 τὸ
2561 3053 2785 3107 δυνατὸν
2835 3044 3233 3122 έλεημοσύναις
3268 3053 3362 3105 καὶ
3400 3053 3712 3123 μεταδόσεσι
3745 3053 3843 3111 ταῖς

611 3145 730 3218 ipse
758 3143 1078 3199 delectatur.
1113 3140 1167 3193 In
1235 3141 1302 3194 iis
1340 3139 1509 3202 enim,
1544 3154 1665 3208 qua:
1716 3140 1965 3194 homines
1998 3149 2193 3209 gerunt

2296 3146 2433 3215 πρὸς
2480 3146 2609 3208 τοὺς
2663 3144 2863 3207 ἐνδεεῖς
2921 3143 3018 3196 καὶ
3074 3144 3360 3215 πτωχούς·
3404 3146 3576 3213 ῆγουν
3619 3143 3706 3195 καὶ
3751 3145 3845 3204 τοῖς

615 3230 1296 3307 ejusmodi,simplicitatis
1350 3238 1649 3284 sectatores
1698 3240 1754 3283 et
1785 3232 1851 3283 ad
1911 3230 2194 3300 obtempe-

2298 3236 2698 3307 ἐπιτηδεύμασι
2733 3236 2829 3289 καὶ
2873 3239 2986 3301 τοῖς
3026 3236 3209 3309 ἔργοις
3256 3235 3473 3289 εὐδοκεῖ
3504 3234 3734 3304 δηλονότι
3768 3233 3845 3287 καὶ

613 3327 845 3384 randum
887 3340 1103 3394 semper
1146 3324 1344 3393 parati,
1374 3323 1603 3377 candida
1656 3322 1842 3390 utique
1872 3323 2197 3378 vestimenta

2298 3332 2326 3383 ὁ
2361 3330 2516 3393 Θεός.
2535 3331 2625 3381 Ἐν
2653 3330 2761 3399 γὰρ
2786 3330 2895 3392 τοῖς
2923 3331 3192 3400 ποιήμασι
3226 3329 3336 3381 τῶν
3360 3327 3626 3380 τοιούτων
3648 3327 3846 3380 καὶτῶν

615 3431 941 3489 quocunque
982 3423 1228 3483 tempore
1290 3414 1664 3480 inveniuntur,
1704 3414 1817 3468 sive
1842 3416 1997 3469 bona:
2019 3416 2200 3486 splen-

2302 3421 2489 3486 ἁπλῶς
2538 3422 2948 3493 πορευομένων,
2985 3424 3153 3493 ἤγουν
3190 3421 3451 3491 βιούντων
3498 3420 3593 3474 καὶ
3622 3419 3847 3472 πεποιθό-

617 3508 861 3577 didteque
918 3507 1180 3570 actiones,
1215 3519 1314 3559 nec
1370 3503 1547 3558 oleum
1576 3505 1628 3558 in
1671 3506 1846 3574 capite
1873 3520 2060 3560 eorum
2102 3523 2200 3560 uu-

2281 3494 2411 3576 ⁸τως
2441 3512 2897 3582 πολιτευομένων,
2929 3513 3278 3583 εὑρίσκονται
3304 3512 3477 3564 λευκὰ
3510 3511 3603 3564 καὶ
3630 3510 3695 3563 τὰ
3741 3509 3848 3579 ἱμά-

618 3614 781 3670 quam
812 3597 965 3652 deest
993 3594 1128 3667 (56).
1155 3593 1293 3649 Cum
1326 3594 1468 3647 enim
1487 3594 1631 3663 quod
1659 3596 1942 3666 egentibus
1961 3609 2200 3650 commo-

2302 3620 2390 3655 τια
2423 3602 2481 3653 ὲν
2514 3602 2677 3655 παντὶ
2707 3602 2909 3673 καιρῷ,
2939 3604 3112 3672 ἤγουν
3140 3602 3196 3653 ai
3221 3601 3427 3670 ἀγαθαὶ
3450 3601 3545 3655 καὶ
3573 3600 3849 3671 φωτοειδεῖς

619 3694 773 3755 dant,
806 3689 918 3745 Deo
942 3697 1193 3743 mutuum
1226 3686 1378 3749 deut,
1406 3686 1568 3756 223
1598 3687 1931 3741 sanctissimi
1964 3687 2200 3757 Spiritus

2305 3694 2535 3765 πράξεις
2557 3734 2572 3758 ,
2610 3695 2705 3746 καὶ
2736 3694 2870 3764 μηδέ
2905 3712 3035 3746 ποτε
3080 3692 3454 3765 καθυστεροῦν
3484 3693 3547 3746 τὸ
3576 3693 3741 3744 ἔλαιον
3774 3690 3850 3742 ἐπὶ

619 3799 651 3840 a
683 3783 794 3838 Deo
816 3782 925 3836 vim
965 3779 1235 3849 rccipiunt
1266 3787 1319 3832 et
1370 3781 1627 3849 gratiam,
1668 3793 1787 3849 qua:
1823 3788 1988 3849 caput
2011 3794 2200 3834 eorum

2304 3782 2404 3850 τῆς
2439 3782 2684 3852 κεφαλῆς
2715 3782 2916 3837 αὐτῶν,
2962 3783 3274 3855 Κιχρῶντες
3312 3783 3423 3854 γὰρ
3457 3783 3612 3836 αὐτοὶ
3648 3784 3749 3844 τοῖς
3777 3783 3849 3833 ὲν-

618 3874 898 3944 vitamque
923 3887 1140 3927 omnem
1173 3879 1386 3925 tueatur
1443 3886 1507 3924 ac
1538 3869 1739 3925 foveat.

2306 3874 2455 3927 δεέσι
2479 3916 2493 3936 ,
2523 3876 2619 3929 καὶ
2648 3876 2726 3946 τῷ
2760 3876 2878 3947 Θεῷ
2905 3878 3269 3943 δανείζοντες,
3298 3878 3391 3931 τοῦ
3425 3878 3688 3946 παναγίου
3718 3872 3852 3928 Ilvati-

625 3981 796 4041 ματος
824 3963 1284 4035 ἁντιλαμὸάνουσι
1316 3962 1467 4034 παρὰ
1494 3960 1630 4015 Θεοῦ
1668 3961 1766 4032 τὴν
1795 3962 2078 4032 ἐνέργειαν
2106 3963 2201 4016 καὶ
2239 3964 2339 4034 τὴν
2378 3967 2541 4037 χάριν
2604 3969 2977 4040 περιέπουσαν
3044 3970 3144 4040 τὴν
3178 3970 3330 4038 σφῶν
3373 3969 3618 4040 κεφαλὴν
3656 3969 3743 4023 καὶ
3774 3966 3852 4035 τὴν

622 4062 755 4134 ὃλην
781 4058 951 4131 ζωήν.

696 4155 770 4211 At
790 4169 921 4209 vero
939 4167 1212 4224 anagoges
1254 4152 1396 4205 ratio
1432 4151 1497 4205 ad
1535 4150 1787 4205 altiorem
1822 4152 2205 4221 cogitationem

625 4263 731 4305 nos
755 4247 958 4310 evehit,
991 4255 1048 4299 et
1074 4246 1353 4299 coalestem
1395 4259 1459 4298 ac
1510 4244 1797 4314 mysticum
1827 4260 2023 4313 panem
2052 4260 2208 4313 repu-

628 4350 748 4397 tare
778 4338 955 4403 docet,
985 4338 1080 4408 qui
1121 4339 1187 4391 de
1228 4336 1369 4391 coglo
1403 4336 1703 4402 descendit,
1737 4346 1790 4390 et
1836 4338 2002 4392 vitam
2029 4338 2211 4393 attulit

2398 4150 2458 4203 '0
2486 4149 2543 4203 δὲ
2577 4112 2733 4218 λόγος
2779 4151 2875 4222 τῆς
2914 4153 3212 4222 ἀναγωγῆς
3251 4154 3330 4215 είς
3381 4151 3715 4222 ὑψηλοτέραν
3755 4148 3855 4201 ἀνα·

2316 4241 2536 4305 ϐιϐάζει
2570 4243 2813 4297 διάνοιαν
2841 4283 2855 4306 ,
2895 4245 3289 4315 εἰσηγούμενος
3323 4249 3467 4297 νοεῖν
3509 4245 3598 4297 τὸν
3638 4242 3855 4313 οὐράνιον

2318 4334 2483 4405 ἄρτον
2515 4336 2610 4389 καὶ
2644 4336 2931 4407 μυστικὸν,
2965 4337 3057 4389 τὸν
3096 4337 3161 4388 ἐκ
3189 4335 3283 4390 τοῦ
3313 4335 3547 4407 οὖρανοῦ
3579 4332 3856 4387 καταὸάντα

704 4515 818 4588 (36)
848 4514 1143 4588 Proverbia
1179 4515 1266 4569 hic
1290 4514 1668 4588 quoqueAbina
1695 4514 1943 4588 agnoscit
1974 4512 2208 4588 [)rusius
2241 4518 2284 4574 Ι)
2316 4528 2393 4571 ter
2418 4519 2667 4574 obiectari
2691 4534 2709 4572 :
2742 4515 2833 4570 sed
2869 4516 3001 4588 cesti
3032 4515 3329 4588 splendidtc
3358 4515 3521 4588 citam
3550 4514 3702 4569 veluti
3727 4511 3857 4563 ablu-

635 4582 819 4662 (Prov.
857 4587 927 4640 cl.
964 4586 1029 4649 ll,
1062 4586 1155 4639 lib.
1187 4600 1247 4649 ιι,
1282 4582 1338 4637 η.
1500 4584 1615 4662 29),
1651 4582 1934 4662 primum“:
1967 4582 2083 4662 _Sint
2124 4601 2208 4638 ve-
2315 4597 2425 4662 ta_m
2482 4600 2546 4662 eti
2584 4589 2648 4662 ab
2710 4587 2951 4662 omnibus
3002 4582 3248 4662 sordibus
3312 4586 3534 4662 iiberam
3595 4590 3856 4662 comparat.

635 4651 888 4715 itintenta
910 4666 1003 4709 tua
1035 4671 1237 4723 semper
1266 4654 1534 4730 candida;
1568 4651 1798 4709 alterum
1827 4671 1840 4705 :
1872 4654 2019 4709 Habe
2047 4664 2207 4725 caput
2314 4659 2499 4730 (Tom.
2529 4661 2549 4713 Ι
2590 4659 2666 4712 De
2688 4660 2841 4711 ador.
2871 4660 2926 4730 in
2949 4674 3027 4730 sp.
3058 4668 3105 4711 et
3130 4661 3278 4711 verit.
3313 4658 3409 4711 lib.
3441 4672 3553 4730 χιιι,
3589 4670 3703 4723 pag.
3732 4651 3857 4714 5l5.)

638 4741 804 4799 tuum
833 4742 1035 4791 semper
1066 4733 1331 4799 unguento
1366 4725 1686 4799 delibutum;
1737 4735 1967 4799 utroque
2022 4736 2210 4799 autem
2324 4725 2332 4730 ’
2385 4730 2531 4784 idem
2584 4730 2751 4799 igitur
2775 4738 2828 4782 et
2860 4729 2927 4783 de
2965 4729 3067 4782 olei
3110 4730 3224 4782 sive
3255 4726 3520 4795 unguenti
3564 4741 3690 4799 usu,
3718 4734 3855 4791 quem

634 4801 713 4854 nil
739 4797 887 4852 aliud
921 4811 1022 4850 nos
1050 4795 1235 4850 doceri
1262 4795 1563 4855 contendit.
1588 4810 1751 4863 quam
1784 4802 1843 4847 ut
1874 4797 2209 4851 hilaritatem
2315 4795 2743 4853 assiduum'vult
2784 4813 2908 4852 esse
2933 4836 2946 4858 .
2980 4807 3123 4851 recte
3164 4799 3502 4852 sentiemus:
3532 4804 3590 4847 ut
3630 4795 3735 4847 haec
3769 4806 3858 4863 ver-

636 4884 910 4930 amemus,
943 4866 1295 4934 lzetitiamque
1324 4864 1490 4937 anim_i
1524 4861 1839 4933 perpetuam
1870 4876 2208 4936 expetamus.
2315 4870 2510 4923 borum
2545 4870 2763 4923 illorum
2800 4870 2871 4921 sit
2902 4868 3005 4932 vis,
3033 4870 3494 4937 quemadmodum
3520 4865 3609 4935 qui
3642 4861 3859 4931 corporis

636 4939 803 5010 Atqui
843 4953 951 5010 non
976 4937 1049 4991 ita
1078 4937 1421 5010 haecyeteres
1452 4934 1642 5010 Patres
1668 4934 2008 5010 interpretati
2031 4947 2211 5010 erant.
2314 4940 2689 5009 voluptatibus
2721 4938 2967 5010 serviunt
2992 4976 3008 5000 ,
3036 4934 3175 5010 oleo
3196 4939 3440 4991 balsamo
3471 4944 3643 5010 caput
3689 4944 3859 5010 ungere

636 5004 781 5065 Audi
829 5008 1001 5081 enim_
1018 5007 1149 5081 quid
1194 5005 1448 5081 erillus
1475 5004 1881 5081 Alexandrinus
1931 5007 2213 5081 inprimis
2316 5010 2373 5079 in
2403 5004 2615 5064 deliciis
2662 5010 2886 5072 habent,
2922 5009 3003 5063 sic
3032 5008 3240 5062 homini
3273 5007 3516 5081 ctelestia
3540 5004 3858 5081 persequeutt

639 5079 877 5159 senserit
907 5094 921 5131 :
964 5068 1171 5159 Γράφει
1199 5068 1257 5130 δέ
1285 5093 1409 5159 που,
1438 5076 1633 5159 inquit,
1661 5068 2074 5159 xui_20).op.tb§_'
2113 5078 2200 5159 ’βν

2316 5076 2463 5134 cura:
2504 5095 2627 5135 esse
2650 5068 3070 5159 _oportere._nt
3112 5094 3266 5159 tuens
3311 5078 3432 5145 ejus
3480 5068 3644 5131 suave
3684 5068 3855 5148 aliquid

639 5148 821 5204 παντί
849 5145 1030 5217 καιρῷ
1050 5145 1329 5202 ἔστωσαν
1358 5145 1557 5218 (adrui
1579 5161 1696 5199 σου
1737 5145 2005 5218 λαμπρά.
2041 5147 2200 5218 Φαίηι

2318 5166 2532 5217 semper
2560 5162 2613 5204 et
2649 5145 2758 5204 Deo
2784 5149 3085 5218 jucundum
3123 5149 3310 5218 spirct.
3343 5152 3569 5215 Sumpta
3600 5153 3775 5218 autem
3796 5145 3858 5193 sic

640 5219 689 5274 δ’
722 5219 813 5285 ἂν,
851 5212 1069 5272 enim
1113 5218 1261 5288 μάλα
1286 5212 1465 5288 ὀρθῶς
1505 5212 1873 5288 ὲννᾼενοηκὼς,
1903 5212 2002 5271 ουκ
2028 5217 2095 5271 ἂν
2132 5212 2200 5280 εἷς

2319 5212 2574 5274 ηιὶιιὶιιιὶυ
2617 5230 2702 5274 est
2745 5212 2800 5273 α’
2830 5220 3097 5274 conviviis
3148 5212 3501 5272 Hebraeorum
3546 5224 3613 5288 et
3645 5212 3858 5288 omnium

640 5283 806 5344 τοῦτο
837 5289 1069 5359 προήκοι
1098 5283 1386 5359 τερθρείας
1421 5289 1451 5341 ὁ
1485 5285 1647 5354 σοφὸς
1676 5283 2113 5359 ημίνῖΣολομὼν,
2141 5288 2200 5350 ὡς

2318 5290 2701 5355 Orientalium,
2738 5306 2880 5359 quos
2908 5290 3152 5343 delibuto
3178 5289 3379 5359 capillo
3409 5283 3858 5359 accumbere__soli-

644 5356 892 5431 ίματίων
928 5356 1076 5430 ἡμᾶς
1111 5356 1450 5431 μὰναπείθειν
1504 5356 1894 5431 μειρακιωδῷς
1944 5356 2217 5431 ἐντρυφᾷν

641 5427 1026 5501 λαμπρότησιν
1046 5446 1060 5461 ο
1098 5428 1291 5501 ᾲμφίῳ
1317 5427 1947 5501 δὲῶσπερπαρεικάζει
1976 5427 2218 5501 λαμπρῷ

643 5446 1026 5552 Λαμπροτησιν
1046 5446 1060 5461 ο
1098 5446 1291 5498 αμφιῳ
1317 5446 1374 5481 οε
1399 5446 1590 5496 ωσπερ
1619 5446 1947 5497 παρεικαςει
1977 5446 2218 5501 Ααμπρῳ

643 5500 742 5568 τὴν
768 5517 796 5552 ο
820 5516 906 5552 ονε
954 5518 1073 5564 πως
1097 5500 1495 5623 ἐκνενιμμένην
1525 5498 1620 5549 καλ⁸
1639 5498 1812 5579 ῥύπου
1836 5500 2038 5585 παντδς
2067 5501 2220 5552 ελευ-

645 5568 811 5633 θέραν
855 5569 1022 5633 ζωήν.
1068 5570 1125 5623 ld
1160 5577 1283 5622 est:
1360 5569 1514 5622 cribit
1564 5584 1681 5621 vero
1725 5569 1922 5621 alicubi
1964 5570 2219 5623 balomon

710 5586 811 5639 ραν
855 5583 1022 5639 ςωην.
1068 5583 1125 5623 tu
1160 5583 1283 5622 est:

643 5655 847 5719 quoque
882 5654 902 5692 :

2320 5371 2404 5415 tos
2436 5353 2707 5415 novimus.
2734 5353 2811 5415 Eo
2836 5361 3111 5430 pertinent
3142 5353 3485 5430 illajDomiui
3520 5355 3683 5430 nostri
3705 5353 3856 5430 dicta:

2324 5432 2453 5486 Oleo
2474 5442 2627 5499 caput
2653 5418 2949 5483 meum'non
2976 5431 3178 5483 unxisti
3203 5429 3355 5499 (Luc.
3390 5426 3633 5499 vn,A46)r;
3672 5432 3722 5477 et
3748 5418 3853 5499 εἶμι

2324 5514 2496 5555 autem
2522 5489 2893 5569 cuittjejunas,
2920 5517 3054 5569 unge
3078 5489 3234 5568 caput
3266 5511 3415 5553 tuum
3440 5489 3651 5569 (faith.
3678 5489 3852 5569 v.11);

2325 5582 2437 5626 tuin
2474 5575 2616 5641 quod
2645 5559 2813 5624 Maria
2842 5559 3157 5639 Magdalene
3194 5570 3360 5641 fecit:
3395 5559 3514 5637 qua:
3546 5570 3595 5641 in
3620 5566 3765 5641 domo

2323 5631 2506 5696 monis
2552 5642 2749 5709 leprosi
2797 5631 2959 5710 super
3010 5650 3172 5707 caput
3204 5639 3333 5693 Jesu
3387 5631 3736 5693 recumbentis
3764 5631 3857 5710 alg-

2324 5712 2565 5765 bastrum
2598 5700 2881 5779 unguenti.
2908 5700 3130 5777 pretio-si
3168 5712 3353 5764 ριῖυιιιι
3385 5710 3595 5779 (Matth.
3629 5718 3765 5779 nvi.
3791 5700 3854 5779 ἶ).

2322 5780 2398 5834 De
2432 5781 2517 5834 his
2538 5820 2552 5843 ,
2586 5782 2628 5835 si
2654 5775 2809 5835 vacat
2834 5822 2848 5843 ,
2883 5775 2999 5849 lege
3030 5780 3240 5835 Frider.
3283 5775 3588 5836 Bue-herum
3630 5778 3680 5831 in
3703 5775 3853 5839 Antig.

2324 5867 2510 5920 euang.
2536 5852 2591 5906 in
2616 5850 2811 5906 Matth.
2838 5867 2889 5908 c.
2923 5866 3068 5917 xxvr,
3096 5851 3232 5921 §55.
3304 5878 3309 5881 >

1360 5569 1514 5622 cribit
1564 5569 1681 5621 vero
1725 5569 1922 5621 alicubi
1964 5570 2219 5623 Salomon

995 5640 1105 5693 mni
1149 5647 1390 5707 tempore
1420 5639 1746 5693 vestimenta
1799 5648 1887 5692 tua
1936 5641 2219 5708 Splendida

645 5711 788 5775 sint;
815 5718 941 5777 puto
974 5720 1152 5763 autem
1178 5748 1191 5771 ,
1238 5721 1286 5761 et
1313 5711 1522 5778 quidem
1552 5719 1707 5773 recte,
1738 5725 2007 5777 nunquam
2048 5711 2221 5763 cirum

644 5780 1091 5849 sapientissimum
1126 5778 1463 5833 Salomonem
1514 5780 1582 5832 ad
1624 5780 1720 5832 has
1765 5794 1930 5848 nugas
1982 5780 2222 5833 devenire

644 5850 890 5917 voluisse,
922 5860 977 5905 ut
1001 5850 1244 5906 suaderet
1272 5850 1420 5907 nobis
1442 5850 1664 5906 vestium
1694 5849 1969 5918 splendore
1994 5851 2219 5919 puerili-
