4114 6516
506 394 642 459 1075
1637 387 1698 445 S.
1754 381 2132 443 GREGORII
2187 378 2699 441 AGRIGENTINI
3650 370 3787 435 1076

501 510 755 564 nationes
791 504 1092 570 deﬂectas;
1124 501 1257 557 illud
1309 497 1544 555 subinde
1588 496 1768 551 virum
1796 496 2006 559 e'docet,
2033 504 2092 549 ut

2212 493 2680 564 ταρεκτρέπεσθαι
2714 505 2851 563 προς
2883 488 2984 552 τὰς
3027 490 3138 543 τῶν
3183 488 3466 559 λογισμῶν
3498 487 3788 559 σκολιότη-

502 616 608 655 uua
637 599 870 669 quisque
930 609 1102 650 uxore
1148 600 1444 649 contentus
1472 590 1565 654 sit,
1610 595 1674 645 e‘a
1706 602 2086 657 nempequam

2212 603 2313 648 τας,
2340 584 2653 648 ἀκολούθως
2680 585 2777 637 καὶ
2826 582 2958 653 μίαν
3004 581 3149 653 ἔχειν
3180 584 3419 650 γυναῖκα
3446 581 3539 634 τὸν
3556 579 3667 632 νένα
3694 580 3791 633 ἀν·-

503 693 734 760 primam
766 687 967 742 amavit
999 702 1062 741 ac
1093 684 1197 741 sibi
1230 684 1418 750 duxit;
1446 693 1613 751 utque
1639 681 1695 735 in
1750 695 1942 735 omnes
1967 680 2093 733 vita:

2212 676 2296 744 ipa
2329 674 2611 741 διδάσκει,
2660 673 2761 745 τὴν
2790 675 2848 741 ἐξ
2878 675 3057 746 ἀρχῆς
3091 675 3477 760 ἀγαπηθεῖσαν
3510 672 3661 742 αύτῷ
3694 674 3791 727 καὶ

504 797 619 837 sum
643 780 762 834 dies
815 779 884 833 ab
930 778 1034 832 alia
1061 790 1394 847 quacunque
1424 785 1653 844 prorsus
1694 770 2004 833 abstineat;
2041 778 2095 820 et

2212 766 2683 836 προσληφθεῖσαν·
2717 767 2812 820 καὶ
2846 766 3114 838 μηδαμῶς
3165 768 3224 819 ἐν
3258 767 3461 829 πάσαις
3499 767 3623 829 ταῖς
3652 766 3794 836 ἡμέ-

506 873 599 926 uni
628 886 735 927 una
776 870 848 925 sit
904 868 1060 933 satis,
1114 865 1578 937 quemadmodum
1619 858 1955 932 praescripsit
1980 856 2096 912 edi-

2212 875 2328 927 ραις
2360 859 2461 928 τῆς
2497 858 2735 912 ἐνταῦθα
2770 859 3065 928 παροικίας
3097 858 3266 929 ἄλλην
3315 858 3446 911 ποτὲ
3491 857 3791 925 διαγνῶναι

506 964 697 1032 xitque
724 959 1011 1026 Conditor,
1061 975 1187 1013 cum
1219 959 1326 1012 ait:
1364 976 1381 1023 ᾳ
1414 955 1533 1010 Non
1590 963 1674 1010 est
1717 954 1921 1009 bonum
1970 964 2097 1005 esse

2212 949 2261 1001 rb
2294 949 2552 1003 σύνολον’
2587 950 2704 1003 ἀλλ’
2751 951 3045 1019 ἀρκεῖσθαι
3094 952 3189 1004 τὸν
3231 951 3331 1004 ἕνα
3360 953 3427 1021 τῇ
3478 952 3581 1020 μιᾷ
3603 989 3616 1011 ,
3651 950 3795 1002 κατὰ

508 1050 784 1105 ιιοιιιίηοηι
828 1048 1028 1110 solum,
1079 1044 1351 1099 faciamus
1404 1044 1453 1098 ei
1520 1041 1853 1111 adiutorium
1919 1037 2100 1093 simile

510 1140 615 1196 sibi
647 1140 732 1204 ⁸⁸;
772 1158 791 1191 ι
827 1138 921 1207 qui
948 1148 1002 1192 et
1036 1151 1143 1191 una
1166 1135 1235 1191 de
1281 1134 1449 1190 costis
1483 1132 1600 1200 ejus
1634 1140 1875 1201 sumpta,
1913 1147 1931 1181 ι
1975 1142 2100 1183 car-

511 1243 639 1301 nem
673 1226 902 1296 replevit
930 1239 1030 1293 pro
1058 1239 1123 1279 ea
1149 1223 1217 1289 3‘,
1256 1241 1275 1274 ι
1317 1230 1640 1291 costamque
1671 1235 1837 1290 quam
1863 1218 2103 1288 sumpsit

512 1321 568 1374 in
604 1304 851 1373 mulieris
905 1316 1142 1387 speciem
1198 1314 1548 1384 formamque
1610 1312 1921 1368 adornavit.
1962 1310 2102 1365 Pars

514 1414 681 1483 igitur
711 1413 921 1467 homini
981 1413 1109 1467 data
1163 1412 1282 1481 ipsa
1330 1420 1455 1477 est;
1500 1419 1685 1479 aperte
1745 1408 1894 1463 enim
1952 1416 2103 1463 costa

515 1522 624 1562 una
647 1507 715 1561 de
764 1506 916 1561 illius
950 1513 1149 1560 natura
1189 1503 1308 1558 fuit.
1348 1502 1500 1558 Hanc
1540 1503 1707 1573 igitur
1726 1502 1869 1568 vide,
1906 1501 2104 1571 inquit,

516 1603 574 1649 et
611 1594 872 1648 omnibus
900 1593 1025 1646 vita:
1076 1591 1241 1661 hujus
1279 1599 1335 1645 et
1372 1590 1629 1644 vanitatis
1666 1588 1860 1643 diebus
1900 1603 2107 1659 cogno-

522 1684 666 1740 scito
701 1684 812 1755 (M)
841 1700 855 1738 :
882 1683 1044 1737 aliam
1072 1696 1202 1737 vero
1226 1696 1504 1751 nunquam
1534 1680 1760 1735 omnino
1786 1694 2106 1754 cognoscas.

2200 1042 2293 1094 τὸν
2322 1044 2448 1114 ὅρον
2476 1044 2570 1097 καὶ
2601 1046 2762 1113 λόγον
2789 1045 2885 1097 τοῦ
2923 1045 3448 1116 Δημιουργήσαντος
3477 1044 3571 1096 καὶ
3605 1042 3792 1095 εἰπόν-

2201 1149 2316 1199 τος,
2351 1154 2370 1184 ‹
2410 1134 2485 1187 Οὔ
2521 1134 2686 1188 καλὸν
2738 1132 2878 1189 εἶναι
2923 1136 3017 1190 τὸν
3053 1136 3341 1207 ἄνθρωπον
3394 1136 3593 1206 μόνον,
3636 1136 3796 1205 ποιή-

2206 1242 2391 1296 σωμεν
2430 1226 2581 1297 αύτῴ
2613 1227 2809 1299 βοηθὸν
2838 1229 2963 1282 κατ’
2995 1230 3164 1282 αὐτόν
3185 1246 3199 1259 ο
3243 1248 3262 1281 ι
3302 1227 3360 1291 ὃς
3391 1227 3487 1281 καὶ
3521 1227 3653 1298 μίαν
3692 1226 3795 1282 λα-

2207 1314 2318 1368 ϐὼν
2377 1316 2487 1369 τῶν
2540 1316 2793 1388 πλευρῶν
2848 1319 3039 1383 αὐτοῦ,
3102 1338 3119 1370 t
3154 1319 3335 1389 σάρκα
3403 1318 3795 1388 ἀνεπλήρωσεν

2206 1405 2321 1459 ἀντ’
2351 1406 2546 1475 αὐτῆς,
2578 1425 2596 1458 ›
2634 1408 2727 1461 καὶ
2756 1408 2854 1478 τὴν
2887 1406 3236 1480 πλευρὰν,ἢν
3265 1407 3480 1469 ἐλαϐεν,
3508 1408 3587 1467 είς
3603 1424 3795 1474 γυναι-

2208 1497 2304 1559 κδς
2333 1493 2474 1561 εἶδος
2506 1499 2599 1551 καὶ
2633 1499 2849 1569 μορφὴν
2892 1499 3322 1554 κατεσκεύασεν.
3371 1497 3524 1568 Αὕτη
3555 1492 3651 1550 οὖν
3678 1498 3794 1549 ἐστι

2209 1589 2243 1658 ἡ
2271 1588 2491 1641 δοθεῖσα
2522 1588 2602 1661 τῷ
2631 1590 2910 1660 ἀνθρώπρ
2942 1593 3131 1664 μερίς·
3165 1590 3379 1661 πλευρά
3419 1589 3528 1660 γὰρ
3573 1589 3673 1660 μία
3695 1588 3797 1657 τῆς

2212 1679 2422 1732 ἐκείνου
2455 1680 2670 1750 φύσεως
2704 1683 2917 1753 ὑπῆρχε
2958 1684 3171 1753 σαφῶς.
3203 1683 3422 1751 Ταύτην
3452 1677 3544 1735 οὖν
3595 1681 3670 1734 ίδέ
3700 1680 3797 1733 καὶ

521 1777 833 1833 Vanitatem
891 1786 1074 1832 autem
1144 1775 1271 1830 vita:
1317 1774 1609 1845 appellavit
1668 1774 1989 1828 varietatem
2052 1782 2109 1827 et

2213 1771 2473 1843 γνώριζε,
2525 1774 2694 1845 φησὶ,
2736 1776 2920 1840 πάσας
2975 1776 3075 1840 τὰς
3128 1776 3343 1847 ἡμέρας
3400 1774 3503 1844 τῆς
3557 1772 3793 1827 ἐνταῦθα

519 1869 939 1925 conversionem
989 1868 1465 1935 mutationemque
1510 1865 1725 1920 arbitrii
1764 1865 2106 1919 voluntatum

2213 1861 2364 1932 ζωῆς
2384 1866 2479 1917 καὶ
2506 1867 2868 1938 ματαιότητος
2893 1885 2907 1899 ·
2938 1868 3134 1940 ἑτέραν
3157 1868 3212 1920 δέ
3236 1867 3505 1937 μηδέποτε
3522 1866 3712 1935 γνοίης
3738 1868 3798 1917 τὸ

520 1961 926 2015 humanarum:
958 1958 1029 2013 ob
1075 1972 1197 2027 quae
1221 1971 1364 2026 saepe
1413 1952 1603 2011 infelix
1642 1955 1808 2009 homo
1838 1968 1906 2008 ex
1931 1952 2108 2023 negli-

520 2049 705 2120 gentia
735 2050 969 2119 quadam
1005 2058 1059 2102 et
1078 2048 1405 2103 remissione
1436 2046 1503 2101 ad
1535 2060 1600 2100 ea
1632 2046 1818 2099 animo
1845 2043 2109 2098 volvenda

520 2141 817 2207 delabitur,
874 2139 1038 2210 225
1082 2155 1204 2209 quae
1239 2140 1306 2193 ad
1357 2144 1644 2209 peccatum
1689 2135 1980 2190 adducant.
2016 2134 2110 2187 Ait

520 2229 719 2285 deinde
747 2247 760 2283 :

2214 1955 2457 2010 σύνολον.
2491 1958 2853 2029 Ματαιότητα
2894 1959 2952 2023 δὲ
2980 1959 3127 2030 ζωῆς
3153 1959 3410 2030 ὠνόμασε
3436 1958 3539 2030 τὴν
3570 1958 3798 2011 ἀλλοίω⁴

2212 2063 2298 2099 σιν
2329 2049 2423 2100 καὶ
2458 2050 2804 2120 περιτροπὴν
2838 2053 2934 2104 καὶ
2964 2051 3272 2123 μεταϐολὴν
3298 2052 3397 2122 τῆς
3445 2051 3531 2120 ἐφ’
3560 2051 3798 2120 ἑκάτερα

2210 2138 2390 2209 ῥοπῆς
2426 2139 2535 2192 τῶν
2578 2140 2942 2211 ἀνθρωπίνων
2971 2142 3245 2213 γνωμῶνο
3294 2145 3354 2196 ὲν
3402 2137 3489 2207 αἷς
3537 2141 3799 2205 πολλάκις

2208 2222 2306 2282 καὶ
2354 2231 2492 2301 πρὸς
2554 2233 2945 2305 ἁμαρτητικὰς
2994 2233 3327 2305 ἐνθυμήσεις
3374 2235 3404 2288 δ
3448 2234 3799 2303 ταλαίπωρος

2210 2319 2504 2391 ἄνθρωπος
2550 2322 2615 2375 ἔκ
2659 2341 2805 2388 τινος
2860 2325 3197 2396 ἀπροσεξίας
3242 2324 3649 2379 κατολισθαίνει
3701 2323 3797 2376 καὶ

2213 2413 2512 2484 ῥᾳθυμίας.
2551 2411 2687 2471 Εἶτά
2726 2434 2859 2488 φησι
2881 2433 2895 2448 ·

2064 2516 2092 2589 §
2127 2517 2265 2575 vm.

596 2615 763 2673 Vsus.
799 2616 885 2672 10.
926 2615 1117 2672 Omnia
1148 2630 1265 2687 qua,
1300 2614 1555 2669 invenerit
1580 2628 1768 2667 manus
1797 2622 1888 2664 tua
1910 2611 2104 2679 facere,

525 2721 680 2780 prout
707 2710 873 2764 virtus
905 2722 1020 2777 tua,
1046 2710 1164 2779 fac:
1195 2709 1320 2779 quia
1346 2723 1449 2761 non
1472 2716 1550 2762 est
1581 2714 1797 2775 opus,et
1832 2704 2105 2773 cogitatio,

524 2809 577 2856 et
613 2802 858 2868 scientia,
882 2812 931 2858 et
966 2803 1225 2873 sapientia
1262 2801 1317 2855 in
1376 2799 1584 2867 inferno
1612 2839 1627 2863 ,
1683 2814 1787 2869 quo
1837 2808 1895 2851 tu
1947 2796 2105 2850 vades

526 2892 657 2948 illuc
688 2893 823 2964 (42).

604 2984 895 3058 Egregium
931 2985 1056 3040 vitae
1081 2985 1371 3041 hominum
1402 2984 1775 3040 institutorem
1802 2996 1866 3037 ac
1892 2981 2113 3050 sapien-

530 3091 641 3137 tem
676 3080 1050 3137 consiliarium
1078 3094 1135 3134 se
1166 3078 1348 3149 prodit
1392 3075 1777 3133 Ecclesiastes.
1830 3075 2113 3129 Auditori-

529 3174 635 3229 bus
668 3172 816 3227 enim
856 3172 973 3227 suis
1006 3172 1300 3240 inculpatae
1326 3170 1447 3225 vitae
1477 3178 1532 3223 et
1554 3184 1584 3223 a
1612 3176 1836 3239 peccato
1859 3208 1875 3235 ,
1929 3181 2110 3237 quan-

2286 2618 2491 2676 Πάντα
2530 2621 2649 2677 ὅσα
2691 2622 2769 2677 ἂν
2808 2621 2952 2692 εὕρῃ
2994 2623 3031 2691 ἡ
3062 2624 3192 2692 χείρ
3229 2638 3349 2679 σου
3383 2623 3490 2679 τοῦ
3524 2624 3795 2694 ποιῆσαι.

2214 2710 2295 2776 ὡς
2320 2712 2359 2780 ἡ
2387 2711 2646 2782 δύναμίς
2674 2728 2813 2778 σου,
2843 2714 3135 2790 ποίησον
3164 2713 3255 2767 ὅτι
3283 2716 3394 2768 οὐκ
3419 2716 3554 2769 ἔστι
3574 2718 3796 2785 ποίημα

2214 2802 2315 2855 καὶ
2338 2803 2633 2874 λογισμὸς
2660 2804 2759 2858 καὶ
2788 2803 3012 2875 γνῶσις
3039 2805 3137 2858 καὶ
3168 2806 3355 2875 σοφία
3378 2806 3448 2860 ὲν
3472 2806 3607 2877 ᾅδῃ,
3643 2808 3796 2862 ὅπου

2212 2896 2294 2950 σὺ
2333 2899 2607 2967 πορεύσῃ
2633 2896 2778 2952 ἐκεῖ.

2292 2989 2524 3058 Ἀγαθός
2566 2989 2867 3061 εἰσηγητὴς
2905 2991 3002 3045 καλ⁸
3032 2989 3194 3059 σοφὸς
3224 2989 3534 3062 σύμϐουλος
3569 2993 3798 3065 εὕρηται

2207 3084 2273 3152 τῇ
2322 3081 2435 3152 ζωῇ
2483 3081 2591 3135 τῶν
2622 3083 2930 3154 ἀνθρώπων
2972 3086 2999 3137 ὁ
3038 3084 3491 3157 Ἑκκλησιαστής.
3541 3087 3652 3157 Τῆς
3688 3090 3799 3158 γὰρ

2208 3171 2634 3240 ἀκαταγνώστου
2663 3174 2758 3226 καὶ
2788 3173 2932 3227 κατὰ
2955 3174 3015 3227 τὸ
3044 3173 3268 3229 δυνατὸν
3291 3174 3680 3250 ἀναμδρτήτου
3709 3196 3801 3233 πο·

532 3275 647 3319 tum
682 3264 801 3318 fieri
842 3271 1039 3333 potest,
1093 3264 1285 3317 alienae
1331 3272 1490 3316 notas
1529 3263 1823 3331 proponit,
1872 3274 1938 3315 ac
1969 3258 2109 3312 nihil

2212 3262 2417 3327 λιτείας
2457 3264 2749 3332 ὑποτίθησι
2794 3266 2926 3330 τοὺς
2973 3270 3333 3340 χαρακτῆρας
3372 3274 3485 3334 τοῖς
3517 3272 3799 3339 ἐπαΐουσι,

531 3372 724 3416 eorum
755 3372 878 3426 quia
909 3358 1148 3410 humana
1180 3365 1377 3409 natura
1404 3363 1665 3423 praestare
1706 3353 1901 3423 possit,
1930 3351 2105 3421 negli-

2212 3356 2306 3408 καὶ
2333 3326 2575 3409 διδάσκει
2608 3326 2776 3430 μηδὲν
2803 3326 2918 3412 τῶν
3050 3326 3283 3433 δύναμιν
3307 3326 3659 3437 ἀνθρωπίνης
3691 3326 3800 3433 qui:

535 3445 768 3515 gendum
801 3460 923 3500 esse
952 3446 1135 3507 docet,
1188 3459 1290 3498 nec
1327 3443 1625 3513 quidquam
1689 3444 2113 3513 praetermitten-

534 3536 663 3589 dum
695 3548 885 3589 eorum
914 3548 1037 3603 quae
1069 3532 1181 3589 Deo
1205 3542 1356 3603 grata
1407 3542 1571 3599 sunt,
1621 3540 1676 3588 et
1717 3534 1783 3589 ad
1844 3534 2109 3589 honorem

430 3652 435 3655 <
534 3627 656 3696 ejus
685 3634 849 3695 atque
880 3628 944 3678 ad
967 3625 1282 3679 divinarum
1314 3625 1493 3696 legum
1536 3626 1943 3680 observantiam
1976 3641 2114 3681 con-

536 3718 783 3773 ducunt:
816 3732 1005 3772 verum
1063 3718 1110 3772 si
1156 3716 1245 3771 cui
1281 3716 1365 3771 vel
1412 3717 1594 3772 brevis
1634 3718 1896 3788 temporis
1937 3720 2111 3774 otium

537 3809 798 3866 oﬂeratur
828 3810 893 3864 ad
944 3809 1271 3881 hymnorum
1313 3818 1537 3864 cantum
1582 3818 1635 3864 et
1679 3810 2110 3875 obsecrationes.

536 3902 622 3957 vel
679 3901 747 3957 ad
795 3900 1209 3957 meditationem
1268 3901 1895 3973 contemplationemque
1929 3918 2112 3958 rerum

538 3992 870 4060 cmiestium,
900 4001 1064 4063 atque
1090 3992 1156 4047 ad
1182 3992 1595 4061 temperantiam
1619 3992 1977 4064 etjejunium,
1997 3994 2115 4050 sive

538 4095 905 4157 opportunam
947 4086 1200 4141 ciborum
1251 4085 1553 4139 multorum
1592 4101 1656 4141 ac
1702 4085 1981 4141 variorum
2016 4087 2114 4143 de-

538 4177 895 4242 ductionem,
941 4177 1028 4232 vel
1082 4177 1148 4231 ad
1209 4176 1647 4232 misericordiam
1710 4186 1766 4233 ct
1804 4168 2111 4248 largitafem

538 4284 667 4340 erga
692 4270 881 4340 inopes
910 4278 965 4323 et
1000 4267 1299 4335 mendicos,
1336 4269 1420 4323 vel
1462 4269 1530 4323 ad
1565 4268 1792 4339 iustitiae
1845 4272 2117 4341 cognitio-

540 4375 664 4414 nem
704 4374 768 4413 ac
799 4359 1228 4415 manifestiorem
1264 4359 1511 4415 veritatis
1556 4360 1999 4427 illustrationem,
2031 4363 2115 4417 vel

542 4450 610 4504 ad
641 4450 1089 4505 calamitosorum
1120 4450 1403 4516 solatium,
1435 4463 1489 4506 et
1523 4453 1892 4521 patrocinium
1920 4467 2112 4508 eorum

543 4540 640 4611 qui
677 4541 746 4595 ab
772 4541 1052 4612 judicibus
1086 4546 1358 4612 perversis
1387 4552 1441 4597 et
1484 4558 1515 4597 a
1537 4543 1783 4614 dynastis
1810 4543 2114 4601 immitibus

2213 3461 2352 3510 σεως
2381 3447 2691 3518 ἀνηκόντων
2724 3451 3211 3522 παραλογίζεσθαι,
3236 3454 3331 3507 καὶ
3352 3454 3801 3525 παραλιμπάνειν

2213 3536 2323 3591 τῶν
2349 3538 2682 3594 ἁνδανόντων
2716 3543 2794 3611 τῷ
2824 3543 2943 3613 Θεῷ
2973 3545 3067 3597 καὶ
3098 3546 3495 3601 συντελούντων
3524 3551 3605 3612 είς
3638 3551 3803 3613 δόξαν

2214 3630 2382 3683 αὑτοῦ
2408 3630 2503 3683 καὶ
2544 3632 2651 3685 τῶν
2691 3632 2850 3687 θείων
2890 3634 3118 3689 ἐντολῶν
3159 3638 3576 3711 ἀποπλήρωσιν.
3636 3642 3803 3696 Ἀλλὰ

2216 3723 2318 3776 κᾶν
2349 3723 2486 3806 πρὸς
2529 3724 2723 3793 μικρὸν
2754 3725 2890 3801 εὕρῃ
2928 3744 3012 3792 τις
3055 3730 3250 3801 σχολὴν
3290 3733 3369 3795 είς
3401 3733 3677 3804 ὑμνῳδίαν
3706 3736 3806 3789 καὶ

2215 3813 2548 3883 προσευχὴν,
2597 3815 2700 3868 κᾶν
2750 3818 2886 3887 πρὸς
2923 3819 3107 3875 νεῦσιν
3147 3823 3239 3874 καὶ
3269 3822 3502 3893 θεωρίαν
3535 3826 3644 3878 τῶν
3686 3827 3803 3880 ἀνω

2216 3902 2311 3956 καὶ
2336 3905 2569 3974 νοητῶν,
2594 3907 2687 3960 καὶ¹
2717 3908 2854 3978 πρὸς
2889 3910 3221 3983 ἐγκράτειαν
3254 3916 3349 3967 καὶ
3378 3916 3658 3986 νηστείαν,
3690 3918 3803 3971 τῶν

2215 3994 2428 4049 πολλῶν
2450 3999 2544 4050 καὶ
2574 3998 2848 4072 διαφόρων
2870 4003 3055 4057 σιτίων
3087 4004 3342 4077 εὖκαιρον
3368 4009 3662 4082 ἀποδοχήν*
3693 4013 3802 4065 κᾶν

2217 4087 2356 4156 πρὸς
2411 4089 2782 4162 ἐλεημοσύνην
2806 4095 2902 4148 καὶ
2948 4094 3212 4169 διαμονὴν
3265 4101 3360 4154 καὶ
3409 4101 3648 4157 διάδοσιν
3700 4105 3803 4175 τὴν

2217 4180 2354 4249 πρὸς
2395 4183 2522 4246 τοὺς
2560 4184 2759 4249 ἐνδεεῖς
2807 4188 2903 4241 καὶ
2948 4189 3187 4262 πένητας
3234 4193 3329 4246 καὶ
3360 4195 3609 4265 πτωχούς
3634 4212 3651 4228 ο
3696 4198 3803 4251 κᾶν

2218 4270 2356 4342 πρὸς
2402 4273 2586 4344 κρίσιν
2639 4275 3135 4352 δικαιοσύνηςχαὶ
3169 4283 3269 4352 τῆς
3303 4284 3562 4355 ἀληθείας
3608 4288 3803 4359 ἀριδη-

2214 4362 2443 4435 λοτέραν
2482 4363 2795 4437 φανέρωσιν
2823 4388 2836 4402 ο
2876 4373 2980 4425 κᾶν
3022 4374 3161 4445 πρὸς
3208 4376 3306 4442 τὴν
3352 4378 3463 4431 τῶν
3509 4378 3805 4450 ἀδικουμέ-

2216 4473 2323 4509 νων
2365 4459 2461 4511 καὶ
2500 4461 2832 4533 παραλόγως
2867 4466 3189 4536 πασχόντων
3233 4469 3338 4522 ύπὸ
3362 4488 3525 4523 τινων
3555 4472 3800 4543 ἀκρίτων

2217 4548 2422 4619 κριτῶν
2470 4550 2504 4622 ἢ
2554 4552 2830 4608 δυναστῶν
2876 4557 3218 4628 ἀσυμπαθῶν
3276 4562 3371 4614 καὶ
3419 4562 3799 4634 ἀνελεημόνων

542 4645 715 4705 atque.
742 4636 1057 4690 inhumanis
1098 4636 1306 4706 iniusta
1348 4637 1665 4707 patiuntur;
1710 4639 1827 4694 hanc
1882 4639 2068 4694 omnia
2095 4679 2109 4704 ,

2220 4643 2505 4715 ἀντίληψιν
2545 4648 2641 4700 καὶ
2691 4650 3054 4716 προστασίαν,
3089 4652 3270 4708 πάντα
3307 4653 3482 4708 ταῦτα
3518 4658 3660 4726 μετά
3691 4656 3799 4709 τῶν

540 4737 847 4797 caateraque
873 4729 958 4782 his
990 4728 1213 4790 similia.
1244 4745 1363 4799 qua:
1399 4729 1453 4783 in
1488 4729 1704 4785 virtutis
1726 4731 1897 4786 choro
1917 4747 2109 4788 recen-

2220 4735 2395 4790 ἄλλων
2438 4737 2547 4791 τῶν
2587 4742 2986 4813 παραπλησίως
3010 4744 3221 4809 τούτοις
3261 4748 3341 4809 είς
3365 4746 3457 4800 τὸν
3494 4749 3798 4817 κατάλογον

539 4828 754 4885 sentur,
797 4819 916 4875 sine
944 4834 1096 4874 mora
1131 4829 1183 4875 et
1210 4830 1323 4875 toto
1366 4819 1552 4875 animo
1580 4821 1926 4891 suscipienda
1954 4839 2113 4883 esse:

2214 4829 2803 4903 παραλαμϐανομένων
2829 4834 2931 4902 τῆς
2951 4836 3173 4908 ἀρετῆς,
3204 4838 3593 4910 ἀνυπερθέτως
3623 4845 3795 4895 ποιεῖν

539 4926 666 4966 cum
696 4926 936 4982 praesens
984 4913 1174 4982 utique
1221 4922 1435 4983 tempus
1486 4914 1553 4967 ad
1597 4914 1739 4969 bona
1779 4924 1834 4970 et
1884 4915 2109 4974 honesta

2216 4919 2357 4990 μετά
2392 4922 2705 4992 προθυμίας
2741 4924 2959 4997 ἀπάσης
2981 4941 2995 4955 ⁶
3032 4927 3108 4990 ὡς
3146 4927 3243 4982 τοῦ
3288 4929 3559 5000 παρόντος
3601 4930 3793 5002 καιροῦ

522 5002 849 5074 peragenda
916 5004 1175 5059 idoneum
1241 5005 1350 5067 sit,
1415 5003 1666 5059 futurum
1711 5021 1846 5061 vero
1898 5008 2109 5063 nullum

2212 5011 2310 5081 τῆς
2350 5012 2616 5082 ἐργασίας
2668 5015 3007 5086 ὑπάρχοντος
3054 5017 3166 5073 τῶν
3203 5019 3428 5088 ἀγαθῶν
3456 5022 3549 5075 καὶ
3593 5022 3794 5087 καλῶν,

541 5094 868 5150 abeuntibus
904 5095 996 5151 det
1028 5096 1249 5162 locum,
1302 5104 1363 5150 ut
1420 5096 1528 5150 tale
1589 5095 1796 5166 aliquid
1849 5110 2109 5168 praestare

2212 5102 2305 5155 τοῦ
2351 5103 2407 5157 δὲ
2451 5106 2568 5174 μετ’
2606 5106 2769 5160 αὑτὸν
2818 5108 3022 5178 ἥκιστα
3051 5109 3237 5181 χώραν
3262 5111 3500 5177 διδόντος
3536 5116 3652 5177 τοῖς
3695 5116 3795 5167 ἀπ-

540 5186 773 5257 possint.
807 5185 963 5253 Quod
989 5186 1314 5249 declaravit.
1349 5201 1472 5242 cum
1495 5185 1739 5242 addidit:
1775 5206 1795 5240 ι
1828 5187 1967 5254 Quia
2001 5204 2109 5244 non

538 5289 623 5335 est
651 5294 812 5350 opus,
836 5288 890 5335 et
938 5280 1216 5352 cogitatio,
1240 5290 1295 5335 et
1322 5278 1571 5343 scientia,
1601 5289 1655 5333 et
1723 5281 1993 5349 sapientia
2056 5284 2111 5339 in

638 5415 686 5448 ⁸⁸
718 5415 855 5474 Gell.
896 5433 960 5483 tt,
1000 5415 1087 5472 18.
1162 5415 1210 5447 ⁸⁸
1239 5413 1373 5470 ibid.
1408 5414 1499 5470 3|.

2219 5193 2524 5263 οιχομένοις
2555 5195 2796 5249 τοιοῦτόν
2821 5214 2874 5251 τι
2903 5197 3058 5269 δρᾷν.
3087 5198 3267 5270 Ὅπερ
3307 5199 3568 5269 ἐνέφηνεν
3603 5198 3790 5264 είπὼν,

2225 5304 2245 5336 ι
2274 5285 2399 5337 ’Ότι
2428 5286 2528 5339 ούκ
2555 5285 2670 5339 ἐστι
2697 5287 2911 5359 ποίημα
2941 5291 3036 5343 καὶ
3069 5288 3331 5360 λογισμὸς
3354 5292 3449 5345 καὶ
3471 5290 3678 5359 γνῶσις
3704 5293 3792 5346 καὶ

612 5556 902 5642 (“induti
937 5556 1017 5637 ίδέ
1043 5556 1213 5642 refert
1248 5553 1460 5640 Noster.
1492 5558 1560 5613 ad
1586 5562 1857 5642 maritalia
1895 5565 2019 5634 jura
2039 5578 2115 5642 _ct
2220 5572 2584 5640 Symmachus
2613 5572 2794 5626 locum
2822 5571 3585 5642 huncireddidit’Andkauaov
3605 5569 3785 5642 ζωῆς,

539 5626 881 5712 epnjugalem
905 5627 1228 5712 societatem
1260 5645 1272 5681 :
1312 5628 1540 5712 omnino
1571 5641 1756 5712 recte;
1787 5626 1930 5712 idem
1965 5638 2110 5692 enim
2215 5626 2279 5698 et”
2309 5626 2537 5698 Latinus
2579 5643 2853 5712 interpres
2894 5660 2907 5697 :
2954 5626 3244 5711 Perfruere
3278 5644 3387 5696 vita
3431 5658 3551 5695 cum
3594 5626 3787 5705 ἆωοὲἓ,

540 5696 785 5774 Hebraeis
811 5698 974 5774 vitam
994 5698 1188 5774 videre,
1209 5700 1483 5774 _ac_vitam
1508 5696 1750 5774 jucunde
1787 5705 2109 5774 traducere;

542 5766 1000 5892 quemadmodum
1041 5768 1173 5822 alibi
1208 5768 1439 5839 legimus
1466 5786 1478 5821 :
1511 5766 1713 5825 'Videre
1740 5790 2004 5840 somnum,
2036 5766 2112 5830 vi;

581 5854 665 5892 ere
700 5838 891 5892 bonum
920 5847 976 5892 et
1017 5836 1248 5892 similia:
1292 5839 1384 5892 ubi
1424 5839 1598 5892 videre
1625 5851 1709 5892 est
1751 5844 1882 5892 frui.
1924 5844 2110 5892 Immin.

581 5854 665 5894 ere
700 5838 891 5895 bonum
920 5847 976 5893 et
1017 5838 1384 5907 similia;’ubi
1424 5839 1598 5897 videre
1625 5851 1709 5900 est
1750 5844 1882 5899 frui.
1924 5838 2111 5918 Itaque

2216 5730 2375 5784 quam
2398 5713 2599 5784 diligis.

2288 5784 2399 5855 (42)
2426 5780 2666 5839 ΑιίΧΧ
2703 5784 2974 5840 habent...
3005 5784 3140 5838 ὅπου
3190 5782 3255 5836 σὺ
3301 5780 3513 5854 πορεύῃ
3544 5782 3679 5837 ἐκεῖ.
3744 5816 3745 5821 η
