4114 6492
309 327 445 394 1077

1324 329 1415 390 IN
1451 330 2042 394 ECCLESIASTEN.
2082 362 2148 370 -
2187 337 2336 399 LlB.
2384 339 2553 399 VIII.

3436 340 3583 419 1078

303 443 469 513 σοφία
488 443 547 492 έν
577 438 701 510 ᾄδῃ,
729 438 864 492 ὅπου
894 439 959 493 σὺ
984 439 1228 513 πορεύσῃ
1258 441 1404 495 ὲκεῖ’
1438 462 1456 494 ι
1493 444 1593 513 οὐχ
1633 443 1708 507 ὡς
1751 445 1894 497 ἁπο-

2020 445 2236 513 nferno,
2262 465 2376 519 quo
2421 461 2479 505 tu
2526 450 2690 506 vades
2725 451 2889 517 illuc;
2947 471 2971 503 ι
3029 453 3171 508 haud
3211 453 3340 523 quia
3387 457 3575 513 anima

302 535 540 605 θεμένης
563 533 659 587 καὶ
689 531 969 595 παντελῶς
996 533 1447 605 ἀποδαλλομένης
1470 538 1597 598 τοὺς
1617 536 1892 604 ἐμφύτους

303 628 606 698 λογισμοὺς
633 627 733 697 τῆς
759 627 940 698 ψυχῆς
967 628 1061 681 καὶ
1085 628 1187 700 τὴν
1210 627 1441 701 οὐσιὼδη
1463 629 1666 699 γνῶσίν
1701 647 1761 683 τε
1798 606 1893 684 καὶ

304 722 521 792 σοφίαν,
570 720 688 773 ἀλλ’
721 720 798 784 ὡς
824 720 1079 791 οὐδαμῶς
1106 720 1413 793 δυναμένης
1455 721 1593 792 μετὰ
1628 723 1727 790 τὴν
1758 723 1896 775 ἁπο-

304 815 497 869 6ίωσιν
523 815 621 884 τὴν
658 812 893 868 ἐνταῦθα
919 812 1308 883 ἐξομολόγησιν
1342 805 1617 867 ποιεῖσθαι
1651 813 1759 867 τῶν
1788 807 1894 868 ὧν·

304 925 415 978 περ
440 908 579 977 μετὰ
606 907 699 961 τοῦ
727 906 983 977 σώματος
1010 906 1430 977 ἐπλημμέλησε,
1459 906 1551 959 καὶ
1572 907 1671 976 τὴν
1694 907 1897 962 ἐπανά-

304 1000 467 1071 ληψιν
512 1001 621 1053 τῶν
670 1000 1004 1071 κρειττόνων
1049 999 1149 1052 καὶ
1201 998 1615 1069 συμφερόντων.
1666 1001 1739 1052 Τὸ
1785 999 1895 1071 γὰρ

310 1092 725 1164 συναμφότερόν
750 1093 902 1145 ἐστιν
924 1091 953 1143 ὁ
981 1090 1291 1162 ἄνθρωπος,
1318 1091 1351 1161 ἠ
1380 1088 1527 1161 ψυχὴ
1569 1090 1773 1162 δηλαδὴ
1804 1094 1896 1147 καὶ

305 1186 368 1239 τὸ
397 1185 578 1256 σῶμα,
612 1185 706 1238 καὶ
733 1185 842 1238 πᾶν
874 1182 1214 1254 κατόρθωμα
1262 1182 1359 1236 καὶ
1403 1182 1783 1255 πλημμέλημα
1810 1184 1897 1238 διὰ

305 1279 419 1332 τῶν
447 1278 775 1348 ἀμφοτέρων
816 1274 1057 1329 ἐνταῦθα
1101 1274 1430 1345 γινομένων,
1478 1276 1608 1344 παρ’
1631 1274 1896 1345 ἑκατέρου

312 1370 408 1423 καὶ
456 1369 559 1438 τὴν
608 1368 753 1420 ἴασιν
785 1365 1040 1436 δέχεσθαι
1086 1363 1326 1429 πέφυκε.
1363 1363 1484 1417 Κᾶν
1524 1362 1653 1435 δόξῃ
1710 1364 1767 1417 δέ
1812 1381 1898 1426 τις

309 1459 684 1531 προϐαλέσθαι
724 1458 823 1517 τὰς
874 1456 1095 1519 ἀσεϐεῖς
1140 1455 1238 1508 καλ¹
1268 1454 1514 1524 πονηρὰς
1545 1455 1895 1525 ἐνθυμήσεις,

306 1552 385 1616 ὼς
416 1552 505 1605 διὰ
536 1551 699 1623 μόνον
729 1548 1079 1620 ἐνεργεῖσθαι
1108 1547 1215 1600 τῶν
1234 1546 1470 1615 λογικῶν
1491 1547 1773 1617 δυνάμεων
1802 1548 1899 1616 τῆς

306 1646 513 1716 ψυχῆς,
557 1642 824 1714 μηδαμῶς
863 1640 1343 1702 ἐπικοινωνοῦντος
1371 1638 1466 1693 τοῦ
1512 1638 1782 1709 σώματος,
1823 1641 1899 1704 ὼς

313 1738 389 1809 μή
425 1754 508 1790 πω
537 1735 673 1806 πρὸς
704 1732 906 1806 πρᾶξιν
922 1730 1291 1805 ὲκὸεὸηκυίας
1314 1749 1327 1762 ·
1354 1730 1470 1784 ἀλλ’
1495 1727 1587 1785 οὖν
1613 1731 1901 1800 συνεζευγ-

314 1797 451 1899 μένη
481 1828 557 1899 τῷ
582 1797 850 1897 ’σῶματς
870 1826 959 1879 διὰ
986 1828 1086 1896 τῆς
1113 1797 1125 1805 ’
1136 1826 1257 1896 μετ’
1285 1823 1452 1877 αὐτοῦ
1482 1823 1778 1894 συναφείας
1806 1797 1900 1877 καὶ
1930 1797 1972 1851 Β

310 1921 521 1982 ταύτας
552 1919 840 1987 ὠδίνησεν.

383 2010 498 2064 Οὐκ
551 2008 700 2061 ἐστιν
727 2007 842 2071 οὖν,
876 2027 894 2059 ι
914 2008 973 2061 ὲν
1033 2004 1111 2076 τῷ
1139 2004 1238 2076 ᾅδῃ
1276 2004 1438 2074 σοφία
1464 2006 1557 2058 καὶ
1584 2005 1786 2075 γνῶσις
1808 2008 1902 2061 καὶ

310 2101 595 2172 λογισμὸς,
644 2102 779 2155 ὅπου
826 2100 891 2153 σὺ
940 2098 1183 2170 πορεύσῃ
1232 2098 1369 2163 ἐκεῖ,
1402 2119 1421 2149 ι
1470 2098 1713 2170 δηλονότι
1765 2100 1904 2171 πρὸς

314 2197 701 2269 ἐπανόρθωσιν
744 2196 840 2250 καὶ
888 2194 1195 2265 βελτίωσιν.
1250 2194 1361 2246 Καὶ
1415 2193 1505 2247 διὰ
1550 2192 1708 2247 τοῦτο
1760 2212 1927 2266 παρ--

314 2296 586 2364 εγγυᾶται
629 2292 797 2364 μηδὲν
830 2290 937 2344 τῶν
967 2288 1267 2344 λυσιτελῶν
1299 2289 1395 2343 καὶ
1423 2288 1600 2360 ψυχῆς
1624 2291 1907 2345 σωστικῶν

316 2389 377 2439 ὲν
433 2386 512 2457 τῷ
576 2386 808 2457 παρόντι
872 2384 970 2455 βίῳ
1029 2383 1408 2455 παραϐλέπειν
1468 2383 1562 2437 καὶ
1624 2386 1903 2456 παρορᾷν,

317 2476 459 2531 ἀλλά
499 2475 653 2549 πάσῃ
703 2474 929 2546 δυνάμει
972 2472 1336 2545 καρπαλίμως
1372 2474 1566 2528 ποιεῖν.
1613 2468 1748 2528 Εἶτά
1798 2492 1905 2544 φη-

322 2591 409 2627 σιν
429 2589 445 2603 ⁹

1997 538 2238 607 deponat
2276 552 2329 595 et
2374 543 2601 597 omnino
2636 552 2803 598 exuat
2842 544 3035 599 insitas
3079 546 3442 616 cogitationes
3481 557 3579 604 aut

1996 632 2369 700 cognitionem
2403 643 2458 688 et
2486 636 2814 704 sapientiam
2849 646 3059 691 naturas
3101 638 3381 707 propriam
3407 680 3422 707 ,
3478 640 3575 695 sed

1996 725 2180 793 quod,
2233 736 2525 797 postquam
2571 728 2698 784 hinc
2742 745 2772 785 e
2810 730 2920 784 vita
2959 732 3239 796 excessit,
3297 748 3406 787 non
3461 733 3577 803 jam

1995 830 2185 869 eorum
2216 832 2338 886 quae
2376 834 2503 874 cum
2544 835 2775 890 corpore
2808 820 3063 887 admisit,
3112 822 3408 878 criminum
3446 840 3581 879 con-

1996 906 2294 963 fessionem
2328 924 2587 980 peragere
2626 912 2819 981 possit,
2856 927 2957 968 nec
2976 928 3035 967 se
3064 913 3131 967 ad
3159 915 3387 970 honesta
3413 925 3579 986 atque

1997 1000 2149 1053 utilia
2176 997 2404 1055 referre.
2445 1001 2541 1056 Est
2591 1002 2738 1057 enim
2781 1003 2947 1059 homo
2990 1012 3285 1075 utrumque
3316 1008 3580 1075 conjunc-

1997 1100 2136 1154 tum,
2163 1092 2347 1146 anima
2394 1092 2606 1148 scilicet
2648 1102 2815 1163 atque
2856 1110 3096 1165 corpus,
3148 1105 3204 1151 et
3238 1113 3363 1153 cum
3417 1115 3581 1155 omne

1998 1182 2211 1238 facinus
2242 1199 2307 1240 ac
2339 1185 2539 1251 scelus,
2573 1184 2702 1239 dum
2736 1186 2825 1240 hic
2860 1186 3024 1257 226
3044 1189 3209 1242 simul
3248 1190 3474 1259 degunt,
3510 1192 3580 1247 ab

1998 1286 2231 1347 utroque
2264 1277 2359 1342 sit,
2387 1286 2681 1348 utrumque
2710 1277 2837 1333 item
2884 1280 3174 1335 sanitatem
3213 1282 3455 1351 recipere
3486 1298 3581 1340 ne-

1996 1383 2149 1424 cesse
2179 1378 2284 1424 est.
2308 1367 2425 1425 Nisi
2452 1371 2599 1440 quod
2622 1369 2963 1440 objiciendas
2982 1372 3106 1441 quis
3131 1383 3354 1428 censeat
3380 1375 3580 1446 impias
3620 1428 3627 1433 .

1998 1462 2286 1532 malasque
2319 1463 2680 1531 cegitationes
2703 1503 2716 1527 ,
2745 1464 2892 1518 velut
2931 1480 3053 1534 quae
3093 1466 3226 1520 solis
3273 1466 3474 1523 anima:
3500 1469 3580 1522 fa-

2001 1553 2294 1609 cultatibus
2370 1556 2726 1624 perficiantur
2761 1595 2777 1619 ,
2829 1556 2918 1612 cui
2964 1556 3113 1610 nulla
3177 1572 3303 1612 cum
3352 1574 3585 1629 corpore

2000 1648 2316 1703 communio
2348 1659 2460 1701 tum
2502 1648 2595 1713 sit,
2649 1650 2795 1719 quod
2846 1651 2913 1705 ad
2951 1649 3168 1706 facinus
3209 1650 3390 1720 ipsum
3443 1670 3582 1709 non-

2001 1741 2130 1795 dum
2160 1741 2486 1810 pervenerit.
2520 1740 2722 1796 Verum
2756 1744 2886 1811 quia
2917 1743 3133 1812 corpori
3160 1743 3453 1813 conjuncta
3474 1754 3581 1810 est,

2000 1848 2094 1888 eas
2135 1848 2353 1904 quoque
2400 1850 2509 1888 non
2551 1835 2670 1890 sine
2721 1835 2971 1904 ejusdem
3029 1835 3360 1891 commercio
3416 1851 3583 1908 pepe-

2000 1926 2072 1980 m
2101 1923 2235 1995 (ιδ).

2068 2016 2188 2072 Non
2216 2024 2303 2072 est
2348 2017 2514 2087 igitur
2552 2036 2570 2070 ι
2607 2017 2660 2071 in
2690 2017 2907 2073 inferno
2937 2020 3225 2088 sapientia,
3254 2031 3309 2077 et
3329 2020 3580 2086 scientia,

2000 2118 2055 2165 et
2077 2110 2355 2181 cogitatio,
2377 2124 2487 2179 quo
2508 2116 2565 2164 tu
2584 2096 2747 2165 vades
2770 2109 2921 2176 illuc,
2958 2130 2977 2164 ι
3013 2112 3065 2166 id
3082 2122 3164 2169 est
3179 2114 3245 2167 ad
3277 2113 3595 2179 correctio:

2003 2216 2125 2256 nem
2166 2209 2331 2270 atque
2360 2199 2695 2270 profectum,
2749 2216 2815 2257 ac
2852 2211 3140 2272 propterea
3193 2203 3445 2259 hortatur
3499 2213 3580 2268 ut,

2004 2309 2062 2349 re
2086 2294 2235 2349 nulla
2266 2309 2389 2364 quae
2413 2293 2564 2349 utilis
2591 2302 2645 2349 et
2670 2293 2927 2349 salutaris
2956 2295 3152 2350 animae
3183 2295 3255 2351 sit
3275 2336 3290 2359 ,
3341 2297 3472 2351 dum
3504 2297 3585 2351 vi-

2006 2387 2205 2451 vimus,
2240 2386 2488 2458 neglecta
2521 2396 2615 2441 aut
2652 2396 2992 2457 contempta,
3025 2387 3159 2442 illud
3188 2400 3402 2444 mature
3419 2397 3583 2460 atque

2002 2478 2152 2534 omni
2181 2480 2530 2535 contentione
2561 2494 2873 2551 urgeamus.
2913 2480 3076 2537 Addit
3100 2481 3331 2538 deinde:

1894 2708 2034 2773 §IX.

408 2846 807 2915 Ἐπέστρεψα,
843 2848 945 2903 καὶ
988 2844 1154 2904 εἶδον
1188 2848 1305 2903 ὑπὸ
1343 2849 1451 2902 τὸν
1488 2848 1685 2915 ἥλιον,
1719 2850 1808 2904 ὅτι
1833 2851 1904 2905 οὐ

322 2940 454 3005 τοῖς
493 2942 742 3009 κούφοις
780 2943 813 2995 ό
846 2940 1089 3011 δρόμος,
1129 2940 1228 2994 καί
1279 2941 1351 2994 οὺ
1393 2941 1516 3007 τοῖς
1544 2940 1822 3008 δυνατοῖς
1873 2945 1905 2996 ό

323 3036 613 3101 πόλεμος.
645 3034 747 3087 καί
772 3050 840 3102 τε
873 3036 947 3088 οὐ
985 3033 1066 3099 τῷ
1105 3030 1277 3103 σοφῷ
1316 3036 1349 3087 ό
1375 3032 1552 3102 ἄρτος
1572 3050 1587 3065 ³
1617 3036 1718 3088 καί
1739 3053 1805 3105 γε
1833 3037 1905 3091 οὐ

2086 2850 2253 2908 Vens.
2297 2852 2685 2929 12.‘Converti
2728 2870 2843 2918 me,
2881 2862 2933 2907 et
2967 2853 3075 2907 vidi
3110 2852 3204 2906 sub
3263 2853 3405 2918 sole,
3455 2870 3588 2922 quo-

2014 2945 2159 2998 niam
2189 2962 2293 2999 nou
2319 2957 2397 3002 est
2423 2946 2684 3001 velocibus
2710 2962 2920 3008 cursus,
2968 2962 3063 2999 nec
3105 2946 3404 3015 potentibus
3448 2962 3590 3017 pree-

2012 3040 2167 3103 lium,
2203 3056 2295 3095 nec
2322 3040 2533 3110 quidem
2558 3039 2783 3109 sapienti
2806 3039 2961 3108 panis
2985 3080 2999 3105 ,
3029 3056 3120 3093 nec
3152 3039 3363 3110 quidem
3391 3039 3590 3094 intelli—

324 3125 453 3191 τοῖς
474 3124 755 3193 συνετρῖς
774 3124 1060 3192 πλοῦτος,
1093 3126 1193 3179 καί
1223 3144 1290 3194 γε
1319 3127 1392 3179 οὐ
1423 3126 1547 3192 τοῖς
1580 3126 1905 3196 γινώσκου-

2013 3134 2251 3203 gentibus
2278 3133 2497 3196 divitiw,
2530 3149 2622 3186 nec
2654 3132 2867 3202 quidem
2897 3132 3185 3187 scientibus
3237 3132 3435 3202 gratia,
3460 3148 3591 3200 quo-

324 3235 393 3272 σι
429 3217 601 3286 χάρις
624 3234 637 3248 ο
680 3218 768 3271 ὅτι
797 3218 1006 3287 καιρὸς
1042 3218 1141 3272 καὶ
1173 3218 1498 3289 ἀπάντημα
1524 3218 1903 3288 συναντήσε-

328 3327 427 3363 ται
451 3309 573 3377 τοῖς
597 3309 787 3365 πᾶσιν
807 3311 1035 3376 αὐτοῖς.
1059 3312 1186 3366 Ὀτι
1222 3313 1333 3365 οὐκ
1357 3301 1521 3381 ’ἔγνω
1544 3314 1576 3366 ὁ
1599 3312 1910 3381 ἅνθρωπος

326 3398 438 3452 τὸν
464 3399 672 3467 καιρὸν
704 3401 910 3456 αὑτοῦ.
955 3401 1053 3466 Ὠς
1085 3404 1139 3456 ol
1178 3402 1381 3470 ἰχθύες
1431 3405 1488 3457 οἱ
1525 3406 1911 3472 θηρευόμενοι

326 3493 400 3545 ἐν
426 3493 856 3562 ἀμφιϐλήστρῳ
886 3493 1071 3559 κακῷ,
1109 3495 1207 3548 καὶ
1247 3496 1330 3560 ὡς
1355 3494 1534 3563 ὄρνεα
1566 3496 1639 3550 τὰ
1663 3498 1913 3565 θηρευό-

325 3604 481 3656 μενα
525 3588 594 3639 ἐν
630 3587 857 3655 uarios,
889 3587 970 3654 ὠς
1009 3588 1170 3654 ,αὐτὰ
1222 3588 1646 3658 παγιδεύονται
1692 3592 1749 3643 ol
1794 3589 1913 3643 υἱοὶ

329 3679 439 3733 τοῦ
486 3680 803 3747 ἀνθρώπου
856 3680 928 3734 ἐν
956 3680 1139 3750 καιρῷ
1173 3679 1437 3749 πονηρῷ,
1471 3681 1619 3737 ὅταν
1652 3681 1915 3754 ἐπιπέσῃ

330 3772 427 3825 ἐπ’
453 3773 675 3839 αὐτοὺς
705 3773 895 3841 ἄφνω.

403 3864 575 3917 Πόθεν
599 3863 923 3934 ἐπιπρέψαι
946 3863 1110 3935 φησίν
1129 3864 1249 3931 ςἘκ
1266 3863 1377 3918 τῶν
1403 3864 1916 3936 περιστοιχιζουσῶν

332 3957 502 4012 αὐτὸν
534 3957 833 4027 φροντίδων
859 3957 956 4010 καὶ
983 3956 1264 4029 μεριμνῶν
1297 3957 1509 4010 πολλῶν
1538 3958 1635 4010 καὶ⁸
1666 3958 1920 4011 παντοδα-

336 4052 477 4116 πῶν,
506 4051 580 4114 ὠς
610 4050 837 4121 βασιλέα
866 4051 960 4104 καὶ
982 4051 1175 4121 κριτὴν
1206 4052 1303 4105 καὶ
1327 4049 1671 4120 κυϐερνήτην
1696 4048 1799 4119 τῆς
1830 4052 1920 4117 ἐγ-

2011 3226 2157 3278 niam
2180 3234 2378 3293 tempus
2417 3235 2466 3278 et
2494 3233 2704 3278 eventus
2733 3232 2971 3277 occurret
3002 3223 3245 3276 omnibus
3279 3222 3412 3276 illis.
3445 3221 3591 3287 Quia

2013 3318 2175 3372 nescit
2206 3318 2358 3370 homo
2391 3326 2593 3385 tempus
2633 3332 2807 3371 suum.
2851 3316 3020 3381 Quasi
3054 3316 3248 3385 pisces,
3284 3316 3375 3385 qui
3410 3325 3591 3369 tenen-

2015 3420 2103 3463 tur
2131 3410 2186 3463 in
2217 3409 2474 3463 retiaculo
2500 3408 2663 3472 malo,
2684 3417 2734 3461 et
2778 3408 2914 3461 sicut
2946 3408 3199 3473 volucres,
3236 3424 3353 3476 qua:
3378 3408 3590 3474 capiun-

2015 3512 2102 3555 lur
2154 3503 2211 3555 in
2251 3502 2479 3572 laqueo:
2511 3501 2646 3555 sicut
2698 3517 2761 3554 ea
2805 3499 3172 3569 illaqueantur
3219 3499 3320 3569 ﬁlii
3366 3499 3594 3552 hominis

2016 3595 2070 3647 in
2125 3603 2353 3662 tempore
2405 3592 2547 3646 malo
2577 3635 2593 3660 ,
2654 3607 2774 3645 cum
2808 3591 3055 3645 ceciderit
3095 3606 3253 3658 super
3298 3591 3451 3661 lipsos
3512 3607 3594 3644 su-

2018 3682 2125 3737 bito
2159 3682 2296 3753 (ιι),

2090 3861 2246 3917 Unde
2284 3862 2501 3917 tandem
2531 3875 2590 3916 se
2618 3875 2941 3915 conversum
2985 3859 3102 3912 ait?
3126 3857 3171 3910 Α
3192 3857 3344 3912 curis
3380 3871 3605 3928 nempe,

2020 3957 2221 4027 quibus
2264 3955 2668 4023 circumseptus
2702 3962 2857 4017 erat,
2898 3951 3243 4021 negotiisque
3296 3950 3487 4005 multis
3533 3967 3601 4006 ac

2020 4049 2226 4113 variis;
2269 4047 2467 4117 quippe
2493 4046 2587 4116 qui
2612 4060 2707 4098 rex
2744 4056 2798 4098 et
2831 4042 2997 4113 judex
3040 4052 3095 4097 et
3127 4049 3310 4096 rector
3337 4042 3599 4096 creditam

335 4142 765 4215 κεχειρισμένης
813 4142 966 4213 αὐτῷ
1024 4142 1210 4196 θεόθεν
1267 4140 1510 4212 μεγάλης
1555 4140 1783 4203 ὁλκάδος
1823 4140 1914 4193 τοῦ

2024 4142 2129 4198 sibi
2170 4140 2437 4197 divinitus
2477 4137 2729 4192 immensi
2780 4134 3153 4191 lsraelitarum
3191 4133 3380 4204 populi
3416 4135 3600 4188 navim

336 4234 745 4305 δυσαριθμήτου
778 4234 1019 4309 πλήθους
1044 4234 1152 4287 τῶν
1196 4232 1575 4304 Ἰσραηλιτῶν.
1612 4233 1777 4295 Είκδς
1812 4232 1914 4305 γὰρ

2026 4233 2437 4290 moderabatur.
2474 4229 2611 4284 Eum
2642 4228 2788 4283 enim
2834 4225 3217 4281 oborientibus
3261 4223 3421 4294 regia:
3475 4240 3603 4293 pro-

334 4323 405 4397 ἦν
447 4326 599 4396 αὐτῷ
644 4328 767 4390 ταῖς
796 4326 1205 4396 ἀναφυομέναις
1237 4324 1593 4395 ἀσχολεῖσθαι
1623 4324 1914 4394 διοικήσεσι

2025 4328 2278 4383 videmiae
2300 4325 2449 4380 curis
2478 4321 2726 4378 distineri
2753 4319 3058 4390 oportebat.
3090 4316 3228 4372 Hine
3262 4316 3429 4387 igitur
3473 4333 3605 4371 con-

334 4421 439 4491 τῆς
470 4419 759 4490 βασιλικῆς
802 4419 1166 4491 προμηθείας.
1207 4418 1490 4478 Ἐντεῦθεν
1536 4413 1629 4473 οὖν
1667 4418 1923 4491 ἐπιστρέ-

2027 4437 2240 4486 versus,
2278 4418 2479 4489 inquit,
2528 4416 2645 4471 sive
2691 4412 3046 4485 praesentium
3103 4420 3268 4482 atque
3310 4425 3607 4467 oecurren-

336 4514 470 4582 ψας,
502 4512 688 4583 φησιν,
718 4514 838 4566 ἀντὶ
860 4512 1377 4583 τοῦ,προκειμένων
1403 4512 1497 4565 καὶ
1523 4510 1914 4582 προσϐλεπομέι

2030 4514 2167 4569 tium
2196 4527 2377 4567 rerum
2416 4507 2777 4578 occupatione
2806 4504 3140 4576 posthabita,
3183 4503 3253 4559 ad
3288 4503 3367 4559 rei
3400 4519 3607 4575 propo-

339 4622 451 4659 νων
483 4604 830 4675 πραγμάτων
857 4605 957 4677 τὴν
988 4605 1246 4675 ἀσχολίαν
1279 4604 1617 4668 καταλιπὼν,
1642 4604 1926 4657 ἁνθείλκυ-

342 4714 413 4750 σα
475 4696 612 4767 πρὸς
666 4694 765 4767 τὴν
812 4696 1184 4767 προκειμένην
1229 4695 1463 4766 θεωρίαν
1506 4695 1599 4749 τὸν
1640 4695 1786 4759 νοῦν,
1831 4693 1928 4747 καὶ

342 4784 507 4850 εἶδον,
528 4786 771 4857 δηλονότι
800 4788 916 4849 τοῖς
947 4788 1151 4855 νοεροῖς
1181 4785 1501 4854 ὀφθαλμοῖς,
1519 4784 1595 4848 ὡς
1622 4784 1741 4854 οὐχὶ
1768 4784 1873 4845 πᾶς
1901 4785 1929 4836 ὁ

343 4878 630 4950 χρώμενος
676 4878 984 4941 ὼκυτάτοις
1016 4879 1165 4944 ποσὶ,
1198 4879 1295 4931 καὶ
1346 4879 1481 4949 πρὸς
1529 4879 1779 4931 σύντονον
1834 4876 1929 4928 καὶ

344 4973 695 5042 κουφοτάτην
716 4973 944 5042 πορείαν
966 4969 1108 5039 ἄγαν
1141 4970 1355 5041 εὐφυῶς
1379 4971 1536 5039 ἒχων,
1569 4969 1669 5039 τῆς
1690 4968 1844 5037 νίκης
1869 4967 1931 5021 τὸ

348 5065 606 5139 βραδεῖον
666 5064 961 5134 ἀπείληφε.
1016 5063 1286 5127 Πολλάκις
1340 5063 1449 5135 γὰρ
1511 5059 1929 5131 διολισθήσαςῆ

347 5155 764 5226 συμποδισθεὶς,
827 5155 1008 5225 ἥττων
1072 5153 1363 5225 ἀπεφάνθη
1433 5152 1541 5207 τῶν
1597 5139 1930 5207 ἀντιπάλων.

361 5248 506 5301 Ἀλλ’
549 5248 671 5301 οὐδὲ
706 5248 819 5310 τοῖς
850 5246 1258 5316 ἀλκιμωτάτοις
1297 5248 1325 5299 ό
1364 5244 1601 5314 πόλεμος
1634 5242 1933 5315 κατορθοῦ-

351 5339 482 5393 σθαί
519 5356 635 5403 πως
669 5339 917 5407 πέφυκεο
962 5339 1056 5392 καὶ
1090 5338 1190 5409 τὴν
1230 5337 1371 5391 κατὰ
1404 5336 1512 5390 τῶν
1541 5336 1799 5390 ἐναντίων
1840 5334 1934 5386 καὶ

348 5431 631 5501 πολεμίων
653 5432 687 5502 ὴ
714 5429 919 5501 φυσικὴ
946 5429 1233 5484 δυναστεία
1257 5429 1609 5500 ἐπικράτειαν
1641 5426 1937 5500 προεξένη-

426 5587 539 5651 (43)
593 5584 1045 5639 Ἐπανατέλλουσι
1078 5583 1208 5654 γὰρ,
1235 5583 1414 5654 inquit
1436 5581 1671 5654 Basilius
1700 5581 1776 5651 (in
1796 5581 1933 5654 psal.

353 5675 395 5717 ι.
426 5658 501 5724 1),
526 5657 779 5727 λογισμοὶ
811 5657 1040 5727 πονηροὶ
1087 5651 1168 5708 ἐκ
1194 5651 1327 5727 τῶν’
1358 5652 1546 5727 παθῶν
1596 5653 1715 5727 τῆς*
1734 5651 1937 5727 σαρκὸς

352 5721 473 5790 ταῖς
529 5721 730 5797 ψυχαῖς
781 5721 1385 5797 ἡμῶν”ὲντικτόμενοι.
1434 5723 1487 5797 Id
1518 5732 1641 5797 est:
1678 5721 1937 5797 Oriuutur

352 5800 493 5856 enim
517 5793 695 5867 praua:
739 5793 1091 5867 cogitationes
1118 5813 1144 5852 e
1191 5793 1369 5851 carnis
1400 5794 1705 5863 aﬂ'ectibus,
1741 5802 1786 5846 et
1820 5793 1937 5846 aui-

2029 4608 2149 4662 sita:
2177 4602 2699 4669 contemplationem
2761 4598 3005 4653 animum
3061 4596 3307 4661 adduxi,
3376 4612 3441 4656 ac
3472 4596 3604 4662 vidi,

2029 4699 2229 4754 mentis
2254 4697 2443 4766 utique
2473 4693 2669 4758 oculis,
2702 4707 2810 4746 non
2840 4706 3291 4761 unumquemque
3316 4729 3331 4753 ,
3392 4689 3479 4744 cui
3518 4703 3608 4743 ve-

2031 4792 2297 4849 locissimi
2323 4791 2433 4846 sint
2458 4789 2649 4859 pedes,
2679 4794 2733 4841 et
2774 4785 2994 4839 habitus
3028 4783 3277 4853 corporis
3327 4783 3394 4836 ad
3430 4780 3608 4835 conci-

2031 4895 2204 4941 tatum
2253 4883 2644 4953 perniccmque
2695 4892 2918 4935 cursum
2966 4876 3325 4944 aptissimus,
3366 4872 3610 4927 victoria:

2032 4982 2217 5035 laurea
2246 4977 2447 5048 potiri;
2476 4991 2619 5045 saepe
2645 4974 2791 5029 enim
2830 4971 3119 5041 prolapsus
3155 4977 3247 5022 aut
3293 4966 3606 5036 impeditus,

2034 5073 2195 5144 227
2220 5071 2446 5126 inferior
2480 5064 2810 5122 adversariis
2846 5071 2929 5117 est
2963 5060 3357 5125 renuntiatus;
3391 5059 3522 5127 quin
3558 5067 3614 5112 et

2036 5161 2438 5221 robustissimis
2466 5159 2776 5229 quibusque
2800 5169 2908 5208 non
2945 5167 3160 5222 semper
3190 5151 3392 5205 bellum
3420 5165 3612 5205 succe-

2036 5257 2165 5313 dere
2195 5271 2225 5310 e
2254 5249 2560 5314 sententia;
2604 5261 2704 5300 nec
2736 5254 2948 5298 naturae
2984 5242 3151 5305 vires,
3183 5240 3333 5295 vel‘si
3368 5240 3613 5309 superio-

2038 5366 2127 5405 res
2164 5354 2369 5409 essent,
2402 5349 2593 5397 contra
2647 5339 2832 5392 hostes
2881 5341 3183 5405 pugnantes
3237 5347 3450 5401 semper
3516 5346 3613 5385 V3.-

2038 5444 2226 5499 luisse.
2255 5434 2565 5508 Aliquando
2593 5431 2739 5487 enim
2773 5436 3022 5500 potentes
3060 5426 3129 5481 ab
3158 5423 3611 5481 imbecillioribus

2039 5579 2139 5632 mis
2178 5573 2373 5627 nostris
2412 5570 2811 5638 ingenerantur.

2254 5625 2693 5717 Olympiyzxal
2714 5650 2777 5702 γε
2803 5630 2863 5717 οὐ
2924 5631 3039 5717 τοῖς
3072 5625 3612 5717 σοφοῖςΛό-άρτοςῗς.

2039 5696 2743 5782 ὡςκαίῦτῷςυποὶγιδεύονταὶ
2794 5704 2848 5782 οῖ
2896 5702 3005 5782 υἱοὶ
3031 5696 3163 5782 ,τοιῖἶ
3195 5696 3490 5782 ανθρώπου
3540 5698 3619 5761 τις

2043 5769 2232 5861 καιρὸν
2264 5769 2517 5854 πονηρόν,
2548 5780 2677 5835 ὅταν
2706 5772 2935 5847 ἐμπέσῃ
2956 5772 3045 5826 ἐπ’
3070 5770 3270 5834 αὐτοὺς
3303 5769 3481 5839 άφνω.
