4114 6538
547 343 693 410 1079

1648 348 1707 407 s.
1750 342 2126 405 011151301111
2177 310 2685 402 AGRIGENTINI

3670 335 3813 400 1080

541 476 707 532 atque
749 463 1134 517 humilioribus
1161 463 1288 517 victi
1327 462 1677 532 superatique
1720 471 1883 524 sunt;
1928 475 2119 529 quem-

2234 473 2333 511 τεν.
2374 456 2575 510 Ἐνίοτε
2606 455 2713 523 γάρ
2746 454 2852 507 ὑπὸ
2872 451 2984 507 τῶν
3010 452 3417 524 ἀσθενεστέρων
3439 460 3535 508 καί
3556 470 3814 509 ταπεινο·

544 555 840 608 admodum
889 552 1055 606 David
1114 568 1248 622 puer
1302 562 1572 615 testatur,
1619 553 1712 621 qui
1755 554 1824 605 de
1870 550 2121 603 Guliathe

542 646 760 714 gigante
814 644 1209 712 triumphavit:
1250 662 1268 694 1
1325 642 1442 696 Non
1498 644 1644 697 enim
1688 644 1740 697 in
1801 644 2121 697 fortitudine

540 734 666 804 equi
694 733 1027 788 voluntatem
1063 733 1306 795 habebit,
1340 749 1440 787 nec
1470 734 1523 787 in
1555 733 1701 788 tibiis
1726 734 1827 786 viri
1874 733 2124 801 benepla-

543 827 714 881 citum
740 835 825 880 est
848 824 937 890 ei;
975 824 1070 880 sed
1113 824 1515 894 beneplacitum
1556 834 1640 879 est
1686 823 1917 877 Domino
1956 838 2123 891 super

543 918 802 972 timentes
833 932 983 980 eum,
1020 925 1076 971 et
1104 916 1157 970 in
1182 918 1285 979 eis,
1311 918 1407 986 qui
1441 926 1673 985 ,sperant
1717 931 1882 985 super
1909 913 2125 970 miseri-

543 1012 731 1068 cordia
759 1012 878 1082 ejus
904 1011 1105 1083 (44*),1
1141 1019 1201 1065 ut
1232 1011 1347 1080 ipse
1375 1009 1543 1063 David
1573 1025 1673 1064 nos
1704 1009 1910 1064 docuit.

615 1188 757 1256 Quid
794 1202 923 1241 vero
950 1185 1018 1240 de
1052 1186 1326 1241 alimentis
1376 1185 1505 1255 quis
1539 1186 1778 1250 dixerit,
1821 1201 1944 1255 qua:
1989 1200 2127 1255 quo-

542 1282 677 1337 tidie
711 1292 923 1335 naturae
949 1280 1242 1343 debentur,
1268 1279 1335 1333 de
1355 1294 1496 1348 pane
1532 1280 1743 1333 scilicet
1770 1295 1836 1333 ac
1872 1280 1924 1333 id
1951 1295 2126 1349 genus

544 1373 958 1430 cateris?Num
987 1374 1167 1428 doctis
1196 1380 1251 1427 et
1277 1373 1619 1442 sapientibus
1646 1374 1769 1442 plus
1802 1373 2124 1427 attributum

544 1477 652 1531 est,
700 1483 865 1537 quam
912 1468 980 1520 iis
1018 1466 1112 1535 qui
1166 1482 1197 1521 e
1253 1466 1535 1521 contrario
1588 1466 1855 1535 sapientia
1901 1466 2128 1521 carent?

544 1559 709 1629 Atqui
735 1558 1085 1615 manifestum
1117 1569 1220 1620 est,
1255 1558 1570 1612 aratoribus
1600 1566 1653 1611 et
1689 1557 1945 1624 nauticis,
1980 1558 2126 1627 apud

546 1668 690 1724 quos
712 1668 781 1707 ne
807 1652 1049 1722 suspicio
1100 1652 1320 1722 quidem
1376 1652 1486 1705 ulla
1528 1651 1811 1721 sapientiae
1831 1659 1913 1705 est
1945 1690 1960 1714 ,
2030 1665 2127 1704 nec

548 1760 747 1816 panem
786 1744 1031 1800 defuisse
1075 1759 1175 1799 nec
1215 1754 1538 1798 cacterorum
1582 1744 1919 1812 quidquam,
1975 1744 2125 1811 quod

548 1815 758 1891 alenda:
786 1837 910 1891 vitae
941 1836 1076 1892 satis
1100 1845 1246 1890 esset
1271 1854 1286 1888 :
1310 1835 1769 1905 quemadmodum
1804 1844 1859 1889 et
1899 1836 2123 1905 reliquis
2161 1815 2204 1870 Β

548 1929 645 1999 qui
675 1930 740 1984 ad
772 1930 978 1983 nullum
1015 1929 1257 1983 scientia:
1279 1928 1507 1999 gradum
1538 1928 1936 1997 pervenissent,
1966 1943 2127 1983 secus

549 2032 714 2092 atque
738 2022 1101 2091 sapientibus,
1142 2021 1349 2076 divitiae
1388 2037 1530 2092 saepe
1564 2021 1935 2092 contigerunt.
1971 2021 2123 2091 lnge-

529 2115 692 2187 ‘uiosi
718 2115 863 2169 enim
905 2115 1007 2168 viri
1034 2125 1198 2184 atque
1241 2113 1552 2184 sapientes,
1585 2130 1711 2169 cum
1750 2116 1922 2168 otium
1963 2130 2125 2170 suum

549 2207 621 2261 ad
686 2206 1011 2287 sublimiora
1074 2221 1139 2261 ac
1192 2206 1572 2274 praestantiora
1627 2204 1913 2261 conferant
1948 2244 1964 2268 ,
2040 2206 2129 2260 his

546 2299 877 2371 quandoque
914 2299 1213 2370 posthabiti
1241 2299 1409 2353 etiam
1441 2308 1591 2363 sunt,
1623 2306 1684 2352 ut
1729 2297 1794 2353 ad
1829 2299 2046 2353 rudium
2074 2307 2129 2353 et

548 2395 893 2451 indoctorum
952 2410 1153 2451 manus
1202 2394 1376 2449 hianti
1428 2409 1525 2449 ore
1571 2393 1891 2462 respiciant.
1938 2391 2129 2462 Neque

548 2488 695 2541 enim
728 2487 822 2558 qui
850 2486 1159 2542 divinarum
1205 2488 1685 2557 humanarumque
1715 2502 1899 2541 rerum
1940 2487 2130 2557 cogni-

476 2628 493 2647 ,
549 2580 703 2633 tione
729 2586 1009 2648 praastant,
1030 2593 1221 2633 eorum
1254 2594 1469 2647 semper
1495 2593 1525 2632 a
1550 2578 1797 2648 dynastis
1824 2594 1887 2634 ac
1907 2580 2128 2649 regibus

550 2666 691 2720 ratio
720 2667 971 2722 habetur.
992 2665 1126 2721 Nam
1152 2668 1207 2722 hi
1232 2669 1558 2739 plerumque
1580 2669 1979 2738 imperitiorum
2014 2685 2129 2723 mo-

550 2760 705 2815 ribus
737 2770 793 2815 et
827 2762 1175 2841 sermonibus
1212 2762 1451 2831 gaudent
1478 2778 1542 2817 ac
1566 2763 1934 2829 delectantur,
1970 2778 2129 2818 cum-

550 2866 660 2922 que
683 2851 770 2907 bis
793 2860 1006 2923 tempus
1037 2860 1242 2907 terunt.
1272 2853 1393 2908 .lam
1428 2868 1558 2908 vero
1585 2868 1685 2908 cur
1707 2855 1822 2910 haec
1843 2863 1896 2908 et
1924 2870 2032 2923 qua
2061 2855 2129 2911 de

550 2944 757 3000 causa?
801 2963 820 2997 1
866 2943 1139 3011 Quoniam
1203 2955 1460 3017 tempus,
1511 2947 1741 3018 inquit,
1793 2959 1849 3003 et
1899 2960 2131 3006 eventus

550 3047 804 3093 occurret
824 3039 1080 3095 omnibus
1116 3039 1248 3104 illis,
1283 3059 1302 3093 ι
1338 3050 1555 3110 tempus
1579 3050 1633 3094 et
1659 3052 1911 3098 eventum
1945 3046 2133 3114 appel-

2223 551 2399 615 τέρων
2444 551 2493 603 οί
2535 549 2753 602 δυνατοὶ
2788 545 3338 616 καταπολεμηθέντες
3365 548 3460 600 καὶ
3491 546 3816 615 νικηθέντες

2224 641 2532 712 εὑρέθησαν
2553 658 2566 672 ·
2600 642 2674 704 ὡς
2706 641 2977 711 μαρτυρεῖ
3020 638 3183 691 Δαϐὶδ
3230 641 3258 693 6
3292 642 3423 702 παῖς
3454 640 3545 692 τὸν
3573 638 3815 708 γίγαντα

2225 733 2419 786 Γολιάθ
2446 733 2892 803 τροπωσάμενος.
2935 749 2954 783 1
2985 730 3058 783 ού
3085 731 3195 800 γὰρ
3223 731 3281 783 ἐν
3309 732 3373 800 τῇ
3396 731 3689 801 δυναστείᾳ
3712 729 3812 784 τοῦ

2228 824 2397 877 ἵππου
2422 822 2661 892 θελήσει,
2697 821 2819 873 οὐδὲ
2854 822 2915 873 ἐν
2940 814 3067 883 ταῖς
3096 820 3340 889 κνήμαις
3366 818 3461 873 τοῦ
3484 820 3682 889 ἀνδρὸς
3718 822 3813 874 εύ-

2224 917 2391 979 δοκεῖ,
2421 915 2539 967 ἀλλ⁹
2576 914 2789 967 εὐδοκεῖ
2841 911 3047 982 Κύριος
3084 913 3143 964 ἐν
3168 914 3283 975 τοῖς
3319 912 3681 982 φοϐουμένοις
3715 913 3816 965 αὑ·-

2224 1009 2337 1068 τδν.
2366 1008 2460 1061 καὶ
2488 1008 2547 1060 ἐν
2569 1008 2682 1068 τοῖς
2708 1006 3025 1069 ἐλπίζουσιν
3051 1004 3144 1058 ἐπὶ
3166 1004 3227 1057 τὺ
3256 1005 3405 1069 ἔλεος
3430 1003 3621 1069 αὑτοῦ,
3655 1023 3675 1057 ι
3710 1023 3815 1058 κα-

2228 1100 2337 1164 θὼς
2369 1099 2529 1163 αὐτὸς
2553 1098 2727 1161 οὕτως
2761 1097 2916 1169 φησί.

2296 1194 2361 1246 Τί
2398 1193 2451 1246 δέ
2492 1209 2577 1254 τις
2608 1192 2741 1262 φαίη
2778 1192 2907 1260 περὶ
2944 1190 3054 1243 τῶν
3082 1190 3167 1259 ἐφ’
3190 1190 3427 1261 ἑκάστης
3458 1191 3675 1261 ἡμέρας
3717 1209 3815 1244 κε-

2226 1302 2475 1356 χρεωστη
2486 1285 2664 1354 μένων
2694 1286 2760 1353 τῇ
2794 1283 2954 1352 φύσει
2978 1283 3216 1354 τροφῶν,
3245 1284 3414 1354 ἄρτου
3443 1284 3691 1352 δηλονότι
3718 1283 3814 1337 καὶ

2227 1376 2335 1429 τῶν
2369 1374 2806 1445 παραπλησίων;
2864 1369 3013 1445 Ἀρά
3051 1392 3115 1442 γε
3163 1375 3277 1437 τοῖς
3326 1374 3671 1442 πολυμαθέσι
3719 1374 3814 1427 καὶ

2228 1469 2416 1537 σοφοῖς
2458 1467 2948 1543 ἀποκεκλῄρωνται
3002 1466 3223 1537 μᾶλλον,
3257 1466 3289 1537 ἢ
3331 1466 3394 1518 τὸ
3432 1466 3675 1536 ἔμπαλιν
3703 1470 3815 1530 τοῖς

2231 1561 2455 1629 ἀσόφοις
2479 1575 2494 1620 ς
2522 1558 3009 1629 Ἀλλέῐδηλον,ὼς
3030 1561 3143 1622 τοῖς
3170 1558 3392 1627 ἀρόταις
3414 1559 3508 1611 καὶ
3534 1558 3795 1612 ναυτιλλο

2233 1653 2416 1723 μένοις
2449 1652 2546 1705 καὶ
2571 1651 2843 1721 μηδεμίαν
2874 1650 3068 1718 σοφίας
3097 1650 3367 1720 ὑπόληψιν
3391 1650 3628 1721 ἔχουσιν,
3652 1653 3680 1703 6
3710 1652 3815 1719 ἀρ-

2228 1762 2321 1809 τος
2356 1745 2585 1816 εὓρηται
2615 1744 2711 1799 καὶ
2737 1743 2847 1798 τῶν
2877 1744 3053 1799 ἄλλων
3084 1745 3317 1798 ἕκαστον
3346 1744 3448 1815 τῆς
3476 1745 3817 1816 αὐταρκείας

2229 1839 2409 1893 εἰδῶν.
2433 1839 2645 1909 Ὠσπερ
2683 1838 2777 1891 καὶ
2811 1840 2925 1901 τοῖς
2973 1838 3031 1890 ἐν
3071 1836 3298 1909 οὐδεμιᾷ
3343 1838 3614 1901 συνέσεως
3641 1856 3780 1892 κατα

2230 1931 2420 1985 στάσει
2452 1930 2744 1991 συνέσεως.
2774 1929 2891 1982 ἀλλ’
2918 1928 3041 1997 οὐχὶ
3065 1931 3179 1990 τοῖς
3211 1930 3476 1992 συνετοῖς,
3509 1928 3816 2000 καθορᾶται

2228 2023 2492 2087 πολλάκις
2535 2023 2563 2074 6
2599 2022 2851 2084 πλοῦτος.
2887 2022 2949 2075 Οί
2980 2022 3090 2092 γάρ
3118 2022 3271 2089 σοφοὶ
3310 2021 3406 2075 καὶ
3442 2022 3654 2076 συνετοὶ
3686 2039 3818 2091 σχο⁴

2226 2116 2327 2187 λὴν
2361 2117 2585 2184 ἄγοντες
2615 2116 2673 2168 ἐν
2702 2118 2815 2177 τοῖς
2844 2114 3382 2185 πνευματικωτέροις
3426 2115 3521 2168 καὶ
3562 2115 3817 2184 κρείττο-

2230 2225 2337 2274 σιν,
2365 2207 2537 2260 ἐνίοτε
2568 2206 2665 2260 καὶ
2702 2205 3140 2277 καθυστέρηνται
3162 2205 3392 2267 τούτων,
3424 2206 3522 2259 καὶ
3548 2204 3687 2275 πρὸς
3711 2205 3817 2269 τὰς

2227 2300 2337 2355 τῶν
2360 2299 2580 2369 ἀσόφων
2599 2299 2694 2353 καὶ
2720 2298 3000 2353 ἀσυνέτων
3022 2296 3400 2353 ἀποϐλέπουσι
3426 2298 3523 2350 καὶ
3549 2298 3817 2368 rapinas

2229 2396 2437 2465 χεῖρας.
2477 2391 2638 2445 Ἀλλά
2664 2390 2774 2462 γὰρ
2797 2390 2921 2444 οὐδὲ
2948 2393 3066 2454 τοῖς
3096 2390 3298 2460 γνῶσιν
3328 2389 3514 2461 ἔχουσι
3538 2389 3698 2442 θείων
3718 2390 3819 2443 καὶ

2229 2483 2587 2555 ἀνθρωπίνων
2622 2484 2992 2555 πραγμάτων,
3026 2482 3229 2536 δίδοται
3263 2483 3426 2553 χάρις
3470 2481 3533 2547 ἐξ
3572 2482 3818 2544 ἅπαντος

2230 2574 2385 2646 παρὰ
2412 2574 2521 2627 τῶν
2541 2573 2821 2627 δυναστῶν
2844 2573 2877 2643 ἢ
2908 2574 3005 2627 καὶ
3029 2573 3293 2643 βασιλέων
3321 2573 3421 2643 τῆς
3447 2573 3573 2643 γῆς.
3604 2572 3819 2642 Εὕρην-

2229 2685 2320 2721 ται
2344 2666 2456 2739 γὰρ
2484 2666 2559 2730 ὡς
2591 2667 2684 2720 ἐπὶ
2711 2666 2847 2719 πολὺ
2893 2667 3009 2730 τοῖς
3058 2664 3168 2718 τῶν
3216 2664 3613 2735 ἀμαθεστέρων
3657 2664 3817 2733 ἤθεσι

2230 2762 2325 2814 καὶ
2353 2760 2536 2829 λόγοις
2583 2758 2898 2830 ἐνηδόμενοι
2926 2759 3019 2812 καὶ
3048 2758 3546 2828 κατατερπόμενοι,
3588 2756 3686 2809 καὶ
3715 2758 3817 2809 σὺν

2231 2853 2420 2915 αὐτοῖς
2466 2849 2783 2921 ποιούμενοι
2837 2850 2938 2913 τὰς
2992 2850 3296 2922 διατριϐάς.
3331 2850 3398 2903 Τί
3432 2850 3496 2920 δή
3538 2867 3670 2903 ποτε
3719 2852 3819 2903 καὶ

2231 2942 2357 2996 δτου
2386 2942 2585 3013 χάριν;
2619 2960 2637 2993 ι
2671 2939 3025 3012 ⁸⁸οτικαιρὸς,
3044 2941 3203 3011 φησὶ,
3230 2941 3328 2995 καὶ
3358 2942 3661 3012 ἀπάντμπα
3687 2959 3819 2996 συν-

2232 3036 2528 3107 αντήσεται
2554 3036 2667 3098 τοῖς
2705 3035 2874 3087 πᾶσιν
2902 3034 3110 3101 αὐτοῖς,
3150 3053 3169 3087 ι
3204 3034 3397 3106 καιρὸν
3420 3035 3519 3088 καὶ
3550 3035 3821 3106 συνάντη-

551 3130 673 3185 laus
694 3129 998 3186 incidentes
1020 3146 1187 3188 casus
1225 3142 1281 3186 et
1320 3132 1573 3188 humana:
1621 3133 1746 3189 vita:
1779 3135 2129 3206 inaequalita-

2239 3144 2317 3198 μα
2348 3126 2457 3179 τῶν
2490 3122 2908 3194 συμϐαινουσῶν
2950 3123 3343 3196 περιπτώσεων
3377 3128 3501 3189 ταῖς
3532 3125 3819 3197 ἀνθρωπί-

552 3232 655 3279 tes.
678 3224 811 3289 Quae
841 3224 1044 3293 quibus
1091 3226 1160 3280 de
1201 3228 1386 3283 causis
1433 3228 1603 3295 fiant,
1652 3244 1797 3285 unus
1839 3231 1930 3285 ille
1982 3242 2132 3287 certo

553 3316 727 3383 novit,
762 3334 780 3369 1
819 3316 909 3386 qui
946 3318 1403 3386 tempestivitates
1437 3330 1490 3375 et
1519 3332 1766 3390 tempora
1816 3322 1870 3376 in
1906 3338 2005 3377 sua
2034 3337 2132 3393 po-

555 3407 668 3461 suit
721 3408 1078 3477 potestate",
1138 3428 1158 3460 ι
1219 3410 1424 3480 quique
1488 3429 1507 3462 1
1564 3420 1829 3482 paupernt
1886 3422 1940 3468 et
1970 3413 2130 3479 ditat,

554 3507 721 3569 atque
755 3500 986 3555 suscitat
1016 3501 1084 3555 de
1130 3509 1273 3555 terra
1318 3517 1549 3572 egenum
1584 3542 1599 3567 ,
1655 3512 1713 3558 et
1766 3505 1836 3558 de
1893 3514 2134 3559 stercore

554 3592 734 3648 elevat
760 3607 1049 3662 pauperem
1080 3593 1149 3657 ⁸⁸,
1185 3611 1203 3644 ι
1232 3592 1341 3649 illis
1370 3594 1569 3650 divina:
1604 3595 1867 3652 bonitatis
1905 3610 2019 3651 suae
2042 3597 2132 3667 ju-

554 3683 737 3752 diciis,
770 3685 837 3739 ad
864 3700 983 3755 quae
1006 3685 1291 3755 pervenire
1323 3701 1432 3741 non
1462 3688 1590 3743 licet
1614 3689 1750 3760 (45).

631 3822 798 3893 228
828 3822 883 3877 Si
918 3839 1051 3879 vero
1079 3840 1177 3895 pro
1217 3826 1440 3879 modulo
1479 3827 1733 3881 humanaé
1767 3827 2130 3898 cognitionis,

558 3924 614 3971 et
647 3924 707 3969 ut
739 3923 932 3984 captus
966 3924 1049 3969 est
1090 3927 1277 3971 noster
1301 3958 1315 3980 ,
1352 3932 1580 3971 causam
1623 3933 1844 3988 quoque
1894 3919 2132 3990 aliquam

558 4008 757 4063 afferre
780 4009 1066 4075 vellemus,
1093 4008 1208 4063 haec
1243 4009 1403 4065 nobis
1445 4025 1569 4066 esse
1598 4010 1877 4067 videretur
1897 4054 1913 4081 ,
1966 4030 2138 4086 quare

628 4125 675 4158 δ’
704 4124 828 4181 Act.
856 4125 898 4189 ι,
933 4127 987 4181 7.
1061 4124 1154 4179 ⁸⁸1
1191 4124 1320 4196 Reg.
1357 4141 1419 4190 ιι,
1440 4125 1495 4179 7.

629 4237 955 4313 (ithPsal.
978 4253 1181 4313 cxcvu,
1221 4240 1309 4295 10.
1341 4238 1499 4313 Deest
1529 4239 1647 4313 ἀλλ’
1674 4242 1816 4313 apud
1839 4240 2004 4299 LXX.

630 4308 745 4378 (45)
782 4309 1079 4384 Gregorius
1114 4309 1593 4384 Neocagsariensis
1615 4349 1636 4384 ,ί
1658 4308 1784 4368 cum
1853 4317 2137 4384 superiora

559 4390 821 4457 tanquam
880 4380 1536 4457 hominum__per1litorum
1588 4383 1731 4457 dicta
1784 4380 2136 4457 explicasset.

558 4464 768 4530 eosque
806 4449 1114 4530 induxisset
1146 4449 1274 4505 illud
1307 4466 1540 4530 quoque
1579 4449 1893 4530 dictitantes
1917 4474 1942 4530 ;‘
1966 4457 2137 4530 ’ᾍδης

559 4521 638 4594 δὲ’,
669 4509 752 4572 δτι
806 4520 937 4594 ποτέ
968 4522 1063 4594 καὶ
1091 4522 1239 4574 ἐστιν
1262 4509 1354 4594 ,εἰς
1380 4509 1686 4594 δνίάπιέναι
1715 4509 2019 4594 λεγόμεθα,⁴
2168 4509 2213 4565 Ῑ)

561 4590 689 4664 φίας
740 4589 836 4642 καὶ
884 4590 1221 4664 αἰσθήσεως
1249 4592 1490 4664 ἀμοιρεῖτ
1522 4592 1576 4646 Id
1640 4604 1756 4657 est,
1789 4589 1961 4651 orcus
1992 4617 2131 4664 vero,

560 4661 857 4736 quicunque
897 4660 1109 4714 tandem
1162 4662 1251 4715 ille
1293 4660 1400 4724 Vest,
1424 4663 1493 4715 ad
1509 4680 1673 4736 quem
1703 4668 1845 4720 abire
1879 4660 2131 4736 dicimur,

561 4730 837 4799 snpientite
858 4737 905 4782 et
929 4746 1110 4786 sensus
1149 4741 1226 4785 est
1255 4749 1477 4801 expers;
1502 4730 1616 4801 jam
1661 4745 1829 4790 totutn
1873 4737 2018 4795 hunc
2041 4730 2132 4795 ar;

563 4801 789 4876 ticulum
823 4803 1135 4876 suimuatim
1164 4804 1459 4876 attingens,
1492 4806 1655 4876 paulo
1676 4807 2129 4876 alitcresposuit.

561 4873 654 4944 Ait
680 4871 825 4924 enim
864 4890 877 4926 :
911 4871 1096 4944 Ταῦτα
1129 4872 1227 4944 μὲν
1260 4874 1475 4942 μάταιοι
1497 4871 1519 4903 ⁷*
1555 4875 1666 4943 ἐγὼ
1700 4877 1757 4929 δὲ
1786 4873 1845 4930 εὖ
1871 4871 2021 4943 οἶδα,
2057 4882 2133 4944 ὼς

561 4942 685 4997 οὔτε
717 4944 764 5018 οἱ
788 4943 1117 5018 κουφότατοι
1145 4943 1425 5018 δοκοῦντες
1455 4944 1546 4997 τὸν
1574 4946 1746 5018 μέγαν
1767 4947 1963 5018 δρόμον
1988 4942 2133 5005 ὲκεῖᾴ

562 5030 656 5093 νον
705 5010 1016 5093 ἀνύσουσιν2
1050 5013 1182 5093 οὔτε
1207 5085 1218 5093 ⁸
1239 5016 1287 5068 oi
1319 5016 1536 5093 δυνατοὶ
1575 5010 1703 5093 ’καί⁸
1727 5010 1949 5093 φοϐεροὶ
1986 5022 2135 5093 παρά

560 5084 1349 5163 ἀνθρώποις.βεβρεεεεξιιένοιο-
1371 5086 1462 5163 “=93
1517 5086 1749 5163 φρῆερδν
1779 5084 2016 5163 πόλεμον
2054 5084 2134 5146 ὑι-

561 5159 841 5233 διήσουσιν.
889 5154 1035 5233 Ἀλλί
1058 5156 1179 5233 ούδέ
1204 5158 1263 5209 ἐν
1295 5156 1496 5233 ἐδωδῆς
1526 5154 1721 5227 πλήθει
1746 5154 2010 5233 φρόνησις
2045 5164 2133 5216 δο-

563 5223 859 5293 κιμάζεται
884 5263 899 5286 ,
927 5225 1048 5279 οὐδὲ
1101 5226 1316 5287 σύνεσις
1364 5223 1579 5298 πλούτῳ
1611 5223 1890 5287 κοινωνεῖν
1907 5223 2129 5288 εἴωθεν·

564 5296 685 5350 οὐδὲ
715 5296 997 5363 συγχαίρω
1048 5300 1161 5359 τοῖς
1196 5298 1461 5363 οίομένοις
1487 5348 1493 5354 .
1515 5298 1761 5363 ἅπαντας
1790 5304 1899 5357 τῶν
1934 5306 2129 5363 ὁμοίων

1487 5316 1761 5358 ,απαντας
1790 5322 1899 5357 των
1934 5316 2135 5358 ὁμοίων

564 5315 685 5350 ουοε
715 5315 997 5418 συγχαιὸω
1048 5315 1161 5359 τοις
1196 5315 1461 5385 οιομενοις
1487 5348 1493 5354 .
1515 5316 1761 5367 απαντας
1790 5315 1899 5357 των
1934 5315 2134 5374 ὁμοίων

563 5367 872 5432 τεύξεσθαι.
956 5368 1051 5421 άνυ
1074 5368 1129 5421 δὲ
1151 5369 1452 5422 ύπνωττειν
1483 5371 1726 5426 ἐοίκασιν
1756 5376 1803 5427 οί
1824 5375 1892 5429 τὰ
1911 5376 2134 5429 τοιαῦτα

565 5437 981 5523 ἐνθυμούμενοι,
1017 5440 1110 5523 καὶ
1138 5440 1213 5510 μὴ
1250 5439 1611 5523 λογιζόμενοι,
1745 5446 1905 5523 δίκην
1936 5447 2134 5517 ἰχθύων

566 5507 886 5581 καὶ-ορνέων
943 5507 1284 5581 ἀνάρπαστοι
1325 5507 1627 5580 γινόμενοι,
1660 5507 1717 5567 ἐν
1746 5507 1937 5581 κακοῖς
1956 5507 2132 5572 κατα-

565 5577 956 5655 τριϐήσρνται,
1215 5577 1355 5655 ,τῆς
1404 5577 1561 5655 ἀξίας
1638 5577 2131 5655 λαχόντεξέπιτι-

569 5648 719 5771 giae.
760 5646 815 5700 Id
838 5658 955 5703 est:
996 5646 1164 5721 Atque
1205 5646 1316 5706 Itth
1360 5646 1482 5707 vani
1534 5646 1765 5710 homines
1821 5646 2128 5728 loquuntur.

621 5733 685 5771 ao
721 5732 839 5770 vero
864 5730 1061 5771 certum
1109 5721 1289 5771 habeo-
1323 5739 1417 5771 nec
1447 5740 1553 5771 eos-
1588 5728 1683 5771 mti-
1713 5730 1897 5771 nedum
1923 5729 2128 5771 (mimi.

621 5733 685 5786 go
718 5732 839 5800 uero
864 5730 1061 5800 certum
1109 5721 1290 5786 habeo,
1323 5739 1554 5800 necueos,
1588 5728 1683 5794 qui
1711 5721 1899 5794 peduni
1922 5729 2132 5785 levitate

570 5797 821 5859 prwstare
838 5790 1100 5861 videntur,
1120 5803 1366 5863 magnum
1384 5794 1535 5849 illum
1554 5790 1766 5852 cursum
1784 5811 2090 5856 peracturos
2108 5816 2126 5853 :

2235 3235 2356 3282 ναις
2386 3217 2481 3272 καὶ
2507 3216 2791 3289 βιωτικαῖς
2814 3216 3154 3287 ἀνωμαλίαις
3178 3218 3652 3289 προσαγορεύσας.
3678 3220 3820 3273 Καθ’

2235 3310 2303 3375 ἃς
2337 3310 2518 3374 αἰτίας
2552 3310 2708 3379 μόνος
2745 3308 2992 3379 ἀκριϐῶς
3014 3304 3158 3362 οἶδεν
3192 3328 3210 3361 1
3244 3309 3274 3362 6
3305 3314 3533 3380 καιροὺς
3566 3311 3658 3363 καὶ
3690 3311 3821 3381 χρό-

2234 3419 2357 3464 νους
2400 3404 2458 3455 ἐν
2496 3403 2564 3472 τῇ
2596 3400 2702 3473 ίδίᾳ
2741 3398 2967 3470 θέμενος
2996 3400 3238 3470 ἐξουσίᾳ,
3278 3419 3298 3452 ι
3338 3403 3433 3455 καὶ
3472 3420 3490 3453 ι
3526 3402 3821 3471 πτωχῐζων

2234 3493 2331 3546 καὶ
2397 3491 2733 3556 πλουτίζων,
2794 3489 2890 3543 καὶ
2938 3489 3047 3543 ἀπὸ
3108 3490 3214 3559 γῆς
3279 3491 3512 3561 ἐγείρων
3577 3490 3817 3559 πτωχὸν,

2234 3584 2330 3636 καὶ
2364 3581 2472 3637 ἀπὸ
2514 3581 2748 3652 κοπρίας
2791 3579 3013 3650 ἀνυψῶν
3045 3581 3274 3652 πένητα,
3306 3598 3325 3632 ι
3370 3584 3482 3645 τοῖς
3504 3582 3820 3651 ἀνεφίκτοις

2235 3674 2401 3729 αὐτοῦ
2432 3675 2533 3744 τῆς
2567 3672 2907 3745 θεοπρεποῦς
2934 3672 3275 3745 ἀγαθότητος
3302 3672 3591 3745 κρίμασιν.

2307 3810 2369 3863 Εἰ
2407 3809 2463 3863 δὲ
2508 3808 2603 3863 καί
2634 3826 2757 3861 τινα
2788 3806 2972 3863 δοῦναι
3010 3808 3403 3881 βουληθείημεν
3436 3809 3621 3864 αἰτίαν
3658 3811 3823 3880 ἡμεῖς

2238 3901 2380 3957 κατὰ
2407 3902 2470 3955 τὸ
2495 3901 2779 3973 δεδομένον
2812 3902 3011 3972 μέτρον
3040 3903 3173 3972 ἡμῖν
3201 3901 3302 3973 τῆς
3330 3900 3684 3973 ἀνθρωπίνης
3708 3902 3824 3954 δια-

2237 3995 2493 4067 γνώσεώς
2534 4013 2595 4050 τε
2637 3996 2733 4050 καὶ
2776 3993 3156 4066 καταλήψεως,
3207 3993 3412 4066 ταύτην
3444 3993 3689 4066 φαίημεν
3728 3993 3821 4061 ἂν,

2240 4264 2334 4301 nec
2362 4262 2470 4310 eos,
2502 4246 2595 4315 qui
2622 4252 2856 4313 potentes
2897 4254 2965 4315 et
2987 4241 3386 4315 formidabiles_
3413 4241 3561 4313 apud
3580 4241 3823 4315 homines

2241 4318 2408 4372 habiti
2439 4312 2656 4386 fuerint,
2685 4316 2877 4368 bellum
2908 4312 3043 4368 illud
3069 4312 3418 4386 formidabile
3452 4312 3818 4386 confecturos.

2244 4388 2356 4443 Nec
2405 4384 2523 4440 vero
2570 4386 2849 4452 prudentia
2898 4386 2955 4438 in
3008 4384 3247 4438 ciborum
3302 4385 3454 4451 copia
3482 4384 3817 4453 exploratur,

2242 4476 2334 4515 nec
2370 4458 2637 4527 sagacitas
2683 4456 2983 4527 quidquam
3028 4470 3301 4527 commune
3328 4454 3517 4508 habere
3549 4472 3669 4527 cum
3701 4456 3819 4521 opi-

2243 4476 2334 4515 uec
2370 4474 2637 4527 sagacitas
2730 4474 2983 4525 umquam
3028 4474 3301 4509 commune
3328 4474 3517 4508 naoerc
3549 4474 3669 4508 cum
3701 4474 3818 4521 opt-

2243 4530 2336 4584 bus
2359 4530 2645 4582 consuevit.
2674 4474 2785 4579 1313c
2809 4527 2877 4579 iis
2920 4524 3301 4595 gratulandum
3344 4525 3613 4595 puto.iqui
3641 4541 3818 4577 omnes

2242 4600 2311 4654 ad
2346 4600 2531 4653 eadem
2580 4594 3054 4666 perventuros’esse
3090 4595 3444 4648 arbitrantur.
3481 4594 3645 4651 Gravi
3676 4596 3815 4648 enim

2241 4686 2424 4739 sopore
2474 4669 2708 4735 oppressi
2760 4667 2891 4721 milii
2937 4666 3337 4739 videntur,qui
3380 4681 3461 4739 res
3490 4666 3816 4739 _Imjusr_nodi

2241 4736 2498 4811 cogitant,
2528 4754 2818 4811 necsecum
2842 4745 3086 4811 reputant
3117 4737 3251 4806 fore,
3275 4746 3332 4789 ut
3367 4736 3594 4811 piscium
3611 4736 3814 4811 avium-

2240 4806 2336 4881 que
2370 4811 2543 4865 instar
2578 4807 2804 4878 abrepti,
2834 4808 2891 4861 in
2916 4806 3071 4881 malis
3103 4817 3395 4871 versentur,
3424 4823 3487 4860 ac
3506 4806 3686 4861 subito
3720 4820 3813 4875 pro

2240 4878 2492 4935 scelerum
2520 4881 2706 4933 merito
2729 4894 2906 4945 poenas
2930 4878 3105 4931 luant.

2312 4951 2426 5006 Hoc
2452 4950 2542 5005 Dei
2581 4950 2869 5006 consilium
2895 4949 3068 5005 fuisse
3098 4948 3152 5002 iu
3182 4962 3439 5017 supremo
3461 4948 3589 5002 vita:
3613 4955 3813 5001 nostrae

2239 5022 2329 5077 die
2379 5020 2747 5083 occultando,
2779 5020 2970 5074 Patres
3024 5020 3400 5073 consentiunt.
3453 5017 3613 5071 Οὕτω
3661 5020 3755 5071 καὶ
3784 5020 3813 5071 6

2239 5093 2389 5157 Θεὸς,
2426 5092 2603 5160 inquit
2632 5106 2774 5145 unus
2800 5106 2831 5145 e
2865 5088 3531 5161 multistlirysostomus.
3552 5091 3655 5156 τὴν
3679 5089 3811 5161 ὴμέ-

2243 5181 2342 5236 ραν
2390 5159 2548 5233 ἡμῶν
2593 5161 2692 5236 τῆς
2730 5160 2989 5236 τελευτῆς
3034 5159 3229 5236 ἄδηλον
3260 5161 3525 5236 ἐποίησε)
3558 5162 3653 5236 καὶ
3688 5159 3809 5236 οὔτε

2240 5227 2289 5287 ὲί
2314 5227 2573 5304 σήμερον,
2611 5227 2737 5304 οὔτε
2767 5232 2817 5304 εί
2866 5227 3076 5304 αὔριον,
3115 5227 3253 5304 Δοὔτε
3282 5232 3331 5283 εί
3375 5227 3514 5304 μετά
3562 5231 3809 5304 ἐνιαυτὸν

2239 5300 2535 5367 ὃλον,ὀῦτε
2573 5303 2623 5355 εί
2672 5302 2813 5370 μετὰ
2848 5300 3070 5354 πλείονα
3111 5300 3206 5370 ἐτη
3241 5303 3622 5369 ἐπιστήσεται,
3654 5302 3811 5370 δῆλον

2240 5377 2373 5446 ἡμῖν
2404 5372 2617 5446 ἀφῆκεν
2649 5367 2801 5446 *εἶναι
2828 5390 2840 5403 ο
2874 5372 2969 5446 ἴνα,
3000 5370 3078 5440 τῷ
3117 5367 3217 5446 τῆς
3252 5367 3583 5446 προσδοκίας
3630 5367 3810 5446 ἀδήλῳ

2239 5440 2530 5507 διαπαντὸς
2559 5445 2617 5494 ἐν
2638 5443 2807 5513 ἀρετῇ
2838 5440 3161 5513 κατέχωμεν
3189 5440 3435 5513 ἑαυτούς.
3477 5441 3531 5494 Id
3559 5450 3645 5495 est
3674 5459 3689 5495 :
3721 5440 3810 5495 Sic

2239 5519 2401 5570 etiam
2423 5516 2561 5568 diem
2592 5511 2964 5567 mortis‘nobis
2999 5511 3139 5565 Deus
3179 5512 3300 5580 fecit
3325 5514 3585 5565 incertum
3606 5528 3625 5564 :
3651 5528 3809 5581 neque

2242 5586 2390 5641 nobis
2422 5598 2651 5654 aperuit,
2690 5600 2758 5636 an
2785 5584 2959 5643 hodie,
2993 5596 3063 5635 an
3086 5596 3325 5654 crustat!
3352 5592 3465 5650 post
3513 5593 3681 5635 totum
3717 5598 3806 5633 an-

2241 5673 2387 5721 num,
2416 5653 2484 5710 an
2524 5664 2639 5723 post
2661 5654 2857 5707 multos
2884 5668 3049 5706 annos
3075 5653 3144 5704 sit
3179 5653 3481 5720 aﬂuturus:
3513 5665 3569 5706 ιιι
3600 5662 3809 5720 propter

2240 5730 2497 5782 incertam
2520 5726 2983 5792 exspectationem,
2999 5737 3095 5775 nos
3111 5723 3166 5775 in
3187 5725 3378 5777 virtute
3404 5732 3652 5789 perpetuo
3680 5738 3803 5775 con-

2242 5801 2522 5854 tineamus.
2562 5795 2744 5865 (Hom.
2782 5796 2837 5863 4,
2886 5810 2941 5850 ιι.
2974 5794 3025 5863 1,
3063 5792 3118 5848 in
3151 5792 3327 5865 Epist.
3354 5794 3421 5849 ad
3454 5794 3617 5849 Hebr.
3648 5810 3696 5849 c.
3723 5792 3803 5862 ιι.)
