4114 6496
274 334 409 403 1081

1329 361 1414 423 ΙΝ
1447 363 2033 436 ECCLESIASTEN.
2059 399 2131 413 --
2159 376 2308 439 LIB.
2338 378 2445 439 IX.

3408 369 3546 431 1082

271 444 806 558 (Egnauyxsxtbpqrat
829 455 1092 515 τάναντία
1140 464 1400 533 πολλάκις
1442 476 1555 536 τοῖς
1584 477 1719 539 υἱοῖς
1747 476 1854 530 τῶν

1964 481 2089 537 [iliis
2115 485 2395 542 hominum
2446 502 2590 558 saepe
2629 487 2911 543 contraria
2960 485 3279 555 contingere
3310 483 3546 552 permit-

273 536 610 636 άνθρῶπων,
639 544 726 598 ἵνα
759 547 949 619 μηδεὶς
976 553 1392 629 ἐπερειδόμενος
1438 566 1533 617 καὶ
1558 536 1859 636 ιπροσελπί-

274 627 387 727 ζων
420 630 605 727 ῆᾲταῖς
633 637 900 710 ταχύτησι
928 643 1038 697 τῶν
1068 627 1445 719 ίδίωνγποδῶν,
1469 655 1501 727 ἢ
1527 627 1647 720 ταίς
1670 659 1858 725 ἄλλαις

270 721 401 824 τῶν.
446 723 777 824 βραχιόνων,
847 732 879 803 ἢ
952 738 1017 808 τῇ
1052 743 1344 814 περιουσίᾳ
1396 721 1500 817 τῆς
1568 750 1763 819 σοφίας

274 814 547 909 συνέσεως
574 819 605 890 ἦ
632 821 911 893 γνώσεως,
944 828 1261 905 ὑπερόπτης
1283 814 1533 909 εὑρεθείη
1565 814 1658 895 καί
1689 814 1858 897 scatat;

271 908 554 979 φρονητὴς
588 912 687 982 τῆς
716 917 855 987 πρὸς
886 918 977 974 τὸν
1012 921 1144 976 (διον
1186 930 1420 999 ποιητὴν
1462 908 1556 984 κοιλ⁵
1585 932 1720 986 Θεὸν
1763 935 1857 989 καὶ

270 999 553 1095 Δεσπότην
585 1009 967 1075 προσνεύσεως
997 1014 1093 1067 καὶ
1114 1018 1475 1088 προσεδρείας
1494 1024 1591 1076 καὶ
1621 1040 1856 1095 προσευ-

269 1090 375 1186 χῆς
403 1094 498 1186 καὶ
530 1095 795 1165 δεήσεως,
825 1102 962 1157 ἀλλὰ
995 1107 1201 1172 πάντες
1250 1111 1337 1162 ἐπ’
1372 1113 1536 1166 αὐτὸν
1565 1090 1730 1186 ἔχω-σι
1754 1119 1855 1183 τὰς

269 1184 519 1280 ἐλπίδας,
551 1191 649 1243 καὶ
671 1193 822 1264 παρὰ
850 1196 951 1265 τῆς
984 1199 1411 1269 άγαθοπρεποῦς
1440 1184 1718 1273 αὐτού-καὶ
1737 1212 1855 1280 φιλ-

265 1278 563 1350 ανθρώπου
594 1287 852 1357 προνοίας
885 1290 1207 1356 ἐξαιτῶνται
1234 1293 1333 1367 τὴν
1368 1278 1855 1357 κατευόδωσινήκαὶ

262 1372 367 1442 τὴν
394 1374 778 1447 ἀπολύτρωσιν
810 1383 905 1436 καὶ
940 1386 1221 1457 σωτηρίαν
1250 1388 1345 1442 καὶ
1386 1391 1547 1461 νίκην
1571 1393 1715 1447 κατὰ
1743 1393 1853 1449 τῶν

264 1464 422 1533 σφῶν
467 1467 802 1527 ἀντιπάλων.
845 1474 1049 1530 Τούτου
1077 1480 1242 1551 χάριν
1275 1480 1586 1553 ἀπρόοπτον
1623 1486 1719 1538 καὶ
1755 1487 1851 1542 τοῦ

263 1556 503 1615 θανάτου
529 1562 628 1633 τὴν
649 1563 798 1635 ὥραν
834 1567 1158 1641 ᾠκονόμησε
1189 1575 1305 1637 τοῖς
1326 1574 1640 1647 ἀνθρώποις
1670 1580 1852 1651 ὑπάρ-

263 1667 384 1721 χειν
406 1667 420 1680 ⁸
459 1655 546 1709 ἵνα
580 1657 656 1727 τῷ
694 1659 1012 1730 ἀσυμφανεί
1055 1665 1152 1718 καὶ
1186 1666 1545 1741 ἁδιαγνώστῳ
1579 1674 1678 1742 τῆς
1702 1672 1852 1743 ὥρας

262 1746 531 1837 νήφωμεν
588 1748 677 1803 ἀεὶ
736 1753 831 1805 καὶ
893 1753 1375 1829 διαγρηγορῶμεν,
1440 1764 1515 1834 μὴ
1572 1765 1849 1837 κλαπῆναι

262 1836 357 1890 τὸν
409 1833 562 1895 οἶκον
616 1842 712 1912 τῆς
750 1824 1039 1917 ἡμετέρας⁷
1082 1824 1282 1920 ψυχῆς,
1333 1824 1452 1905 καὶ.
1478 1824 1606 1918 τοὺς
1646 1824 1853 1928 θησαν-ι
1882 1824 1926 1884 Β

265 1932 395 2001 ρους
448 1932 553 2003 τῆς
606 1935 745 2005 πρὸς
799 1937 932 1991 Θεὸν
997 1941 1217 2006 ἐλπίδος
1284 1946 1380 1997 καὶ
1435 1947 1677 2011 πίστεως
1740 1950 1851 2002 άπ-

257 2023 561 2097 ολέσωμεν.

333 2117 434 2171 Διὰ
475 2118 637 2174 τοῦτό
685 2138 853 2191 φησιν
900 2124 930 2177 ὁ
978 2126 1143 2196 σοφὸς
1186 2127 1643 2204 Ἐκκλησιαστὴς,
1673 2151 1694 2185 ι
1726 2133 1850 2187 ’Ότι

259 2208 365 2262 οὐκ
396 2210 541 2278 ἔγνω
580 2215 611 2266 ὁ
656 2215 943 2287 ἄνθρωπος
976 2219 1070 2272 τὸν
1100 2221 1291 2291 καιρὸν
1320 2222 1566 2288 aiam-3,1
1607 2225 1745 2278 ἀλλὰ
1767 2226 1851 2279 δί-

260 2320 367 2374 κην
394 2303 597 2375 ἰχθύων
633 2326 651 2360 ι
692 2307 1077 2383 θηρευομένων
1107 2313 1167 2367 ὲν
1196 2315 1602 2389 άμφιϐλήστρῳ
1635 2319 1796 2392 κακῷ
1825 2340 1846 2373 ι

261 2396 362 2450 καὶ
392 2399 704 2453 πιπτόντων
723 2401 930 2473 ὀρνέων
962 2406 1021 2457 ἐν
1054 2405 1229 2478 πάγῃ.
1261 2404 1590 2478 θηρεύονται
1620 2411 1715 2465 καὶ
1744 2430 1853 2466 πα-

261 2491 572 2559 γιδεύονται
603 2494 868 2561 πολλάκις
900 2499 996 2552 καὶ
1028 2500 1079 2553 οἱ
1115 2501 1418 2572 ἄνθρωποι,
1445 2506 1569 2569 ταῖς
1595 2506 1851 2579 ἁμαρτη-

259 2589 448 2649 τικαῖς
494 2586 695 2661 δηλαδὴ
751 2592 961 2660 πάγαις
1012 2594 1108 2648 καὶ
1151 2594 1231 2667 τῷ
1280 2596 1685 2670 ὰμφιόλήστρῳ
1738 2600 1851 2653 τῶν

264 2679 455 2733 κακῶν
518 2680 905 2753 βουλευμάτων
959 2685 1056 2740 τοῦ
1101 2689 1402 2759 μισοκάλου
1450 2692 1707 2745 διαϐόλου
1751 2694 1851 2747 καὶ

261 2772 567 2843 δυσμενοῦς
594 2777 775 2847 ήμῶν,
807 2779 938 2833 ὅταν
966 2781 1200 2846 ἐξάπινα
1234 2784 1332 2839 καὶ⁵
1356 2786 1489 2858 παρ’
1519 2786 1712 2841 ἐλπίδα
1747 2789 1850 2841 ἐπ-

263 2864 399 2936 έλθῃ
434 2869 550 2931 τοῖς
586 2868 663 2941 μὴ
692 2871 1081 2942 προσέχουσιν.

351 2959 492 3013 Ἀλλ’
522 2961 686 3031 ἡμεῖς
725 2964 814 3018 ἀεὶ
852 2966 1118 3036 νήφοντες
1156 2968 1476 3041 εὑρεθῶμεν
1514 2970 1609 3026 καὶ
1641 2990 1851 3044 γρηγο-

266 3050 496 3123 ροῦντες
521 3054 617 3108 καὶ
646 3058 1033 3128 προσεκτικῶς
1055 3058 1374 3127 διαζῶντες,
1395 3063 1491 3117 καὶ
1512 3063 1612 3136 τὴν
1641 3064 1850 3119 ἄνωθεν

1962 584 2171 637 tantur,
2199 587 2261 633 ut
2297 594 2461 635 nemo
2509 581 2721 637 scilicet
2755 581 2993 637 subnixo
3025 579 3233 641 animo,
3260 592 3326 632 ac
3358 590 3456 646 spe
3486 574 3541 629 in

1960 668 2159 737 pedum
2199 685 2427 726 suorum
2469 674 2798 744 pernicitate
2844 684 2938 729 aut
2976 672 3330 728 brachiorum
3370 668 3541 723 robo-

1960 774 2039 825 re,
2073 761 2157 814 vel
2196 761 2249 816 in
2282 764 2565 832 sapientiae
2598 767 2909 835 prmstantia
2942 776 2995 821 et
3032 763 3239 837 ingenii
3269 771 3325 816 et
3357 758 3541 817 scien-

1959 849 2048 905 tiae
2076 852 2363 917 collocata,
2402 857 2723 924 superbiat,
2771 874 2834 912 ac
2868 858 3112 936 debitum
3161 857 3273 909 Deo
3328 851 3539 907 auctori

1958 952 2010 998 et
2038 942 2264 999 domino
2292 961 2396 1000 suo
2421 948 2631 1002 cultum
2664 956 2720 1003 et
2752 949 3129 1004 assiduitatem
3178 956 3234 1002 et
3280 946 3541 1000 obsecra-

1958 1038 2136 1094 tiones
2166 1048 2219 1094 et
2244 1054 2435 1109 preces
2466 1041 2706 1112 negligat
2733 1060 2746 1095 :
2777 1051 2945 1111 utque
2973 1057 3165 1096 omnes
3189 1056 3340 1110 spem
3379 1052 3538 1093 suam

1959 1131 2012 1185 iu
2044 1147 2110 1186 eo
2139 1131 2376 1202 positam
2421 1131 2659 1187 habeant
2694 1176 2707 1197 ,
2751 1145 2915 1204 atque
2964 1135 3033 1189 ab
3082 1133 3285 1203 optima
3326 1133 3447 1201 ejus
3486 1141 3541 1185 et

1958 1225 2350 1294 benignissima
2388 1227 2728 1296 providentia
2772 1228 3195 1297 prosperitatem
3228 1239 3282 1281 ct
3332 1226 3541 1280 redem-

1954 1313 2196 1383 ptionem
2230 1325 2283 1369 ct
2326 1316 2559 1371 salutem
2603 1316 2779 1386 deque
2807 1316 3059 1371 hostibus
3094 1317 3209 1370 suis
3248 1314 3536 1369 victoriam

1956 1416 2164 1477 petant.
2197 1407 2310 1464 Hac
2349 1409 2417 1464 de
2443 1424 2610 1464 causa
2642 1410 2819 1480 ipsam
2857 1408 3052 1463 mortis
3100 1410 3289 1463 horam
3329 1423 3398 1461 ne
3432 1408 3536 1461 lio-

1956 1502 2135 1556 mines
2167 1517 2510 1572 prmnoscere
2550 1512 2793 1574 possent,
2819 1502 3107 1557 constituit
3136 1520 3149 1556 :
3180 1517 3292 1571 quo
3317 1507 3539 1570 propter

1956 1592 2079 1663 ejus
2118 1594 2382 1661 temporis
2418 1594 2811 1651 obscuritatem
2846 1603 2897 1649 et
2931 1594 3333 1665 ignorationem
3365 1591 3538 1646 sobrii

1955 1702 2173 1757 semper
2196 1688 2391 1753 simus,
2428 1703 2493 1743 ac
2536 1689 2823 1759 vigilemus
2854 1703 2922 1742 ne
2949 1688 3148 1742 animm
3189 1697 3389 1740 nostrae
3435 1685 3538 1738 do-

1955 1794 2079 1835 mus
2108 1780 2422 1850 diripiatur,
2455 1791 2510 1835 et
2532 1780 2647 1851 spei
2686 1782 2741 1836 in
2771 1780 2884 1837 Deo
2917 1780 3113 1852 posita:
3151 1796 3215 1837 ac
3248 1778 3372 1835 tidei
3413 1776 3529 1834 the-

1956 1884 2155 1927 sauros
2194 1872 2514 1967 amittamus
2546 1870 2681 1943 (46).

2027 2134 2321 2206 Propterea
2371 2135 2447 2190 ait
2485 2135 2708 2205 sapiens
2747 2133 3146 2191 Ecclesiastes:
3194 2151 3214 2187 ι
3251 2132 3391 2199 Quia
3438 2149 3537 2190 ne-

1953 2226 2060 2281 scit
2113 2226 2281 2280 liomo
2320 2237 2538 2294 tempus
2588 2241 2774 2291 suum,
2819 2244 2838 2278 ι
2898 2226 2993 2281 sed
3058 2226 3289 2295 piscium
3356 2241 3533 2291 more,

1957 2335 1978 2370 ι
2011 2318 2104 2389 qui
2148 2325 2403 2373 tenentur
2437 2317 2494 2373 in
2531 2317 2796 2373 retiaculo
2839 2318 3004 2383 tualo,
3045 2337 3064 2369 ι
3096 2326 3151 2372 et
3196 2319 3343 2374 sicut
3376 2317 3535 2372 volu-

1952 2427 2093 2479 cres,
2121 2427 2244 2483 quae
2289 2412 2542 2468 incidunt
2586 2412 2639 2467 in
2680 2412 2940 2483 laqueum
2966 2453 2982 2478 ,
3035 2412 3291 2468 homines
3346 2410 3536 2480 utique

1954 2504 2056 2574 ipsi
2111 2504 2411 2574 capiuntur
2461 2520 2604 2575 saepe
2654 2514 2821 2573 atque
2866 2504 3280 2575 illaqurantur.
3321 2501 3533 2575 peccati

1953 2597 2163 2653 scilicet
2191 2597 2423 2668 laqueis,
2455 2608 2511 2652 et
2539 2597 2901 2653 consiliorum
2934 2598 3207 2652 malorum
3243 2597 3531 2662 retiaculo,

1953 2705 2066 2759 quo
2107 2691 2383 2761 malignus
2414 2690 2589 2746 nostri
2615 2691 2832 2761 generis
2867 2692 3044 2747 hostis
3071 2689 3533 2755 diabolusutilur,

1950 2796 2076 2838 cum
2109 2783 2410 2853 improviso
2439 2783 2534 2853 qui
2565 2784 2750 2839 minus
2787 2782 2963 2839 seduli
2988 2792 3139 2849 sunt,
3169 2798 3272 2838 nec
3303 2784 3537 2853 opinan-

1949 2886 2033 2933 tes
2062 2877 2288 2934 invadit.
2487 2882 2497 2887 “

2022 2965 2189 3036 229
2216 2965 2330 3022 Nos
2360 2981 2491 3023 vero
2520 2982 2743 3038 operam
2769 2967 2986 3034 demus,
3035 2977 3093 3023 ut
3121 2966 3364 3022 sobriam
3397 2981 3538 3021 sem-

1951 3073 2049 3129 per
2074 3067 2130 3112 et
2167 3058 2478 3129 vigilantem
2511 3068 2565 3114 et
2594 3068 2861 3115 attentam
2905 3061 3075 3115 vitam
3113 3074 3344 3129 agamus
3367 3100 3382 3125 ,
3432 3059 3537 3113 im-

262 3144 697 3217 ἐπικαλούμενοι
720 3149 882 3221 χάριν
908 3152 1006 3205 καὶ
1033 3155 1355 3222 συνέργειαν
1374 3172 1389 3187 ·
1423 3155 1492 3209 δι’
1515 3152 1584 3228 ἧς
1606 3154 1851 3228 δυνησώ-

1955 3151 2344 3222 ploremusque
2369 3167 2666 3222 supernam
2702 3154 2935 3223 gratiam
2971 3162 3025 3207 et
3054 3168 3214 3224 Opem
3240 3153 3297 3207 in
3319 3151 3537 3223 agendo

266 3238 414 3308 μεθα
439 3238 546 3292 τῶν
571 3240 1037 3299 ἐπιϐουλευόντων
1066 3245 1316 3317 ἐφέδρων
1343 3247 1441 3300 καὶ
1472 3247 1725 3303 κλεπτῶν
1758 3250 1853 3303 καὶ

263 3331 485 3402 λῃστῶν
533 3334 987 3407 ὐπεραναπτῆναι
1027 3339 1129 3407 τῆς
1180 3340 1365 3411 πάγης
1396 3342 1491 3394 καὶ⁵
1512 3343 1697 3413 πάσης
1734 3343 1855 3396 ἐπι-

263 3425 474 3497 ϐουλῆς
518 3428 615 3481 καὶ
648 3428 849 3501 λύττης
881 3430 1082 3497 αὐτῶν,
1131 3432 1427 3505 εὑρεθῆναι
1468 3433 1526 3487 δέ
1579 3433 1851 3505 βελτίους,

261 3516 364 3569 καὶ
394 3518 677 3583 παντελῶς
708 3521 1063 3593 οίκειωθῆναι
1093 3522 1172 3594 τῷ
1199 3523 1319 3594 Θεῷ
1342 3524 1432 3579 διὰ
1458 3525 1674 3588 τελείας
1703 3527 1855 3595 άγιο-

262 3611 517 3681 πρεποῦς
564 3614 660 3667 καὶ
714 3616 1100 3688 πνευματικῆς
1147 3618 1579 3682 καταστάσεως·
1623 3619 1711 3672 ἵνα
1758 3620 1855 3673 καὶ

258 3702 366 3773 τὴν
396 3704 507 3757 τῶν
528 3704 781 3777 οὐρανῶν
805 3708 1089 3778 βασιλείαν
1118 3709 1649 3782 κληρονομήσωμεν,
1685 3711 1744 3764 ἐν
1764 3711 1856 3764 ab.

259 3794 344 3866 τῷ
368 3796 593 3868 Χριστῷ
620 3796 701 3869 τῷ
727 3798 847 3870 Θεῷ
880 3799 1061 3871 ἡμῶν,
1179 3802 1213 3872 ή
1246 3800 1372 3868 δόξα
1410 3802 1509 3855 καὶ
1550 3801 1613 3855 τὸ
1647 3801 1853 3873 κράτος

263 3888 365 3942 σὺν
407 3887 486 3960 τῷ
536 3891 941 3964 παντοκράτορι
979 3894 1157 3965 Πατρὶ
1201 3894 1299 3949 καὶ
1339 3893 1418 3966 τῷ
1451 3896 1705 3968 παναγίῳ
1752 3896 1853 3951 καὶ

258 3979 460 4052 ἁγαθῷ
500 3983 595 4037 καὶ
637 3980 890 4056 ζωοποιῷ
933 3985 1235 4058 Πνεύματι,
1264 3986 1362 4042 νῦν
1402 3987 1498 4044 καὶ
1526 3989 1616 4044 ἀεὶ
1643 3987 1741 4044 καὶ
1766 3989 1851 4055 είς

256 4069 391 4135 τοὺς
428 4069 636 4137 αἰῶνας
658 4070 768 4127 τῶν
786 4073 1022 4132 αἰώνων.
1058 4077 1256 4150 ’Δμήν.

330 4304 775 4330 *—

1953 3244 2283 3313 adjutricem
2314 3260 2329 3311 ;
2358 3260 2467 3316 qua
2498 3245 2884 3299 insidiatorum
2911 3254 2966 3300 et
3006 3244 3192 3299 furum
3225 3243 3537 3297 latronum-

1953 3352 2063 3407 que
2089 3337 2316 3407 laqueos
2358 3346 2412 3393 et
2461 3338 2618 3392 dolos
2651 3352 2845 3391 omnes
2880 3345 2933 3391 et
2992 3336 3233 3391 furorem
3295 3335 3537 3406 effugere

1954 3430 2252 3501 possimus,
2289 3441 2345 3487 et
2390 3430 2593 3486 virtute
2630 3430 3047 3501 praestantiores
3081 3429 3208 3486 facti
3237 3471 3251 3495 ,
3299 3429 3535 3500 spiritali

1953 3522 2189 3592 quodam
2236 3524 2529 3579 sanctioris
2570 3538 2637 3579 ac
2674 3523 3018 3594 perfectioris
3058 3524 3184 3578 vita:
3231 3538 3375 3577 nexu
3424 3520 3538 3576 Deo

1954 3615 2117 3685 plane
2144 3616 2571 3685 conjungamur,
2619 3615 2806 3686 itaque
2848 3615 3091 3671 cmlestis
3115 3629 3337 3686 quoque
3382 3613 3536 3684 regni

1956 3692 2327 3762 haereditatem
2365 3709 2647 3774 adeamus,
2695 3724 2822 3763 cum
2872 3708 2991 3777 ipso
3023 3706 3249 3763 Christo
3288 3706 3400 3761 Deo
3430 3720 3536 3760 no-

1953 3809 2092 3865 stro,
2131 3801 2219 3856 cui
2245 3801 2418 3871 gloria
2451 3811 2509 3858 et
2537 3802 2826 3872 imperium
2861 3816 2986 3858 cum
3018 3802 3399 3871 omnipotente
3426 3801 3533 3854 Pa-

1956 3901 2038 3947 tre
2063 3901 2117 3947 et
2172 3902 2369 3950 sancto
2414 3894 2669 3965 bonoque
2708 3909 2774 3948 ac
2832 3894 2957 3948 vita:
3008 3903 3240 3948 auctore
3299 3894 3533 3963 Spiritu,

1954 3999 2103 4040 nunc
2139 3992 2196 4040 et
2224 3999 2441 4056 semper
2463 3985 2600 4040 etin
2632 3984 2833 4040 saecula
2864 3984 3213 4040 saeculorum.
3238 3986 3438 4038 Amen.

1426 4520 1795 4611 ΛΟΓΟΣ
1848 4518 2392 4609 ΕΝΝΑΤΟΣ.

1448 4896 1811 4988 LIBER
1885 4895 2337 4991 NONUS.

1841 5196 1940 5269 ξι.

331 5350 448 5403 Καί
499 5362 566 5416 τε
612 5348 779 5404 εἶδον
829 5346 1032 5413 τοῦτο,
1080 5349 1312 5420 σοφίαν
1336 5351 1458 5407 ὑπὸ
1500 5351 1609 5406 τὸν
1645 5352 1845 5422 ἣλιον,

2024 5354 2188 5427 230
2214 5353 2385 5410 Vens.
2414 5351 2605 5409 43—16.
2640 5350 2710 5406 Et
2748 5351 2848 5407 hoc
2882 5366 3084 5422 quoque
3136 5349 3247 5406 vidi
3276 5391 3291 5417 ,
3327 5350 3538 5420 sapien-

253 5439 358 5493 καὶ
392 5440 628 5508 μεγάλη
658 5441 789 5495 ἐστὶ
818 5443 970 5511 πρός
994 5460 1102 5510 με·
1135 5443 1313 5510 πόλις
1352 5446 1555 5514 μικρὰ,
1602 5446 1702 5500 καὶ
1740 5446 1849 5500 ἇν-

253 5532 401 5600 δρες
424 5534 496 5586 ἐν
520 5533 674 5603 αὐτῇ
702 5534 914 5604 ὀλίγοι.
949 5534 1059 5588 Καὶ
1084 5535 1311 5604 ἐπέλθῃ
1339 5536 1431 5589 ἐπ’
1461 5537 1657 5607 αὐτὴν
1672 5539 1849 5603 βασι·

250 5624 409 5692 λεὺς
431 5624 644 5695 μέγας.
680 5627 778 5681 καὶ
810 5628 1112 5683 κυκλώσει
1146 5630 1363 5698 αὐτὴν,
1399 5631 1499 5685 καὶ
1525 5632 1841 5702 οἰκοδομή-

251 5733 354 5770 σει
395 5717 489 5769 ἐπ’
531 5717 728 5786 αὐτὴν
770 5719 1039 5788 χάρακας
1068 5721 1375 5792 μεγάλους
1398 5739 1413 5754 ⁶
1447 5723 1546 5777 καὶ
1578 5724 1725 5793 εὕρῃ
1776 5725 1847 5779 ἐν

254 5810 418 5879 αὐτῇ
450 5809 641 5880 ἄνδρα
679 5813 911 5881 πένητα
936 5814 1154 5884 σοφὸν,
1188 5815 1283 5871 καὶ
1330 5816 1617 5873 διασώσει
1665 5818 1850 5884 αὐτὸς

1960 5448 2090 5501 tiam
2117 5447 2210 5500 sub
2240 5446 2368 5515 sole,
2422 5456 2470 5500 et
2499 5462 2694 5517 magna
2722 5455 2800 5499 est
2850 5445 2921 5499 ad
2956 5460 3081 5511 me;
3121 5442 3310 5499 civitas
3346 5459 3533 5513 parva,

1956 5547 2005 5593 et
2030 5539 2127 5592 viri
2150 5540 2307 5606 pauci
2334 5539 2388 5591 in
2426 5553 2509 5591 ea.
2539 5535 2608 5590 Et
2647 5537 2785 5590 venit
2833 5552 2992 5607 super
3016 5551 3133 5590 eam
3169 5550 3263 5589 rex
3289 5551 3535 5606 magnus,

1946 5638 1995 5683 et
2030 5627 2381 5682 circumdabit
2401 5644 2539 5692 eam,
2565 5638 2612 5683 et
2640 5628 2931 5699 wdiﬁcabit
2956 5626 3210 5687 adversus
3232 5643 3349 5682 eam
3381 5643 3539 5697 agge-

1951 5739 2034 5778 res
2062 5739 2296 5793 magnos.
2333 5722 2400 5777 Et
2428 5723 2624 5778 invenit
2652 5724 2708 5777 in
2740 5738 2801 5777 ea
2823 5723 2997 5778 virum
3017 5737 3300 5794 pauperem
3325 5723 3537 5791 sapien-

1959 5827 2094 5882 tem,
2135 5826 2184 5873 et
2221 5816 2450 5873 servabit
2490 5818 2537 5875 is
2576 5818 2856 5893 civitatem
2907 5817 2965 5873 in
3005 5816 3270 5891 sapientia
3307 5833 3427 5874 sua.
3470 5813 3536 5870 Et
