4114 6502
623 328 763 394 1083

1735 336 1794 396 S.
1829 335 2216 398 GREGORII
2273 338 2788 400 AGRIGENTINI

3758 337 3888 408 1084

619 455 775 500 nomo
806 459 912 498 non
939 442 1246 497 recordatus
1277 453 1354 496 est
1377 441 1477 497 viri
1495 445 1744 512 pauperis
1769 443 1940 500 illius.
1971 445 2039 499 Et
2081 447 2198 500 dixi

2303 446 2418 514 τὴν
2451 449 2636 502 πόλιν
2665 448 2736 501 ἐν
2755 446 2831 515 τῇ
2859 446 3050 516 σοφίᾳ
3076 446 3285 508 αὐτοῦ,
3317 443 3414 500 καί
3443 446 3756 514 ἅνθρωπος
3783 453 3886 505 οὐκ

617 553 746 609 ego:
775 540 930 591 Bona
969 536 1232 605 sapientia
1280 551 1438 606 super
1473 537 1763 606 potentiam
1795 555 1810 591 :
1849 548 1898 592 et
1937 541 2200 609 sapientia

617 632 869 702 pauperis
903 646 998 700 pro
1037 629 1203 684 nihilo
1251 627 1468 693 habita,
1519 637 1568 684 et
1603 628 1758 684 verba
1793 630 1908 700 ejus
1944 648 2048 686 non
2077 644 2198 688 sunt

617 725 808 780 audita
839 723 973 795 (46).

688 905 826 961 Cum
859 905 1025 975 paulo
1059 903 1186 960 ante
1217 904 1506 961 afﬁrmavit
1548 907 1692 963 ﬁlios
1735 907 2026 964 hominum
2079 910 2200 980 rapi

617 1008 672 1053 et
698 998 1007 1068 illaqueari,
1041 1000 1274 1069 piscium
1319 1008 1486 1069 atque
1538 1002 1721 1056 avium
1756 1005 1955 1068 instar,
1993 1005 2204 1061 retibus

620 1089 939 1160 laqueisque
969 1099 1294 1146 venatorum
1351 1102 1407 1147 et
1457 1093 1647 1148 animo
1693 1104 1748 1149 et
1796 1097 2014 1164 corpori
2068 1096 2204 1150 insi-

616 1183 910 1249 diantium,
936 1183 1082 1254 quod
1111 1199 1308 1254 nempe
1328 1184 1492 1240 homo
1524 1187 1808 1255 proprium
1844 1188 2039 1242 mortis
2069 1197 2204 1242 tem-

618 1295 720 1349 pus
759 1279 993 1347 ignoret,
1035 1290 1144 1333 tam
1180 1279 1476 1341 naturalis,
1509 1295 1674 1349 quam
1705 1279 1826 1349 ejus
1849 1296 1973 1351 quae
2006 1297 2036 1336 a
2069 1297 2202 1352 pec-

619 1381 743 1427 cato
785 1370 1058 1439 infertur;
1107 1372 1396 1441 sapientia:
1439 1372 1553 1442 jam
1601 1379 1769 1442 atque
1819 1374 2030 1444 gratiae,
2079 1391 2203 1444 quae

615 1465 881 1520 divinitus
912 1464 1124 1518 homini
1151 1465 1276 1519 data
1317 1477 1402 1520 est
1455 1466 1521 1519 ad
1553 1464 1783 1522 insidias
1834 1469 2200 1536 superandas,

619 1558 907 1613 scientiam
941 1557 1210 1613 ostendit:
1259 1567 1315 1612 et
1362 1557 1596 1627 exempli
1641 1573 1812 1614 causa
1865 1561 2102 1615 assumit
2137 1575 2202 1615 ae

615 1650 872 1720 proponit
922 1664 1146 1718 parvam
1180 1649 1372 1704 urbem
1422 1660 1474 1704 et
1508 1649 1702 1720 paucis
1733 1665 1763 1704 a
1803 1651 1939 1706 viris
1982 1652 2202 1707 habita-

616 1751 750 1804 tam,
776 1758 941 1813 quam
980 1757 1078 1796 rex
1125 1750 1344 1811 potens,
1377 1742 1576 1798 castris
1617 1743 1687 1797 ad
1744 1744 1948 1799 mantia
1983 1745 2199 1814 positis,

615 1835 880 1898 obsideat,
914 1844 969 1890 et
998 1835 1282 1890 machinas
1307 1835 1490 1891 omnis
1519 1836 1733 1906 generis
1761 1837 2067 1900 admoveat,
2091 1855 2201 1908 quo

619 1928 755 1983 urbe
787 1928 900 1983 illa
933 1928 1215 1998 potiatur:
1261 1928 1427 1983 simul
1478 1937 1534 1983 et
1573 1931 1750 1984 virum
1801 1945 2097 2000 pauperem
2146 1941 2202 1986 at

618 2023 1020 2092 sapientem,et
1045 2023 1141 2092 qui
1175 2023 1459 2093 sapientiae
1489 2039 1604 2078 sua:
1635 2040 1738 2093 ope
1770 2025 1961 2078 urbem
2009 2025 2078 2079 ab
2117 2026 2201 2079 in-

618 2117 976 2173 sidiatoribus
1016 2126 1181 2187 atque
1216 2116 1470 2174 hostibus
1501 2134 1726 2172 servare
1770 2120 1965 2186 possit.
2004 2119 2198 2182 Porro,

617 2212 664 2267 si
693 2211 917 2265 obvium
954 2225 1180 2266 sensum
1209 2218 1556 2280 spectemus,
1605 2212 1768 2266 enixe
1817 2215 2203 2269 commendare

614 2305 834 2358 videtur
869 2303 1154 2374 sapientiae
1178 2304 1444 2369 studium,
1480 2303 1602 2374 ejus
1626 2321 1842 2376 nempe,
1879 2322 2003 2376 quae
2032 2322 2060 2360 a
2091 2307 2202 2362 Deo

616 2397 780 2452 datur
806 2396 875 2451 ad
926 2398 1258 2452 avertendos
1301 2407 1562 2459 externos
1612 2399 1840 2464 hostes,
1899 2399 1992 2467 qui
2035 2399 2202 2455 urhes

618 2489 810 2560 utique
839 2489 1204 2558 aspectabiles
1226 2490 1501 2555 obsident,
1533 2506 1599 2545 ac
1630 2491 1892 2544 diuturna
1913 2491 2202 2546 obsidione

617 2590 934 2651 expugnant
970 2564 1130 2651 231
1161 2589 1216 2635 et
1250 2583 1477 2651 capiunt
1497 2623 1512 2649 ,
1542 2583 1863 2652 incolasque
1889 2599 2083 2638 omnes
2111 2599 2204 2638 ca-

619 2674 800 2742 ptivos
827 2675 1054 2738 ducunt,
1087 2682 1181 2728 aut
1211 2673 1359 2728 ferro
1390 2674 1956 2738 interimunttnth
1985 2677 2031 2732 si
2063 2693 2202 2732 ana-

618 2781 788 2837 goges
815 2767 955 2820 ratio
981 2767 1248 2822 habeatur
1283 2808 1298 2832 ,
1360 2783 1582 2838 parvam
1638 2769 1828 2823 urbem
1883 2770 2203 2826 denominat

618 2860 942 2914 rationalem
974 2860 1211 2915 hominis
1241 2860 1504 2928 animam,
1547 2862 1638 2916 cui
1690 2864 1788 2916 viri
1831 2874 1963 2918 sunt
2011 2865 2196 2934 pauci,

617 2949 670 3003 id
707 2959 792 3004 est
823 2949 1112 3005 facultates
1150 2950 1293 3020 ejus,
1327 2952 1661 3017 intellectus,
1689 2955 1971 3024 cogitatio,
1991 2956 2200 3026 opinio,

617 3041 963 3112 imaginatio.
1003 3043 1086 3098 vis
1109 3045 1408 3099 sentiendi:
1447 3060 1610 3115 quam
1643 3047 1932 3102 obsidione
1961 3050 2200 3104 cinctam

615 3134 902 3204 quiescere.
921 3151 1030 3190 non
1059 3138 1262 3206 patitur
1283 3139 1555 3208 superbus
1582 3139 1835 3200 Satanas.
1857 3158 1954 3211 per
1975 3143 2201 3200 abusio-
2229 3149 2270 3206 ο

618 3242 745 3280 nem
773 3243 869 3281 rex
897 3229 1227 3298 appellatus,
1257 3239 1514 3300 tanquam
1539 3232 1632 3300 qui
1668 3236 1879 3302 peccati
1917 3245 1971 3289 et
2004 3237 2200 3290 mortis

617 3319 908 3390 imperium
937 3322 1099 3376 habet
1125 3339 1138 3388 ;
1165 3324 1630 3393 quemadmodum
1659 3333 1714 3380 et
1745 3327 1827 3380 leo
1860 3337 1915 3380 et
1945 3327 2200 3396 princeps

617 3413 808 3467 mundi
841 3413 1008 3483 hujus
1034 3415 1217 3471 dictus
1247 3426 1350 3481 est,
1374 3417 1516 3484 quod
1542 3417 1805 3473 vecordes
1829 3419 2126 3487 opprimat,
2146 3428 2201 3476 et

615 3519 808 3560 omnes
833 3505 1091 3561 adhibeat
1119 3506 1424 3574 machinas,
1459 3518 1520 3562 ut
1560 3510 1694 3562 urbe
1725 3513 1965 3578 potiatur
1994 3511 2062 3564 tle
2091 3525 2199 3580 qua

614 3612 768 3654 nunc
792 3597 1090 3668 loquimur.
1123 3598 1228 3666 Qui
1273 3601 1319 3655 si
1371 3601 1612 3654 hominis
1644 3601 1982 3658 intellectum
2034 3604 2201 3659 sedu-

615 3693 728 3747 lum
763 3693 1124 3764 sobriumque
1175 3695 1484 3758 invenerit,
1535 3704 1589 3748 et
1645 3710 1884 3764 superna
1931 3697 2200 3766 sapientia

616 3795 782 3856 atque
807 3787 982 3857 gratia
1011 3788 1305 3853 munitum,
1337 3787 1547 3844 fractus
1576 3789 1854 3854 concidit,
1905 3790 2203 3860 fugamque

616 3881 783 3950 capit,
849 3881 954 3936 viri
1001 3882 1168 3937 unius
1220 3882 1481 3953 pauperis
1521 3882 1795 3938 machinis
1839 3884 2203 3955 consiliisque

615 3975 902 4046 perculsus
935 3983 991 4030 et
1024 3991 1149 4029 cum
1182 3977 1449 4031 dedecore
1471 3975 1814 4048 proﬂigatus.

2303 541 2581 610 ἐμνήσθη
2617 541 2723 596 τοῦ
2755 540 2979 608 ἀνδρὸς
3019 541 3125 595 τοῦ
3169 539 3432 606 πένητος
3471 541 3732 597 ἐκείνου.
3784 546 3885 598 Καὶ

2303 630 2444 688 εἶπα
2473 634 2606 704 ἐγώ*
2640 634 2858 704 Ἀγαθὴ
2879 634 3067 702 σοφία
3090 634 3244 702 ὑπὲρ
3268 633 3556 703 δύναμιν⁸
3591 635 3691 688 καὶ
3710 639 3885 705 σοφία

2304 724 2409 779 τοῦ
2440 724 2700 791 πένητος
2724 723 3194 794 ἐξουθενημένη,
3230 725 3327 777 καὶ
3361 725 3530 793 λόγοι
3567 725 3756 779 αὑτοῦ
3781 729 3884 780 οὐκ

2303 818 2463 872 εἰσιν
2490 819 2868 887 ἀκουόμενοι.

2374 912 2586 983 Μικρὸν
2607 912 2798 966 ἄνοπιν
2821 911 2992 964 εἰπὼν
3015 910 3349 982 θηρεύεσθαι
3377 912 3471 964 καὶ
3498 910 3882 978 παγιδεύεσθαι

2304 1008 2431 1068 τοὺς
2461 1007 2610 1070 υἱοὺς
2651 1006 2760 1058 τῶν
2801 1004 3110 1075 ἀνθρώπων
3151 1004 3308 1075 δίκην
3342 1004 3542 1075 ἰχθύων
3580 1005 3676 1057 καὶ
3709 1023 3880 1058 πετει-

2305 1097 2411 1152 νῶν
2451 1101 2576 1162 ταῖς
2612 1098 2814 1170 ἄρκυσι
2858 1099 2953 1150 καὶ
2991 1100 3112 1161 ταῖς
3153 1097 3358 1165 πάγαις
3402 1097 3512 1150 τῶν
3557 1097 3768 1166 νοητῶν
3797 1100 3881 1153 καὶ

2303 1189 2412 1244 τῶν
2460 1189 2738 1260 αἰσθητῶν
2779 1189 3085 1259 θηρευτῶν,
3117 1189 3192 1253 ώς
3230 1190 3433 1258 ἥκιστα
3462 1188 3558 1242 τοῦ
3598 1188 3880 1260 ἀνθρώπου

2302 1283 2394 1336 τὸν
2423 1284 2554 1337 ῐδιον
2583 1282 2776 1354 καιρὸν
2804 1282 2899 1334 τοῦ
2931 1281 3164 1335 θανάτου
3195 1281 3582 1350 γινώσκοντος,
3613 1281 3708 1334 τὸν
3735 1298 3882 1348 φυσι-

2304 1378 2400 1429 κὸν
2431 1375 2678 1444 δηλονότι
2707 1374 2908 1428 καὶτὸν
2933 1377 3032 1444 τῆς
3060 1373 3335 1445 ἁμαρτίας
3356 1390 3370 1404 ⁸
3403 1373 3880 1427 καθυποδείκνύσιν

2303 1469 2406 1542 ἤδη
2435 1468 2535 1540 τὴν
2562 1469 2878 1538 ἐπιστήμην
2907 1467 3006 1536 τῆς
3038 1466 3331 1536 δεδομένης
3356 1466 3565 1520 ἄνωθεν
3591 1465 3672 1536 τῷ
3693 1465 3882 1534 ἀνθρώ-

2303 1578 2392 1631 πῳ
2419 1559 2611 1629 σοφίας
2640 1561 2737 1613 καὶ
2769 1560 3016 1631 χάριτος,
3055 1558 3124 1613 δι’
3154 1554 3222 1630 ἧς
3255 1558 3489 1630 εὓρηται
3517 1559 3629 1612 τῶν
3662 1558 3881 1610 ἐπιϐου-

2303 1655 2574 1709 λευόντων
2603 1653 2830 1725 βελτίων
2856 1671 2872 1685 ·
2905 1655 3000 1708 καὶ
3029 1653 3456 1724 παραλαμϐάνει
3488 1652 3586 1705 καὶ
3625 1651 3882 1722 προτίθη·

2307 1764 2393 1802 σιν
2412 1748 2488 1811 ὡς
2510 1748 2568 1800 ὲν
2595 1746 3008 1818 παραδείγμασι
3032 1745 3188 1798 πόλιν
3217 1744 3420 1816 μικρὰν
3441 1744 3674 1814 ἔχουσαν
3694 1742 3884 1812 ἄνδρας

2304 1842 2546 1910 ὀλίγους,
2598 1841 2692 1894 καὶ
2729 1839 3201 1910 πολιορκουμένην
3230 1839 3334 1892 ὑπὸ
3365 1837 3632 1909 βασιλέως
3667 1836 3882 1906 ἰσχυροῦ

2309 1935 2450 2006 μετὰ
2480 1933 2590 1988 τῶν
2617 1933 3002 2004 στρατοπέδων
3030 1931 3218 1994 αὑτοῦ,
3253 1932 3351 1986 καὶ
3395 1930 3747 1992 παντοδαπὰς
3776 1929 3884 1982 ἑλε-

2304 2029 2489 2093 πόλεις
2516 2027 2962 2099 προϐαλλομένου
2987 2025 3125 2098 πρὸς
3149 2026 3248 2095 τὴν
3270 2024 3372 2096 τῆς
3401 2025 3659 2093 τοιαύτης
3688 2022 3886 2085 πόλεως

2303 2121 2539 2178 ἅλωσινο
2571 2121 2742 2192 ἄνδρα
2783 2120 2841 2173 δέ
2872 2137 2996 2173 τινα
3029 2119 3258 2190 πένητα,
3291 2118 3455 2186 σοφόν
3501 2134 3566 2186 γε
3600 2117 3708 2188 μὴν
3740 2115 3882 2179 ὅντα,

2304 2215 2614 2285 περισῶσαι
2641 2214 2744 2285 τὴν
2773 2213 2926 2266 πόλιν
2957 2214 3021 2265 ἐκ
3048 2211 3158 2265 τῶν
3187 2209 3651 2264 ἐπιϐουλευόντων
3673 2212 3770 2262 καὶ
3797 2225 3886 2261 πο-

2303 2308 2358 2362 λε
2370 2306 2614 2378 μούντων
2643 2306 2731 2360 διὰ
2749 2305 2848 2375 τῆς
2875 2304 3012 2367 ίδίας
3036 2304 3247 2372 σοφίας.
3278 2303 3390 2358 Καὶ
3420 2303 3571 2357 δοκεῖ
3601 2303 3724 2373 μὲν,
3751 2301 3886 2356 κατὰ

2301 2401 2398 2454 τὸν
2450 2401 2743 2477 πρόχειρον
2796 2397 2943 2462 νοῦν,
2997 2397 3208 2459 πάντας
3257 2397 3386 2459 τοὺς
3434 2397 3733 2458 ὲπαῖόντας
3776 2396 3884 2448 είσο
3979 2387 3982 2392 ’

2301 2491 2557 2561 ηγεῖσθαι
2611 2490 2740 2559 περὶ
2795 2486 2994 2541 πολλοῦ
3043 2486 3142 2559 τὴν
3185 2485 3403 2556 σοφίαν,
3436 2484 3639 2557 δηλαδὴ
3686 2484 3788 2557 τὴν
3827 2487 3884 2538 ἐκ

2303 2587 2441 2642 Θεοῦ
2472 2585 2760 2656 διδομένην
2787 2584 2929 2654 πρὸς
2957 2582 3281 2654 ἀποτροπὴν
3312 2581 3422 2635 τῶν
3447 2579 3771 2650 ἀλλοφύλων
3798 2581 3886 2633 καὶ

2305 2681 2582 2752 πολεμίων
2615 2680 2726 2733 τῶν
2757 2681 2880 2740 ταῖς
2915 2675 3202 2748 αἰσθηταῖς
3256 2675 3449 2729 πόλεσι
3498 2674 3885 2746 προσεδρευόν-

2302 2793 2433 2841 των,
2461 2775 2558 2828 καὶ
2589 2775 2656 2844 τῇ
2691 2771 2884 2844 χρονίᾳ
2907 2768 3208 2841 πολυορκίᾳ
3238 2766 3696 2822 καταϐαλλόντων
3723 2766 3887 2830 αὐτὰς

2305 2868 2402 2921 καὶ
2435 2863 3004 2936 παραλαμϐανόντων,
3040 2862 3135 2916 καὶ
3179 2860 3310 2924 τοὺς
3357 2861 3416 2912 ὲν
3449 2859 3642 2922 αὑταῖς
3679 2857 3888 2910 οἰκοῦν.

2304 2978 2403 3024 τας
2435 2956 2948 3030 αἰχμαλωτιζόντων
2981 2956 3016 3025 ἢ
3049 2955 3144 3010 καὶ
3172 2952 3428 3025 δρώντων
3461 2952 3625 3022 ἔργον
3656 2950 3882 3021 αἰχμῆς.

2305 3054 2395 3125 Τῷ
2427 3053 2572 3122 λόγῳ
2619 3051 2676 3105 δὲ
2708 3053 2808 3122 τῆς
2841 3049 3134 3118 ἀναγωγῆς
3177 3047 3332 3101 πόλιν
3376 3044 3637 3115 ὀνομάζει
3688 3044 3885 3114 μικρὰν

2303 3149 2401 3218 τὴν
2447 3146 2672 3216 λογικὴν
2716 3144 2812 3198 τοῦ
2853 3141 3142 3215 ἀνθρώπου
3190 3139 3371 3212 ψυχὴν
3418 3141 3651 3210 ἔχουσαν
3695 3137 3884 3206 ἄνδρας

2307 3241 2542 3308 ὀλίγους,
2593 3241 2760 3310 ἠγουν
2792 3238 2892 3301 τὰς
2921 3236 3185 3305 δυνάμεις
3234 3235 3406 3304 αὐτῆς
3428 3273 3443 3297 ,
3466 3231 3877 3295 νοῦν,διάνοιαν,

2306 3334 2484 3400 δόξαν,
2512 3330 2818 3402 φαντασίαν
2850 3329 2942 3382 καὶ
2972 3328 3248 3398 αἴσθησιν·
3281 3329 3348 3396 ἢν
3381 3326 3442 3379 οὐ
3476 3325 3715 3378 παύεται
3746 3321 3875 3376 πολι·

2307 3425 2489 3497 ορκῶν
2519 3426 2546 3478 ὁ
2575 3423 2916 3495 μεγάλαυχος
2949 3420 3214 3498 Σατανᾶς,
3249 3418 3502 3489 βασιλεὺς
3533 3430 3880 3486 καταχρηστι-

2307 3517 2421 3581 κῶς
2457 3515 2882 3586 ὀνομαζόμενος,
2905 3513 2981 3576 ὡς
3003 3512 3066 3565 τὺ
3092 3511 3296 3583 κράτος
3323 3509 3462 3579 ἔχων
3498 3508 3597 3578 τῆς
3620 3506 3881 3576 ἁμαρτίας

2307 3610 2402 3663 καὶ
2440 3608 2533 3662 τοῦ
2565 3607 2820 3662 θανάτου.
2856 3604 3125 3674 Καθάπερ
3167 3601 3231 3673 δὴ
3272 3602 3368 3656 καὶ
3400 3601 3542 3655 λέων
3576 3601 3674 3654 καὶ⁵
3713 3600 3880 3670 ἅρχων

2297 3702 2393 3757 τοῦ
2425 3703 2637 3772 κόσμου
2657 3701 2851 3754 τούτου
2876 3697 2964 3752 διὰ
2994 3698 3054 3751 τὸ
3085 3694 3494 3766 κεκρατηκέναι
3525 3693 3636 3746 τῶν
3670 3691 3881 3757 ἀϐελτέ-

2304 3813 2436 3867 ρων,
2459 3795 2554 3848 καὶ
2581 3791 3026 3864 προϐαλλόμενος
3058 3789 3411 3850 παντοδαπὰς
3443 3786 3724 3847 ἑλεπόλεις
3760 3781 3880 3854 πρὸς

2300 3885 2504 3940 ἅλωσιν
2543 3884 2648 3954 τῆς
2696 3881 3152 3956 παραληφθείσης
3195 3879 3292 3933 νῦν
3341 3881 3474 3950 ἡμῖν
3523 3879 3755 3941 πόλεως.
3798 3877 3880 3937 ’ος

2302 3977 2397 4032 ἐὰν
2427 3976 2564 4049 εὕρῃ
2600 3977 2692 4030 τὸν
2732 3976 2826 4030 τοῦ
2878 3972 3170 4045 ἀνθρώπου
3217 3970 3342 4025 νοῦν
3386 3969 3753 4041 προσεκτικὺν
3797 3967 3880 4021 καὶ

614 4066 871 4139 νηφάλιον
891 4105 906 4129 ,
935 4067 1030 4121 καὶ
1063 4067 1162 4139 τὴν
1194 4067 1400 4122 ἄνωθεν
1430 4067 1623 4138 ἔχοντα
1677 4067 1872 4137 σοφίαν
1905 4067 1999 4122 καὶ
2055 4069 2240 4139 χάριν,
2279 4071 2641 4140 καταργεῖται
2675 4067 2772 4122 καὶ
2836 4065 3184 4138 δραπετεύει,
3211 4063 3309 4118 τοῦ
3350 4065 3469 4127 ἐνὸς
3498 4062 3694 4136 ἀνδρὸς
3725 4063 3880 4132 πένη-

618 4359 790 4398 unum
827 4344 1114 4400 mascnlini
1149 4346 1365 4416 generis
1404 4345 1773 4414 appellatione
1807 4344 1986 4400 efferri
2041 4357 2195 4416 puto,

616 4450 739 4489 cum
781 4445 992 4492 caetera:
1017 4438 1214 4492 anima:
1241 4437 1531 4492 facultates
1563 4437 1816 4492 feminini
1853 4453 2045 4492 omnes
2100 4454 2198 4510 ge-

616 4527 767 4583 neris
803 4528 948 4584 sint:
984 4528 1219 4585 fortasse
1245 4544 1376 4585 vero
1404 4545 1466 4585 ea
1507 4530 1675 4585 etiam
1706 4530 1774 4586 de
1809 4546 1976 4586 causa
1998 4573 2013 4598 ,
2049 4533 2196 4602 quod

616 4620 762 4678 aeris
802 4621 979 4678 instar
1003 4622 1155 4678 nullo
1207 4623 1596 4695 impedimento
1629 4623 1770 4679 levis
1817 4624 2110 4693 attollitur,
2141 4632 2200 4682 et

497 4223 509 4238 ἱ
615 4179 705 4226 τος
743 4164 857 4226 τοῖς
893 4164 1252 4233 μηχανήμασι
1295 4162 1389 4216 καὶ
1421 4165 1722 4234 σοφίσμασι
1762 4162 2204 4234 τιτρωσκόμενος
2241 4165 2336 4218 καὶ
2372 4164 2492 4234 μετ’
2512 4162 2775 4234 αἰσχύνης
2804 4160 3264 4232 ἀπελαυνόμενος.

697 4253 883 4308 Virum
914 4263 1092 4309 autem
1122 4256 1422 4310 humanum
1448 4256 1784 4312 intellectum
1822 4256 1960 4310 dixit
1988 4273 2001 4309 :
2031 4272 2196 4325 quem
2234 4263 2276 4316 D

2379 4256 2604 4326 Ἄνδρα
2652 4256 2709 4310 δὲ
2752 4255 2844 4310 τὸν
2871 4253 3217 4326 ἀνθρώπινον
3253 4251 3378 4307 νοῦν
3423 4243 3875 4322 προσαγόρευσεν’

2304 4348 2459 4420 οἶμαι
2504 4351 2598 4403 καὶ
2630 4349 2718 4403 διὰ
2747 4347 2840 4402 τοῦ
2868 4347 3060 4417 γένους
3101 4344 3394 4418 ἀρρενικοῦ
3431 4345 3594 4416 μόνον
3635 4341 3881 4411 ἐπιφέρε-

2307 4440 2432 4493 σθαι
2459 4439 2673 4508 κλῆσιν,
2704 4439 2814 4492 τῶν
2847 4437 3025 4492 ἄλλων
3057 4436 3339 4507 ὁμογενῶν
3360 4435 3646 4506 δυνάμεων
3670 4431 3881 4487 ἀπασῶν

2307 4529 2546 4601 θηλυκοῦ
2573 4531 2763 4599 γένους
2793 4528 3156 4601 ὑπαρχουσῶν
3180 4546 3194 4560 ·
3229 4529 3370 4599 τάχα
3391 4527 3448 4580 δὲ
3474 4527 3571 4581 καὶ
3597 4526 3687 4580 διὰ
3721 4525 3782 4579 τὸ
3812 4523 3882 4576 δί-

2305 4641 2409 4697 κην
2443 4625 2606 4698 ἀέρος
2639 4623 2936 4689 ἀκωλύτως
2970 4623 3068 4679 καὶ
3098 4622 3317 4693 κούφως
3345 4619 3634 4692 ἀείρεσθαι
3676 4618 3772 4673 καὶ
3798 4619 3883 4672 ἀν-

689 4841 808 4919 (46)
845 4839 950 4919 sed
986 4842 1297 4919 apudLXX
1325 4841 2070 4919 ιρείηιυε....λΚαὶΑκυκλῲσῃ
2091 4845 2190 4919 αῦ-

2303 4807 2675 4919 τένηταίξγὼ
2704 4843 2772 4919 δέέἒ
2795 4843 2890 4919 καὶ
2945 4841 3090 4919 πάνυ
3147 4841 3430 4919 ⁶ιτεροκρίνω
3487 4840 3682 4919 «me!
3710 4838 3886 4919 cogis

615 4908 729 4989 τὸν,
763 4908 1090 4989 ο-ίκοδομήσῃ
1121 4916 1207 4989 sa’
1235 4908 1494 4989 αῦτὴν....
1525 4915 1620 4969 καὶ
1648 4914 1892 4989 διασώσῃ
1910 4908 2071 4989 αύτὸξ
2092 4916 2191 4989 τὴν
2292 4908 2446 4989 ἰσχὺν
2483 4908 2688 4989 ταύτης
2711 4914 2814 4983 τῆς
2853 4913 3138 4989 δημώδους
3168 4908 3475 4989 δυνάμεως.
3535 4908 3682 4989 ξᾼλγ
3706 4908 3885 4989 ἐνθάδε

619 4983 866 5060 πόλι-νη..
902 4983 1312 5060 καὶχσοφίατοῦ
1349 4983 1596 5060 πένητος.
1624 4983 2058 5060 ἐξουδενώίμένη,
2099 4983 2196 5060 κάι

617 5057 672 5128 οἱ.
690 5053 1021 5128 λόγοιῗαύτοῦ
1039 5053 1591 5128 οὐχνεὶσακουόμενοι.
1614 5053 2058 5128 Olympiodorus,
2084 5059 2198 5113 Καὶ

616 5125 766 5198 λόγοι
786 5124 964 5198 ,αυτοῦ
997 5127 1254 5198 οὐκείσὶν
1287 5124 1635 5198 ἀκουόμενοι.

689 5195 800 5265 φῖ)
845 5195 999 5252 Hunc
1033 5197 1160 5252 item
1195 5195 1511 5262 articulum,
1535 5215 1636 5254 nec
1666 5200 1882 5255 diversa
1905 5199 2198 5265 sententia,

617 5263 918 5340 _G_regorius
942 5270 1402 5340 Neocaesariensis
1422 5269 1506 5340 sic
1527 5277 1612 5324 est
1632 5271 1823 5340 paucis
1844 5263 2199 5338 complexusé

617 5334 852 5413 Ἐγὼ-δὲ
873 5338 1081 5413 Δσοφίαν
1108 5339 1326 5413 οὕτωλτι
1364 5339 1506 5413 μέγα
1534 5334 1796 5413 ἡγοῦμαι,
1823 5343 1898 5403 ὡς
1920 5334 2014 5396 καὶ
2048 5341 2204 5413 πόλιν

623 5408 831 5483 μικρὰν
863 5408 956 5461 ὑπ’
979 5409 1193 5483 Δὀλίγων
1224 5410 1322 5483 μὲν
1348 5408 1697 5483 οἰκουμένην,
1740 5413 1845 5465 ὑπὸ
1871 5413 1929 5465 δὲ
1964 5411 2201 5482 μεγάλου

622 5479 1397 5554 πολιορκουμένηνίβασιλέως
1446 5479 1844 5554 χειρ“ι,’πολ).ὴν
1894 5479 1991 5535 καὶ
2033 5479 2204 5553 μεγά-

620 5545 724 5669 λην
779 5545 1250 5618 ἠγοῦμαι,ἐξ’καὶ
1285 5551 1380 5605 ἕνα
1433 5545 1598 5620 {rbem
1636 5545 1813 5624 ἄνδρα
1841 5545 2068 5623 πολίτην
2091 5545 2205 5623 ἔχοι

623 5633 667 5668 π
697 5633 857 5669 νητα.
881 5620 1110 5669 Δύναιτο
1132 5623 1242 5669 γὰο
1274 5621 1341 5669 ἂν
1367 5616 1521 5669 οὗτος
1551 5625 1646 5669 καὶ
1675 5626 1741 5669 ἐκ
1777 5625 1885 5669 τῶν
1914 5625 2191 5669 seniculum

623 5616 857 5694 πένητα.
881 5616 1110 5694 ᾼύναιτο
1132 5623 1242 5694 γὰρ
1273 5621 1341 5694 ᾃν
1367 5616 1522 5686 οὗτος
1551 5625 1646 5677 καὶ⁹
1675 5616 1751 5677 ἐκ
1777 5625 1885 5678 τῶν
1914 5616 2191 5694 πολεμίῶν

625 5687 720 5764 καὶ
747 5690 812 5764 ἐκ
840 5689 951 5764 τῶν
970 5687 1398 5764 χαρακωμάτων
1436 5694 1535 5764 τὴν
1570 5695 1765 5748 ἑαυτοῦ
1809 5687 2071 5749 διασῶσαι
2107 5695 2202 5748 πό-

626 5754 731 5814 λιν.
765 5759 878 5819 Καὶ
903 5754 1066 5816 ἄλλοι
1083 5761 1181 5834 μὲν
1207 5754 1298 5818 τὸν
1327 5754 1502 5834 σοφὸν’
1532 5767 1738 5822 ἐκεῖνον
1783 5767 1845 5820 οὐ
1874 5771 2202 5836 γινώσκουσι

2296 4979 2396 5057 μὲν
2423 4979 2948 5057 ἀτιμάζεταισοφία
2973 4984 3135 5057 πενίᾳ
3163 4979 3512 5038 συνοικοῦσα.
3542 4983 3594 5057 Id
3621 4990 3709 5038 est
3743 4997 3764 5057 ξ
3786 4979 3886 5057 Ego

2295 5053 2412 5111 itero
2443 5053 2759 5124 sapientiam
2790 5056 2927 5109 tanti
2961 5053 3128 5126 facio,
3170 5063 3227 5108 ut
3256 5070 3475 5124 parvam
3501 5055 3668 5108 etiam
3705 5053 3886 5106 ciuita-

2301 5138 2406 5182 tem
2445 5144 2478 5181 a
2519 5129 2704 5196 paucis
2737 5125 3059 5191 habitatum,
3105 5135 3260 5195 atque
3311 5125 3444 5179 adeo
3490 5142 3523 5178 a
3554 5139 3750 5196 magno
3779 5137 3887 5190 rege.

2301 5213 2421 5252 cum
2451 5195 2686 5252 exercitu
2721 5198 3148 5259 circumsessam,
3189 5212 3437 5266 magnam
3466 5206 3516 5250 et
3568 5195 3886 5266 frequentem

2299 5270 2600 5324 existimem
2625 5309 2640 5329 ,
2665 5269 2713 5322 si
2757 5268 2839 5338 rei
2875 5283 3160 5338 pauperem
3205 5265 3369 5320 unum
3399 5268 3690 5336 sapientem
3723 5265 3885 5318 virum

2301 5341 2463 5394 civem
2489 5340 2705 5394 habeat.
2741 5337 2845 5392 Hic
2875 5337 3014 5394 enim
3036 5351 3150 5394 tum
3175 5339 3240 5392 ab
3263 5338 3494 5391 hostium
3525 5338 3748 5404 impetu,
3782 5346 3884 5387 tum

2302 5412 2366 5464 ab
2407 5410 2685 5480 aggeribus
2709 5418 2758 5480 et
2787 5410 3052 5464 cuniculis
3089 5411 3359 5464 ciuitatem
3391 5406 3883 5480 suantincolumem

2304 5476 2651 5551 tueri—possit.
2689 5479 2756 5534 Et
2779 5482 3019 5552 quamvis
3041 5481 3140 5535 alii
3181 5495 3465 5552 pauperem
3503 5477 3657 5552 illum
3682 5476 3883 5545 sapien-

2305 5563 2404 5606 tem
2426 5549 2530 5607 non
2560 5549 2873 5622 agnoscant,
2897 5568 2990 5622 ego
3022 5549 3198 5606 tamen
3231 5550 3509 5622 sapientia:
3556 5549 3694 5622 vires
3722 5562 3879 5622 popu-

2325 5625 2410 5676 ari
2439 5624 2561 5677 huic
2587 5616 2838 5694 potentia:
2869 5616 3020 5694 longe
3042 5616 3325 5691 antepono.
3359 5618 3549 5675 Verum
3572 5620 3656 5673 hic
3684 5616 3877 5687 quidem

2300 5694 2446 5775 jacet
2479 5704 2528 5749 et
2556 5695 2912 5749 contemnitur
2943 5694 3231 5765 sapientia,
3265 5707 3382 5763 qua:
3413 5707 3532 5746 cum
3585 5696 3881 5759 paupertate

2311 5777 2592 5835 conjuncta
2618 5775 2712 5820 est.
