4114 6492
228 357 363 419 1085

1275 361 1359 422 IN
1412 361 1994 426 ECCLESIASTEN.
2022 393 2096 404 -
2130 367 2279 427 LIB.
2331 369 2439 428 IX.

3360 367 3494 432 1086

225 468 491 522 ίπτασθαι
510 468 660 540 πρὸς
682 468 783 533 τὰς
806 470 918 525 ἄνω
943 470 1039 524 καὶ
1060 471 1257 543 νοητὰς
1282 472 1518 542 θεωρίας
1536 489 1551 505 ο
1584 473 1809 540 πένητα

1920 476 1986 529 ad
2014 492 2283 546 supernas
2310 493 2374 532 ac
2405 478 2680 548 spiritales
2725 478 3224 547 contemplationes
3277 482 3489 535 avolat:

220 560 311 614 διά
338 562 400 613 τὸ
436 559 753 631 πενητεύειν
779 564 894 625 τοῖς
917 561 1011 616 τοῦ
1057 562 1312 633 σώματος
1342 566 1530 627 ὅπλοις
1562 568 1656 618 καὶ
1690 567 1813 627 ταῖς

223 651 420 714 ἀλκαῖς
444 652 581 722 πρὸς
611 652 710 716 τὰς
744 654 853 706 τῶν
881 654 1090 724 νοητῶν
1122 656 1366 724 ὲφέδρων
1399 660 1493 710 καὶ
1526 658 1811 728 δυσμενῶν

223 743 423 807 πάλας,
473 738 644 807 Οὗτος
686 740 781 798 οὖν
816 747 846 798 6
883 746 1105 817 κληθεὶς
1147 747 1308 815 ἀνὴρ
1338 748 1551 816 πένης,
1586 749 1754 819 ἡγουν
1785 750 1814 802 6

223 838 370 900 νοῦς,
401 839 458 890 ὲν
486 839 552 908 τῇ
586 836 848 910 δεδομένῃ
890 838 1039 909 αὐτῷ
1081 838 1265 891 θεόθεν
1296 839 1459 910 σοφίᾳ
1504 841 1599 893 καὶ
1628 842 1812 910 χάριτι

224 929 593 984 καταπαλαίει
619 931 715 984 καὶ
739 930 1070 984 καταὸάλλει
1094 932 1218 994 τοὺς
1247 931 1580 1002 ἀλλοφύλους
1603 935 1695 986 καὶ
1718 951 1814 987 πο-

223 1023 474 1091 λεμίους,
527 1024 619 1076 καὶ
670 1023 970 1092 περισῶζει
1016 1024 1117 1094 τὴν
1168 1025 1324 1077 πόλιν
1366 1025 1467 1094 τῆς
1510 1025 1712 1095 ψυχῆς,
1743 1020 1812 1097 ἧς

223 1114 344 1167 ἔστι
376 1114 608 1185 δύναμις
637 1115 975 1184 κυριωτάτη,
1007 1116 1103 1167 καὶ
1127 1116 1185 1166 ὲν
1278 1117 1598 1184 καταμένει,
1623 1118 1724 1186 τῆς
1749 1119 1813 1170 ὲκ

222 1204 335 1259 τῶν
367 1205 762 1274 ἀντικειμένων
802 1203 1078 1268 ἁλώσεως,
1110 1206 1388 1277 αἰσθητῶν
1431 1207 1675 1277 δηλονότι
1718 1209 1813 1263 καὶ

219 1297 455 1366 νοητῶν.
513 1296 570 1349 '0
627 1297 736 1367 γὰρ
786 1296 939 1350 θείαν
986 1298 1181 1363 σοφίαν
1238 1298 1333 1350 καὶ
1382 1300 1545 1370 χάριν
1603 1281 1811 1355 ἄνωθεν

220 1387 488 1457 εἰληφὼς,
530 1387 589 1439 οὐ
628 1387 790 1457 μόνον
833 1388 933 1452 τὰς
990 1388 1305 1450 διαὸολικὰς
1350 1391 1442 1441 καὶ
1490 1389 1812 1461 δαιμονικὰς

219 1477 523 1541 ἐπιϐουλάς
555 1478 663 1531 τῶν
698 1478 949 1547 πονηρῶν
990 1479 1362 1547 ἐνθυμήσεων,
1395 1479 1530 1532 ἀλλὰ
1574 1482 1669 1534 καὶ
1711 1484 1811 1546 τὰς

217 1570 336 1623 τῶν
362 1569 687 1639 κακούργων
713 1572 805 1624 καὶ
830 1569 1155 1638 πανούργων
1181 1570 1271 1624 καὶ
1295 1570 1583 1641 βασκάνων
1608 1572 1812 1644 ἀνθρὼο

219 1679 348 1715 πων
384 1663 664 1729 ἐξαπάτας
702 1662 1165 1733 προῦπειδόμενος
1211 1664 1306 1715 καὶ
1342 1662 1811 1733 προκαταλαμϐά-

218 1772 334 1807 νων
355 1754 735 1825 διαρρήγνυσι,
757 1752 853 1807 καὶ
876 1754 1155 1817 παντελῶς
1180 1755 1495 1824 ἀπράκτους
1518 1753 1807 1826 καθίστησι

218 1844 335 1897 τῶν
362 1844 640 1915 ἑκατέρων
667 1845 763 1906 τὰς
794 1844 1064 1914 μηχανάς.

301 1936 423 1988 Ὀτι
452 1935 509 1988 δὲ
546 1936 697 1999 πόλις
728 1937 760 2006 ἡ
797 1936 994 2006 λογικὴ
1023 1935 1169 2004 ψυχὴ
1200 1934 1663 2006 προσηγόρευται,
1694 1936 1802 1988 δεί-

219 2044 417 2080 κνυσιν
446 2028 474 2079 6
502 2030 790 2098 προφήτης
814 2028 977 2080 Δα6¹ιδ
1007 2027 1184 2096 λέγων
1208 2042 1222 2055 '
1260 2046 1279 2078 ι
1310 2027 1415 2079 Τοῦ
1452 2026 1700 2099 ποταμοῦ
1739 2027 1808 2082 τά

219 2122 537 2197 ὁρμήματά
565 2106 918 2189 εὐφραίνουσι
955 2120 1055 2189 τὴν
1099 2118 1253 2173 πόλιν
1296 2119 1391 2174 τοῦ
1421 2117 1558 2171 Θεοῦ
1583 2136 1596 2150 ο
1639 2139 1658 2171 ι
1707 2119 1807 2181 τάς

217 2212 324 2264 τοῦ
351 2211 623 2279 παναγίου
648 2212 967 2282 Πνεύματος
998 2210 1279 2280 ἐνεργείας
1313 2212 1408 2264 καὶ
1446 2211 1678 2281 χάριτας
1710 2228 1807 2265 κα-

218 2305 390 2367 λέσας
437 2325 453 2352 ι
491 2306 791 2376 ὀρμήματα
822 2307 1093 2375 ποταμοῦ,
1134 2323 1152 2355 ι
1207 2306 1277 2357 τὰ
1334 2306 1808 2373 κατευφραίνοντα

218 2395 327 2467 τὴν
347 2396 547 2468 ψυχὴν,
576 2396 677 2468 τήν
706 2398 798 2449 ὲπὶ
819 2396 952 2449 Θεὸν
982 2395 1212 2466 ἔχουσαν
1244 2395 1342 2457 τὰς
1372 2394 1617 2457 ἐλπίδας.
1644 2396 1806 2463 Ἀμέ-

220 2487 313 2540 λει
344 2488 524 2542 τοίνυν
554 2489 654 2559 τὴν
686 2487 943 2555 τοιαύτην
970 2488 1219 2559 ἐκδοχὴν,
1250 2487 1619 2557 παρεμπεδῶν
1650 2488 1741 2540 καλ¹
1779 2489 1808 2541 6

224 2577 394 2646 σοφὸς
433 2578 867 2649 Ἐκκλησιαστὴς
894 2578 1144 2647 ἐπήγαγε
1162 2594 1176 2607 ·
1212 2594 1231 2626 ι
1264 2576 1373 2629 Kal.
1400 2576 1686 2646 ἄνθρωπος
1707 2577 1808 2630 οὐκ

222 2670 476 2742 ἐμνήσθη
503 2670 597 2723 τοῦ
620 2670 810 2740 ἀνδρὸς
837 2669 928 2722 τοῦ
956 2669 1189 2738 πένητος
1217 2667 1450 2720 ἐκείνου.
1482 2686 1499 2719 ι
1532 2666 1669 2721 Οὐδὲ
1698 2668 1807 2737 γάρ

219 2781 315 2826 τις
363 2762 592 2834 εὕρηται
645 2763 756 2817 τῶν
806 2762 983 2817 ἄλλων
1034 2758 1338 2832 ἀνθρώπων
1399 2760 1656 2813 ἁπάντων
1708 2760 1807 2830 τήν

221 2855 440 2907 ἐκείνου
491 2855 667 2925 πάλην
718 2857 813 2906 καὶ
860 2854 1018 2923 νίκην
1056 2851 1236 2918 εἰδὼς,
1290 2852 1412 2904 καθ’
1446 2852 1504 2905 ὃν
1534 2852 1725 2923 καιρὸν
1770 2855 1804 2923 ἡ

221 2948 532 3014 πολυορκία
577 2948 675 3014 τῆς
722 2947 920 3017 ψυχῆς,
975 2947 1091 3017 ἦτοι
1141 2947 1243 3015 τῆς
1293 2945 1501 3009 πόλεως
1541 2946 1805 3015 γέγονεν’

220 3041 351 3094 οὐδέ
384 3040 437 3093 τί
464 3057 526 3108 γε
564 3040 670 3110 μήν
707 3058 724 3090 ι
763 3042 904 3093 εἰσιν
934 3038 1258 3109 ἀκουόμενοι
1300 3057 1318 3089 ι
1356 3038 1509 3109 παρά
1535 3054 1679 3091 τισιν
1710 3038 1805 3092 άλ-

220 3131 342 3193 λοις
382 3149 400 3181 t
440 3131 489 3182 οί
524 3128 675 3197 λόγοι
712 3126 902 3192 αὑτοῦ,
936 3147 954 3179 ι
1000 3126 1242 3197 δηλονότι
1282 3125 1376 3179 τοῦ
1418 3125 1533 3189 νοῦ,
1566 3127 1687 3179 καθ’
1714 3125 1808 3190 οὓς

222 3224 442 3295 ἁπῆρξε
481 3225 607 3288 τοὺς
652 3222 999 3286 ἀντιπάλους.
1040 3223 1151 3276 Καὶ
1184 3222 1272 3275 διὰ
1309 3222 1469 3274 τοῦτο
1508 3222 1603 3273 καὶ
1642 3238 1810 3275 κατα-

225 3318 569 3388 πεφρόνηται
591 3317 685 3371 καὶ
708 3316 1166 3383 κατεξουδένωται
1192 3315 1452 3377 πολλάκις
1472 3317 1503 3387 ή
1532 3315 1693 3382 σοφία
1714 3314 1807 3367 τοῦ

222 3411 472 3464 τοιούτου
516 3410 766 3479 πένητος,
798 3408 874 3472 ὼς
900 3408 1262 3480 ἀγνοουμένη,
1296 3407 1526 3479 πηλίκον
1561 3408 1812 3479 παγκρά-

219 3520 343 3556 τιον
374 3503 725 3571 ὲνεστήσατο,
751 3501 847 3553 καὶ
883 3500 1146 3571 τρόπαιον
1173 3501 1414 3571 ἠγειρεν.

313 3591 454 3644 Ἀλλ’
504 3594 532 3645 6
584 3592 745 3661 σοφὸς
797 3590 1232 3661 Ἐκκλησιαστὴς
1296 3590 1660 3660 άνακηρὺττει
1719 3588 1811 3643 τὸν

221 3683 472 3754 ἀθλητήν
495 3684 582 3736 διὰ
602 3684 701 3754 τὴν
727 3683 879 3754 παρά
907 3681 1002 3735 τοῦ
1034 3681 1323 3735 άθλοθέτου
1347 3681 1638 3753 δεδομένην
1664 3680 1812 3750 αὐτῷ

225 3775 429 3845 σοφίαν
466 3775 562 3828 καὶ
592 3775 773 3844 χάριν,
792 3774 885 3827 καί
918 3790 1071 3843 φησι,
1101 3791 1120 3824 ι
1146 3774 1256 3825 Καὶ
1285 3767 1415 3826 εἶπα
1441 3770 1573 3840 ἐγὼ,
1608 3771 1810 3841 Ἀγαθὴ

224 3866 393 3934 σοφία
424 3865 564 3937 ὑπὲρ
590 3865 873 3936 δύναμιν.»
902 3864 1073 3916 Τοῦτο
1098 3863 1155 3916 δὲ
1190 3862 1375 3931 σαφῶς
1404 3861 1553 3937 ἔοικε
1573 3860 1633 3914 τὸ
1650 3860 1811 3932 ῥητὸν

222 3957 306 4026 τῷ
338 3958 606 4025 φάσκοντι
637 3955 781 4025 λόγῳ
812 3953 908 4007 τοῦ
936 3955 1214 4026 προφήτου
1245 3953 1431 4019 Δαὸἱδ,
1464 3970 1482 4004 ι
1517 3953 1630 4007 Οὐκ
1656 3953 1715 4006 ὲν
1743 3955 1809 4024 τῇ

221 4046 521 4118 δυναστείᾳ
553 4045 649 4099 τοῦ
686 4048 852 4100 ἵππου
881 4046 1118 4115 θελήσει,
1150 4044 1269 4098 οὐδὲ
1315 4046 1371 4098 ὲν
1411 4047 1532 4107 ταῖς
1571 4045 1812 4114 κνήμαις

220 4138 323 4193 τοῦ
359 4137 555 4209 ἀνδρὸς
580 4136 811 4202 εὐδοκεῖ,
844 4134 961 4189 ἀλλ’
1001 4136 1212 4188 εὐδοκεῖ
1236 4134 1443 4206 Κύριος
1481 4135 1540 4187 ὲν
1571 4137 1686 4197 τοῖς
1714 4150 1812 4202 φο-

224 4229 519 4299 ϐουμένοις
544 4228 729 4294 αὐτὸν,
768 4228 862 4282 καὶ
893 4231 950 4282 ὲν
980 4231 1095 4291 τοῖς
1121 4227 1431 4291 ἐλπίζουσιν
1462 4226 1553 4281 ἐπὶ
1580 4225 1647 4278 τε
1665 4225 1812 4289 ἔλεος

221 4320 418 4374 αὑτοῦ.
450 4339 469 4371 ι
502 4317 982 4373 Καταπαλαίονται
1005 4319 1113 4389 γὰρ
1137 4320 1231 4372 καὶ
1252 4316 1582 4389 τροποῦνται
1612 4317 1812 4387 μᾶλλον

218 4412 296 4465 τά
328 4411 498 4481 στίφη
530 4410 638 4465 τῶν
678 4409 1012 4464 ἀντιστατῶν
1042 4410 1335 4480 δαιμόνων,
1368 4411 1448 4462 ἔτι
1480 4426 1542 4477 γε
1581 4408 1687 4480 μὴν
1715 4409 1811 4462 καὶ

1911 583 2194 636 pauperem
2225 580 2431 635 autem,
2462 571 2610 641 quod
2642 573 2895 642 corporis
2916 582 3103 627 careat
3128 573 3298 628 armis
3330 582 3495 643 atque

1914 660 2174 715 subsidiis
2190 662 2255 715 ad
2285 663 2612 732 spiritalium
2648 665 3035 721 insidiatorum
3071 677 3233 735 atque
3252 666 3491 721 hostium

1912 754 2113 809 luctas.
2155 753 2257 810 llic
2296 756 2484 826 igitur,
2514 758 2607 828 qui
2632 760 2712 813 vir
2739 775 2941 828 pauper
2971 759 3298 829 appellatur,
3337 757 3389 812 id
3410 770 3494 812 est

1912 844 2245 911 intellectus,
2281 862 2367 907 ea,
2420 864 2587 917 quam
2629 850 2892 904 divinitus
2926 850 3167 921 accepit,
3219 849 3492 918 sapientia

1910 948 2077 1005 atque
2124 939 2298 1009 gratia
2333 950 2591 996 externos
2643 941 2827 997 hostes
2872 942 3130 997 luctando
3167 942 3488 1019 prosternit,

1911 1038 1965 1083 et
2003 1030 2194 1083 urbem
2227 1031 2446 1096 animae,
2479 1031 2639 1101 cujus
2681 1033 2965 1101 potissima
3013 1032 3245 1087 facultas
3270 1040 3398 1098 est,
3438 1041 3493 1087 et

1912 1120 1967 1172 in
1999 1134 2107 1187 qua
2137 1128 2344 1185 manet,
2377 1122 2444 1175 ab
2488 1122 2931 1177 adversariorum
2983 1130 3095 1176 tam
3146 1123 3489 1178 sensibilium

1910 1225 2075 1279 quam
2115 1210 2446 1279 spiritalium
2500 1212 2817 1281 captivitate
2871 1214 3078 1267 salvam
3131 1222 3333 1270 tuetur.
3387 1216 3492 1279 Qui

1911 1301 2055 1355 enim
2089 1302 2331 1357 divinam
2385 1304 2710 1373 sapientiam
2767 1314 2934 1372 atque
2970 1305 3205 1371 gratiam
3241 1305 3309 1361 de
3350 1307 3491 1361 coelo

1910 1395 2142 1464 accepit,
2174 1411 2281 1450 non
2318 1396 2493 1451 solum
2517 1395 2720 1451 diaboli
2754 1395 2974 1451 fraudes
3003 1412 3056 1450 et
3086 1397 3352 1452 malarum
3397 1414 3462 1454 eo

1909 1484 2233 1553 gitationum
2268 1485 2429 1555 232
2463 1486 2712 1550 insidias,
2756 1486 2849 1541 sed
2889 1486 3059 1540 etiam
3115 1486 3489 1557 improborum

1912 1577 2198 1632 hominum
2220 1578 2577 1632 calliditatem
2617 1587 2671 1633 et
2723 1578 2983 1633 invidiam
3018 1588 3073 1633 et
3098 1578 3256 1634 dolos
3304 1582 3489 1650 provi.

1909 1662 2089 1718 dendo
2111 1674 2456 1734 praeoccupat
2488 1666 2832 1736 dissipatque
2859 1708 2873 1730 ,
2919 1682 2983 1723 ac
3013 1677 3374 1740 utrorumque
3396 1685 3487 1725 ar-

1911 1755 2075 1810 tificia
2111 1756 2326 1812 inutilia
2365 1772 2597 1827 prorsus
2620 1768 2785 1829 atque
2818 1759 3003 1814 inania
3032 1759 3232 1814 reddit.

1981 1931 2135 1997 Quod
2173 1948 2302 1987 vero
2337 1934 2622 1990 rationalis
2657 1935 2839 1991 anima
2865 1936 3019 1992 urbis
3051 1936 3272 1991 nomine
3305 1935 3491 2007 appel-

1909 2021 2014 2075 lata
2042 2022 2133 2085 sit,
2156 2023 2322 2077 David
2366 2027 2631 2095 propheta
2660 2027 2931 2094 ostendit,
2964 2042 3090 2082 cum
3137 2028 3216 2082 ait
3243 2047 3257 2084 :
3300 2047 3319 2079 ι
3359 2026 3489 2082 Flu-

1911 2114 2075 2168 minis
2114 2113 2348 2184 impetus
2374 2118 2650 2171 laetilicaut
2693 2118 2968 2173 civitatem
3002 2117 3096 2173 Dei
3128 2118 3214 2183 3';
3255 2136 3275 2170 ι
3308 2117 3487 2173 sancti

1912 2207 2149 2277 Spiritus
2172 2209 2403 2264 virtutes
2430 2211 2651 2266 acdona
2669 2212 2950 2281 appellans
2970 2212 3207 2280 [luminis
3226 2212 3449 2280 impetus
3467 2251 3486 2273 ,

1909 2298 2110 2367 quibus
2154 2299 2333 2353 anima
2348 2300 2708 2367 exhilaratur,
2726 2317 3060 2371 quaecunque
3076 2317 3226 2370 spem
3249 2316 3403 2357 suam
3432 2300 3485 2355 in

1910 2390 2020 2445 Deo
2055 2392 2362 2447 collocarit.
2401 2392 2588 2463 Itaque
2633 2404 2687 2448 ut
2736 2395 3239 2464 interpretationem
3291 2393 3487 2464 hujus-

1909 2480 2053 2535 modi
2109 2481 2497 2550 confirmaret,
2562 2485 2784 2554 sapiens
2848 2500 3069 2554 quoque
3120 2482 3488 2538 Ecclesiastes

1909 2574 2145 2644 adjecit:
2176 2593 2193 2626 ι
2237 2575 2301 2628 Ει
2335 2575 2499 2630 homo
2546 2592 2652 2629 non
2693 2584 2777 2630 est
2818 2576 3139 2630 recordatus
3185 2574 3290 2628 viri
3339 2574 3489 2630 illius

1911 2665 2191 2734 pauperis.
2231 2683 2248 2715 ι
2287 2663 2473 2736 Neque
2501 2666 2647 2721 enim
2678 2682 2746 2721 ex
2792 2666 3050 2722 omnibus
3086 2667 3211 2721 aliis
3247 2666 3489 2722 homini-

1908 2759 2012 2812 bus
2049 2758 2301 2814 inventus
2330 2770 2412 2814 est
2440 2760 2736 2829 quispiam,
2770 2761 2885 2830 qni,
2928 2776 3037 2829 quo
3069 2770 3314 2830 tempore
3368 2760 3489 2814 ani-

1909 2865 1995 2903 ma
2027 2850 2142 2905 sive
2182 2849 2313 2906 urbs
2355 2851 2638 2906 obsidione
2691 2852 3058 2920 premebatur,
3105 2852 3308 2905 luetam
3342 2851 3488 2906 illius

1908 2949 1962 2995 et
1983 2941 2265 2995 victoriam
2302 2942 2557 3006 nevcrit;
2604 2957 2781 3011 neque
2823 2943 2891 2996 ab
2932 2943 3058 2997 aliis
3085 2936 3220 2997 ullis
3262 2960 3280 2993 ι
3316 2955 3488 2995 exau-

1908 3033 2016 3087 dita
2044 3043 2170 3087 sunt
2211 3034 2373 3088 verba
2417 3034 2575 3103 ejus,
2632 3052 2650 3083 ι
2696 3033 2870 3102 ipsius
2917 3049 3108 3104 nempe
3154 3033 3485 3099 intellectus,

1909 3124 2114 3195 quibus
2149 3124 2497 3180 adversarios
2526 3124 2782 3179 exclusit.
2816 3124 3026 3179 Idcirco
3064 3138 3207 3193 saepe
3230 3124 3488 3193 pauperis

1910 3219 2181 3289 ejusmodi
2210 3218 2476 3288 sapientia
2512 3226 2823 3287 contempta
2871 3227 2997 3283 est,
3039 3232 3103 3271 ac
3155 3231 3253 3286 pro
3308 3215 3487 3269 nihilo

1912 3312 2119 3377 habita,
2144 3312 2288 3381 quod
2334 3312 2997 3381 ignoraretur,quantum
3054 3310 3147 3363 ille
3206 3316 3488 3364 certamen

1911 3405 2287 3472 sustinuisset,
2316 3413 2370 3459 et
2402 3412 2669 3474 quantum
2705 3412 2970 3472 tropaum
2994 3404 3312 3457 excitasset.

1978 3583 2048 3637 At
2072 3583 2294 3654 sapiens
2324 3581 2687 3637 Ecclesiastes
2719 3581 2983 3635 athletam
3015 3579 3163 3637 hunc
3181 3578 3393 3635 extollit
3420 3579 3490 3634 ab

1911 3678 2037 3733 data
2071 3676 2147 3731 illi
2177 3691 2209 3730 a
2236 3674 2557 3730 certaminis
2595 3673 2959 3729 constitutore
3004 3672 3273 3741 sapientia
3319 3680 3488 3741 atque

1911 3771 2107 3845 gratia,
2134 3779 2188 3825 et
2222 3770 2337 3825 ait:
2380 3787 2399 3821 ι
2433 3767 2499 3824 Ει
2530 3767 2640 3823 dixi
2668 3782 2770 3837 ego
2798 3785 2811 3821 :
2844 3766 2992 3821 Bona
3022 3766 3292 3836 sapientia
3325 3781 3489 3834 super

1910 3865 2230 3935 potentiam.
2271 3881 2290 3914 ι
2319 3861 2474 3927 Quod
2509 3861 2715 3915 dictum
2747 3859 2906 3929 plane
2945 3859 3240 3928 respondet
3264 3856 3489 3912 Davidis

1912 3954 2418 4029 prophetaeyerbis
2462 3951 2746 4007 dicentis:
2796 3969 2816 4003 ι
2868 3950 2985 4005 Νοη
3050 3950 3103 4004 in
3166 3948 3489 4004 fortitudine

1910 4048 2037 4117 equi
2062 4046 2394 4101 voluntatem
2426 4043 2671 4108 habebit,
2708 4057 2887 4112 neque
2930 4042 2984 4095 in
3015 4041 3164 4095 tibiis
3197 4040 3297 4094 viri
3323 4040 3489 4094 bene-

1911 4138 2173 4209 placitum
2222 4145 2307 4193 est
2340 4135 2486 4200 Deo,
2547 4134 2642 4191 sed
2695 4134 3101 4203 beneplacitum
3135 4141 3220 4186 est
3255 4130 3489 4184 Domino

1911 4247 2077 4302 super
2127 4231 2380 4306 timentes
2411 4243 2560 4294 eum,
2601 4236 2657 4283 et
2698 4228 2751 4280 in
2778 4225 2860 4281 eis
2925 4224 3021 4295 qui
3061 4231 3283 4294 Sperant
3325 4236 3489 4292 super

1911 4323 2292 4380 misericordia
2336 4320 2458 4391 ejus
2498 4322 2568 4375 9°.
2622 4339 2641 4373 ι
2687 4316 2908 4374 Turmae
2959 4316 3105 4372 enim
3147 4314 3486 4370 infensorum

1911 4417 2241 4481 daemonum,
2263 4430 2327 4469 ac
2347 4413 2658 4468 invidorum
2692 4412 3178 4479 improborumque
3207 4407 3486 4460 hominum

220 4504 334 4557 τῶν
370 4502 658 4573 βασκάνων
687 4502 781 4554 καὶ
807 4502 1119 4572 μισοκάλων
1149 4501 1456 4572 ἀνθρώπων
1485 4500 1589 4554 ὑπὸ
1615 4498 1807 4569 σοφίας

1913 4508 2087 4563 multo
2144 4505 2322 4576 magis
2367 4520 2398 4559 a
2434 4502 2704 4574 sapientia
2749 4513 2801 4556 et
2848 4498 3024 4571 gratia
3079 4509 3134 4552 et
3175 4494 3487 4566 prudentia,

224 4598 323 4649 καὶ
369 4597 593 4666 χάριτος
641 4594 737 4649 καὶ
785 4595 1122 4665 φρονήσεως,
1157 4594 1191 4665 ἢ
1226 4594 1511 4664 δυνάμεως
1544 4595 1804 4664 φυσικῆς.

221 4686 402 4741 Τοῦτο
429 4688 538 4756 γὰρ
571 4685 846 4757 ἐμπεδῶν,
869 4685 1090 4760 ἀμέσως
1116 4686 1399 4758 ἐπήγαγεν
1422 4687 1451 4739 6
1482 4687 1645 4757 σοφὸς
1678 4687 1805 4742 Ἐκ-

222 4779 571 4852 κλησιαστής
592 4796 608 4812 ο

1912 4613 2076 4671 quam
2116 4613 2145 4651 a
2182 4605 2392 4651 natura:
2435 4599 2640 4650 virtute
2686 4594 3070 4664 propelluntur
3114 4605 3180 4644 ac
3225 4601 3493 4658 superan-

1913 4698 2024 4744 tur.
2057 4687 2112 4742 ld
2140 4688 2283 4742 enim
2308 4696 2367 4742 ut
2393 4687 2763 4753 confirmaret,
2782 4684 2978 4756 adjecit
3005 4681 3254 4753 protinus
3269 4678 3489 4749 sapiens

1912 4778 2276 4836 Ecclesiastes
2306 4796 2321 4833 :

1802 4890 1831 4965 ς
1864 4890 1930 4945 ιι.

294 4987 478 5055 Λόγοι
526 4984 738 5055 σοφῶν
789 4985 861 5040 ἐν
896 4985 1238 5042 ἀναπαύσει
1283 4985 1604 5041 ἀκούονται
1657 4984 1809 5054 ὑπὲρ

218 5077 503 5147 κραυγὴν
533 5077 1008 5143 ἐξουσιαζόντων
1033 5078 1103 5131 ἐν
1126 5078 1522 5147 ἀφροσύναις.

293 5260 603 5330 Μονονουχὶ
619 5275 749 5330 γαρ,
772 5260 959 5331 φησὶν,
997 5260 1050 5314 οῖ
1092 5258 1346 5329 λογισμοὶ
1386 5258 1482 5313 καὶ
1520 5257 1671 5328 λόγοι
1706 5258 1802 5313 τοῦ

220 5351 682 5422 παραληφθέντος
734 5351 901 5421 σοφοῦ
949 5354 1062 5416 τοῖς
1124 5351 1308 5415 ἀλλοις
1354 5352 1522 5404 πᾶσιν
1577 5352 1805 5421 ἀφανεῖς

219 5447 357 5507 είσι,
400 5445 493 5496 καὶ⁸
538 5442 781 5514 κρυφίαν
833 5441 1016 5513 ἔχουσι
1059 5442 1156 5496 καὶ
1204 5442 1475 5513 μυστικὴν
1511 5442 1612 5511 τὴν
1654 5444 1806 5495 ἀντι-

221 5533 537 5605 παράταξιν
582 5534 679 5587 καὶ
727 5535 1106 5606 κατασχολήνο
1137 5536 1251 5599 τοῖς
1297 5533 1570 5588 ἐθέλουσιν
1609 5533 1806 5600 αὐτοὺς

295 5694 343 5726 δ’
375 5691 521 5748 Psal.
548 5706 695 5756 xm,
721 5691 775 5746 4.
852 5662 898 5724 δ’
921 5690 1068 5748 Psal.
1100 5708 1265 5757 XLVII,
1305 5692 1390 5747 10.

297 5806 411 5878 (48)
452 5804 668 5878 Olymp.
703 5805 852 5876 λόγοι
884 5804 1072 5877 σοφοῦ.

1989 4983 2156 5039 Vens.
2188 4985 2276 5040 17.
2325 4983 2490 5038 Verba
2530 4984 2830 5053 sapientum
2870 4981 2928 5034 in
2966 4979 3140 5050 quiete
3166 4974 3486 5029 audiuntur.

1915 5090 2072 5144 super
2110 5074 2396 5128 clamorem
2442 5089 2660 5138 eorum,
2699 5072 2789 5141 qui
2824 5080 3137 5141 potestatem
3184 5064 3375 5122 habent
3434 5062 3489 5114 in

1912 5164 2157 5218 stultitiis
2182 5163 2317 5235 (48).
2524 5156 2527 5167 ·

1983 5255 2266 5327 Tanquam
2303 5255 2347 5310 si
2388 5254 2594 5309 diceret
2625 5270 2639 5308 :
2671 5253 3040 5324 Cogitationes
3080 5262 3134 5310 et
3177 5256 3342 5313 verba
3398 5274 3489 5315 sa-

1910 5347 2135 5418 pientis,
2176 5347 2244 5400 de
2275 5359 2386 5415 quo
2443 5344 2738 5413 loquimur,
2784 5343 2945 5414 233
2983 5334 3194 5401 caeteris
3232 5348 3488 5406 omnibus

1912 5438 2125 5496 occulta
2156 5448 2320 5505 sunt,
2367 5445 2533 5508 atque
2563 5451 2833 5504 arcanam
2886 5445 2943 5491 et
2985 5436 3270 5507 mysticam
3311 5442 3491 5496 conti-

1912 5542 2043 5590 nent
2074 5532 2352 5605 pugnandi
2382 5544 2550 5602 seque
2563 5530 2851 5591 exercendi
2877 5541 3083 5588 artem:
3113 5533 3203 5604 qui
3235 5533 3484 5593 ediscere
