4114 6494
212 392 355 456 1089

1278 389 1362 450 ΙΝ
1404 385 1991 451 ECCLESIASTEN.
2029 385 2280 446 -LIB.
2328 382 2437 444 IX-

3351 373 3491 441 1090

209 501 399 571 φύλων
425 515 439 531 ⁸
475 498 562 553 ἵνα
597 497 870 569 μηδέποτε
908 496 1294 569 διαμαρτήσας
1322 501 1349 551 6
1378 497 1501 560 νοῦς
1530 496 1639 549 τῶν
1672 496 1805 562 ἀληο

1925 494 2114 546 .ionem
2145 493 2370 558 oblitus,
2404 490 2632 547 victoria
2665 488 2923 554 excidat,
2968 497 3023 544 et
3072 503 3293 545 omnem
3314 532 3331 556 ,
3378 503 3488 559 qua

211 593 329 647 θῶν
347 591 693 662 ὐπολήψεων,
710 592 1007 662 παραρῤυῇ
1027 591 1131 659 τῆς
1151 592 1329 661 νίκης,
1356 592 1451 644 καὶ
1464 592 1645 643 πᾶσαν
1667 590 1806 641 ἀπο-

209 684 363 739 λέσει
396 687 495 755 τὴν
525 684 799 755 προτέραν
838 682 1091 735 εΰκλειαν
1120 685 1215 736 καὶ
1250 683 1507 753 σπουδήν.
1537 676 1672 735 Εἶτά
1703 697 1807 749 φη-

212 794 302 831 σιν
334 779 363 830 6
409 775 848 846 Ἐκκλησιαστής
868 790 883 805 ·

1913 584 2166 648 ﬂorebat,
2198 584 2425 654 gloriam
2476 592 2840 655 navatamque
2875 599 3095 654 operam
3144 582 3355 652 perdat.
3402 581 3491 637 Ait

1908 674 2113 731 deinde
2138 676 2360 746 sapiens
2381 675 2740 733 Ecclesiastes
2763 693 2775 729 :

1777 879 1803 952 ς
1830 878 1920 934 tv.

286 984 467 1037 Μυῖαι
499 982 793 1036 θανοῦσαι
833 980 1166 1050 σαπριοῦσι
1205 978 1551 1035 σκευασίαν
1594 977 1803 1031 ἐλαίου

216 1068 592 1137 ἡδύσματος.

289 1162 577 1231 Ᾱίσθητῶς
610 1161 708 1232 μὲν
728 1161 789 1214 τὸ
816 1159 993 1231 παρὸν
1026 1158 1191 1229 ῥητὸν
1227 1158 1489 1228 σημαίνει
1533 1157 1602 1210 τά
1635 1172 1809 1229 μικρά

214 1254 392 1308 ταῦτα
420 1256 635 1323 ζωΰφια
657 1256 725 1307 τά
746 1254 1077 1324 διῖπτάμενα
1108 1255 1201 1306 καὶ
1234 1252 1505 1306 νύσσοντα
1543 1254 1639 1305 καὶ⁹
1669 1271 1810 1322 παρ-

217 1346 541 1415 ενοχλοῡντα
567 1347 706 1416 μετά
733 1345 841 1397 τῶν
876 1345 1053 1399 ἀλλων
1083 1344 1241 1409 ζώων
1271 1346 1530 1398 ἁπάντων
1562 1346 1656 1398 καὶ
1682 1348 1808 1409 τοὺς

217 1437 571 1506 ἀνθρώπους,
603 1436 641 1490 ἃ.
699 1438 794 1489 καὶ
847 1437 985 1509 πρὸς
1037 1440 1099 1490 τὸ
1146 1436 1599 1489 κατασκευασθὲν
1649 1437 1809 1506 χάριν

218 1531 537 1600 ἡδύσματος
582 1530 761 1583 ἔλαιον
802 1531 1141 1598 ἐμπεσόντα,
1176 1531 1682 1597 συναποπνίγονται
1719 1530 1811 1581 καὶ

218 1620 586 1673 θανατοῦνται
641 1623 709 1691 τῇ
766 1620 867 1690 τῆς
922 1619 1057 1690 ὕλης
1105 1620 1410 1690 παχύτητι,
1457 1621 1550 1672 καὶ
1594 1618 1682 1671 διὰ
1715 1618 1808 1671 τοῦ

1982 972 2210 1032 Camx.
2269 971 2433 1027 Vsus.
2498 974 2549 1029 1.
2611 973 2812 1031 Musca:
2856 988 3082 1030 mortua:
3130 975 3493 1046 putrefaciunt

1914 1069 2343 1137 compositionem
2379 1066 2482 1120 olei
2504 1056 2806 1120 suavitatis.
2830 1069 2967 1139 (3i).

1988 1158 2203 1212 Dictum
2239 1157 2360 1224 hoc,
2398 1167 2457 1213 ut
2488 1166 2671 1223 sonat,
2696 1176 2890 1229 parvas
2914 1161 3079 1216 hasce
3110 1160 3369 1217 bestiolas
3399 1160 3496 1215 de-

1917 1250 2459 1320 signalpervolantes
2493 1259 2657 1321 atque
2699 1260 3039 1320 pungentes,
3094 1268 3194 1308 nec
3240 1253 3498 1308 omnibus

1917 1342 2094 1396 solum
2133 1342 2463 1397 animalibus
2502 1343 2783 1407 molestas,
2840 1343 2933 1397 sed
2963 1343 3128 1397 etiam
3159 1344 3496 1411 hominibus,

1917 1451 2038 1505 qua:
2072 1435 2126 1488 in
2171 1435 2353 1490 oleum
2399 1452 2618 1506 quoque
2676 1436 2962 1491 suavitatis
3024 1452 3191 1492 causa
3248 1450 3496 1508 paratum

1919 1531 2224 1587 incidentes
2269 1531 2629 1595 snﬂ‘ocantur,
2676 1534 2916 1588 materia:
2950 1533 3096 1587 illius
3142 1534 3503 1590 crassitudine

1916 1634 2157 1684 enecta},
2193 1624 2376 1694 ibique
2400 1625 2711 1681 imtnortute
2742 1636 2898 1696 putre
2931 1627 3060 1681 illud
3099 1638 3151 1681 et
3179 1629 3502 1697 graveolens

226 1712 378 1779 σφῶν
424 1711 659 1766 θανάτου
718 1711 933 1783 σαπρὸν
970 1712 1091 1783 ἦτοι
1134 1712 1368 1775 δυσῶδες
1406 1712 1813 1783 ἀπεργάζονται

1925 1716 2153 1769 reddunt
2182 1717 2451 1787 planeqtte
2484 1720 2807 1773 aversabile.
2845 1719 3008 1774 Juxta
3048 1735 3323 1791 anagogrn
3374 1736 3502 1776 vero

226 1803 323 1853 καὶ
347 1804 601 1869 φευκτόν.
639 1802 1029 1871 Ἀναγωγικῶς
1051 1802 1107 1856 δὲ
1143 1804 1308 1875 μυίας
1329 1803 1673 1863 θανατούσας
1695 1803 1814 1857 ὀνο-

227 1895 425 1966 μάζειν
471 1896 598 1960 τοὺς
653 1896 983 1967 μισοκάλους
1020 1895 1284 1965 δαίμονας
1319 1896 1726 1966 ὑπειλήφαμεν,
1762 1894 1813 1948 οἳ

227 1986 384 2057 δξιίην
415 1986 591 2057 μυιῶν
632 1989 743 2049 τοῖς
786 1984 1047 2056 μώλωψιν
1082 1987 1433 2057 ἐπιτρέχουσι
1466 1986 1577 2040 τῶν
1606 1984 1816 2057 ἀνθρω-

228 2078 400 2131 πίνων
442 2077 655 2148 ψυχῶν,
687 2079 783 2129 καὶ
831 2078 969 2148 πρὸς
999 2077 1061 2130 τὸ
1093 2077 1325 2147 κέντρον
1374 2077 1681 2131 συνωθούσι
1712 2077 1815 2147 τῆς

224 2172 530 2241 ἁμαρτίας,
579 2172 718 2241 ὅπερ
756 2170 877 2223 ἐστὶ
909 2171 1128 2233 πάντως
1156 2172 1185 2222 6
1220 2170 1482 2235 θάνατος’
1516 2169 1814 2225 κάντεῦθεν

226 2265 329 2333 τὴν
388 2263 745 2335 κατασκευὴν
776 2263 872 2317 τοῦ
917 2265 1112 2335 νοητοῦ
1150 2264 1251 2334 τῆς
1277 2264 1461 2335 ψυχῆς
1490 2264 1696 2329 ἐλαίου,
1729 2264 1818 2318 διὰ

227 2356 341 2408 τῶν
397 2356 519 2409 κατ’
579 2358 785 2427 ἀρετὴν
837 2357 1153 2429 ἀρωμάτων
1195 2358 1443 2425 γίνεσθαι
1503 2360 1817 2427 πεφυκυῖαν

232 2449 374 2518 πρὸς
422 2449 640 2519 ἥδυσμα
681 2449 782 2518 τῆς
819 2450 970 2512 θείας
1014 2450 1316 2520 ἀρεσκείας
1348 2450 1443 2501 καὶ
1479 2448 1818 2519 θεοπρεποῦς

228 2542 593 2611 ἀγαθὸτητος,
626 2542 919 2610 σαπριοΰσι
960 2543 1047 2596 διὰ
1092 2543 1186 2596 τοῦ
1222 2543 1454 2596 θανάτου
1498 2541 1601 2611 τῆς
1640 2542 1824 2611 ἁμαρ·-

228 2635 372 2698 τξας,
402 2636 496 2687 καὶ
516 2638 638 2700 ταῖς
671 2637 1066 2708 ὀσφραντικαίς
1089 2636 1184 2689 τοῦ
1218 2636 1353 2688 Θεοῦ
1398 2636 1699 2705 δυνάμεσιν
1728 2635 1821 2686 εὑ-

234 2731 522 2800 ρίσκεσθαι
557 2730 768 2801 δυσώδη
816 2730 1371 2802 παρασκευάζουσιν
1420 2729 1496 2791 ὡς
1552 2727 1823 2797 μηδαμῶς

1922 1822 2143 1862 muscas
2172 1808 2487 1862 mortiferas
2520 1810 2791 1865 nominari
2843 1812 3179 1865 arbitramur
3233 1812 3503 1883 malignos

1922 1898 2220 1962 dmmones,
2246 1899 2365 1968 qui,
2389 1915 2706 1956 muscarum
2738 1917 2924 1966 more,
2965 1902 3274 1957 animarum
3327 1903 3507 1957 homi-

1922 2005 2053 2044 num
2085 1990 2351 2046 vibicibus
2385 1990 2643 2059 insident,
2699 2003 2750 2048 et
2788 1994 3070 2048 stimulum
3114 2004 3372 2064 praeterea
3423 1996 3505 2050 in-

1923 2083 2095 2152 figunt
2125 2084 2352 2152 peccati,
2384 2084 2478 2153 qui
2510 2085 2738 2138 omnino
2769 2101 2919 2141 mors
2962 2095 3043 2140 est
3064 2125 3079 2148 ,
3124 2086 3309 2156 itaque
3342 2087 3504 2156 spiri-

1926 2172 2051 2226 talis
2083 2173 2281 2226 anima:
2306 2174 2408 2228 olei
2457 2161 3000 2244 compositionemfe
3035 2176 3301 2231 virtutum
3338 2174 3503 2231 veluti

1925 2266 2187 2320 aromatis
2211 2266 2428 2320 conflati
2448 2266 2513 2321 ad
2542 2267 2741 2321 divina:
2770 2269 3155 2325 oblectationis
3196 2279 3249 2325 et
3278 2285 3515 2336 summa

1925 2355 2189 2410 bonitatis
2215 2356 2464 2421 delicias,
2504 2358 2713 2426 peccati
2750 2369 2925 2413 morte
2955 2370 3347 2431 corrumpunt,
3394 2358 3509 2413 eili-

1924 2448 2208 2516 ciuntque,
2235 2457 2295 2502 ut
2326 2463 2447 2503 eam
2479 2449 3041 2519 Deusgravcolentcm
3071 2453 3289 2523 sibique
3321 2456 3507 2521 ingra-

1926 2546 2036 2591 tam
2068 2538 2331 2604 inveniat,
2370 2552 2471 2594 nec
2498 2539 2610 2593 ullo
2662 2542 2827 2595 modo
2878 2542 3061 2597 oleum
3118 2544 3390 2614 ejusmodi
3440 2558 3509 2598 ex

1923 2631 2225 2686 virtutibus
2269 2631 2433 2703 235
2492 2634 2858 2703 compositum
2923 2634 3191 2690 Dominus
3242 2647 3505 2708 tanquam

1924 2722 2096 2777 odore
2131 2724 2416 2778 suavitatis
2447 2723 2781 2795 fragrantem
2813 2724 3075 2781 odoretur
3110 2728 3244 2798 (δί).

228 2824 313 2886 είς
343 2823 523 2893 ὀσμὴν
552 2824 782 2887 εὐωδίας
826 2823 1205 2896 ὀσφρανθῆναι
1234 2822 1327 2877 τὸν
1350 2822 1555 2890 Κύριον
1588 2820 1688 2891 τῆς
1721 2815 1983 2887 τοιαύτης
2020 2815 2117 2869 τοῦ
2182 2816 2368 2872 ἐλαίου
2434 2816 2532 2871 τοῦ
2600 2818 2723 2872 κατ’
2748 2810 2954 2891 ἀρετὴν
3002 2821 3506 2897 παραλαμϐανομέ-

229 2930 326 2968 νου
354 2915 725 2986 κατασκευῆς.

306 3004 456 3057 Πάνυ
483 3004 539 3056 δὲ
566 3001 862 3074 προσφυῶς
892 3001 955 3055 τὸ
988 3002 1345 3074 παράδειγμα
1395 3005 1683 3076 προήγαγε
1706 3001 1817 3055 τῶν

1995 2996 2286 3052 Enimvero
2344 2995 2590 3064 apposite
2643 2997 2873 3052 omnino
2943 3001 3257 3072 exemplum
3316 3006 3503 3063 intulit

235 3094 435 3165 μυιῶν,
460 3095 683 3155 ταύταις
709 3092 1030 3155 ἀπεικάζων
1056 3092 1183 3155 τοὺς
1212 3091 1502 3162 δαίμονας,
1526 3094 1619 3145 καὶ
1648 3092 1740 3146 διὰ
1767 3090 1828 3143 τὸ

230 3187 394 3256 δίκην
449 3184 622 3255 μυιῶν
666 3185 869 3251 ἀερίως
916 3183 1311 3253 περιίπτασθαι
1367 3184 1683 3253 πανταχόσε
1733 3185 1826 3235 καὶ⁸

231 3279 459 3333 νύσσειν
486 3281 614 3342 τοὺς
665 3276 991 3348 ἀνθρώπους
1047 3280 1143 3331 καὶ
1190 3278 1471 3348 πλήττειν,
1506 3278 1600 3331 καὶ
1646 3277 1735 3330 διά
1765 3276 1826 3331 τὸ

224 3368 394 3439 ’σφῶν
440 3370 661 3431 ἀναιδὲς
714 3370 807 3424 καὶ
855 3370 1049 3439 ἰταμὸν
1128 3369 1226 3422 καὶ
1272 3370 1653 3439 ἀναίσχυντον,
1684 3370 1824 3439 ὅπερ

241 3469 424 3533 λχουσι
459 3463 553 3514 καὶ
577 3464 695 3524 ταῖς
719 3463 907 3532 μυίαις
936 3464 1355 3534 παραπλησίως.
1373 3464 1479 3517 Καὶ
1506 3464 1615 3533 γὰρ
1634 3463 1825 3533 ἐπειδὴ

235 3554 438 3626 μικρὸν
469 3554 660 3607 ἀνόπιν
692 3552 835 3616 εἷπε,
872 3573 890 3606 ι
930 3555 1038 3607 Καὶ
1070 3555 1407 3625 ἁμαρτάνων
1442 3550 1525 3618 εἷς
1565 3555 1826 3608 ἀπολέσει

232 3644 603 3715 ἀγαθωσύνην
653 3644 882 3714 πολλὴν,
930 3662 951 3695 ι
1000 3644 1315 3707 ἀκολούθως
1370 3645 1465 3697 καὶ
1510 3643 1612 3708 τὰς
1659 3644 1827 3715 μυίας

233 3736 674 3807 ¹ιτιιρεισιιέιιρικε
704 3736 800 3800 τὰς
823 3735 1165 3799 θανατούσας
1188 3736 1286 3789 καὶ
1318 3735 1663 3806 σαπριούσας
1685 3753 1699 3767 ·
1738 3736 1824 3792 ἵνα

232 3829 389 3900 δείξῃ
427 3829 633 3896 σαςῶς,
667 3828 743 3892 ὡς
780 3828 1019 3899 μάλιστα
1043 3828 1136 3883 τὸν
1160 3831 1258 3899 τῆς
1284 3830 1565 3900 ἁμαρτίας
1586 3828 1823 3884 αἰνίττε-

231 3938 332 3973 ται
356 3921 610 3986 θάνατον,
648 3921 708 3984 ὃς
739 3920 979 3991 ὁπηνίκα
1022 3922 1251 3991 γένηταί
1278 3939 1389 3974 τινι
1434 3922 1523 3975 διά
1575 3924 1675 3991 τὴν
1728 3921 1822 3975 τοῦ

233 4014 360 4073 νοὸς
408 4013 739 4085 ἀπροσεξίαν
796 4017 891 4067 καὶ
944 4013 1240 4085 ρᾳθυμίαν,
1281 4014 1547 4069 ἀπόλλυσι
1594 4014 1826 4086 χρονίων

237 4106 484 4177 ἱδρώτων
519 4108 614 4159 καὶ
657 4105 1020 4162 παντοδαπῶν
1069 4106 1299 4176 ἀγώνων
1352 4107 1554 4179 πολλὴν
1597 4109 1822 4180 ἀρετήν.

246 4198 470 4268 Ἀμέλει
490 4198 671 4252 τοίνυν
698 4200 946 4271 ἐπήγαγε
961 4215 976 4229 ⁸

1929 3104 2265 3153 muscarum,
2307 3088 2487 3158 iisque
2515 3088 2798 3145 daemones
2827 3095 3185 3162 compar-suit,
3233 3108 3347 3152 tum
3381 3103 3512 3170 quia

1929 3192 2190 3250 tanquam
2218 3194 2419 3234 muscae
2450 3179 2693 3250 undique
2726 3196 2823 3250 per
2866 3198 3049 3237 aerem
3111 3186 3363 3243 teruntur
3398 3230 3412 3252 .
3457 3199 3514 3247 et

1929 3273 2182 3328 homines
2206 3282 2457 3342 pungunt
2485 3288 2551 3328 ac
2583 3274 2873 3340 sauciant;
2910 3285 3024 3329 tum
3053 3278 3181 3346 quia
3218 3279 3511 3350 impuden-

1928 3365 2059 3421 tiam
2100 3365 2300 3419 habent
2328 3374 2383 3419 et
2405 3365 2693 3419 audaciam
2728 3374 2782 3419 et
2808 3366 3083 3422 licentiam
3118 3386 3224 3425 non
3260 3372 3512 3428 dissimi-

1926 3458 2051 3512 lem.
2086 3457 2355 3524 Quoniam
2388 3466 2569 3511 autem
2616 3458 2781 3527 paulo
2814 3468 2943 3514 ante
2989 3460 3152 3523 dixit,
3189 3480 3209 3514 ι
3258 3461 3324 3517 Ει
3372 3480 3515 3535 pee-

1926 3564 2059 3603 cans
2090 3564 2233 3603 unus
2274 3548 2464 3619 perdet
2506 3548 2810 3605 bonitatem
2844 3552 3097 3618 multam,
3134 3573 3151 3605 ι
3194 3556 3390 3611 merito
3424 3557 3513 3612 in-

1924 3643 2082 3699 duxit
2110 3658 2331 3699 muscas
2371 3654 2427 3698 et
2483 3654 2735 3699 mortem‘
2775 3643 3075 3701 inferentes
3144 3657 3197 3700 et
3224 3650 3514 3717 putredine

1924 3736 2488 3792 contaminanteszut
2524 3736 3169 3793 lucnlenterostenderet
3224 3756 3283 3795 se
3330 3742 3513 3815 maxi-

1930 3845 2018 3884 me
2048 3830 2255 3900 peccati
2307 3837 2534 3883 mortem
2582 3828 2930 3899 signiﬁcare,
2979 3846 3102 3900 qua:
3146 3832 3311 3887 simul
3346 3843 3514 3903 atque

1932 3921 2206 3977 hominem
2231 3921 2302 3975 ob
2332 3920 2641 3974 intellectus
2669 3922 2978 3974 socordiam
3021 3932 3076 3975 et
3126 3923 3512 3978 remissionem

1931 4014 2286 4087 Oppresserit,
2322 4014 2549 4066 multam
2589 4012 2846 4066 virtutem
2889 4013 3172 4068 diuturnis
3214 4016 3514 4071 sudoribus

1931 4117 1985 4164 et
2027 4108 2208 4161 omnis
2258 4104 2473 4175 generis
2512 4104 2907 4159 certaminibus
2953 4115 3162 4175 partam
3222 4106 3512 4177 disperdit.

1932 4199 2141 4256 Idcirco
2164 4198 2350 4268 utique
2377 4196 2576 4266 adjecit
2619 4214 2632 4250 :

310 4381 512 4452 Τίμιον
542 4382 756 4453 ὀλίγον
791 4381 1016 4451 σοφίας
1045 4380 1201 4449 ὑπὲρ
1238 4380 1430 4447 δόξαν
1468 4294 1819 4452 ἀφροσύνηὲ

2004 4383 2300 4438 Pretiosum
2327 4380 2609 4449 puufu'um
2645 4378 2926 4449 sapientia:
2956 4396 3113 4450 super
3130 4380 3359 4451 gloriam
3390 4382 3518 4437 insi-

233 4475 531 4546 μεγάλην.

311 4564 617 4633 ιιαρίστησι
642 4562 751 4634 γὰρ
773 4562 1049 4629 ἐντεῦθεν,
1078 4562 1153 4627 ὡς
1178 4564 1272 4617 καὶ
1305 4564 1365 4617 τὸ
1395 4562 1592 4634 μικρὸν
1628 4563 1828 4634 μέτρον

234 4659 340 4729 τῆς
368 4657 578 4713 ἀνωθεν
610 4658 995 4730 δεδωρημένης
1030 4659 1183 4731 παρὰ
1209 4658 1346 4712 Θεοῦ
1381 4658 1573 4728 σοφίας
1598 4662 1695 4712 καὶ
1732 4658 1827 4727 χά-

238 4768 410 4820 ριτος,
435 4748 796 4821 αἱρετώτερον
840 4753 936 4804 καὶ
980 4750 1427 4821 λυσιτελέστερόν
1462 4753 1578 4803 ἐστι
1627 4751 1828 4820 μᾶλλον

234 4844 311 4896 ὠς
339 4842 524 4911 τίμιον
551 4843 661 4895 τῶν
689 4844 750 4896 ιν
781 4845 896 4905 τοῖς
929 4843 1327 4913 ἐπιτηδεύμασι
1360 4844 1451 4896 καὶ
1492 4846 1603 4905 τοίς
1640 4842 1825 4913 ἔργοις

234 4935 336 5004 τῆς
366 4936 683 5007 ἀερροσύνης
704 4936 821 5007 ἦτοι
849 4934 1190 5007 φαυλότητος
1210 4934 1370 4999 δόξαν
1404 4935 1651 5005 μεγάλην
1682 4934 1823 5004 λαμ-

236 5026 513 5079 ϐανόντων
549 5027 703 5095 παρά
734 5026 844 5079 τῶν
894 5028 1240 5098 ὁμοφρόνων,
1291 5028 1422 5096 περὶ
1468 5020 1542 5078 ὧν
1591 5043 1758 5096 φησιν
1794 5024 1823 5075 6

248 5114 598 5182 Ἀπόστολος,
652 5136 671 5170 ‹
716 5111 817 5172 Ὧν
862 5122 895 5190 η
945 5121 1074 5186 δόξα
1117 5123 1175 5173 ὲν
1202 5122 1269 5192 τῇ
1299 5119 1533 5191 αἰσχύνῃ
1574 5119 1775 5171 αὐτῶν.
1804 5138 1821 5169 ι

303 5238 347 5270 ’⁸
374 5236 614 5306 Philipp.
644 5252 728 5303 ιιι,
764 5237 849 5294 l9.

306 5357 425 5428 (5|)
464 5355 679 5428 Olymp.
722 5359 895 5412 Μυῖαι
945 5357 1313 5414 θανατοῦσαι.
1341 5398 1391 5414 ..
1416 5399 1432 5414 .
1486 5359 1631 5429 quod
1672 5356 1827 5429 LXX

236 5444 460 5497 quoque
506 5429 728 5481 habent.
779 5429 921 5496 Quin
947 5442 1000 5483 et
1041 5429 1241 5484 Noster
1274 5432 1327 5484 in
1370 5428 1625 5484 contextu
1663 5428 1829 5481 θανα-

234 5500 436 5559 τούσας
460 5500 617 5568 dicit.
644 5502 713 5552 At
772 5509 925 5553 vetus
969 5500 1304 5556 Scholiastrs
1347 5502 1599 5568 exchat.
1635 5498 1824 5552 Μυιῶν

235 5570 471 5631 θάνατος
522 5567 686 5637 σήψει
737 5570 917 5623 ἔλαιον
971 5571 1168 5632 εὐῶδες
1210 5567 1476 5640 μυρεψοῦ.
1518 5570 1825 5623 Muscarunt

235 5658 374 5693 mors
420 5642 734 5707 pitlretaciet
779 5651 1098 5709 unguentum
1134 5641 1258 5695 bene
1299 5643 1443 5695 olens
1484 5640 1823 5695 aromatarii.

236 5712 293 5763 In
332 5710 499 5764 Hebr.
538 5709 739 5763 Musca?
768 5714 974 5766 mortis.

308 5783 424 5851 (52)
456 5780 730 5852 Geneseos
784 5783 975 5835 alludit
1039 5782 1240 5843 verbis.
1285 5784 1485 5852 quibus
1535 5790 1818 5852 acceptum

237 5850 349 5906 Deo
386 5852 561 5908 fuisse
612 5851 802 5907 Noemi
858 5868 889 5907 a
929 5853 1132 5910 diluvio
1165 5850 1494 5911 sacrificium
1551 5851 1814 5908 docemur

1929 4477 2146 4547 pientia:
2178 4490 2424 4545 magnam
2461 4473 2599 4545 (55).

2004 4565 2141 4620 Hine
2172 4566 2314 4618 enim
2346 4565 2558 4628 statuit,
2594 4563 2673 4617 vt-l
2713 4562 2966 4641 exiguam
2992 4571 3198 4631 partem
3235 4563 3518 4635 ejus,quaa

1930 4673 1958 4712 a
1987 4656 2096 4712 Deo
2124 4659 2305 4722 datur,
2335 4656 2621 4721 sapientia:
2668 4664 2831 4725 atque
2864 4655 3053 4725 gratiae
3075 4695 3089 4719 ,
3128 4658 3514 4725 optabiliorem

1931 4751 2104 4805 multo
2127 4765 2247 4805 esse
2268 4762 2321 4803 et
2352 4749 2648 4811 utiliorem,
2682 4763 2844 4818 quam
2892 4749 3130 4802 honores
3174 4764 3391 4813 eorum,
3423 4749 3519 4819 qui

1933 4842 2131 4897 studiis
2176 4841 2445 4911 factisque
2501 4840 2755 4895 amentia:
2806 4849 2971 4910 atque
3025 4840 3284 4908 nequitiae
3346 4840 3521 4908 plenis

1932 4936 2073 5004 apud
2118 4936 2357 4990 asseclas
2395 4950 2525 4990 suos
2579 4949 2833 5003 magnam
2884 4933 2987 4987 sibi
3036 4940 3360 5001 comparant
3407 4931 3523 5001 gle-

1929 5028 2064 5081 riam
2110 5028 2224 5099 (54)
2266 5044 2283 5095 ;
2346 5027 2413 5082 de
2462 5027 2664 5097 quibus
2713 5026 2789 5079 ait
2817 5024 3111 5093 Aposmlus
3156 5041 3169 5078 :
3219 5042 3237 5075 ι
3275 5021 3521 5089 Quorum

1934 5122 2105 5192 gloria
2130 5121 2184 5175 in
2222 5120 2544 5177 confusione
2572 5121 2816 5190 ipsorum
2837 5117 2904 5172 9‘.
2935 5137 2954 5170 ι
2988 5115 3123 5171 Nam
3155 5117 3248 5187 qui
3281 5131 3339 5171 se
3364 5131 3519 5171 exer-

1930 5357 2073 5431 (cap.
2107 5375 2226 5423 vni,
2257 5375 2309 5431 ν.
2342 5357 2632 5431 21))Καὶ
2691 5358 2993 5431 ὼσφράνθη
3052 5357 3263 5431 Κύριος
3308 5359 3337 5410 6
3389 5355 3520 5431 Θεὸς

1926 5430 2105 5499 ὀσμὴν
2134 5430 2388 5494 εὐωδίας,
2427 5428 2800 5497 Oderatusque
2825 5428 2909 5483 est
2938 5428 3194 5483 Dominus
3232 5428 3368 5482 Deus
3392 5428 3524 5481 odo-

1929 5515 2036 5550 rem
2070 5502 2373 5551 suavitatis.
2423 5499 2478 5551 In
2520 5516 2629 5567 quo
2663 5499 2891 5553 Paulum
2932 5503 3241 5569 apostolum
3278 5502 3327 5553 it'.
3356 5500 3523 5552 italus

1927 5578 2030 5628 est,
2062 5573 2153 5637 qui
2191 5572 2489 5623 dictionem
2537 5585 2784 5624 camitem
2838 5586 2937 5622 nec
2989 5573 3199 5624 diversa
3255 5571 3522 5625 sententia

1925 5638 2345 5711 bisus‘urpivit.
2382 5639 2601 5709 (Ep/tes.
2631 5658 2681 5701 ν,
2714 5643 2789 5705 2;
2822 5640 3024 5711 Philip.
3058 5657 3131 5707 Iv,
3164 5643 3275 5711 18.)

1996 5710 2109 5782 (55)
2149 5711 2367 5782 Ulytnp.
2406 5713 2685 5782 μεγάλης.
3056 5760 3065 5769 ,

1996 5780 2109 5851 (54)
2144 5779 2564 5852 Διἐιτινιηιιιιιιιι
2611 5779 2774 5851 hnjns
2818 5783 2922 5838 loci
2957 5783 3272 5848 lectionem,
3302 5795 3424 5852 quae
3464 5779 3520 5835 in

1923 5852 2204 5909 codicibus
2231 5851 2441 5909 Latinis
2468 5854 2768 5923 plurimum
2790 5856 2986 5922 variat,
3012 5857 3153 5910 hanc
3183 5870 3305 5910 esse
3336 5851 3517 5906 Lucas
