4114 6558
544 382 750 469 11095

1748 378 1812 445 S.
1844 374 2237 443 IGREGORII
2274 371 2784 434 AGRIGENTINI

3734 366 3857 432 1096

614 490 692 535 tes
723 486 778 535 et
801 476 1056 533 cordatos
1088 474 1263 538 decet,
1286 469 1769 527 animadversione
1794 485 1859 526 ac
1891 470 2186 525 sobrietate

2306 484 2403 522 rw.
2434 466 2498 520 Ei
2527 466 2636 535 γὰρ
2694 464 2784 517 διὰ
2839 462 2938 533 τῆς
2973 460 3290 532 πρεπούσης
3340 460 3463 522 ταῖς
3498 458 3732 530 ἔμφροσι
3775 464 3859 513 καὶ

610 570 851 625 dividere
882 566 1192 623 intellectus
1244 579 1310 618 ac
1361 577 1653 618 secernere
1700 560 1938 615 voluerit
1994 560 2191 630 impias

612 660 971 732 cogitationes
1001 658 1071 713 ab
1111 654 1467 727 opinionibus
1498 654 1603 725 piis
1625 693 1640 718 ,
1678 653 1890 707 nullum
1942 652 2190 722 profecto

613 749 820 806 aditum
853 749 1190 819 spiritalibus
1225 747 1485 817 nequitia:
1531 745 1857 801 commentis
1896 744 1949 798 in
1980 744 2194 798 animo-

612 860 735 899 rum
771 844 1041 898 thalamos
1074 857 1138 896 ac
1165 840 1461 911 penetralia
1490 838 1735 908 patuisse
1770 838 2191 905 comperiemus;

615 935 761 1007 quod
813 935 859 990 si
911 934 1208 1004 aliquando
1260 932 1547 1002 repentina
1610 929 2020 1000 oppugnatione
2085 944 2191 982 non

616 1026 865 1097 prtevisa,
921 1024 1232 1078 intellectus
1277 1022 1489 1076 tardior
1524 1020 1871 1082 occurrerit,
1908 1028 1967 1073 ιιι
1993 1018 2077 1072 vel
2127 1018 2195 1072 ad

619 1126 782 1175 breve
816 1118 949 1172 illud
995 1127 1207 1185 tempus
1245 1115 1417 1170 malas
1465 1113 1831 1184 cogitationes
1891 1111 2193 1181 prohibea-

620 1228 744 1269 mus
769 1227 832 1267 ac
866 1211 1219 1280 repellamus.
1244 1206 1382 1261 Nam
1401 1215 1457 1262 et
1486 1207 1579 1261 ille
1610 1222 1669 1260 se
1700 1205 1878 1275 ipsum
1908 1218 2194 1267 revocans,

618 1304 687 1358 ad
712 1318 775 1357 ea
818 1300 1122 1371 reputauda
1162 1306 1535 1360 convertetur,
1572 1311 1695 1367 qua:
1732 1295 1908 1351 dolori
1940 1311 2043 1350 suo
2081 1308 2199 1347 me-

619 1395 875 1457 deantur,
904 1401 959 1448 et
985 1391 1285 1447 adversarii
1321 1390 1634 1445 violentiam
1661 1388 1915 1445 retundet
1941 1403 2006 1443 ac
2042 1384 2202 1442 dissi-

618 1486 796 1559 pabit.

694 1660 812 1717 lloc
848 1661 997 1717 enim
1052 1659 1404 1733 significavit,
1434 1674 1559 1715 cum
1617 1657 1863 1713 addidit:
1891 1673 1909 1708 ι
1933 1655 2071 1722 Quia
2102 1670 2204 1709 cu-

2294 562 2545 623 συνεταίς
2576 558 2828 630 καρδίαις
2857 556 3136 628 προσοχῆς
3174 555 3270 608 καὶ
3310 553 3704 624 νηφαλιότητος
3740 556 3859 608 ἁπο-

2292 651 2632 705 διαστέλλειν
2662 651 2755 703 καὶ
2784 648 3084 720 διακρίνειν
3111 648 3140 700 ὁ
3172 647 3293 711 νοῦς
3317 646 3605 717 βουληθείη
3626 645 3725 710 τὰς
3747 647 3859 700 ἀσε-

2294 744 2407 807 ϐεῖς
2442 743 2771 815 ἐνθυμήσεις
2800 742 2911 795 ἀπὸ
2939 741 3049 795 τῶν
3087 740 3327 794 εύσεὸῶν
3357 740 3702 810 ὑπολήψεων,
3731 741 3859 795 ἁπα-

2296 835 2533 907 ράδεκτα
2561 833 2842 897 παντελῶς
2870 833 3263 905 εὑρεθήσονται
3295 831 3363 885 τὰ
3403 833 3753 901 πνευματικά
3776 832 3860 903 τῆς

2295 927 2566 998 πονηρίας
2616 927 2982 997 ἐνθυμήματα
3026 928 3139 987 τοῖς
3184 925 3453 995 θαλάμοις
3495 925 3603 977 τῶν
3642 925 3861 995 καρδιῶν

2296 1020 2393 1073 καὶ
2420 1018 2686 1090 ταμείοις.
2725 1019 2786 1070 El
2814 1018 2871 1071 δὲ
2894 1017 2986 1070 καί
3011 1033 3142 1069 ποτε
3164 1016 3262 1087 τὴν
3302 1017 3611 1086 ἀπρόοπτον
3644 1017 3861 1086 προσϐο-

2296 1111 2396 1181 λὴν
2434 1111 2508 1182 μὴ
2560 1111 3024 1181 προῦπειδόμενος
3078 1112 3107 1164 ὁ
3147 1109 3274 1173 νοῦς
3313 1110 3730 1180 καθυστερήσει,
3772 1110 3864 1164 κᾶν

2298 1204 2435 1273 πρὸς
2472 1202 2667 1273 μικρὸν
2712 1200 2975 1271 ἀπεῖρξαι
3009 1202 3104 1255 καὶ
3139 1200 3442 1256 διώσασθαι
3474 1202 3571 1271 τῆς
3618 1201 3864 1271 πονηρίας

2298 1295 2395 1358 τὰς
2422 1295 2779 1365 ἐνθυμήσειςο
2815 1292 2954 1365 πλὴν
2988 1293 3128 1347 ἀλλὰ
3172 1293 3281 1364 γὰρ
3335 1293 3430 1346 καὶ
3475 1293 3639 1347 πάλιν
3682 1294 3865 1348 ἀνακα-

2299 1385 2561 1456 λούμενος
2600 1386 2816 1446 έαυτδν,
2868 1383 3215 1438 ἀκεσὼδυνον
3267 1382 3707 1455 ένθυμηθήσεται
3739 1385 3864 1454 λογι-

2301 1479 2460 1548 σμὸν,
2502 1477 2599 1531 καὶ
2630 1478 2974 1548 καταργήσει
3011 1475 3107 1531 καὶ
3129 1475 3360 1529 διολέσει
3386 1475 3480 1529 τοῦ
3505 1476 3864 1547 ἀντικειμένου

2301 1569 2400 1633 τὰς
2422 1566 2753 1640 προσϐολάς.

2374 1659 2546 1714 Τοῦτο
2573 1659 2683 1729 γὰρ
2715 1658 2936 1731 ᾐνίξατο
2975 1660 3177 1731 φήσας,
3226 1678 3245 1712 ι
3281 1659 3406 1712 Ὅτι
3436 1659 3572 1728 ῐαμα
3598 1659 3866 1712 καταπαύο

622 1751 767 1805 ratio
818 1750 1160 1820 requiescere
1218 1748 1378 1801 faciet
1429 1756 1647 1817 peccata
1697 1761 1912 1815 magna.
1986 1762 2004 1796 ι
2040 1743 2205 1813 239

2306 1769 2389 1806 σει
2421 1750 2695 1823 ἁμαρτίας
2741 1750 3007 1822 μεγάλας.
3050 1770 3067 1802 i
3116 1750 3175 1803 Ὀ
3208 1750 3306 1821 μὲν
3341 1745 3436 1803 οῦν
3481 1748 3685 1819 Κύριός
3720 1766 3867 1819 φησιν

623 1842 713 1896 Ait
754 1858 885 1896 vero
919 1841 1181 1895 Dominus
1221 1839 1277 1892 in
1313 1838 1650 1907 Evangeliis:
1698 1855 1715 1888 ι
1752 1835 1914 1891 Venit
1950 1836 2203 1906 princeps

2309 1846 2367 1897 ὲν
2394 1846 2505 1908 τοῖς
2539 1844 2891 1913 Εὑαγγελίοις
2911 1861 2926 1876 ο
2961 1863 2979 1895 ι
3006 1844 3267 1914 Ἔρχεται
3290 1844 3319 1896 ὁ
3344 1842 3527 1913 ἄρχων
3557 1842 3653 1896 τοῦ
3680 1843 3866 1910 κόσμου

626 1930 819 1985 mundi
896 1932 1094 1999 hujus,
1148 1938 1201 1982 et
1263 1928 1318 1981 in
1384 1943 1470 1982 me
1546 1942 1651 1981 non
1734 1926 1975 1981 inveniet
2041 1925 2204 1995 quid-

2306 1936 2517 2002 τούτου,
2550 1938 2646 1991 καὶ
2689 1937 2751 1990 ἐν
2798 1935 2924 2006 ἐμοὶ
2979 1936 3203 2006 εὑρήσει
3235 1935 3388 1987 οὐδέν
3408 1950 3423 1966 ⁸
3458 1953 3475 1985 ι
3505 1935 3866 2005 ἀπαράδεκτον

626 2038 789 2093 quam
828 2022 979 2095 (61);
1011 2040 1029 2073 ι
1050 2022 1309 2073 intactum
1343 2019 1551 2073 scilicet
1584 2017 1851 2087 planeque
1902 2017 2200 2070 immunem

628 2117 697 2170 ab
717 2116 867 2171 omni
910 2115 1051 2169 mala
1092 2113 1420 2183 c0gitatione
1443 2112 1726 2181 declarans
1757 2110 2002 2164 animum
2040 2123 2203 2163 suum

628 2207 1039 2262 immaculatum
1072 2216 1237 2276 atque
1270 2206 1541 2260 divinum.
1583 2204 1636 2258 ls
1677 2203 1823 2257 enim
1869 2217 1995 2258 cum
2030 2209 2201 2265 esset,

628 2314 693 2354 ac
716 2298 1165 2369 baptismatejam
1198 2305 1473 2368 suscepto,
1508 2296 1652 2366 quod
1681 2302 1931 2348 naturam
1959 2302 2204 2347 nostram

629 2393 948 2459 mundabat,
1005 2393 1060 2447 in
1116 2391 1348 2447 desertis
1403 2395 1801 2460 perseveraret,
1845 2387 2083 2443 accessit
2137 2386 2206 2441 ad

626 2500 756 2541 eum
802 2484 1056 2539 diabolus
1093 2522 1109 2547 ,
1164 2481 1464 2552 voluptatis
1515 2479 1881 2551 cogitationes
1931 2487 1989 2534 et
2027 2479 2207 2533 inanis

632 2575 821 2647 gloriae
847 2585 1014 2644 atque
1050 2574 1295 2629 avaritiae
1322 2572 1797 2643 impudentissime
1824 2569 2116 2640 ingerens:
2152 2580 2208 2625 at

631 2681 759 2721 cum
789 2665 937 2720 nullo
964 2680 1197 2735 usquam
1236 2664 1401 2719 modo
1424 2664 1606 2717 locum
1639 2661 1744 2717 sibi
1779 2661 2099 2723 invenisset.
2124 2677 2209 2716 re-

634 2759 829 2829 pulsus
855 2768 939 2815 est
971 2764 1298 2828 penitusque
1325 2756 1593 2825 dispertit,
1620 2769 1901 2823 nunquam
1944 2753 1998 2807 in
2021 2764 2208 2824 poste-

634 2864 760 2904 rum
783 2864 908 2904 cum
938 2864 1004 2905 eo
1035 2847 1318 2903 decertare
1338 2861 1544 2910 ausus,
1577 2861 1609 2899 ει
1641 2861 1752 2915 quo
1786 2844 1997 2899 idoneis
2037 2858 2211 2914 oppo-

633 2942 866 3012 sitisque
915 2939 1194 3009 responsis
1238 2939 1458 3003 victus,
1510 2950 1621 2991 non
1670 2936 1829 2991 aliter
1898 2933 2206 3006 aufugerat,

634 3049 800 3103 quam
832 3048 1027 3089 servus
1061 3031 1289 3103 ﬂagellis
1324 3045 1502 3086 cazsus
1544 3043 1612 3085 ac
1660 3028 2005 3084 vulneratus.
2048 3027 2211 3084 Addit

633 3126 832 3182 deinde
856 3124 1076 3197 sapiens
1098 3122 1501 3181 Ecclesiastes:

2304 2027 2399 2079 καὶ
2431 2026 2710 2090 παντελῶς
2761 2026 3214 2096 ἀπροσπέλαστον
3261 2025 3444 2095 πάσης
3501 2026 3869 2095 ἁμαρτητικῆς

2306 2118 2658 2189 ἐνθυμήσεως
2705 2117 3104 2189 παρεμφαίνων
3141 2117 3231 2170 τὸν
3273 2117 3543 2187 ἄχραντον
3573 2119 3671 2170 καὶ
3703 2117 3868 2184 Bened-

2308 2224 2400 2282 ρον
2430 2208 2596 2263 αὑτοῦ
2627 2207 2775 2263 νοῦν.
2807 2205 2965 2260 Οῦτω
2990 2207 3098 2278 γὰρ
3131 2207 3222 2260 καὶ
3253 2210 3392 2279 μετᾶ
3422 2206 3483 2260 τὸ
3513 2207 3862 2278 βαπτισθῆναι

2304 2300 2368 2352 τὸ
2395 2299 2727 2369 καθαρτικὸν
2746 2299 2845 2369 τῆς
2860 2300 3135 2371 ἡμετέρας
3165 2299 3381 2368 φύσεως
3408 2299 3697 2370 βάπτισμα
3716 2317 3868 2370 προσ-

2307 2392 2666 2463 καρτεροῦντι
2718 2391 2863 2445 κατὰ
2901 2391 2999 2461 τὴν
3050 2391 3296 2463 ἔρημον,
3352 2396 3382 2447 δ
3433 2393 3691 2456 Διάϐολος
3739 2392 3868 2463 αὐτῷ

2307 2484 2697 2557 προσελήλυθε.
2723 2484 2852 2548 τοὺς
2877 2484 2976 2554 τῆς
2993 2484 3190 2555 ἡδονῆς
3211 2484 3507 2554 λογισμοὺς
3530 2485 3625 2539 καὶ
3646 2485 3767 2547 τοὺς
3785 2488 3867 2552 τῆς

2307 2576 2613 2643 κενοδοξίας
2662 2578 2755 2632 καὶ
2806 2578 3250 2650 φιλοχρηματίας
3289 2579 3706 2651 παρεισκρίνων
3749 2581 3869 2647 μετὰ

2307 2670 2510 2741 πολλῆς
2547 2669 2853 2734 ἀναιδείαςο
2888 2669 3024 2724 ἀλλὰ
3062 2671 3292 2742 μηδαμῆ
3327 2670 3598 2742 μηδαμῶς
3640 2666 3868 2739 εὑρηκὼς

2309 2762 2458 2833 αὐτῷ
2482 2761 3036 2831 τόπον,άπεκρούσθη
3054 2764 3148 2816 καὶ
3180 2762 3417 2816 διώλωλε
3444 2762 3747 2824 παντελῶς,
3774 2778 3866 2830 pr;-

2309 2854 2428 2907 κέτι
2464 2854 2873 2925 προσ-παλαῖσαι
2911 2855 3340 2927 κατατολμήσας
3384 2854 3462 2925 τῷ
3514 2854 3606 2922 ὑφ’
3640 2848 3704 2908 οὗ
3732 2870 3870 2921 νικη-

2310 2942 2424 3008 θεὶς
2448 2948 2568 3006 ταῖς
2596 2945 2952 3013 καταλλήλοις
2979 2945 3090 2999 τῶν
3116 2948 3491 3016 ἁντιρῤήσεων
3517 2944 3871 3013 ἀντιπαρατάο

2311 3034 2479 3102 ξεσιν,
2509 3036 2908 3107 ἐδραπέτευσεν
2954 3035 3045 3092 οἷά
3091 3055 3176 3101 τις
3228 3036 3414 3100 δοῦλος
3462 3036 3754 3108 μαστιγίας
3790 3035 3872 3088 καὶ

2310 3128 2678 3198 τραυματίας.
2711 3124 2846 3184 Εἶτά
2884 3145 3053 3200 φησιν
3086 3131 3116 3184 ὁ
3144 3129 3312 3200 σοφὸς
3350 3128 3810 3201 Ἐκκλησιαστής·

2179 3218 2207 3290 5
2246 3218 2338 3276 lx.
3860 3233 3884 3265 .

707 3311 876 3392 Vnus.
908 3313 1030 3370 5-7.
1066 3310 1164 3366 Est
1192 3311 1415 3377 malum,
1461 3311 1602 3381 quod
1633 3311 1741 3365 vidi
1778 3315 1874 3366 sub
1901 3313 2034 3377 sole,
2063 3315 2218 3384 quasi
2246 3322 2286 3377 C

636 3422 745 3462 non
774 3414 1122 3475 spontaneum
1150 3405 1292 3474 quod
1332 3405 1494 3458 exivit
1534 3421 1569 3458 a
1605 3405 1742 3474 {acie
1767 3417 2084 3475 potestatem
2121 3407 2219 3459 Ita-

640 3498 831 3554 bentis.
864 3497 1035 3553 Datus
1064 3507 1141 3552 est
1171 3497 1368 3551 stultus
1412 3500 1467 3551 in
1512 3498 1932 3553 sublimitatibus
1982 3501 2214 3570 magnis,

636 3602 691 3648 et
716 3590 982 3645 diuitesin
1022 3590 1213 3644 humili
1258 3602 1540 3657 ponentur.
1585 3590 1708 3645 Vidi
1747 3608 1919 3646 servos
1959 3593 2015 3646 in
2048 3594 2216 3663 equis,

638 3694 693 3739 et
759 3684 1021 3753 principes
1087 3682 1422 3737 ambulantes
1476 3685 1629 3754 quasi
1671 3700 1849 3737 seruos
1903 3700 2058 3755 super
2111 3694 2217 3739 ter-

641 3792 761 3831 ram
792 3775 925 3847 (62).
2104 3818 2111 3827 .

719 3867 789 3923 Ut
818 3869 1016 3925 obvius
1046 3867 1339 3923 verborum
1376 3876 1461 3922 est
1489 3881 1707 3933 sensus,
1738 3867 1831 3922 hic
1877 3882 2095 3938 quoque
2126 3867 2219 3921 de-

642 3959 849 4032 signari
881 3960 1132 4015 videntur
1174 3975 1278 4016 nec
1304 3959 1515 4030 opinati
1575 3958 1792 4015 favores
1844 3969 2129 4030 potentum
2165 3969 2220 4014 et

643 4049 896 4106 absurdae
926 4051 1323 4121 promotiones,
1355 4051 1427 4106 ob
1459 4066 1621 4120 .quas
1670 4066 1813 4121 saepe
1860 4053 1921 4105 lit
1960 4051 2219 4106 ut‘homo

644 4142 850 4198 stultus
879 4142 1146 4197 militares
1170 4141 1374 4213 gradus
1400 4158 1737 4214 magnasque
1766 4143 2061 4214 dignitates
2079 4142 2222 4199 obti.

648 4242 795 4299 neat,
822 4248 887 4288 ac
927 4233 1224 4304 plurimum
1257 4243 1524 4304 potestate
1552 4235 1729 4290 valeat
1760 4234 1843 4289 vel
1893 4234 1962 4290 ob
2003 4248 2218 4288 morum

645 4323 1061 4380 similitudinem
1091 4323 1173 4378 vel
1202 4322 1273 4378 ob
1301 4333 1537 4379 veterem
1567 4323 1993 4393 diuturnamque
2030 4320 2223 4377 amici-

645 4415 779 4469 tiam
808 4415 895 4470 vel
928 4415 1166 4484 ineptam
1200 4416 1363 4469 aliam
1394 4416 1630 4487 aliquam
1667 4416 1739 4471 ob
1766 4430 1989 4470 causam
2032 4428 2099 4468 ex
2128 4412 2219 4478 iis,

647 4520 790 4576 quas
838 4503 973 4559 falsa
1024 4505 1311 4561 hominum
1368 4506 1576 4577 judicia
1636 4509 1793 4578 sequi
1835 4507 2028 4562 solent.
2080 4503 2219 4561 Cum

645 4597 794 4651 enim
824 4595 1090 4664 ejusmodi
1116 4598 1370 4654 homines
1405 4601 1637 4655 summis
1680 4601 2102 4670 magistratuum
2125 4599 2220 4654 ~di-

2393 3319 2559 3373 Ἔστι
2598 3319 2878 3387 πονηρία,
2927 3317 3009 3387 ἢν
3034 3316 3199 3373 εἶδον
3230 3318 3350 3374 ὐπὸ
3401 3319 3511 3372 τὸν
3555 3317 3761 3386 ἣλιον,
3803 3317 3871 3382 ὡς

2319 3409 2611 3465 ἀκούσιον
2632 3410 2665 3463 ὃ
2693 3411 2955 3478 ἐξῆλθεν
2982 3412 3099 3465 ἀπὸ
3122 3412 3446 3479 προσώπου
3476 3411 3584 3464 τοῦ
3617 3409 3871 3475 ἐξουσιὰ·

2320 3500 2541 3567 ζοντος.
2590 3502 2801 3571 Ἐδόθη
2828 3506 2861 3558 δ
2888 3504 3097 3573 ἄφρων
3123 3504 3192 3557 ἐν
3226 3505 3414 3572 ὕψεσι
3447 3503 3757 3572 μεγάλοις,
3791 3501 3873 3554 καί

2319 3596 2603 3649 πλούσιοι
2631 3595 2702 3649 ἐν
2730 3596 2988 3661 ταπεινῷ
3014 3595 3390 3663 τεθήσονται.
3417 3595 3598 3648 Εἶδον
3640 3595 3872 3659 δούλους

2318 3683 2412 3753 ἐφ’
2441 3685 2688 3751 ἵππους,
2721 3685 2820 3739 καί
2850 3685 3148 3754 ἄρχοντας
3178 3687 3624 3755 πορευομένους
3654 3688 3732 3752 ὠς
3767 3685 3872 3737 dcti-

2321 3779 2469 3843 λους
2498 3778 2596 3831 ἐπὶ
2624 3777 2735 3845 τῆς
2770 3775 2899 3847 γῆς.

2391 3868 2673 3940 Αίσθητῶς
2717 3870 2816 3939 μὲν
2865 3868 3238 3939 ὑποληπτέον,
3283 3867 3564 3924 κάνταῦθα
3605 3868 3869 3940 δηλοῦσθαι

2319 3958 2419 4022 τὰς
2447 3960 2885 4030 ἀπερισκέπτους
2917 3958 3011 4011 καί
3038 3958 3385 4029 παραλόγους
3412 3960 3778 4031 προχειρίσεις
3794 3957 3869 4010 καὶ

2321 4050 2592 4122 προϐολὰς
2636 4050 2749 4103 τῶν
2801 4048 3174 4120 κρατούντων,
3222 4045 3311 4113 αἶς
3357 4048 3591 4120 εὓρηται
3636 4049 3870 4110 πολλάκις

2320 4144 2512 4212 ἄφρων
2538 4142 2677 4213 ἀνὴρ
2700 4144 2757 4195 ὲν
2782 4144 3172 4213 στρατηγικοῖς
3199 4142 3292 4195 καὶ
3324 4140 3582 4211 μεγάλοις
3605 4142 3870 4212 ὑψώμασιν

2323 4233 2675 4305 ὑπεραρθεὶς,
2693 4234 2788 4288 καὶ
2824 4231 3240 4303 μεγαλυνθεὶςῆ
3274 4231 3363 4285 διὰ
3406 4231 3612 4303 τρόπον
3650 4248 3869 4300 συγγενι-

2324 4325 2417 4379 κὸν
2448 4326 2481 4393 ἢ
2517 4324 2699 4394 φιλίαν
2720 4324 2994 4395 ἀρχαϊκὴν
3015 4325 3110 4377 καὶ
3131 4325 3351 4393 χρονίαν
3374 4324 3407 4393 ή
3438 4340 3563 4376 τινα
3586 4323 3871 4395 παράλογον

2322 4417 2489 4488 ἄλλην
2544 4417 2724 4471 αἰτίαν
2776 4417 2885 4469 τῶν
2930 4416 3333 4487 παρεπομένων
3368 4416 3489 4476 ταῖς
3528 4413 3871 4484 ἀνθρωπίναις

2325 4512 2569 4584 κρίσεσιν
2604 4509 2988 4581 ἐσφαλμέναις.
3023 4506 3144 4559 Τῶν
3178 4506 3288 4577 γὰρ
3324 4506 3582 4559 τοιούτων
3614 4503 3871 4576 ὑπηργμέ-

2324 4625 2432 4661 νων
2475 4607 2534 4660 ὲν
2566 4605 2852 4676 ὑψώμασιν
2886 4602 3212 4672 ἀξιωμάτων
3250 4600 3612 4671 άρχοντικῶν,
3642 4601 3870 4671 εὕρηνται

646 4690 948 4760 gnitatibus
981 4690 1138 4762 potiti
1166 4689 1389 4755 fuerint,
1430 4707 1560 4746 mox
1592 4693 1710 4748 vice
1736 4667 1917 4757 versa,
1953 4693 2047 4764 qui
2081 4693 2213 4747 divi-

2327 4700 2574 4755 πλούσιοι
2603 4667 2664 4753 τὸ
2691 4667 3274 4769 έμπαλιν-ὲννάφανείᾳ
3291 4667 3395 4747 Qui
3420 4667 3769 4765 ταπεινότητι
3794 4692 3869 4745 καὶ

649 4792 734 4839 tes
773 4790 958 4849 erant,
1005 4782 1073 4837 ad
1113 4782 1406 4837 obscuram
1460 4794 1514 4839 et
1555 4784 1819 4853 abiectam
1858 4794 1914 4841 et
1958 4784 2222 4840 humilem

648 4873 818 4928 vitam
838 4874 1129 4930 translatos
1151 4874 1395 4929 invenias
1414 4876 1525 4946 (65)
1554 4894 1566 4929 :
1596 4892 1830 4947 cumque
1857 4877 2223 4948 principatum

649 4991 746 5044 Δεῖ
783 4986 879 5043 οῦν
925 4989 1001 5063 μὴ
1036 4989 1536 5063 συγκατατίθεσθαι
1577 4993 1691 5055 τοῖς
1716 4993 2095 5063 φαντάσμασι.
2127 4992 2225 5046 Γέ-

648 5077 904 5133 γραπται.
924 5060 1054 5133 γάρ,
1076 5061 1166 5133 Δὡς
1203 5060 1345 5133 Ἐὰν
1370 5061 1608 5133 πνεῦμα
1634 5060 1746 5133 τοῦ
1767 5060 2224 5128 ἐξουοίιάζοντος

648 5129 846 5204 ἀναϐῇ
882 5129 980 5183 ἐπὶ
1007 5129 1117 5204 οὲ,
1140 5131 1333 5204 τόπον
1358 5148 1476 5204 σου
1514 5129 1595 5204 μὴ
1625 5132 1805 5202 ἀφῇς.
1848 5135 1912 5187 Ἥ
1942 5133 2050 5203 γὰρ
2088 5134 2223 5204 πρὸς

650 5201 843 5275 ταῦτα
880 5200 1292 5275 συγκατάθεσιςΔ
1323 5200 1621 5275 ,ἀντίζηλός
1668 5200 1792 5257 ’ἐστι
1862 5207 1927 5274 τῇ
1956 5200 2221 5275 ίκοσμίκῇ

652 5274 903 5343 πορνείᾳ.
943 5272 998 5325 ld
1033 5285 1118 5326 est
1154 5289 1168 5327 :
1230 5270 1361 5327 Vide
1406 5270 1669 5327 undenam
1714 5270 1975 5343 evaseris,
2035 5270 2125 5327 nec
2177 5270 2224 5326 te

654 5342 972 5414 negligenter
998 5358 1143 5412 geres
1166 5344 1310 5396 circa
1370 5344 1671 5414 prwsentia.
1710 5342 1957 5414 lpsunme
1988 5344 2225 5414 fornica-

655 5412 812 5466 tionis
845 5412 1053 5484 facinus
1081 5416 1270 5467 victrix-
1296 5414 1522 5483 rejecisti
1540 5415 1564 5467 Ρ
1589 5412 1883 5484 Eam,qu
1922 5412 2011 5481 per
2044 5431 2226 5469 sensus

654 5495 943 5555 exercetur,
976 5482 1072 5537 tibi
1091 5484 1274 5552 objicit
1296 5482 1561 5539 inimicus.
1591 5482 1823 5555 Cumque
1848 5486 1911 5539 ab
1942 5490 2039 5539 hac
2064 5487 2226 5539 etiam

658 5554 1047 5625 tecohibueris,
1078 5557 1204 5623 quia
1234 5556 1496 5608 malorum
1525 5554 1753 5624 primum
1795 5556 2077 5625 fornicatio
2103 5565 2178 5611 est
2204 5572 2222 5618 ;

654 5623 929 5677 etiamtum
962 5625 1013 5675 in
1052 5626 1425 5693 cogitationum
1456 5623 1727 5678 domicilio
1776 5623 1903 5679 latet
1942 5628 2126 5690 hostis,
2164 5643 2227 5679 ac

656 5695 893 5747 materia:
943 5710 1123 5754 expers
1164 5696 1219 5748 in
1253 5705 1300 5748 te
1326 5698 1552 5749 concitat
1578 5695 1790 5750 bellum.
1827 5696 2051 5750 Decorus
2088 5698 2225 5750 enim

656 5764 817 5840 {acies
845 5779 907 5817 ac
929 5765 1205 5840 indecoras
1234 5767 1433 5840 ﬁguras
1472 5779 1520 5819 et
1550 5777 1720 5840 vetera
1754 5768 2017 5840 colloquia
2043 5784 2227 5837 sugge-

657 5835 729 5891 ιη
764 5835 861 5903 eis,
892 5851 1009 5906 qua:
1044 5837 1341 5891 solitariam
1378 5846 1539 5907 agunt
1573 5838 1751 5891 vitam.
1794 5838 1861 5891 At
1891 5835 1990 5892 non
2025 5835 2228 5907 oportet

2324 4789 2666 4862 χαμαιζηλίᾳ
2685 4788 2987 4859 τεθειμένοι
3008 4804 3020 4818 ·
3051 4786 3145 4840 καὶ
3164 4785 3530 4849 δεσποζόντων
3551 4786 3649 4839 καὶ
3677 4802 3868 4855 κυριευ-

2324 4884 2494 4937 όντων
2532 4882 2643 4935 τῶν
2689 4881 2819 4953 πρὶν
2851 4880 3075 4947 δούλων,
3115 4880 3374 4947 ἄρχοντες
3405 4878 3747 4949 καθορῶνται
3774 4878 3871 4937 ταῖς

2324 4995 2715 5066 phantasmatis
2740 4996 3017 5060 assentiri;
3054 4994 3179 5065 quia
3216 4995 3472 5064 scriptum
3503 5002 3625 5046 est:
3653 4990 3869 5066 Sispiri-

2329 5064 2415 5122 tus
2439 5076 2765 5135 potestatem
2801 5066 3049 5121 habentis
3072 5066 3383 5119 ascenderit
3416 5079 3581 5129 super
3617 5073 3690 5128 te,
3720 5064 3866 5116 locum

2328 5149 2481 5191 tuum
2507 5152 2575 5191 ne
2597 5138 2891 5193 dimiseris.
2913 5136 3114 5205 Quippe
3136 5151 3418 5189 consensus
3440 5135 3582 5187 circa
3602 5136 3708 5189 [nec
3728 5136 3866 5202 ipsum

2329 5207 2705 5277 fornicationis
2734 5209 2932 5277 crimen
2961 5205 3264 5277 wmulatur_.

2329 5270 2340 5277 ’
2400 5277 2514 5347 (61)
2541 5276 2699 5331 Joan.
2735 5293 2849 5342 xlv,
2890 5276 2980 5331 50.
3034 5277 3104 5329 At
3140 5278 3195 5329 in
3238 5273 3486 5346 Vulgatis
3525 5284 3641 5330 est.
3664 5315 3679 5329 .
3702 5314 3715 5327 .
3738 5312 3751 5327 .
3778 5270 3868 5323 Οὐκ

2329 5347 2443 5399 ἔνει
2475 5348 2648 5399 οὐδέν.

2395 5364 2443 5398 ει
2475 5364 2648 5401 ουοεν.

2358 5366 2778 5485 Xiisezoffiixx
2798 5415 3032 5471 habent.
3055 5456 3069 5470 .
3092 5456 3106 5470 .
3123 5456 3139 5471 .
3171 5414 3283 5469 Καὶ
3310 5414 3557 5469 πλούσιοι
3579 5415 3639 5467 ὲν
3661 5404 3867 5476 ταπεινῷ

2330 5489 2693 5558 καθήσονται.
2717 5525 2758 5540 ..
2788 5529 2801 5542 .
2883 5556 2894 5558 _
3387 5555 3396 5558 _
3747 5553 3756 5558 _
3796 5546 3844 5558 -..

2406 5546 2518 5625 (63)
2546 5556 2700 5612 lluuc
2725 5558 2851 5610 olim
2883 5556 3060 5612 locum
3086 5559 3139 5608 in
3173 5555 3491 5612 memoriam
3517 5546 3868 5625 revocavit

2332 5618 2421 5681 lus
2454 5618 2714 5697 POmpeio
2753 5628 3007 5690 diacono,
3053 5627 3274 5680 miranti
3304 5642 3498 5695 nempe
3545 5641 3608 5679 ac
3640 5618 3865 5692 stupcnli.

2332 5700 2482 5768 quod
2529 5698 2729 5766 impius
2763 5698 2927 5752 homo
2967 5698 3201 5768 honores
3252 5707 3446 5768 nactus
3493 5705 3636 5750 esset
3678 5702 3869 5768 magni)!

2334 5758 2496 5837 atque
2528 5758 2811 5838 praeclaros
2835 5768 3030 5837 (Epist.
3054 5766 3151 5838 74)
3188 5782 3202 5820 :
3241 5767 3552 5838 Μνήσθητι,
3582 5758 3869 5838 inquil_,_1ic

2336 5833 2559 5909 Γράφῆξ
2588 5833 3018 5911 έμδυώση’ς,’ὅτι
3064 5833 3268 5906 Ἐδόθη
3308 5833 3603 5906 δ’ἀσὲσὴς
3628 5833 3695 5890 έν
3722 5834 3868 5900 ὕψεσι
