4114 6526
286 354 422 425 1097

1308 360 1390 421 IN
1425 358 2009 425 ECCIESIASTEN.
2041 387 2111 400 -
2148 364 2300 428 LIB.
2339 365 2448 431 IX.

3402 365 3539 430 1098

278 480 557 541 δουλικαῖς
589 477 890 549 ύπολήψεσι
914 476 1208 542 διαζῶντες
1233 476 1326 530 ἐπὶ
1351 476 1454 547 τῆς
1474 476 1599 546 γῆς.
1641 476 1866 547 Ἀρχόν-

1975 475 2131 549 240
2165 478 2703 551 dominationemque
2763 478 3035 537 tenuerint
3096 480 3190 549 qui
3229 490 3356 537 ante
3395 482 3542 541 servi

278 588 380 633 τας
410 570 463 622 δέ
487 588 630 639 φημι
653 570 748 623 καὶ
777 568 1067 631 πλουσίους
1095 568 1223 631 τοὺς
1247 566 1485 637 ἀρχικῆς
1509 566 1589 635 τῷ
1610 566 1725 621 ὄντι
1748 581 1874 636 φρο-

279 664 494 733 νήσεως
524 663 891 732 ἀναμέστους,
936 659 1032 713 καὶ
1071 659 1305 712 πλοῦτον
1351 659 1572 728 ἔχοντας
1622 656 1871 725 φυσικῶν

279 753 506 805 ἐννοιῶν
532 754 674 820 ἀγαν
707 750 1031 822 ἐπιτηδείων
1069 749 1207 815 πρὸς
1245 749 1638 819 μεταχείρησιν
1661 747 1870 816 ήγεμο-

280 844 439 911 νικῆς
467 844 741 909 ἐξουσίας.

351 932 525 987 Τοῦτο
552 932 736 984 τοίνυν
766 932 935 1001 φησιν
954 930 1031 993 ὡς
1065 928 1323 993 ἀκούσιον
1353 925 1621 994 πονηρίαν
1655 925 1760 979 ὑπὸ
1782 925 1871 979 τὸν

278 1024 433 1093 ἥλιον
466 1024 597 1076 ἰδεῖν
632 1024 661 1075 ὁ
684 1021 847 1090 σοφὸς
892 1020 1329 1089 Ἑκκλησιαστής
1350 1034 1364 1048 ·
1397 1016 1430 1088 ἢ
1460 1016 1549 1069 διὰ
1579 1015 1637 1069 τὸ
1659 1017 1872 1085 ἀγνοεῖ-

282 1115 407 1169 σθαι
473 1114 569 1166 καὶ
621 1111 909 1166 λανθάνειν
968 1113 1095 1174 τοὺς
1147 1107 1706 1179 προκεχειρισμένους
1756 1110 1873 1172 τοῖς

281 1201 727 1274 προχειρίζουσιν
750 1218 763 1231 ·
794 1202 827 1273 ἢ
854 1202 943 1255 διὰ
984 1199 1047 1254 τὸ
1077 1198 1475 1269 φενακισθῆναι
1503 1214 1648 1269 τισιν
1688 1197 1871 1253 ἐλπίσι

282 1296 612 1364 κρειττόνων
650 1293 957 1347 ἐκϐάσεων.
991 1293 1164 1346 Τοῦτο
1195 1292 1305 1361 γάρ
1344 1290 1635 1362 σημαίνειν
1656 1292 1871 1362 οἰητέον

281 1388 312 1440 δ
343 1403 509 1455 φησιν
542 1405 559 1436 ι
609 1386 684 1446 ὼς
722 1385 1014 1439 ἀκούσιον·
1057 1404 1075 1437 ι
1109 1385 1171 1438 οὐ
1202 1383 1312 1455 γὰρ
1347 1401 1364 1434 ι
1403 1382 1684 1445 παντελῶς
1708 1382 1871 1436 όικού⁸

288 1493 407 1528 σιον
462 1494 479 1526 ι
519 1475 677 1528 τοῦτό
736 1493 924 1547 φησιν,
976 1475 1093 1529 ἀλλ’
1129 1495 1147 1527 ι
1208 1476 1285 1539 ὼς
1329 1474 1606 1540 ἀκούσιον,
1647 1494 1665 1525 ι
1702 1476 1871 1545 ήγουν

288 1565 589 1635 ὁμοιότητά
612 1581 735 1617 τινα
776 1564 931 1635 φέρει
972 1564 1293 1634 διοικήσεως
1329 1563 1592 1632 ἀθελήτου
1619 1576 1633 1592 ⁸
1662 1562 1741 1615 διὸ
1774 1562 1871 1615 καὶ

288 1656 556 1719 πολλάκις
600 1657 649 1708 οἰ
702 1657 1064 1726 κρατοῦντες.
1129 1654 1605 1727 μεταμεληθέντες
1653 1656 1711 1707 ἐν
1748 1655 1871 1717 ταῖς

283 1750 573 1823 ἀδοκήτοις
616 1748 912 1813 ἐκϐάσεσι,
951 1748 1253 1818 μεθιστῶσι
1292 1749 1419 1811 τοὺς
1475 1747 1755 1809 τοιούτους
1793 1740 1871 1800 ὧν

282 1820 565 1897 διέπουσιν
596 1842 840 1913 ἀρχικῶν
872 1842 970 1896 καὶ
1002 1841 1254 1910 μεγάλων
1286 1840 1617 1910 ἀξιωμάτων
1638 1857 1653 1871 ν
1691 1840 1873 1904 ιέξου-
1904 1820 1944 1875 Β

285 1934 544 1999 σιάζοντα
584 1954 603 1988 s
644 1934 752 2006 γὰρ
794 1932 890 1986 νῦν
923 1932 1016 1986 τὸν
1046 1932 1188 1985 κατά
1246 1931 1477 2003 καιροὺς
1524 1931 1753 2003 κρατεῖν
1786 1930 1881 1984 καὶ

286 2023 601 2093 βασιλεύειν
626 2023 889 2094 λελαχότα
916 2020 1070 2093 φησί.
1112 2020 1533 2089 Καταγινὼσκει
1570 2019 1747 2073 τοίνυν
1772 2019 1881 2071 τῶν

291 2115 367 2186 μή
402 2116 520 2169 κατ’
552 2115 784 2187 ἐκλογὴν
823 2112 1327 2185 προχειριζομένων
1370 2112 1497 2176 τοὺς
1537 2112 1880 2183 ἡγεμονικήν

287 2205 523 2259 διάνοιαν
560 2205 703 2275 ἔχειν
736 2204 1192 2271 διεγνωσμένους,
1228 2201 1325 2255 καὶ
1356 2201 1457 2268 τῆς
1502 2201 1752 2265 δουλείας
1771 2202 1879 2255 τῶν

284 2294 536 2367 ψυχικῶν
562 2296 656 2349 καὶ
689 2311 971 2367 σαρκικων
998 2292 1187 2347 παθῶν
1213 2293 1562 2364 ἐλευθέρους,
1590 2295 1688 2347 καὶ
1715 2294 1880 2347 πλου-

287 2388 516 2452 τοῦντας
546 2390 604 2441 ἐν
640 2390 890 2457 φυσικοῖς
920 2387 1016 2442 καὶ
1044 2389 1461 2459 προαιρετικοῖς
1488 2386 1732 2455 ἀγαθοῖς.

1969 575 2147 632 erant,
2176 569 2450 639 principes
2479 569 2662 625 servili
2708 570 2894 625 animo
2925 569 3091 624 vitam
3130 585 3292 641 agere
3328 571 3538 629 videas.

1972 652 2260 726 Principes
2291 672 2460 727 porro
2489 674 2554 715 ac
2580 658 2779 715 divites
2807 660 3021 730 appello
3042 698 3059 725 ,
3102 661 3195 730 qui
3252 661 3541 733 principali

1969 746 2259 818 prudentia
2290 764 2481 821 reapse
2508 751 2720 820 prmditi
2750 751 2861 806 sint
2880 790 2895 816 ,
2947 758 3002 807 et
3031 762 3242 808 naturae
3269 767 3402 822 Opes
3441 755 3541 809 ha-

1969 835 2153 902 beant,
2178 836 2372 894 idonea
2405 854 2599 911 nempe
2626 842 2876 911 gerendae
2901 842 3157 910 potestati
3183 842 3433 898 consilia.

2040 925 2097 982 id
2130 928 2297 998 igitur
2327 929 2460 983 illud
2492 941 2575 986 est
2601 932 2841 998 malum,
2889 931 3035 1002 quod
3087 932 3307 1003 sapiens
3359 932 3544 988 Eccleo

1971 1018 2168 1074 siastes
2202 1020 2305 1075 sub
2329 1020 2443 1075 sole
2474 1035 2535 1075 se
2569 1021 2775 1077 vidisse
2806 1022 2883 1077 ait
2930 1033 3189 1093 tanquam
3236 1040 3344 1079 non
3380 1040 3547 1094 spon-

1969 1120 2216 1175 taneum,
2247 1110 2331 1165 vel
2361 1112 2506 1182 quod
2539 1112 2630 1183 qui
2655 1113 2791 1169 alios
2826 1124 3184 1182 promovent,
3210 1115 3462 1185 ignorant
3482 1133 3545 1171 ac

1969 1201 2195 1256 minime
2220 1201 2521 1270 dispiciunt
2538 1216 2678 1272 quos
2701 1203 2973 1271 evellant;
3000 1206 3084 1259 vel
3118 1207 3264 1275 quod
3290 1222 3385 1276 spe
3408 1224 3547 1278 qua-

1968 1293 2094 1347 dam
2120 1292 2361 1347 melioris
2395 1293 2572 1346 exitus
2595 1290 2956 1361 decipiuntur.
3004 1290 3139 1347 Nam
3172 1294 3311 1350 hanc
3345 1295 3547 1353 habere

1969 1383 2419 1454 signiﬁcationem
2436 1383 2798 1455 videturquod
2817 1383 2914 1439 ait:
2938 1382 3247 1454 tTanquam
3267 1402 3371 1441 non
3391 1401 3549 1457 spon-

1971 1484 2213 1532 taneum.
2244 1497 2261 1527 ι
2305 1476 2491 1548 Neque
2520 1479 2662 1532 enim
2700 1476 2831 1532 dicit
2861 1494 2875 1532 :
2916 1496 2933 1529 ι
2978 1475 3213 1532 Omnino
3250 1495 3356 1533 non
3380 1497 3548 1550 spon-

1970 1576 2225 1634 taneum,
2282 1588 2300 1621 ι
2348 1570 2441 1624 sed
2496 1588 2518 1621 ι
2573 1577 2835 1640 tanquam
2882 1585 2993 1623 non
3060 1582 3471 1640 spontaneum,
3521 1590 3540 1623 ι

1970 1670 2133 1730 atque
2157 1662 2291 1716 adeo
2317 1660 2731 1716 similitudinem
2781 1661 3005 1716 exhibet
3041 1662 3336 1732 quamdam
3372 1664 3548 1719 admi-

1973 1752 2314 1807 nistrationis
2353 1751 2583 1807 minime
2624 1753 2966 1808 voluntariae.
3023 1754 3316 1823 Propterea
3357 1756 3546 1821 etiam,

1973 1842 2065 1912 qui
2095 1856 2323 1897 summa»
2349 1842 2428 1898 rei
2460 1852 2723 1914 praesunt,
2752 1859 2895 1915 saepe
2923 1844 2993 1900 ob
3039 1845 3347 1916 inopinatos
3369 1849 3549 1903 exitus

1975 1933 2326 2003 ptenitentes,
2355 1932 2442 1998 iis,
2483 1948 2624 2003 quos
2667 1945 2902 2005 gerunt,
2947 1935 3355 2006 magistratibus
3397 1953 3550 1993 suni-

1975 2021 2191 2094 misque
2214 2022 2517 2079 honoribus
2550 2023 2686 2079 tales
2722 2022 2974 2080 homines
3020 2025 3169 2081 abire
3198 2036 3420 2098 cogunt.
3449 2026 3550 2083 llic

1975 2110 2233 2167 nimirum
2281 2130 2301 2165 ι
2357 2121 2680 2183 potestatem
2716 2114 2925 2171 habens
2974 2134 2993 2168 ι
3031 2114 3122 2172 ille
3155 2117 3394 2185 dicitur,
3451 2120 3547 2190 qui

1974 2200 2043 2256 ad
2080 2211 2297 2271 tempus
2326 2202 2614 2272 imperium
2644 2219 2980 2276 regnumque
3003 2214 3196 2262 nactus
3228 2218 3328 2262 est.
3359 2208 3550 2279 Itaque

1976 2307 2071 2347 eos
2097 2293 2448 2359 condemnat,
2498 2293 2593 2366 qui
2656 2295 2710 2349 in
2765 2294 3091 2350 mandandis
3136 2296 3549 2367 magistratibus

1975 2384 2243 2440 delectum
2290 2401 2395 2440 non
2432 2385 2634 2441 habent
2668 2385 2886 2442 illorum
2932 2386 3023 2457 qui
3067 2398 3307 2458 spectata
3358 2389 3412 2442 in
3441 2388 3549 2444 im-

287 2483 460 2552 periis
492 2483 695 2537 virtute
725 2492 877 2547 sunt,
909 2493 963 2538 et
1001 2484 1189 2538 animo
1228 2481 1456 2536 minime
1496 2480 1681 2537 servili
1711 2490 1880 2552 atque
1919 2494 1949 2536 a
2013 2479 2406 2550 cupiditatibus
2464 2480 2668 2549 libero,
2720 2496 2787 2537 ac
2824 2480 2981 2537 bonis
3025 2488 3081 2535 et
3123 2479 3465 2536 naturalibus
3494 2491 3552 2538 et

285 2579 462 2649 partis
494 2578 711 2633 divites.

360 2670 423 2724 Ei
456 2669 513 2723 δέ
543 2686 625 2733 τις
652 2669 1011 2738 ἀναγωγικῶς
1039 2667 1388 2739 ἐξειληφέναι
1418 2669 1480 2723 τὸ
1505 2668 1681 2740 παρδν
1710 2669 1874 2741 ῥητὸν

286 2758 558 2828 ὲθελήσοι,
592 2760 690 2829 τὴν
719 2758 946 2829 ἄμειψιν
976 2760 1072 2812 καὶ
1117 2759 1409 2831 μετάθεσιν
1440 2758 1637 2831 δηλοῦν
1664 2760 1873 2830 οἰηθείη

288 2848 614 2921 πρεπόντως
654 2848 763 2900 τῶν
804 2848 1082 2917 ἑκατέρων
1116 2848 1283 2915 λαῶν,
1319 2848 1415 2902 τοῦ
1469 2848 1741 2903 Ἰουδαίων
1780 2848 1872 2918 δη-

286 2940 425 3011 λαδὴ
452 2939 552 2993 καὶ
580 2938 674 2991 τοῦ
714 2938 772 3003 ἐξ
816 2939 1007 2995 ἐθνῶν.
1051 2937 1110 2995 '0
1140 2940 1248 3011 γὰρ
1284 2941 1413 3010 πρὶν
1436 2939 1629 3011 ἄφρων
1654 2939 1870 3008 διεγνω-

288 3035 491 3104 σμένος
514 3033 543 3085 ό
563 3030 622 3097 ἐξ
650 3032 841 3094 ἐθνῶν,
875 3034 969 3086 καὶ
998 3032 1177 3102 λέγων
1195 3035 1253 3087 ἐν
1270 3033 1473 3105 καρδίᾳ
1504 3031 1694 3098 αὐτοῦ,
1724 3051 1742 3083 ι
1761 3032 1875 3085 Οὐκ

2043 2666 2114 2720 At
2145 2665 2191 2720 si
2215 2663 2342 2736 quis
2372 2663 2579 2719 dictum
2619 2663 2723 2719 hoc
2755 2662 3055 2718 secundum
3099 2677 3378 2735 anagogen
3406 2664 3551 2720 acci-

1972 2772 2100 2829 pere
2126 2754 2380 2818 voluerit,
2416 2753 2612 2810 merito
2644 2752 3079 2821 existimaverit,
3110 2754 3547 2810 vicissitudinem

1972 2861 2037 2899 ac
2081 2842 2597 2899 transmutationem
2648 2841 2948 2911 signiﬁcari
3009 2842 3197 2912 populi
3237 2843 3547 2913 utriusque,

1969 2934 2284 2990 Judaorum
2321 2934 2530 2989 scilicet
2558 2941 2723 3003 atque
2749 2932 3013 3001 gentium.
3050 2932 3186 2987 Nam
3210 2935 3304 3004 qui
3327 2934 3395 2990 de
3421 2951 3522 3006 geu
3551 2966 3555 2970 -

1973 3028 2119 3083 tibus
2142 3027 2343 3082 stultus
2370 3036 2532 3080 antea
2570 3025 2891 3091 habebatur,
2927 3032 2985 3079 et
3033 3040 3219 3080 secum
3259 3026 3375 3096 ipse
3402 3025 3551 3082 dicc~

287 3125 409 3177 ἑστι
439 3123 592 3189 Θεὸς,
630 3142 650 3175 ι
686 3125 719 3195 ἢ
753 3124 845 3177 καὶ
873 3122 951 3194 τῷ
971 3123 1122 3194 λίθῳ,
1157 3141 1176 3175 r
1218 3124 1352 3188 Θεός
1384 3141 1485 3194 μου
1516 3119 1568 3176 εἷ
1596 3124 1683 3191 σὺ,
1720 3140 1739 3174 ι
1778 3122 1874 3176 καὶ

1978 3118 2068 3173 bat
2107 3136 2119 3171 :
2162 3136 2181 3172 ι
2212 3116 2330 3175 Non
2360 3128 2443 3175 est
2478 3117 2658 3185 Deus;
2696 3138 2715 3171 ι
2753 3127 2851 3174 aut
2878 3127 2932 3174 et
2962 3134 3132 3174 saxo:
3171 3136 3190 3169 ι
3229 3118 3370 3173 Deus
3398 3133 3553 3175 meus

285 3216 367 3286 τῷ
421 3214 584 3286 ξύλῳ,
616 3233 635 3267 ι
685 3215 756 3268 Σύ
792 3233 861 3285 με
917 3216 1204 3287 ἐποίησας,
1245 3233 1264 3267 ι
1302 3211 1460 3280 οὗτος
1519 3213 1869 3284 ἀντεισῆλθεν

289 3305 375 3369 εἰς
403 3306 503 3368 τὰς
531 3304 742 3377 ὑψηλάς
770 3305 864 3358 καὶ¹
895 3304 1139 3376 μεγάλας
1160 3303 1271 3358 τῶν
1300 3303 1624 3376 θεοπρεπῶν
1649 3302 1871 3372 ἀγαθῶν

287 3397 512 3468 δωρεῶν
552 3398 648 3451 καὶ
712 3397 958 3467 χαρίτων
1010 3394 1396 3467 πνευματικὰς
1444 3394 1541 3449 καὶ
1596 3392 1871 3458 σωστικάς

288 3487 642 3552 ἀπολαύσεις.
678 3488 741 3541 Oi
777 3487 835 3540 δὲ
870 3486 1231 3550 πλουτοῦντες
1252 3485 1488 3557 ἔμπαλιν
1515 3485 1575 3537 ἐν
1606 3485 1720 3547 τοῖς
1753 3501 1870 3538 τοι·

287 3578 496 3645 ούτοις,
524 3580 695 3651 ήγουν
714 3578 793 3650 τῷ
820 3576 1103 3648 Μωσαῖκῷ
1126 3578 1277 3648 νόμῳ
1296 3578 1392 3631 καὶ
1415 3579 1530 3640 τοῖς
1562 3577 1871 3648 προφήταις

289 3672 387 3724 καὶ
416 3674 537 3736 ταῖς
578 3671 716 3743 πρὸς
746 3672 843 3725 τὸν
890 3672 984 3725 ἐπὶ
1028 3672 1245 3726 πάντων
1273 3670 1407 3723 Θεδν
1447 3668 1745 3739 οἰκειότησι
1777 3669 1872 3724 καὶ

289 3761 531 3824 ἐλπίσιν,
574 3760 920 3832 ἐκενώθησαν
948 3761 1046 3815 καὶ
1078 3760 1362 3823 παντελῶς
1386 3757 1831 3830 ἐταπεινώθησαν
1855 3777 1870 3790 °

288 3853 388 3906 καὶ
425 3853 773 3924 καθορῶνται
799 3852 1164 3924 πορευόμενοι
1197 3850 1295 3906 νῦν
1338 3851 1496 3921 δίκην
1535 3850 1737 3905 δούλων
1779 3851 1873 3905 ἐπὶ

287 3944 391 4015 τῆς
420 3945 525 4013 γῆς
555 3946 660 3998 ἀνά
682 3947 866 3998 πᾶσαν
892 3945 993 4014 τὴν
1021 3943 1350 4014 οἰκουμένην
1372 3942 1515 3997 κατά
1540 3943 1602 3997 τὸ
1625 3960 1873 4014 γεγραμ-

287 4037 484 4106 μένον·
531 4054 550 4087 r
583 4036 788 4107 Κύριος
831 4035 1100 4108 πτωχίζει
1148 4034 1246 4089 καὶ
1289 4036 1591 4100 πλουτίζει,
1628 4036 1876 4089 ταπεινοῖ

288 4128 388 4181 καὶ
416 4125 631 4195 άνυψοῐ,
654 4128 847 4198 ἀνιστᾷ
876 4128 985 4181 ἀπὸ
1005 4128 1108 4198 γῆς
1132 4127 1360 4196 πένητα,
1386 4129 1481 4183 καὶ
1508 4128 1614 4183 ἀπὸ
1640 4128 1874 4199 κοπρίας

286 4218 498 4285 ἐγείρει
536 4218 773 4288 πτωχόν.
814 4237 834 4269 ι
872 4218 1031 4273 οὕτω
1083 4220 1195 4292 γάρ
1250 4221 1479 4292 εὓρηται
1522 4220 1871 4291 προφανῶςή

286 4304 402 4356 τῶν
444 4305 721 4376 ἑκατέρων
761 4306 988 4378 ἀμειψις
1020 4308 1113 4362 καὶ
1154 4310 1451 4381 μετάθεσις
1482 4313 1759 4380 γεγονυῖα,
1785 4311 1874 4365 διὰ

285 4396 391 4461 τὴν
426 4396 563 4449 ἰδίαν
600 4397 861 4452 ἀπιστίαν
893 4399 1273 4470 ἐκϐληθέντων
1315 4401 1424 4457 τῶν
1464 4402 1755 4467 Ἰουδαίων,
1782 4403 1874 4457 καὶ

287 4484 351 4537 τὸ
384 4485 621 4555 ἔμπαλιν
669 4487 1133 4558 ἀντεισαχθέντων
1182 4488 1290 4543 τῶν
1337 4488 1399 4553 ἐξ
1431 4489 1621 4555 ἐθνῶν,
1645 4489 1734 4543 διὰ
1775 4489 1873 4561 τήν
1902 4515 1952 4579 ι)

288 4576 485 4630 ἐλπίδα
520 4580 614 4631 καὶ
645 4578 829 4631 πίστιν
854 4580 956 4649 τήν
985 4579 1120 4651 πρὸς
1158 4580 1395 4651 Χριστὸν
1417 4580 1510 4634 τὸν
1534 4582 1629 4635 ἐπὶ
1655 4581 1873 4636 πάντων

291 4669 451 4724 Θεόν.

372 4762 594 4833 Ἀμέλει
641 4764 819 4816 τοίνυν
852 4766 948 4820 καὶ
989 4765 1416 4837 κατακωμῳδῶν
1446 4766 1544 4820 καὶ
1599 4765 1879 4837 φαυλίζων

294 4852 399 4925 τὴν
427 4855 686 4908 ἀπιστίαν
716 4859 810 4910 καὶ
836 4857 1272 4928 πονηροόουλίαν
1299 4857 1409 4911 τῶν
1443 4857 1733 4924 Ἰουδαίων,
1760 4877 1778 4909 ι
1805 4858 1881 4922 ῶς

297 4946 577 5011 ἀκούσιον,
626 4966 644 4997 ι
693 4949 956 5019 πονηρίαν
1005 4950 1214 5020 ταύτην
1244 4949 1571 5022 προσφόρως
1603 4949 1875 5020 ὠνόμασε.

292 5035 405 5105 Τῆς
436 5037 533 5105 μὲν
570 5038 679 5107 γὰρ
710 5039 967 5103 ἀπιστίας
994 5043 1116 5103 ταῖς
1141 5040 1376 5112 ἄρκυσιν
1406 5041 1623 5105 ἐκὸντες
1648 5040 1877 5095 κατὼλι-

292 5125 421 5177 σθον
442 5142 456 5155 ⁸
499 5128 600 5196 τὴν
632 5127 911 5182 ἔκπτωσιν
940 5129 997 5184 δὲ
1041 5130 1136 5183 καὶ
1184 5131 1479 5201 μετάθεσιν
1516 5131 1616 5202 τήν
1645 5132 1711 5184 ἐκ
1742 5129 1878 5184 Θεοῦ

290 5221 385 5273 καὶ
410 5220 518 5272 τῶν
547 5220 706 5275 θείων
728 5223 1028 5277 πεπόνθασι
1055 5226 1149 5279 καὶ
1198 5225 1274 5297 μή
1304 5225 1576 5291 θέλοντες,
1605 5224 1748 5279 οὕτω
1774 5226 1876 5289 τῆς

356 5364 405 5395 ⁸⁸
428 5361 452 5419 ι
476 5359 609 5431 Reg.
636 5376 698 5426 ll,
724 5361 776 5414 7.

279 5497 1741 5625 ἔὲἐτμῗξξδδῖἓϊτέὲξξέἕξιὶῗξὲθίῗῒίὲἓῆὲἓζεξιῖῖά
1754 5502 1869 5625 ἕλ’έέ

284 5584 495 5638 κοσμον
527 5584 737 5623 τουτον.
777 5584 1203 5641 ιυγκεχωρηται
1234 5584 1293 5625 δε
1327 5584 1428 5626 ουκ
1468 5584 1729 5642 ακριτως,
1754 5584 1868 5625 αλλ’

283 5640 378 5693 ῖνα
408 5638 528 5691 λίαν
558 5640 853 5708 μετάρσιος
886 5641 1199 5707 ἐκφανθεὶς.
1226 5642 1481 5695 κάκεῖθεν
1520 5640 1870 5704 καταπεσὼν,

282 5710 508 5783 ἀνίατον
530 5710 825 5783 συπριὸὴν
852 5710 1145 5783 ὐπρμιίνῃ.
1172 5709 1361 5783 ldest,
1406 5711 1698 5765 Recordare
1730 5710 1873 5765 Scri-

287 5791 462 5850 ptura:
486 5778 830 5832 inclamuulis
861 5795 880 5832 :
922 5778 1204 5835 Datus'est
1237 5782 1436 5850 impius
1474 5782 1528 5836 in
1570 5783 1879 5837 sublimita-

610 5894 879 5955 Ρλτιιοι..
921 5894 1039 5958 Gn.
1076 5895 1351 5959 XCVIII.

1978 3226 2040 3265 es
2074 3219 2125 3265 tu
2156 3226 2171 3277 ;
2200 3228 2219 3262 ι
2258 3220 2313 3265 et
2342 3210 2490 3281 ligno
2523 3229 2536 3265 :
2566 3227 2585 3263 ι
2629 3208 2713 3266 Tu
2752 3225 2841 3266 me
2891 3208 3092 3276 fecisti,
3128 3227 3148 3262 ι
3191 3208 3281 3265 hic
3320 3209 3551 3266 alterius

1976 3299 2098 3354 loco
2126 3299 2193 3355 ad
2238 3298 2501 3356 sublimes
2547 3314 2884 3371 magnasque
2933 3298 3205 3354 bonorum
3238 3298 3551 3354 divinorum

1976 3389 2324 3457 donationes,
2362 3404 2427 3445 ac
2450 3404 2739 3444 munerum
2774 3388 3103 3461 spiritalium
3139 3397 3193 3446 et
3226 3388 3553 3445 salutarium

1979 3481 2385 3551 possessionem
2433 3481 2704 3552 pervenit.
2731 3481 2838 3547 Qui
2864 3496 2996 3537 vero
3024 3497 3055 3537 e
3095 3482 3375 3537 contrario
3405 3481 3557 3538 hisce

1979 3574 2274 3643 locupletes
2310 3581 2487 3638 erant,
2515 3574 2632 3645 lege
2678 3588 2873 3644 nempe
2899 3570 3139 3628 Mosaica
3176 3582 3231 3629 et
3273 3574 3555 3645 prophetis

1978 3680 2043 3721 ac
2091 3665 2185 3720 Dei
2232 3665 2611 3722 universorum
2665 3665 3040 3722 familiaritate
3089 3683 3153 3722 ac
3211 3668 3507 3739 promissis
3535 3709 3551 3733 ,

1978 3758 2242 3815 exinaniti
2269 3768 2421 3825 sunt,
2465 3770 2630 3831 atque
2665 3761 2862 3831 abjecti
2894 3762 3115 3831 penitus
3150 3762 3552 3821 conciderunt:

1981 3852 2165 3922 itaque
2214 3868 2361 3907 nunc
2412 3868 2699 3910 servorum
2762 3852 2934 3907 instar
2991 3852 3304 3908 universam
3351 3861 3551 3908 terram

1979 3942 2133 3999 obire
2159 3945 2608 4014 conspiciuntur,
2645 3944 3107 4012 quemadmodum
3136 3945 3401 4014 scriptum
3438 3956 3549 4001 est:

1986 4055 2005 4089 ι
2035 4036 2298 4091 Dominus
2326 4045 2592 4107 pauperat
2623 4044 2679 4090 et
2708 4035 2868 4103 ditat,
2902 4035 3161 4091 humiliat
3200 4045 3256 4091 et
3280 4037 3551 4099 sublevat.

1980 4129 2210 4185 suscitat
2240 4128 2308 4184 de
2350 4127 2572 4197 pulvere
2599 4141 2833 4199 egenum
2857 4167 2873 4192 ,
2915 4135 2970 4181 et
3003 4126 3072 4183 de
3116 4138 3361 4185 stercore
3393 4129 3555 4199 erigit

1979 4234 2276 4290 pauperem
2316 4218 2384 4275 ".
2425 4238 2443 4271 ι
2486 4218 2578 4274 Sic
2602 4220 2749 4275 enim
2783 4219 3071 4289 utriusque
3104 4221 3286 4292 papuli
3314 4230 3555 4277 mutatas

1983 4325 2107 4365 esse
2140 4309 2291 4365 vices
2314 4318 2501 4381 aperto
2534 4316 2784 4375 constat,
2821 4309 3037 4380 rejectis
3073 4312 3143 4365 ob
3166 4310 3550 4369 inﬁdelitatem

1979 4417 2137 4459 suam
2169 4400 2394 4466 ludatis,
2422 4409 2478 4456 et
2513 4402 2566 4457 in
2613 4417 2804 4457 eorum
2852 4402 3031 4457 locum
3069 4404 3392 4459 introductis
3414 4443 3429 4467 ,
3457 4404 3551 4475 qui

1984 4491 2143 4565 24],
2168 4507 2234 4548 ex
2268 4493 2523 4564 gentibus
2559 4503 2752 4560 erant,
2807 4508 2903 4564 per
2956 4508 3108 4567 spem
3152 4506 3318 4567 atque
3368 4497 3550 4565 tidem,

1980 4601 2145 4657 quam
2184 4584 2242 4641 in
2274 4583 2495 4642 Christo
2527 4585 2913 4643 universorum
2946 4587 3056 4644 Deo
3087 4600 3407 4657 posuerunt.

2052 4759 2232 4828 Quare
2270 4760 2509 4817 irridens
2543 4761 2804 4818 nimirum
2851 4772 3015 4836 atque
3053 4767 3427 4836 perstringens
3456 4765 3555 4821 Ju-

1980 4852 2222 4907 darorum
2246 4850 2620 4908 inﬁdelitatem
2651 4868 3080 4925 perversumque
3100 4855 3414 4920 consilium,
3440 4870 3555 4909 ma-

1981 4944 2092 4997 lum
2148 4942 2285 4997 illud
2324 4943 2576 5013 apposite
2625 4958 2646 4994 ι
2686 4953 2947 5014 tanquam
2982 4958 3090 4998 non
3121 4944 3488 4999 voluntarium
3527 4962 3548 4995 ι

1981 5035 2293 5104 appellavit.
2344 5033 2480 5090 Nam
2537 5030 3051 5106 volentes'quidem
3107 5036 3163 5091 in
3220 5036 3553 5091 inﬁdelitatis

1979 5128 2116 5181 retia
2153 5125 2464 5182 inciderunt
2496 5144 2509 5180 :
2546 5134 2602 5181 at
2634 5141 2823 5182 casum
2862 5142 3023 5181 suum
3050 5134 3106 5183 et
3135 5126 3230 5182 Dei
3263 5141 3555 5197 rerumque

1981 5221 2291 5276 divinarum
2323 5220 2678 5277 amissionem
2705 5222 3230 5294 translationemque
3252 5225 3399 5294 passi
3423 5231 3554 5278 sunt

1980 5503 2126 5559 tibus
2156 5499 2369 5570 magnis
2403 5517 2418 5563 ;
2465 5499 2781 5569 permissum
2808 5500 3011 5555 scilicet
3055 5500 3140 5556 illi
3168 5513 3241 5558 est
3281 5514 3339 5558 ut
3368 5522 3557 5560 seruu-

1978 5578 2105 5626 dum
2146 5574 2289 5646 hunc
2336 5571 2591 5646 mundum
2631 5571 3133 5646 exuitetur._Neque
3164 5575 3294 5646 phase
3324 5575 3557 5646 facilitas

1980 5649 2093 5696 sine
2118 5641 2323 5710 judicio
2355 5641 2485 5694 data
2523 5650 2622 5701 est,
2653 5640 2742 5705 sed
2776 5652 2834 5695 ut
2875 5642 2964 5696 ille
3001 5640 3056 5696 iri
3088 5640 3555 5712 sublime'evrcms,

1982 5714 2201 5836 ῗὲἷεὲἵεαε
2231 5714 2285 5766 in
2327 5726 2557 5783 pt'th’pS
2600 5720 2771 5780 actus,
2802 5714 3066 5768 excidium
3091 5719 3273 5771 subeat
3316 5719 3557 5773 immedi-

1984 5797 2174 5837 εαοιιε.

3135 5901 3214 5961 35
