4114 6512
613 358 750 442 1099

1707 358 1768 435 s'.
1813 356 2190 435 Gneoonn
2231 369 2742 436 AGRIGENTINI

3723 373 3862 438 1100

611 497 696 548 vel
733 493 910 558 inviti,
947 492 1135 548 divino
1170 489 1402 546 consilio
1434 499 1488 546 et
1513 490 1733 546 decreto
1774 506 1872 547 suo
1917 493 2066 562 juste
2103 492 2184 546 sic

2294 493 2439 555 θείας
2485 491 2678 561 βουλῆς
2713 491 2806 544 καί
2838 489 3023 560 ψήφου
3071 487 3165 542 τοῦ
3209 488 3429 543 πάντων
3459 489 3864 553 ἔξουσιάζοντος

613 591 889 638 statuente
928 582 1069 649 Deo,
1119 581 1213 651 qui
1248 582 1302 635 in
1340 597 1530 636 omnes
1576 591 1900 651 potestatem
1943 591 2182 636 exercet.

615 674 734 740 Qua
767 674 976 728 ratione
1007 688 1037 728 e
1064 672 1343 728 contrario
1390 672 1485 741 qui
1525 673 1813 728 eunuchus
1854 682 2050 728 natura
2082 682 2187 740 est,

2286 581 2420 634 Θεοῦ
2455 581 2674 644 δικαίως
2705 580 3049 650 κεκρικυίας.
3081 574 3158 650 ᾞ
3184 579 3244 632 τὸ
3289 579 3525 650 ἔμπαλιν
3552 581 3579 631 6
3606 579 3864 648 εὐνοῦχος

2288 673 2468 742 φύσει,
2502 672 2770 734 ἀκουσίως
2801 671 3026 742 διαδρὰς
3055 671 3148 724 τὸν
3179 671 3422 725 διάϐολον
3443 711 3458 737 ,
3491 672 3742 741 ὑψοῦται,
3773 670 3866 724 καὶ

614 779 740 819 cum
785 777 884 819 nec
915 764 1106 818 volens
1144 764 1420 818 diabolum
1459 762 1665 835 fugiat,
1711 764 2013 830 exaltatur;
2059 765 2188 819 dum

2294 767 2337 818 oi
2406 763 2654 833 θεοφόροι
2721 763 3140 832 πολεμούμενοι,
3196 765 3449 818 ταπεινοῖ
3518 765 3864 835 πορεύονται.

616 854 710 922 qui
744 853 915 908 Deum
952 854 1274 924 gestabant,
1326 854 1581 910 debellati
1623 855 1777 910 humi
1822 863 2023 926 repunt
2052 854 2188 927 (64).

2294 851 2428 910 Εἶτά
2455 872 2620 924 φησιν
2647 854 2676 906 6
2717 853 3147 924 Ἐκκλησιαστής
3182 868 3198 885 ⁶

615 945 704 1000 Ait
732 946 928 1002 deinde
955 944 1346 1001 Ecclesiastes:

691 1149 860 1206 Vens.
897 1151 1053 1206 8-10.
1089 1151 1194 1216 Qui
1222 1151 1358 1220 fodit
1391 1154 1616 1222 foveam,
1670 1155 1725 1208 in
1760 1155 1931 1224 ipsam
1971 1155 2188 1221 incidet,

2373 1154 2436 1206 '0
2481 1153 2765 1222 ὀρύσσων
2800 1154 3028 1220 ,ϐόθρον
3068 1152 3138 1206 ἐν
3173 1149 3334 1216 αὐτῷ
3367 1147 3733 1220 ἐμπεσεῖται,
3770 1147 3865 1205 καὶ

616 1256 665 1298 et
705 1246 792 1314 qui
825 1243 1051 1312 dissipat
1097 1258 1291 1311 sepem,
1338 1245 1596 1298 mordebit
1652 1262 1767 1299 eum
1817 1249 2070 1315 serpens}
2101 1247 2188 1316 qui

2294 1239 2686 1312 καθαιροῦντα
2708 1245 2984 1312 φραγμὸν
3004 1243 3245 1309 δήξεται
3268 1243 3453 1297 αὑτὸν
3474 1243 3624 1311 ὄφις.
3663 1243 3867 1305 Ἔξαί-

617 1337 882 1393 subtrahit
917 1336 1137 1404 lapides,
1181 1335 1376 1388 dolebit
1407 1338 1461 1390 in
1492 1338 1588 1391 eis.
1622 1336 1876 1392 Scindens
1903 1340 2069 1408 ligna,
2099 1356 2188 1407 pe-

2294 1351 2407 1400 ρων
2454 1336 2662 1401 λίθους
2713 1334 3219 1404 διαπονηθήσεται
3266 1337 3334 1388 ἐν
3378 1335 3600 1399 αὐτοῖς.
3641 1334 3872 1403 Σχίζων

617 1426 940 1482 riclitabitur
964 1427 1019 1478 in
1046 1426 1141 1480 eis.
1169 1422 1230 1478 Si
1252 1427 1507 1480 exciderit
1537 1428 1757 1496 ferrum,
1789 1439 1837 1482 et
1865 1430 1973 1498 ipse
2001 1430 2188 1498 facient

2294 1425 2449 1490 ξύλα
2500 1425 2882 1480 κινδυνεύσει
2943 1427 3012 1480 ἐν
3054 1427 3291 1493 αὐτοῖς·
3347 1427 3455 1479 ἐὰν
3503 1427 3741 1492 ἐκπέσῃ
3805 1426 3871 1478 τὸ

619 1519 867 1572 turbavit.
920 1516 990 1570 Et
1049 1518 1309 1588 fortitudo
1352 1520 1726 1589 confirmabit,
1769 1532 1819 1576 et
1860 1524 2188 1578 abundantia

2297 1515 2608 1583 σιδήριον,
2667 1515 2767 1569 καὶ
2821 1517 3003 1582 αὐτὸς
3061 1518 3386 1586 πρόσωπον
3426 1516 3694 1583 ἐτάραξε.
3765 1516 3871 1568 Kal

618 1610 772 1681 fortis
801 1609 1060 1680 sapientia
1093 1611 1228 1682 (65).

2295 1605 2549 1675 δύναμις
2580 1606 2946 1676 δυναμώσει·
2977 1609 3072 1661 καὶ
3108 1609 3424 1677 περισσεία
3456 1607 3559 1661 τοῦ
3590 1607 3874 1675 ἀνδρείου

2293 1698 2499 1765 σοφίαι

689 1786 794 1853 Qui
829 1786 968 1841 clam
1006 1787 1346 1858 subdoleque
1377 1787 1623 1843 fraudem
1660 1797 1884 1844 nectunt
1910 1806 1973 1845 ac
2006 1793 2188 1861 perni-

2369 1789 2507 1851 Τοὺς
2550 1789 2950 1860 κεκρυμμένως
2985 1789 3077 1842 καὶ
3111 1788 3485 1852 λανθανόντως
3533 1789 3875 1851 καττύοντας

619 1878 760 1932 ciem
791 1885 1013 1930 struunt
1049 1877 1339 1945 proximis,
1373 1890 1483 1945 quo
1511 1891 1610 1930 nec
1639 1877 1928 1945 opinantes
1956 1879 2192 1931 incauti-

618 1981 729 2036 que
756 1966 811 2019 in
847 1979 1074 2035 magnas
1105 1979 1472 2019 aerumnarum
1507 1965 1794 2034 voragines
1821 1966 2190 2036 obripiantur,

619 2073 718 2112 eos
745 2071 893 2111 nunc
933 2057 1152 2125 sapiens
1184 2054 1544 2111 Ecclesiastes
1578 2055 1852 2112 deterrere
1886 2056 2101 2122 nititur,
2127 2074 2196 2112 ne

622 2150 752 2218 quid
779 2148 885 2203 tale
916 2163 1156 2218 unquam
1186 2147 1270 2202 vel
1297 2147 1596 2202 moliantur
1621 2147 1707 2202 vel
1738 2146 1972 2214 faciant;
1996 2151 2195 2219 quippe

621 2241 714 2310 qui
764 2241 819 2294 in
867 2255 960 2295 eas
1003 2239 1152 2308 ipsas
1186 2239 1467 2308 angustias
1499 2239 1698 2294 merito
1727 2240 1908 2294 casuri
1957 2241 2100 2304 sint,
2137 2241 2192 2294 in

620 2346 760 2401 quas
813 2330 951 2384 alios
994 2329 1376 2398 compulerint,
1433 2335 1487 2383 et
1529 2343 1720 2383 eorum
1769 2329 2037 2394 omnium,
2074 2345 2195 2400 qua:

621 2422 867 2494 aggressi
903 2421 1124 2486 fuerint,
1161 2436 1354 2491 poenas
1385 2420 1566 2475 daturi
1604 2438 1618 2476 :
1653 2421 2112 2490 quemadmodum
2141 2429 2195 2475 et

604 2511 788 2567 David
829 2512 1094 2583 prOpheta
1131 2512 1209 2565 ait
1243 2529 1257 2566 :
1298 2529 1317 2562 ι
1355 2509 1559 2565 Lacum
1611 2510 1861 2579 aperuit,
1909 2519 1963 2565 et
2008 2510 2195 2565 eﬂ‘odit

620 2620 786 2671 eum;
819 2614 871 2658 et
900 2603 1101 2658 incidet
1124 2603 1177 2656 in
1211 2601 1421 2656 foveam
1453 2617 1618 2672 quam
1652 2602 1795 2657 fecit.
1829 2601 2195 2657 Convertetur

620 2695 926 2767 labor-ejus
958 2696 1011 2749 in
1049 2704 1212 2762 caput
1243 2694 1384 2763 ejus,
1420 2702 1473 2748 et
1503 2694 1555 2747 in
1591 2695 1849 2749 verticem
1886 2696 2058 2764 ipsius
2086 2695 2191 2748 ini-

621 2788 807 2856 quitas
852 2787 973 2856 ejus
1011 2785 1395 2840 descendet“.
1443 2804 1462 2836 ι
1518 2782 1654 2838 Nam
1711 2786 1816 2840 hoc
1863 2786 2042 2856 ipsum
2103 2787 2193 2839 illa

623 2878 933 2948 significant
965 2896 977 2930 :
1015 2894 1033 2928 ι
1075 2876 1180 2942 Qui
1221 2876 1454 2946 dissipat
1502 2891 1707 2945 sepem,
1754 2877 2028 2932 mordebit
2068 2894 2192 2933 eum

620 2979 874 3033 serpens;
928 2984 947 3015 ι
1016 2965 1110 3033 qui
1175 2979 1356 3033 sepem
1418 2963 1628 3019 scilicet
1683 2965 1913 3036 dissipat
1969 2983 2076 3021 non
2138 2969 2192 3022 in

621 3055 856 3126 proximi
903 3054 1194 3110 commoda
1219 3094 1234 3120 ,
1281 3054 1375 3111 sed
1412 3055 1481 3110 ad
1515 3057 1824 3127 expeditum
1867 3057 2194 3130 facilemque

2294 1875 2385 1926 καὶ
2417 1875 2800 1946 ῥαψῳδοῦντας
2835 1877 2900 1929 τὰ
2947 1876 3079 1946 πρὸς
3119 1877 3412 1946 ἐπιϐουλὴν
3447 1877 3540 1928 καὶ
3569 1876 3876 1946 διαφθορὰν

2293 1967 2401 2021 τῶν
2449 1969 2700 2038 πλησίον,
2754 1970 2821 2022 δι’
2873 1961 2949 2022 ὧν
3006 1969 3344 2039 ἀσυμφανῶς
3397 1971 3490 2022 καὶ
3543 1969 3877 2038 ἀπροόπτως

2295 2057 2720 2127 περιπίπτουσιν
2768 2060 2847 2121 είς
2901 2057 3149 2128 βάραθρα
3207 2057 3476 2128 βιωτικῶν
3536 2059 3874 2128 συμψορῶν,

2293 2150 2650 2218 ἀσφαλίζεται
2699 2151 2794 2206 νῦν
2841 2153 2870 2204 6
2920 2150 3081 2220 σοφὸς
3139 2149 3568 2221 Ἐκκλησιαστὴς
3620 2151 3766 2222 πρὸς
3818 2152 3880 2202 τὸ

2297 2239 2567 2309 μηδέποτε
2615 2239 2859 2293 τοιοῦτόν
2895 2256 2948 2291 τι
3000 2237 3231 2309 μελετᾷν
3281 2240 3375 2292 καὶ
3423 2241 3628 2291 ποιεῖν⁶
3663 2239 3768 2291 ἅτε
3814 2239 3880 2308 δὴ

2295 2332 2518 2394 πάντως
2567 2331 2625 2383 ὲν
2657 2333 2770 2394 τοῖς
2825 2331 3008 2393 αὐτοῖς
3057 2330 3335 2400 χαλεποῖς,
3370 2333 3484 2393 τοῖς
3528 2330 3656 2399 παρ’
3692 2330 3879 2382 αὐτῶν

2294 2421 2661 2486 καττυθεῖσιν,
2698 2420 2923 2484 ἐνδίκως
2953 2419 3275 2483 πεαοῦντας,
3307 2421 3401 2473 καὶ
3434 2419 3542 2474 τῶν
3573 2421 3726 2473 ἰδίων
3756 2423 3877 2473 ἑπι-

2295 2512 2647 2584 χειρημάτων
2674 2511 2770 2583 τὴν
2802 2511 2956 2582 δίκην
2987 2513 3339 2582 εὐρήσοντας,
3391 2511 3572 2575 καθώς
3611 2530 3752 2582 φησι
3785 2514 3879 2565 καὶ

2295 2604 2462 2658 Δαϐὶδ
2498 2606 2525 2657 6
2554 2606 2839 2676 προφήτης
2859 2620 2874 2635 ⁸
2923 2623 2941 2652 ε
2983 2605 3199 2659 Λάκκον
3231 2603 3404 2675 ὤρυξε
3439 2605 3534 2658 καὶ
3564 2605 3880 2672 ἀνέσκαψεν

2296 2697 2493 2749 αὐτόν’
2539 2696 2632 2750 καὶ
2676 2697 2995 2766 ἐμπεσεῖται
3048 2698 3126 2758 εἰς
3168 2695 3392 2765 βόθρον,
3441 2696 3500 2748 ὃν
3549 2695 3877 2764 εἰργάσατο.

2308 2789 2659 2859 Ἐπιστρέψει
2688 2789 2714 2841 6
2745 2788 2904 2851 πόνος
2937 2787 3102 2842 αὐτοῦ
3134 2789 3212 2852 είς
3244 2788 3486 2858 κεφαλὴν
3538 2787 3731 2854 αὑτοῦ,
3785 2789 3880 2841 καὶ

2295 2881 2388 2933 ἐπὶ
2425 2879 2674 2952 κορυφὴν
2716 2879 2883 2933 αὑτοῦ
2920 2881 2952 2950 ἡ
3002 2880 3183 2932 ἀδικία
3213 2879 3378 2933 αὑτοῦ
3409 2879 3810 2950 καταϐήσεται.
3853 2898 3874 2931 ι

2294 2972 2466 3025 Τοῦτο
2498 2973 2606 3042 γὰρ
2641 2972 2771 3026 αὐτὸ
2802 2972 3053 3042 σημαίνει
3079 2971 3169 3025 καὶ
3200 2973 3260 3024 τὸ
3286 2992 3303 3023 ι
3337 2970 3708 3041 καθαιροῦντα
3738 2988 3879 3041 cppe-

2294 3065 2435 3135 γμὸν
2476 3065 2692 3136 δήξεται
2738 3064 2898 3116 αὑτὸν
2928 3064 3071 3131 ὄφις.
3119 3081 3136 3114 ι
3192 3063 3578 3133 Καθαιροῦντα
3612 3064 3880 3134 φραγμὸν

602 3145 805 3204 iurum
865 3149 1172 3204 introitum.
1233 3147 1472 3216 Serpens
1531 3151 1699 3217 enim,
1759 3151 1920 3223 242
1975 3154 2188 3224 inquit,

2298 3155 2420 3224 οὐχὶ
2472 3154 2609 3222 πρὸς
2647 3153 2916 3221 ὠφέλειαν
2945 3150 3039 3204 τοῦ
3074 3151 3321 3222 πλησίον,
3352 3149 3489 3205 ἀλλὰ
3520 3151 3655 3221 πρὸς
3687 3153 3882 3222 ἀπαρ-

622 3240 1094 3304 bunc‘mordebit,
1128 3239 1219 3309 qui
1251 3255 1446 3310 nempe
1474 3239 1734 3295 damnum
1783 3243 2191 3312 perniciemque

613 3333 873 3402 proximo
897 3330 1061 3387 infert
1089 3351 1101 3384 :
1129 3330 1254 3386 inde
1286 3332 1513 3386 tentatio
1541 3333 1766 3387 exsistet
1791 3335 1983 3388 veneni
2009 3335 2189 3404 plena,

601 3440 744 3499 'quze
791 3425 968 3493 ipsum
1013 3432 1274 3490 tanquam
1325 3438 1550 3492 serpens
1587 3423 1802 3478 invadet
1832 3437 1994 3494 atque
2043 3441 2191 3480 mor-

621 3516 789 3569 debit.
839 3514 903 3568 Et
960 3532 977 3565 ι
1020 3515 1114 3583 qui
1160 3515 1432 3569 subtrahit
1480 3514 1708 3584 lapides,
1745 3533 1764 3566 ι
1808 3530 1904 3570 eos
1955 3517 2186 3581 scilicet,

621 3607 714 3676 qui
750 3606 817 3660 ad
866 3606 1222 3660 insidiatores
1274 3606 1647 3676 prohibendos
1681 3607 1888 3676 aggesti
1934 3608 2080 3672 sint,
2134 3609 2188 3661 in

621 3713 764 3768 quos
798 3697 874 3752 illi
904 3697 1239 3751 oll'endentes
1271 3697 1478 3751 aditum
1517 3698 1619 3752 sibi
1666 3698 1733 3751 ad
1766 3698 1992 3753 insidias
2021 3699 2192 3753 inter-

620 3793 832 3846 elusum
863 3791 1220 3860 reperissent,
1256 3792 1404 3845 hunc
1435 3791 1625 3848 dolore
1655 3790 1906 3847 allectum
1943 3792 2010 3846 iri
2033 3791 2187 3857 dicit,

621 3883 676 3942 id
712 3891 795 3938 cst
821 3882 1168 3937 vehementer
1197 3881 1596 3937 laboraturum.

690 4063 837 4119 Idem
869 4078 1020 4128 vero,
1052 4078 1177 4118 cum
1216 4062 1417 4119 similia
1459 4061 1590 4126 sint,
1633 4063 1724 4116 illa
1755 4076 1973 4134 quoque
2009 4070 2191 4116 osten-

615 4156 805 4210 dunt":
844 4174 862 4206 ι
906 4153 1176 4210 Scindens
1229 4155 1375 4226 ligna
1427 4155 1822 4226 periclitabitur
1873 4155 1927 4208 in
1982 4155 2062 4209 cis
2094 4171 2106 4206 :
2143 4153 2189 4207 si

614 4248 883 4303 exciderit
910 4247 1137 4313 ferrum,
1170 4255 1224 4302 et
1253 4247 1402 4317 ipse;
1443 4266 1460 4298 ι
1499 4261 1624 4301 nam
1656 4246 1749 4316 qui
1779 4245 1981 4300 scindit
2005 4243 2191 4299 caedit-

615 4350 728 4406 que
771 4335 1101 4405 ligna,'non
1137 4343 1198 4389 ut
1246 4334 1645 4404 exquisitorum
1696 4333 1937 4388 edulium
1983 4331 2187 4401 aliquid

615 4435 820 4495 coquat
853 4425 918 4478 ad
950 4425 1194 4494 hospites
1223 4425 1535 4480 humaniter
1567 4424 1946 4495 accipiendos,
2000 4423 2093 4478 sed
2127 4431 2186 4476 ut

2299 3243 2624 3313 εμπόδιστον
2679 3243 2774 3295 καὶ
2838 3241 3027 3312 ῥᾳδίαν
3080 3239 3281 3294 εἴσοδον
3344 3240 3453 3294 τῶν
3501 3241 3879 3296 κλεπτόντων.

2302 3335 2464 3403 Ὄφις
2493 3333 2600 3404 γὰρ
2633 3333 2874 3404 δήξεται,
2907 3333 3060 3403 φησὶ,
3090 3333 3348 3396 τοιοῦτον,
3395 3331 3634 3403 δηλονότι
3663 3334 3765 3386 τὸν
3816 3336 3881 3387 τὰ

2299 3425 2574 3495 βλαπτικὰ
2614 3429 2708 3479 καὶ
2752 3424 3027 3495 φθαρτικὰ
3070 3424 3282 3494 δρῶντα.
3313 3423 3407 3476 τοῦ
3442 3425 3646 3486 πέλας’
3681 3425 3752 3489 ἐξ
3785 3427 3880 3478 αύ-

2296 3518 2404 3573 τῶν
2451 3519 2824 3587 ἀναφυήσεται
2862 3517 2958 3570 καὶ
3002 3516 3370 3586 καταλήψεται
3404 3517 3496 3569 καὶ
3529 3517 3758 3586 δήξεται
3804 3518 3880 3570 δίο

2297 3625 2401 3677 κην
2435 3606 2611 3675 ὄφεως
2638 3605 2940 3676 πειρασμὸς
2973 3607 3196 3668 ίοϐόλος.
3229 3607 3358 3670 Καὶ,
3389 3625 3407 3656 ι
3447 3607 3551 3658 Τὸν
3579 3609 3878 3677 ἐξαίροντα

2297 3697 2500 3762 λίθους,
2559 3716 2577 3748 ι
2628 3696 2962 3759 κωλυτικοὺς
3012 3697 3253 3765 δηλονότι
3287 3697 3393 3748 τῶν
3441 3697 3776 3762 ἐπιϐούλων,
3826 3701 3881 3751 ὲν

2297 3783 2377 3851 οἷς
2425 3788 2648 3856 ἔμελλον
2700 3788 2895 3841 ἐκεῖνοι
2949 3790 3384 3860 προσκόπτοντες
3439 3791 3728 3860 ἄπρακτον
3783 3792 3878 3859 τὴν

2297 3878 2585 3948 ἐπιϐουλὴν
2618 3878 2778 3945 ἕξειν,
2818 3878 3334 3949 διαπονηθήσεσθαι,
3369 3881 3615 3932 τουτέστι
3661 3881 3879 3952 σφόδρα

2300 3969 2536 4039 μογῆσαί
2569 3986 2723 4040 φησι.

2369 4060 2442 4110 Τὸ
2490 4059 2620 4111 αὐτὸ
2664 4059 2721 4112 δὲ
2766 4057 2925 4111 τοῦτο
2976 4059 3127 4127 δηλοῖ
3169 4059 3550 4130 παραπλήσιον
3580 4061 3638 4113 ὃν
3679 4063 3785 4113 καὶ⁵
3823 4063 3880 4114 τὸ

2303 4167 2322 4200 ι
2363 4149 2569 4218 Σχίζων
2602 4148 2735 4213 ξύλα
2779 4147 3114 4201 κινδυνεύσει
3165 4151 3222 4202 ὲν
3265 4149 3483 4212 αὐτοῖς·
3529 4149 3624 4202 ἐὰν
3659 4153 3882 4223 ἐκπέσῃ

2295 4241 2357 4292 τὸ
2391 4240 2651 4310 σιδήριον,
2697 4241 2793 4292 καὶ
2837 4241 3032 4302 αὐτός’
3073 4259 3090 4290 ι
3126 4241 3154 4293 6
3182 4240 3290 4310 γὰρ
3343 4241 3542 4310 σχίζων
3591 4242 3729 4306 ξύλα
3788 4245 3881 4296 καὶ

2295 4333 2541 4403 διαιρῶν,
2578 4333 2676 4402 οὐχ
2708 4333 2794 4385 ἵνα
2823 4332 3142 4402 προσεψήση
3170 4351 3221 4385 τι
3263 4333 3373 4387 τῶν
3412 4336 3714 4404 προσφυῶν
3745 4337 3878 4388 ἔδω·

2295 4422 2487 4492 δίμων,
2514 4425 2592 4486 είς
2635 4422 3032 4493 φιλοφροσύνην
3055 4423 3150 4474 καὶ
3179 4421 3426 4486 δεξίωσιν
3457 4424 3568 4476 τῶν
3593 4425 3881 4488 ἐπιξενου-

616 4517 924 4571 exstinctas
956 4526 1114 4568 antea
1153 4529 1314 4570 curas
1361 4525 1415 4570 et
1461 4531 1658 4586 pravas
1705 4517 2067 4585 cogitationes
2094 4530 2186 4569 ac-

2296 4513 2495 4584 μένων,
2531 4513 2644 4566 ἀλλ’
2674 4515 2753 4575 είς
2786 4514 3049 4566 ἔκκαυσιν
3081 4513 3190 4565 τῶν
3227 4513 3570 4584 ὲσϐεσμὲνων
3609 4517 3753 4578 τέως
3795 4519 3880 4567 ὲνι-

621 4608 840 4672 cendat,
901 4605 1029 4660 huic
1063 4607 1393 4675 quandoque
1434 4609 1732 4676 contingat,
1785 4616 1844 4661 ut
1882 4607 2028 4661 ferro
2065 4620 2191 4676 pro-

619 4699 799 4766 lapso.
830 4698 882 4752 id
906 4707 989 4754 est
1022 4706 1204 4753 mente
1229 4698 1373 4752 mala
1400 4698 1455 4752 in
1478 4699 1845 4768 perniciosum
1875 4713 2184 4753 sermonem

619 4788 810 4854 eﬂ‘usa,
848 4788 963 4856 ipse
993 4788 1176 4858 potius
1208 4788 1513 4858 periculum
1540 4788 1593 4842 in
1630 4789 1716 4844 his
1746 4789 1989 4844 inveniat
2017 4807 2030 4843 :
2067 4804 2188 4859 quae

617 4889 672 4933 et
725 4878 925 4934 millies
981 4879 1282 4949 contigisse
1337 4894 1438 4935 nos
1489 4895 1709 4951 quoque
1760 4880 1986 4946 scimus,
2041 4881 2186 4934 malo

617 4969 847 5024 consilio
884 4968 937 5023 in
970 4969 1140 5038 ipsius
1172 4978 1426 5027 auctores
1460 4985 1751 5038 converso,
1787 4982 1841 5028 et
1875 4969 2101 5028 omnem”
2129 4971 2183 5027 iu

695 5151 739 5181 ⁵³
781 5149 924 5203 Psal.
958 5163 1058 5213 vn,
1103 5148 1189 5202 16.

686 5326 798 5396 (64)
836 5325 989 5381 Isaiae
1039 5325 1206 5380 verba
1247 5323 1394 5396 (xvi,
1425 5320 1490 5396 li)
1543 5335 1655 5396 prie
1701 5318 1874 5396 ocu_l_is
1921 5319 2182 5396 habuisse

614 5388 814 5452 Noster
843 5396 976 5451 mihi
1010 5388 1265 5456 videtur,'
1299 5393 1391 5446 ubi
1435 5388 1640 5446 ille—ait
1675 5407 1688 5443 :
1734 5409 1752 5440 ι
1792 5388 1857 5441 Ει
1887 5405 1993 5442 nou
2036 5391 2181 5444 dicat

613 5468 901 5522 eunuchus
929 5484 944 5520 :
980 5467 1118 5520 Ecce
1151 5477 1263 5533 ego
1286 5461 1488 5533 lignum
1516 5461 1766 5533 aridum”;
1800 5459 1926 5533 quia
1954 5461 2073 5533 haec
2103 5461 2182 5512 di-

614 5540 690 5591 cit
728 5538 990 5590 Dominus
1034 5527 1355 5589 eunut'this':
1401 5532 1505 5595 Qui
1551 5527 1894 5583 custodierint
1945 5527 2180 5582 Sabbata

615 5623 751 5671 mea,
783 5616 832 5659 et
864 5606 1110 5674 elegerint
1149 5616 1264 5670 qua:
1298 5618 1387 5671 ego
1421 5600 1580 5664 volui,
1618 5609 1666 5674 et
1701 5601 1959 5674 tenuerint
2011 5601 2178 5674 [terius

615 5670 822 5737 meum;
857 5670 992 5728 dabo
1028 5676 1103 5728 eis
1145 5675 1196 5726 in
1229 5670 1382 5724 domo
1413 5689 1525 5725 mea
1558 5679 1606 5724 et
1649 5672 1700 5722 in
1740 5670 1904 5721 muris
1939 5671 2067 5722 meis
2106 5671 2184 5722 lo-

615 5762 733 5801 cum
778 5756 826 5801 et
880 5761 1064 5800 nomen
1105 5743 1286 5798 melius
1337 5760 1368 5798 a
1424 5742 1548 5811 ﬁliis
1596 5750 1645 5795 et
1695 5739 1956 5808 ﬁlia/ius:
1995 5755 2181 5794 nomen

2297 4604 2635 4675 θυμημάτων
2664 4605 2754 4657 καὶ
2786 4604 3064 4672 λογισμῶν
3091 4603 3192 4673 τῆς
3228 4605 3447 4668 κακίας,
3476 4604 3623 4656 ἐστιν
3647 4606 3746 4657 ὅτε
3781 4606 3876 4659 τοῦ

2297 4695 2535 4766 σιδηρίου
2575 4695 3031 4765 διολισθήσαντος,
3082 4695 3199 4765 ήτοι
3230 4695 3328 4764 τῆς
3373 4695 3712 4748 κακοϐούλου
3756 4697 3875 4750 δια-

2292 4788 2441 4851 νοίας
2493 4787 2629 4858 πρὸς
2657 4786 2976 4857 ἀσύμφορον
3023 4786 3198 4854 λόγον,
3226 4786 3385 4849 αὐτὸς
3415 4787 3619 4855 μᾶλλον
3663 4790 3724 4840 ἐν
3750 4789 3874 4840 τούο

2290 4897 2404 4943 τοις
2433 4880 2655 4949 εὑρήσει
2690 4879 2782 4931 τὸν
2818 4879 3060 4932 κίνδυνον
3082 4895 3095 4909 ο
3142 4879 3178 4933 ἃ
3210 4879 3305 4932 καὶ
3342 4879 3622 4949 συμϐάντα
3675 4883 3876 4952 μυριὰς

2291 4989 2379 5035 κις
2411 4971 2502 5025 καὶ
2531 4972 2689 5040 ἡμεῖς
2721 4971 2900 5039 ἴσμεν,
2938 4969 3273 5040 στραφείσης
3309 4971 3406 5042 τῆς
3435 4971 3871 5043 πονηροϐουλίας

2285 5324 2658 5399 sempiternum
2688 5326 2824 5382 dabo
2851 5329 2947 5393 eis,
2981 5329 3122 5399 quod
3155 5345 3258 5384 non
3283 5330 3494 5398 peribit.
3528 5348 3546 5382 ι
3580 5328 3703 5386 Hec
3734 5346 3870 5386 vero

2285 5393 2546 5472 Iiorerius
2576 5397 2642 5450 de
2679 5399 2944 5472 eunuchis
2979 5393 3318 5472 evangelicis
3348 5402 3690 5472 potissimum
3724 5418 3868 5472 pne-

2285 5464 2430 5517 dicta
2462 5481 2603 5530 esse,
2641 5482 2748 5520 non
2781 5469 3053 5522 immerito
3091 5464 3443 5524 eiistimavit.

2358 5534 2470 5609 (65)
2507 5534 2620 5609 _Sed
2663 5537 2804 5609 apud
2842 5537 2978 5590 LXX
3033 5539 3293 5607 leges.....
3332 5542 3423 5592 καὶ
3456 5540 3742 5609 περισσεία
3790 5541 3868 5608 τῷ

2285 5603 2440 5674 ἀνδρὶ
2466 5607 2525 5678 op
2565 5603 2727 5673 σοφία
2754 5623 2767 5637 δ
2798 5623 2960 5678 quant
2995 5603 3172 5663 tanien
3204 5625 3386 5664 veram
3423 5603 3702 5665 lectionem
3734 5603 3866 5668 esse

2286 5686 2443 5746 negat
2491 5675 2739 5732 Drusius.
