3846 6498
78 312 236 386 “Ol

1139 321 1220 386 IN
1261 321 1840 383 ECCLESIASTEN.
1876 348 1942 356 —
1974 324 2119 383 LIB.
2144 325 2246 384 ιχ.

3211 314 3348 379 11οὶ

81 436 247 483 κατὰ
282 431 390 483 τῶν
432 429 770 501 γεννητόρων
813 429 1005 500 αὐτῆς,
1037 434 1131 486 καὶ
1171 432 1271 501 τὴν
1312 430 1678 502 πανωλεθρίαι

1789 446 1883 485 eos
1919 434 2212 500 perniciem
2256 440 2582 503 congcrente
2625 448 2637 483 :
2685 437 2744 483 ut
2788 429 2880 498 qui
2928 428 3072 497 ligna
3130 431 3353 492 scindit,

77 521 289 582 αὐτοῖς
325 517 736 590 προξενησάσης
757 536 768 548 ’
800 518 876 582 ὡς
925 519 1279 591 εὑρίσκεσθαι
1310 521 1402 574 τὸν
1435 521 1683 589 σχίζοντα

75 611 160 660 τὰ
181 610 324 674 ξύλα
353 611 534 680 μάτην
549 609 886 680 ταράττοντα
906 609 968 662 τὸ
997 609 1485 680 ἐπιϐουλευόμενον
1513 609 1684 678 πρόσ-

73 717 287 764 ωπον,
344 699 544 770 μᾶλλον
595 699 696 769 μὲν
745 695 838 753 οὖν
899 702 997 754 καὶ
1040 701 1141 765 τὰς
1194 701 1454 772 δυνάμεις
1518 699 1684 754 αὐτοῦ

75 790 450 861 δυναμοῦντα
492 790 634 844 κατὰ
679 791 741 845 τὸ
796 791 1022 861 μᾶλλον,
1069 794 1236 863 ῆγουν
1281 792 1686 862 ἀσφαλέστερον

74 883 273 936 αὑτὸν
299 883 559 937 ποιοῦντα
581 883 672 938 διά
699 887 799 955 τῆς
831 885 975 938 κατὰ
1001 884 1100 955 τὴν
1127 883 1419 956 ἐπιϐουλὴν
1450 884 1647 954 πείρας
1664 897 1681 914 ⁶

78 973 195 1027 ἅτε
235 973 304 1045 δὴ
329 975 428 1028 καὶ
459 975 780 1044 περισσείαν
817 975 1222 1046 σοφίαςνὴγουν
1257 975 1564 1044 ἐπιστήμην
1592 979 1686 1028 καὶ

78 1062 400 1134 διάγνωσιν
433 1068 526 1120 ἐπὶ
553 1069 620 1138 τῇ
666 1068 910 1140 προτέρα
948 1069 1176 1140 ἀνδρείᾳ
1220 1067 1404 1138 σαφῶς
1443 1067 1685 1138 προσλα-

77 1153 157 1206 ϐό
162 1171 361 1222 μενον.

164 1245 211 1299 τ
217 1249 286 1318 ὴν
317 1247 442 1316 ῖσην
486 1247 542 1301 δὲ
571 1247 666 1300 καὶ
697 1249 794 1318 τὴν
820 1247 990 1318 αὐτὴν
1019 1246 1246 1318 ἐκδοχὴν
1280 1247 1576 1316 ἐξειληφὼς
1601 1263 1685 1308 τις

76 1340 192 1390 καὶ
236 1339 384 1391 κατά
420 1338 510 1392 τὸν
539 1341 638 1410 τῆς
674 1340 964 1408 ἀναγωγῆς
1011 1339 1187 1406 λόγον,
1224 1339 1321 1408 οὐχ
1373 1339 1683 1408 ἁμαρτήσει

79 1430 194 1497 τῆς
242 1430 526 1500 ἀληθείας.
572 1430 630 1482 '0
657 1430 764 1500 γὰρ
807 1430 1116 1492 Ἰουδαῖκαίς
1162 1428 1518 1499 κεκινημένος
1571 1431 1684 1479 ἰτα-

90 1522 308 1591 μότησι
348 1523 442 1574 καὶ
479 1522 946 1594 πονηροϐουλίαις,
977 1523 1011 1592 ἧ
1061 1538 1202 1574 τισιν
1243 1522 1543 1591 αἱρετικαῖς
1590 1522 1680 1573 καὶ

89 1613 426 1676 κακοδόξοις
478 1612 780 1684 ὐπολήψεσι
847 1613 1327 1684 παρατεθιγμένην
1383 1611 1518 1681 ἔχων
1584 1612 1682 1680 τὴν

91 1701 379 1767 γλῶτταν,
439 1701 535 1755 καὶ
583 1702 672 1754 διὰ
719 1699 876 1754 τοῦτο
922 1702 1013 1754 τὸν
1061 1702 1156 1754 τοῦ
1207 1701 1372 1771 νόμου
1429 1701 1678 1772 φραγμὸν

1787 522 1993 576 vultum
2050 524 2388 578 insidiatoris
2423 521 2788 591 nequidquam
2830 521 3050 575 turbare
3084 521 3350 585 videatur,

1784 623 1841 666 at
1878 615 2022 668 vires
2055 614 2174 684 ejus
2202 616 2380 684 potius
2413 614 2736 668 continuare
2771 612 2964 683 magis,
2995 613 3110 666 sive
3140 612 3206 665 ad
3237 621 3354 665 ten-

1785 705 1979 758 tandas
2029 705 2258 760 insidias
2308 705 2480 759 multo
2526 720 2647 758 eum
2686 703 2912 757 reddere
2945 702 3350 756 valentiorem:

1785 796 1985 866 quippe
2015 797 2107 865 qui
2134 797 2410 866 sapientiae
2438 795 2646 865 copiam
2673 798 2955 862 majorem,
2991 793 3043 847 id
3069 803 3150 846 est
3176 794 3354 847 scien-

1787 886 1916 940 tiam
1969 895 2024 940 et
2078 887 2446 955 cognitionem
2503 887 2821 954 ampliorem
2868 884 3022 939 ausis
3074 883 3352 955 prioribus

1784 978 1904 1033 sine
1936 976 2102 1034 dubio
2132 978 2450 1048 acquisierit
2487 978 2620 1048 (66).

1856 1234 1959 1302 Qui
1991 1250 2120 1292 vero
2149 1245 2204 1292 et
2237 1252 2509 1307 anagoges
2550 1237 2821 1293 rationem
2855 1248 3078 1294 secutus
3106 1237 3160 1294 in
3195 1255 3349 1294 eam-

1785 1324 1906 1380 dem
1943 1326 2058 1381 liaac
2105 1328 2430 1382 sententiam
2483 1326 2890 1396 interpretanda
2929 1329 3188 1394 duxerit,
3245 1330 3350 1384 mi-

1786 1417 1929 1472 nime
1961 1433 1991 1471 a
2022 1419 2251 1473 veritate
2277 1419 2573 1473 abcrrabit.
2598 1418 2731 1473 Nam
2756 1422 2846 1489 qui
2877 1419 3100 1477 Judaica
3130 1425 3350 1476 temeri-

1786 1519 1892 1563 tate
1917 1509 2295 1582 perversisque
2323 1511 2568 1566 consiliis
2597 1523 2882 1582 correptus
2909 1522 3013 1578 est,
3049 1524 3143 1568 aut
3167 1516 3346 1585 aliqua

1783 1599 2160 1656 hereticorum
2194 1602 2315 1656 labe
2344 1615 2396 1657 et
2427 1603 2698 1671 pestiferis
2728 1605 3077 1673 opinionibus
3106 1605 3348 1674 linguam

1785 1689 1947 1745 liabet
2000 1691 2278 1756 infectam,
2339 1702 2502 1762 atque
2553 1692 2688 1747 adeo
2731 1694 2863 1764 legis
2897 1710 3078 1764 sepem
3114 1711 3178 1750 ac
3211 1697 3351 1750 veri-

90 1789 390 1859 καθαιρῶν
424 1791 516 1845 καὶ
546 1790 636 1845 τὸν
664 1791 872 1862 πύργον
900 1791 1000 1862 τῆς
1024 1791 1281 1862 ἀληθείας
1305 1794 1425 1856 ταῖς
1448 1791 1678 1862 ἐτεροδι-

1791 1783 1912 1836 tatis
1939 1781 2134 1836 turrim
2183 1782 2378 1838 alienis
2430 1784 2696 1839 doctrinis
2725 1794 2780 1839 et
2811 1785 3351 1855 interpretationibus

76 1878 421 1945 δασκαλίαις
469 1881 564 1934 καὶ
595 1882 1030 1954 παρερμηνείαις
1077 1884 1170 1937 καὶ
1215 1882 1532 1954 καμπύλαις
1584 1883 1677 1934 καὶ

77 1969 564 2041 διεστραμμέναις
585 1971 1000 2042 διασαφήσεσιν,
1033 1974 1274 2044 εὑρίσκει
1304 1973 1396 2026 τὸν
1437 1973 1558 2041 ὅφιν
1587 1973 1677 2025 τὸν

82 2061 339 2126 σκολιὸν,
368 2063 568 2134 δηλαδὴ
602 2064 694 2117 τὸν
722 2064 1029 2136 ἀρχέκακον
1057 2066 1321 2131 διάϐολον,
1355 2069 1473 2130 ταῖς
1522 2067 1678 2130 ἰδίαις

79 2153 320 2222 δήξεσιν
351 2155 511 2208 αὐτὸν
542 2156 902 2210 ἀναλίσκοντα
937 2159 1029 2210 καὶ
1057 2158 1399 2211 συνωθοῦντα
1429 2159 1564 2228 πρὸς
1587 2157 1677 2211 τὸν

85 2245 296 2315 βόθρον
329 2248 426 2315 τῆς
449 2247 745 2312 ἀπωλείας.
783 2248 904 2302 Ἔτι
927 2249 981 2302 δὲ
1009 2250 1104 2302 καὶ
1119 2249 1294 2303 ἄλλων
1322 2249 1550 2304 ἕκαστον
1572 2265 1676 2300 πα-

86 2335 488 2406 ραδειγμάτων
505 2337 604 2408 τῆς
625 2339 795 2408 αὐτῆς
819 2339 1051 2410 θεωρίας
1077 2342 1354 2411 ἐχόμενον,
1375 2341 1465 2394 καὶ
1488 2340 1676 2394 τούτου

86 2425 264 2495 χάριν
298 2426 540 2496 ὑπάρχον
570 2425 834 2498 εὔληπτον
870 2431 1005 2482 πᾶσι
1038 2433 1148 2494 τοῖς
1198 2430 1560 2500 βουλομένοις.
1603 2429 1679 2492 ὼς

91 2517 176 2586 μὴ
193 2516 410 2570 δεῖσθαι
445 2519 547 2570 κάν
562 2518 771 2582 τούτοις
791 2519 894 2572 ἀνὰ
916 2521 1079 2590 μέρος
1099 2523 1195 2592 τῆς
1213 2519 1524 2591 προσφυοῦς
1544 2520 1674 2590 παρ’

87 2605 262 2675 ἡμῶν
313 2608 634 2678 ἑρμηνείας,
686 2609 775 2662 ἵνα
825 2611 901 2680 μὴ
933 2610 1386 2678 ταυτολογοῦντες
1435 2609 1674 2679 ἁλῶμεν.

92 2697 460 2769 Παρεμπεδοῖ
487 2699 542 2752 δὲ
571 2699 640 2752 τά
671 2699 951 2770 φθάσαντα
998 2701 1088 2756 διὰ
1112 2702 1220 2755 τῶν
1264 2701 1568 2772 ἑπομένων.

1780 1881 1944 1939 atque
1967 1873 2443 1942 explanationibus
2466 1874 2704 1943 obliquis
2723 1884 2776 1930 et
2793 1876 3021 1933 detortis
3037 1877 3348 1942 labefactat.

1779 1963 1938 2034 25.3
1975 1965 2022 2018 is
2064 1965 2363 2020 flexuosum
2417 1966 2642 2021 oﬂ‘endit
2688 1979 3030 2038 serpentem,
3082 1972 3347 2026 malorum

1779 2058 1986 2112 scilicet
2039 2066 2320 2112 auctorem
2375 2058 2688 2124 diabolum,
2748 2061 2842 2129 qui
2903 2063 3180 2118 morsibus
3235 2065 3351 2118 suis

1779 2150 1953 2218 ipsum
1999 2150 2250 2219 perimat,
2299 2159 2353 2204 et
2397 2150 2450 2204 in
2511 2151 2785 2205 exitialem
2825 2151 3031 2207 foveam
3076 2155 3334 2224 impellat.

1783 2239 2070 2294 Enimvero
2119 2254 2173 2296 et
2215 2247 2407 2296 caetera
2446 2242 2573 2296 item
2621 2244 2865 2312 exetnpla
2896 2245 3085 2300 eodem
3133 2248 3347 2318 singula

1783 2343 2052 2401 Spectant,
2088 2342 2141 2387 et
2181 2335 2376 2402 cuique
2412 2343 2572 2404 captu
2626 2335 2806 2390 facilia
2857 2347 3004 2402 sunt,
3061 2349 3118 2390 ut
3170 2339 3222 2392 in
3263 2340 3348 2394 bis

1781 2426 2230 2494 interpretatione
2277 2435 2463 2480 nostra
2520 2442 2657 2496 opus
2711 2444 2815 2482 non
2870 2429 2961 2494 sit,
3006 2446 3127 2499 quae
3163 2443 3346 2500 partes

1781 2514 2028 2584 singulas
2086 2525 2446 2585 persequatur
2494 2535 2505 2570 :
2551 2532 2618 2572 ne
2672 2517 2860 2572 eadem
2905 2520 3102 2574 iterare
3146 2537 3350 2592 arguao

1782 2623 1927 2660 mur.
1975 2605 2071 2662 llis
2116 2615 2299 2663 autem
2337 2625 2460 2672 qum
2503 2619 2828 2680 sequuntur,
2867 2611 2982 2680 jam
3029 2611 3172 2667 dicta
3213 2630 3346 2668 cou-

1781 2698 1978 2750 firmat.

1718 2806 1810 2861 Xl.

188 2903 336 2956 Ἐὰν
372 2903 526 2970 δάκῃ
581 2906 614 2958 ὁ
659 2904 794 2972 ὄφις
821 2903 894 2958 ἐν
921 2907 992 2960 οὐ
1026 2903 1384 2976 ιεἰθυρισμῷ,
1425 2903 1524 2958 καὶ
1569 2809 1678 2956 of):

1856 2897 2022 2952 Vens.
2057 2898 2144 2952 Η.
2176 2898 2237 2954 Si
2265 2901 2602 2954 momorderit
2635 2919 2843 2971 serpens
2878 2903 2931 2957 in
2972 2921 3076 2958 non
3109 2923 3347 2974 susurro,

93 2993 240 3046 ἐστι
279 2997 597 3060 περισσεία
631 2996 709 3061 τῷ
745 2996 1044 3064 ἐπᾴδοντι.

191 3085 580 3154 Ἀναγωγικῶς
626 3088 942 3158 ἐκδέχεσθαι
1002 3087 1109 3159 χρὴ
1159 3087 1253 3142 καὶ
1310 3087 1470 3156 μόνον
1526 3083 1684 3138 τοῦτο

95 3175 312 3244 δηλαδὴ
345 3175 406 3229 τὸ
438 3177 618 3247 ῥητόν.
653 3181 814 3246 Ὄφιν
843 3179 951 3250 γὰρ
980 3179 1212 3234 ἐνταῦθα
1241 3179 1515 3248 σημαίνει,
1554 3175 1683 3246 περὶ

96 3259 167 3318 ὦ
201 3283 338 3334 φησι
381 3266 586 3336 Μωσῆς
621 3269 650 3320 ό
683 3267 1017 3339 θεοφάντωρ,
1073 3286 1092 3320 ι
1156 3266 1214 3320 ’0
1243 3267 1299 3320 δέ
1346 3267 1468 3334 ὄφις
1501 3282 1684 3335 φρονι-

102 3356 365 3424 μώτατος
392 3354 460 3428 ἦν
486 3359 703 3412 πάντων
735 3359 842 3412 τῶν
870 3358 1072 3430 θηρίων
1110 3358 1218 3412 τῶν
1247 3358 1338 3411 ἐπὶ
1363 3359 1460 3426 τῆς
1495 3357 1630 3425 γῆς’
1659 3373 1678 3406 I

99 3449 291 3518 δηλῶν
317 3450 410 3502 τὸν
442 3450 890 3523 ἀνθρωποκτόνον
929 3451 1169 3506 διάϐολον
1197 3451 1288 3504 τὸν
1322 3450 1685 3521 ψιθυρίσαντα

103 3541 210 3610 τῆς
244 3540 392 3603 Εὔας
424 3543 542 3604 ταῖς
593 3543 806 3604 ἀκοαῖς,
857 3542 950 3593 καὶ
987 3542 1356 3609 φενακίσαντα
1406 3540 1474 3593 δι’
1515 3539 1683 3607 αὐτῆς

102 3632 204 3684 τὸν
230 3632 543 3704 γεννάρχην
595 3633 767 3704 Ἀδάμ
797 3635 854 3686 ἐν
881 3635 1000 3697 ταῖς
1030 3633 1278 3703 ψευδέσιν
1310 3630 1682 3703 ἐπαγγελίαις.

105 3717 287 3784 οὗτος
333 3722 513 3775 τοίνυν
561 3723 590 3775 ὀ
640 3723 761 3790 όφις
803 3741 822 3774 ι
857 3723 954 3777 ἐὰν
995 3723 1133 3796 δάκῃ
1171 3743 1188 3774 ι
1224 3721 1366 3785 τινὸς
1397 3721 1682 3792 ἀνθρώπου

101 3813 292 3884 ψυχὴν
326 3832 346 3866 ι
397 3816 455 3866 ἐν
486 3814 546 3867 ού
597 3813 946 3886 ψιθυρισμῷ,
987 3833 1004 3862 ι
1037 3813 1316 3866 τουτέστιν
1361 3816 1419 3866 ὲν
1458 3813 1683 3883 βραχέσι

105 3903 205 3955 καὶ
235 3903 595 3964 λεπτοτάταις
624 3904 718 3956 καὶ
746 3903 929 3972 ψιλαῖς
966 3903 1288 3975 προσϐολαῖς
1320 3902 1428 3956 τῶν
1467 3902 1684 3955 ἀτόπων

103 3994 537 4065 ἐνθυμημάτων,
588 3993 704 4048 ἀλλ’
749 3995 807 4050 ἐν
858 3996 1115 4066 σφοδραῖς
1159 3996 1254 4048 καὶ
1297 3995 1561 4064 μεγάλαις
1592 3993 1686 4046 καὶ

103 4085 391 4156 δαψιλέσιν
446 4086 744 4150 ἐξαπάταις
796 4086 894 4157 τῆς
943 4086 1239 4156 πονηρίας,
1302 4086 1539 4156 χαλεπὴν
1593 4087 1684 4138 καὶ

106 4178 486 4248 σφοδροτάτην
519 4176 668 4247 αύτῷ
700 4178 916 4246 ποιήσει
947 4178 1192 4247 πληγήν·
1225 4178 1300 4240 ὡς
1345 4178 1512 4248 μηδὲν
1552 4177 1681 4244 όφε-

107 4268 200 4329 λος
231 4261 372 4318 εἶναι
402 4265 588 4318 λοιπὸν
621 4283 640 4315 t
675 4264 753 4335 τῷ
781 4266 1051 4337 ἐπᾴδοντι,
1097 4284 1116 4317 ι
1158 4266 1400 4335 δηλονότι
1441 4265 1516 4335 τῷ
1543 4267 1683 4318 διδα-

109 4358 303 4427 σκάλῳ
343 4357 668 4428 πειρωμένῳ
698 4357 790 4409 τὸν
834 4357 910 4410 ίὸν
938 4358 1036 4426 τῆς
1069 4357 1276 4410 ἐκείνου
1305 4357 1501 4420 κακίας
1528 4353 1683 4421 αὖθις

107 4448 406 4518 ἐξωθῑμαι,
459 4449 552 4501 καὶ
595 4451 895 4518 παρασχεῖν
950 4448 1266 4518 γλυκασμὸν
1307 4451 1374 4518 τῇ
1423 4448 1683 4522 δηχθείσῃ

108 4542 205 4594 καὶ
258 4541 529 4613 πληγείσῃ
571 4539 716 4611 ψυχῇ
751 4543 847 4612 τῆς
895 4539 1156 4611 ἀληθείας
1205 4540 1301 4593 καὶ
1345 4541 1445 4610 τῆς
1473 4543 1679 4606 δικαιοο

111 4630 248 4701 σὺνη
255 4648 300 4693 ς.

189 4745 238 4776 ⁸⁸
279 4742 418 4798 Gen.
455 4757 555 4808 ιιι,
596 4743 654 4798 1.

183 4830 298 4900 (66)
344 4831 408 4884 At
448 4829 599 4886 Nilus
639 4832 752 4884 haec
789 4825 900 4900 alio
915 4827 1225 4900 trahebat:
1260 4844 1384 4883 nam
1432 4829 1498 4884 de
1537 4830 1678 4899 peri-

111 4898 242 4955 culo
268 4915 394 4954 cum
425 4910 629 4968 ageret,
666 4902 716 4952 in
749 4911 860 4968 quo
890 4898 926 4951 ii
958 4908 1266 4963 versantur,
1302 4901 1393 4968 qui
1422 4898 1558 4953 alios
1582 4900 1680 4952 do-

115 4971 290 5025 cendo
307 4967 623 5034 instituunt,
642 4967 1008 5037 cumingenio
1030 4969 1221 5038 magis,
1247 4967 1411 5037 quam
1437 4969 1680 5023 doctrina

112 5044 400 5103 nituntur,
456 5039 570 5093 hac
615 5038 844 5108 subjecit
889 5056 902 5092 :
953 5039 1064 5090 Kal.
1114 5039 1147 5107 ὴ
1198 5039 1468 5108 παροιμία
1521 5038 1576 5090 δὲ
1625 5039 1683 5090 τὸ

113 5109 459 5162 ἐπικίνδυνον
506 5108 601 5161 τοῦ
663 5107 988 5176 πράγματος
1043 5107 1338 5160 αἰνίττεται
1375 5107 1633 5176 λέγουσα
1668 5124 1679 5136 ·

119 5125 459 5162 ιπικινουνον
506 5125 601 5161 του
663 5125 703 5160 π
741 5125 988 5176 αγματος
1043 5125 1338 5160 αινιττεται
1401 5125 1633 5176 Αεγουσα
1668 5125 1679 5136 ·

119 5199 137 5229 ι
177 5179 388 5249 Σχίζων
449 5177 582 5241 ξύλα
608 5125 953 5249 ,κινδυνεύσει
993 5177 1050 5249 ἐν
1085 5177 1305 5249 ἀντ-οῖς..
1333 5177 1430 5230 ἐὰν
1475 5177 1682 5249 ἐκπέσῃ

113 5249 177 5300 τὸ
221 5246 488 5317 σιδήριον.
530 5266 547 5299 ι
605 5247 662 5301 ’0
707 5247 816 5317 γάρ
857 5246 1094 5317 διαιρῶν,
1129 5247 1205 5317 τῷ
1252 5247 1394 5316 λόγῳ
1431 5248 1501 5299 τὰ
1545 5246 1687 5317 πράῖ

116 5315 464 5387 γματαζκαὶ
510 5317 579 5370 τὰ
625 5315 956 5387 νομιζόμενα
997 5315 1238 5387 ἡνῶσθαι
1289 5315 1538 5387 χωρίζων
1584 5315 1684 5386 τῆς

117 5385 430 5456 συμφυΐας,
487 5388 580 5439 καὶ
633 5385 761 5450 ξένα
821 5387 998 5456 πάντη
1021 5385 1035 5456 λ
1056 5385 1682 5456 ἀλλήλωνδίέίκνυταιλ

121 5455 448 5525 βουλόμενος
477 5458 545 5508 τὰ
569 5455 735 5517 όντως
764 5456 944 5522 ἀγαθά
971 5455 1078 5508 τῶν
1108 5455 1477 5525 νομιζομένων
1507 5456 1682 5510 τοιού-

117 5541 248 5596 των,
290 5526 386 5596 ἐάν
420 5526 494 5596 μὴ
526 5525 789 5596 πάντοθεν
820 5527 920 5596 ἔχῃ
949 5525 1353 5596 ἡσῳαλισμένον
1385 5525 1477 5578 τὸν
1503 5525 1679 5592 λόγον,

117 5593 418 5664 κινδυνεύει
439 5593 495 5646 ἐν
515 5598 627 5658 τοῖς
643 5593 922 5658 ἀκούουσι,
935 5593 1029 5648 τοῦ
1051 5593 1377 5658 ἐκπεσόντος
1391 5597 1490 5664 τῆς
1507 5596 1653 5662 ἀσφα
1666 5624 1682 5635 -

118 5663 266 5735 λείας
289 5663 450 5730 λόγου
483 5664 780 5735 σκανδάλου
804 5665 1058 5735 ἀφορμὴν
1082 5668 1192 5729 τοῖς
1223 5663 1683 5735 μαθητευομένοις

123 5734 469 5804 παρέχοντος.
496 5735 551 5789 id
573 5744 675 5801 est,
709 5733 977 5801 Quantum
999 5733 1114 5789 uero
1143 5738 1195 5790 in
1226 5733 1298 5789 ea
1320 5733 1374 5788 re
1396 5733 1683 5803 periculum

1781 3007 1831 3044 et
1861 3006 1964 3044 non
1994 2999 2071 3042 est
2104 2991 2331 3060 amplius
2359 2992 2657 3047 incantanli
2694 2994 2830 3064 (67).

1858 3083 2071 3137 Dictum
2128 3084 2231 3136 hoc
2285 3085 2586 3137 secundum
2643 3100 2920 3156 auagogen
2975 3093 3349 3147 tantummodo

1783 3172 2156 3243 accipiendum
2182 3181 2283 3227 est.
2318 3175 2635 3242 Serpentem
2661 3175 2804 3228 enim
2823 3191 2948 3231 eum
2970 3176 3058 3232 hic
3077 3178 3347 3250 designat,

1785 3268 1852 3322 de
1888 3280 1998 3336 quo
2032 3264 2241 3336 Moyses
2265 3265 2354 3319 ille
2381 3265 2664 3334 theologus
2695 3266 2766 3320 ait
2800 3284 2813 3321 :
2851 3286 2870 3318 ι
2913 3265 3016 3324 Sed
3044 3279 3095 3324 et
3123 3287 3351 3343 serpens

1784 3369 1904 3414 erat
1931 3358 2181 3413 callidior
2231 3359 2444 3411 eunetis
2490 3358 2863 3412 animantibus
2895 3363 3156 3428 terrae“;
3197 3383 3214 3416 ι
3255 3365 3352 3419 Ιιο-

1784 3450 2040 3508 micidam
2085 3449 2362 3504 diabolum
2397 3448 2782 3504 demonstrans
2815 3451 2880 3504 ad
2915 3449 3038 3507 Eva:
3079 3469 3240 3511 aures
3270 3457 3352 3511 iu-

1784 3551 2186 3605 susurrantem,
2236 3555 2300 3594 ac
2347 3555 2440 3608 per
2499 3540 2670 3610 ipsam
2727 3544 3132 3612 progenitorem
3178 3546 3351 3604 Adam

1785 3632 1940 3688 falsis
1981 3631 2274 3702 promissis
2312 3629 2688 3700 decipientem.
2745 3631 2846 3687 llic
2888 3634 3055 3700 igitur
3102 3651 3350 3706 serpens,

1784 3723 1830 3777 si
1879 3721 2038 3791 cujus
2103 3719 2340 3775 hominis
2390 3720 2626 3773 animam
2680 3737 2698 3770 ‹
2737 3722 3092 3778 momorderit
3141 3727 3192 3779 in
3240 3741 3350 3780 non

1785 3828 2034 3876 susurro,
2071 3830 2090 3863 ι
2136 3811 2188 3866 id
2229 3819 2347 3874 est,
2387 3810 2643 3866 brevibus
2683 3820 2737 3865 et
2770 3813 2984 3884 exiguis
3029 3817 3352 3876 levissimis-

1783 3921 1891 3977 que
1942 3902 2298 3975 petitionibus
2351 3903 2718 3956 absurdarum
2760 3906 3176 3976 cogitationum,
3220 3925 3347 3980 gra-

1782 3997 1944 4052 vibus
2000 4004 2181 4049 tamen
2240 4003 2295 4047 et
2342 3993 2555 4062 magnis
2605 4002 2770 4061 atque
2841 3998 3027 4053 multis
3091 4002 3350 4070 nequitia:

1783 4086 2016 4142 fallaciis
2058 4083 2429 4156 perniciosum
2481 4083 2555 4136 illi
2590 4098 2652 4138 ae
2690 4085 3228 4146 vehementissimum
3261 4093 3347 4145 in-

1785 4179 1923 4236 feret
1971 4179 2174 4241 ictum;
2229 4175 2364 4230 nihil
2405 4183 2466 4229 ut
2510 4176 2805 4230 incantanti
2847 4179 3206 4249 relinquatur,
3239 4200 3349 4254 quo

1780 4274 1975 4344 juvare
2007 4267 2202 4339 possit,
2241 4265 2554 4336 praeceptori
2589 4280 2801 4334 nempe,
2828 4268 2920 4338 qui
2950 4271 3172 4327 malitiae
3201 4274 3346 4330 illius

1785 4377 2052 4419 venenum
2083 4375 2276 4415 rursus
2311 4358 2578 4426 depellere
2617 4369 2871 4425 conetur,
2908 4372 2963 4415 et
2993 4363 3195 4418 saucia:
3228 4379 3323 4434 per

1785 4457 2056 4523 culsaeque
2094 4451 2290 4506 anima:
2317 4448 2560 4504 veritatis
2595 4458 2758 4519 atque
2796 4451 3024 4521 justitize
3056 4455 3350 4513 lenimenta

1784 4550 2020 4621 praebere
2050 4543 2184 4614 (es).

1784 4829 1872 4892 sit,
1913 4829 2231 4896 proverbiali
2255 4845 2456 4900 quoque
2483 4831 2625 4884 dicto
2653 4831 2990 4900 signiﬁcatur
3014 4845 3034 4885 :
3063 4833 3165 4897 Qui
3204 4837 3352 4890 scin-

1783 4900 1863 4952 dit
1894 4900 2057 4968 ligna,
2090 4900 2489 4968 periclitabitur
2517 4901 2570 4953 in
2598 4900 2725 4965 illis,
2755 4903 2799 4955 si
2831 4901 3096 4955 exciderit
3119 4902 3348 4961 ferrum.

1787 4968 1892 5033 Qui
1909 4969 2045 5022 enim
2069 4985 2149 5022 res
2173 4971 2538 5023 ratiocinando
2555 4968 2766 5040 dividit,
2785 4979 2835 5022 et
2849 4986 3050 5032 eorum,
3067 4987 3183 5040 qua:
3199 4977 3351 5029 unita

1785 5049 2082 5103 censentur,
2113 5055 2413 5108 compagem
2438 5039 2699 5108 dissolvit,
2735 5041 2894 5092 etiam
2933 5039 3187 5093 extranea
3217 5044 3351 5097 invio

1785 5124 1894 5161 cem
1941 5108 2096 5175 plane
2122 5106 2236 5161 esse
2273 5106 2519 5161 ostendit.
2561 5106 2663 5172 Qui
2697 5125 2762 5161 ex
2796 5109 2897 5174 his,
2935 5124 3050 5178 qut?
3096 5121 3352 5177 putantur

1788 5181 1943 5240 bona,
1980 5178 2084 5230 vult
2132 5195 2195 5230 ea
2225 5195 2342 5247 qua:
2365 5194 2474 5231 vere
2505 5182 2633 5229 talia
2665 5179 2793 5240 sint,
2826 5179 2927 5231 nisi
2951 5179 3179 5248 undique
3207 5191 3350 5248 tutus

1789 5247 2159 5321 raciocinetur,
2199 5245 2338 5321 apud
2384 5247 2983 5321 auditoresjpericulunt
3021 5245 3181 5321 subit,
3213 5245 3352 5321 quod

1789 5317 1949 5382 ratio,
1994 5318 2090 5388 ubi
2123 5333 2156 5369 α
2195 5319 2410 5370 venitote
2436 5317 2730 5388 deciderit,
2781 5318 3082 5388 offensionis
3126 5317 3353 5388 praebeat

1787 5402 2004 5439 causam
2052 5387 2150 5452 iis,
2190 5388 2279 5454 qui
2316 5387 2684 5440 instituuntur.
2735 5387 2854 5455 (De
2901 5387 3133 5443 manust.
3179 5406 3350 5447 exere.

1785 5471 1834 5510 c.
1867 5456 1958 5510 29.

1857 5457 2239 5597 (%%.))Qlymp:_
2265 5524 2358 5578 ἐάν
2395 5525 2453 5597 δέ
2482 5524 2639 5597 δάκῃ.

1862 5593 1974 5664 (68)
2016 5593 2542 5664 lianc’Ecclesiastse
2571 5593 2898 5650 sententiam
2937 5597 3164 5654 Latinus
3190 5601 3356 5656 inter-

1791 5663 1915 5736 pres
1949 5664 2111 5736 vertit
2145 5683 2157 5717 :
2195 5663 2256 5719 Si
2283 5666 2519 5736 mordeat
2543 5681 2753 5732 serpens
2782 5668 2834 5719 in
2862 5667 3095 5731 silentio,
3139 5673 3268 5724 nihil
3297 5688 3356 5725 eo

1795 5733 1964 5789 minus
1995 5733 2171 5802 habet,
2233 5735 2322 5804 qui
2350 5734 2553 5790 occulte
2579 5736 2831 5792 detrahit.
2876 5737 3032 5795 Velut
3064 5742 3106 5793 si
3136 5756 3357 5800 compu-
