4114 6500
346 419 491 486 nos
1410 438 1495 499 IN
1531 440 2103 507 ECCLESIASTEN.
2126 475 2195 484 —
2222 450 2377 514 LIB.
2414 453 2521 515 Ix.
3458 423 3592 520 nos

337 538 721 644 Ide-amver
752 543 821 644 τά
867 544 967 618 τῆς
1017 547 1296 644 άληθείας,
1329 555 1426 609 zeal
1475 560 1597 622 ταῖς
1634 560 1880 632 εύθύτησι

1984 562 2154 620 italis
2204 575 2356 631 sunt,
2403 568 2596 632 sentit,
2639 575 2694 623 et
2742 582 2805 624 os
2850 568 3013 625 habet
3063 570 3131 626 ad
3181 571 3316 627 recti
3355 577 3593 644 regulam

341 631 662 702 ιθυνόμενον
707 636 803 688 zeal
831 639 1249 711 κανονιζόμενον
1290 644 1432 715 ἔχων
1465 648 1526 702 τὸ
1570 650 1698 704 ῐδιον
1724 631 1880 723 στόμα

2020 663 2273 710 exactum
2308 673 2374 713 ac
2409 646 2842 725 conformatum,
2890 674 3194 726 sermones,
3246 672 3305 717 ut
3348 679 3447 733 par
3491 677 3595 729 est,

336 721 532 791 λόγους
569 724 823 791 ἐκϐλύζει
858 729 1003 784 κατὰ
1026 730 1086 784 τδ
1114 732 1409 791 ἀκόλουθον
1444 738 1684 808 ἀγαθοὺς
1712 744 1804 797 zeal
1826 721 1880 815 χά

2019 745 2195 802 bonos
2226 747 2456 803 cﬂ'undit
2485 757 2541 804 et
2571 765 2693 806 eam
2741 751 3088 808 audientibus
3135 721 3440 824 ingerentes
3474 774 3594 827 gra-

338 830 428 882 ριν
460 817 568 877 τοῖς
600 816 884 873 ἐπαΐουσιν
930 820 1321 892 ἐμποιοῦντας,
1363 828 1458 881 καὶ
1486 832 1588 902 τῆς
1634 832 1734 903 μὲν
1760 850 1880 906 περι

2021 838 2184 903 tiam,
2241 855 2365 909 quas
2400 857 2508 896 non
2548 842 2727 898 solum
2781 844 3184 913 insurgentium
3233 846 3591 915 cupiditatum

337 906 660 977 στοιχούσης
686 910 883 977 αὐτοὺς
911 914 1339 983 ἐπαναστάσεως
1382 921 1494 974 τῶν
1534 922 1726 979 παθῶν
1754 925 1789 997 ή
1831 943 1880 979 τι

2017 929 2277 999 impetum
2315 940 2370 987 et
2398 933 2841 1002 desperationem
2882 950 2948 990 ac
2982 934 3225 991 dolorem
3275 938 3457 993 animo
3508 939 3594 992 in-

336 1013 430 1060 νος
458 996 697 1091 ἀθυμίας
733 1002 832 1054 zeal
861 1002 1039 1076 λύπης
1058 1006 1154 1060 τοῦ
1189 1007 1402 1063 ἔνδοθεν
1426 1011 1715 1083 ἀνθρώπου
1745 996 1880 1073 κατα

2016 996 2183 1076 ﬁxum
2220 1023 2398 1091 tollat,
2440 996 2535 1079 sed
2573 1026 2737 1079 etiam
2780 1026 2833 1080 in
2875 1026 3056 1081 solatii
3110 1041 3165 1083 et
3213 1029 3592 1086 oblectationis

332 1088 647 1162 κρατούσης
704 1092 1061 1164 ὲξαιροῦσαν,
1115 1099 1211 1152 zeal
1264 1103 1726 1172 μετοχετεύουσαν
1777 1110 1880 1181 πρὸ

2013 1123 2068 1167 et
2098 1113 2301 1168 laetitia:
2332 1115 2779 1170 communionem
2817 1124 3137 1186 partemque
3162 1125 3338 1173 vocet.

333 1180 685 1251 παράκλησιν
726 1184 819 1236 zeal
849 1184 1211 1256 ψυχαγωγίαν
1239 1192 1332 1244 καὶ
1375 1192 1667 1265 θυμηδίαν.

418 1268 558 1323 Ἀλλ’
591 1272 640 1324 οἱ
672 1271 942 1341 βάσκανον
969 1275 1063 1327 zeal
1094 1278 1389 1346 μισόκαλον
1420 1281 1635 1353 ἔχοντες
1660 1285 1880 1359 γνώμην

2082 1291 2151 1344 At
2184 1307 2314 1347 vero
2343 1294 2437 1363 qui
2472 1292 2712 1364 maligno
2746 1301 2877 1348 sunt
2924 1294 3111 1348 animo
3141 1305 3195 1350 et
3235 1268 3448 1352 honesti
3480 1297 3585 1351 ini-

327 1359 426 1424 οὓς
447 1360 543 1414 zeal
570 1362 841 1434 δεδήλωκε
867 1364 956 1419 διὰ
976 1367 1076 1437 τῆς
1099 1369 1393 1439 ὀνομασίας
1425 1390 1444 1425 ι
1483 1372 1579 1428 τοῦ
1600 1378 1851 1449 ἄφρονος,

2011 1382 2176 1447 mico,
2212 1359 2550 1453 quos'etiam
2593 1359 2891 1453 insipientis
2933 1385 3298 1455 appellatione
3335 1387 3585 1457 designa-

326 1451 741 1519 ἐπεισελθόντες
771 1458 887 1543 τοῖς
932 1459 1110 1528 σοφῶς
1154 1462 1492 1535 εἰσηγηθεῖσι
1537 1468 1631 1520 καὶ
1673 1472 1877 1525 συνετῶ

2008 1476 2105 1536 vit,
2158 1451 2240 1531 iis
2270 1475 2565 1539 adversati,
2622 1451 2745 1547 quae
2795 1451 3071 1546 sapienter
3120 1478 3419 1548 proposita,
3455 1495 3585 1549 pru-

325 1542 632 1635 λαληθεῖσι,
660 1548 800 1616 μετά
832 1542 1228 1623 ῥαγδαιοτάτης
1254 1553 1363 1608 τῶν
1408 1559 1774 1630 παραφρόνων
1816 1561 1880 1615 λό

2007 1566 2307 1635 denterque
2366 1566 2564 1621 tradita
2620 1542 2768 1631 sunt,
2836 1542 3240 1623 violentissimo
3295 1542 3579 1624 stultorum

324 1648 442 1699 γων
469 1634 761 1705 κινήσεως,
785 1636 942 1707 δίκην
966 1637 1271 1696 θαλαττίων
1291 1645 1555 1713 κυμάτων
1582 1650 1880 1719 συγχέουσι

2005 1634 2297 1712 verborum
2330 1656 2562 1728 impetu,
2605 1666 2862 1728 tanquam
2914 1659 3140 1713 marinis
3179 1659 3435 1716 ﬂuctibus
3485 1662 3586 1715 ob.

321 1723 524 1789 αὐτοὺς
554 1725 652 1778 zeal
691 1725 1183 1797 καταϐαπτίξουσι,
1216 1733 1399 1799 καθὼς
1432 1738 1663 1807 ὲμπεδοῖ
1692 1741 1792 1795 κάν
1834 1746 1880 1814 τῇ

2003 1754 2172 1800 ruunt
2206 1746 2331 1801 illos
2367 1723 2888 1818 atque-demergunt
2924 1763 2938 1801 :
2974 1756 3033 1801 ut
3071 1748 3124 1801 in
3158 1746 3578 1804 Proverbiorum

321 1812 495 1912 βίϐλῳ
518 1817 629 1873 τῶν
650 1819 991 1892 Παροιμιῶν,
1018 1824 1245 1912 φάσκων
1263 1844 1279 1859 ο
1300 1847 1319 1880 ι
1341 1829 1540 1900 Σοφίαν
1566 1832 1659 1885 zeal
1683 1812 1880 1887 παιδίαέ

2002 1853 2225 1908 quoque
2271 1838 2417 1894 libro
2444 1812 2784 1904 conﬁrmat,
2840 1856 2960 1895 cum
3014 1840 3091 1894 ait
3127 1859 3139 1894 :
3182 1859 3201 1892 e
3241 1840 3577 1912 Sapientiam

316 1904 541 1970 ἀσεόεῖς
578 1908 1043 1981 ἑξουθενήσουσιν.
1082 1933 1101 1967 ι
1135 1910 1214 1969 Ἦ
1252 1918 1466 1988 μήποτε
1498 1922 1566 1976 τὰ
1607 1924 1760 1994 χείλη
1802 1925 1880 1979 τοί

2002 1900 2166 1999 atque
2193 1928 2500 1985 doctrinam
2530 1931 2681 2001 impii
2712 1900 3014 2001 despicient
3040 1932 3106 1985 ’⁸.
3141 1950 3157 1983 ι
3193 1900 3333 1999 Quid
3365 1935 3410 1989 si
3435 1935 3577 1990 labia

316 1996 554 2092 άφρονος
577 1998 743 2053 αὐτὸν
766 2002 973 2057 ἐκεῖνον
996 2008 1414 2073 καταποντίζειν
1438 2013 1623 2084 φησὶν,
1660 2015 1775 2068 ἀλλ’
1796 2018 1880 2088 ού)

2001 1996 2311 2090 insipientis
2333 2020 2485 2075 illum
2510 1996 2687 2091 ipsum
2712 1996 3029 2092 demergere
3055 2022 3209 2087 dicit,
3236 2039 3339 2077 non
3371 2024 3578 2078 alium?

319 2084 552 2179 itepov;
589 2107 610 2141 ι
667 2090 761 2144 Ἐκ
791 2092 897 2162 γὰρ
926 2095 1037 2148 τῶν
1082 2095 1255 2167 λόγων
1292 2117 1387 2154 σου
1416 2101 1776 2179 δικαιωθήσῃ,
1802 2084 1897 2161 zeal

314 2175 383 2229 ὲκ
413 2177 524 2232 τῶν
563 2179 742 2250 λόγων
772 2201 866 2238 σου
896 2189 1366 2265 καταδικασθήσῃ,
1418 2212 1436 2246 ι
1481 2197 1647 2266 φησὶν
1666 2175 1672 2176 7
1691 2175 1751 2252 ἐν
1782 2203 1897 2267 τοῖς

315 2268 672 2363 Εύ-αγγελίοις
699 2277 727 2328 6
768 2277 972 2349 Κύριος
992 2296 1006 2310 ·
1038 2282 1289 2338 καθάπου
1338 2287 1474 2357 φησὶ
1501 2289 1594 2343 zeal
1627 2290 1688 2344 τὸ
1713 2289 1894 2363 λόγιον

311 2359 410 2412 τοῦ
439 2359 673 2432 ἀθλητοῦ
719 2367 818 2436 τῆς
857 2369 1140 2435 εὐσεϐείας
1183 2372 1335 2428 Ἰὼσο
1372 2392 1393 2428 ι
1441 2376 1688 2448 Ἐλέγξαι
1725 2359 1797 2435 σε’
1828 2383 1893 2437 τδ

315 2449 411 2541 σον
437 2452 634 2541 στόμα,
650 2454 720 2508 τὰ
743 2456 799 2508 δὲ
820 2458 971 2531 χείλη
998 2477 1091 2515 σου
1120 2469 1678 2541 καταμαρτυρήσουσί
1704 2490 1798 2527 σου
1823 2491 1838 2506 ·
1865 2493 1885 2527 z

311 2537 415 2610 τὴν
442 2539 529 2593 ἐπ’
560 2542 723 2596 αὐτὸν
760 2547 969 2601 ἐκεῖνον
1005 2549 1098 2603 τὸν
1143 2537 1361 2625 ἄφρονα
1388 2537 1687 2631 γενομένην
1719 2563 1889 2619 κατά-

312 2635 638 2725 κρρισινῄὲπὶ
682 2640 795 2703 τοῖς
833 2639 985 2706 ίδίοις
1029 2643 1211 2713 λόγοις
1261 2651 1447 2717 σαφῶς
1494 2653 1884 2725 αἰνιττόμενον.

312 2720 427 2773 Καὶ
476 2720 737 2796 εὕρηνται
792 2726 1054 2794 πολλάκις
1097 2733 1147 2784 oi
1193 2735 1541 2806 παράφρονες
1583 2720 1730 2808 λόγοι
1778 2741 1888 2795 τῶν

312 2812 624 2880 μισοκάλων
652 2817 977 2889 ἀνθρώπων,
1017 2824 1113 2878 zeal
1148 2825 1259 2880 τῶν
1303 2828 1481 2898 σοφῶν
1526 2831 1652 2894 τοὺς
1694 2831 1884 2902 λόγους

308 2902 646 2973 σϐεννύντες,
698 2910 794 2963 καὶ
844 2911 1152 2993 δεικνύντες
1202 2917 1599 2991 ἁνενεργήτους
1645 2923 1734 2976 διὰ
1783 2925 1882 2995 τὴν

306 2995 696 3084 παρείσκρισιν
725 3001 820 3084 zeal
845 3004 947 3074 τὴν
974 3003 1296 3080 ἀντίρρησιν
1327 3011 1435 3067 τῶν
1481 3012 1699 3084 ἁσόφων
1721 3031 1734 3046 ⁸
1787 3015 1881 3082 οὓς

304 3083 679 3159 αἰνιττόμενος
706 3082 863 3159 αὖθις
901 3096 1169 3169 ὲπήγαγε’

2008 2130 2027 2163 ι
2064 2108 2143 2165 Ex
2174 2110 2357 2167 verbis
2385 2111 2530 2166 enim
2576 2112 2685 2168 tuis
2721 2112 3134 2183 justilicaberis,
3184 2122 3240 2169 et
3288 2130 3355 2171 ex
3394 2118 3576 2173 verbis

1999 2201 2112 2257 tuis
2144 2202 2602 2257 condemnaberis
2625 2204 2693 2269 θ’,
2734 2223 2753 2257 ι
2797 2204 2975 2274 inquit
3009 2204 3274 2263 Dominus
3312 2206 3365 2261 in
3392 2205 3572 2263 Evan-

1999 2289 2196 2362 geliis;
2252 2290 2397 2346 sicut
2442 2291 2681 2361 quodam
2726 2292 2779 2347 in
2831 2293 2953 2349 loco
2987 2294 3190 2350 athleta
3238 2296 3327 2351 ille
3355 2297 3573 2367 pietatis

1994 2379 2167 2437 Jobus
2194 2381 2476 2437 oraculum
2512 2382 2683 2437 edidit
2716 2383 3077 2452 huiusmodi:
3112 2404 3130 2437 ι
3168 2386 3375 2458 Arguat
3420 2397 3470 2444 te
3509 2405 3572 2446 os

1994 2482 2173 2536 tuum,
2199 2482 2254 2529 et
2283 2472 2425 2527 labia
2464 2481 2557 2528 tua
2593 2472 3032 2529 testilicabuntur
3061 2483 3251 2532 contra
3282 2486 3331 2533 te
3355 2477 3503 2548 (ﬂ):
3546 2497 3565 2530 ι

1992 2564 2197 2619 diserte
2233 2562 2552 2635 signiﬁcans
2586 2571 2776 2620 contra
2812 2565 2966 2620 illum
3000 2566 3180 2636 ipsum
3219 2568 3568 2638 insipientem

1992 2653 2046 2707 in
2096 2653 2341 2723 ejusdem
2388 2654 2583 2709 verbis
2626 2654 2808 2712 inesse
2874 2656 3406 2714 condemnationem.
3457 2655 3569 2715 Nec

1991 2743 2102 2798 rari
2156 2752 2288 2798 sunt
2326 2743 2479 2800 stulti
2518 2743 2895 2814 improborum
2941 2747 3225 2803 hominum
3262 2765 3565 2817 sermones,

1991 2836 2084 2905 qui
2142 2835 2470 2906 sapientium
2528 2838 2875 2893 sermonibus
2931 2840 3185 2896 tenebras
3245 2841 3564 2906 oﬂ‘undant,

1992 2940 2196 2995 eosque
2219 2925 2595 2996 insipientium
2623 2930 3031 2998 comparatione
3056 2938 3111 2985 'et
3133 2932 3567 2988 contradictione

1991 3015 2271 3072 inﬁrment
2307 3026 2471 3089 atque
2508 3019 2750 3086 eleveut;
2784 3035 2922 3090 quos
2954 3030 3016 3076 ut
3048 3021 3335 3089 indicaret,
3369 3024 3568 3093 adjecit

1992 3123 2209 3163 rursum
2237 3126 2250 3163 Ξ

1892 3219 2030 3274 XIII.

389 3294 571 3390 ’Δρχή
608 3298 810 3370 λόγων
834 3304 1135 3373 στόματος
1161 3310 1349 3365 αὑτοῦ
1387 3312 1705 3381 ἀφροσύνη
1728 3330 1741 3343 ·
1784 3219 1880 3368 rei!

1990 3219 2030 3274 l.
3556 3230 3559 3231 ⁷

2058 3313 2226 3371 Vens.
2268 3317 2354 3371 l3.
2382 3314 2607 3370 Initium
2637 3317 2911 3372 verborum
2942 3320 3050 3373 oris
3083 3320 3197 3389 ejus
3228 3318 3559 3390 insipientia,

295 3380 533 3453 ἐσχάτη
573 3390 872 3459 στόματος
898 3396 1086 3451 αὐτοῦ
1114 3380 1454 3470 περιφέρεια
1482 3380 1717 3473 πονηρά
1735 3423 1749 3439 ο
1781 3406 1881 3460 καὶ

294 3476 334 3527 ό
358 3475 566 3544 ἄφρων
601 3484 903 3550 πληθυνεῖ
932 3488 1177 3557 λόγους.

370 3568 473 3661 Διὰ
493 3569 603 3625 τῶν
626 3574 684 3626 ὲν
715 3575 857 3647 ἀρχῇ
891 3580 985 3632 zeal
1007 3582 1118 3634 τῶν
1143 3584 1390 3655 ἐσχάτως
1419 3587 1572 3656 παρὰ
1599 3588 1692 3642 τοῦ
1716 3589 1881 3661 ἄφρο-

293 3675 388 3723 νος
432 3660 742 3733 λεγομένων
772 3671 953 3724 πᾶσαν
997 3673 1095 3743 τὴν
1118 3675 1226 3728 τῶν
1271 3677 1448 3747 λόγων
1476 3680 1640 3733 αὐτοῦ
1677 3660 1880 3753 προφο-

297 3754 403 3822 ρὰν
452 3757 810 3815 ὲνδιαόάλλων
848 3766 942 3818 zeal
978 3769 1428 3838 κατασκώπτων,
1485 3774 1669 3839 καθὼς
1712 3777 1808 3829 zeal
1848 3779 1877 3831 6

292 3848 586 3919 προφήτης
626 3851 898 3924 Ἱερεμίας
941 3859 1053 3922 τοῖς
1084 3860 1348 3923 τοιούτοις
1387 3866 1876 3936 παραινιττόμενος

288 3937 441 3991 οὕτω
489 3942 660 4011 φησί’
699 3963 718 3997 ι
759 3947 1095 4018 Μεμάθηκεν
1127 3954 1160 4022 ή
1214 3953 1437 4020 γλῶσσα
1488 3957 1665 4011 αὐτῶν
1696 3959 1876 4013 λαλεῖν

286 4026 491 4098 ψεύδη,
545 4031 830 4105 ἠδίκησαν.
888 4039 984 4091 zeal
1017 4040 1101 4104 ,ού
1157 4040 1395 4096 διέλιπον
1446 4046 1790 4117 ἐπιστρέψαι.
1851 4069 1870 4103 ι

298 4138 317 4167 ρ
362 4119 519 4185 Belle;
565 4124 943 4196 τιτρώσκουσα
993 4132 1026 4200 ή
1080 4132 1301 4199 γλῶσσα
1348 4136 1548 4202 αὐτῶν,
1603 4139 1752 4193 δόλια
1802 4143 1873 4196 τὰ

291 4212 521 4280 ῥήματα
550 4214 647 4267 τοῦ
692 4217 959 4286 στόματος
997 4222 1200 4286 αὐτῶν,
1238 4224 1317 4293 τῷ
1350 4226 1576 4299 πλησίον
1609 4231 1762 4285 λαλεῖ
1797 4233 1875 4285 εί-

290 4304 517 4372 ρηνικὰ,
547 4306 643 4360 zeal
672 4308 730 4360 ὲν
757 4310 906 4381 αύτῷ
937 4311 1052 4383 ἔχει
1084 4317 1183 4385 τὴν
1213 4317 1434 4388 ἔχθραν.
1480 4338 1499 4372 ›
1534 4321 1607 4374 Τὺ
1651 4322 1783 4375 αὐτὸ
1816 4324 1873 4377 δὲ

288 4389 455 4445 τοῦτο
522 4394 619 4448 zeal
673 4399 836 4452 Aa6l6
904 4403 933 4455 6
986 4407 1271 4476 προφήτης
1326 4408 1553 4477 ἐμπεδοῖ
1607 4413 1831 4480 φάσκων
1856 4430 1869 4443 ·

296 4502 315 4532 ι
372 4482 787 4557 Ἤπαλύνθησαν
820 4491 868 4542 οἱ
920 4491 1080 4561 λόγοιν
1116 4496 1297 4549 αὐτῶν
1347 4498 1486 4568 ὑπὲρ
1532 4500 1732 4568 ἔλαιον,
1782 4504 1874 4557 καὶ

1984 3416 2035 3461 et
2057 3410 2398 3463 novissimum
2428 3411 2536 3463 oris
2558 3409 2673 3478 ejus
2699 3410 3040 3465 circumactio
3060 3413 3306 3483 pessima.
3330 3412 3398 3467 Et
3428 3410 3536 3469 stu!
3553 3441 3565 3451 -

1982 3511 2068 3554 tus
2106 3501 2424 3571 multiplicat
2458 3504 2612 3555 verba
2640 3502 2775 3575 (75).

2050 3591 2123 3646 lis
2166 3607 2383 3663 nempe,
2433 3608 2554 3663 qua:
2603 3594 2868 3665 insipiens
2905 3595 2961 3652 in
3008 3599 3277 3653 sermonis
3335 3600 3559 3653 exordio

1977 3689 2140 3751 atque
2196 3682 2250 3736 in
2301 3683 2408 3739 [ine
2446 3684 2709 3755 loquitur,
2760 3687 3070 3742 universam
3134 3689 3398 3745 orationis
3440 3691 3557 3760 ejus

1979 3788 2251 3828 summam
2288 3778 2660 3846 perstringens
2710 3792 2773 3831 ac
2829 3785 3047 3844 notans,
3099 3778 3554 3849 quemadmodum

1977 3873 2031 3918 et
2064 3864 2330 3933 propheta
2360 3864 2633 3921 Jcremias
2665 3867 2920 3922 homines
2965 3869 3234 3938 ejusmodi
3262 3870 3555 3939 designans

1978 3955 2060 4011 sic
2095 3955 2173 4009 ait
2211 3972 2225 4009 :
2265 3972 2284 4007 ι
2324 3956 2523 4012 Didicit
2566 3958 2750 4027 lingua
2795 3975 2986 4013 eorum
3036 3960 3184 4028 loqui
3236 3963 3552 4025 mendacia,

1978 4046 2164 4116 inique
2191 4056 2438 4116 egerunt,
2468 4055 2522 4102 et
2550 4064 2656 4102 non
2686 4048 3119 4115 intermiserunt,
3152 4050 3315 4122 246
3334 4064 3391 4105 ιιι
3417 4069 3551 4105 con-

1975 4138 2408 4193 verterentur‘.»
2436 4169 2503 4179 —
2527 4158 2544 4189 ι
2571 4138 2776 4210 Sagitta
2806 4140 3100 4196 vulnerans
3123 4142 3308 4211 lingua
3336 4136 3550 4205 eorum,

1976 4230 2167 4286 dolosa
2202 4231 2366 4285 verba
2401 4231 2454 4284 in
2488 4246 2584 4285 ore
2623 4246 2814 4284 eorum
2836 4272 2852 4296 ,
2892 4233 3146 4299 proximo
3189 4231 3429 4302 loquitur
3461 4249 3555 4301 pa-

1975 4322 2153 4388 ciﬁca,
2182 4331 2236 4376 et
2263 4325 2318 4376 in
2347 4337 2407 4378 se
2442 4322 2607 4377 habet
2632 4322 2972 4376 inimicitiam
2999 4320 3040 4377 ’.
3079 4342 3097 4375 ι
3129 4322 3183 4377 ld
3214 4339 3346 4379 vero
3374 4308 3549 4394 ipsum

1974 4423 2029 4468 et
2077 4410 2246 4467 David
2296 4414 2562 4484 propheta
2613 4413 2922 4478 conﬁrmat,
2983 4432 3106 4471 cum
3152 4415 3275 4470 ait:
3311 4435 3330 4468 ι
3362 4417 3551 4471 Molliti

1974 4512 2103 4558 sunt
2153 4519 2437 4560 sermones
2483 4520 2676 4560 eorum
2719 4521 2887 4575 super
2931 4508 3140 4568 oleum.
3174 4516 3228 4563 et
3274 4509 3377 4579 ipsi
3425 4520 3554 4565 sunt

286 4572 449 4626 αὐτοί
499 4577 606 4630 είσι
641 4578 865 4648 βολέδες.
925 4602 944 4635 z
981 4585 1095 4638 Kal
1140 4586 1201 4639 τὸ
1242 4587 1299 4640 δὲ
1349 4589 1745 4661 χαλεπώτερον,
1790 4593 1871 4647 ὅτι

1984 4593 2150 4661 iacula
2185 4595 2317 4666 (76).
2352 4592 2486 4650 Illud
2516 4612 2644 4651 vero
2678 4572 2917 4668 gravius,
2968 4599 3115 4667 quod
3157 4572 3360 4655 temere
3415 4618 3539 4670 gur-

289 4665 391 4762 καὶ
442 4671 807 4762 παραφρόνως
858 4675 1223 4747 φθεγγόμενοι
1258 4681 1352 4733 zeal
1400 4681 1727 4752 παραλόγως
1770 4684 1868 4738 λα·-

1984 4689 2178 4745 rieutes
2205 4695 2260 4742 et
2279 4665 2526 4743 absurda
2554 4665 2886 4743 blaterantes
2915 4665 3023 4743 non
3048 4690 3380 4762 intelligunt,
3409 4665 3468 4745 se
3498 4693 3548 4745 in

290 4756 513 4821 λούντες
537 4758 637 4813 οὐκ
661 4762 839 4817 ἴσασιν
867 4764 944 4829 ὡς
978 4768 1059 4830 είς
1092 4770 1437 4837 κατάγνωσιν
1467 4774 1564 4826 zeal
1602 4775 1870 4847 κατάκρι-

1969 4779 2448 4848 reprehensionem
2487 4787 2541 4833 et
2589 4779 3102 4835 condemnationem
3152 4797 3308 4836 suam
3343 4783 3551 4851 garrire

290 4864 377 4940 σιν
411 4849 548 4940 ίδίαν
576 4852 1015 4925 ἀποφθέγγονται
1047 4860 1142 4913 zeal
1171 4860 1414 4927 λαλοῦσι,
1447 4865 1542 4917 zeal
1581 4866 1668 4919 διὰ
1711 4866 1872 4921 τοῦτο

1984 4886 2035 4924 ιο
2077 4871 2365 4937 blaterare,
2400 4872 2585 4940 itaque
2618 4870 2781 4925 verba
2830 4885 2929 4925 sua
2975 4872 3359 4938 multiplicant.
3410 4869 3547 4923 Nam

287 4939 657 5009 πληθυνοῦσιν
685 4946 866 5000 αὐτῶν
911 4951 1006 5003 zeal
1035 4952 1159 5015 τοὺς
1181 4952 1391 5021 λόγους·
1427 4954 1585 5008 τοῦτο
1622 4957 1731 5029 γὰρ
1758 4958 1873 5029 ᾐνί-

1970 4964 2074 5018 hoc
2104 4962 2388 5029 indicavit,
2425 4980 2549 5019 cum
2584 4964 2724 5018 dixit
2753 5004 2767 5017 .
2806 4980 2825 5013 ι
2864 4961 2933 5015 Et
2979 4963 3181 5017 stultus
3224 4962 3550 5030 multiplicat

287 5032 423 5124 ξατο
453 5033 631 5105 φήσας
653 5054 666 5068 ·
694 5055 714 5088 ι
753 5040 862 5093 Καὶ
890 5042 920 5095 6
949 5042 1140 5112 ἄφρων
1175 5045 1436 5113 πληθυνεῖ
1474 5047 1684 5117 λόγους.
1735 5071 1753 5103 ι
1793 5052 1868 5105 Ού

1984 5053 2152 5107 verba.
2191 5072 2209 5104 ι
2249 5052 2437 5124 Neque
2465 5055 2609 5108 enim
2644 5052 3083 5107 admonitionem
3128 5053 3370 5122 percepit
3394 5052 3540 5121 ejus.

284 5123 400 5194 γὰρ
444 5125 644 5197 ήκουσε
677 5130 776 5201 τῆς
819 5134 1197 5203 παραινέσεως
1224 5137 1319 5190 τοῦ
1350 5137 1668 5205 λαλοῦντος
1706 5158 1725 5195 ι
1775 5144 1870 5197 Ἐκ

1984 5145 2061 5215 ιυί
2102 5147 2179 5200 ait
2224 5164 2245 5201 γε
2298 5163 2318 5197 e
2349 5123 2357 5124 ί
2387 5146 2449 5201 lu
2507 5144 2855 5214 multiloquio
2907 5159 3019 5198 non
3072 5144 3301 5214 ell‘ugies
3351 5159 3546 5214 pecca-

283 5216 619 5287 πολυλογίας
641 5222 741 5276 οὐκ
775 5225 1012 5298 ἐκφεύξῃ
1044 5227 1344 5299 ἁμαρτίαν.
1382 5250 1401 5283 z

358 5308 675 5380 Είσηγεῖται
723 5316 904 5369 τοίνυν
952 5321 981 5372 6
1032 5312 1195 5389 σοφὸς
1269 5322 1719 5396 Ἐκκλησιαστὴς,
1770 5328 1866 5382 zeal

282 5404 755 5471 κατασφαλίξεται
820 5410 1031 5476 πάντας
1096 5413 1223 5478 τοὺς
1280 5416 1605 5484 ὲπαῒοντας,
1676 5419 1753 5491 μὴ
1810 5420 1871 5474 τὸ

1967 5248 2082 5293 tum
2107 5239 2148 5294 ³.
2174 5255 2194 5290 ι

2046 5328 2360 5386 Praescribit
2390 5327 2558 5399 igitur
2587 5326 2810 5398 sapiens
2842 5325 3222 5388 Ecclesiastes,
3261 5325 3546 5381 omnibus-

1979 5434 2087 5491 que
2113 5420 2456 5475 auditoribus
2480 5429 2673 5475 auctor
2701 5427 2804 5487 est,
2837 5437 2906 5477 ne
2930 5436 2993 5477 os
3019 5420 3256 5483 habeant
3281 5434 3542 5490 praeceps.

361 5514 411 5550 "
449 5516 613 5575 Prov.
649 5537 689 5589 ι,
724 5523 778 5579 7.
854 5525 900 5557 θ’
941 5524 1132 5583 Matth.
1174 5545 1285 5595 xu,
1321 5532 1411 5588 57.
1492 5532 1507 5564 ⁸
1545 5531 1750 5590 Jerem.
1793 5550 1881 5598 xv,
1919 5534 1972 5589 5.
2051 5535 2071 5565 ²
2114 5534 2245 5589 ibid.
2292 5533 2346 5589 8.
2422 5532 2443 5565 ³
2480 5530 2645 5589 Prov.
2680 5551 2735 5601 ι,
2768 5534 2855 5591 l9.

358 5625 476 5714 (7“)
513 5626 617 5714 θοι)
647 5647 738 5714 xy.
784 5634 839 5688 ϐ.
875 5633 980 5714 Sed
1011 5639 1164 5714 apud
1218 5639 1374 5714 LXXV
1400 5644 1568 5713 leges,
1612 5645 1863 5714 Ἐλέγξαι

283 5696 570 5787 agitagit
600 5703 794 5772 στόμα,
829 5706 934 5787 ,καὶ
964 5696 1207 5787 misyos.
1239 5714 1306 5787 τὰ

358 5767 473 5837 (75)
510 5767 724 5843 Olymp}
756 5774 852 5830 zeal
884 5767 1085 5850 ἐσέάτη
1114 5767 1397 5862 abici"...

2039 5644 2151 5724 (7Q)
2196 5644 2338 5703 Psal.
2384 5662 2473 5709 ιν,
2510 5645 2601 5714 21,
2639 5661 2823 5703 verum
2869 5644 3013 5711 LXX
3056 5645 3257 5702 habent
3299 5645 3350 5699 οἱ
3394 5644 3542 5727 λόγοι

1967 5714 2152 5769 αὐτοῦ.
