4114 6544
584 311 718 378 Illi

1697 324 1759 384 S.
1795 323 2178 385 GREGORII
2217 325 2726 388 AGRIGENTINI

3703 319 3825 382 ill?

582 448 741 495 eam.
797 450 920 505 quae
958 435 1211 494 homines
1254 439 1439 505 decet,
1502 437 1825 495 modestiam
1879 440 2158 511 animique

2265 441 2569 513 ἀνθρώποις
2601 441 2949 496 ἀνακαλεῖται
2979 440 3313 512 μετριότητα
3357 439 3450 494 καὶ
3482 454 3826 509 ταπεινοφρο-

582 526 971 581 demissionem
1016 541 1252 595 revocet,
1296 540 1354 585 ut
1393 540 1519 586 ante
1558 530 1693 586 dixi.

653 616 821 690 2‘9
861 616 996 673 Nam
1036 619 1139 674 hoc
1176 622 1241 677 iis
1271 623 1435 677 etiam
1475 623 1731 688 ostendit,
1758 639 1879 694 quae
1911 624 2159 695 proxime

580 717 908 779 sequuntur.
960 710 1049 765 Ait
1095 713 1286 768 enim:
1328 731 1346 764 ι
1386 713 1565 768 Labor
1613 713 1908 771 stultorum
1960 718 2159 789 aﬂliget

578 814 708 862 eum
747 801 841 871 qui
874 802 1046 856 nescit
1089 804 1169 859 ire
1202 804 1255 859 in
1288 805 1587 861 civitatem.
1628 825 1649 859 ι
1687 806 1973 864 Excellens
2007 812 2155 867 enim

580 899 635 943 et
671 890 831 958 plane
864 892 1127 947 eximium
1163 895 1309 949 nacti
1343 896 1645 966 ingenium,
1680 898 1869 955 labore
1903 903 2075 958 multo
2104 913 2159 959 et

581 984 932 1039 contentione
983 985 1205 1040 assidua
1254 985 1388 1042 illud
1425 987 1463 1042 ii
1502 988 1569 1044 de
1614 990 1815 1060 quibus
1855 991 2155 1063 loquimur,

578 1070 900 1136 eﬂ‘ecerunt,
935 1085 995 1129 ut
1031 1092 1125 1146 per
1149 1093 1244 1133 eos
1276 1088 1505 1134 conatus
1529 1089 1817 1152 tantasque
1842 1097 2005 1139 curas
2030 1100 2157 1155 per-

579 1160 780 1217 niciem
829 1163 934 1218 sibi
973 1174 1251 1235 pararent,
1305 1168 1585 1239 vitamque
1628 1180 1889 1227 aeternam
1937 1175 2156 1231 amitte-

578 1263 724 1308 rent.
748 1252 937 1326 Neque
964 1258 1112 1312 enim
1142 1269 1410 1315 noverunt
1436 1276 1547 1329 quo
1586 1270 1747 1331 pacto
1769 1264 1835 1318 ad
1860 1279 2154 1336 supernam

582 1343 860 1399 civitatem
905 1346 1146 1402 eundum
1181 1356 1346 1414 esset,
1397 1348 1693 1418 spiritalem
1738 1351 1947 1409 scilicet
1996 1352 2159 1409 Jeru-

581 1433 751 1490 salem
790 1432 937 1490 Petri
974 1444 1028 1491 et
1058 1435 1210 1492 Pauli
1246 1449 1527 1508 parentem
1563 1441 1695 1510 (8i),
1727 1449 1783 1497 et
1812 1452 2156 1513 caeterorum,

580 1525 679 1594 qui
733 1541 919 1595 parem
971 1542 1097 1583 eum
1149 1527 1260 1584 illis
1311 1530 1526 1585 vivendi
1592 1531 1859 1587 rationem
1913 1534 2159 1591 studiose

582 1616 829 1673 inierunt
865 1642 877 1675 :
910 1620 1005 1674 sed
1043 1619 1187 1676 fastu
1224 1630 1388 1692 atque
1430 1609 1796 1680 ostentatione
1825 1625 2072 1681 arbitrati
2103 1636 2158 1684 et

580 1706 792 1778 iactare
823 1709 966 1774 ausi,
1007 1727 1126 1781 qua:
1163 1728 1329 1783 supra
1362 1722 1615 1770 naturam
1656 1725 1822 1787 atque
1866 1718 2006 1773 ultra
2037 1734 2156 1774 om-

2260 534 2449 604 σύνην,
2480 533 2555 597 ὡς
2591 533 2762 603 ἔφθην
2791 532 2984 586 εἰπών.

2327 624 2499 679 Τοῦτο
2527 624 2635 697 γάρ
2663 625 2813 696 δηλοί
2842 625 2937 678 καὶ
2977 623 3066 677 διά
3098 622 3207 675 τῶν
3247 621 3470 691 ἀμισως
3513 618 3825 687 ἑπομένων·

2260 714 2395 785 φησὶ
2423 716 2555 785 γὰρ,
2596 732 2616 767 ι
2646 714 2859 785 Μόχθος
2908 713 3018 765 τῶν
3070 711 3319 781 ἀφρόνων
3376 708 3628 764 κακώσει
3657 710 3825 775 αὑτὸν,

2257 806 2315 870 6;
2337 807 2437 859 οὐκ
2465 806 2606 873 ἔγνω
2632 806 2725 859 τοῦ
2755 803 3089 876 πορευθῆναι
3142 806 3222 866 είς
3250 801 3427 857 πόλιν.
3463 820 3483 853 ι
3550 801 3827 871 Messapo»

2258 899 2369 968 γὰρ
2422 897 2582 967 δῆθεν
2609 896 2941 966 κτησάμενοι
2971 894 3063 948 τὸν
3090 894 3237 958 νοῦν,
3269 894 3358 946 διὰ
3384 891 3604 946 πολλῶν
3630 892 3825 963 μόχθων

2259 989 2354 1043 καὶ
2389 987 2565 1040 πόνων
2590 987 2684 1040 καὶ
2714 985 3061 1055 φιλοωνιῶν,
3100 984 3239 1055 ὑπὲρ
3254 978 3328 1038 ὧν
3353 985 3383 1037 6
3415 984 3603 1052 λόγος,
3630 985 3712 1045 είς
3738 985 3827 1036 κά-

2257 1095 2429 1136 κωσιν
2469 1078 2649 1132 αὐτῶν
2699 1076 2796 1131 καὶ
2842 1076 3098 1148 στέρησιν
3138 1074 3242 1144 τῆς
3272 1074 3492 1128 αίωνίου
3534 1072 3705 1143 ζωῆς,
3746 1073 3827 1126 τὸν

2257 1166 2497 1221 τοιοῦτον
2522 1164 2722 1236 μόχθον
2753 1165 2848 1219 καὶ
2870 1162 2966 1234 τὴν
2991 1162 3258 1233 τοσαύτην
3290 1162 3449 1232 ἔσχον
3475 1160 3732 1231 μελέτην.
3760 1162 3826 1215 Οὐ

2254 1257 2367 1327 γὰρ
2387 1255 2629 1324 ἔγνωσαν
2666 1253 2785 1317 πῶς
2812 1254 2892 1307 δεῖ
2927 1251 3260 1322 πορευθῆναι
3294 1250 3430 1322 πρὸς
3458 1252 3567 1322 τὴν
3601 1250 3713 1304 ἄνω
3739 1252 3826 1305 πό·

2255 1348 2361 1411 λιν,
2409 1344 2652 1416 δηλονότι
2678 1344 2777 1415 τὴν
2832 1343 3031 1419 νοητὴν
3075 1341 3453 1414 Ἰερουσαλὴμ,
3494 1341 3601 1413 τὴν
3635 1342 3827 1412 μητέρι

2258 1438 2468 1507 Πέτρου
2494 1436 2592 1490 καὶ
2620 1434 2834 1488 Παύλου
2875 1434 2972 1486 καὶ
3006 1433 3115 1486 τῶν
3167 1432 3573 1502 παραπλησίως
3618 1431 3828 1493 ἐκείνοις

2259 1527 2359 1600 ζῇν
2393 1529 2490 1583 καὶ
2550 1525 2933 1581 πολιτεύεσθαι
2984 1523 3442 1578 σπουδασάντων⁹
3482 1523 3607 1576 ἀλλ’
3662 1524 3718 1575 δν
3760 1523 3828 1593 τῷ

2259 1622 2457 1692 κόμπῳ
2506 1620 2606 1690 τῆς
2635 1618 2772 1682 ἰδίας
2806 1616 3127 1682 ἀλαζονείας
3158 1618 3209 1669 oi
3233 1616 3303 1669 τὰ
3342 1616 3603 1686 μετέωρα
3655 1616 3745 1668 καὶ
3769 1616 3829 1670 τὰ

2259 1712 2400 1783 ὑπὲρ
2441 1709 2541 1782 τὴν
2583 1709 2744 1780 φύσιν
2776 1708 2871 1763 καὶ
2920 1708 3101 1761 πᾶσαν
3144 1706 3497 1779 ἀνθρωπίνην
3539 1707 3830 1777 κατάληψιν

582 1812 712 1851 nem
763 1798 1046 1854 hominum
1104 1811 1323 1873 captum
1381 1813 1532 1868 sunt,
1595 1820 1655 1861 se
1704 1805 2048 1876 dignoscere,
2082 1809 2154 1865 ob

2265 1801 2629 1871 5ιαγινώσκειν
2656 1798 2896 1871 οἰόμενοι
2927 1799 3022 1852 καὶ
3046 1796 3589 1869 μεγαλαυχήσαντες,
3619 1797 3724 1865 ἔξω
3742 1799 3831 1868 τῆς

581 1886 753 1943 falsas
816 1892 1117 1949 sententias
1178 1902 1233 1948 et
1298 1910 1583 1964 perversas
1641 1898 1927 1968 Opiniones
1988 1916 2157 1968 regno

582 1979 793 2036 exclusi
835 1982 1177 2040 exciderunt.
1230 1983 1390 2040 Addit
1439 1986 1635 2043 deinde
1683 1988 1904 2059 sapiens
1957 1991 2159 2048 Eccle-

582 2069 783 2128 sisstes

2261 1889 2540 1963 βασιλείας
2573 1886 3068 1957 ὲναπεκλείσθησαν
3099 1884 3188 1940 διὰ
3241 1886 3349 1939 τῶν
3379 1887 3601 1955 ψευδῶν
3638 1888 3830 1958 ὑπολή-

2256 1983 2403 2053 ψεων
2427 1978 2523 2035 καὶ
2550 1978 2857 2047 κακοδόξων
2893 1977 3083 2045 δοξῶν.
3108 1973 3244 2033 Εἷτά
3267 1995 3431 2050 φησιν
3459 1979 3490 2031 6
3525 1979 3691 2047 σοφὸς
3719 1980 3830 2033 Ἐνι-

2270 2074 2610 2146 κλησιαστής
2625 2089 2643 2105 ⁶

2124 2191 2152 2263 5
2183 2190 2293 2246 xv.

652 2270 822 2331 Vens.
867 2273 955 2343 16,
1009 2276 1095 2331 i7.
1140 2274 1231 2333 Va:
1277 2270 1394 2345 tibi,
1433 2281 1651 2347 civitas,
1696 2284 1851 2353 cujus
1907 2299 2003 2338 res:
2035 2292 2156 2339 tuus

578 2362 784 2435 iunior,
824 2373 874 2419 et
908 2367 1168 2437 principes
1213 2372 1292 2423 tui
1327 2389 1478 2426 mane
1524 2376 1822 2430 comedunt.
1859 2376 2028 2431 Beata
2074 2387 2151 2442 tu,

585 2466 750 2519 terra,
794 2457 946 2525 cujus
992 2476 1085 2512 res;
1129 2470 1249 2513 tuus
1280 2463 1426 2532 ﬁlius
1466 2465 1640 2532 liberi,
1676 2477 1727 2521 et
1770 2470 2034 2538 principes
2072 2472 2150 2523 tui

584 2546 657 2602 at!
702 2554 901 2617 tempus
953 2551 1231 2605 comedunt
1283 2554 1337 2607 iu
1390 2553 1743 2625 fortitudine,
1791 2566 1839 2612 et
1886 2575 1992 2614 non
2030 2576 2158 2614 con-

585 2638 877 2708 [imitentur
906 2640 1044 2713 (82).

657 2726 893 2786 Obvium
924 2732 1169 2802 ipsorum
1212 2736 1507 2792 verborum
1561 2753 1782 2796 sensum
1824 2742 2159 2812 explicantes

585 2820 844 2884 dicimus.
894 2840 1075 2898 regem
1109 2827 1385 2898 iuniorem
1437 2830 1541 2886 hoc
1591 2831 1713 2887 loco
1768 2834 1989 2890 minime
2032 2851 2156 2892 eum

585 2914 679 2983 qui
730 2915 854 2972 vitae
887 2927 1133 2989 tempore
1179 2930 1346 2993 atque
1392 2923 1570 2979 aetatis
1609 2923 1744 2980 ﬂore
1786 2925 2007 2995 juvenis
2051 2928 2159 2991 sit,

2334 2283 2483 2337 Οὐαί
2503 2295 2624 2346 σοι.
2652 2280 2849 2347 πόλις,
2873 2274 2949 2351 ἧς
2972 2283 3009 2336 ό
3040 2281 3344 2347 ,βασιλεύς
3379 2296 3501 2336 σου
3529 2282 3825 2348 νεώτερος.

2259 2375 2356 2430 καί
2381 2377 2437 2429 οὶ
2463 2371 2752 2443 ἄρχοντές
2770 2387 2888 2427 σου
2917 2373 2986 2427 ἐν
3018 2374 3207 2442 πρωτᾳ
3229 2374 3531 2428 ἐσθίουσι.
3567 2375 3828 2440 Μακαρία

2257 2465 2359 2534 γῆ,
2381 2466 2486 2530 σὺ,
2515 2460 2591 2534 ἧς
2617 2467 2650 2519 ὁ
2672 2465 2972 2530 ,ϐασιλεύς
2990 2479 3108 2519 σου
3136 2464 3268 2531 υίὸς
3295 2464 3647 2533 ἐλευθέρου,
3666 2465 3761 2518 καὶ
3783 2469 3828 2518 οι

2258 2555 2546 2625 ἄρχοντές
2564 2571 2678 2610 σου
2702 2554 2854 2623 πρὸς
2881 2556 3093 2624 καιρὸν
3125 2555 3421 2627 φάγονται
3446 2556 3518 2611 ἐν
3542 2556 3789 2625 Qus-cipe:
3812 2596 3826 2616 .

2259 2646 2359 2700 καί
2395 2648 2506 2701 οὐκ
2540 2644 3086 2714 αισχυνθήσονται.

2331 2736 2442 2807 Τὴν
2476 2736 2575 2805 μὲν
2605 2735 2748 2790 κατὰ
2772 2736 2834 2789 τὸ
2857 2734 3095 2806 γράμμα
3131 2737 3229 2790 καὶ
3279 2736 3575 2808 πρόχειρον
3599 2735 3828 2789 διάνοιαν

2258 2827 2649 2899 διασαφοῦντες
2675 2844 2879 2899 φαμεν,
2904 2826 2980 2891 ὡς
3013 2826 3241 2897 βασιλέα
3268 2827 3534 2900 νεώτερον
3576 2827 3693 2893 νῦν,
3721 2828 3829 2897 οὐχὶ

2266 2920 2356 2972 τὸν
2384 2918 2620 2989 χρονικῷ
2646 2919 2975 2989 διαστήματι
3024 2921 3119 2972 καὶ
3142 2921 3208 2991 τῇ
3247 2919 3371 2973 καθ’
3417 2920 3640 2991 ἡλικίαν
3691 2922 3828 2991 ἀκμῇ

587 3009 904 3066 necessario
932 3009 1211 3082 iuniorem
1264 3029 1387 3071 esse
1423 3016 1775 3086 appellatum.
1806 3017 1963 3073 Multi
2011 3019 2156 3075 enim

2265 3011 2385 3067 νέον
2410 3012 2710 3081 πεφυκότα,
2738 3010 3002 3083 νεώτερον
3023 3011 3467 3084 προσηγόρευσεν
3486 3014 3547 3080 ἐξ
3576 3013 3827 3081 ἀνάγκης·

588 3113 736 3169 saepe
767 3099 974 3157 inventi
1011 3113 1143 3159 sunt
1171 3114 1365 3161 natura
1406 3106 1653 3176 iuniores
1683 3119 1845 3179 atque
1873 3120 2030 3166 aetate
2060 3111 2160 3165 ilo-

588 3201 796 3257 rentes,
824 3193 920 3262 qui
960 3196 1251 3264 prudentia
1282 3209 1470 3253 essent
1509 3214 1574 3255 ac
1628 3202 1941 3257 maturitate
1981 3203 2160 3266 senili,

589 3290 648 3337 et
670 3300 795 3340 rum
824 3285 1102 3357 inculpata
1131 3287 1243 3343 vita
1282 3289 1587 3357 longaevum
1620 3292 1911 3349 consilium
1952 3309 2165 3349 l'el'tltll-

591 3390 700 3445 que
733 3377 1094 3446 gerendarum
1136 3378 1420 3434 scientiam
1472 3381 1866 3453 coniungerent
1900 3400 1914 3438 :
1952 3391 2012 3438 ut
2057 3383 2165 3437 Da-

593 3466 725 3532 niel,
782 3475 843 3521 ut
892 3465 1182 3536 Jeremias,
1235 3478 1292 3524 ut
1320 3469 1516 3539 David,
1568 3481 1629 3528 ut
1668 3472 1950 3539 Salomon,
1986 3475 2077 3543 qui
2112 3483 2168 3527 et

594 3556 752 3612 solus
790 3558 1054 3613 extremis
1094 3560 1431 3630 temporibus
1463 3561 1521 3615 in
1561 3577 1624 3616 ea
1669 3578 1792 3633 quae
1838 3562 1990 3618 nefas
2042 3579 2166 3632 pro-

595 3646 784 3716 lapsus
820 3655 927 3704 est.
970 3650 1150 3719 Atque
1192 3650 1246 3705 id
1289 3651 1345 3705 in
1380 3651 1507 3708 aliis
1552 3651 1707 3709 libris
1742 3652 1883 3707 idem
1921 3653 2039 3722 ipse
2082 3669 2170 3707 sa-

598 3738 976 3809 pientissimus
1025 3740 1286 3798 Salomon
1333 3742 1574 3798 ostendit
1627 3742 1883 3813 inquiens
1928 3762 1944 3798 :
2003 3762 2021 3795 σ
2066 3744 2167 3799 Se-

599 3838 794 3886 nectus
836 3833 1163 3889 venerabilis
1203 3842 1309 3899 est,
1345 3848 1455 3888 non
1486 3833 1744 3888 diuturna
1777 3850 1955 3904 neque
1992 3851 2169 3890 anno-

599 3936 722 3975 rum
756 3937 986 3978 numero
1019 3923 1184 3996 250
1214 3932 1527 3993 computata
1557 3941 1572 3979 :
1604 3924 1834 3979 canities
1880 3933 2060 3979 autem
2088 3935 2172 3981 est

599 4013 886 4083 prudentia
937 4015 993 4069 in
1024 4016 1386 4080 hominibus,
1426 4026 1479 4070 et
1522 4024 1656 4073 aetas
1711 4018 2012 4073 senectutis
2062 4018 2172 4073 vita

602 4104 948 4160 immaculata
982 4106 1117 4172 (83).

673 4194 791 4250 Non
815 4196 979 4267 igitur
998 4199 1223 4253 omnino
1247 4199 1517 4270 vigentem
1545 4207 1704 4254 aetate
1724 4212 1788 4254 ac
1812 4199 2174 4269 iuvenescen-

2265 3103 2451 3156 πολλοὶ
2476 3104 2587 3173 γάρ
2634 3103 2893 3167 πολλάκις
2920 3101 3180 3174 εὕρηνται
3210 3104 3467 3173 νεώτεροι
3500 3104 3651 3157 κατά
3680 3102 3829 3172 φύσιν

2266 3198 2359 3249 καὶ.
2387 3197 2488 3266 τὴν
2526 3196 2746 3266 ἡλικίαν
2774 3194 3140 3267 ἀκμάζοντες,
3170 3196 3267 3249 καὶ
3321 3195 3596 3266 γηραλέον
3634 3195 3831 3265 ἔχοντες

2267 3282 2523 3352 φρόνημα
2548 3283 2642 3337 καὶ
2671 3282 2997 3353 κατάστημα
3044 3284 3141 3337 καὶ
3188 3282 3567 3355 πρεσσυτικὴν
3610 3283 3831 3336 διάνοιαν

2266 3372 2361 3426 καὶ
2390 3372 2664 3426 πολιτείαν
2703 3373 2797 3427 καὶ
2815 3372 2960 3445 ζωὴν
2993 3374 3412 3442 ἀκατάγνωστον
3433 3390 3447 3405 ο
3469 3373 3549 3437 ὡς
3577 3376 3607 3429 6
3625 3372 3830 3441 Δανιὴλ.

2267 3463 2341 3527 ὡς
2370 3465 2397 3517 6
2444 3464 2732 3536 Ἱερεμίας,
2756 3464 2832 3528 ὡς
2855 3465 2885 3517 6
2909 3465 3093 3529 Aa6‘t6,
3129 3466 3207 3530 ὡς
3252 3467 3282 3519 6
3321 3466 3600 3538 Σολομὼν,
3658 3466 3716 3529 ὃς
3748 3464 3831 3518 καὶ

2272 3556 2430 3627 μόνος
2459 3558 2515 3610 ἐν
2546 3558 2661 3620 τοῖς
2684 3557 2936 3626 ἐσχάτοις
2965 3560 3175 3630 καιροῖς
3197 3557 3333 3629 πρὸς
3354 3558 3393 3614 ἀ
3424 3560 3498 3630 μὴ
3526 3558 3689 3627 θέμις
3712 3574 3833 3610 κατ-

2269 3645 2486 3700 ώλισθε.
2508 3647 2617 3701 Καὶ
2649 3646 2810 3701 τοῦτο
2836 3647 3107 3703 δείκνυσιν
3135 3651 3195 3703 ἐν
3225 3647 3409 3712 ἄλλοις
3453 3649 3625 3703 αὑτοῦ
3669 3650 3831 3717 λόγοις

2270 3732 2423 3800 οὗτος
2447 3738 2607 3801 αὐτὸς
2627 3739 2656 3791 6
2703 3738 3015 3807 σοφώτατος
3067 3740 3317 3811 Σολομὼν
3344 3741 3597 3809 φάσκων,
3627 3758 3647 3791 ι
3671 3740 3831 3811 Pi;ng

2270 3831 2470 3901 τίμιον,
2499 3831 2559 3885 οὐ
2592 3831 2654 3885 τὸ
2683 3831 3058 3903 πολυχρόνιον,
3093 3833 3212 3886 οὐδὲ
3247 3833 3468 3905 ἀριθμῷ
3501 3833 3641 3887 ἑτῶν
3680 3833 3831 3903 μμέο

2271 3939 2468 3993 τρηται
2486 3938 2503 3954 ·
2538 3923 2699 3979 πολιὰ
2719 3924 2777 3977 δὲ
2805 3924 3067 3995 φρόνησις
3106 3927 3163 3978 ὲν
3192 3925 3523 3998 ἀνθρώποις,
3547 3927 3642 3980 καὶ
3662 3924 3831 3996 ἡλικία

2272 4020 2478 4091 γήρως,
2514 4018 2847 4090 ἀκηλίδωτος
2881 4019 3013 4089 βίος.
3046 4037 3069 4072 s

2348 4196 2423 4249 Οὐ
2449 4197 2629 4250 τοίνυν
2656 4176 2956 4261 ἐξαπαντος
2991 4193 3084 4247 τὸν
3119 4194 3240 4249 καθ’
3266 4194 3483 4266 ἠλικίαν
3529 4194 3832 4265 ἀκμάζοντα

599 4293 709 4340 tem
749 4304 767 4337 ι
803 4301 983 4355 regem
1010 4287 1283 4358 iuniorem
1319 4307 1338 4341 ι
1381 4288 1469 4343 hic
1493 4289 1749 4358 appellat,
1780 4290 1873 4344 sed
1906 4291 1996 4358 qui
2018 4290 2164 4358 juve-

2276 4288 2369 4339 καὶ
2397 4286 2517 4339 νέον
2551 4285 2851 4354 πεφυκότα,
2890 4304 2908 4337 ι
2941 4285 3162 4355 βασιλέα
3199 4284 3459 4355 νεώτερον
3488 4305 3507 4337 ι
3543 4284 3643 4339 νῦν
3663 4300 3829 4355 φησιν,

600 4375 805 4432 nilibus
838 4380 1083 4447 corporis
1113 4380 1503 4448 cupiditatibus
1531 4380 1752 4444 serviat,
1799 4395 1864 4435 ac
1908 4389 2092 4450 turpes
2121 4390 2164 4434 el

2278 4376 2412 4432 ἀλλά
2440 4377 2532 4430 τὸν
2560 4378 2680 4440 ταῖς
2704 4378 3053 4445 νεωτερικαῖς
3085 4377 3489 4429 ὲπαναστάσεσι
3521 4376 3617 4429 τοῦ
3647 4375 3830 4445 φρονή-

601 4467 995 4524 abominandas
1044 4472 1350 4539 voluptates
1406 4471 1509 4527 sibi
1578 4472 1953 4541 imperitantes
2010 4470 2173 4537 ferat,

602 4557 862 4628 mancipii
909 4574 1062 4613 more
1090 4560 1159 4614 ab
1185 4561 1502 4615 dominante
1530 4570 1755 4630 peccato
1789 4561 1843 4615 in
1881 4578 2042 4617 omne
2071 4559 2169 4616 lla-

601 4646 795 4715 gitium
827 4656 1156 4717 pertractus,
1193 4650 1276 4704 vel
1311 4651 1355 4705 si
1384 4660 1595 4705 aetatem
1638 4652 1834 4706 habeat
1860 4662 2170 4723 provectam

596 4752 669 4793 ac
694 4750 1089 4805 senescentem,
1123 4751 1177 4796 et
1211 4741 1464 4796 canitiem
1492 4742 1605 4811 iam
1635 4752 1688 4796 et
1736 4743 1788 4795 in
1821 4746 1995 4811 capite
2032 4755 2087 4798 et
2116 4743 2171 4797 in

602 4836 789 4882 mento
837 4828 1103 4897 praeferat.
1164 4829 1486 4898 Huiusmodi
1548 4832 1735 4901 utique
1799 4831 2027 4897 homini,
2078 4834 2172 4902 qui

603 4918 1038 4987 corruptelarum
1082 4917 1356 4974 illecebris
1381 4918 1597 4975 deditus
1627 4921 1719 4982 sit,
1749 4918 1795 4974 si
1828 4934 2054 4989 regnum
2079 4921 2176 4976 ad-

674 5090 790 5162 (81)
833 5090 1161 5162 Μεηιὶοηοιη
1196 5090 1341 5147 Petri
1376 5101 1430 5147 et
1474 5091 1626 5148 Pauli
1660 5108 1758 5148 cur
1791 5093 1896 5148 hoc
1931 5093 2052 5150 loco
2097 5094 2179 5149 in-

601 5160 802 5231 iecisse
830 5160 1023 5215 NOster
1046 5172 1287 5231 putetur,
1318 5163 1421 5218 nisi
1452 5171 1511 5216 ut
1542 5164 1825 5228 indicaret,
1848 5164 2174 5232 quibuscum

602 5232 830 5304 sentire,
866 5245 1021 5304 quos
1064 5233 1219 5304 sequi
1272 5233 1593 5304 debeamus,
1628 5236 1944 5304 quicunque
1987 5235 2175 5289 :eterni

600 5302 704 5375 βτί
738 5302 1188 5375 felicitatepotiri
1222 5304 1474 5372 cupimus
1493 5304 1519 5357 ?
1543 5302 1747 5358 Omnes
1775 5302 2052 5369 nimirum,
2081 5306 2175 5375 qui

606 5371 840 5444 lucrcsin
872 5371 1374 5444 amplexisunt,’de
1408 5377 1493 5427 via
1523 5376 1898 5440 decesserunt,
1935 5385 2007 5438 et,
2042 5371 2175 5444 apo-

607 5441 880 5525 stnlornm
914 5441 1163 5525 vestigiis
1198 5444 1423 5525 relictis,
1463 5445 1655 5525 procul
1684 5462 1713 5496 ιι
1745 5445 1978 5525 caelesti,
2009 5441 2173 5525 quam

606 5510 686 5585 illi
716 5520 968 5585 tenuere,
986 5510 1209 5585 civitate
1234 5510 1579 5585 aberrarunt.
1612 5513 1772 5585 Nam,
1812 5526 1869 5569 ut
1908 5510 2041 5570 oliui
2069 5515 2176 5585 Cy-

606 5580 833 5654 prianus
864 5582 1087 5653 scripsit
1115 5584 1179 5638 ad
1218 5583 1425 5654 plebem
1454 5600 1630 5649 suam,
1667 5603 1686 5636 ι
1724 5584 1864 5640 Deus
1892 5602 2030 5640 lllllls
2070 5580 2173 5649 est,

606 5657 660 5701 et
686 5651 936 5706 Christus
970 5651 1136 5717 unus,
1167 5651 1352 5708 et‘una
1391 5652 1654 5719 Ecclesia,
1687 5664 1737 5709 et
1768 5656 2027 5710 cathedra
2066 5671 2170 5708 una

608 5733 772 5791 super
818 5731 1027 5794 petram
1066 5723 1283 5783 Domini
1327 5739 1459 5781 voce
1504 5724 1752 5782 fundata.
1799 5725 1957 5797 Aliud
2004 5726 2175 5782 altare

2284 4482 2450 4538 ματος
2467 4466 2567 4535 τῆς
2596 4466 2797 4536 σαρκὸς
2831 4466 2926 4520 καὶ
2954 4468 3074 4529 ταῖς
3104 4466 3364 4529 κιναίδοις
3414 4468 3508 4519 καὶ
3536 4466 3831 4537 βδελυκταῖς

2277 4549 2496 4627 ἡδοναῖς
2522 4556 2919 4627 δεδουλωμένον
2952 4555 3048 4609 καὶ
3077 4556 3747 4625 καθυποτεταγμένον,καὶ
3767 4553 3831 4607 δί-

2278 4667 2381 4716 κην
2412 4649 2746 4718 ἀνδραπόδου
2799 4646 2937 4717 πρὸς
2977 4648 3158 4700 πᾶσαν
3210 4647 3588 4717 κακοπραγίαν
3616 4648 3719 4699 ὑπὸ
3747 4646 3830 4713 τῆς

2277 4738 2562 4809 δεσποίνης
2604 4737 2877 4809 ἁμαρτίας
2907 4737 3216 4802 ἑλκόμενον,
3272 4738 3374 4790 κᾶν
3406 4737 3724 4808 γεροντικὴν
3748 4737 3830 4805 ἔχῃ

2277 4833 2377 4902 τὴν
2401 4831 2617 4903 ἠλικίαν
2646 4832 2739 4884 καὶ
2769 4830 2858 4883 τὸν
2904 4831 3096 4900 χρόνον
3145 4830 3511 4901 πρεσϐυτικὸν
3560 4830 3655 4883 καὶ
3684 4844 3829 4881 πεπο-

2279 4921 2549 4993 λιωμένος
2593 4924 2712 4985 ταῖς
2749 4920 2894 4994 θριξὶ
2924 4922 3023 4992 τῆς
3060 4921 3305 4991 κεφαλῆς
3336 4924 3430 4974 καὶ
3454 4921 3552 4990 τῆς
3580 4917 3828 4988 γενειάδος

2281 5095 2573 5160 constitui,
2634 5103 2729 5150 aut
2782 5095 3146 5151 sacerdotium
3209 5111 3409 5149 novum
3472 5095 3588 5149 ﬁeri
3658 5104 3828 5165 pneter

2281 5180 2449 5218 nnnm
2502 5167 2672 5219 altare
2720 5174 2774 5218 et
2824 5182 2994 5219 unum
3060 5167 3425 5221 sacerdotium
3482 5182 3589 5219 non
3653 5174 3823 5234 potest.

2280 5236 2540 5303 Quisquis
2575 5236 2701 5305 alibi
2718 5236 3037 5305 collegerit,
3069 5236 3293 5305 spargit.
3333 5256 3349 5287 ι
3386 5235 3601 5305 (Epist.
3626 5235 3748 5304 40.)

2355 5306 2465 5374 (8‘2)
2508 5306 2574 5359 At
2616 5304 2756 5361 LXX
2807 5304 3123 5361 habent.....
3191 5308 3297 5357 Καὶ
3344 5304 3403 5357 oi
3447 5305 3700 5374 ἄρχοντές
3746 5320 3825 5374 σου

2280 5374 2425 5449 πρωί
2483 5376 2756 5449 ἐσθίουσι..
2823 5378 3088 5449 Μακαρία
3156 5375 3257 5440 σὺ,
3318 5375 3391 5443 γῆ
3419 5414 3453 5449 ,_
3507 5373 3577 5449 ἦς
3654 5379 3681 5426 ὁ
3728 5373 3824 5449 βας

2281 5394 2424 5449 πρωι
2483 5394 2744 5429 εσυιουσι.
2823 5394 3088 5498 Μακαὲια
3156 5394 3257 5440 συ,
3318 5394 3433 5443 γη,
3507 5394 3577 5449 ης
3654 5394 3681 5426 ο
3744 5394 3824 5453 pa:

2281 5446 2462 5508 σιλεύς
2529 5463 2622 5499 σου
2687 5446 2803 5508 υἱὸς
2869 5446 2990 5499 ὲλευ
3030 5446 3332 5515 έρων.......
3422 5444 3633 5515 Symm.
3710 5446 3824 5497 Οὺαι

2286 5536 2401 5579 σοι,
2435 5516 2625 5584 γῆ.....

2355 5580 2467 5657 (83)
2497 5580 2638 5655 ’δδβο
2682 5604 2755 5648 ιν.
2787 5586 2853 5657 8..
2880 5584 3037 5651 Apud
3082 5581 3216 5657 Lxx
3271 5580 3821 5657 ιρςρξηηηηολιᾲ

2282 5652 2725 5729 inaspectum;
2768 5656 3093 5729 ἀνθρώποις,
3132 5656 3224 5708 καὶ
3268 5652 3461 5728 ἡλικία
3503 5655 3688 5727 γήρως
3729 5652 3817 5722 βίης

2281 5727 2632 5799 ἁκηλίδωτος.
