4114 6554
545 363 684 430 1115

1707 367 1768 427 S.
1804 366 2179 427 GREGORII
2220 363 2729 426 AGRIGENTINI

3667 357 3799 420 me

558 540 564 548 ,
614 481 745 533 Eam
788 493 915 530 vero
964 475 1463 545 interpretationem
1509 475 1797 532 conﬁrmat
1825 487 1988 548 atque
2016 478 2110 533 de-

2279 476 2628 549 Παρεμπεδοῖ
2658 475 2715 528 δὲ
2754 472 2851 546 τὴν
2869 471 3039 545 αὐτὴν
3063 473 3289 548 ἐκδοχὴν
3322 475 3416 530 καὶ
3439 473 3680 528 δείκνυσι
3712 474 3804 531 διά,

546 570 721 623 clarat
755 567 844 632 iis,
877 581 998 636 quae
1022 576 1327 635 sequuntur
1357 585 1370 620 :
1404 576 1464 621 ut
1506 567 1711 622 dictum
1753 568 1883 622 illud
1919 583 2116 622 secun-

549 661 677 712 dum
708 673 985 726 auagogcn
1022 659 1193 711 multo
1226 660 1419 728 magis,
1455 674 1619 728 quam
1661 673 1728 713 ex
1762 659 1924 714 obvio
1950 673 2114 714 sensu

545 759 600 803 et
646 749 934 802 verborum
991 749 1391 818 signiﬁcatione
1437 749 1696 818 explicari
1747 765 1847 819 par
1884 749 1978 804 sit.
2031 749 2119 802 Ait

545 841 691 892 enim
722 856 734 891 :
775 858 792 889 ι
823 837 983 892 Beata
1011 847 1088 902 tu,
1122 849 1286 899 terra,
1312 838 1470 906 cujus
1497 855 1588 892 rex
1617 848 1742 894 tuus
1764 840 1910 893 filius
1940 838 2114 904 liberi,

545 939 601 985 et
630 930 903 999 principes
922 929 998 982 tui
1028 929 1096 982 ad
1128 937 1342 997 tempus
1373 929 1668 984 comedunt
1696 930 1749 983 in
1779 928 2116 995 fortitudine,

547 1029 602 1074 et
641 1035 747 1074 non
778 1019 1207 1073 confundentur.
1252 1037 1270 1072 ι
1319 1019 1456 1073 Nam
1486 1035 1612 1074 cum
1645 1021 1813 1075 {ilium
1845 1020 2002 1075 liberi
2033 1036 2121 1075 re—

549 1128 669 1181 gem
697 1111 916 1172 dixerit,
946 1109 1278 1164 intellectum
1320 1110 1580 1166 indicavit
1618 1112 1974 1181 cupiditatum
2017 1112 2120 1166 do-

550 1204 759 1257 minum
796 1218 1087 1271 regemque
1128 1203 1502 1270 voluptatum,
1551 1218 1767 1257 ramum
1811 1205 2017 1258 scilicet
2055 1221 2121 1260 ac

547 1311 768 1364 germen
801 1297 994 1348 animae
1033 1295 1233 1357 liberre,
1283 1311 1403 1363 qua:
1433 1311 1709 1364 nunquam
1749 1298 1997 1352 servierit
2027 1307 2122 1354 aut

550 1385 794 1455 subjecta
829 1385 990 1439 fuerit
1031 1386 1338 1453 ignominiae
1370 1386 1719 1454 passionibus
1772 1396 1826 1441 et
1872 1392 2119 1458 corporis

553 1477 947 1539 \oltlplaliblls.
995 1475 1197 1541 Quidni
1255 1478 1416 1530 etiam
1461 1478 1796 1532 intellectum
1839 1481 2001 1534 modo
2054 1482 2121 1535 fi-

551 1567 681 1621 lium
723 1567 879 1620 liberi
915 1566 1205 1636 significet,
1261 1568 1312 1620 id
1358 1577 1444 1620 est
1478 1570 1650 1622 sancti
1680 1569 1961 1639 divinique
1995 1571 2120 1640 Spi-

552 1656 710 1714 ritus.
753 1654 843 1722 qui
904 1654 1241 1707 intellectum
1293 1655 1454 1723 252
1483 1656 1688 1726 efﬁngit
1720 1660 2018 1728 sapientem
2056 1677 2121 1715 ac

553 1761 777 1812 purum,
809 1743 1062 1812 idemque
1092 1745 1349 1813 obsignat
1381 1757 1432 1801 et
1461 1749 1604 1815 parit
1639 1759 1887 1803 sanctum
1919 1761 1974 1805 et
2001 1768 2122 1805 om-

2214 569 2323 620 τῶν
2357 567 2635 636 ἑπομένων
2658 582 2672 597 ο
2701 565 2776 628 ὡς
2802 564 3293 637 ἀναγωγικώτερον
3347 566 3551 638 μᾶλλον
3590 564 3798 635 ἐξειλη-

2217 657 2372 725 φέναι
2408 656 2468 710 τὸ
2497 654 2785 726 εἰρημένον
2835 655 3113 727 προσῆκεν
3138 693 3156 722 ,
3195 657 3312 709 ἀλλ’
3369 656 3469 710 οὐκ
3525 657 3799 723 αἰσθητῶς

2216 748 2357 800 κατὰ
2371 746 2468 818 τὴν
2492 747 2781 818 πρόχειρον
2799 745 2893 798 τοῦ
2917 746 3243 816 γράμματος
3265 747 3492 801 ἔννοιαν.
3515 748 3654 817 Φησὶ
3670 749 3799 817 γὰρ,

2223 859 2242 892 ι
2271 841 2536 909 Μακαρία
2567 841 2652 905 σὺ,
2676 839 2768 909 γῆ,
2800 834 2868 910 ἧς
2892 840 2920 892 ὁ
2945 838 3197 906 βασιλεύς
3228 857 3323 893 σου
3354 840 3465 902 υίὸς
3490 839 3796 907 ἐλευθέρου,

2219 933 2312 984 καὶ
2334 932 2384 984 οἰ
2414 931 2672 1002 άρχοντές
2703 947 2795 983 σου
2828 930 2963 1001 πρὸς
3005 929 3197 1001 καιρὸν
3231 932 3497 1000 φάγονται
3537 933 3596 982 ὲν
3640 929 3792 982 δυνά-

2222 1040 2333 1094 μει,
2363 1025 2458 1076 καὶ
2486 1022 2585 1074 οὐκ
2614 1021 3087 1091 αἰσχυνθήσονται.
3113 1039 3130 1073 ι
3165 1022 3350 1091 Φήσας
3381 1022 3490 1092 γὰρ
3512 1021 3626 1073 υἰὸν
3653 1019 3796 1072 ὲλευο

2221 1111 2382 1183 θέρου
2410 1111 2500 1165 τὸν
2529 1110 2775 1181 βασιλέα,
2806 1111 2898 1164 τὸν
2932 1111 3309 1183 αὐτοκράτορα
3337 1112 3446 1164 τῶν
3488 1112 3681 1164 παθῶν
3712 1113 3803 1166 καὶ

2222 1201 2448 1272 βασιλέα
2471 1202 2577 1255 τῶν
2608 1202 2811 1272 ἡδονῶν
2831 1202 3058 1274 ἐνέφηνε
3079 1201 3203 1256 νοῦν
3231 1203 3360 1256 ὄντα
3383 1202 3563 1272 ψυχῆς
3592 1202 3798 1254 ἐλευθέ-

2222 1313 2321 1366 ρας
2339 1298 2560 1365 ὅρπηκα
2589 1295 2684 1348 καὶ
2713 1295 2942 1364 βλαστὸν
2965 1294 3065 1365 τῆς
3097 1295 3266 1365 μήπω
3297 1293 3802 1360 καταδουλωθείσης

2221 1385 2315 1437 καὶ
2356 1382 2832 1452 καθυποταγείσης
2864 1384 2966 1452 τῆς
3025 1383 3250 1453 ἀτιμίας
3301 1384 3416 1443 τοῖς
3463 1379 3665 1434 πάθεσι
3711 1382 3801 1432 καὶ

2220 1479 2337 1538 ταῖς
2375 1476 2588 1545 ἡδοναῖς
2610 1474 2710 1544 τῆς
2739 1474 2961 1544 σαρκός.
2995 1473 3064 1527 Ἦ
3095 1475 3306 1545 μήποτε
3351 1473 3475 1526 νοῦν
3507 1473 3801 1526 αἰνίττεται

2220 1569 2316 1622 νῦν
2350 1568 2462 1622 υἱὸν
2512 1567 2828 1636 ὑπάρχοντα
2864 1565 3190 1636 ἐλευθέρου,
3233 1564 3329 1617 τοῦ
3385 1565 3658 1632 παναγίου
3714 1567 3804 1616 καὶ

2221 1654 2512 1726 θεαρχικοῦ
2539 1654 2854 1723 Πνεῦματος
2881 1652 2976 1706 τοῦ
3000 1652 3429 1723 διαμορφοῦντος
3445 1653 3536 1704 τὸν
3562 1653 3807 1720 ἔμφρονα

2222 1749 2318 1801 καὶ
2375 1747 2611 1816 καθαρὸν
2640 1745 2793 1810 νοῦν,
2830 1745 2926 1797 καὶ
2957 1745 3351 1815 σφραγίζοντος
3403 1745 3498 1796 καὶ
3531 1743 3806 1804 τίκτοντος

553 1838 683 1888 nino
734 1837 1030 1902 ingenuum
1099 1852 1164 1890 ac
1220 1838 1504 1891 nobilem?
1578 1839 1675 1893 Sui
1723 1841 1924 1909 quippe
1981 1842 2120 1910 juris

2233 1840 2538 1910 άγιοπρεπῆ
2557 1839 2652 1894 λαὶ
2687 1837 2966 1900 παντελῶς
2994 1835 3293 1890 ἀδούλωτον
3358 1835 3450 1888 καὶ
3479 1835 3805 1903 μετάρσιονι

552 1927 780 1994 spiritus
832 1927 1078 1981 veritatis
1125 1930 1392 1996 planeque
1432 1929 1586 1992 liber,
1633 1949 1651 1980 ι
1692 1931 1782 1984 ubi
1832 1932 1968 1995 vult,
2005 1933 2118 2001 spi-

553 2027 636 2071 rat
666 2021 708 2081 ',
753 2035 769 2068 ι
808 2028 971 2087 atque
1016 2027 1075 2071 ut
1116 2019 1371 2083 voluerit,
1409 2021 1744 2076 intellectum
1781 2024 1864 2078 sui
1898 2025 2121 2093 partici-

556 2124 677 2176 pem
736 2106 911 2162 facit:
950 2108 1045 2176 qui
1090 2109 1295 2164 virtute
1347 2121 1569 2180 accepta
1616 2115 1790 2166 sancti
1842 2112 2121 2183 Spiritus,

554 2197 794 2262 ordinat,
831 2197 990 2267 regit,
1047 2199 1099 2252 in
1151 2197 1348 2253 oliicio'
1374 2201 1615 2255 continet
1646 2201 1920 2271 principes
1961 2219 2120 2266 suos,

554 2300 778 2344 caeteras
841 2305 1034 2360 nempe
1086 2290 1371 2346 rationalis
1432 2295 1628 2347 animae
1683 2292 2015 2362 facultates,
2067 2306 2126 2350 ut

557 2382 716 2436 statis
766 2381 915 2434 horis
971 2396 1036 2434 ac
1093 2381 1433 2448 tempestivis
1495 2382 1756 2438 alimenta
1812 2387 2012 2441 mentis
2062 2402 2127 2442 ac

558 2472 785 2542 spiritus
828 2473 882 2525 in
940 2473 1088 2525 omni
1129 2473 1443 2541 fortitudine
1495 2483 1738 2541 sumant,
1779 2491 1847 2531 ne
1903 2479 2128 2546 confun-

559 2563 758 2615 dantur
776 2563 828 2615 iu
856 2564 1172 2631 passionum
1199 2563 1514 2632 ignominiae
1534 2565 1851 2621 servitutem
1876 2568 2122 2625 adducti:

560 2654 654 2708 sed
687 2654 898 2723 potiora
944 2663 1218 2710 sectantes
1251 2663 1305 2709 et
1340 2655 1653 2710 divinarum
1683 2673 1864 2713 rerum
1893 2661 2128 2716 medita-

564 2748 696 2800 tioni
731 2746 1027 2818 studioque
1064 2747 1254 2812 dediti,
1289 2762 1508 2803 omnem
1559 2749 1720 2819 plane
1747 2752 2127 2809 confusionem

561 2837 842 2907 effugiant.

637 3010 694 3065 Si
725 3027 856 3066 vero
891 3012 1166 3082 quispiam
1210 3014 1486 3085 vulgarem
1519 3033 1739 3089 quoque
1780 3035 2000 3076 sensum
2050 3023 2136 3078 in-

565 3105 808 3173 telligere
846 3105 977 3159 velit
1017 3106 1165 3160 illius
1197 3115 1373 3172 terrae,
1412 3125 1575 3178 quam
1615 3111 1976 3169 Ecclesiastes
2007 3115 2135 3170 bea-

2227 1928 2575 1992 αὐτεξούσιον
2628 1926 2736 1998 γὰρ
2787 1926 3030 1995 πεφυκὸς
3059 1926 3120 1979 τὸ
3157 1924 3375 1995 πνεῦμα
3413 1925 3512 1993 τῆς
3553 1922 3809 1992 ἀληθείας

2228 2021 2322 2074 καὶ
2351 2017 2805 2087 παντελεύθερον,
2861 2019 3024 2070 «ὅπου
3050 2015 3216 2081 θέλει,
3247 2017 3392 2077 πνεῖ,
3432 2032 3450 2064 ι
3505 2015 3604 2066 καὶ
3631 2011 3808 2074 καθὼς

2230 2111 2296 2165 ἂν
2328 2109 2634 2180 βουληθείη,
2653 2109 2946 2180 διαμορφοῖ
2963 2108 3055 2160 τὸν
3088 2108 3308 2177 μέτοχον
3327 2103 3488 2159 αὑτοῦ
3520 2102 3810 2172 γενόμενον

2229 2202 2436 2268 νοῦν,ὃς
2449 2203 2507 2255 ὲν
2518 2206 2581 2273 τῇ
2591 2203 2816 2271 δυνάμει
2831 2202 2932 2272 τῆς
2947 2199 3238 2271 μετουσίας
3253 2198 3346 2251 τοῦ
3366 2196 3640 2264 παναγίου
3655 2193 3814 2246 Πνεῦ-

2235 2311 2399 2364 ματος
2433 2292 2620 2347 τάττει
2652 2293 2747 2346 καὶ
2797 2292 3124 2362 καθίστησιν
3161 2292 3220 2343 ὲν
3278 2289 3611 2344 καταστάσει
3633 2285 3814 2355 τελείᾳ

2234 2385 2327 2437 καὶ
2347 2385 2475 2446 τοὺς
2497 2383 2766 2454 ἄρχοντας
2780 2381 2973 2454 αὐτοῦ,
2986 2383 3088 2445 τὰς
3104 2381 3268 2440 ἄλλας
3280 2379 3524 2449 δηλονότι
3551 2377 3813 2446 δυνάμεις

2231 2474 2334 2544 τῆς
2381 2474 2609 2544 λογικῆς
2671 2474 2852 2543 ψυχῆς
2887 2473 3026 2543 πρὸς
3045 2472 3107 2524 τὸ
3137 2470 3437 2539 λαμϐάνειν
3463 2468 3603 2540 πρὸς
3625 2466 3813 2536 καιρὸν

2234 2566 2354 2636 ἢτοι
2382 2564 2654 2633 εὐκαίρως
2680 2564 2778 2626 τὰς
2806 2563 3004 2632 νοητὰς
3029 2561 3234 2631 τροφὰς
3256 2561 3348 2613 καὶ
3365 2555 3738 2627 πνευματικὰς
3760 2557 3814 2606 ὲν

2236 2658 2386 2726 πάσῃ
2412 2654 2682 2723 δυνάμει,
2711 2653 2848 2725 πρὸς
2877 2653 2939 2706 τδ
2969 2652 3042 2722 μὴ
3064 2648 3583 2718 ωταισχυνθῆναι
3602 2647 3690 2701 διὰ
3718 2645 3814 2714 τῆς

2239 2748 2375 2818 πρὸς
2402 2746 2471 2798 τὰ
2492 2744 2640 2813 πάθη
2674 2745 2772 2815 τῆς
2797 2743 3018 2815 ἀτιμίας
3047 2741 3502 2804 καταδουλώσεως
3520 2756 3536 2771 ο
3561 2738 3698 2793 ἀλλὰ
3731 2737 3816 2790 διά⁵

2235 2839 2335 2908 τῆς
2362 2837 2617 2907 ἀσχολίας
2644 2835 2744 2904 τῆς
2767 2835 2908 2906 πρὸς
2952 2834 3052 2898 τὰς
3074 2834 3360 2905 κρείττους
3411 2833 3507 2885 καὶ
3539 2829 3814 2900 θειοτέρας

2239 2927 2539 2996 φαντασίας
2572 2927 2666 2978 καὶ
2686 2924 2922 2995 θεωρίας
2949 2925 3374 2994 άκαταίσχυντοι
3394 2921 3750 2992 διαμένωσιν.

2308 3019 2371 3072 Εἰ
2391 3018 2448 3071 δὲ
2477 3018 2573 3071 καλ⁸
2605 3017 2705 3086 τὴν
2726 3017 2993 3088 αἰσθητὴν
3022 3017 3260 3071 διάνοιαν
3287 3015 3478 3083 νοῆσαί
3509 3031 3596 3076 τις
3629 3011 3817 3082 βουλη-

2241 3110 2359 3180 θείη
2387 3111 2484 3180 τῆς
2511 3108 2960 3180 μακαριζομένης
2985 3107 3090 3160 ὑπὸ
3122 3106 3216 3160 τοῦ
3248 3102 3679 3174 Ἑκκλησιαστοῦ
3698 3103 3814 3171 γῆς,

566 3202 676 3248 tam
719 3193 999 3260 pr.rdicat,
1056 3195 1202 3251 hunc
1241 3165 1524 3251 sumat'ab
1555 3199 1919 3269 explicatione
1969 3219 2130 3273 super

2238 3165 2692 3272 λήψοιτο-ταύτην
2717 3165 3339 3268 έκπῆςνδιασαφήσεως
3367 3165 3468 3265 τῆς
3510 3196 3606 3248 ἐπὶ
3625 3197 3692 3265 τῇ
3710 3165 3816 3247 ait.

564 3284 851 3352 deplorata
889 3285 1131 3350 civitate,
1179 3302 1300 3355 qua:
1339 3288 1404 3343 ad
1436 3289 1598 3344 verba
1639 3291 1779 3360 ipsa,
1818 3303 1877 3348 ut
1905 3305 2130 3360 sonant,

2239 3291 2557 3361 λανισθείσῃ
2587 3291 2741 3343 πόλει
2771 3290 2910 3342 κατὰ
2929 3288 2988 3342 τὸ
3009 3289 3244 3360 γράμμα
3271 3287 3370 3357 τὴν
3401 3287 3657 3339 ἀπόδοσιν
3680 3285 3819 3353 εἰλη-

566 3384 849 3430 coutracta
879 3386 962 3430 est
993 3376 1129 3447 (87).
1163 3376 1264 3432 Ubi
1305 3379 1453 3433 enim
1487 3381 1628 3436 lianc
1665 3383 1940 3438 civitatem
1978 3401 2130 3441 versa

2243 3382 2426 3449 φυίας.
2451 3380 2729 3449 Ἔμπαλιν
2758 3379 2867 3448 γὰρ
2889 3378 3092 3449 ταύτην
3123 3376 3438 3446 ὲξειληφὼς,
3468 3375 3710 3444 εὐχερῶς
3734 3373 3821 3430 καίι

567 3465 687 3519 vice
721 3463 1066 3528 intellexerit,
1103 3466 1608 3534 interpretationem
1643 3471 1866 3528 habebit
1919 3473 2130 3530 facilem

2245 3471 2442 3543 ῥαδίως
2472 3470 2581 3535 ἕξει
2607 3470 2705 3539 τὴν
2737 3469 2984 3540 ἐκδοχήν.
3024 3469 3082 3522 Ὀ
3104 3468 3162 3521 δέ
3190 3486 3272 3521 τοι
3305 3466 3467 3536 σοφὸς
3502 3466 3820 3534 Ἐκκλησια-

567 3565 620 3611 et
649 3556 976 3624 expeditam.
1003 3557 1272 3612 Caeterum
1305 3559 1526 3628 sapiens
1561 3560 1922 3622 Ecclesiastes
1954 3582 2020 3621 ex
2048 3568 2130 3634 iis,

2248 3561 2400 3632 στὴς,
2425 3561 2484 3628 te
2507 3555 2582 3615 ὧν
2614 3561 2834 3630 ἀμέσως
2849 3555 3010 3623 αὖθις
3036 3560 3338 3631 ἐπήγαγεν,
3366 3561 3674 3626 εἰσηγεῖται
3695 3556 3819 3626 μᾶλ-

569 3663 692 3717 qna:
722 3649 972 3717 proxime
1011 3664 1227 3703 rursum
1259 3650 1480 3718 adjecit,
1525 3655 1826 3709 secundum
1855 3673 2130 3730 anagogeu

2245 3653 2336 3706 λον
2368 3651 2724 3721 άναγωγικῶς
2750 3652 3068 3722 ἐκδέχεσθαι
3097 3651 3426 3718 τὰτοιαῦτα,
3445 3648 3631 3714 καθὼς
3661 3649 3820 3719 ἔφθην

571 3740 753 3808 potius
805 3741 918 3793 Inec
952 3740 1266 3810 accipienda
1314 3743 1496 3812 docet,
1549 3755 1607 3801 ut
1648 3747 1761 3818 jam
1802 3750 1935 3806 dixi.
1976 3753 2130 3809 Addit

2247 3743 2439 3799 εἰπών.
2480 3743 2708 3813 Ἑπάγει
2735 3743 2842 3815 γὰρ
2868 3742 2964 3800 καί
2993 3759 3176 3814 φησιν’

570 3829 715 3884 enim
758 3829 944 3900 aitque
966 3847 981 3884 :

2087 3957 2114 4029 δ
2142 3957 2282 4015 xvi.

645 4055 810 4114 Vens.
855 4060 939 4115 l8.
974 4060 1039 4116 lu
1067 4063 1296 4132 pigritiis
1319 4061 1690 4120 humiliabitur
1713 4071 2059 4141 contignatio,
2092 4085 2142 4127 et

574 4151 626 4203 in
655 4153 870 4220 segnitie
901 4171 1151 4206 manuum
1182 4154 1410 4207 stillabit
1443 4158 1630 4210 domus
1664 4159 1801 4230 (88).

2245 4167 2314 4220 ἐν
2340 4167 2514 4236 ἀργίᾳ
2537 4170 2750 4238 χείρων
2772 4170 2977 4233 στάξει
3002 4171 3039 4238 ἡ
3071 4171 3250 4224 οἰκία.

649 4241 782 4294 Nam
819 4257 939 4311 quae
982 4244 1337 4311 intellectum,
1392 4247 1553 4302 bonis
1599 4251 1917 4321 sanctisque
1972 4253 2130 4309 medi-

2314 4258 2419 4310 Τὸν
2438 4259 2546 4330 γὰρ
2563 4259 2955 4329 άπρακτοῦντα
2982 4260 3108 4313 νοῦν
3140 4261 3234 4314 καὶ
3257 4255 3541 4319 παντελῶς
3555 4255 3823 4328 ἀργοῦντα

577 4331 877 4386 tatiouibus
923 4334 1150 4400 relictis,
1211 4337 1372 4405 plane
1425 4351 1733 4394 cessantem
1779 4343 2033 4401 tuebatur
2084 4360 2130 4399 at

2252 4347 2346 4402 καὶ
2370 4348 2506 4418 πρὸς
2537 4349 2635 4411 τὰς
2662 4347 2872 4417 ἀγαθὰς
2903 4350 2999 4402 καὶ
3028 4348 3203 4412 καλὰς
3232 4349 3327 4402 καὶ
3353 4347 3550 4417 νοητὰς
3598 4347 3822 4417 θεωρίας

578 4423 945 4486 custodiebat,
977 4424 1151 4480 virtus
1186 4426 1426 4495 Spiritus
1466 4431 1664 4495 sancti,
1712 4431 1766 4485 in
1800 4433 2130 4490 illiustutela

2249 4441 2281 4510 ἡ
2327 4440 2663 4510 συντηροῦσα
2713 4441 2807 4494 καὶ
2843 4441 3192 4511 φυλάττουσα
3243 4439 3472 4508 δύναμις
3521 4438 3686 4491 αὑτὸν
3736 4435 3823 4488 τοῦ

2329 4077 2433 4129 Ἐν
2461 4077 2765 4145 ὀκνηρίαις
2798 4077 3305 4140 ταπεινωθήσεται
3346 4078 3384 4146 ἡ
3414 4076 3692 4141 δόκωσις,
3726 4075 3816 4128 καί

580 4513 900 4579 succubuit;
939 4531 1046 4570 non
1079 4517 1268 4586 utique
1299 4518 1506 4576 viribus
1539 4521 1660 4590 ejus
1695 4522 2002 4580 imminutis
2024 4567 2039 4592 ,
2091 4534 2146 4582 et

581 4604 817 4658 naturali
848 4605 1089 4675 ejusdem
1135 4611 1305 4678 gratia
1355 4626 1420 4666 ac
1453 4612 1634 4667 divina
1665 4623 1934 4683 potestate
1977 4627 2142 4686 atque

653 4782 674 4812 ⁸
701 4779 860 4836 Joan.
887 4796 970 4846 ιιι,
994 4782 1051 4838 8.

583 4936 728 5010 fonte
750 4935 947 5010 ibidem
972 4945 1202 5010 reperto
1225 4937 1579 5010 appellavere.
1606 4938 1814 4995 Idcirco
1837 4941 2143 5010 Stephanus

584 5007 1044 5083 _l_)e_urlvibus‘_ai.t:
1085 5008 1493 5083 θούριοιπὸλις
1533 5011 1765 5083 Ἰταλίας
1811 5007 2147 5083 ήηπρὁτερον

582 5077 836 5146 Σύϐαρις.
874 5077 1032 5145 (Vide
1085 5075 1237 5152 Diod.
1277 5077 1388 5152 Sic.
1418 5079 1452 5132 Ι.
1491 5095 1587 5152 xtl,
1616 5097 1666 5136 c.
1705 5075 2148 5152 10.):Sjliari'ta-

586 5162 704 5199 rum
753 5163 878 5200 vero
912 5162 1146 5220 mensae
1178 5147 1398 5220 ferculis
1438 5151 1617 5204 omnis
1657 5147 1872 5220 generis
1904 5147 2150 5208 infames

582 5226 773 5291 erant;-
806 5219 958 5291 unde
1005 5218 1148 5291 apud
1189 5218 1757 5291 liornanosiinduc'tus
1798 5223 1981 5276 nescio
2025 5223 2150 5291 quis

586 5287 1165 5360 Sybariticusrmissus,
1197 5304 1355 5360 quem
1391 5287 1750 5359 Helagabalus
1804 5306 2018 5360 semper
2043 5287 2149 5345 ex-

588 5356 829 5411 iliiillisse
884 5359 1084 5412 dicitur
1140 5356 1379 5414 exioleo
1438 5368 1493 5413 et
1531 5356 1707 5450 'guro.
1769 5356 2026 5430 (Lauipr.
2090 5363 2144 5416 in

594 5423 758 5450 ΠΛ--.
835 5444 858 5450 ,.
939 5428 1006 5450 ἰη
1050 5431 1064 5450 ι
1118 5427 1298 5450 ι..-----
1356 5429 1556 5450 v,,p__r
1598 5447 1636 5450 μ
1738 5433 1873 5450 η-ηι
1935 5433 2005 5450 n,
2068 5449 2078 5450 κ
2131 5449 2141 5450 ,

589 5423 777 5499 ilclag.
831 5444 880 5482 c.
939 5428 1065 5492 30.)
1118 5427 1303 5498 Itaque
1356 5423 1672 5499 Συϐαρίζειν
1734 5423 1875 5497 apud
1933 5423 2151 5487 Grzrcos

588 5495 727 5571 idem
786 5509 945 5571 atque
999 5495 1265 5571 luxuriari
1320 5495 1568 5570 genioque
1631 5495 1921 5571 indulgere.
1982 5502 2153 5571 Syba-

587 5565 703 5617 rita:
728 5565 897 5651 enini,
935 5570 1110 5638 inquit
1150 5565 1365 5636 Suidas,
1410 5565 1667 5640 γάστριες
1707 5565 1848 5640 ἧδᾶν
1894 5578 1987 5625 καί
2019 5565 2149 5643 ἱδρυ·

587 5651 771 5702 φηταῃ

663 5705 775 5767 (δῗ)
809 5709 1271 5772 Quemadmodum
1320 5710 1526 5764 scilicet
1568 5709 1845 5776 superiora
1886 5710 2152 5765 Ecclesia-

581 5786 684 5830 ste:
725 5780 882 5831 \ct'ba
922 5779 994 5831 ita
1029 5795 1260 5845 primum
1290 5781 1599 5849 explicavit.
1625 5790 1881 5850 tanquam
1925 5782 2026 5837 hoc
2056 5796 2154 5837 nus

2258 4530 2525 4597 παναγίου
2550 4532 2864 4602 Πνεύματος
2883 4531 3276 4585 τεταπείνωται
3317 4529 3458 4601 πρὸς
3490 4529 3587 4600 τὴν
3622 4528 3824 4581 ἐκείνου

2261 4623 2619 4693 συντήρησιν·
2668 4623 2788 4693 οὐχὶ
2811 4623 2908 4694 τὴν
2939 4623 3073 4677 ἰδίαν
3123 4623 3276 4693 ἰσχὺν
3309 4621 3696 4682 έλαττωθεῖσα,
3737 4617 3826 4669 καὶ

2242 4943 2509 5006 docentis,
2535 4941 2808 4997 infelicem
2833 4939 2950 4995 fore
2980 4939 3279 5002 civitatem,
3305 4955 3426 5007 quae
3452 4955 3634 5008 regem
3669 4952 3824 4994 nacta

2245 5017 2315 5069 sit
2345 5013 2577 5068 consilio
2600 5022 2655 5067 et
2690 5011 2974 5080 prudentia
2995 5011 3273 5079 juvenem,
3301 5021 3468 5079 atque
3505 5011 3824 5080 adolescen-

2245 5085 2383 5138 tium
2417 5098 2570 5137 more
2608 5077 3009 5151 cupiditatibus
3028 5077 3395 5151 servientem';
3433 5078 3628 5151 eodem
3667 5077 3827 5151 modo

2247 5154 2389 5209 sumi
2419 5153 2533 5208 haec
2562 5147 2722 5222 posse
2749 5152 2846 5214 ait,
2877 5159 2935 5203 ut
2960 5151 3174 5222 beatam
3185 5149 3313 5222 fore
3340 5149 3621 5222 civitatem
3647 5147 3827 5222 decla-

2248 5235 2349 5285 ret,
2389 5223 2479 5278 cui
2523 5217 2614 5277 rex
2651 5223 2918 5291 ingenuus
2962 5228 3018 5275 et
3053 5219 3271 5291 nobilis,
3303 5219 3391 5272 cui
3425 5217 3826 5291 solirii__modc-

2255 5294 2466 5362 ratique
2496 5285 2848 5362 magistratus
2874 5289 3183 5362 obtigerint.
3210 5288 3480 5362 Caeterum
3515 5287 3568 5362 i_n
3602 5285 3824 5340 Hebrai-

2255 5366 2334 5420 cis
2363 5357 2736 5431 utroque'loco
2768 5376 2874 5413 non
2908 5357 3118 5431 civitas,
3142 5358 3237 5431 sed
3270 5369 3413 5431 terra
3436 5357 3713 5431 scriptum
3727 5366 3824 5431 est,

2257 5449 2450 5503 llelnpe
2469 5425 2616 5518 νῆις,
2635 5447 2757 5501 qua:
2783 5445 2882 5484 vox
2902 5430 3176 5498 regionem
3202 5427 3468 5496 designat,
3491 5437 3548 5481 ut
3570 5425 3715 5495 apud
3737 5425 3827 5518 lat-

2257 5528 2400 5582 tinos
2426 5543 2438 5579 :
2470 5515 2632 5579 Terra
2655 5524 2853 5586 Italia;
2879 5524 3065 5592 itaque
3091 5521 3456 5594 Symmachus
3480 5518 3675 5572 vertit:
3701 5515 3825 5569 0ὐαί

2261 5613 2362 5659 σοι,
2395 5597 2484 5663 γῆ,
2525 5606 2579 5650 et
2607 5595 2834 5648 Latinus
2864 5590 3176 5662 interpres:
3226 5590 3313 5644 Vw
3343 5590 3458 5654 tibi,
3491 5599 3658 5640 terra.

2331 5655 2844 5739 (88)"0|ymptod0r.
2893 5655 3362 5734 Ἑν’ὀλοκληρίαις
3421 5655 3820 5726 ταπεινωθήσε-

2264 5754 2498 5793 ται....
