3846 6484
9 334 142 397 ttat
202 304 207 309 θ

1073 334 1161 395 1N
1202 316 1783 395 ECCLESIASTEN.
1824 360 1891 371 —
1925 335 2073 396 LIB.
2110 335 2195 396 Ix

3133 334 3293 419 me

4 455 293 505 πείῦονται
334 450 533 513 πάντες
566 450 754 519 σχεδον
788 450 881 502 καὶ
927 448 1179 519 θητεύειν
1200 451 1296 504 καὶ
1328 450 1605 522 παρεστά-

1732 451 1852 505 ιίὺίίὶ
1891 452 2037 505 enim
2088 459 2313 521 argento
2345 466 2537 509 omnes
2570 438 2681 507 fui-tt
2724 452 3005 516 obediunt,
3056 462 3113 506 ttt
3163 454 3293 507 illud

5 560 89 593 ναι
157 541 261 593 καὶ
296 540 720 595 κατακολουθεῖν
764 543 878 606 τοῖς
927 542 1249 614 παρέχουσι,
1307 542 1404 596 καὶ
1450 543 1611 595 πλοῖα

7 631 471 696 κατασκευάζειν,
492 633 588 686 καί¹
617 632 795 694 οίκίας
815 632 1140 702 οἰκοδομεῖν,
1173 631 1267 685 καὶ
1288 632 1387 704 τὴν
1417 632 1611 700 διάφο-

9 744 98 797 ρον
128 724 232 777 καὶ
253 723 511 794 ποικίλην
530 724 638 776 τῶν
659 725 835 778 ἄλλων
860 723 1220 796 ἀνθρωπίνων
1237 724 1438 795 χρειῶν
1462 726 1617 778 ἐκτε-

8 820 119 869 λεῖν
155 817 448 887 ὲργασὲαν.
486 815 706 887 Ἐπειδὴ
731 816 787 868 δὲ
832 816 930 869 καὶ⁸
958 818 1147 886 νοητὸν
1174 815 1438 886 ἀργύριον
1476 816 1612 868 dwa-

13 908 301 978 μασμένον
332 906 563 976 εὓρηται
582 909 705 970 ταῖς
727 907 900 970 θείαις
924 908 1191 977 Γραφαίς,
1218 907 1356 976 ὅπερ
1396 904 1547 958 ἐστὶν
1588 907 1617 960 ὀ

10 996 375 1064 εύαγγελικὸς
404 997 501 1047 καὶ
533 996 912 1059 διδασκαλικὸς
940 995 1131 1064 λόγος’
1167 994 1351 1058 καθώς
1388 1010 1555 1065 φησιν
1588 996 1617 1048 ὁ

13 1089 243 1157 Κύριος,
288 1107 310 1138 ι
349 1087 503 1140 Ἔδει
533 1105 593 1140 σε
634 1087 814 1157 βαλεῖν
836 1088 896 1141 τὸ
915 1087 1178 1161 ἀργύριόν
1216 1104 1317 1158 μου
1349 1088 1459 1149 τοῖς
1488 1103 1619 1155 τρα-

14 1181 268 1243 πεζίταις
290 1197 305 1211 ·
332 1198 351 1229 ι
373 1180 466 1230 καί
487 1178 669 1249 πολλῷ
691 1178 883 1249 πρώην
902 1182 931 1233 ὁ
956 1179 1241 1249 προφήτης
1268 1176 1433 1229 Δασίδ
1456 1191 1470 1204 ’
1490 1196 1509 1227 ι
1538 1175 1621 1228 Τὰ

15 1273 169 1335 λόγια
194 1270 407 1341 Κυρίου
448 1268 606 1338 λόγια
641 1270 802 1338 ἁγνὰ,
863 1270 1127 1341 ἀργύριον
1176 1267 1577 1338 πεπυρωμένον
1601 1306 1617 1329 ,

14 1361 269 1427 δοκίμιον
294 1363 363 1429 τῇ
404 1362 496 1428 γῇ,
523 1359 993 1427 κεκαθαρισμένον
1015 1355 1397 1416 έπταπλασίως
1418 1370 1432 1385 ο
1465 1373 1483 1406 ι
1514 1352 1622 1424 χρὴ

17 1452 184 1510 νοεῖν,
215 1448 299 1510 ὡς
362 1447 728 1518 προαγγέλλει
774 1448 1130 1518 προφητικῶς
1167 1445 1267 1515 τὴν
1298 1444 1392 1498 ἐπὶ
1418 1443 1496 1514 τῷ
1520 1458 1622 1512 κη-

19 1539 268 1609 ρύγματι
321 1540 397 1606 τῷ
427 1540 768 1610 εὐαγγελικῷ
814 1540 1213 1609 πρώηλότατον
1237 1535 1483 1605 ὑπακοὴν
1529 1534 1625 1586 καὶ

18 1630 500 1699 κατακολούθησιν
528 1633 629 1702 τῆς
645 1634 748 1685 ἀνὰ
772 1634 951 1685 πᾶσαν
975 1630 1074 1701 τὴν
1099 1630 1192 1683 ὑπ’
1216 1627 1443 1700 οὐρανὸν
1462 1626 1624 1695 ἁγίας

18 1720 109 1772 τοῦ
139 1719 285 1772 Θεοῦ
320 1720 613 1789 καθολικῆς
637 1723 733 1775 καὶ
763 1721 1129 1791 ἁποστολικῆς
1171 1719 1519 1790 Ἑκκλησίας.
1558 1719 1619 1771 '0

1717 543 2090 614 prarbentihus
2124 543 2480 609 famulentur,
2514 554 2831 615 appareant,
2877 545 3205 614 pedisequos
3236 534 3298 598 se

1716 638 2036 706 adjungant,
2070 652 2243 706 eoque
2270 637 2485 706 navigia
2516 647 2863 699 construant,
2912 636 3102 691 domos
3138 635 3300 690 aedifi-

1717 738 1863 795 cent,
1890 729 2059 783 multa
2093 738 2145 783 et
2174 729 2343 792 varia,
2376 745 2499 797 qua:
2528 730 2651 786 aliis
2682 730 2803 783 vita:
2831 729 3019 782 usibus
3046 737 3296 798 prosunt,

1717 834 1882 889 opera
1915 819 2219 888 perliciant.
2253 818 2522 885 Quoniam
2556 835 2684 873 vero
2713 818 2956 888 spiritale
2998 819 3161 871 etiam
3213 834 3301 871 ar-

1718 918 1941 977 gentum
1999 908 2200 962 divinis
2242 908 2294 961 itt
2347 906 2568 963 Litteris
2616 910 2959 962 nominatum
3009 908 3296 977 reperitur,

1717 998 1861 1067 quod
1899 1006 1981 1052 est
2011 997 2359 1066 evangelicus
2407 998 2769 1052 institutionis
2811 1012 3013 1061 sermo,
3046 997 3191 1050 sicut
3222 996 3301 1050 ait

1720 1086 2017 1142 Dominus;
2045 1106 2062 1139 t
2096 1088 2346 1157 Oportuit
2369 1096 2420 1142 te
2438 1088 2782 1141 committere
2805 1098 3086 1157 argentum
3115 1104 3297 1141 meum

1720 1175 2111 1231 nutnmulariis
2139 1178 2180 1206 ¹¹
2209 1192 2224 1240 ;
2264 1193 2281 1226 ι
2315 1189 2380 1228 ac
2410 1175 2583 1228 multo
2608 1176 2760 1242 prius
2789 1172 3055 1243 pr0pbeta
3086 1170 3250 1225 David
3280 1191 3295 1227 :

1727 1285 1745 1315 ι
1784 1267 2012 1336 Eloquia
2042 1266 2254 1319 Domini
2284 1265 2502 1333 eloquia
2525 1273 2697 1328 casta,
2727 1273 3011 1333 argentum
3038 1262 3158 1333 igne
3179 1277 3301 1316 exa-

1722 1360 2009 1422 minatum,
2062 1358 2347 1426 probatum
2393 1364 2569 1418 terrae,
2604 1365 2895 1424 purgatum
2939 1353 3138 1422 septies
3159 1352 3241 1419 ¹³;
3274 1371 3295 1404 ι

1723 1448 2145 1503 existimandum
2176 1455 2259 1499 est
2291 1444 2585 1499 manifesto
2630 1445 2890 1497 vaticinii)
2925 1446 2994 1497 ab
3041 1458 3106 1496 eo
3156 1459 3299 1513 pra:-

1723 1539 1965 1592 nunliari
1996 1535 2364 1589 obedientiam
2395 1545 2557 1604 atque
2588 1536 2934 1605 οὺςιιηυὶιιηι,
2963 1535 3109 1605 quod
3141 1550 3304 1589 evan-

1726 1627 1909 1696 gelicae
1935 1623 2306 1697 praedicationi
2343 1624 2652 1678 exhibitura
2678 1632 2798 1677 erat
2830 1623 3031 1688 omnis,
3058 1639 3179 1693 qua:
3205 1624 3305 1679 sub

1727 1719 1866 1773 cmlo
1902 1730 2006 1786 est,
2038 1734 2224 1775 sancta
2258 1719 2350 1772 Dei
2385 1716 2652 1771 catholica
2702 1714 2867 1785 256
2909 1724 2962 1769 et
3007 1716 3304 1785 apostolica

23 1812 208 1880 μέντοι
240 1811 413 1879 σοφὸς
442 1812 877 1885 Ἐκκλησιαστὴς
909 1814 1010 1886 τῆς
1044 1814 1215 1885 αὐτῆς
1255 1812 1465 1876 ἐννοίας
1497 1811 1620 1882 ἐχό-

1732 1810 1994 1867 Ecclesia.
2034 1812 2193 1866 Certe
2224 1800 2440 1880 sapiens
2477 1808 2839 1865 Ecclesiastes
2871 1808 2999 1862 huic
3033 1808 3306 1865 inltterens

23 1920 182 1973 μενος
218 1905 476 1972 ἐπήγαγε
508 1905 601 1958 καί
633 1922 769 1976 φησι
791 1922 806 1937 ⁸

1727 1900 2012 1955 sententia:
2042 1900 2241 1969 adjecit
2274 1898 2523 1970 dixitque
2548 1914 2563 1955 :

1535 2015 1562 2086 ς
1592 2007 1787 2067 xvtn.

90 2133 200 2188 Καὶ
226 2136 304 2188 ἐν
325 2112 675 2196 συνειδήσέι
726 2144 843 2183 σου
865 2131 1135 2194 βασιλέα
1156 2129 1242 2199 μὴ
1274 2127 1619 2198 xamptian'

26 2228 120 2278 καί
150 2244 219 2294 γε
256 2226 332 2278 ἐν
361 2224 623 2291 ταμείοις
650 2220 949 2273 κοιτώνων
1007 2235 1125 2275 σου
1176 2218 1263 2288 μὴ
1312 2219 1624 2288 καταράσῃ

27 2318 335 2370 πλούσιον
356 2332 368 2344 ⁸
407 2314 496 2367 ὅτι
532 2311 809 2365 πετεινὸν
831 2312 937 2365 τοῦ
968 2311 1231 2379 οὐρανοῦ
1249 2311 1488 2365 ἀποίσει
1511 2311 1629 2377 τὴν

28 2409 237 2478 φωνήν
268 2424 410 2469 σου,
439 2405 537 2459 καὶ
564 2408 597 2459 ὀ
628 2405 733 2471 τὰς
765 2403 1065 2474 πτέρυγας
1095 2402 1256 2473 ἔχων
1303 2403 1633 2473 ἀπαγγελεῖ

28 2501 251 2568 ,ἰόςηους
288 2515 425 2551 σου.

96 2588 304 2658 Διττὴν
334 2587 445 2656 ἔχει
495 2583 591 2637 καὶ
624 2583 782 2636 τοῦτο
826 2582 929 2653 τὴν
974 2582 1325 2654 διασάφησιν,
1362 2582 1629 2655 αἰσθητὴν

31 2678 279 2747 δηλονότι
338 2676 430 2727 καὶ
460 2675 658 2744 νοητήν
681 2688 694 2702 ·
738 2671 1114 2742 παραγγέλλει
1146 2671 1255 2742 γὰρ
1288 2671 1385 2726 καὶ
1428 2690 1631 2741 παρεγο

33 2771 231 2834 γυᾶται
298 2763 565 2835 μηδαμῶς
616 2763 961 2831 καταρᾶσθαι
996 2758 1415 2830 καθοιονδήποτε
1438 2758 1630 2831 καιρὸν

35 2860 65 2927 ἦ
91 2858 319 2928 τρόπον,
351 2856 470 2926 ἦτοι
493 2851 943 2923 διαλοιδορεῖσθαι
964 2850 1059 2904 καὶ
1093 2851 1512 2906 κατασκώπτειν
1539 2852 1631 2905 τὸν

35 2950 269 3020 λαχόντα
305 2946 610 3019 βασιλεύειν
653 2944 743 2997 ἐπὶ
772 2943 871 3013 τῆς
918 2944 1041 3014 γῆς,
1078 2945 1215 3014 μήτε
1245 2943 1352 3015 μὴν
1391 2943 1634 3014 ἄρχοντά

35 3060 152 3094 τινα.
190 3042 289 3094 καὶ
316 3038 614 3107 δυνάστηνο
653 3034 844 3089 τοῦτον
887 3036 996 3106 γὰρ
1025 3036 1261 3105 ἐδήλωσε
1291 3034 1378 3088 διὰ
1406 3033 1498 3088 τοῦ
1539 3035 1634 3102 φά-

38 3152 143 3193 ναι,
173 3152 192 3182 ι
228 3130 326 3184 καὶ
356 3129 431 3200 μὴ
454 3128 743 3197 καταράσῃ
769 3125 1024 3179 πλούσιον
1045 3142 1060 3157 ο
1102 3145 1120 3177 ι
1157 3127 1244 3179 ἵνα
1272 3126 1348 3195 μὴ
1373 3124 1632 3193 πειθόμε-

38 3242 120 3287 νος
146 3219 405 3276 ὁπωσοῦν
429 3220 528 3283 τὰς
553 3220 652 3287 τῆς
683 3215 1141 3289 κακοῤῥοθήσεως
1176 3215 1537 3287 είσπράξηταί
1569 3232 1631 3268 σε

38 3316 213 3377 δίκας,
254 3312 351 3367 καὶ⁸
386 3309 630 3383 χαλεπὰς
662 3310 907 3371 ὑποίσεις
937 3308 1190 3371 κολάσεις
1216 3308 1312 3361 ἐπὶ
1339 3310 1403 3378 τῇ
1435 3325 1636 3379 προπε-

1797 2122 1965 2179 Vens.
2012 2122 2105 2177 20.
2150 2124 2219 2179 Et
2264 2123 2321 2181 itt
2366 2126 2688 2179 conscientia
2745 2135 2839 2179 tua
2882 2128 2993 2196 regi
3038 2143 3102 2181 ne
3142 2128 3307 2183 maie-

1725 2215 1947 2269 dizen's.
1979 2215 2047 2269 Et
2076 2218 2133 2269 in
2156 2218 2517 2284 penetralibus
2552 2218 2805 2270 cubilium
2840 2229 3053 2271 tuorum
3096 2236 3160 2272 ne
3186 2238 3305 2273 ma-

1726 2310 1975 2362 ledireris
2031 2310 2187 2362 diviti
2228 2324 2247 2361 :
2295 2312 2419 2378 quia
2473 2311 2700 2363 volucris
2744 2311 2863 2364 σεειί
2900 2312 3078 2379 εῙῙενει
3131 2328 3306 2367 vocem

1729 2408 1907 2460 tuam,
1947 2406 1996 2450 et
2038 2398 2233 2451 habetis
2268 2415 2466 2467 pennas
2512 2400 2839 2453 renuntiabit
2862 2402 3020 2455 verba
3048 2411 3139 2455 tua
3168 2404 3303 2473 (94).

1802 2575 2082 2645 Duplicem
2123 2576 2227 2632 hoc
2261 2578 2428 2633 etiam
2469 2578 2632 2633 habet
2677 2580 3140 2650 explanationem,
3180 2597 3308 2637 seu-

1730 2666 1949 2722 sibilem
1993 2682 2189 2737 nempe
2231 2684 2297 2724 ac
2348 2670 2672 2739 spiritalem.
2729 2671 3002 2727 Admonet
3048 2673 3193 2727 enim
3244 2689 3309 2729 ac

1731 2757 1976 2822 mandat,
2010 2772 2079 2812 ne
2118 2759 2243 2827 quis
2285 2759 2396 2813 ullo
2438 2774 2678 2828 unquam
2722 2770 2965 2831 tempore
3004 2770 3099 2816 aut
3144 2764 3309 2817 modo

1731 2857 2049 2903 exsecretur
2095 2858 2192 2904 aut
2238 2859 2553 2905 contemnat
2596 2861 2649 2906 et
2677 2852 2940 2906 conviciis
2964 2860 3125 2924 petat
3155 2853 3307 2907 illum

1732 2937 1820 2992 cui
1848 2952 2075 3008 regnum
2104 2938 2364 3008 obtigerit
2398 2955 2563 3009 super
2592 2948 2734 2995 terra
2752 2980 2770 3006 ,
2798 2954 2899 2993 nec
2930 2942 3306 3011 magistratum

1733 3045 2064 3100 quemquam
2086 3038 2183 3084 aut
2198 3033 2520 3102 dynastam;
2552 3046 2716 3098 quem
2740 3030 3065 3101 signiﬁcavit
3087 3034 3304 3088 dicens‘

1741 3139 1759 3172 ι
1798 3120 1863 3173 Ει
1890 3133 1958 3173 ne
1992 3118 2342 3175 maledixeris
2372 3120 2560 3189 diviti;
2596 3137 2617 3170 ι
2659 3134 2730 3174 ne
2774 3120 2864 3174 hic
2892 3122 3290 3191 quomodocut-

1734 3227 1842 3281 que
1889 3212 2120 3267 edoctus
2169 3226 2361 3281 poenas
2404 3212 2816 3280 imprecationis
2864 3219 3093 3280 repetat,
3140 3224 3196 3268 et
3229 3215 3311 3269 lo-

1736 3304 1938 3375 quendi
1986 3306 2264 3362 temeritas
2309 3320 2377 3361 ac
2413 3306 2760 3374 superiorum
2790 3313 2841 3359 et
2872 3306 3310 3374 praestandorum

40 3407 158 3477 τεία
209 3405 322 3457 τῶν
345 3382 546 3472 λόγων,
600 3401 698 3455 καὶ
729 3400 1124 3470 διαλοιδορήσει
1152 3399 1263 3454 τῶν
1312 3398 1631 3469 ὑπερτέρων

1736 3404 2082 3467 contemptus
2109 3396 2371 3468 gravibus
2401 3397 2686 3467 suppliciis
2719 3406 2847 3453 stet.
2895 3395 2953 3451 Id
2983 3412 3115 3453 vero
3142 3398 3312 3452 multo

42 3497 130 3546 καὶ
160 3493 479 3563 βελτιόνων.
522 3491 694 3544 Τοῦτο
718 3490 774 3543 δὲ
816 3490 913 3542 καὶ
938 3487 1123 3558 πολλῷ
1172 3486 1365 3559 πρώην
1402 3490 1431 3542 ό
1459 3488 1634 3559 μέγας

42 3581 601 3654 προκατησφαλίσατο
652 3581 889 3651 Μωῦσῆς
914 3579 1123 3647 λέγων·
1179 3597 1197 3629 ι
1232 3578 1401 3642 Θεούς
1428 3596 1522 3633 σου
1559 3578 1635 3651 μὴ

44 3673 462 3740 κακολογήσεις,
493 3670 588 3724 καὶ
633 3668 870 3741 ἄρχοντα
910 3668 1007 3723 τοῦ
1066 3668 1197 3723 λαοῦ
1234 3687 1328 3723 σου
1359 3671 1458 3723 ούκ
1490 3670 1635 3741 ἐρεῖς

44 3766 233 3829 κακῶς
252 3782 267 3795 ν
305 3784 323 3816 ι
352 3763 744 3833 εἰσηγούμενος
774 3762 979 3833 ἥκιστα
1003 3760 1228 3832 βασιλέα
1251 3761 1348 3815 καὶ
1364 3761 1635 3831 δυνάστην

45 3856 394 3925 ὲκφαυλίξειν
423 3855 517 3909 καὶ
567 3853 1018 3925 διαλοιδορεῖσθαι
1060 3853 1158 3907 καὶ
1182 3853 1632 3907 κατασκώπτειν·

46 3948 157 4000 ἀλλ’
188 3946 346 4011 ἐντὸς
369 3946 480 4000 τῶν
502 3946 602 4015 τῆς
631 3944 856 4014 καρδίας
891 3942 1149 4014 θαλάμων
1174 3946 1233 3999 έν
1255 3944 1501 4016 ὑπομονῇ
1537 3942 1635 3997 κει)⁸

51 4038 405 4110 μακροθυμίᾳ
434 4033 775 4107 περιορίζειν
815 4037 942 4099 τοὺς
977 4035 1141 4100 ίδίους
1192 4036 1491 4107 λογισμοὺς
1541 4038 1635 4091 καὶ

46 4130 169 4193 τοὺς
193 4130 409 4196 λόγους.
455 4145 473 4178 ι
504 4127 631 4180 Ὅτι
681 4125 928 4179 πετεινδν
959 4124 1052 4178 τοῦ
1083 4123 1338 4196 ούρανοῦ,
1377 4144 1396 4177 ι
1448 4127 1631 4196 φησὶν,

53 4242 72 4275 ι
104 4223 325 4275 ἀποίσει
359 4220 458 4291 τὴν
485 4221 670 4288 φωνήν
702 4237 815 4283 σου,
853 4219 949 4272 καὶ
976 4220 1004 4272 ό
1030 4218 1131 4283 τὰς
1181 4219 1463 4290 πτέρυγας
1496 4218 1635 4288 ἔχων

50 4315 357 4383 ἀπαγγελεῖ
378 4313 577 4380 λόγους
624 4328 738 4366 σου.
785 4330 802 4363 ι
834 4310 933 4365 Διὰ
964 4311 1065 4379 τῆς
1087 4311 1383 4380 ὀνομασίας
1410 4309 1504 4379 τοῦ
1536 4328 1634 4363 πε-

47 4402 221 4455 τεινοῦ
254 4403 353 4455 καὶ
382 4399 476 4454 τοῦ
506 4398 609 4462 τὰς
644 4399 922 4470 πτέρυγας
956 4397 1170 4469 ἔχοντος
1199 4397 1297 4470 τὴν
1326 4398 1638 4469 ἀπρόοπτον

1735 3488 1901 3542 etiam
1930 3489 2085 3556 prius
2128 3489 2432 3545 cavendum
2478 3498 2772 3545 monuerat
2801 3504 3037 3558 magnus
3072 3488 3308 3561 Moyses.

1733 3594 1858 3635 cum
1887 3579 2007 3634 ait:
2044 3597 2063 3630 ι
2103 3580 2179 3635 De
2206 3579 2315 3635 diis
2343 3581 2451 3636 tuis
2496 3595 2605 3636 non
2640 3582 2894 3637 detrahes
2931 3602 2945 3636 :
2986 3591 3043 3636 et
3080 3584 3311 3653 principi

1735 3670 1920 3740 populi
1970 3670 2047 3725 tui
2095 3684 2204 3726 non
2258 3671 2551 3728 maledices
2596 3673 2751 3743 (95);
2806 3675 3203 3743 praescribens,
3245 3692 3314 3729 ne

1734 3762 1860 3830 quis
1888 3776 2070 3833 regem
2094 3770 2190 3816 aut
2216 3762 2517 3834 principem
2553 3775 2794 3835 spernat,
2822 3765 2907 3821 vel
2930 3767 3310 3835 reprehendat,

1734 3854 1818 3907 vel
1868 3852 2203 3920 iusectetur;
2267 3854 2361 3909 sed
2418 3854 2568 3911 intus
2616 3855 2670 3910 in
2727 3856 2895 3909 animi
2937 3858 3315 3926 penetralibus

1733 3944 2006 4014 patienter
2065 3951 2232 4014 atque
2297 3953 2618 4000 constanter
2672 3947 3034 4015 c0gitationes
3087 3964 3216 4004 suas
3258 3962 3313 4005 et

1734 4036 1898 4092 verba
1934 4036 2234 4095 contineat.
2283 4054 2302 4093 ι
2339 4036 2502 4103 Quia,
2534 4038 2735 4106 inquit,
2765 4038 3007 4094 volucris
3033 4040 3157 4094 cwli
3183 4039 3314 4094 οσο-

1733 4138 1819 4184 ret
1862 4143 2050 4182 vocem
2104 4137 2296 4195 tuam,
2361 4139 2415 4184 et
2461 4130 2668 4185 habens
2718 4146 2924 4200 pennas
2976 4132 3315 4189 renuntiabit

1735 4220 1896 4272 verba
1930 4230 2060 4285 tua;
2104 4237 2124 4270 ι
2164 4219 2404 4277 volucris
2437 4220 2658 4275 nomine
2699 4229 2754 4275 et
2800 4221 2922 4291 ejus
2970 4225 3064 4292 qui
3106 4238 3314 4292 pennas

1737 4311 1930 4377 habet,
1980 4311 2336 4379 improvisam
2389 4311 2706 4383 signiﬁcans
2758 4328 2823 4369 ac
2875 4313 3210 4383 inopinatam
3256 4324 3321 4372 et.

1738 4402 2165 4471 inexspectatum
2192 4403 2627 4460 enuntiationem
2662 4415 2718 4460 et
2758 4406 3080 4461 relationem
3107 4422 3171 4462 ac
3197 4422 3314 4463 ma-

50 4497 140 4547 καὶ
166 4492 454 4557 παντελῶς
479 4492 803 4546 ἀνέλπιστον
842 4490 935 4545 καὶ
980 4490 1252 4561 μηδέποτέ
1304 4507 1387 4543 σοι
1412 4491 1633 4559 προσδο-

1738 4493 2144 4550 nifestationem
2166 4510 2380 4561 eorum,
2403 4512 2525 4566 qum
2547 4498 2664 4567 ipse
2690 4498 2908 4554 locutus
2937 4497 3127 4556 fueris.
3155 4498 3314 4556 Velut

50 4585 311 4655 κηθεϊσαν
335 4583 657 4651 ὲξάγγελσιν
685 4582 781 4635 καὶ
810 4579 1243 4651 διαπόρθμευσιν
1276 4583 1370 4633 καὶ
1403 4579 1633 4650 δήλωσιν

1739 4586 1785 4640 si
1819 4585 2056 4651 diceret,
2105 4586 2269 4654 Cave,
2322 4603 2391 4644 ne
2430 4589 2544 4657 regi
2599 4597 2651 4644 et
2684 4589 2921 4661 principi
2958 4591 3309 4661 impreceris:

50 4677 155 4729 τῶν
184 4676 296 4730 ὑπὸ
348 4675 439 4728 σοῦ
488 4674 836 4745 λαληθέντων
866 4672 1396 4744 παραινιττόμενοςο
1445 4688 1633 4741 μονον-

1741 4678 1870 4747 quia
1911 4678 2058 4736 unde
2118 4680 2346 4735 minime
2404 4680 2726 4750 suspicaris,
2786 4680 2913 4737 inde
2955 4697 3137 4737 sermo
3187 4693 3314 4737 tuus

53 4766 167 4834 ουχὶ
187 4765 302 4833 γάρ
333 4780 488 4834 φησι,
516 4762 607 4833 Μὴ
637 4763 925 4834 καταράσῃ
963 4760 1189 4831 βασιλέα
1216 4760 1309 4813 καὶ
1334 4760 1633 4831 δυνάστην·

1742 4770 2101 4835 indicabitur,
2154 4780 2208 4826 et
2247 4772 2492 4841 pericula
2543 4773 2638 4827 tibi
2692 4788 2757 4828 ac
2804 4789 3079 4828 aerumnas
3126 4774 3315 4828 atteret

53 4855 130 4906 ὅτι
154 4854 278 4906 ὅθεν
301 4852 404 4921 οὑχ
430 4850 777 4913 ὑποπτεύεις,
802 4848 1009 4902 ἐκεῖθεν
1036 4850 1064 4902 ό
1090 4848 1247 4914 λόγος
1270 4865 1362 4900 σου
1400 4847 1633 4919 μηνυθή-

1742 4876 1851 4914 non
1895 4864 2171 4932 vulgares.
2222 4860 2374 4919 Talis
2426 4863 2612 4933 igitur,
2651 4863 2699 4917 si
2751 4862 2917 4919 verba
2963 4870 3312 4934 spectentur,

56 4961 204 4997 σεται
235 4942 335 4996 καὶ
363 4940 688 5012 προξενήσει
722 4958 802 4994 σοι
829 4940 1174 5011 πειρασμοὺς
1207 4940 1303 4993 καὶ
1350 4940 1557 5010 θλίψεις
1578 4940 1633 4993 ού

1740 4952 1875 5008 dicti
1903 4953 2070 5025 hujus
2108 4954 2424 5027 explanatio
2462 4963 2548 5012 est
2580 4953 2715 5027 (96).

53 5030 146 5090 τὰς
165 5027 458 5099 τυχούσας.
485 5027 753 5099 Τοιαύτην
776 5024 870 5082 οὖν
900 5028 1042 5082 κατὰ
1061 5028 1121 5081 τὸ
1147 5028 1383 5100 γράμμα
1412 5030 1641 5101 τὴνδια-
1710 5054 1720 5064 ·

58 5121 293 5187 σὰφτισιν
326 5120 441 5189 ἔχει
464 5119 527 5172 τὸ
552 5121 675 5190 είρη
686 5120 865 5190 μένον.

131 5321 177 5353 ι’
214 5319 406 5374 Matth.
451 5336 578 5386 xxv,
618 5321 707 5374 97.
788 5321 832 5353 ”
872 5320 1021 5379 Psal.
1058 5337 1158 5389 xu,
1196 5323 1250 5378 6.

126 5495 242 5569 (9f)
288 5493 495 5569 Proles.
534 5512 589 5560 x,
617 5495 903 5569 20._Apud
944 5496 1081 5569 uix
1121 5511 1204 5554 est
1227 5500 1387 5569 λόγον
1417 5517 1533 5556 σου.
1749 5500 1879 5554 Aves
1908 5499 2125 5568 e/ferent
2174 5513 2391 5555 vocem:
2432 5497 2663 5566 ejusque
2705 5512 2863 5569 usum
2901 5512 3022 5553 esse
3063 5496 3156 5563 sit,
3191 5510 3317 5552 eum

130 5565 243 5627 (9)5)
290 5565 461 5617 l-lxod.
517 5580 653 5629 χιιι,
696 5560 900 5619 98ᾘΑι
950 5560 1089 5621 LXX
1130 5560 1333 5626 habent
1373 5570 1533 5634 θεοὺς
1579 5570 1640 5622 ού
1749 5560 2058 5635 signiﬁcare
2085 5568 2366 5637 volumus,
2412 5560 2637 5637 id'quod
2668 5568 2872 5622 dictum
2901 5579 3007 5635 est,
3033 5560 3321 5625 diulatrre

61 5638 485 5709 κακολογὴσεις.
497 5675 509 5687 .
522 5675 531 5683 .
544 5674 583 5688 ..

1750 5655 1858 5694 non
1896 5654 2075 5709 posse.
2104 5639 2219 5707 (Cl.
2256 5636 2319 5702 ll,
2352 5640 2446 5692 lib.
2479 5636 2562 5703 ιιι,
2596 5656 2650 5691 ιι.
2682 5638 2807 5707 59.)

132 5703 247 5765 (96o
290 5700 597 5759 Proverbiis
639 5714 967 5760 annumerat
1010 5708 1240 5766 Drusius
1284 5712 1387 5767 ltoc
1423 5710 1588 5765 etiam
1620 5748 1652 5774 ,.
