  <div class='ocr_page' id='page_1' title='image "/cluster/home/n/w/nwhite01/storage/ocr_20150623/98/hvd.32044015586951/573.png"; bbox 0 0 4114 6562; ppageno 0'>
   <div class='ocr_carea' id='block_1_1' title="bbox 643 344 783 409">
    <p class='ocr_par' dir='ltr' id='par_1_1' title="bbox 643 344 783 409">
     <span class='ocr_line' id='line_1_1' title="bbox 643 344 783 409; baseline -0.014 0"><span class='ocrx_word' id='word_1_1' title='bbox 643 344 783 409; x_wconf 76' lang='grc'><strong>1123</strong></span> 
     </span>
    </p>
   </div>
   <div class='ocr_carea' id='block_1_2' title="bbox 1740 313 2774 392">
    <p class='ocr_par' dir='ltr' id='par_1_2' title="bbox 1740 313 2774 392">
     <span class='ocr_line' id='line_1_2' title="bbox 1740 313 2774 392; baseline -0.02 0"><span class='ocrx_word' id='word_1_2' title='bbox 1740 333 1803 392; x_wconf 87' lang='lat' dir='ltr'><strong>S.</strong></span> <span class='ocrx_word' id='word_1_3' title='bbox 1845 318 2221 388; x_wconf 77' lang='lat' dir='ltr'><strong>GREGORII</strong></span> <span class='ocrx_word' id='word_1_4' title='bbox 2263 315 2354 375; x_wconf 84' lang='lat' dir='ltr'><strong>AG</strong></span> <span class='ocrx_word' id='word_1_5' title='bbox 2364 313 2774 374; x_wconf 79' lang='lat' dir='ltr'><strong>RIGENTINI</strong></span> 
     </span>
    </p>
   </div>
   <div class='ocr_carea' id='block_1_3' title="bbox 3764 309 3873 372">
    <p class='ocr_par' dir='ltr' id='par_1_3' title="bbox 3764 309 3873 372">
     <span class='ocr_line' id='line_1_3' title="bbox 3764 309 3873 372; baseline 0.018 -4"><span class='ocrx_word' id='word_1_6' title='bbox 3764 309 3873 372; x_wconf 75' lang='lat' dir='ltr'><strong>“2i</strong></span> 
     </span>
    </p>
   </div>
   <div class='ocr_carea' id='block_1_4' title="bbox 709 426 2232 525">
    <p class='ocr_par' dir='ltr' id='par_1_4' title="bbox 709 438 2208 525">
     <span class='ocr_line' id='line_1_4' title="bbox 709 438 2208 525; baseline -0.021 -4"><span class='ocrx_word' id='word_1_7' title='bbox 709 467 841 525; x_wconf 63' lang='lat' dir='ltr'><strong>Dux</strong></span> <span class='ocrx_word' id='word_1_8' title='bbox 874 471 1002 509; x_wconf 87' lang='lat' dir='ltr'><strong>vero</strong></span> <span class='ocrx_word' id='word_1_9' title='bbox 1035 453 1104 507; x_wconf 84' lang='lat' dir='ltr'><strong>ab</strong></span> <span class='ocrx_word' id='word_1_10' title='bbox 1137 467 1381 522; x_wconf 81' lang='lat' dir='ltr'><strong>anagoge</strong></span> <span class='ocrx_word' id='word_1_11' title='bbox 1424 451 1643 522; x_wconf 79' lang='lat' dir='ltr'><strong>pendet,</strong></span> <span class='ocrx_word' id='word_1_12' title='bbox 1699 459 1754 503; x_wconf 91' lang='lat' dir='ltr'><strong>et</strong></span> <span class='ocrx_word' id='word_1_13' title='bbox 1797 456 1907 501; x_wconf 90' lang='lat' dir='ltr'><strong>tota</strong></span> <span class='ocrx_word' id='word_1_14' title='bbox 1943 438 2208 511; x_wconf 73' lang='lat' dir='ltr'><strong>spiritalis</strong></span> 
     </span>
    </p>
   </div>
   <div class='ocr_carea' id='block_1_5' title="bbox 2325 426 3873 525">
    <p class='ocr_par' dir='ltr' id='par_1_5' title="bbox 2382 426 3873 500">
     <span class='ocr_line' id='line_1_5' title="bbox 2382 426 3873 500; baseline -0.003 -16"><span class='ocrx_word' id='word_1_15' title='bbox 2382 429 2594 494; x_wconf 62' lang='grc' dir='ltr'><strong>Οὐκοῦν</strong></span> <span class='ocrx_word' id='word_1_16' title='bbox 2625 429 2855 500; x_wconf 84' lang='grc' dir='ltr'><strong>εἴπομεν</strong></span> <span class='ocrx_word' id='word_1_17' title='bbox 2873 427 2968 482; x_wconf 77' lang='grc' dir='ltr'><strong>καὶ</strong></span> <span class='ocrx_word' id='word_1_18' title='bbox 2995 426 3092 496; x_wconf 73' lang='grc' dir='ltr'><strong>τὴν</strong></span> <span class='ocrx_word' id='word_1_19' title='bbox 3104 427 3454 495; x_wconf 79' lang='grc' dir='ltr'><strong>ἀναγωγικήν</strong></span> <span class='ocrx_word' id='word_1_20' title='bbox 3478 441 3540 477; x_wconf 82' lang='grc' dir='ltr'><strong>τε</strong></span> <span class='ocrx_word' id='word_1_21' title='bbox 3573 427 3873 497; x_wconf 68' lang='grc' dir='ltr'><strong>καὶνοητήν.</strong></span> 
     </span>
    </p>
   </div>
   <div class='ocr_carea' id='block_1_6' title="bbox 641 530 2213 619">
    <p class='ocr_par' dir='ltr' id='par_1_6' title="bbox 641 530 2213 619">
     <span class='ocr_line' id='line_1_6' title="bbox 641 530 2213 619; baseline -0.011 -18"><span class='ocrx_word' id='word_1_22' title='bbox 641 561 747 612; x_wconf 76' lang='lat' dir='ltr'><strong>est,</strong></span> <span class='ocrx_word' id='word_1_23' title='bbox 768 550 876 619; x_wconf 79' lang='lat' dir='ltr'><strong>jam</strong></span> <span class='ocrx_word' id='word_1_24' title='bbox 902 559 1265 614; x_wconf 76' lang='lat' dir='ltr'><strong>exponamus.</strong></span> <span class='ocrx_word' id='word_1_25' title='bbox 1290 541 1633 596; x_wconf 77' lang='lat' dir='ltr'><strong>Denuntians</strong></span> <span class='ocrx_word' id='word_1_26' title='bbox 1660 539 1830 600; x_wconf 87' lang='lat' dir='ltr'><strong>enim,</strong></span> <span class='ocrx_word' id='word_1_27' title='bbox 1863 550 1930 588; x_wconf 91' lang='lat' dir='ltr'><strong>ne</strong></span> <span class='ocrx_word' id='word_1_28' title='bbox 1955 536 2079 603; x_wconf 72' lang='lat' dir='ltr'><strong>quis</strong></span> <span class='ocrx_word' id='word_1_29' title='bbox 2103 530 2213 599; x_wconf 81' lang='lat' dir='ltr'><strong>regi</strong></span> 
     </span>
    </p>
   </div>
   <div class='ocr_carea' id='block_1_7' title="bbox 642 623 2218 704">
    <p class='ocr_par' dir='ltr' id='par_1_7' title="bbox 642 623 2218 704">
     <span class='ocr_line' id='line_1_7' title="bbox 642 623 2218 704; baseline -0.013 -8"><span class='ocrx_word' id='word_1_30' title='bbox 642 652 736 697; x_wconf 88' lang='lat' dir='ltr'><strong>aut</strong></span> <span class='ocrx_word' id='word_1_31' title='bbox 774 638 928 694; x_wconf 73' lang='lat' dir='ltr'><strong>diviti</strong></span> <span class='ocrx_word' id='word_1_32' title='bbox 981 636 1334 704; x_wconf 71' lang='lat' dir='ltr'><strong>imprecetur,</strong></span> <span class='ocrx_word' id='word_1_33' title='bbox 1393 633 1553 702; x_wconf 74' lang='lat'><strong>257</strong></span> <span class='ocrx_word' id='word_1_34' title='bbox 1605 629 1889 686; x_wconf 77' lang='lat' dir='ltr'><strong>Christum</strong></span> <span class='ocrx_word' id='word_1_35' title='bbox 1947 623 2218 692; x_wconf 77' lang='lat' dir='ltr'><strong>significat</strong></span> 
     </span>
    </p>
   </div>
   <div class='ocr_carea' id='block_1_8' title="bbox 644 712 2219 793">
    <p class='ocr_par' dir='ltr' id='par_1_8' title="bbox 644 712 2219 793">
     <span class='ocr_line' id='line_1_8' title="bbox 644 712 2219 793; baseline -0.013 -11"><span class='ocrx_word' id='word_1_36' title='bbox 644 729 814 782; x_wconf 92' lang='lat' dir='ltr'><strong>Deum</strong></span> <span class='ocrx_word' id='word_1_37' title='bbox 851 724 1092 780; x_wconf 83' lang='lat' dir='ltr'><strong>universi</strong></span> <span class='ocrx_word' id='word_1_38' title='bbox 1137 739 1200 778; x_wconf 88' lang='lat' dir='ltr'><strong>ac</strong></span> <span class='ocrx_word' id='word_1_39' title='bbox 1233 737 1414 793; x_wconf 85' lang='lat' dir='ltr'><strong>regem</strong></span> <span class='ocrx_word' id='word_1_40' title='bbox 1454 721 1660 790; x_wconf 66' lang='lat' dir='ltr'><strong>gloriae,</strong></span> <span class='ocrx_word' id='word_1_41' title='bbox 1695 733 1857 788; x_wconf 86' lang='lat' dir='ltr'><strong>quem</strong></span> <span class='ocrx_word' id='word_1_42' title='bbox 1885 712 2219 781; x_wconf 87' lang='lat' dir='ltr'><strong>compellans</strong></span> 
     </span>
    </p>
   </div>
   <div class='ocr_carea' id='block_1_9' title="bbox 643 802 2217 884">
    <p class='ocr_par' dir='ltr' id='par_1_9' title="bbox 643 802 2217 884">
     <span class='ocr_line' id='line_1_9' title="bbox 643 802 2217 884; baseline -0.013 -13"><span class='ocrx_word' id='word_1_43' title='bbox 643 815 914 884; x_wconf 74' lang='lat' dir='ltr'><strong>Propheta</strong></span> <span class='ocrx_word' id='word_1_44' title='bbox 937 813 1116 867; x_wconf 81' lang='lat' dir='ltr'><strong>dixit:</strong></span> <span class='ocrx_word' id='word_1_45' title='bbox 1154 828 1173 862; x_wconf 78' lang='grc' dir='ltr'><strong>ι</strong></span> <span class='ocrx_word' id='word_1_46' title='bbox 1210 809 1457 881; x_wconf 78' lang='lat' dir='ltr'><strong>Regnum</strong></span> <span class='ocrx_word' id='word_1_47' title='bbox 1507 818 1660 863; x_wconf 91' lang='lat' dir='ltr'><strong>tuum</strong></span> <span class='ocrx_word' id='word_1_48' title='bbox 1699 820 1923 876; x_wconf 87' lang='lat' dir='ltr'><strong>regnum</strong></span> <span class='ocrx_word' id='word_1_49' title='bbox 1973 802 2217 856; x_wconf 88' lang='lat' dir='ltr'><strong>omnium</strong></span> 
     </span>
    </p>
   </div>
   <div class='ocr_carea' id='block_1_10' title="bbox 648 894 2221 968">
    <p class='ocr_par' dir='ltr' id='par_1_10' title="bbox 648 894 2221 968">
     <span class='ocr_line' id='line_1_10' title="bbox 648 894 2221 968; baseline -0.012 -4"><span class='ocrx_word' id='word_1_50' title='bbox 648 906 1001 968; x_wconf 59' lang='lat' dir='ltr'><strong>saeculorum,</strong></span> <span class='ocrx_word' id='word_1_51' title='bbox 1037 912 1093 958; x_wconf 89' lang='lat' dir='ltr'><strong>et</strong></span> <span class='ocrx_word' id='word_1_52' title='bbox 1124 902 1428 958; x_wconf 83' lang='lat' dir='ltr'><strong>dominatio</strong></span> <span class='ocrx_word' id='word_1_53' title='bbox 1465 911 1556 955; x_wconf 88' lang='lat' dir='ltr'><strong>tua</strong></span> <span class='ocrx_word' id='word_1_54' title='bbox 1593 901 1646 954; x_wconf 93' lang='lat' dir='ltr'><strong>in</strong></span> <span class='ocrx_word' id='word_1_55' title='bbox 1685 897 1832 953; x_wconf 89' lang='lat' dir='ltr'><strong>omni</strong></span> <span class='ocrx_word' id='word_1_56' title='bbox 1873 894 2221 967; x_wconf 77' lang='lat' dir='ltr'><strong>generatione</strong></span> 
     </span>
    </p>
   </div>
   <div class='ocr_carea' id='block_1_11' title="bbox 647 991 2223 1068">
    <p class='ocr_par' dir='ltr' id='par_1_11' title="bbox 647 991 2223 1068">
     <span class='ocr_line' id='line_1_11' title="bbox 647 991 2223 1068; baseline -0.011 -15"><span class='ocrx_word' id='word_1_57' title='bbox 647 1007 704 1053; x_wconf 82' lang='lat' dir='ltr'><strong>et</strong></span> <span class='ocrx_word' id='word_1_58' title='bbox 731 995 1079 1068; x_wconf 77' lang='lat' dir='ltr'><strong>generatione</strong></span> <span class='ocrx_word' id='word_1_59' title='bbox 1109 994 1174 1050; x_wconf 74' lang='lat'><strong>&quot;.</strong></span> <span class='ocrx_word' id='word_1_60' title='bbox 1215 1014 1232 1047; x_wconf 78' lang='grc' dir='ltr'><strong>ι</strong></span> <span class='ocrx_word' id='word_1_61' title='bbox 1274 992 1399 1048; x_wconf 85' lang='lat' dir='ltr'><strong>Fuit</strong></span> <span class='ocrx_word' id='word_1_62' title='bbox 1429 993 1575 1047; x_wconf 88' lang='lat' dir='ltr'><strong>enim</strong></span> <span class='ocrx_word' id='word_1_63' title='bbox 1601 991 1783 1061; x_wconf 89' lang='lat' dir='ltr'><strong>quoad</strong></span> <span class='ocrx_word' id='word_1_64' title='bbox 1813 999 2100 1054; x_wconf 89' lang='lat' dir='ltr'><strong>utramque</strong></span> <span class='ocrx_word' id='word_1_65' title='bbox 2127 999 2223 1036; x_wconf 82' lang='lat' dir='ltr'><strong>na-</strong></span> 
     </span>
    </p>
   </div>
   <div class='ocr_carea' id='block_1_12' title="bbox 647 1080 2222 1150">
    <p class='ocr_par' dir='ltr' id='par_1_12' title="bbox 647 1080 2222 1150">
     <span class='ocr_line' id='line_1_12' title="bbox 647 1080 2222 1150; baseline -0.01 -6"><span class='ocrx_word' id='word_1_66' title='bbox 647 1099 826 1150; x_wconf 80' lang='lat' dir='ltr'><strong>turam</strong></span> <span class='ocrx_word' id='word_1_67' title='bbox 859 1096 914 1143; x_wconf 83' lang='lat' dir='ltr'><strong>et</strong></span> <span class='ocrx_word' id='word_1_68' title='bbox 958 1102 1052 1141; x_wconf 79' lang='lat' dir='ltr'><strong>rex</strong></span> <span class='ocrx_word' id='word_1_69' title='bbox 1091 1095 1146 1142; x_wconf 88' lang='lat' dir='ltr'><strong>et</strong></span> <span class='ocrx_word' id='word_1_70' title='bbox 1183 1086 1334 1141; x_wconf 82' lang='lat' dir='ltr'><strong>dives</strong></span> <span class='ocrx_word' id='word_1_71' title='bbox 1372 1101 1559 1139; x_wconf 79' lang='lat' dir='ltr'><strong>revera</strong></span> <span class='ocrx_word' id='word_1_72' title='bbox 1611 1084 1726 1138; x_wconf 86' lang='lat' dir='ltr'><strong>sive</strong></span> <span class='ocrx_word' id='word_1_73' title='bbox 1767 1080 2029 1133; x_wconf 85' lang='lat' dir='ltr'><strong>Dominus</strong></span> <span class='ocrx_word' id='word_1_74' title='bbox 2060 1095 2072 1130; x_wconf 96' lang='lat'><strong>:</strong></span> <span class='ocrx_word' id='word_1_75' title='bbox 2105 1084 2222 1129; x_wconf 87' lang='lat' dir='ltr'><strong>tan-</strong></span> 
     </span>
    </p>
   </div>
   <div class='ocr_carea' id='block_1_13' title="bbox 648 1169 2221 1249">
    <p class='ocr_par' dir='ltr' id='par_1_13' title="bbox 648 1169 2221 1249">
     <span class='ocr_line' id='line_1_13' title="bbox 648 1169 2221 1249; baseline -0.01 -16"><span class='ocrx_word' id='word_1_76' title='bbox 648 1194 813 1249; x_wconf 87' lang='lat' dir='ltr'><strong>quam</strong></span> <span class='ocrx_word' id='word_1_77' title='bbox 847 1177 1100 1247; x_wconf 86' lang='lat' dir='ltr'><strong>princeps</strong></span> <span class='ocrx_word' id='word_1_78' title='bbox 1129 1175 1281 1245; x_wconf 88' lang='lat' dir='ltr'><strong>pacis</strong></span> <span class='ocrx_word' id='word_1_79' title='bbox 1308 1185 1356 1230; x_wconf 77' lang='grc' dir='ltr'><strong>οι</strong></span> <span class='ocrx_word' id='word_1_80' title='bbox 1392 1174 1530 1242; x_wconf 81' lang='lat' dir='ltr'><strong>regis</strong></span> <span class='ocrx_word' id='word_1_81' title='bbox 1558 1172 1729 1226; x_wconf 76' lang='lat' dir='ltr'><strong>Filius</strong></span> <span class='ocrx_word' id='word_1_82' title='bbox 1764 1169 2074 1239; x_wconf 85' lang='lat' dir='ltr'><strong>unigenitus</strong></span> <span class='ocrx_word' id='word_1_83' title='bbox 2099 1180 2221 1219; x_wconf 86' lang='lat' dir='ltr'><strong>om-</strong></span> 
     </span>
    </p>
   </div>
   <div class='ocr_carea' id='block_1_14' title="bbox 649 1264 2225 1339">
    <p class='ocr_par' dir='ltr' id='par_1_14' title="bbox 649 1264 2225 1339">
     <span class='ocr_line' id='line_1_14' title="bbox 649 1264 2225 1339; baseline -0.01 -13"><span class='ocrx_word' id='word_1_84' title='bbox 649 1268 950 1339; x_wconf 88' lang='lat' dir='ltr'><strong>nipotentis</strong></span> <span class='ocrx_word' id='word_1_85' title='bbox 998 1267 1092 1320; x_wconf 78' lang='lat' dir='ltr'><strong>Dei</strong></span> <span class='ocrx_word' id='word_1_86' title='bbox 1147 1266 1342 1331; x_wconf 73' lang='lat' dir='ltr'><strong>Patris,</strong></span> <span class='ocrx_word' id='word_1_87' title='bbox 1393 1281 1500 1334; x_wconf 90' lang='lat' dir='ltr'><strong>qua</strong></span> <span class='ocrx_word' id='word_1_88' title='bbox 1554 1264 1694 1318; x_wconf 88' lang='lat' dir='ltr'><strong>Deus</strong></span> <span class='ocrx_word' id='word_1_89' title='bbox 1743 1269 1936 1315; x_wconf 90' lang='lat' dir='ltr'><strong>natura</strong></span> <span class='ocrx_word' id='word_1_90' title='bbox 1983 1267 2106 1322; x_wconf 88' lang='lat' dir='ltr'><strong>est;</strong></span> <span class='ocrx_word' id='word_1_91' title='bbox 2160 1271 2225 1310; x_wconf 90' lang='lat' dir='ltr'><strong>ac</strong></span> 
     </span>
    </p>
   </div>
   <div class='ocr_carea' id='block_1_15' title="bbox 650 1352 2224 1430">
    <p class='ocr_par' dir='ltr' id='par_1_15' title="bbox 650 1352 2224 1430">
     <span class='ocr_line' id='line_1_15' title="bbox 650 1352 2224 1430; baseline -0.008 -16"><span class='ocrx_word' id='word_1_92' title='bbox 650 1368 912 1430; x_wconf 62' lang='lat' dir='ltr'><strong>praterea</strong></span> <span class='ocrx_word' id='word_1_93' title='bbox 945 1373 1039 1427; x_wconf 89' lang='lat' dir='ltr'><strong>per</strong></span> <span class='ocrx_word' id='word_1_94' title='bbox 1073 1357 1326 1411; x_wconf 72' lang='lat' dir='ltr'><strong>humana:</strong></span> <span class='ocrx_word' id='word_1_95' title='bbox 1372 1367 1582 1409; x_wconf 74' lang='lat' dir='ltr'><strong>natura:</strong></span> <span class='ocrx_word' id='word_1_96' title='bbox 1616 1352 2072 1420; x_wconf 89' lang='lat' dir='ltr'><strong>assumptionem,</strong></span> <span class='ocrx_word' id='word_1_97' title='bbox 2106 1357 2224 1402; x_wconf 90' lang='lat' dir='ltr'><strong>tan-</strong></span> 
     </span>
    </p>
   </div>
   <div class='ocr_carea' id='block_1_16' title="bbox 611 1437 2225 1519">
    <p class='ocr_par' dir='ltr' id='par_1_16' title="bbox 611 1437 2225 1519">
     <span class='ocr_line' id='line_1_16' title="bbox 611 1437 2225 1519; baseline -0.009 -15"><span class='ocrx_word' id='word_1_98' title='bbox 611 1437 616 1440; x_wconf 51' lang='grc'><em>’</em></span> <span class='ocrx_word' id='word_1_99' title='bbox 651 1464 816 1519; x_wconf 84' lang='lat' dir='ltr'><strong>quam</strong></span> <span class='ocrx_word' id='word_1_100' title='bbox 849 1447 991 1500; x_wconf 91' lang='lat' dir='ltr'><strong>ﬁlius</strong></span> <span class='ocrx_word' id='word_1_101' title='bbox 1021 1447 1187 1515; x_wconf 85' lang='lat' dir='ltr'><strong>regis,</strong></span> <span class='ocrx_word' id='word_1_102' title='bbox 1222 1459 1416 1512; x_wconf 87' lang='lat' dir='ltr'><strong>nempe</strong></span> <span class='ocrx_word' id='word_1_103' title='bbox 1449 1443 1638 1505; x_wconf 86' lang='lat' dir='ltr'><strong>David,</strong></span> <span class='ocrx_word' id='word_1_104' title='bbox 1678 1438 2138 1510; x_wconf 83' lang='lat' dir='ltr'><strong>quemadmodum</strong></span> <span class='ocrx_word' id='word_1_105' title='bbox 2173 1446 2225 1490; x_wconf 82' lang='lat' dir='ltr'><strong>et</strong></span> 
     </span>
    </p>
   </div>
   <div class='ocr_carea' id='block_1_17' title="bbox 653 1531 2227 1608">
    <p class='ocr_par' dir='ltr' id='par_1_17' title="bbox 653 1531 2227 1608">
     <span class='ocr_line' id='line_1_17' title="bbox 653 1531 2227 1608; baseline -0.008 -14"><span class='ocrx_word' id='word_1_106' title='bbox 653 1540 708 1594; x_wconf 87' lang='lat' dir='ltr'><strong>in</strong></span> <span class='ocrx_word' id='word_1_107' title='bbox 747 1538 1053 1608; x_wconf 86' lang='lat' dir='ltr'><strong>Evangeliis</strong></span> <span class='ocrx_word' id='word_1_108' title='bbox 1101 1538 1365 1606; x_wconf 90' lang='lat' dir='ltr'><strong>scriptum</strong></span> <span class='ocrx_word' id='word_1_109' title='bbox 1413 1543 1532 1596; x_wconf 89' lang='lat' dir='ltr'><strong>est,</strong></span> <span class='ocrx_word' id='word_1_110' title='bbox 1574 1534 1789 1587; x_wconf 77' lang='lat' dir='ltr'><strong>Judzeos</strong></span> <span class='ocrx_word' id='word_1_111' title='bbox 1844 1532 1945 1601; x_wconf 93' lang='lat' dir='ltr'><strong>ipsi</strong></span> <span class='ocrx_word' id='word_1_112' title='bbox 1993 1531 2227 1584; x_wconf 83' lang='lat' dir='ltr'><strong>interro-</strong></span> 
     </span>
    </p>
   </div>
   <div class='ocr_carea' id='block_1_18' title="bbox 654 1621 2224 1700">
    <p class='ocr_par' dir='ltr' id='par_1_18' title="bbox 654 1621 2224 1700">
     <span class='ocr_line' id='line_1_18' title="bbox 654 1621 2224 1700; baseline -0.008 -16"><span class='ocrx_word' id='word_1_113' title='bbox 654 1629 824 1700; x_wconf 84' lang='lat' dir='ltr'><strong>ganti,</strong></span> <span class='ocrx_word' id='word_1_114' title='bbox 874 1628 1032 1697; x_wconf 87' lang='lat' dir='ltr'><strong>cujus</strong></span> <span class='ocrx_word' id='word_1_115' title='bbox 1069 1627 1211 1681; x_wconf 89' lang='lat' dir='ltr'><strong>ﬁlius</strong></span> <span class='ocrx_word' id='word_1_116' title='bbox 1247 1633 1430 1687; x_wconf 89' lang='lat' dir='ltr'><strong>esset,</strong></span> <span class='ocrx_word' id='word_1_117' title='bbox 1467 1625 1690 1686; x_wconf 77' lang='lat' dir='ltr'><strong>dixisse,</strong></span> <span class='ocrx_word' id='word_1_118' title='bbox 1729 1624 1917 1692; x_wconf 89' lang='lat' dir='ltr'><strong>utique</strong></span> <span class='ocrx_word' id='word_1_119' title='bbox 1962 1621 2224 1674; x_wconf 79' lang='lat' dir='ltr'><strong>Davidis:</strong></span> 
     </span>
    </p>
   </div>
   <div class='ocr_carea' id='block_1_19' title="bbox 2319 517 3872 592">
    <p class='ocr_par' dir='ltr' id='par_1_19' title="bbox 2319 517 3872 592">
     <span class='ocr_line' id='line_1_19' title="bbox 2319 517 3872 592; baseline -0.006 -18"><span class='ocrx_word' id='word_1_120' title='bbox 2319 521 2551 575; x_wconf 80' lang='grc' dir='ltr'>Βασιλέα</span> <span class='ocrx_word' id='word_1_121' title='bbox 2565 521 2675 592; x_wconf 80' lang='grc' dir='ltr'><strong>γὰρ</strong></span> <span class='ocrx_word' id='word_1_122' title='bbox 2701 522 2776 592; x_wconf 76' lang='grc' dir='ltr'><strong>μὴ</strong></span> <span class='ocrx_word' id='word_1_123' title='bbox 2798 519 3142 589; x_wconf 73' lang='grc' dir='ltr'><strong>καταρᾶσθαι</strong></span> <span class='ocrx_word' id='word_1_124' title='bbox 3163 519 3298 587; x_wconf 87' lang='grc' dir='ltr'><strong>μήτε</strong></span> <span class='ocrx_word' id='word_1_125' title='bbox 3331 517 3586 568; x_wconf 72' lang='grc' dir='ltr'><strong>πλούσιον</strong></span> <span class='ocrx_word' id='word_1_126' title='bbox 3607 523 3872 588; x_wconf 80' lang='grc' dir='ltr'><strong>καταγγὲλ.</strong></span> 
     </span>
    </p>
   </div>
   <div class='ocr_carea' id='block_1_20' title="bbox 2317 609 3873 682">
    <p class='ocr_par' dir='ltr' id='par_1_20' title="bbox 2317 609 3873 682">
     <span class='ocr_line' id='line_1_20' title="bbox 2317 609 3873 682; baseline -0.003 -15"><span class='ocrx_word' id='word_1_127' title='bbox 2317 618 2442 677; x_wconf 77' lang='grc' dir='ltr'><strong>λων,</strong></span> <span class='ocrx_word' id='word_1_128' title='bbox 2489 613 2581 667; x_wconf 83' lang='grc' dir='ltr'><strong>τὸν</strong></span> <span class='ocrx_word' id='word_1_129' title='bbox 2611 613 2847 682; x_wconf 79' lang='grc' dir='ltr'><strong>Χριστὸν</strong></span> <span class='ocrx_word' id='word_1_130' title='bbox 2874 612 3175 664; x_wconf 70' lang='grc' dir='ltr'><strong>αἰνίττεται</strong></span> <span class='ocrx_word' id='word_1_131' title='bbox 3207 611 3303 662; x_wconf 75' lang='grc' dir='ltr'><strong>καὶ</strong></span> <span class='ocrx_word' id='word_1_132' title='bbox 3328 609 3460 660; x_wconf 80' lang='grc' dir='ltr'><strong>Θεὸν</strong></span> <span class='ocrx_word' id='word_1_133' title='bbox 3483 609 3597 660; x_wconf 84' lang='grc' dir='ltr'><strong>τῶν</strong></span> <span class='ocrx_word' id='word_1_134' title='bbox 3629 610 3757 663; x_wconf 72' lang='grc' dir='ltr'><strong>ὅλων</strong></span> <span class='ocrx_word' id='word_1_135' title='bbox 3798 617 3873 666; x_wconf 73' lang='lat' dir='ltr'><strong>ut</strong></span> 
     </span>
    </p>
   </div>
   <div class='ocr_carea' id='block_1_21' title="bbox 2319 702 3872 776">
    <p class='ocr_par' dir='ltr' id='par_1_21' title="bbox 2319 702 3872 776">
     <span class='ocr_line' id='line_1_21' title="bbox 2319 702 3872 776; baseline -0.001 -18"><span class='ocrx_word' id='word_1_136' title='bbox 2319 706 2540 776; x_wconf 79' lang='grc' dir='ltr'><strong>βασιλέα</strong></span> <span class='ocrx_word' id='word_1_137' title='bbox 2560 708 2659 775; x_wconf 84' lang='grc' dir='ltr'><strong>τῆς</strong></span> <span class='ocrx_word' id='word_1_138' title='bbox 2696 704 2876 775; x_wconf 77' lang='grc' dir='ltr'><strong>δόξης,</strong></span> <span class='ocrx_word' id='word_1_139' title='bbox 2911 704 3046 774; x_wconf 82' lang='grc' dir='ltr'><strong>πρὸς</strong></span> <span class='ocrx_word' id='word_1_140' title='bbox 3073 703 3131 755; x_wconf 86' lang='grc' dir='ltr'><strong>ὃν</strong></span> <span class='ocrx_word' id='word_1_141' title='bbox 3164 719 3326 772; x_wconf 77' lang='grc' dir='ltr'><strong>φησιν</strong></span> <span class='ocrx_word' id='word_1_142' title='bbox 3352 703 3382 754; x_wconf 82' lang='grc' dir='ltr'><strong>ὁ</strong></span> <span class='ocrx_word' id='word_1_143' title='bbox 3422 702 3736 772; x_wconf 74' lang='grc' dir='ltr'><strong>Προφήτης,</strong></span> <span class='ocrx_word' id='word_1_144' title='bbox 3769 722 3786 756; x_wconf 81' lang='grc' dir='ltr'><strong>ι</strong></span> <span class='ocrx_word' id='word_1_145' title='bbox 3823 706 3872 759; x_wconf 83' lang='lat' dir='ltr'><strong>&#39;ll</strong></span> 
     </span>
    </p>
   </div>
   <div class='ocr_carea' id='block_1_22' title="bbox 2323 794 3871 868">
    <p class='ocr_par' dir='ltr' id='par_1_22' title="bbox 2323 794 3871 868">
     <span class='ocr_line' id='line_1_22' title="bbox 2323 794 3871 868; baseline -0.002 -17"><span class='ocrx_word' id='word_1_146' title='bbox 2323 799 2573 868; x_wconf 83' lang='grc' dir='ltr'><strong>βασιλεία</strong></span> <span class='ocrx_word' id='word_1_147' title='bbox 2603 815 2697 851; x_wconf 93' lang='grc' dir='ltr'><strong>σου</strong></span> <span class='ocrx_word' id='word_1_148' title='bbox 2729 796 2977 867; x_wconf 80' lang='grc' dir='ltr'><strong>βασιλεία</strong></span> <span class='ocrx_word' id='word_1_149' title='bbox 3023 796 3243 849; x_wconf 85' lang='grc' dir='ltr'><strong>πάντων</strong></span> <span class='ocrx_word' id='word_1_150' title='bbox 3293 794 3402 846; x_wconf 87' lang='grc' dir='ltr'><strong>τῶν</strong></span> <span class='ocrx_word' id='word_1_151' title='bbox 3435 794 3676 858; x_wconf 85' lang='grc' dir='ltr'><strong>αίὼνων,</strong></span> <span class='ocrx_word' id='word_1_152' title='bbox 3727 799 3810 848; x_wconf 79' lang='grc' dir='ltr'><strong>καὶ</strong></span> <span class='ocrx_word' id='word_1_153' title='bbox 3845 802 3871 868; x_wconf 83' lang='grc' dir='ltr'><strong>ἡ</strong></span> 
     </span>
    </p>
   </div>
   <div class='ocr_carea' id='block_1_23' title="bbox 2320 888 3871 962">
    <p class='ocr_par' dir='ltr' id='par_1_23' title="bbox 2320 888 3871 962">
     <span class='ocr_line' id='line_1_23' title="bbox 2320 888 3871 962; baseline -0.002 -16"><span class='ocrx_word' id='word_1_154' title='bbox 2320 893 2609 946; x_wconf 79' lang='grc' dir='ltr'><strong>δεσποτεία</strong></span> <span class='ocrx_word' id='word_1_155' title='bbox 2635 909 2729 945; x_wconf 94' lang='grc' dir='ltr'><strong>σου</strong></span> <span class='ocrx_word' id='word_1_156' title='bbox 2761 893 2820 944; x_wconf 79' lang='grc' dir='ltr'><strong>ὲν</strong></span> <span class='ocrx_word' id='word_1_157' title='bbox 2857 890 3009 962; x_wconf 82' lang='grc' dir='ltr'><strong>πάσῃ</strong></span> <span class='ocrx_word' id='word_1_158' title='bbox 3057 889 3222 959; x_wconf 81' lang='grc' dir='ltr'><strong>γενεᾷ</strong></span> <span class='ocrx_word' id='word_1_159' title='bbox 3261 888 3357 941; x_wconf 72' lang='grc' dir='ltr'><strong>καὶ</strong></span> <span class='ocrx_word' id='word_1_160' title='bbox 3397 888 3587 957; x_wconf 83' lang='grc' dir='ltr'><strong>γενεᾷ.</strong></span> <span class='ocrx_word' id='word_1_161' title='bbox 3632 905 3650 937; x_wconf 74' lang='grc' dir='ltr'><strong>ι</strong></span> <span class='ocrx_word' id='word_1_162' title='bbox 3693 888 3871 956; x_wconf 61' lang='lat' dir='ltr'><strong>[lipara</strong></span> 
     </span>
    </p>
   </div>
   <div class='ocr_carea' id='block_1_24' title="bbox 2322 976 3871 1056">
    <p class='ocr_par' dir='ltr' id='par_1_24' title="bbox 2322 976 3871 1056">
     <span class='ocr_line' id='line_1_24' title="bbox 2322 976 3871 1056; baseline -0.005 -18"><span class='ocrx_word' id='word_1_163' title='bbox 2322 986 2430 1056; x_wconf 83' lang='grc' dir='ltr'><strong>γὰρ</strong></span> <span class='ocrx_word' id='word_1_164' title='bbox 2463 984 2580 1037; x_wconf 81' lang='grc' dir='ltr'><strong>καθ’</strong></span> <span class='ocrx_word' id='word_1_165' title='bbox 2600 983 2868 1052; x_wconf 81' lang='grc' dir='ltr'><strong>ἑκατέραν</strong></span> <span class='ocrx_word' id='word_1_166' title='bbox 2900 981 3086 1034; x_wconf 78' lang='grc' dir='ltr'><strong>οὐσίαν</strong></span> <span class='ocrx_word' id='word_1_167' title='bbox 3119 980 3215 1032; x_wconf 65' lang='grc' dir='ltr'><strong>καὶ</strong></span> <span class='ocrx_word' id='word_1_168' title='bbox 3248 977 3504 1048; x_wconf 83' lang='grc' dir='ltr'><strong>βασιλεὺς</strong></span> <span class='ocrx_word' id='word_1_169' title='bbox 3529 977 3628 1028; x_wconf 75' lang='grc' dir='ltr'><strong>καὶ</strong></span> <span class='ocrx_word' id='word_1_170' title='bbox 3659 976 3871 1042; x_wconf 73' lang='grc' dir='ltr'><strong>πλούσιος</strong></span> 
     </span>
    </p>
   </div>
   <div class='ocr_carea' id='block_1_25' title="bbox 2322 1067 3873 1145">
    <p class='ocr_par' dir='ltr' id='par_1_25' title="bbox 2322 1067 3873 1145">
     <span class='ocr_line' id='line_1_25' title="bbox 2322 1067 3873 1145; baseline -0.005 -17"><span class='ocrx_word' id='word_1_171' title='bbox 2322 1074 2538 1144; x_wconf 84' lang='grc' dir='ltr'><strong>ἀληθῶς</strong></span> <span class='ocrx_word' id='word_1_172' title='bbox 2590 1075 2709 1145; x_wconf 76' lang='grc' dir='ltr'><strong>ἦτοι</strong></span> <span class='ocrx_word' id='word_1_173' title='bbox 2736 1073 3003 1142; x_wconf 82' lang='grc' dir='ltr'><strong>δυνάστης</strong></span> <span class='ocrx_word' id='word_1_174' title='bbox 3023 1086 3037 1100; x_wconf 87' lang='grc'><strong>·</strong></span> <span class='ocrx_word' id='word_1_175' title='bbox 3070 1070 3145 1132; x_wconf 82' lang='grc' dir='ltr'><strong>ὡς</strong></span> <span class='ocrx_word' id='word_1_176' title='bbox 3176 1069 3359 1138; x_wconf 81' lang='grc' dir='ltr'><strong>ἄρχων</strong></span> <span class='ocrx_word' id='word_1_177' title='bbox 3414 1068 3515 1136; x_wconf 80' lang='grc' dir='ltr'><strong>τῆς</strong></span> <span class='ocrx_word' id='word_1_178' title='bbox 3549 1067 3760 1137; x_wconf 78' lang='grc' dir='ltr'><strong>εἰρήνης</strong></span> <span class='ocrx_word' id='word_1_179' title='bbox 3799 1071 3873 1120; x_wconf 72' lang='grc' dir='ltr'><strong>καὶ</strong></span> 
     </span>
    </p>
   </div>
   <div class='ocr_carea' id='block_1_26' title="bbox 2325 1142 3903 1238">
    <p class='ocr_par' dir='ltr' id='par_1_26' title="bbox 2325 1142 3903 1238">
     <span class='ocr_line' id='line_1_26' title="bbox 2325 1142 3903 1238; baseline -0.005 -19"><span class='ocrx_word' id='word_1_180' title='bbox 2325 1142 2586 1238; x_wconf 82' lang='grc' dir='ltr'><strong>βασιλέως</strong></span> <span class='ocrx_word' id='word_1_181' title='bbox 2611 1142 2725 1229; x_wconf 74' lang='grc' dir='ltr'><strong>υἱὸς</strong></span> <span class='ocrx_word' id='word_1_182' title='bbox 2757 1165 3051 1237; x_wconf 79' lang='grc' dir='ltr'><strong>μονογενὴς</strong></span> <span class='ocrx_word' id='word_1_183' title='bbox 3071 1161 3167 1215; x_wconf 81' lang='grc' dir='ltr'><strong>τοῦ</strong></span> <span class='ocrx_word' id='word_1_184' title='bbox 3194 1159 3637 1230; x_wconf 78' lang='grc' dir='ltr'><strong>παντοκράτορος</strong></span> <span class='ocrx_word' id='word_1_185' title='bbox 3665 1158 3785 1211; x_wconf 81' lang='grc' dir='ltr'><strong>Θεοῦ</strong></span> <span class='ocrx_word' id='word_1_186' title='bbox 3801 1165 3872 1212; x_wconf 76' lang='grc' dir='ltr'><strong>καὶ</strong></span> <span class='ocrx_word' id='word_1_187' title='bbox 3891 1142 3903 1156; x_wconf 41' lang='grc' dir='ltr'>δ</span> 
     </span>
    </p>
   </div>
   <div class='ocr_carea' id='block_1_27' title="bbox 2327 1250 3872 1330">
    <p class='ocr_par' dir='ltr' id='par_1_27' title="bbox 2327 1250 3872 1330">
     <span class='ocr_line' id='line_1_27' title="bbox 2327 1250 3872 1330; baseline -0.004 -19"><span class='ocrx_word' id='word_1_188' title='bbox 2327 1259 2559 1328; x_wconf 81' lang='grc' dir='ltr'><strong>ῐΙατρὸς,</strong></span> <span class='ocrx_word' id='word_1_189' title='bbox 2643 1257 2775 1319; x_wconf 86' lang='grc' dir='ltr'><strong>Θεός</strong></span> <span class='ocrx_word' id='word_1_190' title='bbox 2801 1259 2918 1310; x_wconf 75' lang='grc' dir='ltr'><strong>ἐστι</strong></span> <span class='ocrx_word' id='word_1_191' title='bbox 2946 1254 3069 1308; x_wconf 78' lang='grc' dir='ltr'><strong>κατ’</strong></span> <span class='ocrx_word' id='word_1_192' title='bbox 3098 1251 3398 1306; x_wconf 78' lang='grc' dir='ltr'><strong>οὐσίαν·ἒτι</strong></span> <span class='ocrx_word' id='word_1_193' title='bbox 3427 1267 3491 1317; x_wconf 90' lang='grc' dir='ltr'><strong>γε</strong></span> <span class='ocrx_word' id='word_1_194' title='bbox 3529 1250 3635 1319; x_wconf 79' lang='grc' dir='ltr'><strong>μὴν</strong></span> <span class='ocrx_word' id='word_1_195' title='bbox 3655 1252 3740 1303; x_wconf 80' lang='grc' dir='ltr'><strong>καὶ</strong></span> <span class='ocrx_word' id='word_1_196' title='bbox 3762 1255 3872 1305; x_wconf 67' lang='grc' dir='ltr'><strong>κατὰ</strong></span> 
     </span>
    </p>
   </div>
   <div class='ocr_carea' id='block_1_28' title="bbox 2325 1342 3873 1419">
    <p class='ocr_par' dir='ltr' id='par_1_28' title="bbox 2325 1342 3873 1419">
     <span class='ocr_line' id='line_1_28' title="bbox 2325 1342 3873 1419; baseline -0.005 -17"><span class='ocrx_word' id='word_1_197' title='bbox 2325 1350 2421 1419; x_wconf 73' lang='grc' dir='ltr'><strong>τὴν</strong></span> <span class='ocrx_word' id='word_1_198' title='bbox 2445 1347 2714 1419; x_wconf 77' lang='grc' dir='ltr'><strong>πρόληψιν</strong></span> <span class='ocrx_word' id='word_1_199' title='bbox 2739 1346 2840 1417; x_wconf 82' lang='grc' dir='ltr'><strong>τῆς</strong></span> <span class='ocrx_word' id='word_1_200' title='bbox 2863 1344 3216 1417; x_wconf 77' lang='grc' dir='ltr'><strong>ἀνθρωπίνης</strong></span> <span class='ocrx_word' id='word_1_201' title='bbox 3253 1343 3491 1412; x_wconf 84' lang='grc' dir='ltr'><strong>φύσεως,</strong></span> <span class='ocrx_word' id='word_1_202' title='bbox 3520 1342 3598 1404; x_wconf 83' lang='grc' dir='ltr'><strong>ὡς</strong></span> <span class='ocrx_word' id='word_1_203' title='bbox 3625 1342 3732 1403; x_wconf 79' lang='grc' dir='ltr'><strong>υίὸς</strong></span> <span class='ocrx_word' id='word_1_204' title='bbox 3750 1344 3873 1411; x_wconf 69' lang='grc' dir='ltr'><strong>βασι.</strong></span> 
     </span>
    </p>
   </div>
   <div class='ocr_carea' id='block_1_29' title="bbox 2325 1433 3873 1508">
    <p class='ocr_par' dir='ltr' id='par_1_29' title="bbox 2325 1433 3873 1508">
     <span class='ocr_line' id='line_1_29' title="bbox 2325 1433 3873 1508; baseline -0.005 -16"><span class='ocrx_word' id='word_1_205' title='bbox 2325 1442 2484 1503; x_wconf 80' lang='grc' dir='ltr'><strong>λέως,</strong></span> <span class='ocrx_word' id='word_1_206' title='bbox 2510 1438 2708 1508; x_wconf 82' lang='grc' dir='ltr'><strong>δηλαδὴ</strong></span> <span class='ocrx_word' id='word_1_207' title='bbox 2730 1439 2822 1490; x_wconf 78' lang='grc' dir='ltr'><strong>τοῦ</strong></span> <span class='ocrx_word' id='word_1_208' title='bbox 2852 1438 3036 1501; x_wconf 74' lang='grc' dir='ltr'><strong>Δαῦὶδ,</strong></span> <span class='ocrx_word' id='word_1_209' title='bbox 3089 1436 3272 1498; x_wconf 83' lang='grc' dir='ltr'><strong>καθὼς</strong></span> <span class='ocrx_word' id='word_1_210' title='bbox 3304 1437 3406 1487; x_wconf 90' lang='grc' dir='ltr'><strong>κάν</strong></span> <span class='ocrx_word' id='word_1_211' title='bbox 3427 1436 3540 1494; x_wconf 86' lang='grc' dir='ltr'><strong>τοῖς</strong></span> <span class='ocrx_word' id='word_1_212' title='bbox 3567 1433 3873 1499; x_wconf 72' lang='grc' dir='ltr'><strong>Εὑαγγεὶίοις</strong></span> 
     </span>
    </p>
   </div>
   <div class='ocr_carea' id='block_1_30' title="bbox 2325 1524 3875 1602">
    <p class='ocr_par' dir='ltr' id='par_1_30' title="bbox 2325 1524 3875 1602">
     <span class='ocr_line' id='line_1_30' title="bbox 2325 1524 3875 1602; baseline -0.007 -16"><span class='ocrx_word' id='word_1_213' title='bbox 2325 1535 2636 1602; x_wconf 88' lang='grc' dir='ltr'><strong>γέγραπται</strong></span> <span class='ocrx_word' id='word_1_214' title='bbox 2670 1531 2796 1590; x_wconf 76' lang='grc' dir='ltr'><strong>τοὺς</strong></span> <span class='ocrx_word' id='word_1_215' title='bbox 2837 1527 3125 1587; x_wconf 84' lang='grc' dir='ltr'><strong>Ἰουδαίου-ς</strong></span> <span class='ocrx_word' id='word_1_216' title='bbox 3151 1527 3321 1578; x_wconf 84' lang='grc' dir='ltr'><strong>είπεῖν</strong></span> <span class='ocrx_word' id='word_1_217' title='bbox 3347 1524 3489 1592; x_wconf 78' lang='grc' dir='ltr'><strong>πρὸς</strong></span> <span class='ocrx_word' id='word_1_218' title='bbox 3525 1525 3687 1577; x_wconf 79' lang='grc' dir='ltr'><strong>αὑτὸν</strong></span> <span class='ocrx_word' id='word_1_219' title='bbox 3708 1527 3875 1594; x_wconf 70' lang='grc' dir='ltr'><strong>ἐρωτή-</strong></span> 
     </span>
    </p>
   </div>
   <div class='ocr_carea' id='block_1_31' title="bbox 2329 1612 3868 1684">
    <p class='ocr_par' dir='ltr' id='par_1_31' title="bbox 2329 1612 3868 1684">
     <span class='ocr_line' id='line_1_31' title="bbox 2329 1612 3868 1684; baseline -0.006 -10"><span class='ocrx_word' id='word_1_220' title='bbox 2329 1639 2520 1684; x_wconf 80' lang='grc' dir='ltr'><strong>σαντα,</strong></span> <span class='ocrx_word' id='word_1_221' title='bbox 2552 1622 2695 1684; x_wconf 86' lang='grc' dir='ltr'><strong>τίνος</strong></span> <span class='ocrx_word' id='word_1_222' title='bbox 2735 1619 2848 1682; x_wconf 86' lang='grc' dir='ltr'><strong>υίός</strong></span> <span class='ocrx_word' id='word_1_223' title='bbox 2879 1622 3061 1684; x_wconf 58' lang='lat' dir='ltr'><strong>tactv;</strong></span> <span class='ocrx_word' id='word_1_224' title='bbox 3093 1619 3175 1671; x_wconf 86' lang='grc' dir='ltr'><strong>ὅτι</strong></span> <span class='ocrx_word' id='word_1_225' title='bbox 3197 1617 3301 1670; x_wconf 85' lang='grc' dir='ltr'><strong>τοῦ</strong></span> <span class='ocrx_word' id='word_1_226' title='bbox 3319 1615 3495 1668; x_wconf 82' lang='grc' dir='ltr'><strong>Δαϐίδ</strong></span> <span class='ocrx_word' id='word_1_227' title='bbox 3521 1631 3534 1644; x_wconf 89' lang='grc'><strong>·</strong></span> <span class='ocrx_word' id='word_1_228' title='bbox 3570 1612 3664 1667; x_wconf 72' lang='grc' dir='ltr'><strong>τοῦ</strong></span> <span class='ocrx_word' id='word_1_229' title='bbox 3683 1615 3733 1666; x_wconf 72' lang='grc' dir='ltr'><strong>δὲ</strong></span> <span class='ocrx_word' id='word_1_230' title='bbox 3759 1616 3868 1682; x_wconf 69' lang='grc' dir='ltr'><strong>πρὸς</strong></span> 
     </span>
    </p>
   </div>
   <div class='ocr_carea' id='block_1_32' title="bbox 657 1705 2232 1785">
    <p class='ocr_par' dir='ltr' id='par_1_32' title="bbox 657 1712 2226 1785">
     <span class='ocr_line' id='line_1_32' title="bbox 657 1712 2226 1785; baseline -0.006 -14"><span class='ocrx_word' id='word_1_231' title='bbox 657 1717 776 1784; x_wconf 87' lang='lat' dir='ltr'><strong>ipso</strong></span> <span class='ocrx_word' id='word_1_232' title='bbox 806 1716 1001 1770; x_wconf 86' lang='lat' dir='ltr'><strong>deinde</strong></span> <span class='ocrx_word' id='word_1_233' title='bbox 1030 1717 1337 1785; x_wconf 85' lang='lat' dir='ltr'><strong>objectante</strong></span> <span class='ocrx_word' id='word_1_234' title='bbox 1365 1714 1474 1767; x_wconf 88' lang='lat' dir='ltr'><strong>illis</strong></span> <span class='ocrx_word' id='word_1_235' title='bbox 1500 1729 1563 1768; x_wconf 88' lang='lat' dir='ltr'><strong>ac</strong></span> <span class='ocrx_word' id='word_1_236' title='bbox 1592 1715 1806 1768; x_wconf 85' lang='lat' dir='ltr'><strong>dicente</strong></span> <span class='ocrx_word' id='word_1_237' title='bbox 1835 1731 1848 1766; x_wconf 93' lang='lat'><strong>:</strong></span> <span class='ocrx_word' id='word_1_238' title='bbox 1883 1731 1900 1762; x_wconf 82' lang='grc' dir='ltr'><strong>ι</strong></span> <span class='ocrx_word' id='word_1_239' title='bbox 1941 1712 2226 1777; x_wconf 88' lang='lat' dir='ltr'><strong>Quomodo</strong></span> 
     </span>
    </p>
   </div>
   <div class='ocr_carea' id='block_1_33' title="bbox 2325 1705 3868 1785">
    <p class='ocr_par' dir='ltr' id='par_1_33' title="bbox 2328 1705 3868 1778">
     <span class='ocr_line' id='line_1_33' title="bbox 2328 1705 3868 1778; baseline -0.007 -11"><span class='ocrx_word' id='word_1_240' title='bbox 2328 1715 2524 1776; x_wconf 72' lang='grc' dir='ltr'><strong>αὐτοὺς</strong></span> <span class='ocrx_word' id='word_1_241' title='bbox 2577 1710 3069 1778; x_wconf 88' lang='grc' dir='ltr'><strong>ἀνθυπενεγκόντος</strong></span> <span class='ocrx_word' id='word_1_242' title='bbox 3122 1710 3218 1762; x_wconf 75' lang='grc' dir='ltr'><strong>καὶ</strong></span> <span class='ocrx_word' id='word_1_243' title='bbox 3255 1709 3554 1778; x_wconf 78' lang='grc' dir='ltr'><strong>φήσαντος,</strong></span> <span class='ocrx_word' id='word_1_244' title='bbox 3613 1726 3630 1758; x_wconf 85' lang='grc' dir='ltr'><strong>ι</strong></span> <span class='ocrx_word' id='word_1_245' title='bbox 3658 1705 3768 1769; x_wconf 85' lang='grc' dir='ltr'><strong>Πῶς</strong></span> <span class='ocrx_word' id='word_1_246' title='bbox 3795 1707 3868 1760; x_wconf 73' lang='grc' dir='ltr'><strong>οὖν</strong></span> 
     </span>
    </p>
   </div>
   <div class='ocr_carea' id='block_1_34' title="bbox 655 1782 2232 1876">
    <p class='ocr_par' dir='ltr' id='par_1_34' title="bbox 655 1782 2225 1876">
     <span class='ocr_line' id='line_1_34' title="bbox 655 1782 2225 1876; baseline -0.002 -15"><span class='ocrx_word' id='word_1_247' title='bbox 655 1782 786 1876; x_wconf 79' lang='lat' dir='ltr'><strong>ergo</strong></span> <span class='ocrx_word' id='word_1_248' title='bbox 812 1807 889 1860; x_wconf 88' lang='lat' dir='ltr'><strong>ait</strong></span> <span class='ocrx_word' id='word_1_249' title='bbox 918 1782 1127 1860; x_wconf 77' lang='lat' dir='ltr'><strong>David:</strong></span> <span class='ocrx_word' id='word_1_250' title='bbox 1158 1805 1304 1859; x_wconf 84' lang='lat' dir='ltr'><strong>Dixit</strong></span> <span class='ocrx_word' id='word_1_251' title='bbox 1337 1804 1602 1859; x_wconf 90' lang='lat' dir='ltr'><strong>Dominus</strong></span> <span class='ocrx_word' id='word_1_252' title='bbox 1639 1803 1871 1858; x_wconf 90' lang='lat' dir='ltr'><strong>Domino</strong></span> <span class='ocrx_word' id='word_1_253' title='bbox 1899 1819 2052 1858; x_wconf 90' lang='lat' dir='ltr'><strong>meo:</strong></span> <span class='ocrx_word' id='word_1_254' title='bbox 2086 1802 2225 1858; x_wconf 87' lang='lat' dir='ltr'><strong>Sede</strong></span> 
     </span>
    </p>
   </div>
   <div class='ocr_carea' id='block_1_35' title="bbox 2325 1782 3876 1876">
    <p class='ocr_par' dir='ltr' id='par_1_35' title="bbox 2329 1797 3876 1876">
     <span class='ocr_line' id='line_1_35' title="bbox 2329 1797 3876 1876; baseline -0.006 -17"><span class='ocrx_word' id='word_1_255' title='bbox 2329 1807 2494 1876; x_wconf 80' lang='grc' dir='ltr'>φησὶν</span> <span class='ocrx_word' id='word_1_256' title='bbox 2514 1808 2542 1858; x_wconf 83' lang='grc' dir='ltr'>ὁ</span> <span class='ocrx_word' id='word_1_257' title='bbox 2569 1803 2754 1868; x_wconf 76' lang='grc' dir='ltr'><strong>Δασιδ,</strong></span> <span class='ocrx_word' id='word_1_258' title='bbox 2770 1822 2788 1855; x_wconf 80' lang='grc' dir='ltr'><strong>ι</strong></span> <span class='ocrx_word' id='word_1_259' title='bbox 2817 1797 2972 1855; x_wconf 81' lang='grc' dir='ltr'><strong>εἶπεν</strong></span> <span class='ocrx_word' id='word_1_260' title='bbox 2989 1803 3016 1854; x_wconf 89' lang='grc' dir='ltr'><strong>ὀ</strong></span> <span class='ocrx_word' id='word_1_261' title='bbox 3039 1800 3242 1870; x_wconf 83' lang='grc' dir='ltr'><strong>Κύριος</strong></span> <span class='ocrx_word' id='word_1_262' title='bbox 3263 1800 3340 1869; x_wconf 81' lang='grc' dir='ltr'><strong>τῷ</strong></span> <span class='ocrx_word' id='word_1_263' title='bbox 3365 1799 3555 1869; x_wconf 83' lang='grc' dir='ltr'><strong>Κυρίῳ</strong></span> <span class='ocrx_word' id='word_1_264' title='bbox 3585 1815 3703 1868; x_wconf 87' lang='grc' dir='ltr'><strong>μου,</strong></span> <span class='ocrx_word' id='word_1_265' title='bbox 3727 1799 3876 1851; x_wconf 74' lang='grc' dir='ltr'><strong>Κάθου</strong></span> 
     </span>
    </p>
   </div>
   <div class='ocr_carea' id='block_1_36' title="bbox 658 1894 2226 1964">
    <p class='ocr_par' dir='ltr' id='par_1_36' title="bbox 658 1894 2226 1964">
     <span class='ocr_line' id='line_1_36' title="bbox 658 1894 2226 1964; baseline -0.001 -14"><span class='ocrx_word' id='word_1_266' title='bbox 658 1911 689 1950; x_wconf 85' lang='lat' dir='ltr'><strong>a</strong></span> <span class='ocrx_word' id='word_1_267' title='bbox 718 1896 923 1951; x_wconf 81' lang='lat' dir='ltr'><strong>dextris</strong></span> <span class='ocrx_word' id='word_1_268' title='bbox 953 1896 1128 1950; x_wconf 82' lang='lat' dir='ltr'><strong>meis?</strong></span> <span class='ocrx_word' id='word_1_269' title='bbox 1159 1895 1213 1949; x_wconf 89' lang='lat' dir='ltr'><strong>Si</strong></span> <span class='ocrx_word' id='word_1_270' title='bbox 1246 1910 1376 1964; x_wconf 83' lang='lat' dir='ltr'><strong>ergo</strong></span> <span class='ocrx_word' id='word_1_271' title='bbox 1419 1895 1683 1949; x_wconf 88' lang='lat' dir='ltr'><strong>Dominus</strong></span> <span class='ocrx_word' id='word_1_272' title='bbox 1707 1894 1928 1949; x_wconf 89' lang='lat' dir='ltr'><strong>Davidis</strong></span> <span class='ocrx_word' id='word_1_273' title='bbox 1955 1904 2059 1961; x_wconf 88' lang='lat' dir='ltr'><strong>est,</strong></span> <span class='ocrx_word' id='word_1_274' title='bbox 2090 1910 2226 1964; x_wconf 87' lang='lat' dir='ltr'><strong>quo-</strong></span> 
     </span>
    </p>
   </div>
   <div class='ocr_carea' id='block_1_37' title="bbox 658 1981 2228 2054">
    <p class='ocr_par' dir='ltr' id='par_1_37' title="bbox 658 1981 2228 2054">
     <span class='ocr_line' id='line_1_37' title="bbox 658 1981 2228 2054; baseline -0.003 -15"><span class='ocrx_word' id='word_1_275' title='bbox 658 1986 822 2039; x_wconf 88' lang='lat' dir='ltr'><strong>modo</strong></span> <span class='ocrx_word' id='word_1_276' title='bbox 858 1995 909 2040; x_wconf 87' lang='lat' dir='ltr'><strong>et</strong></span> <span class='ocrx_word' id='word_1_277' title='bbox 947 1984 1091 2039; x_wconf 90' lang='lat' dir='ltr'><strong>ﬁlius</strong></span> <span class='ocrx_word' id='word_1_278' title='bbox 1125 1984 1244 2054; x_wconf 83' lang='lat' dir='ltr'><strong>ejus</strong></span> <span class='ocrx_word' id='word_1_279' title='bbox 1282 1981 1473 2038; x_wconf 76' lang='lat' dir='ltr'><strong>est“?</strong></span> <span class='ocrx_word' id='word_1_280' title='bbox 1509 2002 1526 2034; x_wconf 74' lang='grc' dir='ltr'><strong>ι</strong></span> <span class='ocrx_word' id='word_1_281' title='bbox 1570 1982 1691 2038; x_wconf 84' lang='lat' dir='ltr'><strong>Non</strong></span> <span class='ocrx_word' id='word_1_282' title='bbox 1733 1993 1789 2037; x_wconf 90' lang='lat' dir='ltr'><strong>ut</strong></span> <span class='ocrx_word' id='word_1_283' title='bbox 1823 1999 1882 2039; x_wconf 91' lang='lat' dir='ltr'><strong>se</strong></span> <span class='ocrx_word' id='word_1_284' title='bbox 1909 1984 2079 2038; x_wconf 89' lang='lat' dir='ltr'><strong>ﬁlium</strong></span> <span class='ocrx_word' id='word_1_285' title='bbox 2123 1983 2228 2035; x_wconf 86' lang='lat' dir='ltr'><strong>Da-</strong></span> 
     </span>
    </p>
   </div>
   <div class='ocr_carea' id='block_1_38' title="bbox 658 2073 2227 2144">
    <p class='ocr_par' dir='ltr' id='par_1_38' title="bbox 658 2073 2227 2144">
     <span class='ocr_line' id='line_1_38' title="bbox 658 2073 2227 2144; baseline -0.002 -16"><span class='ocrx_word' id='word_1_286' title='bbox 658 2074 801 2128; x_wconf 82' lang='lat' dir='ltr'><strong>vidis</strong></span> <span class='ocrx_word' id='word_1_287' title='bbox 849 2089 971 2129; x_wconf 90' lang='lat' dir='ltr'><strong>esse</strong></span> <span class='ocrx_word' id='word_1_288' title='bbox 1022 2074 1383 2136; x_wconf 89' lang='lat' dir='ltr'><strong>inﬁciaretur,</strong></span> <span class='ocrx_word' id='word_1_289' title='bbox 1444 2073 1539 2128; x_wconf 89' lang='lat' dir='ltr'><strong>sed</strong></span> <span class='ocrx_word' id='word_1_290' title='bbox 1596 2082 1657 2128; x_wconf 92' lang='lat' dir='ltr'><strong>ut</strong></span> <span class='ocrx_word' id='word_1_291' title='bbox 1708 2073 1938 2144; x_wconf 64' lang='lat' dir='ltr'><strong>gemina:</strong></span> <span class='ocrx_word' id='word_1_292' title='bbox 1989 2083 2227 2136; x_wconf 83' lang='lat' dir='ltr'><strong>naturae,</strong></span> 
     </span>
    </p>
   </div>
   <div class='ocr_carea' id='block_1_39' title="bbox 660 2164 2229 2236">
    <p class='ocr_par' dir='ltr' id='par_1_39' title="bbox 660 2164 2229 2236">
     <span class='ocr_line' id='line_1_39' title="bbox 660 2164 2229 2236; baseline -0.001 -18"><span class='ocrx_word' id='word_1_293' title='bbox 660 2164 877 2228; x_wconf 65' lang='lat' dir='ltr'><strong>divinae,</strong></span> <span class='ocrx_word' id='word_1_294' title='bbox 913 2165 1159 2236; x_wconf 90' lang='lat' dir='ltr'><strong>inquam,</strong></span> <span class='ocrx_word' id='word_1_295' title='bbox 1194 2174 1248 2219; x_wconf 90' lang='lat' dir='ltr'><strong>et</strong></span> <span class='ocrx_word' id='word_1_296' title='bbox 1284 2166 1557 2228; x_wconf 64' lang='lat' dir='ltr'><strong>humanae,</strong></span> <span class='ocrx_word' id='word_1_297' title='bbox 1594 2164 1647 2217; x_wconf 92' lang='lat' dir='ltr'><strong>in</strong></span> <span class='ocrx_word' id='word_1_298' title='bbox 1696 2179 1821 2218; x_wconf 90' lang='lat' dir='ltr'><strong>eum</strong></span> <span class='ocrx_word' id='word_1_299' title='bbox 1851 2165 2229 2218; x_wconf 87' lang='lat' dir='ltr'><strong>concurrentis</strong></span> 
     </span>
    </p>
   </div>
   <div class='ocr_carea' id='block_1_40' title="bbox 661 2255 2230 2320">
    <p class='ocr_par' dir='ltr' id='par_1_40' title="bbox 661 2255 2230 2320">
     <span class='ocr_line' id='line_1_40' title="bbox 661 2255 2230 2320; baseline -0.001 -10"><span class='ocrx_word' id='word_1_300' title='bbox 661 2257 944 2312; x_wconf 80' lang='lat' dir='ltr'><strong>veritatem</strong></span> <span class='ocrx_word' id='word_1_301' title='bbox 977 2256 1348 2310; x_wconf 89' lang='lat' dir='ltr'><strong>conﬁrmaret.</strong></span> <span class='ocrx_word' id='word_1_302' title='bbox 1381 2256 1564 2320; x_wconf 84' lang='lat' dir='ltr'><strong>Quare</strong></span> <span class='ocrx_word' id='word_1_303' title='bbox 1596 2255 1663 2310; x_wconf 86' lang='lat' dir='ltr'><strong>de</strong></span> <span class='ocrx_word' id='word_1_304' title='bbox 1699 2256 1887 2309; x_wconf 90' lang='lat' dir='ltr'><strong>eodem</strong></span> <span class='ocrx_word' id='word_1_305' title='bbox 1929 2255 2006 2308; x_wconf 90' lang='lat' dir='ltr'><strong>ait</strong></span> <span class='ocrx_word' id='word_1_306' title='bbox 2039 2270 2230 2309; x_wconf 85' lang='lat' dir='ltr'><strong>rursus</strong></span> 
     </span>
    </p>
   </div>
   <div class='ocr_carea' id='block_1_41' title="bbox 659 2345 2228 2418">
    <p class='ocr_par' dir='ltr' id='par_1_41' title="bbox 659 2345 2228 2418">
     <span class='ocr_line' id='line_1_41' title="bbox 659 2345 2228 2418; baseline -0.002 -16"><span class='ocrx_word' id='word_1_307' title='bbox 659 2348 896 2418; x_wconf 88' lang='lat' dir='ltr'><strong>quodam</strong></span> <span class='ocrx_word' id='word_1_308' title='bbox 949 2348 1001 2401; x_wconf 93' lang='lat' dir='ltr'><strong>in</strong></span> <span class='ocrx_word' id='word_1_309' title='bbox 1050 2347 1171 2402; x_wconf 93' lang='lat' dir='ltr'><strong>loco</strong></span> <span class='ocrx_word' id='word_1_310' title='bbox 1203 2348 1463 2417; x_wconf 87' lang='lat' dir='ltr'><strong>propheta</strong></span> <span class='ocrx_word' id='word_1_311' title='bbox 1511 2346 1720 2400; x_wconf 84' lang='lat' dir='ltr'><strong>David:</strong></span> <span class='ocrx_word' id='word_1_312' title='bbox 1759 2364 1778 2397; x_wconf 78' lang='grc' dir='ltr'><strong>ι</strong></span> <span class='ocrx_word' id='word_1_313' title='bbox 1818 2345 2083 2402; x_wconf 89' lang='lat' dir='ltr'><strong>Dominus</strong></span> <span class='ocrx_word' id='word_1_314' title='bbox 2116 2347 2228 2400; x_wconf 89' lang='lat' dir='ltr'><strong>vir-</strong></span> 
     </span>
    </p>
   </div>
   <div class='ocr_carea' id='block_1_42' title="bbox 663 2436 2229 2507">
    <p class='ocr_par' dir='ltr' id='par_1_42' title="bbox 663 2436 2229 2507">
     <span class='ocr_line' id='line_1_42' title="bbox 663 2436 2229 2507; baseline -0.001 -14"><span class='ocrx_word' id='word_1_315' title='bbox 663 2448 838 2493; x_wconf 92' lang='lat' dir='ltr'><strong>tutum</strong></span> <span class='ocrx_word' id='word_1_316' title='bbox 894 2437 1011 2507; x_wconf 88' lang='lat' dir='ltr'><strong>ipse</strong></span> <span class='ocrx_word' id='word_1_317' title='bbox 1059 2446 1146 2492; x_wconf 86' lang='lat' dir='ltr'><strong>est</strong></span> <span class='ocrx_word' id='word_1_318' title='bbox 1198 2452 1294 2492; x_wconf 83' lang='lat' dir='ltr'><strong>rex</strong></span> <span class='ocrx_word' id='word_1_319' title='bbox 1343 2438 1528 2507; x_wconf 83' lang='lat' dir='ltr'><strong>gloriae</strong></span> <span class='ocrx_word' id='word_1_320' title='bbox 1554 2439 1617 2491; x_wconf 72' lang='grc' dir='ltr'><strong><em>η.</em></strong></span> <span class='ocrx_word' id='word_1_321' title='bbox 1659 2436 1679 2490; x_wconf 64' lang='grc' dir='ltr'><strong>ι</strong></span> <span class='ocrx_word' id='word_1_322' title='bbox 1725 2436 1864 2493; x_wconf 83' lang='lat' dir='ltr'><strong>Huic</strong></span> <span class='ocrx_word' id='word_1_323' title='bbox 1912 2439 2077 2507; x_wconf 83' lang='lat' dir='ltr'><strong>igitur</strong></span> <span class='ocrx_word' id='word_1_324' title='bbox 2115 2441 2229 2507; x_wconf 86' lang='lat' dir='ltr'><strong>regi</strong></span> 
     </span>
    </p>
   </div>
   <div class='ocr_carea' id='block_1_43' title="bbox 2326 1889 3875 1965">
    <p class='ocr_par' dir='ltr' id='par_1_43' title="bbox 2326 1889 3875 1965">
     <span class='ocr_line' id='line_1_43' title="bbox 2326 1889 3875 1965; baseline -0.006 -13"><span class='ocrx_word' id='word_1_325' title='bbox 2326 1902 2390 1953; x_wconf 82' lang='grc' dir='ltr'><strong>ὲκ</strong></span> <span class='ocrx_word' id='word_1_326' title='bbox 2417 1898 2605 1964; x_wconf 79' lang='grc' dir='ltr'><strong>δεξιῶν</strong></span> <span class='ocrx_word' id='word_1_327' title='bbox 2633 1914 2733 1965; x_wconf 90' lang='grc' dir='ltr'><strong>μου</strong></span> <span class='ocrx_word' id='word_1_328' title='bbox 2758 1912 2771 1959; x_wconf 89' lang='lat'>;</span> <span class='ocrx_word' id='word_1_329' title='bbox 2809 1915 2827 1946; x_wconf 84' lang='grc' dir='ltr'><strong>ι</strong></span> <span class='ocrx_word' id='word_1_330' title='bbox 2867 1896 2916 1946; x_wconf 88' lang='grc' dir='ltr'><strong>εί</strong></span> <span class='ocrx_word' id='word_1_331' title='bbox 2944 1889 3037 1946; x_wconf 83' lang='grc' dir='ltr'><strong>οὖν</strong></span> <span class='ocrx_word' id='word_1_332' title='bbox 3061 1892 3266 1963; x_wconf 82' lang='grc' dir='ltr'><strong>Κύριος</strong></span> <span class='ocrx_word' id='word_1_333' title='bbox 3283 1890 3378 1944; x_wconf 82' lang='grc' dir='ltr'><strong>τοῦ</strong></span> <span class='ocrx_word' id='word_1_334' title='bbox 3406 1891 3572 1943; x_wconf 79' lang='grc' dir='ltr'><strong>Δαὸίδ</strong></span> <span class='ocrx_word' id='word_1_335' title='bbox 3598 1893 3754 1950; x_wconf 75' lang='grc' dir='ltr'><strong>ἐστιν,</strong></span> <span class='ocrx_word' id='word_1_336' title='bbox 3785 1893 3875 1954; x_wconf 76' lang='grc' dir='ltr'><strong>πῶς</strong></span> 
     </span>
    </p>
   </div>
   <div class='ocr_carea' id='block_1_44' title="bbox 2327 1976 3879 2052">
    <p class='ocr_par' dir='ltr' id='par_1_44' title="bbox 2327 1976 3879 2052">
     <span class='ocr_line' id='line_1_44' title="bbox 2327 1976 3879 2052; baseline -0.006 -10"><span class='ocrx_word' id='word_1_337' title='bbox 2327 1993 2472 2042; x_wconf 83' lang='grc' dir='ltr'><strong>ἐστιν</strong></span> <span class='ocrx_word' id='word_1_338' title='bbox 2501 1986 2668 2041; x_wconf 76' lang='grc' dir='ltr'><strong>αὑτοῦ</strong></span> <span class='ocrx_word' id='word_1_339' title='bbox 2692 1986 2788 2038; x_wconf 73' lang='grc' dir='ltr'><strong>καὶ</strong></span> <span class='ocrx_word' id='word_1_340' title='bbox 2825 1985 2972 2049; x_wconf 88' lang='grc' dir='ltr'><strong>υἱὸς;</strong></span> <span class='ocrx_word' id='word_1_341' title='bbox 3012 2001 3030 2034; x_wconf 75' lang='grc' dir='ltr'><strong>ι</strong></span> <span class='ocrx_word' id='word_1_342' title='bbox 3066 1981 3199 2052; x_wconf 72' lang='grc' dir='ltr'><strong>Οὐχὶ</strong></span> <span class='ocrx_word' id='word_1_343' title='bbox 3230 1981 3292 2032; x_wconf 81' lang='grc' dir='ltr'><strong>τὸ</strong></span> <span class='ocrx_word' id='word_1_344' title='bbox 3321 1981 3434 2043; x_wconf 79' lang='grc' dir='ltr'><strong>υἱὸς</strong></span> <span class='ocrx_word' id='word_1_345' title='bbox 3465 1976 3607 2032; x_wconf 83' lang='grc' dir='ltr'><strong>εἶναι</strong></span> <span class='ocrx_word' id='word_1_346' title='bbox 3635 1979 3724 2032; x_wconf 75' lang='grc' dir='ltr'><strong>τοῦ</strong></span> <span class='ocrx_word' id='word_1_347' title='bbox 3750 1980 3879 2033; x_wconf 68' lang='grc' dir='ltr'><strong>Δαειδ</strong></span> 
     </span>
    </p>
   </div>
   <div class='ocr_carea' id='block_1_45' title="bbox 2327 2073 3874 2150">
    <p class='ocr_par' dir='ltr' id='par_1_45' title="bbox 2327 2073 3874 2150">
     <span class='ocr_line' id='line_1_45' title="bbox 2327 2073 3874 2150; baseline -0.006 -18"><span class='ocrx_word' id='word_1_348' title='bbox 2327 2081 2668 2148; x_wconf 84' lang='grc' dir='ltr'><strong>ἀνατρέπων,</strong></span> <span class='ocrx_word' id='word_1_349' title='bbox 2700 2076 2835 2129; x_wconf 81' lang='grc' dir='ltr'><strong>ἀλλὰ</strong></span> <span class='ocrx_word' id='word_1_350' title='bbox 2867 2074 2977 2150; x_wconf 87' lang='grc' dir='ltr'><strong>τῶν</strong></span> <span class='ocrx_word' id='word_1_351' title='bbox 3015 2073 3440 2144; x_wconf 79' lang='grc' dir='ltr'><strong>συνδραμουσῶν</strong></span> <span class='ocrx_word' id='word_1_352' title='bbox 3465 2073 3738 2142; x_wconf 78' lang='grc' dir='ltr'><strong>ἑκατέρων</strong></span> <span class='ocrx_word' id='word_1_353' title='bbox 3755 2073 3874 2142; x_wconf 72' lang='grc' dir='ltr'><strong>αὐτῷ</strong></span> 
     </span>
    </p>
   </div>
   <div class='ocr_carea' id='block_1_46' title="bbox 2330 2165 3876 2239">
    <p class='ocr_par' dir='ltr' id='par_1_46' title="bbox 2330 2165 3876 2239">
     <span class='ocr_line' id='line_1_46' title="bbox 2330 2165 3876 2239; baseline -0.005 -16"><span class='ocrx_word' id='word_1_354' title='bbox 2330 2172 2565 2239; x_wconf 76' lang='grc' dir='ltr'><strong>φύσεων,</strong></span> <span class='ocrx_word' id='word_1_355' title='bbox 2596 2170 2694 2238; x_wconf 82' lang='grc' dir='ltr'><strong>τῆς</strong></span> <span class='ocrx_word' id='word_1_356' title='bbox 2725 2167 2875 2230; x_wconf 88' lang='grc' dir='ltr'><strong>θείας</strong></span> <span class='ocrx_word' id='word_1_357' title='bbox 2898 2166 3040 2236; x_wconf 71' lang='grc' dir='ltr'>φημὶ</span> <span class='ocrx_word' id='word_1_358' title='bbox 3067 2166 3159 2218; x_wconf 74' lang='grc' dir='ltr'><strong>καί⁵</strong></span> <span class='ocrx_word' id='word_1_359' title='bbox 3182 2165 3281 2234; x_wconf 82' lang='grc' dir='ltr'><strong>τῆς</strong></span> <span class='ocrx_word' id='word_1_360' title='bbox 3309 2165 3665 2234; x_wconf 77' lang='grc' dir='ltr'><strong>ἀνθρωπίνης</strong></span> <span class='ocrx_word' id='word_1_361' title='bbox 3691 2165 3876 2216; x_wconf 73' lang='grc' dir='ltr'><strong>πιστούο</strong></span> 
     </span>
    </p>
   </div>
   <div class='ocr_carea' id='block_1_47' title="bbox 2333 2254 3874 2332">
    <p class='ocr_par' dir='ltr' id='par_1_47' title="bbox 2333 2254 3874 2332">
     <span class='ocr_line' id='line_1_47' title="bbox 2333 2254 3874 2332; baseline -0.003 -20"><span class='ocrx_word' id='word_1_362' title='bbox 2333 2278 2491 2332; x_wconf 90' lang='grc' dir='ltr'><strong>μενος</strong></span> <span class='ocrx_word' id='word_1_363' title='bbox 2523 2260 2619 2330; x_wconf 76' lang='grc' dir='ltr'><strong>τὴν</strong></span> <span class='ocrx_word' id='word_1_364' title='bbox 2643 2258 2920 2327; x_wconf 78' lang='grc' dir='ltr'><strong>ἀλήθειαν.</strong></span> <span class='ocrx_word' id='word_1_365' title='bbox 2956 2257 3054 2309; x_wconf 88' lang='grc' dir='ltr'><strong>Διά</strong></span> <span class='ocrx_word' id='word_1_366' title='bbox 3087 2255 3249 2308; x_wconf 82' lang='grc' dir='ltr'><strong>τοῦτο</strong></span> <span class='ocrx_word' id='word_1_367' title='bbox 3297 2257 3425 2326; x_wconf 74' lang='grc' dir='ltr'><strong>περὶ</strong></span> <span class='ocrx_word' id='word_1_368' title='bbox 3452 2254 3620 2308; x_wconf 79' lang='grc' dir='ltr'><strong>αὑτοῦ</strong></span> <span class='ocrx_word' id='word_1_369' title='bbox 3649 2257 3769 2324; x_wconf 73' lang='grc' dir='ltr'><strong>φησί</strong></span> <span class='ocrx_word' id='word_1_370' title='bbox 3798 2272 3874 2308; x_wconf 74' lang='grc' dir='ltr'><strong>που</strong></span> 
     </span>
    </p>
   </div>
   <div class='ocr_carea' id='block_1_48' title="bbox 2331 2347 3875 2421">
    <p class='ocr_par' dir='ltr' id='par_1_48' title="bbox 2331 2347 3875 2421">
     <span class='ocr_line' id='line_1_48' title="bbox 2331 2347 3875 2421; baseline -0.005 -16"><span class='ocrx_word' id='word_1_371' title='bbox 2331 2354 2492 2405; x_wconf 83' lang='grc' dir='ltr'><strong>πάλιν</strong></span> <span class='ocrx_word' id='word_1_372' title='bbox 2523 2351 2552 2403; x_wconf 85' lang='grc' dir='ltr'><strong>ὁ</strong></span> <span class='ocrx_word' id='word_1_373' title='bbox 2589 2350 2876 2421; x_wconf 77' lang='grc' dir='ltr'><strong>προφήτης</strong></span> <span class='ocrx_word' id='word_1_374' title='bbox 2925 2347 3114 2412; x_wconf 77' lang='grc' dir='ltr'><strong>Δαϐὶδ,</strong></span> <span class='ocrx_word' id='word_1_375' title='bbox 3178 2366 3199 2399; x_wconf 88' lang='grc'><em>‹</em></span> <span class='ocrx_word' id='word_1_376' title='bbox 3229 2347 3432 2417; x_wconf 79' lang='grc' dir='ltr'><strong>Κύριος</strong></span> <span class='ocrx_word' id='word_1_377' title='bbox 3487 2347 3602 2399; x_wconf 87' lang='grc' dir='ltr'><strong>τῶν</strong></span> <span class='ocrx_word' id='word_1_378' title='bbox 3637 2347 3875 2416; x_wconf 74' lang='grc' dir='ltr'><strong>δυνάμεων</strong></span> 
     </span>
    </p>
   </div>
   <div class='ocr_carea' id='block_1_49' title="bbox 2331 2435 3876 2508">
    <p class='ocr_par' dir='ltr' id='par_1_49' title="bbox 2331 2435 3876 2508">
     <span class='ocr_line' id='line_1_49' title="bbox 2331 2435 3876 2508; baseline -0.006 -13"><span class='ocrx_word' id='word_1_379' title='bbox 2331 2443 2492 2504; x_wconf 85' lang='grc' dir='ltr'><strong>αὑτός</strong></span> <span class='ocrx_word' id='word_1_380' title='bbox 2536 2443 2684 2494; x_wconf 84' lang='grc' dir='ltr'><strong>ὲστιν</strong></span> <span class='ocrx_word' id='word_1_381' title='bbox 2715 2443 2743 2492; x_wconf 87' lang='grc' dir='ltr'>ὁ</span> <span class='ocrx_word' id='word_1_382' title='bbox 2776 2437 3029 2508; x_wconf 81' lang='grc' dir='ltr'><strong>βασιλεὺς</strong></span> <span class='ocrx_word' id='word_1_383' title='bbox 3062 2436 3162 2506; x_wconf 78' lang='grc' dir='ltr'><strong>τῆς</strong></span> <span class='ocrx_word' id='word_1_384' title='bbox 3200 2435 3376 2505; x_wconf 79' lang='grc' dir='ltr'><strong>δόξης.</strong></span> <span class='ocrx_word' id='word_1_385' title='bbox 3414 2455 3432 2487; x_wconf 74' lang='grc' dir='ltr'><strong>ι</strong></span> <span class='ocrx_word' id='word_1_386' title='bbox 3483 2435 3685 2487; x_wconf 83' lang='grc' dir='ltr'><strong>Τοῦτον</strong></span> <span class='ocrx_word' id='word_1_387' title='bbox 3731 2435 3876 2487; x_wconf 78' lang='grc' dir='ltr'><strong>τοίνυν</strong></span> 
     </span>
    </p>
   </div>
   <div class='ocr_carea' id='block_1_50' title="bbox 663 2524 2232 2600">
    <p class='ocr_par' dir='ltr' id='par_1_50' title="bbox 663 2525 2232 2596">
     <span class='ocr_line' id='line_1_50' title="bbox 663 2525 2232 2596; baseline -0.001 -15"><span class='ocrx_word' id='word_1_388' title='bbox 663 2541 1030 2595; x_wconf 81' lang='lat' dir='ltr'><strong>nequaquam,</strong></span> <span class='ocrx_word' id='word_1_389' title='bbox 1064 2525 1260 2595; x_wconf 89' lang='lat' dir='ltr'><strong>inquit,</strong></span> <span class='ocrx_word' id='word_1_390' title='bbox 1294 2526 1611 2596; x_wconf 90' lang='lat' dir='ltr'><strong>impreecre,</strong></span> <span class='ocrx_word' id='word_1_391' title='bbox 1644 2527 1696 2581; x_wconf 89' lang='lat' dir='ltr'><strong>id</strong></span> <span class='ocrx_word' id='word_1_392' title='bbox 1722 2535 1825 2591; x_wconf 87' lang='lat' dir='ltr'><strong>est,</strong></span> <span class='ocrx_word' id='word_1_393' title='bbox 1858 2543 1988 2582; x_wconf 90' lang='lat' dir='ltr'><strong>cave</strong></span> <span class='ocrx_word' id='word_1_394' title='bbox 2018 2537 2097 2590; x_wconf 90' lang='lat' dir='ltr'><strong>tu,</strong></span> <span class='ocrx_word' id='word_1_395' title='bbox 2133 2542 2232 2596; x_wconf 59' lang='lat' dir='ltr'><strong>po-</strong></span> 
     </span>
    </p>
   </div>
   <div class='ocr_carea' id='block_1_51' title="bbox 2325 2524 3873 2600">
    <p class='ocr_par' dir='ltr' id='par_1_51' title="bbox 2329 2524 3873 2600">
     <span class='ocr_line' id='line_1_51' title="bbox 2329 2524 3873 2600; baseline -0.007 -16"><span class='ocrx_word' id='word_1_396' title='bbox 2329 2533 2422 2584; x_wconf 81' lang='grc' dir='ltr'><strong>τὸν</strong></span> <span class='ocrx_word' id='word_1_397' title='bbox 2452 2530 2675 2600; x_wconf 81' lang='grc' dir='ltr'><strong>βασιλέα</strong></span> <span class='ocrx_word' id='word_1_398' title='bbox 2709 2527 2971 2600; x_wconf 78' lang='grc' dir='ltr'><strong>μηδαμῶς</strong></span> <span class='ocrx_word' id='word_1_399' title='bbox 3004 2526 3310 2598; x_wconf 80' lang='grc' dir='ltr'><strong>καταράσῃ,</strong></span> <span class='ocrx_word' id='word_1_400' title='bbox 3343 2525 3503 2594; x_wconf 73' lang='grc' dir='ltr'><strong>φησὶ,</strong></span> <span class='ocrx_word' id='word_1_401' title='bbox 3526 2525 3786 2577; x_wconf 85' lang='grc' dir='ltr'><strong>τουτέστιν</strong></span> <span class='ocrx_word' id='word_1_402' title='bbox 3818 2524 3873 2592; x_wconf 77' lang='grc' dir='ltr'><strong>μὴ</strong></span> 
     </span>
    </p>
   </div>
   <div class='ocr_carea' id='block_1_52' title="bbox 662 2613 2232 2693">
    <p class='ocr_par' dir='ltr' id='par_1_52' title="bbox 662 2613 2232 2684">
     <span class='ocr_line' id='line_1_52' title="bbox 662 2613 2232 2684; baseline 0.002 -16"><span class='ocrx_word' id='word_1_403' title='bbox 662 2613 1140 2684; x_wconf 67' lang='lat' dir='ltr'><strong>puleJudzeorum,</strong></span> <span class='ocrx_word' id='word_1_404' title='bbox 1165 2617 1252 2670; x_wconf 92' lang='lat' dir='ltr'><strong>cui</strong></span> <span class='ocrx_word' id='word_1_405' title='bbox 1281 2615 1617 2670; x_wconf 90' lang='lat' dir='ltr'><strong>obstinatum</strong></span> <span class='ocrx_word' id='word_1_406' title='bbox 1647 2626 1730 2672; x_wconf 93' lang='lat' dir='ltr'><strong>est</strong></span> <span class='ocrx_word' id='word_1_407' title='bbox 1755 2633 1851 2672; x_wconf 90' lang='lat' dir='ltr'><strong>cor</strong></span> <span class='ocrx_word' id='word_1_408' title='bbox 1874 2633 1971 2672; x_wconf 90' lang='lat' dir='ltr'><strong>nec</strong></span> <span class='ocrx_word' id='word_1_409' title='bbox 1995 2619 2232 2673; x_wconf 90' lang='lat' dir='ltr'><strong>circum-</strong></span> 
     </span>
    </p>
   </div>
   <div class='ocr_carea' id='block_1_53' title="bbox 2325 2613 3873 2693">
    <p class='ocr_par' dir='ltr' id='par_1_53' title="bbox 2331 2614 3873 2693">
     <span class='ocr_line' id='line_1_53' title="bbox 2331 2614 3873 2693; baseline -0.006 -17"><span class='ocrx_word' id='word_1_410' title='bbox 2331 2621 2738 2693; x_wconf 80' lang='grc' dir='ltr'><strong>διαλοιδορήσῃς</strong></span> <span class='ocrx_word' id='word_1_411' title='bbox 2771 2619 2906 2690; x_wconf 80' lang='grc' dir='ltr'><strong>μηδὲ</strong></span> <span class='ocrx_word' id='word_1_412' title='bbox 2936 2620 3323 2689; x_wconf 74' lang='grc' dir='ltr'><strong>καταμωμήσῃ</strong></span> <span class='ocrx_word' id='word_1_413' title='bbox 3356 2616 3447 2668; x_wconf 75' lang='grc' dir='ltr'><strong>καὶ</strong></span> <span class='ocrx_word' id='word_1_414' title='bbox 3472 2614 3820 2688; x_wconf 49' lang='grc' dir='ltr'><strong>κατασκάψης</strong></span> <span class='ocrx_word' id='word_1_415' title='bbox 3853 2618 3873 2666; x_wconf 81' lang='grc' dir='ltr'><strong>ό</strong></span> 
     </span>
    </p>
   </div>
   <div class='ocr_carea' id='block_1_54' title="bbox 662 2706 2232 2782">
    <p class='ocr_par' dir='ltr' id='par_1_54' title="bbox 662 2707 2232 2782">
     <span class='ocr_line' id='line_1_54' title="bbox 662 2707 2232 2782; baseline 0.003 -20"><span class='ocrx_word' id='word_1_416' title='bbox 662 2707 876 2772; x_wconf 83' lang='lat' dir='ltr'><strong>cisum;</strong></span> <span class='ocrx_word' id='word_1_417' title='bbox 911 2718 1097 2762; x_wconf 86' lang='lat' dir='ltr'><strong>cavete</strong></span> <span class='ocrx_word' id='word_1_418' title='bbox 1127 2723 1243 2774; x_wconf 90' lang='lat' dir='ltr'><strong>vos,</strong></span> <span class='ocrx_word' id='word_1_419' title='bbox 1289 2709 1471 2763; x_wconf 64' lang='lat' dir='ltr'><strong>caeteri</strong></span> <span class='ocrx_word' id='word_1_420' title='bbox 1505 2725 1571 2764; x_wconf 82' lang='lat' dir='ltr'><strong>ex</strong></span> <span class='ocrx_word' id='word_1_421' title='bbox 1611 2711 1920 2765; x_wconf 84' lang='lat' dir='ltr'><strong>inﬁdelibus</strong></span> <span class='ocrx_word' id='word_1_422' title='bbox 1954 2713 2232 2782; x_wconf 86' lang='lat' dir='ltr'><strong>gentibus.</strong></span> 
     </span>
    </p>
   </div>
   <div class='ocr_carea' id='block_1_55' title="bbox 2325 2706 3876 2782">
    <p class='ocr_par' dir='ltr' id='par_1_55' title="bbox 2343 2706 3876 2777">
     <span class='ocr_line' id='line_1_55' title="bbox 2343 2706 3876 2777; baseline -0.005 -13"><span class='ocrx_word' id='word_1_423' title='bbox 2343 2711 2634 2773; x_wconf 79' lang='grc' dir='ltr'><strong>Ἰουδαῖκὸς</strong></span> <span class='ocrx_word' id='word_1_424' title='bbox 2675 2708 2799 2771; x_wconf 82' lang='grc' dir='ltr'><strong>λαὸς</strong></span> <span class='ocrx_word' id='word_1_425' title='bbox 2849 2708 2943 2759; x_wconf 74' lang='grc' dir='ltr'><strong>καὶ</strong></span> <span class='ocrx_word' id='word_1_426' title='bbox 2972 2707 3350 2777; x_wconf 79' lang='grc' dir='ltr'><strong>ἀπερίτμητος</strong></span> <span class='ocrx_word' id='word_1_427' title='bbox 3401 2706 3503 2774; x_wconf 75' lang='grc' dir='ltr'><strong>τὴν</strong></span> <span class='ocrx_word' id='word_1_428' title='bbox 3555 2706 3767 2775; x_wconf 82' lang='grc' dir='ltr'><strong>καρδίαν</strong></span> <span class='ocrx_word' id='word_1_429' title='bbox 3803 2708 3876 2756; x_wconf 68' lang='grc' dir='ltr'><strong>καὶ</strong></span> 
     </span>
    </p>
   </div>
   <div class='ocr_carea' id='block_1_56' title="bbox 664 2795 2232 2873">
    <p class='ocr_par' dir='ltr' id='par_1_56' title="bbox 664 2797 2232 2869">
     <span class='ocr_line' id='line_1_56' title="bbox 664 2797 2232 2869; baseline 0.002 -16"><span class='ocrx_word' id='word_1_430' title='bbox 664 2813 733 2853; x_wconf 88' lang='lat' dir='ltr'><strong>ne</strong></span> <span class='ocrx_word' id='word_1_431' title='bbox 776 2797 924 2853; x_wconf 90' lang='lat' dir='ltr'><strong>hunc</strong></span> <span class='ocrx_word' id='word_1_432' title='bbox 969 2800 1298 2854; x_wconf 88' lang='lat' dir='ltr'><strong>contumelia</strong></span> <span class='ocrx_word' id='word_1_433' title='bbox 1355 2799 1622 2869; x_wconf 83' lang='lat' dir='ltr'><strong>aﬁiciatis,</strong></span> <span class='ocrx_word' id='word_1_434' title='bbox 1663 2817 1798 2856; x_wconf 88' lang='lat' dir='ltr'><strong>neve</strong></span> <span class='ocrx_word' id='word_1_435' title='bbox 1844 2802 2097 2858; x_wconf 84' lang='lat' dir='ltr'><strong>irrisione</strong></span> <span class='ocrx_word' id='word_1_436' title='bbox 2140 2812 2232 2858; x_wconf 90' lang='lat' dir='ltr'><strong>aut</strong></span> 
     </span>
    </p>
   </div>
   <div class='ocr_carea' id='block_1_57' title="bbox 2325 2795 3874 2873">
    <p class='ocr_par' dir='ltr' id='par_1_57' title="bbox 2335 2795 3874 2873">
     <span class='ocr_line' id='line_1_57' title="bbox 2335 2795 3874 2873; baseline -0.007 -17"><span class='ocrx_word' id='word_1_437' title='bbox 2335 2800 2780 2873; x_wconf 87' lang='grc' dir='ltr'><strong>σκληροκάρδιος,</strong></span> <span class='ocrx_word' id='word_1_438' title='bbox 2834 2799 2968 2869; x_wconf 86' lang='grc' dir='ltr'><strong>μηδέ</strong></span> <span class='ocrx_word' id='word_1_439' title='bbox 2999 2815 3084 2862; x_wconf 90' lang='grc' dir='ltr'><strong>τις</strong></span> <span class='ocrx_word' id='word_1_440' title='bbox 3112 2797 3269 2858; x_wconf 83' lang='grc' dir='ltr'><strong>ἄλλος</strong></span> <span class='ocrx_word' id='word_1_441' title='bbox 3298 2796 3406 2849; x_wconf 90' lang='grc' dir='ltr'><strong>τῶν</strong></span> <span class='ocrx_word' id='word_1_442' title='bbox 3439 2797 3686 2850; x_wconf 86' lang='grc' dir='ltr'><strong>ἀπίστων</strong></span> <span class='ocrx_word' id='word_1_443' title='bbox 3718 2795 3874 2859; x_wconf 76' lang='grc' dir='ltr'><strong>ἐθνῶν,</strong></span> 
     </span>
    </p>
   </div>
   <div class='ocr_carea' id='block_1_58' title="bbox 664 2888 2232 2964">
    <p class='ocr_par' dir='ltr' id='par_1_58' title="bbox 664 2889 2232 2964">
     <span class='ocr_line' id='line_1_58' title="bbox 664 2889 2232 2964; baseline 0.002 -22"><span class='ocrx_word' id='word_1_444' title='bbox 664 2889 916 2944; x_wconf 86' lang='lat' dir='ltr'><strong>convicio</strong></span> <span class='ocrx_word' id='word_1_445' title='bbox 948 2891 1273 2960; x_wconf 76' lang='lat' dir='ltr'><strong>objurgetis,</strong></span> <span class='ocrx_word' id='word_1_446' title='bbox 1307 2907 1408 2961; x_wconf 90' lang='lat' dir='ltr'><strong>pro</strong></span> <span class='ocrx_word' id='word_1_447' title='bbox 1449 2893 1647 2962; x_wconf 90' lang='lat' dir='ltr'><strong>quibus</strong></span> <span class='ocrx_word' id='word_1_448' title='bbox 1679 2894 1996 2964; x_wconf 72' lang='lat' dir='ltr'><strong>praeoptarit</strong></span> <span class='ocrx_word' id='word_1_449' title='bbox 2044 2893 2232 2964; x_wconf 86' lang='lat' dir='ltr'><strong>singu-</strong></span> 
     </span>
    </p>
   </div>
   <div class='ocr_carea' id='block_1_59' title="bbox 2325 2888 3877 2964">
    <p class='ocr_par' dir='ltr' id='par_1_59' title="bbox 2334 2888 3877 2962">
     <span class='ocr_line' id='line_1_59' title="bbox 2334 2888 3877 2962; baseline -0.006 -14"><span class='ocrx_word' id='word_1_450' title='bbox 2334 2895 2451 2948; x_wconf 88' lang='grc' dir='ltr'><strong>ἀνθ’</strong></span> <span class='ocrx_word' id='word_1_451' title='bbox 2471 2890 2544 2947; x_wconf 85' lang='grc' dir='ltr'><strong>ὦν</strong></span> <span class='ocrx_word' id='word_1_452' title='bbox 2582 2894 2751 2945; x_wconf 83' lang='grc' dir='ltr'><strong>εἵλετο</strong></span> <span class='ocrx_word' id='word_1_453' title='bbox 2779 2891 2913 2962; x_wconf 81' lang='grc' dir='ltr'><strong>πρὸς</strong></span> <span class='ocrx_word' id='word_1_454' title='bbox 2939 2890 3034 2962; x_wconf 79' lang='grc' dir='ltr'><strong>τὴν</strong></span> <span class='ocrx_word' id='word_1_455' title='bbox 3068 2889 3410 2961; x_wconf 78' lang='grc' dir='ltr'><strong>ἀνθρωπίνην</strong></span> <span class='ocrx_word' id='word_1_456' title='bbox 3432 2891 3690 2960; x_wconf 70' lang='grc' dir='ltr'><strong>ἐσχατιὰν</strong></span> <span class='ocrx_word' id='word_1_457' title='bbox 3726 2888 3877 2941; x_wconf 79' lang='grc' dir='ltr'><strong>κατελ-</strong></span> 
     </span>
    </p>
   </div>
   <div class='ocr_carea' id='block_1_60' title="bbox 666 2979 2232 3050">
    <p class='ocr_par' dir='ltr' id='par_1_60' title="bbox 666 2979 2232 3050">
     <span class='ocr_line' id='line_1_60' title="bbox 666 2979 2232 3050; baseline 0.004 -17"><span class='ocrx_word' id='word_1_458' title='bbox 666 2979 767 3033; x_wconf 91' lang='lat' dir='ltr'><strong>lari</strong></span> <span class='ocrx_word' id='word_1_459' title='bbox 790 2995 917 3050; x_wconf 85' lang='lat' dir='ltr'><strong>erga</strong></span> <span class='ocrx_word' id='word_1_460' title='bbox 953 2982 1202 3037; x_wconf 89' lang='lat' dir='ltr'><strong>homines</strong></span> <span class='ocrx_word' id='word_1_461' title='bbox 1229 2985 1508 3040; x_wconf 89' lang='lat' dir='ltr'><strong>voluntate</strong></span> <span class='ocrx_word' id='word_1_462' title='bbox 1544 2985 1599 3039; x_wconf 90' lang='lat' dir='ltr'><strong>in</strong></span> <span class='ocrx_word' id='word_1_463' title='bbox 1630 2986 1926 3040; x_wconf 88' lang='lat' dir='ltr'><strong>humanam</strong></span> <span class='ocrx_word' id='word_1_464' title='bbox 1962 2986 2232 3040; x_wconf 80' lang='lat' dir='ltr'><strong>conditio-</strong></span> 
     </span>
    </p>
   </div>
   <div class='ocr_carea' id='block_1_61' title="bbox 2336 2981 3878 3056">
    <p class='ocr_par' dir='ltr' id='par_1_61' title="bbox 2336 2981 3878 3056">
     <span class='ocr_line' id='line_1_61' title="bbox 2336 2981 3878 3056; baseline -0.006 -17"><span class='ocrx_word' id='word_1_465' title='bbox 2336 2987 2447 3039; x_wconf 83' lang='grc' dir='ltr'><strong>θεῖν</strong></span> <span class='ocrx_word' id='word_1_466' title='bbox 2480 2986 2575 3039; x_wconf 78' lang='grc' dir='ltr'><strong>καὶ</strong></span> <span class='ocrx_word' id='word_1_467' title='bbox 2612 2983 2838 3056; x_wconf 84' lang='grc' dir='ltr'><strong>φορέσαι</strong></span> <span class='ocrx_word' id='word_1_468' title='bbox 2859 2983 2959 3053; x_wconf 82' lang='grc' dir='ltr'><strong>τὴν</strong></span> <span class='ocrx_word' id='word_1_469' title='bbox 2990 2982 3252 3051; x_wconf 84' lang='grc' dir='ltr'><strong>ταπεινὴν</strong></span> <span class='ocrx_word' id='word_1_470' title='bbox 3288 2981 3386 3034; x_wconf 81' lang='grc' dir='ltr'><strong>τοῦ</strong></span> <span class='ocrx_word' id='word_1_471' title='bbox 3423 2981 3558 3034; x_wconf 80' lang='grc' dir='ltr'>ίδίου</span> <span class='ocrx_word' id='word_1_472' title='bbox 3604 2981 3878 3049; x_wconf 80' lang='grc' dir='ltr'><strong>πλάσματος</strong></span> 
     </span>
    </p>
   </div>
   <div class='ocr_carea' id='block_1_62' title="bbox 666 3071 2232 3174">
    <p class='ocr_par' dir='ltr' id='par_1_62' title="bbox 666 3076 2232 3142">
     <span class='ocr_line' id='line_1_62' title="bbox 666 3076 2232 3142; baseline 0.005 -19"><span class='ocrx_word' id='word_1_473' title='bbox 666 3085 790 3124; x_wconf 87' lang='lat' dir='ltr'><strong>nem</strong></span> <span class='ocrx_word' id='word_1_474' title='bbox 825 3085 857 3124; x_wconf 88' lang='lat' dir='ltr'><strong>a</strong></span> <span class='ocrx_word' id='word_1_475' title='bbox 886 3085 948 3126; x_wconf 89' lang='lat' dir='ltr'><strong>se</strong></span> <span class='ocrx_word' id='word_1_476' title='bbox 976 3087 1142 3141; x_wconf 89' lang='lat' dir='ltr'><strong>quam</strong></span> <span class='ocrx_word' id='word_1_477' title='bbox 1181 3077 1606 3130; x_wconf 86' lang='lat' dir='ltr'><strong>remotissimam</strong></span> <span class='ocrx_word' id='word_1_478' title='bbox 1650 3076 2008 3142; x_wconf 87' lang='lat' dir='ltr'><strong>descendere,</strong></span> <span class='ocrx_word' id='word_1_479' title='bbox 2055 3077 2232 3131; x_wconf 90' lang='lat' dir='ltr'><strong>humi-</strong></span> 
     </span>
    </p>
   </div>
   <div class='ocr_carea' id='block_1_63' title="bbox 2325 3071 3876 3174">
    <p class='ocr_par' dir='ltr' id='par_1_63' title="bbox 2336 3071 3876 3146">
     <span class='ocr_line' id='line_1_63' title="bbox 2336 3071 3876 3146; baseline -0.006 -16"><span class='ocrx_word' id='word_1_480' title='bbox 2336 3079 2497 3146; x_wconf 85' lang='grc' dir='ltr'><strong>φύσιν</strong></span> <span class='ocrx_word' id='word_1_481' title='bbox 2528 3075 2866 3145; x_wconf 80' lang='grc' dir='ltr'><strong>αὐθαιρέτως</strong></span> <span class='ocrx_word' id='word_1_482' title='bbox 2893 3075 2986 3128; x_wconf 76' lang='grc' dir='ltr'><strong>καὶ</strong></span> <span class='ocrx_word' id='word_1_483' title='bbox 3011 3072 3423 3143; x_wconf 81' lang='grc' dir='ltr'><strong>φιλανθρώπως,</strong></span> <span class='ocrx_word' id='word_1_484' title='bbox 3457 3071 3596 3142; x_wconf 80' lang='grc' dir='ltr'><strong>πρὸς</strong></span> <span class='ocrx_word' id='word_1_485' title='bbox 3621 3072 3876 3125; x_wconf 78' lang='grc' dir='ltr'><strong>ἀνάπλασιν</strong></span> 
     </span>
    </p>
   </div>
   <div class='ocr_carea' id='block_1_64' title="bbox 666 3160 2231 3232">
    <p class='ocr_par' dir='ltr' id='par_1_64' title="bbox 666 3160 2231 3232">
     <span class='ocr_line' id='line_1_64' title="bbox 666 3160 2231 3232; baseline 0.004 -18"><span class='ocrx_word' id='word_1_486' title='bbox 666 3160 882 3231; x_wconf 88' lang='lat' dir='ltr'><strong>lemque</strong></span> <span class='ocrx_word' id='word_1_487' title='bbox 912 3175 1138 3231; x_wconf 90' lang='lat' dir='ltr'><strong>operum</strong></span> <span class='ocrx_word' id='word_1_488' title='bbox 1170 3178 1395 3219; x_wconf 90' lang='lat' dir='ltr'><strong>suorum</strong></span> <span class='ocrx_word' id='word_1_489' title='bbox 1430 3176 1679 3220; x_wconf 87' lang='lat' dir='ltr'><strong>naturam</strong></span> <span class='ocrx_word' id='word_1_490' title='bbox 1714 3167 1958 3232; x_wconf 89' lang='lat' dir='ltr'><strong>induere,</strong></span> <span class='ocrx_word' id='word_1_491' title='bbox 2005 3182 2126 3221; x_wconf 90' lang='lat' dir='ltr'><strong>eam</strong></span> <span class='ocrx_word' id='word_1_492' title='bbox 2170 3176 2231 3220; x_wconf 88' lang='lat' dir='ltr'><strong>ut</strong></span> 
     </span>
    </p>
   </div>
   <div class='ocr_carea' id='block_1_65' title="bbox 667 3254 2232 3328">
    <p class='ocr_par' dir='ltr' id='par_1_65' title="bbox 667 3254 2232 3328">
     <span class='ocr_line' id='line_1_65' title="bbox 667 3254 2232 3328; baseline 0.003 -20"><span class='ocrx_word' id='word_1_493' title='bbox 667 3254 975 3322; x_wconf 85' lang='lat' dir='ltr'><strong>reﬁngeret,</strong></span> <span class='ocrx_word' id='word_1_494' title='bbox 1027 3269 1092 3309; x_wconf 91' lang='lat' dir='ltr'><strong>ac</strong></span> <span class='ocrx_word' id='word_1_495' title='bbox 1142 3254 1439 3312; x_wconf 86' lang='lat' dir='ltr'><strong>beatiorem</strong></span> <span class='ocrx_word' id='word_1_496' title='bbox 1487 3257 1553 3312; x_wconf 90' lang='lat' dir='ltr'><strong>ad</strong></span> <span class='ocrx_word' id='word_1_497' title='bbox 1610 3258 1771 3313; x_wconf 90' lang='lat' dir='ltr'><strong>ﬁnem</strong></span> <span class='ocrx_word' id='word_1_498' title='bbox 1824 3265 1990 3328; x_wconf 88' lang='lat' dir='ltr'><strong>atque</strong></span> <span class='ocrx_word' id='word_1_499' title='bbox 2032 3267 2232 3314; x_wconf 85' lang='lat' dir='ltr'><strong>statum</strong></span> 
     </span>
    </p>
   </div>
   <div class='ocr_carea' id='block_1_66' title="bbox 667 3342 2232 3420">
    <p class='ocr_par' dir='ltr' id='par_1_66' title="bbox 667 3342 2232 3420">
     <span class='ocr_line' id='line_1_66' title="bbox 667 3342 2232 3420; baseline 0.004 -22"><span class='ocrx_word' id='word_1_500' title='bbox 667 3342 1013 3399; x_wconf 78' lang='lat' dir='ltr'><strong>transferret.</strong></span> <span class='ocrx_word' id='word_1_501' title='bbox 1082 3344 1270 3415; x_wconf 84' lang='lat' dir='ltr'><strong>Neque</strong></span> <span class='ocrx_word' id='word_1_502' title='bbox 1319 3362 1447 3402; x_wconf 89' lang='lat' dir='ltr'><strong>vero</strong></span> <span class='ocrx_word' id='word_1_503' title='bbox 1498 3357 1677 3404; x_wconf 90' lang='lat' dir='ltr'><strong>tecum</strong></span> <span class='ocrx_word' id='word_1_504' title='bbox 1730 3349 1846 3419; x_wconf 90' lang='lat' dir='ltr'><strong>ipse</strong></span> <span class='ocrx_word' id='word_1_505' title='bbox 1899 3351 2232 3420; x_wconf 85' lang='lat' dir='ltr'><strong>cogitando,</strong></span> 
     </span>
    </p>
   </div>
   <div class='ocr_carea' id='block_1_67' title="bbox 668 3434 2232 3511">
    <p class='ocr_par' dir='ltr' id='par_1_67' title="bbox 668 3434 2232 3511">
     <span class='ocr_line' id='line_1_67' title="bbox 668 3434 2232 3511; baseline 0.006 -23"><span class='ocrx_word' id='word_1_506' title='bbox 668 3434 1170 3490; x_wconf 86' lang='lat' dir='ltr'><strong>inhumanationem</strong></span> <span class='ocrx_word' id='word_1_507' title='bbox 1201 3437 1295 3490; x_wconf 87' lang='lat' dir='ltr'><strong>tali</strong></span> <span class='ocrx_word' id='word_1_508' title='bbox 1320 3453 1446 3508; x_wconf 82' lang='lat' dir='ltr'><strong>rege</strong></span> <span class='ocrx_word' id='word_1_509' title='bbox 1475 3439 1749 3510; x_wconf 73' lang='lat' dir='ltr'><strong>indignam</strong></span> <span class='ocrx_word' id='word_1_510' title='bbox 1773 3455 1894 3496; x_wconf 91' lang='lat' dir='ltr'><strong>esse</strong></span> <span class='ocrx_word' id='word_1_511' title='bbox 1919 3443 2232 3511; x_wconf 89' lang='lat' dir='ltr'><strong>putaveris;</strong></span> 
     </span>
    </p>
   </div>
   <div class='ocr_carea' id='block_1_68' title="bbox 670 3528 2236 3602">
    <p class='ocr_par' dir='ltr' id='par_1_68' title="bbox 670 3528 2236 3602">
     <span class='ocr_line' id='line_1_68' title="bbox 670 3528 2236 3602; baseline 0.005 -23"><span class='ocrx_word' id='word_1_512' title='bbox 670 3539 848 3595; x_wconf 85' lang='lat' dir='ltr'><strong>neque</strong></span> <span class='ocrx_word' id='word_1_513' title='bbox 886 3528 1282 3596; x_wconf 85' lang='lat' dir='ltr'><strong>contempseris</strong></span> <span class='ocrx_word' id='word_1_514' title='bbox 1327 3539 1422 3583; x_wconf 88' lang='lat' dir='ltr'><strong>aut</strong></span> <span class='ocrx_word' id='word_1_515' title='bbox 1463 3530 1886 3599; x_wconf 82' lang='lat' dir='ltr'><strong>itnprobaveris,</strong></span> <span class='ocrx_word' id='word_1_516' title='bbox 1931 3533 2073 3602; x_wconf 90' lang='lat' dir='ltr'><strong>quod</strong></span> <span class='ocrx_word' id='word_1_517' title='bbox 2115 3549 2236 3587; x_wconf 88' lang='lat' dir='ltr'><strong>cor-</strong></span> 
     </span>
    </p>
   </div>
   <div class='ocr_carea' id='block_1_69' title="bbox 669 3618 2233 3690">
    <p class='ocr_par' dir='ltr' id='par_1_69' title="bbox 669 3618 2233 3690">
     <span class='ocr_line' id='line_1_69' title="bbox 669 3618 2233 3690; baseline 0.006 -21"><span class='ocrx_word' id='word_1_518' title='bbox 669 3631 803 3686; x_wconf 89' lang='lat' dir='ltr'><strong>pore</strong></span> <span class='ocrx_word' id='word_1_519' title='bbox 823 3626 1107 3687; x_wconf 89' lang='lat' dir='ltr'><strong>assumpto</strong></span> <span class='ocrx_word' id='word_1_520' title='bbox 1126 3618 1490 3675; x_wconf 87' lang='lat' dir='ltr'><strong>voluntariam</strong></span> <span class='ocrx_word' id='word_1_521' title='bbox 1515 3621 1568 3675; x_wconf 91' lang='lat' dir='ltr'><strong>in</strong></span> <span class='ocrx_word' id='word_1_522' title='bbox 1587 3636 1749 3677; x_wconf 88' lang='lat' dir='ltr'><strong>cruce</strong></span> <span class='ocrx_word' id='word_1_523' title='bbox 1768 3632 2000 3679; x_wconf 86' lang='lat' dir='ltr'><strong>mortem</strong></span> <span class='ocrx_word' id='word_1_524' title='bbox 2019 3625 2233 3690; x_wconf 87' lang='lat' dir='ltr'><strong>obierit,</strong></span> 
     </span>
    </p>
   </div>
   <div class='ocr_carea' id='block_1_70' title="bbox 669 3707 2232 3784">
    <p class='ocr_par' dir='ltr' id='par_1_70' title="bbox 669 3707 2232 3784">
     <span class='ocr_line' id='line_1_70' title="bbox 669 3707 2232 3784; baseline 0.004 -22"><span class='ocrx_word' id='word_1_525' title='bbox 669 3716 834 3778; x_wconf 82' lang='lat' dir='ltr'><strong>atque</strong></span> <span class='ocrx_word' id='word_1_526' title='bbox 860 3707 926 3761; x_wconf 76' lang='grc' dir='ltr'><strong>ιιι·</strong></span> <span class='ocrx_word' id='word_1_527' title='bbox 949 3709 1170 3763; x_wconf 90' lang='lat' dir='ltr'><strong>tertium</strong></span> <span class='ocrx_word' id='word_1_528' title='bbox 1199 3711 1342 3766; x_wconf 88' lang='lat' dir='ltr'><strong>diem</strong></span> <span class='ocrx_word' id='word_1_529' title='bbox 1385 3711 1440 3766; x_wconf 93' lang='lat' dir='ltr'><strong>in</strong></span> <span class='ocrx_word' id='word_1_530' title='bbox 1473 3713 1728 3784; x_wconf 88' lang='lat' dir='ltr'><strong>sepulcro</strong></span> <span class='ocrx_word' id='word_1_531' title='bbox 1775 3715 1997 3771; x_wconf 89' lang='lat' dir='ltr'><strong>clausus</strong></span> <span class='ocrx_word' id='word_1_532' title='bbox 2028 3714 2190 3770; x_wconf 88' lang='lat' dir='ltr'><strong>fuerit</strong></span> <span class='ocrx_word' id='word_1_533' title='bbox 2217 3735 2232 3770; x_wconf 95' lang='lat'><strong>:</strong></span> 
     </span>
    </p>
   </div>
   <div class='ocr_carea' id='block_1_71' title="bbox 669 3801 2232 3876">
    <p class='ocr_par' dir='ltr' id='par_1_71' title="bbox 669 3801 2232 3876">
     <span class='ocr_line' id='line_1_71' title="bbox 669 3801 2232 3876; baseline 0.007 -25"><span class='ocrx_word' id='word_1_534' title='bbox 669 3814 766 3870; x_wconf 84' lang='lat' dir='ltr'><strong>per</strong></span> <span class='ocrx_word' id='word_1_535' title='bbox 794 3815 916 3869; x_wconf 82' lang='lat' dir='ltr'><strong>quae</strong></span> <span class='ocrx_word' id='word_1_536' title='bbox 963 3801 1018 3855; x_wconf 93' lang='lat' dir='ltr'><strong>in</strong></span> <span class='ocrx_word' id='word_1_537' title='bbox 1042 3801 1254 3870; x_wconf 88' lang='lat' dir='ltr'><strong>judicio</strong></span> <span class='ocrx_word' id='word_1_538' title='bbox 1284 3811 1339 3858; x_wconf 92' lang='lat' dir='ltr'><strong>et</strong></span> <span class='ocrx_word' id='word_1_539' title='bbox 1361 3802 1598 3871; x_wconf 75' lang='lat' dir='ltr'><strong>iustitia,</strong></span> <span class='ocrx_word' id='word_1_540' title='bbox 1639 3815 1700 3860; x_wconf 91' lang='lat' dir='ltr'><strong>ut</strong></span> <span class='ocrx_word' id='word_1_541' title='bbox 1745 3807 2011 3876; x_wconf 89' lang='lat' dir='ltr'><strong>scriptum</strong></span> <span class='ocrx_word' id='word_1_542' title='bbox 2042 3815 2126 3861; x_wconf 90' lang='lat' dir='ltr'><strong>est</strong></span> <span class='ocrx_word' id='word_1_543' title='bbox 2149 3807 2193 3838; x_wconf 84' lang='lat'>”</span> <span class='ocrx_word' id='word_1_544' title='bbox 2217 3846 2232 3872; x_wconf 94' lang='lat'><strong>,</strong></span> 
     </span>
    </p>
   </div>
   <div class='ocr_carea' id='block_1_72' title="bbox 671 3889 2239 3969">
    <p class='ocr_par' dir='ltr' id='par_1_72' title="bbox 671 3889 2239 3969">
     <span class='ocr_line' id='line_1_72' title="bbox 671 3889 2239 3969; baseline 0.008 -26"><span class='ocrx_word' id='word_1_545' title='bbox 671 3889 999 3945; x_wconf 86' lang='lat' dir='ltr'><strong>homicidam</strong></span> <span class='ocrx_word' id='word_1_546' title='bbox 1028 3907 1093 3946; x_wconf 91' lang='lat' dir='ltr'><strong>ac</strong></span> <span class='ocrx_word' id='word_1_547' title='bbox 1114 3895 1409 3964; x_wconf 89' lang='lat' dir='ltr'><strong>superbum</strong></span> <span class='ocrx_word' id='word_1_548' title='bbox 1440 3894 1695 3951; x_wconf 87' lang='lat' dir='ltr'><strong>Satanam</strong></span> <span class='ocrx_word' id='word_1_549' title='bbox 1723 3899 2049 3969; x_wconf 82' lang='lat' dir='ltr'><strong>proﬂigavit,</strong></span> <span class='ocrx_word' id='word_1_550' title='bbox 2077 3908 2239 3969; x_wconf 88' lang='lat' dir='ltr'><strong>teque</strong></span> 
     </span>
    </p>
   </div>
   <div class='ocr_carea' id='block_1_73' title="bbox 669 3982 2241 4060">
    <p class='ocr_par' dir='ltr' id='par_1_73' title="bbox 669 3982 2241 4060">
     <span class='ocr_line' id='line_1_73' title="bbox 669 3982 2241 4060; baseline 0.006 -24"><span class='ocrx_word' id='word_1_551' title='bbox 669 3997 734 4036; x_wconf 73' lang='lat' dir='ltr'><strong>ex</strong></span> <span class='ocrx_word' id='word_1_552' title='bbox 762 3982 930 4047; x_wconf 89' lang='lat' dir='ltr'><strong>illius,</strong></span> <span class='ocrx_word' id='word_1_553' title='bbox 958 3999 990 4038; x_wconf 89' lang='lat' dir='ltr'><strong>a</strong></span> <span class='ocrx_word' id='word_1_554' title='bbox 1024 3999 1134 4054; x_wconf 92' lang='lat' dir='ltr'><strong>quo</strong></span> <span class='ocrx_word' id='word_1_555' title='bbox 1163 3984 1349 4043; x_wconf 89' lang='lat' dir='ltr'><strong>fueras</strong></span> <span class='ocrx_word' id='word_1_556' title='bbox 1378 3988 1659 4059; x_wconf 87' lang='lat' dir='ltr'><strong>deceptus,</strong></span> <span class='ocrx_word' id='word_1_557' title='bbox 1694 3992 1978 4060; x_wconf 86' lang='lat' dir='ltr'><strong>tyrannide</strong></span> <span class='ocrx_word' id='word_1_558' title='bbox 2007 3991 2241 4046; x_wconf 84' lang='lat' dir='ltr'><strong>crudeli-</strong></span> 
     </span>
    </p>
   </div>
   <div class='ocr_carea' id='block_1_74' title="bbox 671 4074 2239 4153">
    <p class='ocr_par' dir='ltr' id='par_1_74' title="bbox 671 4074 2239 4153">
     <span class='ocr_line' id='line_1_74' title="bbox 671 4074 2239 4153; baseline 0.008 -27"><span class='ocrx_word' id='word_1_559' title='bbox 671 4088 780 4145; x_wconf 79' lang='lat' dir='ltr'><strong>que</strong></span> <span class='ocrx_word' id='word_1_560' title='bbox 799 4074 1079 4128; x_wconf 87' lang='lat' dir='ltr'><strong>dominatu</strong></span> <span class='ocrx_word' id='word_1_561' title='bbox 1105 4075 1504 4135; x_wconf 86' lang='lat' dir='ltr'><strong>humanissime</strong></span> <span class='ocrx_word' id='word_1_562' title='bbox 1522 4078 1813 4135; x_wconf 86' lang='lat' dir='ltr'><strong>liberatum</strong></span> <span class='ocrx_word' id='word_1_563' title='bbox 1840 4080 1908 4135; x_wconf 86' lang='lat' dir='ltr'><strong>ad</strong></span> <span class='ocrx_word' id='word_1_564' title='bbox 1936 4082 2239 4153; x_wconf 86' lang='lat' dir='ltr'><strong>majestatis</strong></span> 
     </span>
    </p>
   </div>
   <div class='ocr_carea' id='block_1_75' title="bbox 669 4168 1317 4237">
    <p class='ocr_par' dir='ltr' id='par_1_75' title="bbox 669 4168 1317 4237">
     <span class='ocr_line' id='line_1_75' title="bbox 669 4168 1317 4237; baseline 0 -13"><span class='ocrx_word' id='word_1_565' title='bbox 669 4185 784 4224; x_wconf 76' lang='lat' dir='ltr'><strong>sua:</strong></span> <span class='ocrx_word' id='word_1_566' title='bbox 808 4168 1086 4237; x_wconf 83' lang='lat' dir='ltr'><strong>fastigium</strong></span> <span class='ocrx_word' id='word_1_567' title='bbox 1118 4171 1317 4225; x_wconf 83' lang='lat' dir='ltr'><strong>evexit.</strong></span> 
     </span>
    </p>
   </div>
   <div class='ocr_carea' id='block_1_76' title="bbox 739 4260 2242 4331">
    <p class='ocr_par' dir='ltr' id='par_1_76' title="bbox 739 4260 2242 4331">
     <span class='ocr_line' id='line_1_76' title="bbox 739 4260 2242 4331; baseline 0.005 -16"><span class='ocrx_word' id='word_1_568' title='bbox 739 4260 905 4331; x_wconf 64' lang='lat'><strong>258</strong></span> <span class='ocrx_word' id='word_1_569' title='bbox 927 4261 1084 4326; x_wconf 86' lang='lat' dir='ltr'><strong>Quod</strong></span> <span class='ocrx_word' id='word_1_570' title='bbox 1112 4271 1288 4318; x_wconf 87' lang='lat' dir='ltr'><strong>autem</strong></span> <span class='ocrx_word' id='word_1_571' title='bbox 1321 4262 1501 4318; x_wconf 89' lang='lat' dir='ltr'><strong>addit:</strong></span> <span class='ocrx_word' id='word_1_572' title='bbox 1541 4281 1561 4316; x_wconf 80' lang='grc' dir='ltr'><strong>ι</strong></span> <span class='ocrx_word' id='word_1_573' title='bbox 1596 4264 1734 4331; x_wconf 87' lang='lat' dir='ltr'><strong>Quia</strong></span> <span class='ocrx_word' id='word_1_574' title='bbox 1761 4267 1999 4324; x_wconf 88' lang='lat' dir='ltr'><strong>volucris</strong></span> <span class='ocrx_word' id='word_1_575' title='bbox 2022 4270 2143 4325; x_wconf 67' lang='lat' dir='ltr'><strong>caeli</strong></span> <span class='ocrx_word' id='word_1_576' title='bbox 2167 4268 2242 4326; x_wconf 89' lang='lat' dir='ltr'><strong>ef-</strong></span> 
     </span>
    </p>
   </div>
   <div class='ocr_carea' id='block_1_77' title="bbox 669 4351 2240 4426">
    <p class='ocr_par' dir='ltr' id='par_1_77' title="bbox 669 4351 2240 4426">
     <span class='ocr_line' id='line_1_77' title="bbox 669 4351 2240 4426; baseline 0.006 -20"><span class='ocrx_word' id='word_1_577' title='bbox 669 4351 805 4406; x_wconf 85' lang='lat' dir='ltr'><strong>feret</strong></span> <span class='ocrx_word' id='word_1_578' title='bbox 822 4367 1005 4407; x_wconf 86' lang='lat' dir='ltr'><strong>vocem</strong></span> <span class='ocrx_word' id='word_1_579' title='bbox 1025 4361 1192 4418; x_wconf 87' lang='lat' dir='ltr'><strong>tuam,</strong></span> <span class='ocrx_word' id='word_1_580' title='bbox 1208 4363 1263 4408; x_wconf 90' lang='lat' dir='ltr'><strong>et</strong></span> <span class='ocrx_word' id='word_1_581' title='bbox 1285 4355 1712 4426; x_wconf 76' lang='lat' dir='ltr'><strong>habens‘pennas</strong></span> <span class='ocrx_word' id='word_1_582' title='bbox 1727 4359 2058 4415; x_wconf 87' lang='lat' dir='ltr'><strong>renuntiabit</strong></span> <span class='ocrx_word' id='word_1_583' title='bbox 2078 4362 2240 4416; x_wconf 90' lang='lat' dir='ltr'><strong>verba</strong></span> 
     </span>
    </p>
   </div>
   <div class='ocr_carea' id='block_1_78' title="bbox 2336 3161 3876 3234">
    <p class='ocr_par' dir='ltr' id='par_1_78' title="bbox 2336 3161 3876 3234">
     <span class='ocr_line' id='line_1_78' title="bbox 2336 3161 3876 3234; baseline -0.003 -17"><span class='ocrx_word' id='word_1_584' title='bbox 2336 3164 2508 3234; x_wconf 82' lang='grc' dir='ltr'><strong>αὐτῆς</strong></span> <span class='ocrx_word' id='word_1_585' title='bbox 2537 3163 2631 3216; x_wconf 77' lang='grc' dir='ltr'><strong>καὶ</strong></span> <span class='ocrx_word' id='word_1_586' title='bbox 2660 3162 2797 3233; x_wconf 83' lang='grc' dir='ltr'><strong>πρὸς</strong></span> <span class='ocrx_word' id='word_1_587' title='bbox 2836 3161 3119 3233; x_wconf 85' lang='grc' dir='ltr'><strong>κρείττονα</strong></span> <span class='ocrx_word' id='word_1_588' title='bbox 3152 3161 3306 3231; x_wconf 79' lang='grc' dir='ltr'><strong>λῆξιν</strong></span> <span class='ocrx_word' id='word_1_589' title='bbox 3328 3163 3423 3214; x_wconf 70' lang='grc' dir='ltr'><strong>καὶ</strong></span> <span class='ocrx_word' id='word_1_590' title='bbox 3451 3161 3876 3214; x_wconf 75' lang='grc' dir='ltr'><strong>ἀποκατάστασιν.</strong></span> 
     </span>
    </p>
   </div>
   <div class='ocr_carea' id='block_1_79' title="bbox 2334 3252 3877 3326">
    <p class='ocr_par' dir='ltr' id='par_1_79' title="bbox 2334 3252 3877 3326">
     <span class='ocr_line' id='line_1_79' title="bbox 2334 3252 3877 3326; baseline -0.003 -17"><span class='ocrx_word' id='word_1_591' title='bbox 2334 3256 2484 3326; x_wconf 81' lang='grc' dir='ltr'><strong>Μηδὲ</strong></span> <span class='ocrx_word' id='word_1_592' title='bbox 2503 3257 2608 3323; x_wconf 85' lang='grc' dir='ltr'><strong>γὰρ</strong></span> <span class='ocrx_word' id='word_1_593' title='bbox 2636 3253 2859 3318; x_wconf 83' lang='grc' dir='ltr'><strong>ἀναξίαν</strong></span> <span class='ocrx_word' id='word_1_594' title='bbox 2887 3252 2982 3306; x_wconf 81' lang='grc' dir='ltr'><strong>τοῦ</strong></span> <span class='ocrx_word' id='word_1_595' title='bbox 3002 3253 3243 3307; x_wconf 84' lang='grc' dir='ltr'><strong>τοιούτου</strong></span> <span class='ocrx_word' id='word_1_596' title='bbox 3271 3253 3537 3324; x_wconf 83' lang='grc' dir='ltr'><strong>βασιλέως</strong></span> <span class='ocrx_word' id='word_1_597' title='bbox 3559 3252 3877 3321; x_wconf 78' lang='grc' dir='ltr'><strong>διενθυμηθῇς</strong></span> 
     </span>
    </p>
   </div>
   <div class='ocr_carea' id='block_1_80' title="bbox 2335 3344 3874 3417">
    <p class='ocr_par' dir='ltr' id='par_1_80' title="bbox 2335 3344 3874 3417">
     <span class='ocr_line' id='line_1_80' title="bbox 2335 3344 3874 3417; baseline -0.003 -17"><span class='ocrx_word' id='word_1_598' title='bbox 2335 3349 2395 3400; x_wconf 78' lang='grc' dir='ltr'><strong>ὲν</strong></span> <span class='ocrx_word' id='word_1_599' title='bbox 2417 3349 2528 3410; x_wconf 78' lang='grc' dir='ltr'><strong>τοῖς</strong></span> <span class='ocrx_word' id='word_1_600' title='bbox 2547 3345 2795 3416; x_wconf 84' lang='grc' dir='ltr'><strong>ταμείοις</strong></span> <span class='ocrx_word' id='word_1_601' title='bbox 2826 3345 2924 3416; x_wconf 82' lang='grc' dir='ltr'><strong>τῆς</strong></span> <span class='ocrx_word' id='word_1_602' title='bbox 2956 3348 3056 3417; x_wconf 77' lang='grc' dir='ltr'><strong>σῆς</strong></span> <span class='ocrx_word' id='word_1_603' title='bbox 3083 3345 3305 3416; x_wconf 87' lang='grc' dir='ltr'><strong>καρδίας</strong></span> <span class='ocrx_word' id='word_1_604' title='bbox 3340 3344 3480 3400; x_wconf 75' lang='grc' dir='ltr'><strong>εἶναι</strong></span> <span class='ocrx_word' id='word_1_605' title='bbox 3516 3347 3616 3416; x_wconf 77' lang='grc' dir='ltr'><strong>τὴν</strong></span> <span class='ocrx_word' id='word_1_606' title='bbox 3645 3344 3874 3414; x_wconf 82' lang='grc' dir='ltr'><strong>ἐνανθρώ-</strong></span> 
     </span>
    </p>
   </div>
   <div class='ocr_carea' id='block_1_81' title="bbox 2336 3436 3875 3512">
    <p class='ocr_par' dir='ltr' id='par_1_81' title="bbox 2336 3436 3875 3512">
     <span class='ocr_line' id='line_1_81' title="bbox 2336 3436 3875 3512; baseline -0.003 -20"><span class='ocrx_word' id='word_1_607' title='bbox 2336 3454 2533 3510; x_wconf 85' lang='grc' dir='ltr'><strong>πησιν·</strong></span> <span class='ocrx_word' id='word_1_608' title='bbox 2576 3437 2712 3509; x_wconf 84' lang='grc' dir='ltr'><strong>μηδὲ</strong></span> <span class='ocrx_word' id='word_1_609' title='bbox 2733 3436 3140 3510; x_wconf 79' lang='grc' dir='ltr'><strong>διαλοιδορὴσης</strong></span> <span class='ocrx_word' id='word_1_610' title='bbox 3170 3439 3290 3510; x_wconf 72' lang='grc' dir='ltr'><strong>ἦτοι</strong></span> <span class='ocrx_word' id='word_1_611' title='bbox 3313 3437 3787 3512; x_wconf 70' lang='grc' dir='ltr'><strong>δυσφημήσηςοτὴν</strong></span> <span class='ocrx_word' id='word_1_612' title='bbox 3811 3440 3875 3488; x_wconf 74' lang='grc' dir='ltr'><strong>ὲν-</strong></span> 
     </span>
    </p>
   </div>
   <div class='ocr_carea' id='block_1_82' title="bbox 2340 3528 3877 3601">
    <p class='ocr_par' dir='ltr' id='par_1_82' title="bbox 2340 3528 3877 3601">
     <span class='ocr_line' id='line_1_82' title="bbox 2340 3528 3877 3601; baseline -0.002 -18"><span class='ocrx_word' id='word_1_613' title='bbox 2340 3531 2663 3600; x_wconf 88' lang='grc' dir='ltr'><strong>σωμάτωσιν</strong></span> <span class='ocrx_word' id='word_1_614' title='bbox 2697 3528 2862 3583; x_wconf 77' lang='grc' dir='ltr'><strong>αὑτοῦ</strong></span> <span class='ocrx_word' id='word_1_615' title='bbox 2894 3531 2988 3583; x_wconf 76' lang='grc' dir='ltr'><strong>καὶ</strong></span> <span class='ocrx_word' id='word_1_616' title='bbox 3029 3529 3125 3600; x_wconf 80' lang='grc' dir='ltr'><strong>τὴν</strong></span> <span class='ocrx_word' id='word_1_617' title='bbox 3145 3528 3449 3584; x_wconf 75' lang='grc' dir='ltr'><strong>ἐθελούσιον</strong></span> <span class='ocrx_word' id='word_1_618' title='bbox 3498 3533 3782 3601; x_wconf 78' lang='grc' dir='ltr'><strong>ἀνάρτησιν</strong></span> <span class='ocrx_word' id='word_1_619' title='bbox 3809 3533 3877 3584; x_wconf 75' lang='grc' dir='ltr'><strong>ἐπὶ</strong></span> 
     </span>
    </p>
   </div>
   <div class='ocr_carea' id='block_1_83' title="bbox 2336 3618 3874 3694">
    <p class='ocr_par' dir='ltr' id='par_1_83' title="bbox 2336 3618 3874 3694">
     <span class='ocr_line' id='line_1_83' title="bbox 2336 3618 3874 3694; baseline -0.001 -19"><span class='ocrx_word' id='word_1_620' title='bbox 2336 3623 2431 3677; x_wconf 84' lang='grc' dir='ltr'><strong>τοῦ</strong></span> <span class='ocrx_word' id='word_1_621' title='bbox 2463 3621 2699 3692; x_wconf 82' lang='grc' dir='ltr'><strong>σταυροῦ</strong></span> <span class='ocrx_word' id='word_1_622' title='bbox 2727 3623 2819 3676; x_wconf 69' lang='grc' dir='ltr'><strong>κα)⁵</strong></span> <span class='ocrx_word' id='word_1_623' title='bbox 2837 3622 2935 3694; x_wconf 84' lang='grc' dir='ltr'><strong>τὴν</strong></span> <span class='ocrx_word' id='word_1_624' title='bbox 2955 3623 3251 3694; x_wconf 87' lang='grc' dir='ltr'><strong>τριήμερον</strong></span> <span class='ocrx_word' id='word_1_625' title='bbox 3275 3625 3450 3693; x_wconf 80' lang='grc' dir='ltr'><strong>ταφήν</strong></span> <span class='ocrx_word' id='word_1_626' title='bbox 3466 3638 3481 3652; x_wconf 77' lang='grc'><em>³</em></span> <span class='ocrx_word' id='word_1_627' title='bbox 3518 3624 3586 3677; x_wconf 83' lang='grc' dir='ltr'><strong>δι’</strong></span> <span class='ocrx_word' id='word_1_628' title='bbox 3610 3618 3681 3677; x_wconf 82' lang='grc' dir='ltr'><strong>ὧν</strong></span> <span class='ocrx_word' id='word_1_629' title='bbox 3707 3625 3788 3676; x_wconf 81' lang='grc' dir='ltr'><strong>τὸν</strong></span> <span class='ocrx_word' id='word_1_630' title='bbox 3806 3625 3874 3676; x_wconf 83' lang='grc' dir='ltr'><strong>ἁν-</strong></span> 
     </span>
    </p>
   </div>
   <div class='ocr_carea' id='block_1_84' title="bbox 2338 3719 3875 3792">
    <p class='ocr_par' dir='ltr' id='par_1_84' title="bbox 2338 3719 3875 3792">
     <span class='ocr_line' id='line_1_84' title="bbox 2338 3719 3875 3792; baseline 0 -20"><span class='ocrx_word' id='word_1_631' title='bbox 2338 3719 2714 3788; x_wconf 86' lang='grc' dir='ltr'><strong>θρωποκτόνον</strong></span> <span class='ocrx_word' id='word_1_632' title='bbox 2743 3721 2838 3772; x_wconf 79' lang='grc' dir='ltr'><strong>καὶ</strong></span> <span class='ocrx_word' id='word_1_633' title='bbox 2869 3720 3208 3791; x_wconf 77' lang='grc' dir='ltr'><strong>μεγάλαυχον</strong></span> <span class='ocrx_word' id='word_1_634' title='bbox 3240 3721 3544 3792; x_wconf 78' lang='grc' dir='ltr'><strong>κατέρραξε</strong></span> <span class='ocrx_word' id='word_1_635' title='bbox 3593 3721 3812 3774; x_wconf 82' lang='grc' dir='ltr'><strong>Σατανᾶν</strong></span> <span class='ocrx_word' id='word_1_636' title='bbox 3834 3722 3875 3772; x_wconf 80' lang='grc' dir='ltr'><strong>ἐν</strong></span> 
     </span>
    </p>
   </div>
   <div class='ocr_carea' id='block_1_85' title="bbox 2338 3810 3874 3885">
    <p class='ocr_par' dir='ltr' id='par_1_85' title="bbox 2338 3810 3874 3885">
     <span class='ocr_line' id='line_1_85' title="bbox 2338 3810 3874 3885; baseline 0 -20"><span class='ocrx_word' id='word_1_637' title='bbox 2338 3811 2519 3882; x_wconf 87' lang='grc' dir='ltr'><strong>κρίσει</strong></span> <span class='ocrx_word' id='word_1_638' title='bbox 2548 3811 2642 3864; x_wconf 79' lang='grc' dir='ltr'><strong>καὶ</strong></span> <span class='ocrx_word' id='word_1_639' title='bbox 2662 3810 2976 3883; x_wconf 79' lang='grc' dir='ltr'><strong>δικαιοσύνῃ</strong></span> <span class='ocrx_word' id='word_1_640' title='bbox 3012 3812 3153 3865; x_wconf 88' lang='grc' dir='ltr'><strong>κατὰ</strong></span> <span class='ocrx_word' id='word_1_641' title='bbox 3194 3812 3254 3866; x_wconf 83' lang='grc' dir='ltr'><strong>τὸ</strong></span> <span class='ocrx_word' id='word_1_642' title='bbox 3278 3815 3684 3885; x_wconf 77' lang='grc' dir='ltr'><strong>γεγραμμένον,</strong></span> <span class='ocrx_word' id='word_1_643' title='bbox 3708 3815 3874 3882; x_wconf 72' lang='grc' dir='ltr'><strong>καὶτῆς</strong></span> 
     </span>
    </p>
   </div>
   <div class='ocr_carea' id='block_1_86' title="bbox 2341 3904 3874 3975">
    <p class='ocr_par' dir='ltr' id='par_1_86' title="bbox 2341 3904 3874 3975">
     <span class='ocr_line' id='line_1_86' title="bbox 2341 3904 3874 3975; baseline -0.001 -18"><span class='ocrx_word' id='word_1_644' title='bbox 2341 3905 2550 3958; x_wconf 74' lang='grc' dir='ltr'><strong>ἐκείνου</strong></span> <span class='ocrx_word' id='word_1_645' title='bbox 2576 3904 2888 3973; x_wconf 87' lang='grc' dir='ltr'><strong>τυραννίδος</strong></span> <span class='ocrx_word' id='word_1_646' title='bbox 2916 3905 3010 3958; x_wconf 79' lang='grc' dir='ltr'><strong>καὶ</strong></span> <span class='ocrx_word' id='word_1_647' title='bbox 3035 3905 3229 3975; x_wconf 79' lang='grc' dir='ltr'><strong>λύττης</strong></span> <span class='ocrx_word' id='word_1_648' title='bbox 3253 3908 3345 3959; x_wconf 75' lang='grc' dir='ltr'><strong>καὶ</strong></span> <span class='ocrx_word' id='word_1_649' title='bbox 3375 3906 3814 3968; x_wconf 80' lang='grc' dir='ltr'><strong>καταδυναστείας</strong></span> <span class='ocrx_word' id='word_1_650' title='bbox 3833 3922 3874 3956; x_wconf 76' lang='grc' dir='ltr'><strong>σε</strong></span> 
     </span>
    </p>
   </div>
   <div class='ocr_carea' id='block_1_87' title="bbox 2338 3993 3875 4068">
    <p class='ocr_par' dir='ltr' id='par_1_87' title="bbox 2338 3993 3875 4068">
     <span class='ocr_line' id='line_1_87' title="bbox 2338 3993 3875 4068; baseline -0.001 -20"><span class='ocrx_word' id='word_1_651' title='bbox 2338 3994 2432 4048; x_wconf 80' lang='grc' dir='ltr'><strong>τὸν</strong></span> <span class='ocrx_word' id='word_1_652' title='bbox 2457 3994 2551 4048; x_wconf 75' lang='grc' dir='ltr'><strong>ὑπ’</strong></span> <span class='ocrx_word' id='word_1_653' title='bbox 2584 3993 2751 4048; x_wconf 83' lang='grc' dir='ltr'><strong>αὐτοῦ</strong></span> <span class='ocrx_word' id='word_1_654' title='bbox 2777 3996 3167 4063; x_wconf 83' lang='grc' dir='ltr'><strong>φενακισθέντα</strong></span> <span class='ocrx_word' id='word_1_655' title='bbox 3185 3995 3583 4068; x_wconf 86' lang='grc' dir='ltr'><strong>φιλανθρώπως</strong></span> <span class='ocrx_word' id='word_1_656' title='bbox 3607 3995 3875 4065; x_wconf 72' lang='grc' dir='ltr'><strong>ἀπελυτρώ-</strong></span> 
     </span>
    </p>
   </div>
   <div class='ocr_carea' id='block_1_88' title="bbox 2343 4084 3875 4158">
    <p class='ocr_par' dir='ltr' id='par_1_88' title="bbox 2343 4084 3875 4158">
     <span class='ocr_line' id='line_1_88' title="bbox 2343 4084 3875 4158; baseline 0.001 -22"><span class='ocrx_word' id='word_1_657' title='bbox 2343 4101 2496 4150; x_wconf 90' lang='grc' dir='ltr'><strong>σατο,</strong></span> <span class='ocrx_word' id='word_1_658' title='bbox 2527 4085 2620 4137; x_wconf 77' lang='grc' dir='ltr'><strong>καὶ</strong></span> <span class='ocrx_word' id='word_1_659' title='bbox 2649 4084 2787 4154; x_wconf 84' lang='grc' dir='ltr'><strong>πρὸς</strong></span> <span class='ocrx_word' id='word_1_660' title='bbox 2811 4085 2873 4138; x_wconf 81' lang='grc' dir='ltr'><strong>τὸ</strong></span> <span class='ocrx_word' id='word_1_661' title='bbox 2911 4085 3044 4156; x_wconf 68' lang='grc' dir='ltr'><strong>ὕψος</strong></span> <span class='ocrx_word' id='word_1_662' title='bbox 3072 4087 3170 4157; x_wconf 83' lang='grc' dir='ltr'><strong>τῆς</strong></span> <span class='ocrx_word' id='word_1_663' title='bbox 3230 4086 3365 4151; x_wconf 88' lang='grc' dir='ltr'><strong>ίδίας</strong></span> <span class='ocrx_word' id='word_1_664' title='bbox 3407 4088 3786 4158; x_wconf 76' lang='grc' dir='ltr'><strong>μεγαλωσύνης</strong></span> <span class='ocrx_word' id='word_1_665' title='bbox 3806 4087 3875 4138; x_wconf 77' lang='grc' dir='ltr'><strong>ἀν-</strong></span> 
     </span>
    </p>
   </div>
   <div class='ocr_carea' id='block_1_89' title="bbox 2340 4174 2568 4244">
    <p class='ocr_par' dir='ltr' id='par_1_89' title="bbox 2340 4174 2568 4244">
     <span class='ocr_line' id='line_1_89' title="bbox 2340 4174 2568 4244; baseline 0.013 -17"><span class='ocrx_word' id='word_1_666' title='bbox 2340 4174 2568 4244; x_wconf 84' lang='grc' dir='ltr'><strong>ήγαγεν.</strong></span> 
     </span>
    </p>
   </div>
   <div class='ocr_carea' id='block_1_90' title="bbox 2415 4261 3870 4341">
    <p class='ocr_par' dir='ltr' id='par_1_90' title="bbox 2415 4261 3870 4341">
     <span class='ocr_line' id='line_1_90' title="bbox 2415 4261 3870 4341; baseline 0.002 -25"><span class='ocrx_word' id='word_1_667' title='bbox 2415 4263 2480 4316; x_wconf 91' lang='grc' dir='ltr'><strong>Ὃ</strong></span> <span class='ocrx_word' id='word_1_668' title='bbox 2509 4261 2566 4314; x_wconf 85' lang='grc' dir='ltr'><strong>δέ</strong></span> <span class='ocrx_word' id='word_1_669' title='bbox 2606 4279 2791 4332; x_wconf 87' lang='grc' dir='ltr'><strong>φησιν,</strong></span> <span class='ocrx_word' id='word_1_670' title='bbox 2830 4280 2849 4314; x_wconf 83' lang='grc' dir='ltr'><strong>ι</strong></span> <span class='ocrx_word' id='word_1_671' title='bbox 2881 4262 3005 4315; x_wconf 88' lang='grc' dir='ltr'><strong>Ὅτι</strong></span> <span class='ocrx_word' id='word_1_672' title='bbox 3035 4264 3284 4318; x_wconf 80' lang='grc' dir='ltr'><strong>πετεινδν</strong></span> <span class='ocrx_word' id='word_1_673' title='bbox 3316 4265 3409 4319; x_wconf 80' lang='grc' dir='ltr'><strong>τοῦ</strong></span> <span class='ocrx_word' id='word_1_674' title='bbox 3440 4267 3675 4339; x_wconf 81' lang='grc' dir='ltr'><strong>οὐρανοῦ</strong></span> <span class='ocrx_word' id='word_1_675' title='bbox 3703 4269 3870 4341; x_wconf 76' lang='grc' dir='ltr'><strong>ἀποίσῃ</strong></span> 
     </span>
    </p>
   </div>
   <div class='ocr_carea' id='block_1_91' title="bbox 2341 4358 3875 4434">
    <p class='ocr_par' dir='ltr' id='par_1_91' title="bbox 2341 4358 3875 4434">
     <span class='ocr_line' id='line_1_91' title="bbox 2341 4358 3875 4434; baseline 0.003 -23"><span class='ocrx_word' id='word_1_676' title='bbox 2341 4358 2440 4429; x_wconf 82' lang='grc' dir='ltr'><strong>τὴν</strong></span> <span class='ocrx_word' id='word_1_677' title='bbox 2467 4359 2652 4431; x_wconf 75' lang='grc' dir='ltr'><strong>φωνήν</strong></span> <span class='ocrx_word' id='word_1_678' title='bbox 2694 4375 2811 4423; x_wconf 92' lang='grc' dir='ltr'>σου,</span> <span class='ocrx_word' id='word_1_679' title='bbox 2851 4360 2945 4413; x_wconf 76' lang='grc' dir='ltr'><strong>καὶ</strong></span> <span class='ocrx_word' id='word_1_680' title='bbox 2969 4359 2997 4411; x_wconf 85' lang='grc' dir='ltr'><strong>ὀ</strong></span> <span class='ocrx_word' id='word_1_681' title='bbox 3018 4360 3118 4423; x_wconf 85' lang='grc' dir='ltr'><strong>τὰς</strong></span> <span class='ocrx_word' id='word_1_682' title='bbox 3141 4361 3421 4432; x_wconf 85' lang='grc' dir='ltr'><strong>πτέρυγας</strong></span> <span class='ocrx_word' id='word_1_683' title='bbox 3451 4363 3595 4434; x_wconf 76' lang='grc' dir='ltr'><strong>ἔχων</strong></span> <span class='ocrx_word' id='word_1_684' title='bbox 3617 4365 3875 4433; x_wconf 83' lang='grc' dir='ltr'><strong>ἀπαγγελεί</strong></span> 
     </span>
    </p>
   </div>
   <div class='ocr_carea' id='block_1_92' title="bbox 671 4444 2232 4525">
    <p class='ocr_par' dir='ltr' id='par_1_92' title="bbox 671 4444 2232 4525">
     <span class='ocr_line' id='line_1_92' title="bbox 671 4444 2232 4525; baseline 0.009 -28"><span class='ocrx_word' id='word_1_685' title='bbox 671 4454 785 4507; x_wconf 89' lang='lat' dir='ltr'><strong>tua,</strong></span> <span class='ocrx_word' id='word_1_686' title='bbox 827 4461 848 4494; x_wconf 76' lang='grc' dir='ltr'><strong>ι</strong></span> <span class='ocrx_word' id='word_1_687' title='bbox 882 4444 1158 4498; x_wconf 87' lang='lat' dir='ltr'><strong>diabolum</strong></span> <span class='ocrx_word' id='word_1_688' title='bbox 1193 4447 1482 4503; x_wconf 85' lang='lat' dir='ltr'><strong>manifesto</strong></span> <span class='ocrx_word' id='word_1_689' title='bbox 1530 4451 1799 4520; x_wconf 86' lang='lat' dir='ltr'><strong>signiﬁcat</strong></span> <span class='ocrx_word' id='word_1_690' title='bbox 1826 4464 1879 4506; x_wconf 86' lang='lat' dir='ltr'><strong>et</strong></span> <span class='ocrx_word' id='word_1_691' title='bbox 1916 4454 2094 4508; x_wconf 86' lang='lat' dir='ltr'><strong>socios</strong></span> <span class='ocrx_word' id='word_1_692' title='bbox 2121 4457 2232 4525; x_wconf 83' lang='lat' dir='ltr'><strong>ejus</strong></span> 
     </span>
    </p>
   </div>
   <div class='ocr_carea' id='block_1_93' title="bbox 2325 4444 3871 4525">
    <p class='ocr_par' dir='ltr' id='par_1_93' title="bbox 2344 4449 3871 4517">
     <span class='ocr_line' id='line_1_93' title="bbox 2344 4449 3871 4517; baseline 0.002 -13"><span class='ocrx_word' id='word_1_693' title='bbox 2344 4451 2500 4517; x_wconf 88' lang='grc' dir='ltr'><strong>λόγον</strong></span> <span class='ocrx_word' id='word_1_694' title='bbox 2529 4469 2646 4517; x_wconf 92' lang='grc' dir='ltr'><strong>σου,</strong></span> <span class='ocrx_word' id='word_1_695' title='bbox 2691 4470 2708 4503; x_wconf 75' lang='grc' dir='ltr'><strong>ι</strong></span> <span class='ocrx_word' id='word_1_696' title='bbox 2743 4449 2838 4504; x_wconf 78' lang='grc' dir='ltr'><strong>τοῦ</strong></span> <span class='ocrx_word' id='word_1_697' title='bbox 2871 4451 3117 4505; x_wconf 79' lang='grc' dir='ltr'><strong>διαϐόλου</strong></span> <span class='ocrx_word' id='word_1_698' title='bbox 3153 4453 3376 4508; x_wconf 75' lang='grc' dir='ltr'><strong>καὶτῶν</strong></span> <span class='ocrx_word' id='word_1_699' title='bbox 3402 4456 3713 4510; x_wconf 85' lang='grc' dir='ltr'><strong>συνοπαδῶν</strong></span> <span class='ocrx_word' id='word_1_700' title='bbox 3739 4456 3871 4509; x_wconf 74' lang='grc' dir='ltr'><strong>αὑτοῦ</strong></span> 
     </span>
    </p>
   </div>
   <div class='ocr_carea' id='block_1_94' title="bbox 671 4532 2241 4612">
    <p class='ocr_par' dir='ltr' id='par_1_94' title="bbox 671 4532 2241 4612">
     <span class='ocr_line' id='line_1_94' title="bbox 671 4532 2241 4612; baseline 0.009 -27"><span class='ocrx_word' id='word_1_701' title='bbox 671 4532 939 4602; x_wconf 85' lang='lat' dir='ltr'><strong>malignos</strong></span> <span class='ocrx_word' id='word_1_702' title='bbox 983 4533 1259 4590; x_wconf 70' lang='lat' dir='ltr'><strong>datmones</strong></span> <span class='ocrx_word' id='word_1_703' title='bbox 1311 4551 1433 4606; x_wconf 75' lang='lat' dir='ltr'><strong>qua:</strong></span> <span class='ocrx_word' id='word_1_704' title='bbox 1476 4538 1759 4608; x_wconf 90' lang='lat' dir='ltr'><strong>loquaris,</strong></span> <span class='ocrx_word' id='word_1_705' title='bbox 1804 4551 1858 4596; x_wconf 90' lang='lat' dir='ltr'><strong>et</strong></span> <span class='ocrx_word' id='word_1_706' title='bbox 1890 4594 1896 4601; x_wconf 83' lang='lat'><strong>.</strong></span> <span class='ocrx_word' id='word_1_707' title='bbox 1925 4559 2047 4612; x_wconf 73' lang='lat' dir='ltr'><strong>qua:</strong></span> <span class='ocrx_word' id='word_1_708' title='bbox 2076 4546 2241 4600; x_wconf 88' lang='lat' dir='ltr'><strong>etiam</strong></span> 
     </span>
    </p>
   </div>
   <div class='ocr_carea' id='block_1_95' title="bbox 672 4624 2242 4700">
    <p class='ocr_par' dir='ltr' id='par_1_95' title="bbox 672 4624 2242 4700">
     <span class='ocr_line' id='line_1_95' title="bbox 672 4624 2242 4700; baseline 0.009 -22"><span class='ocrx_word' id='word_1_709' title='bbox 672 4624 880 4694; x_wconf 82' lang='lat' dir='ltr'><strong>cogites</strong></span> <span class='ocrx_word' id='word_1_710' title='bbox 909 4624 1292 4681; x_wconf 81' lang='lat' dir='ltr'><strong>observantes:</strong></span> <span class='ocrx_word' id='word_1_711' title='bbox 1328 4629 1423 4697; x_wconf 91' lang='lat' dir='ltr'><strong>qui</strong></span> <span class='ocrx_word' id='word_1_712' title='bbox 1477 4637 1739 4700; x_wconf 89' lang='lat' dir='ltr'><strong>tanquam</strong></span> <span class='ocrx_word' id='word_1_713' title='bbox 1793 4635 1954 4689; x_wconf 74' lang='lat' dir='ltr'><strong>aeria:</strong></span> <span class='ocrx_word' id='word_1_714' title='bbox 1995 4637 2242 4692; x_wconf 88' lang='lat' dir='ltr'><strong>volucres</strong></span> 
     </span>
    </p>
   </div>
   <div class='ocr_carea' id='block_1_96' title="bbox 673 4713 2245 4798">
    <p class='ocr_par' dir='ltr' id='par_1_96' title="bbox 673 4713 2245 4798">
     <span class='ocr_line' id='line_1_96' title="bbox 673 4713 2245 4798; baseline 0.009 -29"><span class='ocrx_word' id='word_1_715' title='bbox 673 4713 903 4770; x_wconf 82' lang='lat' dir='ltr'><strong>insidias</strong></span> <span class='ocrx_word' id='word_1_716' title='bbox 949 4723 1173 4770; x_wconf 88' lang='lat' dir='ltr'><strong>struunt</strong></span> <span class='ocrx_word' id='word_1_717' title='bbox 1203 4726 1257 4771; x_wconf 92' lang='lat' dir='ltr'><strong>et</strong></span> <span class='ocrx_word' id='word_1_718' title='bbox 1307 4717 1721 4786; x_wconf 89' lang='lat' dir='ltr'><strong>circumvolant,</strong></span> <span class='ocrx_word' id='word_1_719' title='bbox 1761 4722 1879 4780; x_wconf 81' lang='lat' dir='ltr'><strong>sine</strong></span> <span class='ocrx_word' id='word_1_720' title='bbox 1920 4725 2026 4780; x_wconf 89' lang='lat' dir='ltr'><strong>ulla</strong></span> <span class='ocrx_word' id='word_1_721' title='bbox 2065 4727 2245 4798; x_wconf 89' lang='lat' dir='ltr'><strong>quiete</strong></span> 
     </span>
    </p>
   </div>
   <div class='ocr_carea' id='block_1_97' title="bbox 672 4805 2244 4888">
    <p class='ocr_par' dir='ltr' id='par_1_97' title="bbox 672 4805 2244 4888">
     <span class='ocr_line' id='line_1_97' title="bbox 672 4805 2244 4888; baseline 0.011 -31"><span class='ocrx_word' id='word_1_722' title='bbox 672 4805 988 4876; x_wconf 84' lang='lat' dir='ltr'><strong>vigilantes:</strong></span> <span class='ocrx_word' id='word_1_723' title='bbox 1016 4816 1071 4862; x_wconf 87' lang='lat' dir='ltr'><strong>et</strong></span> <span class='ocrx_word' id='word_1_724' title='bbox 1108 4808 1198 4874; x_wconf 91' lang='lat' dir='ltr'><strong>iis,</strong></span> <span class='ocrx_word' id='word_1_725' title='bbox 1230 4810 1324 4879; x_wconf 89' lang='lat' dir='ltr'><strong>qui</strong></span> <span class='ocrx_word' id='word_1_726' title='bbox 1353 4810 1522 4866; x_wconf 90' lang='lat' dir='ltr'><strong>Deum</strong></span> <span class='ocrx_word' id='word_1_727' title='bbox 1554 4821 1760 4881; x_wconf 86' lang='lat' dir='ltr'><strong>amant,</strong></span> <span class='ocrx_word' id='word_1_728' title='bbox 1803 4815 2004 4872; x_wconf 89' lang='lat' dir='ltr'><strong>infensi</strong></span> <span class='ocrx_word' id='word_1_729' title='bbox 2030 4834 2244 4888; x_wconf 87' lang='lat' dir='ltr'><strong>semper</strong></span> 
     </span>
    </p>
   </div>
   <div class='ocr_carea' id='block_1_98' title="bbox 671 4899 2238 4978">
    <p class='ocr_par' dir='ltr' id='par_1_98' title="bbox 671 4899 2238 4978">
     <span class='ocr_line' id='line_1_98' title="bbox 671 4899 2238 4978; baseline 0.01 -27"><span class='ocrx_word' id='word_1_730' title='bbox 671 4909 835 4967; x_wconf 82' lang='lat' dir='ltr'><strong>atque</strong></span> <span class='ocrx_word' id='word_1_731' title='bbox 864 4899 1167 4968; x_wconf 87' lang='lat' dir='ltr'><strong>terribiles;</strong></span> <span class='ocrx_word' id='word_1_732' title='bbox 1196 4901 1287 4956; x_wconf 91' lang='lat' dir='ltr'><strong>ubi</strong></span> <span class='ocrx_word' id='word_1_733' title='bbox 1335 4902 1700 4974; x_wconf 78' lang='lat' dir='ltr'><strong>dignoverint,</strong></span> <span class='ocrx_word' id='word_1_734' title='bbox 1743 4907 1905 4962; x_wconf 89' lang='lat' dir='ltr'><strong>verba</strong></span> <span class='ocrx_word' id='word_1_735' title='bbox 1932 4908 2095 4978; x_wconf 88' lang='lat' dir='ltr'><strong>impia</strong></span> <span class='ocrx_word' id='word_1_736' title='bbox 2138 4911 2238 4966; x_wconf 84' lang='lat' dir='ltr'><strong>ad-</strong></span> 
     </span>
    </p>
   </div>
   <div class='ocr_carea' id='block_1_99' title="bbox 669 4994 2240 5072">
    <p class='ocr_par' dir='ltr' id='par_1_99' title="bbox 669 4994 2240 5072">
     <span class='ocr_line' id='line_1_99' title="bbox 669 4994 2240 5072; baseline 0.011 -30"><span class='ocrx_word' id='word_1_737' title='bbox 669 5003 864 5045; x_wconf 85' lang='lat' dir='ltr'><strong>versus</strong></span> <span class='ocrx_word' id='word_1_738' title='bbox 904 5006 1109 5063; x_wconf 88' lang='lat' dir='ltr'><strong>regem,</strong></span> <span class='ocrx_word' id='word_1_739' title='bbox 1148 4994 1217 5049; x_wconf 92' lang='lat' dir='ltr'><strong>de</strong></span> <span class='ocrx_word' id='word_1_740' title='bbox 1253 5010 1363 5065; x_wconf 92' lang='lat' dir='ltr'><strong>quo</strong></span> <span class='ocrx_word' id='word_1_741' title='bbox 1409 4997 1644 5067; x_wconf 85' lang='lat' dir='ltr'><strong>agimus,</strong></span> <span class='ocrx_word' id='word_1_742' title='bbox 1691 4999 1758 5053; x_wconf 91' lang='lat' dir='ltr'><strong>ab</strong></span> <span class='ocrx_word' id='word_1_743' title='bbox 1793 5000 1976 5070; x_wconf 91' lang='lat' dir='ltr'><strong>aliquo</strong></span> <span class='ocrx_word' id='word_1_744' title='bbox 2028 5003 2240 5072; x_wconf 90' lang='lat' dir='ltr'><strong>prolata</strong></span> 
     </span>
    </p>
   </div>
   <div class='ocr_carea' id='block_1_100' title="bbox 669 5085 2242 5161">
    <p class='ocr_par' dir='ltr' id='par_1_100' title="bbox 669 5085 2242 5161">
     <span class='ocr_line' id='line_1_100' title="bbox 669 5085 2242 5161; baseline 0.011 -28"><span class='ocrx_word' id='word_1_745' title='bbox 669 5093 814 5147; x_wconf 86' lang='lat' dir='ltr'><strong>esse,</strong></span> <span class='ocrx_word' id='word_1_746' title='bbox 846 5091 942 5138; x_wconf 86' lang='lat' dir='ltr'><strong>aut</strong></span> <span class='ocrx_word' id='word_1_747' title='bbox 993 5085 1163 5140; x_wconf 84' lang='lat' dir='ltr'><strong>malas</strong></span> <span class='ocrx_word' id='word_1_748' title='bbox 1193 5087 1549 5156; x_wconf 88' lang='lat' dir='ltr'><strong>cogitationes</strong></span> <span class='ocrx_word' id='word_1_749' title='bbox 1579 5089 1632 5143; x_wconf 92' lang='lat' dir='ltr'><strong>in</strong></span> <span class='ocrx_word' id='word_1_750' title='bbox 1673 5090 1840 5145; x_wconf 91' lang='lat' dir='ltr'><strong>animi</strong></span> <span class='ocrx_word' id='word_1_751' title='bbox 1874 5096 2242 5161; x_wconf 89' lang='lat' dir='ltr'><strong>penetralibus</strong></span> 
     </span>
    </p>
   </div>
   <div class='ocr_carea' id='block_1_101' title="bbox 672 5177 2240 5254">
    <p class='ocr_par' dir='ltr' id='par_1_101' title="bbox 672 5177 2240 5254">
     <span class='ocr_line' id='line_1_101' title="bbox 672 5177 2240 5254; baseline 0.009 -30"><span class='ocrx_word' id='word_1_752' title='bbox 672 5181 941 5241; x_wconf 80' lang='lat' dir='ltr'><strong>receptas,</strong></span> <span class='ocrx_word' id='word_1_753' title='bbox 973 5177 1222 5245; x_wconf 83' lang='lat' dir='ltr'><strong>exemplo</strong></span> <span class='ocrx_word' id='word_1_754' title='bbox 1243 5179 1309 5232; x_wconf 91' lang='lat' dir='ltr'><strong>ad</strong></span> <span class='ocrx_word' id='word_1_755' title='bbox 1339 5179 1712 5234; x_wconf 88' lang='lat' dir='ltr'><strong>accusandum</strong></span> <span class='ocrx_word' id='word_1_756' title='bbox 1739 5181 2050 5250; x_wconf 88' lang='lat' dir='ltr'><strong>prosiliunt,</strong></span> <span class='ocrx_word' id='word_1_757' title='bbox 2081 5186 2240 5254; x_wconf 89' lang='lat' dir='ltr'><strong>quid-</strong></span> 
     </span>
    </p>
   </div>
   <div class='ocr_carea' id='block_1_102' title="bbox 671 5259 2278 5344">
    <p class='ocr_par' dir='ltr' id='par_1_102' title="bbox 671 5259 2278 5344">
     <span class='ocr_line' id='line_1_102' title="bbox 671 5259 2278 5344; baseline 0.012 -31"><span class='ocrx_word' id='word_1_758' title='bbox 671 5259 805 5330; x_wconf 79' lang='lat' dir='ltr'><strong>quid</strong></span> <span class='ocrx_word' id='word_1_759' title='bbox 850 5261 897 5316; x_wconf 90' lang='lat' dir='ltr'><strong>is</strong></span> <span class='ocrx_word' id='word_1_760' title='bbox 947 5268 1031 5318; x_wconf 89' lang='lat' dir='ltr'><strong>vel</strong></span> <span class='ocrx_word' id='word_1_761' title='bbox 1086 5265 1302 5323; x_wconf 87' lang='lat' dir='ltr'><strong>locutus</strong></span> <span class='ocrx_word' id='word_1_762' title='bbox 1345 5267 1512 5324; x_wconf 86' lang='lat' dir='ltr'><strong>fuerit</strong></span> <span class='ocrx_word' id='word_1_763' title='bbox 1551 5270 1636 5324; x_wconf 87' lang='lat' dir='ltr'><strong>vel</strong></span> <span class='ocrx_word' id='word_1_764' title='bbox 1682 5280 1864 5326; x_wconf 90' lang='lat' dir='ltr'><strong>mente</strong></span> <span class='ocrx_word' id='word_1_765' title='bbox 1902 5266 2278 5344; x_wconf 34' lang='lat' dir='ltr'><strong>conceperit!</strong></span> 
     </span>
    </p>
   </div>
   <div class='ocr_carea' id='block_1_103' title="bbox 672 5353 2242 5438">
    <p class='ocr_par' dir='ltr' id='par_1_103' title="bbox 672 5353 2242 5438">
     <span class='ocr_line' id='line_1_103' title="bbox 672 5353 2242 5438; baseline 0.011 -33"><span class='ocrx_word' id='word_1_766' title='bbox 672 5365 783 5406; x_wconf 87' lang='lat' dir='ltr'><strong>non</strong></span> <span class='ocrx_word' id='word_1_767' title='bbox 826 5353 955 5423; x_wconf 85' lang='lat' dir='ltr'><strong>quia</strong></span> <span class='ocrx_word' id='word_1_768' title='bbox 999 5354 1301 5415; x_wconf 85' lang='lat' dir='ltr'><strong>invisibiles</strong></span> <span class='ocrx_word' id='word_1_769' title='bbox 1346 5361 1511 5415; x_wconf 87' lang='lat' dir='ltr'><strong>animi</strong></span> <span class='ocrx_word' id='word_1_770' title='bbox 1551 5361 1908 5432; x_wconf 76' lang='lat' dir='ltr'><strong>cegitationes</strong></span> <span class='ocrx_word' id='word_1_771' title='bbox 1945 5365 2022 5419; x_wconf 91' lang='lat' dir='ltr'><strong>illi</strong></span> <span class='ocrx_word' id='word_1_772' title='bbox 2072 5367 2242 5438; x_wconf 66' lang='lat' dir='ltr'><strong>inspio</strong></span> 
     </span>
    </p>
   </div>
   <div class='ocr_carea' id='block_1_104' title="bbox 673 5442 2242 5525">
    <p class='ocr_par' dir='ltr' id='par_1_104' title="bbox 673 5442 2242 5525">
     <span class='ocr_line' id='line_1_104' title="bbox 673 5442 2242 5525; baseline 0.012 -31"><span class='ocrx_word' id='word_1_773' title='bbox 673 5442 825 5496; x_wconf 89' lang='lat' dir='ltr'><strong>ciant</strong></span> <span class='ocrx_word' id='word_1_774' title='bbox 845 5453 1010 5515; x_wconf 86' lang='lat' dir='ltr'><strong>atque</strong></span> <span class='ocrx_word' id='word_1_775' title='bbox 1037 5460 1404 5516; x_wconf 81' lang='lat' dir='ltr'><strong>cognoscant:</strong></span> <span class='ocrx_word' id='word_1_776' title='bbox 1447 5452 1499 5508; x_wconf 93' lang='lat' dir='ltr'><strong>id</strong></span> <span class='ocrx_word' id='word_1_777' title='bbox 1550 5455 1694 5507; x_wconf 85' lang='lat' dir='ltr'><strong>enim</strong></span> <span class='ocrx_word' id='word_1_778' title='bbox 1728 5470 1889 5509; x_wconf 90' lang='lat' dir='ltr'><strong>nemo</strong></span> <span class='ocrx_word' id='word_1_779' title='bbox 1914 5466 2103 5525; x_wconf 87' lang='lat' dir='ltr'><strong>putare</strong></span> <span class='ocrx_word' id='word_1_780' title='bbox 2123 5475 2242 5513; x_wconf 89' lang='lat' dir='ltr'><strong>om-</strong></span> 
     </span>
    </p>
   </div>
   <div class='ocr_carea' id='block_1_105' title="bbox 674 5529 2239 5614">
    <p class='ocr_par' dir='ltr' id='par_1_105' title="bbox 674 5529 2239 5614">
     <span class='ocr_line' id='line_1_105' title="bbox 674 5529 2239 5614; baseline 0.011 -30"><span class='ocrx_word' id='word_1_781' title='bbox 674 5529 806 5586; x_wconf 84' lang='lat' dir='ltr'><strong>nino</strong></span> <span class='ocrx_word' id='word_1_782' title='bbox 843 5532 1005 5588; x_wconf 88' lang='lat' dir='ltr'><strong>debet</strong></span> <span class='ocrx_word' id='word_1_783' title='bbox 1062 5537 1208 5605; x_wconf 79' lang='lat'><strong>(97);</strong></span> <span class='ocrx_word' id='word_1_784' title='bbox 1261 5540 1356 5595; x_wconf 88' lang='lat' dir='ltr'><strong>sed</strong></span> <span class='ocrx_word' id='word_1_785' title='bbox 1407 5542 1529 5610; x_wconf 86' lang='lat' dir='ltr'><strong>quia</strong></span> <span class='ocrx_word' id='word_1_786' title='bbox 1581 5543 1835 5598; x_wconf 68' lang='lat' dir='ltr'><strong>admissae</strong></span> <span class='ocrx_word' id='word_1_787' title='bbox 1878 5561 2049 5600; x_wconf 90' lang='lat' dir='ltr'><strong>necne</strong></span> <span class='ocrx_word' id='word_1_788' title='bbox 2092 5548 2239 5614; x_wconf 88' lang='lat' dir='ltr'><strong>siut,</strong></span> 
     </span>
    </p>
   </div>
   <div class='ocr_carea' id='block_1_106' title="bbox 2342 4537 3873 4616">
    <p class='ocr_par' dir='ltr' id='par_1_106' title="bbox 2342 4537 3873 4616">
     <span class='ocr_line' id='line_1_106' title="bbox 2342 4537 3873 4616; baseline 0 -27"><span class='ocrx_word' id='word_1_789' title='bbox 2342 4540 2436 4589; x_wconf 77' lang='grc' dir='ltr'><strong>καὶ</strong></span> <span class='ocrx_word' id='word_1_790' title='bbox 2465 4537 2775 4606; x_wconf 87' lang='grc' dir='ltr'><strong>μισοκάλων</strong></span> <span class='ocrx_word' id='word_1_791' title='bbox 2809 4537 3076 4608; x_wconf 84' lang='grc' dir='ltr'><strong>δαιμόνων</strong></span> <span class='ocrx_word' id='word_1_792' title='bbox 3121 4541 3220 4610; x_wconf 82' lang='grc' dir='ltr'><strong>τὴν</strong></span> <span class='ocrx_word' id='word_1_793' title='bbox 3260 4546 3644 4616; x_wconf 83' lang='grc' dir='ltr'><strong>παρατήρησιν</strong></span> <span class='ocrx_word' id='word_1_794' title='bbox 3685 4548 3780 4598; x_wconf 87' lang='grc' dir='ltr'><strong>τῶν</strong></span> <span class='ocrx_word' id='word_1_795' title='bbox 3817 4548 3873 4597; x_wconf 75' lang='grc' dir='ltr'><strong>ιε.</strong></span> 
     </span>
    </p>
   </div>
   <div class='ocr_carea' id='block_1_107' title="bbox 2341 4628 3871 4708">
    <p class='ocr_par' dir='ltr' id='par_1_107' title="bbox 2341 4628 3871 4708">
     <span class='ocr_line' id='line_1_107' title="bbox 2341 4628 3871 4708; baseline 0.005 -28"><span class='ocrx_word' id='word_1_796' title='bbox 2341 4628 2595 4699; x_wconf 88' lang='grc' dir='ltr'><strong>ρημένων</strong></span> <span class='ocrx_word' id='word_1_797' title='bbox 2643 4629 2818 4698; x_wconf 84' lang='grc' dir='ltr'><strong>λόγων</strong></span> <span class='ocrx_word' id='word_1_798' title='bbox 2843 4670 2858 4696; x_wconf 90' lang='grc'><strong>,</strong></span> <span class='ocrx_word' id='word_1_799' title='bbox 2897 4629 2975 4683; x_wconf 81' lang='grc' dir='ltr'><strong>ἔτι</strong></span> <span class='ocrx_word' id='word_1_800' title='bbox 3010 4648 3074 4699; x_wconf 87' lang='grc' dir='ltr'><strong>γε</strong></span> <span class='ocrx_word' id='word_1_801' title='bbox 3107 4632 3213 4703; x_wconf 79' lang='grc' dir='ltr'><strong>μὴν</strong></span> <span class='ocrx_word' id='word_1_802' title='bbox 3252 4633 3348 4687; x_wconf 79' lang='grc' dir='ltr'><strong>καὶ</strong></span> <span class='ocrx_word' id='word_1_803' title='bbox 3377 4635 3486 4689; x_wconf 88' lang='grc' dir='ltr'><strong>τῶν</strong></span> <span class='ocrx_word' id='word_1_804' title='bbox 3515 4638 3871 4708; x_wconf 79' lang='grc' dir='ltr'><strong>ἐνθυμημάτων</strong></span> 
     </span>
    </p>
   </div>
   <div class='ocr_carea' id='block_1_108' title="bbox 2340 4721 3870 4800">
    <p class='ocr_par' dir='ltr' id='par_1_108' title="bbox 2340 4721 3870 4800">
     <span class='ocr_line' id='line_1_108' title="bbox 2340 4721 3870 4800; baseline 0.004 -27"><span class='ocrx_word' id='word_1_805' title='bbox 2340 4721 2633 4775; x_wconf 87' lang='grc' dir='ltr'><strong>αίνίττεται</strong></span> <span class='ocrx_word' id='word_1_806' title='bbox 2663 4723 2977 4794; x_wconf 75' lang='grc' dir='ltr'><strong>προφανῶς,</strong></span> <span class='ocrx_word' id='word_1_807' title='bbox 3003 4723 3052 4776; x_wconf 86' lang='grc' dir='ltr'><strong>οἳ</strong></span> <span class='ocrx_word' id='word_1_808' title='bbox 3081 4724 3238 4795; x_wconf 86' lang='grc' dir='ltr'><strong>δίκην</strong></span> <span class='ocrx_word' id='word_1_809' title='bbox 3265 4728 3532 4781; x_wconf 84' lang='grc' dir='ltr'><strong>πετεινῶν</strong></span> <span class='ocrx_word' id='word_1_810' title='bbox 3557 4731 3748 4800; x_wconf 86' lang='grc' dir='ltr'><strong>ἀερίων</strong></span> <span class='ocrx_word' id='word_1_811' title='bbox 3771 4731 3870 4796; x_wconf 71' lang='grc' dir='ltr'><strong>ἐφι-</strong></span> 
     </span>
    </p>
   </div>
   <div class='ocr_carea' id='block_1_109' title="bbox 2340 4813 3870 4889">
    <p class='ocr_par' dir='ltr' id='par_1_109' title="bbox 2340 4813 3870 4889">
     <span class='ocr_line' id='line_1_109' title="bbox 2340 4813 3870 4889; baseline 0.004 -23"><span class='ocrx_word' id='word_1_812' title='bbox 2340 4813 2592 4883; x_wconf 87' lang='grc' dir='ltr'><strong>δρεύουσι</strong></span> <span class='ocrx_word' id='word_1_813' title='bbox 2622 4813 2716 4867; x_wconf 73' lang='grc' dir='ltr'><strong>καὶ</strong></span> <span class='ocrx_word' id='word_1_814' title='bbox 2769 4815 3184 4885; x_wconf 84' lang='grc' dir='ltr'><strong>περιίπτανται,</strong></span> <span class='ocrx_word' id='word_1_815' title='bbox 3229 4818 3682 4889; x_wconf 82' lang='grc' dir='ltr'><strong>διαγρυπνοῦντες</strong></span> <span class='ocrx_word' id='word_1_816' title='bbox 3727 4820 3870 4874; x_wconf 83' lang='grc' dir='ltr'><strong>ἀπαύ-</strong></span> 
     </span>
    </p>
   </div>
   <div class='ocr_carea' id='block_1_110' title="bbox 2349 4907 3869 4981">
    <p class='ocr_par' dir='ltr' id='par_1_110' title="bbox 2349 4907 3869 4981">
     <span class='ocr_line' id='line_1_110' title="bbox 2349 4907 3869 4981; baseline 0.003 -22"><span class='ocrx_word' id='word_1_817' title='bbox 2349 4924 2490 4969; x_wconf 87' lang='grc' dir='ltr'><strong>στως</strong></span> <span class='ocrx_word' id='word_1_818' title='bbox 2515 4907 2610 4960; x_wconf 76' lang='grc' dir='ltr'><strong>καὶ</strong></span> <span class='ocrx_word' id='word_1_819' title='bbox 2633 4907 2730 4978; x_wconf 78' lang='grc' dir='ltr'><strong>τὴν</strong></span> <span class='ocrx_word' id='word_1_820' title='bbox 2763 4908 2901 4978; x_wconf 86' lang='grc' dir='ltr'><strong>πρὸς</strong></span> <span class='ocrx_word' id='word_1_821' title='bbox 2934 4909 3062 4971; x_wconf 85' lang='grc' dir='ltr'><strong>τοὺς</strong></span> <span class='ocrx_word' id='word_1_822' title='bbox 3095 4909 3424 4976; x_wconf 85' lang='grc' dir='ltr'><strong>ἀγαπῶντας</strong></span> <span class='ocrx_word' id='word_1_823' title='bbox 3451 4911 3539 4964; x_wconf 81' lang='grc' dir='ltr'><strong>τὸν</strong></span> <span class='ocrx_word' id='word_1_824' title='bbox 3571 4912 3761 4981; x_wconf 80' lang='grc' dir='ltr'><strong>Κύριον</strong></span> <span class='ocrx_word' id='word_1_825' title='bbox 3781 4914 3869 4964; x_wconf 70' lang='grc' dir='ltr'><strong>ἐπι-</strong></span> 
     </span>
    </p>
   </div>
   <div class='ocr_carea' id='block_1_111' title="bbox 2349 4998 3868 5073">
    <p class='ocr_par' dir='ltr' id='par_1_111' title="bbox 2349 4998 3868 5073">
     <span class='ocr_line' id='line_1_111' title="bbox 2349 4998 3868 5073; baseline 0.001 -22"><span class='ocrx_word' id='word_1_826' title='bbox 2349 4998 2546 5069; x_wconf 81' lang='grc' dir='ltr'><strong>ϐουλὴν</strong></span> <span class='ocrx_word' id='word_1_827' title='bbox 2593 5000 2688 5052; x_wconf 75' lang='grc' dir='ltr'><strong>καὶ</strong></span> <span class='ocrx_word' id='word_1_828' title='bbox 2724 5000 3125 5072; x_wconf 88' lang='grc' dir='ltr'><strong>παρενόχλησιν</strong></span> <span class='ocrx_word' id='word_1_829' title='bbox 3162 5001 3378 5072; x_wconf 74' lang='grc' dir='ltr'><strong>ἔχοντες</strong></span> <span class='ocrx_word' id='word_1_830' title='bbox 3404 5019 3418 5033; x_wconf 90' lang='grc'><strong>·</strong></span> <span class='ocrx_word' id='word_1_831' title='bbox 3452 5005 3614 5072; x_wconf 77' lang='grc' dir='ltr'><strong>ἡνίκα</strong></span> <span class='ocrx_word' id='word_1_832' title='bbox 3655 5005 3868 5073; x_wconf 76' lang='grc' dir='ltr'><strong>διαγνῶσι</strong></span> 
     </span>
    </p>
   </div>
   <div class='ocr_carea' id='block_1_112' title="bbox 2350 5091 3867 5164">
    <p class='ocr_par' dir='ltr' id='par_1_112' title="bbox 2350 5091 3867 5164">
     <span class='ocr_line' id='line_1_112' title="bbox 2350 5091 3867 5164; baseline 0.001 -20"><span class='ocrx_word' id='word_1_833' title='bbox 2350 5092 2492 5145; x_wconf 87' lang='grc' dir='ltr'><strong>κατά</strong></span> <span class='ocrx_word' id='word_1_834' title='bbox 2519 5091 2613 5143; x_wconf 81' lang='grc' dir='ltr'><strong>τοῦ</strong></span> <span class='ocrx_word' id='word_1_835' title='bbox 2645 5091 3091 5162; x_wconf 75' lang='grc' dir='ltr'><strong>παραληφθέντος</strong></span> <span class='ocrx_word' id='word_1_836' title='bbox 3110 5096 3238 5164; x_wconf 79' lang='grc' dir='ltr'><strong>ἡμῖν</strong></span> <span class='ocrx_word' id='word_1_837' title='bbox 3267 5094 3532 5164; x_wconf 85' lang='grc' dir='ltr'><strong>βασιλέως</strong></span> <span class='ocrx_word' id='word_1_838' title='bbox 3565 5097 3744 5164; x_wconf 83' lang='grc' dir='ltr'><strong>λόγους</strong></span> <span class='ocrx_word' id='word_1_839' title='bbox 3769 5096 3867 5147; x_wconf 79' lang='grc' dir='ltr'><strong>δυσ-</strong></span> 
     </span>
    </p>
   </div>
   <div class='ocr_carea' id='block_1_113' title="bbox 2347 5183 3864 5258">
    <p class='ocr_par' dir='ltr' id='par_1_113' title="bbox 2347 5183 3864 5258">
     <span class='ocr_line' id='line_1_113' title="bbox 2347 5183 3864 5258; baseline 0.002 -25"><span class='ocrx_word' id='word_1_840' title='bbox 2347 5184 2562 5252; x_wconf 81' lang='grc' dir='ltr'><strong>φήμους</strong></span> <span class='ocrx_word' id='word_1_841' title='bbox 2615 5183 2950 5253; x_wconf 74' lang='grc' dir='ltr'><strong>εἰρημένους</strong></span> <span class='ocrx_word' id='word_1_842' title='bbox 2971 5187 3122 5256; x_wconf 79' lang='grc' dir='ltr'><strong>παρά</strong></span> <span class='ocrx_word' id='word_1_843' title='bbox 3140 5203 3305 5248; x_wconf 88' lang='grc' dir='ltr'><strong>τινος,</strong></span> <span class='ocrx_word' id='word_1_844' title='bbox 3336 5186 3368 5258; x_wconf 87' lang='grc' dir='ltr'>ἢ</span> <span class='ocrx_word' id='word_1_845' title='bbox 3407 5190 3646 5257; x_wconf 84' lang='grc' dir='ltr'><strong>πονηρὰς</strong></span> <span class='ocrx_word' id='word_1_846' title='bbox 3673 5187 3864 5253; x_wconf 73' lang='grc' dir='ltr'><strong>ἐνθυμή-</strong></span> 
     </span>
    </p>
   </div>
   <div class='ocr_carea' id='block_1_114' title="bbox 2351 5273 3864 5347">
    <p class='ocr_par' dir='ltr' id='par_1_114' title="bbox 2351 5273 3864 5347">
     <span class='ocr_line' id='line_1_114' title="bbox 2351 5273 3864 5347; baseline 0.003 -21"><span class='ocrx_word' id='word_1_847' title='bbox 2351 5290 2465 5335; x_wconf 89' lang='grc' dir='ltr'><strong>σεις</strong></span> <span class='ocrx_word' id='word_1_848' title='bbox 2495 5273 2552 5324; x_wconf 80' lang='grc' dir='ltr'><strong>ὲν</strong></span> <span class='ocrx_word' id='word_1_849' title='bbox 2579 5274 2692 5335; x_wconf 85' lang='grc' dir='ltr'><strong>τοῖς</strong></span> <span class='ocrx_word' id='word_1_850' title='bbox 2738 5273 2984 5344; x_wconf 84' lang='grc' dir='ltr'><strong>ταμείοις</strong></span> <span class='ocrx_word' id='word_1_851' title='bbox 3031 5277 3131 5345; x_wconf 82' lang='grc' dir='ltr'><strong>τῆς</strong></span> <span class='ocrx_word' id='word_1_852' title='bbox 3188 5275 3415 5344; x_wconf 87' lang='grc' dir='ltr'><strong>καρδίας</strong></span> <span class='ocrx_word' id='word_1_853' title='bbox 3458 5275 3864 5347; x_wconf 77' lang='grc' dir='ltr'><strong>παραδεχθέντας.</strong></span> 
     </span>
    </p>
   </div>
   <div class='ocr_carea' id='block_1_115' title="bbox 2345 5363 3864 5438">
    <p class='ocr_par' dir='ltr' id='par_1_115' title="bbox 2345 5363 3864 5438">
     <span class='ocr_line' id='line_1_115' title="bbox 2345 5363 3864 5438; baseline -0.004 -20"><span class='ocrx_word' id='word_1_854' title='bbox 2345 5368 2426 5429; x_wconf 83' lang='grc' dir='ltr'><strong>είς</strong></span> <span class='ocrx_word' id='word_1_855' title='bbox 2465 5365 2801 5436; x_wconf 87' lang='grc' dir='ltr'><strong>κατηγορίαν</strong></span> <span class='ocrx_word' id='word_1_856' title='bbox 2844 5369 3154 5438; x_wconf 89' lang='grc' dir='ltr'><strong>παραυτίκα</strong></span> <span class='ocrx_word' id='word_1_857' title='bbox 3203 5369 3593 5437; x_wconf 77' lang='grc' dir='ltr'><strong>προϐάλλονται</strong></span> <span class='ocrx_word' id='word_1_858' title='bbox 3634 5369 3757 5421; x_wconf 72' lang='grc' dir='ltr'><strong>κατὰ</strong></span> <span class='ocrx_word' id='word_1_859' title='bbox 3782 5363 3864 5416; x_wconf 80' lang='grc' dir='ltr'><strong>τῶν</strong></span> 
     </span>
    </p>
   </div>
   <div class='ocr_carea' id='block_1_116' title="bbox 2348 5456 3863 5532">
    <p class='ocr_par' dir='ltr' id='par_1_116' title="bbox 2348 5456 3863 5532">
     <span class='ocr_line' id='line_1_116' title="bbox 2348 5456 3863 5532; baseline -0.001 -22"><span class='ocrx_word' id='word_1_860' title='bbox 2348 5460 2696 5529; x_wconf 76' lang='grc' dir='ltr'><strong>λαλησάντων</strong></span> <span class='ocrx_word' id='word_1_861' title='bbox 2725 5458 2757 5528; x_wconf 81' lang='grc' dir='ltr'>ἢ</span> <span class='ocrx_word' id='word_1_862' title='bbox 2795 5460 3249 5530; x_wconf 79' lang='grc' dir='ltr'><strong>παραδεξομένων</strong></span> <span class='ocrx_word' id='word_1_863' title='bbox 3271 5478 3286 5492; x_wconf 74' lang='grc' dir='ltr'><strong>ο</strong></span> <span class='ocrx_word' id='word_1_864' title='bbox 3319 5463 3417 5532; x_wconf 83' lang='grc' dir='ltr'><strong>οὐχ</strong></span> <span class='ocrx_word' id='word_1_865' title='bbox 3450 5463 3524 5525; x_wconf 85' lang='grc' dir='ltr'><strong>ὡς</strong></span> <span class='ocrx_word' id='word_1_866' title='bbox 3561 5461 3662 5515; x_wconf 89' lang='grc' dir='ltr'><strong>τῶν</strong></span> <span class='ocrx_word' id='word_1_867' title='bbox 3687 5456 3863 5526; x_wconf 77' lang='grc' dir='ltr'><strong>ἀφανῶν</strong></span> 
     </span>
    </p>
   </div>
   <div class='ocr_carea' id='block_1_117' title="bbox 2347 5549 3859 5620">
    <p class='ocr_par' dir='ltr' id='par_1_117' title="bbox 2347 5549 3859 5620">
     <span class='ocr_line' id='line_1_117' title="bbox 2347 5549 3859 5620; baseline -0.005 -18"><span class='ocrx_word' id='word_1_868' title='bbox 2347 5549 2636 5620; x_wconf 86' lang='grc' dir='ltr'><strong>νοημάτων</strong></span> <span class='ocrx_word' id='word_1_869' title='bbox 2674 5549 2772 5616; x_wconf 81' lang='grc' dir='ltr'><strong>τῆς</strong></span> <span class='ocrx_word' id='word_1_870' title='bbox 2821 5549 3044 5620; x_wconf 83' lang='grc' dir='ltr'><strong>καρδίας</strong></span> <span class='ocrx_word' id='word_1_871' title='bbox 3074 5550 3226 5614; x_wconf 74' lang='grc' dir='ltr'><strong>ὄντες</strong></span> <span class='ocrx_word' id='word_1_872' title='bbox 3256 5551 3490 5604; x_wconf 77' lang='grc' dir='ltr'><strong>ἐπόπται</strong></span> <span class='ocrx_word' id='word_1_873' title='bbox 3518 5555 3608 5606; x_wconf 81' lang='grc' dir='ltr'><strong>καὶ</strong></span> <span class='ocrx_word' id='word_1_874' title='bbox 3630 5549 3859 5618; x_wconf 68' lang='grc' dir='ltr'><strong>γνὼστλι·</strong></span> 
     </span>
    </p>
   </div>
   <div class='ocr_carea' id='block_1_118' title="bbox 746 5642 2232 5729">
    <p class='ocr_par' dir='ltr' id='par_1_118' title="bbox 746 5642 2229 5722">
     <span class='ocr_line' id='line_1_118' title="bbox 746 5642 2229 5722; baseline 0.013 -26"><span class='ocrx_word' id='word_1_875' title='bbox 746 5642 792 5675; x_wconf 74' lang='grc'><strong>⁸⁸</strong></span> <span class='ocrx_word' id='word_1_876' title='bbox 811 5643 1132 5717; x_wconf 84' lang='lat' dir='ltr'><strong>Psal.cxl.v,</strong></span> <span class='ocrx_word' id='word_1_877' title='bbox 1167 5652 1252 5706; x_wconf 78' lang='grc'><strong>15.</strong></span> <span class='ocrx_word' id='word_1_878' title='bbox 1329 5654 1574 5709; x_wconf 78' lang='lat' dir='ltr'><strong>&quot;Matth.</strong></span> <span class='ocrx_word' id='word_1_879' title='bbox 1608 5669 1743 5722; x_wconf 76' lang='grc' dir='ltr'><strong>χιιι,</strong></span> <span class='ocrx_word' id='word_1_880' title='bbox 1774 5656 1863 5711; x_wconf 73' lang='grc'><strong>42.</strong></span> <span class='ocrx_word' id='word_1_881' title='bbox 1941 5657 1986 5692; x_wconf 81' lang='grc'><strong>¹⁶</strong></span> <span class='ocrx_word' id='word_1_882' title='bbox 2013 5657 2157 5714; x_wconf 83' lang='lat' dir='ltr'><strong>Psal.</strong></span> <span class='ocrx_word' id='word_1_883' title='bbox 2201 5680 2229 5717; x_wconf 85' lang='lat' dir='ltr'><strong>x</strong></span> 
     </span>
    </p>
   </div>
   <div class='ocr_carea' id='block_1_119' title="bbox 2325 5642 3034 5729">
    <p class='ocr_par' dir='ltr' id='par_1_119' title="bbox 2335 5660 3034 5729">
     <span class='ocr_line' id='line_1_119' title="bbox 2335 5660 3034 5729; baseline 0.006 -15"><span class='ocrx_word' id='word_1_884' title='bbox 2335 5707 2345 5724; x_wconf 85' lang='lat'><strong>,</strong></span> <span class='ocrx_word' id='word_1_885' title='bbox 2379 5661 2460 5714; x_wconf 79' lang='grc'><strong>10.</strong></span> <span class='ocrx_word' id='word_1_886' title='bbox 2540 5661 2582 5692; x_wconf 83' lang='grc'><strong>¹⁷</strong></span> <span class='ocrx_word' id='word_1_887' title='bbox 2617 5660 2760 5715; x_wconf 88' lang='lat' dir='ltr'><strong>Psal.</strong></span> <span class='ocrx_word' id='word_1_888' title='bbox 2795 5677 2939 5729; x_wconf 72' lang='grc' dir='ltr'><strong>ωαχ,</strong></span> <span class='ocrx_word' id='word_1_889' title='bbox 2981 5665 3034 5718; x_wconf 75' lang='grc'><strong>4.</strong></span> 
     </span>
    </p>
   </div>
   <div class='ocr_carea' id='block_1_120' title="bbox 737 5733 2227 5814">
    <p class='ocr_par' dir='ltr' id='par_1_120' title="bbox 737 5733 2227 5814">
     <span class='ocr_line' id='line_1_120' title="bbox 737 5733 2227 5814; baseline 0.015 -27"><span class='ocrx_word' id='word_1_890' title='bbox 737 5733 1019 5814; x_wconf 43' lang='lat' dir='ltr'><strong>.(9_7)_H:ec</strong></span> <span class='ocrx_word' id='word_1_891' title='bbox 1071 5757 1203 5798; x_wconf 90' lang='lat' dir='ltr'><strong>sane</strong></span> <span class='ocrx_word' id='word_1_892' title='bbox 1254 5757 1496 5801; x_wconf 84' lang='lat' dir='ltr'><strong>veterum</strong></span> <span class='ocrx_word' id='word_1_893' title='bbox 1550 5746 1768 5802; x_wconf 78' lang='lat' dir='ltr'><strong>Patrum</strong></span> <span class='ocrx_word' id='word_1_894' title='bbox 1821 5749 2066 5806; x_wconf 87' lang='lat' dir='ltr'><strong>doctrina</strong></span> <span class='ocrx_word' id='word_1_895' title='bbox 2125 5765 2227 5811; x_wconf 87' lang='lat' dir='ltr'><strong>cst.</strong></span> 
     </span>
    </p>
   </div>
   <div class='ocr_carea' id='block_1_121' title="bbox 678 5802 2239 5888">
    <p class='ocr_par' dir='ltr' id='par_1_121' title="bbox 678 5802 2239 5888">
     <span class='ocr_line' id='line_1_121' title="bbox 678 5802 2239 5888; baseline 0.013 -28"><span class='ocrx_word' id='word_1_896' title='bbox 678 5802 961 5878; x_wconf 65' lang='lat' dir='ltr'><strong>Diabolus,</strong></span> <span class='ocrx_word' id='word_1_897' title='bbox 989 5811 1164 5884; x_wconf 85' lang='lat' dir='ltr'><strong>inquit</strong></span> <span class='ocrx_word' id='word_1_898' title='bbox 1197 5814 1558 5886; x_wconf 72' lang='lat' dir='ltr'><strong>Hieronymus</strong></span> <span class='ocrx_word' id='word_1_899' title='bbox 1594 5819 1669 5885; x_wconf 91' lang='lat' dir='ltr'><strong>(in</strong></span> <span class='ocrx_word' id='word_1_900' title='bbox 1699 5802 1837 5888; x_wconf 86' lang='lat' dir='ltr'><strong>psal.</strong></span> <span class='ocrx_word' id='word_1_901' title='bbox 1865 5802 2081 5888; x_wconf 31' lang='lat' dir='ltr'><strong>xvi),—iii</strong></span> 
     </span>
    </p>
   </div>
   <div class='ocr_carea' id='block_1_122' title="bbox 2345 5754 3858 5829">
    <p class='ocr_par' dir='ltr' id='par_1_122' title="bbox 2345 5754 3858 5829">
     <span class='ocr_line' id='line_1_122' title="bbox 2345 5754 3858 5829; baseline -0.005 -21"><span class='ocrx_word' id='word_1_902' title='bbox 2345 5771 2428 5808; x_wconf 84' lang='lat' dir='ltr'><strong>ma</strong></span> <span class='ocrx_word' id='word_1_903' title='bbox 2467 5754 2799 5829; x_wconf 88' lang='lat' dir='ltr'><strong>intrinsecus</strong></span> <span class='ocrx_word' id='word_1_904' title='bbox 2832 5757 3024 5819; x_wconf 86' lang='lat' dir='ltr'><strong>nescit,</strong></span> <span class='ocrx_word' id='word_1_905' title='bbox 3054 5759 3196 5826; x_wconf 85' lang='lat' dir='ltr'><strong>quod</strong></span> <span class='ocrx_word' id='word_1_906' title='bbox 3226 5759 3426 5829; x_wconf 76' lang='lat' dir='ltr'><strong>COgitct</strong></span> <span class='ocrx_word' id='word_1_907' title='bbox 3471 5758 3642 5829; x_wconf 73' lang='lat' dir='ltr'><strong>homo,</strong></span> <span class='ocrx_word' id='word_1_908' title='bbox 3676 5755 3761 5806; x_wconf 78' lang='lat' dir='ltr'><strong>nisi</strong></span> <span class='ocrx_word' id='word_1_909' title='bbox 3787 5764 3858 5828; x_wconf 82' lang='lat' dir='ltr'><strong>per</strong></span> 
     </span>
    </p>
   </div>
   <div class='ocr_carea' id='block_1_123' title="bbox 2349 5825 3858 5895">
    <p class='ocr_par' dir='ltr' id='par_1_123' title="bbox 2349 5825 3858 5895">
     <span class='ocr_line' id='line_1_123' title="bbox 2349 5825 3858 5895; baseline -0.004 -15"><span class='ocrx_word' id='word_1_910' title='bbox 2349 5827 2652 5881; x_wconf 78' lang='lat' dir='ltr'><strong>exteriores</strong></span> <span class='ocrx_word' id='word_1_911' title='bbox 2711 5836 2892 5882; x_wconf 90' lang='lat' dir='ltr'><strong>motus</strong></span> <span class='ocrx_word' id='word_1_912' title='bbox 2949 5825 3234 5895; x_wconf 67' lang='lat' dir='ltr'><strong>intelligat.</strong></span> <span class='ocrx_word' id='word_1_913' title='bbox 3274 5825 3320 5882; x_wconf 65' lang='grc'><strong>»⁷</strong></span> <span class='ocrx_word' id='word_1_914' title='bbox 3346 5828 3553 5884; x_wconf 81' lang='lat' dir='ltr'><strong>Similia</strong></span> <span class='ocrx_word' id='word_1_915' title='bbox 3597 5825 3858 5882; x_wconf 76' lang='lat' dir='ltr'><strong>Gennadius</strong></span> 
     </span>
    </p>
   </div>
  </div>
