3846 6508
41 390 216 456 1125

1146 389 1225 447 IV
1261 387 1843 448 ECCLESIASTEN-
1864 413 1934 424 -
1965 390 2110 450 LIB.
2149 390 2252 450 IX.

3217 397 3355 463 1126

43 500 356 573 μηδαμῶς
421 499 579 554 τοῦτό
636 517 719 561 τις
774 499 986 570 οἰηθείη
1017 500 1078 552 τὸ
1122 501 1345 553 σύνολον
1372 519 1383 530 ο
1424 500 1563 553 ἀλλά
1590 500 1676 554 διά

1782 515 1912 570 quas
1941 500 2042 570 ipsi
2074 502 2344 570 objecere,
2388 500 2568 569 impia:
2607 502 2988 570 cogitationes,
3027 518 3088 558 ex
3135 505 3353 562 indit-iis

41 610 241 646 τινων
283 591 572 662 πμὸόλων
600 592 693 643 καὶ
725 591 970 659 σημείων
1005 591 1104 652 τὰς
1152 591 1245 643 ὑπ’
1275 590 1502 644 ἐκείνων
1532 607 1675 662 παρ-

43 683 513 755 εισκεκριμένας
541 681 900 751 βλασφήμους
937 681 1270 750 ἐνθυμήσεις
1313 681 1674 752 καταλαμὸά-

43 793 293 839 νοντες,
322 776 356 843 ἢ
387 771 802 843 παρεδέχθησαν
824 809 844 837 ,
873 770 906 842 ἢ
945 771 1211 843 μηδαμῶς
1237 787 1250 802 ·
1287 767 1410 826 εῐτά
1453 789 1620 844 φησιν
1645 774 1674 826 ό

49 866 251 934 σοφὸς
295 863 734 934 Ἐκκλησιαστής
757 898 774 915 .

1773 591 2102 661 quibusdam
2159 601 2323 659 atque
2379 591 2552 660 signis
2597 607 2985 662 assequuntur.
3020 597 3108 650 Ait
3153 597 3351 653 deinde

1773 685 1996 751 sapiens
2032 680 2394 737 Ecclesiastes
2416 700 2429 736 :

1619 976 1646 1044 ς)
1679 972 1823 1028 χιχ.

153 1070 558 1125 Ἀπόστειλον
594 1067 704 1120 τὸν
731 1065 914 1134 ἄρτον
946 1082 1062 1121 σου
1083 1065 1181 1119 ἐπὶ
1208 1066 1538 1135 πρόσωπον
1565 1065 1669 1119 τοῦ

49 1164 339 1227 ὕδατος,
366 1159 458 1212 ὅτι
511 1158 585 1213 ἐν
643 1157 862 1225 πλήθει
919 1157 1157 1227 ἡμερῶν
1213 1156 1498 1225 εὑρήσεις
1559 1159 1664 1211 at).

48 1259 206 1309 τόν.

155 1348 259 1409 Ὠς
278 1340 452 1414 οἶμαι,
482 1343 579 1397 καὶ⁵
625 1341 784 1395 τοῦτο
813 1339 999 1412 διττὴν
1028 1340 1139 1410 ἔχει
1172 1341 1272 1413 τὴν
1307 1341 1558 1411 ἐκδοχὴν,
1584 1342 1670 1394 ai-

56 1438 294 1508 σθητὴν
318 1435 561 1505 δηλονότι
587 1435 682 1486 καί⁵
725 1434 944 1503 νοητήν.
982 1433 1301 1502 Εἱσηγείται
1350 1432 1457 1501 γὰρ
1495 1434 1666 1502 μηδα-

61 1529 202 1595 μῶς
240 1527 586 1596 ἀδδηφαγους
644 1520 786 1576 εἶναι
818 1523 911 1576 καὶ
943 1524 1328 1591 παντοφέιγους
1355 1525 1481 1587 τοὺς
1507 1525 1666 1576 ἐπατ-

48 1631 269 1680 ῠντας,
319 1616 456 1669 ἀλλά
511 1614 808 1684 πειρᾶσθαι
859 1614 1022 1665 παντὶ
1053 1614 1231 1667 σθένει
1262 1619 1439 1668 πᾶσαν
1469 1616 1670 1685 ἐγκρά-

1836 1064 1966 1118 (ΣΑΡ.
2001 1061 2093 1115 XI.
2133 1061 2294 1116 Vsus.
2323 1062 2372 1115 i.
2409 1062 2562 1115 Mitte
2583 1081 2769 1132 panem
2793 1076 2938 1118 tuum
2966 1083 3124 1134 super
3153 1068 3343 1136 faciem

1766 1168 1939 1223 aqum,
1967 1153 2092 1219 quia
2131 1152 2186 1204 in
2222 1151 2562 1205 multitudine
2592 1153 2797 1205 dierum
2837 1154 3064 1207 invenies
3103 1156 3277 1209 illum.

1841 1323 1965 1378 llaec
1988 1340 2206 1394 quoque
2231 1323 2527 1392 duplicem,
2552 1333 2612 1378 ut
2657 1325 2916 1392 arbitror,
2937 1327 2992 1381 in
3023 1329 3346 1382 sententiam

1774 1417 1945 1487 accipi
1975 1426 2221 1486 possunt,
2253 1417 2306 1470 in
2333 1417 2648 1471 scnsibilem
2692 1433 2886 1487 nempe
2926 1434 2990 1472 ac
3028 1420 3348 1489 spiritalem.

1775 1507 1978 1562 Suadet
2032 1508 2176 1561 cnitn
2231 1507 2573 1562 auditoribus
2625 1511 2762 1574 suis,
2805 1524 2873 1563 ne
2928 1526 3152 1566 voraces
3192 1521 3352 1581 atque

1776 1598 2063 1652 helluones
2091 1613 2212 1652 esse
2238 1599 2422 1662 velint,
2453 1599 2547 1652 sed
2583 1614 2800 1654 omnetn
2827 1600 2881 1653 in
2904 1614 2970 1654 eo
3004 1616 3224 1669 operam
3258 1617 3353 1670 po-

55 1723 266 1767 τειαν,
296 1706 371 1767 ὡς
403 1704 651 1768 δυνατὺν,
685 1701 1008 1771 κατορθοῦν,
1041 1705 1132 1756 καὶ
1186 1706 1327 1757 κατὰ
1353 1706 1445 1757 τὸν
1481 1707 1671 1776 καιρὸν

1782 1699 1911 1744 nant
1961 1699 2040 1750 ut,
2079 1699 2344 1758 quantum
2380 1691 2494 1744 lieri
2536 1701 2734 1760 potest,
2786 1692 3124 1747 abstinentes
3148 1694 3277 1754 sint,
3298 1703 3352 1746 et

57 1799 177 1867 τῆς
208 1796 420 1868 τροφῆς
453 1794 847 1867 παραπέμπειν
883 1792 1038 1847 ῦδατι
1084 1793 1328 1865 αἰσθητῷ
1364 1795 1455 1847 τὸν
1484 1796 1668 1866 ἄρτον,

62 1889 230 1943 ἀλλὰ
260 1889 340 1960 μὴ
367 1887 728 1957 καταὸρίθειν
754 1885 846 1939 τὸν
883 1886 1010 1939 νοῦν
1034 1887 1121 1940 διὰ
1149 1886 1258 1940 τῶν
1279 1886 1669 1941 πολυτελεστέ-

65 1996 198 2049 ρων
232 1978 545 2050 βρωμάτων
578 1976 672 2029 καὶ
705 1976 806 2046 τῆς
849 1977 1193 2039 οἱνοποσίας·
1228 1977 1314 2029 ἵνα
1349 1978 1425 2046 μὴ
1453 1995 1671 2049 παρεμ-

65 2067 381 2136 ποδίζηται
414 2066 507 2119 καὶ
530 2065 667 2135 πρὸς
694 2063 796 2128 τάς
839 2064 1051 2134 ὑψηλὰς
1095 2065 1303 2118 ἀνιέναι
1345 2066 1439 2117 καὶ
1477 2068 1673 2136 νοητὰς

66 2160 352 2229 θεωρίας.
402 2158 545 2211 Ἀλλ’
597 2155 848 2225 ἐλαφρῶς
907 2156 1002 2208 καὶ
1061 2156 1281 2225 κούφως
1325 2155 1674 2228 διακειμένης

67 2251 182 2304 καὶ
217 2248 321 2318 τῆς
342 2248 436 2302 τοῦ
471 2247 724 2318 σώματος
753 2247 967 2317 φύσεως
991 2288 1006 2313 ,
1035 2247 1395 2312 ἀδιαλείπτως
1423 2250 1673 2320 σχολάζει

68 2345 214 2405 ταῖς
251 2344 586 2414 προσευχαῖς
616 2342 711 2394 καὶ
746 2343 869 2404 ταῖς
900 2341 1118 2411 δεήσεσι
1145 2344 1267 2406 ταῖς
1301 2343 1438 2414 πρὸς
1463 2343 1553 2396 τὸν
1580 2345 1673 2396 ἐπὶ

71 2435 316 2488 πάντων
346 2434 500 2486 Θεόν.
537 2434 596 2486 '0
638 2437 747 2504 γὰρ
800 2431 974 2496 οὕτως
1020 2433 1294 2488 διαπλέων
1323 2435 1546 2506 ἀϐαρῶς
1579 2437 1674 2490 κα)⁵

71 2525 314 2594 κούφως
337 2525 430 2578 τοῦ
459 2524 580 2594 βίου
608 2525 669 2578 τὸ
691 2525 947 2594 πέλαγος,
977 2525 1078 2596 τῆς
1099 2526 1355 2598 τοιαύτης
1377 2527 1672 2600 ἀπερίττου

73 2620 308 2690 διαίτης
359 2620 584 2690 εὑρήσει
616 2619 708 2672 τὸν
757 2619 1080 2690 ὀνησιφόρον
1134 2619 1344 2689 καρπὸν
1390 2620 1449 2673 ἐν
1481 2621 1674 2693 πλήθει

75 2711 204 2764 τῶν
227 2712 458 2764 ἀπασῶν
485 2711 710 2781 ἡμερῶν
743 2713 839 2780 τῆς
871 2711 1006 2774 ίδίας
1034 2710 1198 2780 ζωῆς.
1225 2713 1397 2766 Τοῦτο
1419 2714 1528 2784 γὰρ
1546 2715 1675 2786 ἐσή-

80 2821 268 2874 μανεν
329 2804 519 2867 εἰπὼν,
580 2823 598 2854 ι
631 2803 756 2856 Ὂτι
803 2805 862 2856 ἐν
913 2803 1111 2874 πλήθει
1157 2806 1381 2876 ἡμερῶν
1422 2807 1674 2878 εὑρήσεις

81 2912 121 2947 α
141 2897 157 2936 ἰ
168 2895 290 2947 τόν.
325 2912 345 2946 ι

1772 1794 1939 1847 quum
1997 1779 2191 1831 edendi
2228 1789 2443 1847 tempus
2493 1787 2597 1846 est,
2627 1795 2821 1849 panem
2861 1795 2987 1834 cum
3025 1797 3179 1850 aqua:
3220 1792 3351 1851 potu

1773 1869 2129 1939 conjungant,
2165 1884 2264 1924 nec
2297 1872 2856 1942 mentemexquisitis
2879 1873 3057 1943 epulis
3085 1883 3139 1930 et
3177 1876 3352 1930 multo

1771 1961 1901 2014 vino
1936 1961 2280 2030 deprimant:
2333 1977 2401 2016 ne
2450 1963 2839 2032 impedimento
2885 1966 3016 2030 sint,
3054 1969 3350 2035 quominus

1773 2055 1840 2106 ad
1860 2052 2125 2108 sublimes
2174 2068 2240 2108 ac
2299 2054 2574 2124 spiritales
2628 2055 3118 2125 contemplationes
3173 2059 3351 2113 inten-

1773 2142 1924 2196 dant.
1953 2142 2166 2212 Quippe
2202 2143 2354 2214 quia,
2381 2145 2428 2199 si
2461 2153 2656 2200 natura
2699 2146 2814 2214 ipsa
2839 2148 3086 2216 corporis
3117 2149 3252 2203 levis
3279 2151 3353 2205 sit

1773 2242 1828 2287 et
1858 2247 2021 2288 onere
2051 2248 2242 2299 vacua,
2276 2239 2330 2288 In
2361 2235 2617 2305 precibus
2667 2244 2830 2305 atque
2880 2237 3351 2295 obsecrationibus

1773 2337 1901 2394 erga
1927 2322 2098 2378 Deum
2144 2325 2387 2380 universi
2415 2326 2533 2380 sine
2566 2326 2974 2381 intermissione
3018 2343 3080 2384 se
3108 2338 3347 2384 exercet.

1773 2413 2068 2470 Enimvero
2116 2416 2208 2487 qui
2245 2416 2372 2471 vitae
2395 2417 2558 2487 hujus
2585 2432 2736 2472 mare
2765 2417 2846 2472 sic
2886 2418 3102 2489 navigat
3133 2421 3350 2489 expedi-

1774 2514 1864 2561 tus
1893 2516 2058 2576 atque
2079 2507 2440 2578 agilis,justa:
2487 2507 2758 2579 ejusmodi
2810 2507 3136 2580 frugalitatis
3187 2511 3352 2581 259

1775 2598 1962 2653 utilem
1997 2599 2236 2654 inveniet
2295 2599 2535 2655 fructum
2597 2600 2652 2654 in
2710 2600 3059 2655 multitudine
3102 2602 3349 2656 omnium

1775 2689 1992 2745 dierum
2034 2691 2159 2746 vita:
2200 2707 2343 2758 suae;
2399 2693 2451 2747 id
2492 2691 2638 2747 enim
2670 2707 2734 2747 ea
2784 2694 2950 2747 verba
2995 2693 3346 2764 significant:

1782 2801 1800 2835 ι
1832 2781 1972 2848 Quia
2001 2783 2056 2838 in
2087 2783 2436 2838 multitudine
2466 2783 2678 2839 dierum
2718 2783 2961 2840 invenies
2987 2785 3138 2839 illum
3159 2785 3290 2856 (98).
3324 2804 3343 2838 ι

177 2984 564 3054 Ἀναγωγικῶς
590 2985 646 3038 δὲ
675 2984 772 3055 τὴν
791 2984 888 3038 τοῦ
910 2984 1077 3056 ῥητοῦ
1099 2985 1428 3056 διασάφησιν
1447 2987 1673 3042 ἀποδοῦ-

1850 2985 1919 3038 At
1948 2983 1992 3038 si
2031 2982 2239 3037 dictum
2272 2982 2570 3037 secundum
2598 2997 2875 3054 anagogen
2906 2985 3178 3055 explicare
3212 2987 3347 3041 veli-

81 3096 184 3131 ναι
216 3078 552 3146 βουλόμενοι,
584 3077 823 3146 φαίημεν
850 3077 936 3142 ἂν,
955 3077 1027 3141 ὼς
1059 3078 1454 3148 παραπέμπειν
1482 3080 1577 3132 καὶ
1599 3079 1677 3131 δι-

82 3168 247 3220 δόναι
273 3167 350 3236 τῷ
381 3167 637 3219 πεινῶντι
663 3166 752 3218 τὸν
779 3166 964 3236 ἄρτον,
998 3167 1169 3237 ἧγουν
1191 3166 1558 3238 ἐλεημοσύνην
1590 3169 1682 3221 δα-

83 3257 231 3326 ψιλῆ
271 3261 449 3312 ποιεῖν
476 3257 611 3327 πρὸς
637 3258 766 3320 τοὺς
789 3257 988 3322 ἐνδεεῐς
1024 3259 1376 3329 μεμιγμένην
1409 3259 1488 3330 τῷ
1528 3260 1679 3314 ῦδατι

83 3352 207 3404 τῶν
266 3349 654 3420 προχεομένων
687 3348 939 3419 δακρύων
995 3348 1104 3402 ἀπὸ
1135 3349 1244 3402 τῶν
1283 3349 1596 3420 ὀφθαλμῶν,
1623 3352 1679 3404 ἐν

85 3441 178 3511 τῷ
231 3440 410 3512 καιρῷ
456 3441 563 3493 τῶν
611 3441 869 3493 αίνέσεων
899 3440 992 3493 κα)⁵
1020 3439 1342 3510 δοξολογιῶν
1371 3443 1467 3494 καλ⁵
1505 3437 1679 3512 προσ-

87 3533 282 3602 ευχῶν
341 3531 476 3602 πρὸς
512 3531 603 3584 τὸν
649 3531 744 3583 ἐπὶ
791 3533 1007 3584 πάντων
1049 3532 1184 3585 Θεόν
1210 3548 1225 3563 ⁸
1260 3532 1289 3585 ὃ
1336 3533 1430 3585 καὶ
1479 3533 1681 3604 μᾶλλον

88 3628 348 3692 αἰνίξατο
375 3627 574 3696 φήσας,
610 3641 630 3676 ι
679 3625 800 3677 Ἐπὶ
823 3625 1118 3694 πρόσωπον
1146 3623 1241 3678 τοῦ
1278 3625 1490 3690 ὕδατος.
1523 3644 1543 3677 ›
1573 3627 1675 3697 Σηο

97 3720 291 3790 μαίνει
323 3717 432 3788 γὰρ
468 3717 529 3770 τὸ
554 3717 642 3771 διὰ
669 3716 777 3770 τῶν
806 3715 1050 3787 παρειῶν
1079 3715 1174 3770 τοῦ
1205 3715 1500 3787 προσώπου
1533 3717 1680 3788 διερ-

95 3813 336 3883 χύμενον
363 3810 506 3880 ὕδωρ
536 3810 645 3864 τῶν
676 3809 910 3879 ῥεόντων
939 3809 1216 3881 δακρύων.
1243 3810 1403 3864 υῦτω
1436 3809 1543 3882 γάρ
1572 3809 1682 3863 τῶν

96 3903 435 3975 ἀμφοτέρων
471 3900 893 3971 συναπτομένων
934 3901 1206 3971 ἀλλήλοις,
1250 3901 1567 3970 ἐφέλκονται
1603 3900 1682 3969 τῷ

95 3994 462 4065 κατορθοῦντι
513 3993 612 4064 τὴν
664 3992 870 4046 ἀνωθεν
925 3993 1020 4046 καὶ
1054 3991 1207 4044 θείαν
1255 3991 1682 4061 εὐμένειαν,ῶς

96 4087 343 4141 ἀκοῦσαι
371 4083 597 4147 δικαίως
632 4083 816 4148 αὐτὸν,
847 4083 983 4153 ὅπερ
1021 4085 1048 4136 ὁ
1072 4082 1370 4154 Κορνήλιος
1424 4084 1680 4153 ῆκουσεν,

101 4199 128 4236 e
167 4182 238 4233 Ai.
297 4175 600 4248 προσευχαὶ
652 4175 748 4228 καὶ
795 4176 852 4227 αἱ
895 4174 1256 4246 ἐλεημοσύναι
1283 4191 1374 4226 σου
1407 4174 1682 4244 ἀνέϐησαν

97 4276 184 4335 εἰς
211 4271 556 4341 μνημόσυνον
579 4265 810 4320 ἐνώπιον
839 4264 932 4318 τοῦ
964 4265 1122 4319 Θεοῦ.
1157 4285 1174 4317 ι
1205 4265 1438 4336 Εύρήσει
1459 4266 1514 4318 δέ
1541 4266 1680 4318 πάν-

1779 3090 1922 3139 mus,
1945 3075 2086 3129 idem
2118 3090 2239 3128 esse
2267 3075 2512 3128 dicemus
2530 3075 2744 3129 mittere
2769 3077 2884 3130 sive
2929 3076 3060 3132 dare
3091 3079 3348 3133 esurienti

1779 3182 1997 3238 panem,
2029 3181 2093 3221 ac
2128 3168 2272 3236 large
2325 3166 2611 3236 egentibus
2645 3168 2993 3236 suppeditare
3042 3185 3195 3239 opem
3224 3187 3347 3224 cum

1779 3270 1919 3324 aqua
1949 3253 2298 3322 coniunctam
2335 3253 2717 3322 proﬂuentium
2765 3270 2830 3308 ex
2863 3255 3038 3310 oculis
3087 3257 3352 3328 lacrymao

1778 3357 1922 3407 rum,
1960 3342 2180 3412 quando
2213 3342 2267 3394 in
2311 3339 2514 3396 summi
2542 3340 2636 3394 Dei
2671 3341 2927 3397 laudibus
2974 3352 3030 3397 et
3065 3346 3351 3413 praeconiis

1779 3443 1944 3503 atque
2001 3432 2480 3487 obsecrationibus
2538 3446 2915 3502 occupamur:
2972 3434 3119 3504 quod
3178 3437 3353 3506 magis

1778 3527 1942 3581 etiam
1985 3525 2255 3595 expressit
2285 3539 2409 3578 cum
2442 3525 2517 3579 ait
2553 3543 2566 3578 :
2601 3543 2619 3575 ι
2666 3523 2842 3594 Super
2882 3525 3075 3580 faciem
3124 3542 3300 3597 aqua).
3327 3547 3346 3580 ι

1779 3617 1991 3686 Aquam
2019 3616 2165 3671 enim
2218 3615 2488 3686 signiﬁcat
2528 3615 2812 3670 ﬂuentium
2844 3616 3208 3686 lacrymarum
3258 3633 3355 3687 per

1780 3711 1967 3764 vultus
1999 3723 2166 3779 genas
2223 3710 2622 3763 decurrentem.
2676 3706 2811 3762 Nam
2862 3710 2905 3763 si
2952 3718 3178 3780 utraque
3214 3709 3355 3765 invi-

1781 3816 1897 3857 cem
1925 3801 2217 3869 conjuncta
2244 3800 2387 3866 sint,
2420 3816 2711 3869 supernam
2737 3801 3084 3871 divinumque
3109 3802 3355 3872 benigni-

1780 3903 1946 3948 tatem
1976 3901 2121 3947 recte
2153 3893 2330 3962 agenti
2367 3892 2685 3957 conciliant,
2734 3902 2795 3946 ut
2825 3894 3019 3947 merito
3041 3893 3158 3963 ipse
3187 3896 3352 3949 etiam

1781 3984 2075 4038 auditurus
2114 3983 2204 4046 sit,
2235 3982 2379 4052 quod
2412 3983 2696 4038 Cornelius
2734 3983 2974 4038 audivit:
3006 4001 3024 4034 ι
3064 3983 3354 4040 Orationes

1780 4085 1836 4129 et
1855 4076 2218 4145 eleemosyna:
2266 4083 2372 4128 tuae
2417 4074 2778 4130 ascenderunt
2830 4073 2882 4127 in
2937 4075 3251 4127 memoriam
3297 4076 3351 4130 in

1782 4172 2075 4233 conspectu
2132 4163 2222 4218 Dei
2271 4163 2405 4232 (99).
2452 4181 2470 4214 ι
2529 4162 2878 4231 lnvenietqne
2933 4163 3072 4216 idem
3127 4162 3352 4218 omnino

1782 4257 2148 4312 contentionis
2199 4256 2362 4324 hujus
2405 4264 2462 4310 et
2491 4270 2672 4324 opera:
2708 4254 2938 4308 fructum
2973 4254 3253 4323 perutilem
3289 4270 3353 4309 ac

99 4383 212 4426 τως
246 4368 271 4415 ὁ
298 4361 540 4422 τιιοῦτος
598 4357 692 4410 τὸν
741 4355 1056 4425 ὠφελοῦντα
1095 4357 1332 4427 μάλιστα
1363 4357 1456 4410 καὶ
1490 4373 1678 4408 σωστι-

1787 4351 2080 4406 salutarem
2123 4349 2175 4402 in
2215 4347 2563 4402 multitudine
2590 4347 2799 4401 dierum
2849 4347 2973 4400 vitae
3011 4362 3162 4412 suae;
3201 4363 3351 4412 nam,

99 4457 200 4511 κον
237 4457 448 4525 καρπδν
477 4452 578 4521 τῆς
631 4449 890 4520 τοιαύτης
942 4447 1228 4518 ἐνεργείας
1283 4449 1378 4502 καὶ
1427 4449 1682 4522 πράξεως

102 4609 303 4668 manu
335 4607 430 4675 (De
469 4605 613 4659 Eccl.
639 4605 816 4675 dogm.
845 4620 964 4675 cap.
1001 4603 1128 4672 8t):
1167 4622 1184 4655 ι
1229 4603 1477 4658 lnternas
1507 4604 1678 4658 animi

105 4682 468 4739 cogitationes
529 4677 803 4730 diabolum
860 4691 967 4728 non
1027 4675 1232 4739 videre,
1266 4675 1399 4726 certi
1435 4675 1678 4728 scimus:

106 4699 174 4735 ρο
216 4699 468 4733 ttaunncs
529 4699 803 4730 maluitqu
861 4699 967 4728 llUll
1031 4699 1232 4739 Vlucrc,
1266 4699 1399 4726 cum
1435 4699 1672 4728 sumus:

106 4699 470 4805 segmotibus
497 4761 591 4801 eas
619 4744 868 4814 corporis
896 4745 964 4798 ab
991 4745 1093 4814 illo
1125 4753 1178 4798 et
1209 4743 1559 4814 aﬂ'cgtionnm
1596 4746 1672 4797 in-

107 4821 272 4875 diciis
306 4817 511 4885 colligi,
547 4811 921 4885 experimento
962 4813 1288 4885 didicimus.
1326 4811 1546 4885 Secreta
1580 4829 1681 4885 au-

109 4901 220 4945 tem
256 4883 450 4944 cordis
493 4883 645 4941 solus
697 4887 787 4938 ille
849 4884 1019 4949 novit,
1048 4885 1113 4938 ad
1142 4899 1302 4952 quem
1325 4883 1524 4936 dicitur
1553 4902 1566 4936 :
1601 4883 1681 4937 'l‘u

109 4962 265 5017 solus
296 4959 442 5013 nosti
479 4955 641 5010 corda
676 4956 912 5009 ﬁliorum
941 4954 1245 5006 hominum.
1281 4971 1299 5003 ι
1335 4953 1412 5007 Ac
1440 4969 1504 5006 ne
1529 4953 1681 5006 Cra:-

111 5048 207 5085 cos
240 5029 527 5090 omittam,
562 5025 641 5079 sic
703 5025 970 5080 lsidorum
1035 5022 1365 5077 Pelusiotam
1422 5024 1678 5086 sensisse,

111 5117 176 5154 ex
203 5101 330 5168 ejus
366 5095 591 5168 epistola
640 5094 881 5168 56,_l_ibri
912 5107 1006 5168 λιι,
1056 5101 1396 5168 compertum
1416 5099 1534 5168 est
1555 5106 1581 5168 :_
1605 5094 1678 5144 Οὐ

110 5172 180 5223 τὰ
222 5157 369 5221 κατὰ
400 5157 667 5218 ’διάνοιαν
706 5157 866 5227 οἶδεν,
906 5157 950 5215 ὧ
999 5157 1276 5232 πραότατε
1301 5202 1315 5224 ,
1347 5161 1676 5232 όγδιάϐολος.

112 5240 230 5310 Τῆς
259 5239 372 5310 γὰρ
397 5236 554 5310 θείας,
570 5234 737 5304 μόνης
759 5235 876 5287 ἐστὶ
891 5231 1055 5310 τοῦτο
1074 5231 1349 5310 ἐξαίρετον
1360 5231 1677 5310 ﬂuvii-iusto;

112 5300 223 5378 τῆς
250 5300 354 5378 καῖ
379 5300 665 5378 πλαῌσάσῃς
694 5300 1040 5378 ’καταμόνας
1060 5302 1159 5364 τὰς
1200 5300 1439 5378 καρδίας
1481 5300 1642 5378 ἡμῶν
1662 5314 1676 5328 ο

113 5369 230 5430 ἀλλ’
257 5377 367 5430 ἀπὸ
407 5375 503 5444 τοῦ
549 5369 1159 5444 σώματοςκινημάτων
1214 5369 1299 5427 τὰν
1349 5369 1460 5444 τῆς,
1502 5369 1682 5439 ψυχῆς

113 5447 340 5518 θηρεύει
379 5439 740 5518 βουλεύματα.
770 5443 823 5518 Id
855 5451 937 5518 est
953 5439 980 5495 ἰ
1013 5441 1144 5518 Qua:
1173 5449 1343 5518 tuente
1377 5439 1678 5518 uoluunt-ur,

111 5509 204 5576 ea:
229 5535 258 5570 ο
287 5509 433 5576 boue.
471 5509 711 5567 diabolus
739 5513 950 5566 minime
977 5510 1136 5563 norit.
1166 5509 1278 5562 Hoc
1319 5510 1458 5564 enim
1489 5511 1681 5562 divina:

113 5590 385 5641 duntaxat
409 5585 674 5653 potentiae,
706 5599 823 5652 qure
851 5584 1009 5635 corda
1030 5591 1206 5653 nostra
1231 5580 1542 5653 singillatim
1579 5580 1680 5653 ﬁn:

109 5661 218 5719 xit,
254 5649 520 5724 peculiare
551 5664 660 5708 est:
692 5649 866 5708 verum
891 5667 955 5705 ea:
982 5650 1216 5718 corporis
1246 5649 1470 5703 motibus
1513 5649 1679 5702 animi

110 5727 339 5782 consilia
375 5735 610 5778 venatur.

187 5796 302 5866 (93)
351 5794 644 5866 Gregorius
667 5791 1122 5851 Neocaesariensis
1152 5805 1217 5848 eo
1260 5788 1362 5846 ista
1399 5789 1671 5859 pertinere

1791 4464 1810 4497 ι
1853 4442 1957 4510 Qui
1992 4442 2264 4497 seminant
2297 4440 2352 4495 in
2384 4439 2660 4510 lacrymis,
2709 4439 2763 4493 in
2820 4439 3181 4494 exsultatione
3234 4455 3352 4494 me-

1783 4602 2015 4673 putavit,
2042 4611 2102 4656 ut
2135 4616 2236 4656 nos
2257 4601 2540 4666 docerent,
2575 4601 2712 4656 bene
2739 4615 2955 4673 semper
2978 4599 3236 4673 collocari
3262 4601 3354 4673 be-

1787 4670 2301 4743 neﬁt-inm,quando
2337 4673 2524 4743 egenis
2547 4687 2704 4741 Opem
2739 4671 3058 4743 alierimus.
3082 4670 3172 4724 Sic
3206 4670 3349 4743 enim

1784 4741 2128 4824 @cclesiastfe
2185 4741 2399 4824 dictum
2456 4743 2755 4824 exposuit:
2802 4741 3098 4824 ξίοινωνξξν
3130 4757 3191 4824 γε
3215 4742 3354 4824 λμην

1782 4814 1948 4883 ἄρτου
2006 4813 2101 4866 κα)⁸
2143 4811 2251 4864 τῶν
2294 4810 2626 4880 ἀναγκαίων,
2655 4813 2691 4866 ἃ
2725 4811 2861 4880 πρὸς
2887 4810 2977 4883 τὸν
2998 4810 3121 4883 ⁸βίον
3142 4810 3353 4883 ἀνθρῴ-

1784 4879 1907 4945 ποις
1935 4883 2161 4935 δίκαιον.
2189 4883 2254 4952 Eri
2270 4883 2386 4952 γὰρ
2405 4879 2498 4936 καὶ
2529 4879 2842 4952 παραυτίκα
2867 4880 2975 4952 τισὶ
2991 4879 3351 4952 δόξεις

1782 4951 1959 5031 λύναι.
1994 4952 2187 5031 ὥσπερ
2227 4945 2382 5031 ὕδατι
2415 4945 3075 5031 τὸν-ἀρτρνπαριαδιδοὺς,
3105 4947 3219 5031 ἀλλ’
3257 4945 3351 5031 οὖν

1783 5022 2065 5090 προϊόντος
2093 5020 2188 5075 τοῦ
2234 5023 2452 5090 χρόνου,
2478 5020 2586 5074 οὐκ
2622 5020 2877 5090 ἀνόνητός
2925 5034 3004 5069 σοι
3039 5020 3286 5090 φανεῖται
3315 5021 3348 5090 ή

1782 5089 2183 5163 φιλανθρωπία.
2222 5089 2282 5144 Ιᾶ
2313 5103 2426 5163 est,
2461 5090 2677 5144 Iustum
2732 5089 2810 5144 est
2854 5097 3027 5140 autent
3059 5089 3228 5163 egenti
3255 5106 3350 5155 pa-

1782 5157 1920 5222 uem,
1952 5157 1996 5214 ei
2027 5178 2087 5214 ea
2132 5177 2249 5229 qua:
2279 5162 2348 5214 ad
2397 5163 2558 5215 vitam
2602 5163 2850 5215 tuendum
2890 5157 3345 5229 necessariasunt,

1781 5232 2060 5299 impertiri.
2093 5224 2344 5293 Quamvis
2392 5234 2530 5283 enim
2582 5232 2637 5283 id
2677 5231 2860 5285 statim
2913 5224 3202 5299 perdidisse
3239 5233 3351 5297 qui-

1783 5295 2001 5354 busdam
2037 5301 2285 5368 videaris,
2318 5300 2758 5368 quemadmodum
2785 5301 2831 5354 si
2865 5311 3048 5368 panem
3079 5295 3133 5368 iu
3157 5295 3348 5366 aquam

1782 5371 2096 5439 conjecisses
2121 5365 2347 5436 ,‘jameu
2375 5372 2622 5438 temporis
2647 5381 2924 5439 progressu
2953 5365 3350 5439 beneficentiam

1783 5436 2701 5514 tibihaudquaquanriufruetuosa—m
2713 5436 2876 5509 fuisse
2890 5436 3168 5514 comperies
3184 5438 3346 5514 tl.c_.)2

1780 5512 1846 5564 At
1879 5511 1988 5564 hoc
2007 5509 2202 5580 ipsum
2239 5508 2469 5580 subinde
2499 5509 2694 5565 Noster
2716 5508 2942 5580 quoque
2966 5508 3214 5580 attingit,
3243 5509 3349 5564 nisi

1781 5580 1926 5702 quola
1957 5577 2024 5632 ad
2043 5571 2342 5649 'anagogen
2363 5579 2549 5644 refert,
2606 5590 2660 5635 et
2727 5571 2921 5636 caetera
2950 5571 3058 5626 alio
3111 5571 3352 5651 Explicat

1782 5665 1870 5702 mo
1911 5666 1966 5702 ο.

1782 5665 1966 5704 111000.
2755 5702 2760 5708 .

1856 5721 1966 5788 (99)
1997 5719 2122 5796 Act.
2163 5735 2249 5789 ap.
2274 5734 2324 5796 c.
2359 5735 2429 5796 x_,
2449 5733 2514 5796 χ.
2547 5717 2601 5774 4.
2640 5716 2712 5796 ln_
2743 5717 2976 5789 vulgatis
3000 5721 3252 5796 legimus,
3283 5718 3352 5774 Al

1778 5792 2084 5862 προσευχαί
2115 5788 2211 5846 σου
2243 5791 2336 5845 καὶ
2364 5792 2420 5848 αἱ
2447 5788 2808 5863 ἐλεημοσύναι
2847 5788 3036 5852 σου....
