4114 6492
632 322 759 386 1131

1757 324 1817 383 S.
1844 321 2222 383 GREGORII
2262 322 2773 383 AGRIGENTINI

3761 327 3891 391 1132

628 462 803 510 mens,
842 457 963 510 qua:
1011 441 1329 512 longissime
1392 442 1694 505 distabant,
1741 440 1795 494 in
1852 438 2203 509 prudentium

2309 438 2407 509 τὴν
2432 436 2592 502 δόξαν
2630 437 2727 491 τοῦ
2754 438 3203 511 προσηλωθὲντος
3239 442 3297 493 ἐν
3334 439 3411 510 τῷ
3446 441 3731 512 σταυρικῷ
3755 444 3891 515 ξύλῳ

627 539 938 593 auditorum
987 535 1272 589 utilitatem
1326 542 1489 603 atque
1518 532 1751 586 salutem
1788 530 2198 601 prasnuntiavit.

627 633 713 685 Ait
749 628 965 683 deinde:

2313 529 2550 599 Χριστοῦ
2579 530 2647 584 δι’
2679 530 2887 599 ἄφατον
2917 531 3066 584 ἔλεον
3100 531 3195 584 καὶ
3224 532 3325 603 τὴν
3371 533 3757 605 ἀπολύτρωσιν
3802 537 3891 587 καὶ

2310 620 2411 692 τὴν
2466 624 2746 694 σωτηρίαν
2804 622 2901 676 τοῦ
2954 624 3148 691 γένους
3188 622 3298 677 τῶν
3344 625 3678 695 ἀνθρώπων.
3713 627 3892 690 Οὕτως

629 723 816 790 σαφῶς
866 721 1008 788 ἄγαν
1056 718 1126 771 τά
1172 717 1413 787 μυστικά
1459 717 1556 769 καὶ
1584 715 1869 788 παράδοξα
1933 713 2043 767 τῶν
2104 714 2455 784 πραγμάτων
2514 714 2543 766 6
2592 714 2754 783 σοφὸς
2799 713 3240 785 Ἐκκλησιαστὴς
3278 717 3405 777 ταῖς
3461 716 3755 785 αἰσθηταῖς
3775 718 3892 769 ὀνο-

632 816 860 883 μασίαις
888 812 1261 879 ἑξεικονίζων,
1292 811 1577 885 πόρρωθεν
1602 810 1673 864 τὰ
1700 808 1965 881 μέλλοντα
1998 806 2476 879 προκατήγγειλεν
2536 810 2618 871 είς
2677 807 2955 878 ὠφέλειαν
3016 808 3112 862 καὶ
3162 808 3439 879 σωτηρίαν
3488 808 3600 863 τῶν
3652 808 3892 872 συνετῶς

626 907 953 962 ἀκουόντων.
986 902 1121 959 Εἶτά
1152 922 1285 975 φησι
1300 921 1313 935 ⁸

2149 984 2376 1061 gxxu.

696 1090 863 1145 Vens.
895 1089 949 1152 4,
976 1088 1027 1143 5.
1059 1084 1159 1151 Qui
1194 1086 1431 1139 observat
1465 1093 1663 1149 ventos,
1702 1100 1804 1137 non
1849 1084 2114 1147 seminat;
2154 1092 2204 1136 et

625 1188 711 1255 qui
736 1182 923 1250 aspicit
957 1180 1138 1243 nubes,
1174 1194 1277 1229 non
1306 1185 1480 1229 metet.
1543 1175 1606 1230 In
1642 1176 1829 1245 quibus
1865 1191 1968 1227 non
1999 1185 2076 1228 est
2112 1190 2203 1226 co—

625 1289 896 1345 gnoscens,
924 1286 1041 1340 quce
1101 1269 1169 1322 sit
1205 1269 1289 1322 via
1341 1268 1586 1335 spiritus,
1623 1268 1762 1319 sicut
1815 1281 1935 1317 ossa
1982 1266 2035 1317 in
2056 1275 2203 1318 utero

628 1365 977 1436 pra'guautis,
1007 1363 1082 1416 sic
1124 1377 1226 1415 non
1279 1374 1557 1431 cognosces
1594 1374 1752 1427 opera
1789 1356 1919 1423 Dei,
1956 1358 2045 1427 qui
2079 1356 2204 1425 fecit

627 1461 804 1515 omnia
835 1458 935 1527 (6).

698 1631 797 1688 llic
854 1644 1074 1701 quoque
1125 1642 1343 1682 rursum
1388 1627 1441 1680 in
1492 1624 1699 1695 vulgari
1750 1624 2042 1679 verborum
2068 1637 2204 1677 sono

626 1726 892 1794 obvioque
915 1736 1079 1777 sensu
1117 1719 1379 1773 moralem
1406 1718 1715 1772 doctrinam
1756 1715 2016 1786 exprimit
2040 1722 2205 1784 atque

626 1816 867 1873 exhibet.
917 1809 1386 1879 Quemadmodum
1426 1808 1571 1863 enim
1600 1808 1692 1877 qui
1713 1817 1902 1861 ventos
1930 1806 2203 1870 observat,

627 1910 672 1964 si
693 1909 951 1963 adversos
979 1903 1298 1973 dispexerit,
1335 1915 1513 1956 serere
1547 1917 1653 1955 non
1684 1900 1799 1954 vult
1826 1940 1841 1965 ,
1877 1899 1959 1952 vel
1989 1898 2035 1953 si
2064 1907 2203 1953 tem-

627 2000 909 2071 pestivitas
953 2004 1183 2066 urgeat;
1220 2002 1274 2049 et
1299 1994 1390 2063 qui
1423 1993 1593 2047 nubes
1637 1992 1901 2062 prospicit
1951 1990 2205 2044 assiduas

626 2104 679 2150 et
716 2092 869 2147 vario
901 2099 1048 2145 motu
1086 2088 1317 2143 invicem
1367 2087 1762 2150 discurrentes,
1815 2084 1999 2155 segnis
2032 2082 2205 2138 estad

630 2183 964 2249 metendum,
1018 2196 1141 2236 cum
1194 2177 1339 2234 haud
1381 2178 1519 2233 bene
1568 2178 1747 2243 norit,
1781 2190 1944 2246 quem
1971 2174 2207 2243 denique

625 2274 831 2330 exitum
876 2271 999 2325 «eli
1053 2278 1350 2336 tempestas
1408 2266 1479 2321 sit
1510 2265 1795 2322 habitura:
1839 2278 1967 2318 nam
1999 2263 2103 2318 hoc
2125 2262 2205 2317 si-

627 2364 938 2438 gniﬁcavit,
995 2360 1083 2414 illa
1137 2358 1442 2429 adjiciens:
1512 2375 1530 2408 ι
1570 2358 1625 2411 In
1691 2355 1892 2426 quibus
1962 2370 2073 2409 non
2120 2362 2206 2409 est

2390 1077 2592 1146 Τηρῶν
2645 1078 2929 1148 ἀνέμους,
2975 1082 3048 1134 οὐ
3104 1082 3376 1149 σπείρει·
3410 1081 3509 1136 καὶ
3552 1082 3893 1148 βλέπωνὲν

2311 1169 2443 1236 ταῖς
2499 1170 2807 1239 νεφέλαις,
2841 1173 2915 1225 οὐ
2971 1173 3215 1239 θερίσει.
3264 1174 3361 1226 Ἐν
3390 1167 3481 1238 οἷς
3506 1178 3619 1229 οὐκ
3647 1178 3781 1231 ἔστι
3811 1199 3892 1248 τι-

2309 1260 2563 1314 νώσκων
2592 1262 2684 1327 τίς
2710 1263 2748 1331 ἡ
2789 1261 2929 1328 ὁδὸς
2962 1262 3069 1317 τοῦ
3113 1265 3455 1334 πνεύματος
3477 1305 3493 1328 ,
3518 1267 3599 1333 ὠς
3638 1269 3789 1325 ὀστᾶ
3824 1272 3893 1324 έν

2312 1348 2528 1429 γαστρί
2598 1349 2710 1419 τῆς
2783 1356 3249 1421 κυοφορούσης,
3304 1355 3494 1421 οὕτως
3548 1360 3622 1412 οὐ
3692 1360 3889 1430 γνώσῃ

2309 1443 2384 1496 τὰ
2438 1442 2745 1513 ποιήματα
2797 1443 2906 1498 τοῦ
2953 1445 3133 1512 Θεοῦ,
3188 1446 3258 1511 ὃς
3312 1447 3565 1515 ἐποίησε
3614 1451 3689 1505 τὰ
3744 1454 3895 1522 σύμ-

2310 1544 2531 1585 παντα.

2384 1624 2493 1676 Καὶ
2527 1622 2621 1676 νῦν
2652 1623 2811 1687 αὖθις
2839 1625 2898 1677 ἐν
2926 1624 3005 1696 τῷ
3027 1626 3325 1698 γράμματι
3349 1629 3447 1683 καὶ
3490 1630 3570 1701 τῷ
3617 1634 3894 1706 προχείρῳ

2310 1713 2543 1783 νοήματι
2568 1712 2668 1784 τὴν
2708 1715 2981 1785 τροπικὴν
3035 1716 3332 1773 αἰνίττεται
3379 1722 3476 1774 καὶ
3516 1725 3893 1793 παρεμφαίνει

2310 1805 2682 1861 διδασκαλίαν.
2715 1806 2931 1879 Ὠσπερ
2975 1810 3086 1881 γὰρ
3114 1813 3143 1865 6
3172 1812 3271 1881 τὴν
3311 1813 3421 1867 τῶν
3460 1814 3680 1887 ἀνέμων
3715 1835 3895 1889 παρα-

2309 1898 2546 1967 τήρησιν
2583 1898 2724 1969 ἔχων
2748 1938 2764 1962 ,
2819 1901 3206 1972 ἐναντιότητας
3233 1905 3487 1976 καθορῶν
3510 1946 3526 1969 ,
3552 1907 3615 1960 οὗ
3642 1906 3896 1977 βούλεται

2313 1990 2582 2059 σπείρειν,
2626 1990 2871 2061 καίτοιγε
2908 1992 3002 2047 τοῦ
3054 1994 3250 2066 καιροῦ
3294 1999 3722 2067 κατεπείγοντος
3749 2016 3764 2031 ⁸
3802 2003 3898 2054 καὶ

2310 2078 2410 2141 τὰς
2440 2081 2671 2148 νεφέλας
2700 2080 2758 2135 δὲ
2781 2084 3147 2153 προσϐλέπων
3166 2091 3429 2159 συνεχεῖς
3473 2090 3667 2155 οὔσας,
3691 2093 3788 2146 καί
3816 2111 3896 2145 κι-

2314 2171 2505 2240 νήσεις
2540 2170 2984 2245 ἀλλεπαλλήλους
3022 2180 3425 2249 πεποιημένας,
3450 2180 3770 2252 ἀπρόθυμος
3807 2184 3894 2251 γί-

2312 2277 2460 2314 νεται
2494 2261 2589 2315 τοῦ
2621 2262 2879 2332 θερίζειν,
2932 2266 3173 2337 καίτοιγε
3224 2270 3299 2341 μὴ
3345 2270 3635 2339 γινώσκων
3681 2274 3892 2342 σαφῶς,

2312 2349 2472 2402 ποίαν
2497 2352 2525 2404 6
2560 2351 2701 2423 ἀνὴρ
2722 2352 2815 2407 τοῦ
2847 2354 2980 2407 ίδίου
3006 2358 3433 2429 καταστήματος
3470 2359 3583 2425 ἔξει
3607 2360 3706 2431 τὴν
3734 2360 3895 2412 ἐκϐα-

625 2430 986 2529 cognoscens,
1021 2466 1143 2522 quae
1173 2450 1242 2505 sit
1269 2450 1356 2503 via
1385 2447 1648 2518 spiritus;
1688 2466 1706 2498 ι
1737 2455 1899 2516 atque
1925 2445 2062 2500 adeo
2075 2444 2203 2498 talia

2309 2456 2422 2494 σινο
2456 2441 2619 2496 τοῦτο
2652 2443 2762 2516 γάρ
2790 2445 3069 2517 ἐσήμανεν
3114 2446 3308 2515 εἰπὼν,
3343 2468 3362 2501 ι
3413 2450 3504 2503 Ἐν
3550 2446 3635 2515 οἷς
3658 2452 3760 2503 οὐκ
3781 2451 3893 2505 ἔστι

628 2556 961 2619 spectantes,
994 2552 1156 2611 atque
1184 2539 1403 2595 indiciis
1427 2546 1479 2593 et
1510 2538 1683 2608 signis
1716 2536 1873 2591 ﬁdem
1917 2535 2203 2601 habentes,

627 2641 699 2695 ob
730 2652 899 2693 vanas
925 2644 979 2691 et
1000 2636 1199 2689 stultas
1220 2632 1658 2696 observationes,
1685 2644 1863 2699 neque
1887 2642 2073 2685 serere
2111 2642 2206 2683 ne-

626 2746 734 2802 que
761 2738 962 2784 metere
1017 2734 1349 2797 potuerunt;
1388 2733 1443 2779 et
1482 2723 1584 2778 hoc
1607 2722 1751 2777 nacti
1787 2730 1937 2785 sunt,
1970 2731 2032 2776 ut
2062 2719 2208 2775 fame

627 2837 691 2877 ac
752 2820 840 2877 siti
893 2818 1387 2876 contabescerent:
1443 2830 1625 2885 neque
1674 2814 1821 2871 enim
1878 2813 2109 2870 sationis
2153 2822 2209 2869 et

626 2915 823 2971 messis
864 2913 1341 2984 tempestivitatem
1411 2911 1690 2981 negligere
1738 2907 2055 2971 debebant;
2094 2906 2207 2975 {sed

627 3020 725 3076 spe
752 3014 916 3074 atque
961 3003 1067 3058 lide
1116 3003 1173 3058 in
1211 3002 1324 3058 Deo
1350 3001 1528 3073 posita
1574 3000 1823 3054 animum
1854 2998 2207 3064 conﬁrmare,

626 3108 791 3167 atque
812 3096 881 3150 ab
913 3110 1004 3161 eo,
1027 3094 1244 3163 rejectis
1290 3091 1798 3155 observationibus,
1843 3090 2073 3145 ﬁdenter
2106 3104 2205 3144 ex-

625 3190 843 3259 quirere
871 3185 1032 3258 263
1052 3194 1108 3241 et
1134 3184 1361 3240 seminis
1383 3197 1704 3239 successum
1738 3190 1795 3237 et
1813 3181 2012 3237 messis
2042 3182 2209 3236 uber-

626 3288 830 3335 tatem;
860 3275 971 3340 Sic,
1026 3276 1229 3347 inquit,
1260 3288 1294 3329 ο
1347 3274 1620 3339 mortalis,
1654 3282 1711 3328 tu
1761 3287 1982 3344 quoque
2028 3271 2209 3328 insitis

626 3368 930 3440 prudentia:
958 3365 1212 3421 terminis
1249 3363 1444 3429 fultus,
1491 3372 1547 3419 et
1590 3363 1941 3419 rationalium
1973 3360 2208 3417 faculta-

629 3471 765 3526 tum,
822 3474 943 3529 qua:
1005 3459 1104 3513 tibi
1148 3473 1177 3512 a
1224 3455 1520 3512 Conditore
1552 3454 1872 3527 obtigerunt
1923 3454 2133 3525 judicio
2154 3463 2210 3509 et

627 3553 963 3623 cognitione,
992 3566 1115 3621 quae
1158 3550 1354 3605 idonea
1391 3559 1521 3607 sunt
1571 3560 1627 3606 et
1660 3551 1815 3605 utilia
1840 3557 1894 3605 et
1920 3548 2205 3615 salutaria,

630 3656 889 3716 reputans
923 3654 1087 3715 atque
1112 3643 1382 3714 cogitans,
1426 3657 1528 3699 nec
1565 3642 1634 3699 de
1676 3641 1854 3698 ventis
1906 3642 2206 3713 quidquam

627 3750 720 3795 aut
749 3738 990 3793 nubibus
1015 3737 1291 3799 laborans,
1323 3736 1534 3791 varium
1580 3734 1804 3790 virtutis
1863 3749 2051 3790 semen
2085 3751 2209 3804 per-
2234 3770 2279 3831 ο

626 3841 793 3902 petuo
822 3845 1005 3886 serere
1044 3839 1266 3899 paratus
1296 3828 1405 3889 sis;
1440 3842 1538 3883 nec
1562 3828 1745 3883 minus
1773 3836 2001 3892 metere,
2023 3841 2207 3894 super-

627 3938 728 3977 nas
796 3920 1270 3976 remunerationes
1343 3920 1697 3989 divinamque
1768 3917 2204 3975 benevolentiam

627 4013 726 4069 tibi
788 4012 1113 4076 concilians,
1162 4011 1504 4067 misericordi
1545 4025 1741 4080 nempe
1797 4010 2125 4065 liberalitate
2152 4023 2208 4063 et

626 4105 1102 4159 obsecrationibus
1160 4103 1438 4172 largisque
1504 4102 1800 4173 lacrymis,
1866 4110 1978 4155 tum
2040 4099 2207 4155 rectis

622 4198 846 4266 indiciis
898 4206 955 4251 et
1002 4196 1161 4264 longa
1210 4195 1472 4264 patientia
1527 4194 1950 4264 patrocinioque
2010 4207 2206 4247 eorum

627 4289 745 4358 qui,
778 4296 1000 4357 propter
1026 4287 1454 4342 imbecillitatem
1482 4294 1647 4355 atque
1666 4284 1934 4355 inopiam,
1957 4284 2207 4340 subsidio

625 4388 680 4433 et
713 4379 879 4432 tutela
906 4386 1067 4448 egent
1098 4381 1501 4447 potentiorum:
1539 4378 1725 4445 itaque
1765 4376 2002 4446 optimas
2038 4391 2209 4445 quas-

626 4485 735 4539 que
783 4470 1012 4524 virtutes
1068 4470 1164 4523 tibi
1220 4484 1497 4538 compara.
1552 4464 1730 4523 Habes
1781 4468 1927 4523 enim
1963 4467 2048 4522 vel
2090 4468 2209 4523 sine

626 4561 971 4631 spiritalibus
1009 4560 1188 4616 ventis
1221 4575 1286 4615 ac
1328 4561 1587 4623 nubibus,
1631 4560 1853 4629 scriptis
1885 4559 2098 4614 scilicet
2126 4559 2205 4614 le-

626 4652 789 4722 gibus
835 4660 889 4706 et
915 4652 1158 4707 oraculis
1179 4660 1232 4706 et
1262 4652 1624 4723 documentis,
1664 4651 1967 4704 naturalem
2012 4659 2205 4720 poten-

628 4744 759 4799 tiam
811 4744 1034 4815 vimque
1094 4745 1162 4799 ad
1214 4745 1368 4800 utilia
1429 4760 1457 4799 a
1489 4745 1669 4799 noxiis
1719 4745 2099 4800 discernenda.
2144 4742 2207 4797 Et

628 4845 865 4907 oportet,
895 4836 1032 4890 nihil
1077 4844 1137 4891 ut
1178 4852 1370 4892 eorum
1407 4853 1529 4906 quae
1577 4838 1722 4891 circa
1777 4847 1828 4892 te
1868 4837 2209 4909 sunt,negli-

627 4944 778 4999 gens,
808 4929 925 4983 sine
955 4927 1133 4984 fructu
1181 4944 1462 4997 nunquam
1513 4944 1779 4995 maneas;
1822 4929 1915 4983 sed
1952 4929 2207 4983 utbonus

629 5022 836 5091 palmes
864 5036 928 5077 ac
962 5020 1137 5085 ferax,
1174 5032 1342 5090 atque
1367 5028 1425 5073 ut
1457 5020 1673 5090 pinguis
1704 5030 1849 5075 terra
1887 5036 1950 5074 ac
1979 5020 2205 5089 frugife-

2306 2531 2614 2600 γινώσκων,
2647 2534 2733 2599 τίς
2761 2536 2795 2607 ή
2826 2536 2945 2601 ὁδὸς
2970 2538 3063 2591 τοῦ
3090 2539 3429 2610 πνεύματος.
3470 2559 3489 2592 ι
3525 2541 3589 2593 Oi
3616 2542 3674 2595 δὲ
3720 2542 3892 2595 ταῦτα

2308 2624 2780 2698 παρατηροῦντες,
2829 2629 2925 2682 καὶ
2960 2630 3210 2701 σημείοις
3259 2632 3353 2684 καὶ
3392 2632 3686 2702 συμϐόλοις
3720 2651 3892 2703 προσ-

2307 2718 2543 2791 έχοντες,
2576 2720 2702 2775 οὔτε
2728 2721 2979 2794 σπείρειν
3001 2721 3124 2776 οὔτε
3158 2722 3398 2794 θερίζειν
3424 2724 3779 2795 ἠδυνήθησαν
3803 2726 3894 2781 διά

2306 2812 2405 2884 τὴν
2437 2813 2676 2884 ματαίαν
2699 2814 2798 2868 καὶ
2822 2814 3138 2884 παράλογον
3176 2815 3564 2886 παρατήρησιν
3583 2831 3599 2847 ⁸
3628 2818 3725 2871 καὶ
3755 2820 3894 2871 κατά

2305 2905 2367 2958 τὸ
2394 2886 2689 2961 ἀκόλουθον
2714 2907 2860 2979 λιμῷ
2914 2907 3010 2961 καὶ
3064 2906 3193 2979 δίψῃ
3248 2907 3438 2972 κακῶς
3486 2908 3890 2980 διεφθάρησαν.

2310 2997 2460 3053 Ἔδει
2509 2999 2619 3071 γὰρ
2651 3001 2855 3071 ἥκιστα
2898 3001 3157 3071 παριδεῖν
3200 3000 3304 3054 τὸν
3328 3001 3423 3055 τοῦ
3458 3002 3664 3074 σπόρου
3693 3006 3893 3075 καιρὸν

2308 3092 2403 3145 καὶ
2429 3092 2526 3145 τοῦ
2556 3091 2772 3165 θέρους,
2819 3090 2913 3146 am
2943 3092 3007 3162 δὴ
3025 3094 3093 3163 τῇ
3129 3093 3268 3165 πρὸς
3308 3094 3442 3147 Θεὸν
3473 3094 3653 3149 ἑλπίδι
3678 3097 3776 3150 καὶ
3806 3097 3895 3149 πί-

2310 3201 2426 3239 στει
2461 3184 2956 3257 κεκραταιωμένην
2989 3184 3216 3255 ἔχοντας
3240 3185 3337 3257 τὴν
3360 3186 3613 3257 καρδίαν,
3633 3190 3728 3241 καὶ
3757 3190 3891 3259 παρ’

2308 3275 2474 3330 αὐτοῦ
2524 3274 2823 3347 ζητοῦντας
2874 3277 2932 3329 ὲν
2979 3276 3403 3350 ἀπαρατηρήτῳ
3444 3280 3774 3350 προαιρέσει
3804 3297 3894 3333 τε-

2308 3365 2666 3438 θαρρηκότως
2716 3364 2808 3419 τοῦ
2861 3367 3065 3438 σπόρου
3106 3368 3207 3438 τὴν
3254 3368 3626 3422 κατευόδωσιν
3666 3370 3763 3423 καὶ
3792 3371 3892 3440 τὴν

2306 3457 2401 3511 τοῦ
2429 3456 2622 3529 θέρους
2656 3458 2951 3524 ἑπίτευξιν.
2988 3459 3200 3525 Οὕτως,
3229 3460 3511 3532 ἄνθρωπε,
3548 3463 3645 3514 καὶ
3678 3462 3745 3516 σὺ
3778 3468 3890 3525 τοῖς

2307 3547 2575 3620 ὲμφύτοις
2605 3548 2708 3619 τῆς
2761 3551 3078 3622 φρονήσεως
3121 3551 3270 3620 ὅροις
3318 3551 3734 3623 ἐπερειδόμενος
3756 3596 3772 3619 ,
3799 3554 3890 3606 καὶ

2306 3642 2427 3704 ταῖς
2455 3640 2826 3713 διακριτικαῖς
2858 3642 3194 3714 ἐπιστήμαις
3224 3642 3337 3695 τῶν
3386 3644 3888 3715 ἀποκληρωοεισῶν

2312 3749 2392 3786 σοι
2418 3732 2708 3805 δυνάμεων
2733 3733 2970 3804 λογικῶν
3005 3736 3155 3805 παρὰ
3176 3734 3271 3788 τοῦ
3302 3736 3633 3807 ποιήσαντος
3660 3737 3731 3790 τὰ
3762 3755 3886 3791 κατ-

2309 3824 2519 3896 άλληλα
2575 3827 2671 3879 καὶ
2700 3826 3063 3899 ⁵συμφέροντα
3102 3826 3199 3879 καὶ
3225 3826 3468 3881 σωστικά
3508 3827 3885 3898 διανοούμενος

2307 3917 2404 3971 καὶ
2442 3918 2679 3989 φρονῶν,
2704 3918 2801 3972 καὶ
2830 3918 2937 3971 τῶν
2961 3918 3179 3989 ἀνέμων
3203 3920 3299 3972 καὶ
3327 3919 3437 3972 τῶν
3472 3920 3712 3989 νεφελῶν
3735 3923 3883 3992 ἄτερ,

2308 4009 2559 4079 σπείρειν
2586 4009 2674 4063 ἀεὶ
2721 4009 3107 4080 προθυμήθητι
3158 4009 3250 4063 τὸν
3278 4010 3524 4063 ποικίλον
3556 4010 3763 4080 σπόρον
3790 4010 3885 4079 τῆς

2308 4099 2510 4171 ἀρετῆς
2533 4118 2546 4132 ·
2584 4100 2844 4165 ὡσαύτως
2872 4101 2929 4153 δὲ
2960 4102 3055 4154 καὶ
3091 4100 3329 4173 θερίζειν
3348 4140 3364 4165 ,
3391 4101 3492 4172 τὴν
3519 4100 3728 4155 ἄνωθεν
3757 4103 3884 4154 ἀπο-

2308 4192 2469 4263 δοχὴν
2504 4194 2599 4247 καὶ
2635 4193 2785 4246 θείαν
2814 4193 3104 4261 εὐμένειαν
3139 4193 3527 4263 ἐφελκόμενος,
3570 4195 3630 4246 ἐν
3666 4194 3880 4263 ἐλεημο-

2310 4284 2498 4348 σύναις
2526 4284 2769 4352 δηλονότι
2791 4284 2886 4337 καὶ
2911 4286 3247 4355 προσευχαῖς
3270 4285 3365 4338 καὶ
3385 4285 3621 4356 δάκρυσι
3643 4286 3882 4355 δαψιλέσι

2309 4378 2404 4432 καὶ
2454 4379 2881 4449 δικαιοκρισίαις
2940 4379 3034 4433 καὶ
3070 4379 3480 4450 μακροθυμίαις
3526 4380 3622 4433 καὶ
3653 4397 3884 4450 προσταο

2310 4470 2452 4533 σίαις
2488 4473 2607 4533 ταῖς
2644 4470 2781 4541 πρὸς
2828 4470 2957 4534 τοὺς
2991 4470 3288 4534 ἀδυνάτους
3335 4472 3431 4524 καὶ
3477 4471 3766 4542 δεομένους
3794 4474 3884 4542 τῆς

2308 4559 2702 4631 ἀντιληπτικῆς
2728 4560 3102 4631 χειραγωγίας
3133 4561 3241 4614 τῶν
3272 4562 3595 4633 ὑπερτέρων
3614 4576 3628 4590 ⁸
3669 4566 3763 4615 καὶ
3795 4581 3882 4615 πο-

2313 4652 2463 4718 ρίζου
2500 4651 2599 4714 τὰς
2652 4652 2953 4722 κρατίστας
2987 4652 3095 4705 τῶν
3143 4653 3377 4723 ἀρετῶν.
3405 4654 3596 4723 Ἔχεις
3653 4656 3765 4725 γὰρ
3797 4656 3879 4707 καὶ

2308 4741 2478 4811 χωρὶς
2507 4741 2615 4793 τῶν
2642 4743 2850 4813 νοητῶν
2893 4743 3112 4815 ἀνέμων
3145 4746 3240 4797 καὶ
3280 4745 3540 4814 νεφελῶν,
3579 4748 3748 4818 ἤγουν
3784 4748 3878 4800 τῶν

2309 4832 2571 4901 γραπτῶν
2602 4834 2783 4903 νόμων
2816 4836 2911 4888 καὶ
2957 4836 3345 4907 θεσπισμάτων
3384 4838 3479 4891 καὶ⁵
3522 4838 3873 4908 διδαγμάτων,

2311 4925 2547 4993 φυσικὰς
2577 4927 2842 4999 δυνάμεις
2888 4930 2984 4982 καὶ
3039 4929 3343 5000 διακρίσεις
3386 4930 3482 4983 τοῦ
3521 4933 3875 5003 συμφέροντος

2310 5017 2523 5071 καὶτοῦ
2555 5018 2905 5088 βλάπτοντος.
2947 5021 3059 5075 Καὶ
3086 5021 3165 5074 δεῖ
3194 5039 3251 5075 σε
3284 5023 3554 5094 μηδαμῶς
3590 5024 3872 5096 ἀμελοῦντα

629 5130 709 5177 ra,
737 5127 803 5165 ex
835 5112 949 5180 ipsa
992 5112 1155 5166 domo
1195 5123 1285 5165 tua
1339 5120 1502 5181 atque
1530 5126 1558 5163 a
1593 5112 1879 5181 temetipso
1918 5112 2087 5163 multa
2120 5124 2205 5164 re-

2310 5108 2421 5162 τῶν
2454 5111 2741 5183 προσεχῶν
2768 5129 2828 5165 τε
2854 5115 2949 5167 καὶ
2987 5114 3257 5184 σύνεγγυς
3282 5116 3534 5186 ἄκαρπον
3577 5117 3830 5187 διαμένειν
3855 5131 3870 5145 ·

629 5203 846 5266 fundas,
904 5211 957 5256 et
1005 5216 1257 5257 racemos
1299 5200 1442 5256 teras
1499 5211 1747 5255 maturos
1777 5201 2041 5272 nullaque
2068 5202 2210 5257 alio-

631 5312 753 5350 rum
791 5310 957 5364 opera
1012 5295 1250 5364 indigos,
1281 5306 1340 5348 ut
1395 5292 1585 5361 justus
1628 5293 1868 5358 Abel,ut
1916 5291 2085 5360 Enos,
2150 5302 2209 5348 ut

628 5386 839 5451 Enoeli,
894 5396 955 5441 ut
992 5382 1127 5449 Noe,
1160 5394 1222 5440 ut
1274 5383 1468 5438 beatus
1524 5393 1579 5436 et
1644 5385 1860 5455 patiens
1910 5382 2103 5449 Jobus,
2149 5394 2210 5439 ut

628 5488 855 5532 sanctus
882 5477 1176 5531 Abraham.
1202 5473 1319 5531 Nisi
1343 5474 1491 5530 enim
1534 5485 1730 5544 sponte
1764 5485 1929 5546 atque
1957 5492 1989 5531 a
2014 5485 2063 5531 te
2085 5470 2206 5546 ipsi)

631 5570 887 5626 incitatus
911 5569 978 5624 ad
1011 5580 1155 5625 recte
1181 5568 1345 5631 facta,
1384 5566 1623 5624 fructum
1656 5576 1706 5623 te
1757 5568 2006 5623 attulisse
2027 5576 2210 5622 osten—

2314 5198 2429 5252 ἀλλ’
2453 5199 2529 5262 ὡς
2563 5202 2772 5270 ἀγαθὸν
2794 5204 2982 5274 κλῆμα
3009 5206 3103 5259 καὶ
3134 5205 3461 5277 πολυφόρον,
3507 5207 3602 5259 καὶ
3642 5206 3710 5275 γῆ
3748 5206 3871 5257 πίων

2313 5290 2410 5343 καὶ
2435 5292 2807 5363 καρποφόρος,
2840 5294 3055 5347 οἴκοθεν
3097 5296 3193 5349 καὶ
3234 5296 3366 5365 παρ’
3400 5297 3580 5367 ἑαυτῷ
3622 5296 3867 5363 πολύχουν

2312 5383 2687 5453 εὑρίσκεσθαι,
2716 5386 2811 5437 καὶ
2835 5384 3066 5457 βότρυας
3118 5387 3407 5458 βαστάζειν
3446 5389 3746 5458 πεπείρους,
3774 5387 3859 5437 καὶ

2314 5475 2583 5547 μηδαμῶς
2613 5477 2711 5547 τῆς
2757 5480 2887 5549 παρ’
2917 5481 3123 5551 ἐτέρων
3169 5481 3494 5552 καλιεργίας
3528 5481 3858 5549 ἠξιωμένους.

2320 5565 2393 5628 ῶς
2420 5568 2448 5619 6
2476 5566 2688 5629 δίκαιος
2722 5568 2913 5634 Ἅϐελ,
2950 5572 3027 5633 ὡς
3054 5573 3083 5624 6
3121 5571 3308 5633 Ἐνὼς,
3346 5571 3423 5634 ὡς
3469 5573 3498 5623 6
3532 5569 3717 5640 Ἑνὼχ,
3753 5567 3813 5627 ὼς
3842 5566 3871 5618 6

702 5741 778 5813 (6)
808 5742 876 5794 At
908 5741 1045 5795 LXX
1090 5743 1306 5808 habent,
1365 5742 1558 5812 Τηρῶν
1614 5742 1905 5810 avenam...
1935 5741 2033 5793 ὅσα
2086 5742 2207 5812 ποιή

2326 5741 2393 5794 τὰ
2428 5744 2744 5814 σύμπαντα.
