3846 6484
58 370 180 434 H33
1106 372 1187 433 IN
1242 371 1817 433 ECCLESIASTEN.
1853 399 1923 408 --
1962 374 2107 433 LIB.
2149 374 2252 433 1X.
3180 372 3316 439 113$

54 487 185 547 Νῶε,
217 486 294 549 ῶς
326 488 355 538 ό
387 485 662 557 μακάριος
689 488 787 539 xai.
819 484 1094 551 πολύτλας
1146 486 1290 552 Ἰὼό,
1315 487 1390 550 ὡς
1424 487 1452 538 ό
1477 488 1596 554 ἆγιο

1701 531 1706 544 .
1733 486 1881 541 deris
1904 487 1970 542 ad
2003 488 2226 559 triginta
2261 497 2317 542 et
2351 489 2631 559 sexaginta
2664 499 2719 543 et
2760 498 2981 544 centum
3004 488 3104 560 (7),
3136 508 3318 564 neque

63 579 334 650 Ἀϐραάμ.
367 579 428 631 El
454 579 565 651 γάρ
597 579 697 632 οὑκ
728 578 943 632 οἴκοθεν
974 580 1069 633 καὶ
1095 581 1226 649 παρ’
1262 579 1440 649 ἑαυτῷ
1473 596 1596 632 κεκι

1732 579 2063 634 documenta
2087 580 2157 634 ab
2192 579 2315 633 aliis
2345 588 2401 633 et
2432 580 2687 635 stimulos
2710 589 2875 650 atque
2927 581 3203 652 impulsus
3226 600 3317 639 ex-

54 672 274 741 νημένος
306 671 447 741 πρὸς
479 670 579 740 τὴν
619 670 729 723 τῶν
788 671 1011 739 ἀγαθῶν
1050 674 1340 743 ὲργασίαν,
1382 673 1596 744 εὑρίσκε

1732 681 2012 741 pectasse;
2042 671 2233 739 utique
2258 670 2427 725 homo
2468 670 2743 725 immerito
2800 672 3105 741 appellatus
3136 675 3316 730 videa-

52 762 407 833 καρποφορῶν
429 764 509 825 είς
538 762 835 833 τριάκοντα
866 762 960 816 καὶ
983 763 1251 835 ἐξήκοντα
1272 766 1368 818 καὶ
1391 764 1587 818 ἑκατὸν

1732 763 1827 827 ris,
1859 761 2060 832 quippe
2108 762 2201 831 qui
2235 761 2581 817 naturalibus
2630 761 2983 819 facultatibus
3027 766 3314 833 neglectis,

51 856 155 908 ἀλλ’
188 855 389 928 ἐκδέχῃ
406 856 505 919 τὰς
542 855 672 927 παρ’
704 854 911 925 ἐτέρων
942 855 1297 919 διδασκαλίας
1328 857 1421 909 καὶ
1448 873 1596 926 παρα

1730 854 1939 909 alienas
1993 853 2224 922 respicis
2261 854 2669 909 institutiones:
2713 858 3177 925 quemadmodum
3216 861 3315 931 qui

50 946 228 1010 δείξεις
249 947 348 1000 καὶ
381 948 790 1018 παρορμήσεις,
822 947 1187 1017 ἀποφανθήσῃ
1212 947 1388 1016 μάτην
1411 946 1594 1017 ἀνθρω

1731 956 1923 1001 \‘entos
1947 955 2001 999 et
2033 945 2207 1001 nubes
2243 946 2559 1011 observant,
2615 964 2791 1018 eaque
2824 950 2891 1002 de
2921 966 3085 1006 rausa
3109 968 3253 1022 saepe
3282 969 3313 1009 a

53 1053 141 1099 πος
167 1036 740 1106 προσαγορευόμενος,
775 1035 870 1088 ἀτε
904 1035 969 1107 δὴ
996 1036 1366 1105 παραϐλέπων
1401 1036 1497 1100 τὰς
1521 1054 1591 1106 φυ

1729 1034 1943 1088 satione
1980 1034 2279 1099 abstinent,
2348 1049 2453 1089 nec
2500 1050 2739 1089 messem
2795 1048 3102 1108 peragunt:
3150 1040 3316 1113 264

53 1128 200 1190 σικάς
224 1128 510 1198 δυνάμεις,
547 1127 642 1181 καὶ
684 1128 823 1199 πρὸς
867 1128 965 1190 τάς
1027 1127 1205 1181 ἄλλων
1238 1128 1461 1199 ἀφορῶν
1502 1131 1596 1182 είσι

1728 1126 1910 1195 itaque
1929 1124 2073 1179 fame
2100 1126 2265 1179 etiam
2288 1126 2703 1182 contabescunt.

51 1222 265 1291 ηγησεις
292 1236 308 1251 ⁸
341 1221 595 1289 καθάπερ
632 1221 683 1273 οἱ
734 1221 1186 1291 παρατηροῦντες
1213 1221 1340 1283 τοὺς
1380 1220 1619 1291 ἀνέμους
1659 1219 1755 1273 καὶ
1786 1218 1884 1282 τάς
1915 1217 2168 1287 νεφέλας,
2235 1217 2465 1288 ἀσποροι
2523 1220 2787 1284 πολλάκις
2832 1222 3309 1292 ἐναπομείναντες,

51 1312 155 1365 οὖῖὲ
209 1312 367 1383 θέρος
404 1312 859 1381 ἐπιτευξάμενοι·
891 1312 985 1363 καὶ
1028 1310 1117 1364 διὰ
1157 1310 1318 1363 τοῦτο
1351 1310 1447 1364 καὶ
1474 1308 1617 1379 λιμῷ
1660 1307 2066 1378 κατετάκησαν.

122 1405 204 1466 Ὠς
267 1404 377 1475 γὰρ
424 1403 690 1458 ἀδύνατόν
747 1406 894 1457 ἐστιν
954 1401 1230 1474 ἀνθρώπῳ
1271 1402 1341 1456 τὰ
1370 1401 1596 1457 όστᾶτοὶ

1794 1400 1931 1453 Nam
1964 1401 2108 1455 sicut
2143 1400 2258 1454 ﬁeri
2309 1416 2417 1455 non
2472 1407 2674 1470 potest,
2722 1409 2782 1455 ut
2827 1400 3114 1456 hominum
3154 1404 3310 1473 quis-

56 1496 206 1565 μήπω
234 1492 522 1565 τεχθέντος
580 1492 807 1555 παιδὸς,
839 1490 955 1545 ἀλλ’
985 1493 1044 1544 ὲν
1069 1490 1271 1561 γαστρὶ
1294 1491 1391 1561 τῆς
1421 1505 1593 1558 κυοφο

1724 1507 1889 1560 quain
1924 1504 2049 1547 ossa
2086 1501 2366 1547 scrutetur
2394 1492 2627 1547 infantis
2668 1492 2910 1547 nondum
2942 1496 3129 1563 geniti,
3166 1505 3221 1551 et
3251 1498 3307 1551 in

54 1588 237 1656 ρούσης
266 1582 609 1652 ὑπάρχοντος
632 1582 943 1654 ἑξερευνᾷν,
968 1581 1064 1634 καὶ
1079 1580 1169 1634 διὰ
1191 1584 1291 1651 τῆς
1315 1580 1459 1651 ἁφῆς
1480 1596 1596 1652 κρα·

1724 1583 1920 1638 matris
1949 1594 2105 1638 utero
2144 1585 2436 1639 etiamtum
2475 1584 2673 1648 clausi,
2705 1600 2805 1641 nec
2841 1592 2901 1639 ut
2942 1596 3088 1642 tactu
3110 1604 3307 1658 appre-

52 1677 170 1736 τείν,
218 1675 312 1725 καὶ
368 1671 754 1741 διαγινώσκειν
780 1687 795 1702 ⁸
834 1672 1011 1735 οὕτως
1074 1672 1195 1725 οὐδὲ
1227 1671 1296 1725 τὰ
1336 1672 1596 1742 ποιήματι

1723 1674 1925 1728 hendat
1969 1682 2137 1744 atque
2175 1674 2494 1744 dignoscat,
2542 1675 2621 1731 sic
2676 1691 2840 1745 opera
2898 1675 2991 1731 Dei
3048 1690 3307 1737 accurate

52 1765 133 1819 τοῦ
156 1764 289 1819 Θεοῦ
322 1763 773 1836 καταλαμϐάνειν
808 1765 927 1817 ἐστὶ
952 1763 1180 1818 δυνατδν
1207 1762 1477 1835 ἀκριϐῶς.
1513 1764 1596 1815 ’Ῑσ

1721 1767 2190 1833 comprehendere
2237 1768 2464 1822 minime
2522 1766 2605 1822 fas
2649 1779 2735 1823 est
2764 1769 2861 1839 (8).
2903 1767 3039 1825 Nam
3096 1773 3303 1829 scimus

55 1877 143 1929 μεν
171 1858 276 1928 γὰρ
314 1858 394 1922 ὠς
433 1858 600 1921 αὐτὸς
646 1858 877 1928 ἐποίησε
914 1857 984 1911 τά
1016 1857 1218 1923 πάντα,
1254 1856 1351 1911 καὶ
1386 1856 1617 1927 ποιητής

53 1953 153 2002 ἐστι
175 1950 281 2003 τῶν
312 1950 427 2005 ἄνω
455 1948 555 2003 καὶ
587 1950 696 2002 τῶν
732 1950 907 2016 κάτω,
942 1947 1043 2002 καὶ
1074 1948 1296 2003 πάντων
1343 1946 1455 2001 τῶν
1482 1946 1618 2000 αίώ-

55 2057 181 2096 νωνο
211 2042 312 2095 οὐκ
352 2040 512 2112 ἴσμεν
568 2040 647 2105 δὲ,
703 2040 845 2094 κατὰ
913 2040 1005 2093 τὸν
1049 2039 1225 2110 ἀληθῆ
1270 2038 1461 2107 λόγον,
1495 2038 1618 2092 οὐδὲ

53 2133 134 2187 τοῦ
162 2133 411 2205 οὐρανίου
447 2132 619 2203 ὕψους
668 2132 765 2186 καὶ
817 2130 1014 2206 εὕρους
1048 2131 1147 2203 τὴν
1182 2131 1543 2203 διαμέτρησιν
1580 2129 1614 2201 ἢ

55 2224 137 2289 τῆς
159 2223 260 2294 γῆς
290 2224 323 2294 ἢ
353 2225 453 2293 τῆς
480 2222 782 2294 θαλάσσης,
815 2223 849 2294 ἢ
882 2223 983 2287 τάς
1004 2222 1116 2276 τῶν
1142 2223 1321 2292 νεφῶν
1360 2224 1453 2275 καὶ
1504 2221 1617 2275 τῶν

54 2315 247 2384 ἀνέμων
276 2314 606 2386 μεταϐολάς.
659 2313 749 2367 Ἐν
792 2314 902 2385 γὰρ
949 2313 1187 2386 βραχείᾳ
1232 2312 1428 2384 καιροῦ
1470 2314 1611 2383 ῥοπῇ

59 2407 167 2476 παρ’
196 2406 417 2471 ἐλπίδας
461 2406 519 2460 αί
580 2404 733 2476 σφῶν
775 2403 1103 2470 ἀλλοιώσεις
1158 2405 1255 2458 καὶ
1314 2404 1613 2476 μεταεολαὶ

58 2500 137 2551 καὶ
165 2497 480 2568 μεταθέσεις
508 2497 773 2562 πολλάκις
790 2497 1109 2569 ώράθησαν.
1141 2497 1307 2550 ’Ὥστε
1328 2496 1424 2550 καὶ
1456 2496 1613 2549 σπεί-

60 2606 157 2659 ρειν
208 2589 289 2642 δεῖ
346 2587 466 2643 καθ’
505 2587 567 2641 δν
624 2588 930 2659 ἐφέστηκεν
959 2590 988 2642 ό
1010 2588 1106 2643 τοῦ
1134 2588 1338 2659 σπόρου
1376 2590 1569 2659 καιρός
1592 2605 1609 2620 ⁶

59 2677 161 2735 εἶτα
181 2682 273 2735 καὶ
303 2677 547 2750 θερίζειν
574 2680 1016 2752 ἀπαρατηρήτως
1044 2680 1142 2735 καὶ
1168 2679 1508 2743 πεποιθότως
1522 2678 1613 2733 διὰ

57 2770 141 2841 τῆς
165 2772 294 2843 πρὸς
325 2770 419 2825 τὸν
452 2769 867 2841 παντοδύναμον
916 2770 1124 2843 Κύριον
1153 2770 1368 2835 ἐλπίδος
1404 2771 1495 2823 καὶ
1522 2770 1613 2822 πί-

61 2878 229 2925 στεως,
256 2861 466 2916 καὶτὸν
489 2859 748 2932 αἰσθητὸν
774 2860 1019 2932 δηλονότι
1051 2861 1274 2932 σπόρον,
1306 2863 1403 2915 καὶ
1429 2860 1611 2932 πολλῷ

58 2952 106 3005 Et
130 2953 317 3021 μᾶλλον
349 2951 444 3006 τὸν
457 2952 650 3025 νοητόν
668 2968 683 2984 ·
714 2953 810 3005 καὶ
826 2953 1056 3023 μηδέπω
1084 2954 1185 3024 τῆς
1211 2952 1457 3024 ὶμφύτου
1482 2970 1614 3023 καρ-

62 3045 297 3116 ποφορίας
325 3033 701 3116 ὲναπομένειν⁸
715 3045 921 3117 ἀργούς
943 3061 957 3076 ·
996 3046 1082 3099 ἵνα
1121 3046 1217 3098 καὶ
1242 3043 1322 3111 τῷ
1338 3060 1611 3115 παντουρ-

1720 1857 1944 1927 quidem
1976 1858 2161 1913 omnia
2200 1858 2269 1913 ab
2297 1874 2363 1915 eo
2389 1858 2628 1928 perfecta
2660 1875 2804 1924 esse,
2846 1860 3136 1934 ipsumque
3170 1880 3306 1920 con-

1718 1949 1954 2005 ditorem
1983 1949 2155 2005 fuisse
2198 1965 2562 2020 supernarum
2615 1967 2798 2006 rerum
2833 1962 2890 2009 et
2934 1954 3298 2020 infernarum,

1719 2050 1885 2107 atque
1937 2042 2187 2096 omnium
2248 2043 2619 2109 seculorum;
2666 2053 2724 2098 at
2779 2045 3122 2114 ignoramus,
3175 2040 3299 2116 quae

1716 2145 1903 2185 revera
1932 2130 2004 2186 sit
2028 2131 2271 2186 caelestis
2305 2131 2615 2187 altitudinis
2648 2147 2712 2187 ac
2747 2132 3055 2190 latitudinis
3080 2136 3296 2192 dimen-

1717 2225 1825 2291 sio,
1855 2240 1977 2295 qua:
2007 2236 2165 2281 terra:
2187 2234 2281 2279 aut
2321 2227 2511 2287 maris,
2545 2241 2779 2296 quaeque
2815 2227 3045 2282 nubium
3070 2244 3135 2286 ac
3164 2246 3295 2286 ven-

1716 2325 1898 2371 torum
1922 2316 2346 2373 vicissitudines.
2370 2317 2528 2373 Brevi
2552 2320 2701 2373 enim
2724 2321 2985 2391 temporis
3013 2331 3293 2380 momento

1715 2416 1913 2476 preter
1944 2422 2098 2478 spem
2154 2410 2541 2465 conversiones
2592 2425 2786 2466 eorum
2836 2427 2901 2469 ac
2952 2415 3291 2471 mutationes

1714 2496 1973 2568 vicesque
2020 2514 2163 2570 saepe
2186 2512 2526 2571 spectantur.
2572 2502 2757 2569 Quare
2780 2514 2834 2560 et
2856 2507 3150 2563 serendum
3182 2518 3291 2574 est,

1715 2606 1839 2645 cum
1907 2592 2141 2649 sationis
2194 2594 2418 2650 advenit
2459 2606 2709 2665 tempus:
2745 2612 2810 2654 ac
2848 2599 3044 2655 deinde
3078 2610 3291 2658 meten-

1712 2685 1843 2739 dum
1866 2685 2129 2741 audacter
2170 2686 2531 2757 ﬁdenterque,
2592 2704 2688 2757 spe
2734 2689 2943 2746 scilicet
2984 2700 3151 2763 atque
3182 2694 3292 2751 fide

1713 2777 1769 2830 in
1821 2778 2188 2848 omnipotenti
2226 2778 2460 2833 Domino
2489 2779 2778 2845 collocata,
2838 2782 3002 2837 etiam
3066 2799 3192 2839 cum
3225 2786 3294 2841 de

1713 2867 1962 2921 sensibili
2022 2868 2201 2938 agitur
2247 2869 2482 2933 satione,
2533 2870 2629 2925 sed
2690 2872 2864 2926 multo
2911 2874 3106 2941 magis,
3159 2891 3289 2932 cum

1710 2955 1779 3010 de
1797 2955 2183 3023 spiritali,nec
2204 2956 2286 3012 sic
2332 2957 2447 3011 otio
2490 2956 2908 3029 indulgendum,
2950 2971 3010 3017 ut
3046 2978 3287 3034 unquam

1712 3061 1742 3100 a
1778 3045 2001 3100 ferendo
2025 3045 2208 3102 fructu
2240 3046 2607 3103 desistamus:
2642 3065 2755 3119 quo
2774 3061 2830 3105 et
2863 3050 3005 3107 Deus
3036 3056 3287 3110 omnium

59 3136 130 3206 γῷ
149 3136 259 3207 Θεῷ
295 3137 391 3189 καὶ
444 3137 668 3191 πάντων
712 3136 821 3191 τῶν
870 3135 1093 3206 ἀγαθῶν
1138 3136 1300 3209 αἰτίῳ
1339 3136 1486 3207 ζωὴν
1514 3135 1596 3188 εὐ·

1711 3139 1964 3193 conditor
2014 3148 2070 3193 et
2105 3140 2488 3195 universorum
2536 3141 2800 3195 bonorum
2849 3153 3045 3198 auctor
3076 3153 3287 3213 gratam

64 3229 262 3299 ἀρεστόν
289 3230 382 3284 καὶ
423 3229 581 3295 δόξαν
621 3228 709 3283 διά
740 3230 939 3294 παντὸς
967 3229 1334 3301 ἀναφέροντες
1363 3226 1606 3300 εὑρεθῶ-

120 3410 188 3479 ('1)
241 3409 448 3465 Delibat
506 3410 595 3465 hic
653 3411 851 3466 Noster
904 3409 1276 3479 evangelicam
1338 3409 1489 3463 illam
1535 3410 1607 3465 de

62 3481 193 3533 verbo
224 3482 365 3550 regni
396 3482 732 3548 parabolam,
764 3481 854 3534 ubi
900 3481 1165 3535 Dominus
1194 3480 1269 3534 ait
1299 3498 1312 3533 :
1354 3480 1459 3545 Qui
1485 3496 1603 3533 vero

62 3550 109 3601 in
134 3561 312 3604 terram
347 3551 535 3603 bonam
584 3552 874 3603 seminatus
924 3550 1131 3614 est,hic
1172 3560 1269 3614 est,
1322 3551 1411 3619 qui
1450 3550 1603 3602 audit

67 3621 267 3685 rerbum,
297 3630 345 3672 et
380 3620 653 3690 intelligit,
687 3631 733 3673 et
772 3622 1002 3689 fructum
1034 3620 1211 3687 affert,
1231 3632 1277 3673 et
1297 3619 1428 3686 facit
1453 3620 1602 3672 aliud

66 3691 243 3755 quidem
261 3692 623 3752 centesimum,
650 3691 798 3743 aliud
818 3699 991 3742 autem
1021 3692 1428 3755 sexagesimum,
1452 3691 1602 3743 aliud

67 3774 165 3813 rero
192 3762 530 3813 tricesimum.
561 3759 777 3821 (Matth.
822 3775 942 3819 xm,
977 3758 1093 3826 ‘25.)
1125 3758 1260 3813 lllud
1292 3761 1397 3825 Qui
1434 3759 1600 3812 homo

67 3840 149 3890 est,
176 3831 258 3899 qui
284 3846 467 3884 semen
500 3831 743 3883 divinum
778 3830 1001 3899 recepit,
1035 3839 1093 3882 ut
1126 3841 1268 3883 terra
1299 3840 1441 3889 sata,
1475 3846 1600 3897 ager

66 3898 265 3953 consitus
300 3915 318 3952 :
342 3902 601 3968 idemque
646 3900 885 3953 fructum
928 3898 1069 3952 ferre
1096 3900 1298 3954 dicitur
1317 3915 1413 3967 pro
1443 3900 1598 3952 Vario

67 3970 149 4021 soli
177 3970 386 4039 ingenio
416 3976 469 4022 et
517 3970 745 4024 culturae
770 3970 1037 4023 industria
1072 3969 1336 4039 majorem
1369 3978 1463 4039 aut
1489 3971 1597 4021 mi-

66 4038 243 4092 norem.
270 4039 326 4092 In
348 4041 852 4108 Opereimperfecto,
873 4040 1018 4108 quod
1044 4038 1248 4109 temere
1278 4040 1407 4093 olim
1432 4038 1598 4109 Chry-

66 4120 277 4163 sostoino
312 4110 671 4168 tribuebatur,
708 4110 970 4179 legimus;
1002 4128 1019 4159 ι
1053 4108 1219 4163 Terra
1245 4118 1423 4163 autem
1458 4108 1595 4163 bona

68 4188 169 4231 sunt
196 4182 282 4248 qui
313 4181 584 4232 abstinent
618 4196 676 4233 se
699 4197 727 4233 a
764 4180 969 4234 dit‘ilils
1001 4180 1177 4241 malis,
1210 4188 1263 4232 ct
1294 4180 1593 4233 secundum

66 4247 181 4301 vires
209 4247 334 4303 Suus
373 4248 579 4302 faciunt
613 4251 750 4303 bona
773 4292 785 4309 ,
810 4259 864 4303 et
901 4260 983 4303 est
1010 4248 1221 4302 fructus
1268 4264 1459 4301 eorum
1495 4248 1593 4302 tri-

64 4318 287 4373 cesiinus.
344 4320 398 4371 Si
437 4332 619 4373 autem
665 4322 850 4373 omnia
894 4320 1031 4373 bona
1085 4335 1183 4372 sua
1213 4327 1591 4382 contemnant,

64 4395 105 4437 et
132 4391 375 4443 accedant
420 4393 484 4442 ad
536 4391 882 4443 serviendum
923 4389 1051 4450 Deo,
1090 4390 1289 4443 habent
1319 4390 1594 4457 sexagesi-

64 4469 204 4510 mum.
237 4461 290 4511 Si
324 4469 503 4512 autem
535 4469 586 4513 et
636 4460 921 4513 infirmitas
963 4459 1210 4526 corporis
1243 4460 1321 4512 eis
1348 4460 1589 4528 rontige-

66 4534 136 4586 l'il,
164 4538 209 4580 et
241 4529 467 4581 fideliter
498 4530 878 4591 sustinuerint,
924 4528 1121 4581 habent
1145 4529 1525 4582 centesimum.
1567 4547 1585 4579 ι

66 4593 241 4667 (liontf.
270 4598 366 4664 Ορ.
394 4598 519 4651 Chr.
564 4609 697 4653 toni.
731 4598 819 4663 IV,
856 4601 1001 4653 hom.
1042 4600 1153 4667 51.)
1190 4600 1258 4651 At
1300 4614 1592 4665 germanus

65 4664 449 4735 Chrysostomus
480 4671 646 4723 variis
700 4671 980 4723 hominum
1030 4664 1435 4723 conditionibus
1473 4670 1588 4723 haec

66 4746 215 4810 aptare
247 4739 476 4810 iidetur.
506 4740 594 4792 Ait
622 4740 765 4791 enim
801 4742 865 4793 de
900 4738 1039 4810 Deo:
1071 4738 1448 4810 φιλανθρωπίας
1469 4742 1587 4810 ,γὰρ

65 4800 139 4878 (ira,
160 4809 211 4859 οὺ
240 4809 364 4877 μίαν
392 4809 583 4877 ἔτεμεν
608 4809 745 4871 ὁδὸν,
770 4810 890 4861 οὐδὲ
915 4800 1231 4869 εἷπενξἙάν
1358 4800 1439 4869 τις
1463 4800 1590 4862 ἑκά-

64 4872 369 4948 τῆνλποιῆσῃ,
398 4872 677 4948 ἐξέπεσεν,
710 4880 845 4932 ἀλλὰ
866 4880 957 4932 καὶ
980 4880 1008 4930 ό
1032 4880 1097 4932 τὰ
1128 4872 1391 4948 ἑξήκοντα
1417 4878 1587 4931 ποιῶν

65 4944 294 5019 σώζεταιςξ
321 4944 414 5001 καὶ
441 4950 539 5019 οὐχ
565 4944 718 5011 οὗτος
752 4950 934 5019 μόνος,
968 4950 1105 5002 ἀλλὰ
1134 4944 1227 5001 καὶ
1265 4952 1292 5002 ό
1335 4950 1402 5000 τὰ
1431 4950 1587 5017 τριά-

64 5027 211 5090 κοντα.
252 5018 420 5090 Τοῦτο
449 5018 807 5090 δὲέποίησεν
872 5018 1094 5072 εῠκολον
1154 5019 1582 5090 κατασκευάζων

62 5082 437 5159 ἳὴνλσωτηρίαν.
469 5089 579 5142 Καὶ
612 5091 675 5141 σὺ
698 5082 883 5142 τοίνυν
920 5091 979 5142 οὐ
1020 5090 1246 5142 δύνασαι
1277 5088 1579 5158 παρθενίαν

63 5154 259 5230 ἀσκῆσαι
287 5154 310 5222 ;’
351 5161 604 5228 γάμησον
659 5160 974 5230 σωφρόνως·
1033 5162 1108 5213 Οὐ
1169 5154 1393 5212 δύνασάι
1424 5161 1579 5225 γενέο

63 5222 441 5299 σθαιάκτήμων
457 5246 471 5293 ;
492 5222 589 5292 ’δὸς
619 5232 682 5283 ὲκ
710 5222 819 5283 τῶν
862 5230 1053 5284 όντων.
1082 5230 1157 5283 Οὐ
1183 5231 1371 5299 φέρεις
1406 5222 1581 5281 ἐκεῖνο

58 5292 363 5385 iampridin
391 5300 615 5385 μέρισαΙι
656 5302 806 5381 μετά
862 5300 958 5352 τοῦ
991 5292 1267 5385 ’Χριστόῦξ
1296 5299 1361 5352 τὰ
1404 5300 1580 5385 ὑπάρ-

61 5378 206 5441 χοντα.
233 5370 303 5421 υὺ
336 5371 520 5441 βούλει
542 5370 691 5441 αὐτῷ
721 5371 1122 5441 παραχωρῆσαι
1159 5370 1413 5441 ἁπάντων
1438 5386 1451 5433 ;
1474 5370 1581 5441 κᾷν

59 5433 137 5511 τὴν
161 5433 427 5508 ἡμίσειαν,
458 5439 563 5493 κᾶν
588 5433 687 5510 τὴν
705 5433 907 5511 τρίτην
926 5433 1109 5502 ἐπίδος
1134 5443 1349 5511 μοῖρανἵ
1402 5439 1577 5511 ξΑδελ-

58 5505 135 5581 ξράς
157 5505 236 5581 εον
262 5511 375 5564 ἐστι
396 5511 491 5563 κα)⁸
516 5505 721 5581 συγκλη
732 5505 991 5581 ῥονό-μοςς
1026 5505 1255 5581 ποίησον
1284 5509 1457 5581 αὑτὸν
1486 5511 1581 5562 καὶ

60 5577 742 5653 ἐνταῦθα-συγκληρονόμονζ
760 5577 900 5633 Ὄσά
926 5581 993 5633 ἂν
1014 5577 1209 5653 ἐκείνῳ
1240 5580 1366 5650 δῷς,
1398 5581 1579 5648 σαυτῷ

57 5638 230 5707 δώσεις.
264 5650 315 5705 ld
347 5638 431 5707 est
454 5638 649 5705 :"Nam
669 5653 965 5706 misericors
1005 5666 1126 5703 cum
1166 5638 1253 5713 s'it,
1285 5638 1386 5702 non
1418 5638 1577 5702 unam

60 5722 223 5791 ‘fPeruit
276 5725 407 5776 viam
432 5763 446 5785 ,
475 5738 635 5791 neque
686 5723 823 5775 dixit
854 5740 873 5777 :
905 5720 1025 5775 Nisi
1079 5723 1199 5789 quis
1240 5721 1576 5773 centesimum

58 5780 243 5845 {iactum
267 5780 465 5860 fecerit,
490 5794 534 5847 is
550 5780 752 5848 'decidit
773 5810 791 5858 ;
814 5795 903 5847 sed
928 5792 1017 5861 qui
1040 5780 1448 5861 sexagesimum,
1468 5790 1573 5843 imo

1715 3227 1819 3284 sibi
1857 3227 2023 3281 vitam
2064 3237 2306 3283 nostram
2364 3229 2724 3301 oblatumque
2782 3232 3045 3287 honorem
3089 3236 3289 3305 depre-

1703 3410 1795 3479 qui
1846 3410 2167 3463 tricesimum
2211 3408 2411 3479 fecerit,
2446 3409 2625 3463 salvus
2675 3411 2795 3463 erit.
2828 3408 2982 3464 Illud
3013 3424 3192 3468 autem
3212 3415 3288 3469 sic

1704 3480 1984 3547 disposuit,
2011 3488 2067 3531 ut
2094 3479 2310 3546 facilior
2339 3482 2421 3533 via
2450 3482 2519 3532 ad
2558 3480 2786 3534 salutent
2826 3492 2979 3535 esset.
3019 3482 3083 3534 Et
3117 3494 3172 3537 tu
3202 3502 3288 3538 er-

1702 3565 1767 3618 go
1794 3566 1894 3602 non
1919 3617 1924 3618 ί
1953 3561 2096 3618 potes
2137 3550 2491 3617 virginitatem
2523 3552 2769 3602 scrvare?
2793 3555 3112 3605 connubium
3139 3566 3287 3608 caste

1703 3621 1867 3672 ineas.
1907 3620 2030 3671 Non
2056 3630 2200 3687 potes
2222 3636 2334 3672 esse
2371 3620 2483 3672 sine
2498 3622 2827 3687 possessione
2849 3623 2875 3675 1
2902 3622 2966 3674 de
2991 3625 3138 3677 bonis
3178 3627 3285 3678 tuis

1702 3688 1918 3757 largire.
1950 3689 2071 3741 Non
2109 3700 2253 3756 potes
2281 3688 2379 3742 hoc
2407 3705 2539 3742 onus
2568 3690 2748 3756 ferre?
2778 3706 2897 3742 cum
2917 3692 3126 3746 Christo
3146 3693 3283 3748 bona

1700 3759 1891 3813 divide.
1925 3757 2049 3813 Non
2095 3760 2169 3811 vis
2220 3759 2323 3825 ipsi
2357 3760 2487 3812 dare
2536 3760 2749 3812 omnia?
2778 3760 2856 3813 vel
2889 3761 3166 3816 dimidiam
3202 3763 3283 3818 vel

1701 3830 1911 3881 tertiam
1941 3843 2142 3897 partem
2166 3829 2309 3880 dato.
2340 3827 2536 3881 Frater
2561 3838 2681 3881 tuus
2714 3841 2787 3881 est
2834 3830 2997 3882 etiam
3051 3833 3279 3886 cohazres

1700 3900 1873 3971 tuus?
1910 3898 1996 3966 {ac
2043 3898 2215 3971 illum
2241 3897 2326 3971 hic
2364 3902 2525 3971 etiam
2549 3899 3281 3971 Δς-οίιαένεᾴ-ιζηι.ίριιιιιιοιιηιιιια

1700 3969 1782 4021 illi
1805 3965 2029 4033 dederis,
2073 3967 2168 4019 tibi
2198 3968 2298 4031 ipsi
2337 3968 2507 4020 dabis.
2538 3965 2718 4035 (Tum.
2770 3967 2881 4032 VII,
2920 3970 3070 4025 hom.
3096 3965 3275 4031 i5,'in

1698 4038 1886 4093 Matth.
1956 4055 2010 4091 n.
2074 4038 2153 4110 2.)
2203 4035 2373 4090 Porro
2428 4040 2601 4110 sacris
2660 4040 2711 4091 in
2774 4036 2993 4110 Litteris
3060 4040 3272 4110 frugem

1697 4110 1941 4161 omnium
1994 4108 2285 4161 maximam
2322 4108 2583 4175 appellari
2636 4108 2995 4172 centesimam,
3032 4108 3271 4176 constat,

1698 4188 1756 4232 ut
1787 4194 1911 4232 cum
1952 4179 2101 4231 Isaac
2142 4177 2347 4231 sevisse
2394 4178 2446 4229 in
2492 4177 2711 4231 Geraris
2768 4178 2986 4241 dicitur,
3020 4189 3074 4232 et
3119 4181 3272 4234 inve-

1697 4249 1843 4301 nisse
1884 4249 1935 4300 in
1969 4251 2085 4316 ipso
2118 4262 2261 4301 anno
2301 4247 2609 4315 centuplex,
2644 4248 2765 4316 sive
2820 4246 3030 4316 frugem
3088 4259 3274 4305 cente-

1696 4319 1890 4372 simam
1925 4316 2078 4386 (Gen.
2118 4333 2262 4379 xxvr,
2289 4316 2378 4389 12)
2404 4333 2431 4389 ;Α
2453 4318 2612 4389 utait
2638 4315 2847 4371 Plinius
2877 4315 2943 4370 de
2978 4318 3272 4389 Libyphm-

1698 4388 1878 4441 nicum
1921 4390 2142 4456 regione
2166 4388 2378 4440 eximia:
2410 4386 2725 4448 fertilitatis,
2765 4406 2784 4438 ι
2820 4402 2942 4441 cum
2968 4386 3270 4445 centesima

1694 4457 2131 4580 fruge;g)ric0lis
2162 4456 2319 4511 fenus
2365 4456 2626 4510 reddente
2673 4468 2838 4511 terra.
2883 4476 2901 4508 ι
2937 4457 3032 4529 (ΙΙ.
3072 4457 3143 4513 Ν.
3172 4460 3267 4517 lib.

1694 4544 1746 4580 ν.
1776 4544 1806 4580 c
1901 4566 1913 4577 .

1694 4544 1806 4593 v,c
1863 4544 1913 4580 4.

1764 4529 1940 4666 (ﬁ)
1992 4595 2214 4667 Synopsi
2274 4611 2556 4652 sacrorum
2592 4596 2915 4655 Librorum,
2973 4600 3269 4667 quaeinter

1693 4682 1856 4735 opera
1882 4667 2165 4721 Athanasii
2200 4668 2343 4721 edita
2367 4677 2471 4730 est,
2506 4668 2830 4721 adnotatum
2850 4670 3086 4737 reperies
3109 4689 3120 4723 :
3142 4674 3268 4724 Aia-

1622 4723 1667 4779 ί)
1695 4723 1878 4790 ὅάλλει
1910 4738 2097 4808 δὲκαὶ
2133 4739 2251 4808 τὴνᾼ
2278 4723 2593 4808 Αἰγυπτίων
2648 4740 2775 4807 περὶ
2824 4723 3268 4808 γενέθλιαλογίαν

1694 4810 1944 4877 πτόησιν,
1980 4807 2187 4875 λέγων’
2211 4806 2418 4875 Τηρῶν
2442 4806 2668 4875 ἄνεμον
2688 4849 2702 4868 ,
2725 4806 2813 4860 κού
2870 4810 3101 4877 σπείρει
3115 4852 3129 4874 ,
3152 4806 3268 4863 καί

1683 4874 1938 4941 ,βλέπων
1957 4879 2026 4930 ἐν
2054 4874 2183 4943 ταῖς
2207 4874 2515 4946 νεφέλαις.
2543 4874 2616 4930 οὐ
2648 4879 2869 4944 θερίσει
2890 4918 2904 4938 ,
2937 4880 3007 4931 ἐν
3036 4874 3127 4944 οἷς
3152 4882 3265 4933 οὐκ

1686 4949 1818 5000 ἐστι
1884 4947 2219 5016 γινώσκων,
2254 4950 2310 5001 τί
2343 4949 2381 5014 ἡ
2419 4947 2558 5011 ὁδὸς
2606 4947 2713 5001 τοῦ
2750 4949 3113 5014 πνεύματος.
3171 4948 3267 5015 Ὠς

1685 5016 1833 5093 ὀσζιί
1869 5020 1951 5093 ἐν.
1984 5018 2195 5087 γαστρὶ
2223 5018 2665 5093 *κυοφρριῖὐσης
2686 5058 2698 5074 .
2736 5016 3027 5093 οὕτως.οὺ
3053 5018 3264 5093 Δγνώσηι-ι

1682 5090 1778 5140 καὶ
1817 5086 2114 5155 ποιήματα
2144 5086 2249 5141 τοῦ
2277 5088 2445 5149 Θεοῦ,
2480 5088 2596 5139 ὅσα
2618 5086 2859 5150 ποιήσει
2886 5089 2957 5138 τὰ
2986 5086 3267 5154 mittatis;-

1677 5173 1769 5210 τα.
1790 5158 1841 5211 Id
1865 5168 1974 5211 est:
1995 5160 2219 5211 Damnat
2242 5174 2360 5211 vero
2376 5167 2425 5210 ct
2445 5157 2817 5225 [Egyptiorum
2842 5162 3265 5222 superstitionem

1683 5229 1825 5282 circa
1853 5228 2227 5281 divinationem
2252 5243 2316 5281 ea:
2340 5228 2563 5280 hominis
2582 5228 2880 5285 nutivitate.
2910 5228 3089 5281 dicens
3113 5243 3131 5283 ε
3158 5230 3265 5295 Qui

1682 5300 1941 5352 observat
1996 5308 2208 5367 ventos,
2243 5314 2347 5351 non
2402 5306 2565 5358 seret,
2606 5306 2662 5350 et
2699 5298 2793 5367 qui
2838 5299 3036 5365 aspicit
3065 5300 3263 5361 nubes.

1684 5385 1790 5421 non
1822 5378 2003 5422 metet.
2040 5365 2095 5420 ln
2121 5370 2324 5436 quibus
2360 5384 2464 5421 non
2502 5376 2584 5421 est
2632 5365 2991 5436 cognoscens,
3019 5384 3143 5438 qua:
3189 5370 3265 5423 sit

1684 5440 1769 5491 via
1824 5440 2067 5505 spiritus.
2123 5439 2277 5492 Sicut
2337 5452 2462 5492 ossa
2522 5438 2574 5490 in
2608 5446 2766 5491 utero
2794 5439 3149 5506 praegnantis,
3183 5440 3265 5493 sic

1685 5524 1792 5562 non
1827 5523 2126 5578 cognosces
2173 5524 2341 5577 opera
2404 5508 2497 5560 Dei
2534 5510 2785 5561 universa
2814 5522 3158 5578 quascunque
3183 5508 3265 5563 fa-

1685 5582 1809 5633 ciet.
1864 5576 2111 5647 (Synops.
2164 5576 2292 5631 ccci.
2345 5579 2491 5647 init.)
2549 5577 2819 5631 Czeteruin
2868 5576 3265 5635 Montfauconii

1686 5648 1873 5718 opinio
1904 5658 2007 5710 est,
2061 5648 2355 5717 Synopseos
2400 5648 2585 5721 rhhujus
2602 5660 2897 5721 ﬁuctorem
2944 5662 3064 5721 post
3093 5650 3268 5721 Chry-

1685 5716 1990 5773 sostomuin
2024 5716 2333 5788 scripssse.
2372 5716 2555 5783 (Tum.
2602 5716 2670 5772 Vl
2713 5718 2891 5772 Diatr.
2921 5716 2976 5774 in
3034 5716 3263 5791 Synops.

1682 5789 1986 5855 Chrysost.)

1767 5798 1958 5857 rysost.
