4114 6502
274 424 419 490 1137

1338 425 1421 485 IN
1464 425 2042 486 ECCLESIASTEN.
2084 455 2149 464 -—
2200 431 2348 489 LIB.
2406 429 2477 489 Χ.

3410 432 3546 495 1138

273 558 377 612 ρον
400 539 501 608 τῆς
523 537 731 609 ἀρετῆς
749 537 809 592 οὐ
838 538 1182 608 προσήκατο,
1205 536 1294 589 διὰ
1316 537 1376 589 τὸ
1400 539 1538 606 μετά
1565 555 1710 601 τινος
1743 539 1861 589 ἑπι-

1977 538 2165 593 actum
2212 551 2314 606 est,
2347 557 2456 596 non
2491 541 2753 605 admisit;
2787 543 2986 613 quippe
3040 544 3128 600 cui
3172 560 3396 615 gramen
3452 550 3550 603 ad—

275 631 465 701 μιξίας
492 629 820 701 χορτώδους,
848 627 1018 697 ἦγουν
1053 626 1337 695 ὲμπαθοῦς
1365 627 1659 690 διαθέσεως
1694 645 1862 680 κατα-

270 724 569 796 ϐληθῆναι,
604 723 699 777 καὶ
756 720 1025 792 μηδαμῶς
1075 719 1169 773 τοῦ
1220 718 1463 791 καθαροῦ
1513 723 1719 791 σπόρου
1763 723 1864 792 τὴν

270 818 549 873 ἀπάθειαν
580 815 760 886 ἔχειν’
807 814 979 885 ἡγουν
1002 814 1079 877 ὡς
1110 813 1184 884 μὴ
1220 812 1288 867 δι’
1321 812 1454 866 αὐτὸ
1483 812 1543 866 τὸ
1573 814 1739 868 καλὸν
1780 832 1867 883 γι-

272 909 509 979 νόμενον
551 906 615 960 τδ
647 904 811 959 καλὸν
844 904 1202 974 θεασάμενος,
1229 904 1344 957 ἀλλ’
1375 904 1774 974 ἐπιφερόμενός
1811 922 1865 958 τι

273 1001 378 1053 καὶ
410 1000 652 1063 ζιζάνιον
684 996 1037 1069 ἀνθρωπίνης
1068 994 1366 1067 ἀρεσκείας
1407 996 1440 1065 ἢ
1485 995 1795 1063 κενοδοξίας
1830 996 1864 1068 ἡ

272 1107 428 1153 τινος
454 1089 623 1160 ἄλλης
651 1088 923 1160 κοσμικῆς
955 1086 1283 1157 ἑμπαθείας.
1316 1086 1437 1157 Χρὴ
1473 1087 1674 1149 τοίνυν,
1707 1088 1864 1158 φησί,

275 1182 562 1253 μηδέποτε
612 1180 913 1251 λαμϐάνειν
966 1176 1182 1232 παῦλαν
1220 1177 1320 1248 τῆς
1360 1180 1720 1248 κατασπορᾶς
1757 1179 1865 1233 τῶν

271 1271 507 1341 ἀγαθῶν
550 1270 648 1325 καὶ
690 1270 1001 1324 σπουδαίων
1053 1270 1347 1339 νοημάτων
1393 1270 1488 1323 καί
1538 1269 1713 1339 λόγων
1771 1271 1867 1325 καὶ

275 1360 560 1433 πράξεων,
585 1360 701 1414 ἀλλ’
734 1361 801 1413 ἐκ
830 1358 1085 1415 παιδόθεν
1114 1358 1212 1413 καὶ
1246 1358 1410 1429 μέχρι
1440 1361 1647 1430 γήρως.
1680 1360 1868 1415 Ταῦτα

274 1453 394 1521 γὰρ
452 1450 780 1522 σημαίνεται
838 1449 1029 1520 σαφῶς
1088 1448 1176 1503 διὰ
1208 1451 1305 1519 τῆς
1341 1450 1567 1517 πρωῆις
1618 1452 1713 1507 καὶ
1766 1452 1868 1522 τῆς

273 1540 574 1610 ἑσπέρας-⁸
616 1543 711 1596 καὶ
748 1542 1059 1612 προσευχάς
1109 1542 1207 1595 καί
1254 1541 1567 1610 δοξολογίας
1601 1545 1739 1614 πρὸς
1775 1545 1866 1598 τὸν

271 1633 379 1687 ἀπὶ
406 1636 624 1690 πάντων
667 1634 822 1700 Θεὸν,
856 1635 952 1689 καὶ
983 1634 1243 1705 νηστείας
1289 1633 1389 1698 τάς
1423 1635 1568 1688 κατά
1610 1634 1864 1706 δύναμιν,

272 1724 383 1777 καὶ
404 1723 505 1795 τὴν
529 1724 811 1796 πραότητα
839 1726 933 1777 καὶ
957 1724 1059 1795 τὴν
1078 1725 1301 1795 ἀγάπην
1327 1725 1421 1778 καὶ
1446 1725 1545 1795 τὴν
1570 1724 1691 1797 ἑλεη
1703 1725 1869 1795 μοσύ-

274 1832 386 1887 νην
406 1816 520 1888 ’τὴν
548 1816 687 1889 πρὸς
715 1817 842 1880 τοὺς
872 1817 1070 1879 ἐνδεεῖς
1109 1817 1205 1869 καὶ
1250 1818 1501 1886 πτωχοὺς
1535 1818 1867 1888 ἐργάζεσθαι

278 1906 587 1978 φιλοτίμως
617 1908 713 1961 καὶ
740 1907 980 1978 δαψιλῶς
998 1924 1011 1938 ·
1043 1909 1130 1962 ῑνα
1163 1908 1267 1963 κᾶν
1294 1909 1368 1980 μὴ
1392 1910 1461 1963 τὰ
1492 1910 1685 1979 πρῶτα
1714 1910 1868 1982 παρά
1898 1890 1942 1948 Β

272 1999 379 2054 τοῦ
407 2000 639 2073 ¹ποιητοῦ
665 2002 758 2055 καὶ
786 2000 1049 2055 δεσπότου
1084 2000 1470 2072 παραδεχθῶσι
1501 2002 1594 2054 καὶ
1627 2019 1864 2073 στοιχειο

274 2092 443 2161 θῶσι,
480 2094 551 2149 τὰ
584 2094 720 2165 πρὸς
764 2095 1027 2165 ἑσπέραν,
1060 2095 1230 2167 ἦγουν
1268 2094 1338 2148 τά
1376 2094 1505 2165 τέλη
1558 2095 1657 2164 τῆς
1696 2095 1865 2165 ζωῆς,

272 2186 383 2259 τὴν
413 2188 684 2258 ἀποδοχὴν
708 2187 891 2255 ἕξουσι
922 2190 1017 2242 καὶ
1043 2188 1136 2242 τὸν
1169 2187 1390 2241 ἔπαινον
1410 2203 1423 2218 ⁸
1453 2187 1488 2259 ἢ
1518 2190 1565 2241 εἰ
1598 2187 1673 2260 μὴ
1696 2188 1867 2243 ταῦτα

274 2280 527 2344 πάντως,
571 2283 778 2335 δκείνα.
830 2281 891 2334 Et
929 2279 974 2333 δ’
1014 2280 1301 2350 ἀμφότερα
1343 2280 1457 2340 τοίς
1503 2279 1867 2349 παντεφόροις

274 2371 585 2443 ὀφθαλμοῖς
613 2373 710 2428 τοῦ
743 2373 951 2443 Κυρίου
979 2372 1088 2426 τῶν
1113 2372 1370 2441 γνὼσεων
1390 2372 1577 2436 ἕξουσι
1599 2374 1701 2440 τὴν
1732 2374 1869 2426 ἀπο-

274 2461 470 2533 δοχὴν,
492 2462 647 2519 ἔσται
673 2463 752 2534 τῷ
774 2463 1054 2534 σπείροντι
1081 2463 1283 2533 μᾶλλον
1303 2464 1363 2516 τὸ
1388 2462 1616 2531 ἀγαθὸν,
1640 2463 1867 2532 ἀγαθὸν,

276 2555 382 2608 καί
409 2554 677 2625 πολύχουν
707 2554 914 2627 θερίσει
948 2554 1137 2613 θεόθεν
1163 2554 1264 2626 τὴν
1294 2555 1554 2627 ἀμοιϐήν.
1585 2550 1721 2612 Εἶτά
1759 2572 1869 2627 φη-

278 2662 375 2699 σιν
400 2647 430 2700 6
460 2645 622 2716 σοφὸς
668 2647 1106 2718 Ἐκκλησιαστής
1123 2663 1141 2679 ⁸

1968 631 2194 685 mistum
2226 643 2392 699 esset,
2440 630 2493 687 id
2526 642 2608 689 est
2639 632 2867 689 aﬂ'ectus
2910 644 3074 704 atque
3117 638 3411 704 cupiditas,
3450 656 3551 698 nec

1968 721 2099 776 vitio
2130 725 2280 779 omni
2331 727 2493 795 plane
2534 734 2747 781 careret
2784 745 2799 781 :
2847 728 2963 781 sive
3010 729 3139 798 quia
3173 729 3397 785 minime
3428 745 3551 787 tan-

1966 827 2133 882 quam
2164 814 2365 868 bonum
2392 817 2749 885 spectaveris,
2778 818 2925 887 quod
2958 833 3147 873 revera
3175 820 3379 875 bonum
3405 832 3548 888 erat,

1967 904 2061 959 sed
2099 903 2265 958 alieni
2320 904 2525 975 aliquid
2584 907 3057 975 superinduxeris,
3092 918 3147 964 et
3202 910 3395 965 lolium
3443 914 3548 967 hu-

1968 1011 2145 1050 manae
2179 996 2437 1059 levitatis,
2471 998 2722 1053 inanisvc
2756 1000 2943 1070 gloriae
2967 1000 3157 1068 studii,
3189 1012 3282 1057 aut
3313 1003 3549 1074 alicujus

1968 1090 2033 1141 de
2063 1088 2278 1142 caeteris
2306 1087 2470 1156 hujus
2496 1088 2620 1143 vitae
2641 1090 3053 1159 cupiditatibus.
3095 1090 3281 1163 Itaque
3308 1106 3545 1165 oportet,

1968 1181 2164 1250 inquit,
2200 1196 2479 1251 nunquam
2518 1190 2579 1236 ut
2615 1197 2896 1237 cessemus
2932 1197 2961 1236 a
2994 1184 3258 1240 bonarqu
3293 1185 3551 1243 honesta-

1969 1290 2204 1344 rumque
2224 1274 2645 1344 cogitationum,
2667 1284 2724 1329 et
2753 1290 3095 1341 sermonum,
3118 1290 3171 1331 et
3199 1294 3424 1347 operum
3458 1296 3548 1335 sa-

1968 1366 2138 1431 tione,
2167 1382 2292 1421 cum
2320 1366 2389 1421 ab
2414 1366 2530 1437 ipsa
2562 1368 2816 1437 pueritia,
2854 1375 2966 1421 tum
3004 1383 3178 1436 uSque
3212 1371 3279 1423 ad
3303 1371 3545 1437 senium;

1971 1461 2086 1515 haec
2120 1460 2265 1515 enim
2308 1459 2598 1513 manifesto
2639 1460 2949 1513 indicantur
2983 1476 3078 1528 per
3135 1460 3460 1514 Malutinmn
3498 1472 3551 1516 ct

1981 1551 2259 1619 Vesperum
2287 1566 2306 1602 :
2334 1558 2502 1620 utque
2544 1565 2645 1605 nos
2677 1551 2728 1603 in
2773 1551 3246 1607 obsecrationibus
3293 1568 3551 1607 exercea-

1971 1659 2094 1697 mus
2117 1659 2180 1697 ac
2213 1642 2412 1697 summi
2440 1641 2529 1696 Dei
2564 1641 2837 1702 laudibus.
2864 1652 2915 1696 et
2944 1643 2997 1696 in
3016 1643 3260 1713 jejuniis,
3284 1652 3549 1714 quantum

1972 1735 2115 1789 vires
2153 1734 2354 1799 ferunt,
2384 1742 2435 1788 et
2466 1733 2520 1787 in
2556 1735 2972 1789 mansuetudine
2998 1744 3051 1789 et
3076 1751 3265 1790 amore
3290 1747 3343 1790 et
3390 1735 3554 1791 mise-

1972 1828 2207 1882 ricordia
2240 1842 2367 1898 erga
2398 1842 2600 1898 egenos
2642 1839 2695 1881 et
2732 1843 2997 1898 pauperes
3047 1829 3293 1883 studiose
3327 1828 3554 1883 omnino

1971 1936 2035 1975 ac
2074 1919 2304 1988 benigne
2348 1936 2360 1973 :
2402 1934 2533 1988 quo,
2572 1919 2617 1974 si
2651 1919 2834 1975 minus
2877 1920 3088 1974 auctori
3134 1930 3324 1975 nostro
3358 1929 3427 1975 et'
3455 1921 3553 1975 do-

1970 2013 2119 2075 mino
2148 2021 2297 2081 grata
2338 2019 2499 2080 atque
2526 2019 2743 2080 accepta
2785 2009 3006 2075 fuerint,
3046 2028 3167 2081 qua:
3212 2013 3387 2082 prima
3422 2011 3552 2069 feci-

1969 2120 2113 2169 mus,
2161 2120 2224 2158 ea
2276 2103 2560 2173 praemium
2613 2120 2679 2159 ac
2723 2102 2939 2158 laudem
2989 2106 3243 2170 habeant,
3290 2122 3411 2172 quae
3447 2107 3551 2161 sub

1967 2215 2254 2269 vesperum
2291 2198 2405 2253 sive
2434 2198 2693 2254 extremis
2737 2199 2860 2252 vitae
2882 2198 3076 2253 diebus
3109 2198 3437 2255 fecerimus:
3465 2201 3550 2255 vel

1969 2292 2014 2346 si
2052 2308 2160 2345 non
2195 2291 2310 2345 hate
2342 2290 2590 2356 omnino,
2635 2290 2825 2345 saltem
2881 2290 2993 2344 illa.
3027 2289 3183 2359 Quod
3234 2294 3279 2346 sl
3319 2304 3552 2361 utraque

1968 2382 2169 2438 divinis
2196 2382 2374 2437 oculis
2408 2382 2592 2437 omnia
2624 2383 2985 2437 lustrautihus
3013 2393 3065 2438 et
3095 2385 3551 2454 cognoscentibus

1968 2484 2189 2545 accepta
2222 2483 2405 2540 erunt,
2445 2475 2582 2530 bene
2611 2474 2687 2529 illi
2725 2476 2849 2540 erit,
2890 2478 2983 2542 qui
3015 2476 3137 2545 plus
3173 2476 3550 2543 seminaverit,

1973 2576 2027 2622 et
2056 2584 2085 2622 a
2116 2566 2227 2621 Deo
2254 2567 2467 2623 fructus
2495 2575 2658 2623 metet
2681 2567 2980 2624 uberiores.
3003 2567 3093 2622 Ait
3117 2567 3312 2623 deinde
3334 2569 3553 2638 sapiens

1974 2658 2329 2715 Ecclesiastes
2362 2676 2376 2713 :

1853 2771 1971 2843 ιιι.

358 2868 471 2925 Καί
497 2868 694 2939 γλυκὺ
723 2868 791 2923 τὸ
814 2869 960 2938 φῶς.
998 2866 1100 2922 καί
1126 2867 1354 2939 ἀγαθὸν
1381 2866 1508 2934 τοῖς
1536 2866 1871 2938 ὀφθαλμοῖς

278 2960 356 3016 τὸ
388 2960 647 3029 ,βλέπειν
668 2960 792 3015 σὺν
813 2961 920 3013 τὸν
944 2960 1124 3026 ἣλιον
1142 2975 1154 2989 ·
1184 2958 1274 3012 ὅτι
1300 2958 1399 3012 καί
1418 2958 1527 3015 ἐὰν
1546 2958 1649 3024 ἐτη
1668 2956 1873 3014 πολλὰ

279 3049 528 3117 (deerat
552 3050 884 3121 ἄνθρωπος,
916 3049 987 3103 ἐν
1016 3048 1207 3104 πᾶσιν
1233 3046 1440 3112 αὐτοῖς
1461 3045 1874 3115 εὐφρανθήσε-

279 3158 408 3206 ται,
454 3141 553 3199 καί
584 3140 1009 3212 μνησθήσεται
1040 3140 1147 3206 τὰς
1182 3138 1408 3213 ἡμέρας
1446 3136 1552 3191 τοῦ
1590 3140 1871 3202 σκότους,

280 3234 381 3289 ὅτι
405 3234 631 3289 πολλαί
660 3233 929 3290 ἔσονται.

375 3326 711 3390 Ἀκολούθως
739 3325 921 3399 ἔχεται
959 3323 1068 3378 τῶν
1100 3323 1373 3395 αἰσθητῶν
1403 3322 1653 3388 εἰκόνων,
1690 3322 1777 3377 ἵνα
1804 3321 1873 3377 δι’

283 3420 496 3484 αὑτῶν,
525 3419 599 3483 ὡς
628 3419 697 3472 δι’
726 3420 1010 3489 ἐσόπτρων
1042 3416 1153 3471 τῶν
1196 3415 1526 3488 ἀρχετύπων
1559 3416 1657 3469 καὶ
1689 3430 1878 3486 κρειτ-

285 3510 468 3565 τόνων
494 3509 844 3582 ἀσυγκρίτως
877 3507 1181 3581 παραδείξῃ
1205 3506 1267 3560 τὸ
1287 3505 1503 3569 κάλλος.
1534 3506 1714 3562 Γλυκὺ
1741 3506 1872 3576 γὰρ,

288 3600 454 3670 φησί,
494 3597 657 3653 τοῦτο
686 3599 749 3651 τδ
785 3598 902 3668 φῶς
938 3597 1034 3649 καὶ
1062 3596 1184 3649 λίαν
1219 3595 1425 3664 ἀγαθὸν
1455 3595 1515 3648 τὸ
1538 3595 1754 3665 δέρκειν
1784 3594 1879 3648 τὸν

287 3689 558 3760 αἰσθητὸν
585 3689 737 3761 ἥλιον
762 3692 882 3752 ταῖς
914 3688 1071 3757 ὂψεσι
1108 3687 1218 3739 τῶν
1242 3685 1520 3757 αἰσθητῶν
1556 3684 1877 3756 ὀφθαλμῶν.

290 3781 473 3835 Τοῦτο
497 3782 556 3837 δὲ
589 3782 823 3851 φάσκειν
854 3781 949 3834 καὶ
987 3780 1264 3833 διδάσκειν
1310 3778 1583 3849 παρέλκον
1623 3779 1743 3830 ἐστὶ
1782 3776 1881 3830 καί⁵

292 3874 578 3944 περιττὸν,
613 3877 664 3927 εἰ
690 3875 766 3943 μὴ
793 3873 934 3944 πρὸς
958 3872 1086 3928 ἀλλο
1134 3891 1185 3925 τι
1212 3873 1465 3941 κρεῖττον
1498 3870 1612 3940 φῶς
1639 3866 1881 3922 ἀποϐλέ-

293 3982 418 4032 πει,
446 3966 542 4019 καὶ
566 3965 705 4037 πρὸς
733 3966 824 4019 τὸν
847 3964 1039 4036 νοητὸν
1066 3966 1167 4035 τῆς
1196 3962 1550 4032 δικαιοσύνης
1578 3961 1733 4033 ἥλιον
1758 3958 1883 4031 βού-

292 4058 454 4115 λεται
482 4060 612 4122 τοὺς
638 4058 918 4129 ἀκροατάς
942 4058 1362 4127 παραπέμπειν.
1394 4056 1573 4113 ἰσασι
1604 4052 1715 4124 τάρ
1740 4053 1882 4107 πάν-

293 4167 395 4214 τες
422 4150 736 4223 ἂνθρωποι,
779 4149 878 4203 καὶ
915 4149 1090 4220 χωρὶς
1138 4147 1234 4202 τοῦ
1271 4144 1702 4218 Ἐκκλησιαποῦ
1724 4185 1739 4211 ,
1786 4145 1886 4197 καὶ

292 4242 479 4313 γλυκὺ
506 4244 669 4298 τοῦτο
715 4243 778 4298 τδ
804 4243 925 4312 φῶς
961 4241 1252 4312 ὑπάρχειν,
1300 4240 1396 4297 καὶ
1426 4239 1490 4295 τὸ
1532 4238 1754 4309 βλέπειν
1792 4238 1885 4292 τὸν

292 4338 480 4414 ἥλιον,
508 4339 738 4409 ἀγαθόν.
779 4336 1064 4392 Ἐντεῦθεν
1088 4338 1198 4407 γὰρ
1224 4336 1257 4407 η
1283 4334 1399 4406 ζωὴ
1431 4335 1542 4389 τῶν
1577 4333 1887 4406 ἀνθρώπων

295 4433 421 4504 ἔχει
443 4431 544 4504 τὴν
571 4431 855 4495 σύστασιν,
872 4428 970 4484 καὶ
997 4428 1069 4482 τά
1091 4426 1187 4484 τοῦ
1218 4427 1339 4498 βίου
1362 4424 1659 4480 διιθύνεται
1684 4426 1889 4491 πάντα,

297 4524 403 4578 καὶ
443 4522 555 4577 τῶν
597 4524 949 4592 πραγμάτων
973 4520 1030 4575 ui
1070 4518 1264 4591 φύσεις
1291 4518 1393 4589 τὴν
1421 4517 1713 4589 διαστολὴν
1748 4517 1890 4586 λαμ-

2048 2864 2211 2922 Vuns.
2252 2868 2306 2921 7.
2350 2867 2418 2923 Et
2447 2868 2600 2922 dulce
2638 2880 2814 2924 lumen
2855 2882 2902 2922 et
2942 2871 3135 2923 bonum
3176 2868 3342 2923 oculis
3383 2870 3556 2929 videre

1971 2958 2135 3013 solem
2168 2960 2336 3029 :quia
2364 2962 2462 3013 etsi
2512 2961 2667 3015 annis
2706 2961 2888 3015 multis
2928 2962 3111 3014 vixerit
3146 2960 3324 3021 homo.
3360 2963 3412 3017 in
3443 2978 3556 3015 om-

1972 3053 2125 3106 nibus
2160 3051 2241 3105 his
2270 3052 2560 3113 (relabitur.
2588 3061 2638 3105 et
2673 3053 3038 3106 recordabilur
3067 3053 3270 3109 dierum
3315 3054 3556 3109 tenebra-

1974 3160 2111 3208 rum,
2142 3145 2229 3213 qui
2258 3143 2413 3196 multi
2443 3154 2595 3198 erunt
2625 3144 2758 3216 (Η).

2048 3314 2308 3375 Protinus
2345 3318 2633 3375 sensibiles
2662 3319 2926 3393 imagines
2952 3318 3318 3391 persequitur,
3360 3327 3421 3375 ut
3451 3318 3558 3372 illis

1980 3422 2240 3482 tanquam
2267 3411 2506 3485 speculis
2528 3411 2989 3483 pulchritudinem
3026 3411 3186 3482 267
3210 3418 3561 3482 repraesentet

1978 3520 2169 3560 carum
2201 3518 2387 3559 rerum
2425 3519 2547 3576 qua:
2580 3502 2865 3575 praecipuzr
2891 3511 3039 3564 sunt.
3069 3512 3123 3558 et
3154 3512 3309 3557 extra
3338 3516 3557 3558 omnem

1979 3596 2440 3666 comparationem
2498 3595 2761 3666 potiores.
2814 3595 2980 3650 Dulce
3023 3594 3192 3656 enim,
3235 3594 3430 3665 inquit,
3478 3603 3562 3648 est

1981 3687 2087 3744 hoc
2113 3687 2322 3753 lumen,
2354 3697 2411 3743 et
2438 3688 2591 3742 valde
2623 3688 2823 3741 bonum
2855 3687 2973 3745 acie
3022 3687 3306 3742 oculorum
3344 3696 3561 3741 nostro-

1979 3796 2103 3836 rum
2134 3779 2306 3836 solem
2358 3780 2502 3835 hunc
2532 3780 2921 3849 aspectabilem
2965 3779 3189 3834 intueri.
3222 3777 3349 3834 Haec
3376 3789 3557 3834 autem

1982 3870 2227 3943 proferre
2251 3886 2319 3926 ac
2340 3871 2536 3926 docere
2562 3886 3027 3941 supervacaneum
3052 3881 3136 3926 est
3160 3879 3323 3942 atque
3348 3870 3558 3935 inutile,

1983 3964 2092 4020 nisi
2120 3964 2304 4019 lumen
2335 3961 2482 4017 aliud
2513 3963 2859 4031 praestantius
2896 3961 3172 4030 respiciat,
3200 3969 3254 4015 et
3282 3960 3563 4015 auditores

1985 4056 2053 4113 ad
2083 4054 2383 4126 spiritalem
2400 4054 2629 4124 justitix
2653 4053 2823 4108 solem
2853 4054 3139 4107 traducere
3162 4052 3313 4107 velit.
3337 4048 3473 4104 Nam
3509 4057 3563 4104 et

1986 4148 2107 4203 sine
2137 4146 2465 4201 Ecclesiaste
2496 4158 2691 4198 omnes
2721 4143 2968 4196 homines
3003 4151 3224 4206 norunt,
3252 4140 3411 4194 dulce
3438 4156 3581 4195 esse

1988 4239 2093 4295 hoc
2120 4238 2323 4306 lumen,
2356 4246 2409 4292 et
2441 4236 2613 4290 solem
2649 4234 2834 4289 videre
2864 4234 3092 4287 bonum.
3121 4230 3251 4286 lude
3277 4232 3424 4286 enim
3454 4230 3563 4284 vita

1990 4331 2273 4388 hominum
2341 4326 2789 4383 constitutionem
2845 4323 3027 4389 habet,
3075 4330 3131 4377 et
3183 4322 3365 4376 ouiuia
3417 4320 3565 4374 illius

1988 4424 2176 4481 munia
2204 4421 2537 4492 diriguntur,
2564 4432 2858 4488 rerumque
2890 4425 3101 4471 natura
3135 4414 3426 4470 discrimen
3474 4427 3567 4467 ca-

1988 4519 2147 4590 piunt
2173 4524 2229 4571 et
2255 4522 2500 4569 mutuam
2526 4510 2953 4567 dlstinctionem.
2983 4507 3130 4562 Luce
3154 4506 3298 4561 enim
3331 4504 3565 4569 sublata,

299 4615 534 4677 δάνουσι
563 4614 662 4669 καὶ
692 4613 971 4683 διάκρισιν
994 4611 1090 4665 ἀπ’
1116 4608 1384 4680 ἀλλήλων.
1411 4609 1593 4672 Φινεὺς
1631 4609 1741 4678 γὰρ
1778 4608 1876 4661 ἀτι-

1992 4611 2115 4667 sine
2143 4608 2325 4679 specie
2360 4604 2595 4660 mundus
2633 4611 2801 4667 esset,
2830 4601 3052 4672 vitaque
3080 4599 3201 4655 sine
3228 4597 3361 4653 vita.
3388 4595 3571 4664 Quare

300 4708 482 4771 ὄντος,
526 4706 769 4776 ἄκοσμος
790 4700 861 4777 ἦν
891 4706 919 4758 6
948 4704 1188 4773 κόσμος,
1218 4703 1314 4755 καὶ
1339 4700 1497 4764 ἀδιος
1539 4700 1571 4752 6
1615 4700 1767 4771 βίοςο
1792 4700 1891 4753 καὶ

300 4798 399 4852 se:
443 4796 602 4850 τοῦτο
651 4795 976 4867 προφθάσας
1027 4797 1055 4848 6
1103 4793 1343 4862 θεόπτης
1394 4790 1643 4860 Μωῠσῆς-
1694 4788 1888 4859 ἔφησεο

312 4908 339 4943 ε
371 4890 482 4943 Καὶ
509 4888 620 4941 εδεν
656 4889 686 4941 6
712 4887 846 4950 Θεὸς
871 4885 933 4940 τὸ
956 4886 1095 4956 φῶς,
1123 4885 1218 4939 καὶ
1247 4880 1429 4949 εἶπεν,
1461 4883 1544 4937 δτι
1569 4879 1756 4935 καλόν.
1798 4899 1825 4935 ι.

385 4982 507 5037 Ἵνα
524 4979 707 5035 τοίνυν
738 4982 815 5051 μὴ
849 4978 1197 5048 παρέλκοντα
1235 4977 1333 5031 καὶ
1374 4976 1610 5047 περιττά
1652 4975 1751 5029 καὶ
1786 4973 1893 5045 μά-

306 5091 443 5129 ταια
485 5072 668 5140 λέγειν
709 5090 796 5137 τις
838 5070 1051 5143 οἰηθείη
1092 5070 1187 5125 τὸν
1222 5069 1387 5140 σοφὸν
1432 5066 1891 5139 Ἑκκλησιαστὴν,

1988 4703 2081 4758 ille
2136 4700 2229 4756 Dei
2285 4696 2684 4766 contemplator
2734 4693 2949 4766 Moyses
2999 4700 3332 4764 ρωνοηοιιε
3373 4689 3513 4744 dixit
3551 4706 3565 4744 :

1994 4813 2016 4846 ε
2056 4794 2122 4848 Et
2150 4792 2286 4848 vidit
2308 4790 2455 4846 Deus
2480 4789 2680 4853 lucem,
2719 4796 2773 4841 et
2798 4787 2898 4851 ait,
2933 4785 3067 4856 quia
3092 4784 3301 4841 bonum
3334 4780 3470 4852 (12).
3508 4798 3532 4833 ι

2061 4968 2141 5026 Ne
2207 4966 2374 5038 igitur
2431 4964 2733 5034 sapientem
2790 4960 3178 5016 Ecclesiasten
3236 4971 3569 5028 supervacue

1992 5063 2120 5134 quis
2145 5070 2199 5115 et
2232 5058 2467 5113 inaniter
2491 5056 2791 5122 leviterque
2818 5053 3059 5107 locutum
3089 5050 3405 5113 arbitretur,
3443 5064 3568 5118 per-

309 5166 393 5231 ὡς
420 5166 483 5220 τὸ
510 5168 678 5220 πᾶσιν
709 5141 1104 5236 ἀριδηλότατον
1137 5165 1235 5218 καὶ
1266 5161 1668 5232 διεγνωσμένον
1696 5176 1876 5230 πειρα·

1995 5155 2120 5211 iude
2149 5152 2329 5223 quasi,
2368 5149 2512 5220 quod
2560 5147 2818 5203 omnibus
2867 5141 3375 5199 manifestissimum
3407 5151 3571 5208 atque

312 5258 479 5313 θέντα
502 5258 813 5314 διδάσκειν·
846 5260 989 5312 νοεῖν
1012 5258 1159 5329 ἡμᾶς
1204 5255 1266 5322 δξ
1307 5255 1557 5326 ἀνάγκης
1594 5256 1895 5326 προσῆκεν,

1996 5246 2275 5318 cognitum
2308 5251 2415 5308 est,
2443 5241 2641 5295 docere
2673 5235 3044 5301 contenderit;
3081 5233 3323 5304 negitare
3349 5247 3449 5286 nos
3476 5247 3572 5285 ue-

312 5352 395 5418 ὥς
423 5352 512 5407 διά
535 5352 637 5422 τῆς
665 5350 966 5422 ὀνομασίας
996 5349 1092 5404 τοῦ
1138 5347 1401 5418 αἰσθητοῦ
1434 5349 1615 5416 φωτὸς
1658 5346 1719 5402 τὸ
1754 5345 1876 5418 μέγι

1998 5339 2239 5397 cessatio
2268 5332 2544 5397 convenit,
2595 5331 2748 5388 illum
2790 5329 3180 5397 prophetarum
3230 5340 3405 5387 more,
3448 5339 3572 5376 rum

313 5416 416 5499 κει
444 5416 701 5512 ἀληθινὸν
750 5416 848 5496 καὶ
889 5440 1065 5497 ἀΐδιον
1118 5439 1259 5509 φῶς,
1296 5416 1325 5491 ἰ
1364 5440 1431 5492 Ὃ
1456 5435 1680 5506 φωτίζει
1720 5416 1876 5491 πάντα

2005 5426 2261 5486 sensibile
2314 5428 2497 5479 lumen
2550 5422 2886 5485 nominavit,
2939 5418 3010 5471 ob
3066 5418 3254 5472 oculos
3317 5416 3577 5471 habuisse

313 5534 608 5607 ἄνθρωπον
630 5534 714 5599 εἰς
735 5532 835 5586 τὸν
851 5532 1058 5603 κόσμον
1088 5530 1411 5603 ἐρχόμενον,
1435 5548 1454 5583 ι
1493 5528 1739 5599 δηλονότι
1763 5530 1899 5598 Χρι-

315 5627 446 5683 στδν
475 5626 568 5681 τὸν
600 5626 830 5697 Σωτῆρα
858 5623 952 5678 τοῦ
984 5624 1190 5695 κόσμου
1221 5621 1318 5676 καὶ
1341 5618 1826 5692 Λυτρωτὴν,προφ
1838 5638 1896 5692 η-

2006 5538 2265 5597 maguum
2291 5528 2349 5575 et
2367 5534 2555 5575 verum
2585 5528 2956 5585 aeternumque
2981 5514 3193 5579 lumen,
3214 5512 3359 5582 quod
3396 5530 3414 5563 ι
3449 5512 3573 5566 ὶΙΙυ-

2005 5620 2179 5674 minat
2203 5628 2419 5671 omnem
2463 5612 2738 5668 hominem
2787 5609 3093 5664 venientem
3147 5606 3201 5660 in
3240 5606 3381 5661 hunc
3417 5620 3576 5658 mun-

390 5804 503 5872 (ll)
536 5801 753 5873 Olymp.
798 5802 896 5873 καὶ
932 5801 1308 5873 μνησθήσεται
1341 5800 1411 5853 τά
1458 5800 1596 5873 ξρῖα
1640 5796 1735 5852 τοῦ
1787 5797 2104 5862 σκότους....

394 5867 507 5947 (ιιι)
549 5867 656 5929 Séd
688 5867 829 5945 apud
858 5872 1000 5927 LXX
1029 5867 1367 5930 desideratur
1398 5867 1687 5925 καὶεῖπεν.
