4114 6476
542 370 680 435 1139

1683 372 1744 431 S.
1787 365 2167 431 GBEGORII
2212 366 2723 427 AGRIGENTINI

3704 368 3831 430 lliO

539 490 671 544 dum
698 489 764 551 ",
807 507 825 538 ι
861 485 1142 541 Christum
1198 485 1406 541 scilicet
1441 484 1631 541 mundi
1675 483 2022 539 Servatorem
2070 498 2134 537 ac

2256 482 2414 542 τικοτς
2445 479 2749 550 ὀφθαλμοῖς
2794 478 3136 549 θεασάμενος
3168 481 3700 554 ὲνανθρωπήσαντα,
3744 487 3831 536 καὶ

542 581 985 648 Redemptorem,
1014 578 1133 648 qui,
1171 577 1338 634 homo
1372 578 1573 643 lactus,
1601 578 1666 632 ad
1718 577 1974 631 humana
2005 590 2137 631 con-

542 671 766 725 ditionis
824 680 1068 725 extrema
1117 671 1384 728 devenit:
1434 670 1501 724 de
1546 685 1657 739 quo
1708 668 1841 723 dicit
1874 668 2136 738 propheta

548 758 718 812 David
752 776 765 812 :
803 778 820 809 ι
860 758 1089 814 (Iantate
1133 760 1269 826 Deo,
1306 760 1520 828 psallite
1574 758 1784 812 nomini
1836 758 1990 827 ejus,
2038 759 2139 813 iter

545 847 708 903 facite
757 849 827 913 ei,
871 850 963 919 qui
999 852 1248 905 ascendit
1283 850 1349 901 ad
1385 849 1725 904 occidentem
1784 868 1796 903 :
1863 849 2139 905 Dominus

547 956 744 996 nomen
782 942 852 995 illi
881 961 893 995 :
926 952 981 997 et
1020 944 1292 997 exsultate
1323 943 1373 996 in
1425 951 1720 1010 conspectu
1753 943 1874 1012 ejus
1900 944 1966 996 ”.
2010 962 2027 992 ι
2065 941 2142 996 Ac

549 1050 766 1087 rursum
819 1035 1205 1091 vocalissimus
1250 1035 1421 1090 lsaias
1475 1054 1487 1089 :
1531 1054 1549 1085 ι
1596 1034 1765 1105 Regio
1800 1034 2044 1088 anulon
2087 1042 2140 1087 et

549 1134 693 1179 terra
725 1124 1096 1196 Nephthalim,
1126 1137 1179 1181 et
1212 1128 1407 1194 reliqui
1434 1125 1593 1195 juxta
1643 1142 1791 1180 mare
1833 1125 2142 1180 habitantes

549 1226 603 1272 et
640 1227 790 1273 trans
828 1218 1146 1282 Jordanem,
1182 1218 1403 1273 Galilaa
1435 1218 1702 1287 gentium,
1752 1218 2011 1286 populus,
2047 1218 2141 1286 qui

552 1309 785 1364 sedebas
826 1311 877 1363 in
916 1311 1176 1373 tenebris,
1212 1310 1390 1364 videte
1425 1310 1608 1363 lumen
1646 1325 1937 1379 magnum;
1966 1309 2141 1373 vobis,

553 1404 647 1472 qui
703 1403 963 1459 habitatis
996 1403 1048 1457 in
1076 1403 1300 1474 regione
1336 1409 1390 1455 et
1434 1402 1626 1469 umbra
1682 1404 1897 1468 mortis,
1937 1401 2029 1455 lux
2063 1400 2143 1454 af-

556 1494 787 1562 fulgcbit
822 1496 959 1565 (l5).
994 1514 1012 1547 ι

626 1587 795 1643 Dulce
834 1588 1124 1657 appellavit
1162 1587 1371 1654 lumen,
1420 1603 1485 1642 ac
1515 1586 1719 1642 bonum
1758 1587 2144 1658 pranuntiavit

558 1678 746 1734 videre
797 1678 970 1735 oculis
1005 1679 1122 1733 suis
1160 1681 1328 1734 solem
1380 1679 1587 1749 gloria,
1627 1694 1751 1733 eum
1800 1694 2017 1749 nempe,
2049 1680 2142 1747 qui

2240 573 2379 644 πρὸς
2409 573 2509 636 τὰς
2543 574 2757 642 δυσμὰς
2783 573 3007 626 ἐλθόντα
3039 575 3137 643 τῆς
3167 574 3523 646 ἀνθρωπίνης
3552 578 3831 647 ἐσχατιᾶς.

2241 665 2376 737 Περὶ
2410 660 2473 719 οὗ
2507 681 2672 735 φησιν
2704 667 2732 718 6
2759 666 3050 736 προφήτης
3078 666 3245 719 Δαδίδ
3268 684 3279 695 ·
3314 685 3333 718 ι
3364 666 3573 739 ’ᾼσατε
3600 668 3679 738 τῷ
3695 667 3827 737 Θεῷ.

2239 756 2451 822 ψάλατε
2483 756 2562 826 τῷ
2592 756 2822 827 ὀνόματι
2848 756 3039 822 αὑτοῦ,
3067 757 3424 830 ὀδοποιήσατε
3456 760 3538 830 τῷ
3569 760 3828 829 ὲπιὸεὸη-

2241 848 2361 901 κότι
2397 848 2492 901 ἐπὶ
2520 848 2745 918 δυσμῶν
2766 862 2780 877 ⁸
2812 848 3019 919 Κύριος
3050 848 3223 919 ὄνομα
3249 851 3418 921 αὐτῷ,
3445 853 3545 905 καὶ
3573 852 3829 920 ἀγαλλιᾶ-

2244 942 2337 995 σθε
2367 940 2598 1009 ὲνιῖιπιον
2630 941 2822 996 αὐτοῦ.
2857 962 2876 993 ι
2910 943 3021 996 Καὶ
3057 943 3222 997 πάλιν
3249 947 3278 999 6
3308 946 3826 1016 μεγαλοφωνότατος

2258 1034 2489 1097 Ἡσαΐας
2509 1052 2524 1067 °
2557 1054 2575 1085 ι
2600 1032 2770 1105 Χώρα
2799 1034 3087 1088 Ζαϐουλὼν
3120 1036 3216 1089 καὶ
3244 1038 3319 1107 γῆ
3349 1037 3446 1091 τοῦ
3482 1039 3822 1107 Νεφθαλεὶμ,

2244 1127 2339 1180 καὶ
2373 1128 2423 1180 oi
2466 1125 2647 1180 λοιποὶ
2681 1128 2731 1180 οἱ
2757 1128 2856 1195 τὴν
2900 1128 3177 1198 παραλίαν
3207 1130 3490 1194 οἰκοῦντες
3521 1132 3619 1184 καὶ
3660 1133 3830 1199 πέραν

2244 1221 2339 1273 τοῦ
2387 1220 2683 1290 Ἰορδάνου,
2717 1219 2983 1274 Γαλιλαία
3012 1221 3122 1274 τῶν
3170 1222 3361 1286 ἐθνῶν,
3393 1223 3422 1275 ὀ
3456 1222 3586 1287 λαδς
3626 1225 3656 1275 6
3705 1224 3832 1275 καθ-

2246 1316 2449 1383 ήμενος
2485 1316 2542 1367 ὲν
2582 1313 2800 1379 σκότει,
2834 1314 2975 1367 ἴδετε
3003 1315 3116 1383 φῶς
3151 1315 3294 1384 μέγα
3319 1330 3333 1345 ·
3366 1317 3415 1369 oi
3453 1315 3832 1377 κατοικοῦντες

2246 1407 2306 1458 ἐν
2344 1405 2499 1476 χώρα
2526 1406 2623 1459 καὶ
2651 1407 2782 1476 σκιᾷ
2823 1405 3081 1473 θανάτου,
3111 1405 3227 1474 φῶς
3252 1406 3461 1477 λάμψει
3489 1408 3578 1476 ἐφ’
3610 1409 3775 1477 ὑμᾶς.
3809 1426 3824 1457 ι

2319 1585 2498 1641 Γλυκὺ
2526 1584 2942 1655 προσηγόρευσε
2973 1585 3109 1653 φῶς,
3139 1585 3237 1639 κα)⁸
3260 1586 3355 1639 τὸν
3376 1586 3480 1656 τῆς
3504 1586 3661 1657 δόξης
3681 1585 3833 1656 ἥλιον

2250 1678 2451 1746 ἀγαθὸν
2493 1677 2715 1747 βλέπειν
2742 1679 2858 1740 τοῖς
2901 1678 3203 1746 ὀφθαλμοῖς
3237 1680 3705 1749 προκατήγγειλε,
3744 1679 3831 1732 τὸν

562 1768 759 1823 divina
788 1769 1258 1825 inhumanationis
1284 1778 1526 1838 tempore
1548 1771 1624 1824 ait
1656 1788 1669 1824 :
1704 1789 1723 1821 ι
1755 1770 1867 1838 Ego
1898 1786 2020 1826 sum
2054 1772 2146 1826 lux

2256 1773 2474 1824 εἰπόντα
2509 1770 2651 1824 κατὰ
2678 1770 2770 1825 τὸν
2798 1771 2990 1841 καιρὸν
3025 1771 3129 1840 τῆς
3159 1771 3312 1834 θείας
3350 1770 3831 1842 ὲνσωματὼσεως·

564 1861 753 1915 mundi
784 1878 800 1927 ;
831 1861 922 1930 qui
952 1862 1201 1929 sequitur
1236 1878 1341 1925 me,
1374 1878 1482 1915 non
1521 1862 1883 1916 ambulaverit
1910 1862 1963 1916 in
1996 1871 2140 1917 tene-

559 1952 698 2016 bris,
725 1953 816 2007 scd
848 1952 1070 2007 habebit
1094 1954 1273 2006 lumen
1305 1953 1427 2007 vita
1461 1954 1595 2025 (Μ).
1623 1952 1687 2008 Ει
1709 1953 1903 2007 iterum
1933 1972 1946 2007 :
1977 1973 1995 2005 ι
2031 1952 2146 2009 Hoc

560 2054 645 2101 est
673 2044 966 2115 judicium,
993 2046 1120 2115 quia
1154 2046 1244 2099 lux
1300 2047 1449 2101 venit
1488 2047 1541 2100 in
1591 2045 1857 2100 mundum
1890 2046 1957 2099 ’³.
2001 2065 2019 2098 ι
2056 2046 2148 2101 Sic

560 2138 728 2209 igitur
751 2139 921 2194 solari
955 2139 1076 2205 hoc,
1111 2140 1256 2207 quod
1290 2140 1457 2210 268
1488 2141 1737 2209 corporis
1776 2139 1954 2194 oculis
1985 2155 2146 2195 usur-

558 2231 1006 2301 pamus,lumine
1034 2233 1332 2301 spiritalem
1358 2232 1583 2298 iustitia
1606 2231 1786 2287 Solem
1816 2234 2149 2302 pranuntia-

562 2326 660 2387 vit,
686 2326 779 2394 qui
804 2340 992 2379 revera
1032 2325 1388 2379 dulcissimus
1418 2324 1485 2379 iis
1514 2322 1636 2389 fuit,
1672 2324 1766 2393 qui
1793 2324 1941 2393 digni
1978 2323 2147 2379 habiti

563 2416 733 2481 fuere,
766 2426 827 2473 ut
865 2420 934 2473 ab
975 2434 1043 2474 eo
1080 2419 1521 2483 institueremur,
1568 2428 1737 2488 utque
1777 2419 1957 2489 ipsum
2009 2420 2150 2474 inter

563 2509 814 2565 homines
838 2511 1122 2581 degentem
1152 2519 1317 2580 atque
1338 2520 1646 2565 versantem
1666 2510 1841 2565 oculis
1864 2511 1981 2566 suis
2004 2511 2155 2581 aspi-

563 2612 753 2657 cerent
804 2612 1064 2672 tanquam
1116 2602 1393 2657 hominem
1434 2617 1730 2671 quemque,
1787 2618 1911 2658 cum
1966 2613 2149 2659 tamen

565 2708 675 2750 non
705 2704 762 2748 ut
785 2694 1016 2766 quisque
1050 2694 1334 2749 hominum
1373 2702 1536 2749 esset.
1579 2692 1710 2750 Erat
1744 2699 1890 2750 enim
1923 2706 1977 2751 et
2006 2696 2151 2754 Deus

524 2818 527 2821 -
564 2801 753 2852 verus,
792 2802 858 2841 ac
893 2796 1177 2858 propterea
1212 2795 1273 2841 ut
1297 2786 1425 2842 caci
1450 2786 1718 2853 viderent,
1742 2796 1796 2842 et
1825 2787 2002 2843 claudi
2033 2803 2152 2843 am-

567 2876 842 2943 bularent,
888 2886 941 2931 et
982 2875 1136 2933 surdi
1173 2877 1446 2940 audirent,
1480 2874 1679 2942 eﬂecit,
1738 2876 1905 2948 lepris
1942 2878 2152 2934 obsitos

540 2964 877 3027 ,mundavit,
912 2974 1159 3021 mortuos
1190 2964 1308 3020 solo
1336 2965 1495 3035 jussu
1532 2964 1600 3019 ad
1638 2965 1806 3020 vitam
1856 2969 2147 3023 revocavit.

569 3056 743 3114 Porro
772 3074 916 3114 nunc
943 3060 1104 3114 etiam
1138 3059 1518 3115 dulcissimum
1556 3075 1740 3113 revera
1773 3069 1857 3115 est
1881 3061 2154 3130 spiritales

2258 1882 2279 1915 ι
2320 1863 2462 1932 Ἐγὼ
2490 1865 2606 1933 εἰμι
2639 1864 2700 1916 τὸ
2731 1863 2848 1932 φῶς
2879 1862 2973 1916 τοῦ
3006 1863 3213 1934 κόσμου
3236 1881 3249 1893 ·
3295 1866 3325 1917 6
3348 1863 3665 1918 ἀκολουθῶν
3689 1862 3833 1933 ἐμοὶ,

2250 1957 2311 2010 οὐ
2348 1957 2420 2027 μὴ
2467 1956 2824 2027 περιπατήσῃ
2860 1956 2919 2008 ὲν
2957 1956 3180 2028 σκοτίᾳ,
3207 1956 3324 2009 ἀλλ’
3357 1956 3471 2023 ’ἐξει
3500 1955 3562 2009 τὸ
3588 1955 3706 2024 φῶς
3741 1955 3837 2023 τῆς

2251 2049 2417 2120 ζωῆς.
2459 2069 2478 2102 ι
2508 2049 2622 2103 και
2661 2049 2848 2110 πάλιν,
2884 2067 2903 2100 ι
2944 2046 3094 2118 Αὕτη
3140 2049 3294 2102 ἐστὶν
3336 2049 3370 2119 ή
3402 2048 3590 2119 κρίσις
3614 2087 3630 2111 ,
3660 2047 3746 2100 ὅτι
3780 2044 3836 2098 τὸ

2250 2139 2368 2208 φῶς
2415 2140 2679 2211 ἐλήλυθεν
2730 2142 2813 2202 είς
2857 2138 2949 2192 τὸν
3002 2138 3230 2208 κόσμον.
3276 2158 3294 2191 ι
3336 2138 3499 2194 Οὓτω
3527 2136 3715 2190 τοίνυν
3750 2133 3837 2188 διὰ

2249 2231 2345 2286 τοῦ
2376 2232 2603 2302 ἡλιακοῦ
2638 2233 2835 2286 τούτου
2862 2234 2957 2287 καὶ
2997 2232 3337 2305 βλεπομένου
3387 2231 3570 2299 φωτὸς
3609 2231 3727 2291 τοῖς
3756 2230 3835 2280 al-

2254 2325 2472 2394 σθήτοῖς
2499 2324 2801 2393 ὀφθαλμοῖς
2826 2325 2987 2396 ἡμῶν
3012 2324 3104 2377 τὸν
3136 2325 3328 2394 νοητὸν
3354 2322 3460 2392 τῆς
3486 2320 3835 2388 δικαιοσύνης

2252 2416 2732 2489 προκατήγγειλεν
2780 2417 2956 2488 ἥλιον,
3018 2415 3365 2481 γλυκύτατον
3417 2412 3713 2481 πεφυκότα
3761 2411 3835 2479 τῷ

2252 2510 2365 2564 δντι
2392 2511 2618 2575 καὶτοῖς
2647 2511 2769 2565 κατ’
2802 2512 2984 2564 ἐκεῖνο
3014 2507 3215 2579 καιροῦ
3238 2506 3664 2571 καταξιωθεῖσιν
3690 2504 3835 2572 αὐτῷ

2256 2604 2698 2675 μαθητευθῆναι,
2738 2605 2833 2657 καὶ
2861 2602 3234 2675 προσϐλέπειν
3264 2604 3359 2655 καὶ
3401 2602 3517 2663 τοῖς
3554 2597 3834 2668 αίσθητοίς

2252 2697 2555 2767 ὀφθαλμοῖς
2581 2696 2945 2768 διατρίϐοντα
2975 2695 3071 2749 καὶ
3105 2693 3549 2764 συστρεφόμενον
3602 2693 3721 2754 τοῖς
3745 2692 3833 2744 ἀνο

2254 2787 2517 2861 θρώποις,
2545 2789 2621 2851 ὡς
2640 2788 2876 2842 ἕκαστον
2907 2787 3219 2858 ἄνθρωπον,
3240 2785 3344 2839 κᾶν
3372 2783 3471 2854 οὐχ
3501 2782 3577 2846 ὡς
3604 2781 3835 2843 ἕκαστος

2254 2878 2544 2950 ἄνθρωπος
2566 2872 2656 2949 ἦν.
2698 2877 2999 2947 Ἐπεφύκει
3028 2876 3138 2947 γὰρ
3166 2875 3265 2928 καὶ
3287 2874 3420 2938 Θεὸς
3449 2871 3728 2943 ἀληθινὸς,
3747 2873 3835 2925 καὶ

2254 2970 2344 3023 διὰ
2394 2968 2556 3022 τοῦτο
2608 2969 2703 3022 καὶ
2747 2969 2873 3033 τοὺς
2922 2969 3133 3039 πηροὺς
3174 2963 3562 3037 παρεσκεύαζε
3595 2962 3832 3033 βλέπειν,

2256 3062 2353 3117 καὶ
2409 3062 2538 3125 τοὺς
2600 3062 2811 3133 χωλοὺς
2864 3062 3224 3132 περιπατεῖν,
3282 3060 3377 3113 καὶ.
3431 3058 3561 3120 τοὺς
3622 3052 3836 3123 κωφοὺς

571 3149 761 3203 oculos
792 3149 846 3203 in
884 3149 1065 3218 ipsum
1102 3149 1407 3213 intendere,
1431 3158 1485 3205 et
1514 3149 1814 3219 simplicem
1869 3152 1988 3219 ejus
2016 3153 2153 3207 divi.

2259 3153 2509 3215 ἀκούειν,
2542 3156 2637 3208 καὶ
2664 3153 2791 3217 τοὺς
2833 3153 3074 3223 λεπροὺς
3111 3151 3438 3221 ὲκαθάριξε,
3467 3151 3560 3202 καὶ
3585 3150 3715 3211 τοὺς
3750 3164 3831 3199 νε-

574 3256 812 3310 namque
857 3242 1325 3311 pulchritudinem
1368 3242 1725 3313 contemplari
1765 3252 1926 3313 atque
1969 3244 2153 3301 animo

2260 3246 2427 3316 κροὺς
2452 3246 2847 3315 προστάγματι
2875 3245 3024 3316 μόνῳ
3052 3244 3187 3315 πρὸς
3207 3243 3307 3314 τὴν
3334 3243 3481 3308 ζωὴν
3504 3242 3833 3311 ἐπανήγαγε.

576 3342 831 3400 reputare
862 3349 876 3386 :
909 3343 1027 3388 tum
1053 3348 1118 3389 ex
1153 3334 1269 3403 ipsa
1299 3334 1798 3389 communicatione
1828 3342 1991 3404 atque
2023 3351 2153 3391 con-

2264 3338 2376 3392 Καὶ
2414 3336 2510 3390 νῦν
2539 3336 2595 3390 δὲ
2628 3336 2970 3406 γλυκύτατόν
3016 3338 3131 3390 ἐστι
3162 3334 3239 3405 τῷ
3266 3334 3381 3387 ὄντι
3410 3332 3472 3387 τὸ
3502 3332 3644 3402 πρὸς
3680 3332 3833 3386 αὐτὸν

574 3422 750 3478 sortio
777 3423 1037 3478 illustrari
1064 3425 1427 3493 exornat-ique
1455 3433 1508 3479 et
1527 3424 1697 3478 animi
1720 3424 2007 3480 dulcedine
2036 3442 2153 3496 per-

2264 3429 2534 3494 ἀτενίζειν
2567 3431 2682 3492 τοῖς
2706 3429 2917 3499 νοεροῖς
2954 3426 3294 3497 ὀφθαλμοῖς,
3342 3426 3524 3479 καὶτὸ
3557 3426 3831 3495 ἀμήχανοι

578 3516 730 3572 fundi
759 3532 823 3572 ac
860 3514 1204 3571 sanctitatem
1242 3514 1490 3580 induere,
1523 3515 1934 3585 intelligentiam
1968 3516 2153 3586 acqui-

2269 3520 2436 3574 αὑτοῦ
2465 3522 2561 3574 καὶ
2595 3519 2899 3589 θεοπρεπὲς
2942 3517 3314 3590 προσόλέπειν
3347 3516 3445 3570 καὶ
3474 3512 3833 3585 φαντάζεσθαι

577 3624 718 3673 rere,
743 3608 925 3663 divina
953 3607 1191 3677 denique
1216 3606 1583 3662 exsultatione
1618 3609 1905 3678 compleri,
1941 3625 2063 3679 qua
2091 3609 2153 3665 ad

2266 3612 2502 3677 κάλλος,
2551 3614 2644 3665 καὶ
2693 3612 2815 3674 ταῖς
2857 3611 3070 3665 ἐκεῖθεν
3103 3609 3356 3680 μεθέξεσι
3400 3609 3493 3660 καὶ
3530 3606 3831 3677 μετουσίαις

578 3717 769 3756 omnes
796 3701 1081 3771 prasentis
1101 3701 1228 3755 vita
1260 3699 1378 3754 dies
1404 3697 1761 3768 producatur.

2270 3704 2604 3772 φωτίζεσθαι
2633 3704 2731 3757 καὶ
2765 3702 3152 3765 καλλύνεσθαι,
3184 3705 3280 3756 καὶ
3310 3700 3705 3771 γλυκαίνεσθαι
3736 3697 3825 3765 τὴν

581 3793 837 3862 καρδίαν,
856 3794 952 3846 καὶ
966 3792 1066 3863 τήν
1081 3791 1261 3864 ψυχὴν
1290 3790 1636 3861 άγιάζεσθαι,
1657 3791 1752 3845 καὶ
1778 3792 2154 3857 συνετίζεσθαι
2192 3792 2289 3867 τὴν
2353 3796 2615 3861 διάνοιαν,
2690 3797 2785 3850 καὶ
2821 3795 3163 3867 πληροῦσθαι
3194 3794 3345 3859 θείας
3373 3793 3746 3865 ἀγαλλιάσεως
3778 3796 3829 3845 ἐν

582 3886 784 3949 πάσαις
810 3886 933 3948 ταῖς
964 3883 1201 3955 ἡμέραις
1231 3883 1333 3955 τῆς
1370 3882 1679 3956 ἐνεστώσης
1703 3884 1873 3955 ζωῆς.

657 4021 711 4075 Id
733 4020 880 4075 enim
904 4020 1120 4090 sapiens
1145 4019 1500 4075 Ecclesiastes
1522 4017 1803 4084 indicavit,
1827 4032 1952 4074 cum
1976 4018 2117 4074 dixit
2149 4037 2153 4072 :

2338 4018 2510 4073 Τοῦτο
2536 4016 2647 4088 γὰρ
2672 4015 2896 4087 ᾐνίξατο
2924 4015 3105 4085 φήσας
3133 4014 3165 4067 6
3192 4012 3357 4081 σοφὸς
3387 4009 3828 4081 Ἐκκλησιαστὴς.

591 4131 610 4163 ι
648 4111 788 4178 Quia
825 4110 928 4165 etsi
961 4110 1122 4165 annis
1157 4110 1343 4164 multis
1371 4108 1572 4163 vixerit
1603 4107 1789 4172 homo,
1823 4108 1877 4163 in
1908 4107 2153 4163 omnibus

2271 4127 2291 4162 ι
2326 4110 2451 4163 ’Ότι
2492 4109 2590 4162 καὶ
2623 4108 2719 4161 ὲάν
2754 4106 2848 4178 ἐτη
2882 4106 3057 4160 πολλά
3105 4104 3335 4174 ζήσεται
3367 4105 3396 4157 6
3425 4103 3747 4174 ἄνθρωπος,
3782 4101 3833 4151 ὲν

586 4202 676 4257 his
698 4201 991 4256 laetabitur.
1029 4219 1049 4252 ι
1077 4198 1269 4255 Omnis
1291 4215 1531 4269 namque
1559 4199 1761 4255 latitia
1790 4199 1949 4269 plane
1975 4207 2153 4254 auctor

2266 4204 2436 4253 πᾶσιν
2467 4200 2656 4263 αὐτοῖς
2686 4197 3150 4269 εὐφρανθήσεται.
3188 4214 3206 4247 ι
3240 4193 3331 4266 Τῷ
3363 4194 3480 4248 ὄντι
3528 4192 3638 4263 γὰρ
3668 4191 3834 4258 πάσης

586 4299 673 4347 est
700 4290 790 4345 ille
823 4290 1053 4361 justitia
1083 4289 1177 4345 Sol
1211 4291 1391 4361 ipsum
1426 4291 1767 4346 intuentibus
1798 4308 1812 4345 :
1855 4293 1922 4346 de
1951 4305 2063 4360 quo
2094 4289 2153 4343 ait

2267 4290 2608 4363 εὐφροσύνης
2639 4290 2848 4358 γίνεται
2881 4288 3143 4359 πρόξενος
3173 4289 3288 4349 τοῖς
3328 4286 3470 4356 πρὸς
3511 4285 3677 4339 αὐτὸν
3714 4284 3837 4337 ἀτω-

589 4382 757 4437 David
791 4381 1052 4451 propheta
1093 4400 1106 4435 ;
1141 4399 1160 4432 ι
1197 4380 1485 4438 Exsultent
1516 4383 1571 4436 in
1605 4388 1896 4452 conspectu
1930 4380 2049 4446 Dei,
2070 4381 2168 4436 deo

592 4473 863 4530 lectentur
896 4476 950 4527 in
980 4473 1166 4528 latitia
1190 4473 1303 4539 ¹³⁶;
1340 4491 1360 4525 ι
1396 4488 1462 4529 ac
1498 4489 1721 4529 rursum
1755 4492 1770 4529 :
1804 4492 1823 4525 ι
1866 4472 2169 4539 Exsultate,

588 4564 745 4634 justi,
777 4563 834 4618 in
856 4563 1107 4631 Domino,
1128 4572 1309 4619 rectos
1330 4564 1486 4618 decet
1508 4563 1839 4619 collaudatio
1858 4562 1958 4617 “.n
1985 4562 2175 4618 Enim-

592 4670 726 4710 vero
753 4670 876 4709 cum
912 4654 1115 4710 dixerit
1143 4670 1158 4708 :
1216 4672 1235 4706 ι
1267 4653 1332 4710 Ει
1361 4655 1740 4710 recordabitur
1777 4655 1990 4709 dierum
2026 4664 2176 4710 tene-

593 4750 846 4815 brarum,
873 4748 968 4819 qui
1002 4746 1158 4801 multi
1189 4755 1375 4810 erunt,
1414 4766 1434 4799 ι
1467 4745 1814 4802 tenebrarum
1845 4745 1964 4801 dies
1987 4747 2177 4816 utique

593 4842 885 4913 appellavit
931 4840 1140 4910 primos
1187 4837 1525 4895 inﬁdelitatis
1567 4837 1704 4904 dies,
1751 4837 1952 4908 quibus
2010 4838 2173 4893 homo

597 4933 776 4988 Solem
807 4931 997 5002 gloria
1025 4930 1290 4985 amictum
1321 4942 1554 4999 corpore
1600 4928 1655 4982 in
1701 4937 1846 4983 terra
1878 4944 1988 4983 non
2022 4928 2173 4983 vide-

594 5034 682 5079 rat
720 5038 898 5093 neque
930 5022 1111 5076 lumen
1142 5035 1356 5085 verum,
1393 5020 1461 5075 de
1487 5034 1599 5090 quo
1631 5018 1765 5074 dicit
1791 5018 2174 5075 vocalissimus

596 5118 801 5173 Isaias:
837 5134 854 5166 ι
890 5114 995 5182 Qui
1027 5114 1229 5171 sedetis
1275 5114 1331 5168 in
1357 5112 1603 5170 tenebris
1639 5122 1692 5167 et
1731 5109 1923 5166 umbra
1957 5111 2169 5177 mortis,

596 5210 774 5265 videte
807 5209 993 5264 lumen
1022 5224 1303 5278 magnum,
1340 5217 1393 5261 et
1443 5206 1535 5261 lux
1574 5204 1855 5275 aﬂ'ulgebit
1912 5204 2071 5260 vobis
2103 5224 2115 5259 :
2155 5222 2174 5255 ι

2274 4384 2534 4437 ϐλέπουσι
2569 4382 2667 4453 τῆς
2712 4380 3059 4451 δικαιοσύνης
3097 4380 3126 4431 6
3160 4378 3384 4441 Ἥλιοςο
3423 4377 3557 4446 περὶ
3606 4371 3670 4431 οὗ
3718 4390 3839 4445 φησι

2274 4475 2440 4529 Δαὸὶδ
2470 4477 2499 4528 6
2533 4474 2849 4545 προφήτης·
2903 4489 2922 4523 ι
2967 4468 3451 4539 ’Δγαλλιάσθωσαν
3480 4466 3715 4521 ἐνώπιον
3750 4462 3839 4517 τοῦ

2273 4565 2450 4630 Θεοῦ,
2506 4563 2899 4634 τερφθήτωσαν
2946 4561 3006 4615 ὲν
3057 4557 3390 4630 εὐφροσύνῃ.
3432 4577 3452 4610 ι
3505 4558 3619 4611 Καὶ
3662 4555 3835 4616 πάλιν,

2279 4676 2298 4709 ι
2322 4654 2697 4724 Ἀγαλλιᾶσθε,
2725 4653 2954 4717 δίκαιοι,
2971 4653 3029 4705 ὲν
3048 4651 3257 4721 Κυρίῳ,
3276 4652 3389 4714 τοῖς
3417 4648 3606 4702 εὐθέσι
3643 4647 3835 4719 πρέπει

2271 4746 2497 4809 αἵνεσις.
2537 4762 2556 4796 ι
2610 4742 2795 4796 Εἰπὼν
2845 4741 3052 4812 μέντοι,
3100 4759 3119 4792 ι
3181 4740 3291 4794 Καὶ
3341 4738 3716 4810 μνησθήσεται
3750 4735 3839 4795 τὰς

2279 4837 2496 4909 ἡμέρας
2521 4833 2616 4887 τοῦ
2642 4833 2894 4897 σκότους,
2925 4834 3007 4887 ὅτι
3043 4831 3237 4886 πολλαὶ
3265 4831 3498 4895 ἔσονται,
3537 4848 3557 4880 ι
3592 4829 3689 4883 τοῦ
3727 4828 3839 4880 σκό·

2278 4944 2405 4990 τους
2447 4924 2663 4997 ἡμέρας
2695 4922 2974 4993 ὠνόμασε,
3021 4920 3266 4990 δηλονότι
3307 4919 3407 4982 τάς
3445 4917 3718 4987 προτέρας
3750 4914 3837 4980 τῆς

2280 5014 2559 5077 ἀπιστίας,
2591 5015 2648 5065 έν
2682 5006 2771 5075 αἷς
2798 5011 2899 5065 οὐκ
2931 5007 2999 5083 ἦν
3029 5012 3057 5063 6
3090 5010 3379 5081 ἄνθρωπος
3407 5007 3611 5077 βλέψας
3636 5008 3725 5058 ἐπὶ
3748 5003 3836 5069 τῆς

2280 5110 2383 5179 γῆς
2431 5103 2901 5175 σεσωματωμένον
2930 5102 3029 5172 τῆς
3061 5101 3220 5171 δόξης
3262 5100 3352 5152 τὸν
3395 5098 3610 5161 ’Ἢλιον,
3638 5094 3749 5149 οὐδὲ
3782 5092 3835 5143 τὸ

2289 5200 2404 5270 φῶς
2430 5198 2492 5251 τὸ
2525 5195 2801 5267 ἀληθινὸν,
2832 5196 2961 5266 περὶ
2991 5188 3052 5246 οὗ
3079 5210 3245 5263 φησιν
3273 5194 3302 5244 6
3343 5187 3830 5262 μεγαλοφωνότατος

600 5301 708 5357 Eos
736 5301 995 5356 nimirum
1017 5275 1154 5365 dies,
1182 5299 1277 5368 qui
1308 5296 1454 5352 Solis
1473 5296 1704 5367 justitia
1732 5305 1913 5351 ortum
1943 5311 2153 5366 praeest

2302 5291 2530 5352 Ἠσαίας
2552 5327 2570 5355 ,
2607 5305 2626 5339 ι
2657 5288 2720 5339 υί
2763 5286 3066 5357 καθήμενοι
3095 5286 3152 5337 ὲν
3196 5283 3379 5337 σκότει
3413 5281 3510 5336 καὶ
3536 5281 3661 5350 σκιᾷ
3691 5275 3832 5329 θανά-

672 5534 712 5564 ’³
748 5530 908 5586 Joan.
936 5548 974 5599 ι,
1007 5530 1061 5585 9.
1136 5533 1182 5563 "
1214 5528 1359 5585 Psal.
1392 5545 1582 5597 vattt,
1618 5531 1674 5585 4.
1750 5530 1796 5562 ³³
1823 5527 1982 5585 Joan.
2013 5542 2098 5592 ιιι,
2126 5528 2148 5580 ι

2286 5523 2362 5555 ’³⁸
2388 5519 2535 5575 Psal.
2561 5535 2753 5581 uvnt,
2790 5519 2845 5572 5.
2922 5515 2968 5548 ’⁵
2990 5514 3137 5570 Psal.
3161 5527 3359 5576 χχχιιι,
3398 5509 3455 5564 2.

2356 5726 2468 5795 (l4)
2505 5724 2561 5779 ln
2595 5722 2842 5796 Vulgatis
2877 5730 3050 5779 cst....
3077 5718 3151 5773 Οὐ
3185 5716 3262 5789 μὴ
3313 5714 3674 5787 περιπατήσει
3700 5708 3752 5761 δν
3774 5704 3834 5773 τῦ

678 5737 789 5801 (l5)
830 5736 893 5788 At
921 5735 1060 5789 LXX
1089 5734 1385 5790 habent....
1432 5735 1491 5789 '0
1512 5733 1641 5799 λαδς
1662 5736 1691 5789 6
1725 5731 2095 5805 πορευόμενος
2128 5730 2150 5783 ὲ

682 5811 814 5869 ritu,
850 5805 1019 5858 εἴδετε
1045 5804 1158 5869 φῶς
1190 5805 1429 5869 μέγα....

2356 5730 2468 5795 (l6)
2505 5730 2561 5779 ln

2288 5798 2570 5869 σκοτίᾳ....

609 5811 814 5871 σκότει,
850 5805 1019 5858 εἴδετε
1045 5804 1158 5873 φῶς
1190 5805 1429 5876 μέγα....
