3846 6474
18 387 139 449 1m

1102 396 1185 455 IN
1222 397 1803 463 ECCLESIASTEN.
1834 430 1902 438 -
1938 406 2084 465 LIB.
2122 408 2196 466 X.

3137 407 3273 469 1142

12 520 96 555 του
118 543 132 565 ,
174 501 325 554 Γδετε
357 500 472 569 φῶς
515 501 657 570 μέγα
681 542 696 564 ,
725 504 820 557 καὶ
846 504 961 571 φῶς
992 504 1199 576 λάμψει
1227 511 1313 576 ἐφ’
1349 511 1534 580 ὑμᾶςκ
1567 531 1584 563 ι

1719 529 1905 581 ierunt,
1966 520 2312 573 tenebrarum
2363 519 2480 574 dies
2540 520 2839 575 nominavit
2879 536 2892 573 :
2930 534 3092 589 quos,
3139 520 3274 575 inito

13 595 115 657 Τὰς
144 593 410 657 τοιαύτας
452 596 630 647 τοίνυν
676 596 890 667 ἡμέρας
918 598 1017 662 τὰς
1043 600 1150 670 πρὸ
1179 602 1279 671 τῆς
1322 604 1593 673 ἀνατολῆς

14 686 98 739 τοῦ
115 686 214 755 τῆς
232 684 590 755 δικαιοσύνης
605 686 811 749 Ἠλίου,
829 688 1059 751 σκότους
1073 689 1290 763 ἡμέρας
1313 691 1591 760 ὠνόμασε.

16 777 204 831 Πολλαὶ
248 777 362 847 γάρ
402 777 805 849 ἀριθμούμεναι
831 778 1117 848 προδήλως
1166 782 1581 854 εὑρεθήσονταιο

17 869 130 924 καθ’
179 868 249 932 ἀς
292 870 353 922 ἐν
380 868 459 939 τῷ
491 869 676 922 σκότει
722 870 822 938 τῆς
873 870 1319 945 είδωλολατρείας
1364 878 1456 928 καὶ
1497 877 1595 939 τῆς

18 962 198 1025 ἁθεῒας
236 962 454 1031 ὑπῆρχε
488 961 601 1014 τῶν
648 960 958 1032 ἀνθρώπων
987 964 1048 1017 τὸ
1076 966 1234 1032 γένος
1260 1005 1275 1030 ,
1328 960 1404 1020 ῶν
1457 967 1597 1036 μετά

22 1055 108 1123 τὴν
178 1053 519 1124 πρόσϐλεψιν
581 1052 678 1107 τοῦ
756 1054 1017 1124 ἀληθινοῦ
1087 1056 1183 1109 καὶ
1253 1057 1595 1125 γλυκυτάτου

24 1146 188 1213 φωτὸς
225 1146 601 1216 μνησθήσεται
630 1146 852 1209 πάντως
891 1148 919 1200 6
962 1148 1285 1220 ἄνθρωπος,
1326 1150 1420 1202 καί
1462 1168 1594 1221 φησι

26 1240 406 1307 προσηκόντως
442 1278 459 1303 ,
523 1240 649 1303 Πῶς
716 1242 775 1292 ἐν
847 1242 1028 1294 σκότει
1087 1244 1424 1315 πορευομένη
1488 1246 1596 1298 τῶν

26 1328 320 1396 ἀνθρώπων
366 1332 399 1399 ή
451 1330 651 1397 φύσις,
699 1333 820 1393 ταῖς
868 1334 1161 1403 προτέραις
1208 1337 1446 1404 ἡμέραις
1496 1338 1598 1390 οὐκ

30 1417 290 1483 ἐγίνωσκε
347 1419 439 1471 τὸν
492 1420 627 1473 ἴδιον
668 1420 914 1492 Ποιητὴν
940 1424 1035 1477 καὶ
1068 1426 1344 1495 Δεσπότην
1374 1427 1467 1479 καὶ
1490 1430 1596 1494 Δη-

35 1506 285 1575 μιουργὺν
314 1507 409 1561 τοῦ
442 1509 641 1577 φωτὸς,
682 1509 800 1561 ἀλλ’
836 1509 1097 1583 ἐλάτρευε
1141 1517 1206 1583 τῇ
1239 1515 1415 1567 κτίσει
1444 1516 1599 1585 παρὰ

30 1597 113 1647 τὸν
142 1598 444 1658 Κτίσαντα.
480 1601 576 1652 καὶ
603 1603 670 1669 τῇ
693 1600 1006 1671 αὐθαιρέτῳ
1028 1602 1127 1671 τῆς
1145 1603 1387 1669 διανοίας
1406 1606 1601 1674 τυφλό-

32 1706 143 1757 τητι
168 1690 558 1756 διαγινώσκειν
589 1695 684 1745 καὶ
708 1698 1035 1765 προσκυνεῖν
1075 1696 1355 1765 ἀναλόγως
1407 1700 1471 1751 ἐκ
1504 1697 1599 1751 τοῦ

39 1781 289 1847 μεγέθους
314 1783 409 1837 καὶ
427 1784 527 1855 τῆς
549 1785 814 1857 καλλονῆς
840 1786 952 1842 τῶν
985 1788 1302 1857 κτισμάτων
1330 1789 1437 1843 τῶν
1460 1789 1599 1843 πάν⁶

36 1888 133 1925 των
162 1873 581 1948 ’Δριστοτέχνην
599 1878 694 1932 καὶ
708 1880 950 1949 Κτίστην
966 1881 1068 1933 οὐκ
1092 1880 1371 1952 ήὸουλήθη
1385 1882 1448 1934 τὸ
1471 1882 1596 1937 σύν⁴⁹

35 1962 144 2015 ολον
167 1981 182 2031 ;
206 1965 270 2019 τὸ
299 1966 433 2020 αὐτὸ
457 1968 515 2022 δέ
548 1969 705 2023 τοῦτο
740 1970 835 2022 καὶ
872 1970 1038 2024 Δασὶδ
1081 1972 1109 2023 ὁ
1159 1971 1448 2041 προφήτης
1501 1989 1601 2043 ση-

1695 626 1945 677 numero,
1979 612 2161 680 plures
2206 610 2395 675 fuisse,
2440 619 2623 681 aperte
2652 612 2951 677 constabit;
2996 628 3107 681 quo
3137 621 3271 665 tvm-

1696 716 1827 771 pore
1853 702 2135 755 hominum
2164 716 2339 770 genus
2387 701 2441 755 in
2478 701 2799 756 idololatria:
2825 702 3057 771 caligine
3090 709 3144 755 et
3178 701 3270 755 Dei

1696 792 2041 862 ignoratione
2097 794 2415 848 versabatur
2466 809 2481 846 :
2534 809 2770 862 quorum
2819 794 3028 849 dierum
3084 795 3270 856 homo,

1695 890 1983 951 postquam
2019 898 2209 936 verum
2267 899 2331 936 ac
2374 883 2770 939 suavissimum
2809 884 2989 938 lumen
3032 883 3270 952 aspexit.

1697 973 1925 1028 omnino
1966 972 2365 1036 recordabitur,
2410 984 2471 1027 ut
2512 974 2708 1028 merito
2742 973 2887 1027 dicat
2920 991 2934 1027 :
2983 971 3272 1039 Quomodo

1699 1063 1997 1117 humaniun
2026 1079 2196 1130 genus
2220 1063 2273 1117 in
2301 1063 2539 1118 tenebris
2560 1062 2868 1125 ambulans,
2896 1062 3273 1132 superioribus

1698 1154 1892 1209 diebus
1922 1165 2200 1209 auctorem
2226 1171 2290 1211 ac
2320 1156 2606 1209 Dominum
2639 1171 2800 1210 suum
2834 1164 2885 1208 et
2908 1154 3046 1209 lucis
3073 1152 3279 1210 Condi-

1700 1255 1871 1300 torem
1897 1261 2005 1299 non
2031 1246 2392 1316 agnoscebat?
2419 1245 2509 1299 sed
2530 1260 2626 1314 pro
2653 1244 2947 1299 Conditore
2974 1244 3137 1314 269
3160 1258 3273 1297 rem

1701 1336 1976 1390 conditam
2003 1337 2386 1400 venerabatur,
2409 1345 2462 1390 et
2491 1336 2797 1389 voluntaria
2816 1336 3013 1389 mentis
3036 1336 3277 1389 caecitate

1701 1440 1768 1479 ex
1804 1441 1983 1478 rerum
2034 1424 2408 1496 magnitudine
2435 1434 2598 1494 atque
2648 1426 2848 1493 specie,
2901 1434 2961 1479 ut
2993 1440 3090 1494 par
3134 1435 3276 1488 erat,

1703 1519 1969 1588 optimum
2005 1517 2249 1569 omnium
2280 1516 2557 1569 Artiﬁcem
2591 1526 2643 1570 ct
2681 1515 3033 1570 Conditorem
3075 1531 3280 1585 cogno-

1704 1622 1856 1663 scere
1880 1616 2042 1675 atque
2068 1606 2299 1660 adorare
2320 1606 2545 1660 omnino
2573 1605 2787 1659 noluit?
2810 1605 2861 1659 Id
2896 1612 3077 1659 autem
3101 1604 3276 1674 ipsum

1704 1706 1758 1752 et
1793 1698 1958 1751 David
2000 1696 2262 1765 propheta
2295 1694 2611 1766 signiﬁcans
2650 1696 2765 1749 ait:
2803 1715 2820 1746 ι
2856 1694 2973 1749 Non
3011 1711 3281 1765 cognove-

1706 1800 1834 1843 runt
1864 1804 2039 1857 neque
2086 1789 2469 1843 intellexerunt
2505 1789 2571 1854 ",
2620 1789 2715 1842 sed
2772 1788 2823 1841 in
2876 1789 3116 1844 tenebris
3157 1805 3283 1858 per-

1702 1891 1963 1935 rexerunt
1987 1880 2186 1936 diaboli
2221 1881 2410 1938 fraude
2440 1882 2671 1951 decepti.
2726 1883 2889 1938 Addit
2937 1883 3133 1940 deinde
3180 1884 3283 1939 Ec-

1704 1972 1987 2028 clesiastes
2016 1991 2032 2026 :

41 2059 235 2125 μαίνων
267 2062 456 2131 φησὶν,
501 2078 521 2112 ι
562 2062 678 2116 Οὐκ
707 2063 1085 2131 ἐγνωσανούδέ
1113 2063 1350 2134 συνῆκαν
1382 2079 1396 2094 ⁸
1436 2082 1454 2117 ι
1489 2064 1609 2119 ἀλλ’
1646 2066 1707 2120 ἐν
1747 2065 1932 2120 σκότει
1959 2066 2061 2136 τῆς
2089 2065 2402 2137 διαϐολικῆς
2423 2068 2803 2141 ἐπορεύθησαν
2820 2067 3120 2141 ἐξαπάτης.
3146 2068 3284 2123 Εἶτά

40 2166 190 2218 φησιν
216 2152 245 2204 ό
283 2152 719 2224 Ἐκκλησιαστής
742 2171 758 2187 °

1601 2249 1631 2322 ς
1658 2249 1753 2306 ιιι.

104 2336 225 2391 Πᾶν
244 2338 308 2390 τό
328 2338 664 2408 ἐρχόμενον
693 2344 1040 2411 ματαιότης.

113 2446 130 2478 ι
163 2430 274 2482 Πᾶν
313 2430 379 2482 τὸ
437 2431 734 2513 ἐρχόμενον
757 2448 772 2463 ·
812 2454 830 2485 ι
871 2437 1059 2499 ποῖονς
1091 2433 1214 2488 οὐδέ
1262 2434 1372 2507 γὰρ
1399 2435 1611 2507 ἀπροσ-

50 2518 314 2588 όιορίστως
341 2520 465 2574 οὐδὲ
494 2522 730 2592 πάμπαν
780 2524 1111 2588 ἀδιαστόλως
1156 2525 1477 2595 ἐκδέχεσθαι
1505 2527 1613 2597 χρὴ

52 2608 105 2661 τὸ
124 2609 465 2680 λελεγμένον.
497 2608 575 2666 Ἦ
603 2614 713 2685 γάρ
742 2614 807 2669 ἂν
831 2616 1120 2687 εὑρίσκετο
1170 2617 1372 2686 μᾶλλον
1399 2621 1427 2671 6
1456 2617 1615 2672 τοῦτο

55 2702 219 2770 φήσας
244 2704 631 2774 ματαιολόγος,
666 2706 742 2772 ὡς
774 2709 844 2761 τὰ.
874 2709 1319 2764 συνεκτικώτατα
1355 2712 1452 2765 καλ⁸
1478 2710 1616 2781 κρά-

55 2806 196 2845 τιστα
239 2792 350 2847 τῶν
400 2795 630 2863 ἀγαθῶν
677 2798 1019 2870 ματαιότητα
1063 2800 1371 2871 κεκληκώς.
1413 2800 1473 2855 Ὀ
1506 2801 1616 2873 γάρ

57 2884 143 2954 τῆς
165 2884 320 2957 δόξης
350 2888 566 2954 Ἥλιος,
595 2890 717 2961 ήτοι
740 2891 802 2944 τὸ
826 2895 972 2962 μέγα
1026 2892 1123 2947 καὶ
1171 2892 1427 2963 ἀληθινὸν
1475 2894 1615 2962 φῶς,

59 2978 173 3047 περὶ
202 2973 264 3033 οὗ
294 2982 581 3053 προσεχῶς
628 2978 770 3047 εἶπε,
805 3003 823 3035 ι
860 2985 1041 3038 Γλυκὺ
1091 2986 1154 3039 τὸ
1186 2986 1324 3055 φῶς,
1358 2987 1455 3041 καὶ
1477 2988 1619 3055 ἀγα-

62 3068 141 3120 θὸν
162 3073 267 3136 τοῖς
286 3071 595 3143 ὀφθαλμοῖς
623 3074 687 3127 τὸ
728 3074 947 3144 βλέπειν
990 3076 1083 3129 τὸν
1108 3076 1280 3146 ἥλιον,
1319 3095 1338 3129 ι
1373 3077 1467 3131 ἐπὶ
1496 3094 1622 3130 συν·

61 3160 223 3233 τελείᾳ
248 3162 360 3216 τῶν
414 3164 632 3219 αἰώνων
676 3167 965 3231 ἀνατείλας
1026 3169 1498 3238 σεσωματωμένος
1529 3170 1623 3223 ἐπὶ

64 3254 148 3322 τῆς
179 3253 302 3324 γῆς,
333 3255 433 3325 οὐχ
466 3256 554 3310 ἵνα
588 3256 749 3329 κρίνῃ
777 3257 868 3310 τὸν
904 3258 1131 3329 κόσμον,
1163 3258 1279 3311 ἀλλ’
1322 3259 1410 3313 ἵνα
1449 3260 1622 3334 σώσῃ.

66 3343 208 3399 πάλιν
240 3345 521 3401 ἐλεύσεται
546 3348 683 3419 πρὸς
714 3350 777 3402 τὸ
800 3351 1003 3421 κρῖναι.
1031 3351 1139 3404 Καὶ
1178 3349 1290 3421 γὰρ
1330 3350 1541 3420 ἔφασαν
1571 3353 1620 3405 οί

66 3435 282 3505 οὐράνιοι
310 3438 538 3508 ἄγγελοι
592 3440 730 3510 πρὸς
752 3440 881 3504 τοὺς
906 3441 1157 3512 μαθητὰς
1187 3440 1354 3496 αὐτοῦ
1374 3443 1469 3495 καὶ
1485 3442 1621 3496 ἀπο-

70 3527 288 3597 στόλους,
329 3548 350 3582 (
387 3530 619 3601 Ἄνδρες
672 3530 970 3595 Γαλιλαῖοι,
993 3532 1047 3585 τί
1094 3533 1363 3603 ἑστήκατε
1419 3533 1622 3603 ἐμϐλέ-

70 3635 239 3684 ποντες
294 3623 375 3685 είς
407 3623 502 3676 τὸν
564 3623 795 3694 οὐρανόν
822 3640 837 3690 ;
865 3618 1035 3687 Οὗτος
1063 3626 1092 3677 ό
1130 3624 1338 3694 Ἰησοῦς
1365 3627 1393 3679 6
1419 3624 1625 3695 ἀναλη-

72 3710 208 3776 φθεὶς
263 3716 358 3784 ἀφ’
382 3715 539 3785 ὐμῶν
605 3717 687 3779 είς
703 3715 794 3769 τδν
826 3716 1076 3788 οὐρανὸν,
1111 3715 1287 3780 οὕτως
1320 3717 1622 3780 ἐλεύσεται,
1666 3734 1669 3735 ⁷

72 3803 122 3855 ὃν
142 3808 329 3876 τρόπον
358 3809 660 3863 ἐθεάσασθε
693 3809 857 3863 αὐτὸν
903 3810 1273 3880 πορευόμενον
1320 3813 1402 3873 είς
1421 3812 1514 3865 τὸν
1535 3811 1627 3864 οὐ·

76 3899 231 3965 ρανόν.
284 3919 303 3953 ι
347 3900 509 3953 Ἀλλά
534 3902 629 3953 καί⁸
657 3900 720 3953 τὸ
756 3901 855 3971 τῆς
887 3902 1162 3971 σωτηρίας
1194 3900 1354 3971 ήμῶν
1379 3901 1625 3970 Εὐαγγέ-

76 3985 170 4041 λιον
191 3989 330 4044 οὕτω
363 3991 531 4061 φησίν
552 4008 566 4023 ·
606 4009 627 4043 ι
664 3991 837 4045 Ὅταν
886 3990 1016 4061 ἔλθῃ
1050 3994 1079 4044 6
1110 3992 1235 4055 Υἱὸς
1289 3991 1385 4046 τοῦ
1417 3991 1628 4064 ἀνθρώ-

78 4095 163 4132 mu
191 4084 244 4135 ἐν
271 4086 339 4153 τῇ
386 4083 515 4155 δόξῃ
561 4082 756 4145 αὐτοῦ,
798 4083 893 4137 καὶ
944 4083 1146 4146 πάντες
1180 4083 1230 4136 οί
1264 4082 1412 4153 ἆγιοι
1463 4084 1628 4152 ἀγγε-

81 4166 148 4222 λοι
174 4171 283 4240 μετ’
319 4172 510 4227 αὐτοῦ.
558 4191 578 4224 ι
628 4173 716 4235 Ὧς
760 4172 1014 4225 ἐντεῦθεν
1062 4172 1375 4237 ἀκολούθως
1409 4174 1628 4238 ἐλπίζε-

83 4260 185 4314 σθαι
211 4265 300 4317 καὶ
328 4265 427 4336 τὴν
452 4264 564 4318 τῶν
591 4264 838 4333 οὐρανῶν
872 4264 1185 4333 βασιλείαν,
1221 4265 1317 4319 καὶ
1363 4266 1474 4319 τῶν
1513 4269 1628 4331 τοῖς

84 4348 233 4417 ἁγίοις
267 4353 695 4425 ἐπηγγελμένων
735 4354 1066 4424 ἀπορρήτων
1108 4353 1332 4422 ἀγαθῶν
1364 4355 1465 4426 τήν
1496 4356 1629 4427 κλη-

89 4442 313 4511 ρονομίαν
347 4444 533 4513 σαφῶς
587 4445 683 4497 καὶ
737 4443 1087 4513 ἀντάμειψιν.
1118 4438 1246 4516 'A9’
1293 4444 1390 4499 οὖν
1450 4447 1628 4500 ἐλθεῖν

87 4527 410 4602 ἐλπιζόμενον
473 4534 681 4587 τούτων
742 4533 1012 4599 ἕκαστον,
1069 4536 1373 4607 ματαιότης
1438 4537 1628 4603 ἐστίν;

1778 2342 1944 2399 Vens.
1970 2344 2023 2400 8.
2062 2343 2229 2400 Omne
2256 2345 2461 2398 veniens
2486 2352 2562 2397 est
2586 2345 2792 2398 vanitas
2822 2342 2956 2412 (15).

1784 2454 1805 2488 ε
1833 2434 2008 2492 Omne
2048 2437 2304 2505 veniens;
2345 2455 2365 2489 ι
2400 2436 2650 2505 ecquod?
2684 2433 2870 2504 Neque
2902 2434 3047 2489 enim
3098 2433 3288 2489 indeli-

1712 2528 1824 2581 nite
1852 2527 2079 2582 omnino
2108 2537 2271 2598 atque
2303 2527 2617 2582 indistincte
2647 2526 3024 2596 accipiendum
3070 2532 3155 2580 est
3188 2524 3287 2579 hu-

1709 2618 1951 2689 iusmodi
2001 2618 2230 2675 dictum.
2276 2616 2390 2685 Qui
2426 2619 2569 2673 enim
2628 2617 2733 2673 hoc
2792 2617 3105 2681 amrmaret,
3155 2631 3290 2671 sane

1712 2708 2009 2778 plurimum
2041 2708 2287 2778 desipere
2317 2707 2609 2775 videretur,
2635 2709 2837 2778 quippe
2867 2709 2961 2779 qui
2996 2708 3289 2762 vanitatem

1714 2798 2041 2867 appellasset
2074 2797 2414 2868 amplissima
2448 2813 2679 2868 qumque
2730 2798 2998 2852 bonorum
3045 2812 3110 2852 ac
3154 2812 3293 2865 pra:-

1716 2889 2075 2944 stantissima.
2110 2888 2203 2943 Sol
2226 2889 2372 2943 enim
2413 2888 2618 2958 gloriae,
2651 2888 2766 2943 sive
2794 2904 3051 2957 magnum
3076 2902 3295 2941 verum-

1716 2996 1824 3051 que
1851 2981 2057 3045 lumen,
2083 2979 2152 3035 de
2176 2994 2287 3049 quo
2318 2979 2480 3035 modo
2511 2978 2649 3033 dixit
2680 2996 2694 3033 :
2737 2997 2756 3031 ι
2798 2977 2966 3033 Dulce
3002 2979 3207 3040 lumen,
3241 2986 3296 3032 et

1716 3073 1920 3127 bonum
1947 3072 2125 3128 oculis
2156 3073 2339 3128 videre
2368 3073 2560 3137 solem,
2608 3091 2627 3124 ι
2669 3072 2760 3141 qui
2792 3071 2896 3127 sub
2925 3072 3087 3126 linem
3122 3087 3295 3126 saecu-

1719 3165 1897 3218 lorum
1943 3177 2173 3233 corpore
2218 3163 2454 3217 amictus
2503 3178 2665 3233 super
2698 3173 2897 3217 terram
2936 3171 3162 3217 exortus
3191 3172 3296 3227 est.

1721 3252 1829 3311 nan
1857 3265 1917 3311 ut
1949 3257 2213 3311 mundum
2235 3256 2528 3326 iudicaret,
2562 3254 2657 3310 sed
2690 3265 2749 3310 ut
2777 3264 3042 3320 servaret,
3074 3270 3296 3310 rursum

1721 3350 1923 3414 veniet,
1952 3350 2259 3419 utjudicet.
2291 3347 2424 3403 Nam
2451 3358 2507 3404 et
2537 3348 2785 3405 caelestes
2812 3349 2987 3420 angeli
3015 3346 3299 3417 discipulis

1721 3441 1842 3511 ejus
1870 3450 1923 3496 et
1949 3441 2209 3511 apostolis
2233 3440 2419 3495 dixere
2448 3461 2460 3496 :
2498 3458 2517 3492 ι
2557 3439 2672 3494 Viri
2702 3440 2932 3504 Galila-i,
2973 3440 3101 3511 quid
3142 3439 3300 3494 statis

1720 3532 2047 3602 aspicientes
2080 3531 2132 3584 in
2199 3531 2435 3586 caelum?
2468 3531 2559 3587 hic
2605 3531 2798 3596 Jesus,
2840 3532 2933 3603 qui
2984 3538 3301 3600 assumptus

1720 3633 1805 3679 est
1841 3639 1873 3678 a
1909 3623 2065 3678 vobis
2111 3623 2164 3677 in
2202 3624 2424 3689 coalum,
2467 3624 2547 3679 sic
2580 3624 2779 3691 veniet,
2835 3622 3300 3694 quemadmodum

1722 3716 1940 3771 vidistis
1970 3732 2094 3771 eum
2119 3724 2338 3772 euntem
2367 3716 2420 3770 in
2459 3717 2659 3772 coelum
2683 3719 2748 3773 ".
2774 3717 2917 3785 Quin
2964 3725 3017 3771 et
3055 3715 3303 3785 Evange-

1724 3809 1857 3863 lium
1886 3808 2080 3863 salutis
2109 3818 2311 3863 nostra:
2337 3808 2415 3863 sic
2444 3810 2522 3864 ait
2546 3829 2560 3865 :
2589 3829 2608 3862 ι
2638 3810 2867 3877 Quando
2893 3808 3101 3863 venerit
3132 3806 3303 3862 Filius

1724 3899 1964 3954 hominis
1992 3900 2044 3953 in
2078 3900 2249 3970 gloria
2280 3916 2399 3965 sua,
2432 3909 2487 3956 et
2520 3917 2712 3957 omnes
2750 3901 2923 3956 sancti
2965 3899 3144 3970 angeli
3174 3913 3300 3954 cum

1723 4006 1790 4046 eo
1816 3990 1959 4061 (l6);
1996 4009 2015 4043 ι
2047 3998 2106 4044 ιιι
2135 3991 2258 4046 inde
2281 4003 2561 4062 propterea
2595 4000 2650 4046 et
2690 4007 2915 4062 regnum
2952 3991 3219 4047 caelorum
3250 4000 3305 4045 et

1726 4082 2078 4137 ineﬂ'abilium
2124 4083 2410 4147 bonorum,
2440 4098 2562 4152 quae
2611 4083 2816 4137 sanctis
2852 4083 3121 4152 promissa
3155 4092 3303 4148 sunt,

1726 4174 2097 4230 hereditatem
2125 4184 2290 4243 atque
2320 4175 2624 4228 mercedem
2654 4172 2942 4228 manifesto
2969 4187 3189 4242 sperare
3211 4171 3306 4225 de-

1734 4267 1984 4321 beamus.
2014 4264 2153 4319 Num
2182 4265 2347 4334 igitur
2376 4265 2588 4335 singula
2614 4258 2746 4327 haec,
2775 4280 2896 4334 quae
2927 4273 3154 4318 ventura
3186 4278 3308 4332 spe-

1735 4366 1946 4419 rantur,
1979 4356 2191 4411 vanitas
2226 4356 2394 4412 sunt?
2427 4356 2571 4410 absit
2614 4371 2700 4410 res
2728 4365 2835 4408 tam
2876 4355 3133 4409 absurda.
3170 4353 3310 4407 Dell-

1735 4447 1847 4501 nite
1896 4445 2080 4516 igitur,
2119 4460 2185 4501 ac
2233 4459 2342 4499 non
2382 4445 2501 4500 sine
2541 4444 2693 4513 justo
2732 4444 3049 4499 discrimine
3100 4441 3309 4498 dictum

1736 4536 1881 4592 istud
1910 4552 1940 4591 a
1971 4536 2129 4592 nobis
2157 4537 2329 4608 accipi
2362 4536 2516 4592 decet
2537 4536 2671 4608 (17).

91 4618 277 4692 Ἄπαγε
304 4626 403 4696 τῆς
426 4625 693 4690 ἀτοπίαςι
722 4624 938 4679 Οὐκοῦν
975 4625 1498 4699 προσδιωρισμένως
1541 4629 1638 4683 καὶ
1680 4627 1821 4699 μετὰ
1881 4630 1985 4700 τῆς
2046 4627 2366 4701 πρεπούσης
2384 4627 2674 4699 διαστολῆς
2694 4626 3016 4699 ἐκδέχεσθαι
3047 4625 3295 4698 προσῆκε

87 4710 209 4781 ἡμᾶς
234 4717 291 4769 τὺ
318 4717 635 4788 εἰρημένον.

142 4804 237 4859 Καὶ
256 4807 373 4878 γὰρ
422 4808 614 4880 ἐπειδὴ
664 4810 860 4878 γλυκὺ
890 4810 958 4863 τὸ
993 4809 1120 4879 φῶς
1144 4810 1373 4864 ἐκάλεσε
1401 4811 1496 4863 καὶ
1524 4811 1616 4864 τὸν

1807 4811 1971 4881 27o
1995 4809 2059 4866 Et
2100 4825 2251 4877 sane,
2278 4819 2565 4881 postquam
2605 4811 2759 4865 dulce
2787 4812 3000 4866 vocavit
3026 4810 3221 4875 lumen,
3254 4819 3312 4866 et

90 4890 240 4957 ἥλιον
264 4899 326 4952 τὸ
355 4899 619 4963 ,βλέπειν
638 4900 765 4966 τοῖς
798 4902 1137 4970 ὀφθαλμοῖς
1166 4903 1413 4970 ἀγαθὸν,
1447 4903 1545 4972 τῆς
1571 4902 1631 4969 ἐξ

91 4981 228 5052 ὕψους
248 4990 607 5062 ἐπιφανείσης
640 4992 911 5059 ἀνατολῆς
935 4993 1175 5064 Χριστοῦ
1200 4992 1297 5046 τοῦ
1321 4993 1457 5047 Θεοῦ
1474 4994 1632 5065 ήμῶν

89 5076 169 5144 τὴν
194 5080 508 5152 ἐνανθρώπη
519 5100 602 5136 σιν
630 5084 726 5136 καὶ
762 5084 1070 5154 παρουσίαν
1092 5085 1593 5154 προκαταγγέλλων
1613 5125 1628 5149 ,

92 5166 365 5237 ἀκολούθως
419 5175 760 5245 προφητεύει
783 5176 877 5228 καὶ
904 5175 1006 5245 τὴν
1027 5176 1146 5229 κατ’
1168 5175 1333 5229 αὐτοῦ
1357 5176 1466 5228 τῶν
1499 5176 1633 5229 ἀταο

148 5324 188 5355 ’⁵
215 5325 348 5383 Psal.
378 5344 585 5393 Luxu,
612 5328 664 5384 5.
741 5330 788 5361 "
816 5329 936 5384 Act.
966 5345 1006 5396 ι,
1042 5329 1127 5384 ll.
1206 5329 1252 5361 "
1279 5329 1443 5384 Joan.
1478 5345 1592 5398 χιχ,
1633 5329 1699 5386 l5

154 5438 250 5511 (ίὸ)
282 5439 492 5511 Olymp.
529 5442 629 5511 xui.
648 5442 757 5494 πᾶν
784 5441 939 5498 τὸυ..

154 5508 249 5579 (l6)
279 5508 408 5565 Ln'c.
440 5508 542 5571 'Ix,
569 5510 660 5564 96.
697 5511 767 5565 At
809 5513 887 5581 in,
919 5511 1166 5578 Vulgatis
1191 5579 1199 5581 Α
1227 5511 1633 5581 exemplaribus

96 5572 252 5654 lpges':
285 5581 452 5654 ξΟτ-αν
485 5581 637 5654 Δἔλθῃ
687 5583 750 5654 ἐν
873 5580 1004 5654 δόξῃ
1030 5572 1212 5636 ἀὐτοῦ
1264 5584 1361 5634 καὶ
1389 5572 1483 5635 ῖι.ῖοῦ
1517 5582 1634 5635 Πα-

96 5646 306 5718 τρδςκαὶ
331 5650 438 5702 τῶν
472 5646 644 5718 ἁγίων
676 5646 947 5718 ἀγγέλων.

101 5782 110 5791 ³
157 5716 250 5784 (l7)
284 5718 403 5791 Haac
434 5721 488 5774 in
524 5716 788 5791 ‘Vulgat’i‘s
836 5720 1103 5789 superiori
1162 5723 1448 5777 sententia:
1503 5738 1631 5779 con-

97 5789 255 5851 juncta
283 5790 513 5857 legimus
542 5808 556 5844 :
590 5789 646 5845 Si
669 5790 824 5844 annis
858 5791 1038 5845 multis
1077 5793 1263 5846 vixerit
1291 5793 1465 5859 homo,
1496 5805 1545 5848 et
1574 5797 1627 5849 t'n

1740 4902 1931 4956 bonum
1964 4903 2102 4957 dixit
2142 4902 2304 4958 solent
2338 4903 2504 4957 oculis
2535 4904 2753 4967 intueri,
2805 4902 3313 4956 inhumanationem

1738 5006 1793 5049 et
1824 4996 2118 5047 adventum
2149 4993 2522 5063 praanuntians
2550 5008 2618 5046 ex
2660 4993 2773 5046 alto
2810 4990 3123 5062 apparentis
3157 4999 3313 5047 ortus

1737 5083 1939 5139 Christi
1981 5083 2075 5140 Dei
2107 5085 2319 5150 nostri,
2364 5098 2705 5154 consequens
2747 5093 2850 5148 est,
2891 5093 2951 5137 ut
2987 5084 3314 5138 vaticinetur

1738 5185 1793 5232 et
1840 5175 2195 5231 scelestorum
2229 5174 2539 5232 Judaeorum
2577 5176 2841 5233 adversus
2869 5191 2994 5232 eum
3042 5176 3310 5231 temulen-

1738 5442 1819 5495 Iu's
1866 5441 2108 5495 omnibus
2146 5445 2359 5493 (celatus
2420 5439 2601 5508 fuerit,
2657 5439 2956 5492 meminisse
3005 5438 3152 5490 debet
3177 5449 3315 5492 (cne-

1741 5512 1882 5565 brost'
1913 5511 2158 5573 temporis
2188 5520 2237 5563 et
2266 5511 2471 5563 dierum
2498 5509 2785 5562 multorum
2823 5527 2842 5562 :
2894 5509 2984 5577 qui
3012 5524 3129 5561 eum
3162 5524 3312 5562 vene-

1742 5584 1872 5646 rint,
1902 5581 2152 5634 vanitatis
2202 5588 2493 5649 urguentur
2537 5580 2831 5648 prater-ita.
2884 5580 3015 5644 Quae
3069 5577 3171 5631 huc
3218 5594 3317 5633 nos

1740 5654 1937 5706 docere
1974 5651 2247 5713 videntur,
2272 5648 2466 5703 utilem
2500 5665 2619 5704 esse
2648 5650 2854 5703 homini
2880 5648 3198 5703 memoriam
3223 5663 3315 5703 su-

1737 5721 1911 5792 premi
1936 5720 2067 5786 diei,
2099 5720 2455 5792 quippequia
2481 5720 2584 5775 sub
2606 5728 2838 5776 mortem
2865 5719 3103 5791 denique
3130 5734 3314 5775 rerum

1736 5789 1949 5847 vanitas
1980 5807 2100 5847 sese
2118 5789 2479 5847 ‘manil‘estat.
