4114 6512
326 374 469 442 1149

1409 396 1493 457 ΙΝ
1534 399 2117 469 ECCLESIASTEN.
2148 436 2218 445 —
2248 412 2399 473 LIB.
2434 413 2506 472 Χ.

3370 468 3373 469 κ
3456 414 3592 491 1150

318 495 491 551 αὐτοῦ
509 498 613 551 ,καὶ
637 498 898 572 δευτέραν
929 505 1240 573 παρουσίαν
1297 511 1652 585 παρίστησιν.
1696 519 1765 570 "A
1796 520 1908 572 τοί-

2018 523 2171 579 deret
2202 528 2368 599 274
2405 544 2467 583 ac
2506 529 2843 597 signiticaret
2885 532 3153 604 integram
3196 536 3593 594 universalem-

317 605 420 641 νυν
469 592 499 644 6
558 590 766 660 Κύριος
820 592 1025 664 ἔφησεν
1089 599 1173 661 είς
1214 599 1439 666 ἔνδειξιν
1496 605 1590 659 καὶ
1634 608 1909 679 σημασίαν

319 683 424 750 τῆς
458 683 757 748 παντελοῦς
800 688 892 739 καὶ
917 688 1214 761 καθολικῆς
1243 695 1578 761 συντελείας,
1623 700 1797 753 ταῦτα
1815 700 1910 753 νῦν

318 772 350 825 6
386 775 549 842 σοφὸς
600 776 1037 851 Ἐκκλησιαστὴς
1062 784 1259 855 καὶτῷ
1281 787 1424 842 τέλει
1475 792 1571 844 καὶ
1627 789 1913 864 συμπερά-

322 884 497 936 σματι
545 869 648 938 τῆς
680 872 915 926 ἑκάστου
952 874 1099 946 ζωῆς
1159 879 1459 945 λυσιτελῶς
1488 886 1583 938 καὶ
1618 887 1911 957 χρησίμως

319 963 764 1031 προσαρμόττειν
798 965 1099 1036 ὑπείληφεν
1126 984 1140 998 ·
1190 972 1289 1025 ἅτε
1315 972 1380 1044 δὴ
1414 976 1632 1040 πάντως
1653 980 1912 1050 ἐννοήσας

323 1051 421 1103 καὶ
468 1051 875 1124 δεενθυμηθεὶς,
910 1058 987 1121 ώς
1043 1061 1234 1132 ἐπειδὴ
1299 1066 1615 1135 παράτασιν
1675 1070 1911 1134 ἕκαστος

327 1141 485 1210 ἡμῶν
520 1143 629 1196 τῶν
660 1145 969 1216 ἀνθρώπων
1000 1152 1060 1202 οὐ
1092 1150 1327 1220 λήψεται
1376 1156 1470 1208 τοῦ
1501 1157 1601 1228 ζῇν
1632 1159 1795 1229 μέχρι
1813 1162 1911 1228 τῆς

322 1232 641 1296 συντελείας
666 1234 763 1287 τοῦ
798 1238 1070 1306 παρόντος
1115 1239 1314 1303 αἰῶνος
1345 1257 1358 1270 '
1424 1243 1563 1296 ἀλλά
1618 1245 1761 1297 κατά
1812 1246 1911 1314 τὴν

326 1322 472 1376 ἰδίαν
505 1324 704 1392 γενεὰν
736 1324 816 1395 τῷ
854 1326 956 1397 βίῳ
1011 1328 1190 1400 τούτῳ
1247 1331 1643 1404 λειτουργήσας
1702 1338 1795 1390 καὶ
1831 1339 1910 1409 τῷ

324 1413 562 1484 σαρκίῳ,
578 1414 761 1485 πολλῷ
784 1416 974 1488 πρώην
995 1419 1094 1488 τῆς
1116 1420 1427 1486 συντελείας
1453 1420 1620 1496 ἦρται
1651 1427 1747 1480 καὶ
1774 1431 1909 1498 μεθ-

325 1504 545 1558 ίσταται
589 1508 692 1574 τῆς
726 1508 1036 1582 ἐνεστώσης
1090 1512 1258 1582 ζωῆς.
1286 1515 1386 1568 Διά
1417 1515 1473 1568 δὲ
1506 1517 1605 1587 τῆς
1637 1518 1774 1583 ἰδίας
1820 1536 1910 1572 τε-

320 1597 524 1667 λευτῆς
552 1599 854 1667 ἀφίσταται
886 1600 978 1655 τοῦ
1009 1601 1233 1672 βλέπειν
1268 1605 1461 1660 τοῦτον
1495 1610 1588 1661 τὸν
1610 1610 1784 1679 ἥλιον,
1816 1611 1911 1663 καὶ

320 1690 388 1743 τὸ
437 1691 698 1763 αἰσθητὸν
728 1693 847 1761 φῶς
879 1695 974 1748 καὶ
1019 1695 1147 1759 τοὺς
1196 1696 1471 1768 ἀστέρας·
1527 1703 1731 1773 τρόπον
1785 1703 1911 1757 τινὰ

324 1784 722 1837 συνεσκότασεν
749 1787 777 1837 6
806 1786 956 1857 ήλιος
1002 1787 1286 1858 ἐπάὐτῷ,
1332 1791 1425 1844 καὶ
1481 1793 1514 1862 ή
1570 1793 1769 1864 σελήνη
1816 1796 1911 1848 καὶ

2013 630 2121 684 que
2153 620 2706 685 consummationem,
2748 621 2863 677 haec
2892 640 3041 679 nunc
3071 626 3292 695 sapiens
3314 629 3591 685 Ecclesia-

2015 717 2125 762 stes
2155 708 2594 780 uniuscujusque
2617 712 2740 766 vitae
2773 711 2863 767 lini
2898 730 2961 768 ac
2993 719 3228 770 termino
3265 697 3403 773 bene
3429 731 3593 789 atque

2014 800 2225 854 utiliter
2254 804 2844 873 convcnirejudicavit
2876 825 2889 860 :
2925 807 3123 877 quippe
3154 809 3246 878 qui
3283 812 3442 879 plane
3473 828 3593 866 nos-

2013 895 2099 941 set
2127 903 2190 942 ac
2219 900 2403 944 mente
2431 902 2728 961 reputaret,
2773 897 3214 967 quandoquidem
3248 902 3453 956 nemini
3492 905 3591 957 lio-

2014 980 2222 1034 minum
2255 981 2442 1036 datum
2474 984 2566 1048 sit,
2600 993 2662 1039 ut
2702 987 2870 1041 vitam
2904 1004 3060 1043 suam
3096 992 3365 1060 producat
3419 1010 3592 1065 usque

2013 1070 2079 1123 ad
2135 1072 2320 1126 seaculi
2370 1074 2654 1142 praesentis
2690 1081 3240 1143 consummationem.
3293 1084 3385 1140 sed
3422 1100 3593 1139 unus-

2012 1162 2247 1230 quisque
2273 1178 2357 1230 ca,
2391 1180 2512 1234 quin
2553 1166 2657 1219 sibi
2692 1168 2906 1238 obtigit,
2937 1179 3116 1235 aetate,
3159 1187 3283 1227 cum
3314 1177 3436 1230 vita:
3467 1194 3591 1231 mu—

2013 1270 2117 1309 nus
2169 1258 2386 1324 corpori
2417 1258 2641 1327 junctus
2686 1258 3012 1327 impleverit,
3053 1266 3228 1320 multo
3279 1279 3404 1322 ante
3457 1284 3595 1322 cono

2012 1348 2434 1401 summationern
2462 1348 2704 1413 tollatur,
2733 1360 2788 1404 et
2813 1366 2876 1404 ex
2909 1353 3009 1407 hac
3041 1355 3146 1409 vita
3175 1356 3542 1413 transferatur
3574 1375 3587 1411 :

2013 1437 2196 1507 itaque
2252 1438 2321 1493 ob
2380 1440 2660 1494 interitum
2695 1457 2855 1496 suum
2913 1444 3098 1499 videre
3151 1448 3367 1503 desinat
3419 1452 3589 1504 solem

2013 1528 2158 1583 hunc
2191 1540 2245 1582 et
2286 1530 2549 1584 sensibile
2579 1531 2761 1586 lumen
2795 1543 2848 1588 et
2888 1535 3072 1589 stellas
3111 1555 3124 1591 :
3164 1537 3292 1593 huic
3325 1540 3592 1609 quodam-

2012 1619 2174 1673 modo
2208 1620 2377 1674 solem
2401 1621 2753 1676 obscuratum
2805 1640 2947 1691 esse,
2980 1637 3034 1681 et
3067 1627 3252 1682 lunam
3286 1646 3349 1684 ac
3401 1632 3589 1686 stellas

2011 1710 2302 1774 occidisse,
2354 1711 2641 1781 lucemque
2690 1714 3058 1780 subductam,
3112 1728 3165 1772 et
3219 1730 3482 1789 quantum
3520 1723 3585 1775 ad

2012 1811 2287 1857 mortuum
2321 1803 2576 1871 pertinet,
2600 1806 2781 1860 omnia
2812 1808 2928 1862 haec
2959 1809 3008 1863 vi
3044 1826 3253 1873 carere,
3284 1828 3384 1868 nec
3418 1814 3589 1877 ullum

321 1873 377 1925 οί
407 1873 636 1943 ἀστέρες
674 1874 896 1942 ἔδυσαν,
949 1877 1045 1928 καὶ
1079 1878 1379 1946 συνεστάλη
1415 1878 1477 1932 τὸ
1534 1880 1668 1949 φῶς,
1718 1882 1814 1933 καὶ
1850 1882 1911 1934 τό

2016 1893 2271 1949 defuncto
2299 1868 2642 1965 splendorem
2674 1896 2824 1953 dare.

321 1981 393 2033 γε
424 1959 560 2036 ἦκον
588 1966 665 2037 τῷ
689 1967 999 2038 τεθνηκότι,
1035 1970 1242 2023 τούτων
1272 1971 1505 2024 ἕκαστον
1545 1972 1910 2042 ἀνενέργητόν

323 2058 467 2117 ἐστι,
488 2056 758 2127 μηδεμίαν
784 2058 862 2129 τῷ
878 2060 1264 2131 τελευτήσαντι
1296 2062 1908 2133 παρεχόμενονλάμψιν.

401 2147 589 2211 οὕτως
621 2144 715 2202 οῦν
746 2149 816 2202 τὰ
847 2152 989 2203 κατά
1019 2151 1118 2221 τήν
1167 2153 1409 2223 παντελῆ
1464 2154 1560 2206 καὶ
1612 2153 1911 2217 καθολικὴν

328 2239 643 2293 συντέλειαν
675 2241 1212 2312 προκατηγγελμένα
1258 2243 1538 2311 γενέσθαι,
1585 2245 1681 2298 κα)⁸
1738 2262 1912 2317 προσ-

325 2329 636 2402 δοκώμενα,
666 2334 771 2386 κάν
805 2335 925 2397 ταῖς
958 2337 1214 2405 μερικαῖς
1250 2336 1536 2397 τελευταῖς
1562 2334 1659 2389 καὶ
1720 2353 1913 2390 συντε-

326 2424 505 2488 λείαις
534 2425 633 2496 τῆς
660 2427 894 2480 ἑκάστου
928 2428 1095 2498 ζωῆς,
1127 2429 1324 2499 χρῆναι
1358 2428 1539 2492 καλῶς
1572 2428 1726 2500 ᾠήθη
1745 2446 1910 2500 προσ-

328 2518 510 2587 ήκειν.
571 2517 668 2571 Διά
693 2518 851 2571 τοῦτό
904 2535 1101 2588 φησιν,
1145 2537 1163 2570 ι
1200 2519 1348 2582 Ἕως
1373 2515 1434 2574 οῦ
1472 2520 1549 2591 μὴ
1617 2521 1860 2591 σκοτάσῃ
1886 2524 1915 2575 6

327 2608 485 2678 ἥλιος
512 2609 606 2662 καὶ
633 2609 696 2662 τὸ
726 2609 844 2678 φῶς
868 2611 964 2664 καὶ
996 2612 1030 2680 ἡ
1084 2610 1281 2682 σελήνη
1340 2610 1436 2664 καὶ
1491 2612 1542 2665 οξ.
1597 2612 1850 2684 ἀστέρες,
1888 2632 1908 2666 ι

329 2701 582 2755 τουτέστι
615 2700 722 2772 πρὸ
746 2702 842 2755 τοῦ
871 2701 1048 2755 ἐλθεῖν
1082 2702 1174 2755 ἐπὶ
1232 2702 1293 2755 σὲ
1325 2701 1424 2774 τὴν
1479 2704 1914 2776 ἀποπεράτωσιν

328 2792 428 2845 τοῦ
459 2792 726 2865 παρόντος
755 2793 895 2864 βίου,
939 2794 1259 2865 μιμνήσκου
1319 2793 1415 2847 τοῦ
1482 2795 1774 2860 κτίσαντός
1827 2815 1911 2863 σε,

332 2885 432 2938 καί
462 2885 697 2954 φύλαττε
728 2887 826 2949 τὰς
855 2885 1082 2949 ἐντολάς
1109 2884 1298 2952 αὐτοῦ,
1317 2885 1414 2940 καὶ
1446 2889 1657 2958 πρᾶττε
1685 2888 1747 2941 τὸ
1777 2890 1917 2958 ἀγα-

332 2975 450 3040 θον,
482 2978 574 3030 κατ⁹
594 2976 692 3048 τὴν
725 2977 979 3048 ἐνάρετον
1005 2976 1272 3048 κατόρθου
1301 2976 1447 3048 ζωήν
1480 2994 1494 3006 ο
1519 2978 1607 3032 ἵνα
1639 2982 1915 3051 μεταστῇς

330 3067 448 3121 ἀπὸ
477 3069 577 3140 τῆς
606 3069 749 3123 κατὰ
775 3071 875 3140 τὴν
899 3068 1102 3141 ἀρετὴν
1143 3070 1491 3142 εὐφροσύνης
1520 3073 1601 3135 εἰς
1631 3070 1732 3143 τὴν
1757 3073 1917 3126 ἀνεκ-

331 3159 568 3230 λάλητον
600 3162 925 3230 ἀγαλλίασιν
950 3161 1059 3215 τῶν
1089 3162 1281 3231 ἁγίων.

411 3250 479 3303 Ὃ
507 3250 563 3303 δέ
597 3267 760 3323 φησι·
800 3270 818 3304 ι
856 3252 969 3306 Καὶ
1018 3253 1389 3324 ἐπιστρέφουσι
1452 3252 1521 3308 τά
1550 3253 1687 3326 νέφη
1740 3255 1919 3309 ὀπίσω

2085 2177 2247 2249 275
2271 2176 2363 2233 Sic
2392 2178 2556 2250 igitur
2585 2195 2705 2250 qua:
2732 2181 2785 2235 in
2813 2196 3026 2237 summa
3055 2194 3109 2239 ct
3138 2186 3430 2241 universali
3455 2202 3589 2243 con-

2014 2271 2380 2325 summatione
2422 2269 2538 2326 fore
2579 2274 3013 2342 prmnuntiantur
3060 2284 3225 2345 atque
3265 2287 3588 2347 exspectan-

2018 2373 2127 2426 tur,
2158 2363 2211 2416 in
2245 2362 2611 2433 singularibus
2640 2380 2857 2436 quoque
2887 2366 3153 2422 mortibus
3181 2381 3235 2423 et
3260 2368 3383 2424 vitae
3407 2370 3590 2436 cujus-

2016 2469 2121 2523 que
2160 2454 2726 2511 consummationihus
2765 2457 2997 2525 aptanda
3044 2472 3166 2513 esse
3208 2468 3352 2514 recte
3390 2460 3587 2514 existi-

2017 2541 2201 2595 mavit.
2239 2542 2448 2597 Idcirco
2474 2542 2587 2599 ait:
2618 2542 2893 2614 Usqueqno
2922 2563 3024 2600 non
3064 2547 3451 2602 obtenebrescat
3485 2548 3585 2613 sol,

2013 2645 2060 2687 et
2095 2634 2288 2699 lumen,
2316 2646 2364 2689 et
2386 2634 2533 2702 luna,
2556 2646 2604 2690 et
2634 2637 2818 2699 stellas,
2840 2637 2890 2691 id
2918 2647 3023 2704 est,
3045 2640 3172 2693 dum
3194 2640 3288 2693 tibi
3309 2636 3589 2710 prasentis

2018 2726 2139 2779 vitae
2194 2725 2318 2780 ﬁnis
2359 2730 2633 2794 adventat,
2694 2738 2968 2783 memento
3018 2729 3329 2786 Conditoris
3383 2732 3485 2795 tui,
3537 2740 3595 2787 et

2015 2828 2289 2887 praecepta
2339 2818 2457 2888 ejus
2493 2828 2731 2883 servato,
2788 2834 2851 2874 ac
2881 2836 3003 2890 quae
3056 2820 3194 2874 bona
3248 2832 3376 2876 sunt
3419 2821 3590 2892 agite,

2016 2910 2290 2978 vitamque
2318 2909 2516 2964 virtute
2550 2912 2720 2978 regito
2751 2928 2764 2963 :
2796 2920 2856 2965 ut
2884 2926 2948 2966 ex
2978 2927 3064 2977 ea,
3094 2928 3215 2981 qua!
3246 2913 3370 2966 inde
3406 2914 3585 2967 oritur

2016 3001 2221 3067 laetitia,
2277 3000 2343 3055 ad
2403 3001 2731 3057 incﬂ’abilem
2796 3014 3114 3058 sanctorum
3162 3005 3588 3060 exsultationem

2017 3094 2340 3149 traducaris.

2089 3251 2243 3318 Quod
2286 3259 2466 3305 autem
2501 3251 2599 3318 ait,
2640 3250 2709 3305 Et
2762 3259 3084 3306 revertentur
3116 3251 3274 3306 nubes
3313 3261 3431 3321 post
3471 3253 3592 3324 plu—

332 3340 433 3394 τοῦ
470 3340 647 3406 ὑετοῦ,
684 3360 703 3393 ι
744 3342 1031 3414 σημαίνειν
1047 3343 1277 3413 οἰητέον,
1298 3343 1373 3402 ὡς
1405 3344 1506 3397 οὐκ
1537 3343 1618 3397 ἔτι
1647 3344 1738 3398 τὸν
1763 3345 1913 3398 ὑετὸν

2018 3345 2180 3407 viam,
2212 3342 2519 3412 signiﬁcare
2546 3343 2845 3413 putandum
2892 3351 2999 3406 est,
3037 3343 3130 3412 qui
3168 3342 3458 3401 defunctus
3496 3346 3590 3411 sit,

332 3435 364 3486 6
395 3433 731 3504 τελευτήσας
768 3434 961 3504 ὄψεται
992 3435 1145 3506 παρά
1176 3436 1289 3489 τῶν
1315 3436 1495 3504 νεφῶν
1542 3436 1770 3506 ὑόμενον
1824 3436 1913 3490 ἐπὶ

2018 3450 2125 3489 non
2146 3434 2259 3504 jam
2288 3434 2532 3490 visurum
2563 3436 2801 3505 pluviam
2838 3450 2869 3488 e
2911 3434 3151 3489 nubibus
3176 3433 3501 3491 deﬂuentem
3533 3438 3589 3491 in

331 3523 436 3594 τῆς
465 3526 569 3594 γῆς
605 3539 622 3557 ο
651 3523 841 3597 ὥσπερ
869 3524 992 3578 οὐδὲ
1016 3526 1180 3589 σέλας
1238 3526 1467 3596 ἡλιακὸν
1519 3526 1552 3597 ἢ
1606 3527 1837 3598 σελήνης
1881 3528 1913 3600 ἢ

2020 3533 2212 3591 terras,
2256 3525 2716 3595 quemadmodum
2749 3540 2850 3581 nec
2885 3524 3064 3581 solare
3102 3526 3285 3581 lumen
3317 3536 3412 3581 aut
3448 3528 3592 3583 lunae

334 3615 448 3669 τῶν
493 3616 763 3687 ἀστέρων.
802 3617 865 3670 El.
893 3616 951 3671 δὲ
978 3619 1073 3671 καὶ
1107 3617 1517 3690 τροπικώτερόν
1559 3635 1645 3682 τις
1701 3617 1913 3689 ἐξειλη-

2016 3627 2111 3673 aut
2147 3626 2422 3673 astrorum
2453 3617 2589 3689 (25).
2626 3617 2780 3683 Quod
2831 3617 2876 3672 si
2913 3617 3041 3687 quis
3079 3616 3282 3672 dictum
3314 3634 3378 3673 ex
3417 3619 3589 3689 ﬁgura

336 3793 449 3875 τοῦ
478 3795 1055 3875 strenuiori-2641.219
1084 3794 1211 3875 ᾀέξίὶ
1233 3794 1342 3875 rm?
1382 3795 1580 3875 Way;
1638 3797 1913 3875 δψρνταις

334 3864 439 3936 καὶ
465 3863 677 3933 θαμϐοῖ
704 3866 774 3936 ἐν
804 3862 879 3931 τῇ
907 3862 1043 3936 ὁδῷ.
1098 3864 1163 3936 Ἰξί
1187 3864 1411 3933 ὖψονται
1430 3862 1454 3931 V;
1493 3869 1631 3921 Τότε
1662 3862 1916 3936 ὄψονται

339 3933 452 3987 τὸν
484 3937 622 3989 Υίὸν
641 3935 750 3990 τοῦ
773 3934 1088 4001 ἀνθρώπου
1113 3933 1442 4003 ἐρχόμενον
1494 3936 1593 3990 ἐπὶ
1650 3933 1771 3991 τῶν
1822 3956 1917 3993 νε-

337 4004 546 4075 φελῶν
573 4005 680 4059 τοῦ
713 4004 1000 4073 οἰφανοῦ.
1032 4003 1461 4075 Κιιὶξκόψοντιιι
1524 4008 1713 4075 φυλαὶ
1765 4008 1918 4063 κατὰ

336 4073 563 4147 φυλάς.
591 4076 702 4147 Καὶ
727 4072 789 4147 τί
810 4075 1048 4147 γίνεται,
1082 4072 1332 4147 ἐλθόντος
1357 4074 1451 4147 τοῦ
1482 4072 1691 4147 κυρίου
1716 4094 1731 4144 ;
1798 4080 1917 4132 Ἅν-

337 4143 519 4215 θήσει
546 4144 614 4197 τὸ
640 4144 1007 4214 ἀμύγδαλον,
1037 4142 1136 4197 καὶ
1170 4142 1620 4213 παχυνθήσετὰι
1650 4149 1688 4215 ἠ
1718 4142 1910 4215 ἀκρίς,

338 4214 443 4267 καὶ
469 4214 1060 4287 διασκεδασθῄοςεται
1098 4215 1135 4287 ἠ
1158 4215 1477 4287 κάππαρις.
1511 4217 1601 4287 Ὠς
1624 4214 1685 4270 δὲ
1714 4219 1762 4270 οἱ
1795 4214 1919 4287 ign.

338 4284 511 4356 γηταί
542 4301 730 4356 φασιν,
763 4282 1079 4356 ἀμύγδαλον
1103 4283 1304 4356 ἀνθοῦν
1338 4285 1489 4354 δηλοῖ
1511 4285 1607 4338 τοῦ
1648 4282 1920 4356 χειμῶνός

338 4354 406 4406 τὸ
433 4354 723 4426 παρελθόν.
751 4353 952 4426 Μέλλει
977 4354 1034 4426 δὲ
1062 4354 1128 4406 τά
1156 4353 1575 4426 σώματᾉαξήμῶν
1629 4353 1779 4426 μετά
1828 4356 1921 4408 τὸν

337 4422 593 4494 χειμῶνα
623 4425 745 4477 τότε
771 4422 952 4494 ἀνθεῖν
972 4422 1297 4494 ἐπουράνιον
1326 4422 1504 4494 ἄνθος.
1533 4422 1652 4478 Kal
1684 4441 1917 4494 παχυν-

339 4492 594 4565 θήοεται
646 4496 684 4562 ἡ
718 4492 910 4565 ἀκρὶς,
938 4495 972 4565 ή
1004 4492 1265 4565 πτερωτὴ
1315 4492 1465 4565 ψυχὴ
1492 4495 1555 4547 τὸ
1606 4492 1803 4565 σῶμα⁷
1826 4512 1911 4547 πε-

340 4563 709 4634 ριϐαλλομένη
739 4563 837 4617 καὶ
861 4562 1512 4634 διασκεδασθήσεταίή

338 4633 403 4703 οξ
438 4632 775 4695 ἀκανθώδεις
804 4633 1116 4703 παράνομοι
1149 4632 1639 4703 διασκορπισθῶσι,
1679 4637 1735 4689 Id
1790 4647 1913 4688 est:

346 4700 582 4773 Noverat
613 4704 749 4756 hunc
812 4700 1037 4756 Domini
1076 4700 1356 4773 adventum
1408 4713 1458 4757 et
1513 4705 1696 4756 mundi
1758 4704 1914 4773 hujus

340 4773 504 4855 ﬁnem
532 4772 875 4855 Ecclesiastes
903 4775 1080 4855 dicens
1103 4787 1123 4826 :
1173 4771 1405 4855 Laetare,
1439 4843 1452 4855 _
1460 4774 1804 4855 adolescens,
1824 4771 1917 4855 ab

333 4841 628 4913 juventute
659 4853 775 4913 tua.
808 4841 877 4895 Et
908 4843 1147 4912 deinceps
1167 4859 1186 4898 :
1213 4842 1279 4897 Et
1308 4843 1508 4912 repelle
1539 4845 1676 4897 iram
1699 4860 1726 4896 a
1754 4845 1918 4899 corde

341 4911 464 4978 tuo,
491 4924 545 4967 et
575 4911 732 4967 aul‘er
756 4913 1017 4967 malitiam
1080 4911 1110 4967 a
1149 4929 1312 4968 carne
1361 4911 1476 4975 tua.
1517 4922 1572 4967 et
1641 4922 1916 4969 memento

340 4982 663 5037 Conditoris
703 4983 803 5044 tui,
839 4998 1128 5053 usquequo
1161 4998 1269 5037 non
1302 4984 1527 5037 veniant
1551 4983 1669 5037 dies
1729 4985 1857 5037 mali
1898 5001 1911 5037 ε

343 5067 635 5123 usquequo
662 5069 770 5106 non
797 5055 1129 5109 obscuratus
1184 5054 1345 5106 fuerit
1384 5054 1490 5119 sol,
1538 5062 1589 5106 et
1624 5054 1830 5118 lumen,
1863 5062 1918 5107 et

344 5124 501 5186 luna,
526 5133 580 5177 et
604 5123 796 5186 stellae,
830 5139 893 5177 ac
924 5123 977 5176 in
1015 5123 1254 5178 tenebris
1288 5124 1420 5186 sint,
1471 5138 1593 5192 qua:
1624 5124 1808 5177 vident
1860 5126 1915 5178 in

336 5192 710 5248 foraminibus
738 5192 1012 5264 (cernendi
1027 5193 1334 5262 facultatem
1353 5193 1701 5263 signiﬁcans),
1724 5209 1917 5263 usque-

341 5278 457 5333 (μιν
503 5278 609 5316 non
655 5263 934 5317 evertatur
993 5263 1273 5317 funiculus
1333 5264 1545 5332 argenti
1602 5265 1914 5333 (astrorum

343 5332 590 5403 indicans
618 5334 968 5401 complexum,
1004 5336 1191 5386 horum
1220 5333 1360 5386 enim
1385 5335 1579 5401 species
1609 5332 1827 5403 argento
1844 5334 1918 5387 si-

346 5400 513 5471 milis)
548 5420 563 5458 :
593 5412 646 5457 et
678 5400 996 5457 conteratur
1020 5404 1379 5456 .anthemium
1412 5400 1565 5457 auri.
1628 5400 1715 5456 Ita
1750 5406 1912 5458 solem

341 5472 624 5541 designans
659 5489 790 5526 auro
818 5473 1082 5537 similem;
1114 5474 1376 5527 anthemis
1419 5475 1559 5526 enim
1601 5484 1725 5526 nota
1754 5474 1913 5527 herba

342 5552 441 5613 est.
475 5545 670 5595 multos
699 5544 905 5613 habens,
925 5544 977 5596 in
1005 5545 1229 5607 ambitu,
1276 5553 1529 5606 tanquam
1576 5545 1777 5610 radios,
1834 5544 1913 5613 fo-

336 5612 537 5664 liorum
564 5614 827 5665 surculos.
872 5612 937 5667 Et
968 5623 1254 5679 resurgeut
1289 5614 1355 5665 ad
1400 5629 1589 5667 vocem
1648 5617 1909 5683 passeris,

340 5691 400 5735 et
435 5683 655 5751 quidem
682 5684 749 5736 de
776 5684 1000 5737 sublimi
1026 5683 1316 5751 aspicient,
1348 5693 1403 5737 et
1439 5693 1675 5737 terrores
1712 5686 1767 5737 in
1798 5685 1906 5737 via.

343 5752 486 5816 Quid
515 5754 758 5805 videbunt
784 5755 809 5805 .9
846 5755 999 5807 Tunc
1034 5755 1293 5807 videbunt
1325 5753 1521 5807 Filium
1557 5754 1794 5807 hominis
1818 5770 1909 5808 vc-

340 5823 584 5878 nientem
609 5823 663 5877 in
697 5823 934 5880 nubibus
958 5824 1113 5890 cmli,
1150 5826 1214 5877 Et
1254 5824 1701 5879 laincntabuntur
1733 5825 1908 5880 tribus

2004 3762 2210 3854 contra
2259 3798 2456 3854 tribus.
2494 3796 2708 3867 (Matth.
2747 3796 3033 3867 x_xrv,50;
3064 3795 3299 3867 Zachar.
3335 3813 3431 3861 xu,
3470 3800 3586 3865 1'2).

2024 3868 2091 3921 Ει
2127 3870 2256 3939 quid
2286 3870 2382 3940 ﬁet
2416 3864 2721 3940 adueniente
2759 3864 3025 3940 Domino?
3050 3866 3293 3940 Florebit
3336 3872 3591 3940 amygda-

2020 3937 2211 4001 lus,‘et
2244 3939 2562 4008 pinguescet
2586 3937 2816 4008 locusta,
2849 3944 2903 3988 et
2930 3937 3286 4008 dissipabitur
3312 3937 3587 4006 capparis.

2025 4008 2092 4062 Ut
2121 4005 2572 4075 rero’inlerpretes
2602 4006 2774 4075 aiunt,
2798 4005 3111 4074 amygdalus
3142 4006 3336 4073 ﬂorens
3369 4008 3590 4061 hiemem

2018 4079 2343 4146 prwterilam
2371 4071 2664 4143 signiﬁcat.
2690 4071 2959 4126 Futurum
2989 4071 3167 4128 autem
3222 4086 3321 4135 est,
3382 4087 3437 4129 ut
3494 4077 3589 4130 illo

2020 4157 2248 4216 tempore
2274 4156 2393 4228 pos't‘
2414 4146 2636 4226 hiemem
2683 4159 2907 4228 corpora
2971 4154 3155 4228 nostra
3213 4146 3409 4223 caelesti
3455 4147 3591 4228 [lyre

2018 4214 2325 4287 ﬂorescant.
2354 4214 2418 4269 Et
2451 4214 3002 4287 pinguescetlocusta
3055 4215 3357 4287 (pennigera
3390 4214 3588 4287 scilicet

2020 4281 2201 4340 anima
2238 4281 2824 4355 corpore—seinduens),
2854 4294 2907 4336 et
2939 4281 3292 4355 dissipabitur
3338 4285 3588 4355 capparis

2022 4358 2139 4423 (hoc
2163 4364 2240 4409 est
2266 4356 2437 4425 iniqui
2463 4354 2631 4424 spinis
2661 4354 2858 4407 similes
2927 4353 3313 4424 dispergentar.
3359 4353 3585 4412 Catech.

2024 4444 2114 4488 xv,
2148 4442 2202 4479 η.
2234 4426 2324 4479 20.

2098 4495 2192 4550 Est
2222 4497 2386 4549 etiam
2430 4493 2666 4549 senioris
2720 4491 3008 4562 Epiphanii
3070 4494 3420 4563 opusculum,
3488 4510 3593 4551 nec

1570 4556 1874 4632 κάππαρις
1901 4580 1913 4595 ·

2024 4568 2229 4622 editum
2260 4566 2547 4629 hactenus,
2578 4563 2722 4634 quod
2760 4556 2941 4634 servat
2983 4556 3313 4619 bibliotheca
3353 4556 3586 4630 Albana,

2022 4638 2370 4706 inscriptum,
2396 4633 2845 4707 Maptppiattti'iv_
2859 4634 3232 4707 θεοπνεύστων
3251 4636 3480 4706 Γραφῶν
3498 4639 3593 4707 καὶ

2018 4703 2210 4776 ἁγίων
2230 4707 2360 4775 περὶ
2390 4703 2504 4775 τῆς
2524 4703 2848 4776 ἐξόὺρανοῦ
2876 4706 2967 4776 ἐπ),
2994 4704 3095 4776 τῆς
3134 4705 3236 4775 γῆς
3272 4703 3591 4775 μονογενοῦς

2019 4773 2153 4830 Θεοῦ
2187 4773 2360 4843 Λόγου
2392 4773 2722 4846 παρουσίας,
2763 4774 2859 4846 κα).
2886 4774 2994 4827 τῶν
3022 4775 3088 4828 δι’
3135 4773 3311 4846 αὑτοῦ
3360 4773 3594 4846 γενομέ-

2016 4864 2123 4899 νων
2154 4844 2592 4915 θαυμάτων,“καὶ
2617 4845 2711 4897 τοῦ
2748 4844 2954 4915 πάθους
2985 4844 3195 4914 καὶτῆς
3244 4844 3594 4908 ἀναστάσεως

2018 4918 2113 4969 καὶ
2142 4916 2243 4984 τῆς
2266 4914 2532 4986 δευτέρας
2560 4916 2652 4968 καὶ
2689 4914 2989 4986 μελλούσης
3020 4915 3364 4986 ἐπιφανείας.
3407 4917 3596 4986 Ιηᾲιιοο

2020 4983 2278 5064 ad_c_aput
2315 4985 2383 5040 95
2413 4983 2572 5064 cuius
2604 4983 2797 5064 titulus
2821 4994 2925 5048 est,
2947 4983 3077 5064 ‘01:}
3101 4985 3128 5035 6
3192 4983 3343 5064 ήλιος
3375 4984 3525 5064 ἥκαὶί

2022 5052 2220 5127 σελήνη
2258 5055 2732 5127 σκοτισθήσονται,
2770 5055 2826 5107 in
2861 5054 3104 5127 secundo
3130 5052 3343 5127 scilicet
3373 5052 3593 5107 Domini

2019 5124 2189 5180 nostri
2211 5124 2774 5193 'adventu,',postalias
2802 5125 3158 5178 auctoritates
3188 5124 3348 5177 verba
3376 5139 3599 5193 quoque

2019 5195 2368 5251 Ecclesiastae
2399 5195 2452 5247 in
2486 5192 2738 5247 eamdem
2773 5195 3104 5247 sententiam
3137 5193 3218 5263 sic
3270 5194 3428 5247 aliert
3468 5192 3599 5263 Epi-

2018 5268 2273 5334 phanius,
2307 5274 2483 5318 totum
2520 5265 2665 5334 hunc
2694 5264 2874 5317 locum
2904 5264 3135 5332 carptim
3166 5262 3418 5334 delibans
3447 5282 3459 5317 :
3485 5263 3597 5315 Καὶ

2015 5338 2043 5387 6
2094 5334 2529 5403 Ἐκκλησιαστὴς
2593 5333 2782 5400 λέγει’
2816 5351 2835 5384 ι
2872 5333 3201 5403 Εὐφραίνου,
3232 5333 3504 5403 νεανίσκε,
3533 5335 3598 5386 ἐκ

2015 5405 2265 5476 νεότητός
2286 5402 2417 5476 σου,
2445 5402 2539 5476 καὶ
2562 5403 2872 5476 ἀπόστησ-ον
2900 5403 3070 5476 θυμρν
3099 5402 3205 5476 diti;
3219 5402 3449 5476 καρδίας
3478 5420 3598 5468 σου,

2015 5478 2108 5528 καὶ
2140 5466 2409 5546 μνήσθητι
2434 5473 2526 5546 τοῦ
2562 5466 2850 5546 κτίσαντός
2887 5466 2983 5546 σεξ
3006 5473 3108 5546 ἔως
3145 5466 3204 5524 οῦ
3237 5466 3313 5546 μῇ
3369 5466 3599 5546 ἔλθωσιν

2015 5548 2070 5598 αἱ
2106 5538 2314 5616 ἡμέραι
2342 5538 2553 5616 ’κακίας
2589 5559 2702 5616 σου,
2734 5544 2838 5616 ἕως
2861 5538 2922 5596 οὗ
2960 5543 3036 5612 μὴ
3056 5538 3336 5616 σκοτασθῇ
3370 5544 3397 5595 6
3447 5543 3600 5612 ήλιος

2014 5614 2171 5686 uti)
2206 5614 2403 5686 σελήνη
2431 5614 2525 5666 καὶ
2570 5614 2619 5686 oi
2661 5615 2914 5683 ἀστέρες,
2983 5614 3078 5667 καὶ
3134 5614 3491 5669 σκοτάσουσιν
3544 5616 3600 5667 αἱ

2016 5684 2400 5756 βλέπουσαιέν
2418 5687 2542 5756 ,ταῖς
2569 5684 2752 5747 ὀπαῖς.
2792 5702 2810 5734 ι

2086 5757 2200 5827 (25)
2233 5755 2302 5809 At
2336 5755 2429 5808 alii
2464 5756 2531 5809 de
2561 5755 2867 5827 senectutis
2902 5753 3271 5810 incommodis
3303 5754 3419 5809 lucc
3453 5756 3600 5810 dicta

2016 5826 2241 5884 censent
2278 5845 2291 5894 ;
2321 5827 2467 5895 qqu
2496 5826 2642 5882 senis
2667 5826 2813 5881 oculi
2838 5827 3166 5897 caligantes,
3222 5828 3422 5881 uelum
3485 5836 3601 5882 tum
