4114 6498
608 358 745 423 1155

1718 355 1780 415 S.
1836 352 2216 415 GREGORII
2251 352 2762 416 AGRIGENTINI

3723 355 3843 423 1156

602 475 707 541 dit,
732 472 899 541 2'73
928 484 1053 524 cun:
1079 469 1154 523 ait
1188 484 1203 525 :
1237 488 1254 520 ι
1301 468 1441 523 Deus
1476 477 1722 523 conteret
1754 469 1946 523 dentes
1989 484 2178 523 eorum

2292 469 2496 540 βρῶσιν
2527 469 2809 540 ἀλήθομεν
2834 485 2849 499 ·
2888 467 3073 532 καθὼς
3121 468 3496 539 παρεμφαίνει
3559 470 3653 522 καὶ
3700 474 3847 527 Δαϐὶδ

606 566 789 619 inore
831 562 1123 632 ipsorum:
1175 560 1351 613 molas
1408 560 1629 613 leonum
1679 559 1948 630 confregit
2001 559 2185 613 Domi-

603 671 710 712 nus
738 656 885 726 (29);
931 673 951 706 ι
993 662 1157 722 atque
1194 651 1427 721 pupillas
1459 650 1623 706 etiam
1671 653 1956 707 oculorum
2006 651 2187 704 immio

604 760 797 807 nutum
828 750 917 814 iri,
954 756 1244 803 extenuata
1276 763 1398 816 qua:
1430 746 1582 813 prius
1619 745 1813 811 inerat,
1847 746 2066 800 videndi
2104 744 2185 799 fa-

603 845 828 905 cultate,
861 857 1064 910 easque
1086 842 1305 895 demmn
1339 840 1547 893 otiosas
1584 839 1744 908 plane
1771 838 1984 895 futuras
2014 839 2067 893 in
2104 837 2182 891 lo.

603 934 929 990 raminibus.
965 933 1097 986 Nam
1134 932 1187 986 in
1231 931 1461 985 orbibus
1502 930 1785 984 oculorum
1821 938 2084 1000 tanquam
2130 929 2185 983 iu

603 1023 968 1079 foraminibus
1024 1023 1207 1077 sedem
1255 1037 1411 1077 suam
1454 1022 1672 1091 pupillae
1712 1021 2183 1091 circumscriptam

604 1118 806 1171 habent
833 1130 897 1169 ac
927 1127 1158 1186 septam,
1191 1124 1356 1183 alque
1383 1113 1509 1167 inde
1534 1112 1755 1168 videndi
1785 1114 1894 1168 vim
1921 1121 2187 1168 exserunt

601 1210 669 1262 ad
716 1208 995 1277 subjectas
1029 1221 1116 1260 res
1161 1203 1539 1275 percipiendas
1572 1219 1637 1259 ac
1671 1203 2069 1273 dijudicandas.
2121 1202 2187 1257 Et

602 1311 889 1369 propterea
925 1313 1032 1368 qua
1072 1298 1205 1351 hora
1236 1306 1448 1351 natura:
1475 1296 1618 1351 vires
1645 1295 1930 1350 inﬁrmata!
1961 1293 2183 1358 fuerint,

601 1388 733 1458 ipsa:
756 1390 918 1442 etiam
964 1387 1125 1442 simul
1169 1386 1545 1451 debilitantur,
1592 1399 1657 1439 ac
1688 1385 1926 1454 primum
1963 1383 2182 1453 quidem

602 1480 773 1535 livere
804 1479 1154 1549 incipiuntac
1178 1492 1404 1548 prorsus
1432 1477 1669 1547 caligant
1698 1495 1711 1531 :
1739 1476 1936 1530 deinde
1960 1476 2184 1530 omnino

601 1573 1007 1634 obscurantur,
1061 1570 1200 1625 ostia
1252 1584 1351 1623 sua
1404 1569 1458 1621 in
1515 1568 1787 1637 reliquum
1845 1567 2181 1631 claudentes,

601 1679 725 1734 qua:
748 1674 802 1718 ct
824 1662 1095 1718 foramina
1129 1662 1535 1728 nominarit,ut
1564 1675 1673 1714 non
1700 1659 1812 1730 jam
1846 1660 2067 1713 videant.
2092 1668 2184 1713 aut

600 1758 927 1827 dignoscant
969 1771 1301 1826 quemquam
1331 1770 1398 1810 ex
1434 1755 1503 1810 iis
1556 1768 1678 1824 qua:
1711 1753 1766 1807 in
1802 1753 1947 1817 loro,
1981 1751 2095 1807 sive
2123 1751 2178 1805 in

599 1846 707 1904 hac
739 1846 849 1903 vita
882 1854 1029 1901 sunt.

671 2116 1039 2185 Quamobrem
1065 2115 1254 2185 utique.
1277 2114 1514 2185 adjecit:
1555 2133 1572 2165 ι
1604 2114 1659 2168 In
1686 2113 2004 2169 inﬁrmitate
2031 2112 2183 2168 vocis

603 2210 861 2266 uiolentis
892 2208 1027 2279 ('50).
1064 2209 1165 2263 Vix
1196 2208 1342 2262 enim
1374 2217 1429 2263 et
1476 2207 1593 2263 oris
1623 2208 1765 2263 labia
1814 2224 2060 2273 movens,
2090 2222 2185 2261 vo-

600 2318 718 2355 cem
774 2302 974 2357 emittit
1036 2299 1466 2354 inﬁrmissimam
1532 2299 1716 2369 lingua
1795 2308 1849 2352 et
1903 2299 2181 2353 dentibus.

602 2396 773 2452 l'orro
807 2396 921 2448 haec
953 2391 1155 2447 indicia
1189 2399 1319 2446 sunt
1355 2401 1411 2444 et
1456 2390 1611 2461 signa
1670 2390 1864 2444 mortis
1917 2388 2185 2459 cujusque

602 2488 717 2540 sive
741 2480 1256 2540 consummationis.
1284 2477 1580 2533 Enimvero
1606 2478 1755 2547 quod
1790 2477 1865 2532 ait
1892 2493 1907 2530 :
1945 2495 1964 2527 ι
1997 2476 2064 2531 Et
2088 2478 2187 2531 bu-

601 2577 961 2632 nnliabuntur
991 2588 1185 2629 omnes
1216 2572 1341 2627 tiliae
1391 2570 1678 2636 carminis,
1710 2588 1729 2621 ι
1764 2560 2011 2623 eamdem
2054 2569 2182 2623 item

601 2670 768 2741 279
787 2668 1122 2723 naturalium
1152 2666 1644 2721 instrumentorum
1680 2661 2054 2716 inﬁrmitatem
2084 2660 2187 2715 sub

604 2764 795 2817 boram
842 2769 1144 2815 extremam
1187 2765 1566 2827 repraesentat.
1616 2752 1751 2808 Nam
1785 2754 1878 2809 ubi
1910 2753 2063 2809 vocis
2098 2753 2187 2806 in-

601 2860 907 2910 strumenta
940 2852 1214 2905 inﬁrmata
1248 2848 1475 2910 fuerint,
1510 2862 1635 2917 qua:
1662 2860 1859 2915 nempe
1894 2843 2035 2899 ﬁlias
2065 2858 2190 2899 car-

602 2947 773 3003 minis
817 2945 1112 3015 appellavit
1155 2942 1293 3015 (5l),
1333 2943 1537 2996 nullam
1580 2940 1869 2997 eﬁ'undunt
1910 2940 2185 3010 loquelam

602 3041 717 3094 sive
745 3039 813 3093 ad
840 3037 933 3093 Dei
958 3038 1189 3108 gloriam
1216 3036 1625 3097 celebrandam,
1653 3035 1769 3090 sive
1798 3033 1864 3089 ad
1899 3047 2187 3089 sermones

602 3146 729 3185 cum
765 3130 1084 3185 hominibus
1113 3128 1403 3183 serendos.
1440 3127 1768 3182 Astantibus
1795 3142 1928 3180 vero
1969 3140 2034 3180 ex
2076 3126 2189 3179 alto

2286 562 2314 612 ὁ
2349 563 2642 632 προφήτης
2666 562 2839 615 εἰπών
2874 578 2888 593 ·
2922 581 2941 613 ι
2992 563 3050 615 Ὀ
3084 562 3217 625 Θεὸς
3246 563 3535 633 συντρίψει
3563 565 3692 627 τοὺς
3719 566 3846 619 ὁδόν-

2284 673 2387 719 τας
2440 656 2621 709 αὐτῶν
2645 657 2707 709 ὲν
2734 655 2812 726 τῷ
2867 654 3098 725 στόματι
3130 656 3332 722 αὐτῶν,
3386 656 3486 720 τὰς
3538 657 3714 727 μύλας
3755 661 3846 713 τῶν

2285 748 2517 802 λεόντων
2548 749 2875 803 συνέθλασεν
2903 751 2932 803 ὁ
2959 748 3182 819 Κύριος.
3221 768 3239 800 ι
3273 749 3384 803 Καὶ
3409 748 3600 820 μέντοι
3647 751 3743 813 τάς
3768 755 3847 805 κὰ-

2287 858 2390 913 ρας
2427 842 2866 914 ὀλιγωθήσεσθαι
2920 842 3030 896 τῶν
3059 842 3357 912 ὀφθαλμῶν
3390 842 3531 913 πρὸς
3584 842 3683 914 τὴν
3733 845 3845 915 ὀρα-

2285 932 2443 1003 τικὴν
2468 934 2757 1004 ἐνέργειαν
2790 935 3244 1005 προηγουμένως,
3276 934 3469 987 ἔπειτα
3493 934 3553 987 δὲ
3604 936 3699 987 καὶ
3740 952 3847 1006 axo-

2286 1022 2451 1077 λάσαι
2489 1025 2776 1089 παντελῶς
2808 1028 2865 1079 ὲν
2894 1029 3019 1090 ταῖς
3044 1027 3228 1089 ὀπαῖς.
3297 1027 3387 1078 Ἐν
3454 1027 3555 1096 μὲν
3601 1025 3708 1097 γὰρ
3754 1031 3847 1091 τοῖς

2286 1116 2509 1181 κύκλοις
2534 1116 2643 1169 τῶν
2678 1116 2995 1187 ὀφθαλμῶν,
3025 1117 3102 1181 ὡς
3130 1120 3191 1171 ὲν
3218 1119 3383 1182 ὀπαῖς
3445 1118 3502 1171 αἰ
3553 1119 3716 1189 κόραι
3764 1137 3850 1173 πε-

2289 1210 2746 1281 ριγεγραμμένην
2772 1205 2884 1265 οἷον
2912 1212 2971 1263 ὲν
3030 1213 3266 1281 περιοπῇ
3316 1210 3418 1282 τὴν
3475 1211 3613 1265 ίδίαν
3662 1212 3849 1283 ἵδρυσιν

2286 1301 2533 1371 ἔχουσαι,
2563 1302 2666 1372 τὴν
2697 1302 2962 1374 ὁρατικὴν
2991 1301 3206 1357 ἐκεῖθεν
3229 1302 3465 1374 δύναμιν
3486 1306 3681 1373 ἀφιᾶσι
3732 1308 3850 1376 πρὸς

2284 1394 2385 1465 τὴν
2437 1394 2546 1448 τῶν
2596 1395 2981 1465 ὑποκειμένων
3033 1398 3380 1468 πραγμάτων
3446 1398 3733 1470 ἀντίληψιν
3772 1401 3851 1453 καὶ

2284 1486 2581 1558 διάκρισιν.
2616 1488 2731 1541 Καὶ
2756 1488 2844 1541 διά
2869 1487 3031 1542 τοῦτο
3069 1489 3192 1543 καθ’
3213 1491 3280 1561 ἢν
3318 1489 3386 1543 ἀν
3440 1489 3593 1560 ῶραν
3622 1490 3722 1560 τῆς
3765 1490 3852 1560 φύ-

2287 1597 2426 1643 σεως
2457 1579 2899 1649 ὲξασθενήσωσιν
2929 1582 2986 1632 αἱ
3015 1580 3296 1649 δυνάμεις,
3328 1580 3720 1634 συνασθενοῦσι
3771 1582 3853 1634 καὶ

2286 1663 2448 1723 αὗται
2475 1685 2488 1698 ·
2519 1668 2616 1722 καὶ
2636 1666 2853 1738 πρῶτον
2883 1668 2986 1738 μὲν
3026 1668 3253 1722 πελιδνά
3280 1670 3378 1723 καὶ
3408 1668 3696 1732 παντελῶς
3726 1670 3854 1737 ἀμυ-

2285 1763 2387 1833 δρά
2423 1762 2709 1833 δέρκουσιν
2734 1778 2749 1793 ο
2799 1762 2992 1816 ἔπειτα
3015 1762 3110 1816 καὶ
3161 1763 3506 1825 σκοτίζονται
3562 1762 3850 1825 παντελῶς,

2288 1850 2575 1905 κλείσασαι
2593 1850 2782 1905 λοιπὸν
2810 1850 2911 1915 τάς
2941 1851 3084 1915 ιδίας
3130 1850 3325 1922 θύρας,
3356 1850 3422 1915 ἀς
3477 1851 3729 1921 ὠνόμασε
3773 1854 3855 1906 καὶ

2286 1941 2448 2006 ὀπὰς,
2517 1941 2594 2005 ὡς
2621 1942 2820 2015 μηκέτι
2847 1942 3073 2013 βλέπειν
3098 1944 3132 2014 ἢ
3163 1942 3551 2010 διαγινώσκειν
3592 1944 3720 1997 τινὰ
3759 1947 3856 1998 τῶν

2288 2033 2346 2085 ὲν
2397 2034 2463 2103 τῇ
2487 2032 2686 2103 ἀγορᾷ,
2714 2034 2773 2086 ὲν
2825 2035 2893 2103 τῇ
2928 2031 3184 2105 παρούσῃ
3210 2033 3349 2104 ζωῇ.

2369 2119 2592 2190 Ἀμέλει
2618 2121 2805 2175 τοίνυν
2826 2122 3137 2192 ἐπήγαγεν,
3174 2139 3193 2173 ί
3233 2122 3323 2174 Ἑν
3354 2122 3619 2195 ἀσθενείᾳ
3684 2127 3855 2195 φωνῆς

2286 2210 2389 2280 τῆς
2417 2208 2725 2281 ἀληθούσης
2752 2227 2767 2244 ο
2801 2230 2819 2264 ι
2864 2210 3026 2283 μόγις
3087 2210 3194 2283 γάρ
3239 2213 3334 2264 καὶ
3378 2212 3446 2266 τά
3491 2213 3649 2285 χείλη
3708 2215 3856 2267 κινῶν

2285 2301 2381 2356 τοῦ
2410 2301 2703 2372 στόματος,
2737 2302 3145 2373 ἀσθενεστάτην
3176 2304 3366 2373 φωνὴν
3388 2304 3759 2375 προϐάλλεται
3782 2307 3856 2361 διὰ

2286 2397 2387 2464 τῆς
2436 2394 2684 2466 γλώττης
2712 2395 2961 2449 καὶτῶν
3016 2395 3267 2451 ὀδόντων.
3340 2396 3532 2451 Ταῦτα
3589 2398 3648 2452 δὲ
3708 2418 3858 2470 χαρα-

2288 2486 2621 2557 κτηριστικά
2660 2488 2757 2541 καὶ¹
2812 2487 3129 2558 σημαντικά
3183 2489 3284 2560 τῆς
3333 2490 3571 2543 ἑκάστου
3614 2491 3859 2562 τελευτῆς

2287 2580 2407 2650 ἦτοι
2458 2579 2771 2643 συντελείας
2813 2582 2974 2635 εἰσίν.
3014 2582 3141 2636 Ἔτι
3187 2598 3253 2650 γε
3309 2581 3417 2654 μὴν
3468 2585 3563 2637 καὶ
3626 2585 3657 2637 ὃ
3701 2603 3855 2654 φησι·

2293 2687 2311 2719 ι
2352 2671 2463 2722 Καὶ
2485 2669 2987 2741 ταπεινωθήσονται
3009 2672 3186 2726 πᾶσαι
3215 2672 3269 2724 αἱ
3301 2672 3608 2744 θυγατέρες
3636 2676 3734 2727 τοῦ
3769 2676 3856 2746 ᾇτ-

2292 2778 2483 2831 ματος,
2526 2780 2547 2814 ι
2577 2760 2676 2833 τὴν
2709 2762 2881 2833 αὐτὴν
2915 2766 3221 2834 παρίστησι
3262 2766 3401 2818 κατά
3423 2765 3524 2836 τὴν
3554 2767 3860 2821 τελευταίαν

2288 2851 2439 2922 ὥραν
2471 2852 2757 2925 ἀσθένειαν
2787 2854 2897 2907 τῶν
2948 2854 3200 2924 φυσικῶν
3254 2857 3523 2927 ὀργάνων.
3584 2856 3713 2912 Τῶν
3765 2859 3861 2929 γὰρ

2290 2944 2618 3016 φωνητικῶν
2649 2946 2898 3016 ὀργάνων
2926 2945 3332 3018 ὴσθενηκότων,
3384 2949 3482 3003 ἀτε
3525 2948 3593 3023 δὴ
3653 2951 3751 3003 καὶ
3782 2950 3865 3003 θυ-

2289 3037 2529 3106 γατέρας
2594 3035 2692 3089 τοῦ
2759 3037 3012 3109 ᾅσματος
3075 3040 3553 3111 προσηγόρευσεν,
3615 3044 3865 3111 οὐδεμίαν

2290 3125 2659 3198 προϐάλλεται
2688 3128 2882 3182 λαλιὰν
2913 3130 2947 3201 ἢ
2983 3131 3121 3201 πρὸς
3151 3132 3287 3186 Θεοῦ
3312 3134 3628 3204 δοξολογίαν
3666 3137 3699 3207 ἦ
3737 3137 3861 3206 πρὶς

601 3221 811 3277 sanctis
853 3222 1064 3293 angelis
1095 3236 1162 3276 eo
1195 3221 1474 3284 demissis,
1502 3231 1560 3274 ut
1589 3220 1829 3274 animam
1878 3234 1908 3272 a
1956 3232 2185 3288 corpore

2288 3219 2508 3290 ὁμιλίαν
2538 3218 2865 3291 ἀνθρώπων.
2926 3198 3068 3276 ίΑλλ’
3128 3198 3521 3294 ἐφεστηκότων.
3568 3228 3632 3293 ἐξ

602 3314 878 3368 abducant
907 3328 972 3368 ac
999 3313 1268 3378 dividant,
1302 3312 1581 3382 aSpieiuut
1609 3327 1705 3366 eos
1738 3311 1983 3379 pupillae,
2013 3310 2192 3366 sensi-

604 3406 733 3461 bilia
765 3406 922 3475 prius
947 3406 1195 3460 videntes
1226 3405 1475 3460 sensibili
1508 3404 1695 3468 modo,
1745 3415 1801 3457 at
1837 3419 1985 3458 nunc
2028 3402 2192 3472 spiri-

603 3498 699 3551 tali
731 3516 746 3551 :
780 3512 988 3567 easque
1032 3508 1227 3567 stupor
1258 3496 1466 3550 invadit
1510 3496 1580 3550 ob
1614 3495 1854 3550 vicinam
1907 3494 2191 3564 migratio.

603 3604 751 3653 nem,
797 3604 963 3659 quam
1018 3587 1264 3643 nondum
1313 3586 1381 3641 ad
1415 3588 1518 3641 boc
1572 3603 1748 3657 usque
1783 3596 2000 3656 tempus
2030 3600 2191 3640 nove-

604 3689 755 3735 runt.
782 3678 920 3733 Nam
962 3680 1067 3735 hoc
1097 3678 1429 3749 signiﬁcavit
1455 3678 1647 3731 dicens
1678 3697 1689 3731 :
1722 3696 1739 3728 ι
1772 3677 1839 3731 Et
1866 3679 1935 3733 de
1961 3678 2183 3732 sublimi

606 3772 899 3841 aspicient,
931 3780 986 3825 et
1014 3780 1257 3825 terrores
1286 3770 1339 3823 in
1372 3769 1483 3833 via,
1517 3787 1536 3820 ι
1571 3768 1622 3821 id
1648 3777 1752 3835 est,
1795 3768 2057 3823 videbunt
2090 3768 2183 3838 qui

604 3868 675 3919 ab
708 3863 818 3918 alto
858 3863 1013 3918 missi
1038 3862 1290 3926 aderunt,
1324 3872 1378 3917 et
1412 3871 1637 3932 stupore
1669 3877 1732 3916 ac
1764 3869 1973 3916 terrore
2004 3863 2184 3916 corri-

604 3957 826 4022 pientur
849 3956 919 4011 ob
957 3956 1235 4012 insuetum
1266 3954 1402 4010 illud
1435 3964 1490 4010 et
1525 3955 1866 4026 inopinatum
1896 3966 2184 4026 spectacu-

603 4049 741 4106 lum.

672 4372 786 4443 (29)
821 4373 962 4443 Psal.
1001 4387 1153 4435 Lvm,
1186 4370 1240 4425 6.
1277 4372 1346 4426 At
1378 4369 2063 4443 ΗΟ(ίιιιιιιξιιι.συνέτριψεἷ

678 4439 789 4525 (39;)
820 4442 1127 4525 Rursusoad‘
1154 4446 1319 4525 ΙιιιιιίιΔ
1350 4444 1546 4523 locum.
1588 4444 1811 4496 adnotat
1861 4439 2176 4525 Mazocghius

605 4512 807 4581 (ibim),
838 4526 903 4565 ea:
932 4515 1227 4576 malitricis,
1267 4521 1326 4565 ut
1356 4514 1469 4581 ipse
1500 4512 1594 4576 ait,
1614 4528 1909 4566 voceomen
1940 4522 2179 4581 captasse

602 4579 868 4651 antiquos.
911 4581 1231 4651 Exemplum
1271 4579 1450 4636 autem
1494 4598 1557 4636 ex
1620 4583 1856 4636 Homero
1888 4580 2041 4649 petit,
2088 4579 2181 4633 ubi

604 4650 853 4722 UlySsem
900 4650 1109 4706 inducit.
1138 4668 1298 4706 omen
1340 4654 1441 4706 sibi
1470 4652 1671 4721 duplex
1707 4653 1774 4705 ab
1811 4651 1943 4722 Jove
1993 4659 2187 4720 peten-

605 4720 713 4775 tem
747 4720 961 4793 (Odyss.
992 4723 1028 4776 l.
1065 4739 1158 4785 xx,
1185 4740 1215 4777 a
1248 4739 1298 4775 v.
1327 4725 1455 4791 98);
1496 4720 1566 4776 ibi
1591 4723 1735 4777 enim
1770 4720 2004 4790 legimus
2055 4736 2183 4793 per-

603 4802 723 4847 acta
759 4791 1172 4849 'obsecratione
1203 4794 1486 4849 mulierem
1544 4793 1931 4863 pistrinensem
1997 4791 2182 4846 statim

603 4872 858 4917 cantasse
885 4877 900 4916 2

762 4950 867 5015 μην
932 4932 977 4985 δ’
991 4933 1071 5015 ⁵ἐς
1081 4932 1265 5015 ρξκοιο
1289 4932 1441 5015 γυνὴ,
1459 4932 1731 5015 προέηκεν
1758 4930 1977 5015 ἀλετρὶς

677 5004 936 5075 [ᾏλησίον.
965 5004 1093 5075 κένθ’
1126 5006 1234 5075 ἄρα
1264 5006 1312 5055 οἱ
1351 5001 1516 5072 μύλαι
1567 5001 1722 5075 εἴατο
1757 5003 1976 5075 ποιμένι
2013 5001 2183 5055 λαῶν.

675 5073 813 5141 Τῇσι
867 5074 925 5125 δὲ
957 5073 1176 5127 δώδεκα
1198 5075 1373 5127 πᾶσαι
1416 5073 1761 5143 ἐπερρόωντο
1792 5074 2080 5143 γυναῖκες,

681 5143 915 5211 Ἀλφιτα
946 5143 1358 5212 τεύχουσαι-καὶ
1405 5142 1650 5204 ἀλείατα,
1712 5142 1908 5212 μυελὸν
1955 5143 2184 5211 ἀνδρῶν.

707 5163 915 5211 ιυιφιτα
946 5163 1037 5196 τευ
1078 5163 1233 5196 ουσαι
1264 5163 1358 5196 και
1405 5163 1650 5204 αΑειατα,
1712 5163 1908 5212 μυεΑον
1955 5163 2184 5211 ανορων.

675 5214 740 5265 Ai
776 5214 874 5279 μὲν
899 5213 986 5283 ἄρ’
1008 5163 1162 5267 ἄλλαι
1196 5208 1506 5277 εὖδον,ὲπεὶ
1543 5214 1695 5282 παρά
1721 5213 1899 5283 πυρὸν
1928 5212 2185 5266 ἄλεσσαν.

688 5285 751 5335 'H
775 5284 830 5335 δὲ
855 5282 1111 5353 μί’ίοῦπω
1133 5284 1322 5338 παύετ’
1346 5323 1360 5342 .
1384 5284 1736 5354 ἀφαυροτάτη
1760 5282 1813 5336 δί
1839 5282 2116 5354 ἐτέτυκτο.

678 5354 752 5405 Ἤ
776 5356 844 5426 ῥα
860 5352 1036 5426 μύλην
1058 5357 1325 5425 στήσασα,
1342 5354 1471 5418 ἔπος
1502 5352 1659 5424 φάτο,
1684 5355 1835 5423 σῆμα
1851 5352 2044 5407 ἄνακτι
2065 5370 2079 5383 ·

713 5424 847 5486 Ζεὺς
880 5424 1080 5493 πάτερ,
1107 5424 1211 5480 etc.
1408 5466 1413 5477 .

607 5495 661 5549 id
693 5503 797 5555 est,
854 5503 914 5548 nt
973 5496 1151 5550 verbis
1196 5508 1319 5551 utar
1371 5497 1572 5552 veteris
1629 5496 1837 5553 sodalis
1886 5505 1942 5549 et
1988 5506 2188 5551 contu—

604 5564 850 5619 bet-nalis
910 5566 1054 5629 mei,
1094 5568 1225 5621 culti
1254 5568 1513 5637 doctique
1556 5567 1659 5622 viri
1686 5591 1708 5614 ο
1764 5568 2029 5623 Bernardi
2078 5568 2186 5621 Za-

607 5650 820 5689 ιιιτιαιιω
846 5652 858 5688 ἒ

684 5652 694 5686 ι
740 5651 858 5688 nae:

684 5651 791 5756 [θοι
831 5705 1002 5759 minus
1033 5715 1081 5759 et
1132 5723 1305 5761 vocem
1358 5708 1551 5761 mulier
1607 5708 1816 5775 captiva
1876 5717 2083 5775 repente

679 5774 908 5828 Sustulit
934 5776 1227 5831 inclamans
1251 5780 1509 5846 penetrali
1546 5780 1595 5831 in
1622 5774 1763 5843 sede,
1786 5777 1873 5831 ubi
1898 5774 2113 5832 stabant

2288 3309 2394 3361 τῶι
2422 3309 2851 3380 ἀπεσταλμένων
2911 3312 3082 3381 άγίων
3137 3315 3386 3383 ἀγγέλων
3415 3316 3752 3387 ποιήσασθαι
3775 3319 3865 3388 τὴν

2288 3400 2468 3465 ἔξοδον
2502 3403 2595 3454 καὶ¹
2622 3402 2722 3471 τὴν
2750 3401 3038 3457 διάστασιν
3062 3405 3162 3476 τῆς
3192 3405 3374 3476 ψυχῆς
3402 3408 3465 3459 ὲκ
3491 3408 3588 3461 τοῦ
3623 3408 3862 3479 σώματος

2287 3491 2487 3563 ὁρῶσιν
2517 3493 2713 3557 αὐτοὺς
2751 3498 2807 3550 ai
2850 3494 3150 3565 βλέπουσαι
3199 3498 3358 3568 κόραι
3386 3498 3455 3552 τά
3480 3500 3720 3571 αίσθητά
3747 3504 3863 3571 πρὶν

2291 3585 2592 3658 αἰσθητῶς,
2621 3588 2717 3641 νῦν
2752 3590 2961 3661 νοητῶς
2986 3607 3002 3622 ·
3052 3592 3147 3645 καὶ
3184 3590 3396 3661 θάμϐος
3436 3592 3610 3657 αὑτάς
3660 3594 3863 3663 λαμϐἁο

2292 3696 2372 3732 νει
2410 3679 2501 3733 διά
2528 3680 2627 3752 τὴν
2664 3683 3039 3754 προκειμένην
3075 3684 3328 3756 πορείαν,
3363 3686 3430 3757 ῆν
3451 3685 3611 3739 οὔπω
3658 3688 3749 3739 καὶ
3777 3686 3863 3757 μέ-

2289 3788 2382 3842 χρι
2420 3772 2543 3825 τότε
2570 3773 2892 3842 διέγνωσαν.
2943 3775 3117 3830 Τοῦτο
3171 3778 3280 3848 γάρ
3339 3779 3621 3849 ἐσήμανεν
3680 3780 3861 3837 εἰπὼν.

2298 3882 2315 3914 ι
2353 3863 2460 3917 Καί
2494 3881 2557 3933 γε
2582 3866 2691 3918 ἀπὸ
2707 3865 2874 3935 ὕψους
2911 3866 3156 3936 ὄψονται,
3183 3869 3278 3921 καὶ
3306 3868 3513 3937 θαμϐοἰ
3536 3870 3596 3921 ὲν
3625 3873 3687 3939 τῇ
3704 3870 3824 3939 ὁδῷ,
3843 3892 3858 3920 ι

2288 3955 2572 4007 τουτέστιν
2617 3955 2838 4024 ὄψονται
2884 3957 3011 4020 τοὺς
3072 3958 3523 4027 ἀπεσταλμένους
3587 3960 3681 4011 καὶ
3737 3976 3863 4012 κατ-

2290 4046 2622 4116 εληλυθότας
2653 4048 2714 4114 ἐξ
2736 4048 2930 4119 ὕψους,
2973 4052 3071 4105 καὶ
3102 4050 3303 4119 θάμϐει
3335 4052 3432 4104 καὶ
3494 4050 3709 4122 δείματι
3772 4070 3859 4105 συ·

2294 4139 2873 4213 σχεθήσονταιδιάτὴν
2898 4142 3148 4214 ἀσυνήθη
3186 4143 3282 4196 καὶ
3311 4143 3619 4212 παράδοξον
3648 4145 3797 4198 θέαν.

2206 4369 2254 4429 1)
2363 4369 2677 4423 Marmorea:
2714 4369 2876 4422 moles
2909 4370 3210 4440 itundendis
3263 4370 3505 4439 frugibus
3533 4383 3688 4440 aptae.

2362 4441 2508 4505 Quas
2538 4441 2756 4512 famula:
2772 4439 3025 4510 urgebant
3052 4441 3292 4504 bisseme,
3329 4439 3573 4512 frangere
3616 4458 3812 4512 semper

2362 4512 2430 4565 Et
2460 4527 2688 4565 cererem
2711 4511 2902 4580 jussit,
2940 4512 3125 4563 baccas
3155 4526 3201 4562 et
3226 4513 3435 4581 pinguis
3459 4511 3623 4567 'olivi.

2357 4582 2585 4651 Jamque
2617 4581 2741 4634 alia:
2771 4582 2942 4649 pensis
2982 4581 3245 4648 defuncta'
3270 4599 3493 4650 corpora
3534 4599 3717 4636 somno
3744 4598 3757 4611 ·

2359 4653 2517 4706 Fessa
2544 4652 2744 4704 dabant
2775 4668 2793 4716 ;
2828 4652 2988 4704 sociis
3018 4660 3221 4702 tantum
3258 4652 3370 4705 Iure
3399 4668 3465 4707 ea:
3485 4656 3728 4707 omnibus
3760 4670 3857 4705 una

2376 4722 2547 4791 Λίθνα
2579 4723 2748 4790 magis
2767 4761 2782 4784 ,
2812 4724 3031 4774 necdum
3072 4736 3281 4774 cessans
3312 4764 3326 4789 ,
3354 4724 3639 4778 revolubile
3679 4739 3858 4777 scunt

2360 4794 2656 4855 Continuit,
2691 4792 2972 4860 laetumque
3019 4806 3167 4844 omen
3192 4792 3271 4843 sic
3317 4794 3484 4847 edidit
3516 4810 3607 4847 ore
3638 4811 3655 4849 :

2363 4864 2408 4917 0
2450 4864 2610 4933 regis,
2652 4873 2757 4915 etc.

2289 4933 2480 4997 Vides,
2516 4932 2752 5000 'opinor,
2786 4947 2951 5005 quam
2983 4948 3177 5005 parum
3210 4932 3325 4986 haec
3363 4932 3433 5005 ab
3464 4933 3531 4990 iis
3555 4936 3859 5005 discrepent

2290 5020 2412 5076 qua:
2460 5005 2625 5057 modo
2648 5018 2713 5076 cx
2773 5001 3027 5071 Gregorii
3079 5002 3543 5076 Neoczesariensis
3603 5001 3859 5076 inter-pre.

2291 5075 2498 5128 latione
2533 5074 2821 5128 retulimus
2853 5091 2865 5126 :
2918 5074 3273 5143 utsuspicari,
3298 5072 3477 5139 liceat,
3518 5072 3855 5130 Salomoiiem

2291 5155 2453 5213 atque
2478 5143 2797 5205 Homerum,
2842 5142 2935 5211 qui
2964 5142 3204 5213 aequales
3256 5142 3444 5216 fuisse,
3473 5156 3763 5216 putantur,
3812 5147 3855 5197 in

2290 5215 2669 5268 communium
2739 5225 3043 5282 temporum
3122 5214 3524 5271 consuetudine
3578 5216 3855 5272 delibanda

2292 5285 2666 5339 consensisse.

2365 5356 2475 5425 (51)
2500 5354 2752 5422 Aquilam
2786 5352 2983 5426 Noster
3014 5357 3167 5426 sequi
3203 5355 3441 5421 videtur,
3474 5371 3600 5411 cum
3644 5364 3853 5411 senten-

2186 5469 2195 5483 .
2293 5426 2425 5479 tiam
2473 5426 2797 5479 Hebraicam
2863 5425 2952 5478 ille
3002 5425 3106 5480 sici
3141 5428 3375 5495 reddat:
3412 5428 3521 5479 Καὶ
3576 5426 3852 5495 κλιθήσον-

2291 5514 2383 5550 ται
2412 5498 2590 5550 πάντα
2614 5496 2683 5547 τά
2709 5496 2809 5563 τῆς
2832 5494 2977 5565 ῲδῆς
2995 5514 3011 5527 ·
3046 5497 3161 5550 sive
3185 5514 3196 5549 :
3237 5494 3303 5547 Et
3328 5494 3737 5550 inclinabunmr
3756 5510 3852 5547 ont-

2294 5569 2383 5621 nia
2411 5583 2529 5637 qua:
2554 5567 2622 5618 ad
2654 5578 2871 5620 cantum
2899 5567 3125 5634 faciunt.
3163 5567 3233 5620 At
3294 5568 3541 5637 plerique
3601 5567 3851 5621 recentio-

2293 5653 2413 5691 rum
2456 5638 2665 5707 pncllas
2693 5638 2965 5691 cantrices
2992 5638 3279 5707 designari
3314 5646 3665 5707 putaverunt,
3692 5647 3851 5702 neque

2295 5723 2457 5762 secus
2486 5706 2945 5765 Neocaesariensis
2972 5706 3291 5778 Gregorius,
3326 5708 3490 5777 cujus
3518 5708 3683 5779 paulo
3740 5713 3851 5761 ante

2292 5780 2461 5834 verba
2490 5780 2799 5833 retulimus.
