3934 6506
72 352 219 417 1157

1162 350 1245 410 ΙΝ
1280 346 1864 409 ECCLESIASTEN.
1896 371 1973 401 η-
2014 347 2163 408 LIB.
2196 347 2268 406 X.

3233 346 3371 412 1158

148 460 229 512 ’0
262 460 332 513 δέ
360 474 517 529 φησι,
541 474 561 507 ι
603 456 715 512 Καὶ
740 455 967 526 ἀνθήσει
994 455 1056 509 τὸ
1082 455 1423 525 ἀμύγδαλον,
1455 456 1551 509 κα)⁵
1575 473 1682 509 πα-

1861 454 2018 521 Quod
2054 464 2239 509 autem
2296 452 2374 508 ait
2410 473 2423 510 :
2484 473 2502 506 ι
2562 453 2628 509 Ει
2673 454 2887 511 llorebit
2921 457 3293 529 amygdalum,
3320 474 3375 518 ct

65 547 432 618 χυνθήσεται
466 549 499 619 ή
535 546 718 618 ἀκρίς,
747 548 844 600 καὶ
880 546 1404 617 διασκεδασθήσεται
1460 548 1496 617 ή
1535 546 1686 599 κάπ-

67 658 289 712 παρις,
338 659 359 692 ι
392 640 494 710 τήν
519 639 907 710 ἀμαρτητικήν
939 639 1035 692 τοῦ
1064 638 1182 710 βίου
1211 638 1404 692 τούτου
1458 639 1687 710 πικρίαν

66 730 401 800 παρελθεῖν
424 732 725 783 αἰνίττεται
754 729 844 784 διὰ
871 728 972 800 τῆς
1003 730 1367 801 καππάρεως.
1386 731 1551 784 Φύσει
1578 730 1688 800 γάρ

65 824 134 877 τὸ
163 824 358 894 φυτὸν
388 822 550 875 τοῦτο
582 821 782 893 πικρὸν
822 823 917 878 καὶ
945 822 1255 887 ἀκανθῶδές
1274 824 1391 876 ἐστι
1421 822 1517 875 καὶ
1548 822 1687 894 πλῆ-

75 931 175 983 ρες
216 912 451 982 ἀηδίας,
484 914 531 965 εί
562 912 657 966 καί
689 930 802 966 τισι
848 916 1223 977 κατασκευαῖς
1282 913 1690 984 μεταϐέϐληται

72 1004 229 1074 πρὸς
259 1004 473 1075 ἐδωδήν
497 1000 655 1069 αὖθις
683 1006 797 1067 τοῖς
823 1005 1168 1061 ἀσθενοῦσιν.
1218 1005 1505 1077 ’Δνθήσειν
1546 1006 1603 1058 δὲ
1630 1005 1691 1059 τὸ

72 1095 444 1164 ἀμύγδαλον,
482 1096 579 1150 καὶ
607 1095 1060 1168 παχυνθήσεσθαι
1088 1097 1189 1168 τὴν
1217 1098 1420 1168 ἀκρίδα
1488 1102 1689 1169 φήσας,

74 1188 142 1240 τὸ
188 1188 589 1258 πνευματικὸν
625 1188 720 1241 καὶ
752 1189 944 1259 νοητὸν
974 1189 1077 1261 ἔαρ
1102 1191 1548 1267 καταλαμϐάνειν
1594 1192 1693 1255 τὰς

76 1279 199 1332 τῶν
236 1280 478 1333 δικαίων
517 1280 698 1349 ψυχὰς
731 1280 874 1351 μετὰ
901 1281 1002 1351 τῆς
1036 1282 1324 1353 παρούσης
1386 1282 1536 1353 ζωῆς
1592 1284 1692 1350 ἒξ-

79 1372 208 1424 οδον
238 1372 749 1441 προκατήγγειλεν,
779 1374 1127 1442 παρεικάσας
1160 1375 1327 1438 αὑτάς
1360 1377 1480 1439 ταῖς
1505 1375 1693 1446 ἀκρίσι

82 1466 177 1518 διά
209 1465 281 1519 τὸ
312 1464 411 1518 τοῦ
439 1464 581 1529 ζὼου
622 1463 826 1536 πτηνδν
868 1466 963 1518 καὶ
995 1466 1230 1537 σφοδρὸν
1280 1466 1419 1536 πρὸς
1474 1466 1696 1537 ἀναιρε-

80 1554 263 1624 τικὴν
296 1553 591 1625 ἐνέργειαν
613 1553 723 1606 τῶν
752 1546 937 1625 ὧνπερ
967 1554 1034 1607 ἂν
1059 1556 1087 1607 ὁ
1114 1554 1462 1625 Δημιουργδς
1502 1554 1697 1625 βουλη-

84 1646 242 1716 θείη.
278 1644 523 1715 Τοιαύτη
565 1644 623 1697 δὲ
654 1645 753 1698 καὶ
786 1646 937 1698 πᾶσα
967 1644 1115 1715 ψυχὴ
1139 1645 1249 1698 τῶν
1275 1646 1503 1699 δικαίων
1546 1646 1696 1700 ἐστὶν

83 1740 433 1811 ἀναιροῦσα,
468 1741 561 1794 καὶ
584 1738 943 1811 καταργοῦσα
973 1741 1155 1806 πάσας
1186 1740 1287 1805 τάς
1342 1741 1696 1813 ἀσυμφόρους

84 1831 385 1896 διαθέσεις
415 1833 517 1903 τῆς
548 1831 753 1896 κακίας
781 1831 924 1902 μετὰ
952 1830 1051 1903 τήν
1078 1833 1143 1886 ὲκ
1166 1831 1276 1885 τῶν
1308 1830 1543 1885 ἐνταῦθα
1595 1850 1693 1903 με·

84 1927 399 1983 τάστασιν.
437 1924 549 1978 Καὶ
579 1926 648 1995 τῇ
673 1923 903 1994 ἀνθήσει
930 1922 985 1977 δὲ
1019 1921 1115 1977 τοῦ
1146 1923 1464 1995 ἀμυγδάλου
1500 1924 1694 1994 παρεί-

87 2034 238 2071 κασε
267 2017 375 2080 τάς
402 2015 651 2087 καθαρὰς
680 2015 859 2085 ψυχὰς
890 2015 986 2068 καὶ
1010 2015 1321 2085 φωτοειδεῖς
1347 2016 1567 2069 ’λευκὸν
1590 2016 1697 2088 γὰρ

88 2109 191 2163 τοῦ
230 2108 560 2181 ἀμυγδάλου
592 2107 655 2161 τὸ
697 2107 880 2172 ἀνθος,
938 2107 1035 2159 καὶ
1088 2108 1308 2178 πρῶτον
1370 2108 1693 2176 γινόμενον,

93 2202 251 2256 κατά
287 2200 383 2254 τὸν
414 2199 610 2271 καιρὸν
638 2198 888 2269 δηλονότι
910 2198 1008 2251 τοῦ
1038 2197 1219 2267 ἔαρος.
1263 2196 1322 2250 '0
1349 2200 1405 2252 δὲ
1463 2215 1697 2269 παρεισ-

92 2289 347 2359 κέκρικε
379 2287 467 2341 διά
509 2288 675 2357 μέσου
715 2286 826 2339 τῶν
850 2286 1076 2357 στίχων,
1112 2303 1130 2337 ι
1166 2287 1277 2340 Καὶ
1325 2288 1700 2357 ἀναστήσεται

94 2376 179 2439 εἰς
210 2373 412 2445 φωνὴν
445 2373 542 2428 τοῦ
578 2373 885 2444 στρουθίου,
934 2392 953 2426 ι
987 2370 1141 2445 οἴμαι
1170 2376 1270 2446 τήν
1300 2375 1569 2447 νέκρωσιν
1602 2376 1700 2445 τῆς

96 2466 469 2537 ἀνθρωπίνης
497 2464 716 2535 φύσεως
748 2467 806 2517 ὲν
834 2464 1019 2536 ταυτῷ
1072 2465 1526 2537 καθυπογράφειν
1581 2467 1701 2539 ἀμα

97 2559 198 2611 καὶ
254 2556 631 2629 συνημμένως
664 2555 1169 2628 προκαταγγέλλειν
1199 2558 1294 2610 καὶ
1331 2556 1431 2628 τήν
1470 2559 1701 2611 ἀνάστα-

99 2663 213 2712 σιν,
250 2648 292 2717 ῆ
312 2647 609 2718 γενήσεται
643 2645 790 2699 κατά
810 2646 904 2699 τδν
929 2647 1124 2717 καιρὸν
1184 2647 1284 2716 τῆς
1315 2646 1554 2718 ἐσχάτης
1603 2647 1701 2701 καὶ

96 2740 433 2802 τελευταίας
455 2739 671 2809 ἡμέρας
687 2754 700 2767 ⁸
717 2739 847 2791 ὃταν
864 2740 898 2809 ή
915 2738 1295 2809 άρχαγγελικὴ
1316 2738 1558 2807 σάλπιγξ
1583 2758 1699 2809 φω-

98 2832 270 2905 νήσῃ,
316 2850 335 2883 ι
371 2831 468 2884 καὶ
496 2832 545 2884 οἱ
582 2831 767 2901 νεκροὶ
799 2830 1104 2900 ὲγερθῶσιν
1139 2830 1410 2902 ἄφθαρτοι
1438 2850 1455 2881 ι
1500 2830 1700 2893 πάντες

100 2924 151 2973 οἱ
174 2922 281 2975 ἀπ’
302 2921 524 2986 αἰῶνος.
555 2921 850 2992 Στρουθίου
880 2921 991 2992 γὰρ
1013 2921 1197 2992 φωνὴν
1226 2922 1321 2975 τοῦ
1353 2921 1699 2993 ἀρχαγγέλου

102 3012 205 3083 τὴν
231 3012 632 3084 προκατηγγελ
639 3013 809 3083 μένην
828 3012 923 3065 κα)⁵
938 3029 1117 3084 προκη
1127 3030 1288 3084 ρυττο
1296 3014 1467 3084 μένην
1481 3013 1701 3082 σάλπιγ

101 3122 177 3172 γα
200 3107 627 3176 προσηγόρευσε
644 3106 732 3160 διὰ
756 3105 818 3158 τὸ
836 3104 1040 3175 κοῦφον
1068 3108 1167 3176 τῆς
1187 3105 1319 3169 ῐσως
1332 3107 1587 3176 πτήσεως
1605 3105 1701 3159 καὶ

1790 548 2111 617 pinguescet
2145 546 2387 615 locusta,
2419 556 2475 601 et
2500 548 2862 618 dissipabitur
2883 552 3160 621 capparis,
3196 571 3215 605 ι
3249 570 3377 625 eap-

1789 641 1938 709 paris
1969 640 2190 709 quidem
2228 642 2452 696 nomine
2484 640 2809 713 ﬂagitiosum
2856 644 2982 700 vitae
3015 645 3183 715 hujus
3215 662 3375 703 acer-

1792 732 2018 787 bitatem
2043 734 2447 803 praeterituram
2481 735 2778 806 signiﬁcat.
2802 734 3008 791 Natura
3026 740 3170 792 enim
3195 738 3378 795 frutex

1791 822 1884 878 ille
1914 825 2149 880 acerbus
2199 834 2254 879 et
2286 825 2461 895 spinis
2499 826 2713 883 obsitus
2769 838 2855 883 est
2911 837 3075 899 atque
3114 830 3379 887 molestiae

1792 915 2013 985 plenus,
2082 932 2400 987 quanquam
2461 919 2964 989 compositionibus
3045 924 3378 991 quibusdam

1793 1008 2015 1078 aegrotis
2040 1017 2271 1078 paratur
2302 1020 2490 1080 postea
2532 1012 2586 1065 in
2633 1027 2788 1066 esum
2845 1013 2983 1085 (32).
3021 1016 3158 1069 Cum
3194 1026 3377 1072 autem

1799 1096 1920 1151 fore
1942 1100 2101 1163 dixit,
2135 1110 2195 1152 ut
2225 1100 2573 1170 amygdalum
2599 1100 2788 1156 ﬂoreat
2820 1112 2875 1157 et
2905 1105 3113 1159 locusta
3148 1106 3383 1174 pingue-

1795 1199 1936 1256 seat,
1979 1192 2227 1245 futurum
2293 1194 2704 1262 praenuntiavit,
2760 1203 2817 1248 ut
2868 1196 3145 1265 justorum
3186 1198 3384 1253 anima

1797 1292 1921 1351 post
1951 1284 2241 1353 praesentis
2270 1284 2397 1340 vita:
2425 1286 2634 1339 exitum
2670 1302 2801 1341 vere
2832 1288 3117 1357 potiantur
3146 1290 3379 1358 spiritali

1796 1389 1863 1428 ac
1900 1375 2147 1443 cmlesti;
2180 1391 2388 1446 easque
2418 1378 2651 1433 locustis
2681 1380 3045 1450 comparavit,
3086 1382 3231 1451 quod
3258 1381 3381 1437 ani-

1796 1467 1906 1521 mal
1932 1468 2158 1523 volucre
2180 1468 2272 1535 sit,
2308 1478 2364 1523 et
2406 1485 2606 1539 magna
2649 1470 2907 1526 violentia
2960 1473 3171 1527 feratur
3196 1473 3263 1528 ad
3315 1488 3379 1529 ea

1796 1563 2173 1631 destruenda,
2227 1580 2577 1635 quaecunque
2633 1581 2887 1623 summus
2941 1580 3134 1623 auctor
3191 1568 3382 1626 volue-

1799 1656 1871 1709 rit
1897 1656 2033 1725 (35).
2062 1654 2217 1711 Talis
2245 1657 2412 1727 280
2437 1673 2569 1712 vero
2598 1667 2653 1712 et
2684 1659 2867 1714 omnis
2897 1660 3081 1714 anima
3106 1659 3382 1730 justorum

1801 1758 1906 1813 est,
1944 1765 2068 1820 qum
2098 1759 2389 1821 postquam
2433 1750 2562 1805 inde
2592 1749 2937 1817 discesserit,
2967 1751 3162 1806 noxias
3190 1766 3387 1808 omnes

1802 1842 2061 1910 nequitiae
2082 1841 2402 1896 aﬁ‘ectiones
2424 1842 2645 1911 perimit
2663 1852 2833 1912 atque
2858 1842 3059 1897 abolet.
3082 1844 3386 1915 Amygdalo

1798 1944 1980 1987 autem
2009 1933 2372 1987 elllorescenti
2398 1933 2727 1987 assimilarit
2752 1950 2921 2003 puras
2942 1936 3159 1991 animas
3183 1946 3234 1991 et
3265 1938 3387 1991 luce

1798 2024 2167 2092 splendentes.
2200 2023 2374 2079 Albus
2409 2025 2555 2080 enim
2599 2026 2874 2095 amygdali
2908 2025 3008 2079 ﬂos
3048 2037 3151 2087 est.
3178 2036 3233 2081 et
3271 2028 3385 2097 pri-

1797 2131 1946 2182 mus,
1976 2116 2121 2171 veris
2160 2115 2371 2171 scilicet
2401 2125 2666 2185 tempore,
2702 2129 2948 2187 apparet.
2979 2119 3050 2172 At
3080 2134 3210 2173 vero
3236 2119 3383 2189 quod

1798 2207 1995 2263 mediis
2049 2207 2304 2262 versibus
2359 2206 2678 2262 interseruit
2720 2225 2735 2265 :
2786 2227 2805 2259 ι
2848 2210 2913 2263 Ει
2969 2221 3265 2282 consurget
3316 2212 3386 2266 ad

1796 2314 1989 2353 vocem
2022 2298 2285 2363 volucris,
2323 2316 2344 2352 ι
2376 2313 2444 2355 eo
2474 2300 2606 2353 mihi
2666 2300 2885 2356 videtur
2918 2301 3084 2357 simul
3130 2302 3387 2358 humanae

1798 2400 2008 2447 naturai
2059 2390 2344 2447 interitum
2410 2391 2745 2455 describere,
2808 2401 2862 2448 et
2922 2396 3384 2451 resurrectionem

1798 2482 2138 2551 coniunctim
2191 2483 2579 2561 praenuntiam,
2644 2499 2767 2553 quae
2817 2484 2996 2539 ultimi
3054 2496 3109 2541 et
3143 2487 3387 2556 supremi

1798 2574 1905 2630 diei
1932 2584 2177 2645 tempore
2224 2574 2409 2630 futura
2448 2584 2552 2642 est,
2596 2590 2722 2630 cum
2766 2577 3084 2645 archangeli
3139 2579 3267 2633 tuba
3305 2579 3391 2634 ia-

1798 2666 2141 2733 clamaverit,
2183 2685 2202 2718 ι
2238 2674 2292 2722 et
2344 2667 2544 2722 mortui
2592 2680 2885 2737 resurgent
2925 2671 3229 2741 incorrupti
3262 2672 3329 2733 “.
3364 2690 3386 2726 ι

1798 2777 1994 2814 omnes
2030 2760 2125 2829 qui
2156 2776 2184 2813 a
2217 2759 2420 2815 saeculo
2445 2759 2671 2816 fuerint.
2712 2760 2971 2817 Volueris
3015 2763 3161 2819 enim
3202 2779 3389 2820 vocem

1799 2850 2092 2920 appellavit
2112 2851 2533 2919 praenuntiatam
2552 2852 2702 2907 illam
2722 2860 2773 2909 et
2793 2854 3139 2923 praedicatam
3154 2858 3392 2912 archan-

1800 2942 1901 3013 gcli
1960 2942 2148 2995 tubam
2202 2942 2273 2995 ob
2307 2942 2602 3007 levitatem,
2652 2942 2874 3013 opinor,
2910 2946 3126 3002 volatus
3153 2957 3209 3001 et
3242 2950 3393 3018 puri-

1802 3044 1966 3088 tatem
2001 3037 2126 3088 vita:
2148 3034 2279 3104 (54).
2313 3034 2639 3104 Hujusmodi
2669 3046 2853 3091 autem
2880 3038 3390 3110 interpretationem

1730 3161 1773 3219 ϐ
1806 3126 1875 3182 iis
1904 3127 2068 3180 etiam
2114 3126 2425 3195 conﬁrmat,
2466 3144 2591 3199 quze
2624 3132 2877 3201 protinus
2925 3145 3255 3204 sequuntur.
3302 3135 3395 3190 Ait

106 3197 362 3270 καθαρὸν
394 3201 452 3253 ὲν
474 3197 729 3262 διαίταις.
750 3197 1109 3269 Παρεμπεδοῖ
1130 3197 1304 3270 δὲτὴν
1322 3198 1581 3271 τοιαύτην
1610 3200 1703 3252 ὲκ-
1731 3196 1773 3219 ν
1809 3218 1955 3273 enim
1997 3236 2010 3272 ε

104 3287 279 3361 δοχὴν
312 3291 415 3345 κα)⁵
472 3290 561 3345 διὰ
592 3290 703 3344 τῶν
722 3289 947 3361 ἀμέσως
981 3291 1285 3362 ἑπομένων.
1313 3290 1452 3363 Φησὶ
1481 3291 1588 3363 γάρ
1612 3307 1627 3321 ’

1706 3402 1844 3459 νιιι.

182 3498 311 3550 Ὅτι
340 3496 639 3565 ἐπορεύθη
675 3494 989 3565 ἄνθρωπος
1016 3498 1105 3563 εις
1130 3492 1303 3550 οἷκον
1335 3495 1554 3563 αιῶνος
1599 3404 1708 3549 a3-

109 3588 242 3653 τοῦ,
277 3588 387 3642 καὶ
414 3588 778 3642 ἐκύκλωσαν
814 3587 885 3641 ἐν
934 3588 1180 3658 ἀγοραῖς
1238 3592 1293 3643 oi
1323 3589 1698 3658 κοπτόμενοι,

1814 3590 1883 3643 tis
1927 3604 2059 3651 saw,
2088 3596 2138 3641 et
2172 3588 2493 3641 circuierunt
2523 3603 2616 3656 per
2664 3588 2786 3657 [ora
2816 3591 3122 3659 plangentes
3152 3606 3172 3643 :
3210 3606 3399 3661 usque-

109 3682 223 3749 ἓως
253 3677 330 3737 οὗ
359 3680 446 3750 μὴ
478 3679 796 3760 ἀνατραπῇ
832 3683 1113 3751 σχοινίον
1136 3682 1243 3736 τοῦ
1272 3683 1582 3752 ἀργυρίου,
1606 3682 1698 3734 καὶ

1810 3697 1915 3751 quo
1960 3696 2066 3733 non
2094 3688 2362 3732 evertatur
2409 3679 2683 3746 [amiculus
2714 3683 2943 3749 argenti,
2996 3690 3046 3732 et
3091 3690 3399 3734 conteratur

1884 3493 2052 3549 Vsus.
2096 3494 2147 3549 5.
2186 3492 2452 3559 Quoniam
2478 3495 2573 3549 ivit
2608 3494 2764 3550 Itonto
2795 3495 2851 3549 in
2885 3494 3101 3549 domum
3132 3497 3399 3553 teternita-

112 3773 416 3842 συντριϐῇ
454 3774 521 3828 τὸ
550 3774 840 3844 ἀνθέμων
864 3776 971 3832 τοῦ
1007 3778 1293 3847 χρυσίου,
1324 3778 1424 3832 καὶ
1459 3793 1703 3843 συντρι-

189 3890 235 3922 ²⁸
269 3886 288 3941 l
323 3887 457 3942 Cor.
492 3903 586 3954 xv,
621 3888 711 3943 52.

184 3980 307 4047 ('52)
342 3977 537 4034 Varios
568 3980 825 4049 capparis
865 3980 1095 4049 parandi
1141 3979 1339 4049 modos
1372 3986 1434 4049 et
1480 3992 1710 4048 magnos

114 4049 167 4103 in
203 4048 485 4119 medicina
510 4047 653 4104 usus
677 4047 969 4105 enumerat
1001 4049 1216 4104 Plinius
1250 4048 1347 4119 (Il.
1384 4047 1459 4103 Ν.
1484 4047 1594 4119 ιιι).
1616 4064 1710 4113 xx,

113 4134 162 4172 c.
201 4118 295 4185 15)
333 4136 347 4171 :
399 4137 418 4170 ι
458 4117 736 4187 Dentium,
771 4120 972 4188 inquit,
1002 4121 1224 4176 dolores
1262 4117 1440 4172 sedat
1516 4118 1708 4171 tritum

112 4205 177 4241 es
218 4198 381 4243 aceto
414 4204 604 4243 semen
657 4190 941 4243 decoctum
1004 4190 1089 4244 vel
1153 4189 1480 4242 manducata
1532 4189 1707 4243 radix.

117 4257 436 4312 lni'unditur
463 4266 518 4312 et
552 4260 769 4312 aurium
796 4259 970 4313 dolori
1010 4261 1298 4313 decoctum
1333 4261 1475 4312 oleo.
1547 4258 1710 4312 Ulce-

117 4342 200 4393 ra,
240 4343 367 4396 qua:
396 4328 755 4397 phagedarnas
790 4339 1006 4392 vocant,
1038 4330 1167 4384 l'olia
1202 4339 1258 4383 et
1318 4329 1471 4382 radis
1513 4343 1706 4383 recens

115 4413 244 4450 tum
287 4398 447 4451 melle
476 4407 695 4453 sanant.
735 4397 826 4451 Sic
866 4408 921 4452 et
954 4413 1194 4454 strumas
1265 4399 1491 4453 discutit
1550 4400 1700 4451 radix

1811 3772 2063 3840 ﬂosculus
2084 3771 2228 3831 auri,
2252 3780 2301 3824 et
2332 3782 2638 3824 conteratur
2659 3771 2856 3841 hydria
2885 3786 3041 3839 super
3070 3781 3268 3826 terram
3297 3788 3316 3827 :
3346 3784 3395 3827 et

1817 3976 2066 4039 ehartus,
2094 3984 2233 4030 etes
2260 3992 2327 4032 eo
2359 3976 2642 4034 Svicerus.
2688 3977 2792 4033 Sed
2849 3989 3029 4036 tamen
3087 3979 3395 4037 Bochartus
3502 4012 3503 4015 η

1819 4046 1963 4120 idem
1999 4046 2479 4120 aliapertractans
2510 4048 2755 4107 lflieroz.
2792 4065 2847 4117 p.
2879 4066 2936 4114 ιι,
2973 4067 3093 4120 cap.
3124 4050 3201 4115 8),
3266 4067 3391 4105 eum

1819 4116 1964 4169 hunc
1999 4115 2343 4170 Ecclesiastes
2371 4120 2550 4172 locum
2573 4115 2869 4186 attigisset;
2901 4130 2958 4174 et
3008 4115 3281 4175 Arabibus
3335 4138 3395 4177 se

1816 4185 2076 4259 didicisse
2119 4185 2197 4239 ait
2233 4187 2376 4242 istud
2410 4198 2517 4248 nan
2555 4185 2867 4255 signiﬁcare
2904 4191 3069 4245 etiam
3111 4191 3391 4259 geminum

1816 4255 2260 4329 fetnoris_caput,
2294 4260 2439 4326 quod
2463 4260 2758 4329 anatomici
2787 4261 3063 4329 appellant
3115 4255 3394 4329 Ἆμψικέο

1815 4324 1987 4401 φαλον
2016 4344 2029 4378 :
2055 4325 2182 4401 inde
2207 4324 2347 4401 vero,
2367 4344 2492 4381 cum
2528 4324 2885 4397 ingredientis
2937 4331 3163 4401 incipiat
3191 4324 3392 4396 motus,

1816 4396 2012 4470 merito
2035 4396 2103 4449 de
2141 4411 2270 4470 sene
2300 4400 2506 4451 dictum
2543 4396 2687 4463 esse,
2725 4408 2775 4470 et
2809 4396 3133 4470 pinguescet,
3192 4401 3243 4453 id
3287 4412 3393 4462 est.

119 4468 412 4534 parotidas
440 4468 878 4557 vermiculpsque
911 4480 1065 4557 cocta
1098 4470 1150 4523 in
1201 4484 1364 4557 aqua.
1433 4468 1705 4549 Jecinoris
1739 4499 1785 4557 ο
1813 4467 2132 4557 ingrarescret
2152 4466 2373 4532 locusta,
2406 4466 3007 4557 nem‘pelsenisfenit't‘r,
3041 4485 3097 4526 ut
3116 4486 3259 4551 atgre
3305 4488 3398 4526 vc-

115 4553 344 4605 quoque
373 4538 532 4592 malis
596 4538 869 4592 medetur.
950 4538 1090 4593 Dant
1154 4548 1208 4594 et
1267 4540 1334 4592 ad
1396 4540 1586 4592 nenias
1652 4540 1703 4592 in

117 4617 278 4662 aceto
306 4616 363 4661 et
390 4608 573 4662 melle.
620 4627 639 4659 ι
683 4608 802 4661 Alia
839 4608 1177 4677 hujusmodi,
1216 4608 1262 4662 si
1296 4611 1431 4662 tanti
1460 4618 1564 4670 est,
1603 4609 1709 4661 ibi-

120 4680 247 4748 item
282 4678 576 4748 invenies:
642 4680 892 4747 quzrdam
954 4689 1008 4748 et
1056 4680 1252 4733 Celsus
1312 4680 1707 4748 suppeditabit.

117 4745 284 4800 Plura
319 4747 493 4802 διαςσί
526 4745 877 4803 Dioscorides
907 4758 959 4801 et
982 4747 1243 4803 Galenus.

190 4818 311 4886 (33)
351 4820 692 4872 Athanasius
720 4822 787 4871 ad
818 4818 1062 4888 Mattbaei
1087 4835 1213 4888 cap.
1248 4833 1329 4882 ιιι,
1357 4833 1412 4870 v.
1447 4818 1502 4870 4.
1534 4814 1589 4869 In
1644 4833 1709 4869 eo

120 4903 325 4956 nempe
359 4888 784 4953 commentario,
846 4890 941 5011 qtti
982 4904 1011 4942 a
1048 4887 1464 4943 Montl‘auconio
1524 4888 1708 4943 editus

120 4967 199 5009 rst
237 4970 249 5011 t
287 4955 511 5011 Collect.
545 4975 662 5011 nov.
697 4967 828 5011 tom.
891 4960 928 5011 1.
968 4974 1021 5011 ι).
1052 4959 1169 5011 27).
1196 4975 1318 5011 cum
1354 4960 1420 5011 de
1477 4956 1708 5011 Joannis

116 4967 199 5027 est
237 4955 511 5022 (Collect.
545 4975 662 5012 nov.
697 4967 828 5014 tom.
866 4955 928 5021 ll,
968 4974 1021 5027 p.
1052 4959 1169 5021 27),
1196 4975 1318 5012 cum
1354 4960 1420 5012 de
1477 4956 1708 5012 Joannis

118 5024 378 5098 Baptista:
402 5028 643 5098 silvestri
665 5029 808 5082 victu
836 5024 1042 5097 ageret,
1061 5032 1219 5098 cujus
1236 5044 1361 5082 esca
1375 5038 1492 5082 erat
1518 5028 1702 5098 Ἀκρί-

117 5096 205 5156 δες
239 5099 339 5168 καὶ
371 5097 493 5163 μέλι
515 5099 730 5168 ἄγριον,
766 5096 971 5153 εινιέιιι
994 5109 1077 5153 est
1108 5096 1160 5152 in
1196 5099 1464 5168 vulgatis,
1490 5096 1708 5151 locusta:

116 5175 166 5239 et
207 5166 312 5217 mel
360 5166 602 5221 silvestre
629 5168 741 5239 ha'c
762 5171 910 5223 addit
944 5188 956 5223 :
992 5169 1117 5222 ’Ότι
1169 5169 1226 5239 δὲ
1261 5166 1356 5220 καὶ
1386 5167 1467 5239 [ἡ]
1506 5168 1704 5239 βοτάνη

116 5234 201 5297 τίς
223 5239 377 5311 ἐστιν
412 5239 587 5311 ἀκρὶς-
636 5238 932 5311 λεγομένη,
973 5238 1283 5311 ὁΑΣολομῶν
1343 5234 1516 5311 ήμᾶς
1562 5234 1706 5311 sise:

117 5320 244 5357 σκει
292 5305 509 5379 λέγωνξ
546 5305 796 5379 ’ᾼνθήσει
826 5305 1254 5379 τδάμύγδαὶζον,
1291 5305 1395 5362 καὶί
1420 5308 1706 5378 παχυνθή-

120 5377 348 5448 σεται-ἠ
376 5376 559 5446 ἀκρίς.
590 5375 645 5430 Id
676 5375 761 5433 est
797 5396 810 5431 :
844 5375 997 5444 Quod
1027 5375 1144 5433 vero
1201 5388 1250 5432 et
1308 5379 1482 5433 herba:
1505 5375 1702 5448 "genus

116 5445 389 5511 quoddam
420 5445 489 5500 sit
530 5448 682 5501 Acris
718 5449 941 5513 dictum,
970 5452 1067 5503 hoc
1089 5448 1343 5503 Salomon
1386 5445 1565 5503 edocth
1620 5448 1702 5501 Itis

115 5515 339 5589 uerbis;
399 5515 635 5589 Flerebit
683 5520 1028 5589 amygdalum
1080 5530 1128 5573 et
1176 5521 1478 5589 pinguescet
1538 5520 1701 5571 acris.

118 5587 289 5653 Atqui
321 5587 431 5640 lucc
462 5587 741 5643 Salomoni
777 5587 1040 5644 chraice
1075 5587 1308 5653 esttam
1352 5590 1557 5642 locusta
1598 5590 1706 5643 sci-

119 5655 271 5730 licet,
300 5671 402 5730 non
429 5658 587 5711 herba
614 5675 631 5713 :
661 5660 927 5730 quidquid
965 5655 1285 5715 demum'de
1313 5658 1543 5715 Joannis
1579 5660 1703 5713 ciho

119 5726 469 5780 sentiendum
496 5732 588 5791 sit,
614 5726 719 5798 qua
767 5726 834 5785 de
860 5746 915 5783 re
952 5733 1115 5784 varia:
1146 5731 1392 5792 Patrum,
1426 5730 1590 5783 varia:
1617 5746 1703 5783 re-

118 5799 428 5850 centiorum
464 5802 743 5855 sententia:
789 5819 801 5854 :
838 5816 975 5871 quas
1024 5803 1238 5872 egregie
1286 5801 1542 5870 exposuit
1598 5799 1702 5851 Iln-

1817 4536 2039 4610 stigium
2075 4536 2478 4610 faccrtLpossit.
2512 4540 2580 4591 At
2611 4538 2731 4610 lege
2751 4540 2827 4595 sis
2858 4550 2912 4595 et
2932 4536 3246 4610 Hieronymi
3302 4558 3397 4595 ex-

1813 4607 2207 4674 planationem.
2244 4605 2435 4661 Totam
2469 4605 3039 4666 contra'Ecclesiastae
3068 4605 3392 4666 sententiam

1815 4686 1971 4750 tropo
1998 4676 2287 4745 explicato,
2308 4679 2388 4732 sic
2418 4680 2653 4750 r‘eddunt
2674 4682 3006 4736 recentiores
3027 4683 3353 4750 interpretes
3379 4700 3391 4733 :

1815 4744 1883 4798 Et
1910 4744 2370 4821 cattescet__caput,
2405 4757 2453 4802 et
2487 4748 2861 4821 debilitabitur
2888 4768 3104 4821 corpus,
3139 4744 3195 4803 ut
3246 4751 3393 4803 locu-

1811 4827 1896 4869 sta
1928 4818 2045 4885 ipsa
2068 4818 2316 4891 insiliens
2348 4819 2495 4891 oneri
2530 4820 2613 4872 illi
2646 4824 2717 4873 sit
2751 4834 2770 4872 .'
2795 4830 2854 4891 et
2879 4818 3149 4891 appetitus
3189 4822 3395 4873 exstin-

1848 4898 2021 4939 uetur.
2058 4887 2189 4953 Quae
2228 4889 2892 4944 senectutisincommoda
2915 4887 3273 4946 recensuerat
3305 4891 3394 4943 ille

1838 4956 2035 5011 )avidis
2076 4958 2279 5026 hospes
2306 4958 2640 5014 Berzellaius
2672 4960 3001 5026 Galaaditcs,
3032 4976 3156 5015 eum
3197 4959 3393 5011 Hiero-

1810 5027 2077 5099 s‘olymam
2098 5030 2399 5083 concedere
2423 5028 2709 5095 julteretur
2742 5030 2912 5091 :Quot
2942 5040 3084 5090 sunt.
3114 5030 3392 5099 inquiens,

1809 5096 1922 5169 dies
1963 5113 2227 5169 annorum
2270 5099 2391 5151 citw
2420 5115 2568 5160 mete,
2603 5110 2661 5151 ut
2699 5102 2981 5153 ascendam
3014 5117 3131 5153 cum
3162 5096 3277 5169 rege
3339 5102 3392 5154 in

1809 5165 2152 5239 Jerusalem?
2176 5168 2560 5237 Octogenarius
2580 5186 2695 5221 sum
2724 5170 2876 5222 hodie
2901 5186 2919 5223 :
2951 5172 3188 5239 nunquid
3219 5165 3391 5238 rigent

1810 5252 1992 5291 sensus
2022 5238 2121 5290 mei
2189 5240 2259 5290 ad
2294 5239 2703 5291 discernendum
2758 5256 2916 5293 suave
2974 5238 3394 5293 aut'antarum?

1810 5306 2213 5380 aut__delectare
2241 5318 2408 5380 potest
2445 5324 2649 5361 servum
2668 5318 2816 5362 luunt
2843 5312 2989 5364 cibus
3021 5323 3069 5365 et
3092 5311 3289 5380 potus?
3317 5311 3395 5363 rel

1809 5378 2001 5451 audire.
2026 5393 2238 5451 possunt
2274 5378 2421 5431 ultra
2450 5395 2625 5451 uocem
2676 5390 2956 5433 cantorum
3009 5378 3165 5451 atque
3204 5390 3396 5433 canta-

1809 5448 2000 5499 tricunt
2020 5445 2281 5517 2(11ch.
2316 5465 2430 5510 χιχ,
2460 5449 2574 5516 54.)

1878 5516 2438 5589 (34)Qui_vulgarem
2491 5534 2714 5573 sensum
2773 5528 3103 5589 sequuntur,
3152 5521 3395 5576 volucris

1807 5601 1939 5642 voce
1970 5587 2306 5662 gallicinium
2339 5589 2636 5662 signiﬁcari
2663 5587 3024 5655 arbitrantur,
3086 5590 3201 5645 sive
3223 5608 3394 5662 quar-

1806 5665 1914 5711 tam
1952 5667 2195 5731 veterum
2224 5660 2487 5729 vigiliam,
2516 5676 2628 5729 quo
2670 5671 2912 5730 tempore
2951 5677 3113 5716 senes
3138 5660 3255 5731 jam
3298 5680 3396 5716 ex-

1806 5728 2122 5804 pergefacti,
2139 5728 2607 5804 ruim’longiorem
2633 5728 2830 5804 capere
2862 5747 3114 5786 somnum
3137 5728 3245 5788 non
3271 5748 3389 5804 pos-

1807 5809 1935 5863 sm,
1978 5800 2183 5869 quietis
2220 5803 2567 5870 impatientes
2592 5803 2791 5857 alecto
2845 5814 3100 5873 surgunt.
