4098 6546
532 358 691 459 ιιδςι

1650 374 1741 448 ‘s.
1782 381 2160 448 GREGORII
2193 384 2706 447 AGRIGENTINI

3683 380 3820 446 1160

528 504 868 563 convolvetur
904 508 1027 557 rota
1066 498 1138 554 ad
1171 499 1333 553 cister
1364 514 1510 566 nam,
1540 505 1589 552 et
1628 505 1917 552 revertetur
1954 497 2125 564 pulvis

2255 494 2305 565 ῗῇ
2336 497 2375 565 ἡ
2405 493 2585 565 ὑδρία
2612 493 2712 549 ἐπὶ
2732 492 2848 573 τὴν
2874 492 2994 563 γῆν
3020 508 3033 522 ·
3052 491 3152 546 καὶ
3186 490 3600 560 συντροχάονει
3632 495 3664 545 ό
3686 510 3819 562 τρο-

528 599 791 653 interram
821 595 959 648 sicut
998 598 1139 656 erat,
1164 599 1215 644 et
1253 589 1479 659 spiritus
1519 590 1805 643 revertitur
1837 588 1906 641 ad
1936 585 2121 652 Deum,

532 691 629 762 qui
659 689 802 745 dedit
838 686 997 740 iitum
1031 682 1171 755 ('55).

607 862 992 922 Clarissimum
1022 864 1108 915 est
1129 866 1184 912 et
1215 857 1475 914 omnibus
1501 856 1878 919 manifestum,
1901 854 2125 911 domum

542 955 789 1009 hominis
829 962 1113 1014 mternam,
1150 949 1203 1003 in
1236 960 1402 1018 quam
1428 949 1475 1005 is
1505 948 1747 1019 perrexit
1771 947 2127 1018 sepulchrum

539 1044 803 1115 appellari
827 1060 841 1096 :
862 1042 1023 1112 281
1046 1054 1112 1094 ac
1135 1040 1332 1095 merito
1357 1039 1771 1110 postdescripta
1796 1037 2130 1108 definitaque

540 1138 693 1207 signa
726 1133 1013 1204 aegrotanti
1046 1140 1101 1186 et
1147 1132 1389 1186 animum
1425 1132 1610 1203 agenti
1633 1141 1690 1187 et
1717 1132 2008 1187 emorienti
2035 1132 2131 1184 ad-

542 1230 718 1283 ditum
759 1240 883 1281 esse
923 1228 1269 1295 sepulcrum,
1295 1225 1347 1278 in
1380 1236 1492 1293 quo
1522 1223 1831 1294 excipiatur
1859 1222 2125 1293 hospitio,

544 1322 625 1373 vel
652 1320 836 1389 potius
853 1318 945 1373 ubi
968 1318 1242 1372 inhabitet
1275 1329 1451 1385 usque
1468 1316 1535 1371 ad
1554 1326 1902 1370 communem
1927 1323 1982 1368 et
2002 1315 2133 1368 uni-

545 1411 817 1467 versalem
868 1409 1370 1471 resurrectionem,
1419 1418 1481 1461 ut
1516 1407 1685 1461 David
1736 1406 2003 1476 propheta
2033 1422 2130 1461 ex-

546 1506 773 1575 pressit,
809 1516 934 1559 cmn
976 1505 1053 1558 ait
1084 1520 1099 1556 :
1136 1519 1156 1554 ι
1198 1500 1324 1556 Haec
1355 1501 1581 1569 requies
1621 1513 1742 1555 mea
1783 1497 1835 1553 in
1868 1500 2130 1554 saeculum

549 1602 761 1666 seculi,
796 1602 888 1655 hic
922 1600 1206 1663 habitabo,
1238 1600 1502 1667 quoniam
1534 1595 1673 1665 elegi
1701 1606 1825 1650 eam
1848 1594 1930 1659 ³⁸;
1970 1612 1988 1647 ι
2030 1594 2132 1649 do-

551 1692 822 1745 micilium
862 1689 1187 1758 signiﬁcans
1238 1692 1685 1752 subterraneum,
1739 1688 1797 1742 in
1841 1688 1988 1757 quod
2038 1686 2131 1744 ubi

550 1784 849 1839 defunctus
878 1783 1045 1837 homo
1077 1783 1329 1852 pervenit
1363 1782 1821 1851 compositusque
1850 1786 1958 1845 est,
1999 1796 2134 1836 con-

2234 589 2345 658 κὸς
2371 588 2474 643 ἐπὶ
2500 586 2610 643 τὸν
2633 585 2891 651 λάκκον,
2942 585 3042 640 καὶ
3078 582 3433 653 ἐπιστρέψει
3458 586 3494 638 ό
3526 580 3681 654 χοῦς
3720 582 3819 639 ἐπὶ

2232 680 2350 749 τὴν
2374 679 2511 752 γῆν,
2540 680 2623 747 ὡς
2654 673 2751 752 ἦν,
2780 680 2879 734 καὶ
2905 678 2974 733 τὸ
3005 676 3248 748 πνεῦμα
3278 672 3637 746 ἐπιστρέψει
3669 673 3823 747 «pth;

2234 770 2345 826 τὸν
2374 770 2543 837 Θεὸν,
2584 771 2653 839 ὃς
2685 770 2913 827 ἔδωκεν
2948 769 3117 826 αὐτό.

2318 858 2735 931 Ἀριδηλὸτατόν
2767 862 2886 914 ἐστι
2916 860 3010 912 καὶ
3043 856 3176 913 πᾶσι
3210 856 3551 927 καταφανὲς,
3600 854 3679 921 ὡς
3746 852 3828 912 οἷ-

2237 966 2333 1005 κον
2366 952 2461 1007 τοῦ
2493 951 2788 1023 ἀνθρώπου
2822 950 3063 1018 αίὼνιον,
3107 948 3247 1021 πρὸς
3277 945 3337 1002 ὃν
3382 946 3689 1019 ἐπορεύθη,
3736 946 3826 1003 τὸν

2234 1044 2406 1111 τάφον
2437 1044 2740 1115 ὠνόμασεν.
2792 1040 3134 1106 ’Ᾱκολούθως
3182 1044 3299 1105 τοῖς
3360 1038 3823 1113 προδιαγραφείσι

2237 1137 2331 1190 καὶ
2361 1135 2664 1206 ὁρισθεῖσιν
2694 1134 2787 1189 ὑπ’
2813 1132 2981 1188 αὐτοῦ
3003 1126 3083 1205 τῷ
3112 1130 3533 1204 νοσηλευομένῳ
3567 1134 3665 1187 καὶ
3725 1135 3826 1203 ψυ-

2237 1224 2603 1297 χορραγοῦντι
2641 1224 2736 1279 καὶ
2770 1226 3060 1294 θνήσκοντι
3096 1224 3349 1295 σημείοις
3376 1222 3472 1278 καὶ
3500 1224 3593 1278 τὸν
3627 1226 3822 1293 τάφον,

2238 1320 2297 1372 ἐν
2323 1311 2368 1386 ᾧ
2398 1318 2738 1386 ξεναγεῖται,
2786 1317 2989 1388 μᾶλλον
3022 1317 3080 1370 δὲ
3114 1313 3360 1371 κατοικεῖ
3392 1318 3555 1388 μέχρι
3585 1318 3687 1387 τῆς
3712 1335 3826 1370 κοι-

2239 1411 2336 1480 νῆς
2362 1411 2458 1463 καὶ
2489 1409 2789 1480 καθολικῆς
2824 1408 3181 1472 ἀναστάσεως
3203 1424 3216 1438 ·
3247 1406 3431 1469 καθὼς
3469 1407 3706 1478 ἐνέφηνε
3735 1411 3828 1462 καὶ

2240 1500 2405 1554 Δαόὶδ
2448 1500 2477 1554 ὁ
2521 1501 2811 1572 προφήτης
2860 1498 3054 1562 εἰπὼν,
3121 1519 3139 1551 ι
3183 1498 3333 1569 Αὕτη
3386 1496 3419 1570 ἠ
3480 1502 3831 1564 κατάπαυσξς

2244 1611 2345 1664 μου
2384 1595 2465 1657 είς
2495 1593 2670 1646 αἰῶνα
2700 1593 2919 1656 αἰῶνος,
2955 1585 3058 1647 ὧδε
3119 1593 3456 1662 κατοικήσω,
3510 1592 3593 1645 ὅτι
3646 1596 3833 1664 ᾑρέτι-

2242 1688 2424 1757 σάμην
2446 1682 2618 1755 αὐτήν
2652 1702 2667 1717 ι
2714 1704 2732 1737 ι
2769 1685 2870 1757 τὴν
2906 1684 3013 1739 ὑπὸ
3053 1682 3154 1756 γῆν
3203 1686 3489 1739 κατοικίαν
3543 1703 3833 1757 παραινιτο

2240 1777 2501 1846 τόμενος,
2549 1775 2690 1847 πρὸς
2750 1776 2820 1844 ἢν
2875 1773 2971 1827 τοῦ
3025 1774 3475 1845 τετελευτηκθως
3540 1774 3831 1847 ἀνθρώπου

552 1883 782 1930 cursant
818 1876 913 1945 qui
961 1870 1339 1928 lamentantur
1367 1883 1422 1927 et
1470 1873 1658 1943 lugent
1709 1887 1838 1927 eum
1890 1872 1944 1927 in
1992 1870 2136 1936 foro,

2255 1867 2607 1939 πορευθέντος
2640 1883 2702 1919 τε
2741 1867 2835 1920 καὶ
2867 1864 3140 1933 τεθέντος,
3172 1866 3470 1922 κυκλοῦσιν
3505 1869 3555 1921 oi
3615 1866 3836 1922 κατολο-

554 1968 605 2021 id
634 1976 721 2022 est
748 1968 845 2036 qui
881 1968 933 2019 in
966 1967 1069 2020 hac
1098 1966 1207 2019 vita
1244 1966 1570 2033 superstites
1596 1973 1746 2027 sunt,
1780 1964 1928 2035 quod
1965 1964 2143 2033 ipsum

555 2075 664 2114 non
705 2059 945 2129 amplius
983 2058 1163 2112 oculis
1210 2059 1330 2112 suis
1357 2059 1499 2111 inter
1527 2058 1775 2111 viventes
1808 2056 1984 2111 visuri
2015 2057 2145 2111 sint.

521 2151 611 2204 ‘ld
644 2161 831 2205 autem
881 2150 1146 2221 quidnam
1192 2149 1402 2203 faciunt
1442 2150 1512 2204 ob
1553 2149 1773 2219 generis
1821 2147 2145 2203 afﬁnitatem

558 2245 995 2312 charitatemque
1017 2250 1228 2297 naturae
1249 2256 1314 2296 ac
1330 2236 1622 2312 quemdam
1644 2240 1852 2297 amoris
1871 2242 2144 2307 ardorem,

560 2345 656 2388 aut
690 2336 761 2390 ob
788 2336 1182 2392 beneﬁciorum
1224 2336 1527 2389 multorum
1557 2334 1906 2400 memoriam,
1944 2335 2148 2406 quibus

554 2427 668 2497 jam
698 2426 805 2483 sibi
835 2428 1142 2482 carendum
1181 2427 1517 2495 intelligunt,
1552 2438 1647 2481 aut
1677 2427 1748 2481 ob
1778 2425 2147 2483 nuiversalcm

560 2519 821 2573 virtutem
854 2520 939 2573 vel
972 2520 1281 2589 nequitiam
1331 2518 1596 2573 defuncti.
1645 2518 1826 2587 Atque
1870 2516 1923 2573 hi
1961 2518 2149 2589 utique

561 2612 635 2666 ob
680 2613 952 2683 ejusmodi
1011 2629 1285 2669 causam:
1321 2612 1415 2666 alii
1452 2623 1584 2665 vero
1632 2609 1704 2667 ob
1746 2612 1885 2667 hanc
1933 2612 2150 2683 plorant

563 2704 858 2759 defunctos
890 2720 958 2759 ac
996 2705 1392 2770 lamentantur,
1443 2704 1592 2759 hunc
1635 2702 1883 2773 quidem,
1930 2704 2075 2775 quod
2121 2721 2152 2760 e

562 2797 676 2850 vita
713 2797 767 2851 in
802 2807 1037 2852 morth
1076 2808 1340 2852 aeternam
1369 2798 1601 2865 abierit;
1639 2798 1792 2852 illum
1822 2800 1967 2865 quod
2007 2814 2150 2870 prae-

565 2891 847 2946 clarorum
885 2889 1162 2971 factorum
1203 2892 1325 2961 ejus
1355 2893 1545 2946 lumen
1586 2890 1873 2957 occiderit,
1914 2907 2012 2947 nec
2036 2892 2149 2960 jam

565 2996 687 3045 eos,
719 2998 748 3036 a
781 2984 987 3052 quibus
1019 2984 1328 3050 colebatur,
1381 2984 1652 3038 virtutum
1696 2996 1924 3039 suarum
1968 2984 2153 3054 splen-

565 3072 701 3127 dore
729 3073 991 3131 illustret.

640 3325 831 3396 Neque
865 3327 985 3382 haec
1020 3342 1151 3382 raro
1190 3326 1558 3397 contingunt,
1594 3326 1802 3395 quique
1832 3330 2158 3396 superstites

575 3419 818 3481 fuerint,
871 3420 1061 3472 tandiu
1110 3416 1405 3472 defunctos
1438 3417 1655 3485 plorare
1704 3432 1770 3471 ac
1807 3416 2005 3472 deﬂere
2040 3435 2162 3487 per-

572 3520 727 3581 gent,
765 3510 1013 3580 quandiu
1048 3509 1293 3564 mundus
1333 3510 1423 3563 hic
1471 3508 1724 3571 exsistat,
1760 3523 1863 3564 nec
1897 3522 2163 3564 consum-

574 3603 879 3658 mationem
918 3601 1158 3656 subierit
1188 3616 1376 3656 rerum
1408 3600 1776 3655 conversione
1812 3608 2062 3655 mutatus
2108 3600 2161 3655 in

575 3695 798 3750 melius.
837 3692 974 3748 Nam
1013 3693 1120 3748 hoc
1153 3693 1490 3764 signiﬁcavit
1521 3706 1648 3746 cum
1680 3691 1859 3745 dixit:
1898 3708 1917 3743 ι
1951 3691 2165 3762 Usque»

575 3803 686 3855 quo
722 3802 833 3840 non
866 3796 1153 3843 avertatur
1182 3785 1470 3840 funiculus
1505 3784 1738 3855 argenti,
1775 3794 1829 3838 et
1852 3793 2168 3840 conteratur

576 3878 846 3933 flosculus
878 3880 1022 3933 auri.
1060 3897 1079 3931 ι
1134 3877 1361 3948 Argenti
1414 3877 1563 3932 enim
1608 3876 1892 3932 funiculus
1929 3893 2169 3947 praesens

577 3972 690 4027 vita
724 3980 829 4035 est,
862 3971 953 4025 cui
1002 3986 1129 4041 pars
1174 3980 1230 4025 et
1273 3985 1399 4025 sors
1447 3980 1734 4040 argentum
1783 3980 1890 4035 est,
1923 3972 2015 4026 cui
2046 3972 2170 4025 vitze

577 4059 939 4115 consociatur
971 4076 1172 4114 aurum
1204 4060 1374 4115 veluti
1408 4070 1535 4115 rosa
1576 4060 1832 4130 quadam
1863 4060 2085 4124 ﬂorens,
2118 4070 2171 4115 et

578 4151 703 4206 auri
752 4152 1083 4221 argentique
1114 4151 1345 4219 cupidos
1388 4151 1712 4206 demuieens
1751 4168 1765 4206 :
1804 4166 1930 4205 nam
1971 4151 2170 4206 dictio-

581 4259 709 4299 nem
759 4243 898 4297 hanc
927 4243 1092 4297 etiam
1147 4241 1362 4314 Moyses
1400 4241 1492 4298 ille
1512 4243 1619 4319 “Dei
1651 4246 2055 4314 contemplator
2089 4245 2171 4299 sic

583 4334 819 4404 accepit,
868 4349 995 4388 cum
1038 4334 1111 4388 ait
1149 4352 1163 4389 :
1206 4354 1221 4385 ι
1263 4334 1496 4401 Quando
1530 4336 1808 4390 dividebat
1855 4337 2171 4391 Altissimus

581 4435 795 4497 gentes,
829 4426 924 4496 qui
968 4426 1233 4496 dispersit
1280 4429 1425 4483 filios
1480 4428 1679 4494 Adam,
1735 4428 2026 4484 constituit
2061 4438 2171 4484 ter-

583 4517 767 4571 minos
799 4516 1045 4587 gentium
1074 4515 1229 4586 juxta
1266 4531 1558 4573 numerum
1597 4519 1916 4589 angelorum
1960 4516 2079 4584 Dei.
2114 4529 2168 4575 et

587 4608 775 4663 factus
809 4618 894 4663 est
924 4624 1056 4677 pars
1096 4608 1337 4675 Domini,
1370 4613 1607 4681 populus
1644 4609 1767 4681 ejus
1791 4610 1981 4677 Jacob,
2016 4613 2165 4668 funis

586 4701 745 4756 culus
776 4700 1119 4756 haereditatis
1150 4703 1271 4772 ejus
1306 4703 1475 4758 Israel
1502 4704 1569 4758 ³⁸.
1608 4720 1627 4756 ι
1670 4703 1781 4760 Nec
1824 4706 2008 4762 minus
2060 4706 2172 4761 So-

584 4792 823 4863 phonias
863 4793 1087 4849 divinus
1140 4793 1405 4866 pr0phela
1439 4794 1506 4848 de
1539 4810 1624 4861 ea,
1658 4808 1782 4866 qum
1816 4797 1910 4853 hic
1958 4798 2174 4854 indica-

589 4895 699 4952 tur,
738 4892 894 4956 parte
931 4885 1243 4943 funiculum
1275 4886 1479 4943 diserte
1515 4889 1783 4945 intellexit
1812 4907 1828 4957 ;
1876 4892 1955 4945 ait
1980 4892 2128 4946 enim
2157 4911 2170 4946 :

595 4995 614 5028 ι
657 4975 752 5031 'Iae
786 4977 880 5047 qui
917 4976 1180 5033 habitatis
1223 4977 1536 5034 funiculum
1572 4979 1765 5045 maris,
1813 4980 2009 5036 incolae
2042 4982 2174 5037 Cro-

588 5072 832 5127 tensium
858 5071 901 5104 ³⁷
936 5072 1073 5145 (56).
1111 5088 1133 5128 ι

658 5279 705 5311 ³⁸
746 5276 894 5334 Psal.
927 5292 1141 5341 cxxxu.
1184 5280 1275 5335 ili.
1388 5279 1434 5314 ³⁸
1476 5278 1632 5336 Deut.
1671 5294 1807 5345 xxn,
1842 5277 1896 5333 8.

2249 1961 2545 2033 φυρόμενοι
2574 1962 2670 2015 καὶ
2706 1957 3033 2032 θρηνοῦντες
3066 1958 3228 2014 αὐτὸν
3260 1961 3319 2013 ὲν
3342 1958 3410 2033 τῇ
3440 1958 3641 2032 ἀγορᾷ,
3670 1978 3827 2015 τουτ-

2253 2048 2405 2106 έστιν
2476 2052 2527 2106 οί
2559 2051 2704 2106 κατά
2752 2051 2853 2123 τὴν
2910 2052 3193 2125 παροῦσαν
3247 2052 3393 2125 ζωὴν
3450 2055 3827 2125 ὲναφεθέντες,

2249 2146 2326 2207 ὡς
2360 2144 2460 2198 οὐκ
2486 2144 2604 2198 ἔστι
2636 2143 3044 2218 θεαθησόμενον
3075 2148 3187 2209 τοῖς
3217 2146 3369 2216 σφῶν
3425 2146 3729 2219 ὀφθαλμοῖς
3778 2152 3833 2203 ὲν

2250 2240 2367 2301 τοῖς
2405 2237 2543 2301 ζῶσι
2573 2238 2719 2292 κατὰ
2747 2237 2903 2292 τόνδε
2933 2239 3025 2291 τὸν
3066 2238 3203 2308 βίον.
3234 2236 3408 2293 Τοῦτο
3451 2238 3509 2295 δὲ
3552 2241 3759 2310 δρῶσιν
3786 2244 3833 2296 οἱ

2248 2326 2338 2380 διά
2397 2328 2727 2400 συγγενικὴν
2759 2329 3074 2399 οἰκειότητα
3110 2332 3204 2385 καὶ
3238 2328 3476 2403 φυσικὴν
3502 2332 3726 2403 ἀγάπην
3746 2334 3833 2385 καὶ

2252 2419 2641 2491 φιλοστοργίαν
2697 2420 2985 2491 διάπυρον,
3013 2423 3046 2491 ἢ
3074 2421 3164 2475 διὰ
3200 2423 3428 2494 μνήμην
3479 2424 3697 2476 πολλῶν
3745 2425 3831 2478 εὑ-

2252 2511 2542 2584 εργεσιῶν,
2572 2511 2648 2576 ὡς
2669 2510 2974 2582 τηνικαῦτα
3005 2513 3103 2584 τὴν
3136 2514 3397 2585 στέρησιν
3418 2515 3603 2569 αὐτῶν
3634 2532 3831 2570 πεπον-

2252 2599 2427 2671 θότες,
2472 2604 2617 2677 ἢδιά
2640 2602 2942 2676 καθολικὴν
2978 2605 3181 2676 ἀρετὴν
3217 2606 3250 2677 ἢ
3289 2607 3491 2661 κακίαν
3538 2608 3633 2662 τοῦ
3687 2626 3829 2663 τετε·

2250 2693 2599 2764 λευτηκότος.
2664 2696 2808 2750 Ἀλλ’
2842 2696 3024 2767 οἱμὲν
3078 2697 3185 2767 γὰρ
3231 2697 3302 2751 δι’
3360 2697 3603 2769 ἐκείνην,
3661 2696 3829 2771 ἕτεροι

2251 2786 2309 2841 δὲ
2346 2786 2437 2840 διὰ
2461 2785 2669 2859 ταύτην
2699 2788 2825 2851 τοὺς
2867 2788 3265 2858 ἀποιχομένους
3318 2788 3715 2844 ἀποκλαίονται
3745 2794 3827 2845 καὶ

2254 2876 2698 2944 κατολολύςουσι,
2728 2876 2919 2932 τοῦτον
2953 2878 3055 2950 μὲν
3083 2878 3159 2942 ὡς
3188 2880 3297 2933 ἀπὸ
3328 2879 3476 2951 ζωῆς
3500 2882 3827 2952 πορευθέντα

2256 2972 2393 3043 πρὸς
2422 2972 2653 3026 θάνατον
2681 2969 2773 3024 τὸν
2813 2968 3056 3037 αἰώνιον,
3093 2970 3304 3025 ἐκεῖνον
3341 2970 3514 3026 δὲδιά
3543 2971 3607 3024 τὸ
3662 2970 3826 3026 δύνειν

2257 3067 2316 3119 τὸ
2353 3064 2470 3134 φῶς
2504 3063 2613 3118 τῶν
2639 3061 2947 3117 σπουδαίων
2977 3059 3143 3114 αὑτοῦ
3178 3059 3456 3131 πράξεων,
3498 3060 3595 3114 καὶ
3643 3058 3824 3131 μηκέτι

2256 3159 2375 3219 ταῖς
2403 3154 2621 3222 αίγλαις
2652 3152 2763 3207 τῶν
2805 3148 2952 3205 ἰδίων
2986 3150 3440 3223 κατορθωμάτων
3465 3151 3822 3220 καταυγάξειν

2257 3248 2386 3311 τοὺς
2416 3245 2556 3318 πρὸς
2587 3246 2749 3299 αὐτὸν
2778 3242 3215 3307 ἀποϐλέποντας.

2330 3338 2586 3392 Γίνεσθαι
2608 3336 2666 3389 δὲ
2696 3332 2873 3391 ταῦτα
2905 3335 3211 3403 πεφύκασι,
3246 3334 3492 3397 καὶτοὺς
3546 3336 3826 3406 ἀποιχομίο

2259 3441 2384 3494 νους
2424 3431 2474 3483 οἱ
2505 3428 2914 3501 προσμένοντες
2946 3427 3027 3480 ἔτι
3066 3427 3147 3497 τῷ
3213 3426 3316 3496 βίῳ
3380 3427 3824 3499 κατολοφύρονται

2261 3522 2362 3576 καὶ
2396 3520 2682 3593 θρηνοῦσι,
2718 3518 2920 3590 μέχρις
2952 3517 3018 3572 ἃν
3044 3509 3202 3581 οὗτος
3236 3518 3266 3569 ὁ
3296 3518 3503 3588 κόσμος
3557 3519 3821 3573 ἀνίσταται

2262 3616 2360 3669 καὶ
2394 3614 2469 3686 μὴ
2504 3613 2731 3682 δέξηται
2770 3612 2874 3684 τὴν
2921 3608 3237 3665 συντέλειαν
3291 3611 3388 3666 καὶ
3450 3614 3554 3683 τὴν
3598 3614 3730 3683 πρὸς
3774 3612 3824 3666 τὸ

2264 3708 2517 3777 κρεῖττον
2544 3704 2836 3758 ἀλλοίωσιν
2868 3702 2962 3756 καὶ
2996 3703 3501 3775 μεταστοιχείωσιν.
3535 3702 3709 3757 Τοῦτο
3733 3704 3823 3773 γὰρ

2266 3797 2543 3867 ἐσήμανεν
2572 3792 2763 3857 εἰπὼν,
2801 3812 2820 3844 ι
2855 3793 3005 3856 Ἕως
3031 3788 3095 3848 οὗ
3122 3792 3197 3863 μὴ
3228 3795 3519 3865 ἀνατραπῇ
3582 3796 3648 3848 τδ
3700 3811 3822 3865 σχοιο

2266 3888 2379 3940 νίον
2407 3886 2503 3940 τοῦ
2533 3884 2827 3956 ἀργυρίου,
2876 3883 2975 3937 καὶ
3030 3883 3294 3955 συντριϐῇ
3340 3884 3402 3937 τὸ
3448 3885 3707 3949 ἀνθέμων
3747 3883 3826 3939 τοῦ

2267 3978 2512 4049 χρυσίου.
2545 3993 2564 4030 ι
2619 3977 2729 4031 Τοῦ
2751 3977 2861 4048 γάρ
2893 3978 3161 4049 ἀργυρίου
3205 3978 3437 4046 σχοινίον
3462 3979 3493 4031 ὁ
3521 3976 3713 4047 παρών
3729 3976 3827 4031 ἔστι

2270 4070 2405 4140 βίος,
2436 4062 2482 4136 ᾧ
2511 4068 2672 4138 μερὶς
2700 4069 2797 4122 καὶ
2836 4067 3038 4138 κλῆρός
3066 4068 3183 4121 ἐστι
3208 4064 3270 4120 τδ
3294 4069 3583 4140 ἀργυριον,
3655 4058 3698 4136 ᾧ
3744 4067 3829 4137 βίῳ

2270 4156 2734 4231 συμπολιτεύεται
2769 4160 2831 4212 τὸ
2884 4158 3129 4231 χρυσίον,
3191 4154 3305 4213 οἷόν
3338 4177 3394 4213 τι
3446 4159 3600 4230 ῥόδον
3655 4158 3832 4214 ἀνθοῦν

2269 4254 2366 4305 καὶ
2392 4252 2726 4319 καταθέλγον
2759 4252 2885 4314 τοὺς
2916 4250 3279 4323 φιλοχριὴτους
3317 4250 3416 4304 καὶ
3444 4251 3827 4322 φιλαργύρους.

2268 4343 2426 4398 Οὕτω
2444 4345 2557 4415 γὰρ
2581 4343 2679 4414 τὴν
2705 4343 2851 4408 λέξιν
2880 4342 3091 4412 ταύτην
3120 4344 3215 4396 καὶ
3254 4342 3461 4412 Μωσῆς
3530 4342 3560 4392 ὁ
3619 4339 3839 4412 θεὸπτης

2269 4436 2558 4505 ὲξείληφεν
2589 4434 2789 4489 εἰπών’
2823 4454 2841 4488 ι
2874 4429 3005 4489 Ὅτε
3032 4434 3347 4506 διεμέριζεν
3374 4434 3691 4505 δ’Υψιστος
3722 4435 3839 4507 ἔθνη

2200 4563 2243 4618 D
2269 4528 2363 4591 οὒς
2386 4528 2693 4598 διέσπειρεν
2710 4528 2864 4618 υίοὺς
2896 4528 3093 4597 Ἀδὰμ,
3115 4526 3341 4597 ἔστησεν
3365 4528 3493 4597 ὅρια
3513 4528 3688 4582 ἐθνῶν
3712 4529 3842 4581 κατὰ

2270 4620 2501 4691 ἀριθμὸν
2529 4620 2779 4689 ἀγγέλων
2839 4616 3002 4682 Θεοῦ,
3033 4621 3129 4672 καὶ
3168 4619 3405 4689 ἐγενήθη
3442 4620 3607 4691 μερὶς
3638 4621 3837 4691 Κυρίου

2265 4712 2393 4773 λαὸς
2419 4712 2586 4766 αὐτοῦ
2646 4709 2867 4777 Ἰακὼϐ,
2901 4710 3197 4781 σχοίνισμα
3252 4710 3627 4781 κληρονομίας
3690 4711 3845 4767 αὑτοῦ

2280 4807 2517 4877 Ἰσραήλ.
2557 4826 2575 4859 ι
2620 4806 2781 4859 Ἀλλά
2802 4806 2899 4860 καὶ
2925 4805 3190 4874 Σοφονίας
3230 4807 3261 4859 ὁ
3318 4805 3614 4869 θεσπέσιος
3654 4807 3850 4877 προφή-

2269 4914 2368 4967 της
2407 4896 2502 4949 tul.
2540 4896 2638 4950 τοῦ
2672 4895 2839 4950 αὑτοῦ
2871 4896 3280 4967 σημαινομένου
3318 4895 3522 4966 δηλαδὴ
3554 4894 3659 4965 τῆς
3716 4896 3851 4968 μερί-

2269 4989 2358 5053 δος
2385 5029 2400 5053 ,
2452 4989 2706 5061 ὲξείληφε
2739 4989 2800 5043 τὸ
2843 4990 3144 5061 σχοίνισμα
3173 4989 3471 5061 προφανῶς
3500 5006 3514 5019 °
3547 4991 3684 5060 φησι
3729 4991 3849 5059 γὰρ,

2278 5098 2297 5130 ι
2329 5079 2467 5134 Οὐαὶ
2506 5082 2557 5132 oi.
2602 5079 2991 5145 κατοικοῦντες
3022 5081 3085 5134 τδ
3108 5081 3401 5152 σχοίνισμα
3426 5081 3526 5150 τῆς
3579 5080 3852 5149 θαλάσσης

2278 5172 2535 5242 πάροικοι
2566 5173 2824 5244 Κρητῶν.
2863 5192 2883 5224 ι

2008 5278 2054 5312 ³⁷
2097 5278 2347 5352 Sophon.
2387 5299 2445 5349 ιι,
2484 5284 2541 5340 5.

656 5385 781 5469 (ξξίῖ)Δ
810 5385 1083 5469 S_ed_apud
1106 5389 1277 5469 _LXX_
1312 5394 1603 5469 invenies.
1649 5432 1665 5446 .
1696 5392 1832 5469 .xal.
1870 5392 2158 5469 ρυγτριῆῇ
2262 5395 2407 5469 quod
2444 5411 2637 5469 nempe
2664 5397 2806 5466 apud
2840 5396 3101 5455 Hebraeos
3130 5399 3310 5469 portio
3343 5398 3709 5469 haereditaria,
3730 5414 3841 5468 quae

585 5458 746 5544 ςιιξρία
765 5458 857 5513 ἐπὶ
882 5464 946 5544 τῇ
970 5464 1160 5544 πηγῇ,
1187 5463 1291 5544 ,καὶ
1316 5464 1658 5544 συντροχάσῃ
1686 5463 1927 5544 depol)»;
1956 5458 2050 5544 ὲττὶ

2264 5458 2351 5544 cui
2380 5482 2443 5520 ex
2483 5458 2750 5521 divisione
2783 5468 3084 5544 obtigisset,
3118 5458 3243 5544 item
3277 5468 3552 5544 ager‘ipse
3576 5480 3671 5544 aut
3697 5458 3837 5544 regio

585 5529 809 5607 λάκκον,
835 5529 943 5607 και
965 5529 1281 5607 ἐπιστρέψῃ
1315 5537 1343 5587 ὁ
1373 5529 1909 5606 χοῦς’ὲπὶ’τὴν’γῆν,
1944 5535 2041 5588 καὶ
2100 5534 2152 5586 τὶ

2266 5536 2396 5589 fune
2423 5545 2621 5591 metata
2650 5554 2714 5592 eo
2746 5529 2971 5593 nomine
2993 5529 3379 5607 appellaretur.
3410 5529 3584 5605 Cujus
3607 5529 3837 5592 formula:

582 5599 1150 5674 πνεῦμαέπιστρέψιι
1176 5599 1314 5673 nec
1448 5642 1463 5658 .

656 5671 770 5740 (56)
815 5670 959 5745 Scite
1000 5670 1198 5728 NoSter
1226 5670 1394 5729 vitam
1438 5674 1752 5739 hominum,
1783 5676 1940 5745 cujus
1967 5674 2170 5731 limites

585 5740 732 5814 Deus
781 5744 980 5814 cuique
1019 5759 1152 5799 suos
1210 5746 1519 5814 descripsit,
1556 5750 1627 5798 ob
1650 5740 1943 5814 quamdam
1976 5746 2172 5799 simili-

589 5813 833 5866 tudinem
865 5812 1111 5869 funiculo
1134 5816 1249 5871 sive
1280 5812 1507 5872 scbtbno
1532 5812 1809 5889 designari
1838 5816 2119 5871 contendit
2154 5834 2167 5869 :

2270 5607 2374 5660 alia
2411 5609 2577 5661 multa
2613 5608 2786 5678 sacris
2826 5609 2878 5662 in
2908 5608 3087 5665 Libris
3118 5610 3363 5677 exempla
3391 5620 3688 5678 suppetunt
3714 5609 3837 5675 (los.

2272 5692 2420 5750 xvlt.
2462 5678 2570 5747 5):
2619 5676 2714 5750 Et;
2743 5680 3045 5733 ceciderunt
3097 5676 3324 5750 funiculi
3375 5676 3623 5750 ῌαηασδε
3681 5682 3839 5750 decem

2274 5748 2466 5817 absque
2502 5747 2886 5803 terra'Galaad
2917 5760 2967 5803 et
2999 5747 3177 5804 Busan
3211 5762 3357 5804 trans
3379 5748 3670 5802 Iordanem
3695 5748 3835 5815 (ibid.

2277 5818 2391 5885 14).
2425 5817 2547 5874 Filii
2580 5817 2785 5890 Joseph
2813 5836 2938 5876 cum
2971 5820 3141 5877 Josue
3168 5830 3481 5891 queruntur
3511 5838 3524 5873 :
3564 5821 3732 5887 Quare
3758 5819 3837 5871 de-
