4098 6498
288 396 427 465 illi!

1377 390 1460 453 IN
1503 387 2081 450 ECCLESIASTEN.
2106 412 2174 423 ·-·
2208 388 2355 448 LIB.
2396 388 2471 447 X.

3408 383 3543 449 1162

354 509 493 566 Εἷτά
522 507 741 580 φησινὸ
784 503 948 574 σοφὸς
1014 500 1481 573 Ἐκκλησιαστής·
1529 517 1549 551 ι
1591 499 1700 552 Kal.
1741 515 1868 550 συνο

2041 496 2204 565 282
2240 495 2332 549 Ait
2380 493 2575 550 deinde
2606 492 2829 564 sapiens
2873 489 3278 549 Ecclesiastes:
3314 493 3380 548 Et
3408 509 3543 549 con-

282 607 450 677 τριὸῇ
484 605 518 674 ἠ
559 599 718 673 ὑδρία
751 598 845 652 ἐπὶ
867 597 970 667 τὴν
1001 596 1106 665 γῆν
1126 611 1141 626 ⁸
1181 594 1275 648 καὶ
1303 590 1661 663 συντροχάσει
1688 592 1717 644 6
1740 606 1867 659 τρο⁶

283 697 383 767 χὸς
407 695 500 748 ἐπὶ
530 692 624 746 τὸν
648 690 875 753 λάκκον,
908 688 1005 740 καὶ
1033 683 1355 755 ἐπιστρέψει
1380 684 1409 735 6
1459 680 1589 752 χοῦς
1635 680 1729 733 ἐπὶ
1770 679 1870 750 τὴν

283 788 416 858 γῆν.
452 786 526 848 ὡς
569 780 658 855 ἦν.
698 801 718 835 ι
753 780 832 852 Τῇ
878 776 1143 849 συντριϐῇ
1168 775 1280 846 γὰρ
1316 774 1417 845 τῆς
1445 773 1632 844 ὑδρίας
1660 772 1759 843 τῆς
1776 770 1872 824 ἐπὶ

280 882 389 951 τὴν
426 879 532 949 γῆν
560 876 663 948 τὴν
698 872 1031 943 ὀστρακῐνην
1060 868 1225 939 φύσιν
1266 864 1362 919 τοῦ
1388 862 1739 936 ἀνθρωπίνου
1766 863 1872 915 σὼ-

286 990 463 1047 ματος
496 970 733 1042 ἐδήλωσε
782 962 1099 1037 προφανῶς,
1132 962 1261 1031 περὶ
1282 951 1343 1013 οὗ
1369 974 1504 1029 φησι
1529 958 1625 1010 καὶ
1654 954 1871 1018 Παῦλος

283 1071 315 1122 6
378 1066 549 1137 μέγας
582 1058 882 1123 ἀπόστολος
917 1073 930 1086 ·
962 1075 981 1109 ι
1020 1056 1262 1126 Ἔχομεν
1330 1051 1390 1105 δέ
1448 1051 1541 1104 τὸν
1597 1048 1873 1119 θησαυρὸν

284 1158 483 1214 τοῦτον
513 1159 572 1211 ἐν
623 1151 970 1225 ὀστρακίνοις
1004 1147 1250 1202 σκεύεσι.
1292 1164 1311 1196 ι
1348 1143 1459 1197 Καὶ⁷
1493 1142 1658 1197 πάλιν
1684 1159 1698 1172 ·
1740 1160 1758 1193 ι
1790 1142 1875 1194 Οἴ-

282 1253 484 1322 δαμεν,
514 1250 597 1301 ὅτι
625 1246 721 1299 ἐὰν
755 1246 789 1316 ὴ
825 1243 1071 1311 ἐπίγειος
1103 1239 1264 1311 ἡμῶν
1295 1237 1442 1291 οἰκία
1484 1236 1581 1289 τοῦ
1640 1235 1874 1299 σκεύους

285 1342 595 1410 καταλυθῇ,
626 1336 921 1406 οἰκοδομὴν
950 1337 1015 1387 ἐκ
1048 1331 1187 1385 Θεοῦ
1218 1330 1417 1401 ἔχομεν
1476 1327 1657 1382 οἰκίαν
1715 1328 1869 1398 ἀχει-

292 1434 583 1508 ροποίητον
616 1429 835 1484 αἰώνιον
862 1429 920 1481 ἐν
965 1428 1079 1489 τοῖς
1143 1423 1421 1494 οὐρανοῖς.Δ
1466 1438 1485 1472 ι
1564 1419 1725 1473 Ἀλλὰ
1776 1418 1873 1473 καὶ

292 1524 660 1595 συντροχάσαι
693 1521 786 1575 τὸν
813 1518 1008 1589 τροχὸν
1043 1516 1137 1569 ἐπὶ
1168 1515 1263 1567 τὸν
1306 1512 1511 1566 λάκκον
1571 1511 1766 1576 εἰπὼν,
1812 1511 1874 1564 τὸ

292 1621 403 1673 πᾶν
435 1614 689 1686 χρονικδν
719 1612 996 1681 διάστημα
1027 1610 1129 1679 τῆς
1160 1606 1395 1660 ἑκάστου
1423 1603 1613 1673 σαφῶς
1650 1602 1874 1675 ᾐνίξατο

294 1712 441 1780 ζωῆς
473 1701 1075 1773 συνάποπερατωθῆναι
1105 1697 1200 1753 καὶ
1226 1695 1608 1766 πληρωθῆναι,
1674 1692 1873 1764 τροχοῦ

290 1802 454 1872 δίκην
483 1794 767 1852 κυλίεσθαι
805 1791 1072 1860 πεφυκὸς,
1118 1789 1195 1853 ὡς
1220 1788 1329 1841 ἀπὸ
1379 1786 1488 1839 τῶν
1546 1785 1730 1839 αὐτῶν
1796 1787 1875 1848 εἰς

1972 595 2180 642 teratur
2214 587 2406 658 hydria
2454 601 2620 656 super
2657 594 2860 641 terram
2893 603 2909 641 :
2940 597 2993 641 et
3024 586 3384 641 convolvetur
3428 597 3547 642 rota

1970 682 2037 735 ad
2065 681 2387 745 cisternam,
2422 689 2474 735 et
2506 688 2814 735 revertetur
2850 679 3030 749 pulvis
3062 680 3116 733 in
3146 687 3370 745 terram,
3404 681 3550 735 sicut

1970 781 2109 827 erat.
2140 791 2158 824 ι
2190 772 2409 842 Hydriae
2430 787 2594 841 porro
2619 771 2958 826 contritione
2980 786 3147 841 super
3172 781 3372 827 terram
3400 773 3546 828 haud

1972 865 2207 919 obscure
2239 864 2459 918 tictilem
2495 864 2720 918 humani
2754 864 3004 934 corporis
3034 872 3288 920 naturam
3322 882 3549 936 expres-

1972 957 2076 1023 sit,
2125 958 2192 1012 de
2242 972 2353 1027 quo
2412 957 2491 1011 ait
2554 965 2607 1010 et
2664 956 2870 1013 Paulus
2939 973 3169 1027 magnus
3225 961 3546 1029 apostolus:

1979 1069 1997 1101 ι
2038 1048 2316 1104 Habemus
2352 1059 2533 1103 autem
2571 1050 2890 1105 thesaurum
2937 1049 3083 1105 hunc
3127 1048 3183 1106 in
3233 1053 3376 1108 vasis
3410 1053 3551 1107 ﬁcti-

1973 1142 2118 1197 libus
2149 1142 2214 1194 ³⁸.
2254 1161 2272 1194 ι
2312 1141 2391 1195 Ac
2423 1157 2645 1196 rursum
2683 1159 2695 1195 :
2736 1160 2755 1193 s
2796 1140 3039 1205 Scimus,
3068 1145 3328 1212 quoniam
3362 1145 3407 1200 si
3438 1155 3551 1200 ter-

1974 1234 2167 1288 restris
2184 1233 2380 1289 domus
2403 1244 2589 1288 nostra
2621 1232 2783 1302 hujus
2804 1232 3165 1290 habitationis
3187 1235 3545 1302 dissolvatur,

1974 1326 2121 1394 quod
2170 1325 2593 1381 aediﬁcationem
2645 1340 2712 1379 ex
2760 1325 2872 1379 Deo
2905 1326 3174 1383 habemus
3208 1344 3315 1383 non
3349 1345 3548 1384 manu-

1975 1416 2174 1472 l'actam
2207 1426 2469 1472 aeternam
2514 1419 2570 1472 in
2619 1418 2774 1473 caelis
2809 1418 2874 1472 ”.
2912 1438 2930 1469 ι
2966 1420 3034 1475 At
3079 1435 3203 1473 cum
3247 1421 3326 1474 ait
3372 1430 3549 1475 rotam

1973 1525 2195 1580 quoque
2248 1510 2685 1565 convolvendam
2728 1525 2851 1565 esse
2896 1511 2964 1565 ad
3016 1512 3339 1576 cisternam,
3387 1528 3555 1568 omne

1975 1602 2103 1657 vitae
2150 1602 2418 1673 cujusque
2467 1603 2865 1673 temporarium
2916 1604 3156 1674 spatium
3198 1615 3382 1676 aperte
3411 1607 3554 1660 indi-

1976 1694 2124 1749 cavit
2157 1694 2662 1751 consummandum
2696 1695 3196 1767 complendumque
3232 1712 3375 1762 esse,
3425 1712 3553 1752 cum

1980 1797 2178 1843 natura
2230 1802 2335 1843 sua
2375 1796 2508 1842 rota:
2548 1789 2724 1843 instar
2749 1790 3018 1857 volvatur,
3051 1790 3209 1859 quasi
3257 1791 3327 1845 ab
3360 1791 3551 1846 iisdem

291 1893 364 1945 τὰ
404 1862 547 1943 αὐτὰ
592 1886 755 1940 πάλιν
786 1882 1031 1944 ἐπανιὺν,
1087 1875 1207 1933 εἶτα
1250 1879 1346 1932 καὶ
1395 1877 1586 1931 κατιδν
1635 1877 1729 1931 ἐπὶ
1780 1876 1875 1929 τὸν

1986 1881 2044 1935 ad
2102 1881 2295 1937 eadem
2357 1881 2736 1952 regrediatur,
2799 1881 3000 1937 deinde
3054 1890 3109 1938 et
3154 1883 3450 1938 descendat
3496 1884 3553 1938 in

292 1981 521 2042 λάκκον,
551 1976 671 2046 ἦτοι
702 1972 794 2026 τὸν
816 1971 1068 2026 θάνατον.
1113 1969 1201 2032 Ὠς
1254 1968 1460 2021 ἐπίπαν
1492 1966 1602 2038 γὰρ
1641 1964 1791 2036 παρὰ
1810 1967 1876 2036 τῇ

295 2070 422 2139 θεία
449 2067 645 2139 Γραφῇ
676 2064 907 2118 θάνατον
950 2062 979 2113 6
1035 2059 1240 2122 λάκκος
1291 2057 1551 2130 σημαίνει
1579 2072 1593 2087 ο
1653 2057 1749 2111 καὶ
1791 2056 1880 2109 διὰ

294 2163 463 2216 τοῦτὸ
491 2177 660 2230 φησιν
699 2162 728 2213 ὁ
754 2162 1046 2230 προφήτης
1075 2157 1267 2223 Δαόὶδ,
1297 2176 1315 2209 ι
1352 2157 1444 2227 Μή
1508 2172 1641 2210 ποτε
1705 2173 1883 2227 παρα-

299 2255 592 2325 σιωπήσῃς
623 2252 718 2306 ἀπ’
749 2251 1016 2323 ἐμοῦ,καὶ
1042 2250 1456 2322 ὁμοιωθήσομαι
1483 2253 1597 2313 τοῖς
1617 2249 1883 2307 καταϐαί-

298 2364 483 2401 νουσιν
506 2348 585 2409 ei;
604 2344 827 2399 λάκκον.
856 2363 874 2396 ›
905 2345 1016 2398 Καὶ
1055 2343 1218 2398 πάλιν
1239 2343 1266 2395 6
1295 2342 1582 2412 προφήτης
1607 2340 1881 2411 Ζαχαρίας

301 2439 434 2508 φησί
460 2455 565 2490 που
599 2437 736 2508 πρὸς
762 2436 854 2490 τὸν
882 2437 1119 2506 Χριστὸν
1150 2436 1244 2489 καὶ
1275 2434 1509 2505 Σωτῆρα
1536 2434 1630 2486 τοῦ
1674 2433 1883 2503 κόσμου

299 2538 395 2589 καὶ
422 2534 744 2605 Δυτρωτὴν,
776 2552 794 2585 ι
821 2531 1243 2598 Ἐξαπέστειλας
1264 2529 1519 2601 δεσμίους
1540 2546 1631 2582 σου
1661 2532 1725 2583 ἐκ
1749 2528 1886 2581 λάκ-

299 2645 400 2681 κου
436 2628 543 2680 οὐκ
598 2626 813 2695 ἔχοντος
848 2622 1015 2694 ὕδωρ.
1078 2624 1193 2678 Καὶ
1235 2625 1559 2695 ἐπιστρέψει
1589 2619 1766 2692 ὀχοῦς
1789 2620 1885 2673 ἐπὶ

299 2720 401 2787 τὴν
430 2716 563 2788 γῆν,
590 2716 666 2779 ὡς
694 2711 784 2786 ἦν,
818 2713 915 2767 καὶ
941 2712 1005 2765 τὸ
1026 2713 1247 2782 πνεῦμα
1279 2712 1602 2784 ἐπιστρέφει
1633 2711 1769 2783 πρὸς
1790 2710 1882 2764 τὸν

300 2809 458 2874 Θεὸν,
490 2808 552 2871 ὃς
580 2808 784 2861 ἔδωκεν
830 2804 964 2859 αὐτό
985 2819 999 2832 ·
1039 2822 1058 2855 ι
1096 2804 1252 2873 χοῦν
1279 2804 1341 2857 τὸ
1370 2804 1528 2873 σῶμα
1556 2804 1660 2874 τῆς
1688 2820 1881 2856 ταπει-

301 2901 525 2964 νώσεως
556 2899 716 2970 ἡμῶν
747 2897 998 2969 ἐναργῶς
1022 2897 1326 2969 ὀνομάζων,
1354 2893 1384 2951 ὃ
1432 2898 1527 2950 καὶ
1586 2897 1724 2968 πρὸς
1779 2898 1881 2970 τὴν

301 2993 412 3064 γῆν
438 2992 787 3062 ἐπιστρέφων
826 2991 1039 3064 εἴρηκε,
1071 2990 1147 3054 ὡς
1180 2990 1278 3044 καὶ
1298 2990 1545 3059 γίνεσθαι
1572 2990 1810 3058 πέφυκε.

411 3213 457 3247 ³³
493 3211 538 3267 ll
576 3212 706 3269 Cor.
743 3228 819 3278 tv,
868 3211 920 3266 7.
1032 3212 1078 3244 "
1117 3210 1156 3265 ll
1197 3211 1325 3266 Cor.
1361 3226 1411 3277 v,
1453 3213 1502 3267 l.

1974 1971 2270 2025 cisternam
2321 1971 2440 2027 sive
2489 1982 2749 2027 mortem.
2805 1972 2940 2027 Nam
2981 1974 3306 2045 plerumque
3350 1975 3554 2031 divinis

1975 2064 2030 2119 in
2066 2064 2286 2121 Litteris
2311 2065 2550 2119 cisterna
2576 2075 2809 2120 mortem
2839 2066 3114 2139 designat.
3156 2068 3235 2123 Ac
3265 2079 3554 2138 propterea

1977 2155 2156 2226 inquit
2213 2157 2482 2227 propheta
2531 2154 2753 2212 David:
2806 2174 2826 2208 ι
2878 2157 2955 2211 Ne
3010 2174 3251 2229 unquam
3302 2160 3468 2215 sileas
3520 2175 3553 2215 a

1980 2264 2086 2312 me,
2116 2257 2171 2303 et
2206 2247 2556 2303 assimilabor
2588 2249 3052 2304 descendentibus
3083 2251 3244 2321 283
3272 2251 3325 2306 in
3352 2252 3553 2307 cister-

1982 2356 2105 2393 nam
2137 2340 2272 2409 (57).
2312 2359 2331 2391 ι
2367 2339 2434 2394 Et
2462 2341 2659 2396 iterum
2705 2340 3003 2407 Zacharias
3035 2345 3300 2412 propheta
3329 2346 3406 2399 ait
3446 2346 3554 2400 ali-

1979 2435 2105 2488 cubi
2163 2434 2230 2489 ad
2287 2431 2565 2488 Christum
2603 2432 2949 2489 Servatorcm
3008 2451 3076 2490 ac
3126 2434 3553 2508 Redemptorcm

1980 2524 2170 2579 mundi
2206 2542 2221 2578 :
2266 2542 2285 2575 ι
2327 2522 2572 2578 Einisisti
2617 2525 2833 2579 vinctos
2884 2534 3009 2579 tuos
3049 2525 3118 2580 de
3166 2527 3442 2592 cisterna,
3497 2529 3552 2584 in

1980 2630 2087 2685 qua
2137 2630 2245 2669 non
2290 2624 2374 2670 est
2424 2630 2566 2684 aqua
2592 2615 2660 2670 δυ.
2718 2634 2737 2667 ι
2782 2615 2946 2670 Addit
2978 2616 3388 2673 Ecclesiastes:
3429 2639 3449 2672 s
3490 2614 3552 2674 Et

1988 2717 2292 2764 revertetur
2322 2708 2501 2778 pulvis
2527 2708 2581 2761 in
2621 2716 2846 2772 terram,
2893 2710 3039 2763 sicut
3067 2719 3205 2776 erat,
3241 2720 3296 2766 et
3326 2712 3555 2780 spiritus

1989 2800 2282 2854 revertitur
2307 2800 2373 2853 ad
2406 2798 2709 2868 Deum,qui
2744 2799 2893 2853 dedit
2926 2799 3076 2853 illum
3104 2817 3118 2865 ;
3150 2820 3168 2852 ι
3194 2803 3549 2871 apertissime

1985 2892 2249 2961 pulverem
2274 2891 2559 2960 appellans
2584 2906 2787 2960 corpus
2812 2890 3136 2945 humilitatis
3158 2900 3380 2956 nostrae,
3407 2895 3554 2963 quod

1985 2985 2066 3037 sic
2115 2983 2167 3036 in
2209 2990 2410 3036 terram
2462 2980 2662 3035 reverti
2712 2981 2872 3046 dixit,
2921 2982 3385 3051 quemadmodum
3429 2984 3557 3040 inde

1988 3073 2209 3127 initium
2245 3071 2438 3126 habuit
2467 3072 2603 3142 (58).

1615 3212 1663 3245 ⁸ο
1706 3212 1937 3269 Zachar.
1974 3229 2049 3279 ix,
2096 3213 2183 3267 ll.

305 3330 437 3385 ὀίειὶ
478 3330 605 3383 mihi
633 3331 1010 3400 possessionem
1042 3329 1280 3400 sortiset
1310 3327 1537 3400 funiculi
1570 3330 1745 3400 unius,
1770 3346 1887 3383 cum
1917 3339 1958 3396 (ζ
1995 3342 2078 3386 est
2102 3346 2233 3385 sane
2259 3330 2606 3395 anthemium,
2636 3346 2760 3400 quas
2785 3340 2839 3385 et
2870 3331 3129 3385 ant/remis
3159 3330 3303 3387 dicta
3323 3372 3340 3397 ,
3378 3332 3560 3388 herbae

306 3405 379 3455 sit
426 3410 587 3454 tanta:
626 3397 1021 3454 inultitudinis?
1069 3397 1278 3452 Similia
1304 3414 1434 3452 vero
1461 3399 1609 3453 alibi.
1645 3399 1786 3465 Quin
1831 3410 1886 3453 et

308 3472 494 3524 Persae
531 3480 696 3539 atque
726 3468 990 3540 )Egyptii,
1022 3484 1145 3521 cum
1177 3468 1552 3540 schoenis‘pro
1588 3470 1885 3523 continuo-

309 3556 434 3594 rum
476 3538 736 3595 menSura
764 3538 1068 3604 uterentur,
1100 3539 1289 3593 eodem
1326 3538 1489 3592 modo
1518 3539 1685 3592 locuti
1716 3549 1841 3593 sunt
1867 3557 1880 3594 :

311 3612 458 3664 unde
502 3609 677 3664 Graeci
716 3610 917 3663 habent
949 3610 1246 3678 Σχοίνισμα
1277 3608 1493 3678 ,μέτρον
1533 3608 1674 3671 ὁδοῦ,
1720 3618 1777 3663 ut
1809 3611 1887 3663 ait

314 3681 620 3750 Hesychius
647 3722 662 3743 ,
691 3678 724 3750 ἦ
760 3680 926 3750 μέρος
950 3717 965 3742 ,
992 3676 1055 3732 et
1073 3676 1382 3750 ΔΣχοινίζει.ν
1402 3676 1704 3750 terminare
1724 3719 1739 3740 ,
1771 3680 1886 3733 sive

311 3748 791 3805 circumscribere.
838 3748 987 3801 Nam
1048 3748 1378 3817 Σχοίνισμα,
1433 3748 1610 3817 inquit
1667 3748 1883 3813 Suidas,

317 3821 521 3889 μέτρου
575 3820 779 3889 μέρος,
817 3818 1213 3889 κληρουχία,ἠ
1258 3817 1361 3889 τῆς
1407 3824 1509 3889 γῆς
1558 3818 1881 3871 δεσποτεία·

316 3888 451 3943 ἴδιον
493 3889 603 3959 γὰρ
649 3888 758 3942 τῶν
810 3888 1163 3958 κεκτημένων
1212 3888 1397 3957 μέτρῳ
1458 3888 1557 3957 τὴν
1596 3892 1698 3959 γῆν
1748 3890 1882 3942 ὑπο-

316 3960 557 4012 ϐάλλειν.
610 3959 663 4012 ld
693 3970 797 4024 est,
848 3960 1110 4012 Mensura:
1153 3975 1317 4028 pars,
1361 3960 1537 4026 portio
1584 3961 1881 4028 assignata,

314 4029 434 4101 agri
454 4030 732 4101 possessio.
760 4028 1037 4101 Proprium
1058 4030 1195 4081 enim
1224 4037 1301 4101 est
1326 4029 1885 4101 dominorum,agrum

314 4098 576 4154 niensuras
606 4098 880 4167 subjicere.
922 4099 1024 4152 Sed
1054 4111 1229 4152 tamen
1261 4099 1362 4151 hoc
1389 4100 1538 4161 loco,
1570 4098 1614 4153 si
1642 4098 1884 4155 Vuasero

314 4172 650 4226 assentimur
704 4168 815 4237 (De
846 4185 1075 4240 mensur.
1118 4169 1330 4240 contin._
1351 4168 1445 4222 lib.
1479 4184 1525 4229 I.
1559 4184 1608 4222 c.
1638 4170 1741 4240 8),
1776 4186 1881 4223 non

315 4243 465 4295 aliud
499 4236 721 4308 quidem
744 4248 828 4293 est
859 4239 1242 4293 Ecclesiastaaz
1283 4236 1486 4292 Funem
1515 4236 1719 4308 argenti
1746 4256 1885 4293 ever-

317 4322 462 4373 tere,
498 4324 661 4379 quam
697 4311 855 4362 vitam
905 4308 1251 4376 abrumpere;
1284 4323 1470 4379 verum
1518 4311 1623 4362 alia
1660 4314 1883 4364 omnino

320 4375 569 4445 ratione;
617 4380 698 4433 sic
741 4381 886 4433 enim
932 4378 1200 4446 explicat:
1237 4396 1255 4428 ι
1301 4375 1368 4431 Ut
1406 4380 1751 4448 abrumpitur
1785 4380 1880 4443 iis,

316 4452 523 4521 quibus
541 4450 884 4503 abbreviatur
901 4448 1134 4502 medulla
1154 4450 1203 4500 in
1236 4448 1381 4521 dorsi
1411 4449 1587 4517 spina,
1615 4467 1731 4518 quae
1760 4450 1880 4503 allia

319 4518 384 4576 ut
413 4529 718 4589 argentum,
750 4520 893 4573 unde
922 4527 972 4572 et
1010 4526 1293 4589 argentum
1324 4518 1487 4579 dicta.
1509 4534 1573 4573 ac
1603 4536 1633 4574 a
1660 4521 1883 4574 cerebro

317 4588 604 4645 descendit
626 4606 721 4659 per
749 4591 961 4658 spinam
993 4588 1143 4642 dorsi
1177 4589 1349 4641 instar
1381 4589 1546 4652 funis,
1567 4599 1624 4642 ut
1658 4592 1882 4643 senibus

317 4662 540 4723 accidit,
575 4661 664 4727 qui
698 4660 751 4713 in
775 4667 1053 4713 senectute
1079 4668 1358 4727 propterea
1384 4659 1722 4719 breviantur,
1753 4663 1881 4729 quia

317 4730 561 4787 medulla
596 4731 702 4783 illis
742 4729 1040 4784 breviatur.
1080 4747 1100 4779 ι
1154 4729 1327 4797 Atque
1372 4731 1424 4782 in
1465 4729 1566 4783 hac
1610 4730 1719 4784 fere
1756 4746 1884 4785 sen-

320 4802 495 4856 tentia
538 4802 869 4853 recentiores
904 4800 1249 4861 rousistunt,
1285 4800 1598 4866 quicunque
1639 4803 1705 4854 de
1750 4816 1887 4854 ana-

321 4884 597 4944 goge‘non
630 4869 893 4944 laborant.
913 4867 1212 4944 Gregorius
1246 4868 1697 4924 Ncocazsaricnsis
1717 4872 1889 4944 inuti-3

322 4940 419 4996 l'ta’
438 4941 668 4994 divitum
697 4941 874 4992 studia
897 4950 949 4992 et
976 4940 1173 5011 frustra
1199 4952 1419 5007 paratas
1449 4955 1581 5007 opes
1612 4943 1888 5011 designari

323 5011 658 5082 censuit;in
687 5013 832 5062 hunc
861 5014 1004 5082 enim
1039 5009 1261 5082 modum
1295 5011 1514 5082 disserit
1544 5027 1557 5062 :
1595 5013 1699 5082 Καν
1728 5009 1755 5065 6
1789 5013 1889 5082 μὲν

322 5081 532 5150 ἀγαθὸς
577 5081 717 5150 ἀνὴρ
760 5082 841 5142 εἰς
875 5078 1092 5131 αἰώνιον
1135 5075 1285 5151 οἶκον
1312 5081 1417 5151 τὸν,
1450 5080 1643 5132 ἐαυτοῦ
1683 5075 1889 5151 χαίρων

324 5147 698 5221 ’πορεύσεταιϊ
730 5152 779 5203 0i
834 5151 891 5201 δέ
942 5166 1006 5216 γε
1064 5147 1291 5221 φαῦλοι,
1354 5150 1531 5202 πάντα
1589 5147 1889 5204 “caesim

323 5218 674 5291 ἐμπλήσουσι
717 5221 1083 5291 κοπτόμενοι,
1120 5223 1213 5272 καὶ
1235 5218 1360 5291 οὔτε
1394 5220 1657 5289 ἀργύριον
1687 5224 1890 5274 ἀποτε-

324 5289 792 5362 θησαυρισμένον,
817 5289 939 5342 οὔτε
970 5291 1193 5362 χρυσίον
1216 5289 1452 5359 ,δόκιμον
1488 5294 1764 5359 επωφελὲς
1789 5294 1889 5345 ἔτι.

325 5360 393 5416 ld‘
420 5360 544 5416 est:
585 5360 657 5415 Ac
687 5363 765 5414 vir
789 5362 995 5431 quidem
1020 5360 1215 5429 probus
1251 5362 1307 5413 in
1339 5363 1553 5414 domum
1579 5379 1728 5415 suam
1753 5381 1893 5416 sem-

325 5435 593 5503 piternam
640 5436 792 5486 ltetus
832 5431 1199 5503 proﬁ5isretur
1240 5446 1259 5483 .'
1304 5431 1527 5503 improbi
1577 5445 1748 5487 autem
1799 5449 1896 5485 sua

327 5501 513 5556 omnia
554 5503 855 5571 planctibus
887 5501 1175 5569 implebunt
1196 5542 1209 5565 ,
1248 5518 1338 5554 nec
1360 5502 1477 5568 jam
1506 5516 1780 5572 argentum
1817 5520 1899 5556 re-

328 5574 636 5639 conditum,
688 5589 778 5626 uec
821 5572 1279 5643 aurum_probunt
1318 5574 1569 5625 utilitatis
1620 5576 1904 5643 quidquam

327 5644 641 5715 habiturum
670 5653 766 5696 est.
800 5642 992 5712 (Ιὺιιι.)
1021 5641 1348 5715 Ρυνιῇυηήιία,
1398 5647 1489 5695 καὶ
1537 5641 1797 5715 συντριϐῇ
1848 5645 1907 5697 τὸ

326 5714 591 5784 ἁνθέμιον
614 5715 709 5766 τοῦ
740 5717 991 5784 χρυσίου,
1022 5713 1236 5784 reddidi
1288 5724 1337 5766 et
1374 5713 1680 5767 eonteratur
1702 5714 1898 5783 ﬂoscu-

326 5791 415 5838 lus
445 5783 601 5847 auri;
652 5800 762 5853 quo
799 5784 931 5837 nihil
982 5783 1316 5853 discede_rem
1351 5786 1417 5836 ab
1453 5788 1898 5853 tntcrprctatione

328 5858 539 5922 Nostri,
574 5848 685 5925 qui
707 5855 787 5909 sic
813 5853 1127 5923 esplicavit,
1159 5848 1273 5905 οἷόν
1304 5869 1352 5904 τι
1397 5854 1550 5923 ῥόδον
1580 5848 1798 5909 ἀνθοῦν.
1836 5858 1900 5909 ιιι

695 5948 967 6009 Puncta
1002 5945 1119 6003 Gn.
1168 5945 1438 6004 Χωίιι.

1993 3419 2164 3471 genus
2193 3402 2371 3469 parvis
2401 3409 2607 3456 ornata:
2635 3399 2862 3457 ﬂoribus
2882 3441 2898 3468 ,
2930 3416 3071 3471 quae,
3107 3410 3166 3455 ut
3190 3403 3270 3457 ait
3295 3402 3507 3460 Plinius
3538 3421 3556 3457 :

1998 3492 2016 3522 ‹
2053 3472 2338 3539 Colligitur
2373 3486 2535 3538 vere,
2574 3480 2629 3526 et
2677 3472 2730 3526 in
2761 3480 3154 3527 coronamenta
3187 3474 3489 3541 reponitur.
3532 3491 3552 3525 ι

1994 3541 2090 3601 (Η.
2129 3542 2199 3595 Ν.
2234 3543 2271 3597 l.
2311 3557 2447 3603 xm,
2474 3556 2524 3596 c.
2558 3540 2681 3611 2!);
2730 3542 2822 3595 sed
2864 3542 2933 3595 ab
2968 3540 3464 3612 Hesychio’dicitur
3499 3544 3561 3596 τὸ

1991 3613 2248 3682 ἐκλεκτὸν
2276 3612 2651 3682 χρυσίον,ῃὶεἰ
2680 3613 2861 3681 potius
2890 3626 3013 3666 cum
3043 3612 3316 3667 Salmasio
3340 3612 3556 3682 (Exerc.

1991 3679 2137 3752 Plin.
2187 3699 2239 3750 p.
2277 3679 2459 3744 ’⁷ιοδιι,
2511 3679 3073 3752 ἤλεκτρον-χρυσίου,
3124 3679 3407 3752 legendum
3462 3684 3554 3738 sit.

1991 3751 2149 3811 Nam,
2184 3763 2239 3805 ut
2270 3753 2385 3822 ipse
2405 3752 2481 3822 ait
2501 3769 2514 3804 :
2534 3750 2574 3822 ξς
2596 3750 2756 3804 Aliud
2792 3750 3030 3822 Lexich
3056 3750 3296 3806 nondum
3326 3752 3557 3817 editum,

2002 3819 2320 3892 Ἀνθέμιον]
2373 3819 2739 3892 τὸ-κάθαρμα
2785 3823 2850 3892 ἐκ
2888 3821 2986 3873 τοῦ
3022 3822 3284 3892 χρυσίου.
3339 3823 3400 3875 τὸ
3432 3823 3561 3892 ἠλε-

1992 3889 2175 3960 κτρονζ
2206 3891 2421 3945 Florem
2446 3889 2592 3944 hunc
2625 3889 2743 3943 auri
2772 3891 2887 3946 sive
2916 3889 3165 3960 spumam
3196 3890 3368 3946 Graeci
3394 3889 3559 3947 etiam

1993 3960 2277 4031 ἀδάμαντα
2304 3974 2565 4014 vocavere
2595 3978 2609 4031 ;
2641 3964 2778 4014 ratio
2813 3961 2865 4013 in
2911 3970 3162 4030 promptu
3198 3971 3328 4031 est;
3362 3976 3558 4030 spuma

1991 4028 2111 4085 auri
2147 4028 2433 4092 ele‘ctrum,
2466 4030 2609 4097 quod
2638 4044 2775 4083 auro
2804 4038 2857 4084 et
2885 4028 3109 4097 argento
3138 4030 3360 4085 mistum
3385 4028 3502 4099 est;
3534 4051 3554 4084 ι

1990 4101 2156 4171 quod,
2182 4103 2309 4169 quia
2344 4099 2878 4171 durius,666uavsa
2908 4100 3112 4171 dictum
3145 4100 3241 4153 ait.

2060 4167 2331 4239 Caeterum
2391 4170 2443 4223 in
2493 4167 2760 4223 Hebraico
2806 4169 3103 4237 exemplari
3154 4168 3415 4239 scriptum
3478 4178 3563 4225 est

1988 4251 2127 4301 nt‘l'ln
2162 4227 2301 4305 n51,
2335 4239 2567 4310 legytltus
2602 4241 2761 4304 auri;
2807 4248 2863 4310 et
2906 4227 2983 4292 in.
3010 4227 3563 4310 Vulgatis'habemns

1990 4313 2121 4365 vitta
2167 4328 2350 4366 aurea.
2386 4308 2455 4364 Ut
2486 4319 2666 4362 autem
2710 4310 2762 4362 in
2801 4309 3000 4379 lecytlto
3031 4308 3314 4363 cerebrum
3347 4311 3563 4379 signiti-

1990 4385 2101 4435 cari
2133 4384 2349 4445 volunt,
2380 4382 2459 4434 sic
2494 4379 2678 4432 vittam
2713 4395 2931 4432 auream
2961 4381 3203 4449 μήνιγγα
3230 4395 3354 4434 esse
3382 4383 3557 4447 aiunt,

1991 4468 2112 4523 qua;
2142 4454 2423 4523 cerebrum
2457 4450 2652 4523 ambit,
2679 4459 2733 4523 et
2764 4450 3156 4523 auricolorem
3192 4450 3377 4523 refert.

2061 4522 2173 4593 (57)
2212 4522 2356 4594 Psal.
2390 4534 2583 4594 xitvru,
2616 4519 2667 4573 1.
2698 4519 2770 4573 At
2800 4518 2942 4574 LXX.
2967 4519 3238 4576 habent...
3272 4521 3563 4594 Παρασιω-

1990 4591 2170 4665 πήσῃς
2204 4593 2304 4665 {rei
2331 4591 2471 4661 ἐμοί.

2062 4659 2172 4734 (3'8)
2216 4659 2457 4731 Reliqua:
2487 4660 2705 4734 demum
2740 4659 2984 4734 corporis
3024 4668 3207 4734 partes
3248 4662 3342 4734 hic
3375 4677 3564 4718 recen-

1990 4732 2093 4790 seri
2122 4743 2402 4803 putantur,
2431 4740 2491 4785 ut
2524 4732 2717 4801 hydria
2746 4732 2859 4803 sint
2888 4747 3059 4803 venae.
3095 4733 3211 4799 fons
3236 4733 3411 4800 jecur,
3444 4747 3561 4786 rota

1989 4802 2174 4874 caput,
2219 4806 2450 4857 cisterna
2483 4817 2577 4856 cor
2604 4821 2617 4857 :
2645 4807 2767 4871 qna:
2803 4802 2967 4874 siniul
3026 4803 3208 4874 omnia
3239 4806 3557 4872 jungantur,

1993 4872 2325 4943 ιιιέοιιροινίδ
2344 4873 2631 4943 dissolutio
2661 4872 3215 4943 describatur.l)igna
3242 4882 3420 4926 autem
3453 4883 3555 4943 est,

1990 4962 2152 5013 quam
2179 4940 2340 5012 'legas
2375 4942 2602 5013 Joannis
2654 4940 2853 4996 Smitlii
2899 4942 3094 4996 medici
3126 4940 3509 5013 'Lttndinetisis
3540 4957 3555 4992 :

1991 5010 2212 5068 Pictura
2246 5010 2391 5069 Seuii
2411 5011 2772 5076 Salomonica,
2803 5026 2913 5080 quo
2940 5012 2991 5064 in
3018 5026 3179 5079 opere
3201 5010 3415 5081 singula
3444 5012 3561 5066 haec

1990 5090 2055 5140 ad
2092 5086 2429 5139 anatomicas
2464 5085 2707 5137 rationes
2738 5091 3086 5136 revocantur.

2062 5156 2300 5225 Corpore
2346 5156 2398 5208 in
2441 5163 2966 5225 terrainconverso1
3004 5151 3189 5225 redire
3215 5149 3453 5225 Spiritus
3488 5150 3558 5205 ad

1992 5221 2409 5287 Denm'dicitnr,
2429 5224 2521 5290 qui
2545 5223 2691 5276 dedit
2719 5222 2890 5274 illum.
2921 5221 3079 5275 ﬂuuio
3105 5222 3302 5274 animae
3331 5221 3564 5276 reditum

1999 5296 2062 5349 ad
2095 5296 2263 5349 Deum
2302 5295 2469 5346 David
2520 5306 2737 5361 quoque
2772 5292 3081 5355 indicabat,
3137 5308 3260 5344 cum
3301 5301 3563 5347 caneret:

2004 5367 2081 5419 Ne
2107 5381 2307 5419 revoces
2347 5379 2424 5416 me
2450 5364 2504 5414 in
2533 5362 2757 5415 dimidio
2785 5362 2990 5415 dierum
3019 5377 3273 5414 meorum.
3300 5362 3466 5431 (Psal.
3491 5379 3562 5425 Ct,

1996 5436 2112 5503 9.5.)
2141 5434 2249 5488 Nec
2281 5433 2425 5486 aliud
2455 5433 2767 5501 signiticare
2794 5431 2997 5503 Paulus
3028 5434 3198 5503 voluit
3222 5471 3236 5494 ,
3273 5446 3394 5487 cum
3429 5435 3568 5487 scri-

2006 5501 2110 5573 psit
2140 5507 2203 5558 ad
2236 5503 2612 5573 Pliilippeuses
2641 5507 2787 5571 (cap.
2819 5518 2859 5567 ι,
2889 5517 2942 5556 v.
2967 5501 3060 5573 23)
3091 5520 3103 5556 :
3137 5501 3248 5572 Τὴν
3274 5503 3570 5573 ἐπιθυμίαν

2007 5571 2148 5645 ἔχων
2174 5577 2255 5638 εἰς
2280 5573 2340 5645 τὸ
2368 5571 2658 5645 ἀναλῦσαι,
2679 5575 2774 5645 καὶ
2798 5574 2894 5628 σὺν
2921 5571 3141 5645 Χριστῷ
3171 5571 3328 5645 εἶναι·
3348 5571 3571 5642 Cupiens

2010 5642 2221 5700 scilicet
2252 5643 2498 5715 religare,
2534 5642 2647 5697 sive
2673 5644 2805 5715 hinc
2833 5642 3063 5708 solvere,
3096 5642 3149 5698 et
3177 5646 3242 5700 ad
3277 5642 3445 5698 Deum
3483 5662 3572 5699 re—

2005 5717 2141 5779 dire,
2170 5726 2333 5785 atque
2354 5712 2494 5769 adeo
2511 5729 2629 5785 cum
2656 5712 2865 5769 Christo
2891 5728 3037 5776 esse;
3071 5730 3246 5785 neque
3266 5717 3409 5770 enim
3434 5715 3571 5770 sci-i-

2006 5790 2158 5857 ptum
2214 5797 2296 5840 cst
2335 5784 2697 5853 ἀναλύεσθαι,
2745 5785 2838 5844 sed
2878 5784 3177 5851 ἀναλῦσαι,
3227 5797 3287 5842 ut
3323 5787 3574 5857 superius

2007 5860 2322 5913 adnotatum
2357 5866 2461 5911 est.

3141 5948 3220 6006 37
