4098 6488
626 370 762 437 1163
1761 364 1822 422 S.
1856 362 2203 422 GREGORI

2310 364 2790 426 LGRIGENTINI
3751 354 3876 418 1104

696 479 926 552 Egregie
973 490 1103 531 vero
1146 473 1354 545 aptavit
1391 472 1557 527 verba
1607 471 1909 541 inquiens:
1948 491 1966 523 ι
2004 472 2062 526 In
2090 481 2201 526 ter-

2374 473 2709 544 Θαυμασίως
2764 474 2821 527 δέ
2878 472 2971 526 τὸν
3022 472 3181 541 λόγον
3211 468 3633 541 διεσχημάτισεν
3691 468 3873 521 εἰπών·

624 592 764 640 ram,
806 574 951 628 sicut
980 576 1118 633 erat,
1155 587 1173 621 ι
1209 568 1261 622 id
1290 576 1393 633 est,
1423 565 1888 637 quemadmodum
1918 565 2047 619 item
2075 572 2203 620 ante

2310 585 2329 619 ι
2380 565 2505 619 Ἐπὶ
2535 566 2637 637 τὴν
2668 567 2793 634 γῆν,
2822 566 2898 629 ὡς
2932 560 3023 636 ἦν,
3058 584 3077 617 ι
3108 564 3358 617 τουτέστι
3390 562 3528 617 καθὸ
3552 562 3648 615 καὶ
3683 562 3877 630 πρότεο

622 674 763 728 erat,
804 677 969 733 quam
1028 660 1135 714 tale
1187 673 1391 729 corpus
1447 672 1477 712 a
1533 657 1832 712 Conditore
1882 657 2199 727 ﬁngeretur.

2310 676 2400 729 ρον
2434 655 2503 728 ἦν
2538 658 2647 728 πρὸ
2674 657 2770 711 τοῦ
2800 658 3201 729 διαπλασθῆναι
3237 655 3391 727 παρά
3413 655 3507 709 τοῦ
3537 654 3877 727 Δημιουργοῦ

624 755 758 811 Nam
792 763 845 811 et
877 768 1112 824 magnus
1154 751 1368 822 Moyses
1420 751 1537 804 ait:
1576 768 1594 801 ι
1637 748 1704 803 Et
1753 748 2013 803 formavit
2060 747 2204 803 Deus

2310 748 2465 820 σῶμα
2506 749 2773 805 τοιοῦτον.
2830 751 2942 803 Kal
2974 749 3083 821 γάρ
3114 767 3281 821 φησιν
3332 750 3538 820 Μωσῆς
3597 750 3625 801 6
3674 748 3875 818 μέγας,

624 848 942 909 hominem,
1001 844 1285 915 pulverem
1345 842 1623 912 accipiens
1680 842 1749 897 de
1804 851 1953 896 terra
2004 841 2138 910 ('59).
2180 858 2200 891 ι

2312 860 2330 893 ι
2367 842 2479 895 Kal
2509 841 2744 896 ἔπλασεν
2771 844 2799 895 6
2822 842 2956 906 Θεὸς
2984 843 3078 896 τὸν
3100 842 3389 913 ἄνθρωπον
3420 841 3547 912 χοῦν
3577 840 3766 896 λαϐὼν
3784 844 3878 895 ἀπὸ

626 941 924 995 Enimvero
977 937 1333 1000 observasis,
1398 934 1678 1005 quomodo
1730 949 1929 1003 corpus
1981 934 2203 1004 quidem

627 1035 743 1087 sive
799 1030 1073 1100 pulverem
1129 1027 1389 1081 distincte
1430 1026 1486 1079 in
1533 1034 1737 1079 terram
1790 1027 1987 1079 reverti
2024 1026 2202 1080 dixit:

627 1125 884 1193 spiritum
914 1130 1100 1175 autem
1136 1119 1201 1173 ad
1250 1117 1438 1184 Deum,
1489 1117 1953 1171 immortalitatem
2010 1117 2207 1171 anima:

626 1212 1081 1269 manifestissime
1128 1209 1257 1263 hinc
1301 1208 1709 1262 demonstrans.
1749 1209 1959 1263 Etenim
1991 1207 2203 1278 inquit:

632 1323 650 1355 ε
682 1306 749 1359 Et
773 1304 1002 1374 spiritus
1024 1300 1323 1355 revertitur
1349 1299 1414 1352 ad
1440 1298 1636 1363 Deum,
1667 1300 1759 1369 qui
1789 1300 1940 1353 dedit
1964 1300 2147 1368 illum;
2180 1319 2199 1351 ι

624 1398 872 1467 theologi
918 1395 1123 1467 Moysis
1166 1394 1479 1449 doctrinam
1532 1393 1600 1448 de
1649 1394 1833 1448 anima
1873 1396 2206 1449 contirmans

2304 934 2406 1005 τῆς
2433 935 2558 1004 γῆς.
2595 954 2613 987 ι
2650 936 2970 1007 Παρατηρεῖ
2999 935 3055 989 δέ
3089 937 3201 999 πᾶς
3230 936 3259 988 6
3294 934 3640 1006 βουλόμενος,
3682 937 3805 999 πῶς
3827 936 3878 989 τὸ

2309 1027 2471 1096 σῶμα
2498 1027 2619 1097 μὲν,
2648 1029 2768 1099 ἦτοι
2797 1028 2890 1081 τὸν
2933 1027 3065 1098 χοῦν
3112 1028 3205 1081 ἐπὶ
3241 1028 3341 1098 τὴν
3374 1028 3482 1097 γῆν
3511 1029 3875 1101 ἐπιστρέφειν,

2306 1117 2712 1188 διεσταλμένως
2743 1113 2884 1171 εἷπεν
2922 1136 2943 1170 ι
2973 1118 3046 1171 Τὸ
3066 1117 3123 1171 δὲ
3156 1118 3374 1189 πνεῦμα
3404 1118 3541 1191 πρὸς
3569 1120 3662 1173 τὸν
3697 1120 3872 1172 Θεόνσι

2305 1210 2404 1281 τὴν
2435 1210 2735 1265 ἀθανασίαν
2784 1214 2885 1282 τῆς
2914 1210 3094 1281 ψυχῆς
3121 1210 3372 1284 ἐντεῦθεν
3416 1211 3704 1282 προδήλως
3750 1230 3878 1282 παρ-

2306 1299 2610 1368 εμφαίνων.
2660 1299 2773 1353 Kal
2820 1299 2929 1369 γάρ
2963 1313 3099 1369 φησι
3127 1316 3140 1329 ·
3182 1317 3199 1349 ι
3246 1299 3357 1352 Kal
3402 1299 3464 1351 τὸ
3504 1299 3727 1369 πνεῦμα
3769 1300 3877 1351 ἐπι-

2310 1392 2534 1463 στρέφει
2569 1394 2709 1464 πρὸς
2740 1392 2829 1445 τὸν
2860 1392 3016 1453 Θεὸν,
3041 1392 3100 1457 ὸς
3136 1392 3336 1446 ἔδωκεν
3387 1392 3520 1445 αὑτό
3541 1408 3556 1423 ⁸
3594 1410 3613 1444 ι
3640 1392 3739 1445 τοῦ
3771 1392 3877 1445 θεο-

2311 1481 2581 1550 φάντορος
2615 1482 2893 1544 Μωῡσέως
2924 1482 2985 1535 τὸ
3014 1482 3141 1551 περὶ
3166 1482 3347 1551 ψυχῆς
3379 1482 3559 1551 δόγμα
3601 1498 3878 1552 παρεμπε-

2308 1574 2415 1628 δῶν
2444 1574 2685 1644 δηλονότι
2722 1574 2783 1627 τὸ
2824 1574 3057 1641 φάσκον,
3096 1593 3115 1626 ι
3158 1575 3269 1628 Kal
3306 1574 3545 1629 ἔπλασεν
3578 1576 3608 1627 6
3637 1574 3772 1638 Θεὸς
3797 1575 3879 1627 τὸν

2309 1665 2619 1736 ἄνθρωπον,
2650 1666 2783 1736 χοῦν
2818 1666 2925 1720 ἀπὸ
2949 1668 3050 1738 τῆς
3077 1667 3201 1738 γῆς,
3232 1666 3329 1720 καὶ
3351 1667 3690 1736 ἐνεφύσησεν
3721 1670 3801 1730 εἰς
3826 1669 3879 1719 τὸ

628 1491 865 1547 dicentis
921 1504 1118 1558 nempe
1168 1504 1182 1542 :
1244 1506 1261 1538 ι
1306 1486 1372 1540 Ει
1421 1487 1679 1540 formavit
1730 1485 1874 1542 Deus
1926 1487 2205 1541 hominem

629 1584 910 1652 pulverem
962 1581 1031 1636 de
1084 1590 1251 1645 terra,
1304 1590 1359 1632 et
1409 1577 1698 1647 inspiravit
1737 1579 1791 1631 in
1844 1578 2040 1633 faciem
2087 1578 2208 1647 ejus

631 1677 910 1746 spiramen
942 1676 1070 1728 vitae
1101 1710 1115 1735 ,
1156 1681 1211 1727 et
1256 1670 1432 1725 factus
1456 1681 1537 1725 est
1573 1671 1738 1725 homo
1769 1670 1823 1724 in
1854 1671 2097 1725 animam
2125 1670 2210 1724 vi-

638 1776 877 1821 ventem.
937 1784 956 1817 ι
998 1763 1183 1830 Quare
1240 1761 1507 1831 spiratum
1542 1762 1657 1815 sive
1721 1762 1887 1815 vitam
1912 1778 1980 1816 ex
2011 1762 2206 1817 divina:

2314 1758 2608 1829 πρόσωπον
2635 1758 2803 1812 αὐτοῦ
2838 1759 3008 1831 πνοὴν
3036 1758 3203 1830 ζωῆς,
3241 1761 3336 1812 καὶ
3370 1761 3591 1828 ἐγένετο
3621 1761 3650 1812 6
3676 1760 3879 1831 ἀνθρω⁹

635 1858 964 1930 spirationis
1001 1858 1174 1926 gratia
1224 1866 1426 1918 ortam,
1465 1869 1588 1923 quis.
1618 1855 1955 1924 pragenitori
2000 1865 2206 1917 nostro,

2316 1868 2417 1916 πος
2462 1853 2543 1915 είς
2581 1851 2762 1922 ψυχὴν
2804 1852 3006 1916 ζῶσαν.
3043 1870 3064 1905 ι
3101 1853 3213 1923 Τὴν
3248 1847 3342 1905 οὖν
3385 1852 3494 1905 ἀπὸ
3527 1851 3630 1921 τῆς
3670 1853 3880 1922 χάριτος

632 1955 815 2022 primo
847 1950 1055 2004 homini
1084 1963 1114 2001 a
1144 1946 1369 2017 pulvere
1399 1943 1637 1999 formato
1664 1944 1789 1999 data
1813 1955 1917 2010 est,
1956 1947 2206 2015 spiritum

2312 1943 2409 1996 τοῦ
2442 1944 2663 2015 ἐμφυσή
2675 1962 2846 2015 ματος
2870 1944 2967 1999 τοῦ
3007 1944 3156 2016 παρὰ
3183 1944 3276 1998 τοῦ
3306 1944 3443 1998 Θεοῦ
3473 1945 3781 2014 γεγονότος,
3811 1948 3881 2007 εἰς

633 2044 797 2100 modo
832 2041 1190 2098 Ecclesiastes
1223 2038 1539 2108 appellavit,
1566 2053 1727 2108 quem
1770 2039 1932 2108 plane
1958 2039 2206 2094 distinxit

2314 2036 2406 2089 τὸν
2435 2036 2543 2091 ἀπὸ
2562 2036 2658 2090 τοῦ
2691 2036 2813 2108 χοὸς
2842 2036 3243 2093 διαπλασθέντα
3270 2036 3579 2108 γεννάρχην
3609 2036 3766 2106 ἡμῶν
3796 2037 3881 2088 καὶ

632 2153 662 2189 a
698 2136 939 2206 pulvere,
972 2133 1065 2204 qui
1092 2131 1150 2185 in
1190 2142 1389 2185 terram
1421 2130 1737 2195 revertitur,
1767 2146 1891 2185 cum
1917 2131 1983 2186 ad
2013 2130 2199 2186 Deum.

2318 2130 2755 2201 πρωτόπλαστον
2816 2132 3103 2203 ἄνθρωπον
3158 2130 3453 2201 δεδομένην
3518 2131 3689 2200 πνοὴν
3714 2170 3730 2195 ,
3771 2131 3879 2200 ἦτοι

632 2244 662 2281 a
693 2243 804 2297 quo
835 2226 998 2280 datus
1028 2233 1135 2289 est,
1173 2224 1325 2277 illum
1358 2236 1607 2276 remeare
1637 2223 2029 2276 enuntiaverit.

2320 2220 2489 2293 ζωὴν,
2526 2223 2765 2293 πνεῦμα
2782 2222 2878 2276 νῦν
2895 2225 2924 2277 6
2949 2222 3382 2293 Ἐκκλησιαστὴς
3413 2224 3876 2295 προσηγόρευσεν,

632 2321 772 2390 ὅπερ
801 2315 1195 2372 ἁντεδιέστειλε
1244 2314 1324 2386 τῷ
1358 2313 1443 2386 χοῖ
1500 2314 1579 2386 τῷ
1632 2314 2015 2387 ἐπιστρέφοντι
2074 2312 2212 2387 πρὸς
2243 2313 2342 2386 τὴν
2386 2316 2511 2387 γῆν·
2546 2317 2643 2371 καὶ
2710 2317 2849 2389 πρὸς
2889 2317 2982 2370 τὸν
3011 2316 3145 2370 Θεὸν
3221 2315 3575 2388 ἐπιστρέφειν
3600 2316 3691 2369 τὸν
3727 2316 3877 2369 δεδω-

634 2418 769 2471 κότα
795 2414 1150 2485 κατήγγειλε.

704 2598 987 2653 Adnotare
1015 2595 1179 2667 igitur
1208 2593 1445 2650 maxime
1482 2602 1739 2665 praestat,
1792 2610 1957 2666 quam
2008 2605 2212 2652 temere

636 2702 806 2762 atque
836 2689 1164 2755 insipienter
1193 2688 1421 2743 omnino
1450 2688 1819 2743 existimarint
1862 2689 2107 2758 quidam,
2153 2690 2209 2745 in

636 2782 1014 2852 superioribus
1063 2779 1410 2835 sermonibus
1485 2780 1629 2834 hanc
1698 2781 1959 2850 sapientis
2026 2779 2211 2835 Eccle-

637 2878 823 2932 siastae
869 2876 1186 2945 opinionem
1225 2871 1395 2927 fuisse
1453 2873 1618 2944 284
1654 2874 1903 2928 eamdem
1953 2890 2076 2929 esse
2111 2875 2210 2927 ho-

638 2968 803 3023 minis
830 2977 883 3022 et
906 2966 1140 3036 jumenti
1188 2966 1452 3029 animam,
1486 2981 1610 3019 eum
1663 2966 1738 3019 ait
1768 2983 1781 3019 :
1826 2984 1844 3017 ι
1888 2966 1955 3020 Et
1988 2965 2206 3036 qnident

634 3070 864 3115 eventus
892 3060 1126 3113 filiorum
1156 3056 1415 3122 hominis,
1446 3065 1499 3111 et
1525 3067 1755 3112 eventus
1776 3057 2017 3127 pecudis,
2044 3072 2208 3112 even-

637 3162 725 3205 tus
756 3165 899 3205 unus
929 3149 1105 3219 ipsis;
1144 3154 1204 3202 ut
1240 3162 1392 3202 mors
1428 3146 1611 3216 hujus,
1645 3147 1718 3201 ita
1766 3162 1916 3203 mors
1955 3148 2123 3214 illius,
2156 3157 2209 3202 et

2389 2595 2859 2667 Παρασημαντέον
2906 2594 3088 2649 τοίνυν
3142 2592 3543 2665 ὀφειλομένως,
3593 2591 3669 2656 ὡς
3714 2590 3875 2661 μάτην

2315 2687 2410 2741 καὶ
2443 2687 2623 2757 πάντη
2678 2688 3008 2759 παραλόγως
3056 2686 3312 2758 ᾠήθησαν
3353 2702 3519 2749 τινες,
3554 2686 3615 2737 ἐν
3654 2687 3767 2746 τοῖς
3795 2684 3877 2735 ἀν-

2312 2780 2439 2832 όπιν
2486 2779 2667 2847 λόγοις
2696 2780 2892 2833 ταυτὸν
2941 2775 3081 2832 εἶναι
3129 2778 3228 2849 τὴν
3258 2777 3352 2831 τοῦ
3392 2776 3681 2847 ἀνθρώπου
3712 2774 3878 2844 ψυχὴν

2315 2875 2412 2927 καὶ
2455 2872 2551 2926 τοῦ
2589 2873 2818 2943 κτήνους
2847 2871 3093 2936 δοξάζειν
3128 2871 3219 2923 τὸν
3249 2870 3413 2938 σοφὸν
3454 2868 3878 2939 Ἐκκλησιαστην

2315 2967 2374 3017 ἐν
2403 2964 2481 3035 τῷ
2522 2965 2776 3033 φάσκειν,
2820 2983 2839 3015 ι
2887 2964 2996 3016 Καί
3044 2979 3110 3031 γε
3159 2962 3477 3032 συνάντημα
3510 2960 3643 3013 υἱῶν
3676 2957 3879 3028 ἀνθρώ-

2314 3074 2459 3119 που,
2512 3056 2606 3110 καλ⁸
2641 3056 2961 3126 συνάντημα
3012 3053 3104 3108 τοῦ
3140 3055 3409 3124 κτήνους,
3466 3052 3777 3121 συνάντημα
3825 3049 3879 3101 ἐν

2314 3149 2519 3210 αὐτοῖς·
2558 3147 2633 3211 ὡς
2669 3148 2697 3201 6
2738 3147 2967 3208 θάνατος
2995 3144 3210 3208 τούτου,
3245 3143 3421 3207 οὓτως
3449 3143 3477 3195 6
3512 3141 3737 3203 Θάνατος
3765 3140 3877 3192 τού·

637 3242 866 3312 spiritus
897 3256 1039 3294 unus
1075 3240 1353 3296 omnibus.
1390 3237 1459 3292 Et
1493 3239 1624 3307 quid
1657 3240 1954 3295 abundavit
1992 3240 2153 3294 homo
2180 3256 2206 3294 a

2313 3256 2429 3304 του,
2454 3240 2550 3293 καὶ
2583 3238 2805 3309 πνεῦμα
2834 3237 2891 3290 ἐν
2920 3241 3034 3300 τοῖς
3064 3239 3220 3290 πᾶσι.
3253 3236 3362 3289 Kal
3398 3235 3453 3288 τί
3498 3234 3876 3303 ἐπερίσσευσεν

638 3332 888 3403 pecude?
926 3330 1097 3384 Nihil.
1136 3330 1275 3395 Quia
1318 3331 1502 3383 omnia
1546 3329 1799 3395 vanitas;
1861 3332 2041 3384 omnia
2085 3347 2207 3401 per-

638 3434 773 3493 gunt
809 3423 877 3477 ad
918 3424 1095 3476 locum
1130 3437 1297 3476 unum
1332 3438 1345 3474 :
1381 3422 1567 3474 omnia
1610 3420 1755 3475 facta
1802 3430 1931 3476 sunt
1973 3422 2041 3475 de
2093 3422 2211 3490 pul-

2312 3334 2340 3385 6
2355 3330 2640 3397 ἄνθρωπος
2663 3332 2814 3402 παρά
2829 3330 2890 3384 τὸ
2920 3330 3117 3400 κτῆνος
3139 3346 3152 3394 ;
3178 3330 3365 3384 Οὑδέψ
3388 3330 3471 3383 ὃτι
3494 3329 3564 3381 τὰ
3586 3330 3760 3381 πάντα
3785 3345 3877 3397 μα-

2310 3424 2532 3494 ταιότης
2555 3439 2571 3455 ·
2590 3424 2658 3477 τὰ
2691 3424 2868 3478 πάντα
2890 3424 3184 3495 πορεύεται
3204 3424 3282 3486 είς
3298 3422 3464 3475 τόπον
3493 3422 3609 3475 ἐνα·
3633 3421 3698 3473 τὰ
3716 3422 3875 3474 πάντα

642 3532 783 3581 νει-θ,
827 3525 881 3571 et
915 3515 1100 3569 omnia
1136 3522 1489 3567 revertuntur
1534 3513 1586 3565 in
1630 3514 1928 3582 pulverem.
1975 3512 2038 3567 Et
2088 3513 2206 3581 quis

2313 3516 2529 3581 ἐγένετο
2543 3514 2651 3567 ἀπὸ
2667 3516 2760 3568 τοῦ
2784 3516 2927 3584 χοὸς,
2947 3516 3043 3569 καὶ
3062 3515 3129 3567 τά
3150 3514 3330 3568 πάντα
3354 3513 3681 3582 ὑποστρέφει
3704 3513 3780 3574 είς
3792 3512 3874 3563 τὸν

645 3609 808 3673 mvit,
872 3606 1101 3677 spiritus
1152 3605 1388 3659 filiorum
1436 3604 1676 3657 hominis
1708 3604 1753 3658 si
1787 3604 2052 3658 ascendat
2094 3603 2210 3673 ipse

664 3715 881 3765 ursum,
910 3707 965 3754 et
992 3697 1219 3765 spiritus
1252 3696 1476 3767 pecudis
1509 3695 1554 3750 si
1580 3696 1873 3751 descendat
1904 3696 2018 3766 ipse
2044 3695 2209 3749 deor-

634 3808 757 3849 sum
791 3793 843 3846 in
880 3800 1082 3846 terram
1112 3789 1250 3859 (40).
1293 3808 1313 3841 ι
1347 3786 1449 3841 Hic
1498 3786 1641 3841 enim
1682 3802 1906 3842 omnem
1940 3788 2209 3858 ejusmodi

634 3884 1006 3955 suspicionem
1058 3881 1305 3945 sustulit,
1358 3892 1413 3934 et
1464 3880 1709 3934 stultitia:
1763 3880 1944 3947 arguit
1993 3894 2057 3933 ac
2089 3895 2211 3948 per-

2314 3605 2465 3675 χοῦν.
2503 3606 2612 3658 Kal
2646 3606 2728 3668 τίς
2753 3604 2862 3659 οἶδε
2885 3606 2945 3659 τὸ
2966 3605 3182 3676 πνεῦμα
3216 3605 3353 3657 υίῶν
3389 3604 3484 3657 τοῦ
3507 3603 3810 3675 ἀνθρώπου,
3830 3604 3872 3651 εἰ

2312 3698 2597 3752 ἀναϐαίνει
2626 3699 2757 3753 αὐτὸ
2780 3700 2858 3763 είς
2880 3699 3013 3764 ἄνω,
3039 3702 3135 3752 xal
3156 3696 3251 3751 τοῦ
3288 3698 3544 3767 κτήνους,
3562 3698 3611 3749 εἰ
3629 3694 3873 3749 καταϐαί-

2313 3807 2395 3842 νει
2427 3791 2558 3843 αὐτὸ
2596 3791 2746 3843 κάτω
2776 3793 2854 3854 είς
2884 3791 3009 3861 γῆν.
3050 3811 3068 3843 ο
3103 3790 3215 3844 Νῦν
3253 3791 3363 3863 γάρ
3414 3794 3596 3845 πᾶσαν
3624 3791 3873 3861 ὑπόληψιν

2313 3882 2572 3953 τοιαύτην
2614 3884 2815 3945 ἀνεῖλε,
2850 3885 2943 3936 καὶ
2975 3885 3384 3954 ματαιόφρονας
3410 3883 3626 3954 ἐλέγχει
3656 3885 3748 3936 καὶ
3777 3901 3870 3935 κα-

632 3992 807 4031 versa:
857 3974 1172 4046 opinionis.
1228 3973 1321 4041 qui
1360 3987 1693 4043 quocunque
1729 3973 1888 4027 modo
1920 3972 2027 4027 tale
2058 3973 2110 4027 in
2143 3988 2206 4027 eo

2312 3973 2567 4037 κοδόξους
2597 3975 2724 4037 τοὺς
2754 3974 3000 4027 ὁπωσοῦν
3038 3974 3100 4027 τὸ
3145 3974 3389 4027 τοιοῦτον
3435 3974 3629 4045 ψεῦδος
3665 3974 3870 4040 ὑπειλη-

631 4076 1007 4123 commentum
1042 4064 1310 4135 suspicati
1333 4073 1483 4131 sunt,
1510 4079 1631 4118 cum
1661 4063 1747 4119 hic
1773 4065 2004 4118 maxime
2028 4064 2205 4119 dicat:

636 4184 653 4215 ο
694 4163 1023 4219 Revertetur
1051 4160 1232 4229 pulvis
1264 4159 1318 4213 in
1359 4166 1582 4223 terram,
1630 4157 1773 4213 sicut
1810 4166 1948 4210 erat.
1989 4156 2057 4210 Et
2097 4157 2211 4227 spi-

630 4258 771 4311 ritus
796 4254 1093 4309 revertitur
1120 4253 1185 4307 ad
1216 4250 1408 4316 Deum,
1436 4249 1529 4320 qni
1552 4248 1701 4304 dedit
1727 4248 1900 4303 illum.
1928 4266 1946 4301 ι
1982 4246 2207 4303 Utrum-

628 4364 739 4418 que
784 4348 930 4401 enim
983 4345 1121 4399 mire
1176 4352 1345 4413 atque
1374 4342 1590 4411 egregie
1624 4341 1876 4395 distinxit
1906 4356 1969 4394 ac
2008 4341 2210 4411 dijudi-

629 4441 773 4495 cavit
810 4457 823 4492 :
856 4436 1137 4508 pulverem
1181 4436 1235 4488 in
1272 4445 1476 4488 terram
1514 4434 1715 4488 reverti
1755 4434 2067 4498 declarans,
2096 4434 2208 4505 spi-

2312 4067 2502 4135 φότας,
2537 4069 2594 4118 ἐν
2624 4064 2701 4134 τῷ
2742 4066 2837 4119 νῦν
2891 4066 3129 4136 μάλιστα
3175 4066 3374 4134 λέγειν,
3413 4084 3434 4118 ι
3488 4066 3871 4137 Ἐπιστρέψειό

2311 4158 2438 4229 χοῦς
2478 4157 2571 4210 ἐπὶ
2604 4157 2705 4227 τὴν
2732 4157 2855 4227 γῆν,
2888 4157 2963 4220 ὡς
2987 4152 3078 4228 ἦν’
3110 4158 3205 4209 καὶ
3234 4157 3294 4209 τὸ
3322 4156 3539 4227 πνεῦμα
3569 4156 3869 4224 ἐπιστρέφει

2311 4249 2451 4319 πρὸς
2480 4249 2573 4302 τὸν
2606 4248 2759 4312 Θεὸν,
2792 4246 2851 4311 ὃς
2882 4247 3081 4300 ἔδωκεν
3106 4248 3256 4301 αὑτό.
3283 4266 3300 4299 ι
3335 4247 3643 4318 Παράδοξον
3664 4247 3762 4316 γὰρ
3782 4250 3869 4297 καὶ

2311 4341 2626 4411 θαυμασίαν
2659 4341 2766 4393 τῶν
2814 4340 3093 4410 ἑκατέρων
3124 4340 3423 4409 ἐποιήσατο
3463 4340 3563 4409 τὴν
3604 4338 3868 4404 διαστολὴν

2310 4433 2404 4485 καὶ
2428 4431 2834 4502 διάκρισινοτὸν
2867 4430 2966 4500 μέν
3000 4430 3129 4501 χοῦν
3159 4431 3252 4483 ἐπὶ
3276 4431 3374 4500 τὴν
3405 4429 3511 4499 γῆν
3537 4430 3869 4500 ἐπιστρέφειν

630 4533 799 4583 ritum
823 4543 954 4583 vero
972 4528 1087 4583 sive
1107 4527 1370 4587 animam,
1391 4540 1738 4594 nequaquam
1760 4525 1902 4579 sicut
1926 4527 2203 4595 pulverem

2311 4526 2755 4596 ἀποφηνάμενος,
2796 4524 2857 4576 τὸ
2893 4522 2951 4576 δέ
2992 4523 3233 4594 πνεῦμα,
3260 4524 3510 4577 τουτέστι
3552 4524 3651 4593 τὴν
3683 4522 3865 4592 ψυχὴν,

628 4623 685 4675 in
721 4630 945 4685 terram,
1000 4618 1094 4674 sed
1120 4619 1209 4693 .ad
1260 4617 1431 4670 Deum
1464 4616 1681 4681 reverti,
1732 4618 1825 4686 qui
1858 4618 2120 4681 condidit,
2153 4628 2206 4673 et

2312 4617 2411 4668 οὑκ
2460 4616 2541 4668 ἐτι
2578 4616 2828 4686 καθάπερ
2862 4617 2890 4667 6
2942 4613 3071 4685 χοῦς
3118 4616 3256 4685 πρὸς
3285 4616 3382 4686 τὴν
3423 4616 3550 4685 γῆν,
3581 4615 3713 4668 ἀλλὰ
3745 4614 3866 4682 πρὸς

628 4712 933 4767 simulacro
960 4725 1126 4765 sensu
1154 4709 1361 4763 carenti
1392 4717 1557 4777 atque
1587 4708 1814 4762 inanimi
1843 4719 1897 4763 et
1929 4725 1958 4764 e
1984 4710 2205 4779 pulvere

629 4803 760 4857 ficto
801 4802 996 4857 indidit
1030 4799 1411 4872 inSpirationis
1442 4813 1553 4854 suae
1583 4800 1756 4869 gratia
1791 4800 1926 4869 (41).

702 5096 1043 5151 Erubescant
1080 5093 1313 5162 denique
1350 5090 1596 5145 veritatis
1628 5088 2045 5150 adulteratores,
2082 5090 2202 5142 vnl-

630 5202 829 5261 tusque
858 5204 1051 5243 eormn
1088 5184 1388 5256 ignominia
1423 5183 1776 5252 impleantur,
1812 5196 1937 5234 cum
1964 5181 2201 5247 videant,

697 5435 807 5504 (39)
848 5433 1047 5487 Verum
1079 5430 1218 5499 apud
1255 5427 1391 5504 LXAX
1423 5427 1579 5504 deest
1623 5425 1826 5504 λαϐὼν.

696 5495 810 5574 {40)
851 5504 998 5557 Eccl.
1037 5495 1125 5566 ιιι,
1151 5518 1179 5554 a
1211 5518 1263 5553 v.
1300 5501 1386 5574 li).
1514 5498 1721 5574 hielib.
1761 5512 1841 5574 ut,
1878 5511 1906 5549 a
1939 5496 2083 5574 920Σ

699 5567 808 5644 (41)
851 5574 973 5627 Ηίιξο
1004 5574 1057 5625 in
1091 5583 1299 5644 vett-res
1330 5567 1545 5644 Judatos
1574 5567 2021 5644 dieta_videntur.
2066 5567 2198 5620 Nam

626 5658 686 5702 ut
708 5639 807 5699 ’ρει
837 5659 866 5696 a
909 5642 1318 5711 mnltisjannlin
1356 5639 1779 5711 adnotatumjn
1814 5654 2199 5711 eorumeoru-

628 5716 928 5777 ntcntariis,
981 5713 1073 5782 qui
1114 5708 1379 5779 magistri
1427 5712 1565 5763 inter
1620 5708 1896 5782 Hebra'os
1929 5710 2194 5771 audiunt,

627 5788 891 5849 scriptum
932 5779 1241 5849 accepimus
1265 5822 1279 5841 .
1318 5796 1569 5848 magnam
1604 5779 1745 5850 apud
1797 5780 2027 5849 majores
2064 5791 2193 5829 suos

2311 4708 2402 4760 τὸν
2436 4707 2569 4759 Θεὸν
2620 4706 2972 4777 ἐπιστρέφειν
2994 4706 3085 4759 τὸν
3116 4708 3413 4778 ποιήσαντα
3446 4708 3579 4761 αὐτὸ
3610 4708 3700 4760 καὶ
3718 4705 3865 4758 656w-

2312 4799 2446 4852 κότα
2488 4798 2566 4869 τῷ
2605 4800 2917 4868 ἀναισθήτῳ
2965 4799 3059 4851 καὶ⁵
3105 4798 3299 4870 ἀψύχῳ
3344 4800 3622 4869 ἀνδριάντι
3653 4797 3866 4853 διαπλαο

2316 4888 2499 4941 σθέντι
2527 4892 2589 4943 ἐκ
2632 4890 2723 4943 τοῦ
2752 4890 2895 4959 χοὸς,
2928 4889 3018 4942 διὰ
3061 4890 3160 4959 τῆς
3191 4891 3285 4944 τοῦ
3329 4892 3459 4944 ίδίου
3489 4892 3864 4963 ἐμφυσήματος

2314 4981 2555 5051 χάριτος.

2384 5092 2841 5161 Αἰσχυνέσθωσαν
2870 5096 2936 5148 τὰ
2967 5096 3061 5148 νῦν
3089 5096 3140 5148 οἱ
3172 5095 3596 5168 παραχαράκται
3624 5097 3718 5166 τῆς
3745 5094 3861 5161 ἀλη-

2313 5181 2484 5246 θείας,
2532 5186 2625 5237 καὶ
2656 5184 2723 5237 τὰ
2771 5186 3039 5255 πρόσωπα
3068 5187 3249 5240 αὐτῶν
3283 5186 3723 5257 πληρωθήτωσαν
3750 5187 3858 5237 att-

2304 5426 2370 5482 de
2389 5428 2511 5482 libri
2534 5429 2879 5486 Ecclesiasta:
2899 5433 3222 5488 auctoritate
3242 5432 3661 5489 controversiam
3679 5427 3853 5482 fuisse.

2312 5517 2341 5571 ι
2366 5499 2716 5567 Quaerebam,
2760 5504 3036 5570 inquiunt,
3072 5506 3345 5571 sapientes
3371 5506 3645 5558 occultare
3676 5499 3854 5571 librum

2302 5568 2667 5625 Ecclesiasten
2696 5614 2710 5636 ,
2754 5568 2883 5642 quia
2922 5568 3271 5642 invenielmnt
3308 5576 3361 5628 in
3420 5589 3488 5628 eo
3527 5571 3681 5642 verba
3712 5569 3849 5623 incli-

2303 5643 2488 5694 nantia
2524 5643 2587 5694 ad
2624 5641 2882 5695 haereSin.
2920 5661 2938 5693 ι
2977 5641 3111 5699 Vide
3138 5643 3321 5700 Mellif.
3365 5644 3532 5699 Hebr.
3559 5641 3850 5708 Christoph.

2301 5712 2649 5781 Cartwrighti
2683 5727 2802 5782 cap.
2840 5712 2924 5767 ιε.
