4098 6506
323 373 467 439 1165

1384 372 1465 433 IN
1514 371 2096 434 'ECCLESIASTEN.
2130 394 2201 409 —
2248 370 2398 432 LIB.
2435 371 2506 431 X.

3442 355 3584 451 uss

319 484 483 555 μίας,
532 480 767 553 ὁρῶντες
816 479 910 534 τὸν
978 478 1141 549 σοφὸν
1194 480 1630 553 Ἐκκλησιαστὴν
1676 481 1769 535 τὸν
1801 480 1888 552 μὲι

2001 481 2307 550 sapientem
2401 479 2770 537 Ecclesiasten
2849 477 3216 536 declarantem
3296 480 3581 550 pulverem

323 574 480 645 χοῦν,
509 574 629 645 ἦτοι
660 573 722 626 τὸ
750 573 909 644 σῶμα
932 575 1031 642 τῆς
1060 572 1446 636 ταπεινώσεως
1470 573 1647 644 ήμῶν,
1680 573 1773 627 ἐπὶ
1802 572 1901 644 τὴν

316 668 439 737 γῆν
466 667 857 736 ἀποστρέφειν,
890 664 950 729 ὲξ
974 659 1042 734 ἧς
1075 663 1312 735 ἐλήφθη,
1345 664 1505 733 μόνον
1530 664 1897 733 ἀποφηνάμε-

316 775 431 812 νον’
461 760 560 825 τὴν
593 758 651 811 δὲ
674 757 854 827 ψυχὴν
881 756 1017 827 πρὸς
1050 757 1339 827 κρείττονα
1367 754 1519 825 λῆξιν
1552 755 1901 826 μεταϐαίνειν

318 849 762 918 καταγγείλαντα
802 848 1121 919 διαρρήδην.
1152 846 1551 916 Παρατηρείτω
1577 845 1688 914 γάρ
1724 846 1830 908 πᾶς
1871 844 1899 897 ὁ

319 941 689 1010 βουλόμενος,
723 939 841 1002 πῶς
886 938 1116 991 ἕκαστον
1172 936 1624 999 ἀντιδιαστείλας,
1658 935 1749 989 τὸν
1798 934 1898 1006 μὲν

320 1033 455 1103 χοῦν
486 1036 551 1103 τῇ
590 1034 844 1099 συγγενεῖ
875 1034 945 1102 γῇ
978 1030 1303 1102 προσφόρως
1342 1030 1435 1082 καὶ
1464 1027 1759 1099 προσφυῶς
1793 1029 1899 1081 άπ-

306 1118 630 1195 ηεκλήρωσεν
660 1122 851 1186 εἰπὼν,
889 1141 908 1174 ι
941 1125 1052 1177 Καὶ
1080 1120 1420 1193 ἐπέστρεψεν
1454 1123 1481 1174 ὁ
1518 1120 1649 1191 χοῦς
1680 1121 1773 1173 ἐπὶ
1797 1120 1897 1191 τὴν

302 1217 423 1287 ιγῆν
445 1216 520 1279 ὡς
551 1211 674 1286 ἦν’»
708 1214 798 1268 διὰ
839 1214 900 1267 τὸ
925 1215 1018 1267 καὶ
1050 1214 1110 1281 ἐξ
1141 1213 1313 1283 αὐτῆς
1348 1212 1643 1283 ληφθῆναι,
1676 1211 1768 1265 καὶ
1798 1212 1897 1283 τὴν

313 1309 533 1375 γένεσιν
566 1307 747 1360 λαϐεῖν
773 1290 869 1359 καί
889 1305 989 1376 τὴν
1021 1305 1274 1376 ὓπαρξιψ
1302 1306 1362 1358 τὸ
1383 1305 1439 1358 δὲ
1476 1306 1717 1375 πνεῦμα,
1742 1320 1897 1357 τσυτιο

302 1397 435 1450 ’ἐστι
479 1396 577 1467 τὴν
620 1396 815 1467 ψυχὴν,
840 1396 941 1449 οὐκ
971 1394 1052 1449 ἔτι
1090 1396 1170 1467 τῷ
1203 1394 1289 1465 χοῖ
1331 1394 1730 1466 παραπλησίως
1760 1393 1897 1465 πρὸς

313 1490 420 1558 τὴν
449 1489 551 1557 γῆν
584 1488 957 1559 ἐπιστρέφειν,
982 1487 1119 1540 ἀλλά
1162 1488 1298 1556 πρὸς
1322 1486 1413 1540 τὸν
1437 1487 1525 1555 ὑφ’
1556 1480 1618 1539 οὗ
1652 1484 1749 1539 καὶ
1773 1484 1893 1539 κατ’

313 1582 503 1634 εἰκόνα
541 1582 735 1649 γέγονε
778 1581 881 1650 τὴν
928 1578 1093 1633 αὐτοῦ
1130 1580 1223 1632 καὶ
1247 1578 1510 1648 ὁμοίωσιν
1548 1579 1638 1631 διὰ
1670 1580 1769 1647 τῆς
1800 1576 1892 1630 τοῦ

314 1670 465 1724 θείου
504 1672 899 1743 ὲμφυσήματος
954 1671 1194 1744 χάριτος.
1259 1668 1392 1724 Εἶτά
1432 1687 1599 1743 φησιν
1652 1670 1681 1723 ὀ
1731 1668 1895 1738 σοφὸς

327 1764 759 1835 Ἐκκλησιαστής
777 1780 792 1794 °

2004 575 2119 629 sive
2169 566 2377 645 corpus
2408 573 2735 629 humilitatis
2789 583 2993 629 nostrae
3037 574 3214 629 solum
3271 574 3327 627 in
3378 583 3581 630 terram

2002 667 2225 731 reverti,
2264 681 2331 721 es
2359 681 2469 735 qua
2517 672 2798 735 sum‘ptum
2830 675 2946 721 est:
2987 664 3404 721 denuntiantem
3450 681 3582 721 veru

2001 758 2440 814 luculentissima
2486 758 2726 813 animam
2767 759 3163 829 transmigrare
3207 758 3480 829 potiorem
3511 759 3579 813 ad

2002 850 2185 904 ﬁnem.
2221 848 2489 904 Obscrvct
2516 850 2665 903 enim
2698 850 2954 920 quisque,
2990 851 3077 905 cui
3111 851 3225 905 llaec
3254 864 3405 905 curae
3427 858 3576 915 sunt,

1999 939 2278 1013 quomodo
2304 941 2518 1011 singula
2545 942 2914 1009 distinguens,
2949 944 3230 1012 pulverem
3261 942 3396 998 scite
3422 951 3577 1012 apte-

1999 1049 2107 1105 que
2138 1042 2384 1104 coguata:
2419 1046 2577 1087 terra:
2617 1033 2848 1100 addixit,
2882 1034 3134 1105 inquiens
3168 1053 3181 1090 :
3224 1053 3242 1086 ι
3278 1034 3349 1090 Et
3394 1050 3579 1090 rever-

1999 1135 2145 1182 tetur
2182 1125 2363 1197 pulvis
2412 1126 2469 1180 in
2531 1133 2765 1191 terram,
2829 1128 2973 1183 sicut
3028 1138 3181 1195 erat;
3223 1149 3242 1183 ι
3290 1138 3575 1200 propterea

1998 1220 2145 1291 quod
2178 1229 2233 1275 et
2272 1234 2341 1275 ex
2378 1219 2494 1289 ipsa
2531 1227 2787 1287 sumplus
2840 1223 2931 1285 sit,
2980 1230 3142 1290 atque
3180 1222 3445 1292 originem
3478 1221 3577 1275 ha-

1998 1310 2179 1367 buerit
2222 1318 2278 1365 et
2325 1309 2659 1376 essentiam;
2697 1309 2949 1379 spiritum
2986 1321 3192 1376 autem,
3246 1313 3298 1365 id
3336 1321 3418 1366 est
3454 1314 3575 1365 ani-

1998 1418 2168 1470 mam,
2188 1402 2418 1456 minime
2441 1409 2501 1455 ut
2524 1402 2801 1471 pulverem
2828 1402 2882 1456 in
2912 1415 3113 1457 terram
3141 1405 3363 1470 reverti,
3384 1419 3572 1459 verum

1997 1496 2066 1549 ad
2114 1494 2288 1560 illum,
2342 1510 2371 1548 a
2406 1511 2517 1565 quo
2552 1503 2605 1548 et
2635 1492 2818 1549 factus
2852 1504 2936 1550 est
2971 1495 3037 1548 ad
3085 1494 3376 1566 imaginem
3411 1505 3464 1549 et
3492 1496 3572 1550 si—

1997 1572 2362 1640 tnilitudinem
2406 1601 2561 1640 suam
2593 1585 2796 1639 divinae
2829 1585 3209 1657 inspirationis
3244 1585 3442 1655 gratia.
3486 1584 3573 1638 Ait

1995 1678 2192 1733 deinde
2225 1676 2446 1748 sapiens
2478 1675 2837 1733 Ecclesiastes
2866 1695 2879 1731 :

1871 1878 2028 1955 θυι.

388 1998 727 2063 Ματαιότης
762 1998 1211 2067 ματαιοτήτων,
1240 1996 1410 2055 εἶπεν
1449 2003 1483 2057 ὀ
1531 2002 1885 2072 Ἐκκλησια-

2061 1992 2225 2065 285
2257 1992 2424 2049 Vsus.
2460 1992 2513 2047 8.
2559 1990 2787 2046 Vanitas
2837 1994 3149 2055 catillatum,
3200 1990 3339 2044 dixit
3386 1989 3569 2047 Eccle-

307 2086 502 2154 στὴς,
544 2086 617 2140 τὰ
652 2085 852 2140 πάντα
901 2089 1254 2157 ματαιότης.

384 2177 639 2248 Δηλονότι
670 2178 740 2231 τὰ
788 2178 1056 2249 πρότερον
1109 2178 1479 2250 ὀνομασθέντα
1533 2181 1655 2243 ταῖς
1703 2179 1893 2243 αὐταῖς

309 2268 409 2321 καὶ
438 2268 533 2321 νῦν
553 2268 903 2321 καθυπέλαὸε
932 2268 1213 2341 κλήσεσιν,
1252 2271 1395 2343 άπερ
1422 2271 1582 2335 εἰσὶν,
1617 2271 1693 2335 ὡς
1721 2270 1894 2342 ἔφθη-

316 2377 418 2430 μεν
456 2359 720 2425 εἰπόντες,
760 2359 828 2412 τὰ
857 2358 958 2429 τῆς
1007 2362 1250 2432 πονηρᾶς
1298 2361 1389 2413 καὶ
1420 2360 1631 2431 φαύλης
1663 2361 1759 2415 καὶ
1799 2378 1892 2431 μι-

316 2452 545 2507 σοκάλου
578 2451 949 2522 προαιρέσεως
999 2453 1197 2520 ἔκγονα
1247 2453 1427 2507 πάντα
1458 2455 1525 2507 τά
1550 2454 1647 2523 τὴν
1690 2454 1893 2523 μοχθη-

311 2545 418 2615 ράν
465 2542 936 2615 χαρακτηρίζοντα
1003 2542 1113 2598 τῶν
1171 2544 1531 2616 κακοτρὸπων
1580 2544 1885 2618 ἀνθρώπων

310 2634 481 2707 ζωήν.
510 2630 644 2688 Εἶτά
670 2650 837 2704 φησιο-
1180 2630 1181 2633 “

1870 2757 2001 2831 5x.

382 2872 491 2929 Kal
516 2870 981 2941 περισσότερον,
1008 2869 1098 2924 ὅτι
1140 2870 1377 2940 ἐγένετο
1415 2872 1895 2940 Ἐκκλησιαστής
1966 2898 1969 2899 ν

306 2967 527 3036 σοφὸς,
579 2963 677 3018 καί
708 2962 991 3016 ἐδίδασκε
1020 2962 1247 3033 γνῶσιν
1279 2962 1403 3015 σὺν
1424 2961 1529 3015 τὸν
1556 2963 1892 3032 ἄνθρωπον,

304 3058 409 3112 καὶ
449 3058 562 3112 οὐκ
606 3052 1011 3123 ἐξιχνιὰσεται
1074 3054 1328 3121 κόσμιον
1378 3052 1756 3121 παραϐολῶν.

378 3241 493 3314 Τὴν
532 3236 843 3309 ἀκροτάτην
883 3236 980 3292 καὶ
1019 3235 1369 3311 τελειοτάτην
1394 3235 1608 3307 σοφίαν,
1628 3236 1706 3310 ἢν
1737 3236 1885 3309 αὐτῷ

305 3334 509 3388 ἔδωκεν
559 3335 587 3386 ὁ
626 3331 758 3395 Θεὸς
807 3330 897 3384 διὰ
946 3333 1048 3402 τῆς
1093 3329 1532 3402 ὀνομασίας·τοῦ
1584 3332 1883 3401 περισσοῦ

304 3426 594 3497 προδήλως
626 3420 946 3489 αἰνίττεται,
988 3422 1172 3487 καθὼς
1203 3425 1259 3476 ὲν
1281 3426 1420 3487 ταῖς.
1441 3423 1753 3488 Βασιλείαις
1779 3441 1885 3495 φη-

307 3520 416 3573 σίνε
445 3536 463 3569 ι
504 3517 634 3570 Ἰδοὺ
669 3515 945 3588 πεποίηκα
971 3514 1113 3569 κατά
1141 3516 1202 3569 τὸ
1237 3516 1390 3587 ῥῆμά
1430 3532 1548 3570 σου·
1590 3516 1699 3570 ἰδοὺ
1730 3516 1886 3569 δέδω-

306 3609 384 3662 κά
415 3625 497 3661 σοι
528 3605 757 3677 καρδίαν
783 3606 1056 3677 φρονίμην
1084 3607 1180 3660 καὶ
1206 3606 1399 3677 σοφὴν,
1430 3607 1538 3678 πρὸ
1566 3606 1659 3660 σοῦ
1684 3608 1785 3661 οὐκ
1816 3603 1884 3679 ἦν

307 3693 497 3765 ὅμοιός
543 3710 659 3759 σου,
703 3693 796 3746 καὶ
831 3692 971 3762 μετά
1024 3693 1083 3746 σὲ
1135 3694 1235 3747 οὐκ
1281 3696 1645 3767 ἀναστήσεται
1700 3697 1886 3767 ὅμοιός

312 3770 423 3841 σοιξ
459 3804 478 3837 ι
514 3786 625 3839 Καὶ
654 3784 835 3851 πάλιν,
872 3804 890 3837 ι
923 3784 1130 3839 Ἔδωκε
1165 3786 1372 3856 Κύριος
1399 3787 1659 3859 φρόνησιν
1681 3788 1760 3860 τῷ
1777 3790 1885 3842 Σα-

308 3878 496 3949 λομῶν
530 3877 627 3931 καὶ
674 3875 865 3946 σοφίαν
895 3876 1096 3945 πολλὴν
1120 3876 1323 3947 σφόδρα
1362 3877 1458 3931 καὶ
1485 3878 1637 3948 χύμα
1667 3879 1882 3948 σοφίας,

309 3969 389 4032 ὡς
421 3971 456 4039 ή
488 3967 674 4038 ἄμμος
706 3969 739 4038 ή
788 3968 939 4038 παρά
972 3968 1070 4037 τὴν
1103 3966 1403 4031 θάλασσαν,
1439 3971 1532 4021 καὶ
1572 3968 1882 4039 ἐπληθύνθη

310 4062 477 4132 σοφίᾳ
513 4060 773 4130 Σαλομῶν
804 4059 1011 4131 σφόδρα
1052 4060 1192 4130 ὑπὲρ
1234 4060 1334 4132 τὴν
1363 4060 1626 4131 φρόνησιν
1667 4061 1885 4116 πάντων

308 4152 555 4225 ἀρχαίων
601 4149 941 4220 ἀνθρώπων,
993 4150 1085 4205 καὶ
1134 4151 1276 4223 ὑπὲρ
1327 4152 1538 4215 πάντας
1583 4152 1882 4225 φρονίμους

307 4242 612 4312 Αἰγύπτου,
647 4241 743 4295 καὶ
775 4240 1064 4309 ὲσοφίσατο
1091 4240 1232 4311 ὑπὲρ
1266 4241 1476 4305 πάντας
1504 4240 1880 4313 ἀνθρώπους..

310 4336 425 4404 Οὐχ
452 4334 639 4397 ἁπλῶς
666 4333 724 4386 δὲ
754 4332 909 4386 τοῦτό
955 4349 1120 4403 φησιν
1149 4331 1178 4384 ὁ
1217 4332 1379 4402 σοφὸς
1426 4333 1881 4404 Ἐκκλησιαστὴς,

308 4425 429 4480 ἀλλ’
462 4426 551 4479 ἵνα
591 4424 791 4495 μᾶλλον
843 4424 1295 4494 ἀξιοπιστοτέρας
1342 4425 1737 4497 ὲγκαταστήσῃ
1780 4424 1880 4486 τὰς

312 4517 452 4580 ἰδίας
482 4517 798 4588 εἰσηγήσεις
840 4520 955 4581 τοῖς
1014 4516 1343 4588 πυθομένοις
1366 4558 1380 4581 ,
1419 4518 1514 4571 καὶ
1544 4515 1885 4587 πιστώσηται

1993 2089 2203 2151 siastes,
2242 2088 2422 2140 omnia
2454 2086 2683 2141 vanitas.

2065 2177 2290 2233 Scilicet
2322 2193 2444 2248 qua:
2475 2178 2731 2247 superius
2758 2174 3112 2231 denominata
3162 2184 3314 2239 sunt,
3370 2175 3563 2230 iisdem

1992 2285 2136 2326 nunc
2176 2271 2344 2324 etiam
2394 2254 2863 2340 appellationibus
2910 2267 3215 2323 insectatur
3255 2267 3405 2338 (42);
3442 2279 3569 2323 sunt

1991 2373 2199 2430 autem,
2233 2373 2294 2417 ut
2320 2365 2484 2417 modo
2511 2362 2773 2427 diximus,
2802 2359 2987 2414 omnia
3014 2359 3172 2414 mala:
3198 2359 3570 2429 improbaaque

1990 2471 2055 2511 ac
2108 2471 2378 2527 perversae
2438 2454 2733 2509 voluntatis
2782 2453 3049 2523 germina,
3099 2467 3223 2523 quae
3271 2452 3566 2521 pessimam

2004 2549 2402 2620 ﬂagitiosorutu
2472 2547 2756 2603 hominum
2839 2546 3007 2601 vitam
3085 2544 3394 2615 designant.
3478 2544 3568 2599 Ait

1992 2641 2188 2697 deinde
2211 2658 2229 2691 -τ

2065 2873 2231 2931 Vsus.
2268 2875 2322 2931 9.
2360 2874 2425 2928 Et
2460 2874 2714 2943 amplius,
2747 2874 2872 2943 quia
2898 2872 3072 2941 factus
3107 2879 3185 2924 est
3216 2868 3565 2925 Ecclesiastes

1992 2966 2222 3032 sapiens,
2256 2975 2303 3018 et
2330 2965 2548 3018 docebat
2578 2963 2858 3017 scientiam
2892 2962 3174 3027 hominem,
3205 2970 3255 3015 et
3286 2978 3389 3015 non
3417 2977 3568 3016 scru-

1970 3057 2195 3111 tabitur
2223 3068 2466 3110 ornatum
2498 3054 2874 3125 parabolarum
2913 3054 3049 3127 (ιδ).

2065 3229 2347 3287 Summam
2396 3229 2813 3304 perfectamque
2865 3231 3427 3306 sapientiam,iquam
3484 3236 3563 3292 illi

1987 3324 2132 3380 Deus
2181 3324 2365 3390 dedit,
2415 3326 2785 3395 amplitudinis
2840 3326 3208 3397 appellatione
3264 3329 3563 3395 manifesto

1987 3417 2278 3487 signiﬁcat,
2301 3417 2764 3487 quemadmodum
2790 3417 2846 3472 in
2880 3418 3089 3489 Regum
3114 3419 3271 3475 libris
3294 3420 3560 3490 legimus:

1993 3524 2013 3558 ι
2053 3505 2193 3562 Ecce
2242 3506 2347 3563 l'eci
2397 3509 2701 3563 secundum
2753 3524 3037 3565 sermones
3073 3519 3197 3565 tuos
3227 3528 3240 3565 :
3272 3525 3403 3568 ecce
3438 3514 3561 3568 dedi

1987 3596 2086 3651 tibi
2123 3612 2219 3652 cor
2248 3598 2469 3667 sapiens
2495 3607 2550 3653 et
2585 3599 2901 3670 intelligens
2934 3601 2987 3653 in
3026 3584 3259 3665 tantum,
3289 3612 3351 3656 ut
3382 3605 3563 3660 nullus

1988 3697 2115 3742 ante
2153 3695 2202 3743 te
2234 3689 2431 3744 similis
2473 3691 2549 3745 tui
2582 3689 2785 3754 fuerit,
2824 3708 2921 3745 uec
2955 3703 3078 3762 post
3126 3682 3178 3747 te
3210 3678 3563 3751 surrecturus

1987 3779 2058 3835 sit
2092 3781 2227 3850 (M).
2272 3800 2290 3833 ι
2334 3782 2402 3836 Et
2446 3798 2641 3838 rursus
2688 3802 2701 3838 :
2742 3803 2760 3835 ‹
2799 3782 2955 3837 Dedit
3008 3783 3276 3841 Dominus
3327 3789 3565 3857 pruden-

1987 3872 2119 3926 tiam
2178 3871 2460 3927 Saloruoni
2516 3883 2569 3927 et
2626 3874 2948 3943 sapientiam
2998 3876 3219 3929 multam
3288 3879 3452 3934 nimis
3509 3889 3565 3933 et

1987 3960 2399 4029 amplitudinem
2469 3963 2790 4032 sapientiae,
2869 3964 3029 4032 quasi
3106 3980 3375 4031 arenam,
3442 3984 3565 4037 qua:

1986 4062 2072 4108 est
2124 4052 2179 4107 in
2232 4053 2413 4108 littore
2464 4055 2656 4121 maris,
2705 4064 2761 4109 et
2802 4055 3105 4124 completus
3158 4068 3241 4111 cst
3294 4060 3561 4130 sapientia

1990 4143 2250 4201 Salomon
2300 4146 2465 4201 nimis
2520 4161 2688 4216 super
2737 4147 3089 4217 prudentiam
3124 4148 3370 4203 omnium
3416 4152 3563 4205 anti-

1987 4254 2243 4307 quorum,
2282 4246 2337 4293 et
2363 4253 2528 4307 super
2560 4253 2752 4295 omnes
2782 4238 3059 4310 sapientes
3100 4238 3351 4311 IEgypti,
3379 4251 3433 4297 et
3472 4258 3563 4296 sa-

1988 4330 2188 4400 pientia
2238 4332 2493 4401 praestitit
2543 4333 2801 4387 omnibus
2856 4332 3173 4388 hominibus
3208 4332 3344 4404 (45).
3391 4353 3410 4387 ι
3454 4333 3564 4389 Nec

1987 4437 2117 4478 vero
2147 4423 2261 4478 haec
2295 4423 2416 4479 sine
2445 4438 2611 4478 causa
2649 4422 2861 4494 profert
2897 4424 3117 4495 sapiens
3153 4424 3522 4482 Ecclesiastes
3538 4469 3561 4490 ν,

1988 4513 2083 4569 sed
2118 4523 2178 4567 ut
2215 4513 2421 4568 monita
2469 4530 2569 4570 sua
2615 4515 2963 4571 auditoribus
3009 4517 3115 4570 tide
3149 4517 3356 4587 majore
3401 4518 3565 4595 digna

314 4608 529 4677 σαφῶς,
555 4608 629 4679 μὴ
661 4608 749 4662 διὰ
778 4610 879 4680 τὴν
911 4610 1120 4663 ἐκείνου
1153 4609 1313 4679 μόνον
1339 4609 1630 4678 ὠφέλειαν,
1666 4609 1767 4679 τῆς
1792 4626 1882 4662 το-

1992 4604 2203 4669 elliciat,
2226 4612 2281 4659 et
2305 4605 2407 4661 hoc
2428 4606 2533 4661 sibi
2555 4607 2792 4677 quisque
2821 4609 3170 4678 persuadeat,
3206 4625 3313 4663 non
3348 4620 3567 4679 propter

310 4701 511 4771 σαύτης
530 4702 681 4771 παρὰ
698 4700 793 4755 τοῦ
812 4701 946 4755 Θεοῦ
959 4702 1065 4755 τῶν
1079 4701 1215 4756 ὅλων
1234 4700 1534 4772 ἀξιωθῆναι
1560 4700 1876 4771 σοφίας,ἀλ-

305 4795 373 4847 λὰ
392 4795 491 4847 καὶ
506 4792 643 4864 πρὸς
664 4792 725 4846 τὸ
747 4792 927 4864 πολλῷ
946 4794 1146 4863 μᾶλλον
1181 4793 1394 4858 διδάξαι
1414 4795 1540 4857 τοὺς
1556 4791 1874 4865 ἀνθρώπους

305 4882 512 4952 γνῶσιν
551 4881 647 4935 καὶ
685 4884 878 4952 σοφίαν
920 4884 1014 4937 καὶ
1046 4882 1282 4950 σύνεσιν,
1312 4883 1447 4954 πρὸς
1486 4884 1549 4937 τὸ
1573 4883 1781 4946 πάντας
1814 4886 1875 4937 ὲν

379 5063 497 5133 (42)
559 5064 753 5133 Aquila
780 5107 795 5132 ,
858 5073 919 5119 ut
966 5064 1138 5129 solet,
1189 5062 1372 5125 vertit,
1401 5061 1589 5133 ἀτμὸς
1616 5062 1877 5133 ἀτμίδων,

306 5131 486 5201 vapor
510 5131 703 5203 nempe
725 5145 772 5188 et
805 5136 979 5203 fumus
1014 5150 1209 5196 merus,
1244 5136 1429 5188 eadem
1457 5131 1875 5203 signiﬁcatione.

308 5200 509 5259 Scribit
540 5200 667 5259 vero
699 5206 763 5258 ad
801 5200 943 5259 hunc
980 5206 1153 5259 locum
1203 5204 1268 5258 de
1311 5200 1638 5258 Ecclesiaste
1690 5200 1880 5257 Hiero-

308 5289 552 5344 nymus:
607 5294 625 5325 ι
662 5277 793 5329 Post
845 5275 1265 5344 descriptionem
1313 5274 1565 5328 interitus
1617 5272 1877 5344 humani,

306 5343 538 5413 pulchre
568 5346 851 5400 exordium
874 5345 1003 5415 libri
1029 5343 1134 5399 sui
1185 5354 1456 5415 repetens,
1488 5344 1563 5397 ait
1588 5361 1609 5415 7:
1658 5343 1879 5415 Vanitas

305 5411 625 5479 inuitatum,
669 5415 806 5468 dixit
861 5414 1225 5477 Ecclesiastes,
1247 5411 1440 5468 omnia
1476 5414 1705 5467 vanitas.
1741 5411 1879 5466 Cum

303 5484 455 5537 enim
486 5494 715 5539 cunctus
747 5486 1059 5540 mortalium
1098 5484 1269 5551 labor,
1315 5487 1384 5540 de
1410 5500 1519 5554 quo
1553 5486 1608 5538 in
1643 5492 1755 5537 toto
1785 5498 1881 5536 vo-

306 5554 518 5609 lumine
545 5554 876 5625 diSputatum
907 5567 1012 5620 est,
1061 5557 1167 5611 liuc
1198 5557 1496 5625 perveniat,
1542 5566 1599 5607 ut
1638 5564 1878 5607 reverta-

308 5632 402 5677 tur
432 5624 610 5692 pulvis
641 5626 695 5679 in
722 5636 924 5680 terram
952 5641 1107 5680 suam
1134 5664 1149 5688 ,
1185 5624 1238 5680 et
1267 5627 1450 5679 anima
1484 5625 1617 5679 illuc
1660 5625 1873 5685 redeat,

308 5693 697 5766 undesumpta
737 5704 851 5761 est,
891 5696 1397 5766 magnaavanilatis
1422 5705 1506 5749 est
1538 5696 1590 5749 in
1627 5696 1731 5749 hoc
1775 5710 1875 5749 sae-

304 5764 435 5818 culo
443 5764 736 5836 jabprare.
767 5776 822 5821 et
848 5765 983 5836 nihil
998 5764 1289 5834 profutura
1326 5767 1665 5836 conquirere.
1708 5784 1725 5816 ι

380 5834 494 5907 (43)
537 5834 641 5890 Sed
673 5838 815 5905 apud
849 5833 988 5892 LXX
1011 5833 1248 5906 legimus
1272 5876 1285 5899 ,
1330 5833 1740 5907 Καϊπερισσὸν
1788 5838 1868 5889 δτι

1987 4699 2159 4754 solam
2186 4698 2334 4753 illius
2357 4698 2648 4754 utilitatem
2676 4708 2885 4754 tantum
2910 4700 2959 4755 ei
2988 4700 3268 4770 sapientia:
3291 4716 3321 4755 a
3346 4702 3564 4756 summa

1984 4790 2097 4846 Deo
2147 4808 2270 4847 esse
2322 4792 2686 4863 impertitum,
2736 4792 2832 4849 sed
2878 4794 3045 4848 etiam
3068 4788 3141 4869 ut
3183 4794 3469 4849 scientiam
3510 4801 3564 4847 et

1983 4884 2308 4954 sapientiam
2343 4884 2804 4955 prudentiamque
2833 4885 3139 4954 impensius
3176 4886 3431 4941 homines
3460 4885 3559 4939 do-

1987 5063 2207 5135 ἐγένετο
2243 5063 2680 5135 ΪΕξικλησιαστὴς
2736 5061 2919 5135 σοφὸς,
2971 5063 3052 5117 ὅτι
3099 5060 3306 5126 ἐδίδαξε
3358 5059 3559 5130 γνῶσιν

1989 5135 2086 5187 σὺν
2113 5134 2203 5186 τὸν
2233 5132 2539 5199 ἄνθρωπον,
2574 5132 2667 5187 καὶ
2700 5132 2795 5197 οὓς
2834 5132 3267 5199 ὲξιχνιάσεται...

2059 5204 2171 5276 (44)
2211 5203 2279 5276 ιιι
2324 5202 2456 5276 Reg.
2493 5220 2598 5276 tu,
2662 5204 2750 5258 12.
2797 5204 2882 5276 "At
2924 5202 3077 5276 LXX
3124 5204 3395 5276 habent...
3448 5202 3561 5276 Καὶ

1988 5269 2185 5397 σιὲφήνο
2224 5275 2298 5337 ὡς
2348 5269 2431 5327 cii
2452 5274 2512 5327 οὐ
2541 5276 2763 5343 γέγονεν
2793 5273 3105 5347 ἔμπροσθέν
3134 5290 3249 5338 σου,
3284 5269 3559 5357 καὶίμετά

1988 5362 2019 5397 σ
3122 5364 3125 5365 ν
3284 5362 3287 5365 ·

1988 5362 2120 5401 σε...
3122 5364 3125 5365 ⁷
3284 5362 3287 5365 ’

2066 5417 2179 5489 (745)
2212 5414 2278 5469 ιιι
2321 5411 2453 5489 Reg.
2486 5429 2523 5468 ιι
2546 5454 2569 5489 ._
2592 5413 2680 5489 35.
2714 5411 2870 5489 A_pud
2919 5411 3057 5485 LXX
3104 5410 3439 5489 ιιιινριιῑεξεε..Δ
3460 5408 3559 5489 και

1992 5478 2193 5549 πλᾶτός
2239 5478 2498 5555 καρδίᾶς,
2542 5482 2617 5546 ὼς
2656 5484 2707 5555 ἡΔ
2735 5478 2989 5555 ἄμμος-η
3014 5482 3139 5555 ζίκαὶ
3171 5478 3485 5555 ἐπληθύνθη
3520 5487 3552 5550 ἡ

1992 5559 2253 5627 φρόνησις
2292 5551 2548 5627 Σαλομὼν
2587 5551 2805 5627 σφοδρα-
2829 5552 2969 5627 ὑπὲρ
2994 5554 3090 5624 τὴν
3128 5551 3388 5627 φρόνησιν
3416 5551 3556 5627 πάν-

1989 5622 2097 5680 eam
2131 5622 2261 5679 υἰῶν
2292 5625 2556 5693 ἀρχαίων,
2595 5622 2688 5676 καὶ
2717 5623 2856 5693 ὑπὲρ
2891 5622 3098 5686 πάντας
3134 5622 3431 5693 φρονίμους
3459 5622 3557 5673 Al-

1989 5698 2216 5764 γύπτου.
2246 5692 2469 5764 Reliqua
2503 5694 2727 5747 desunt.
2750 5692 2876 5764 ngc
2908 5694 3052 5748 enim
3079 5692 3383 5764 sequuntur
3404 5734 3418 5758 ,
3463 5696 3556 5746 και

1988 5761 2147 5822 ἔλαϐε
2182 5768 2279 5838 τήν
2319 5761 2595 5836 θυγατέρα
2622 5761 2893 5836 Φαραώ...
