4098 6508
588 358 718 420 iiti'l

1666 362 1728 420 S.
1776 360 2155 422 GREGORII
2210 365 2725 431 AGRIGENTINI

3693 374 3831 440 1168

586 480 734 527 ceret
764 490 778 527 :
808 484 920 541 quo
950 469 1226 538 sapienter
1263 482 1455 521 omnes
1485 479 1736 538 gererent
1766 471 1934 541 286
1966 486 2048 536 se,
2080 473 2149 525 vi-

2260 474 2425 546 σοφίᾳ
2476 480 2821 546 περιπατεῖν,
2866 480 2958 531 καὶ
2991 480 3248 550 φρονήσει
3276 480 3369 533 τὸν
3420 483 3555 537 ἴδιον
3584 485 3699 553 βίον
3730 492 3833 560 ῥυ-

586 578 809 633 tamque
869 562 1169 632 prudenter
1221 568 1502 629 regerent,
1558 572 1611 615 et
1658 572 1819 617 caute
1879 578 2162 619 sermones

585 657 796 711 elabiis
829 654 1158 725 proferrent,
1198 670 1260 710 ac
1294 670 1356 709 ea
1411 657 1647 725 denique
1699 659 1883 712 omnia
1934 675 2158 730 perage-

586 757 724 813 rent,
765 763 888 817 quae
939 746 1049 801 Deo
1103 747 1315 802 auctori
1368 758 1424 803 et
1458 748 1731 804 conditori
1785 766 1887 805 suo
1932 763 2157 822 accepta

582 847 767 895 essent
802 838 935 910 (46).

653 930 811 996 Quod
850 938 1029 983 autem
1062 926 1131 983 ait
1173 946 1184 981 :
1222 946 1240 980 ι
1280 928 1344 982 Et
1377 944 1484 983 non
1525 930 1866 985 scrutabitur
1896 944 2153 987 ornatum

585 1022 989 1093 parabolarum,
1032 1040 1049 1072 ι
1090 1021 1471 1090 exemplorum
1505 1021 1626 1091 ejus
1670 1031 1725 1077 et
1761 1024 2153 1079 sententiarum

581 1120 632 1164 et
658 1126 972 1166 sermonum
1002 1110 1054 1163 in
1087 1112 1251 1165 rebus
1282 1110 1659 1179 signiﬁcandis
1690 1113 1797 1166 vim
1824 1114 2157 1169 ubertatem-

583 1218 691 1271 que
744 1202 992 1257 declarat
1039 1218 1055 1254 :
1099 1202 1301 1271 quibus
1345 1203 1676 1273 evangelicae
1730 1205 1976 1261 veritatis
2026 1216 2156 1261 nota

582 1293 871 1348 exhibetur
918 1300 973 1347 et
1023 1293 1457 1361 intelligentibus
1510 1293 1804 1348 indicatur.
1842 1296 1977 1350 Tam
2009 1298 2155 1351 enim

583 1386 637 1440 in
670 1387 794 1451 hoc,
836 1400 999 1455 quam
1031 1385 1153 1441 aliis
1188 1386 1241 1439 in
1279 1385 1436 1439 libris
1465 1401 1560 1454 per
1598 1388 1757 1440 obvia
1785 1390 2071 1457 enigmata
2102 1399 2158 1444 et

582 1482 759 1549 signa,
790 1494 854 1533 ac
884 1478 1230 1548 potissimum
1264 1493 1362 1548 per
1389 1479 1642 1547 vulgares
1676 1482 2077 1550 appellationes
2103 1490 2157 1536 et

585 1587 672 1625 res
709 1571 985 1625 naturales
1034 1571 1361 1624 descensum
1417 1571 1825 1643 adventumque
1880 1572 2156 1643 Unigeniti

588 1664 680 1718 Dei
723 1661 903 1727 Verbi,
939 1678 1003 1717 ac
1030 1664 1400 1717 voluntariam
1438 1664 1559 1733 ejus
1598 1664 1651 1718 in
1691 1680 1855 1721 cruce
1898 1677 2155 1733 mortem,

588 1760 864 1828 triumque
894 1757 1103 1812 dierum
1131 1758 1469 1828 sepulturam
1502 1768 1665 1829 atque
1691 1763 2152 1819 resurrectionem

2260 563 2503 635 θμίζειν,
2535 567 2631 620 καὶ
2673 568 2887 622 συνέσει
2928 570 3057 631 τοὺς
3101 569 3296 639 λόγους
3331 572 3421 627 διὰ
3455 574 3567 627 τῶν
3608 578 3833 647 χειλέων

2257 657 2544 747 προάγειν,
2575 662 2669 714 καὶ
2690 660 2870 715 πάντα
2893 662 2962 716 τά
2997 663 3133 734 πρὸς
3152 664 3449 735 ἀρέσκειαν
3479 669 3576 723 τοῦ
3600 688 3835 747 nemq-

2256 746 2413 813 κότος
2436 748 2574 805 Θεοῦ
2606 752 2699 805 καὶ
2723 754 3071 825 Δημιουργοῦ
3094 755 3248 826 δρᾷν.

2331 930 2396 982 Ὀ
2422 928 2479 983 δέ
2512 949 2665 1002 φησι,
2700 951 2719 985 ι
2743 933 2854 987 Καὶ
2886 934 2985 988 οὐκ
3008 936 3367 1008 ἐξιχνιάσεται
3394 942 3623 1015 κόσμιον
3651 965 3835 1017 παρα-

2257 1016 2452 1084 ϐολῶν,
2497 1040 2517 1075 t
2549 1022 2658 1077 τῶν
2702 1025 2987 1081 εἰκονικῶν
3032 1029 3198 1083 αὑτοῦ
3240 1034 3705 1106 παραδειγμάτων
3736 1016 3836 1093 καὶ

2257 1112 2551 1182 νοημάτων
2584 1117 2678 1168 καὶ
2698 1115 2874 1184 λόγων
2911 1121 3278 1191 παρεμφαίνει
3300 1124 3361 1177 τὸ
3392 1125 3617 1196 πλῆθος·
3653 1128 3725 1181 δι’
3754 1122 3836 1183 ὧν

2256 1199 2356 1270 τῆς
2390 1203 2755 1276 εὐαγγελικῆς
2797 1205 3056 1278 ἀληθείας
3082 1209 3113 1260 ὀ
3146 1212 3432 1284 χαρακτὴρ
3477 1218 3837 1288 συνεισφέρε-

2256 1308 2347 1345 ται
2394 1296 2488 1347 καὶ
2517 1299 2845 1367 σημαίνεται
2887 1301 3001 1361 τοῖς
3033 1300 3295 1355 συνιοῦσι.
3328 1305 3449 1357 Κάν
3475 1308 3540 1376 τῇ
3575 1312 3834 1381 παρούσῃ

2257 1384 2369 1456 γὰρ
2397 1384 2590 1457 βίϐλῳ,
2623 1388 2764 1441 κάπὶ
2790 1393 2913 1452 ταῖς
2942 1390 3127 1453 ἄλλαις
3152 1390 3222 1443 δι’
3250 1396 3595 1465 αἰνιγμάτων
3627 1400 3834 1471 αίσθηο

2256 1478 2367 1530 τῶν
2403 1479 2499 1530 καὶ
2542 1481 2848 1550 ωμόόλων,
2892 1483 3093 1552 μᾶλλον
3122 1483 3177 1537 δὲ
3202 1487 3589 1557 προσηγοριῶν
3621 1490 3839 1562 ἀνθρωο

2260 1570 2434 1624 πίνων
2459 1572 2555 1624 καὶ
2582 1574 2827 1641 φυσικῶν
2867 1577 3208 1646 πραγμάτων
3239 1576 3336 1632 τοῦ
3380 1582 3708 1648 μονογενοῦς
3739 1583 3837 1636 τοῦ

2259 1663 2394 1716 Θεοῦ
2426 1665 2602 1731 Λόγου
2631 1667 2730 1735 τὴν
2765 1666 2991 1720 κάθοδον
3022 1669 3116 1722 καὶ
3147 1672 3449 1741 παρουσίαν
3479 1674 3669 1742 σαφῶς
3697 1694 3839 1744 προ-

2262 1755 2614 1825 κατήγγειλε,
2642 1757 2737 1809 καὶ
2768 1757 2868 1825 τὴν
2910 1759 3215 1814 ἐθελούσιον
3260 1763 3563 1833 ἀνάρτησιν
3594 1766 3695 1836 τὴν
3740 1768 3839 1819 ἐπὶ

587 1863 773 1922 aperte
813 1851 1216 1920 prrcnuntiavit.
1260 1850 1335 1906 De
1375 1852 1462 1907 itis
1508 1852 1674 1923 igitur
1718 1856 1795 1910 ait
1828 1874 1840 1910 :
1882 1874 1901 1907 ι
1936 1856 2149 1912 Et.non

2258 1845 2336 1917 τῷ
2366 1847 2509 1919 ξύλῳ
2533 1847 2611 1918 τῷ
2652 1848 2930 1920 στσυρικῷ
2963 1852 3056 1903 καὶ
3084 1852 3184 1921 τὴν
3209 1854 3509 1925 τριήμερον
3536 1859 3718 1928 ταφὴν
3740 1860 3840 1911 καὶ

587 1944 924 2000 scrutabitur
961 1952 1216 1998 ornatum
1247 1943 1657 2013 parabolarum.
1692 1964 1711 1998 ι
1748 1944 1981 2003 Callosis
2010 1948 2154 2003 enim

586 2049 652 2089 ac
700 2035 855 2089 duris
929 2031 1239 2087 Judmornm
1299 2033 1559 2088 cordibus
1618 2035 1705 2091 ille
1761 2036 2057 2105 figurarum
2104 2047 2160 2094 et

585 2128 868 2197 signorum
895 2124 1240 2179 sensibilium
1268 2139 1449 2180 sermo
1475 2126 1698 2196 quidam
1732 2128 1900 2183 veluti
1929 2138 2158 2187 ornatus

584 2222 707 2271 esse
746 2214 976 2277 solebat,
1011 2214 1102 2282 qui
1153 2228 1248 2267 eos
1279 2212 1333 2267 in
1378 2214 1535 2269 obvia
1567 2216 1857 2270 verborum
1890 2218 2159 2288 interpre-

586 2308 792 2363 tatione
837 2316 1153 2375 occuparet,
1184 2314 1239 2359 et
1267 2304 1320 2359 in
1353 2307 1709 2362 sensibilibus
1738 2320 1903 2379 atque
1947 2310 2158 2380 perspi-

583 2398 704 2454 cuis
746 2397 1000 2452 Mosaicae
1056 2396 1191 2465 legis
1234 2397 1713 2455 observationibus
1760 2399 1924 2455 stulte
1976 2403 2157 2456 conti-

584 2497 775 2557 neret;
827 2490 958 2559 quin
995 2488 1062 2543 ad
1099 2489 1324 2544 altiores
1354 2490 1737 2547 meditationes
1785 2492 2028 2548 animum
2070 2508 2157 2548 re-

583 2580 812 2645 ferrent,
844 2590 899 2635 et
921 2581 1314 2651 cogitationem
1345 2582 1655 2637 attollerent
1686 2583 2157 2654 producerentque

582 2687 759 2741 usque
803 2672 868 2725 ad
907 2671 1214 2727 inell'abiles
1248 2681 1302 2727 et
1335 2672 1653 2728 reconditas
1682 2675 2006 2741 sententias,
2035 2692 2157 2746 qua:

584 2763 775 2833 ﬁguris
814 2770 869 2817 et
918 2762 1195 2831 parabolis
1252 2762 1696 2818 illustrabantur.
1747 2762 1885 2819 Nam
1936 2767 2157 2836 sapiens

582 2856 803 2925 quidem
858 2853 1217 2910 Ecclesiastes
1267 2856 1453 2910 omnia
1481 2857 1547 2910 ad
1580 2864 1800 2927 captum
1829 2859 2157 2927 evangelicae

581 2948 833 3003 veritatis
871 2946 1052 3017 eloqui
1085 2946 1308 3011 institit,
1359 2956 1415 3001 et
1459 2948 1736 3017 parabolis
1785 2948 2055 3019 ejusmodi
2088 2951 2155 3005 ad

583 3040 931 3099 sublimiores
983 3040 1408 3105 meditationes,
1470 3041 1563 3109 qui
1625 3042 1928 3111 perspicaci
1974 3051 2155 3098 mente

2257 1938 2357 2003 τὴν
2396 1938 2636 2009 ἔγερσιν.
2686 1940 2823 2010 Περὶ
2867 1941 2975 1994 τῶν
3017 1943 3274 1996 τοιούτων
3324 1941 3419 1998 οὗν
3462 1964 3617 2016 φησι,
3649 1968 3670 2000 s
3724 1952 3841 2003 Καὶ

2256 2028 2355 2081 οὐκ
2385 2028 2748 2100 ὲξιχνιάσεται
2775 2033 3001 2102 κόσμιον
3031 2034 3379 2107 παραϐολῶν.
3410 2056 3429 2090 ι
3456 2033 3582 2091 Οἷον
3609 2041 3719 2112 γάρ
3750 2060 3841 2106 τις

2258 2123 2461 2191 κόσμος
2495 2124 2615 2185 ταῖς
2649 2124 3087 2196 πεπωρωμέναις
3130 2129 3225 2181 καὶ
3260 2130 3527 2202 σκληραῖς
3555 2132 3665 2185 τῶν
3703 2135 3839 2187 Ἰου-

2256 2211 2424 2265 δαίων
2458 2214 2710 2285 καρδίαις
2734 2215 2763 2267 ὀ
2800 2216 2910 2269 τῶν
2940 2218 3223 2272 είκονικῶν
3246 2221 3535 2291 ὀνομάτων
3567 2224 3665 2277 καὶ
3697 2242 3837 2296 cup.-

2259 2302 2430 2357 δόλων
2460 2306 2736 2377 αἰσθητῶν
2760 2307 2920 2376 λόγος
2947 2309 3261 2381 εὑρίσκετο,
3295 2314 3432 2386 πρὸς
3462 2315 3565 2386 τὴν
3604 2319 3837 2388 πρόχει-

2262 2412 2352 2465 ρον
2394 2398 2486 2450 τοῦ
2530 2399 2858 2470 γράμματος
2903 2401 3100 2465 αὐτοὺς
3138 2404 3391 2460 ἀπόδοσιν
3418 2408 3837 2478 ὲνασχολεῖσθαι

2257 2489 2714 2558 παρασκευάζων,
2748 2491 2841 2543 καὶ
2876 2494 2998 2556 ταῖς
3028 2492 3316 2564 αἰσθηταῖς
3344 2498 3441 2550 καὶ
3470 2502 3697 2569 νοηταῖς
3740 2500 3835 2554 τοῦ

2255 2581 2555 2634 Μωσαῖκοῦ
2580 2583 2744 2652 νόμου
2768 2585 3222 2657 παρατηρήσεσιν
3244 2588 3522 2653 ἀσυνέτως
3547 2592 3833 2661 ἐμμένειν·

2260 2672 2335 2745 μὴ
2377 2674 2558 2744 μέντοι
2590 2691 2654 2744 γε
2688 2676 2781 2729 καὶ
2811 2676 2947 2747 πρὸς
2974 2677 3073 2742 τὰς
3097 2678 3431 2752 ὑψηλοτέρας
3454 2683 3665 2747 ἐννοίας
3699 2684 3838 2737 ἀπο-

2260 2768 2507 2829 σκοπεῖν,
2548 2768 2645 2820 καλ⁵
2680 2767 2779 2831 τὰς
2814 2768 2903 2821 διὰ
2933 2770 3043 2822 τῶν
3071 2771 3353 2825 είκονικῶν
3388 2774 3484 2827 καὶ
3529 2775 3835 2845 παραδολι-

2256 2856 2371 2910 κῶν
2427 2858 2710 2928 ὀνομάτων
2759 2860 3167 2931 ὲμφαινομένας
3229 2863 3527 2934 ὑπολήψεις
3577 2868 3833 2938 ἀπορρή-

2253 2967 2381 3013 τους
2438 2950 2533 3005 καὶ
2557 2952 2948 3022 κεκρυμμένας
2975 2954 3541 3027 συμμετεωρίζεσθαι,
3573 2962 3669 3011 καὶ
3701 2977 3833 3013 συν-

2254 3039 2492 3110 ανυψοῦν
2544 3040 2644 3112 τὴν
2708 3041 2967 3098 διάνοιαν.
3014 3044 3074 3098 '0
3124 3044 3224 3114 μὲν
3250 3046 3361 3117 γὰρ
3390 3049 3553 3117 σοφὸς
3605 3051 3837 3123 Ἐκκλη-

582 3142 791 3197 essent,
836 3134 1124 3188 adducere.
1161 3134 1366 3188 Durum
1400 3150 1528 3189 vero
1559 3144 1613 3189 et
1649 3135 1899 3204 pertinax
1942 3134 2149 3192 Judan-

2258 3133 2487 3204 σιαστὴς
2535 3134 2675 3205 πρὸς
2713 3134 3017 3205 κατάληψιν
3046 3137 3144 3207 τῆς
3176 3139 3535 3210 εύαγγελικῆς
3570 3141 3832 3209 ἀληθείας

586 3245 704 3283 rum
738 3242 931 3299 genus,
979 3227 1065 3281 cui
1120 3225 1264 3282 Deus
1307 3225 1552 3281 universi
1593 3223 1767 3280 dicit:
1807 3244 1827 3277 ι
1870 3224 1997 3281 Scio
2027 3241 2149 3298 ego,

582 3322 708 3391 quia
737 3322 906 3375 durus
932 3334 991 3373 es
1013 3325 1093 3382 tu,
1123 3328 1177 3373 et
1200 3333 1398 3373 nervus
1427 3316 1638 3374 ferreus
1670 3318 1853 3373 cervix
1888 3328 1981 3373 tua
2008 3318 2154 3385 “°",

584 3414 635 3467 in
682 3427 747 3467 eo
773 3410 1121 3481 pervicacius
1158 3410 1420 3479 perstitit,
1457 3418 1517 3465 ut
1546 3410 1735 3464 obvias
1778 3418 1988 3464 tantum
2036 3426 2157 3465 ver-

582 3506 775 3559 borum
799 3502 1229 3573 siguiticatiOnes
1249 3514 1303 3557 et
1321 3502 1629 3557 attenderet
1647 3510 1703 3555 et
1726 3499 1994 3571 proferret
2019 3501 2155 3574 (47),

651 3641 769 3673 "'“
795 3641 881 3696 Isa
916 3656 1104 3707 sunt,
1142 3639 1195 3696 4.

654 3755 763 3826 (46)
804 3755 1067 3826 Praeclare
1115 3769 1243 3826 vero
1275 3752 1455 3826 delato
1502 3751 1604 3807 sibi
1653 3751 1883 3826 docendi
1923 3768 2146 3826 munere

585 3821 803 3880 functus
831 3835 914 3879 est
938 3825 1318 3888 Ecclesiastes,
1350 3822 1443 3893 qui
1474 3832 1551 3877 tot
1580 3821 1737 3877 nobis
1772 3834 2036 3893 praecepta
2075 3824 2144 3880 ad

585 3899 750 3949 vitam
779 3905 921 3949 recte
942 3895 1323 3949 instituendam
1358 3893 1414 3947 in
1444 3893 1511 3949 iis
1531 3932 1546 3956 ,
1572 3893 1678 3963 qui-
1707 3893 1886 3948 adhuc
1907 3904 2142 3960 exstant,

586 3967 740 4020 libris
773 3965 1094 4036 proposuit:
1138 3965 1191 4036 in
1206 3964 1429 4036 _qui_bus_
1449 4004 1464 4029 ,
1496 3970 1555 4017 ut
1585 3963 1769 4036 verbis
1805 3972 1925 4018 utar
1956 3965 2144 4036 Hiero-

585 4038 731 4106 nymi
767 4032 958 4106 (epist.
992 4036 1080 4098 ‘55,
1110 4035 1174 4106 ad
1203 4032 1438 4103 Paulin.)
1472 4049 1486 4087 :
1523 4051 1542 4106 ι
1581 4032 1839 4106 Salomon
1886 4035 2143 4106 pacificus

585 4104 641 4161 et
669 4107 919 4160 amabilis
947 4105 1156 4159 Domini
1195 4120 1374 4160 mores
1402 4104 1649 4173 corrigit,
1676 4113 1927 4157 naturam
1962 4105 2139 4170 docet,

585 4177 886 4231 Ecclesiatn
918 4176 1097 4245 jungit
1140 4182 1193 4228 et
1231 4176 1506 4229 Christum
1534 4214 1549 4237 ,
1589 4188 2011 4245 sanciat-umque
2042 4191 2143 4228 nu-

585 4250 822 4317 ptiarum
873 4242 1207 4317 dulce'_cattit
1233 4245 1666 4317 epithalamium.
1703 4261 1721 4294 ι
1754 4242 1827 4296 De
1868 4242 1977 4311 quo
2009 4247 2145 4317 scri-

585 4313 735 4385 ptum
765 4325 845 4370 cst
881 4315 994 4385 (Ill
1026 4314 1149 4383 Reg.
1182 4313 1376 4383 tv,32)
1409 4333 1420 4367 :
1452 4313 1787 4381 Locutusest
1812 4330 2013 4385 quoque
2044 4315 2149 4368 Sa-

585 4388 764 4439 luntou
817 4389 919 4437 tria
974 4386 1161 4455 millia
1196 4385 1521 4455 parabolas;
1558 4394 1607 4437 et
1644 4385 1858 4452 fuerunt
1903 4385 2145 4438 carmina

2253 3229 2490 3299 λαλῆσαι
2524 3229 2704 3284 πάντα
2736 3230 3011 3303 προήχθη,
3046 3232 3144 3287 καὶ
3175 3232 3262 3287 διά
3293 3234 3402 3288 τῶν
3432 3236 3694 3291 τοιούτων
3722 3253 3831 3291 πα·

2252 3322 2498 3395 ραόολῶν
2525 3322 2664 3394 πρὸς
2696 3321 2799 3387 τὰς
2833 3322 3328 3397 ἁναγωγικωτέρας
3351 3326 3558 3392 ἑννοίας
3589 3328 3830 3398 ἁνυψοῦν

2246 3416 2375 3479 τοὺς
2427 3413 2703 3478 συνετούς.
2758 3413 2835 3470 Τὸ
2887 3415 2945 3470 δὲ
3004 3416 3240 3487 σκληρὸν
3268 3418 3364 3471 καὶ
3397 3418 3687 3482 δυσπειθὲς
3722 3419 3829 3471 τῶν

2260 3507 2534 3563 Ἰουδαίων
2572 3508 2750 3578 γένος,
2802 3508 2943 3580 πρὸς
2996 3508 3024 3563 ὀ
3066 3526 3232 3581 φησιν
3283 3511 3313 3563 ὁ
3362 3509 3472 3566 τῶν
3501 3510 3639 3565 ὅλων
3669 3511 3827 3573 Θεὸς,

2248 3754 2463 3837 γέγονε..
2493 3754 2589 3808 καὶ
2612 3754 2816 3837 έρρέθη
2838 3752 2939 3837 Data
2965 3751 3058 3837 τοξὶ
3084 3754 3662 3837 μακαρίουμροιρητου
3683 3771 3715 3837 °_
3734 3756 3827 3809 καὶ

2248 3824 2403 3880 οὐδέν
2436 3827 2584 3879 ἐστιν
2608 3826 2636 3877 ὅ
2668 3824 2754 3889 τις
2785 3824 3105 3893 μέμψασθαι
3120 3824 3341 3888 δικαίως
3360 3824 3474 3894 ἔχει
3498 3824 3605 3878 τῶν
3632 3825 3822 3894 λελεγ-

2256 3898 2433 3977 μένων
2467 3894 2508 3986 ἢι
2523 3912 2724 3986 γεγεὶιη
2734 3895 2913 3977 μένων
2944 3894 3053 3986 ὑτξό
3078 3895 3295 3986 πάντων
3309 3894 3511 3986 ’ἀτελῶς
3542 3895 3672 3986 τῶγῆ
3686 3913 3823 3986 προῖ

2249 3965 2458 4051 ιρητῶν,
2487 3966 2581 4049 sitv
2614 3965 2712 4088 τῳ)
2742 3965 2942 4047 γνῶσιν
2968 3966 3068 4088 ’Ἔν
3094 3968 3153 4051 ὲρν
3175 3966 3359 4047 αὐτοῖς
3388 3965 3571 4035 ἔχητε.
3617 3965 3745 4019 Ἐάν
3767 3967 3824 4020 δὲ

2247 4054 2323 4099 ως
2354 4037 2404 4089 οἱ
2442 4034 2667 4089 διδασκα
2704 4053 2752 4089 οι
2781 4037 2935 4104 ὑμων
2961 4034 3010 4087 δι
3076 4054 3126 4088 τι
3151 4036 3387 4105 κάμηλοι
3406 4036 3510 4105 μὲν
3541 4035 3823 4105 θήλειαιὲν

2246 4106 2380 4176 τῷδε
2408 4105 2489 4176 τῷ
2518 4105 2667 4176 τόπῳ
2694 4107 2757 4159 ού
2792 4105 3063 4176 λέγονται,
3092 4105 3123 4175 ἢ
3173 4104 3238 4176 τί
3262 4104 3417 4176 είσινί
3447 4108 3503 4158 αἱ
3529 4104 3824 4175 λεγόμεναι

2249 4174 2500 4246 κάμηλοι
2543 4174 2778 4246 θήλειαι,
2809 4175 2842 4246 ἢ
2868 4175 2958 4228 διὰ
2992 4176 3046 4227 τί
3089 4174 3425 4245 σεμιδάλεως
3457 4177 3633 4244 μέτρα
3659 4174 3820 4238 τόσα,

2247 4247 2343 4299 καὶ
2385 4245 2566 4315 ἐλαίου
2600 4245 2776 4315 μέτρα
2823 4245 2958 4298 τόσα
3016 4248 3075 4298 ὲν
3126 4249 3248 4307 ταῖς
3286 4250 3623 4315 προσφοραῖς
3684 4248 3823 4315 μόνα

2248 4314 2567 4386 ἐξηγοῦνται
2590 4317 2619 4368 ὑ
2628 4314 2741 4384 μίν,
2765 4314 3053 4386 καὶταῦτα
3071 4314 3342 4378 ταπεινῶς
3361 4320 3459 4386 καὶ
3493 4314 3818 4386 χαμερπῶςο

2246 4386 2315 4465 τά
2333 4384 2399 4439 ’δὲ
2440 4386 2766 4465 μεγάλακαὶ
2794 4385 2919 4465 άξια
2950 4385 3256 4465 ζητήσεως.
3276 4384 3544 4465 μηδέποτε
3574 4384 3820 4465 τολμῶσι

584 4458 698 4524 ejus
731 4457 955 4525 quinque
992 4466 1041 4508 et
1072 4446 1252 4526 mille;
1297 4465 1346 4508 et
1389 4446 1690 4526 disputavit
1717 4470 1871 4522 super
1912 4455 2066 4524 lignis
2112 4472 2144 4508 a

2250 4446 2452 4523 λέγειν,
2483 4446 2616 4526 μηδὲ
2647 4446 3057 4526 ὲξηγείἇθαιλίῆ
3077 4446 3186 4526 ’καὶ
3214 4446 3391 4523 ίήμῶν
3439 4446 3820 4526 ἐξηγουμένων

585 4524 760 4591 cedro,
788 4541 903 4594 qua:
924 4534 999 4577 est
1037 4526 1089 4577 in
1120 4524 1537 4595 Libano,usque
1567 4524 1641 4595 ad
1673 4524 1951 4594 hyssopum
1978 4566 1992 4588 ,
2032 4541 2149 4593 qua:

584 4596 850 4664 egreditur
875 4595 938 4647 tle
978 4597 1213 4663 pariete;
1249 4608 1294 4649 et
1333 4594 1583 4648 disseruit
1610 4594 1671 4646 de
1694 4594 1951 4661 jumentis
1983 4605 2031 4648 et
2058 4611 2149 4648 vo-

584 4666 818 4719 lucribus
848 4673 897 4718 et
938 4665 1207 4733 reptilibus
1236 4675 1283 4718 et
1316 4665 1568 4735 piscibus.
1616 4665 1811 4716 Ἤσκει
1840 4681 1898 4716 τε
1922 4703 1937 4726 ,
1971 4664 2149 4735 inquit

588 4735 803 4797 Suidas,
846 4735 1023 4805 πᾶσαν
1053 4736 1245 4804 σοφίαν
1273 4734 1423 4798 θείας
1460 4734 1682 4805 χάριτος
1717 4735 2013 4803 γέμουσαν,
2048 4734 2148 4787 καὶ

584 4807 683 4875 τῆς
729 4804 1073 4867 διδασκαλίας
1118 4805 1391 4875 ἀκροατάς
1450 4804 1736 4865 πλείστους
1781 4806 2039 4858 ἐποιεῖτο.
2092 4804 2146 4860 Id

582 4888 666 4929 est
699 4895 711 4930 :
745 4875 1033 4929 Exercebat
1065 4892 1222 4944 porro
1250 4891 1361 4928 sese
1382 4876 1436 4927 in
1462 4876 1605 4926 omni
1633 4889 1815 4943 genere
1845 4876 2142 4942 sapientitz,

581 4962 697 5015 qua:
723 4962 841 4998 cum
873 4945 966 4999 Dei
990 4946 1163 5015 gratia
1204 4945 1487 5015 conjuncta
1508 4955 1606 5004 est,
1644 4954 1691 4997 et
1710 4947 2014 5015 complures
2044 4945 2144 4999 Ita-

582 5014 732 5069 bebat
764 5014 1031 5069 auditores
1061 5016 1453 5069 doctrinwsuw.
1475 5014 1547 5067 De
1571 5014 1827 5082 operibus
1865 5015 2142 5069 Salomoni

582 5089 859 5141 attributis
888 5087 1027 5149 vide,
1056 5088 1101 5139 si
1141 5098 1317 5151 vacat,
1342 5084 1586 5139 Codicem
1620 5084 2141 5154 Pseudcpigrapltum

582 5169 635 5221 ta
664 5174 813 5210 nntn.
845 5156 989 5221 187),
1026 5172 1185 5224 quem
1228 5155 1524 5224 llamburgi
1562 5154 1730 5209 edidit
1756 5150 1915 5209 Joan.
1949 5150 2143 5210 Alber-

580 5236 670 5283 tus
699 5226 1206 5296 Fabricius(i7i3).

652 5297 760 5367 (47)
802 5298 937 5367 ilice
966 5292 1107 5367 saepe
1135 5292 1202 5350 de
1235 5292 1480 5367 Hebraeis
1514 5309 1543 5347 a
1574 5295 1795 5367 διιειὶηο
1835 5302 2018 5350 notata
2056 5310 2141 5350 re-

577 5362 755 5437 peries
798 5369 852 5421 in
908 5362 1287 5437 Dialbgoﬂcum
1320 5362 1612 5437 Tryphone.
1649 5363 1828 5420 Unum
1858 5376 1927 5437 rut
1960 5369 2137 5420 locum

575 5435 823 5507 aderam,
857 5452 981 5490 cum
1017 5435 1083 5490 de
1126 5435 1311 5507 Moyse
1341 5435 1672 5507 mentionem
1711 5436 2004 5501 intulisset,
2044 5438 2138 5505 qui

575 5505 846 5576 Deijussu
874 5515 1180 5575 serpentem
1218 5504 1465 5576 aeneum“
1494 5504 1717 5567 fecerat,
1775 5504 2140 5576 posueratq’ue

576 5574 869 5647 ptjo’signo
899 5574 1082 5645 (Num.
1132 5592 1244 5639 χχι,
1274 5576 1350 5645 9),
1383 5574 1580 5647 adjecit
1609 5593 1623 5628 :
1667 5576 1742 5629 Οὐ
1773 5574 1879 5647 γάρ
1914 5574 2139 5631 καταλι-

574 5644 693 5699 πὼν
726 5644 819 5701 τδν
843 5644 992 5711 Θεὸν,
1023 5648 1115 5700 ἐπὶ
1173 5646 1378 5716 θηρίον,
1404 5644 1583 5717 δι’ᾼοῦ
1616 5648 1661 5717 ,ἠ
1700 5644 2010 5717 παράϐασις
2044 5647 2137 5700 καὶ

574 5717 1169 5788 παρακοὴᾲτὴνᾲάρχὴν
1215 5714 1432 5788 ἐλαϐεν,
1480 5714 1665 5788 tmte;
1697 5714 1792 5769 τὸν
1831 5718 1957 5769 λαὸν
1984 5718 2136 5769 ἐλπίο

573 5785 710 5850 ζειν.
758 5785 867 5841 κει
913 5785 1082 5842 ταῦτα
1132 5786 1269 5857 μετὰ
1318 5785 1513 5839 πολλοῦ
1558 5788 1652 5840 νοῦ
1692 5788 1787 5840 καὶ
1822 5788 2125 5858 μυστηρίου

2250 4524 2722 4610 παραγγέλλουσιν
2748 4526 2890 4610 ὑμξνΛ
2907 4524 3042 4610 μηδὲ
3093 4525 3242 4610 bimi
3259 4524 3532 4610 stratum;
3553 4526 3688 4610 μηδὲ
3740 4528 3818 4587 είς

2250 4593 2536 4649 κοινωνίαν
2562 4594 2736 4662 λόγων
2787 4593 2995 4647 taeen-
3062 4595 3182 4662 οὐχ)⁵
3214 4593 3439 4658 δικαίως
3493 4593 3819 4652 ἀκούσονται

2250 4614 2536 4649 κοινωνιαν
2564 4614 2736 4662 Λογων
2800 4614 2995 4647 εΑυειν·
3062 4614 3121 4646 ου
3166 4614 3182 4646 ι
3214 4614 3439 4658 οικαιως
3493 4614 3817 4652 ακουσονται

2248 4665 2392 4736 ἅπερ
2414 4665 2550 4737 πρὸς
2578 4666 2776 4728 αὐτοὺς
2808 4663 2913 4736 ἔφη
2958 4667 2987 4717 ὀ
3029 4614 3299 4786 nigram;
3355 4664 3560 4735 Κύριος
3617 4665 3817 4734 Ἰησοῦς

2248 4736 2503 4786 Χριστὸς.
2560 4735 2733 4786 Τάυοι
2789 4751 3056 4786 κεκονιαυ.
3088 4751 3190 4786 νοι.
3252 4732 3453 4786 ἔξωθεν
3506 4736 3815 4786 φαινόμενοι

2247 4732 2503 4807 Χριστὸς,
2560 4735 2733 4807 Τάφοι
2784 4732 3455 4807 κεκονιαμένοι,λέξωθεν
3506 4732 3815 4807 φαινόμενοι

2246 4803 2461 4874 ὡραῖοι,
2514 4806 2607 4857 καὶ
2668 4803 2870 4874 ἔσωθεν
2912 4803 3179 4874 γέμοντες
3227 4804 3430 4874 ὀστέων
3478 4803 3727 4874 νεκρῶν·
3755 4808 3814 4857 τὸ

2246 4873 2513 4945 ἡδύοσμον
2547 4873 3030 4940 ἀπώεκατοῦντες,
3086 4877 3179 4929 καὶ
3217 4873 3548 4938 διυλίζοντες
3582 4873 3679 4945 τὸν
3708 4875 3812 4927 κὼς

2245 4944 2442 5011 νωπα,
2482 4945 2582 5014 τὴν
2628 4944 2980 5014 δξᾼκάμηλον
3036 4946 3453 5014 καταπίνοντες,
3494 4944 3688 5011 τυφλοὶ
3736 4945 3811 4997 ὀδ-

2244 5017 2392 5086 ηγοί.
2426 5016 2478 5069 ld
2510 5012 2595 5069 est
2621 5031 2634 5067 :
2662 5012 2789 5086 Non
2813 5012 2966 5086 enim
2984 5014 3095 5086 ille,
3128 5014 3234 5068 Dea
3264 5012 3468 5077 relicto,
3502 5027 3689 5069 auctor
3718 5031 3808 5082 po-

2245 5084 2369 5147 pulo
2397 5086 2520 5152 fuit,
2542 5096 2597 5137 ut
2628 5089 2681 5138 in
2716 5084 2851 5152 fera,
2881 5085 3033 5153 cujus
3062 5085 3222 5139 ductu
3276 5086 3603 5153 trangressio
3660 5098 3807 5153 atque

2244 5155 2597 5209 iuobedientia
2649 5156 2862 5208 initium
2906 5158 3149 5218 sumpsit,
3178 5169 3321 5220 spem
3352 5154 3663 5211 collocaret.
3698 5155 3806 5209 bla-

2243 5240 2344 5293 gno
2373 5233 2485 5277 Itwc
2517 5234 2565 5277 et
2596 5226 2819 5295 consilio
2842 5236 2887 5277 et
2916 5226 3167 5295 mysterio
3190 5224 3335 5295 facta
3360 5233 3518 5294 atque
3543 5229 3803 5278 enuntiata

2242 5310 2276 5346 a
2309 5295 2459 5347 beato
2510 5294 2761 5365 propheta
2796 5306 2914 5365 sunt
2947 5293 3163 5365 {neque
3198 5293 3483 5364 quidquam
3512 5306 3591 5348 est
3620 5310 3685 5348 ea:
3723 5298 3800 5355 iis,

2242 5380 2360 5432 qua:
2389 5368 2453 5417 ab
2481 5364 2724 5418 erunibus
2757 5364 2911 5429 plane
2934 5368 3199 5432 prapltetis
3229 5365 3373 5418 dicta
3394 5372 3649 5433 autgesta
3683 5367 3797 5426 sint,

2240 5437 2378 5504 quod
2408 5436 2594 5488 merito
2618 5433 2681 5486 ab
2705 5433 2814 5486 ulla
2848 5436 3149 5504 reprehendi
3193 5437 3380 5503 possit.
3425 5434 3680 5503 siquidem
3714 5449 3800 5504 uo-

2240 5502 2429 5557 tionem
2464 5520 2644 5558 eorum
2668 5502 2913 5559 teneatis.
2944 5504 3010 5557 At
3038 5508 3081 5558 si
3114 5502 3221 5570 fere
3248 5502 3491 5574 magistri
3512 5506 3669 5558 vestri
3708 5502 3796 5555 illa

2239 5576 2381 5628 vobis
2411 5574 2699 5643 explicant,
2742 5590 2837 5626 cur
2865 5575 3049 5628 cameli
3089 5575 3185 5627 hoc
3230 5576 3284 5627 in
3322 5578 3434 5628 loco
3472 5575 3681 5642 femini:
3702 5588 3793 5624 non

2226 5645 2510 5710 dicantur,
2533 5657 2623 5697 aut
2656 5646 2784 5716 quid
2803 5646 2925 5712 sint,
2950 5646 3331 5714 quredicuntur
3356 5645 3543 5697 cameli
3565 5644 3792 5716 feminae;

2240 5716 2316 5767 rel
2359 5731 2515 5785 quant
2556 5716 2618 5768 ob
2662 5711 2875 5768 (ausam
2924 5711 3423 5785 similwimensurte
3470 5711 3572 5776 tot,
3617 5724 3663 5767 et
3702 5711 3789 5763 olei

2238 5784 2496 5840 mensura:
2521 5796 2596 5839 tot
2627 5786 2989 5839 tantummodo
3019 5786 3073 5839 in
3093 5784 3447 5840 oblationibus
3489 5787 3617 5851 siut,
3650 5795 3788 5851 atque
