4098 6512
322 366 466 434 116)

1421 374 1504 434 ΙΝ
1540 374 2121 440 ECCLESIASTEN.
2154 405 2225 416 -
2257 380 2407 441 LIB.
2434 381 2509 443 X.

3432 381 3577 459 1170

319 506 342 540 ε
378 485 637 540 Γινώσκω
674 485 805 555 ἐγὼ,
834 487 916 541 δτι
980 486 1212 560 σκληρὸς
1244 484 1300 544 ετ
1332 490 1420 557 σὺ,
1461 492 1559 546 καὶ
1590 491 1790 562 »νεῦρον
1830 510 1882 547 σι

2010 496 2173 566 287
2200 496 2354 563 Quod
2385 496 2604 568 attingit
2633 503 2798 567 atque
2829 494 3116 553 conlirmat
3143 494 3363 567 sapiens
3388 497 3572 552 Eccle-

311 577 517 650 δηροῦν
559 580 588 633 6
626 578 895 649 τράχηλός
942 597 1059 645 σου,
1096 600 1117 633 s
1160 581 1592 651 φιλονεικότερον
1641 584 1910 651 ἐνίστατο,

2020 589 2236 652 siastes,
2256 590 2519 660 adjiciens
2550 590 2836 659 protinus:

320 669 462 735 μόνα
512 668 583 722 τά
638 669 909 740 πρόχειρα
958 672 1209 742 νοήματα
1263 671 1359 725 τοῦ
1431 673 1764 745 γράμματος
1818 674 1914 728 καὶ
1967 679 2108 733 νοεῖν
2147 680 2245 735 καὶ
2289 680 2499 736 λαλεῖν·
2539 681 2676 753 ὅπερ
2708 679 3080 753 αἰνιττόμενος
3133 683 3228 737 καὶ
3286 698 3575 754 παρεμπε-

315 758 427 813 δῶν
462 760 492 813 6
516 760 678 829 σοφὸς
722 760 1154 833 Ἐκκλησιαστὴς
1184 763 1405 835 ἀμέσως
1432 764 1684 834 ἐπήγαγε
1705 780 1720 796 ·

1876 878 1905 952 5
1934 875 2032 934 xl.

320 988 531 1047 Πολλὰ
569 988 859 1058 ἐζήτησεν
908 992 943 1044 δ
1001 990 1489 1061 Ἐκκλησιαστὴς
1536 990 1644 1046 τοῦ
1696 991 1900 1061 εὑρεῖν

392 1084 613 1151 λόγους
635 1081 972 1151 θελήματος
993 1082 1093 1136 καὶ
1118 1083 1527 1155 γεγραμμένον
1546 1085 1896 1153 εὐθύτητος,

390 1175 612 1242 λόγους
631 1174 943 1241 ἀληθείας.

397 1283 419 1316 ι
455 1265 664 1333 Λόγους
694 1264 971 1335 ἀληθείας,
1012 1284 1031 1317 ι
1066 1266 1185 1319 ἀντὶ
1214 1265 1331 1332 τοῦ,
1363 1266 1582 1338 Σφόδρα
1621 1268 1717 1321 καὶ
1757 1265 1898 1339 μετὰ

319 1354 527 1425 πολλῆς
562 1357 869 1421 ἐπιτάσεως
896 1356 995 1430 τὴν
1027 1359 1335 1430 κατάληψιν
1368 1360 1602 1431 ἐζήτησε
1633 1359 1727 1413 τοῦ
1750 1359 1895 1412 θείου

318 1448 647 1518 θελήματος·
684 1449 811 1518 περὶ
840 1440 901 1500 οῦ
932 1464 1069 1518 φησι
1113 1450 1208 1501 καὶ
1250 1449 1466 1513 Παῦλος
1499 1452 1527 1503 6
1564 1452 1738 1521 μέγας
1760 1450 1897 1503 ἀπό-

317 1538 528 1603 στολος,
561 1538 859 1610 Ζητοῦντες
890 1558 908 1591 ι
927 1540 1005 1593 ,τί
1051 1540 1112 1593 τὸ
1140 1540 1352 1613 θέλημα
1384 1543 1476 1595 τοῦ
1503 1542 1636 1595 Θεοῦ
1670 1542 1730 1595 τὸ
1758 1543 1897 1611 ἀγα-

318 1630 415 1683 θὸν
452 1631 547 1683 καὶ
574 1630 869 1702 εὐάρεστον
898 1632 992 1685 καὶ
1019 1632 1249 1686 τέλειον·
1282 1652 1300 1686 s
1343 1634 1435 1687 xui
1462 1634 1645 1704 μέντοι
1680 1634 1776 1688 καὶ
1795 1634 1897 1704 τῆς

2076 988 2237 1045 Vens.
2270 989 2360 1044 10.
2391 988 2623 1043 Mullum
2663 987 2906 1059 quresivit
2953 985 3339 1051 Ecclesiastes,
3384 997 3441 1041 ut
3485 990 3567 1042 in-

1964 1088 1967 1091 ’
1997 1084 2193 1138 veniret
2228 1081 2383 1136 verba
2420 1081 2742 1151 voluntatis,
2788 1089 2838 1135 et
2886 1080 3143 1151 scriptum
3186 1080 3525 1134 rectitudinis
3552 1120 3566 1145 ,

1997 1174 2151 1229 verba
2180 1174 2415 1226 veritatis
2447 1174 2582 1243 (48).

2074 1282 2092 1315 ‹
2130 1262 2307 1319 Verba
2362 1262 2650 1330 veritatis,
2702 1281 2721 1315 ι
2782 1262 2834 1317 id
2885 1270 2971 1317 est
3024 1261 3221 1317 divina:
3270 1263 3569 1318 voluntatis

1996 1354 2365 1423 cognitionem
2404 1354 2575 1408 multo
2627 1352 3048 1421 vehementique
3096 1364 3298 1407 conatu
3354 1355 3572 1423 perqui-

1997 1446 2168 1501 sivit:
2202 1447 2270 1502 de
2299 1462 2405 1517 qua
2453 1454 2508 1500 et
2556 1444 2762 1500 Paulus
2811 1460 3044 1514 magnus
3088 1444 3370 1514 apostolus
3414 1446 3569 1509 dicit,

1998 1540 2255 1596 Studiose
2281 1548 2587 1610 quaerentes
2615 1581 2630 1605 ,
2672 1558 2690 1591 ι
2728 1555 2851 1610 quae
2879 1538 2949 1593 sit
2988 1539 3237 1594 voluntas
3284 1538 3377 1593 Dei
3426 1541 3568 1593 bona

1996 1640 2051 1686 et
2102 1630 2467 1700 bencplacens
2512 1639 2565 1685 et
2597 1631 2837 1700 perlecta
2861 1630 2943 1697 ";
2983 1649 3001 1682 ι
3054 1639 3166 1684 turn
3210 1638 3261 1684 et
3290 1646 3570 1685 sermones

315 1719 613 1791 εὐθύτητος
638 1722 733 1774 καὶ
760 1721 858 1792 τῆς
890 1721 1148 1791 ἀληθείας
1168 1725 1294 1787 τοὺς
1324 1723 1535 1793 λόγους,
1565 1723 1657 1788 οὒς
1690 1724 1886 1796 ἔγραψε

2001 1732 2178 1777 rectos
2211 1737 2275 1777 ac
2307 1738 2499 1787 veros,
2553 1737 2693 1793 quos
2742 1720 2956 1792 Moyses
3002 1722 3215 1777 scilicet
3258 1722 3475 1790 scripsit
3501 1721 3567 1777 de

315 1812 518 1883 δηλαδὴ
554 1813 763 1884 Μωσῆς
806 1815 1053 1885 περὶτοῦ
1084 1815 1325 1887 Χριστοῦ
1372 1817 1464 1872 καὶ
1489 1816 1623 1871 Θεοῦ
1657 1817 1754 1871 καὶ
1781 1818 1894 1871 Σω-

314 1905 484 1975 τῆρος
514 1905 693 1975 ἡμῶν.
726 1907 899 1971 Λὺτὸς
939 1908 1049 1979 γάρ
1084 1926 1247 1979 φησιν
1271 1910 1329 1962 ἐν
1355 1912 1467 1973 τοῖς
1506 1910 1887 1979 Εὑαγγελίοις·

320 2015 339 2045 ι
377 1994 524 2064 Ἐγώ
552 1998 667 2066 είμι
696 1998 729 2068 ἡ
771 1998 885 2071 ζωὴ
933 2001 1027 2052 καὶ
1056 2000 1305 2071 ἀλήθεια.
1342 2019 1360 2051 ι
1394 2002 1531 2071 Φησὶ
1559 2001 1615 2055 δὲ
1648 2002 1748 2055 κάν
1774 2005 1887 2067 τοῖς

318 2088 564 2159 ’ᾼσμασι
594 2089 705 2145 τῶν
736 2091 998 2161 ᾀσμάτων
1026 2090 1198 2155 οὕτως
1220 2092 1383 2155 αὐτὸς
1409 2094 1437 2146 6
1464 2093 1772 2164 σοφώτατος
1798 2096 1892 2148 Σο-⁸

311 2180 532 2250 λομὼν,
588 2181 663 2244 ὡς
713 2183 849 2253 πρὸς
898 2182 1061 2237 αὑτὸν
1116 2184 1524 2254 ἀνακέκραγεν,
1566 2204 1584 2237 ι
1643 2187 1890 2257 Εὑθύτης

312 2270 571 2341 ἠγάπησέ
597 2284 681 2325 σε.
730 2290 749 2324 ι
784 2272 925 2336 Τοὺς
960 2269 1056 2327 οῦν
1085 2274 1275 2340 λόγους
1320 2275 1416 2329 τοῦ
1464 2274 1767 2346 θελήματος
1794 2279 1890 2332 αὑ-

315 2361 409 2414 τοῦ
446 2364 743 2427 σωστικοὺς
777 2364 939 2429 ὄντας
973 2366 1189 2420 πάντων
1227 2366 1324 2418 ἀνθ
1336 2366 1532 2436 ρώπων
1579 2368 1718 2436 ἀγαν
1762 2370 1891 2438 ἐζή-

315 2468 481 2521 τησεν
507 2454 688 2524 εὑρεῖν
712 2454 742 2506 ὁ
793 2454 1252 2525 Ἐκκλησιαστὴς,
1281 2457 1377 2508 καὶ
1410 2458 1592 2525 μέντοι
1623 2459 1714 2512 καὶ
1739 2454 1887 2531 εὗρε,

317 2544 545 2608 καὶτοῖς
581 2546 698 2614 μετ’
724 2546 887 2600 αὐτὸν
921 2546 1330 2619 παρεγγύησεν.
1372 2549 1512 2602 Ἀλλ’
1541 2551 1590 2602 oi
1627 2550 1727 2620 τὴν
1753 2568 1889 2623 καρ-

312 2634 433 2688 δίαν
488 2636 780 2691 ἀτίθασσον
830 2637 1067 2709 ἔχοντες,
1119 2640 1214 2692 καὶ
1265 2641 1711 2711 πεπωρωμένους
1762 2645 1888 2707 τοὺς

313 2727 535 2795 νοεροὺς
563 2728 895 2799 ὀφθαλμοὺς,
926 2730 1049 2784 οὐδὲ
1087 2730 1187 2801 τὴν
1219 2730 1476 2802 ἀλήθειαν
1522 2732 1628 2785 τῶν
1660 2733 1752 2786 ὑπ’
1785 2736 1885 2788 αὑ-

312 2818 409 2871 τοῦ
432 2819 770 2889 λαληθέντων
789 2824 1127 2891 ἐπέγνωσαν,
1153 2824 1276 2878 οὔτε
1309 2826 1371 2879 τὸ
1402 2825 1519 2895 φῶς
1546 2827 1717 2897 αὐτῆς
1752 2846 1887 2882 κατα

315 2908 447 2961 ιδεῖν
465 2909 830 2981 ἠδυνήθησαν.
860 2930 878 2964 ι
901 2913 975 2965 Οὐ
998 2913 1107 2984 γάρ
1140 2913 1404 2983 ἔγνωσαν,
1431 2914 1553 2967 οὐδὲ
1587 2919 1880 2987 συνῆκαν,ι

309 3003 429 3056 ἀλλ’
475 3006 532 3058 ἐν
569 3008 750 3061 σκότει
784 3008 888 3077 τῆς
939 3009 1079 3073 ίδίας
1128 3009 1449 3075 ἀλαζονείας
1509 3009 1755 3074 ἀϐούλως
1790 3013 1884 3066 καὶ

308 3096 588 3162 δυσσεϐῶς
616 3098 1013 3171 ἐπορεύθησαν·
1039 3101 1115 3165 ὡς
1158 3102 1253 3155 καὶ
1299 3102 1504 3173 σφόδρα
1532 3103 1881 3172 χαλεπαίνειν
1909 3080 1950 3137 c

307 3190 405 3242 καὶ
432 3189 805 3263 δυσχεραίνειν
828 3192 971 3247 κατὰ
990 3192 1100 3247 τῶν
1135 3193 1308 3262 λόγων
1333 3193 1425 3247 τοῦ
1456 3194 1881 3265 Ἐκκλησιαστοῦ

308 3282 405 3334 καὶ
431 3281 540 3333 τῶν
570 3282 743 3337 ἄλλων
771 3283 877 3338 τῶν
908 3285 1307 3356 παραπλησίως
1330 3286 1477 3357 αὐτῷ
1504 3289 1635 3358 περὶ
1657 3287 1759 3357 τῆς
1788 3286 1881 3341 τοῦ

306 3373 445 3426 Θεοῦ
471 3375 646 3443 Λόγου
703 3377 1007 3448 παρουσίας
1042 3378 1541 3446 καταγγειλάντων·
1575 3378 1671 3432 ἆτε
1694 3379 1758 3451 δὴ
1783 3379 1882 3433 καὶ

305 3464 562 3538 καθάπερ
590 3468 696 3522 ὑπό
718 3486 882 3525 τινων
910 3468 1101 3541 βελῶν,
1130 3470 1221 3523 ὑπ’
1242 3469 1423 3523 αὐτῶν
1454 3470 1887 3542 τιτρωσκόμενοι

306 3557 404 3609 καὶ
442 3558 808 3632 πληττόμενοι
832 3565 931 3626 τὰς
963 3560 1114 3632 σφῶν
1144 3562 1436 3626 ἀσυνέτους
1465 3560 1711 3635 καρδίας.
1742 3562 1881 3618 Τού-

303 3664 404 3703 του
438 3651 597 3722 χάριν
632 3654 856 3725 ἀμέσως
883 3656 1162 3728 ἐπήγαγεν
1185 3672 1200 3687 ·

2000 1811 2222 1868 Christo
2254 1821 2308 1867 et
2338 1812 2447 1867 Deo
2478 1823 2532 1867 et
2563 1813 2851 1869 Servatore
2890 1822 3099 1869 nostro.
3152 1814 3240 1867 Ait
3275 1814 3420 1868 enim
3455 1814 3569 1886 ipse

2000 1904 2054 1957 in
2086 1902 2396 1973 Evangeliis
2426 1922 2440 1959 :
2484 1922 2502 1955 ι
2535 1905 2649 1975 Ego
2676 1921 2798 1960 sum
2829 1905 2934 1959 vita
2960 1915 3014 1959 et
3046 1906 3251 1960 veritas
3279 1905 3429 1977 (49);
3465 1927 3482 1958 ι
3516 1918 3570 1962 et

1999 1992 2052 2046 in
2084 1990 2326 2047 Canticis
2374 1994 2713 2048 canticorum
2763 1993 2903 2049 idem
2938 1996 3381 2064 sapientissimus
3414 1998 3570 2051 Salo-

1999 2100 2125 2138 mon
2184 2084 2304 2149 sic,
2356 2094 2614 2155 tanquam
2672 2086 2851 2155 ipsum
2909 2087 3280 2156 compellans.
3341 2088 3564 2157 inquit:

2003 2193 2021 2227 ι
2061 2176 2350 2231 Rectitudo
2381 2176 2569 2231 dilexit
2599 2185 2651 2231 te
2675 2176 2743 2231 “.
2784 2196 2803 2229 ι
2843 2177 3136 2233 Sermones
3182 2179 3346 2247 igitur
3380 2180 3569 2233 volun-

1997 2269 2128 2323 tatis
2152 2267 2274 2337 ejus
2302 2269 2519 2323 cunctis
2552 2269 2870 2324 hominibus
2907 2268 3175 2324 salutares
3206 2279 3265 2325 ut
3305 2286 3567 2340 asseque-

1995 2367 2170 2424 retur,
2206 2360 2435 2414 multam
2469 2375 2689 2430 cperant
2720 2360 2904 2429 posuit
2933 2358 3317 2425 Ecclesiastes,
3358 2376 3566 2430 eosque

1994 2459 2278 2506 assecutus
2312 2467 2433 2506 cum
2476 2452 2643 2521 288
2675 2450 2910 2520 posteris
2957 2452 3407 2506 communicavit.
3456 2450 3565 2507 Sed

1993 2545 2083 2612 qui
2120 2542 2335 2599 infenso
2368 2554 2529 2599 erant
2560 2546 2764 2611 animo,
2793 2554 2848 2599 et
2877 2544 3066 2600 oculos
3095 2544 3290 2600 mentis
3314 2545 3561 2615 stupidos

1993 2636 2288 2701 habebant,
2316 2651 2491 2704 neque
2512 2651 2725 2701 eorum,
2746 2652 2866 2706 qua:
2888 2637 2956 2691 ab
2986 2637 3105 2706 ipso
3126 2638 3333 2707 prolata
3357 2647 3560 2703 essent,

1991 2730 2275 2784 veritatem
2304 2740 2665 2799 agnoverunt,
2694 2745 2872 2799 neque
2902 2729 3066 2798 hujus
3090 2730 3274 2785 lumen
3295 2731 3562 2800 dispicere

1992 2829 2235 2891 potuere.
2286 2822 2541 2889 Etenim,
2599 2841 2618 2874 ι
2672 2823 2986 2877 nescierunt
3061 2837 3235 2892 neque
3284 2823 3595 2877 intellexe--

1994 2924 2122 2969 runt
2148 2914 2215 2980 “,
2254 2933 2273 2967 ι
2309 2915 2403 2969 sed
2449 2916 2504 2969 in
2547 2915 2930 2970 ostentationis
2976 2930 3089 2969 sua:
3117 2916 3356 2971 tenebris
3396 2915 3561 2970 stulte

1993 3012 2161 3075 atque
2188 3004 2352 3076 impie
2394 3005 2665 3075 progressi
2695 3013 2823 3059 sunt
2852 3023 2865 3058 :
2897 3014 2956 3059 ut
2987 3005 3144 3075 plane
3175 3016 3559 3060 aversarentur

1983 3104 2037 3152 et
2066 3112 2209 3166 aegre
2241 3095 2444 3151 ferrent
2494 3105 2604 3150 tam
2642 3093 2989 3149 Ecclesiastes:
3033 3110 3340 3160 sermones,
3385 3110 3551 3165 quam

1982 3186 2241 3251 aliorum,
2272 3186 2364 3257 qui
2399 3185 2597 3241 similia
2628 3186 2697 3239 de
2728 3183 2819 3238 Dei
2854 3184 3012 3239 Verbi
3044 3186 3278 3240 adventu
3308 3202 3560 3255 praenun-

1982 3278 2182 3333 tiarent
2211 3295 2224 3331 :
2259 3278 2403 3348 quod
2454 3291 2647 3347 nempe
2673 3274 3006 3347 quibusdam
3041 3276 3210 3330 veluti
3246 3276 3447 3347 jaculis
3484 3278 3561 3331 in-

1981 3369 2247 3439 sipientes
2288 3383 2478 3423 eorum
2520 3368 2689 3424 animi
2744 3368 2812 3423 ab
2852 3368 2937 3424 bis
2987 3369 3257 3425 vulnerati
3298 3370 3558 3440 percelle-

1984 3470 2191 3516 rentur.
2228 3458 2598 3527 Quamobrem
2634 3459 2830 3531 adjecit
2856 3461 3143 3532 protinus:

1847 3769 1876 3843 ς
1907 3766 2026 3823 xu.

308 3883 488 3952 Λόγοι
517 3884 729 3954 σοφῶν
758 3887 841 3953 ὡς
866 3887 939 3942 τὰ
959 3888 1330 3959 βούκεντρα,
1363 3891 1464 3947 καὶ
1498 3892 1579 3960 ὡς
1601 3887 1740 3964 ἧλοι
1784 3907 1887 3945 πε-

380 3973 737 4043 πυρωμένοι,
771 3977 830 4031 οἳ
856 3979 1017 4048 παρὰ
1062 3980 1183 4036 τῶν
1221 3983 1659 4053 συνταγμάτων
1679 3983 1886 4054 ἐδόθη-

377 4081 502 4119 σαν
536 4067 606 4119 ἐκ
636 4070 940 4137 ποιμένος·
973 4072 1071 4127 καί
1104 4074 1401 4142 περισσὸν
1428 4076 1499 4142 ἐξ
1522 4076 1743 4133 αὐτῶν.

381 4156 557 4211 Ποίων
579 4158 827 4227 σοφῶν;
852 4160 1099 4231 δηλονότι
1126 4164 1237 4216 τῶν
1263 4164 1370 4218 ἀπὸ
1389 4166 1484 4219 τοῦ
1514 4168 1761 4231 Μωσέως
1787 4168 1885 4223 καὶ

308 4246 475 4317 μέχρι
503 4247 606 4318 τῆς
646 4251 1115 4324 ἐνανθρωπήσεως
1144 4255 1240 4309 καὶ
1272 4258 1577 4328 παρουσίας
1620 4258 1713 4312 τοῦ
1743 4259 1879 4314 Θεοῦ

304 4338 481 4407 Λόγου
532 4346 1117 4412 προκαταγγειλάντων
1174 4349 1452 4419 μυστικῶς
1507 4350 1575 4404 δι’
1604 4350 1881 4422 αἰσθητῶν

304 4430 587 4498 ὀνομάτων
626 4434 721 4487 καὶ
762 4437 1153 4507 παραϐολικῶν
1181 4442 1519 4512 ὁμοιοτήτων
1546 4442 1608 4496 τὸ
1636 4460 1883 4515 κεκρυμ-

308 4523 472 4590 μένον
518 4524 627 4577 ἀπδ
676 4525 771 4579 τοῦ
802 4527 997 4591 αἰῶνος
1055 4532 1356 4603 μυστήριον
1412 4532 1510 4604 τῆς
1540 4534 1693 4597 θείας
1730 4537 1883 4588 ἐναν-

306 4613 669 4683 θρωπήσεως·
705 4617 755 4669 οἱ
809 4618 916 4690 γάρ
966 4619 1198 4674 τοιοῦτοι
1253 4621 1400 4688 λόγοι
1450 4625 1544 4678 καὶ
1590 4622 1745 4694 παρά
1773 4624 1884 4678 τῶν

306 4706 706 4777 συνταγμάτων
740 4708 1025 4783 ἐδόθησαν,
1070 4713 1239 4784 ἤγουν
1294 4714 1734 4789 ἐξεφωνήθησαν
1768 4718 1883 4783 τοῖς

305 4798 547 4850 συνιοῦσι
596 4800 705 4853 τῶν
756 4802 862 4856 ὑπὸ
913 4805 1006 4859 τοῦ
1057 4805 1412 4879 θεοφάντορος
1468 4811 1730 4875 Μωσέως,
1779 4812 1876 4865 καὶ

307 4887 496 4958 μέντοι
525 4893 745 4948 καὶτοῦ
782 4898 1061 4968 προφήτου
1094 4900 1190 4952 καὶ
1227 4899 1495 4970 βασιλέως
1538 4901 1735 4965 Δαὸὶδ,
1780 4900 1878 4956 καὶ

414 5064 460 5095 ⁸³
498 5063 658 5124 Rom.
698 5083 799 5135 su,
837 5070 894 5125 2.
1005 5070 1053 5103 “
1090 5072 1252 5129 Cant.
1292 5091 1331 5141 ι,
1368 5075 1423 5130 ό.

302 5201 416 5255 hac
450 5201 567 5287 ipsa
589 5202 799 5287 exiliter
827 5206 1198 5281 humiliterque
1226 5228 1245 5266 :
1279 5229 1361 5287 res
1417 5230 1535 5268 vero
1582 5231 1801 5287 magnas
1827 5229 1878 5273 et

302 5273 592 5356 quiestione
636 5273 848 5356 .dignas
889 5273 1159 5356 nunquam
1214 5285 1452 5351 proferre
1485 5294 1577 5338 aut
1613 5273 1879 5356 explicare

303 5345 521 5423 auilent,
556 5345 869 5423 quinetiam,
893 5345 1403 5409 hwc'enarrantibus
1433 5356 1607 5420 nobis,
1664 5345 1879 5413 edicunt

302 5410 467 5493 nobis.
491 5423 554 5464 ne
578 5413 698 5493 quis
726 5432 819 5469 nos
857 5422 1063 5485 audiat,
1100 5424 1175 5475 vel
1193 5424 1249 5474 in
1267 5438 1565 5479 sermonum

299 5480 479 5559 dinem
508 5480 679 5535 veniat
701 5500 719 5538 :
732 5480 1135 5560 _nonnemer'ito
1158 5493 1508 5560 appellentur,
1557 5507 1613 5549 ut
1642 5480 1875 5552 galba.

302 5555 687 5636 minuenoster
717 5555 874 5611 Iesus
898 5558 1142 5636 Cltrt'slus
1172 5555 1331 5628 dixit,
1371 5555 1563 5619 tumuli
1613 5568 1867 5636 dealbati,

300 5618 441 5701 pleni
486 5623 800 5701 intrinsecus
851 5631 1057 5684 ossibus
1118 5618 1488 5699 mortuorum,
1545 5618 1870 5695 extrinsecus

299 5697 524 5771 speciem
550 5708 661 5771 prae
676 5712 731 5749 se
752 5697 1012 5765 ferentes:
1042 5704 1131 5771 qui
1154 5714 1379 5757 meulnm
1402 5697 1687 5770 decimam,
1715 5719 1761 5761 el
1780 5725 1871 5761 cu-

299 5762 451 5813 licem
484 5762 777 5834 percolanl,
807 5762 1066 5825 camelunt
1090 5789 1206 5827 vero
1235 5774 1570 5844 deglutiunt:
1597 5762 1720 5832 arci
1756 5780 1869 5833 via-

2058 3884 2225 3940 νεεδ.
2260 3885 2348 3940 ii.
2390 3884 2669 3942 Sermones
2703 3888 3002 3958 sapientum
3040 3900 3295 3962 tanquam
3327 3894 3554 3958 stimuli,

1982 3984 2033 4030 et
2069 3974 2224 4045 quasi
2268 3975 2405 4030 clavi
2434 3978 2606 4046 igniti,
2640 3979 2732 4048 qui
2764 3978 2829 4033 ab
2886 3982 3162 4038 ordinibus
3198 3982 3313 4037 dati
3344 3995 3464 4039 sunt
3494 4003 3557 4040 ea:

1982 4077 2201 4139 pastore
2230 4083 2251 4123 .'
2287 4077 2335 4122 et
2377 4068 2607 4139 amplius
2647 4085 2712 4124 ea:
2741 4071 2873 4140 ipsis
2914 4072 3047 4143 (50).

2058 4158 2435 4224 Quorumnam
2483 4160 2829 4229 sapientum?
2881 4160 3085 4217 Eorum
3134 4164 3354 4235 utique,
3399 4168 3554 4236 quia

1983 4248 2169 4321 Moyse
2201 4265 2374 4321 usque
2400 4250 2465 4305 ad
2492 4252 3002 4307 inhumanationem
3031 4253 3436 4325 adventumque
3463 4256 3553 4310 Dei

1988 4341 2171 4409 Verbi,
2210 4345 2530 4415 mysterium
2560 4342 2761 4399 divina:
2793 4344 3267 4401 inbumauationis
3297 4363 3326 4401 a
3356 4350 3555 4402 saeculo

1981 4435 2367 4490 absconditum
2398 4450 2493 4505 per
2528 4436 2820 4491 sensibiles
2859 4438 3250 4506 appellationes
3284 4455 3348 4493 ac
3387 4448 3558 4494 trans-

1981 4528 2191 4584 latitias
2271 4528 2658 4585 similitudines
2730 4534 2961 4602 mystice
3023 4534 3551 4603 praenuntiaverunt.

1982 4620 2261 4689 Ejusmodi
2281 4622 2425 4675 enim
2459 4637 2745 4678 sermones
2783 4624 2853 4678 ab
2889 4623 3175 4678 ordinibus
3206 4627 3542 4693 prodierunt,

1982 4711 2099 4767 sive
2136 4712 2206 4767 ab
2257 4713 2327 4767 iis
2367 4714 2565 4782 prolati
2614 4724 2778 4781 sunt,
2837 4715 2932 4785 qui
2977 4731 3102 4771 cum
3150 4716 3404 4784 theologo
3462 4716 3556 4770 illo

1986 4806 2578 4880 Moyﬁiersabantur,
2625 4821 2737 4867 tum
2789 4828 2820 4867 a
2865 4814 3129 4882 propheta
3177 4821 3232 4866 et
3281 4828 3405 4881 rege
3453 4810 3551 4865 Da-

1987 4902 2133 4969 vide,
2179 4911 2343 4973 atque
2380 4903 2449 4959 ab
2488 4903 2594 4959 hoc
2636 4904 2758 4976 ipso
2801 4903 3154 4970 Ecclesiaste,
3199 4905 3293 4975 qui
3324 4904 3437 4957 hch
3467 4918 3557 4956 sa-

1531 5076 1579 5109 “
1616 5076 1763 5134 Psal.
1800 5095 2005 5145 Luxu,
2045 5080 2101 5136 5.

1980 5232 2098 5269 rum
2123 5215 2390 5285 ductores.
2431 5213 2598 5285 (Dial.
2626 5229 2745 5266 eum
2778 5216 2968 5285 Tryplt.
2998 5230 3050 5284 p.
3098 5214 3202 5270 559
3225 5215 3313 5271 ed.
3346 5214 3544 5285 Sonn.)

2051 5232 2098 5268 m
2123 5231 2390 5269 auctores.
2431 5231 2598 5284 (mat.
2626 5231 2745 5266 cum
2778 5231 2968 5336 I'réqpn.
2998 5231 3050 5284 p.
3098 5231 3202 5270 nou
3225 5231 3313 5271 ea.
3346 5231 3409 5271 DG

2051 5285 2162 5352 (48)
2194 5284 2409 5356 Olymp.
2441 5283 2537 5337 καὶ
2563 5300 2829 5407 γεγὲαμμ
2861 5302 3056 5348 νους...
3097 5355 3107 5380 ξ
3406 5330 3409 5331 ,

2051 5356 2165 5407 (49)
2188 5354 2351 5407 Joan.
2400 5369 2509 5407 XIV.
2544 5356 2597 5407 θ.
2702 5370 2783 5407 γω
2835 5356 2949 5407 siut
2976 5357 3008 5407 ἠ
3034 5354 3154 5407 66.:
3191 5394 3206 5407 .
3237 5356 3331 5407 xui.
3354 5359 3385 5407 ἡ

2050 5356 2165 5426 (49)
2188 5352 2369 5410 John.—
2400 5369 2509 5418 XIV,
2544 5355 2597 5409 (i.
2642 5352 2803 5422 ’Eytb‘
2835 5356 2949 5423 είμι
2976 5357 3009 5426 ή
3034 5354 3154 5417 ὁδῖς
3191 5394 3206 5420 ,
3237 5356 3331 5408 καὶ
3354 5359 3387 5427 ή
3418 5356 3550 5422 ἀλή-

2050 5444 2104 5479 ια
2136 5426 2233 5479 καὶ
2263 5427 2295 5489 ὴ
2321 5424 2458 5489 ζωή.
2899 5487 2906 5489 Α

1978 5428 2104 5482 θεια
2136 5427 2233 5479 καὶ
2263 5427 2295 5482 ὴ
2321 5427 2458 5482 ζωή.

2050 5444 2104 5479 ια
2136 5441 2233 5479 και
2321 5441 2458 5494 ςωη.

2050 5494 2164 5566 (50)
2193 5441 2430 5567 Αιῖχὶς
2461 5494 2732 5567 habent...
2765 5492 2842 5556 ὡς
2875 5487 3000 5567 ἧλοι
3049 5498 3474 5567 πεφυτευμένοι,
3501 5499 3552 5551 οί

1980 5564 2151 5637 παρὲξ
2166 5566 2275 5619 τῶν
2300 5564 2648 5637 συνθεμάτων
2682 5566 2747 5637 ἐκ
2772 5564 3028 5637 ποιμένος
3054 5565 3192 5637 ἑνός.
3222 5564 3333 5620 καὶ
3363 5584 3551 5637 περισ.

1980 5582 2134 5636 παρα
2166 5584 2275 5619 των
2300 5582 2648 5687 ωνοεέιατων
2682 5582 2747 5617 εκ
2772 5582 3028 5633 ποιμενος
3054 5582 3192 5630 ενος.
3222 5582 3333 5620 nat
3363 5584 3548 5637 περισ-

1980 5640 2070 5690 σὸν
2099 5635 2158 5699 ἐξ
2190 5636 2445 5698 αὑτῶν,ὑι
2495 5634 2880 5704 μου,φύλαξαι.
2899 5636 3311 5704 Olympiodorus
3331 5653 3548 5702 γονον..

1978 5706 2236 5829 ἓῆόπαρά
2270 5704 2379 5757 τῶν
2432 5704 2826 5773 συνταγμάτων
2876 5705 3133 5775 ἐδόθησαν
3186 5710 3246 5761 ἐκ
3296 5711 3551 5780 ποιμένος

2010 5797 2037 5829 ν
2074 5793 2119 5829 :.

2010 5793 2119 5838 νος.
