4098 6492
569 322 709 391 1175

1672 336 1734 395 S.
1770 329 2148 394 GREGORII
2185 329 2700 393 AGRIGENTINI

3675 320 3823 387 1176

566 442 773 497 ilicium
839 447 894 495 et
950 449 1166 497 eterna:
1217 442 1411 499 mortis
1451 444 1783 499 sententiam
1810 443 2126 499 inveniant:

2244 442 2324 495 (αἰ
2342 446 2409 515 τῇ
2449 443 2721 516 μελλούσῃ
2747 442 2858 515 ζωῇ
2890 441 3214 513 κατάκρισιν
3238 440 3560 513 εὑρήσουσιν
3583 442 3688 494 καί
3720 456 3822 492 κα·

564 548 733 602 quam
765 532 1081 604 significans
1096 549 1160 589 ac
1188 535 1598 602 demonstrans,
1618 545 1673 592 et
1697 536 1765 592 iis
1787 538 1977 603 etiam,
2010 548 2135 605 qua?

566 624 751 680 statim
810 636 1149 696 sequuntur,
1202 628 1571 695 conﬁrmans,
1638 628 1864 699 subjicit
1910 627 2135 698 sapiens

568 715 926 775 Ecclesiastes
951 740 966 754 -

2234 534 2462 606 ταδίκην
2489 536 2793 608 ἀπέραντον
2814 553 2827 567 ·
2856 537 2923 608 ἢν
2962 534 3332 603 αἰνιττόμενος
3369 534 3460 587 καὶ
3497 532 3822 603 παρεμφαί-

2237 641 2343 677 νων
2390 626 2486 678 καὶ
2537 624 2907 696 παρεμπεδῶν
2960 626 3063 678 κάν
3104 626 3217 687 τοῖς
3246 623 3467 694 ἀμέσως
3522 624 3823 693 ἑπομένοις

2242 715 2407 786 φησὶν
2435 716 2464 767 ό
2505 716 2667 785 σοφὸς
2713 716 3172 787 Ἐκκλησιαστής⁶

2074 827 2101 897 §
2137 824 2275 883 xw.

638 928 801 981 Vens.
834 926 919 980 15.
963 922 1145 979 Finem
1188 923 1444 979 sermonis
1494 939 1670 978 omnes
1702 921 1883 977 audite
1914 936 1933 974 :
1969 918 2135 972 Deum

2302 918 2497 987 Πέρας
2537 921 2719 989 λόγου
2762 919 2829 973 τὸ
2867 918 2992 975 πᾶν
3027 919 3245 975 ἄκουε⁸
3272 920 3380 975 τὸν
3411 923 3557 976 Θεὸν
3591 920 3819 991 φοϐοῦ,

567 1017 715 1077 time,
745 1022 795 1068 et
840 1012 1094 1066 mandata
1143 1010 1255 1077 eius
1282 1009 1509 1073 custodi,
1557 1010 1746 1063 hocest
1785 1008 1923 1062 enim
1963 1004 2136 1059 omnis

2244 1009 2329 1062 καὶ
2373 1010 2481 1077 τὰς
2510 1010 2763 1077 ἐντολὰς
2803 1010 2990 1065 αὑτοῦ
3020 1012 3330 1081 φύλασσε,
3368 1011 3455 1066 ὅτι
3483 1013 3666 1067 τοῦτο
3702 1011 3822 1077 πᾶς

567 1110 758 1172 homo;
793 1105 918 1177 quia
945 1119 1095 1158 omne
1131 1102 1334 1172 factum
1368 1102 1589 1155 adducet
1629 1099 1764 1153 Deus
1794 1099 1847 1152 in
1871 1096 2139 1167 judicium

566 1215 660 1270 pro
700 1197 843 1251 omni
884 1204 1081 1259 errato,
1117 1194 1224 1247 sive
1262 1192 1453 1246 bonum
1495 1191 1588 1258 sit,
1624 1191 1731 1244 sive
1772 1190 1973 1243 malum
2001 1186 2137 1259 (56).

641 1375 941 1432 Seientiam
1005 1371 1443 1445 sapientiamque
1490 1380 1654 1441 atque
1700 1371 1930 1442 gratiam
1977 1369 2139 1424 dictis

568 1469 721 1525 hisce
748 1483 813 1522 ac
837 1465 1057 1535 scriptis
1110 1465 1592 1535 comprehensam,
1635 1479 1758 1533 quae
1798 1462 2141 1517 Ecclesiastes

569 1578 598 1614 a
628 1560 737 1614 Deo
798 1558 1069 1613 bonorum
1118 1556 1362 1612 omnium
1416 1564 1643 1609 auctore
1678 1570 1741 1609 ac
1769 1552 2025 1623 largitore
2048 1568 2141 1607 su-

569 1665 738 1721 perne
775 1649 900 1704 data
948 1655 1051 1707 est.
1084 1654 1344 1718 tanquam
1377 1659 1548 1699 aureo
1594 1644 1829 1713 quodam
1864 1643 2141 1713 regalique

2232 1099 2562 1170 ἅνθρωπος.
2610 1102 2739 1156 Ὀτι
2784 1103 3034 1172 σύμπαν
3065 1104 3132 1157 τὸ
3166 1104 3391 1174 ποίημα
3437 1106 3563 1170 ἄξει
3599 1108 3639 1159 ὁ
3674 1106 3823 1170 Θεὸς

2234 1194 2322 1259 εἰς
2351 1194 2553 1260 κρίσιν
2590 1195 2659 1248 ἐν
2678 1194 2860 1248 παντὶ
2881 1197 3333 1267 παρεωραμένῳ,
3353 1197 3461 1251 ἐάν
3489 1215 3552 1252 te
3580 1198 3826 1267 ἀγαθὸν

2233 1279 2294 1356 ᾖ,
2325 1284 2434 1338 ἐάν
2462 1303 2525 1339 τε
2562 1289 2849 1355 πονηρόν.

2312 1378 2423 1447 Τὴν
2458 1377 2664 1432 ἄνωθεν
2703 1380 2952 1433 δοθεῖσαν
2979 1380 3058 1451 τῷ
3098 1380 3497 1454 Ἐκκλησιαστῇ
3532 1380 3694 1451 παρὰ.
3728 1378 3825 1435 τοῦ

2236 1466 2453 1521 πάντων
2508 1467 2617 1521 τῶν
2669 1468 2890 1536 ἀγαθῶν
2923 1470 3097 1524 αἰτίου
3122 1472 3216 1524 καὶ
3263 1470 3647 1541 μεγαλοδώρου
3682 1470 3827 1523 Θεοῦ

2236 1558 2438 1626 γνῶσιν
2461 1558 2555 1611 καὶ
2579 1558 2771 1627 σοφίαν
2808 1561 2905 1614 καὶ
2927 1561 3089 1630 χάριν
3120 1562 3220 1632 τὴν
3243 1565 3300 1615 ὲν
3330 1565 3443 1626 τοῖς
3466 1561 3827 1632 λελεγμένοις

2238 1649 2335 1703 καὶ
2391 1653 2798 1721 γεγραμμένοις
2850 1652 3280 1725 εὐρισκομένην,
3311 1648 3425 1707 οἷόν
3477 1671 3581 1707 τινι
3641 1657 3827 1725 χρυσῇ

570 1713 771 1812 sigillo,
805 1739 1031 1794 nomine
1076 1737 1172 1791 Dei
1200 1713 1264 1792 vet
1294 1737 1489 1792 timore
1543 1743 1709 1804 atque
1744 1744 2137 1803 prmceptorum

2246 1743 2503 1812 σφραγῖδι
2562 1743 2838 1814 βασιλικῇ,
2898 1744 2977 1814 τῷ
3018 1744 3246 1815 ὀνόματι
3278 1744 3373 1798 τοῦ
3420 1745 3555 1798 Θεοῦ
3599 1747 3704 1800 καὶ
3749 1745 3829 1815 τῷ

568 1829 689 1898 ejus
706 1827 948 1884 custodia
978 1827 1180 1881 mirum
1206 1826 1259 1881 in
1286 1826 1507 1881 modum
1553 1826 1657 1880 sub
1684 1825 1851 1895 linem
1885 1824 2143 1893 obsigna-

571 1920 687 1976 vit:
727 1918 1061 1975 conﬁrmans
1122 1917 1249 1974 inde
1293 1924 1459 1987 atque
1505 1916 1911 1987 sapientissime
1952 1916 2141 1971 decla-

570 2026 702 2070 rans
755 2021 923 2068 totam
949 2027 1162 2077 eorum,
1200 2026 1323 2081 qua:
1352 2010 1421 2065 ab
1454 2010 1571 2079 ipso
1595 2009 1736 2064 dicta
1762 2017 1911 2075 sunt,
1944 2009 2143 2064 seriem

570 2124 601 2161 a
641 2104 735 2160 Dei
762 2105 1044 2159 voluntate
1063 2112 1117 2159 et
1148 2103 1321 2173 gratia
1349 2117 1448 2173 per
1474 2100 1825 2156 Salomonem
1856 2100 2143 2155 enuntiata

567 2214 727 2255 esse:
779 2212 901 2269 quae
935 2196 1001 2253 de
1048 2196 1275 2251 humani
1334 2194 1552 2267 generis
1603 2195 1779 2249 salute
1810 2193 2043 2259 laborat,
2080 2207 2145 2247 ac

569 2291 788 2345 beatum
815 2288 881 2344 ad
907 2288 1202 2343 terminum
1240 2302 1336 2343 eos
1374 2285 1613 2351 deducit,
1641 2286 1732 2357 qui
1772 2302 1831 2341 se
1869 2285 2014 2339 ultro
2038 2286 2146 2339 ini-

572 2383 786 2439 tiandos
836 2382 1158 2447 exhibeant,
1190 2388 1246 2436 et
1290 2380 1568 2449 sapientes
1614 2378 1957 2434 Ecclesiastae
1983 2377 2144 2433 insti-

524 2520 529 2525 .
572 2477 811 2532 tutiones
845 2475 1130 2531 ediscant:
1176 2492 1195 2525 ι
1233 2472 1424 2528 Finem
1471 2473 1641 2537 enim,
1694 2472 1893 2543 inquit,
1934 2485 2144 2526 sermo-

573 2567 679 2633 nis,
725 2580 918 2621 omnes
974 2563 1159 2619 audite
1188 2579 1204 2619 :
1242 2562 1412 2618 Deum
1447 2562 1598 2627 time,
1651 2570 1707 2617 et
1742 2561 2002 2616 mandata
2024 2560 2145 2630 ejus

572 2656 811 2721 custodi,
845 2656 948 2710 hoc
978 2664 1063 2711 est
1092 2654 1237 2709 enim
1266 2654 1447 2710 omnis
1489 2654 1654 2709 homo
1681 2670 1697 2721 ;
1742 2672 1761 2707 ι
1800 2661 2067 2724 tanquam
2096 2652 2143 2709 si

572 2748 809 2803 diceret:
832 2746 931 2803 Hic
957 2747 1229 2803 sermonis
1253 2747 1421 2802 totius
1441 2745 1743 2818 superioris
1769 2754 1851 2802 est
1876 2747 2145 2802 terminus

571 2848 734 2911 atque
762 2838 1126 2909 propositum,
1159 2838 1439 2895 auditores
1473 2853 1665 2895 omnes
1680 2838 1747 2895 ad
1778 2837 1873 2893 Dei
1894 2838 2144 2894 timorem

571 2945 856 2998 revocare,
906 2931 1097 3001 eisque
1140 2931 1474 3001 persuadere
1513 2938 1573 2985 ut
1612 2928 1707 2985 Dei
1750 2930 2003 2985 mandata
2048 2945 2149 2985 cu-

2244 1835 2396 1905 φόβῳ
2439 1836 2534 1889 καὶ
2566 1837 2633 1906 τῇ
2677 1836 2890 1906 φυλακῇ
2916 1835 3025 1889 τῶν
3053 1835 3284 1889 ἐντολῶν
3306 1835 3467 1889 αὐτοῦ
3494 1837 3829 1906 παραδόξως

2243 1928 2385 1982 κατὰ
2418 1928 2479 1980 τὸ
2510 1928 2659 1991 τέλος
2685 1928 2984 2000 ὲσφράγισε
3004 1945 3019 1959 °
3051 1928 3415 1998 πιστούμενος
3436 1928 3697 1982 ἐντεῦθεν
3730 1931 3829 1981 καὶ

2244 2022 2641 2091 παρεμφαίνων
2688 2021 2828 2089 ἄγαν
2864 2019 3063 2089 σοφῶς,
3099 2020 3175 2084 ὡς
3210 2019 3430 2075 ἅπαντα
3455 2021 3562 2074 τῶν
3587 2023 3828 2092 εἰρημέ-

2244 2128 2350 2165 νων
2379 2112 2468 2165 ὐπ⁹
2502 2111 2669 2165 αὐτοῦ
2710 2112 2800 2165 τὸν
2844 2113 3149 2181 κατάλογον
3181 2115 3214 2185 ἡ
3242 2114 3336 2167 τοῦ
3362 2113 3495 2168 Θεοῦ
3525 2114 3695 2185 βουλὴ
3730 2133 3828 2168 και

2243 2203 2407 2274 χάρις
2439 2203 2669 2274 ἐλάλησε
2720 2204 2808 2258 διὰ
2844 2204 2940 2258 τοῦ
2988 2205 3355 2276 Σολομῶντος,
3388 2207 3825 2279 προμηθουμὲνη

2242 2298 2342 2367 τῆς
2379 2296 2653 2368 σωτηρίας
2700 2297 2796 2350 τοῦ
2828 2298 3019 2365 γένους
3049 2298 3158 2352 τῶν
3197 2297 3522 2369 ἀνθρώπων,
3556 2300 3653 2352 καὶ
3685 2302 3827 2370 πρὸς

2242 2389 2305 2443 τὸ
2328 2390 2594 2461 μακάριον
2616 2389 2769 2453 τέλος
2789 2390 3129 2461 ἐφελκομένη
3150 2391 3277 2453 τοὺς
3298 2391 3662 2461 εὐγνωμόνως
3692 2409 3827 2461 μυηο

2246 2478 2583 2551 θησομένους
2612 2479 2703 2532 καὶ
2734 2479 3209 2552 παραδεχομένους
3258 2482 3351 2534 τοῦ
3390 2482 3825 2552 Ἐκκλησιαποῦ

2244 2569 2343 2631 τὰς
2390 2567 2559 2637 σοφὰς
2608 2569 2946 2639 εἰσηγήσεις.
2987 2588 3005 2621 ι
3045 2570 3227 2641 Πέρας
3264 2589 3282 2622 ι
3317 2569 3446 2640 γὰρ,
3484 2570 3640 2640 φησί,
3675 2588 3697 2621 ί
3728 2567 3824 2621 τοῦ

2244 2660 2403 2731 λόγου
2432 2661 2492 2715 τὸ
2514 2663 2622 2715 πᾶν
2645 2662 2831 2716 ἄκουε’
2855 2660 2947 2715 τὸν
2968 2661 3101 2716 Θεὸν
3135 2662 3324 2732 φοϐοῦ,
3354 2662 3450 2715 καὶ
3473 2662 3570 2726 τὰς
3597 2662 3824 2725 ἐντολὰς

2246 2753 2411 2809 αὐτοῦ
2444 2752 2707 2823 φύλασσε,
2738 2753 2820 2806 ὅτι
2847 2754 3005 2807 τοῦτο
3030 2754 3140 2817 πᾶς
3168 2752 3488 2825 ἅνθρωπος·
3520 2771 3540 2805 ι
3576 2754 3702 2808 ἀντὶ
3726 2752 3823 2805 τοῦ

2247 2846 2449 2909 παντὸς
2475 2844 2571 2899 τοῦ
2619 2843 3008 2918 προλεχθέντος
3049 2845 3211 2914 λόγου
3262 2845 3464 2908 σκοπὸς
3506 2837 3666 2907 οὗτός
3705 2846 3825 2898 ἔστι

2246 2936 2345 2992 καὶ
2375 2935 2528 2998 τέλος
2554 2935 2692 3006 πρὸς
2731 2935 2822 2988 τὸν
2858 2933 2950 2987 τοῦ
2997 2934 3133 2988 Θεοῦ
3166 2934 3330 3003 φόϐον
3374 2932 3825 2988 ἀνακαλέσασθαι

574 3024 842 3087 stodiant,
900 3030 957 3079 et
992 3033 1175 3079 rectas
1226 3024 1389 3094 292
1430 3023 1628 3080 salutis
1655 3024 1880 3079 semitas
1936 3024 2143 3088 ineant,

2247 3029 2374 3092 τοὺς
2401 3026 2727 3090 ἀκούοντας,
2762 3027 2858 3079 καὶ
2894 3027 3080 3080 πεῖσαι
3103 3066 3118 3091 ,
3143 3026 3243 3091 τὰς
3273 3026 3495 3090 ὲντολάς
3518 3025 3685 3079 αὐτοῦ
3716 3042 3825 3093 φυ-

574 3120 774 3190 quibus
813 3134 1008 3175 rursus
1034 3119 1100 3173 ad
1133 3117 1304 3173 Deum
1336 3119 1548 3189 regredi
1591 3120 1793 3189 poterit
1832 3119 2146 3190 quicunque

573 3210 724 3275 velit,
751 3223 781 3263 a
820 3224 951 3279 quo,
1007 3223 1133 3263 eum
1181 3208 1441 3264 conditus
1504 3206 1792 3278 factusque
1820 3217 1998 3275 esset,
2033 3209 2146 3279 ipse

575 3310 904 3370 pmceptum
925 3299 1045 3369 ejus
1064 3308 1444 3370 transgressus
1462 3300 1771 3356 voluntario
1789 3301 1942 3370 lapsu
1966 3301 2147 3357 desci-

578 3395 655 3448 vit
689 3393 824 3464 (57).
859 3392 993 3448 Nam
1043 3392 1114 3447 ob
1152 3392 1258 3447 hoc
1291 3392 1469 3462 ipsum
1518 3393 1727 3449 exstitit
1762 3402 1926 3463 atque
1954 3396 2021 3448 ad
2051 3394 2145 3449 Dei

576 3485 868 3555 imaginem
904 3499 965 3540 ac
998 3484 1412 3540 similitudinem
1443 3468 1622 3539 factus
1651 3495 1755 3549 est,
1782 3495 1841 3540 ut
1874 3501 2145 3541 summam

577 3576 723 3630 illam
771 3584 826 3630 et
883 3574 1213 3645 praecipuam
1256 3574 1719 3645 pulchritudinem
1764 3586 2029 3646 perpetuo
2059 3577 2147 3630 in-

576 3678 757 3736 tuens,
788 3678 951 3739 atque
986 3667 1056 3723 ad
1094 3668 1341 3724 eamdem
1379 3682 1480 3739 pro
1538 3668 1748 3724 viribus
1787 3669 1954 3724 vitam
1991 3686 2143 3726 suam

579 3762 741 3830 plane
790 3762 1057 3827 referens,
1088 3761 1285 3816 divinze
1319 3776 1542 3832 quoque
1591 3762 1776 3831 gloria:
1806 3763 1923 3831 ejus
1954 3779 2018 3818 ac
2054 3780 2150 3817 na-

578 3862 711 3907 turae
736 3854 1012 3924 particeps
1057 3853 1243 3908 ﬁeret:
1277 3854 1501 3908 minime
1552 3869 1682 3908 vero
1719 3853 2026 3908 voluntaria
2050 3856 2147 3909 de-

580 3943 814 4000 fectione
843 3945 913 3999 ab
946 3960 1011 4000 eo
1035 3953 1299 4011 semotus,
1321 3944 1629 4015 divinzeque
1649 3944 2149 4015 similitudinisjam

578 4053 793 4109 expers,
828 4038 1151 4108 principalis
1198 4038 1624 4108 pulchritudinis
1658 4049 1842 4094 notam
1869 4048 2150 4109 perverte-

580 4139 683 4193 ret,
715 4144 779 4183 ac
819 4128 1115 4199 imaginem
1141 4127 1377 4184 fucatam
1424 4128 1747 4193 ostendens,
1802 4129 1855 4183 in
1885 4137 2145 4183 aeternam

579 4222 877 4293 perniciem
911 4222 1334 4277 amandaretur:
1365 4221 1507 4276 sicut
1538 4220 1607 4276 ad
1631 4222 1781 4276 illum
1810 4221 1989 4291 ipsum
2022 4222 2148 4277 uni-

577 4316 721 4369 versi
790 4313 958 4367 Deum
1014 4314 1182 4368 David
1230 4314 1491 4383 propheta
1543 4315 1913 4371 exclamavit:
1966 4335 1985 4369 ι
2042 4316 2147 4384 Qui

576 4403 835 4473 elongant
855 4418 912 4457 se
936 4418 963 4457 a
1001 4410 1075 4468 te,
1099 4402 1354 4473 peribunt
1376 4403 1441 4455 δ’.
1492 4422 1509 4455 ι

649 4692 694 4725 δ’
716 4692 861 4748 Psal.
890 4708 1084 4757 Lxxul,
1112 4689 1210 4745 27°

648 4791 763 4864 (56)
800 4789 871 4846 At
1078 4786 1280 4864 habent
1300 4827 1314 4850 ,
1359 4785 1510 4864 τέλος
1541 4785 1769 4864 λόγου...
1802 4784 1884 4864 δτι
1925 4786 2148 4858 σύμπαν

576 4868 637 4921 τὺ
658 4856 877 4932 ’ποίημα
899 4861 928 4913 ό
961 4859 1094 4932 Θεδς
1120 4856 1237 4922 ἄξει
1261 4858 1540 4932 έν-κρίσει,
1579 4856 1828 4932 ενιπαντὶ
1856 4856 2147 4932 παρεωρα-

582 4925 903 5005 μένῳ,’ἒάν
935 4928 1161 5005 ἀγαθόν,
1194 4928 1290 4981 καὶ
1306 4925 1422 5005 ,ιέν
1458 4926 1714 4998 πονηρόν.
1749 4925 2146 4985 Verba'ead'em

580 4996 1056 5079 iiabessqperins,
1102 5000 1197 5055 lib.
1229 5013 1270 5079 ιζ
1303 4996 1454 5079 §5.n
1523 5068 1536 5079 _

649 5074 764 5147 (57)
827 5066 903 5126 De
946 5081 1202 5147 -extrema
1259 5066 1361 5147 ista
1414 5066 2083 5147 Ecclesiastansententia
2118 5084 2147 5123 a

579 5136 913 5216 Hieronymo
946 5141 1060 5216 haec
1098 5141 1406 5209 accepimus
1440 5155 1454 5192 :
1492 5157 1510 5216 ς
1549 5140 1752 5216 Αἰαίη..
1784 5136 2002 5216 inquit,
2037 5137 2147 5193 He-

577 5217 745 5280 braei,
786 5206 921 5268 'cum
976 5214 1115 5265 inter
1161 5206 1352 5265 taetera
1404 5206 1975 5280 scriptagSalomonis,
2029 5225 2149 5280 qna:

578 5278 862 5356 antiquata
901 5291 1048 5347 sunt,
1071 5298 1181 5356 nec
1213 5281 1561 5356 it_i_memnria
1599 5278 1957 5356 duraverunt,
1978 5286 2032 5331 et
2053 5279 2149 5356 hic

580 5346 728 5410 liber'
762 5346 1153 5410 oblitterandus
1204 5351 1499 5416 videretur,
1544 5364 1611 5405 eo
1643 5347 1787 5417 quod
1833 5362 2004 5403 vanas
2053 5346 2145 5403 Dei

578 5434 848 5482 assereret
908 5432 1208 5486 creaturas,
1274 5430 1329 5476 ει
1379 5430 1547 5475 totum
1601 5426 1817 5488 putaret
1871 5432 1994 5474 csse
2049 5434 2146 5487 pro

581 5496 774 5557 nihilo,
819 5504 875 5549 et
914 5494 1092 5548 cibum
1140 5502 1196 5547 et
1235 5502 1421 5562 potum
1452 5499 1502 5544 et
1535 5489 1759 5562 delicias
1795 5498 2145 5562 transeuntes

579 5564 859 5635 praeferret
900 5563 1175 5635 clunibus,
1209 5558 1297 5635 es
1339 5561 1440 5615 hoc
1473 5574 1580 5613 uno
1603 5558 1847 5635 capitulo
1878 5559 2143 5612 meruisse

579 5628 984 5697 auctoritatem;
1012 5641 1069 5686 nt
1105 5632 1158 5686 in
1191 5631 1501 5686 divinorum
1530 5628 1869 5683 voluminum
1911 5643 2142 5682 numero

580 5712 869 5773 poneretur
889 5703 1032 5771 quod
1056 5711 1221 5773 totam
1238 5701 1656 5773 disputationem
1676 5713 1828 5754 suam
1848 5706 1900 5751 et
1917 5712 2133 5773 omnem

580 5767 883 5843 catalogum
910 5767 1028 5829 ‘hac
1069 5772 1224 5843 quasi
1252 5767 1721 5843 ἀνακεφαλαιώσει
1749 5767 2129 5832 coarctaverit,

2245 3122 2485 3186 λάττειν,
2515 3119 2611 3173 καὶ
2636 3119 2737 3183 τὰς
2776 3117 2992 3182 εὐθείας
3025 3118 3248 3189 τρίϐους
3288 3117 3498 3172 ὁδεύειν
3526 3117 3625 3185 τῆς
3652 3134 3829 3186 σωτηο

2252 3215 2393 3287 ρίας,
2425 3213 2490 3267 δι’
2518 3207 2594 3269 ὧν
2631 3213 2921 3285 δυνήσεται
2950 3212 3058 3276 πᾶς
3103 3214 3130 3266 ό
3173 3210 3495 3281 βουλόμενος
3524 3208 3827 3277 παλινδρο-

2252 3307 2371 3375 μεῖν
2399 3303 2536 3374 πρὸς
2568 3303 2699 3356 Θεδν
2724 3302 2906 3365 αὖθις,
2925 3301 3055 3372 παρ’
3085 3294 3145 3353 οὐ
3167 3297 3465 3366 διεπλάσθη
3489 3297 3588 3350 καὶ
3607 3297 3824 3365 γέγονε,

2249 3397 2344 3450 καὶ
2368 3394 2466 3467 τὴν
2499 3394 2776 3450 ἔκπτωσιν
2806 3394 3149 3464 αὐθαιρέτως
3178 3395 3236 3446 ὲν
3270 3394 3335 3462 τῇ
3371 3389 3685 3461 παραϐάσει
3725 3389 3827 3457 τῆς

2249 3487 2471 3558 ἐντολῆς
2500 3487 2666 3542 αὐτοῦ
2701 3486 2961 3540 πέπονθε.
2994 3485 3094 3538 Διά
3118 3484 3225 3555 γὰρ
3258 3483 3390 3538 αὐτὸ
3418 3481 3578 3535 τοῦτο
3612 3482 3709 3534 καὶ
3736 3482 3826 3534 οὐ·

2251 3580 2422 3652 σιώθη
2450 3581 2547 3633 καὶ
2572 3581 2765 3649 γέγονε
2792 3579 2914 3633 κατ’
2948 3578 3133 3631 εἰκόνα
3151 3575 3285 3630 Θεοῦ
3317 3576 3412 3629 καὶ
3438 3574 3720 3645 ὁμοίωσιν·
3737 3573 3829 3626 ἵνα

2250 3671 2387 3741 πρὸς
2416 3671 2476 3724 τὸ
2502 3671 2811 3743 ἀρχέτυπον
2848 3670 3041 3733 κάλλος
3070 3669 3396 3723 ἀποϐλέπων
3426 3667 3534 3729 ἀεὶ,
3563 3664 3659 3720 καὶ
3688 3666 3827 3734 πρὸς

2248 3762 2382 3817 αὐτὸ
2427 3763 2616 3833 σαφῶς
2660 3761 2923 3833 ὲξομοιῶν
2968 3761 3109 3816 κατά
3162 3760 3224 3814 τὸ
3263 3758 3489 3813 δυνατὸν
3533 3758 3632 3828 τὴν
3692 3756 3829 3809 ἰδίαν

2250 3854 2395 3926 ζωὴν
2415 3896 2429 3919 ,
2458 3854 2677 3925 γίνηται
2704 3853 2961 3917 κοινωνὸς
3006 3854 3103 3906 καὶ
3149 3852 3249 3920 τῆς
3291 3851 3441 3914 θείας
3470 3848 3636 3903 αὐτοῦ
3666 3848 3828 3914 δόξης

2249 3948 2347 4001 καὶ
2373 3946 2605 4017 φύσεως.
2633 3945 2795 4000 Ἀλλὰ
2827 3946 2901 4017 μὴ
2928 3944 3018 3999 διὰ
3051 3945 3152 4014 τῆς
3181 3944 3315 4015 πρὸς
3344 3943 3509 3997 αὐτὸν
3538 3940 3829 4011 ἀλλοτριώ-

2252 4057 2391 4104 σεως
2422 4038 2729 4093 ὲθελουσίου
2770 4041 3214 4111 μακρυνόμενος.
3255 4036 3353 4090 καὶ
3386 4036 3579 4107 τιόρρω
3608 4036 3829 4103 γινόμε-

2251 4150 2340 4195 νος
2370 4132 2467 4203 τῆς
2499 4130 2649 4196 θείας
2674 4132 2976 4203 ἐμφερείας
2998 4174 3012 4198 ,
3047 4129 3430 4202 παραχαράξει
3470 4127 3565 4181 τοῦ
3589 4126 3829 4197 ἀρχετύ-

2251 4240 2355 4276 που
2385 4224 2614 4288 κάλλους
2639 4223 2731 4276 τδν
2766 4222 3096 4293 χαρακτῆρα
3117 4260 3132 4287 ,
3168 4221 3264 4273 καὶ
3290 4219 3389 4289 τὴν
3422 4218 3609 4271 εἰκόνα
3639 4216 3830 4285 κίϐδη-

2250 4314 2341 4368 λον
2372 4315 2661 4386 ἀποφήνας
2683 4355 2697 4379 ,
2742 4316 2821 4378 εἰς
2848 4312 3124 4367 ἀπώλειαν
3152 4308 3531 4382 παραπεμφθῇ
3571 4307 3668 4377 τὴν
3704 4306 3833 4360 αἰώ-

2182 4392 2225 4447 Ῑ)
2253 4424 2383 4461 νιον.
2421 4405 2618 4470 Καθὼς
2641 4406 2775 4477 πρὸς
2802 4406 2965 4460 αὐτὸν
2986 4407 3193 4459 ἐκεῖνον
3215 4405 3307 4456 τὸν
3338 4402 3431 4455 ἐπ)⁸
3457 4402 3675 4455 πάντων
3692 4398 3829 4451 Θεὸν

2252 4499 2281 4549 ὁ
2312 4498 2598 4568 προφήτης
2631 4497 2796 4550 Δαϐὶδ
2846 4497 3259 4567 ἀνακέκραγεψ
3298 4513 3316 4545 ι
3348 4494 3411 4546 Ol
3455 4490 3827 4563 μακρύνοντες

2255 4589 2481 4651 ἑαυτοὺς
2505 4586 2615 4641 ἀπὸ
2649 4586 2766 4652 σοῦ,
2798 4587 3148 4640 ἀπολοῦνται.
3190 4604 3208 4636 ι

2244 4801 2298 4846 et
2348 4791 2549 4845 dixerit
2605 4789 2764 4844 linem
2814 4803 3131 4843 sermonum
3188 4802 3415 4842 suorum
3461 4786 3654 4841 auditu
3706 4802 3827 4842 esse

2247 4861 2742 4930 promptissimum,
2783 4874 2883 4913 nec
2913 4858 3117 4925 aliquid
3160 4858 3213 4911 in
3257 4874 3316 4913 se
3358 4859 3562 4911 habere
3585 4857 3823 4930 tlillicile.

2248 4926 2305 4985 iit
2338 4926 2555 5008 scilicet
2575 4930 3090 5008 Deum_timeamus,
3121 4936 3175 4982 et
3204 4930 3325 5008 ejus
3358 4938 3629 5008 praecepta
3658 4926 3828 5008 iacia-

2248 5017 2390 5055 mus.
2425 5001 2505 5054 Ad
2543 5000 2646 5055 hoc
2682 4999 2829 5054 enim
2862 5008 3051 5053 natum
3082 5013 3203 5053 esse
3231 4998 3533 5061 hominem,
3570 5008 3630 5050 ut
3658 4998 3828 5050 Crea-

2248 5080 2417 5124 torem
2452 5085 2609 5125 suum
2648 5069 2999 5138 intelligens,
3055 5078 3343 5122 veneretur
3399 5083 3525 5138 eum
3581 5075 3727 5121 metu
3777 5076 3828 5120 et

2248 5144 2455 5195 honore
2504 5149 2559 5193 et
2612 5154 2777 5206 opere
2832 5137 3242 5193 mandatorum.
3283 5157 3301 5188 ι
3348 5138 3407 5190 In
3463 5137 3612 5191 hunc
3662 5152 3827 5204 porro

2248 5226 2469 5266 sensum
2523 5220 2579 5265 et
2628 5210 3057 5278 Chrysostomus
3115 5208 3288 5268 dixit,
3323 5207 3516 5278 Teucri
3550 5209 3700 5278 ἐστιν
3738 5208 3827 5259 ἀν-

2247 5284 2467 5351 θρωπος
2509 5281 2571 5332 τὸ
2614 5275 2897 5351 φοϐεῖσθαι
2924 5280 3033 5351 τὸν
3074 5278 3227 5351 Sed}.
3279 5277 3485 5351 ld_est_,
3541 5275 3826 5351 Hominem

2246 5347 2364 5404 eum
2394 5367 2525 5413 esse,
2555 5351 2645 5420 qui
2691 5348 2859 5420 Deum
2891 5350 3097 5420 timeat.
3135 5348 3314 5420 (Tom.
3349 5347 3365 5401 Ι
3394 5385 3410 5409 ,
3449 5347 3523 5420 De
3559 5349 3826 5420 inca-mpm

2247 5423 2341 5478 Dei
2372 5431 2485 5476 nat.
2513 5412 2672 5475 hom.
2701 5419 2755 5481 1,
2791 5435 2846 5473 n.
2880 5419 2961 5489 2.)
2998 5421 3066 5473 Et
3096 5412 3188 5489 qui
3222 5419 3386 5472 Deum
3423 5419 3597 5489 timet.
3631 5412 3825 5485 υύτος,

2246 5493 2422 5563 inquit
2461 5487 3287 5563 Οιγῐιὶρίοάοωε.ὲστίςσοφὸς
3342 5490 3450 5551 πᾶς
3498 5487 3825 5563 ἄνθρωπος,

2250 5556 2371 5617 ἀντὶ
2407 5556 2579 5626 τοῦξὸ
2606 5556 2810 5620 τέλειος
2842 5561 2935 5613 καὶ
2966 5559 3290 5628 ἀνελλιπὴς·
3331 5574 3526 5627 nempe
3556 5575 3569 5610 :
3606 5556 3706 5610 Hic
3746 5566 3827 5610 est

2247 5635 2457 5701 sapiens
2499 5632 2669 5686 omnis
2706 5633 2895 5701 homo,
2941 5632 2995 5683 id
3029 5641 3104 5683 est
3154 5630 3542 5701 integeratque
3589 5639 3639 5683 ct
3678 5644 3825 5680 0mm

2245 5697 2397 5770 parte
2422 5703 2704 5773 perfectus.
2738 5700 2820 5774 (In
2847 5701 3008 5758 Auct.
3048 5700 3178 5756 Duc.
3214 5697 3276 5771 ρ.
3301 5697 3403 5753 680
3433 5700 3517 5768 tl.)
