4098 6556
296 366 444 429 1177

1390 374 1473 434 ΙΝ
1514 373 2098 436 ECCLESIASTEN.
2139 402 2210 413 --
2240 377 2388 438 LIB.
2422 379 2498 438 Χ.

3441 379 3580 446 1178

379 481 489 551 Τῆς
514 479 626 552 γὰρ
666 480 814 551 ζωῆς
860 483 895 550 ἡ
936 484 1196 556 στέρησις
1231 485 1465 547 θάνατος
1498 486 1746 553 πέφυκε.
1789 487 1882 540 καὶ

2059 486 2195 543 Vita:
2233 489 2381 544 enim
2424 489 2660 560 privatio
2705 504 2856 546 mors
2884 500 2989 557 est,
3021 501 3074 547 et
3127 493 3323 549 salutis
3349 485 3579 552 amissio

289 571 406 643 τῆς
442 574 774 646 σωτηρίαςή
802 573 1079 641 ἔκπτωσις
1106 578 1245 645 πρὸς
1272 579 1375 648 τὴν
1398 578 1677 633 ἀπώλειαν
1705 596 1889 650 παραυ

293 667 515 735 πέμπει
548 665 640 720 διὰ
666 666 778 721 τῶν
817 667 921 738 τῆς
966 668 1275 740 μοχθηρίας
1301 670 1399 724 καὶ
1424 670 1763 740 φαυλότητος
1793 669 1887 741 ἔρ-

288 772 436 823 γων.
465 757 644 828 Ὅπερ
675 758 1046 831 αἰνιττόμενος
1076 762 1169 815 καὶ
1206 761 1578 833 παρεμπεδῶν
1607 763 1889 833 ἐπήγαγεν

289 850 324 901 ὁ
363 848 527 919 σοφὸς
566 851 1002 927 Ἐκκλησιαστὴς
1026 894 1041 917 ,
1081 873 1101 907 ι
1133 855 1259 909 Ὀτι
1308 855 1532 926 σύμπαν
1573 855 1636 909 τὸ
1676 856 1891 927 ποίημα

292 938 421 1003 ἄξει
455 942 484 995 ὁ
519 940 655 1006 Θεὸς
693 943 775 1006 είς
803 943 991 1015 κρίσιν
1019 945 1078 998 ὲν
1110 945 1277 999 παντὶ
1308 945 1749 1018 παρεωραμένῳ,
1794 945 1892 1000 ὲάν

289 1047 361 1085 τε
390 1034 598 1101 ἀγαθὸν
642 1030 719 1110 ᾖ,
766 1036 866 1091 ὲάν
909 1054 973 1091 τε
1016 1038 1276 1109 πονηρόν.
1320 1057 1338 1090 ι
1390 1039 1758 1108 Εὑαγγελικὸν
1795 1038 1893 1092 καὶ

296 1127 568 1196 μυστικὸν
594 1130 692 1183 καὶ
722 1132 840 1194 τοῖς
868 1130 1087 1196 πολλοῖς
1127 1130 1439 1205 ἀνθρώποις
1468 1132 1889 1203 ἀμφιδαλλόμε-

292 1238 392 1273 νον
421 1221 601 1292 δόγμα
626 1222 1027 1294 προκηρύττων
1062 1225 1156 1279 καὶ
1182 1225 1685 1296 προκαταγγέλλων
1709 1242 1770 1278 τε
1794 1225 1890 1279 καὶ

292 1313 701 1383 παρεμπεδῶν,
731 1315 906 1373 ταῦτά
934 1332 1123 1387 φησιν.
1156 1315 1283 1371 Ὅτι
1320 1318 1419 1387 μὲν
1447 1317 1558 1388 γὰρ
1592 1315 1883 1390 παρερρύη

289 1406 401 1476 τῆς
427 1405 576 1476 ζωῆς
604 1406 692 1460 διὰ
718 1408 818 1477 τῆς
843 1409 1210 1479 παραϐάσεως
1237 1412 1266 1464 ὁ
1290 1410 1639 1484 ταλαίπωρος
1667 1412 1882 1484 ἅνθρω-

292 1514 423 1563 πος,
461 1498 559 1553 καὶ
582 1501 802 1570 μακρὰν
828 1500 1070 1569 ἐγεγόνει
1097 1502 1524 1582 τοῦκτίσαντος,
1560 1506 1658 1558 καὶ
1682 1504 1759 1575 τῷ
1784 1504 1881 1558 θα-

290 1589 447 1660 νάτῳ
472 1591 567 1644 καὶ
589 1593 656 1662 τῇ
680 1591 857 1662 φθορᾷ
885 1592 975 1647 διὰ
998 1593 1097 1664 τῆς
1120 1592 1402 1666 ἐξαπάτης
1423 1594 1517 1648 τοῦ
1537 1595 1716 1665 ὄφεως
1757 1614 1884 1650 κατ-

288 1683 604 1754 ολίσθησεν,
639 1684 1026 1756 ἁριδηλότατὸν
1054 1687 1174 1741 ἐστι
1200 1689 1337 1741 πᾶσι
1367 1690 1481 1752 τοῖς
1505 1688 1755 1743 ὁπωσοῦν
1785 1706 1886 1742 πε-

292 1776 600 1845 πυσμένοις
641 1776 749 1829 τῶν
804 1775 965 1842 θείων
1011 1779 1108 1832 καὶ
1150 1780 1465 1833 Μωσαῖκῶν
1513 1783 1880 1853 εἰσηγήσεων.

288 1866 473 1920 Τοῦτο
516 1868 626 1940 γὰρ
671 1871 788 1932 τοῖς
824 1871 1153 1942 γεννάρχαις
1184 1872 1487 1940 ἠπείλησεν
1520 1875 1552 1945 ὴ
1601 1874 1882 1946 θεόκριτος
1916 1855 1957 1910 Β

288 1961 498 2030 ψῆφος,
529 1960 623 2015 τοῦ
655 1962 1117 2033 ἀπηγορευμένον
1151 1963 1310 2030 ξύλου
1334 1966 1433 2035 τὴν
1461 1966 1765 2037 μετάληψιν
1789 1968 1884 2022 καὶ

287 2054 397 2125 τὴν
426 2053 631 2124 ἐδωδὴν
670 2055 1068 2127 ἀποστρέψασα
1092 2096 1109 2121 ,
1161 2057 1258 2110 καὶ
1289 2058 1710 2129 παραϐεϐηκόσι
1745 2077 1883 2134 προ-

291 2148 714 2216 καταγγείλασα
741 2147 972 2203 θάνατον
1000 2149 1197 2204 αὐτίκα
1226 2150 1322 2204 καὶ
1356 2150 1563 2221 φθορὰν
1588 2153 1772 2224 εὑρεῖν
1803 2154 1883 2217 είς

291 2242 600 2313 καταδίκην
628 2241 840 2296 ἔνδικον
865 2242 960 2295 καὶ
990 2244 1341 2314 κατάκρισιν.

374 2336 449 2388 0'5
489 2336 673 2406 μέντοι
700 2352 767 2404 γε
806 2335 901 2389 καὶ
934 2336 1035 2406 τὴν
1074 2336 1177 2407 ἥδη
1207 2337 1589 2409 γεγενημένην
1626 2338 1882 2410 ἀπαρχὴν

291 2429 397 2499 τῆς
431 2428 499 2480 ἐκ
531 2426 745 2499 νεκρῶν
780 2428 1081 2498 καθολικῆς
1124 2430 1483 2492 ἀναστάσεως
1527 2430 1617 2484 διὰ
1650 2432 1749 2501 τῆς
1798 2436 1882 2484 ὲν-

294 2522 713 2591 ανθρωπήσεως
761 2519 855 2573 τοῦ
913 2520 1237 2590 μονογενοῦς
1282 2525 1379 2577 καὶ
1434 2522 1879 2594 θεαρχικωτάτου

292 2612 478 2681 Λόγου
506 2611 603 2665 τοῦ
631 2614 1059 2683 σωματωθέντος
1104 2613 1172 2667 δι’
1207 2614 1417 2683 ἄφατον
1449 2614 1599 2668 ἔλεον
1632 2617 1726 2670 καὶ
1765 2615 1883 2686 φιλ-

292 2702 620 2774 ανθρωπίαν
653 2703 1000 2769 ἀνείκαστον,
1034 2704 1129 2757 καὶ
1159 2703 1219 2758 τὸ
1248 2705 1348 2775 τῆς
1393 2705 1741 2776 ἀνθρωπίνης
1780 2704 1882 2775 φύ-

293 2815 439 2861 σεως
479 2795 705 2866 ὄφλημα
736 2795 863 2850 καθ’
914 2795 1163 2849 ἑκούσιον
1210 2797 1443 2850 κένωσιν
1484 2796 1877 2865 ἁποτίσαντος,

291 2888 395 2940 καὶ
442 2886 679 2959 σταυρὸν
736 2886 1071 2951 ἀνατλάντος
1120 2887 1217 2940 καὶ
1267 2887 1497 2943 θάνατον
1554 2888 1650 2940 καὶ
1698 2887 1878 2960 ταφὴν

289 2980 623 3051 τριήμερον,
657 2981 753 3033 καὶ
788 2980 1075 3052 ζωηφόρον
1124 2981 1424 3034 ἀνάστασιν
1460 2982 1876 3048 ὑποδείξαντος,

289 3074 747 3144 ὁμολογουμένως
792 3073 1150 3140 δοξάζουσιν·
1199 3073 1316 3128 ἀλλ’
1363 3074 1439 3138 ὡς
1472 3074 1735 3128 ἀδύνατον
1774 3075 1879 3129 ὑπ-

290 3167 491 3237 άρχειν
523 3166 623 3237 τὴν
656 3165 804 3231 ἅπαξ
835 3166 1223 3221 ἀλλοιωθείσαν
1267 3166 1404 3237 πρὸς
1440 3166 1511 3221 τὰ
1548 3167 1609 3232 ἐξ
1636 3160 1711 3221 ὧν
1749 3184 1875 3219 συν-
1902 3202 1948 3263 c

290 3257 460 3329 ετέθη
486 3260 725 3328 στοιχεῖα
750 3257 914 3329 φύσιν
935 3259 1045 3312 τῶν
1072 3257 1374 3330 ἀνθρώπων
1402 3258 1764 3330 συγκριθῆναι
1795 3259 1876 3330 τῷ

292 3351 429 3418 θείῳ
477 3350 804 3422 βουλήματι,
858 3352 956 3405 καὶ
1015 3350 1177 3406 πάλιν
1240 3351 1519 3422 ἄφθαρτον
1574 3350 1877 3422 ἀναστῆναι

292 3443 445 3497 κατά
476 3444 578 3513 τὴν
605 3443 841 3514 ὲσχάτην
867 3444 963 3497 καὶ
1002 3442 1318 3497 τελευταίαν
1348 3442 1564 3515 ἡμέραν
1604 3442 1742 3513 πρὸς
1779 3442 1879 3514 τὴν

371 3555 487 3628 (58)
526 3554 872 3628 lu_Vu|gatis
902 3556 1137 3625 legimus
1170 3574 1184 3610 :
1220 3554 1289 3610 Et
1319 3565 1533 3617 cuncta,
1563 3571 1682 3625 qum
1717 3554 1875 3628 ,‘iuut,

292 3626 528 3681 adducet
572 3626 713 3681 Deus
742 3626 815 3680 in
849 3627 1121 3696 judicium
1165 3642 1259 3696 pro
1313 3628 1456 3679 omni
1510 3636 1725 3689 errato,
1770 3627 1879 3678 sive

296 3698 495 3751 bonum
528 3699 635 3752 sire
667 3699 867 3751 malum
888 3698 1023 3751 illud
1061 3698 1153 3751 sit.
1186 3700 1257 3752 At
1288 3696 1689 3764 Hieronymus:
1727 3718 1744 3748 ι
1777 3697 1881 3751 Pro

294 3784 387 3830 eo,
418 3769 617 3837 inquit,
659 3770 804 3837 quod
831 3784 932 3823 nos
962 3771 1245 3837 posuimus
1267 3767 1343 3822 De
1370 3768 1513 3820 omni
1543 3768 1877 3837 abscondito,

294 3839 406 3892 sive
436 3836 631 3893 bonum
672 3836 783 3893 sive
820 3836 1019 3892 malum
1045 3840 1138 3900 sit,
1173 3838 1540 3909 Symmachus
1565 3848 1616 3890 et
1648 3836 1880 3909 Septua-f

295 3909 452 3980 ginta
505 3910 849 3980 interpretati
906 3920 1034 3964 sunt
1086 3908 1166 3963 De
1217 3907 1361 3962 omni
1410 3907 1738 3980 contempto,
1795 3907 1880 3961 vel

295 3978 469 4045 certe,
490 3979 569 4034 De
592 3978 737 4035 omni
767 3982 1035 4052 ignorate,
1059 3980 1391 4052 quodetiam
1420 3978 1484 4052 de
1503 3979 1881 4052 otiosoverho

294 4058 353 4102 ct
386 4067 494 4105 non
524 4049 823 4117 voluntate,
860 4051 951 4106 sed
990 4050 1333 4120 ignoratione
1354 4049 1587 4119 prolato,
1616 4049 1879 4103 reddituri

296 4121 472 4176 simus
518 4123 787 4176 rationem
822 4124 875 4176 in
906 4120 994 4175 die
1018 4119 1250 4190 ’judicii.
1293 4138 1310 4171 ι
1363 4119 1433 4173 At
1463 4135 1590 4171 vero
1624 4120 1755 4173 illud
1795 4136 1881 4172 er-

297 4200 442 4254 rato,
490 4192 538 4247 si
585 4191 786 4246 Lucam
834 4192 1166 4260 Brugensem
1216 4190 1444 4253 audias,
1496 4205 1605 4260 non
1655 4191 1882 4243 omnino

296 4263 539 4315 alienum
588 4278 621 4317 a
651 4263 807 4333 verbi
844 4258 1245 4333 signiﬁcatione
1271 4300 1287 4333 ,
1324 4260 1471 4330 quod
1511 4258 1882 4333 Hieronymus

298 4334 637 4401 usurpavit:
671 4351 690 4384 ι
732 4331 852 4387 Non
903 4331 1092 4396 enim,
1146 4332 1358 4401 inquit,
1425 4340 1508 4401 est
1563 4346 1719 4385 error
1775 4331 1878 4384 nisi

296 4400 451 4456 circa
496 4403 709 4458 occulta
758 4413 850 4457 ant
889 4400 1288 4457 abscondita.»
1346 4400 1474 4455 Mihi
1514 4410 1696 4454 tamen
1747 4401 1880 4455 illud

295 4482 478 4526 errato
522 4474 695 4542 magis
741 4491 808 4529 eo
840 4472 1064 4527 nomine
1100 4473 1295 4542 placet,
1326 4470 1472 4541 quod
1504 4485 1744 4542 errorem
1786 4473 1881 4525 de-

1999 598 2094 653 per
2130 582 2272 640 facta
2300 584 2550 655 improba
2583 597 2638 641 et
2677 585 2945 657 ﬂagitiosa
2980 587 3046 642 ad
3066 587 3298 643 exitium
3331 591 3576 648 deducit.

1998 674 2155 741 Quod
2192 686 2251 732 ut
2285 677 2623 748 signiﬁcaret
2682 680 3203 751 comprobaretquc,
3261 681 3465 752 adjecit
3495 700 3580 740 sa-

1994 767 2151 838 piens
2207 768 2609 828 Ecclesiastes:
2669 790 2688 824 ι
2726 771 2862 839 Quia
2897 786 3060 829 omne
3113 772 3318 829 factum
3344 775 3578 831 adducet

1994 860 2137 917 Dens
2163 864 2215 916 in
2242 861 2504 932 iudicium
2536 879 2637 934 pro
2674 866 2823 919 omni
2865 875 3072 930 errato,
3109 867 3226 921 sive
3250 867 3457 923 bonum
3483 871 3575 932 sit,

1993 953 2111 1009 sive
2136 955 2338 1009 malum
2368 957 2503 1026 (58).
2538 955 2663 1013 H:ec
2700 973 2898 1028 nempe
2925 974 2992 1012 co
3026 968 3293 1028 spectant,
3323 960 3483 1030 293
3518 969 3576 1015 ut

1992 1044 2368 1115 evangelicam
2404 1047 2807 1117 mysticamque
2836 1051 3143 1104 doctrinam
3188 1053 3390 1106 multos
3428 1053 3573 1121 apud

1995 1137 2246 1192 homines
2266 1148 2679 1194 controversam
2716 1150 3003 1210 proponat,
3031 1143 3335 1206 denuntiet,
3370 1144 3574 1198 conﬁr-

1995 1238 2127 1286 met.
2156 1229 2292 1285 Nam
2320 1232 2430 1286 vita
2462 1232 2680 1302 quidem
2714 1233 2785 1287 ob
2806 1235 3104 1290 admissam
3143 1237 3359 1306 culpam
3390 1238 3569 1293 inrcli-

1994 1337 2112 1380 cem
2164 1325 2439 1378 hominem
2484 1325 2778 1392 excidisse,
2837 1336 3000 1397 atque
3041 1344 3070 1382 a
3133 1329 3416 1385 conditore
3469 1347 3568 1386 suo

1996 1418 2158 1488 longe
2190 1418 2534 1484 discessisse,
2565 1427 2622 1474 et
2643 1420 2919 1489 serpentis
2954 1419 3144 1475 fraude
3178 1423 3340 1476 morti
3365 1438 3429 1477 ac
3451 1437 3545 1477 cor

1995 1512 2236 1581 ruptioni
2270 1511 2654 1577 succubuisse,
2686 1527 2776 1566 res
2814 1511 3211 1567 eratonmibus
3244 1512 3310 1567 iis
3340 1512 3569 1568 manife-

1994 1604 2261 1670 stissima,
2297 1604 2391 1674 qui
2420 1604 2609 1675 aliquo
2667 1603 2833 1659 modo
2862 1604 3079 1658 divinas
3114 1603 3313 1674 Moysis
3346 1604 3567 1659 institu-

1993 1696 2173 1751 tiones
2206 1696 2436 1751 scrutati
2462 1704 2664 1751 essent.
2698 1695 2813 1751 Hoc
2839 1695 2987 1751 enim
3017 1697 3232 1767 generis
3264 1696 3434 1751 nostri
3469 1712 3565 1750 au-

1990 1787 2237 1841 ctoribus
2289 1787 2622 1841 comminata
2680 1794 2801 1842 erat
2858 1786 3045 1841 divina
3099 1788 3393 1851 sententia,
3444 1802 3567 1857 qme

1988 1880 2137 1935 vetiti
2189 1880 2321 1951 ligni
2348 1888 2569 1950 gustum
2609 1894 2876 1950 esumque
2912 1880 3216 1947 interdixit,
3270 1882 3389 1935 etsi
3420 1897 3563 1950 prae-

1986 1981 2205 2041 ceptum
2234 1973 2554 2035 violassent,
2590 1980 2820 2027 mortem
2879 1972 3024 2027 illico
3065 1982 3121 2027 et
3153 1973 3561 2042 corruptionem

1979 2061 2112 2133 justi
2161 2061 2353 2132 judicii
2405 2061 2870 2118 condemnatione
2945 2063 3230 2121 subituros
3301 2081 3562 2135 praenun-

1984 2154 2161 2211 tiavit.

2052 2330 2122 2384 At
2176 2346 2284 2385 non
2339 2346 2493 2400 aeque
2526 2332 2648 2388 sine
2688 2334 3067 2390 controversia
3103 2334 3350 2392 sentiunt
3386 2335 3453 2392 de
3471 2352 3558 2402 ea,

1982 2440 2105 2494 qua;
2134 2425 2248 2494 jam
2273 2425 2486 2479 initium
2513 2426 2726 2488 habuit,
2760 2427 3054 2484 universali
3091 2439 3439 2485 mortuorum
3473 2446 3561 2487 re-

1982 2518 2348 2581 surrectione,
2402 2533 2497 2587 per
2556 2519 2819 2590 uuigeniti
2891 2533 2956 2575 ac
3006 2520 3211 2576 summi
3276 2523 3561 2594 divinique

1982 2605 2146 2661 Verbi
2175 2607 2716 2675 inhumanationem,
2753 2609 2847 2678 qui
2889 2609 2961 2665 ob
2985 2610 3315 2668 ineﬂ‘abilem
3344 2614 3560 2677 miseri-

1980 2700 2224 2757 cordiam
2279 2708 2337 2756 et
2391 2702 2873 2772 incomparabilem
2929 2705 3257 2761 charitatem
3318 2707 3560 2763 humano

1981 2808 2210 2864 corpore
2262 2802 2569 2863 assumpto,
2614 2809 2826 2851 natura:
2884 2797 3143 2853 humanae
3190 2798 3437 2853 debitum
3465 2816 3560 2855 vo-

1980 2887 2216 2942 luntaria
2247 2887 2628 2943 exinanitione
2660 2889 2844 2953 solvit,
2888 2898 2941 2945 et
2975 2906 3194 2945 crucem
3234 2891 3455 2960 pertulit
3494 2906 3560 2946 ac

1981 2990 2213 3036 mortem
2240 2982 2689 3050 sepulturamque
2730 2982 2786 3036 in
2818 2983 3084 3048 triduum,
3110 2992 3166 3037 et
3200 2984 3559 3039 resurrectio-

1981 3090 2104 3129 nem
2134 3073 2410 3128 vivilicam
2433 3074 2677 3129 ostendit
2709 3074 2843 3147 (59).
2869 3073 3083 3145 Quippe
3120 3075 3233 3130 lieri
3265 3090 3371 3129 non
3395 3090 3560 3145 posse

1980 3166 2321 3229 existimant.
2354 3176 2415 3221 ut
2467 3178 2663 3221 natura
2716 3166 3023 3233 hominum,
3055 3183 3178 3237 qua:
3202 3168 3368 3223 semel
3393 3167 3448 3220 in
3470 3183 3556 3229 ca,

1984 3260 2127 3315 unde
2151 3261 2419 3325 constitit,
2443 3261 2713 3315 elementa
2729 3275 2989 3317 conversa
3020 3261 3110 3326 sit,
3150 3260 3335 3315 divina
3370 3261 3560 3315 volun-

1982 3362 2094 3409 tate
2116 3355 2410 3420 coalescat,
2435 3369 2499 3411 ac
2548 3370 2767 3410 rursum
2808 3355 3124 3424 incorrupta
3153 3355 3256 3410 sub
3284 3354 3428 3409 diem
3457 3370 3557 3408 ex-

1982 3455 2215 3502 tremum
2256 3454 2553 3517 resurgat,
2605 3460 2730 3499 cum
2778 3460 2878 3500 sua
2925 3445 3126 3514 cuique
3182 3458 3397 3499 merces
3447 3456 3551 3512 pro

1982 3575 2179 3630 penses
2214 3577 2268 3615 η.
2315 3560 2382 3614 7:
2417 3561 2527 3614 Καὶ
2557 3559 2615 3623 ὃς
2639 3557 2705 3612 ἂν
2739 3557 3007 3630 μεθοδεύῃ
3035 3556 3105 3611 τὰ
3125 3557 3282 3630 λόγια
3309 3556 3401 3611 τοῦ
3438 3557 3558 3630 Κυ-

1984 3628 2099 3700 ρίου
2147 3632 2286 3701 πρὸς
2332 3631 2432 3694 τὰς
2476 3630 2613 3701 ἰδίας
2682 3628 3020 3701 ἐπιθυμίας,
3064 3628 3161 3681 καὶ
3202 3628 3335 3701 λέγῃ
3356 3667 3382 3701 ,Α
3419 3628 3557 3697 μήτε

1981 3695 2297 3772 ἀνάστασιν,
2324 3702 2458 3772 μήτε
2489 3700 2672 3772 κρίσιν
2703 3695 3041 3772 ᾀναιζοῦτος
3072 3695 3559 3772 πρωτότοκόςὲστι

1980 3771 2076 3825 τοῦ
2122 3768 2358 3826 Σατανᾶ.
2386 3768 2607 3839 ’Νοιιίρθ
2646 3785 2659 3822 :
2704 3768 2768 3822 Et
2800 3770 2891 3839 qui
2931 3769 3140 3837 eloquia
3190 3768 3403 3821 Domini
3445 3778 3558 3820 tra-

1982 3843 2196 3897 duxerit
2227 3842 2295 3894 ad
2323 3840 2587 3894 desideria
2619 3856 2716 3893 sua
2737 3880 2752 3905 ,
2786 3839 3078 3907 dixeritque
3108 3854 3267 3908 neque
3318 3855 3558 3892 resurre-

1983 3914 2209 3966 ctionem
2259 3927 2424 3981 neque
2450 3910 2715 3981 judicium
2746 3925 2888 3973 esse,
2929 3909 3014 3961 hic
3058 3910 3440 3981 primogenita:
3477 3918 3557 3961 est

1985 3982 2227 4037 Satame.
2268 3978 2387 4047 Quo
2436 3981 2524 4036 ille
2568 3979 2791 4036 nomine
2816 4018 2831 4044 ,
2870 3988 2929 4032 ut
2983 3987 3065 4033 est
3112 3981 3254 4048 apud
3292 3978 3558 4032 Irena'um

1984 4054 2104 4121 (lib.
2126 4068 2188 4107 Ill
2219 4053 2353 4106 Adv.
2372 4052 2503 4106 hair.
2534 4066 2584 4106 c.
2605 4048 3026 4121 5);,Mar’cionem
3063 4049 3553 4121 aliasdesignavit.

1985 4116 2080 4194 (ν.
2115 4123 2343 4178 Tertull.
2377 4121 2413 4176 Ι.
2446 4138 2499 4188 v,
2533 4136 2585 4176 c.
2617 4116 2707 4185 l0,
2738 4118 2871 4171 Adv.
2904 4116 3097 4188 Marc.)
3114 4116 3562 4194 SrdhieNoster

1983 4189 2459 4265 vigentemﬂaetatc
2481 4204 2601 4265 sua
2629 4204 2870 4265 errorem
2906 4198 3103 4265 notare
3142 4189 3273 4265 mihi
3303 4189 3554 4265 videtur;

1985 4258 2213 4320 id‘enim
2254 4264 2375 4327 illa,
2408 4264 2635 4331 opinor,
2677 4260 3000 4331 declarant:
3040 4259 3113 4331 Οὐ
3148 4258 3421 4331 μέντοιμγε
3460 4259 3558 4331 καὶ

1983 4336 2084 4431 τῂν
2108 4334 2246 4419 ᾔδη,
2269 4328 2648 4431 γεγενημένην
2683 4328 3063 4431 ἀπαρῃὶνλτῇς
3087 4328 3408 4431 sufﬁgi):
3422 4328 3556 4431 κριθ-

1985 4398 2172 4476 ολίκῆ’ς
2204 4398 2689 4476 ἀναστάσεως...
2705 4398 3172 4476 Λὸμολογουμένως
3219 4398 3551 4476 δοξάζουσιν.

1986 4468 2280 4530 Enimvero
2306 4491 2431 4530 cum
2466 4472 2662 4528 deinde
2696 4468 2958 4540 Origenes
2985 4468 3204 4539 quoque
3247 4470 3385 4523 inter
3416 4471 3554 4525 alios

297 4545 483 4614 signet
511 4541 633 4598 labe
652 4559 759 4598 non
787 4553 1062 4599 carentem
1083 4541 1110 4608 ;’
1129 4553 1188 4597 ut
1211 4557 1336 4596 cum
1366 4542 1443 4614 ait
1462 4542 1658 4595 Cicero
1689 4541 1834 4595 ﬁlius
1862 4557 1876 4593 :
1915 4557 1958 4612 ο
1986 4548 2154 4602 multa
2204 4545 2272 4600 de
2304 4544 2705 4614 resurrectione
2730 4556 3022 4614 corporum
3056 4541 3231 4614 aliena
3259 4548 3430 4614 atque
3454 4541 3551 4594 ab-

304 4634 326 4662 ι
360 4612 603 4669 Tantum
635 4615 780 4669 enim
824 4615 956 4669 mihi
1000 4614 1247 4668 dolorem
1287 4612 1704 4680 cruciatumque
1733 4620 1879 4665 attu-

300 4685 484 4739 lerunt
514 4698 694 4739 errata
728 4686 907 4740 aatatis
944 4699 1100 4750 meae,
1143 4692 1203 4738 ut
1237 4697 1344 4736 non
1371 4684 1549 4737 solum
1592 4683 1811 4736 animus
1848 4696 1880 4735 a

298 4756 495 4819 factis,
529 4756 623 4810 sed
678 4772 841 4825 aures
874 4770 1094 4825 quoque
1143 4769 1175 4809 a
1217 4755 1739 4825 commemoratione
1780 4753 1877 4805 ab-

302 4830 585 4880 horreant.
636 4846 655 4879 i
703 4823 928 4895 (Famii.
962 4823 1148 4891 Ιίινι,
1180 4839 1268 4895 ep.
1302 4823 1419 4893 2i.)
1444 4823 1534 4878 Sic
1560 4825 1761 4892 quippe
1794 4839 1867 4876 er-

300 4906 481 4950 ratum
541 4898 717 4967 magis
776 4896 1073 4967 respondet
1129 4894 1207 4966 τῷ
1268 4895 1724 4967 παρεωραμένῳο
1795 4901 1880 4947 est

299 4968 449 5020 enim
482 4966 769 5038 παροράω,
807 4966 1205 5038 conniventibus
1254 4966 1422 5038 oculis
1448 4974 1732 5038 prwtereo,
1775 4980 1877 5017 non

299 5035 664 5091 animadverto
687 5078 702 5099 ,
728 5040 902 5093 videre
934 5053 1016 5089 me
1052 5035 1351 5096 dissimulo,
1386 5036 1469 5088 vel
1496 5038 1661 5089 etiam
1699 5050 1879 5103 suspe-

300 5118 447 5160 rtum
469 5108 655 5171 habeo,
686 5120 746 5162 ut
776 5110 960 5162 videre
992 5105 1117 5161 licet
1145 5106 1286 5173 apud
1320 5103 1568 5159 Suidam.
1604 5104 1790 5173 Itaque
1817 5103 1878 5156 τὸ

299 5178 733 5247 παρεωραμένον
769 5187 918 5233 recte
947 5176 1321 5247 interpreteris
1346 5214 1362 5240 ,
1383 5175 1762 5247 quodmalitia
1784 5190 1878 5247 rne-

300 5229 663 5315 glectumiest.
686 5229 695 5230 ί
715 5229 1054 5315 Quodsi-in
1094 5229 1456 5300 'llebrmo'e'st
1483 5229 1626 5308 ωιτν)
1656 5244 1878 5314 partici-

304 5302 452 5383 pium
494 5302 768 5386 passivum
816 5320 885 5373 ab
929 5302 1065 5383 βίην,
1105 5317 1250 5386 quod
1285 5316 1428 5369 valet
1460 5302 1721 5369 occultum
1749 5316 1873 5384 fuit,

304 5389 357 5441 id
391 5390 569 5457 ipsum
594 5388 901 5451 Abeuezra,
932 5400 990 5442 ut
1016 5387 1299 5442 adnotavit
1320 5389 1572 5451 Amatna,
1603 5386 1873 5456 exposuit,

295 5459 459 5526 juxta
488 5458 829 5513 intentionem
878 5459 1076 5522 cordis,
1130 5472 1326 5526 nempe
1374 5471 1482 5511 non
1536 5458 1719 5526 qualia
1775 5470 1865 5524 ap-

304 5537 494 5596 parent
525 5528 665 5584 facta
701 5531 1073 5593 extrinsecus,
1099 5526 1195 5584 sed
1232 5526 1409 5598 qualis
1439 5527 1588 5583 intus
1614 5528 1666 5580 in
1690 5528 1876 5582 animo

302 5610 453 5653 sunt.

377 5668 490 5741 (59)
534 5667 834 5724 Exstiterat
858 5669 1081 5741 quidem
1121 5667 1206 5741 vel
1242 5668 1295 5722 in
1332 5666 1469 5741 ipsis
1480 5665 1750 5741 Ecclesia:
1785 5680 1877 5721 ex-

302 5739 475 5794 ordiis
504 5754 696 5794 eorum
725 5738 946 5809 quoque
980 5740 1223 5803 haeresis,
1253 5739 1345 5807 qui
1379 5738 1733 5809 nullaml'ore
1751 5752 1875 5791 cor-

306 5823 503 5877 porum
531 5808 984 5865 resurrectionem
1025 5809 1399 5874 allirmabaut;
1434 5825 1558 5862 nam
1596 5808 1734 5861 hanc
1768 5824 1873 5861 non

309 5881 549 5938 obscure
583 5880 788 5937 indicat
818 5881 1152 5953 l'olycarpus
1199 5881 1256 5937 in
1291 5878 1534 5950 Epistula
1561 5880 1627 5933 ad
1667 5879 1872 5949 Philip-

1983 4632 2119 4673 sona
2162 4617 2445 4672 docuisset
2469 4612 2625 4680 (Vide
2664 4610 2921 4666 Huetium
2971 4610 3024 4681 in
3070 4610 3381 4681 Origem'an.
3422 4612 3459 4665 Ι.
3492 4628 3551 4678 u,

1980 4696 2177 4759 quaast.
2216 4687 2326 4757 9),
2364 4679 2647 4754 Opiniones
2689 4684 2809 4752 ejus
2839 4681 2942 4736 sub
2978 4679 3293 4759 Justiniano
3339 4683 3558 4759 potissi-

1981 4752 2156 4822 mum,
2222 4752 2333 4826 quo
2392 4752 2638 4824 tempore
2688 4761 2881 4826 noster
2927 4752 3306 4826 adolescebat,
3342 4752 3553 4826 magnis

1980 4830 2216 4898 partium
2241 4822 2453 4898 _studiis
2491 4822 2823 4898 revixerunt.
2858 4823 3145 4898 Ac_seriu_s_
3183 4822 3346 4889 paulo
3384 4822 3552 4893 Euty-

1978 4892 2132 4953 cbius
2180 4899 2272 4953 ille
2320 4892 3347 4968 patriarcha_Constantinopolitauus,
3386 4908 3551 4968 quem

1977 4961 2336 5024 Justinianus'
2371 4969 2424 5022 in
2474 4965 2746 5020 catholica
2791 4961 3134 5033 professione
3166 4964 3550 5033 constantissi-

1978 5055 2129 5094 mum
2168 5039 2422 5094 exsulare
2444 5035 2706 5106 jusserat,
2746 5031 2869 5106 cum
2910 5033 3194 5087 restitutus
3224 5041 3387 5092 esset,
3421 5031 3546 5106 Ori-

1978 5109 2131 5180 geuis
2166 5102 2943 5180 erroresdeAresu‘rrecliune,
2977 5106 3374 5180 commentario
3410 5102 3548 5154 scri-

2018 5178 2456 5243 to,instauravit.
2482 5175 2655 5242 Quam
2674 5188 2804 5228 vero
2832 5188 2956 5227 cum
2990 5173 3095 5225 hoc
3118 5171 3545 5243 disputationem

2018 5195 2456 5243 to,in5tauravu.
2482 5195 2655 5242 uuam
2675 5195 2804 5228 vero
2832 5195 2956 5227 cum
2991 5195 3095 5225 nuc
3118 5195 3545 5238 UlSplﬂﬂllUllt’lll

1977 5195 2228 5304 iiabuerit
2256 5249 2554 5320 Gregorius
2585 5244 2833 5320 Magnus,
2859 5244 2953 5320 qui
2980 5254 3093 5320 tum
3124 5241 3387 5320 diaconus
3403 5240 3551 5295 Coo-

1979 5320 2332 5388 stantinOpoli
2366 5312 2767 5388 apocrisiarmn
2796 5316 2986 5388 agebat
3014 5351 3034 5388 ,_
3066 5312 3237 5388 fusius
3280 5312 3394 5388 ipse
3424 5326 3553 5363 nar-

1978 5401 2062 5444 rat
2088 5381 2310 5458 (Μοιῖαί.
2347 5381 2441 5442 lib.
2470 5401 2580 5447 xtv,
2603 5399 2665 5458 c.
2686 5384 2798 5454 29).
2835 5381 2992 5439 Hunc
3023 5382 3207 5458 igitur,
3230 5389 3284 5458 et
3305 5381 3398 5450 qui
3426 5396 3549 5458 cum

1976 5475 2043 5515 eo
2081 5450 2424 5523 sentiebant,
2477 5450 2838 5529 perstringere
2884 5462 3071 5510 noster
3100 5450 3324 5529 voluit,_
3342 5452 3551 5519 optimo

1977 5531 2199 5586 Patrum
2229 5521 2497 5596 exemplo,
2543 5525 2639 5594 qui
2671 5521 2886 5596 semper
2913 5539 3008 5579 eas
3035 5521 3274 5576 maxime
3299 5521 3551 5596 haereses

1978 5600 2227 5655 refellere
2262 5591 2424 5669 atque
2458 5591 2723 5669 insectari
2745 5591 2925 5669 conati
2954 5600 3103 5669 sunt,
3122 5606 3244 5660 qua:
3265 5591 3551 5669 dominari

1976 5672 2293 5726 viderentur
2321 5662 2823 5737 {quemadmodum
2862 5666 2982 5719 libri
3014 5678 3202 5737 eorum
3246 5662 3546 5737 declarant.

1978 5739 2136 5805 Quod
2168 5733 2581 5796 utinam'nostra
2606 5737 3006 5792 tetateliherius
3038 5733 3237 5805 ubique
3268 5748 3332 5789 ac
3350 5733 3551 5789 fortius

1980 5813 2153 5881 ﬁeret,
2190 5827 2356 5885 quam
2392 5810 2471 5864 lit.
