4098 6554
522 340 655 407 1179

1393 350 1491 411 DE
1530 352 1788 412 [ETATE
1815 355 1888 412 ‘S.
1947 352 2324 413 GllEGORII
2366 353 2876 414 AGRIGENTINI

3633 356 3783 419 1180

515 459 639 511 viue
663 456 874 511 meritis
900 456 1081 512 danda
1108 468 1212 513 est.
1256 458 1427 531 Igitur
1462 465 1687 533 sapiens
1730 462 2088 518 Ecclesiastes

2207 465 2298 517 τῶν
2327 464 2679 534 βεϐιωμένων
2708 466 3002 519 ἀντίδοσιν.
3033 464 3098 517 '0
3124 463 3311 525 μέντοι
3342 467 3503 535 σοφὸς
3535 467 3783 537 Ἐκκληο

513 547 658 616 quod
687 546 796 602 illis
821 547 936 602 fleri
971 549 1200 604 omnino
1234 566 1344 606 non
1386 568 1548 622 posse
1590 554 1822 619 videtur,
1855 571 1965 608 uno
1996 570 2091 610 vo-

514 638 709 694 cabulo
743 637 1070 695 facillimum
1118 640 1541 710 demonstravit,
1589 645 1754 717 294
1794 638 2087 717 inquiens:

520 747 539 780 ι
583 729 723 794 Quia
754 743 921 786 omne
952 730 1159 786 factum
1193 734 1425 789 adducet
1456 734 1601 791 Deus
1645 738 1699 791 in
1729 738 2022 808 judicium.
2065 756 2084 789 ι

518 821 691 875 Deum
760 821 905 877 enim
943 838 1071 878 cum
1122 826 1291 891 dixit,
1349 828 1440 898 qui
1476 829 1826 898 omnipotens
1860 840 1962 896 est,
2008 831 2091 887 vel

523 914 699 985 potius
715 914 806 982 qui
838 916 1139 985 potentiam
1181 935 1322 974 unus
1352 921 1831 993 circumscriptam
1858 938 1964 977 non
1996 923 2093 976 ba-

522 1004 628 1069 bet,
656 1006 862 1076 quique
894 1008 1103 1075 omnia,
1136 1025 1258 1079 quae
1286 1011 1472 1066 animo
1513 1022 1611 1067 aut
1643 1014 1895 1070 sensibus
1931 1030 2092 1069 usur-

520 1110 744 1171 pantur,
790 1118 915 1156 cum
965 1119 1240 1174 nusquam
1280 1114 1486 1170 essent,
1511 1106 1777 1161 exsistere
1820 1107 2002 1176 jussit,
2026 1123 2092 1163 ac

520 1192 719 1247 caelum
758 1201 1019 1265 tanquam
1073 1197 1268 1266 pellem
1292 1198 1556 1263 extendit,
1602 1199 1864 1269 nulloque
1895 1198 2092 1253 funda-

519 1296 704 1341 mento
742 1288 1033 1341 haerentem
1086 1297 1285 1341 terram
1331 1289 1636 1358 suspendit,
1696 1298 1750 1344 et
1800 1290 2091 1345 luminaria

518 1379 628 1432 duo
657 1395 853 1450 magna
885 1381 1181 1450 stellasque
1218 1393 1446 1437 caeteras
1475 1397 1669 1437 omnes
1705 1384 1771 1437 ad
1807 1383 1948 1438 diem
1992 1400 2091 1439 uo-

522 1481 774 1540 ctemque
804 1471 1229 1527 illuminandam
1259 1474 1569 1541 constituit,
1588 1490 1705 1529 eam
1744 1475 1931 1545 utique
1963 1492 2093 1531 cou-

524 1564 849 1619 troversiam
916 1579 948 1620 e
980 1565 1161 1620 medio
1203 1566 1447 1621 sustulit.
1497 1565 1615 1621 Non
1664 1568 1809 1622 enim
1857 1568 2091 1636 quadam

522 1659 918 1714 cousecutione
968 1668 1198 1725 naturae,
1249 1659 1575 1724 adducetur,
1633 1660 1832 1728 inquit,
1868 1660 2094 1724 injudi-

523 1751 670 1806 cium
706 1768 724 1800 ι
759 1766 922 1805 omne
975 1749 1199 1815 factum,
1232 1769 1250 1803 ι
1293 1751 1346 1807 id
1371 1752 1620 1821 estquod
1652 1753 1972 1808 rationalem
2015 1754 2097 1807 in-

525 1843 974 1913 tclligentemque
1003 1844 1242 1898 animam
1270 1819 1673 1914 complectitur,
1706 1854 1760 1899 et
1798 1845 2095 1901 voluntatis
2127 1819 2167 1873 Β

524 1936 779 1990 libertate
821 1935 1008 2005 pollet,
1044 1944 1208 2005 atque
1261 1936 1551 2006 utriusque
1611 1937 1782 2006 partis
1836 1937 2097 2007 eligenda:

525 2029 925 2099 sequendaeque
973 2027 1202 2082 arbitrio
1235 2029 1515 2096 praeditum
1542 2038 1651 2084 est:
1690 2030 1781 2084 sed
1812 2030 1862 2083 id
1916 2029 2096 2083 omui-

525 2120 769 2189 potentis
801 2117 891 2174 Dei
920 2118 1201 2191 voluntate
1230 2119 1341 2182 ﬁet,
1365 2120 1459 2190 qui
1488 2129 1542 2176 et
1582 2121 1735 2190 prius
1758 2136 1823 2174 ex
1851 2122 2098 2175 elemen-

528 2213 601 2266 tis
661 2221 896 2285 quatuor
956 2212 1227 2282 oppositis
1283 2212 1559 2266 hominem
1598 2212 1873 2277 formavit,
1935 2222 2098 2283 atque

526 2306 928 2361 contrariorum
962 2315 1015 2361 et
1077 2305 1219 2361 inter
1254 2321 1313 2361 se
1367 2307 1733 2377 pugnantium
1770 2317 2018 2361 naturam
2041 2307 2097 2361 in

526 2404 971 2474 conjunctionem
1023 2404 1483 2473 concordiamque
1523 2404 1812 2474 perduxit;
1842 2404 2099 2474 idemque

525 2495 667 2550 diem
689 2495 880 2565 judicii
907 2494 1180 2565 justeque
1204 2496 1665 2551 remunerationis
1696 2496 1960 2561 definivit,
1987 2512 2099 2566 quo

527 2589 614 2643 die
641 2602 853 2652 omnes,
912 2588 1040 2643 boni
1088 2588 1301 2644 scilicet
1353 2604 1419 2645 ac
1477 2589 1631 2655 mali,
1665 2589 1930 2658 recipiant
1977 2606 2100 2660 qum

527 2694 757 2748 corpore
813 2678 1094 2748 promeriti
1123 2677 1346 2739 fuerint,
1379 2679 1461 2733 vel
1504 2679 1708 2733 bonum
1746 2677 1828 2733 vel
1869 2679 2095 2744 malum,

528 2769 829 2825 secuudum
854 2784 919 2824 ea
948 2784 1068 2836 quae
1096 2769 1329 2839 quisque
1355 2769 1603 2839 gesserit.

597 2860 835 2929 Apparet
866 2859 1051 2929 igitur,
1078 2859 1212 2913 nihil
1239 2874 1362 2914 eum
1402 2858 1469 2914 ab
1503 2857 1817 2928 evangelica
1850 2858 2101 2914 doctrina

529 2950 841 3014 dissentire,
869 2950 1033 3021 quiet
1057 2950 1230 3006 multo
1262 2958 1421 3005 antea
1452 2949 1817 3005 univcrsalem
1852 2958 2101 3004 mortuo-

530 3059 652 3099 rum
676 3042 1159 3106 resurrectionem,
1183 3050 1244 3096 ut
1269 3051 1351 3097 est
1369 3041 1422 3095 iu
1453 3041 1574 3097 aliis
1597 3040 1905 3095 divinarum
1930 3040 2103 3095 Litte-

2192 556 2419 628 σιαστὴς
2451 558 2513 611 τὸ
2538 557 2731 612 δοκοῦν
2761 562 2875 622 τοῖς
2904 567 3167 622 τοιούτοις
3202 558 3490 623 ἀδύνατον,
3516 561 3604 615 διὰ
3639 564 3783 632 μιᾶς

2189 649 2387 714 λέξεως
2438 651 2638 722 ῥᾷστον
2686 648 3040 721 παρέστησεν
3073 650 3278 717 εἰπὼν,
3324 671 3344 703 ς
3380 651 3502 704 Ὅτι
3542 653 3783 723 σύμπαν

2188 741 2252 794 τὸ
2286 741 2497 813 ποίημα
2538 741 2660 808 ἄξει
2697 744 2726 795 6
2765 742 2899 804 Θεὸς
2936 744 3020 805 είς
3043 742 3251 813 κρίσιν.
3291 761 3311 794 ι
3356 742 3488 796 Θεὸν
3517 745 3628 815 γὰρ
3654 746 3780 797 ὀνο-

2195 831 2374 903 μάσας
2399 834 2489 886 τὸν
2514 832 2813 902 πανσθενῆ,
2842 832 3043 903 μᾶλλον
3069 832 3114 885 δ’
3149 834 3324 886 εἰπεῖν
3351 833 3514 903 μόνον
3540 836 3781 905 ἀπειρο-

2190 925 2447 995 δύναμον,
2491 925 2582 979 τὸν
2631 925 2689 992 ἐξ
2736 926 2837 978 ούκ
2886 924 3060 979 ὄντων
3114 928 3299 979 πᾶσαν
3351 927 3651 979 ὑπόστασιν
3689 929 3777 989 είς

2190 1014 2449 1068 ούσίωσιν
2477 1016 2875 1086 παραγαγόντα
2916 1014 3024 1069 τῶν
3064 1017 3275 1085 νοητῶν
3318 1017 3413 1069 καὶ
3442 1017 3548 1071 τῶν
3573 1020 3779 1087 αἰσθη-

2192 1106 2324 1173 τῶν,
2365 1107 2463 1161 καὶ
2493 1106 2803 1160 τανύσαντα
2838 1107 2938 1176 μὲν
2967 1106 3059 1160 τὸν
3105 1108 3335 1178 οὐρανὸν
3377 1107 3513 1161 ὡσεὶ
3554 1110 3775 1180 δέρῤιν,

2192 1200 2628 1271 ἀπαιωρήσαντα
2666 1199 2722 1252 δὲ
2753 1200 2849 1252 καὶ
2875 1198 2973 1270 τὴν
2998 1203 3102 1271 γῆν
3140 1200 3228 1253 ἐπ’
3255 1200 3469 1264 οὐδενὸς
3494 1202 3555 1254 τὸ
3582 1205 3779 1271 παρά-

2192 1308 2299 1345 παν
2330 1290 2750 1363 ἐρηρεισμένην,
2770 1292 2867 1344 καὶ
2896 1292 3024 1354 τοὺς
3050 1292 3319 1361 μεγάλους
3345 1292 3441 1346 δύο
3472 1296 3778 1365 φωστῆρας

2194 1384 2444 1447 καὶτοὺς
2494 1383 2688 1447 ἄλλους
2733 1382 2976 1456 ἀστέρας
3025 1384 3273 1448 ἅπαντας
3317 1386 3397 1449 είς
3432 1385 3633 1454 φαῦσιν
3673 1388 3777 1457 τῆς

2193 1476 2408 1548 ἡμέρας
2439 1477 2533 1529 καὶ
2561 1476 2661 1547 τῆς
2694 1477 2890 1541 νυκτὸς
2915 1479 3303 1549 ὑποστήσαντα
3332 1520 3346 1544 ,
3383 1480 3482 1551 τὴν
3510 1481 3779 1552 τοιαύτην

2194 1567 2607 1639 προεξέπειλεν
2643 1569 3079 1641 ἀμφισϐήτησιν.
3114 1572 3188 1624 Ού
3214 1572 3325 1643 γὰρ
3351 1573 3645 1646 ἀκολουθίᾳ
3676 1577 3783 1640 φύ-

2198 1676 2337 1725 σεως
2385 1662 2724 1731 ἀχθήσεται,
2780 1664 2977 1733 φησὶν,
3026 1665 3108 1728 είς
3149 1665 3334 1735 κρίσιν
3384 1684 3405 1718 ι
3440 1665 3668 1737 σύμπαν
3716 1668 3782 1721 τὸ

2197 1753 2430 1823 ποίημα,
2468 1771 2487 1804 ›
2515 1754 2760 1824 δηλονότι
2792 1756 2853 1809 τὸ
2883 1755 3115 1827 λογικὴν
3141 1757 3237 1811 καὶ
3264 1758 3457 1827 νοεράν
3478 1758 3664 1829 ψυχὴν
3701 1762 3779 1812 εί-

2196 1846 2387 1913 ληφὸς,
2421 1846 2516 1899 καὶ
2540 1849 2607 1916 τῇ
2632 1847 3077 1920 αὑτεξουσιότητι
3106 1851 3471 1922 τετιμημένον
3501 1852 3602 1923 τῆς
3644 1869 3780 1922 προ-

2198 1938 2485 2007 αιρέσεως,
2506 1940 2599 1992 καὶ
2626 1939 2724 2011 τὴν
2755 1941 2839 2011 ἐφ’
2871 1942 3109 2008 ἑκάτερα
3129 1943 3415 2015 γνωμικήν
3440 1944 3656 2014 αἵρεσιν
3686 1944 3781 1995 καὶ

2200 2028 2373 2099 ῥοπὴν
2402 2029 2522 2098 ἔχον
2544 2045 2557 2059 ·
2601 2030 2739 2083 ἀλλά
2782 2030 2860 2102 τῷ
2893 2033 3290 2105 παντοδυνάμῳ
3340 2034 3644 2105 βουλήματι
3684 2034 3779 2087 τοῦ

2197 2119 2360 2184 Θεοῦ,
2386 2119 2481 2173 τοῦ
2510 2122 2605 2174 καὶ
2639 2121 2770 2192 πρὶν
2798 2122 2862 2176 ἐκ
2889 2122 2999 2177 τῶν
3026 2124 3307 2196 τεσσάρων
3333 2126 3595 2179 ἐναντίων
3636 2142 3781 2177 mt-

2197 2211 2362 2282 χείων
2386 2211 2479 2265 τὸν
2508 2211 2795 2282 ἄνθρωπον
2823 2213 3244 2278 διαπλάσαντος,
3272 2216 3368 2269 καὶ
3391 2214 3500 2268 τῶν
3536 2217 3778 2268 ἀντικει-

2202 2303 2382 2374 μένων
2428 2302 2528 2375 τὴν
2563 2303 2728 2372 φύσιν
2757 2305 2853 2357 καὶ
2878 2304 3155 2376 πολεμίων
3200 2308 3282 2370 είς
3331 2307 3460 2377 μίαν
3500 2307 3780 2377 συνθήκην

2199 2401 2295 2455 καὶ
2339 2399 2663 2470 συμφωνίαν
2708 2400 3253 2465 κατασκευάσαντος,
3301 2404 3398 2455 καὶ
3442 2401 3780 2472 διορίσαντας

2201 2491 2413 2562 ἡμέραν
2437 2492 2671 2562 κρίσεως
2713 2494 2805 2547 καὶ
2833 2494 3054 2558 δικαίας
3099 2494 3509 2557 ἀνταποδόσεως
3546 2492 3684 2561 πρὸς
3722 2493 3779 2544 τὸ

2201 2583 2472 2653 λήψεσθαι
2507 2584 2739 2650 πάντας,
2785 2586 2882 2640 καὶ
2932 2587 3063 2650 τοὺς
3093 2586 3414 2649 σπουδαίους
3441 2584 3645 2655 δηλαδὴ
3687 2585 3780 2637 καὶ

2200 2675 2330 2738 τοὺς
2356 2674 2614 2743 φαύλους,
2647 2676 2717 2729 τά
2748 2677 2836 2731 διὰ
2863 2677 2958 2731 τοῦ
2990 2679 3246 2749 σώματος
3276 2678 3409 2749 πρὸς
3438 2677 3476 2731 ἃ
3512 2677 3777 2748 ἔπραξαν,

2202 2768 2313 2821 εἴτε
2341 2767 2564 2835 ἀγαθὸν,
2595 2768 2709 2823 εἴτε
2744 2772 2938 2826 κακόν.

2276 2859 2487 2913 Οὐκοῦν
2520 2860 2627 2931 ἄρα
2669 2860 2960 2933 σύμφωνος
3000 2861 3229 2934 εὓρηται
3259 2862 3372 2925 τοῖς
3405 2861 3781 2928 εύαγγελικοίς

2204 2952 2472 3022 δόγμασι,
2531 2954 2625 3007 καὶ
2671 2953 2851 3025 πολλῷ
2900 2954 3093 3025 πρώην
3151 2955 3629 3025 προκαταγγείλας
3686 2954 3780 3024 τὴν

2206 3043 2502 3113 καθολικὴν
2537 3045 2834 3098 ἀνάστασιν
2878 3045 2989 3099 τῶν
3035 3047 3246 3117 νεκρῶν
3294 3046 3438 3099 κατά
3482 3046 3581 3108 τὰς
3620 3046 3782 3107 ἄλλας

532 3151 715 3191 rarum
747 3135 906 3202 locis,
942 3134 1346 3205 prmnuntiarit.
1405 3133 1539 3189 Nam
1602 3133 1657 3189 in
1696 3134 1837 3189 libro
1880 3134 2100 3204 quidem

2208 3137 2603 3198 θεοπνεύστους
2639 3137 2883 3208 Γραφάς.
2914 3138 2978 3190 Ἦ
3012 3137 3112 3207 μὲν
3137 3138 3246 3208 γάρ
3280 3138 3460 3207 βίϐλος
3488 3138 3584 3191 τοῦ
3615 3139 3782 3206 ἀθλη-

533 3242 635 3282 suo
666 3227 871 3282 athleta
899 3227 987 3281 ille
1017 3227 1236 3298 pietatis
1290 3224 1462 3281 Jobus
1500 3226 1605 3281 ait:
1658 3245 1677 3279 ι
1720 3227 1996 3294 Scriptum
2028 3234 2112 3280 est

534 3321 710 3389 ipsum
740 3334 933 3375 rursus
978 3334 1101 3373 cum
1133 3320 1201 3374 iis
1238 3328 1648 3384 surrecturum,
1683 3334 1824 3389 quos
1854 3317 2112 3373 Dominus

539 3410 923 3481 suscitat(60).
955 3431 973 3463 ι
1007 3412 1180 3467 Isaias
1219 3428 1351 3466 vero
1384 3411 1644 3481 propheta
1672 3429 1683 3464 :
1726 3431 1745 3464 ι
1784 3412 2110 3481 Resurgent,

540 3502 739 3573 inquit,
767 3495 992 3563 mortui,
1028 3511 1080 3557 el
1113 3503 1504 3558 excitabuntur
1532 3502 1626 3571 qui
1664 3511 1792 3557 sunt
1826 3504 1877 3555 in
1914 3516 2113 3555 monu-

541 3594 739 3650 mentis
760 3596 846 3660 '°;
890 3612 908 3646 ι
967 3605 1081 3649 tum
1151 3603 1206 3649 et
1244 3593 1431 3646 Daniel
1475 3593 1697 3649 divinus
1751 3604 1940 3646 vates:
1982 3612 1999 3643 ‹
2047 3590 2115 3645 Ει

540 3687 697 3742 multi
728 3696 1018 3757 resurgent
1045 3702 1075 3742 e
1113 3695 1271 3741 terra:
1305 3686 1563 3756 pulvere,”
1584 3687 1637 3741 hi
1665 3686 1885 3756 quidem
1922 3686 1974 3739 in
2028 3686 2111 3738 vi-

540 3788 649 3833 tam
678 3788 961 3845 mternam,
993 3780 1046 3833 hi
1100 3794 1230 3834 vero
1284 3781 1337 3832 iu
1365 3779 1633 3848 judicium
1674 3778 2113 3849 suppliciumque

540 3879 862 3940 perpetuum
901 3869 1049 3941 (6l);
1086 3890 1105 3923 ι
1135 3886 1258 3942 quae
1279 3872 1465 3925 omnia
1492 3871 1759 3926 doctrina:
1789 3870 2115 3939 evangelicae

542 3962 901 4031 proclamatio
917 3962 1164 4032 quaedam
1189 3972 1318 4018 sunt
1347 3971 1512 4032 atque
1541 3962 1846 4032 praedictio,
1872 3970 1931 4014 ut
1953 3960 2113 4030 295

541 4072 734 4112 omnes
774 4066 1000 4110 norunt.
1050 4056 1238 4127 Itaque
1270 4056 1356 4111 his
1388 4055 1664 4120 illustrati,
1702 4053 1894 4107 lumini
1928 4068 2116 4121 parra-

542 4165 668 4206 mus
692 4150 921 4206 sincera:
958 4150 1083 4205 ﬁdei
1120 4159 1283 4219 atque
1306 4149 1510 4215 cultus,
1540 4164 1700 4217 quem
1737 4146 1847 4201 Deo
1874 4146 2114 4200 universi

541 4242 829 4309 debemus,
869 4258 933 4298 ac
962 4242 1418 4298 resurrectionem
1452 4256 1480 4294 a
1518 4239 1753 4294 mortuis
1778 4238 1963 4292 animo
1998 4252 2114 4290 me-

540 4334 810 4389 ditemur:
848 4342 962 4388 tum
994 4334 1159 4388 vitam
1193 4344 1434 4389 nostram
1456 4332 1547 4386 Dei
1587 4331 1783 4385 timore
1826 4329 2114 4382 moderan~

462 4495 485 4507 ἢ
542 4436 623 4480 tes
656 4463 671 4489 ,
703 4440 767 4479 ac
799 4433 1065 4495 praecepta
1086 4424 1208 4495 ejus
1240 4424 1506 4480 salutaria
1564 4421 1958 4484 custodientes,
1991 4435 2116 4489 gra-

2210 3228 2303 3281 τοῦ
2329 3228 2429 3298 τῆς
2458 3228 2739 3291 εὐσεϐείας
2778 3228 2896 3281 ’ῐώϐ
2930 3247 3098 3300 φησι·
3137 3248 3156 3281 ι
3190 3230 3511 3301 Γέγραπται
3537 3231 3594 3283 δὲ
3622 3230 3783 3283 αὑτὸν

2214 3320 2375 3372 πάλιν
2406 3321 2808 3391 ἀναστήσεσθαι
2853 3321 2972 3390 μεθ’
3009 3315 3083 3377 ὧν
3112 3325 3140 3376 6
3173 3322 3380 3392 Κύριος
3420 3322 3726 3391 ἀνίστησιν.
3759 3344 3776 3373 ι

2227 3410 2284 3464 '0
2319 3410 2375 3463 δέ
2414 3428 2496 3464 τοι
2530 3413 2814 3483 προφήτης
2849 3413 3078 3477 Ἡσαΐας
3110 3414 3296 3482 φησὶν,
3332 3417 3416 3468 ὅτι
3461 3432 3480 3465 ι
3526 3415 3783 3482 Ἀναστή-

2214 3518 2398 3555 σονται
2425 3504 2474 3555 οἱ
2508 3503 2716 3573 νεκροὶ,
2758 3504 2854 3557 καὶ
2911 3506 3303 3577 ἐγερθήσονται
3328 3507 3379 3559 οἱ
3411 3507 3470 3561 ἐν
3494 3509 3607 3568 τοῖς
3652 3525 3784 3575 μνη-

2218 3590 2407 3661 μείοις.
2443 3611 2461 3644 ι
2507 3593 2628 3645 Ἔτι
2653 3593 2708 3646 δὲ
2748 3595 2840 3647 καὶ
2867 3595 3067 3665 Δανιὴλ
3091 3598 3119 3649 6
3145 3596 3433 3660 θεσπέσιος
3480 3599 3781 3667 προφήτης,

2221 3700 2239 3733 ι
2279 3683 2389 3736 Καὶ
2420 3684 2607 3737 πολλοὶ
2635 3684 3033 3756 ἀναστήσονται
3073 3689 3136 3739 ἐκ
3179 3686 3283 3756 γῆς
3312 3686 3602 3757 χώματος,
3642 3684 3785 3741 οὗτοι

2218 3775 2314 3845 μὲν
2339 3776 2419 3838 είς
2445 3774 2591 3845 ζωὴν
2623 3775 2864 3841 αἰώνιον,
2898 3770 3046 3831 οὗτοι
3077 3777 3133 3830 δὲ
3166 3779 3247 3841 είς
3291 3778 3478 3850 κρίσιν
3511 3780 3605 3833 καὶ¹
3634 3779 3786 3832 κόλα-

2217 3884 2299 3921 σιν
2345 3868 2722 3934 ἀτελεύτητον.
2764 3888 2782 3922 »
2843 3869 2910 3923 Ἃ
2954 3871 3134 3924 πάντα
3182 3871 3647 3941 προαναφώνησις
3699 3872 3787 3925 καὶ

2217 3960 2522 4030 πρόρρησις
2567 3958 2826 4030 εὕρηνται
2873 3958 2981 4014 τῶν
3031 3960 3408 4028 εὐαγγελικῶν
3466 3962 3784 4029 δογμάτων,

2215 4050 2397 4114 καθὼς
2424 4050 2660 4114 ἅπαντες
2693 4051 2889 4106 ἴσασιν.
2926 4050 3048 4120 Ὑφ’
3078 4044 3151 4105 ὧν
3183 4052 3789 4123 καταυγαζόμενοι,τήν

2214 4144 2450 4198 διάνοιαν
2477 4146 2597 4206 ταῖς
2629 4143 2845 4211 αἶγλαις
2873 4144 2969 4214 τῆς
3009 4144 3146 4214 πρὸς
3170 4143 3261 4198 τὸν
3285 4146 3381 4198 ἐπὶ
3413 4146 3635 4200 πάντων
3664 4146 3786 4198 Θεὸν

2216 4234 2543 4305 εἰλικρινοῦς
2595 4235 2830 4297 πίστεως
2882 4236 2977 4290 καὶ
3030 4235 3290 4308 λατρείας
3352 4238 3787 4307 ὁμολογουμένην

2216 4326 2449 4396 ἓξωμεν,
2489 4326 2583 4379 καὶ
2615 4325 2963 4395 λογισώμεθα
2992 4327 3091 4396 τὴν
3132 4329 3195 4380 ἐκ
3223 4327 3433 4398 νεκρῶν
3464 4327 3786 4380 ἀνάστασιν·

2222 4418 2318 4472 καὶ
2346 4418 2423 4488 τῷ
2448 4418 2597 4489 φόϐῳ
2625 4416 2720 4470 τοῦ
2751 4416 2887 4470 Θεοῦ
2933 4416 3294 4489 ρυθμίζοντες
3323 4419 3421 4490 τὴν
3455 4419 3591 4473 ἰδίαν
3629 4419 3786 4490 ζωήν,

544 4517 672 4570 tiam
706 4516 851 4585 apud
881 4531 1006 4571 eum
1039 4528 1300 4586 perpetua
1341 4516 1691 4571 contentione
1737 4514 1875 4568 inire
1907 4512 2106 4568 studea-

2228 4509 2322 4563 καὶ
2349 4508 2446 4573 τάς
2484 4510 2789 4579 σωτηρίους
2830 4508 2998 4562 αὑτοῦ
3046 4509 3411 4577 φυλάττοντες
3449 4511 3673 4574 ἐντολάς
3708 4511 3789 4562 £6-

546 4621 691 4670 mus,
740 4607 1043 4677 dcmusque
1096 4623 1342 4677 operam,
1381 4617 1441 4663 ut
1477 4618 1743 4678 quantum
1775 4606 1985 4661 homini
2039 4604 2106 4659 fa:

2224 4604 2475 4673 αρεστεῖν
2504 4600 2650 4672 αὐτῷ
2672 4604 2903 4654 πάντοτε
2937 4602 3101 4654 παντὶ
3127 4602 3305 4655 σθένει
3329 4604 3788 4674 προθυμηθῶμεν,

546 4706 650 4762 est,
703 4711 921 4752 omnem
954 4700 1163 4768 peccati
1216 4699 1391 4755 labem
1443 4701 1681 4755 vitemus
1717 4716 1731 4753 :
1771 4714 1880 4769 quo
1911 4707 1966 4753 ct
1992 4698 2123 4753 bea-

550 4801 664 4845 tum
700 4789 1046 4847 inveniamus
1076 4790 1258 4856 linem,
1281 4802 1334 4846 et
1365 4792 1418 4846 iu
1440 4791 1917 4861 judiciidiejustis
1948 4804 2125 4843 annu-

553 4880 772 4945 merati,
828 4879 1069 4936 caelestis
1097 4882 1250 4952 regni
1311 4882 1681 4937 liaareditatem
1719 4880 2117 4950 adipiscamur:

2225 4696 2317 4747 καὶ
2359 4692 2457 4765 τὴν
2502 4693 2922 4765 ἀναμαρτησίαν
2971 4695 3273 4765 κατορθοῦν
3304 4696 3445 4749 κατά
3478 4696 3541 4749 τὸ
3577 4697 3790 4750 δυνατὸν

2226 4781 2539 4853 ἀνθρώποις
2568 4783 2962 4855 σπουδάσωμεν
2985 4801 2998 4814 °
3045 4785 3131 4839 ἵνα
3174 4785 3270 4839 καὶ
3298 4785 3359 4839 τὸ
3407 4789 3677 4858 μακάριον
3711 4787 3794 4840 εῦ-

2232 4896 2414 4950 ρωμεν
2445 4878 2618 4943 τέλος,
2649 4879 2743 4932 καὶ
2766 4879 2905 4932 κατὰ
2928 4880 3026 4948 τὴν
3054 4880 3269 4951 ἡμέραν
3291 4881 3392 4949 τῆς
3422 4881 3663 4952 κρίσεως
3691 4882 3793 4942 τοῖς

550 4987 650 5043 per
700 4973 951 5029 eumdem
987 4971 1270 5030 Christum
1302 4974 1469 5032 Deum
1510 4981 1784 5039 nostrum,
1826 4974 1913 5029 cui
1950 4972 2106 5044 glori:

2231 4972 2459 5035 δικαίοις
2490 4969 3093 5043 συναποκληρωθῶμεν,
3123 4972 3219 5025 καὶ
3265 4971 3363 5043 τὴν
3404 4972 3514 5026 τῶν
3561 4973 3793 5045 οὐρανῶν

618 5110 665 5142 ⁸⁸
694 5108 775 5164 lsa
814 5126 968 5178 xxvi,
998 5111 1090 5167 19.

618 5224 728 5295 (60)
766 5222 871 5279 Job
903 5241 1026 5285 ιιι.
1076 5220 1351 5295 25,1.“
1396 5220 1630 5295 habent,
1679 5217 1814 5295 Οἶδα
1861 5218 2011 5295 γριρ,Δ
2038 5218 2122 5271 ὅτι

547 5290 775 5356 sema;
819 5296 968 5349 ἐστιν
1007 5296 1035 5348 6
1080 5292 1297 5348 ἐκλύειν
1334 5308 1425 5363 μεΔ
1448 5290 1678 5361 μέλλων,
1730 5292 1821 5343 ἐπὶ
1855 5290 2122 5363 γῆς-ἀνατ

552 5364 754 5436 στῆσαι
784 5365 845 5417 τὸ
876 5366 1055 5436 δέρμα
1100 5382 1270 5436 μου...
1296 5359 1367 5404 -ὲ
1395 5359 1658 5436 Origenes
1691 5362 1744 5436 in
1781 5359 2012 5436 epistola
2055 5359 2121 5414 ad

551 5433 869 5489 Africanum
900 5432 1195 5490 desiderari
1242 5434 1356 5488 haec
1402 5434 1477 5486 ait
1512 5434 1565 5485 in
1612 5432 1894 5487 Hebraicis
1934 5445 2125 5485 exem~

552 5503 830 5573 pluribus,
862 5514 1026 5575 atque
1067 5506 1202 5575 adeo
1233 5519 1331 5559 nec
1357 5502 1653 5575 Aab_.»\quila
1693 5502 1915 5575 reddita
1950 5516 2072 5555 esse
2104 5517 2118 5555 :

553 5571 677 5640 qua:
701 5584 878 5629 autem
910 5571 963 5629 in
996 5574 1131 5629 LXX
1167 5584 1329 5643 atque
1355 5572 1409 5626 iu
1441 5571 1815 5627 Theodotioue
1847 5573 2122 5643 leguntur,

554 5643 600 5697 si
631 5644 814 5696 minus
846 5646 1052 5709 verbis,
1104 5653 1160 5700 at
1193 5641 1353 5699 sensu
1384 5643 1579 5697 similia
1612 5658 1755 5697 esse.
1807 5641 1992 5702 Ἀλλὰ.
2039 5642 2121 5694 iu-

554 5712 702 5783 quit,
743 5715 840 5766 καὶ
884 5716 992 5769 ἀπὸ
1024 5715 1118 5769 τοῦ
1160 5713 1279 5767 Ἰὼϐ
1322 5714 1392 5767 τὰ
1421 5713 1529 5766 ἀπὸ
1565 5712 1678 5783 τρῦ,
1712 5713 2026 5783 Γέγραπται
2055 5711 2114 5763 δὲ

553 5765 717 5837 ἑιτδέι
760 5765 919 5839 πάλιν
950 5765 1527 5857 ’ἆνᾶάτήᾶέάθαζμεθί
1577 5765 1725 5839 bis
1778 5765 1978 5852 Κύριος
2018 5783 2110 5835 ἀν-

2225 5218 2458 5292 ίστησιν,
2482 5218 2625 5292 νᾷχρι
2656 5221 2867 5292 τέλους,
2897 5222 2959 5275 οὐ
2985 5224 3163 5292 κεῖται
3189 5222 3341 5291 παρά
3367 5221 3781 5292 τοῖςἘϐραίοις·

2220 5288 2743 5362 δ-ιόπερούδὲπαρά
2771 5290 2847 5361 τῷ
2888 5291 3091 5362 Ἀκύλᾳ
3112 5307 3125 5321 ·
3160 5288 3313 5362 παρά
3354 5293 3409 5345 δὲ
3454 5294 3571 5354 τοῖς
3596 5288 3672 5346 ’θ’
3707 5294 3793 5345 καὶ

2222 5358 2541 5432 θεοδοτίιονι
2572 5361 2642 5414 τὰ
2678 5358 3112 5432 ἰσοδυναμοῦντα
3139 5358 3413 5432 ἀλλήλοις.

2320 5429 2409 5496 61)
2436 5428 2571 5483 Dan.
2600 5447 2700 5494 xu,
2726 5435 2779 5484 2.
2818 5434 2885 5485 At
2904 5428 3064 5484 LXX
3101 5428 3322 5497 habent,
3341 5433 3453 5485 Καὶ
3480 5433 3668 5486 πολλοὶ
3694 5431 3793 5484 τῶν

2227 5498 2695 5573 καθευδόντωνέκ
2732 5502 2836 5571 γῆς
2876 5501 3095 5573 χώματι
3124 5502 3581 5573 ἐξεγερθήσονται
3604 5542 3619 5563 ,
3658 5498 3793 5554 οὗτοι

2229 5570 2309 5642 είς
2347 5569 2493 5642 ζωὴν
2524 5568 2763 5635 αἰώνιον,
2794 5568 2908 5623 ’καῖ
2950 5568 3094 5626 οὗτοι
3138 5568 3559 5642 είςνόνειδισμὸν
3596 5575 3685 5625 καὶ
3718 5572 3793 5631 είς

2230 5638 2490 5711 αἰσχύνην
2570 5642 2809 5694 αἰώνιον,
2902 5642 3377 5707 Quemadmodum
3443 5638 3497 5697 et
3556 5642 3793 5711 superius

2234 5710 2617 5765 admonuimus
2650 5711 2689 5767 l.
2732 5728 2826 5780 vn,
2860 5712 2887 5782 §
2928 5712 3011 5767 l5.
