  <div class='ocr_page' id='page_1' title='image "/cluster/home/n/w/nwhite01/storage/ocr_20150623/98/hvd.32044015586951/602.png"; bbox 0 0 4098 6506; ppageno 0'>
   <div class='ocr_carea' id='block_1_1' title="bbox 1814 144 2079 239">
    <p class='ocr_par' dir='ltr' id='par_1_1' title="bbox 1814 144 2079 239">
     <span class='ocr_line' id='line_1_1' title="bbox 1814 144 2079 239; baseline -0.019 -72"><span class='ocrx_word' id='word_1_1' title='bbox 1814 164 1815 167; x_wconf 17' lang='grc' dir='ltr'><em>χ</em></span> <span class='ocrx_word' id='word_1_2' title='bbox 1904 144 2079 239; x_wconf 32' lang='grc' dir='ltr'>,Ἃ</span> 
     </span>
    </p>
   </div>
   <div class='ocr_carea' id='block_1_2' title="bbox 207 298 3480 429">
    <p class='ocr_par' dir='ltr' id='par_1_2' title="bbox 207 298 3480 429">
     <span class='ocr_line' id='line_1_2' title="bbox 207 298 3480 429; baseline -0.009 -2"><span class='ocrx_word' id='word_1_3' title='bbox 207 359 381 429; x_wconf 83' lang='grc'><strong>1181·</strong></span> <span class='ocrx_word' id='word_1_4' title='bbox 1583 350 2106 411; x_wconf 82' lang='lat' dir='ltr'>DISSERTATIO.</span> <span class='ocrx_word' id='word_1_5' title='bbox 2150 354 2153 357; x_wconf 92' lang='grc'><strong>·</strong></span> <span class='ocrx_word' id='word_1_6' title='bbox 2330 318 2341 349; x_wconf 78' lang='grc'><strong><em>⁸</em></strong></span> <span class='ocrx_word' id='word_1_7' title='bbox 2372 344 2394 401; x_wconf 73' lang='grc'><strong>’.</strong></span> <span class='ocrx_word' id='word_1_8' title='bbox 3344 333 3480 399; x_wconf 78' lang='lat'><strong>1182</strong></span> 
     </span>
    </p>
   </div>
   <div class='ocr_carea' id='block_1_3' title="bbox 208 444 1850 581">
    <p class='ocr_par' dir='ltr' id='par_1_3' title="bbox 208 464 1850 581">
     <span class='ocr_line' id='line_1_3' title="bbox 208 464 1850 581; baseline -0.01 -50"><span class='ocrx_word' id='word_1_9' title='bbox 208 474 496 581; x_wconf 49' lang='grc' dir='ltr'>βασξλείῗν</span> <span class='ocrx_word' id='word_1_10' title='bbox 526 474 1050 544; x_wconf 81' lang='grc' dir='ltr'>κληρονομησωμεν·</span> <span class='ocrx_word' id='word_1_11' title='bbox 1071 469 1132 521; x_wconf 80' lang='grc' dir='ltr'>ὲν</span> <span class='ocrx_word' id='word_1_12' title='bbox 1157 466 1308 538; x_wconf 83' lang='grc' dir='ltr'>αὐτῷ</span> <span class='ocrx_word' id='word_1_13' title='bbox 1338 465 1561 539; x_wconf 84' lang='grc' dir='ltr'>Χριστῷ</span> <span class='ocrx_word' id='word_1_14' title='bbox 1581 464 1661 533; x_wconf 82' lang='grc' dir='ltr'>τῷ</span> <span class='ocrx_word' id='word_1_15' title='bbox 1679 465 1799 532; x_wconf 85' lang='grc' dir='ltr'>Θεῷ</span> <span class='ocrx_word' id='word_1_16' title='bbox 1830 470 1850 520; x_wconf 61' lang='grc' dir='ltr'><strong><em>ὲ</em></strong></span> 
     </span>
    </p>
   </div>
   <div class='ocr_carea' id='block_1_4' title="bbox 1943 444 3568 581">
    <p class='ocr_par' dir='ltr' id='par_1_4' title="bbox 1943 444 3568 581">
     <span class='ocr_line' id='line_1_4' title="bbox 1943 444 3568 533; baseline -0.011 -14"><span class='ocrx_word' id='word_1_17' title='bbox 1943 464 2273 533; x_wconf 84' lang='lat' dir='ltr'>Limperium</span> <span class='ocrx_word' id='word_1_18' title='bbox 2320 479 2447 517; x_wconf 90' lang='lat' dir='ltr'>cum</span> <span class='ocrx_word' id='word_1_19' title='bbox 2513 460 2888 529; x_wconf 88' lang='lat' dir='ltr'>omnipotente</span> <span class='ocrx_word' id='word_1_20' title='bbox 2947 454 3128 515; x_wconf 83' lang='lat' dir='ltr'>Patre,</span> <span class='ocrx_word' id='word_1_21' title='bbox 3180 459 3235 505; x_wconf 92' lang='lat' dir='ltr'>et</span> <span class='ocrx_word' id='word_1_22' title='bbox 3290 458 3482 503; x_wconf 82' lang='lat' dir='ltr'>sancto</span> <span class='ocrx_word' id='word_1_23' title='bbox 3564 444 3568 448; x_wconf 66' lang='grc'><em>“</em></span> 
     </span>
     <span class='ocr_line' id='line_1_5' title="bbox 1944 547 3485 581; baseline 0 0"><span class='ocrx_word' id='word_1_24' title='bbox 1944 570 2156 581; x_wconf 60' lang='grc' dir='ltr'><strong>Α-.-,...,.</strong></span> <span class='ocrx_word' id='word_1_25' title='bbox 2180 570 2243 581; x_wconf 61' lang='grc' dir='ltr'>Α-</span> <span class='ocrx_word' id='word_1_26' title='bbox 2274 554 2397 581; x_wconf 70' lang='grc' dir='ltr'><strong>..ιικι</strong></span> <span class='ocrx_word' id='word_1_27' title='bbox 2424 564 2646 581; x_wconf 58' lang='grc' dir='ltr'>-..ΜΛ-ι.</span> <span class='ocrx_word' id='word_1_28' title='bbox 2688 550 2897 581; x_wconf 55' lang='lat' dir='ltr'>Quivit&quot;</span> <span class='ocrx_word' id='word_1_29' title='bbox 2942 560 3088 581; x_wconf 66' lang='lat' dir='ltr'>nnnn</span> <span class='ocrx_word' id='word_1_30' title='bbox 3118 552 3168 581; x_wconf 76' lang='lat' dir='ltr'>nl</span> <span class='ocrx_word' id='word_1_31' title='bbox 3190 555 3405 581; x_wconf 66' lang='grc' dir='ltr'>εριιὶηριι</span> <span class='ocrx_word' id='word_1_32' title='bbox 3428 547 3485 581; x_wconf 65' lang='lat' dir='ltr'>nl.</span> 
     </span>
    </p>
   </div>
   <div class='ocr_carea' id='block_1_5' title="bbox 209 547 1850 638">
    <p class='ocr_par' dir='ltr' id='par_1_5' title="bbox 209 553 1802 638">
     <span class='ocr_line' id='line_1_6' title="bbox 209 553 1802 638; baseline -0.009 -18"><span class='ocrx_word' id='word_1_33' title='bbox 209 566 401 638; x_wconf 80' lang='grc' dir='ltr'>ἡμῶν,</span> <span class='ocrx_word' id='word_1_34' title='bbox 427 558 472 633; x_wconf 82' lang='grc' dir='ltr'>ᾧ</span> <span class='ocrx_word' id='word_1_35' title='bbox 495 567 528 633; x_wconf 75' lang='grc' dir='ltr'><strong>ἡ</strong></span> <span class='ocrx_word' id='word_1_36' title='bbox 562 562 689 627; x_wconf 80' lang='grc' dir='ltr'>δόξα</span> <span class='ocrx_word' id='word_1_37' title='bbox 726 562 821 615; x_wconf 76' lang='grc' dir='ltr'>καὶ</span> <span class='ocrx_word' id='word_1_38' title='bbox 846 560 909 614; x_wconf 84' lang='grc' dir='ltr'><strong>τὸ</strong></span> <span class='ocrx_word' id='word_1_39' title='bbox 936 559 1137 630; x_wconf 84' lang='grc' dir='ltr'>κράτος</span> <span class='ocrx_word' id='word_1_40' title='bbox 1168 560 1266 613; x_wconf 83' lang='grc' dir='ltr'>σὺν</span> <span class='ocrx_word' id='word_1_41' title='bbox 1291 557 1368 628; x_wconf 80' lang='grc' dir='ltr'>τῷ</span> <span class='ocrx_word' id='word_1_42' title='bbox 1396 553 1802 625; x_wconf 78' lang='grc' dir='ltr'>παντοκράτορι</span> 
     </span>
    </p>
   </div>
   <div class='ocr_carea' id='block_1_6' title="bbox 1943 547 3485 638">
    <p class='ocr_par' dir='ltr' id='par_1_6' title="bbox 1943 547 3485 626">
     <span class='ocr_line' id='line_1_7' title="bbox 1943 547 3485 626; baseline -0.013 -15"><span class='ocrx_word' id='word_1_43' title='bbox 1943 570 2156 626; x_wconf 87' lang='lat' dir='ltr'>onoque</span> <span class='ocrx_word' id='word_1_44' title='bbox 2179 570 2244 610; x_wconf 89' lang='lat' dir='ltr'>ac</span> <span class='ocrx_word' id='word_1_45' title='bbox 2274 554 2398 609; x_wconf 61' lang='lat' dir='ltr'>vitm</span> <span class='ocrx_word' id='word_1_46' title='bbox 2422 564 2647 609; x_wconf 89' lang='lat' dir='ltr'>auctore</span> <span class='ocrx_word' id='word_1_47' title='bbox 2688 550 2922 619; x_wconf 84' lang='lat' dir='ltr'>Spiritu,</span> <span class='ocrx_word' id='word_1_48' title='bbox 2942 560 3089 600; x_wconf 86' lang='lat' dir='ltr'>nunc</span> <span class='ocrx_word' id='word_1_49' title='bbox 3118 552 3173 599; x_wconf 89' lang='lat' dir='ltr'>et</span> <span class='ocrx_word' id='word_1_50' title='bbox 3190 555 3405 609; x_wconf 78' lang='lat' dir='ltr'>semper</span> <span class='ocrx_word' id='word_1_51' title='bbox 3428 547 3485 593; x_wconf 87' lang='lat' dir='ltr'>et</span> 
     </span>
    </p>
   </div>
   <div class='ocr_carea' id='block_1_7' title="bbox 216 643 1850 730">
    <p class='ocr_par' dir='ltr' id='par_1_7' title="bbox 216 643 1806 730">
     <span class='ocr_line' id='line_1_8' title="bbox 216 643 1806 730; baseline -0.011 -17"><span class='ocrx_word' id='word_1_52' title='bbox 216 659 401 730; x_wconf 78' lang='grc' dir='ltr'>Πατρὶ</span> <span class='ocrx_word' id='word_1_53' title='bbox 463 658 558 712; x_wconf 73' lang='grc' dir='ltr'>καὶ</span> <span class='ocrx_word' id='word_1_54' title='bbox 604 655 683 726; x_wconf 87' lang='grc' dir='ltr'>τῷ</span> <span class='ocrx_word' id='word_1_55' title='bbox 731 653 984 724; x_wconf 79' lang='grc' dir='ltr'>παναγίῳ</span> <span class='ocrx_word' id='word_1_56' title='bbox 1028 653 1125 705; x_wconf 73' lang='grc' dir='ltr'>καὶ</span> <span class='ocrx_word' id='word_1_57' title='bbox 1176 649 1369 720; x_wconf 81' lang='grc' dir='ltr'>ἁγαθῴ</span> <span class='ocrx_word' id='word_1_58' title='bbox 1419 649 1512 701; x_wconf 71' lang='grc' dir='ltr'>καὶ</span> <span class='ocrx_word' id='word_1_59' title='bbox 1553 643 1806 714; x_wconf 76' lang='grc' dir='ltr'>ζωοποιῴ</span> 
     </span>
    </p>
   </div>
   <div class='ocr_carea' id='block_1_8' title="bbox 1943 643 2805 730">
    <p class='ocr_par' dir='ltr' id='par_1_8' title="bbox 1943 646 2805 703">
     <span class='ocr_line' id='line_1_9' title="bbox 1943 646 2805 703; baseline -0.009 0"><span class='ocrx_word' id='word_1_60' title='bbox 1943 665 1960 702; x_wconf 82' lang='grc' dir='ltr'><strong>ι</strong></span> <span class='ocrx_word' id='word_1_61' title='bbox 1990 647 2193 703; x_wconf 62' lang='lat' dir='ltr'>saecula</span> <span class='ocrx_word' id='word_1_62' title='bbox 2231 647 2579 703; x_wconf 64' lang='lat' dir='ltr'>saeculorum.</span> <span class='ocrx_word' id='word_1_63' title='bbox 2610 646 2805 697; x_wconf 82' lang='lat' dir='ltr'>Amen.</span> 
     </span>
    </p>
   </div>
   <div class='ocr_carea' id='block_1_9' title="bbox 217 737 1806 823">
    <p class='ocr_par' dir='ltr' id='par_1_9' title="bbox 217 737 1806 823">
     <span class='ocr_line' id='line_1_10' title="bbox 217 737 1806 823; baseline -0.013 -15"><span class='ocrx_word' id='word_1_64' title='bbox 217 754 545 823; x_wconf 74' lang='grc' dir='ltr'>Πνεόματι,</span> <span class='ocrx_word' id='word_1_65' title='bbox 593 750 688 803; x_wconf 81' lang='grc' dir='ltr'>νῦν</span> <span class='ocrx_word' id='word_1_66' title='bbox 734 748 831 801; x_wconf 74' lang='grc' dir='ltr'>καὶ</span> <span class='ocrx_word' id='word_1_67' title='bbox 873 746 961 799; x_wconf 75' lang='grc' dir='ltr'>ἀεὶ</span> <span class='ocrx_word' id='word_1_68' title='bbox 1011 745 1107 797; x_wconf 70' lang='grc' dir='ltr'>καὶ</span> <span class='ocrx_word' id='word_1_69' title='bbox 1152 744 1233 805; x_wconf 74' lang='grc' dir='ltr'>εἰς</span> <span class='ocrx_word' id='word_1_70' title='bbox 1281 744 1407 804; x_wconf 80' lang='grc' dir='ltr'><strong>τοὺς</strong></span> <span class='ocrx_word' id='word_1_71' title='bbox 1456 738 1659 800; x_wconf 76' lang='grc' dir='ltr'>αἰῶνας</span> <span class='ocrx_word' id='word_1_72' title='bbox 1697 737 1806 789; x_wconf 82' lang='grc' dir='ltr'>τῶν</span> 
     </span>
    </p>
   </div>
   <div class='ocr_carea' id='block_1_10' title="bbox 219 844 708 912">
    <p class='ocr_par' dir='ltr' id='par_1_10' title="bbox 219 844 708 912">
     <span class='ocr_line' id='line_1_11' title="bbox 219 844 708 912; baseline -0.012 -11"><span class='ocrx_word' id='word_1_73' title='bbox 219 846 458 901; x_wconf 69' lang='grc' dir='ltr'>αἰώνων.</span> <span class='ocrx_word' id='word_1_74' title='bbox 511 844 571 897; x_wconf 80' lang='grc' dir='ltr'><strong>Ἀ</strong></span> <span class='ocrx_word' id='word_1_75' title='bbox 581 845 708 912; x_wconf 80' lang='grc' dir='ltr'>μήν.</span> 
     </span>
    </p>
   </div>
   <div class='ocr_carea' id='block_1_11' title="bbox 576 921 1464 999">
    <p class='ocr_par' dir='ltr' id='par_1_11' title="bbox 576 921 1464 999">
     <span class='ocr_line' id='line_1_12' title="bbox 576 921 1464 999; baseline -0.016 -11"><span class='ocrx_word' id='word_1_76' title='bbox 576 934 754 999; x_wconf 76' lang='grc' dir='ltr'><em>Τέλος</em></span> <span class='ocrx_word' id='word_1_77' title='bbox 792 929 901 985; x_wconf 84' lang='grc' dir='ltr'>τοῦ</span> <span class='ocrx_word' id='word_1_78' title='bbox 950 921 1464 993; x_wconf 72' lang='grc' dir='ltr'>Ἐκκλησιαστοῦ.</span> 
     </span>
    </p>
   </div>
   <div class='ocr_carea' id='block_1_12' title="bbox 1233 1167 1591 1183">
    <p class='ocr_par' dir='ltr' id='par_1_12' title="bbox 1233 1167 1396 1170">
     <span class='ocr_line' id='line_1_13' title="bbox 1233 1167 1396 1170; baseline -0.012 0"><span class='ocrx_word' id='word_1_79' title='bbox 1233 1167 1396 1170; x_wconf 54' lang='lat'>_‘_,</span> 
     </span>
    </p>
   </div>
   <div class='ocr_carea' id='block_1_13' title="bbox 239 1152 1809 1207">
    <p class='ocr_par' dir='ltr' id='par_1_13' title="bbox 239 1152 1809 1207">
     <span class='ocr_line' id='line_1_14' title="bbox 239 1152 1809 1207; baseline -0.02 -1"><span class='ocrx_word' id='word_1_80' title='bbox 239 1152 1809 1207; x_wconf 52' lang='grc' dir='ltr'>Μ</span> 
     </span>
    </p>
   </div>
   <div class='ocr_carea' id='block_1_14' title="bbox 2408 898 2986 956">
    <p class='ocr_par' dir='ltr' id='par_1_14' title="bbox 2408 898 2986 956">
     <span class='ocr_line' id='line_1_15' title="bbox 2408 898 2986 956; baseline -0.003 -1"><span class='ocrx_word' id='word_1_81' title='bbox 2408 901 2561 956; x_wconf 83' lang='lat' dir='ltr'>Finis</span> <span class='ocrx_word' id='word_1_82' title='bbox 2632 898 2986 953; x_wconf 73' lang='lat' dir='ltr'>Ecclesiasttv.</span> 
     </span>
    </p>
   </div>
   <div class='ocr_carea' id='block_1_15' title="bbox 1820 1124 3448 1160">
    <p class='ocr_par' dir='ltr' id='par_1_15' title="bbox 1820 1124 3448 1160">
     <span class='ocr_line' id='line_1_16' title="bbox 1820 1124 3448 1160; baseline -0.017 13"><span class='ocrx_word' id='word_1_83' title='bbox 1820 1124 3448 1160; x_wconf 44' lang='lat' dir='ltr'>Mﬂ_.</span> <span class='ocrx_word' id='word_1_84' title='bbox 3334 1144 3353 1153; x_wconf 87' lang='lat'>_</span> <span class='ocrx_word' id='word_1_85' title='bbox 3358 1141 3444 1155; x_wconf 65' lang='grc'><strong>...-</strong></span> 
     </span>
    </p>
   </div>
   <div class='ocr_carea' id='block_1_16' title="bbox 1596 1147 2946 1177">
    <p class='ocr_par' dir='ltr' id='par_1_16' title="bbox 1596 1147 2482 1164">
     <span class='ocr_line' id='line_1_17' title="bbox 1596 1147 2482 1164; baseline -0.02 1"><span class='ocrx_word' id='word_1_86' title='bbox 1596 1152 1809 1164; x_wconf 77' lang='grc'><strong>.-......</strong></span> <span class='ocrx_word' id='word_1_87' title='bbox 1820 1147 2482 1160; x_wconf 31' lang='grc' dir='ltr'>μέ--</span> 
     </span>
    </p>
   </div>
   <div class='ocr_carea' id='block_1_17' title="bbox 1316 1323 2420 1456">
    <p class='ocr_par' dir='ltr' id='par_1_17' title="bbox 1316 1323 2420 1456">
     <span class='ocr_line' id='line_1_18' title="bbox 1316 1323 2420 1456; baseline -0.012 4"><span class='ocrx_word' id='word_1_88' title='bbox 1316 1343 1480 1418; x_wconf 68' lang='grc'>29⁸</span> <span class='ocrx_word' id='word_1_89' title='bbox 1579 1323 2420 1456; x_wconf 85' lang='lat' dir='ltr'>APPENDIX.</span> 
     </span>
    </p>
   </div>
   <div class='ocr_carea' id='block_1_18' title="bbox 322 1694 3496 1819">
    <p class='ocr_par' dir='ltr' id='par_1_18' title="bbox 322 1694 3496 1819">
     <span class='ocr_line' id='line_1_19' title="bbox 322 1694 3496 1819; baseline -0.016 -18"><span class='ocrx_word' id='word_1_90' title='bbox 322 1738 668 1819; x_wconf 82' lang='lat' dir='ltr'>Reliquum</span> <span class='ocrx_word' id='word_1_91' title='bbox 695 1740 815 1808; x_wconf 90' lang='lat' dir='ltr'>est,</span> <span class='ocrx_word' id='word_1_92' title='bbox 844 1738 917 1794; x_wconf 89' lang='lat' dir='ltr'>ut</span> <span class='ocrx_word' id='word_1_93' title='bbox 948 1729 1110 1793; x_wconf 90' lang='lat' dir='ltr'>illud</span> <span class='ocrx_word' id='word_1_94' title='bbox 1141 1730 1462 1809; x_wconf 66' lang='lat' dir='ltr'>praestem,</span> <span class='ocrx_word' id='word_1_95' title='bbox 1509 1722 1683 1802; x_wconf 91' lang='lat' dir='ltr'>quod</span> <span class='ocrx_word' id='word_1_96' title='bbox 1717 1720 1780 1782; x_wconf 90' lang='lat' dir='ltr'>in</span> <span class='ocrx_word' id='word_1_97' title='bbox 1814 1711 2340 1781; x_wconf 78' lang='lat' dir='ltr'>annotationibus</span> <span class='ocrx_word' id='word_1_98' title='bbox 2385 1709 2460 1770; x_wconf 88' lang='lat' dir='ltr'>ad</span> <span class='ocrx_word' id='word_1_99' title='bbox 2494 1703 2746 1769; x_wconf 79' lang='lat' dir='ltr'>Leontii</span> <span class='ocrx_word' id='word_1_100' title='bbox 2792 1694 3328 1766; x_wconf 71' lang='lat' dir='ltr'>commentarium</span> <span class='ocrx_word' id='word_1_101' title='bbox 3396 1708 3496 1751; x_wconf 89' lang='lat' dir='ltr'>re-</span> 
     </span>
    </p>
   </div>
   <div class='ocr_carea' id='block_1_19' title="bbox 235 1796 3497 1920">
    <p class='ocr_par' dir='ltr' id='par_1_19' title="bbox 235 1796 3497 1920">
     <span class='ocr_line' id='line_1_20' title="bbox 324 1796 1549 1819; baseline -0.016 3"><span class='ocrx_word' id='word_1_102' title='bbox 324 1796 663 1819; x_wconf 35' lang='lat'>-&quot;&quot;1*—*</span> <span class='ocrx_word' id='word_1_103' title='bbox 710 1796 753 1797; x_wconf 52' lang='grc' dir='ltr'><em>νν</em></span> <span class='ocrx_word' id='word_1_104' title='bbox 801 1796 814 1808; x_wconf 80' lang='grc' dir='ltr'><em>ι</em></span> <span class='ocrx_word' id='word_1_105' title='bbox 1143 1796 1161 1809; x_wconf 85' lang='lat'>.</span> <span class='ocrx_word' id='word_1_106' title='bbox 1448 1796 1455 1798; x_wconf 86' lang='lat'>.</span> <span class='ocrx_word' id='word_1_107' title='bbox 1532 1796 1549 1802; x_wconf 85' lang='lat'>-</span> 
     </span>
     <span class='ocr_line' id='line_1_21' title="bbox 235 1796 3497 1920; baseline -0.017 -16"><span class='ocrx_word' id='word_1_108' title='bbox 235 1841 417 1920; x_wconf 83' lang='lat' dir='ltr'>cepi,</span> <span class='ocrx_word' id='word_1_109' title='bbox 448 1856 546 1901; x_wconf 90' lang='lat' dir='ltr'>me</span> <span class='ocrx_word' id='word_1_110' title='bbox 570 1837 816 1899; x_wconf 90' lang='lat' dir='ltr'>scilicet</span> <span class='ocrx_word' id='word_1_111' title='bbox 846 1840 1243 1901; x_wconf 89' lang='lat' dir='ltr'>curaturum,</span> <span class='ocrx_word' id='word_1_112' title='bbox 1274 1833 1346 1888; x_wconf 87' lang='lat' dir='ltr'>ut</span> <span class='ocrx_word' id='word_1_113' title='bbox 1374 1823 1447 1885; x_wconf 87' lang='lat' dir='ltr'>ad</span> <span class='ocrx_word' id='word_1_114' title='bbox 1481 1823 1716 1885; x_wconf 83' lang='lat' dir='ltr'>calcem</span> <span class='ocrx_word' id='word_1_115' title='bbox 1750 1819 1980 1900; x_wconf 90' lang='lat' dir='ltr'>Operis</span> <span class='ocrx_word' id='word_1_116' title='bbox 2010 1812 2390 1878; x_wconf 87' lang='lat' dir='ltr'>Dissertatio</span> <span class='ocrx_word' id='word_1_117' title='bbox 2416 1807 2683 1870; x_wconf 84' lang='lat' dir='ltr'>Joannis</span> <span class='ocrx_word' id='word_1_118' title='bbox 2719 1808 2981 1867; x_wconf 69' lang='lat' dir='ltr'>Lanceaa</span> <span class='ocrx_word' id='word_1_119' title='bbox 3011 1803 3088 1863; x_wconf 92' lang='lat' dir='ltr'>de</span> <span class='ocrx_word' id='word_1_120' title='bbox 3117 1804 3294 1861; x_wconf 75' lang='lat' dir='ltr'>tetate</span> <span class='ocrx_word' id='word_1_121' title='bbox 3332 1796 3497 1853; x_wconf 81' lang='lat' dir='ltr'>Gre-</span> 
     </span>
     <span class='ocr_line' id='line_1_22' title="bbox 2135 1894 3467 1920; baseline -0.014 19"><span class='ocrx_word' id='word_1_122' title='bbox 2135 1917 2159 1920; x_wconf 63' lang='lat'><em>‘</em></span> <span class='ocrx_word' id='word_1_123' title='bbox 2393 1911 2403 1920; x_wconf 95' lang='lat'>&#39;</span> <span class='ocrx_word' id='word_1_124' title='bbox 2630 1915 2639 1920; x_wconf 90' lang='lat'><strong><em>-</em></strong></span> <span class='ocrx_word' id='word_1_125' title='bbox 2881 1906 2938 1920; x_wconf 68' lang='grc' dir='ltr'>η·</span> <span class='ocrx_word' id='word_1_126' title='bbox 3035 1903 3048 1920; x_wconf 84' lang='grc'>1</span> <span class='ocrx_word' id='word_1_127' title='bbox 3204 1917 3237 1920; x_wconf 42' lang='grc' dir='ltr'>μ-</span> <span class='ocrx_word' id='word_1_128' title='bbox 3309 1905 3323 1920; x_wconf 77' lang='grc' dir='ltr'>ι</span> <span class='ocrx_word' id='word_1_129' title='bbox 3387 1894 3467 1920; x_wconf 74' lang='grc'>111</span> 
     </span>
    </p>
   </div>
   <div class='ocr_carea' id='block_1_20' title="bbox 236 1894 3495 2022">
    <p class='ocr_par' dir='ltr' id='par_1_20' title="bbox 236 1894 3495 2022">
     <span class='ocr_line' id='line_1_23' title="bbox 238 1894 1829 1920; baseline -0.014 -4"><span class='ocrx_word' id='word_1_130' title='bbox 238 1894 307 1904; x_wconf 51' lang='grc' dir='ltr'>τε</span> <span class='ocrx_word' id='word_1_131' title='bbox 327 1894 417 1920; x_wconf 72' lang='grc' dir='ltr'>π--ι</span> <span class='ocrx_word' id='word_1_132' title='bbox 448 1894 543 1901; x_wconf 82' lang='grc'><strong><em>--</em></strong></span> <span class='ocrx_word' id='word_1_133' title='bbox 858 1894 868 1896; x_wconf 75' lang='lat'>-</span> <span class='ocrx_word' id='word_1_134' title='bbox 1228 1894 1239 1901; x_wconf 87' lang='lat'>.</span> <span class='ocrx_word' id='word_1_135' title='bbox 1812 1894 1829 1900; x_wconf 92' lang='lat'>_</span> 
     </span>
     <span class='ocr_line' id='line_1_24' title="bbox 236 1894 3495 2022; baseline -0.016 -18"><span class='ocrx_word' id='word_1_136' title='bbox 236 1940 413 2022; x_wconf 82' lang='lat' dir='ltr'>gorii</span> <span class='ocrx_word' id='word_1_137' title='bbox 444 1937 644 2002; x_wconf 84' lang='lat' dir='ltr'>nostri</span> <span class='ocrx_word' id='word_1_138' title='bbox 673 1938 998 1999; x_wconf 88' lang='lat' dir='ltr'>ederetur.</span> <span class='ocrx_word' id='word_1_139' title='bbox 1030 1935 1190 1995; x_wconf 92' lang='lat' dir='ltr'>Ecce</span> <span class='ocrx_word' id='word_1_140' title='bbox 1238 1944 1390 1990; x_wconf 89' lang='lat' dir='ltr'>vero</span> <span class='ocrx_word' id='word_1_141' title='bbox 1417 1925 1621 1999; x_wconf 88' lang='lat' dir='ltr'>illam,</span> <span class='ocrx_word' id='word_1_142' title='bbox 1652 1921 1863 2002; x_wconf 89' lang='lat' dir='ltr'>qualis</span> <span class='ocrx_word' id='word_1_143' title='bbox 1896 1920 2065 1980; x_wconf 86' lang='lat' dir='ltr'>inter</span> <span class='ocrx_word' id='word_1_144' title='bbox 2120 1911 2449 1994; x_wconf 88' lang='lat' dir='ltr'>Opuscula</span> <span class='ocrx_word' id='word_1_145' title='bbox 2505 1915 2837 1971; x_wconf 88' lang='lat' dir='ltr'>auctorum</span> <span class='ocrx_word' id='word_1_146' title='bbox 2879 1903 3275 1973; x_wconf 89' lang='lat' dir='ltr'>Siculorum,</span> <span class='ocrx_word' id='word_1_147' title='bbox 3309 1905 3352 1959; x_wconf 92' lang='lat' dir='ltr'>t.</span> <span class='ocrx_word' id='word_1_148' title='bbox 3384 1894 3495 1966; x_wconf 87' lang='lat' dir='ltr'>IV,</span> 
     </span>
    </p>
   </div>
   <div class='ocr_carea' id='block_1_21' title="bbox 239 2026 1549 2126">
    <p class='ocr_par' dir='ltr' id='par_1_21' title="bbox 239 2026 1549 2126">
     <span class='ocr_line' id='line_1_25' title="bbox 239 2026 1549 2126; baseline -0.015 -20"><span class='ocrx_word' id='word_1_149' title='bbox 239 2062 392 2126; x_wconf 82' lang='lat' dir='ltr'>pag.</span> <span class='ocrx_word' id='word_1_150' title='bbox 425 2044 484 2119; x_wconf 87' lang='lat'>5,</span> <span class='ocrx_word' id='word_1_151' title='bbox 523 2042 694 2106; x_wconf 83' lang='lat' dir='ltr'>edita</span> <span class='ocrx_word' id='word_1_152' title='bbox 722 2045 818 2101; x_wconf 86' lang='lat' dir='ltr'>est</span> <span class='ocrx_word' id='word_1_153' title='bbox 849 2032 1141 2099; x_wconf 90' lang='lat' dir='ltr'>Panormi</span> <span class='ocrx_word' id='word_1_154' title='bbox 1174 2046 1344 2094; x_wconf 91' lang='lat' dir='ltr'>anno</span> <span class='ocrx_word' id='word_1_155' title='bbox 1375 2026 1549 2089; x_wconf 85' lang='lat'>1760.</span> 
     </span>
    </p>
   </div>
   <div class='ocr_carea' id='block_1_22' title="bbox 765 2217 2982 2312">
    <p class='ocr_par' dir='ltr' id='par_1_22' title="bbox 765 2217 2982 2312">
     <span class='ocr_line' id='line_1_26' title="bbox 765 2217 2982 2312; baseline -0.015 -1"><span class='ocrx_word' id='word_1_156' title='bbox 765 2249 875 2312; x_wconf 89' lang='lat' dir='ltr'>DE</span> <span class='ocrx_word' id='word_1_157' title='bbox 911 2245 1207 2308; x_wconf 73' lang='lat' dir='ltr'>JETA&#39;I‘E</span> <span class='ocrx_word' id='word_1_158' title='bbox 1262 2245 1333 2305; x_wconf 91' lang='grc' dir='ltr'>Β.</span> <span class='ocrx_word' id='word_1_159' title='bbox 1375 2239 1766 2306; x_wconf 82' lang='lat' dir='ltr'>GREGORII</span> <span class='ocrx_word' id='word_1_160' title='bbox 1818 2228 2555 2296; x_wconf 77' lang='lat' dir='ltr'>AGRIGENTINORUM</span> <span class='ocrx_word' id='word_1_161' title='bbox 2622 2217 2982 2287; x_wconf 87' lang='lat' dir='ltr'>EPlSCOPl</span> 
     </span>
    </p>
   </div>
   <div class='ocr_carea' id='block_1_23' title="bbox 1469 2417 2257 2515">
    <p class='ocr_par' dir='ltr' id='par_1_23' title="bbox 1469 2417 2257 2515">
     <span class='ocr_line' id='line_1_27' title="bbox 1469 2417 2257 2515; baseline -0.011 0"><span class='ocrx_word' id='word_1_162' title='bbox 1469 2417 2257 2515; x_wconf 78' lang='lat' dir='ltr'>DlSSERTATlO</span> 
     </span>
    </p>
   </div>
   <div class='ocr_carea' id='block_1_24' title="bbox 1298 2627 2440 2699">
    <p class='ocr_par' dir='ltr' id='par_1_24' title="bbox 1298 2627 2440 2699">
     <span class='ocr_line' id='line_1_28' title="bbox 1298 2627 2440 2699; baseline -0.014 0"><span class='ocrx_word' id='word_1_163' title='bbox 1298 2637 1585 2699; x_wconf 77' lang='lat' dir='ltr'>JOANNIS</span> <span class='ocrx_word' id='word_1_164' title='bbox 1612 2633 1911 2692; x_wconf 70' lang='lat' dir='ltr'>LANCEA‘J</span> <span class='ocrx_word' id='word_1_165' title='bbox 1941 2627 2440 2689; x_wconf 80' lang='lat' dir='ltr'>PANORMITANI.</span> 
     </span>
    </p>
   </div>
   <div class='ocr_carea' id='block_1_25' title="bbox 329 2928 3510 3037">
    <p class='ocr_par' dir='ltr' id='par_1_25' title="bbox 329 2928 3510 3037">
     <span class='ocr_line' id='line_1_29' title="bbox 329 2928 3510 3037; baseline -0.015 -6"><span class='ocrx_word' id='word_1_166' title='bbox 329 2975 373 3031; x_wconf 85' lang='grc' dir='ltr'><strong>ι.</strong></span> <span class='ocrx_word' id='word_1_167' title='bbox 394 2969 654 3030; x_wconf 79' lang='lat' dir='ltr'>Octavius</span> <span class='ocrx_word' id='word_1_168' title='bbox 668 2964 980 3037; x_wconf 75' lang='lat' dir='ltr'>Cajetanus,</span> <span class='ocrx_word' id='word_1_169' title='bbox 998 2955 1227 3030; x_wconf 77' lang='lat' dir='ltr'>egregia:</span> <span class='ocrx_word' id='word_1_170' title='bbox 1242 2953 1325 3009; x_wconf 86' lang='lat' dir='ltr'>vel</span> <span class='ocrx_word' id='word_1_171' title='bbox 1344 2948 1637 3023; x_wconf 87' lang='lat' dir='ltr'>singularis</span> <span class='ocrx_word' id='word_1_172' title='bbox 1655 2946 1835 3017; x_wconf 88' lang='lat' dir='ltr'>potius</span> <span class='ocrx_word' id='word_1_173' title='bbox 1865 2950 1908 3006; x_wconf 87' lang='grc' dir='ltr'>Β</span> <span class='ocrx_word' id='word_1_174' title='bbox 1936 2946 2175 3000; x_wconf 85' lang='lat' dir='ltr'>oratione</span> <span class='ocrx_word' id='word_1_175' title='bbox 2206 2942 2471 3005; x_wconf 63' lang='lat' dir='ltr'>aemulari,</span> <span class='ocrx_word' id='word_1_176' title='bbox 2499 2938 2578 2993; x_wconf 85' lang='lat' dir='ltr'>vel</span> <span class='ocrx_word' id='word_1_177' title='bbox 2622 2944 2758 2991; x_wconf 88' lang='lat' dir='ltr'>certe</span> <span class='ocrx_word' id='word_1_178' title='bbox 2789 2934 2851 2987; x_wconf 82' lang='lat' dir='ltr'>de</span> <span class='ocrx_word' id='word_1_179' title='bbox 2888 2932 3090 2987; x_wconf 77' lang='lat' dir='ltr'>sanctis</span> <span class='ocrx_word' id='word_1_180' title='bbox 3120 2929 3226 2984; x_wconf 89' lang='lat' dir='ltr'>illis</span> <span class='ocrx_word' id='word_1_181' title='bbox 3280 2928 3510 2999; x_wconf 80' lang='lat' dir='ltr'>magnis-</span> 
     </span>
    </p>
   </div>
   <div class='ocr_carea' id='block_1_26' title="bbox 250 3038 1840 3128">
    <p class='ocr_par' dir='ltr' id='par_1_26' title="bbox 250 3038 1840 3128">
     <span class='ocr_line' id='line_1_30' title="bbox 250 3038 1840 3128; baseline -0.021 -4"><span class='ocrx_word' id='word_1_182' title='bbox 250 3066 529 3123; x_wconf 70' lang='lat' dir='ltr'>doctrinaa</span> <span class='ocrx_word' id='word_1_183' title='bbox 583 3061 686 3125; x_wconf 85' lang='lat' dir='ltr'>vir,</span> <span class='ocrx_word' id='word_1_184' title='bbox 748 3056 955 3128; x_wconf 90' lang='lat' dir='ltr'>quique</span> <span class='ocrx_word' id='word_1_185' title='bbox 992 3051 1180 3107; x_wconf 88' lang='lat' dir='ltr'>Siculo</span> <span class='ocrx_word' id='word_1_186' title='bbox 1212 3046 1419 3102; x_wconf 88' lang='lat' dir='ltr'>nomini</span> <span class='ocrx_word' id='word_1_187' title='bbox 1472 3042 1713 3097; x_wconf 82' lang='lat' dir='ltr'>maximo</span> <span class='ocrx_word' id='word_1_188' title='bbox 1737 3038 1840 3092; x_wconf 81' lang='lat' dir='ltr'>fuit</span> 
     </span>
    </p>
   </div>
   <div class='ocr_carea' id='block_1_27' title="bbox 253 3132 1840 3218">
    <p class='ocr_par' dir='ltr' id='par_1_27' title="bbox 253 3132 1840 3218">
     <span class='ocr_line' id='line_1_31' title="bbox 253 3132 1840 3218; baseline -0.021 0"><span class='ocrx_word' id='word_1_189' title='bbox 253 3166 627 3218; x_wconf 84' lang='lat' dir='ltr'>incremento,</span> <span class='ocrx_word' id='word_1_190' title='bbox 661 3154 802 3209; x_wconf 86' lang='lat' dir='ltr'>vitas</span> <span class='ocrx_word' id='word_1_191' title='bbox 828 3148 1170 3206; x_wconf 88' lang='lat' dir='ltr'>concinnans</span> <span class='ocrx_word' id='word_1_192' title='bbox 1224 3138 1530 3200; x_wconf 86' lang='lat' dir='ltr'>sanctitatis</span> <span class='ocrx_word' id='word_1_193' title='bbox 1594 3135 1739 3189; x_wconf 87' lang='lat' dir='ltr'>fama</span> <span class='ocrx_word' id='word_1_194' title='bbox 1776 3132 1840 3185; x_wconf 91' lang='lat' dir='ltr'>il-</span> 
     </span>
    </p>
   </div>
   <div class='ocr_carea' id='block_1_28' title="bbox 255 3225 1843 3311">
    <p class='ocr_par' dir='ltr' id='par_1_28' title="bbox 255 3225 1843 3311">
     <span class='ocr_line' id='line_1_32' title="bbox 255 3225 1843 3311; baseline -0.018 -2"><span class='ocrx_word' id='word_1_195' title='bbox 255 3256 522 3310; x_wconf 84' lang='lat' dir='ltr'>lustrium</span> <span class='ocrx_word' id='word_1_196' title='bbox 590 3247 941 3309; x_wconf 86' lang='lat' dir='ltr'>Siculorum,</span> <span class='ocrx_word' id='word_1_197' title='bbox 1003 3238 1240 3311; x_wconf 85' lang='lat' dir='ltr'>publicis</span> <span class='ocrx_word' id='word_1_198' title='bbox 1302 3232 1497 3288; x_wconf 73' lang='lat' dir='ltr'>litteris</span> <span class='ocrx_word' id='word_1_199' title='bbox 1564 3225 1843 3283; x_wconf 88' lang='lat' dir='ltr'>commisit</span> 
     </span>
    </p>
   </div>
   <div class='ocr_carea' id='block_1_29' title="bbox 258 3318 1838 3401">
    <p class='ocr_par' dir='ltr' id='par_1_29' title="bbox 258 3318 1838 3401">
     <span class='ocr_line' id='line_1_33' title="bbox 258 3318 1838 3401; baseline -0.02 0"><span class='ocrx_word' id='word_1_200' title='bbox 258 3344 486 3401; x_wconf 86' lang='lat' dir='ltr'>Leontii</span> <span class='ocrx_word' id='word_1_201' title='bbox 516 3339 769 3396; x_wconf 83' lang='lat' dir='ltr'>monachi</span> <span class='ocrx_word' id='word_1_202' title='bbox 808 3330 1280 3392; x_wconf 86' lang='lat' dir='ltr'>Commentarium</span> <span class='ocrx_word' id='word_1_203' title='bbox 1310 3368 1325 3392; x_wconf 89' lang='lat'>,</span> <span class='ocrx_word' id='word_1_204' title='bbox 1379 3324 1567 3379; x_wconf 68' lang='lat' dir='ltr'>Grazce</span> <span class='ocrx_word' id='word_1_205' title='bbox 1618 3318 1838 3390; x_wconf 80' lang='lat' dir='ltr'>quidem</span> 
     </span>
    </p>
   </div>
   <div class='ocr_carea' id='block_1_30' title="bbox 256 3411 1843 3509">
    <p class='ocr_par' dir='ltr' id='par_1_30' title="bbox 256 3411 1843 3509">
     <span class='ocr_line' id='line_1_34' title="bbox 256 3411 1843 3509; baseline -0.023 -12"><span class='ocrx_word' id='word_1_206' title='bbox 256 3440 556 3509; x_wconf 85' lang='lat' dir='ltr'>scriptum,</span> <span class='ocrx_word' id='word_1_207' title='bbox 589 3433 682 3488; x_wconf 92' lang='lat' dir='ltr'>sed</span> <span class='ocrx_word' id='word_1_208' title='bbox 715 3430 906 3485; x_wconf 88' lang='lat' dir='ltr'>Latine</span> <span class='ocrx_word' id='word_1_209' title='bbox 924 3434 1135 3481; x_wconf 88' lang='lat' dir='ltr'>tantum</span> <span class='ocrx_word' id='word_1_210' title='bbox 1170 3423 1644 3489; x_wconf 67' lang='lat' dir='ltr'>repraesentatum,</span> <span class='ocrx_word' id='word_1_211' title='bbox 1676 3411 1843 3463; x_wconf 88' lang='lat' dir='ltr'>inter-</span> 
     </span>
    </p>
   </div>
   <div class='ocr_carea' id='block_1_31' title="bbox 257 3501 1842 3601">
    <p class='ocr_par' dir='ltr' id='par_1_31' title="bbox 257 3501 1842 3601">
     <span class='ocr_line' id='line_1_35' title="bbox 257 3501 1842 3601; baseline -0.02 -16"><span class='ocrx_word' id='word_1_212' title='bbox 257 3501 421 3601; x_wconf 76' lang='lat' dir='ltr'>prete</span> <span class='ocrx_word' id='word_1_213' title='bbox 462 3523 757 3580; x_wconf 87' lang='lat' dir='ltr'>Francisco</span> <span class='ocrx_word' id='word_1_214' title='bbox 800 3519 1014 3589; x_wconf 81' lang='lat' dir='ltr'>Rajato,</span> <span class='ocrx_word' id='word_1_215' title='bbox 1063 3515 1131 3569; x_wconf 93' lang='lat' dir='ltr'>de</span> <span class='ocrx_word' id='word_1_216' title='bbox 1179 3511 1340 3565; x_wconf 87' lang='lat' dir='ltr'>rebus</span> <span class='ocrx_word' id='word_1_217' title='bbox 1392 3522 1422 3560; x_wconf 84' lang='lat' dir='ltr'>a</span> <span class='ocrx_word' id='word_1_218' title='bbox 1492 3501 1842 3559; x_wconf 82' lang='lat' dir='ltr'>sanctissimo</span> 
     </span>
    </p>
   </div>
   <div class='ocr_carea' id='block_1_32' title="bbox 256 3594 1847 3691">
    <p class='ocr_par' dir='ltr' id='par_1_32' title="bbox 256 3594 1847 3691">
     <span class='ocr_line' id='line_1_36' title="bbox 256 3594 1847 3691; baseline -0.02 -14"><span class='ocrx_word' id='word_1_219' title='bbox 256 3594 745 3691; x_wconf 42' lang='lat' dir='ltr'>Agrigentinorum</span> <span class='ocrx_word' id='word_1_220' title='bbox 810 3611 1072 3681; x_wconf 88' lang='lat' dir='ltr'>episcopo</span> <span class='ocrx_word' id='word_1_221' title='bbox 1107 3602 1371 3672; x_wconf 79' lang='lat' dir='ltr'>Gregorio</span> <span class='ocrx_word' id='word_1_222' title='bbox 1402 3597 1590 3669; x_wconf 81' lang='lat' dir='ltr'>gestis,</span> <span class='ocrx_word' id='word_1_223' title='bbox 1640 3594 1733 3663; x_wconf 91' lang='lat' dir='ltr'>qui</span> <span class='ocrx_word' id='word_1_224' title='bbox 1768 3600 1847 3647; x_wconf 90' lang='lat' dir='ltr'>tot</span> 
     </span>
    </p>
   </div>
   <div class='ocr_carea' id='block_1_33' title="bbox 261 3687 1845 3770">
    <p class='ocr_par' dir='ltr' id='par_1_33' title="bbox 261 3687 1845 3770">
     <span class='ocr_line' id='line_1_37' title="bbox 261 3687 1845 3770; baseline -0.021 -1"><span class='ocrx_word' id='word_1_225' title='bbox 261 3712 470 3770; x_wconf 73' lang='lat' dir='ltr'>saecula</span> <span class='ocrx_word' id='word_1_226' title='bbox 530 3709 586 3763; x_wconf 92' lang='lat' dir='ltr'>in</span> <span class='ocrx_word' id='word_1_227' title='bbox 624 3701 957 3761; x_wconf 80' lang='lat' dir='ltr'>Messanensi</span> <span class='ocrx_word' id='word_1_228' title='bbox 1013 3697 1413 3753; x_wconf 89' lang='lat' dir='ltr'>Basilianorum</span> <span class='ocrx_word' id='word_1_229' title='bbox 1452 3687 1845 3744; x_wconf 80' lang='lat' dir='ltr'>monachorum</span> 
     </span>
    </p>
   </div>
   <div class='ocr_carea' id='block_1_34' title="bbox 265 3778 1848 3859">
    <p class='ocr_par' dir='ltr' id='par_1_34' title="bbox 265 3778 1848 3859">
     <span class='ocr_line' id='line_1_38' title="bbox 265 3778 1848 3859; baseline -0.02 0"><span class='ocrx_word' id='word_1_230' title='bbox 265 3802 606 3859; x_wconf 83' lang='lat' dir='ltr'>bibliotheca</span> <span class='ocrx_word' id='word_1_231' title='bbox 666 3798 978 3853; x_wconf 87' lang='lat' dir='ltr'>delituerat.</span> <span class='ocrx_word' id='word_1_232' title='bbox 1010 3790 1223 3859; x_wconf 82' lang='lat' dir='ltr'>Quippe</span> <span class='ocrx_word' id='word_1_233' title='bbox 1274 3798 1406 3840; x_wconf 89' lang='lat' dir='ltr'>vero</span> <span class='ocrx_word' id='word_1_234' title='bbox 1456 3778 1686 3836; x_wconf 91' lang='lat' dir='ltr'>scholiis</span> <span class='ocrx_word' id='word_1_235' title='bbox 1716 3778 1848 3830; x_wconf 82' lang='lat' dir='ltr'>illu-</span> 
     </span>
    </p>
   </div>
   <div class='ocr_carea' id='block_1_35' title="bbox 265 3865 1849 3954">
    <p class='ocr_par' dir='ltr' id='par_1_35' title="bbox 265 3865 1849 3954">
     <span class='ocr_line' id='line_1_39' title="bbox 265 3865 1849 3954; baseline -0.019 -5"><span class='ocrx_word' id='word_1_236' title='bbox 265 3892 560 3949; x_wconf 82' lang='lat' dir='ltr'>strandum</span> <span class='ocrx_word' id='word_1_237' title='bbox 591 3888 697 3944; x_wconf 89' lang='lat' dir='ltr'>sibi</span> <span class='ocrx_word' id='word_1_238' title='bbox 728 3883 1011 3954; x_wconf 81' lang='lat' dir='ltr'>imposuit,</span> <span class='ocrx_word' id='word_1_239' title='bbox 1048 3876 1315 3951; x_wconf 87' lang='lat' dir='ltr'>quidquid</span> <span class='ocrx_word' id='word_1_240' title='bbox 1350 3875 1453 3928; x_wconf 93' lang='lat' dir='ltr'>hoc</span> <span class='ocrx_word' id='word_1_241' title='bbox 1485 3884 1713 3925; x_wconf 90' lang='lat' dir='ltr'>munere</span> <span class='ocrx_word' id='word_1_242' title='bbox 1758 3865 1849 3920; x_wconf 89' lang='lat' dir='ltr'>di-</span> 
     </span>
    </p>
   </div>
   <div class='ocr_carea' id='block_1_36' title="bbox 266 3957 1847 4056">
    <p class='ocr_par' dir='ltr' id='par_1_36' title="bbox 266 3957 1847 4056">
     <span class='ocr_line' id='line_1_40' title="bbox 266 3957 1847 4056; baseline -0.019 -16"><span class='ocrx_word' id='word_1_243' title='bbox 266 3998 441 4056; x_wconf 81' lang='lat' dir='ltr'>gnum</span> <span class='ocrx_word' id='word_1_244' title='bbox 507 3980 857 4036; x_wconf 81' lang='lat' dir='ltr'>exhiberetur</span> <span class='ocrx_word' id='word_1_245' title='bbox 882 3976 937 4029; x_wconf 92' lang='lat' dir='ltr'>in</span> <span class='ocrx_word' id='word_1_246' title='bbox 972 3972 1041 4027; x_wconf 90' lang='lat' dir='ltr'>iis</span> <span class='ocrx_word' id='word_1_247' title='bbox 1073 3970 1159 4025; x_wconf 86' lang='lat' dir='ltr'>vel</span> <span class='ocrx_word' id='word_1_248' title='bbox 1186 3968 1256 4023; x_wconf 90' lang='lat' dir='ltr'>ab</span> <span class='ocrx_word' id='word_1_249' title='bbox 1314 3979 1457 4029; x_wconf 86' lang='lat' dir='ltr'>sese,</span> <span class='ocrx_word' id='word_1_250' title='bbox 1487 3962 1572 4015; x_wconf 88' lang='lat' dir='ltr'>vel</span> <span class='ocrx_word' id='word_1_251' title='bbox 1607 3960 1676 4014; x_wconf 88' lang='lat' dir='ltr'>ab</span> <span class='ocrx_word' id='word_1_252' title='bbox 1702 3957 1847 4020; x_wconf 84' lang='lat' dir='ltr'>aliis,</span> 
     </span>
    </p>
   </div>
   <div class='ocr_carea' id='block_1_37' title="bbox 265 4052 1847 4149">
    <p class='ocr_par' dir='ltr' id='par_1_37' title="bbox 265 4052 1847 4149">
     <span class='ocr_line' id='line_1_41' title="bbox 265 4052 1847 4149; baseline -0.018 -18"><span class='ocrx_word' id='word_1_253' title='bbox 265 4091 510 4149; x_wconf 90' lang='lat' dir='ltr'>quorum</span> <span class='ocrx_word' id='word_1_254' title='bbox 567 4078 846 4144; x_wconf 88' lang='lat' dir='ltr'>promeret</span> <span class='ocrx_word' id='word_1_255' title='bbox 897 4081 1058 4136; x_wconf 81' lang='lat' dir='ltr'>opus,</span> <span class='ocrx_word' id='word_1_256' title='bbox 1115 4057 1470 4127; x_wconf 82' lang='lat' dir='ltr'>conscriptis,</span> <span class='ocrx_word' id='word_1_257' title='bbox 1497 4056 1638 4109; x_wconf 90' lang='lat' dir='ltr'>hanc</span> <span class='ocrx_word' id='word_1_258' title='bbox 1671 4052 1847 4122; x_wconf 90' lang='lat' dir='ltr'>ipsam</span> 
     </span>
    </p>
   </div>
   <div class='ocr_carea' id='block_1_38' title="bbox 269 4143 1849 4237">
    <p class='ocr_par' dir='ltr' id='par_1_38' title="bbox 269 4143 1849 4237">
     <span class='ocr_line' id='line_1_42' title="bbox 269 4143 1849 4237; baseline -0.021 -10"><span class='ocrx_word' id='word_1_259' title='bbox 269 4143 493 4227; x_wconf 72' lang='lat' dir='ltr'>navavit</span> <span class='ocrx_word' id='word_1_260' title='bbox 545 4143 786 4237; x_wconf 84' lang='lat' dir='ltr'>spartam</span> <span class='ocrx_word' id='word_1_261' title='bbox 824 4161 878 4216; x_wconf 90' lang='lat' dir='ltr'>in</span> <span class='ocrx_word' id='word_1_262' title='bbox 924 4156 1136 4213; x_wconf 84' lang='lat' dir='ltr'>Leontii</span> <span class='ocrx_word' id='word_1_263' title='bbox 1169 4151 1397 4208; x_wconf 83' lang='lat' dir='ltr'>historia</span> <span class='ocrx_word' id='word_1_264' title='bbox 1435 4146 1668 4203; x_wconf 88' lang='lat' dir='ltr'>edenda.</span> <span class='ocrx_word' id='word_1_265' title='bbox 1706 4143 1849 4212; x_wconf 86' lang='lat' dir='ltr'>Ergo</span> 
     </span>
    </p>
   </div>
   <div class='ocr_carea' id='block_1_39' title="bbox 269 4239 1852 4335">
    <p class='ocr_par' dir='ltr' id='par_1_39' title="bbox 269 4239 1852 4335">
     <span class='ocr_line' id='line_1_43' title="bbox 269 4239 1852 4335; baseline -0.021 -11"><span class='ocrx_word' id='word_1_266' title='bbox 269 4268 372 4324; x_wconf 88' lang='lat' dir='ltr'>ubi</span> <span class='ocrx_word' id='word_1_267' title='bbox 415 4261 833 4335; x_wconf 88' lang='lat' dir='ltr'>disquirendum</span> <span class='ocrx_word' id='word_1_268' title='bbox 888 4255 995 4312; x_wconf 85' lang='lat' dir='ltr'>sibi</span> <span class='ocrx_word' id='word_1_269' title='bbox 1041 4253 1207 4308; x_wconf 91' lang='lat' dir='ltr'>sumit</span> <span class='ocrx_word' id='word_1_270' title='bbox 1261 4249 1329 4304; x_wconf 90' lang='lat' dir='ltr'>de</span> <span class='ocrx_word' id='word_1_271' title='bbox 1366 4254 1544 4309; x_wconf 76' lang='lat' dir='ltr'>tetate,</span> <span class='ocrx_word' id='word_1_272' title='bbox 1576 4258 1685 4312; x_wconf 91' lang='lat' dir='ltr'>qua</span> <span class='ocrx_word' id='word_1_273' title='bbox 1713 4239 1852 4293; x_wconf 83' lang='lat' dir='ltr'>vixit</span> 
     </span>
    </p>
   </div>
   <div class='ocr_carea' id='block_1_40' title="bbox 271 4330 1851 4430">
    <p class='ocr_par' dir='ltr' id='par_1_40' title="bbox 271 4330 1851 4430">
     <span class='ocr_line' id='line_1_44' title="bbox 271 4330 1851 4430; baseline -0.02 -14"><span class='ocrx_word' id='word_1_274' title='bbox 271 4358 600 4430; x_wconf 77' lang='lat' dir='ltr'>Gregorius,</span> <span class='ocrx_word' id='word_1_275' title='bbox 650 4354 705 4408; x_wconf 91' lang='lat' dir='ltr'>in</span> <span class='ocrx_word' id='word_1_276' title='bbox 732 4366 851 4408; x_wconf 90' lang='lat' dir='ltr'>eam</span> <span class='ocrx_word' id='word_1_277' title='bbox 887 4349 985 4403; x_wconf 84' lang='lat' dir='ltr'>ivit</span> <span class='ocrx_word' id='word_1_278' title='bbox 1035 4342 1381 4403; x_wconf 83' lang='lat' dir='ltr'>sententiam,</span> <span class='ocrx_word' id='word_1_279' title='bbox 1415 4351 1580 4407; x_wconf 90' lang='lat' dir='ltr'>quam</span> <span class='ocrx_word' id='word_1_280' title='bbox 1637 4330 1851 4389; x_wconf 89' lang='lat' dir='ltr'>cunctis</span> 
     </span>
    </p>
   </div>
   <div class='ocr_carea' id='block_1_41' title="bbox 270 4423 1856 4517">
    <p class='ocr_par' dir='ltr' id='par_1_41' title="bbox 270 4423 1856 4517">
     <span class='ocr_line' id='line_1_45' title="bbox 270 4423 1856 4517; baseline -0.018 -14"><span class='ocrx_word' id='word_1_281' title='bbox 270 4423 418 4504; x_wconf 73' lang='lat' dir='ltr'>viris</span> <span class='ocrx_word' id='word_1_282' title='bbox 470 4446 755 4517; x_wconf 85' lang='lat' dir='ltr'>equisque,</span> <span class='ocrx_word' id='word_1_283' title='bbox 791 4448 852 4495; x_wconf 91' lang='lat' dir='ltr'>ut</span> <span class='ocrx_word' id='word_1_284' title='bbox 889 4437 1112 4500; x_wconf 91' lang='lat' dir='ltr'>dicitur,</span> <span class='ocrx_word' id='word_1_285' title='bbox 1147 4437 1453 4503; x_wconf 85' lang='lat' dir='ltr'>propugnat</span> <span class='ocrx_word' id='word_1_286' title='bbox 1493 4468 1509 4494; x_wconf 92' lang='lat'>,</span> <span class='ocrx_word' id='word_1_287' title='bbox 1550 4423 1856 4493; x_wconf 88' lang='lat' dir='ltr'>conjicien-</span> 
     </span>
    </p>
   </div>
   <div class='ocr_carea' id='block_1_42' title="bbox 274 4512 1856 4599">
    <p class='ocr_par' dir='ltr' id='par_1_42' title="bbox 274 4512 1856 4599">
     <span class='ocr_line' id='line_1_46' title="bbox 274 4512 1856 4599; baseline -0.021 -1"><span class='ocrx_word' id='word_1_288' title='bbox 274 4545 407 4599; x_wconf 89' lang='lat' dir='ltr'>dum</span> <span class='ocrx_word' id='word_1_289' title='bbox 432 4512 583 4595; x_wconf 74' lang='lat' dir='ltr'>illum</span> <span class='ocrx_word' id='word_1_290' title='bbox 614 4512 670 4592; x_wconf 87' lang='lat' dir='ltr'>in</span> <span class='ocrx_word' id='word_1_291' title='bbox 715 4528 1010 4590; x_wconf 77' lang='lat' dir='ltr'>Justiniani</span> <span class='ocrx_word' id='word_1_292' title='bbox 1054 4526 1076 4581; x_wconf 93' lang='grc' dir='ltr'>Ι</span> <span class='ocrx_word' id='word_1_293' title='bbox 1124 4526 1265 4593; x_wconf 85' lang='lat' dir='ltr'>Aug.</span> <span class='ocrx_word' id='word_1_294' title='bbox 1304 4530 1572 4588; x_wconf 88' lang='lat' dir='ltr'>tempora,</span> <span class='ocrx_word' id='word_1_295' title='bbox 1621 4512 1856 4569; x_wconf 89' lang='lat' dir='ltr'>erroris-</span> 
     </span>
    </p>
   </div>
   <div class='ocr_carea' id='block_1_43' title="bbox 273 4603 1858 4707">
    <p class='ocr_par' dir='ltr' id='par_1_43' title="bbox 273 4603 1858 4707">
     <span class='ocr_line' id='line_1_47' title="bbox 273 4603 1858 4707; baseline -0.024 -16"><span class='ocrx_word' id='word_1_296' title='bbox 273 4651 389 4707; x_wconf 87' lang='lat' dir='ltr'>que</span> <span class='ocrx_word' id='word_1_297' title='bbox 418 4636 634 4688; x_wconf 72' lang='lat' dir='ltr'>incusat</span> <span class='ocrx_word' id='word_1_298' title='bbox 656 4644 780 4684; x_wconf 93' lang='lat' dir='ltr'>cum</span> <span class='ocrx_word' id='word_1_299' title='bbox 854 4617 1147 4689; x_wconf 80' lang='lat' dir='ltr'>Mcnologii</span> <span class='ocrx_word' id='word_1_300' title='bbox 1182 4657 1199 4682; x_wconf 89' lang='lat'>,</span> <span class='ocrx_word' id='word_1_301' title='bbox 1265 4610 1468 4667; x_wconf 89' lang='lat' dir='ltr'>Basilio</span> <span class='ocrx_word' id='word_1_302' title='bbox 1533 4604 1722 4673; x_wconf 85' lang='lat' dir='ltr'>lAug.</span> <span class='ocrx_word' id='word_1_303' title='bbox 1769 4603 1858 4673; x_wconf 88' lang='lat' dir='ltr'>ju-</span> 
     </span>
    </p>
   </div>
   <div class='ocr_carea' id='block_1_44' title="bbox 280 4702 1859 4796">
    <p class='ocr_par' dir='ltr' id='par_1_44' title="bbox 280 4702 1859 4796">
     <span class='ocr_line' id='line_1_48' title="bbox 280 4702 1859 4796; baseline -0.023 -13"><span class='ocrx_word' id='word_1_304' title='bbox 280 4702 449 4783; x_wconf 73' lang='lat' dir='ltr'>bente</span> <span class='ocrx_word' id='word_1_305' title='bbox 476 4720 791 4796; x_wconf 84' lang='lat' dir='ltr'>perscripti,</span> <span class='ocrx_word' id='word_1_306' title='bbox 833 4728 947 4773; x_wconf 91' lang='lat' dir='ltr'>tum</span> <span class='ocrx_word' id='word_1_307' title='bbox 979 4713 1249 4783; x_wconf 91' lang='lat' dir='ltr'>epitomes</span> <span class='ocrx_word' id='word_1_308' title='bbox 1281 4705 1405 4760; x_wconf 67' lang='lat' dir='ltr'>vitae</span> <span class='ocrx_word' id='word_1_309' title='bbox 1434 4710 1736 4762; x_wconf 86' lang='lat' dir='ltr'>auctorem,</span> <span class='ocrx_word' id='word_1_310' title='bbox 1763 4702 1859 4769; x_wconf 81' lang='lat' dir='ltr'>cu-</span> 
     </span>
    </p>
   </div>
   <div class='ocr_carea' id='block_1_45' title="bbox 273 4789 1857 4893">
    <p class='ocr_par' dir='ltr' id='par_1_45' title="bbox 273 4789 1857 4893">
     <span class='ocr_line' id='line_1_49' title="bbox 273 4789 1857 4893; baseline -0.02 -19"><span class='ocrx_word' id='word_1_311' title='bbox 273 4825 370 4893; x_wconf 87' lang='lat' dir='ltr'>jus</span> <span class='ocrx_word' id='word_1_312' title='bbox 398 4820 647 4875; x_wconf 82' lang='lat' dir='ltr'>Graecum</span> <span class='ocrx_word' id='word_1_313' title='bbox 686 4811 963 4882; x_wconf 79' lang='lat' dir='ltr'>exemplar</span> <span class='ocrx_word' id='word_1_314' title='bbox 1018 4823 1085 4863; x_wconf 82' lang='lat' dir='ltr'>ex</span> <span class='ocrx_word' id='word_1_315' title='bbox 1142 4818 1246 4858; x_wconf 90' lang='lat' dir='ltr'>ms.</span> <span class='ocrx_word' id='word_1_316' title='bbox 1280 4799 1472 4855; x_wconf 90' lang='lat' dir='ltr'>codice</span> <span class='ocrx_word' id='word_1_317' title='bbox 1521 4793 1733 4848; x_wconf 80' lang='lat' dir='ltr'>Veneto</span> <span class='ocrx_word' id='word_1_318' title='bbox 1762 4789 1857 4843; x_wconf 89' lang='lat' dir='ltr'>de-</span> 
     </span>
    </p>
   </div>
   <div class='ocr_carea' id='block_1_46' title="bbox 279 4880 1861 4986">
    <p class='ocr_par' dir='ltr' id='par_1_46' title="bbox 279 4880 1861 4986">
     <span class='ocr_line' id='line_1_50' title="bbox 279 4880 1861 4986; baseline -0.023 -19"><span class='ocrx_word' id='word_1_319' title='bbox 279 4922 599 4986; x_wconf 87' lang='lat' dir='ltr'>promptum</span> <span class='ocrx_word' id='word_1_320' title='bbox 639 4907 743 4964; x_wconf 89' lang='lat' dir='ltr'>sibi</span> <span class='ocrx_word' id='word_1_321' title='bbox 775 4880 1001 4959; x_wconf 81' lang='lat' dir='ltr'>miserat</span> <span class='ocrx_word' id='word_1_322' title='bbox 1030 4896 1096 4953; x_wconf 75' lang='grc' dir='ltr'><strong>ν.</strong></span> <span class='ocrx_word' id='word_1_323' title='bbox 1140 4895 1223 4951; x_wconf 86' lang='lat' dir='ltr'>Cl.</span> <span class='ocrx_word' id='word_1_324' title='bbox 1265 4886 1661 4948; x_wconf 88' lang='lat' dir='ltr'>Constantinus</span> <span class='ocrx_word' id='word_1_325' title='bbox 1695 4880 1861 4934; x_wconf 81' lang='lat' dir='ltr'>frater</span> 
     </span>
    </p>
   </div>
   <div class='ocr_carea' id='block_1_47' title="bbox 280 4977 1857 5059">
    <p class='ocr_par' dir='ltr' id='par_1_47' title="bbox 280 4977 1857 5059">
     <span class='ocr_line' id='line_1_51' title="bbox 280 4977 1857 5059; baseline -0.023 0"><span class='ocrx_word' id='word_1_326' title='bbox 280 4977 461 5059; x_wconf 62' lang='lat' dir='ltr'>abbas</span> <span class='ocrx_word' id='word_1_327' title='bbox 502 4997 912 5059; x_wconf 84' lang='lat' dir='ltr'>Benedictinus,</span> <span class='ocrx_word' id='word_1_328' title='bbox 956 5002 1187 5058; x_wconf 88' lang='lat' dir='ltr'>eamque</span> <span class='ocrx_word' id='word_1_329' title='bbox 1221 4982 1515 5039; x_wconf 85' lang='lat' dir='ltr'>Latinitate</span> <span class='ocrx_word' id='word_1_330' title='bbox 1555 4977 1811 5031; x_wconf 82' lang='lat' dir='ltr'>donatam</span> <span class='ocrx_word' id='word_1_331' title='bbox 1842 5009 1857 5034; x_wconf 90' lang='lat'>,</span> 
     </span>
    </p>
   </div>
   <div class='ocr_carea' id='block_1_48' title="bbox 282 5064 1860 5163">
    <p class='ocr_par' dir='ltr' id='par_1_48' title="bbox 282 5064 1860 5163">
     <span class='ocr_line' id='line_1_52' title="bbox 282 5064 1860 5163; baseline -0.021 -14"><span class='ocrx_word' id='word_1_332' title='bbox 282 5094 518 5163; x_wconf 83' lang='lat' dir='ltr'>suisque</span> <span class='ocrx_word' id='word_1_333' title='bbox 609 5097 827 5143; x_wconf 88' lang='lat' dir='ltr'>auctam</span> <span class='ocrx_word' id='word_1_334' title='bbox 947 5073 1520 5138; x_wconf 85' lang='lat' dir='ltr'>animadversionibus</span> <span class='ocrx_word' id='word_1_335' title='bbox 1581 5064 1860 5136; x_wconf 86' lang='lat' dir='ltr'>supplevit</span> 
     </span>
    </p>
   </div>
   <div class='ocr_carea' id='block_1_49' title="bbox 288 5158 1858 5246">
    <p class='ocr_par' dir='ltr' id='par_1_49' title="bbox 288 5158 1858 5246">
     <span class='ocr_line' id='line_1_53' title="bbox 288 5158 1858 5246; baseline -0.019 -7"><span class='ocrx_word' id='word_1_336' title='bbox 288 5158 605 5241; x_wconf 72' lang='lat' dir='ltr'>Leontianze</span> <span class='ocrx_word' id='word_1_337' title='bbox 631 5179 896 5243; x_wconf 79' lang='lat' dir='ltr'>historiae,</span> <span class='ocrx_word' id='word_1_338' title='bbox 919 5175 1048 5246; x_wconf 85' lang='lat' dir='ltr'>quia</span> <span class='ocrx_word' id='word_1_339' title='bbox 1071 5174 1274 5228; x_wconf 86' lang='lat' dir='ltr'>diserte</span> <span class='ocrx_word' id='word_1_340' title='bbox 1291 5168 1360 5224; x_wconf 85' lang='lat' dir='ltr'>ab</span> <span class='ocrx_word' id='word_1_341' title='bbox 1380 5166 1447 5220; x_wconf 88' lang='lat' dir='ltr'>iis</span> <span class='ocrx_word' id='word_1_342' title='bbox 1471 5162 1536 5218; x_wconf 81' lang='lat' dir='ltr'>ad</span> <span class='ocrx_word' id='word_1_343' title='bbox 1564 5162 1692 5231; x_wconf 91' lang='lat' dir='ltr'>imp.</span> <span class='ocrx_word' id='word_1_344' title='bbox 1719 5158 1858 5212; x_wconf 80' lang='lat' dir='ltr'>Caes.</span> 
     </span>
    </p>
   </div>
   <div class='ocr_carea' id='block_1_50' title="bbox 281 5250 1863 5331">
    <p class='ocr_par' dir='ltr' id='par_1_50' title="bbox 281 5250 1863 5331">
     <span class='ocr_line' id='line_1_54' title="bbox 281 5250 1863 5331; baseline -0.018 0"><span class='ocrx_word' id='word_1_345' title='bbox 281 5272 582 5331; x_wconf 86' lang='lat' dir='ltr'>Justiniani</span> <span class='ocrx_word' id='word_1_346' title='bbox 609 5270 653 5325; x_wconf 92' lang='grc'>11</span> <span class='ocrx_word' id='word_1_347' title='bbox 688 5284 864 5325; x_wconf 89' lang='lat' dir='ltr'>annos</span> <span class='ocrx_word' id='word_1_348' title='bbox 933 5266 1227 5323; x_wconf 81' lang='lat' dir='ltr'>referatur.</span> <span class='ocrx_word' id='word_1_349' title='bbox 1262 5258 1558 5316; x_wconf 76' lang='lat' dir='ltr'>Sententiae</span> <span class='ocrx_word' id='word_1_350' title='bbox 1600 5269 1713 5309; x_wconf 71' lang='lat' dir='ltr'>sua:</span> <span class='ocrx_word' id='word_1_351' title='bbox 1740 5250 1863 5305; x_wconf 89' lang='lat' dir='ltr'>fun-</span> 
     </span>
    </p>
   </div>
   <div class='ocr_carea' id='block_1_51' title="bbox 285 5350 1859 5431">
    <p class='ocr_par' dir='ltr' id='par_1_51' title="bbox 285 5350 1859 5431">
     <span class='ocr_line' id='line_1_55' title="bbox 285 5350 1859 5431; baseline -0.017 -10"><span class='ocrx_word' id='word_1_352' title='bbox 285 5368 606 5421; x_wconf 88' lang='lat' dir='ltr'>damentum</span> <span class='ocrx_word' id='word_1_353' title='bbox 630 5364 685 5417; x_wconf 92' lang='lat' dir='ltr'>in</span> <span class='ocrx_word' id='word_1_354' title='bbox 702 5377 767 5416; x_wconf 92' lang='lat' dir='ltr'>eo</span> <span class='ocrx_word' id='word_1_355' title='bbox 792 5359 1052 5431; x_wconf 86' lang='lat' dir='ltr'>positum,</span> <span class='ocrx_word' id='word_1_356' title='bbox 1085 5355 1229 5426; x_wconf 90' lang='lat' dir='ltr'>quod</span> <span class='ocrx_word' id='word_1_357' title='bbox 1260 5350 1542 5411; x_wconf 88' lang='lat' dir='ltr'>Leontius,</span> <span class='ocrx_word' id='word_1_358' title='bbox 1573 5354 1859 5417; x_wconf 86' lang='lat' dir='ltr'>postquam</span> 
     </span>
    </p>
   </div>
   <div class='ocr_carea' id='block_1_52' title="bbox 286 5436 1863 5518">
    <p class='ocr_par' dir='ltr' id='par_1_52' title="bbox 286 5436 1863 5518">
     <span class='ocr_line' id='line_1_56' title="bbox 286 5436 1863 5518; baseline -0.015 -7"><span class='ocrx_word' id='word_1_359' title='bbox 286 5462 603 5511; x_wconf 83' lang='lat' dir='ltr'>enarrasset</span> <span class='ocrx_word' id='word_1_360' title='bbox 624 5450 981 5509; x_wconf 72' lang='lat' dir='ltr'>mcumenica:</span> <span class='ocrx_word' id='word_1_361' title='bbox 1013 5446 1224 5518; x_wconf 87' lang='lat' dir='ltr'>synodo</span> <span class='ocrx_word' id='word_1_362' title='bbox 1240 5436 1863 5507; x_wconf 65' lang='lat' dir='ltr'>Constantinopolitanae</span> 
     </span>
    </p>
   </div>
   <div class='ocr_carea' id='block_1_53' title="bbox 286 5531 1864 5614">
    <p class='ocr_par' dir='ltr' id='par_1_53' title="bbox 286 5531 1864 5614">
     <span class='ocr_line' id='line_1_57' title="bbox 286 5531 1864 5614; baseline -0.015 -11"><span class='ocrx_word' id='word_1_363' title='bbox 286 5547 606 5604; x_wconf 78' lang='lat' dir='ltr'>interfuisse</span> <span class='ocrx_word' id='word_1_364' title='bbox 631 5543 979 5614; x_wconf 84' lang='lat' dir='ltr'>Gregorium,</span> <span class='ocrx_word' id='word_1_365' title='bbox 1008 5552 1299 5609; x_wconf 84' lang='lat' dir='ltr'>personam</span> <span class='ocrx_word' id='word_1_366' title='bbox 1338 5541 1612 5605; x_wconf 88' lang='lat' dir='ltr'>gerentem</span> <span class='ocrx_word' id='word_1_367' title='bbox 1650 5531 1864 5599; x_wconf 85' lang='lat' dir='ltr'>episco-</span> 
     </span>
    </p>
   </div>
   <div class='ocr_carea' id='block_1_54' title="bbox 288 5615 1863 5706">
    <p class='ocr_par' dir='ltr' id='par_1_54' title="bbox 288 5615 1863 5706">
     <span class='ocr_line' id='line_1_58' title="bbox 288 5615 1863 5706; baseline -0.011 -16"><span class='ocrx_word' id='word_1_368' title='bbox 288 5637 347 5706; x_wconf 90' lang='lat' dir='ltr'>pi</span> <span class='ocrx_word' id='word_1_369' title='bbox 379 5632 619 5689; x_wconf 68' lang='lat' dir='ltr'>Sardicae</span> <span class='ocrx_word' id='word_1_370' title='bbox 637 5629 976 5688; x_wconf 68' lang='lat' dir='ltr'>Constantia:</span> <span class='ocrx_word' id='word_1_371' title='bbox 1025 5625 1214 5697; x_wconf 84' lang='lat' dir='ltr'>Cypri,</span> <span class='ocrx_word' id='word_1_372' title='bbox 1268 5622 1668 5688; x_wconf 84' lang='lat' dir='ltr'>haereticosque</span> <span class='ocrx_word' id='word_1_373' title='bbox 1702 5615 1863 5686; x_wconf 88' lang='lat' dir='ltr'>plane</span> 
     </span>
    </p>
   </div>
   <div class='ocr_carea' id='block_1_55' title="bbox 291 5706 1865 5797">
    <p class='ocr_par' dir='ltr' id='par_1_55' title="bbox 291 5706 1865 5797">
     <span class='ocr_line' id='line_1_59' title="bbox 291 5706 1865 5797; baseline -0.013 -18"><span class='ocrx_word' id='word_1_374' title='bbox 291 5725 633 5797; x_wconf 83' lang='lat' dir='ltr'>proﬂigasse,</span> <span class='ocrx_word' id='word_1_375' title='bbox 682 5722 800 5778; x_wconf 71' lang='lat' dir='ltr'>haec</span> <span class='ocrx_word' id='word_1_376' title='bbox 834 5718 1032 5776; x_wconf 90' lang='lat' dir='ltr'>tradit:</span> <span class='ocrx_word' id='word_1_377' title='bbox 1067 5718 1200 5783; x_wconf 59' lang='lat' dir='ltr'>Quae</span> <span class='ocrx_word' id='word_1_378' title='bbox 1227 5729 1354 5769; x_wconf 89' lang='lat' dir='ltr'>sane</span> <span class='ocrx_word' id='word_1_379' title='bbox 1394 5726 1514 5767; x_wconf 88' lang='lat' dir='ltr'>cum</span> <span class='ocrx_word' id='word_1_380' title='bbox 1542 5706 1696 5763; x_wconf 81' lang='lat' dir='ltr'>multi</span> <span class='ocrx_word' id='word_1_381' title='bbox 1716 5723 1865 5761; x_wconf 85' lang='lat' dir='ltr'>acce—</span> 
     </span>
    </p>
   </div>
   <div class='ocr_carea' id='block_1_56' title="bbox 292 5796 1868 5885">
    <p class='ocr_par' dir='ltr' id='par_1_56' title="bbox 292 5796 1868 5885">
     <span class='ocr_line' id='line_1_60' title="bbox 292 5796 1868 5885; baseline -0.012 -16"><span class='ocrx_word' id='word_1_382' title='bbox 292 5796 515 5885; x_wconf 66' lang='lat' dir='ltr'>pissent,</span> <span class='ocrx_word' id='word_1_383' title='bbox 544 5813 807 5881; x_wconf 65' lang='lat' dir='ltr'>undenam</span> <span class='ocrx_word' id='word_1_384' title='bbox 834 5810 914 5865; x_wconf 81' lang='lat' dir='ltr'>vir</span> <span class='ocrx_word' id='word_1_385' title='bbox 943 5809 1039 5875; x_wconf 80' lang='lat' dir='ltr'>istc</span> <span class='ocrx_word' id='word_1_386' title='bbox 1062 5810 1086 5865; x_wconf 84' lang='lat'><strong><em>?</em></strong></span> <span class='ocrx_word' id='word_1_387' title='bbox 1106 5805 1363 5863; x_wconf 82' lang='lat' dir='ltr'>Dicebant</span> <span class='ocrx_word' id='word_1_388' title='bbox 1390 5818 1408 5859; x_wconf 89' lang='lat'><strong><em>:</em></strong></span> <span class='ocrx_word' id='word_1_389' title='bbox 1443 5800 1699 5873; x_wconf 76' lang='lat' dir='ltr'>Angeium</span> <span class='ocrx_word' id='word_1_390' title='bbox 1729 5796 1868 5854; x_wconf 89' lang='lat' dir='ltr'>enim</span> 
     </span>
    </p>
   </div>
   <div class='ocr_carea' id='block_1_57' title="bbox 1940 3022 3513 3108">
    <p class='ocr_par' dir='ltr' id='par_1_57' title="bbox 1940 3022 3513 3108">
     <span class='ocr_line' id='line_1_61' title="bbox 1940 3022 3513 3108; baseline -0.01 -17"><span class='ocrx_word' id='word_1_391' title='bbox 1940 3054 2036 3108; x_wconf 87' lang='lat' dir='ltr'>que</span> <span class='ocrx_word' id='word_1_392' title='bbox 2070 3035 2316 3089; x_wconf 85' lang='lat' dir='ltr'>Patribus</span> <span class='ocrx_word' id='word_1_393' title='bbox 2342 3031 2638 3102; x_wconf 82' lang='lat' dir='ltr'>quempiam</span> <span class='ocrx_word' id='word_1_394' title='bbox 2662 3027 2817 3097; x_wconf 82' lang='lat' dir='ltr'>plane</span> <span class='ocrx_word' id='word_1_395' title='bbox 2848 3023 3075 3078; x_wconf 82' lang='lat' dir='ltr'>videtur.</span> <span class='ocrx_word' id='word_1_396' title='bbox 3103 3022 3169 3075; x_wconf 77' lang='lat' dir='ltr'>At</span> <span class='ocrx_word' id='word_1_397' title='bbox 3191 3030 3382 3090; x_wconf 67' lang='lat' dir='ltr'>prater</span> <span class='ocrx_word' id='word_1_398' title='bbox 3407 3037 3513 3075; x_wconf 68' lang='lat' dir='ltr'>ca!-</span> 
     </span>
    </p>
   </div>
   <div class='ocr_carea' id='block_1_58' title="bbox 1942 3108 3516 3187">
    <p class='ocr_par' dir='ltr' id='par_1_58' title="bbox 1942 3108 3516 3187">
     <span class='ocr_line' id='line_1_62' title="bbox 1942 3108 3516 3187; baseline -0.012 -7"><span class='ocrx_word' id='word_1_399' title='bbox 1942 3136 2079 3181; x_wconf 86' lang='lat' dir='ltr'>teros</span> <span class='ocrx_word' id='word_1_400' title='bbox 2125 3123 2435 3177; x_wconf 84' lang='lat' dir='ltr'>incredibile</span> <span class='ocrx_word' id='word_1_401' title='bbox 2481 3119 2615 3187; x_wconf 84' lang='lat' dir='ltr'>cepit</span> <span class='ocrx_word' id='word_1_402' title='bbox 2667 3129 2732 3170; x_wconf 78' lang='lat' dir='ltr'>ea:</span> <span class='ocrx_word' id='word_1_403' title='bbox 2769 3112 2981 3167; x_wconf 82' lang='lat' dir='ltr'>homine</span> <span class='ocrx_word' id='word_1_404' title='bbox 3046 3110 3299 3182; x_wconf 84' lang='lat' dir='ltr'>gaudium</span> <span class='ocrx_word' id='word_1_405' title='bbox 3336 3108 3516 3178; x_wconf 81' lang='lat' dir='ltr'>piissi—</span> 
     </span>
    </p>
   </div>
   <div class='ocr_carea' id='block_1_59' title="bbox 1942 3200 3518 3285">
    <p class='ocr_par' dir='ltr' id='par_1_59' title="bbox 1942 3200 3518 3285">
     <span class='ocr_line' id='line_1_63' title="bbox 1942 3200 3518 3285; baseline -0.013 -12"><span class='ocrx_word' id='word_1_406' title='bbox 1942 3235 2057 3273; x_wconf 88' lang='lat' dir='ltr'>mus</span> <span class='ocrx_word' id='word_1_407' title='bbox 2095 3219 2382 3285; x_wconf 86' lang='lat' dir='ltr'>imperator</span> <span class='ocrx_word' id='word_1_408' title='bbox 2436 3220 2610 3266; x_wconf 88' lang='lat' dir='ltr'>noster</span> <span class='ocrx_word' id='word_1_409' title='bbox 2637 3206 2974 3262; x_wconf 80' lang='lat' dir='ltr'>lustinianus</span> <span class='ocrx_word' id='word_1_410' title='bbox 3005 3241 3021 3267; x_wconf 90' lang='lat'>,</span> <span class='ocrx_word' id='word_1_411' title='bbox 3049 3212 3362 3271; x_wconf 81' lang='lat' dir='ltr'>senatusque</span> <span class='ocrx_word' id='word_1_412' title='bbox 3394 3200 3518 3253; x_wconf 87' lang='lat' dir='ltr'>uni-</span> 
     </span>
    </p>
   </div>
   <div class='ocr_carea' id='block_1_60' title="bbox 1942 3290 3517 3377">
    <p class='ocr_par' dir='ltr' id='par_1_60' title="bbox 1942 3290 3517 3377">
     <span class='ocr_line' id='line_1_64' title="bbox 1942 3290 3517 3377; baseline -0.014 -12"><span class='ocrx_word' id='word_1_413' title='bbox 1942 3327 2141 3366; x_wconf 85' lang='lat' dir='ltr'>uersus.</span> <span class='ocrx_word' id='word_1_414' title='bbox 2177 3308 2310 3361; x_wconf 85' lang='lat' dir='ltr'>Eum</span> <span class='ocrx_word' id='word_1_415' title='bbox 2334 3307 2497 3377; x_wconf 87' lang='lat' dir='ltr'>igitur</span> <span class='ocrx_word' id='word_1_416' title='bbox 2535 3299 2823 3371; x_wconf 74' lang='lat' dir='ltr'>amplexati</span> <span class='ocrx_word' id='word_1_417' title='bbox 2861 3297 3049 3351; x_wconf 75' lang='lat' dir='ltr'>Patres</span> <span class='ocrx_word' id='word_1_418' title='bbox 3088 3310 3287 3357; x_wconf 87' lang='lat' dir='ltr'>omnes,</span> <span class='ocrx_word' id='word_1_419' title='bbox 3332 3294 3421 3363; x_wconf 83' lang='lat' dir='ltr'>qui</span> <span class='ocrx_word' id='word_1_420' title='bbox 3449 3290 3517 3345; x_wconf 81' lang='lat' dir='ltr'>ad</span> 
     </span>
    </p>
   </div>
   <div class='ocr_carea' id='block_1_61' title="bbox 1941 3384 3511 3473">
    <p class='ocr_par' dir='ltr' id='par_1_61' title="bbox 1941 3384 3511 3473">
     <span class='ocr_line' id='line_1_65' title="bbox 1941 3384 3511 3473; baseline -0.015 -16"><span class='ocrx_word' id='word_1_421' title='bbox 1941 3420 2056 3458; x_wconf 91' lang='lat' dir='ltr'>eam</span> <span class='ocrx_word' id='word_1_422' title='bbox 2097 3401 2352 3473; x_wconf 84' lang='lat' dir='ltr'>synodum</span> <span class='ocrx_word' id='word_1_423' title='bbox 2403 3400 2770 3454; x_wconf 86' lang='lat' dir='ltr'>convenerant,</span> <span class='ocrx_word' id='word_1_424' title='bbox 2816 3391 2981 3459; x_wconf 87' lang='lat' dir='ltr'>eique,</span> <span class='ocrx_word' id='word_1_425' title='bbox 3021 3395 3080 3441; x_wconf 92' lang='lat' dir='ltr'>ut</span> <span class='ocrx_word' id='word_1_426' title='bbox 3114 3386 3231 3455; x_wconf 85' lang='lat' dir='ltr'>jam</span> <span class='ocrx_word' id='word_1_427' title='bbox 3257 3384 3511 3447; x_wconf 79' lang='lat' dir='ltr'>diaimus,</span> 
     </span>
    </p>
   </div>
   <div class='ocr_carea' id='block_1_62' title="bbox 1945 3475 3510 3566">
    <p class='ocr_par' dir='ltr' id='par_1_62' title="bbox 1945 3475 3510 3566">
     <span class='ocr_line' id='line_1_66' title="bbox 1945 3475 3510 3566; baseline -0.015 -16"><span class='ocrx_word' id='word_1_428' title='bbox 1945 3494 2222 3566; x_wconf 82' lang='lat' dir='ltr'>gratulati,</span> <span class='ocrx_word' id='word_1_429' title='bbox 2263 3491 2331 3544; x_wconf 87' lang='lat' dir='ltr'>ad</span> <span class='ocrx_word' id='word_1_430' title='bbox 2368 3506 2493 3543; x_wconf 85' lang='lat' dir='ltr'>suas</span> <span class='ocrx_word' id='word_1_431' title='bbox 2556 3488 2791 3556; x_wconf 86' lang='lat' dir='ltr'>ipsorum</span> <span class='ocrx_word' id='word_1_432' title='bbox 2847 3480 2992 3536; x_wconf 83' lang='lat' dir='ltr'>sedes</span> <span class='ocrx_word' id='word_1_433' title='bbox 3030 3479 3248 3549; x_wconf 83' lang='lat' dir='ltr'>quisque</span> <span class='ocrx_word' id='word_1_434' title='bbox 3292 3475 3510 3529; x_wconf 81' lang='lat' dir='ltr'>rediere.</span> 
     </span>
    </p>
   </div>
   <div class='ocr_carea' id='block_1_63' title="bbox 1949 3567 3520 3658">
    <p class='ocr_par' dir='ltr' id='par_1_63' title="bbox 1949 3567 3520 3658">
     <span class='ocr_line' id='line_1_67' title="bbox 1949 3567 3520 3658; baseline -0.015 -15"><span class='ocrx_word' id='word_1_435' title='bbox 1949 3590 2093 3658; x_wconf 85' lang='lat' dir='ltr'>Ergo</span> <span class='ocrx_word' id='word_1_436' title='bbox 2126 3586 2206 3641; x_wconf 90' lang='lat' dir='ltr'>sic</span> <span class='ocrx_word' id='word_1_437' title='bbox 2250 3583 2442 3639; x_wconf 87' lang='lat' dir='ltr'>statuit</span> <span class='ocrx_word' id='word_1_438' title='bbox 2477 3580 2803 3650; x_wconf 83' lang='lat' dir='ltr'>Cajetanus:</span> <span class='ocrx_word' id='word_1_439' title='bbox 2852 3574 2933 3637; x_wconf 88' lang='lat' dir='ltr'>Si,</span> <span class='ocrx_word' id='word_1_440' title='bbox 2986 3586 3097 3642; x_wconf 89' lang='lat' dir='ltr'>quo</span> <span class='ocrx_word' id='word_1_441' title='bbox 3148 3583 3294 3624; x_wconf 90' lang='lat' dir='ltr'>anno</span> <span class='ocrx_word' id='word_1_442' title='bbox 3331 3567 3520 3621; x_wconf 85' lang='lat' dir='ltr'>habita</span> 
     </span>
    </p>
   </div>
   <div class='ocr_carea' id='block_1_64' title="bbox 1947 3659 3526 3745">
    <p class='ocr_par' dir='ltr' id='par_1_64' title="bbox 1947 3659 3526 3745">
     <span class='ocr_line' id='line_1_68' title="bbox 1947 3659 3526 3745; baseline -0.015 -9"><span class='ocrx_word' id='word_1_443' title='bbox 1947 3674 2421 3745; x_wconf 88' lang='lat' dir='ltr'>Constantinopoli</span> <span class='ocrx_word' id='word_1_444' title='bbox 2454 3671 2698 3743; x_wconf 82' lang='lat' dir='ltr'>synodus</span> <span class='ocrx_word' id='word_1_445' title='bbox 2733 3665 3099 3726; x_wconf 89' lang='lat' dir='ltr'>oecumenica,</span> <span class='ocrx_word' id='word_1_446' title='bbox 3133 3675 3316 3716; x_wconf 88' lang='lat' dir='ltr'>rerum</span> <span class='ocrx_word' id='word_1_447' title='bbox 3347 3659 3526 3728; x_wconf 89' lang='lat' dir='ltr'>potie-</span> 
     </span>
    </p>
   </div>
   <div class='ocr_carea' id='block_1_65' title="bbox 1948 3748 3527 3830">
    <p class='ocr_par' dir='ltr' id='par_1_65' title="bbox 1948 3748 3527 3830">
     <span class='ocr_line' id='line_1_69' title="bbox 1948 3748 3527 3830; baseline -0.018 -2"><span class='ocrx_word' id='word_1_448' title='bbox 1948 3773 2112 3828; x_wconf 87' lang='lat' dir='ltr'>batur</span> <span class='ocrx_word' id='word_1_449' title='bbox 2142 3766 2489 3822; x_wconf 88' lang='lat' dir='ltr'>Justinianus</span> <span class='ocrx_word' id='word_1_450' title='bbox 2518 3762 2686 3830; x_wconf 85' lang='lat' dir='ltr'>Aug.,</span> <span class='ocrx_word' id='word_1_451' title='bbox 2721 3774 2804 3812; x_wconf 76' lang='lat' dir='ltr'>nae</span> <span class='ocrx_word' id='word_1_452' title='bbox 2828 3754 3074 3824; x_wconf 80' lang='lat' dir='ltr'>Gregorii</span> <span class='ocrx_word' id='word_1_453' title='bbox 3102 3761 3234 3808; x_wconf 69' lang='lat' dir='ltr'>aztas</span> <span class='ocrx_word' id='word_1_454' title='bbox 3261 3749 3328 3804; x_wconf 90' lang='lat' dir='ltr'>ad</span> <span class='ocrx_word' id='word_1_455' title='bbox 3356 3748 3527 3802; x_wconf 82' lang='lat' dir='ltr'>Justi-</span> 
     </span>
    </p>
   </div>
   <div class='ocr_carea' id='block_1_66' title="bbox 1949 3839 3526 3921">
    <p class='ocr_par' dir='ltr' id='par_1_66' title="bbox 1949 3839 3526 3921">
     <span class='ocr_line' id='line_1_70' title="bbox 1949 3839 3526 3921; baseline -0.017 -2"><span class='ocrx_word' id='word_1_456' title='bbox 1949 3866 2173 3920; x_wconf 87' lang='lat' dir='ltr'>nianum</span> <span class='ocrx_word' id='word_1_457' title='bbox 2198 3860 2214 3913; x_wconf 95' lang='lat' dir='ltr'>l</span> <span class='ocrx_word' id='word_1_458' title='bbox 2240 3854 2568 3920; x_wconf 88' lang='lat' dir='ltr'>revocanda,</span> <span class='ocrx_word' id='word_1_459' title='bbox 2593 3852 2750 3921; x_wconf 85' lang='lat' dir='ltr'>cujus</span> <span class='ocrx_word' id='word_1_460' title='bbox 2771 3847 2987 3918; x_wconf 89' lang='lat' dir='ltr'>imperii</span> <span class='ocrx_word' id='word_1_461' title='bbox 3009 3860 3151 3899; x_wconf 88' lang='lat' dir='ltr'>anno</span> <span class='ocrx_word' id='word_1_462' title='bbox 3172 3843 3263 3907; x_wconf 71' lang='lat'>26,</span> <span class='ocrx_word' id='word_1_463' title='bbox 3318 3839 3526 3895; x_wconf 90' lang='lat' dir='ltr'>Christi</span> 
     </span>
    </p>
   </div>
   <div class='ocr_carea' id='block_1_67' title="bbox 1952 3935 3521 4026">
    <p class='ocr_par' dir='ltr' id='par_1_67' title="bbox 1952 3935 3521 4026">
     <span class='ocr_line' id='line_1_71' title="bbox 1952 3935 3521 4026; baseline -0.017 -15"><span class='ocrx_word' id='word_1_464' title='bbox 1952 3953 2286 4026; x_wconf 89' lang='lat' dir='ltr'>Dionysiano</span> <span class='ocrx_word' id='word_1_465' title='bbox 2320 3950 2446 4013; x_wconf 79' lang='grc'>555,</span> <span class='ocrx_word' id='word_1_466' title='bbox 2499 3954 2692 4002; x_wconf 89' lang='lat' dir='ltr'>coacta</span> <span class='ocrx_word' id='word_1_467' title='bbox 2749 3935 3224 4005; x_wconf 87' lang='lat' dir='ltr'>Constantinopoli</span> <span class='ocrx_word' id='word_1_468' title='bbox 3275 3945 3521 3988; x_wconf 65' lang='lat' dir='ltr'>cacume-</span> 
     </span>
    </p>
   </div>
   <div class='ocr_carea' id='block_1_68' title="bbox 1954 4022 3528 4115">
    <p class='ocr_par' dir='ltr' id='par_1_68' title="bbox 1954 4022 3528 4115">
     <span class='ocr_line' id='line_1_72' title="bbox 1954 4022 3528 4115; baseline -0.018 -12"><span class='ocrx_word' id='word_1_469' title='bbox 1954 4022 2132 4103; x_wconf 77' lang='lat' dir='ltr'>nicav</span> <span class='ocrx_word' id='word_1_470' title='bbox 2161 4042 2428 4115; x_wconf 81' lang='lat' dir='ltr'>synodus,</span> <span class='ocrx_word' id='word_1_471' title='bbox 2464 4053 2593 4094; x_wconf 88' lang='lat' dir='ltr'>nam</span> <span class='ocrx_word' id='word_1_472' title='bbox 2627 4036 2693 4090; x_wconf 91' lang='lat' dir='ltr'>ad</span> <span class='ocrx_word' id='word_1_473' title='bbox 2733 4050 2784 4088; x_wconf 81' lang='lat' dir='ltr'><strong>v1</strong></span> <span class='ocrx_word' id='word_1_474' title='bbox 2808 4030 2953 4102; x_wconf 84' lang='lat' dir='ltr'>quod</span> <span class='ocrx_word' id='word_1_475' title='bbox 2984 4028 3207 4092; x_wconf 90' lang='lat' dir='ltr'>attinet,</span> <span class='ocrx_word' id='word_1_476' title='bbox 3236 4039 3358 4095; x_wconf 67' lang='lat' dir='ltr'>qua:</span> <span class='ocrx_word' id='word_1_477' title='bbox 3378 4022 3528 4077; x_wconf 84' lang='lat' dir='ltr'>Con-</span> 
     </span>
    </p>
   </div>
   <div class='ocr_carea' id='block_1_69' title="bbox 1955 4113 3519 4204">
    <p class='ocr_par' dir='ltr' id='par_1_69' title="bbox 1955 4113 3519 4204">
     <span class='ocr_line' id='line_1_73' title="bbox 1955 4113 3519 4204; baseline -0.019 -10"><span class='ocrx_word' id='word_1_478' title='bbox 1955 4113 2435 4204; x_wconf 84' lang='lat' dir='ltr'>stantinopolitana</span> <span class='ocrx_word' id='word_1_479' title='bbox 2494 4145 2575 4193; x_wconf 90' lang='lat' dir='ltr'>ttt,</span> <span class='ocrx_word' id='word_1_480' title='bbox 2619 4131 2947 4196; x_wconf 83' lang='lat' dir='ltr'>congregata</span> <span class='ocrx_word' id='word_1_481' title='bbox 2980 4134 3126 4175; x_wconf 88' lang='lat' dir='ltr'>anno</span> <span class='ocrx_word' id='word_1_482' title='bbox 3172 4115 3373 4171; x_wconf 86' lang='lat' dir='ltr'>Christi</span> <span class='ocrx_word' id='word_1_483' title='bbox 3425 4113 3519 4166; x_wconf 83' lang='grc'>681</span> 
     </span>
    </p>
   </div>
   <div class='ocr_carea' id='block_1_70' title="bbox 1954 4209 3529 4293">
    <p class='ocr_par' dir='ltr' id='par_1_70' title="bbox 1954 4209 3529 4293">
     <span class='ocr_line' id='line_1_74' title="bbox 1954 4209 3529 4293; baseline -0.02 -5"><span class='ocrx_word' id='word_1_484' title='bbox 1954 4230 2319 4288; x_wconf 89' lang='lat' dir='ltr'>Constantino</span> <span class='ocrx_word' id='word_1_485' title='bbox 2390 4225 2673 4293; x_wconf 85' lang='lat' dir='ltr'>Pogonato</span> <span class='ocrx_word' id='word_1_486' title='bbox 2756 4218 3083 4284; x_wconf 89' lang='lat' dir='ltr'>imperante.</span> <span class='ocrx_word' id='word_1_487' title='bbox 3170 4209 3307 4263; x_wconf 91' lang='lat' dir='ltr'>Cum</span> <span class='ocrx_word' id='word_1_488' title='bbox 3399 4218 3529 4258; x_wconf 89' lang='lat' dir='ltr'>vero</span> 
     </span>
    </p>
   </div>
   <div class='ocr_carea' id='block_1_71' title="bbox 1875 4300 3531 4385">
    <p class='ocr_par' dir='ltr' id='par_1_71' title="bbox 1875 4300 3531 4385">
     <span class='ocr_line' id='line_1_75' title="bbox 1875 4300 3531 4385; baseline -0.021 -3"><span class='ocrx_word' id='word_1_489' title='bbox 1875 4303 1920 4364; x_wconf 65' lang='grc' dir='ltr'><strong>θ</strong></span> <span class='ocrx_word' id='word_1_490' title='bbox 1954 4324 2216 4380; x_wconf 88' lang='lat' dir='ltr'>Leontius</span> <span class='ocrx_word' id='word_1_491' title='bbox 2236 4326 2393 4375; x_wconf 86' lang='lat' dir='ltr'>aetate</span> <span class='ocrx_word' id='word_1_492' title='bbox 2416 4314 2640 4385; x_wconf 77' lang='lat' dir='ltr'>:equalis</span> <span class='ocrx_word' id='word_1_493' title='bbox 2657 4303 3276 4375; x_wconf 81' lang='lat' dir='ltr'>fueritGregorio,utex</span> <span class='ocrx_word' id='word_1_494' title='bbox 3295 4300 3531 4368; x_wconf 89' lang='lat' dir='ltr'>ipsomet</span> 
     </span>
    </p>
   </div>
   <div class='ocr_carea' id='block_1_72' title="bbox 1955 4386 3530 4475">
    <p class='ocr_par' dir='ltr' id='par_1_72' title="bbox 1955 4386 3530 4475">
     <span class='ocr_line' id='line_1_76' title="bbox 1955 4386 3530 4475; baseline -0.022 -2"><span class='ocrx_word' id='word_1_495' title='bbox 1955 4411 2349 4475; x_wconf 89' lang='lat' dir='ltr'>commentario</span> <span class='ocrx_word' id='word_1_496' title='bbox 2397 4404 2668 4467; x_wconf 90' lang='lat' dir='ltr'>hauritur,</span> <span class='ocrx_word' id='word_1_497' title='bbox 2727 4398 2879 4454; x_wconf 90' lang='lat' dir='ltr'>nullo</span> <span class='ocrx_word' id='word_1_498' title='bbox 2932 4396 3096 4450; x_wconf 93' lang='lat' dir='ltr'>modo</span> <span class='ocrx_word' id='word_1_499' title='bbox 3142 4386 3530 4449; x_wconf 86' lang='lat' dir='ltr'>dubitandum,</span> 
     </span>
    </p>
   </div>
   <div class='ocr_carea' id='block_1_73' title="bbox 1955 4476 3530 4580">
    <p class='ocr_par' dir='ltr' id='par_1_73' title="bbox 1955 4476 3530 4580">
     <span class='ocr_line' id='line_1_77' title="bbox 1955 4476 3530 4580; baseline -0.022 -17"><span class='ocrx_word' id='word_1_500' title='bbox 1955 4510 2086 4580; x_wconf 91' lang='lat' dir='ltr'>quin</span> <span class='ocrx_word' id='word_1_501' title='bbox 2119 4520 2218 4560; x_wconf 90' lang='lat' dir='ltr'>nec</span> <span class='ocrx_word' id='word_1_502' title='bbox 2242 4515 2367 4554; x_wconf 88' lang='lat' dir='ltr'>vera</span> <span class='ocrx_word' id='word_1_503' title='bbox 2406 4494 2694 4552; x_wconf 82' lang='lat' dir='ltr'>tradiderit</span> <span class='ocrx_word' id='word_1_504' title='bbox 2729 4487 3022 4551; x_wconf 85' lang='lat' dir='ltr'>Baronius,</span> <span class='ocrx_word' id='word_1_505' title='bbox 3073 4484 3169 4554; x_wconf 86' lang='lat' dir='ltr'>qui</span> <span class='ocrx_word' id='word_1_506' title='bbox 3204 4482 3257 4535; x_wconf 93' lang='lat' dir='ltr'>in</span> <span class='ocrx_word' id='word_1_507' title='bbox 3289 4478 3439 4534; x_wconf 91' lang='lat' dir='ltr'>notis</span> <span class='ocrx_word' id='word_1_508' title='bbox 3464 4476 3530 4530; x_wconf 91' lang='lat' dir='ltr'>ad</span> 
     </span>
    </p>
   </div>
   <div class='ocr_carea' id='block_1_74' title="bbox 1954 4571 3535 4660">
    <p class='ocr_par' dir='ltr' id='par_1_74' title="bbox 1954 4571 3535 4660">
     <span class='ocr_line' id='line_1_78' title="bbox 1954 4571 3535 4660; baseline -0.022 -5"><span class='ocrx_word' id='word_1_509' title='bbox 1954 4571 2267 4654; x_wconf 57' lang='lat' dir='ltr'>Iiomanum</span> <span class='ocrx_word' id='word_1_510' title='bbox 2325 4585 2769 4660; x_wconf 84' lang='lat' dir='ltr'>Martyrologium</span> <span class='ocrx_word' id='word_1_511' title='bbox 2811 4579 2972 4634; x_wconf 91' lang='lat' dir='ltr'>annis</span> <span class='ocrx_word' id='word_1_512' title='bbox 3020 4571 3261 4631; x_wconf 85' lang='lat' dir='ltr'>Mauritii</span> <span class='ocrx_word' id='word_1_513' title='bbox 3311 4572 3451 4639; x_wconf 77' lang='lat' dir='ltr'>Aug.</span> <span class='ocrx_word' id='word_1_514' title='bbox 3479 4577 3535 4623; x_wconf 86' lang='lat' dir='ltr'>et</span> 
     </span>
    </p>
   </div>
   <div class='ocr_carea' id='block_1_75' title="bbox 1957 4664 3531 4760">
    <p class='ocr_par' dir='ltr' id='par_1_75' title="bbox 1957 4664 3531 4760">
     <span class='ocr_line' id='line_1_79' title="bbox 1957 4664 3531 4760; baseline -0.022 -13"><span class='ocrx_word' id='word_1_515' title='bbox 1957 4687 2204 4760; x_wconf 85' lang='lat' dir='ltr'>Gregorii</span> <span class='ocrx_word' id='word_1_516' title='bbox 2256 4684 2297 4749; x_wconf 92' lang='lat' dir='ltr'>l,</span> <span class='ocrx_word' id='word_1_517' title='bbox 2337 4682 2397 4737; x_wconf 87' lang='lat' dir='ltr'>P.</span> <span class='ocrx_word' id='word_1_518' title='bbox 2430 4680 2526 4746; x_wconf 83' lang='lat' dir='ltr'>M.,</span> <span class='ocrx_word' id='word_1_519' title='bbox 2558 4676 2799 4731; x_wconf 83' lang='lat' dir='ltr'>vindicat</span> <span class='ocrx_word' id='word_1_520' title='bbox 2834 4669 3161 4741; x_wconf 83' lang='lat' dir='ltr'>Gregorium</span> <span class='ocrx_word' id='word_1_521' title='bbox 3192 4664 3531 4735; x_wconf 87' lang='lat' dir='ltr'>episcopum,</span> 
     </span>
    </p>
   </div>
   <div class='ocr_carea' id='block_1_76' title="bbox 1956 4760 3537 4851">
    <p class='ocr_par' dir='ltr' id='par_1_76' title="bbox 1956 4760 3537 4851">
     <span class='ocr_line' id='line_1_80' title="bbox 1956 4760 3537 4851; baseline -0.02 -13"><span class='ocrx_word' id='word_1_522' title='bbox 1956 4796 2133 4851; x_wconf 88' lang='lat' dir='ltr'>neque</span> <span class='ocrx_word' id='word_1_523' title='bbox 2165 4779 2341 4851; x_wconf 90' lang='lat' dir='ltr'>ipsum</span> <span class='ocrx_word' id='word_1_524' title='bbox 2371 4774 2507 4829; x_wconf 91' lang='lat' dir='ltr'>adeo</span> <span class='ocrx_word' id='word_1_525' title='bbox 2549 4766 2914 4836; x_wconf 86' lang='lat' dir='ltr'>Menologium</span> <span class='ocrx_word' id='word_1_526' title='bbox 2964 4760 3331 4823; x_wconf 78' lang='lat' dir='ltr'>Basilianum,</span> <span class='ocrx_word' id='word_1_527' title='bbox 3360 4769 3537 4824; x_wconf 90' lang='lat' dir='ltr'>neque</span> 
     </span>
    </p>
   </div>
   <div class='ocr_carea' id='block_1_77' title="bbox 1957 4842 3531 4938">
    <p class='ocr_par' dir='ltr' id='par_1_77' title="bbox 1957 4842 3531 4938">
     <span class='ocr_line' id='line_1_81' title="bbox 1957 4842 3531 4938; baseline -0.02 -10"><span class='ocrx_word' id='word_1_528' title='bbox 1957 4842 2595 4938; x_wconf 46' lang='lat' dir='ltr'>tan&#39;dem-Epitomastes</span> <span class='ocrx_word' id='word_1_529' title='bbox 2620 4860 2862 4922; x_wconf 76' lang='lat' dir='ltr'>Graecus,</span> <span class='ocrx_word' id='word_1_530' title='bbox 2899 4853 2993 4923; x_wconf 92' lang='lat' dir='ltr'>qui</span> <span class='ocrx_word' id='word_1_531' title='bbox 3043 4852 3109 4906; x_wconf 89' lang='lat' dir='ltr'>ad</span> <span class='ocrx_word' id='word_1_532' title='bbox 3156 4846 3452 4904; x_wconf 80' lang='lat' dir='ltr'>Iustiniani</span> <span class='ocrx_word' id='word_1_533' title='bbox 3488 4842 3531 4897; x_wconf 95' lang='lat' dir='ltr'>ll</span> 
     </span>
    </p>
   </div>
   <div class='ocr_carea' id='block_1_78' title="bbox 1959 4934 3529 5024">
    <p class='ocr_par' dir='ltr' id='par_1_78' title="bbox 1959 4934 3529 5024">
     <span class='ocr_line' id='line_1_82' title="bbox 1959 4934 3529 5024; baseline -0.02 -7"><span class='ocrx_word' id='word_1_534' title='bbox 1959 4934 2294 5017; x_wconf 75' lang='lat' dir='ltr'>Rhinormeti</span> <span class='ocrx_word' id='word_1_535' title='bbox 2365 4966 2611 5024; x_wconf 85' lang='lat' dir='ltr'>tempora</span> <span class='ocrx_word' id='word_1_536' title='bbox 2668 4945 3019 5019; x_wconf 89' lang='lat' dir='ltr'>protrahunt.</span> <span class='ocrx_word' id='word_1_537' title='bbox 3100 4937 3226 4992; x_wconf 81' lang='lat' dir='ltr'>Haec</span> <span class='ocrx_word' id='word_1_538' title='bbox 3282 4934 3529 5003; x_wconf 85' lang='lat' dir='ltr'>Cajetani</span> 
     </span>
    </p>
   </div>
   <div class='ocr_carea' id='block_1_79' title="bbox 1890 5026 3537 5113">
    <p class='ocr_par' dir='ltr' id='par_1_79' title="bbox 1890 5026 3537 5113">
     <span class='ocr_line' id='line_1_83' title="bbox 1890 5026 3537 5113; baseline -0.024 1"><span class='ocrx_word' id='word_1_539' title='bbox 1890 5058 1895 5069; x_wconf 82' lang='lat'><strong><em>&#39;</em></strong></span> <span class='ocrx_word' id='word_1_540' title='bbox 1960 5052 2245 5112; x_wconf 66' lang='lat' dir='ltr'>sententiae</span> <span class='ocrx_word' id='word_1_541' title='bbox 2272 5060 2511 5112; x_wconf 90' lang='lat' dir='ltr'>summa,</span> <span class='ocrx_word' id='word_1_542' title='bbox 2532 5056 2675 5113; x_wconf 83' lang='lat' dir='ltr'>quae,</span> <span class='ocrx_word' id='word_1_543' title='bbox 2705 5047 2766 5092; x_wconf 88' lang='lat' dir='ltr'>ut</span> <span class='ocrx_word' id='word_1_544' title='bbox 2802 5034 2985 5106; x_wconf 77' lang='lat' dir='ltr'>Specie</span> <span class='ocrx_word' id='word_1_545' title='bbox 3019 5032 3135 5087; x_wconf 89' lang='lat' dir='ltr'>veri</span> <span class='ocrx_word' id='word_1_546' title='bbox 3162 5044 3270 5083; x_wconf 91' lang='lat' dir='ltr'>non</span> <span class='ocrx_word' id='word_1_547' title='bbox 3305 5026 3537 5080; x_wconf 73' lang='lat' dir='ltr'>destitu-</span> 
     </span>
    </p>
   </div>
   <div class='ocr_carea' id='block_1_80' title="bbox 1959 5117 3540 5215">
    <p class='ocr_par' dir='ltr' id='par_1_80' title="bbox 1959 5117 3540 5215">
     <span class='ocr_line' id='line_1_84' title="bbox 1959 5117 3540 5215; baseline -0.023 -11"><span class='ocrx_word' id='word_1_548' title='bbox 1959 5159 2032 5215; x_wconf 91' lang='lat' dir='ltr'>ta,</span> <span class='ocrx_word' id='word_1_549' title='bbox 2063 5150 2137 5201; x_wconf 91' lang='lat' dir='ltr'>ita</span> <span class='ocrx_word' id='word_1_550' title='bbox 2168 5157 2361 5214; x_wconf 89' lang='lat' dir='ltr'>reapse</span> <span class='ocrx_word' id='word_1_551' title='bbox 2415 5134 2583 5209; x_wconf 85' lang='lat' dir='ltr'>(quod</span> <span class='ocrx_word' id='word_1_552' title='bbox 2613 5129 2753 5186; x_wconf 89' lang='lat' dir='ltr'>tanti</span> <span class='ocrx_word' id='word_1_553' title='bbox 2792 5126 2896 5182; x_wconf 90' lang='lat' dir='ltr'>viri</span> <span class='ocrx_word' id='word_1_554' title='bbox 2930 5138 3067 5196; x_wconf 90' lang='lat' dir='ltr'>pace</span> <span class='ocrx_word' id='word_1_555' title='bbox 3112 5117 3366 5187; x_wconf 84' lang='lat' dir='ltr'>dixerim)</span> <span class='ocrx_word' id='word_1_556' title='bbox 3395 5132 3424 5170; x_wconf 90' lang='lat' dir='ltr'>a</span> <span class='ocrx_word' id='word_1_557' title='bbox 3450 5131 3540 5170; x_wconf 85' lang='lat' dir='ltr'>ve-</span> 
     </span>
    </p>
   </div>
   <div class='ocr_carea' id='block_1_81' title="bbox 1960 5213 3537 5297">
    <p class='ocr_par' dir='ltr' id='par_1_81' title="bbox 1960 5213 3537 5297">
     <span class='ocr_line' id='line_1_85' title="bbox 1960 5213 3537 5297; baseline -0.021 -5"><span class='ocrx_word' id='word_1_558' title='bbox 1960 5237 2120 5292; x_wconf 88' lang='lat' dir='ltr'>ritate</span> <span class='ocrx_word' id='word_1_559' title='bbox 2191 5213 2328 5287; x_wconf 87' lang='lat' dir='ltr'>sane</span> <span class='ocrx_word' id='word_1_560' title='bbox 2381 5240 2546 5297; x_wconf 87' lang='lat' dir='ltr'>quam</span> <span class='ocrx_word' id='word_1_561' title='bbox 2596 5220 2922 5282; x_wconf 88' lang='lat' dir='ltr'>abhorrens,</span> <span class='ocrx_word' id='word_1_562' title='bbox 2977 5213 3125 5283; x_wconf 88' lang='lat' dir='ltr'>quod</span> <span class='ocrx_word' id='word_1_563' title='bbox 3170 5226 3281 5265; x_wconf 90' lang='lat' dir='ltr'>non</span> <span class='ocrx_word' id='word_1_564' title='bbox 3336 5221 3449 5262; x_wconf 93' lang='lat' dir='ltr'>uno</span> <span class='ocrx_word' id='word_1_565' title='bbox 3506 5221 3537 5261; x_wconf 94' lang='lat' dir='ltr'>e</span> 
     </span>
    </p>
   </div>
   <div class='ocr_carea' id='block_1_82' title="bbox 1959 5299 3539 5397">
    <p class='ocr_par' dir='ltr' id='par_1_82' title="bbox 1959 5299 3539 5397">
     <span class='ocr_line' id='line_1_86' title="bbox 1959 5299 3539 5397; baseline -0.02 -14"><span class='ocrx_word' id='word_1_566' title='bbox 1959 5329 2137 5397; x_wconf 88' lang='lat' dir='ltr'>capite</span> <span class='ocrx_word' id='word_1_567' title='bbox 2168 5324 2391 5394; x_wconf 90' lang='lat' dir='ltr'>planum</span> <span class='ocrx_word' id='word_1_568' title='bbox 2422 5332 2510 5371; x_wconf 92' lang='lat' dir='ltr'>me</span> <span class='ocrx_word' id='word_1_569' title='bbox 2565 5314 2841 5370; x_wconf 89' lang='lat' dir='ltr'>facturum</span> <span class='ocrx_word' id='word_1_570' title='bbox 2885 5306 3123 5363; x_wconf 80' lang='lat' dir='ltr'>conﬁdo.</span> <span class='ocrx_word' id='word_1_571' title='bbox 3170 5303 3362 5371; x_wconf 80' lang='lat' dir='ltr'>Itaque</span> <span class='ocrx_word' id='word_1_572' title='bbox 3400 5299 3539 5353; x_wconf 86' lang='lat' dir='ltr'>rele-</span> 
     </span>
    </p>
   </div>
   <div class='ocr_carea' id='block_1_83' title="bbox 1962 5390 3541 5490">
    <p class='ocr_par' dir='ltr' id='par_1_83' title="bbox 1962 5390 3541 5490">
     <span class='ocr_line' id='line_1_87' title="bbox 1962 5390 3541 5490; baseline -0.02 -16"><span class='ocrx_word' id='word_1_573' title='bbox 1962 5434 2083 5490; x_wconf 87' lang='lat' dir='ltr'>gam</span> <span class='ocrx_word' id='word_1_574' title='bbox 2116 5413 2476 5471; x_wconf 87' lang='lat' dir='ltr'>Leontianam</span> <span class='ocrx_word' id='word_1_575' title='bbox 2520 5405 2828 5467; x_wconf 88' lang='lat' dir='ltr'>historiam,</span> <span class='ocrx_word' id='word_1_576' title='bbox 2878 5409 3017 5464; x_wconf 90' lang='lat' dir='ltr'>tum,</span> <span class='ocrx_word' id='word_1_577' title='bbox 3066 5410 3193 5465; x_wconf 68' lang='lat' dir='ltr'>qua:</span> <span class='ocrx_word' id='word_1_578' title='bbox 3232 5390 3541 5448; x_wconf 78' lang='lat' dir='ltr'>evertenda:</span> 
     </span>
    </p>
   </div>
   <div class='ocr_carea' id='block_1_84' title="bbox 1962 5494 3540 5581">
    <p class='ocr_par' dir='ltr' id='par_1_84' title="bbox 1962 5494 3540 5581">
     <span class='ocr_line' id='line_1_88' title="bbox 1962 5494 3540 5581; baseline -0.02 -14"><span class='ocrx_word' id='word_1_579' title='bbox 1962 5512 2237 5581; x_wconf 73' lang='lat' dir='ltr'>Cajetana:</span> <span class='ocrx_word' id='word_1_580' title='bbox 2270 5500 2515 5574; x_wconf 89' lang='lat' dir='ltr'>opinioni</span> <span class='ocrx_word' id='word_1_581' title='bbox 2552 5501 2868 5560; x_wconf 86' lang='lat' dir='ltr'>occurrunt,</span> <span class='ocrx_word' id='word_1_582' title='bbox 2905 5502 3233 5560; x_wconf 88' lang='lat' dir='ltr'>proponam,</span> <span class='ocrx_word' id='word_1_583' title='bbox 3263 5494 3540 5557; x_wconf 89' lang='lat' dir='ltr'>postremo</span> 
     </span>
    </p>
   </div>
   <div class='ocr_carea' id='block_1_85' title="bbox 1962 5587 3540 5673">
    <p class='ocr_par' dir='ltr' id='par_1_85' title="bbox 1962 5587 3540 5673">
     <span class='ocr_line' id='line_1_89' title="bbox 1962 5587 3540 5673; baseline -0.021 -11"><span class='ocrx_word' id='word_1_584' title='bbox 1962 5607 2140 5663; x_wconf 88' lang='lat' dir='ltr'>dicam</span> <span class='ocrx_word' id='word_1_585' title='bbox 2194 5616 2317 5673; x_wconf 63' lang='lat' dir='ltr'>quae</span> <span class='ocrx_word' id='word_1_586' title='bbox 2344 5597 2522 5655; x_wconf 89' lang='lat' dir='ltr'>sentio</span> <span class='ocrx_word' id='word_1_587' title='bbox 2577 5594 2645 5650; x_wconf 91' lang='lat' dir='ltr'>de</span> <span class='ocrx_word' id='word_1_588' title='bbox 2677 5587 2926 5661; x_wconf 85' lang='lat' dir='ltr'>Gregorii</span> <span class='ocrx_word' id='word_1_589' title='bbox 2965 5593 3144 5648; x_wconf 66' lang='lat' dir='ltr'>aetate,</span> <span class='ocrx_word' id='word_1_590' title='bbox 3175 5595 3349 5651; x_wconf 84' lang='lat' dir='ltr'>eaque</span> <span class='ocrx_word' id='word_1_591' title='bbox 3379 5592 3540 5649; x_wconf 83' lang='lat' dir='ltr'>argu-</span> 
     </span>
    </p>
   </div>
   <div class='ocr_carea' id='block_1_86' title="bbox 1958 5690 2873 5764">
    <p class='ocr_par' dir='ltr' id='par_1_86' title="bbox 1958 5690 2873 5764">
     <span class='ocr_line' id='line_1_90' title="bbox 1958 5690 2873 5764; baseline -0.021 -8"><span class='ocrx_word' id='word_1_592' title='bbox 1958 5707 2269 5757; x_wconf 85' lang='lat' dir='ltr'>mentorum</span> <span class='ocrx_word' id='word_1_593' title='bbox 2296 5692 2535 5764; x_wconf 90' lang='lat' dir='ltr'>pondere</span> <span class='ocrx_word' id='word_1_594' title='bbox 2563 5690 2873 5743; x_wconf 88' lang='lat' dir='ltr'>lirmavero.</span> 
     </span>
    </p>
   </div>
   <div class='ocr_carea' id='block_1_87' title="bbox 2029 5765 3530 5862">
    <p class='ocr_par' dir='ltr' id='par_1_87' title="bbox 2029 5765 3530 5862">
     <span class='ocr_line' id='line_1_91' title="bbox 2029 5765 3530 5862; baseline -0.019 -14"><span class='ocrx_word' id='word_1_595' title='bbox 2029 5792 2095 5847; x_wconf 93' lang='grc'>11.</span> <span class='ocrx_word' id='word_1_596' title='bbox 2121 5791 2233 5862; x_wconf 84' lang='lat' dir='ltr'>Age</span> <span class='ocrx_word' id='word_1_597' title='bbox 2289 5788 2403 5857; x_wconf 77' lang='lat' dir='ltr'>iam</span> <span class='ocrx_word' id='word_1_598' title='bbox 2436 5781 2696 5840; x_wconf 83' lang='lat' dir='ltr'>Leontius</span> <span class='ocrx_word' id='word_1_599' title='bbox 2739 5777 2950 5852; x_wconf 85' lang='lat' dir='ltr'>patrios</span> <span class='ocrx_word' id='word_1_600' title='bbox 3015 5773 3162 5829; x_wconf 85' lang='lat' dir='ltr'>lares</span> <span class='ocrx_word' id='word_1_601' title='bbox 3219 5765 3530 5825; x_wconf 81' lang='lat' dir='ltr'>deseruisse</span> 
     </span>
    </p>
   </div>
  </div>
