4098 6558
532 341 673 412 1183

1420 347 1523 409 DE
1561 348 1826 410 ΕΤΑΤΕ
1859 351 1921 411 8.
1948 351 2327 416 GREGORII
2366 354 2880 417 AGRIGENTINI

3654 362 3814 427 1184

527 458 856 530 Gregorium
897 456 1273 530 Hierosolyma
1310 460 1641 532 cogitantem
1692 462 1886 519 scribit
1931 465 2106 534 pridie
2133 470 2181 527 Α
2210 482 2335 533 nus,
2372 467 2697 537 Epitraemus
2732 468 3109 525 Antiochenus
3132 509 3149 535 ,
3195 468 3390 527 Petrus
3427 470 3810 547 Jerosolymi-

530 551 651 607 Kal.
685 548 977 613 Jul.,,cum
1022 564 1231 604 annum
1263 559 1449 620 ageret
1494 552 1580 618 18,
1612 554 1846 624 navique
1880 556 2110 626 imposi-

531 652 649 698 tutn
684 640 1073 711 Carthaginem
1106 641 1387 712 appulisse
1424 653 1547 714 post
1596 655 1709 702 tres
1760 648 1898 713 dies,
1929 648 2112 719 ibique

543 734 832 803 bospitioa
863 734 1123 789 nauclero
1149 734 1268 804 ipso
1294 737 1715 808 exceptum,qui
1754 754 1821 793 eo
1853 740 2109 805 duxerat,

530 826 719 881 taudiu
744 826 1082 890 consedisse,
1113 829 1295 898 quoad
1353 828 1569 884 Marcus
1602 832 1904 887 monachus
1941 831 2113 887 Roma

535 919 822 973 advenerit
848 932 974 972 cum
1009 915 1332 988 Serapione,
1357 930 1412 975 et
1456 919 1707 986 Leontio,
1746 922 1837 991 qui
1864 922 1965 993 (sic
1997 939 2115 977 mo-

535 1021 699 1067 nente
742 1010 875 1081 Deo)
916 1011 1295 1083 Hierosolyma
1351 1013 1677 1069 deduceret:
1724 1024 2032 1070 transactus
2082 1033 2113 1072 a

533 1102 884 1172 Carthaginis
910 1104 1138 1158 decessu
1169 1103 1237 1157 ad
1280 1103 1785 1176 Hierosolymorum
1823 1108 2113 1161 adventum

537 1209 752 1249 menses
770 1193 823 1257 6.
861 1194 952 1249 ubi
984 1211 1014 1249 a
1045 1194 1283 1250 Macario
1315 1198 1433 1263 ejus
1467 1199 1620 1253 urbis
1655 1199 1913 1267 episc0po
1950 1200 2114 1271 297

538 1284 854 1340 Pentecoste
884 1326 899 1352 ,
955 1302 1076 1357 qua)
1138 1289 1384 1358 proxime
1420 1290 1680 1355 obvenit,
1719 1291 1982 1346 diacttnus
2001 1291 2118 1347 fue-

539 1378 611 1431 rit
635 1378 899 1433 initiatus:
921 1380 1152 1435 subinde
1178 1397 1307 1436 vero
1330 1383 1512 1437 abisse
1550 1382 1605 1436 itt
1657 1381 1930 1438 Olivetum
1959 1401 2116 1440 mon-

541 1478 672 1533 tem,
712 1471 804 1525 ubi
831 1487 1036 1525 annum
1066 1472 1338 1542 integrum
1370 1473 1716 1530 diversatus:
1751 1475 1876 1530 inde
1915 1477 1967 1530 itt
2000 1494 2119 1533 ere—

542 1577 689 1616 mum
718 1563 1037 1626 secessisse.
1058 1565 1111 1618 in
1132 1580 1239 1634 qua
1262 1581 1437 1621 annos
1461 1583 1512 1619 tv
1533 1566 1747 1623 delituit
1767 1587 1779 1622 :
1797 1567 1923 1624 hinc
1936 1567 2123 1624 Hiero-

541 1651 749 1721 solyma
778 1668 1080 1718 reversum,
1118 1653 1359 1709 Macario
1384 1655 1563 1712 adhuc
1604 1657 1894 1725 pontiﬁce,
1933 1674 2119 1713 mora-

543 1750 766 1813 tumque
824 1759 1030 1799 annum
1074 1760 1269 1811 unum,
1338 1746 1463 1802 inde
1509 1746 1853 1803 Antiochiam
1908 1748 2121 1821 Syriael

2218 566 2381 610 tanus
2418 556 2684 627 episcopi.
2717 555 2947 611 lubente
2974 573 3033 611 ea
3061 558 3190 629 (hoc
3228 569 3315 615 est
3348 558 3683 630 Iustiniano,
3723 566 3812 618 ait

2218 647 2508 705 Liberatus
2532 666 2653 720 cap.
2690 650 2762 705 25
2791 649 3079 722 Breviarii)
3140 653 3345 709 dictata
3382 664 3459 709 est
3506 657 3559 709 in
3596 656 3811 728 Orige-

2218 756 2355 803 nem,
2390 752 2440 795 et
2473 741 2571 796 illa
2607 742 2857 812 Capitula
2884 745 3239 799 anathemati:
3265 747 3539 801 damnatio
3574 791 3591 815 ,
3629 767 3807 819 quam

2217 830 2595 886 subscribentes
2644 849 2751 886 una
2814 848 2934 886 cum
2999 832 3155 887 Mena
3211 837 3601 903 archiepiscopo
3648 838 3805 905 apud

2220 921 2737 994 Constantinopolim
2769 928 2983 995 reperti,
3006 926 3193 981 deinde
3238 928 3442 982 directa
3472 940 3548 984 est
3601 930 3808 1000 Vigilia

2222 1013 2463 1070 Romano
2490 1019 2750 1087 episcopo,
2784 1017 2939 1071 Zoilo
2981 1018 3348 1073 Alexandrino
3384 1061 3400 1085 ,
3454 1020 3806 1089 Euphrcmio

2222 1107 2565 1174 Autiocheno,
2594 1119 2642 1163 et
2688 1107 2846 1163 Petro
2894 1108 3343 1180 Jerosolgmitana
3377 1153 3395 1179 ,
3437 1113 3627 1181 quibus
3678 1129 3808 1166 eam

2222 1197 2596 1265 accipientibus
2623 1195 2872 1267 Origenes
2898 1198 3185 1252 damnatus
3236 1207 3313 1252 est
3374 1212 3614 1254 mortuus
3644 1240 3663 1267 ,
3706 1203 3805 1270 qui

2222 1290 2368 1343 vivus
2407 1289 2536 1341 olim
2570 1288 2746 1357 fuerat
2782 1298 2903 1342 ante
2948 1288 3258 1343 damnatus.
3302 1288 3571 1345 Barouius
3608 1292 3807 1346 isthac

2224 1379 2510 1448 consignat
2535 1378 2601 1432 ad
2632 1394 2838 1434 annum
2867 1378 2991 1445 546,
3024 1379 3116 1435 sed
3142 1379 3308 1449 Pagio
3339 1381 3614 1435 assentior
3636 1422 3652 1446 ,
3701 1383 3806 1451 qui

2225 1469 2448 1525 biennio
2472 1470 2739 1539 anticipat
2775 1471 2864 1540 (ad
2898 1485 3027 1524 ann.
3064 1469 3213 1540 544).
3249 1470 3349 1536 Qui
3375 1471 3542 1540 igitur
3578 1471 3809 1541 Cajeta-

2222 1577 2332 1617 nus
2367 1560 2833 1633 Jerosolymurum
2865 1563 3022 1618 nobis
3051 1562 3370 1633 episcopum
3404 1564 3653 1618 obtrudit
3682 1564 3810 1618 Ma-

2225 1652 2436 1708 carium
2490 1667 2580 1706 an.
2612 1653 2735 1717 542,
2773 1669 2897 1708 cum
2935 1653 3113 1708 adhuc
3159 1669 3304 1708 anno
3351 1654 3455 1708 544
3478 1654 3809 1725 ζερίεοομι-

2229 1750 2342 1796 ιιιιιι
2370 1751 2579 1814 gereret
2605 1741 2796 1798 Petrus
2818 1744 2845 1797 ?
2867 1744 2960 1813 qui
2992 1743 3289 1813 Gregorius
3320 1760 3352 1799 a
3386 1743 3625 1799 Macario
3658 1761 3809 1799 nun-

544 1830 888 1901 metrupolim
938 1832 1278 1903 demigrasse
1323 1850 1375 1889 tv
1424 1834 1500 1890 ld.
1545 1836 1769 1905 Aprilis,
1799 1837 1986 1907 ibique
2022 1854 2122 1893 an-
2156 1832 2197 1888 Β
2226 1832 2354 1886 dum
2388 1832 2644 1902 episcopo
2666 1833 2934 1887 diaconus
2958 1835 3288 1890 constitutus
3313 1848 3457 1889 anno
3481 1835 3628 1890 5452
3657 1834 3812 1890 Sane

546 1940 673 1978 nunt
720 1924 926 1995 egisse;
957 1926 1087 1982 hinc
1106 1926 1665 1999 Constantinopolim,
1690 1929 2125 2001 interfuisseque

544 2016 757 2087 synodo
786 2018 1162 2082 mcumenicze,
1211 2035 1385 2089 eaque
1449 2020 1675 2076 dimissa
1731 2021 1959 2077 Romam
2000 2039 2129 2093 pro-

547 2104 771 2173 fectum,
834 2123 944 2178 quo
1002 2112 1249 2179 pervenit
1283 2126 1337 2165 ιι
1392 2109 1520 2166 Kal.
1547 2111 1862 2178 Quintileis,
1895 2129 2129 2183 moxque

545 2195 864 2264 episcopum
895 2197 1270 2269 Agrigentinu:
1309 2199 1568 2257 Ecclesia}
1604 2204 2005 2259 renuntiatum.
2050 2205 2128 2259 Ex

548 2285 650 2339 hac
683 2285 895 2342 Leontii
943 2293 1263 2345 narratione
1328 2290 1477 2346 hunc
1536 2294 1731 2348 statuit
1767 2293 2130 2366 Chronologi-

548 2393 725 2432 smum
746 2378 1041 2449 Cajetanus
1065 2398 1081 2435 :

622 2469 749 2525 5i2.
784 2487 918 2527 xvm
948 2490 1108 2544 agens
1151 2489 1352 2527 annum
1380 2473 1444 2526 ab
1480 2477 1665 2545 angelo
1697 2477 1925 2532 monitus
1959 2479 2130 2549 pridie

555 2560 685 2618 Kal.
713 2562 852 2618 Julii
902 2566 1122 2637 fugant,
1163 2575 1215 2622 et
1267 2567 1746 2637 peregrinationem
1780 2569 2131 2642 Jerasolgmi-

551 2667 734 2709 lanam
759 2659 1004 2726 capessit.

623 2748 751 2803 545.
773 2749 905 2804 Post
938 2768 1135 2807 menses
1161 2752 1270 2821 fere
1302 2766 1354 2806 Vt
1374 2791 1391 2817 ,
1434 2748 1823 2821 Ierosolgntam
1875 2755 2127 2822 pervenit,

554 2857 812 2911 sacraque
854 2842 971 2897 laca
1030 2853 1339 2907 ueneratur,
1400 2842 1488 2896 ubi
1542 2845 1741 2896 sanctis
1796 2844 2129 2900 Pentecostes

556 2933 738 2988 diebus
781 2951 816 2987 a
847 2933 1085 2989 Macario
1118 2936 1360 3004 episcopo
1384 2932 1832 3005 Jerosolgmitano
1876 2937 2131 2992 diaconus

556 3025 861 3079 ordinatur.

629 3116 757 3171 544.
798 3116 972 3171 Paulo
994 3128 1112 3186 post
1142 3121 1334 3176 montis
1398 3120 1589 3179 Oliveti
1638 3112 1962 3173 monasterid
2000 3115 2129 3182 obit,

559 3223 715 3278 atque
739 3208 792 3261 in
825 3208 891 3262 iis
921 3225 1119 3263 annum
1143 3211 1461 3268 diversatur.

628 3299 757 3355 549.
796 3298 879 3353 Ea:
933 3300 1134 3356 Oliveto
1199 3305 1252 3358 in
1290 3322 1522 3359 erentum
1574 3304 1875 3358 interiorem
1907 3301 2132 3369 secedit,

557 3402 604 3445 et
660 3408 829 3446 annos
908 3408 961 3447 tv
1030 3397 1173 3464 apu‘l
1225 3412 1400 3451 senem
1479 3397 1763 3467 quemdam
1821 3410 2128 3450 commora-

564 3492 669 3539 mf.

634 3576 760 3633 550.
790 3575 1120 3651 Jerosolgma
1169 3580 1302 3635 redit
1348 3579 1417 3634 ad
1458 3578 1758 3633 Macarium
1798 3578 2137 3648 episcopum:

564 3669 648 3722 hic
693 3686 856 3723 unum
905 3688 1103 3725 annum
1144 3673 1304 3741 agit:
1350 3686 1472 3726 mea:
1516 3671 1853 3725 Antiochiam
1889 3670 2139 3740 proﬁcis-

564 3759 705 3814 citur
737 3775 789 3814 ιν
821 3759 951 3815 ldus
982 3762 1205 3831 Aprilis.

637 3850 761 3904 552.
801 3849 901 3906 Ubi
930 3868 1128 3906 annum
1152 3853 1447 3908 Antiochia:
1471 3854 1664 3925 exegit,
1692 3852 2139 3923 Constantinopo-

564 3941 657 3999 lim
691 3944 826 3998 adit.

638 4036 763 4094 555.
793 4034 877 4090 Ibi
909 4023 1108 4105 synodo
1150 4037 1394 4106 interfuit
1430 4077 1446 4102 ,
1493 4053 1610 4108 qua:
1661 4037 1845 4091 habita
1879 4046 1956 4091 est
2002 4052 2140 4090 anno

568 4126 770 4185 Christi
822 4126 945 4193 553,
991 4143 1025 4179 a
1055 4132 1254 4197 synodo
1303 4132 1485 4182 statim
1536 4128 1759 4183 Romam
1796 4128 2028 4197 peruenit
2086 4143 2139 4183 χι

570 4220 696 4276 Kal.
726 4218 882 4285 Julii,
915 4228 1221 4276 sanctorunt
1264 4219 1625 4290 apostolorum
1650 4219 1895 4290 sepulcra
1929 4236 2142 4273 venera-

572 4322 743 4367 turus.

652 4399 779 4455 555.
842 4399 946 4454 Hic
1001 4417 1034 4454 a
1079 4399 1321 4455 Romano
1374 4400 1624 4470 pontiﬁce
1684 4397 1969 4454 ordinatur
2032 4400 2144 4468 epi-

2226 1922 2444 1984 Petrus,
2475 1922 2568 1993 qui
2592 1922 2887 1979 Justiniatti
2920 1925 3100 1981 edicto
3161 1927 3497 1995 astipttlatus
3522 1969 3537 1992 ,
3576 1928 3809 1983 Jeroso—

2228 2014 2525 2084 lymitanus
2561 2014 2804 2084 pontifex
2839 2016 3014 2070 audiit
3063 2032 3206 2072 anno
3247 2017 3391 2084 525,
3438 2034 3551 2088 quo
3574 2018 3802 2089 μηδηηί

2228 2109 2515 2163 successit.
2546 2107 2739 2164 Nullus
2764 2110 2931 2180 igitur
2963 2120 3091 2165 ante
3127 2111 3345 2165 Petrum
3378 2111 3673 2179 Macarius,
3706 2116 3806 2183 qui

2226 2198 2474 2254 diaconis
2526 2200 2845 2270 ascripserit
2894 2198 3241 2270 Gregorium.
3283 2200 3469 2271 Itaque
3515 2203 3809 2258 characte-

2230 2309 2343 2347 rem
2380 2292 2603 2347 Macarii
2652 2296 3005 2364 episcopatus
3039 2294 3400 2350 obsistentem
3447 2296 3554 2350 sibi
3599 2297 3807 2350 sentiat

2227 2386 2545 2456 Cajetanus,
2578 2386 2672 2457 qui
2709 2385 3035 2458 Gregorium
3068 2386 3137 2442 ad
3164 2385 3461 2443 Justiniani
3501 2388 3522 2442 l
3556 2397 3802 2459 tempora

2228 2480 2427 2534 elevat.

2280 2567 2391 2641 .lV.
2422 2567 2561 2635 Quid
2588 2583 2719 2623 vero
2761 2567 2903 2638 quod
2945 2566 3180 2630 Pascha,
3234 2569 3376 2636 quod
3418 2566 3807 2639 Hierosolymis

2228 2660 2465 2715 confecit
2495 2658 2817 2729 Gregorius,
2845 2660 3100 2715 convenit
3144 2660 3197 2714 itt
3230 2658 3263 2713 6
3300 2660 3520 2729 Aprilis,
3562 2664 3808 2731 quando-

2230 2754 2448 2821 quidem
2496 2750 2657 2805 tradit
2716 2751 3010 2815 Leoutius,
3068 2751 3219 2806 illinc
3275 2750 3512 2806 Marcum
3557 2752 3805 2823 Gregorii

2231 2846 2419 2899 ducem
2457 2843 2771 2899 discessisse
2795 2859 2906 2898 xvu
2964 2842 3089 2897 Kal.
3148 2842 3288 2897 Maii
3351 2844 3518 2897 altera
3578 2862 3611 2898 a
3678 2863 3808 2899 nota

2235 2936 2513 2991 Dominica
2594 2936 2734 2989 die?
2807 2936 2952 2989 Nova
3019 2934 3299 2990 Dominica
3381 2937 3523 3005 apud
3590 2936 3811 2992 (ἕτερος

2231 3030 2454 3100 perinde
2507 3038 2660 3093 erat,
2698 3038 2862 3098 atque
2892 3028 3211 3083 Latinorum
3264 3027 3544 3083 Domittica
3582 3030 3637 3083 in
3666 3030 3807 3086 albis

2235 3123 2485 3191 depositis
2507 3138 2528 3187 ;
2554 3122 2626 3175 ita
2652 3134 2780 3177 vero
2808 3121 2972 3187 dicta,
3010 3121 3124 3176 sive
3146 3122 3291 3191 quod
3318 3122 3573 3176 universa
3599 3122 3807 3177 hebdo-

2237 3230 2374 3279 tttas,
2436 3229 2558 3285 quae
2633 3212 2838 3269 Pascha
2919 3215 3377 3282 consequebatur,
3429 3213 3811 3283 διακαινξσμος

2240 3310 2310 3364 ab
2342 3309 2409 3364 iis
2441 3316 2744 3374 vocaretur,
2775 3322 2952 3377 eoque
2980 3322 3116 3361 nova
3157 3306 3367 3375 singula
3387 3304 3570 3375 ejusce
3604 3307 3811 3361 hebdo—

2239 3401 2415 3456 tnadis
2454 3400 2594 3463 dies,
2625 3400 2742 3456 sive
2786 3399 2930 3469 quod
2965 3398 3372 3454 ecclesiasticus
3418 3414 3596 3454 annus
3627 3413 3660 3452 a
3710 3396 3811 3451 Pa-

2237 3490 2423 3546 scbate
2485 3488 2686 3552 iniret,
2744 3489 2887 3559 quod
2942 3488 3061 3559 ipse
3117 3487 3292 3543 innuit
3346 3487 3629 3553 Leontius,
3684 3489 3807 3544 dum

2239 3581 2509 3646 dicturus,
2559 3580 2823 3651 postridie
2860 3580 3149 3636 Paschalis
3177 3580 3561 3651 episcoporum
3594 3595 3813 3635 conses-

2238 3689 2358 3730 sum
2394 3673 2580 3730 Roma:
2618 3673 2949 3741 habendum,
2986 3673 3038 3727 in
3069 3688 3180 3742 quo
3210 3672 3440 3738 crimen,
3482 3674 3641 3741 cujus
3682 3674 3812 3729 Gre-

2239 3764 2422 3834 gorius
2471 3763 2841 3827 insimulatus,
2887 3762 3247 3830 judicaretur,
3277 3763 3577 3817 secundum
3608 3772 3810 3816 tantum

2239 3856 2381 3910 diem
2406 3854 2695 3924 designat:
2730 3854 2999 3924 Affirmant
3029 3853 3111 3907 illi
3164 3852 3466 3923 (inquiens)
3511 3854 3726 3906 audisse
3762 3870 3812 3905 se

2240 3948 2304 4002 de
2336 3948 2609 4003 hominum
2640 3948 2866 4003 adventu
2887 3963 2909 4002 :
2938 3958 3051 4002 erat
3093 3957 3269 4001 autent
3327 3947 3639 4009 Parasceve,
3698 3964 3813 4000 cum

2242 4036 2578 4094 advenerant.
2596 4037 2624 4091 Ι
2628 4038 2771 4109 gitur
2779 4036 3078 4106 pontificem
3102 4037 3178 4090 sic
3201 4035 3541 4107 alloquuntur
3557 4037 3781 4105 episcopi
3793 4052 3815 4090 :

2241 4128 2452 4185 Jubesis
2492 4130 2766 4200 episcopos
2815 4132 2954 4184 coire
2986 4143 3197 4193 omnes,
3235 4144 3298 4181 ac
3327 4129 3373 4181 si
3423 4127 3519 4182 Dei
3577 4129 3813 4181 voluntas

2245 4222 2549 4290 tulerit,jdie
2576 4221 2804 4275 secundo
2823 4220 3087 4273 decernito
3113 4235 3132 4285 ;
3160 4229 3215 4274 et
3242 4234 3365 4272 mox
3397 4234 3596 4274 nonum
3631 4235 3813 4273 nume-

2246 4323 2332 4369 rat
2360 4314 2525 4378 diem,
2549 4314 2641 4384 qui
2672 4321 2822 4368 certe
2867 4328 2897 4365 a
2922 4310 3193 4368 Paschate
3229 4327 3243 4364 :
3298 4308 3364 4364 Ut
3425 4319 3600 4363 autem
3649 4324 3814 4362 nonus

2246 4402 2423 4472 adfuit
2445 4402 2576 4467 dies,
2614 4401 2830 4456 mandat
2876 4400 3114 4470 pontifex
3164 4415 3270 4453 rem
3318 4399 3551 4452 divinant
3608 4405 3816 4467 peragat

571 4512 762 4564 scapus
820 4496 1117 4567 Agrigenti,
1171 4496 1309 4567 quod
1372 4514 1406 4550 a
1468 4495 1686 4567 Pelagio
1730 4496 1935 4566 factum
1987 4511 2144 4566 opor—
2174 4525 2220 4583 ι)
2250 4490 2553 4583 Gregorius.
2585 4489 2771 4560 Neque
2789 4488 3121 4583 AaliterCalli
3153 4497 3208 4583 et
3228 4487 3415 4583 llielgae
3443 4503 3642 4541 annum
3663 4501 3815 4541 suum

576 4586 700 4640 luit.

576 4675 732 4731 Nunc
760 4676 945 4732 omnia
976 4677 1043 4733 ad
1070 4692 1299 4733 examen
1330 4692 1612 4733 vocemus.

654 4769 738 4827 lll.
794 4769 966 4826 Porro
1019 4769 1314 4840 Cajetanus
1358 4770 1427 4826 ad
1483 4769 1706 4826 Macarii
1752 4772 1901 4843 quod
1958 4773 2153 4829 attinet

580 4861 983 4932 pontiﬁcatum,
1014 4863 1090 4917 ait
1134 4862 1331 4917 initum
1379 4863 1532 4918 illum
1559 4902 1575 4928 ,
1616 4862 1853 4921 Barouio
1903 4874 2151 4929 auctore,

580 4972 725 5011 anno
755 4955 859 5010 544
888 4956 1137 5026 (emenda
1174 4954 1324 5026 546),
1371 4972 1440 5013 ex
1498 4956 1730 5011 aliorum
1779 4971 1909 5011 vero
1932 4966 2151 5012 senten-

582 5050 656 5103 tia
685 5064 829 5102 auno
853 5048 1168 5118 superiore;
1195 5049 1289 5104 sed
1331 5048 1429 5120 qui
1465 5056 1647 5102 tamen
1702 5048 2031 5119 repetendus
2080 5048 2151 5103 ab

583 5153 732 5193 anno
761 5139 941 5194 saltim
978 5138 1105 5203 542,
1131 5140 1354 5209 quando
1399 5154 1547 5194 anno
1579 5139 1703 5202 545,
1739 5154 1851 5210 quo
1877 5137 2157 5211 Jerosoly-

589 5249 673 5287 ma
704 5234 983 5303 ingressus
1031 5232 1335 5304 Gregorius
1375 5272 1392 5299 ,
1446 5233 1562 5303 jam
1623 5232 1885 5289 Ecclesia:
1929 5242 2160 5303 praterat

592 5323 881 5390 Macarius,
922 5323 1155 5380 Leontio
1206 5334 1362 5381 teste.
1393 5323 1494 5380 Hic
1529 5325 1709 5395 primo
1750 5324 1886 5380 mihi
1933 5342 2023 5381 res
2055 5325 2163 5381 erit

589 5430 717 5471 cum
746 5414 1027 5485 Cajetano,
1062 5415 1156 5485 qui
1199 5414 1497 5471 Macarium
1542 5414 2010 5487 Jerosolymorum
2047 5417 2163 5486 epi-

592 5522 818 5575 scopum
854 5513 1004 5562 ratus
1032 5522 1178 5561 anno
1207 5506 1332 5570 542.
1371 5508 1519 5577 quod
1571 5507 1803 5562 minime
1853 5506 2160 5563 ferendum.

597 5595 885 5653 Enimvero
914 5597 1311 5653 Justiuianusl
1348 5613 1494 5654 anno
1538 5598 1662 5663 544,
1717 5599 1955 5654 edictum
1999 5598 2168 5653 edidit

603 5691 866 5743 adversus
919 5689 1023 5744 tria
1077 5689 1324 5759 Capitula
1357 5731 1372 5756 ,
1449 5689 1539 5745 cui
1586 5690 1919 5760 ascriptores
2009 5687 2168 5745 luere

611 5780 833 5836 H-rttttas
883 5781 1551 5851 Coustantinopolitanus,
1607 5781 1794 5840 Zoilus
1849 5780 2169 5839 Alexandri-

2246 4581 2621 4643 ordiebantur,
2658 4579 2803 4649 quod
2857 4575 3074 4633 tandem
3117 4579 3185 4632 ab
3225 4577 3311 4631 his
3338 4576 3656 4645 abrOgatutn
3682 4589 3818 4627 anno

2251 4673 2414 4741 1577,
2440 4673 2509 4727 ab
2542 4672 2650 4726 illis
2675 4686 2821 4727 anno
2847 4670 3011 4726 1564.
3041 4668 3192 4741 (Pag.
3213 4669 3267 4723 itt
3300 4667 3422 4723 Per.
3450 4665 3817 4723 Graeco-Dom.

2250 4766 2402 4821 num.
2434 4763 2549 4830 15).
2578 4761 2696 4818 Jam
2729 4763 2776 4819 si
2809 4765 3081 4819 secundus
3114 4762 3183 4816 ab
3212 4776 3347 4815 nova
3386 4760 3673 4816 Dominiea
3708 4758 3819 4813 dies

2253 4856 2563 4912 iucurrititt
2593 4855 2659 4910 15
2679 4855 2905 4925 Aprilis,
2936 4868 3069 4924 ergo
3117 4852 3324 4908 Pascha
3378 4852 3434 4907 in
3480 4852 3514 4907 6
3556 4850 3817 4922 ejusdem.

2252 4947 2336 5002 An
2371 4947 2551 5002 isthuc
2576 4947 2949 5017 exprimemus
2988 4961 3020 5000 a
3050 4945 3294 5014 Cajetani
3328 4942 3823 5013 Cltronologismo!

2255 5053 2347 5094 att.
2381 5038 2485 5093 545
2514 5038 2829 5108 agitabatur
2877 5035 2949 5091 ‘20
3003 5036 3138 5107 cycli
3201 5034 3420 5099 solaris,
3481 5034 3548 5087 12
3605 5031 3819 5092 lunaris,

2257 5131 2488 5203 proinde
2510 5131 2694 5186 littera
2721 5129 3079 5185 Dominicalis
3105 5127 3171 5192 D,
3201 5128 3472 5183 terminus
3492 5125 3773 5181 Paschalis
3791 5123 3822 5174 4

2257 5225 2484 5297 Aprilis,
2549 5223 2762 5279 Pascha
2813 5221 2882 5277 12
2909 5221 3179 5291 ejusdem,
3210 5235 3334 5274 nam
3371 5218 3637 5274 terminus
3670 5219 3724 5272 in
3753 5215 3824 5270 fe-

2263 5321 2402 5375 riam
2437 5318 2468 5370 7
2505 5318 2659 5381 exiit,
2701 5330 2874 5387 eoque
2907 5313 3123 5370 Pascha
3160 5311 3571 5367 diﬂ'undendum
3617 5310 3671 5365 itt
3703 5309 3826 5362 alte.

2263 5427 2379 5466 ram
2433 5408 2798 5477 Dominicam,
2842 5423 2909 5463 ne
2934 5422 3059 5463 cum
3091 5404 3293 5461 Judaeis
3317 5402 3723 5469 conveniretur,
3749 5398 3824 5453 vel

2266 5505 2300 5558 5
2330 5503 2558 5573 Aprilis,
2589 5500 2858 5571 siquidem
2886 5516 3006 5555 mos
3035 5500 3139 5555 iste
3193 5497 3336 5566 apud
3387 5495 3825 5566 Hierosolymita-

2270 5613 2395 5651 nam
2431 5595 2728 5652 Ecclesiam
2756 5608 2865 5648 non
2890 5593 3210 5647 obtinuerit.
3252 5590 3615 5657 Quamobrem
3655 5584 3826 5642 Domi-

2272 5691 2392 5746 nica
2429 5704 2568 5743 nova
2597 5702 2721 5743 cum
2753 5684 3007 5740 inciderit
3030 5685 3116 5738 vel
3149 5685 3204 5739 in
3226 5683 3293 5739 l9
3328 5683 3411 5738 vel
3440 5683 3495 5737 in
3522 5681 3589 5735 l2
3618 5679 3824 5750 Aprilis,

2275 5784 2353 5849 tit,
2390 5780 2574 5837 Marco
2602 5779 2909 5836 abeundum
2954 5773 3345 5846 Hierosolymis
3386 5773 3560 5830 luisse
3610 5772 3693 5826 vel
3740 5769 3818 5831 2t,
