4098 6506
269 377 416 444 1185

1632 391 2155 458 DISSERTATIO.

3383 417 3520 484 1186
3574 443 3578 447 ‘

270 494 355 545 vel
393 491 459 544 14
486 478 595 556 die,
629 489 674 544 si
709 490 955 562 Cajetani
984 491 1439 564 Chronologismo
1466 496 1848 566 inhaereatnus,
1884 513 1927 567 Α
1956 506 2325 565 concedamus
2381 508 2600 568 interim
2624 553 2641 579 ,
2701 518 2849 586 quod
2906 520 3149 589 postulat
3206 521 3523 596 Cajetanus,

270 598 385 637 non
420 583 489 637 l5
523 584 750 653 Aprilis,
786 592 847 639 ut
878 584 1142 641 Leontius
1168 586 1458 643 manifeste
1494 597 1742 647 testatus.
1769 595 1851 647 Ad

270 676 389 731 haec
444 676 511 731 15
565 677 795 747 Aprilis.
845 693 954 747 qua
999 676 1219 734 Marcus
1250 680 1419 735 abbas
1458 680 1853 756 Hierosolymis

268 769 576 838 digressus,
612 769 778 840 298
809 771 1089 823 concurrit
1117 785 1244 825 cum
1279 770 1412 827 feria
1446 774 1522 839 5;
1562 776 1658 830 sed
1704 792 1853 832 anno

269 860 401 923 545,
427 876 549 914 cum
577 860 716 915 feria
745 862 799 915 4.
829 860 1103 915 Paeoniam
1140 878 1364 917 manum
1409 876 1688 934 exspecto,
1730 884 1852 937 qua:

273 952 715 1021 deploratissima
747 951 1020 1021 Cajetana:
1054 956 1337 1009 sententiae
1363 956 1586 1012 vulnera
1616 975 1852 1027 praesen-

275 1046 421 1099 tibus
447 1044 629 1099 succis
664 1045 990 1099 demnlceat.
1024 1044 1132 1099 Sed
1161 1056 1356 1100 caetera
1390 1064 1778 1119 exsequamur.

346 1136 408 1190 V.
443 1134 564 1202 Quo
602 1150 745 1191 anno
773 1137 1119 1191 Antiochiam
1155 1137 1627 1211 abiitGregorius,
1662 1143 1852 1199 Eccle-

265 1227 411 1282 siam
473 1228 860 1283 moderabatur
923 1227 1268 1286 Eustathius.
1312 1230 1397 1285 Ita
1462 1233 1850 1306 'llierosolgmis

266 1319 471 1388 (inquit
490 1317 772 1390 Leontius)
784 1337 1019 1390 egressus
1044 1336 1094 1374 tv
1120 1320 1249 1376 Idus
1266 1322 1485 1390 Aprilis,
1513 1326 1849 1384 Antiochiam

264 1411 649 1479 proﬁciscitur,
687 1428 788 1481 quo
838 1428 959 1465 cum
1000 1414 1243 1479 renisset,
1273 1415 1543 1470 domicilio
1575 1428 1787 1489 excepto
1816 1438 1852 1477 α

265 1511 458 1555 sancto
492 1501 776 1555 Eustathio
808 1503 922 1572 ejus
951 1504 1095 1557 urbis
1120 1506 1577 1576 archiepiscopo...
1601 1510 1684 1565 Ab
1705 1527 1851 1569 anno

267 1591 473 1647 Justini
529 1594 669 1661 Aug.
717 1593 930 1659 ultimo,
988 1593 1089 1649 boc
1141 1604 1226 1650 cst
1272 1595 1479 1653 ChriSIi
1519 1599 1851 1671 Dionysiano

270 1682 401 1745 526,
435 1697 545 1752 quo
576 1682 915 1752 Euphrasius
952 1685 1329 1742 Antiochenus
1381 1689 1673 1761 episCOpus
1713 1692 1851 1763 lapi-

269 1773 438 1830 dibus
465 1775 694 1831 obrutus
730 1777 782 1830 in
811 1778 1154 1833 memorabili
1186 1779 1305 1850 ejus
1339 1781 1493 1838 urbis
1532 1790 1847 1840 terraemotu

1956 593 2120 649 modo
2150 594 2439 667 intelligat,
2472 616 2636 671 qnam
2678 606 2846 661 multa
2872 609 3001 674 sint,
3040 626 3164 680 qua:
3209 593 3315 669 sibi
3358 631 3524 686 repu-

1954 695 2144 756 gnant.
2181 686 2325 758 Ergo
2352 691 2487 747 illud
2518 693 2836 765 aCajetano
2878 711 3025 768 peto,
3074 704 3206 773 quid
3254 707 3358 761 sibi
3409 709 3527 764 haec

1952 773 2122 827 velint
2153 792 2166 828 :
2199 774 2471 833 Romanus
2493 779 2789 856 (Pontifex)
2819 787 3007 856 quippe
3037 792 3186 859 gravi
3206 795 3388 848 morbo
3431 798 3527 850 de-

1951 872 2124 919 tentus
2158 866 2395 923 libellum
2427 874 2595 928 mittit
2628 879 2846 944 propria
2888 896 3047 933 manu
3078 887 3432 954 conscriptum
3461 889 3527 942 de

1951 955 2213 1009 sententia
2240 958 2656 1017 orthodoxorum
2688 968 2989 1022 antistitum
3017 972 3181 1040 ipsius
3214 975 3384 1030 locum
3411 994 3527 1031 ser-

1951 1047 2232 1101 vantium?
2269 1048 2410 1139 Quid
2443 1064 2497 1108 et
2525 1070 2648 1124 qua:
2680 1074 2807 1113 mox
2865 1064 3203 1120 succedunt:
3261 1067 3367 1123 Sed
3416 1076 3527 1139 epi-

1949 1135 2095 1203 sc0pi
2123 1135 2179 1188 in
2207 1138 2490 1192 concilium
2514 1157 2545 1193 a
2564 1144 2812 1213 pontiﬁce
2840 1149 2986 1202 missi
3018 1147 3257 1221 Gregorii
3279 1135 3525 1213 adventui

1951 1235 2328 1282 antevertentes
2340 1232 2645 1301 pontiﬁcem
2669 1235 2841 1299 ipsum
2858 1240 3143 1295 docuerunt
3162 1242 3403 1315 Gregorii
3418 1251 3526 1303 vir-

1952 1324 2081 1383 tute,
2105 1334 2168 1371 ac
2205 1321 2494 1389 sapientia,
2529 1325 2899 1382 hereticorum
2934 1334 3240 1401 audaciam,
3279 1342 3525 1408 petulan-

1952 1406 2183 1478 tiamque
2222 1418 2562 1480 repressam?
2597 1415 2731 1482 Cum
2772 1418 3243 1496 Constantinopoli
3280 1406 3524 1489 cacume-

1947 1493 2071 1546 siica
2094 1510 2120 1546 ν
2145 1496 2388 1566 synodus
2418 1501 2607 1567 coivit,
2640 1502 2867 1576 Vigilius
2893 1525 3028 1580 papa
3056 1493 3254 1571 ibidem
3276 1519 3524 1591 degebat,

1951 1582 2296 1645 Chalcedone
2328 1606 2360 1646 a
2402 1591 2721 1652 Justiniauo
2770 1602 3003 1668 excitus,
3051 1619 3198 1662 anno
3241 1582 3372 1677 552:
3416 1582 3529 1683 quo

1952 1675 2243 1748 aufugerat
2270 1685 2540 1753 superiori
2564 1702 2710 1742 anno
2748 1689 3094 1762 imperatoris
3141 1698 3253 1755 iras
3285 1675 3527 1760 declina-
3615 1768 3619 1773 ,

1956 1777 2136 1837 turus,
2161 1787 2301 1841 quas
2328 1776 2379 1828 in
2412 1791 2473 1831 se
2502 1780 2807 1835 concitarat
2832 1785 3007 1842 tribus
3036 1789 3301 1859 Capitulis
3331 1810 3529 1865 appro-

271 1866 485 1920 interiit
511 1865 783 1937 (Tthph.
838 1868 907 1922 ad
968 1870 1024 1923 ιι.
1086 1871 1186 1938 3.),
1220 1872 1287 1926 ad
1315 1872 1442 1939 546,
1488 1874 1847 1933 Antiochense
1880 1855 2110 1958 “filis.
2172 1880 2294 1933 quae
2347 1882 2495 1923 anno
2549 1872 2652 1927 547
2710 1875 2973 1945 principis
3019 1855 3181 1949 senio
3240 1855 3528 1958 induit-rens

272 1957 540 2012 Ecclesia:
601 1958 891 2026 impositus
962 1958 1305 2030 Ephrazmus,
1362 1965 1523 2034 eique
1586 1971 1851 2024 successit

273 2047 518 2105 Domnus
536 2048 697 2117 l|,qui
718 2067 747 2105 e
762 2052 899 2107 vivis
915 2054 1148 2108 excessit
1168 2070 1309 2109 anno
1329 2056 1452 2111 559.
1468 2057 1668 2129 Ecquis
1685 2063 1851 2130 igitur

269 2142 515 2208 gentium
547 2140 867 2198 Eustathius
911 2144 1036 2208 iste,
1078 2145 1171 2215 qui
1205 2143 1464 2216 Cajetano
1516 2159 1742 2209 auctore
1792 2154 1845 2209 in

270 2234 613 2289 Antiochena
640 2235 899 2291 cathedra
931 2238 1134 2292 sederit
1161 2254 1307 2294 anno
1360 2241 1506 2297 5'52?
1559 2245 1704 2301 Vidit
1749 2262 1849 2302 no-

268 2326 402 2380 dum
462 2325 783 2397 Cajetanus,
840 2342 1020 2399 neque
1072 2329 1179 2385 alio
1224 2331 1452 2387 extricat
1505 2335 1687 2398 modo,
1742 2336 1847 2393 nisi

270 2418 550 2499 dubitans,
595 2435 667 2473 an
720 2421 862 2475 inter
903 2419 1174 2490 Ephrwm,
1221 2432 1271 2477 et
1311 2423 1578 2480 Damnum
1619 2428 1840 2483 admini-

269 2513 464 2565 stravit
482 2527 600 2565 eam
632 2514 808 2567 sedem
837 2511 1147 2569 Eustathius
1173 2517 1199 2571 7
1225 2532 1291 2570 an
1320 2514 1569 2572 Leontius
1592 2524 1845 2576 memoria

268 2603 455 2671 lapsus
481 2605 506 2659 ἵ
534 2603 604 2658 At
623 2604 767 2658 enim
793 2604 838 2659 si
864 2619 963 2675 pro
984 2603 1228 2675 Cajetani
1252 2617 1378 2663 voto
1401 2618 1606 2664 starent
1629 2620 1843 2679 czetera,

265 2696 593 2749 dubitationi
613 2697 860 2751 cederem
886 2714 901 2752 :
924 2712 1048 2753 cum
1070 2714 1196 2754 vero
1221 2699 1274 2755 in
1304 2710 1413 2756 tota
1434 2700 1644 2758 Leontii
1677 2704 1846 2759 histo-

267 2787 353 2840 ria
377 2788 509 2841 nihil
534 2789 760 2844 omnino
780 2791 1020 2861 sit,quod
1034 2790 1278 2861 Cajetani
1296 2793 1607 2863 Opinionem
1625 2810 1731 2850 non
1747 2792 1846 2852 su-

269 2879 723 2947 gillet,piaculum
752 2881 821 2935 sit
847 2881 990 2935 inter
1011 2881 1356 2951 Ephremum
1385 2892 1440 2939 et
1460 2884 1729 2941 Domuum
1752 2903 1845 2943 ac-

265 2985 492 3024 censere
506 2969 846 3025 Eustathium
863 2970 1218 3027 Antiochense
1234 2971 1490 3031 Ecclesiae
1512 2976 1842 3045 pontificem.

355 3059 430 3115 3|.
467 3060 547 3116 Ad
581 3061 698 3116 haec
724 3062 980 3119 Leontius
1020 3064 1211 3119 scribit
1238 3079 1255 3119 :
1286 3064 1518 3134 Impiant
1551 3067 1718 3138 igitur
1738 3069 1849 3123 INB-

263 3153 426 3205 resim
454 3150 709 3222 Gregorio
738 3155 909 3223 aperit
968 3153 1630 3227 (Constantinopolitanus
1663 3160 1844 3214 archi-
1870 3192 1915 3253 ο

263 3244 580 3312 episcopus;
605 3259 723 3313 qua:
742 3253 850 3297 tum
873 3247 1147 3299 exstiterat
1172 3244 1378 3318 Sergio,
1409 3246 1567 3318 Cyro,
1590 3258 1639 3303 et
1669 3248 1840 3307 Paulo

265 3334 725 3404 perniciosissimis
770 3337 1095 3392 auctoribus.
1132 3337 1225 3392 lta
1278 3340 1473 3394 multas
1530 3342 1713 3397 beatus
1768 3346 1849 3399 vir

262 3425 433 3479 edidit
467 3441 585 3480 cum
623 3427 693 3480 ad
737 3427 1051 3493 docendum,
1096 3438 1207 3483 tum
1257 3431 1326 3486 ad
1357 3431 1686 3491 laudandum
1713 3454 1849 3493 cem-

265 3537 300 3589 p
336 3521 466 3574 sitas
517 3522 807 3589 orationes,
858 3533 913 3576 ut
968 3526 1047 3578 vel
1103 3525 1173 3578 ad
1223 3526 1452 3595 piissimi
1511 3530 1846 3600 imperatoris

267 3614 439 3665 nostri
467 3629 623 3666 aures
654 3615 819 3682 ipsius
846 3616 992 3685 fama
1017 3621 1326 3686 pervaserit.
1363 3618 1497 3676 Inde
1515 3636 1628 3687 post
1653 3627 1845 3680 multos

265 3705 378 3757 dies
436 3705 633 3758 adsunt
687 3707 915 3776 episcopi
970 3708 1398 3776 Alexandrinus,
1460 3712 1840 3783 Arctior/tenus,

271 3796 570 3853 Orientales
601 3816 800 3854 omnes.
834 3800 1104 3857 Romanus
1133 3820 1252 3859 vero
1282 3805 1471 3875 quippe
1490 3811 1638 3877 gravi
1664 3812 1843 3865 morbo

265 3892 507 3944 detentus
545 3892 779 3947 libellum
811 3896 975 3950 mittit
1025 3900 1241 3967 propria
1285 3916 1447 3953 manu
1491 3906 1845 3974 conscriptum

265 3980 333 4034 de
380 3985 637 4037 sententia
686 3987 1096 4043 orthodoxorum
1152 3992 1452 4046 antistitum
1476 3994 1639 4063 ipsius
1673 3997 1845 4052 locum

265 4076 612 4132 servantium.
644 4076 771 4132 Non
802 4082 888 4134 hic
911 4081 1059 4135 litem
1086 4082 1358 4137 intendam
1382 4083 1667 4155 Cajetano,
1699 4090 1844 4157 quod

265 4177 458 4235 aperte
483 4168 701 4225 dicatur
731 4173 914 4227 habita
948 4175 1190 4245 synodus
1217 4178 1622 4246 proscribenda
1656 4179 1848 4235 Mono-

266 4257 585 4313 tbelitarum
619 4262 835 4328 limresi,
867 4274 1031 4334 atque
1060 4267 1196 4320 adeo
1247 4267 1400 4336 nigro
1435 4268 1581 4323 theta
1626 4271 1848 4341 signan-

264 4347 354 4401 dis
382 4346 598 4421 Sergio,
628 4352 795 4424 Cyro,
830 4354 1001 4411 Paulo
1035 4357 1301 4412 haeretica:
1338 4359 1592 4416 factionis
1636 4363 1845 4419 antesi-

263 4443 485 4509 gnanis.
511 4444 785 4515 Quidquid
814 4449 916 4503 hoc
934 4459 1040 4515 est,
1073 4450 1216 4520 quod
1240 4461 1387 4507 certe
1411 4468 1687 4523 magnum,
1720 4471 1843 4511 eau-

1950 1953 2441 2030 Constantinopoli,
2480 1978 2589 2032 quo
2638 1978 2887 2036 vocatus,
2944 1973 3256 2032 damnarat.
3310 1953 3422 2036 Sed
3471 1992 3528 2038 et

1950 2047 2189 2103 concilio
2224 2066 2400 2121 neque
2432 2055 2623 2111 adesse
2677 2057 2794 2128 ipse
2846 2062 3035 2132 voluit,
3092 2081 3269 2138 neque
3319 2071 3529 2144 legatos

1950 2136 2210 2192 mittere:
2250 2143 2421 2197 semel
2452 2148 2599 2201 enim
2635 2148 2950 2223 iterumque
2991 2172 3022 2210 a
3084 2136 3279 2229 synodi
3330 2136 3527 2236 le'gatis

1950 2226 2233 2296 invitatus,
2270 2242 2329 2287 ut
2350 2234 2466 2303 ipse
2489 2252 2613 2292 cum
2637 2242 2912 2313 episcopis
2941 2248 3164 2319 reliquis
3185 2258 3524 2327 conveniret,

1952 2323 2112 2378 modo
2144 2324 2269 2391 hoc,
2321 2331 2483 2385 modo
2538 2332 2671 2389 illud
2704 2350 2984 2411 causatus,
3018 2348 3212 2403 adduci
3242 2323 3522 2424 nunquam

1948 2413 2150 2481 potuit,
2183 2426 2243 2471 ut
2273 2434 2332 2475 se
2382 2436 2651 2490 przesente
2698 2432 2991 2488 eoncilium
3053 2413 3392 2499 haberetur.-
3421 2445 3527 2503 Ille

1948 2521 2066 2559 vero
2099 2512 2404 2577 (oratorum
2442 2520 2635 2587 synodi
2667 2524 2827 2579 verba
2858 2536 3005 2591 sunt,
3037 2530 3330 2589 collatione
3364 2536 3398 2591 3
3422 2552 3520 2593 es-

1947 2597 2146 2665 posita)
2181 2606 2451 2672 respondit
2479 2624 2581 2662 non
2611 2627 2765 2680 posse
2792 2630 2897 2668 una
2920 2620 3191 2674 nobiscum
3225 2631 3525 2695 convenire,

1945 2703 2004 2741 eo
2033 2693 2174 2758 quod
2193 2694 2416 2761 plurimi
2442 2700 2527 2753 Iric
2551 2704 2763 2771 quidem
2790 2716 2913 2760 sunt
2941 2707 3235 2769 Orientales
3267 2693 3522 2790 episcopi,

1944 2782 2103 2849 pauci
2142 2801 2259 2841 vero
2291 2805 2412 2843 cum
2458 2808 2517 2845 eo
2546 2809 2567 2847 :
2600 2795 2779 2864 facere
2818 2812 2995 2853 autem
3045 2820 3137 2873 per
3182 2812 3520 2879 semetipsum

1946 2880 2284 2945 sententiam,
2322 2892 2371 2937 et
2402 2886 2586 2954 o/j'erre
2618 2890 2859 2958 piissimo
2891 2893 3126 2951 domino.
3174 2899 3327 2964 Quod
3363 2906 3523 2973 plane

1947 2982 2239 3028 exsecutus
2268 2993 2284 3028 :
2317 2977 2465 3031 misit
2494 2979 2641 3035 enim
2694 2981 3008 3043 Justiniano
3063 2991 3200 3062 Aug.
3253 2993 3521 3063 libellum,

1947 3078 2110 3132 quem
2143 3070 2490 3125 constitutum
2521 3075 2682 3141 dixit,
2722 3078 2909 3150 in-quo
2929 3083 3058 3151 quid
3081 3086 3146 3139 de
3176 3087 3350 3144 tribus
3392 3106 3521 3146 sen-

1949 3154 2074 3210 tiret
2129 3159 2395 3228 Capitnlis
2442 3167 2675 3236 aperuit,
2725 3186 2962 3242 eumque
3009 3174 3194 3232 Griece
3243 3194 3459 3237 versum
3489 3200 3520 3238 a

1951 3246 2313 3307 Constantino
2336 3259 2476 3313 sacri
2512 3263 2696 3330 palatii
2740 3276 3012 3334 quaestore
3042 3269 3240 3326 lectum
3269 3274 3436 3329 voluit
3465 3277 3519 3330 in

1948 3343 2158 3408 synodo
2194 3346 2509 3417 imperator,
2544 3363 2601 3407 ut
2629 3356 2681 3408 in
2717 3357 3006 3415 collatione
3039 3362 3071 3415 7
3100 3363 3354 3420 traditur.
3387 3367 3520 3423 Cum

1948 3427 2115 3497 igitur
2152 3433 2623 3511 Constantinopoli
2674 3457 2987 3503 versaretur
3024 3448 3274 3519 Vigilius,
3311 3457 3525 3514 animo-

1946 3524 2418 3594 queinstituerit,
2460 3533 2666 3589 nullam
2710 3536 2935 3606 injicere
2968 3543 3350 3600 auctoritatem
3390 3563 3525 3604 con-

1947 3614 2096 3682 cilio,
2129 3619 2274 3687 quod
2306 3623 2416 3688 sui,
2449 3623 2555 3679 hoc
2585 3635 2688 3693 est,
2711 3628 3067 3686 ecclesiastici
3100 3644 3326 3692 senatus
3365 3640 3526 3709 prin-

1949 3706 2088 3776 cipis
2106 3713 2392 3778 praesentia
2410 3726 2643 3781 careret,
2665 3734 2769 3774 non
2792 3730 2930 3788 erat,
2957 3739 3055 3779 cur
3072 3725 3222 3781 viros
3242 3706 3522 3800 deligeret,

1948 3800 2039 3867 qui
2090 3814 2217 3856 suas
2266 3814 2447 3873 partes
2503 3807 2805 3878 legatorum
2858 3830 3087 3871 munere
3142 3816 3523 3892 fungerentur,

1950 3894 2091 3946 unde
2146 3894 2443 3963 legitimam
2492 3900 2759 3970 synodum
2810 3905 3125 3961 necessario
3172 3908 3400 3965 diceret.
3455 3912 3524 3968 Et

1945 3985 2164 4055 quidem
2208 4002 2273 4043 ex
2328 3988 2461 4059 ipsis
2500 3992 2721 4048 concilii
2770 3995 2924 4053 Actis
2979 3996 3251 4064 elicimus,
3312 4001 3520 4057 nullum

1945 4076 2115 4134 fuisse
2148 4079 2384 4136 Romani
2423 4083 2663 4155 episcopi
2691 4084 2950 4159 legatum,
2984 4090 3129 4160 quod
3184 4092 3523 4149 ecclesiasti-

1944 4186 2131 4226 carum
2162 4188 2347 4228 rerum
2381 4176 2727 4246 indagatores
2750 4180 2991 4234 fatentur
3014 4195 3224 4246 omnes,
3254 4188 3523 4254 docetque

1946 4265 2036 4335 (ne
2068 4266 2189 4322 sine
2214 4270 2387 4325 veteri
2423 4271 2742 4327 testimonio
2773 4287 2862 4328 res
2904 4274 3262 4345 transigatur)
3308 4275 3521 4331 indicu-

1945 4358 2032 4414 lus
2053 4359 2144 4415 ille
2177 4362 2231 4416 in
2264 4363 2412 4433 regia
2442 4362 2779 4420 Parisiorum
2812 4364 3143 4420 bibliotheca
3167 4382 3298 4429 ms.,
3329 4366 3518 4423 lauda-

1948 4461 2142 4523 tusque
2169 4469 2198 4508 a
2227 4455 2290 4509 V.
2338 4456 2420 4511 Cl.
2453 4456 2731 4528 Stephano
2786 4458 3014 4515 Baluzio
3056 4459 3111 4514 in
3148 4460 3415 4530 supplem.
3448 4463 3516 4517 ad

264 4544 496 4602 samque
538 4535 754 4607 jugulat
800 4538 1065 4609 Cajetani,
1123 4551 1439 4612 suspectum
1494 4544 1584 4598 ille
1631 4544 1835 4611 habet;
1871 4535 1917 4594 υ
1943 4544 2041 4600 lib.
2076 4562 2105 4600 ν
2132 4546 2210 4601 De
2232 4565 2380 4604 conc.
2408 4567 2522 4604 sac.
2562 4561 2613 4605 et
2641 4552 2795 4623 imp.,
2830 4567 2951 4624 cap.
2993 4553 3085 4619 21,
3134 4552 3187 4607 in
3223 4553 3380 4622 cujus
3412 4552 3519 4609 line

262 4630 321 4675 et
355 4630 537 4680 tamen
567 4643 677 4682 non
711 4631 868 4685 video
908 4648 1073 4702 quam
1108 4648 1255 4689 vere.
1306 4633 1464 4689 Paria
1517 4646 1706 4691 narrat
1755 4635 1842 4691 Si-

264 4730 425 4769 meon
462 4716 878 4789 Metaphrastes,
917 4740 1078 4795 quem
1110 4736 1291 4781 tamen
1327 4742 1434 4781 non
1479 4727 1693 4784 dubitat
1732 4729 1836 4785 sibi

265 4808 643 4867 concinentem
678 4814 905 4873 laudare
932 4834 946 4872 :
978 4818 1127 4888 paria
1158 4819 1282 4874 vitae
1308 4819 1695 4890 Epitomastes.
1723 4820 1832 4878 Sed

264 4981 278 5232 Ι
326 5016 508 5070 πάπαι
546 4990 563 5232 Ι
602 5015 798 5068 Σιλσε-
837 4990 855 5229 Ι
895 5020 989 5072 καὶ
1035 5017 1170 5071 Ἰού-
1214 4996 1227 5232 Ι
1270 5020 1545 5091 Δάμασος.

607 5103 789 5158 στρος.
961 5090 1094 5153 λιος.
1593 5162 1595 5231 Ι

292 5339 523 5409 τοποτη-
581 5326 743 5380 Βτων
767 5326 866 5382 καὶ
890 5326 1183 5389 Βικέντιος.
1584 5261 1595 5497 Ι

261 5232 276 5497 Ι
325 5409 510 5464 putat.
546 5232 558 5497 Ι
1207 5232 1218 5497 Ι

1914 5239 2234 5255 -——

326 5016 508 5070 πάπαι
553 5015 563 5091 Ι
602 5015 798 5068 Σιλσε-
843 5015 855 5091 Ι
895 5020 989 5091 καὶ
1035 5017 1170 5071 Ἰού-
1217 5015 1227 5091 Ι
1270 5020 1545 5091 Δάμασος.
1596 5020 1604 5091 Ι
1668 5020 1837 5074 Κελε-

607 5090 853 5158 στρος.Ι
961 5090 1094 5153 λιος.
1215 5090 1225 5158 Ι
1595 5090 1851 5158 Ιστῖνος.

292 5339 523 5394 τοποτη-
581 5326 743 5380 Βτων
767 5326 866 5382 καὶ
890 5326 1183 5389 Βικέντιος.
1648 5327 1852 5400 K690.-

325 5395 510 5464 ρηταί.
546 5326 558 5464 Ι
1206 5326 1221 5464 Ι
1585 5326 1597 5464 Ι
1686 5397 1797 5464 λος.

1944 4636 2513 4710 Romanipontitices,
2547 4643 2651 4700 sub
2696 4645 2898 4715 quibus
2953 4656 3086 4702 acta:
3166 4646 3520 4701 oecumeniczn

1945 4732 2160 4803 synodi,
2189 4743 2602 4804 percensentur,
2629 4744 2746 4792 tum
2771 4753 2961 4793 eorum
2987 4736 3232 4803 nomina,
3250 4736 3344 4806 qui
3368 4737 3519 4807 ipso-

1940 4837 2062 4877 rum
2095 4838 2386 4893 personam
2412 4826 2467 4881 in
2500 4828 2569 4884 iis
2599 4830 2981 4886 sustinuerint.
3017 4830 3099 4886 En
3130 4830 3281 4884 illum
3311 4843 3325 4880 :

1987 5021 2167 5077 Λέων.
2247 5020 2257 5104 Ι
2308 5020 2607 5093 Βιγίλλιος.
2657 5020 2668 5104 Ι
2716 5029 2988 5098 Ἀγάθων.
3033 5020 3043 5104 Ι
3108 5031 3410 5104 Ἀδριανός.

1967 5328 2191 5409 Πᾳσκα-
2240 5328 2252 5409 Ι
2652 5328 2991 5409 ΙΓςὼργιος.
3027 5328 3037 5409 Ι
3152 5340 3362 5409 Πέτρος

1986 5398 2157 5481 οἰνος.
2239 5398 2253 5481 Ι
2652 5398 2663 5481 Ι
2741 5398 2964 5459 Θεόδωεί
3027 5398 3179 5481 Ικαὶ
3221 5398 3447 5481 Πὲτρος.

1974 5468 2174 5563 λεττιεξι-
2237 5468 2252 5563 l
2649 5468 2743 5563 ι..
2794 5494 2908 5563 ρος-

1998 5557 2135 5603 σιος.
2237 5548 2250 5616 Ι
2649 5548 2661 5616 Ι
2702 5548 2979 5616 Γεώργιος

2684 5618 2778 5672 καὶ
2807 5617 2994 5673 Ἰωάν-

2785 5707 2906 5760 νης.

255 5701 270 5845 Ι
538 5701 551 5825 Ι
1201 5701 1215 5821 Ι
1579 5701 1589 5811 Ι
1889 5701 1900 5818 Ι
2236 5701 2249 5824 Ι
2647 5701 3031 5830 ΙνηςἸ
