4098 6482
275 390 415 453 1189

1646 386 1863 447 DISSE
1873 388 2168 447 BTATIO.

3398 386 3542 453 1199'

271 501 488 555 lllustr.
519 515 642 570 pag.
693 498 819 562 784,
870 498 1021 565 legas
1072 495 1540 568 Philadelphiensi
1598 498 1856 567 episcOpo
1887 506 1932 560 Α
1961 497 2197 567 liquum,
2254 508 2315 553 ut
2374 498 2523 554 omni
2564 498 2723 569 plane
2774 499 3180 554 asseveratione
3211 498 3541 553 allirmemus

271 592 621 647 Sardicensis
648 590 862 659 Lydia,
905 588 1251 643 Heracleensi
1291 587 1450 644 Ponti
1478 589 1853 660 Claudiopoli-

270 687 385 740 tani
416 684 761 746 llonoriadis,
791 682 1083 737 Attaliensi
1125 680 1418 751 Pergeusis
1449 683 1782 754 Pamphyliae
1812 684 1857 738 II

273 776 741 844 metropolitarum
788 774 916 841 jura
971 772 1407 842 dignitatemque
1452 782 1727 842 arrogata,
1759 774 1855 844 qui

272 864 692 935 priusipsorum
724 861 942 915 fuerant
992 860 1365 931 ὲπαρχιῶται⁶
1415 860 1656 931 itemque
1684 861 1856 918 Thes-

273 955 607 1011 salonicensi
644 953 888 1009 exartdro
918 953 1195 1024 Ancyrani
1240 951 1468 1007 Galatia:
1496 956 1857 1023 metropolitae

270 1048 396 1118 jura
414 1048 696 1101 attributa.
723 1044 874 1099 Nunc
891 1046 1031 1101 scire
1044 1044 1303 1114 pervelim
1324 1062 1353 1099 a
1369 1044 1652 1115 Cajetano,
1669 1048 1858 1116 ecquis

277 1154 519 1209 unquam
545 1136 1215 1203 tradideritJustinianOI
1263 1138 1567 1207 imperante
1615 1138 1856 1209 Cyprum

276 1232 517 1284 insulam
550 1230 820 1285 Barbaros
872 1229 1185 1293 incessisse,
1248 1230 1458 1285 abactis
1512 1230 1638 1285 inde
1697 1231 1860 1286 Chri-

282 1323 505 1387 stiauis,
556 1322 627 1376 ita
672 1332 731 1377 ut
777 1321 1111 1377 Constantia:
1138 1321 1263 1390 jura
1296 1321 1564 1376 cesserint
1595 1322 1651 1376 in
1685 1323 1861 1377 Dacia:

276 1416 690 1470 Mediterraneae
712 1414 1111 1482 metropolitam
1136 1413 1159 1466 Ἰ
1188 1412 1243 1466 Si
1267 1413 1528 1468 historias
1546 1413 1863 1470 evolvamus

277 1518 494 1565 omnes,
531 1516 812 1571 nunquam
842 1501 954 1566 fiet,
989 1512 1046 1555 ut
1087 1503 1242 1556 nobis
1274 1502 1405 1557 illud
1427 1515 1705 1567 occurrat,
1729 1507 1860 1574 quiti

276 1611 538 1666 expresse
583 1596 845 1665 scriptum
896 1610 927 1649 a
981 1594 1338 1650 Constantino
1367 1596 1506 1667 Aug.
1547 1597 1862 1667 Porpher-

279 1698 513 1757 genneta
542 1688 635 1741 lib.
673 1702 687 1740 I
720 1687 901 1742 Them.
940 1687 1032 1741 ubi
1075 1687 1141 1741 de
1176 1687 1353 1757 Cypro
1382 1700 1398 1739 :
1428 1688 1534 1741 Τοῦ
1563 1689 1758 1760 χρόνου
1803 1689 1861 1741 δὲ

280 1777 755 1848 παραδραμόντος,
793 1778 889 1830 καὶ
932 1778 1040 1830 τῶν
1084 1778 1414 1847 Ῥωμαϊκῶν
1459 1779 1641 1832 ὃπλων
1676 1796 1862 1833 κακω-

1957 592 2275 658 concilium,
2301 592 2355 646 in
2399 607 2509 662 quo
2540 607 2780 661 praesens
2805 592 2979 647 adfuit
3009 591 3307 663 Gregorius
3327 633 3343 658 ,
3392 593 3538 647 nulla

1966 683 2183 737 ratione
2213 683 2881 754 Constantinopolitanum
2919 684 3053 738 illud
3103 685 3540 757 intelligendum,

1956 774 2100 844 quod
2129 784 2310 829 actum
2370 791 2437 829 ex
2480 774 2780 830 Justiniani
2814 774 3230 832 lauctoritate?
3278 777 3449 846 quid?
3476 791 3541 832 ea

1960 868 2012 921 in
2046 872 2256 938 synodo
2282 867 2447 922 nullae
2482 866 2699 921 dividiae
2722 867 2789 921 de
2815 867 3098 938 religionis
3126 869 3371 939 negotio,
3407 869 3542 923 nulli

1958 959 2219 1024 lneretici,
2248 974 2487 1029 quorum
2525 959 2763 1029 impetus
2807 959 3005 1013 nefarii
3052 961 3543 1018 contunderentur.

1960 1048 2034 1103 De
2058 1048 2163 1104 Iba:
2212 1059 2419 1104 tantum
2461 1049 2695 1111 Edessae.
2757 1049 3032 1106 Theodori
3082 1051 3453 1122 Mopsuestia,
3485 1060 3544 1107 et

1961 1138 2287 1196 Theodoreti
2321 1140 2448 1210 Cyri
2497 1140 2883 1210 episeoporum
2922 1141 3249 1195 orthodoxia
3294 1143 3545 1212 disputa-

1962 1241 2111 1287 tum:
2149 1232 2215 1284 ad
2256 1232 2372 1285 haec
2401 1231 2469 1285 de
2503 1230 2757 1297 Origene,
2786 1229 3038 1301 Didymo,
3072 1230 3308 1301 Evagrio
3336 1242 3544 1297 actum,

1962 1325 2053 1394 qui
2085 1339 2195 1377 uno
2233 1324 2477 1377 omnium
2504 1322 2729 1376 Patrum
2760 1322 2993 1377 conﬂatu
3055 1323 3319 1378 damnati.
3364 1324 3545 1380 Unum

1962 1430 2075 1486 prae
2125 1416 2384 1470 omnibus
2433 1424 2624 1469 testem
2677 1416 2961 1469 audiamus
3016 1412 3332 1484 Gregorium
3375 1414 3438 1470 Ρ.
3469 1415 3545 1471 M.

1963 1514 2330 1575 cognomento
2360 1504 2614 1573 Magnum
2650 1504 2938 1573 (praetereo
2964 1504 3134 1573 ipsius
3169 1504 3366 1574 synodi
3402 1515 3546 1571 acta,

1964 1597 2108 1652 unde
2138 1606 2196 1651 et
2231 1596 2362 1649 illud
2400 1594 2627 1665 liqueat)
2664 1595 2779 1649 haec
2809 1595 2967 1665 301
3010 1594 3077 1648 ad
3124 1594 3548 1650 Constantinum

1963 1687 2423 1741 Mediolanensem
2442 1688 2761 1755 episcOpum
2789 1686 3119 1740 scribentem
3153 1685 3249 1741 lib.
3270 1701 3355 1751 ut,
3381 1687 3547 1755 epist.

1964 1780 2066 1834 57:
2100 1778 2252 1844 Quod
2292 1790 2471 1831 autem
2508 1778 2822 1847 scripsistis,
2881 1776 3020 1847 quod
3063 1778 3342 1845 epistolam
3378 1794 3549 1831 meam

281 1871 487 1924 Θέντων
526 1870 582 1937 ἐξ
627 1870 909 1939 ἀμελείας,
938 1869 1250 1941 ἐκράτησαν
1284 1871 1456 1942 αὐτῆς
1490 1873 1542 1924 οἱ
1573 1872 1862 1943 Σαρῤακηο

1976 1872 2162 1943 reginae
2217 1869 2592 1924 Theodolindte
2648 1870 3003 1923 transmittere
3058 1869 3273 1923 minime
3308 1870 3549 1923 voluistis

281 1962 390 2026 vol,
448 1963 557 2015 ἀπὸ
618 1963 719 2031 τῆς
766 1962 1043 2032 βασιλείας
1103 1963 1449 2033 Ἡρακλείου,
1503 1966 1597 2018 καὶ
1650 1965 1864 2037 πρῶτος

281 2056 343 2106 ὲν
396 2054 534 2124 αὑτῇ
585 2054 834 2123 περάσας
880 2053 1282 2125 Ἀϐουϐἁχαρος
1337 2048 1421 2124 (οὗ
1479 2057 1573 2109 καὶ
1614 2056 1715 2125 τῆς
1771 2060 1866 2109 ου-

280 2146 489 2216 γατρδς
518 2147 575 2198 ὲν
605 2146 741 2215 αὐτῇ
774 2145 942 2213 τάφος
973 2145 1266 2215 φαίνεται),
1289 2147 1496 2217 ταύτης
1541 2149 1863 2217 ἐκράτησεν.

288 2236 558 2305 Temporis
582 2253 863 2306 progressu
893 2236 1254 2291 Romanorum
1309 2240 1473 2290 armis
1501 2254 1564 2291 ea
1598 2238 1865 2307 negligen-

286 2330 387 2390 tia,
410 2328 633 2392 attritis,
658 2338 978 2397 occuparunt
1003 2344 1116 2381 eam
1132 2326 1414 2399 (Cyprum)
1434 2326 1741 2393 Sarraceni,
1763 2326 1869 2381 He-

287 2417 454 2468 raclio
504 2424 771 2484 regnante.
834 2413 1111 2469 Enimvero
1181 2416 1385 2485 primus
1442 2430 1560 2468 eam
1606 2416 1867 2469 incessens

287 2507 670 2560 Abubacharus
730 2506 923 2575 (cujus
947 2516 993 2561 et
1030 2506 1158 2574 ﬁlia:
1201 2505 1276 2559 ibi
1303 2506 1602 2576 sepulcrum
1636 2506 1869 2561 ostendi-

292 2600 427 2670 tur),
445 2618 539 2654 suo
558 2601 800 2655 submisit
824 2600 1065 2669 imperio.
1081 2598 1672 2666 Abubachar,Arabum
1689 2599 1873 2653 Amer-

292 2710 566 2748 mummes
613 2693 680 2760 Il,
743 2693 1030 2763 imperium
1078 2692 1358 2761 ingressus
1414 2706 1558 2747 anno
1590 2691 1684 2746 55l
1744 2689 1873 2760 (He-

294 2788 449 2841 raclii
493 2786 599 2856 21)
670 2800 778 2856 quo
839 2783 1211 2838 Mubammath
1276 2784 1548 2853 impuram
1634 2782 1869 2836 animam

291 2880 536 2933 evomuit
568 2877 633 2932 l6
686 2876 872 2942 Junii;
905 2876 1250 2946 obtinuitque
1306 2890 1479 2929 annos
1510 2875 1543 2927 2
1589 2890 1806 2929 menses
1840 2874 1872 2928 6

297 2970 573 3040 (TheOph.
611 2972 665 3026 in
728 2970 1076 3039 Chronogr.).
1108 2967 1225 3023 Non
1289 2968 1455 3038 igitur
1499 2977 1629 3021 ante
1667 2982 1870 3020 annum

294 3062 395 3117 821
436 3064 543 3117 tilla
592 3064 644 3116 in
699 3061 936 3133 Cyprum
985 3061 1127 3115 facta
1160 3060 1528 3115 Barbarorum
1563 3060 1871 3128 impressio,

296 3157 440 3209 unde
469 3155 913 3209 Christianorum
954 3152 1251 3208 everterint
1300 3152 1622 3207 Ecclesiam.

370 3264 505 3319 VIII.
535 3264 640 3319 Sed
673 3264 850 3317 adhuc
877 3271 1127 3332 superest
1153 3260 1297 3331 quod
1320 3262 1553 3325 evincat,
1585 3262 1871 3332 synodum,

299 3374 408 3425 qua
438 3361 504 3412 de
550 3357 737 3411 scribit
792 3355 1082 3417 Leontius,
1132 3355 1282 3408 nullo
1342 3358 1499 3407 modo
1546 3355 1873 3418 habendam,

299 3468 425 3521 qua!
486 3461 810 3520 congregata
859 3447 1155 3503 Justiniani
1218 3448 1237 3501 l
1309 3463 1497 3514 reg-.0.
1560 3446 1653 3499 Sic
1714 3447 1878 3517 igitur

298 3543 565 3597 Leontius
597 3561 609 3596 :
643 3541 731 3594 Ita
757 3543 809 3595 in
837 3557 978 3604 eam,
1004 3556 1122 3609 qua:
1150 3540 1243 3591 diu
1269 3549 1452 3592 exorta
1484 3540 1682 3607 fuerat,
1714 3539 1879 3592 luere-

297 3636 402 3689 sim
452 3634 848 3705 fraudulentam
902 3641 1069 3702 cozpta
1122 3632 1438 3699 disputatio,
1497 3631 1768 3701 multaque
1812 3630 1876 3682 ab

298 3729 611 3781 orthodoxis
665 3742 723 3780 eo
777 3726 862 3779 die
915 3726 964 3778 in
1008 3725 1280 3778 htrreticos
1329 3728 1571 3793 probata.
1618 3725 1877 3777 Caeterum

303 3820 611 3891 Gregorius,
673 3820 825 3890 quasi
854 3818 1087 3870 omnium
1139 3816 1428 3870 vilissimus
1478 3814 1609 3867 nihil
1670 3815 1737 3867 ad
1772 3814 1881 3868 ha'c

301 3912 668 3981 respondebat.
710 3909 842 3962 Inde
869 3907 1132 3962 Catholici
1186 3923 1305 3960 cum
1336 3907 1613 3971 sedissent,
1647 3905 1881 3959 haeretici

304 4015 491 4060 contra
541 4006 748 4070 (aderat
799 4010 975 4054 autem
1028 4001 1206 4069 ingens
1248 3998 1554 4068 multitudo)
1590 3999 1877 4065 superbire,

298 4101 511 4151 animos
540 4093 801 4157 attollere,
825 4103 873 4146 et
902 4092 1055 4161 quasi
1095 4092 1195 4144 alis
1229 4090 1460 4143 subvehi.
1500 4087 1584 4142 Ibi
1623 4099 1729 4140 tum
1761 4104 1885 4140 san-

304 4190 375 4242 eti
435 4189 668 4256 Spiritus
696 4187 871 4255 gratia
894 4184 1218 4236 'illustrante
1244 4180 1527 4249 Gregorius
1556 4180 1707 4249 coepit
1734 4179 1883 4249 quie-

307 4284 412 4334 tius
442 4294 593 4349 agere
620 4288 807 4331 contra
839 4275 1123 4329 malesana:
1145 4272 1332 4325 mentis
1358 4272 1650 4339 episcopos,
1668 4270 1888 4337 dogma—

306 4375 411 4426 tica
440 4373 669 4439 primum
720 4384 846 4421 usus
889 4367 1127 4420 oratione
1151 4366 1215 4417 de
1245 4372 1451 4425 sancta,
1476 4364 1802 4429 incorrupta,
1834 4367 1886 4413 et

304 4464 654 4535 inseparabili
684 4461 968 4525 Trinitate,
1000 4461 1195 4528 partim
1237 4458 1304 4509 iis
1331 4457 1398 4509 ad
1437 4455 1651 4524 singula
1674 4467 1883 4522 respon-

304 4559 499 4621 dendo,
532 4556 729 4623 partim
793 4549 1110 4621 postulando
1161 4560 1326 4612 utea,
1351 4563 1466 4616 qua:
1511 4546 1765 4605 dicerent,
1795 4547 1888 4596 de-

305 4655 696 4702 monstrarent.
746 4645 823 4697 Ac
890 4652 1099 4697 tantum
1151 4641 1256 4708 ipsi
1302 4639 1617 4708 sapientiae,
1680 4648 1886 4692 tantum

306 4738 674 4809 intelligentite
712 4735 899 4789 datum
941 4742 1038 4799 est,
1064 4742 1287 4785 utnemo
1327 4730 1536 4800 quidem
1560 4730 1791 4783 omnium
1824 4745 1889 4783 ea:

306 4850 372 4887 ea
411 4833 568 4887 turba
590 4829 897 4900 respondere
922 4828 1052 4881 satis
1083 4834 1255 4895 posset
1291 4824 1359 4876 ad
1386 4841 1448 4877 ea
1481 4824 1658 4888 verba,
1686 4839 1803 4893 qua:
1827 4823 1891 4878 de

306 4927 479 4981 sacris
506 4923 724 4976 Litteris
753 4922 995 4988 decerpta
1020 4914 1337 4987 proferebat.
1365 4913 1455 4968 Sic
1475 4923 1652 4967 autem
1680 4914 1890 4968 haereti-

308 5034 493 5073 corum
547 5013 801 5084 oppilarit
854 5028 971 5075 ora,
1011 5020 1068 5062 ut
1113 5006 1302 5061 Patres
1327 5022 1502 5061 omnes
1520 5006 1675 5074 plane
1705 5004 1892 5059 obstu-

307 5118 597 5181 pescerent,
634 5106 795 5160 talem
840 5103 1039 5157 homini
1092 5119 1125 5154 a
1177 5101 1350 5154 sancti
1390 5098 1622 5168 Spiritus
1654 5097 1893 5151 illustra-

311 5206 457 5256 tione
489 5200 743 5254 collatam
782 5199 1036 5269 gratiam.
1058 5194 1249 5266 Itaque
1287 5211 1390 5248 non
1416 5193 1573 5259 pauci
1593 5207 1658 5245 ex
1690 5192 1757 5244 iis
1805 5192 1894 5261 qui

311 5294 575 5364 principes
598 5292 739 5344 inter
791 5289 1063 5342 hiereticos
1090 5288 1422 5350 videbantur,
1457 5286 1574 5354 jam
1614 5293 1744 5348 tum,
1776 5298 1895 5337 cum

314 5404 400 5441 eos
422 5382 708 5455 Gregorius
740 5400 831 5453 per
856 5380 1389 5449 titulos,libellosque
1430 5379 1677 5442 coercuit,
1712 5376 1781 5429 ad
1812 5392 1896 5428 or-

315 5474 607 5529 thodoxam
662 5471 954 5530 Catholica:
992 5464 1245 5523 Ecclesia
1291 5466 1449 5535 fidem
1485 5466 1783 5534 confugere.
1816 5463 1897 5517 Es

315 5585 375 5623 eo
396 5582 557 5635 porro
578 5566 661 5619 die
710 5581 774 5618 ne
815 5564 1006 5617 mutire
1056 5561 1265 5630 quidem
1310 5560 1558 5612 adversus
1594 5555 1895 5613 Catholicos

314 5657 438 5709 ausi
478 5663 599 5707 sunt
651 5653 823 5721 impii,
868 5652 1152 5718 inanesque
1209 5662 1271 5700 ac
1325 5644 1699 5715 fraudulentas
1752 5659 1896 5696 voces

318 5746 542 5807 iactare,
589 5758 707 5813 qum
759 5747 1108 5799 tentaverant,
1144 5752 1333 5805 aspera
1375 5734 1616 5803 fmdaque
1670 5732 1899 5785 evenisse

320 5836 819 5891 animaduertentes.
860 5830 1001 5886 Deus
1038 5825 1397 5882 immortalis!
1447 5822 1578 5893 quid
1607 5822 1781 5875 adhuc
1816 5834 1901 5874 re-

1966 1979 2061 2033 pro
2094 1979 2153 2016 eo
2179 1962 2317 2033 quod
2347 1963 2529 2031 quinta
2586 1962 2815 2033 synodus
2842 1961 2897 2014 in
2946 1976 3006 2013 ea
3070 1960 3467 2026 nominabatur,
3502 1962 3549 2014 si

1965 2073 2081 2109 eam
2134 2056 2321 2109 exinde
2359 2054 2720 2108 scandalizari
2763 2069 2913 2123 posse
2944 2051 3266 2115 credidistis,
3299 2060 3435 2106 recte
3460 2052 3549 2121 fa-

1968 2159 2107 2202 ctum
2147 2158 2245 2213 est,
2281 2156 2337 2201 ut
2368 2148 2583 2200 minime
2619 2145 3070 2199 transmitteretis.
3095 2141 3243 2198 Unde
3271 2160 3408 2197 nunc
3435 2146 3543 2198 ista

1967 2240 2218 2311 facimus,
2265 2249 2321 2293 ut
2377 2238 2522 2293 vobis
2551 2237 2775 2307 placuit,
2817 2246 2874 2289 ut
2905 2245 3138 2307 quatuor
3163 2236 3387 2307 synodos
3425 2246 3547 2289 tan-

1970 2333 2237 2385 tummodo
2288 2329 2627 2382 laudaremus
2659 2342 2677 2379 :
2710 2328 2775 2379 de
2821 2327 2918 2379 illa
2960 2335 3136 2379 autem
3182 2327 3403 2397 synodo,
3435 2344 3552 2398 qua:

1967 2424 2300 2493 postmodum
2355 2419 2816 2489 Constantinopoli
2862 2420 3006 2488 facta
3034 2428 3133 2481 est,
3157 2436 3273 2491 quae
3305 2436 3335 2471 a
3368 2420 3549 2473 multis

1968 2515 2154 2585 quinta
2206 2514 2530 2579 nominatur,
2563 2514 2698 2567 scire
2750 2526 2835 2564 vos
2880 2510 3017 2576 volo,
3048 2512 3172 2581 quia
3205 2511 3341 2565 nihil
3368 2520 3550 2564 contra

1970 2607 2333 2662 sanctissimas
2366 2608 2591 2677 synodos
2619 2605 2971 2669 constituerit,
3012 2604 3091 2658 vel
3132 2605 3369 2669 senserit,
3401 2604 3553 2674 quip-

1970 2713 2031 2766 pe
2053 2698 2176 2767 quia
2206 2698 2261 2750 in
2285 2713 2346 2750 ea
2393 2698 2454 2750 de
2513 2697 2747 2766 personis
2795 2695 3179 2759 tantummodo,
3223 2710 3326 2747 non
3376 2702 3553 2746 autem

1972 2789 2033 2841 de
2072 2789 2175 2857 ﬁde
2219 2788 2421 2857 aliquid
2464 2788 2675 2857 jussum
2702 2799 2813 2853 est;
2861 2789 3010 2841 etde
3059 2789 3140 2841 his
3194 2789 3454 2856 personis,
3486 2789 3553 2841 de

1972 2883 2158 2951 quibus
2193 2880 2672 2934 inChalcedonensi
2695 2880 2895 2950 synodo
2936 2881 3070 2933 nihil
3101 2883 3434 2945 continetur;
3462 2882 3553 2934 sed

1972 2983 2085 3043 post
2114 2988 2385 3041 expressas
2417 2970 2673 3041 synodos,
2704 2988 2795 3024 seu
2812 2970 3052 3025 Canones
3093 2973 3239 3040 facta
3270 2971 3552 3032 contentio,

1973 3074 2021 3118 et
2047 3075 2283 3118 extrema
2314 3064 2454 3116 actio
2480 3062 2543 3116 de
2564 3063 2804 3132 personis
2837 3063 3090 3115 ventilata
3115 3072 3213 3116 est.
3247 3060 3303 3114 Si
3343 3070 3553 3115 tantum

1979 3158 2142 3227 igitur
2172 3158 2225 3210 in
2267 3173 2298 3209 ν
2344 3158 2554 3227 synodo
2593 3156 2935 3211 cecumenica
2971 3167 3178 3219 actum,
3212 3163 3393 3208 utrum
3430 3168 3557 3223 pro-

1979 3249 2254 3306 srribendi
2304 3263 2473 3302 necne
2504 3246 2682 3302 forent
2705 3246 2825 3301 lbas
2851 3246 3093 3317 epistola:
3117 3248 3183 3301 ad
3210 3248 3403 3304 Marim
3430 3252 3559 3306 Per-

1977 3360 2092 3398 sam
2122 3356 2331 3401 auctor,
2357 3350 2468 3394 tnm
2499 3338 2845 3403 Theodorus,
2868 3338 3028 3407 cujus
3058 3340 3347 3394 exstabant
3368 3340 3557 3411 dispu-

1980 3438 2215 3486 lationes
2293 3429 2558 3482 adversus
2627 3425 2957 3479 Eunomium
3037 3434 3092 3480 et
3148 3427 3556 3496 Apollinarem,

1976 3521 2414 3576 Nestorianismo
2463 3516 2793 3579 laborantes,
2845 3526 3123 3585 postremo
3159 3515 3556 3582 Theodori-tus,

1978 3616 2069 3683 qui
2096 3613 2164 3666 12
2223 3610 2493 3681 capitibus
2556 3606 2843 3677 Ephesium
2877 3606 2997 3661 fidei
3041 3623 3068 3661 a
3092 3607 3295 3677 Cyrillo
3322 3608 3559 3662 Alexan-

1978 3706 2140 3760 drino
2162 3705 2422 3773 episcopo
2455 3700 2786 3769 conscriptis
2819 3700 3073 3769 stigmata
3116 3699 3340 3762 inussit,
3364 3700 3408 3753 si
3428 3697 3555 3753 Ori-

1980 3814 2163 3867 genes,
2218 3796 2499 3866 Didymus,
2562 3793 2848 3863 Evagrius,
2913 3793 3269 3846 dissentiente
3320 3793 3555 3850 nemine.

1984 3886 2459 3944 anathematismis
2485 3885 2745 3955 perculsi,
2772 3900 3032 3953 quorsum
3058 3885 3213 3949 illud,
3233 3882 3557 3952 Gregorium

1982 3991 2303 4052 spumantes
2331 3978 2613 4032 audaciam
2676 3977 2964 4032 haereticos
3010 3976 3431 4045 compressiSse,
3464 3975 3561 4030 iis-

1982 4090 2089 4145 que
2104 4072 2322 4126 taudcm
2348 4070 2608 4139 pudnrcm
2626 4069 2972 4137 imposuisse,
2992 4068 3035 4121 si
3057 4068 3276 4136 quidem
3301 4066 3511 4136 synodo
3531 4083 3558 4118 v

1983 4164 2333 4222 mcumenicm
2386 4159 2739 4219 interfuerit?
2778 4161 2925 4214 nulla
2984 4159 3093 4213 illic
3138 4174 3261 4212 cum
3291 4157 3562 4212 haereticis

1984 4267 2133 4323 gesta
2174 4271 2281 4320 res,
2312 4257 2403 4310 sed
2437 4257 2505 4310 de
2532 4253 2803 4309 haereticis
2858 4248 3111 4318 Origene,
3145 4248 3393 4318 Didymo,
3426 4246 3565 4301 Eva-

1985 4348 2126 4417 grio,
2154 4348 2249 4402 sed
2280 4349 2345 4401 de
2387 4350 2558 4401 tribus
2588 4344 2882 4415 episcopis,
2919 4355 3153 4411 quorum
3185 4347 3244 4392 ut
3267 4340 3431 4408 impia
3462 4338 3563 4391 do-

1986 4440 2207 4502 ctrina,
2265 4438 2338 4491 ita
2387 4436 2648 4491 memoria
2706 4434 2997 4495 incertum,
3044 4428 3442 4493 damnandane,
3494 4443 3562 4480 an

1922 4562 1963 4617 D
1992 4528 2353 4594 observanda,
2389 4524 2827 4596 quandoquidem
2852 4523 2961 4593 pie,
3009 4522 3173 4590 inque
3192 4518 3565 4573 erclcsiastica

1993 4621 2401 4678 consociatione
2435 4620 2806 4674 decesserant.
2866 4614 3044 4669 Unum
3072 4614 3174 4667 hoc
3204 4613 3259 4666 in
3288 4620 3565 4666 certamen

1996 4714 2282 4778 veniebat;
2312 4726 2438 4766 nam
2494 4709 2630 4764 nulli
2680 4708 2908 4764 dubium
2956 4720 2986 4759 e
3014 4702 3271 4758 Patribus
3299 4703 3351 4756 in
3382 4700 3565 4756 conci-

1998 4806 2131 4861 lium
2167 4805 2458 4874 cooptatis,
2497 4802 2630 4873 quin
2685 4816 2805 4870 qua:
2846 4799 2966 4853 lbas
2994 4797 3049 4850 in
3095 4794 3345 4865 epistola,
3387 4792 3569 4845 Theo-

1996 4900 2186 4965 dorus,
2218 4910 2384 4968 atque
2426 4896 2805 4951 Tlieodoretns
2871 4892 2925 4943 in
2975 4884 3412 4959 hypomnematis
3452 4884 3567 4939 suis

1997 4992 2261 5047 adversus
2308 4990 2657 5052 Eunomium,
2699 4982 3091 5055 Apollinarem,
3139 4977 3400 5048 Cyrillum
3429 4974 3566 5030 effu-

1996 5084 2202 5148 tierint,
2261 5082 2507 5151 putidam
2569 5077 2819 5133 haeresim
2856 5075 3087 5127 olerent.
3118 5067 3312 5122 Fateor
3352 5067 3568 5136 quidem

1999 5192 2105 5231 non
2146 5176 2263 5229 sine
2318 5172 2568 5233 consilio,
2604 5171 2704 5223 hoc
2733 5176 2818 5220 est
2858 5162 3167 5225 vaferrimo,
3214 5160 3566 5227 scelesmque,

1998 5262 2346 5319 Camarinam
2378 5260 2527 5313 illam
2557 5257 2625 5311 ab
2679 5252 2972 5323 Acephalis
3023 5262 3254 5314 motam;
3310 5264 3376 5303 eo
3425 5251 3567 5301 enim

1998 5354 2343 5424 spectabant,
2370 5362 2429 5405 ut
2457 5350 2671 5406 devotis
2693 5363 2883 5402 eorum
2916 5347 3295 5413 episcOporuni
3322 5340 3573 5394 manibus

2001 5443 2469 5501 Chalcedonensis
2494 5442 2686 5514 synodi
2724 5440 3021 5495 auctoritas
3054 5437 3379 5498 elevaretur,
3404 5447 3575 5503 eoque

2003 5538 2175 5592 tutius
2207 5537 2513 5590 teterrimas
2532 5533 2899 5602 blaSphemias
2925 5537 3273 5584 evomerent:
3308 5524 3401 5580 sed
3430 5524 3575 5580 enim

2002 5630 2054 5683 in
2084 5627 2320 5682 concilio
2350 5627 2479 5681 nulli
2514 5627 2567 5679 in
2600 5635 2834 5677 mentem
2864 5622 3015 5674 venit
3053 5619 3137 5672 vel
3167 5618 3220 5670 in
3262 5623 3577 5669 controver-

2003 5721 2139 5776 siam
2164 5736 2363 5775 vocare
2422 5714 2948 5773 Chalcedonensium
2987 5712 3208 5767 Patrum
3245 5707 3574 5769 doctrinam,

2002 5815 2087 5869 vel
2123 5814 2244 5880 Iba,
2272 5812 2541 5868 Theodori
2572 5821 2626 5865 et
2652 5807 2980 5863 Theodoreti
3027 5818 3244 5860 errores
3267 5803 3575 5859 vindicare:
