4098 6496
592 389 724 454 1191

1508 383 1605 444 DE
1641 384 1901 443 IETATE
1944 385 2005 444 S.
2044 382 2421 444 GREGORII
2462 378 2975 442 AGRIGENTINI

3733 374 3859 438 1192

591 499 1072 573 persuasissimum
1120 494 1404 558 omnibus,
1476 493 1530 547 in
1582 508 1774 549 orcum
1834 494 2172 548 detrudenda
2201 494 2248 551 A
2275 508 2451 548 annos
2484 503 2647 547 natus
2675 492 2765 557 65,
2800 506 2924 546 cum
2955 489 3243 545 'l‘hcodora
3268 488 3462 563 orbus)
3485 492 3859 562 novoshyme-

590 610 782 652 eorum
833 593 1110 661 dogmata.
1164 604 1285 657 quae
1312 587 1474 658 vulgo
1506 588 1748 654 ipsorum
1805 586 2011 641 elibris
2042 586 2178 641 hau-

591 688 895 744 riebantur.
924 683 1109 750 Quare
1142 682 1227 735 vel
1262 696 1461 735 noram
1511 680 1677 749 lingat
1705 678 2005 748 Cajetanus
2032 693 2178 733 tecu-

592 780 861 836 menicam
885 778 1152 849 synodum
1180 774 1283 827 sub
1301 772 1615 828 Iustiniano
1650 771 1666 824 l
1702 780 1972 838 coactam,
2008 771 2095 825 cui
2123 778 2179 825 et

592 873 828 928 Romani
858 870 1100 941 episcopi
1149 868 1309 939 legati
1360 865 1731 931 interfuerint,
1764 864 1997 934 quiejus
2033 863 2180 919 libel-

594 965 707 1019 lum
740 962 1055 1025 detulerint,
1094 960 1147 1013 in
1194 974 1303 1029 quo
1341 958 1508 1012 animi
1562 957 1647 1012 sui
1698 972 1856 1012 sensa
1889 957 2035 1011 circa
2066 972 2176 1021 res,

593 1070 717 1125 qua:
740 1055 793 1108 in
834 1054 1190 1123 quaestionem
1218 1050 1529 1112 veniebant,
1586 1049 1954 1118 depromeret,
1988 1048 2178 1103 simul-

594 1165 702 1219 que
767 1148 916 1203 missi
976 1148 1046 1202 ab
1093 1148 1211 1218 ipso
1268 1144 1501 1200 Romam
1552 1154 1744 1213 agente
1772 1145 2011 1215 episc0pi
2040 1186 2054 1211 ,
2087 1147 2177 1218 qui

599 1239 966 1293 Orientalibus
1004 1245 1450 1308 aggregarentnr,
1491 1235 1694 1303 quique
1744 1234 1972 1288 reduces
2001 1235 2178 1303 ipsum

598 1328 887 1385 docuerint
908 1339 1113 1398 quanta
1136 1325 1366 1396 gesserit
1388 1323 1684 1394 Gregorius
1711 1340 1725 1389 ;
1750 1331 1864 1377 tum
1884 1322 2183 1394 Gregorius

597 1422 735 1477 adeo
787 1421 993 1476 ascitus
1043 1418 1283 1474 Sardica:
1326 1417 1661 1473 Constantia
1702 1416 1941 1486 episcopi
1997 1426 2183 1487 partes

599 1512 817 1577 obiens,
844 1511 1049 1581 quique
1080 1518 1190 1564 tam
1222 1508 1396 1563 multa
1429 1518 1479 1561 et
1522 1506 1755 1559 illustria
1804 1505 1856 1558 in
1894 1504 2184 1559 haereticos

600 1604 916 1675 disputarit,
968 1610 1027 1657 ut
1070 1618 1260 1657 eorum
1320 1600 1535 1655 tandem
1588 1597 1878 1668 pervicerit
1903 1596 2181 1665 furorem;

601 1699 683 1753 vel
709 1698 929 1752 demum
963 1696 1220 1758 fateatur,
1264 1693 1319 1746 in
1359 1692 1465 1746 alia
1496 1688 1897 1744 amandandum
1939 1699 2183 1757 tempora

602 1791 945 1860 Gregorium,
975 1796 1139 1858 atque
1168 1785 1284 1856 ipse
1331 1782 1627 1846 censuerit,
1660 1796 1837 1850 neque
1867 1779 1981 1835 ﬁeri
1999 1796 2178 1851 posse,

2281 599 2430 639 natos
2464 583 2811 640 celebrasse?

2350 674 2446 729 Xl.
2482 676 2722 729 Tandem
2767 675 2899 730 illud
2954 673 3314 745 expendatur,
3356 672 3681 745 Gregorium
3713 684 3861 746 post-

2280 778 2444 832 quam
2487 763 2847 818 Paschalibus
2900 762 3058 818 feriis
3092 778 3122 818 a
3155 763 3342 833 culpa,
3380 764 3545 834 cujus
3583 780 3857 820 summum

2280 870 2377 925 per
2415 856 2594 910 scelus
2634 864 2953 919 accusatus,
3010 870 3181 926 purus
3214 856 3493 926 judicatus
3544 865 3627 912 est
3654 856 3858 923 Romae,

2283 945 2375 999 ubi
2411 960 2582 999 annos
2613 945 2668 1008 2,
2694 960 2913 1001 menses
2944 946 2996 1010 5,
3032 946 3351 1001 carceribus
3381 962 3414 1000 a
3457 948 3742 1017 pontiﬁce.
3778 954 3857 1004 cui

2282 1037 2523 1091 delatum
2555 1038 2787 1104 crimen,
2820 1038 3169 1107 mancipatus
3222 1038 3363 1109 egit,
3395 1038 3859 1111 Constantinopo-

2284 1128 2375 1183 lim
2414 1129 2659 1198 petiisse,
2686 1130 2870 1198 ibique
2886 1129 3099 1184 Pascha
3139 1131 3652 1202 celehrasse,302
3670 1133 3859 1190 deinde

2283 1217 2351 1271 ab
2407 1219 2536 1286 imp.
2589 1215 2906 1271 Iustiniano
2941 1217 3233 1272 dimissum
3295 1217 3531 1273 Romam
3567 1222 3859 1278 revertisse

2285 1325 2380 1363 xm
2427 1308 2546 1362 Kal.
2613 1310 2871 1378 Augusti,
2928 1309 3165 1378 indeque
3195 1310 3249 1364 in
3297 1310 3540 1366 Siciliam
3574 1314 3859 1384 navigasse

2285 1410 2452 1470 atque
2487 1401 2554 1454 ad
2595 1402 2960 1471 Acragantem
3024 1402 3251 1455 llnvinm
3295 1404 3615 1473 pervenisse
3651 1421 3705 1460 tv
3743 1406 3859 1463 ldus

2286 1491 2658 1561 Septembris;
2717 1502 2841 1561 post
2909 1494 3025 1547 haec
3080 1493 3304 1549 ﬂuvium
3360 1495 3674 1566 ingressum
3718 1500 3859 1571 .hora

2283 1584 2391 1637 diei
2434 1585 2589 1638 tertia
2621 1583 2689 1639 ad
2730 1584 3215 1654 Agrigentinorum
3262 1589 3727 1658 emporium,quo
3766 1592 3860 1645 iter

2283 1680 2401 1726 erat
2456 1682 2879 1743 pimuerpropter
2930 1675 3252 1742 sesquidiei,
3312 1678 3591 1746 appulisse
3625 1678 3859 1733 Sabbato

2286 1764 2393 1825 die,
2436 1765 2539 1817 hoc
2573 1773 2657 1817 est
2688 1779 2748 1818 ιιι
2808 1762 2936 1818 ldus
2984 1764 3343 1834 Septembris,
3395 1769 3664 1837 postridie
3701 1786 3857 1839 quam

606 1894 665 1938 ιη
691 1853 833 1937 alter
889 1853 1081 1952 synodi
1131 1896 1165 1935 ν
1191 1853 1565 1933 ⁷(Βοιιιηθηίρω
1619 1888 1970 1931 consessores
2024 1874 2186 1930 fuerit
2218 1853 2258 1910 Β
2288 1856 2352 1908 ad
2377 1855 2737 1922 Acragantetn
2769 1871 2986 1909 amnem
3026 1856 3182 1911 navis
3212 1857 3546 1915 advenerat:
3581 1877 3691 1915 non
3718 1863 3857 1917 enim

604 1982 1024 2031 annumeratus.

674 2110 768 2167 IX.
799 2108 986 2179 Neque
1034 2109 1149 2163 haec
1188 2116 1398 2161 tantum
1445 2116 1599 2175 sunt,
1656 2125 1778 2177 quae
1802 2105 2188 2178 Cajetaniopi-

607 2204 825 2259 nionem
881 2200 1121 2266 diment;
1168 2211 1221 2255 et
1266 2200 1374 2254 alia
1432 2200 1721 2265 accedunt,
1749 2217 1870 2270 quae
1909 2200 2187 2253 mantissze

611 2298 729 2351 loco
756 2297 970 2350 addam.
1015 2293 1158 2347 lntcr
1183 2294 1491 2363 episcopos,
1540 2294 1634 2361 qui
1676 2309 1702 2345 a
1728 2292 2189 2360 Constantinopo-

612 2389 781 2442 litano
818 2386 1129 2458 patriarcha
1164 2386 1419 2455 delegati,
1451 2384 1715 2455 lGregorii
1748 2400 1970 2440 causam
2003 2382 2190 2453 cogni-

609 2481 719 2536 turi
756 2496 877 2535 cum
906 2479 1160 2534 Romano
1195 2478 1473 2548 pontitice,
1508 2477 1826 2531 Corinthius
1853 2488 2185 2531 recensetur.

613 2573 1047 2641 Archiepiscopus
1087 2571 1209 2625 item
1252 2570 1379 2641 (hoc
1406 2578 1491 2625 est
1528 2568 2187 2637 Constantinopoli!anns.

612 2666 792 2737 inquit
819 2664 1099 2732 Leontius)
1144 2662 1423 2716 accersitos
1458 2658 1639 2730 Cyzici
1686 2670 1736 2714 et
1797 2659 2036 2714 Corinthi
2075 2662 2190 2729 epi-

613 2774 796 2827 scopos
824 2755 1044 2808 Romam
1074 2754 1197 2807 inde
1220 2754 1399 2806 mittit.
1438 2750 1545 2806 Sed
1587 2767 1751 2821 quem
1776 2762 2064 2822 praetereat
2091 2752 2192 2807 sub

612 2848 924 2905 Iustiniano
948 2845 988 2912 1,
1013 2859 1295 2915 annosque
1327 2844 1534 2913 aliquot
1568 2843 1955 2912 postCorinthi
1988 2844 2196 2914 episco-

614 2959 741 3014 pum
788 2939 1061 3002 Hellados,
1102 2946 1157 2993 et
1206 2936 1427 2992 Achaiae
1455 2938 1751 2991 exarehum
1798 2936 2055 2991 Romamn
2083 2953 2194 3007 pa-

616 3033 909 3094 triarchiaa,
940 3027 1400 3102 quemadmodum
1459 3038 1515 3081 et
1565 3026 1989 3094 Thessalonicae,
2025 3027 2195 3082 etIu-

615 3125 867 3179 stinianae
896 3124 914 3175 l
940 3121 1184 3185 exarchi,
1204 3119 1505 3182 subditum,
1532 3134 1707 3187 eoque
1729 3121 1945 3174 nomine
1962 3119 2192 3174 Romani

615 3216 887 3286 pontiﬁcis
929 3214 985 3268 in
1036 3228 1134 3267 sua
1182 3211 1440 3267 exarchia
1478 3211 1744 3265 vicarium
1804 3212 2061 3281 gessisse,
2085 3227 2190 3281 qua
2220 3194 2262 3248 ο

614 3308 877 3377 dignitate
926 3302 1087 3358 macti
1143 3301 1281 3357 adeo
1319 3317 1444 3355 cum
1499 3299 2040 3365 Thessalonicensis,
2079 3312 2193 3356 tum

614 3394 1042 3452 Justinianensis
1114 3391 1399 3447 Dardaniae
1445 3393 1728 3462 episcOpi?
1762 3392 1849 3462 (V.
1904 3391 2093 3446 Baluz.
2141 3394 2193 3445 in

618 3488 898 3559 Supplem.
938 3484 1007 3540 ad
1036 3484 1132 3539 lib.
1168 3500 1202 3539 v
1234 3484 1297 3539 de
1336 3483 1599 3539 Concord.
1631 3500 1744 3539 sae.
1783 3493 1833 3539 et
1872 3485 2024 3553 imp.,
2072 3499 2193 3553 cap.

615 3580 709 3642 29,
733 3595 788 3633 n.
825 3578 935 3646 ll.)
980 3575 1085 3642 Qui
1142 3575 1310 3644 igitur
1341 3574 1567 3639 factum,
1609 3586 1667 3629 nt
1699 3576 2195 3644 Constantinopoli-

618 3677 783 3722 tanus
817 3664 1127 3736 patriarcha
1153 3679 1335 3717 rerum
1370 3663 1595 3719 domino
1620 3662 1930 3719 Iustiniano
1956 3664 1972 3717 1
2002 3663 2200 3718 Corin-

620 3755 699 3809 thi
725 3753 1065 3824 episcopum,
1086 3750 1139 3804 in
1172 3766 1332 3820 quem
1353 3751 1563 3804 nullum
1591 3752 1695 3807 sibi
1733 3752 1825 3820 jus
1849 3752 2194 3814 attributum,

621 3846 676 3898 in
734 3842 923 3896 urbem
980 3848 1303 3901 arcesseret,
1354 3838 1702 3910 juberetque,
1773 3850 1830 3893 ut
1895 3840 2052 3910 legati
2113 3839 2196 3895 sui

622 3944 847 3985 munere
898 3936 1122 3982 ornatus
1164 3924 1397 3981 Romam
1430 3938 1727 3998 appeteret,
1757 3926 2003 4000 Gregorii
2029 3927 2197 3999 judex

623 4019 882 4078 iuturus?

690 4164 761 4219 Χ.
788 4163 868 4218 Ad
891 4162 1006 4218 haec
1032 4160 1169 4216 falso
1196 4158 1429 4215 crimine
1458 4156 1673 4213 solutus
1690 4155 1882 4213 Romae
1903 4157 2200 4227 Gregorius

617 4252 1153 4323 Constantinopolim
1186 4250 1322 4314 abit,
1379 4249 1568 4319 ibique
1596 4256 1651 4303 et
1702 4250 1772 4303 ab
1821 4251 1952 4319 imp.
1985 4250 2201 4306 Caesare

616 4346 956 4408 Iustiniano,
1009 4344 1157 4397 etab
1202 4340 1448 4408 Augusta
1482 4339 1883 4394 liberalissimis
1909 4340 2069 4396 donis
2099 4357 2201 4397 cu-

621 4439 884 4494 mulatur.
916 4434 1099 4504 Neque
1130 4448 1247 4487 vero
1288 4431 1490 4501 (inquit
1518 4428 1801 4501 Leontius)
1826 4431 2070 4499 piissima
2089 4432 2201 4486 Au-

2286 1964 2431 2004 unus
2489 1948 2738 2017 idemque
2792 1948 2910 2001 dies
2944 1949 3207 2018 appulsus
3256 1953 3583 2021 Acragantis
3643 1963 3699 2008 ct
3748 1970 3859 2009 em-

2289 2040 2465 2109 porii;
2503 2053 2664 2093 secus
2702 2039 2848 2093 enim
2883 2042 3257 2095 characterem
3305 2042 3860 2100 Sabbatoindicasset

2287 2129 2551 2184 Leontius
2594 2131 2661 2184 ad
2702 2146 2752 2184 Iv
2786 2129 2909 2185 ldus
2963 2133 3324 2200 Septembris,
3383 2150 3507 2189 cum
3561 2136 3615 2190 in
3650 2152 3855 2192 ainiiem

2289 2224 2573 2291 pervenit;
2628 2239 2805 2292 neque
2853 2233 2992 2288 erat,
3035 2240 3137 2280 cur
3186 2234 3298 2280 tum
3354 2228 3689 2299 designaret,
3745 2246 3855 2287 cum

2288 2318 2522 2386 emporii
2591 2317 2743 2371 littus
2817 2319 3018 2388 attigit,
3080 2320 3310 2389 perinde
3360 2336 3426 2376 ac
3472 2337 3540 2376 eo
3590 2324 3701 2389 die,
3740 2326 3856 2395 quia

2292 2407 2617 2471 Sabbatum,
2648 2410 2872 2480 dignum
2907 2411 3213 2481 quidpiam,
3265 2415 3411 2483 quod
3444 2415 3647 2473 litteris
3674 2420 3857 2487 prode-

2292 2511 2461 2564 retur,
2503 2502 2755 2569 gesserit.
2814 2502 2891 2556 En
2952 2503 3161 2559 Leontii
3205 2508 3370 2561 verba
3443 2519 3612 2577 prout
3683 2509 3857 2567 Latine

2290 2610 2447 2649 versa
2474 2593 2670 2648 :Romr‘t
2694 2597 2857 2665 igitur
2877 2599 3120 2666 profecti,
3145 2609 3299 2669 atque
3322 2602 3377 2654 in
3405 2601 3652 2656 Siciliam
3668 2606 3857 2671 appulsi

2291 2688 2635 2757 Agrigentum
2690 2688 2899 2741 veniunt
2957 2704 3010 2743 tv
3066 2688 3201 2743 Idus
3255 2691 3721 2760 Septembris;sic
3752 2714 3857 2751 tero

2292 2780 2490 2833 colente
2538 2778 2665 2839 Deo.
2714 2781 2802 2851 qui
2832 2796 3033 2848 semper
3080 2790 3129 2835 et
3168 2793 3426 2846 servarat,
3469 2795 3519 2838 et
3568 2786 3854 2855 adjuverat,

2292 2872 2508 2941 ﬂuvium
2539 2872 2718 2924 ineunt
2753 2873 2807 2925 iu
2869 2871 3199 2938 suburbium,
3254 2875 3394 2943 quod
3425 2877 3717 2943 emporium
3744 2878 3859 2931 dici-

2296 2972 2406 3023 tur,
2435 2962 2504 3012 ad
2543 2962 2750 3014 tertiam
2787 2961 2891 3015 diei
2917 2960 3145 3015 horam:
3201 2973 3315 3016 erat
3356 2980 3512 3032 porro
3559 2963 3856 3030 Sabbatum,

2294 3053 2568 3106 cumilluc
2623 3054 2891 3123 appulere.
2945 3051 3067 3108 Iam
3109 3069 3242 3110 vero
3294 3055 3363 3109 ab
3386 3071 3536 3110 anno
3594 3058 3722 3121 551,
3774 3059 3857 3129 qui

2295 3146 2691 3200 mcumenicam
2726 3161 2760 3200 v
2798 3146 3065 3218 synodum
3091 3156 3334 3215 secutus,
3370 3147 3438 3202 ad
3466 3148 3591 3215 565,
3622 3151 3855 3204 ultimum

2294 3235 2585 3291 Iustiniani
2617 3236 2636 3289 l
2674 3237 2837 3305 Aug.,
2870 3254 2925 3292 ιιι
2958 3237 3300 3308 Septembris
3326 3240 3444 3296 dies
3479 3242 3533 3296 in
3569 3242 3855 3296 Sabbatum

2296 3328 2527 3384 incurrit
2557 3329 2719 3383 annis
2747 3326 2852 3383 555
2882 3338 2934 3383 et
2975 3330 3115 3395 560;
3162 3346 3308 3385 anno
3340 3332 3486 3386 enim
3540 3333 3649 3387 555
3682 3350 3711 3387 a
3748 3332 3851 3388 Kal.

2293 3420 2573 3477 Ianuariis
2611 3423 2882 3493 iniitcycli
2922 3423 3125 3477 solaris
3146 3438 3324 3479 annus
3346 3426 3399 3491 4,
3432 3424 3667 3496 ideoque
3697 3428 3852 3480 littera

2300 3516 2650 3570 Dominicalis
2671 3516 2709 3567 1)
2735 3533 2751 3582 ;
2782 3531 2929 3570 anno
2949 3515 3080 3582 560,
3101 3516 3240 3587 cycli
3274 3517 3470 3572 solaris
3492 3534 3672 3571 annus
3696 3521 3745 3582 9,
3778 3519 3855 3571 Iit-

2298 3614 2409 3661 tera
2445 3604 2855 3660 DominicalisD
2878 3604 2955 3672 (ἒς
2982 3622 3159 3677 coque
3186 3607 3365 3662 disces
3409 3608 3775 3664 characterem
3808 3624 3851 3661 ιι

2296 3698 2401 3752 diei
2419 3698 2753 3767 Septembris
2772 3698 2945 3752 fuisse
2968 3698 3160 3753 feriam
3179 3698 3231 3751 7.
3256 3698 3324 3751 At
3349 3714 3526 3753 annus
3544 3700 3653 3753 555
3673 3702 3735 3753 ad
3756 3716 3848 3753 rein

2300 3803 2408 3842 non
2442 3796 2546 3851 est,
2566 3796 2677 3841 tum
2704 3787 2850 3857 quod
2884 3787 3209 3858 Gregorium
3255 3788 3359 3844 hoc
3384 3805 3531 3844 anno
3558 3792 3850 3859 episcOputu

2299 3880 2687 3950 inauguratum
2727 3888 2879 3949 putat
2897 3880 3213 3949 Cajetauus,
3238 3889 3354 3935 tum
3391 3883 3537 3951 quod
3569 3898 3599 3935 a
3628 3882 3849 3954 Gregorii

2299 3972 2564 4029 Romanis
2602 3974 2837 4029 vinculis
2875 3974 2941 4029 ad
2975 3974 3211 4029 reditum
3247 3972 3505 4030 Ecclesiae
3555 3993 3670 4032 suae
3693 3975 3854 4031 auuiI

2299 4066 2733 4130 intercesserint,
2801 4065 3080 4134 simulque
3144 4074 3358 4120 certum
3416 4066 3576 4130 illud,
3637 4067 3854 4121 audiisse

2299 4156 2623 4228 Gregorium
2671 4157 3156 4227 Agrigentinorum
3212 4158 3533 4227 episcopum
3573 4168 3697 4228 post
3722 4174 3855 4214 tecu-

2303 4250 2569 4304 tnenicam
2609 4249 2879 4319 synodum
2908 4247 3604 4316 Constantinopolitanam,
3632 4250 3735 4303 hoc
3767 4261 3853 4311 est,

2301 4342 2465 4412 paulo
2496 4349 2614 4411 post
2663 4356 2868 4395 annum
2937 4341 3065 4406 555,
3102 4355 3201 4410 pro
3240 4339 3485 4408 Cajetani
3524 4343 3807 4405 sententia,
3831 4359 3857 4395 a

2303 4446 2412 4499 quo
2436 4431 2501 4484 ad
2544 4429 2648 4484 555
2670 4429 2949 4484 biennium
2999 4438 3211 4483 tantum
3246 4445 3525 4485 numeres.
3562 4431 3667 4486 Sed
3704 4447 3859 4502 neque

625 4538 781 4601 gusta
832 4527 940 4581 viro
992 4523 1267 4592 quidpiam
1318 4521 1607 4588 ceasit,aed
1640 4537 1759 4590 pero
1802 4522 1983 4575 multis
2004 4519 2198 4593 Grego-
2231 4532 2275 4590 ο
2303 4540 2482 4579 annus
2512 4522 2617 4577 560
2667 4537 2847 4577 causae
2898 4532 3102 4576 nostra:
3165 4521 3446 4577 condat-it.
3489 4522 3715 4594 Vigilius
3744 4539 3859 4595 papa

625 4622 767 4675 rium
795 4617 1013 4671 donavit
1041 4613 1367 4678 muneribus,
1405 4629 1536 4667 auro
1590 4624 1927 4683 argentoque,
1968 4616 2104 4684 quod
2130 4617 2200 4670 ad

626 4710 881 4765 Ecclesia
940 4722 1065 4761 vasa
1119 4703 1444 4772 conﬁcienda
1502 4714 1633 4758 esset
1659 4705 1812 4759 satis.
1858 4703 2042 4776 Ecqua
2070 4723 2200 4763 vero

624 4801 741 4857 haec
767 4801 1011 4869 Augusta
1060 4794 1354 4851 Iustiniani
1403 4796 1425 4847 l
1488 4795 1669 4849 uxor?
1712 4794 1939 4851 Unicam
1976 4799 2201 4854 historia

619 4890 917 4949 Iustiniani
976 4888 995 4944 l
1044 4887 1331 4958 conjugem
1376 4886 1543 4940 tradit
1574 4885 1938 4949 Theodoram,
1971 4902 2093 4956 quae
2119 4898 2202 4943 ta-

625 5000 751 5040 men
785 4981 1169 5037 mortalitatem
1204 4978 1437 5049 explevit
1489 4993 1631 5034 anno
1662 4978 1863 5033 Christi
1892 4978 2016 5045 548,
2037 4979 2205 5036 Insti-

625 5077 823 5132 nianmi
866 5074 1078 5145 imperii
1098 5072 1189 5139 22,
1224 5086 1408 5127 mense
1429 5070 1614 5137 Iunio,
1639 5071 1936 5127 indictione
1963 5073 2050 5137 li,
2084 5083 2203 5129 uta

626 5169 962 5240 Theophane
1017 5165 1297 5238 proditum
1346 5164 1401 5219 in
1431 5163 1760 5233 Chronogr.,
1785 5172 1841 5218 et
1869 5172 1994 5218 ante
2025 5166 2201 5235 ipsum

592 5236 657 5317 κιι
692 5236 983 5332 Procopio,
1012 5236 1120 5329 quo
1157 5258 1447 5326 superstite
1494 5257 1726 5312 excessit
1764 5254 2073 5323 Theodora,
2103 5259 2201 5316 lib.

624 5372 677 5411 ιν
701 5354 839 5409 Belli
887 5351 1066 5407 Gottlt.
1114 5349 1262 5404 Vidit
1319 5348 1598 5418 sc0pulum
1650 5346 1979 5418 Gajetanus,
2028 5366 2205 5421 neque

626 5445 910 5503 evadendo
936 5458 1035 5515 par
1067 5441 1192 5497 fuit.
1249 5439 1462 5495 Etenim
1514 5439 1820 5509 proﬁtetur,
1858 5440 2204 5513 ,imeomper-

628 5548 745 5594 tum
766 5540 895 5604 sibi,
926 5550 1180 5609 quaenam
1209 5542 1325 5589 tum
1363 5533 1625 5602 temporis
1664 5532 1905 5602 regnarit
1930 5533 2202 5604 Augusta,

628 5646 757 5686 cum
799 5626 1274 5697 Constantinopoli
1330 5626 1602 5696 hospitem
1634 5625 1825 5682 statuit
1875 5624 2203 5695 Gregorium

630 5721 963 5791 episcopum.
1012 5718 1179 5775 Eccui
1228 5718 1449 5774 tandem
1487 5716 1654 5772 fuerit
1694 5727 2055 5788 compertum,
2080 5730 2233 5774 cum'

631 5826 824 5867 omnes
878 5812 1102 5866 omnino
1148 5810 1349 5864 sileant
1396 5809 1683 5863 historiae?
1721 5825 1847 5864 cum
1871 5825 2046 5878 neque
2075 5824 2205 5865 vero

634 5904 817 5961 simile
850 5903 963 5970 ﬂat,
1019 5902 1390 5960 Iustinianum
1441 5909 1658 5957 senecta
1690 5910 1848 5957 aetate
1885 5902 2023 5972 (erat
2050 5902 2195 5957 enim

2302 4616 2501 4670 obi.ttv
2536 4612 2658 4668 Idus
2675 4612 2967 4668 Ianuarias
2994 4613 3123 4667 antri
3164 4612 3226 4668 Ρ.
3258 4614 3319 4669 C.
3349 4613 3536 4669 Basilii
3566 4616 3653 4679 i7,
3688 4633 3862 4686 nempe

2300 4706 2500 4761 Christi
2550 4706 2867 4776 Dionysiani
2923 4703 3046 4769 568,
3085 4716 3224 4760 teste
3270 4706 3516 4760 omnium
3569 4708 3862 4762 certissimo

2304 4801 2521 4858 Victore
2560 4800 2920 4855 Tunnuuensi
2972 4802 3266 4870 episcopo,
3312 4802 3409 4870 qui
3472 4800 3673 4872 Vigilio
3725 4812 3863 4857 :etate

2302 4910 2547 4963 compar,
2591 4892 2883 4963 adfuitque
2912 4892 3537 4964 Constantitmpolitatne
3578 4898 3782 4966 synodo
3813 4912 3860 4956 ιι,

2314 4985 2623 5057 Vigilioque
2649 4990 2792 5057 regia
2824 4987 2878 5040 in
2909 4985 3046 5040 urbe
3077 4987 3379 5041 consuevit.
3433 4987 3735 5055 ‘Avdmra,
3767 4991 3861 5043 sive

2302 5079 2431 5132 anui
2464 5078 2613 5131 nullo
2678 5077 2903 5131 consule
2950 5076 3224 5146 designati
3274 5076 3582 5133 secundum
3622 5079 3859 5133 Basilium

2304 5182 2518 5236 cwpere
2545 5168 2613 5219 ab
2667 5182 2811 5220 anno
2847 5165 2953 5220 542
3003 5165 3402 5235 desieruntque
3446 5182 3595 5221 anno
3631 5167 3754 5227 566.
3783 5169 3861 5236 qui

2304 5255 2722 5327 primusIustini
2787 5256 2831 5311 ll
2863 5258 3026 5327 Aug..
3059 5266 3115 5311 ut
3166 5271 3231 5311 ex
3257 5255 3434 5313 Fastis
3473 5260 3860 5323 consularibus,

2304 5351 2648 5421 potissimum
2678 5365 2808 5405 vero
2832 5350 3177 5405 Heraclianis
3221 5361 3455 5407 constat.
3490 5353 3668 5407 Porro
3705 5351 3859 5423 Vigila

2304 5442 2659 5497 emortualem
2704 5458 2909 5497 annum
2980 5445 3421 5514 componendum
3483 5461 3611 5502 cum
3677 5445 3857 5500 Christi

2306 5532 2641 5603 Dionysiano
2666 5532 2795 5599 558,
2810 5533 2948 5588 adeo
2978 5537 3224 5591 solemne
3248 5536 3509 5591 traditum
3543 5539 3602 5593 in
3640 5536 3857 5606 antiquis

2305 5626 2681 5682 Romanorum
2720 5628 3038 5697 pontilicum
3069 5630 3369 5701 CataIOgis,
3395 5641 3455 5687 ut
3475 5633 3713 5688 Ioannes
3741 5631 3857 5687 Cec-

2303 5718 2574 5781 eanensis,
2594 5720 2684 5787 qui
2730 5732 2922 5778 caetera
2967 5724 3360 5779 Cbronotaxim
3392 5725 3721 5795 pontiliciam
3750 5739 3858 5778 sus~

2303 5824 2411 5878 que
2464 5808 2641 5879 deque
2684 5812 2944 5882 .scripsit,
3003 5815 3057 5868 in
3103 5814 3210 5871 alia
3246 5816 3397 5870 ahire
3448 5816 3592 5872 haud
3622 5816 3854 5888 potuerit.

2304 5899 2485 5966 Quare
2514 5902 2752 5971 videant,
2784 5920 2952 5977 quam
2988 5908 3231 5963 suaviter
3271 5909 3379 5964 sibi
3427 5909 3635 5980 imponi
3662 5911 3858 5981 patian-
