4098 6500
262 382 406 447 1193

1621 378 2125 440 DISSERTATIO
2139 423 2155 438 .

3359 375 3494 440 1194
3550 420 3554 424 ι

258 503 375 557 tur,
408 490 501 560 qui
554 488 621 543 iis
683 486 989 553 ascribunt,
1041 500 1073 541 e
1119 486 1260 542 vivis
1293 496 1541 556 ereptum
1573 484 1830 556 Vigilium
1858 489 1906 544 Α
1932 482 2092 553 303
2152 482 2428 548 eﬁluxere,
2482 497 2606 538 cum
2640 481 2845 538 Christi
2888 481 3251 553 Dionysianis.
3283 490 3343 535 ut
3371 481 3497 536 inde

260 597 411 637 anno
439 579 546 636 554
573 577 976 635 dictitantibus.
1002 575 1123 632 Jam
1179 576 1379 646 Vigilio
1400 574 1835 630 successitPela~

261 671 387 741 gius
422 669 608 724 Idibus
643 666 847 737 Aprilis
891 666 1140 735 ejusdem
1175 665 1305 718 anni
1336 664 1461 725 558,
1489 663 1581 733 qui
1618 663 1829 716 exstino

262 773 409 826 ctus,
430 762 508 816 uti
527 758 762 814 ostendit
789 757 1008 827 Pagius,
1032 773 1176 811 anno
1193 756 1298 811 560
1317 758 1396 811 vel
1421 756 1543 819 56l,
1572 754 1832 824 quemad-

261 855 487 909 modum
526 852 618 906 alii
661 850 925 917 sentiunt,
959 866 1007 905 Iv
1046 848 1232 905 Nonas
1263 848 1503 903 Martias.
1536 846 1594 902 Si
1630 846 1835 915 Grego-

264 946 383 1001 rius
450 945 615 1015 igitur
678 942 867 997 Romae
919 941 1176 997 occlusus
1233 939 1549 993 carceribus
1587 953 1763 992 annos
1798 936 1836 990 ἓ

264 1054 481 1093 menses
503 1038 537 1092 5
577 1034 861 1107 exegit;si
908 1033 1127 1104 cognita
1165 1030 1407 1101 Gregorii
1442 1040 1606 1085 causa
1634 1029 1835 1099 postri-

265 1130 355 1183 die
404 1116 704 1191 Pascliatis,
753 1132 900 1178 certe
957 1122 1254 1177 Ecclesiam
1300 1121 1391 1174 ille
1419 1135 1573 1174 suam
1603 1120 1836 1174 revisere

268 1220 476 1289 nequiit
500 1232 645 1272 anno
687 1214 810 1278 560.
853 1214 957 1268 nisi
1003 1214 1249 1272 Romam.
1272 1225 1383 1281 quo
1413 1226 1442 1264 a
1484 1209 1704 1265 Tiberio
1727 1209 1837 1263 Ro-

268 1311 416 1365 mani
446 1308 718 1380 pontiﬁcis
758 1308 812 1361 in
847 1305 1034 1359 Sicilia
1086 1304 1326 1358 exarcho
1357 1302 1455 1372 (ita
1482 1300 1837 1370 appellatLe-

268 1405 474 1465 nntius,
524 1404 618 1472 qui
684 1400 823 1455 forte
887 1399 1149 1453 Romanae
1198 1396 1453 1451 Ecclesia
1474 1396 1748 1461 defensor,
1772 1398 1839 1449 de

269 1509 380 1564 quo
435 1495 563 1549 alibi
631 1492 830 1561 dicam)
873 1490 1222 1553 amandatus,
1256 1490 1486 1544 subierit
1539 1503 1683 1542 anno
1710 1483 1834 1552 556,

271 1602 459 1642 mense
489 1583 784 1639 Novembri
812 1598 826 1647 ;
853 1583 922 1636 ab
944 1597 1011 1635 eo
1043 1581 1187 1635 enim
1224 1581 1289 1634 ad
1328 1581 1451 1635 ldus
1483 1580 1685 1650 Aprilis
1710 1579 1836 1644 559,

271 1693 398 1732 cum
425 1675 798 1730 Christianum
841 1671 1050 1727 Pascha
1087 1671 1417 1726 celebratum
1468 1670 1637 1740 (quod
1668 1672 1838 1727 disci.

271 1784 400 1822 mus
426 1783 489 1820 ex
522 1766 673 1837 cyclo
708 1764 839 1818 solis
868 1763 921 1827 8,
952 1764 1096 1816 luna:
1126 1763 1177 1826 9,
1218 1763 1398 1817 littera
1427 1761 1743 1816 Dominicali
1774 1762 1835 1826 E,

276 1858 514 1915 termino
556 1858 824 1923 Paschali,
856 1857 890 1911 6
942 1857 1166 1926 Aprilis)
1227 1869 1372 1911 recte
1409 1856 1631 1925 colliges
1666 1870 1839 1910 antios

270 1951 329 2017 2,
361 1967 576 2006 menses
602 1951 657 2011 5,
696 1959 754 2003 ut
776 1963 1023 2004 reversus
1050 1950 1266 2003 tandem
1309 1948 1660 2018 Agrigentum
1696 1961 1840 2002 anno

272 2045 581 2114 insequenti
624 2042 788 2097 fuerit
843 2041 992 2110 regia
1022 2056 1085 2094 ex
1117 2040 1279 2104 Urbe,
1326 2041 1415 2095 ubi
1465 2040 1674 2095 Pascha
1715 2056 1837 2109 per-

271 2136 404 2205 egit.
437 2135 601 2203 Atqui
660 2148 788 2186 vero
841 2146 983 2186 anno
1018 2131 1122 2186 556
1156 2140 1212 2186 et
1251 2131 1626 2201 pontiﬁcatum
1656 2132 1845 2187 obibat

276 2224 533 2295 Vigilius,
573 2232 629 2278 et
675 2222 1149 2291 Constantinopoli
1222 2221 1470 2293 degebat,
1522 2232 1577 2276 ut
1614 2222 1843 2291 proinde

275 2320 597 2388 Gregorium
625 2318 812 2371 Romae
841 2318 895 2369 in
925 2318 1173 2370 carceres
1208 2312 1457 2370 condere
1480 2315 1622 2368 haud
1652 2316 1842 2383 quive-

276 2412 369 2473 rit,
404 2424 580 2479 neque
619 2409 887 2478 accipere,
929 2422 1067 2477 quas
1108 2405 1360 2462 Tiberius
1399 2409 1674 2463 exarchus
1705 2410 1845 2464 scri-

274 2509 496 2568 pserat,
541 2496 787 2563 litteras,
840 2494 1060 2564 quando
1084 2509 1162 2549 ea:
1212 2495 1422 2549 tradita:
1452 2497 1718 2564 pontilici,
1748 2501 1842 2568 qui

278 2586 467 2641 Bon-2
493 2587 831 2640 versabatur.
862 2583 1042 2650 Quare
1075 2600 1199 2639 cum
1234 2600 1381 2640 anno
1405 2586 1507 2641 556
1538 2585 1842 2642 Romanum

274 2679 587 2746 pontiﬁcem
618 2687 829 2745 gereret
858 2676 1108 2746 Vigilius,
1135 2693 1259 2732 cum
1289 2694 1436 2731 anno
1458 2678 1562 2734 559
1589 2680 1845 2749 Pelagius

272 2769 537 2824 Romana:
597 2768 853 2824 Ecclesiae
927 2771 1138 2823 clavum
1201 2776 1546 2839 temperaret,
1608 2786 1845 2842 cumque

274 2864 540 2930 insuper.
570 2864 662 2929 qui
710 2858 1028 2930 Gregorium
1083 2858 1333 2924 absolvit,
1386 2859 1527 2916 idem
1585 2876 1758 2917 annos
1788 2863 1845 2929 2,

273 2968 493 3006 menses
536 2950 572 3003 5
625 2950 857 3004 vinculis
917 2959 971 3004 et
1020 2948 1267 3003 custodia
1326 2952 1649 3014 coercuerit,
1696 2954 1845 3021 quod

272 3044 619 3113 apertissime
653 3051 883 3097 testatur
918 3041 1206 3103 Leontius.
1265 3054 1608 3111 consequens
1649 3054 1750 3105 est.
1789 3044 1842 3098 in

1933 575 2009 627 rei
2041 575 2244 629 veritas
2275 583 2534 643 emergat.
2566 572 2720 639 Quod
2769 573 3066 645 Agrigento
3112 572 3497 643 Carthaginem

1932 666 2153 719 solverit
2181 663 2479 735 Gregorius
2505 666 2680 735 pridie
2707 665 2827 721 Kal.
2866 666 3061 731 Iulias,
3095 681 3271 736 eoque
3306 680 3497 736 perve-

1932 756 2072 810 nerit
2096 763 2218 825 post
2240 756 2357 812 dies
2392 759 2447 821 3,
2479 757 2531 810 in
2573 758 2997 814 mntroversiam
3030 773 3136 813 non
3171 759 3336 823 venit,
3372 774 3494 812 nam

1932 863 1996 901 ex
2039 848 2316 905 luculento
2366 849 2577 905 Leontii
2628 849 2943 904 testimonio
3003 850 3288 905 discimus.
3340 848 3498 915 Quod

1934 939 2117 994 itidem
2152 938 2484 1010 Carthagine
2508 956 2633 995 cum
2672 939 2874 1004 Marco,
2915 940 3233 1010 Serapione,
3269 940 3501 996 Leontio

1938 1032 2222 1086 monachis
2248 1032 2523 1101 prolectus
2554 1029 2818 1103 Tripolim
2853 1032 3151 1096 advenerit,
3185 1033 3416 1102 expletis
3445 1033 3501 1085 in

1937 1122 2130 1178 itinere
2158 1123 2350 1178 diebus
2369 1124 2459 1189 20,
2504 1125 2687 1192 ibique
2714 1124 3024 1178 diversatus
3076 1138 3317 1179 mensem
3370 1123 3503 1177 inte-

1936 1228 2115 1281 grum,
2160 1213 2397 1282 indeque
2450 1213 2647 1266 iterum
2683 1212 2968 1280 navigans,
3005 1223 3351 1280 quatuorque
3375 1210 3500 1264 navi

1940 1305 2232 1375 impositus
2255 1320 2470 1360 menses
2495 1304 2757 1373 exegerit,
2780 1305 3106 1372 tandemque
3129 1302 3501 1374 Hierosolyma

1938 1396 2187 1460 subierit,
2232 1396 2304 1449 ita
2357 1403 2474 1449 uta
2518 1394 2866 1463 Carthaginis
2898 1393 3045 1448 abitu
3081 1396 3146 1448 ad
3198 1394 3504 1464 Hierosoly-

1938 1503 2155 1543 morum
2186 1489 2492 1557 ingressum
2523 1502 2738 1543 menses
2773 1488 3186 1542 interceSSerint
3222 1487 3254 1541 6
3286 1488 3369 1541 Vel
3407 1490 3505 1541 alia

1938 1578 2069 1647 quid
2110 1580 2382 1650 amplius.
2438 1579 2698 1635 Leontius
2736 1595 2891 1649 teque
2926 1579 3193 1650 perhibet,
3236 1588 3295 1633 ut
3322 1582 3505 1635 nullus

1940 1672 2032 1725 hic
2093 1668 2401 1740 ambigendi
2467 1670 2620 1724 locus
2675 1669 2934 1737 supersit.
2994 1669 3148 1736 Quod
3196 1685 3327 1725 vero
3381 1671 3506 1724 inde

1940 1752 2236 1818 Caietanus
2262 1761 2517 1816 conﬁciat
2558 1760 2928 1831 Hierosolyma
2976 1760 3293 1831 Gregorium
3339 1778 3504 1831 pene-

1941 1860 2120 1907 trasse
2146 1851 2386 1905 nondum
2416 1866 2560 1906 anno
2587 1851 2793 1920 elapso,
2826 1866 2891 1905 ex
2920 1866 3029 1920 quo
3056 1852 3230 1920 patria
3252 1853 3504 1915 evaserit,

1943 1960 2044 1999 nec
2073 1944 2231 2014 longe
2279 1959 2309 1997 a
2363 1942 2647 2004 Paschate.
2703 1943 2848 2012 quod
2891 1941 3149 1998 Leontius
3197 1940 3504 2000 conlectum

1943 2036 2257 2091 memorat6
2286 2035 2511 2105 Aprilis,
2529 2035 2677 2089 nullo
2700 2035 2862 2090 modo
2884 2036 3200 2104 probamus,
3224 2037 3268 2091 si
3289 2039 3505 2108 quidem

1943 2130 2137 2186 ducem
2162 2127 2374 2182 Leontii
2410 2127 2717 2189 hiStoriam,
2752 2139 2809 2181 ut
2845 2126 3070 2182 omnino
3101 2128 3183 2184 fas
3221 2139 3324 2194 est,
3352 2132 3505 2199 sequi

1945 2222 2218 2287 velimus;
2262 2219 2390 2288 quid
2442 2217 2630 2274 enim?
2658 2216 2874 2273 Marcus
2903 2220 3094 2285 abbas,
3128 2221 3221 2290 qui
3256 2221 3509 2277 Hierosm

1945 2314 2088 2386 lyma
2136 2312 2460 2381 Gregorium
2513 2311 2736 2366 deduxit
2766 2312 2855 2365 die
2888 2314 3125 2367 secunda
3166 2328 3196 2368 a
3228 2331 3365 2370 nova
3402 2315 3510 2369 Do.

1946 2406 2166 2469 minica,
2189 2418 2311 2473 qua:
2338 2403 2558 2457 unicum
2592 2400 2825 2467 Pascha,
2854 2401 2999 2471 quod
3040 2403 3239 2461 ibidem
3266 2404 3509 2473 celebras

1946 2497 2040 2562 vit,
2069 2504 2278 2560 secuta,
2307 2494 2568 2562 Tripolim
2594 2493 2763 2563 Syriae
2793 2494 3085 2563 demigrat,
3137 2511 3247 2567 quo
3292 2498 3509 2553 devenit

1946 2589 2069 2643 Kal.
2104 2585 2304 2649 Juniis,
2348 2586 2436 2640 ubi
2472 2599 2774 2639 conscensa
2808 2587 2952 2648 navi,
2988 2587 3041 2641 in
3076 2586 3317 2643 Siciliam
3352 2591 3526 2644 navi"

1944 2690 2036 2751 gat
2067 2698 2081 2745 ;
2122 2694 2233 2734 xvu
2265 2677 2384 2731 Kal.
2414 2675 2588 2732 Julias
2622 2676 2689 2731 ad
2725 2676 3075 2733 Pleuthiadas
3104 2695 3231 2734 oras
3265 2682 3510 2750 appellit,

1945 2773 2183 2842 indeque
2222 2773 2579 2841 Acragantem
2628 2769 2872 2835 ﬁuvium,
2919 2780 3085 2839 atque
3133 2772 3262 2827 hinc
3300 2772 3511 2830 Subur-

1946 2866 2094 2919 bium
2145 2864 2341 2932 primo,
2393 2864 2538 2932 quod
2579 2862 2883 2930 emporium
2914 2863 3389 2933 Agrigentinorum
3424 2864 3510 2920 «Ii-

1946 2967 2116 3018 ctum.
2138 2956 2261 3010 dein
2283 2955 2471 3009 urbem
2494 2953 2812 3024 ingreditur.
2836 2952 3016 3021 ibique
3037 2955 3123 3008 die
3149 2956 3511 3012 sanctissimis

1947 3052 2211 3121 apostolis
2236 3049 2397 3105 Petro
2428 3058 2480 3104 et
2503 3048 2674 3104 Paulo
2703 3062 2858 3102 saera
2906 3047 3315 3116 religiosissime
3340 3054 3511 3113 culta.

270 3151 480 3189 annum
516 3135 620 3190 560
654 3133 889 3190 conferri
930 3148 1036 3187 non
1070 3147 1233 3201 posse
1284 3132 1530 3202 Gregorii
1559 3135 1625 3188 ad
1657 3134 1838 3190 Eccle-

1944 3146 2201 3217 postridie
2243 3143 2493 3212 contigit,
2545 3148 2603 3194 ut
2659 3138 2901 3210 Gregorii
2951 3152 3189 3208 parentes
3235 3142 3303 3195 ad
3333 3143 3513 3197 urbem

272 3228 413 3282 siam
442 3242 595 3282 suam
627 3226 881 3280 reditum.
908 3223 1041 3278 Cum
1070 3238 1195 3278 vero
1225 3223 1280 3277 in
1326 3226 1551 3293 reliquis
1580 3224 1843 3281 Iustinia-

272 3320 332 3374 ni
364 3318 387 3374 Ξ
415 3319 576 3373 annis
615 3332 892 3386 nunquam
926 3316 1133 3370 incidat
1173 3315 1231 3370 II
1270 3314 1603 3386 Septembris
1642 3318 1759 3372 dies
1790 3318 1844 3371 in

273 3410 469 3464 teriam
501 3408 554 3474 7,
610 3423 756 3464 anno
806 3408 951 3463 enim
1004 3407 1101 3461 561
1170 3408 1427 3461 convenit
1480 3408 1535 3461 in
1566 3407 1758 3463 feriam
1790 3410 1842 3470 I.

273 3514 424 3554 anno
442 3499 549 3555 562
578 3498 632 3554 in
673 3497 864 3552 feriam
896 3499 951 3565 2,
982 3512 1127 3552 anno
1164 3496 1269 3552 565
1295 3497 1348 3550 in
1389 3496 1578 3553 feriam
1608 3500 1661 3565 5,
1702 3513 1846 3552 anno

273 3592 381 3648 564
405 3596 460 3646 in
500 3591 691 3646 feriam
726 3589 781 3654 5,
810 3606 956 3643 anno
983 3590 1090 3644 565
1120 3590 1173 3643 in
1209 3590 1399 3643 feriam
1424 3589 1480 3653 6,
1505 3590 1700 3645 doceat
1723 3601 1844 3645 tan—

274 3689 401 3739 dem
434 3683 754 3746 Caietanus,
781 3698 952 3752 ecqua
978 3683 1215 3736 ineunda
1246 3684 1352 3744 via,
1391 3698 1498 3752 qua
1524 3681 1842 3753 Gregorium

273 3776 759 3846 Agrigentinorum
818 3774 1136 3843 episcopum
1194 3775 1247 3827 in
1317 3773 1610 3829 Iustiniani
1667 3774 1844 3843 Magni

273 3876 523 3937 tempora
571 3869 1080 3930 conferamus,cutn
1112 3876 1221 3919 tam
1276 3868 1465 3928 multa,
1505 3882 1680 3936 eaque
1708 3881 1845 3935 pon-

274 3963 424 4014 deris
482 3959 791 4030 gravissimi
839 3967 1115 4028 comperta
1177 3958 1338 4012 nobis
1387 3961 1518 4021 sint,
1570 3973 1692 4027 quae
1722 3957 1846 4013 inde

275 4051 575 4118 abjiciant?

348 4143 463 4197 XII.
496 4143 649 4198 Nunc
668 4143 925 4213 quoniam
950 4158 1058 4197 non
1095 4142 1275 4197 stabili
1309 4141 1497 4197 nititur
1524 4141 1846 4198 fundamen-

272 4246 331 4291 to
363 4236 604 4302 Cajetani
634 4235 818 4302 opinio
848 4232 915 4289 de
941 4233 1226 4302 Gregorii,
1257 4234 1345 4288 cui
1370 4233 1623 4303 imputat,
1663 4241 1842 4294 aetate,

274 4326 628 4380 commodum
683 4325 847 4388 venit,
885 4332 942 4377 ut
992 4323 1118 4393 quid
1152 4324 1255 4378 hac
1283 4324 1351 4377 de
1386 4337 1445 4375 re
1470 4323 1723 4385 sentiam,
1754 4322 1845 4376 ali-

275 4416 499 4487 quando
549 4416 766 4470 tandem
817 4429 1138 4483 propooam.
1176 4412 1317 4480 Quid
1357 4429 1486 4468 vero
1516 4429 1838 4483 proponam,

1947 3235 2173 3288 venerint
2199 3232 2495 3287 necessaria
2524 3230 2836 3299 deferentes,
2861 3239 2916 3282 ut
2934 3241 3058 3282 nato
3074 3228 3227 3297 justo
3254 3232 3510 3300 facerent;

1944 3343 2003 3379 eo
2032 3326 2287 3395 siquidem
2314 3324 2398 3376 die
2449 3320 2732 3393 Gregorius
2798 3322 2920 3376 inde
2975 3321 3298 3377 abscesserat
3343 3325 3514 3393 pridie

1944 3417 2068 3472 Kal.
2091 3416 2293 3469 Iulias.
2324 3415 2604 3486 Lacrymis
2632 3414 2798 3486 igitur
2851 3414 3181 3485 planctuque
3208 3415 3336 3470 dum
3379 3415 3512 3471 infe—

1945 3512 2056 3565 rias
2082 3511 2303 3565 solvunt
2325 3510 2456 3571 ﬁlio,
2485 3522 2648 3577 quem
2673 3508 2999 3561 exstimtum
3031 3516 3341 3571 autumant,
3372 3507 3514 3563 Mar-

1946 3618 2046 3660 cus
2074 3603 2381 3657 monarhus
2398 3602 2573 3655 luctus
2588 3616 2810 3655 causam
2833 3600 2903 3654 ab
2924 3602 3181 3670 rpiscnpo
3204 3600 3514 3655 Potamione

1946 3694 2290 3753 sciscitatur.
2322 3694 2479 3762 eique
2514 3692 2804 3759 cpiscopus
2837 3703 2850 3741 :
2877 3690 3018 3742 Audi
3046 3691 3292 3758 (inquit),
3332 3691 3513 3754 Pater,

1933 3784 2053 3849 jam
2089 3795 2139 3837 te
2168 3784 2295 3852 quid
2325 3783 2422 3834 hac
2454 3784 2507 3833 in
2536 3782 2662 3833 urbe
2697 3780 2902 3835 duobus
2940 3780 3128 3835 abhinc
3179 3783 3334 3835 annis
3390 3797 3515 3835 eou-

1948 3876 2142 3945 tigerit,
2201 3873 2440 3927 edocebo.
2506 3872 2644 3923 'l‘um
2704 3887 2817 3925 rem
2870 3872 3208 3940 exsequitur,
3261 3887 3511 3936 narrans,

1946 3979 2087 4035 quos
2118 3966 2366 4034 lugentes
2407 3963 2641 4027 videret,
2673 3971 2929 4030 parentes
2965 3977 3086 4017 esse
3122 3960 3369 4032 Gregorii
3418 3979 3514 4017 ωε

1940 4056 2159 4126 jusdam
2184 4053 2399 4107 eximiae
2424 4052 2536 4120 spei
2568 4052 2953 4113 adolescentis,
3000 4050 3095 4119 qui
3143 4050 3511 4106 archidiaconi

1945 4147 2250 4216 disciplinae
2283 4146 2631 4199 concreditus
2669 4159 2735 4197 ex
2772 4144 3005 4198 civitatis
3035 4143 3208 4196 oculis
3252 4143 3512 4210 eruperit.

1946 4243 2058 4311 Age
2077 4239 2190 4309 jam
2233 4237 2279 4291 si
2308 4236 2607 4307 Gregorius
2666 4236 2858 4306 patriis
2909 4234 3111 4288 ﬁnibus
3156 4234 3292 4287 abiit
3343 4235 3516 4303 pridie

1950 4330 2069 4386 Kal.
2126 4329 2322 4395 Iulias,
2353 4332 2401 4384 si
2441 4330 2687 4397 sequenti
2716 4342 2861 4382 anno
2905 4327 3119 4382 Marcus
3178 4327 3344 4382 abbas
3390 4342 3515 4381 cum

1949 4423 2213 4494 Gregorio
2254 4422 2647 4491 Hierosolymis
2678 4422 2964 4474 Paschatis
2998 4420 3259 4475 solemnia
3286 4421 3513 4490 peregit,

275 4510 384 4564 nisi
409 4510 551 4576 quod
579 4524 644 4562 ex
695 4508 1002 4577 Menologio
1070 4506 1256 4562 Basilii
1290 4505 1305 4557 Ι
1335 4508 1475 4574 Aug.
1522 4509 1847 4561 auctoritate
1878 4512 1922 4566 D
1952 4519 2232 4585 alteroque
2263 4529 2293 4568 a
2324 4528 2460 4568 nova
2499 4511 2776 4565 Dominica
2808 4512 2897 4565 die
2939 4512 3063 4563 inde
3108 4511 3386 4581 digressus
3423 4512 3516 4566 de-

273 4608 449 4664 edito,
472 4615 541 4652 ex
580 4598 893 4653 Summario
938 4598 1284 4667 Gre-gorianse
1340 4599 1461 4649 vita:
1485 4596 1670 4651 Graece
1710 4598 1849 4651 scri-

274 4700 392 4759 pto,
426 4706 492 4744 ex
542 4689 726 4744 Nieeta
766 4693 1034 4744 monacho
1089 4690 1320 4754 Studite,
1369 4705 1433 4742 ex
1471 4687 1699 4743 Leontio
1749 4704 1848 4741 no-

277 4791 415 4843 stro,
447 4796 512 4834 ex
542 4780 907 4849 Metaphraste
938 4780 1245 4840 haurimus,
1284 4777 1351 4831 ad
1379 4794 1438 4832 ea
1480 4778 1687 4832 scilicet
1704 4777 1848 4832 refe-

277 4869 507 4923 rendum
544 4880 787 4938 tempora
828 4867 1147 4938 Gregorium
1181 4909 1198 4933 ,
1234 4869 1435 4936 quibus
1461 4866 1849 4921 Constantino-

277 4963 387 5031 poli
424 4965 766 5017 tncnmenica
800 4978 852 5017 vi
902 4965 1145 5031 synodus
1175 4961 1435 5014 adversus
1466 4959 1850 5015 Monotbelitas

276 5064 493 5119 coacta,
527 5054 860 5124 proindeque
902 5054 1106 5108 vixisse
1156 5053 1257 5107 sub
1288 5052 1459 5122 Augg.
1492 5050 1850 5106 Constantino

214 5132 217 5133 ν
278 5142 587 5214 Pogonato,
633 5157 688 5199 et
744 5144 1059 5199 Justiniano
1094 5143 1159 5207 Il,
1192 5144 1278 5198 cui
1317 5158 1346 5196 a
1390 5145 1584 5200 recisis
1623 5145 1850 5198 naribus

277 5250 425 5289 anno
453 5233 560 5289 695
604 5237 672 5288 ab
736 5235 983 5296 Leontio,
1037 5236 1130 5302 qui
1179 5237 1326 5303 regio
1382 5248 1412 5287 e
1456 5234 1847 5301 thronoejemt,

277 5326 621 5381 Rhinotmeti
671 5342 973 5397 cognomen
1036 5325 1302 5379 inditum?
1348 5323 1494 5379 Nihil
1525 5326 1693 5396 igitur
1725 5326 1850 5378 novi

277 5419 544 5485 aﬁ'eram;
599 5427 809 5474 tantum
853 5419 1103 5483 eﬁiciam,
1139 5433 1206 5471 ne
1265 5432 1426 5488 quem
1468 5416 1711 5485 Cajetani
1756 5434 1853 5471 no-

278 5512 448 5565 minis
472 5512 793 5576 auctoritas,
857 5527 980 5580 qute
1008 5510 1228 5580 quidem
1268 5524 1503 5571 summa,
1532 5525 1563 5563 e
1589 5510 1698 5564 veri
1740 5518 1853 5562 tra-

280 5604 413 5657 mite
458 5604 760 5672 propulset.

352 5695 495 5749 Xlll.
527 5694 807 5763 Principio
843 5694 1204 5762 componendi
1252 5694 1385 5747 mihi
1420 5692 1663 5762 Gregorii
1703 5693 1850 5756 anni,

276 5789 372 5855 qui
402 5805 431 5838 ει
464 5787 654 5854 μευ-ἐπ
684 5784 930 5839 disces-u
965 5786 1031 5838 ad
1085 5784 1335 5853 episcopi
1378 5783 1851 5855 inaugurationem

604 5879 870 5940 PATROL.
914 5877 1033 5938 Gn.
1072 5875 1334 5939 XCVIII.

1951 4609 2166 4662 sinente
2185 4604 2350 4661 Junio
2374 4606 2725 4675 Agrigentum
2764 4603 3028 4669 pervenit,
3076 4602 3360 4672 pridieque
3395 4601 3514 4657 Kal.

1949 4699 2120 4755 Julias
2151 4696 2401 4769 Gregorii
2434 4703 2684 4766 parentes
2713 4694 2859 4747 videt
2890 4694 3037 4760 justa
3071 4692 3183 4746 lilio
3230 4695 3515 4754 facientes.

1950 4796 2098 4841 certe
2121 4787 2335 4856 quidem
2368 4801 2433 4840 eo
2464 4786 2551 4839 die
2596 4800 2738 4839 unus
2792 4783 3164 4838 numerandus
3210 4797 3409 4849 annus,
3449 4800 3513 4837 ex

1951 4893 2060 4946 quo
2085 4877 2347 4931 Chariten
2400 4885 2454 4931 et
2493 4875 2766 4930 Theodoto
2794 4873 3174 4927 dulcissimum
3221 4875 3514 4941 optimum-

1951 4982 2058 5038 que
2091 4970 2286 5038 pignus
2327 4968 2650 5021 amiserunt.
2684 4966 2897 5019 Atenim
2926 4964 3214 5032 episcopus
3238 4963 3515 5037 biennium

1952 5066 2139 5111 narrat
2166 5074 2179 5109 :
2206 5072 2490 5126 perperam
2525 5058 2691 5126 igitur
2720 5055 3012 5109 Caietanus
3040 5054 3259 5107 unicum
3296 5067 3516 5121 percen-
3582 5085 3602 5125 ,-

1952 5157 2033 5201 set
2072 5163 2298 5210 annum,
2325 5163 2391 5201 ex
2431 5162 2541 5216 quo
2582 5146 2879 5216 Gregorius
2913 5144 3088 5214 patria
3126 5144 3292 5198 domo
3329 5158 3516 5199 exces-
3565 5137 3585 5155 '

1954 5237 2107 5301 serit.
2143 5253 2197 5294 et
2223 5238 2434 5293 Marcus
2457 5237 2704 5308 Gregorii
2742 5235 2936 5290 ductor
2966 5233 3513 5305 Hierosolymitanam

1956 5330 2022 5384 ad
2064 5330 2559 5400 peregrinationem
2592 5329 2943 5399 Agrigentum
2989 5326 3384 5396 Hierosolymis
3424 5332 3518 5381 aii-

1954 5424 2120 5478 venit.
2147 5422 2311 5488 Quid,
2347 5422 2491 5492 quod
2513 5422 2757 5491 ejusdem
2788 5420 2990 5474 biennii
3033 5419 3382 5475 manifestum
3424 5435 3518 5476 ex-

1954 5522 2065 5565 stat
2087 5512 2374 5581 vestigium
2396 5512 2452 5564 in
2481 5526 2684 5572 rerum,
2711 5524 2847 5579 quas
2880 5508 3140 5579 Leontius
3174 5510 3516 5578 exsequitur,

1956 5602 2266 5657 narratione
2295 5618 2325 5655 a
2378 5601 2627 5672 Gregorii
2661 5616 2888 5656 excessu
2913 5598 2978 5655 ad
3014 5599 3515 5671 Hierosolymorum

1957 5694 2270 5757 adventum,
2300 5695 2483 5764 ibique
2512 5704 2636 5748 acta
2677 5693 2953 5763 paschalia
2981 5694 3004 5747 ?
3035 5694 3124 5748 Ait
3152 5696 3350 5764 primo,
3386 5694 3517 5750 Gre-

1957 5784 2169 5855 gorium
2197 5786 2519 5856 Carthagine
2559 5786 2793 5855 hospitio
2831 5796 3114 5856 exceptum
3140 5787 3208 5840 ab
3233 5786 3347 5857 ipse
3383 5800 3509 5841 nau-

3036 5880 3110 5941 38
