3934 6490
528 389 670 454 1195

1405 377 1501 439 DE
1543 375 1799 436 [ETATE
1831 375 1889 432 S.
1919 366 2295 432 GREGORII
2355 359 2860 423 AGRIGENTINI

3638 349 3766 411 1196

522 499 814 569 θιὼ-0,(ιυὶ
869 496 999 550 illuc
1048 488 1518 551 deduxeranttbi
1567 500 1742 538 rerum
1799 482 2168 536 diuinaruntA
2269 474 2443 526 674..
2528 510 2540 523 .
2619 509 2631 520 .
2714 508 2726 520 .
2809 508 2820 519 .
2906 510 2916 518 .
2997 503 3012 517 .
3095 504 3107 515 .
3189 503 3199 513 .
3281 501 3294 513 .
3382 499 3395 512 .
3478 497 3492 510 .
3573 498 3586 511 .
3676 501 3686 510 .
3758 497 3773 510 .

525 587 1053 651 mmmentationibus
1107 583 1314 636 deditus
1370 589 1482 648 post
1531 579 1748 630 biduum
1787 571 2096 640 aliquando,

525 684 809 757 aliquando
869 688 983 750 post
1064 678 1336 737 triduum,
1401 683 1774 738 nonnunquam
1840 667 2098 732 integrant

523 754 683 835 etiam
715 771 1094 829 hebdomadam
1109 767 1326 836 jejunus
1384 763 1677 830 transigere
1708 775 1727 823 ;
1773 765 1939 826 atque
1975 754 2099 808 hinc

526 869 818 938 intelligas,
874 877 983 916 non
1031 857 1301 930 pauxillos
1342 854 1459 908 dies
1510 865 1717 906 moram
1770 846 2101 914 Carthagine

527 933 725 1017 fecisse
756 954 1100 1023 Gregorium.
1157 945 1402 1003 Subinde
1460 950 1747 1002 memorat,
1803 945 1968 992 tantae
2021 933 2096 987 rei

527 1053 780 1109 nuntium
831 1041 1287 1103 admirabundum
1329 1035 1598 1105 hospitem
1624 1031 1877 1086 retulisse
1908 1026 2100 1082 civita-

528 1147 600 1201 tis
633 1151 912 1214 episcOpo,
940 1135 1033 1206 qui
1066 1130 1387 1202 Gregorium
1420 1126 1524 1182 sibi
1570 1122 1800 1178 arcessit
1833 1137 1848 1186 ;
1905 1126 2100 1188 praesto

529 1209 856 1304 Gregorium
885 1229 1056 1283 fuisse
1082 1243 1095 1279 :
1126 1224 1290 1278 rebus
1321 1218 1596 1280 omnibus,
1621 1228 1762 1285 quas
1787 1227 1816 1266 a
1843 1209 2100 1280 pontifice

531 1335 774 1396 rogatus,
801 1320 996 1376 fecisse
1029 1316 1162 1372 satis
1201 1331 1214 1368 :
1255 1321 1368 1366 tum
1398 1309 1617 1363 demum
1671 1301 1912 1372 petiisse,
1973 1313 2102 1352 san-

531 1431 616 1474 ete
658 1418 761 1473 sibi
812 1415 1219 1483 apprecaretur,
1256 1417 1366 1472 quo
1415 1397 1706 1453 consilium
1753 1408 1911 1447 suum
1944 1403 2098 1445 sacra

533 1507 1037 1576 Hierosolymorum
1096 1497 1214 1550 lora
1273 1489 1532 1546 adorandi
1591 1487 1794 1555 optime
1839 1483 2097 1537 cederet:

537 1605 734 1664 iniusta,
794 1572 1028 1667 propitia
1083 1589 1382 1644 ominatum
1433 1580 1772 1650 episcopum,
1829 1572 2102 1641 simulque

536 1663 727 1750 orasse
759 1663 910 1758 apud,
927 1687 1096 1754 ipsum
1126 1679 1195 1734 ad
1228 1679 1386 1747 festos
1415 1687 1583 1742 usque
1633 1676 1940 1736 sanctosque
1989 1663 2099 1716 dies

539 1793 770 1841 maneat.
801 1779 899 1834 Hic
924 1789 1109 1847 quaero
1149 1771 1370 1842 quinam
1397 1766 1452 1819 hi
1480 1763 1628 1824 festi,
1651 1759 1936 1827 sanctique
1960 1755 2098 1818 dies,

541 1879 644 1932 nisi
675 1881 768 1928 aut
796 1867 1000 1925 Christi
1036 1861 1266 1925 Natalia,
1295 1865 1389 1912 aut
1422 1851 1707 1910 Paschalia
1733 1850 1756 1902 ?
1799 1847 1939 1916 Ergo
1977 1859 2100 1899 cum

538 1965 1044 2034 Carthaginiensem
1113 1955 1430 2024 episcopum
1488 1943 1743 2002 convenit
1788 1938 2104 2009 Gregorius,

542 2077 647 2116 non
679 2055 868 2130 procul
901 2054 1087 2108 aberat
1137 2048 1252 2102 sive
1294 2040 1493 2098 natalis
1544 2035 1752 2093 Christi
1805 2033 1944 2097 dies,
1995 2029 2109 2083 sive

544 2154 748 2209 Pascha
779 2168 791 2202 :
823 2147 948 2217 quis
969 2143 1115 2198 enim
1148 2139 1250 2194 sibi
1297 2134 1547 2198 suadeat,
1589 2126 1944 2200 pr0posuisse
1997 2121 2111 2192 epi-

543 2258 767 2314 scopum
835 2215 898 2293 ad
956 2233 1224 2290 diutinum
1277 2237 1492 2294 tempus
1550 2218 1778 2276 detineri
1833 2215 2108 2270 hominem

544 2303 920 2407 prolicisceudi
966 2321 1236 2380 desiderio
1257 2313 1613 2387 ﬂagrantem?
1635 2308 1851 2365 Interim
1875 2303 2112 2376 (subiicit

546 2395 825 2492 Leontius)
856 2419 1095 2474 nondum
1146 2413 1334 2467 aderat
1367 2408 1583 2462 Marcus
1637 2403 1827 2466 abbas,
1876 2398 1969 2467 qui
2016 2395 2112 2449 Dei

547 2521 758 2574 monitu
788 2487 1110 2580 Gregorium
1144 2500 1522 2571 Hierosolyma
1566 2495 1888 2568 perduceret
1916 2507 1928 2543 :
1962 2487 2116 2542 adest

544 2612 763 2666 tandem
825 2619 950 2659 cum
1010 2597 1347 2666 Serapione,
1408 2601 1461 2646 et
1508 2585 1754 2650 Leontio,
1801 2580 2116 2646 exactisque

545 2699 878 2768 Carthagine
906 2701 1141 2764 quatuor
1166 2686 1392 2742 omnino
1415 2681 1631 2741 diebus,
1663 2692 1770 2732 una
1810 2686 2000 2729 omnes
2029 2670 2115 2724 di-

548 2795 891 2868 grediuntur.
927 2784 992 2839 Et
1020 2796 1150 2837 vero
1172 2794 1296 2834 cum
1332 2775 1622 2832 considero
1641 2769 1940 2825 exhaustos
1978 2763 2116 2818 mari

549 2860 870 2952 aGregorio
921 2889 1044 2929 cum
1099 2867 1390 2925 monachis
1446 2876 1664 2918 menses
1717 2860 1771 2924 5,
1827 2863 2116 2927 postquam

548 2943 878 3047 Carthagine
930 2965 1288 3028 recesserint,
1337 2967 1398 3014 ut
1444 2963 1658 3028 portum
1712 2950 1947 3019 aliquem
1999 2943 2122 3000 sub-

561 3076 724 3133 irent,
753 3033 895 3120 unde
917 3058 1289 3126 Hierosolyma
1312 3050 1521 3122 pedites
1559 3041 1970 3102 contenderent,
2006 3033 2123 3089 nul-

557 3167 646 3218 lus
675 3123 940 3221 dubitem,
994 3150 1126 3222 quin
1172 3123 1432 3212 suscepta
1481 3139 1554 3193 sit
1598 3130 1872 3202 navigatio
1924 3123 2124 3182 clausis
2150 3142 2196 3204 ς
2228 3123 2346 3177 Kal.

557 3254 801 3307 maribus
840 3245 1087 3318 proxime
1135 3233 1340 3293 Christi
1401 3229 1646 3294 Natalia;
1683 3238 1808 3280 cum
1863 3227 2123 3289 opportu-

559 3343 696 3398 niori
747 3307 874 3392 andi
919 3337 1241 3400 tempestate
1293 3337 1362 3377 ne
1415 3318 1622 3374 mensis
1664 3313 1884 3384 quidem
1935 3307 2128 3362 fuisset

557 3434 746 3503 pelago
793 3396 1180 3481 absoluendus.
1232 3415 1417 3481 Itaque
1465 3409 1512 3464 si
1550 3423 1581 3461 a
1622 3399 1968 3469 Carthaginis
2016 3396 2128 3450 dis-

560 3538 716 3579 cessu
746 3519 813 3573 ad
853 3509 1211 3582 navigationis
1247 3507 1454 3560 exitum
1490 3512 1707 3553 menses
1740 3494 1773 3548 6
1821 3491 1927 3546 acti
1979 3488 2128 3558 (nam

565 3612 854 3672 mensemt
893 3601 1099 3674 Tripoli
1124 3597 1467 3661 consedere),
1491 3592 1645 3661 sique
1699 3582 1978 3641 Decembri
2014 3577 2128 3632 vela

565 3700 894 3768 Carthagine
924 3667 1121 3753 fecere,
1152 3703 1234 3742 nae
1268 3679 1630 3753 navigationis
1671 3676 1795 3729 ﬁnis
1843 3667 2130 3739 impositus

565 3797 751 3855 Junio,
801 3792 1047 3858 ideoque,
1097 3781 1407 3841 minimum,
1457 3772 1604 3827 Julio
1637 3764 2014 3833 Hierosolyma
2049 3760 2128 3812 in-

568 3852 762 3957 gressi,
795 3892 906 3935 tum
938 3852 1082 3946 quod
1131 3872 1219 3925 illa
1270 3867 1500 3921 nimium
1558 3866 1822 3930 quantum
1869 3852 2050 3908 absint
2101 3861 2132 3900 a

571 3943 731 4038 litari,
787 3987 899 4028 tum
959 3966 1103 4038 quod
1142 3966 1244 4018 iter
1277 3955 1496 4014 nonnisi
1522 3953 1771 4022 pedestre
1798 3943 2130 4001 confectum.

571 4032 760 4126 iamne
788 4032 1010 4134 apparet
1038 4055 1271 4114 Pascha,
1328 4047 1473 4119 quod
1529 4036 1924 4106 Hierosolymis
1968 4032 2136 4088 coluit

572 4123 891 4230 Gregorids,
925 4167 1031 4206 non
1065 4149 1327 4219 primum,
1358 4140 1450 4196 sed
1483 4138 1709 4191 alterum
1755 4130 1946 4191 fuisse,
1991 4123 2136 4194 quod

572 4218 952 4309 celebrandum
980 4218 1240 4301 occurrit,
1288 4241 1576 4304 postquam
1615 4222 1846 4295 patriam
1881 4218 2137 4273 deserue-

575 4344 686 4398 rit?
715 4340 808 4393 His
839 4333 1050 4406 positis,
1076 4339 1343 4383 canonetn
1377 4321 1524 4374 hunc
1568 4312 1875 4371 instituam,
1927 4304 2021 4376 qui
2070 4301 2136 4355 ad

577 4447 801 4489 examen
835 4423 1064 4481 subinde
1105 4415 1412 4478 vocabitur,
1444 4422 1553 4479 quo
1602 4419 1710 4468 res,
1751 4413 1872 4471 quae
1925 4397 1978 4450 in
2022 4408 2136 4448 me-

578 4528 728 4581 dium
755 4519 921 4582 venit,
954 4509 1286 4584 ponderibus
1321 4503 1438 4560 suis
1480 4501 1746 4554 tirmetur.

652 4610 790 4666 XIV.
831 4610 980 4662 Anno
1010 4600 1231 4655 Christi.

651 4665 775 4756 669.
803 4694 980 4752 Pridie
1003 4689 1116 4744 Kal.
1161 4685 1333 4741 Julias
1373 4680 1664 4750 Agrigento
1711 4669 1874 4726 solvit
1919 4665 2144 4756 Cartha-

583 4797 759 4867 ginem
781 4784 1098 4854 Gregorius,
1131 4779 1223 4834 ubi
1263 4782 1385 4845 post
1408 4773 1522 4827 dies
1551 4778 1660 4824 tres
1698 4757 1981 4820 exscendit
2012 4754 2140 4810 inde

585 4888 860 4954 digressus
895 4889 1080 4930 mense
1101 4867 1404 4927 Decembri.

654 4942 777 5034 670.
838 4969 1072 5043 Appellit
1114 4963 1374 5034 Tripolim
1430 4969 1615 5013 mense
1655 4945 1933 5008 Januario,
1970 4942 2149 5010 ibique

591 5084 775 5131 mense
813 5039 1086 5121 transacto
1107 5056 1320 5124 navigat
1350 5053 1568 5112 iterum,
1597 5039 1969 5105 coniectisque
2001 5048 2151 5088 tuen-

591 5163 745 5217 sibus
771 5158 804 5210 4
825 5196 840 5220 ,
881 5148 1250 5216 Hierosolyma
1282 5143 1428 5196 venit
1455 5137 1598 5192 Julio
1628 5145 1838 5188 mense.

655 5214 956 5323 3M6“.
978 5214 1364 5307 Hierosolymis
1384 5229 1592 5286 Pascha
1612 5223 1917 5282 celebratur
1934 5217 1967 5273 6
1993 5214 2151 5285 Apri-

592 5306 1072 5399 lisvszjentecoste
1099 5306 1340 5384 diaconis
1362 5329 1680 5377 accensetur
1715 5330 1745 5368 a
1774 5310 2010 5366 Macario
2032 5306 2150 5376 epi-

594 5445 808 5502 scopo;
845 5424 1040 5482 deinde
1072 5422 1127 5476 in
1177 5415 1449 5472 Olivetum
1511 5418 1746 5465 montem
1798 5403 1932 5466 abit,
1960 5413 2153 5454 mona-

593 5491 823 5582 chorum
853 5518 993 5571 lares
1025 5514 1294 5583 peragrat,
1338 5504 1394 5558 in
1424 5503 1599 5572 iisque
1646 5510 1848 5552 annum
1881 5491 2048 5560 degit.

651 5613 790 5668 δη.
836 5610 918 5664 Ex
945 5607 1155 5664 Oliveto
1179 5597 1384 5658 secedit
1411 5595 1464 5650 in
1489 5607 1755 5654 eremum,
1781 5589 1869 5642 ubi
1901 5587 2031 5641 vivit
2061 5600 2159 5638 an-

599 5721 700 5762 DOS
728 5720 800 5757 IV.

693 5792 2158 5848 675................

2273 676 2398 730 676.
2435 675 2507 728 Ex
2537 687 2722 728 eremo
2756 670 2894 725 redit
2927 664 3324 734 Hierosolyma,
3365 661 3550 730 ibique
3571 661 3777 728 integro

2202 791 2348 832 anno
2380 775 2649 829 considet.

2273 877 2396 932 677.
2428 874 2815 945 Hierosolymis
2855 870 3126 938 demigrat
3155 865 3503 920 Antiochiam
3560 879 3614 916 tr
3664 862 3780 915 ldus

2201 978 2423 1047 Aprilis,
2457 986 2811 1043 moraturque
2836 986 3041 1025 annum
3068 985 3106 1022 ι.

2271 1077 2393 1131 678.
2429 1076 2717 1130 Antiochia
2759 1072 2976 1128 divenit
3027 1065 3584 1133 Constantinopolim,
3626 1063 3715 1114 ubi
3751 1079 3776 1113 a

2202 1169 2487 1224 Theodoro
2521 1167 2824 1237 patriarcha
2850 1165 3149 1225 detinetur,
3176 1173 3287 1229 quo
3324 1156 3543 1210 indictae
3580 1155 3778 1224 synodo

2203 1261 2550 1316 oecumenicaa
2586 1256 2820 1313 intersit.

2273 1461 2396 1519 680.
2433 1460 2680 1518 Concilio
2713 1474 2762 1512 γι
2792 1455 3155 1514 ωρυηιειιὶεο,
3189 1466 3249 1504 ιιι
3279 1448 3780 1513 Constantinopoli-

2204 1566 2332 1609 tano
2349 1554 2524 1616 adest,
2552 1549 2792 1619 episc0pi
2831 1544 3073 1599 Sat-dicae
3099 1540 3438 1596 Constantia:
3467 1536 3631 1606 Cypri
3666 1552 3776 1605 per-

2204 1661 2395 1700 sonam
2452 1657 2666 1714 gerens,
2728 1637 3088 1703 hzercsimque
3143 1630 3627 1686 Monothelitarum
3665 1643 3781 1696 pro-

2203 1737 2373 1808 ﬂigat.

2276 1837 2400 1892 68L
2423 1827 2889 1897 Constantinopoli
2923 1825 3130 1895 appetit
3162 1823 3412 1881 Romam,
3448 1834 3611 1888 quam
3650 1817 3764 1871 subi

2209 1948 2262 1986 XI
2301 1929 2417 1983 Kal.
2454 1925 2644 1988 Julias,
2687 1923 2884 1977 exinde
2932 1918 3222 1986 episc0pus
3257 1912 3542 1983 Agrigenti
3597 1927 3785 1963 renun.

2212 2023 2372 2075 tiatur
2389 2035 2419 2073 a
2439 2013 2826 2074 Panormitano
2847 2009 3126 2078 Agathone
3149 2006 3209 2059 P.
3251 2003 3342 2064 Μ..
3371 2019 3496 2056 nios
3529 2002 3782 2070 Agrigen-

2211 2121 2325 2165 tum
2383 2107 2656 2179 profectus
2701 2117 2833 2157 xvttl
2883 2099 3001 2153 Kal.
3056 2096 3439 2166 Septembres,
3476 2093 3666 2146 urbem
3714 2091 3782 2141 in-

2217 2202 2457 2275 greditur
2488 2216 2574 2254 va
2615 2195 2733 2250 Kal.
2772 2193 3059 2248 Octobres.

2287 2301 2473 2357 XV.A
2505 2297 2751 2367 Gregorii
2785 2294 2910 2363 fuga
2959 2291 3131 2362 patria
3189 2305 3220 2344 e
3273 2289 3438 2342 domo
3487 2287 3556 2338 ad
3605 2286 3782 2338 initum

2213 2395 2578 2467 Agrigentinte
2604 2387 2870 2445 Ecclesia:
2897 2385 3290 2456 pontiﬁcatum,
3323 2381 3390 2434 15
3425 2379 3557 2433 anni
3588 2387 3785 2445 prater-

2215 2464 2323 2539 iere
2357 2464 2381 2538 7:
2419 2480 2645 2537 totidem
2703 2477 2852 2533 enim
2908 2482 3160 2529 numerat
3220 2470 3485 2525 Chariton
3538 2464 3782 2536 'Gregorii

2216 2588 2388 2649 pater,
2447 2575 2575 2629 dum
2626 2571 2691 2626 de
2746 2569 2951 2624 amisso
3008 2566 3116 2619 lilio
3161 2564 3332 2618 ﬁlium
3395 2562 3600 2630 ipsum,
3638 2574 3780 2626 quem

2219 2669 2395 2724 adhuc
2445 2681 2550 2721 non
2603 2668 2917 2730 agnoverat,
2973 2657 3158 2711 Romae
3215 2655 3418 2717 docet;
3453 2651 3641 2704 Romae
3673 2663 3786 2699 vero

2220 2760 2403 2814 aderat
2434 2771 2556 2812 cum
2581 2750 2950 2824 Agrigentinis
2977 2747 3210 2808 caeteris,
3242 2745 3336 2814 qui
3377 2742 3498 2796 dari
3543 2741 3641 2794 sibi
3682 2738 3786 2806 epi-

2225 2863 2448 2918 ssopum
2483 2844 2833 2917 postulabant
2861 2856 2891 2894 a
2924 2839 2983 2893 P.
3019 2837 3115 2903 M.,
3146 2836 3365 2906 quando
3398 2833 3636 2903 populus
3655 2832 3786 2884 varia

2223 2943 2279 2996 in
2311 2940 2490 2998 studia
2515 2937 2726 2992 divisus
2755 2935 2810 2989 in
2835 2948 2959 2988 eum
2984 2927 3424 2986 constituendum
3451 2941 3560 2979 non
3585 2924 3788 2991 conspi-

2224 3040 2460 3087 raverat.
2494 3027 2614 3084 Jam
2653 3029 2698 3082 si
2746 3026 2920 3096 patria
2967 3036 3222 3092 egressus
3275 3018 3574 3086 Gregorius
3634 3015 3790 3085 pridie

2380 3121 2550 3177 Julias
2573 3120 2706 3173 anni
2731 3117 2855 3182 669,
2887 3115 3077 3170 eodem
3109 3111 3198 3164 die
3227 3110 3354 3163 anni
3391 3109 3489 3161 681
3529 3106 3788 3159 numerari

2225 3225 2434 3284 cceptus
2482 3227 2660 3266 annus
2710 3211 2777 3264 15
2821 3224 2886 3262 ex
2939 3219 3050 3276 quo
3104 3213 3256 3274 pater
3315 3201 3641 3255 suavissimo
3693 3197 3784 3250 tilit

2226 3307 2460 3363 carebat.
2503 3302 2619 3358 Huc
2671 3299 2901 3364 accedit,
2951 3313 3078 3352 eum
3136 3295 3442 3350 Romanum
3493 3290 3789 3360 pontiﬁcem

2228 3409 2421 3448 manus
2457 3389 2702 3458 Gregorii
2742 3388 2907 3458 capiti
2964 3384 3290 3454 imposuisse
3329 3381 3789 3452 Agrigentinorum

2228 3487 2484 3555 episcopo
2513 3481 2768 3544 creando,
2800 3479 2890 3549 qui
2921 3489 2976 3533 et
3004 3479 3229 3548 legatos,
3262 3485 3318 3529 et
3345 3473 3629 3544 episcopos
3654 3486 3792 3525 cecu-

2232 3574 2455 3629 menicaa
2486 3572 2699 3643 synodo
2747 3571 2988 3634 miserat,
3025 3568 3166 3636 quod
3198 3582 3262 3621 ex
3304 3565 3531 3620 Leontio
3575 3573 3791 3621 constat,

2232 3667 2390 3733 cujus
2412 3667 2525 3718 haec
2557 3663 2719 3717 verba
2749 3679 2762 3714 :
2806 3661 2911 3716 Sed
2939 3660 3166 3728 episcopi
3210 3659 3264 3710 in
3294 3658 3580 3710 concilium
3615 3673 3645 3706 a
3679 3671 3792 3721 pon-

2234 3760 2369 3827 tifice
2402 3757 2551 3810 missi
2574 3753 2813 3824 Gregorii
2839 3752 3084 3806 adventui
3113 3759 3490 3803 anteeertentes
3513 3748 3787 3816 pontiﬁcem

2233 3849 2402 3915 ipsum
2447 3846 2754 3906 docuerant,
2785 3840 3022 3911 Gregorii
3052 3840 3245 3893 virtute
3289 3855 3355 3891 ac
3397 3839 3658 3906 sapientia
3700 3838 3791 3887 Inr-

2235 3939 2514 3992 reticorum
2548 3934 2834 3987 audaciam
2882 3930 3336 4000 petulantiamque
3372 3944 3681 3996 repressam.
3714 3925 3792 3977 Iu-

2239 4038 2376 4082 terea
2404 4026 2529 4078 dum
2561 4023 2740 4076 Roma:
2771 4022 2908 4091 degit
2969 4019 3277 4088 Gregorius,
3329 4019 3470 4072 diem
3520 4019 3626 4070 obit
3664 4019 3796 4084 Agri-

2236 4118 2476 4189 gentinus
2539 4115 2810 4183 episcopus
2871 4109 3236 4180 (Theodorus)
3317 4125 3616 4177 magnaque
3684 4107 3794 4159 adeo

2237 4207 2510 4277 Agrigenti
2537 4205 2722 4257 seditio
2744 4213 2949 4266 coorta,
2985 4200 3165 4252 turbas
3202 4200 3443 4269 agitante
3471 4200 3698 4268 populo:
3726 4210 3791 4250 at.

2238 4317 2334 4370 que
2367 4300 2420 4351 Iti
2445 4297 2651 4366 quidem
2671 4293 2924 4349 Sabinum
2963 4293 3342 4362 presbyterum,
3360 4305 3544 4345 contra
3565 4292 3644 4345 illi
3663 4292 3800 4346 Cres-

2239 4403 2434 4446 centem
2452 4392 2730 4444 diaconum
2744 4389 3019 4459 eligebant.
3045 4385 3254 4439 Interea
3276 4385 3467 4438 delecti
3485 4401 3550 4438 ex
3570 4385 3803 4455 Agrigen-

2169 4481 2213 4536 D
2243 4487 2356 4542 tina
2383 4483 2642 4546 Ecclesia,
2671 4490 2825 4551 atque
2858 4495 2920 4534 ex
2941 4478 3182 4548 ﬁnitimis
3205 4478 3468 4547 primores
3498 4479 3802 4530 maritimum

2246 4577 2345 4630 iter
2375 4576 2598 4646 ingressi
2629 4573 2850 4627 Romam
2874 4572 3186 4639 trajiciunt,
3218 4569 3491 4639 postulant
3533 4587 3566 4622 a
3587 4569 3806 4637 pontiﬁce

2245 4669 2346 4725 sibi
2376 4670 2674 4737 episcopum
2702 4664 2894 4719 creari.
2933 4662 3104 4718 Porro
3143 4662 3382 4731 Agatho,
3422 4677 3537 4731 quo
3576 4662 3804 4732 pontiﬁce

2246 4768 2434 4815 coacta
2447 4755 2916 4824 Constantinopoli
2946 4753 3185 4824 synodus
3216 4753 3583 4819 (acumenica,
3622 4755 3744 4807 obiit
3763 4765 3805 4803 tr

2247 4852 2374 4908 ldus
2395 4850 2682 4907 Januarias
2702 4849 2830 4903 anni
2851 4846 2974 4906 682,
2996 4860 3229 4913 eumque
3245 4855 3494 4900 secutum
3511 4845 3811 4915 interponu-

2251 4943 2431 4999 licium
2483 4941 2610 4996 anni
2669 4939 2834 4993 unius
2885 4937 3154 4992 mensium
3209 4934 3240 4985 7
3290 4935 3504 4992 dierum
3538 4937 3573 4989 5
3620 4936 3808 5004 (Anast.

2252 5032 2509 5089 Biblioth.
2559 5032 2614 5085 in
2675 5029 2920 5100 Agath.).
2973 5027 3106 5081 Cum
3155 5040 3285 5080 vero
3323 5024 3624 5096 Gregorius
3673 5023 3810 5078 simul

2253 5141 2319 5182 ac
2345 5125 2533 5179 Romae
2555 5119 3032 5194 Agrigentinorum
3065 5116 3354 5186 episcopus
3397 5116 3596 5181 audiit,
3645 5117 3738 5169 iter
3767 5117 3810 5167 in

2257 5214 2552 5270 Ecclesiam
2595 5226 2745 5265 suam
2779 5205 3106 5275 suscepisset
3138 5220 3273 5258 xvm
3312 5202 3433 5257 Kal.
3467 5203 3812 5272 Septembres,

2256 5307 2442 5372 conﬁt,
2469 5303 2686 5358 nonnisi
2725 5315 2870 5355 anno
2899 5297 2996 5352 68l
3032 5297 3403 5366 episcopatum
3426 5295 3617 5351 iniisse
3643 5313 3656 5360 ;
3686 5296 3816 5349 inde-

2258 5414 2362 5468 que
2421 5393 2718 5451 numeratis
2777 5400 2921 5445 retro
2973 5388 3133 5442 annis
3182 5387 3250 5441 l5
3289 5395 3350 5440 ut
3399 5388 3606 5456 epocha
3646 5386 3814 5456 ﬁgatur

2259 5485 2616 5558 Gregorifugii
2646 5500 2676 5538 e
2708 5484 2901 5552 patria,
2944 5480 3010 5533 ad
3046 5494 3248 5532 annum
3280 5478 3665 5547 perveniemus
3703 5475 3809 5534 669,

2260 5580 2577 5639 Caietanus,
2602 5574 2736 5628 nihil
2766 5572 2918 5640 pensi
2964 5571 3189 5630 habens,
3222 5568 3392 5634 quod,
3431 5583 3543 5635 quo
3586 5563 3810 5636 pontiﬁce

2262 5671 2428 5728 coivit
2456 5664 2920 5733 ConstantiImpoli
2956 5675 3148 5731 magna
3183 5659 3444 5730 synodus,
3479 5659 3662 5712 eodem
3698 5655 3803 5708 Gre-

2265 5764 2448 5834 gorius
2505 5759 2980 5828 Agrigentinorum
3020 5755 3196 5808 dictus
3238 5753 3556 5821 episcopus.
3589 5759 3798 5804 creatum
