4098 6490
334 368 469 437 1197
1666 373 1906 434 DlSSEl

2009 374 2191 434 \TIO.
3444 374 3585 441 1198

320 478 473 533 ilium
524 479 841 548 episcopum
899 480 1146 549 perhibet
1175 498 1205 535 a
1238 479 1473 552 Pelagio,
1506 484 1598 551 qui
1638 484 1905 539 successit
1932 492 1979 545 Α
2064 479 2224 534 XVII.
2260 480 2425 536 Venio
2448 496 2594 537 nunc
2622 482 2686 536 ad
2707 481 2987 538 Paschalis
3007 482 3401 548 characterem,
3422 494 3588 556 atque

321 570 540 642 Vigilio,
574 572 679 628 sub
717 586 828 643 quo
857 572 1102 643 synodus
1129 589 1159 626 v
1208 576 1542 630 (ecumenica
1593 574 1909 631 Constanti—
2012 573 2100 629 hic
2128 574 2210 629 vel
2236 589 2359 628 cum
2391 573 2620 629 Hercule
2657 589 2852 629 manus
2879 589 3167 631 conseram
3216 593 3229 631 :
3258 576 3393 631 adeo
3417 578 3588 632 victu-

322 667 502 734 nopoli
534 676 752 736 peracta
781 684 795 721 :
839 675 899 722 ut
940 665 1163 722 interim
1224 668 1498 736 omittam,
1552 669 1695 741 quod
1752 669 1904 724 illum
2010 665 2107 720 rite
2126 665 2468 732 certus.Quo
2495 680 2641 720 anno
2669 664 2964 736 Gregorius
2986 664 3378 739 Hierosolymis
3401 683 3586 725 versa-

319 755 521 830 Vigilio
565 759 855 814 suﬁ'ectum
908 758 1079 815 edicit
1128 774 1275 814 anno
1325 760 1470 827 555,
1532 776 1657 817 cum
1715 777 1910 833 reapse
2011 757 2172 811 batur
2226 773 2349 812 cum
2405 758 2583 813 tribus
2638 759 2926 813 monachis
2973 758 3193 825 Marco,
3252 758 3585 832 Serapione,

323 852 521 906 factum
573 853 758 908 isthuc
807 868 954 908 anno
994 853 1121 915 558,
1169 854 1311 922 quod
1370 863 1530 909 antea
1562 855 1905 911 demonstra-

324 943 541 1010 vimus;
596 944 691 999 sed
756 945 862 999 hoc
919 943 976 998 in
1018 944 1137 999 loco
1183 945 1339 998 venia
1376 946 1575 1014 dignus
1612 946 1907 1002 Caietanus

322 1036 576 1100 Baronio,
608 1035 838 1106 aliisque
888 1035 1182 1105 ascriptus,
1236 1037 1327 1106 qui
1382 1036 1661 1093 funebrem
1721 1037 1904 1111 Vigilii

316 1143 524 1181 annum
554 1129 776 1183 voluere
801 1126 1005 1182 Christi
1036 1127 1428 1198 Dionysianum
1452 1128 1580 1183 555.

389 1216 534 1274 XVI.
570 1217 728 1273 Nunc
756 1234 824 1273 an
867 1217 1325 1290 Chronologismo
1366 1230 1561 1275 nostro
1593 1220 1764 1275 ullum
1822 1220 1905 1274 fa-

317 1319 500 1365 cessat
556 1311 831 1379 negotium
884 1309 1099 1366 Lcontii
1154 1313 1607 1379 commentarius,
1636 1314 1903 1383 quemad-

322 1401 544 1456 modum
566 1402 830 1457 Caietano
861 1403 1161 1473 contigisse
1188 1405 1447 1473 vidimus,
1470 1421 1539 1461 an
1561 1422 1690 1461 vero
1718 1409 1904 1463 omnia

321 1494 376 1546 in
403 1492 496 1546 illo
523 1500 713 1547 exacta
753 1493 821 1547 ad
856 1491 1169 1549 Leontianas
1196 1494 1435 1550 historiae
1461 1512 1734 1561 normam,
1768 1514 1904 1553 con-

318 1585 691 1640 siderandum.
722 1584 991 1650 Primum,
1027 1586 1170 1655 quod
1209 1586 1473 1644 Caietano
1520 1590 1901 1660 opposuimus,

321 1676 541 1731 Macarii
589 1676 692 1731 fuit
736 1676 1261 1749 Hierosolymitanus
1296 1679 1659 1750 episcopatus,
1701 1683 1794 1752 qui
1846 1683 1901 1737 in

2007 847 2278 913 Leontio,
2319 848 2616 905 Paschales
2665 849 2813 904 feriae
2844 865 3128 921 occoepere
3165 851 3199 906 6
3241 852 3477 923 Aprilis,
3528 865 3589 910 ut
3662 918 3679 929 χ

2006 936 2267 1003 Leontius
2302 948 2488 994 noster
2527 940 2819 1009 signiﬁcat.
2861 940 2983 995 Jam
3028 957 3157 997 cum
3196 958 3342 998 anno
3384 945 3587 1001 Christi

2007 1028 2340 1100 Dionysiano
2369 1029 2466 1084 671
2506 1046 2572 1085 ex
2607 1032 2745 1101 cycli
2785 1033 2983 1086 solaris
3018 1048 3163 1088 anno
3190 1033 3223 1088 8
3244 1074 3258 1099 ,
3289 1034 3500 1091 lunaris
3530 1036 3585 1100 7,

2006 1121 2182 1176 littera
2209 1121 2530 1177 Dominicali
2554 1123 2617 1186 E,
2643 1125 2933 1178 terminum
2972 1124 3285 1180 Paschalem
3309 1126 3378 1179 30
3405 1126 3586 1182 Martii

2006 1214 2428 1280 nanciscamur,
2461 1215 2813 1285 intelligimus
2859 1217 3048 1286 ejusce
3094 1218 3224 1273 anni
3266 1217 3475 1275 Pascha
3528 1221 3585 1274 itt

2004 1305 2037 1358 6
2083 1306 2285 1376 Aprilis
2330 1306 2691 1369 convenisse,
2735 1322 2861 1361 nam
2916 1309 3187 1365 terminus
3230 1309 3284 1363 in
3325 1310 3516 1366 feriam
3556 1315 3580 1367 1

2004 1396 2162 1450 exiit.
2184 1395 2372 1467 Neque
2397 1397 2522 1468 quis
2545 1398 2860 1453 subdubitet
2882 1399 2949 1453 de
2973 1411 3194 1469 peracto
3218 1410 3332 1456 tum
3356 1403 3588 1458 Pascha-

2004 1500 2057 1543 te
2100 1488 2487 1560 Hierosolymis
2520 1490 2826 1546 eademmet
2854 1492 2977 1555 die,
3025 1508 3131 1562 qua
3175 1493 3319 1563 apud
3363 1505 3588 1551 caeteras

1958 1580 1967 1587 ’
2001 1579 2441 1635 Christianorum
2478 1580 2788 1645 Ecclesias,
2838 1582 2965 1650 quia
3016 1582 3154 1645 forte
3194 1583 3587 1656 Hierosolymi-

2005 1682 2125 1726 tana
2153 1674 2328 1727 lunari
2363 1688 2510 1729 anno
2542 1674 2848 1745 Calippico,
2877 1677 3340 1745 quemadmodum
3373 1677 3587 1734 Hebraei

317 1784 414 1824 eos
445 1784 552 1822 non
586 1769 871 1823 concurrit
913 1784 1107 1835 annos,
1156 1785 1296 1840 quos
1343 1770 1638 1826 Caietam;
1678 1772 1900 1843 degisse
1933 1838 1969 1843 _
2002 1779 2193 1819 omnes
2221 1774 2468 1821 extorres
2495 1767 2578 1821 vel
2612 1766 2873 1822 hodierno
2898 1768 3008 1833 die,
3031 1779 3313 1835 uteretur;
3344 1771 3488 1827 unde
3517 1787 3585 1827 ex

322 1861 713 1931 Hierosolymis
741 1870 892 1917 ratus
915 1838 1259 1934 Gregorium.
1292 1862 1460 1932 Atqui
1488 1862 1680 1917 Canon
1716 1838 1903 1918 noster
1933 1838 1978 1897 Β
2007 1854 2221 1909 diversa
2248 1855 2373 1909 anni
2418 1853 2594 1910 forma
2637 1857 2887 1913 diversus
2926 1858 2996 1913 ab
3029 1873 3130 1925 eo,
3168 1874 3329 1929 quem
3365 1862 3587 1933 reliqua:

319 1953 392 2006 ab
412 1953 516 2006 hac
553 1951 807 2006 molestia
850 1953 1006 2008 liber.
1050 1954 1133 2009 Ab
1163 1969 1311 2009 anno
1342 1952 1548 2010 Christi
1579 1953 1705 2021 656,
1735 1954 1903 2010 Hera-

322 2044 413 2100 clii
448 2045 590 2115 Aug.
649 2043 742 2109 26,
789 2060 920 2115 quo,
952 2045 1285 2115 Theophane
1331 2052 1491 2108 teste,
1526 2045 1695 2100 vitam
1752 2048 1905 2103 exuit

322 2137 668 2208 Sophronius
700 2137 822 2207 ejus
875 2137 1134 2194 Ecclesia:
1192 2138 1524 2207 patriarcha,
1576 2138 1643 2193 ad
1679 2128 1907 2196 Anasta-

321 2230 488 2293 sium,
538 2228 633 2300 qui
686 2228 850 2285 desiit
900 2244 1045 2284 anno
1101 2229 1224 2292 709,
1284 2228 1904 2303 Hierosolymitanorum

323 2318 645 2390 pontiﬁcum
667 2317 986 2389 Catalogum
1017 2319 1266 2374 mutilum
1301 2319 1582 2387 habemus,
1615 2324 1775 2392 eique
1815 2321 1904 2376 in-

321 2410 588 2483 tegr-arido
621 2411 865 2464 nondum
898 2408 1408 2465 Ecclesiasticarum
1455 2426 1635 2467 rerum
1670 2413 1905 2484 scripto-

321 2502 478 2557 ribus
504 2502 715 2555 datum.
752 2497 867 2555 Hoc
888 2500 1044 2565 vidit,
1084 2501 1404 2571 monuitque
1442 2512 1565 2556 ante
1606 2501 1902 2559 Baronium

274 2644 277 2649 ,
324 2592 392 2649 V.
418 2592 502 2649 CI.
536 2591 892 2662 Honuphrius
911 2592 1205 2647 Panvinius
1223 2594 1300 2663 (in
1329 2580 1533 2649 Chron.
1553 2593 1621 2649 ad
1642 2609 1732 2649 an.
1752 2595 1900 2668 636),

321 2688 411 2743 cui
443 2687 741 2742 secundum
773 2685 1139 2756 Sophronium
1174 2701 1281 2740 non
1307 2686 1399 2740 alii
1430 2687 1632 2741 saeculo
1660 2702 1733 2742 vn
1761 2701 1905 2743 com-

322 2779 466 2849 perti
525 2775 1027 2848 Hierosolymorum
1087 2777 1350 2848 episcopi,
1411 2778 1515 2832 nisi
1559 2777 1900 2846 Theodorus,

322 2868 494 2933 Elias,
535 2867 795 2924 Joannes.
836 2868 942 2925 Sed
973 2870 1025 2923 in
1057 2868 1232 2923 lucem
1287 2869 1536 2938 prolatis,
1591 2886 1713 2940 quae
1767 2865 1903 2926 deli-

325 2968 543 3013 tuerant
572 2958 818 3013 Panvinii
848 2967 1029 3023 astate,
1058 2959 1448 3022 monumentis,
1482 2962 1752 3016 succrevit
1802 2963 1901 3015 ali-

323 3050 532 3118 quanti)
571 3065 854 3114 numerus,
895 3051 966 3104 ita
1004 3060 1061 3105 ut
1102 3052 1215 3105 haec
1261 3049 1769 3121 Hierusolymitana:
1797 3053 1901 3107 Ec-

323 3143 506 3196 clesiae
532 3144 916 3213 episcoporum
977 3143 1148 3198 series
1202 3157 1269 3198 eo
1306 3143 1362 3197 in
1413 3142 1614 3198 saeculo
1647 3142 1898 3199 feratur:

326 3235 651 3290 Anastasius
670 3233 758 3297 IV,
779 3233 1038 3299 Joannes,
1059 3233 1404 3298 Theodorus,
1422 3236 1712 3304 Eusebius,
1732 3237 1905 3305 Elias,

325 3322 670 3385 Theodorus.
706 3322 855 3379 Elias
890 3324 1115 3388 iterum,
1151 3323 1411 3382 Joannes.
1449 3325 1591 3392 Quid
1632 3327 1816 3397 igitur,
1859 3330 1907 3384 si

326 3430 437 3469 non
474 3417 697 3485 vulgare
728 3417 1051 3473 beneﬁcium
1088 3417 1317 3474 Leontio
1366 3429 1650 3488 acceptum
1707 3421 1909 3477 refera-

326 3520 473 3571 mus,
510 3516 765 3578 suggesto
793 3508 952 3563 nobis
999 3508 1262 3570 Macario,
1294 3524 1405 3578 quo
1462 3510 1711 3565 lacunam
1760 3513 1905 3566 illam

324 3600 511 3654 saeculi
540 3615 612 3653 vn
651 3616 715 3654 ex
757 3609 910 3670 parte
943 3601 1319 3669 compleamus
1348 3601 1372 3655 ἓ
1399 3601 1537 3668 Quid
1587 3604 1634 3658 si
1694 3613 1749 3658 et
1798 3606 1908 3659 alio

327 3688 549 3743 nomine
578 3689 813 3743 devincti
836 3688 910 3743 illi
939 3690 1134 3750 simus,
1160 3690 1584 3747 suhministrato
1620 3694 1909 3749 Eustathio

326 3777 634 3834 Antiochiae
677 3779 959 3849 episcopo,
1005 3779 1096 3847 qui
1140 3781 1422 3849 praecessit
1466 3780 1764 3837 Macarium
1813 3799 1909 3837 ra-

326 3870 520 3926 thedra
546 3871 781 3939 ejectum
811 3885 955 3925 anno
1001 3871 1129 3934 681,
1160 3887 1223 3926 ex
1283 3873 1474 3942 synodi
1532 3878 1904 3941 oecumenicaa,

326 3980 451 4034 qua:
484 3964 667 4019 habita
703 3963 1179 4034 Constantinopoli
1211 3966 1475 4020 adversus
1502 3967 1908 4033 Monothelitas,

328 4054 678 4127 auctoritate,
700 4055 993 4123 subrogato
1011 4055 1341 4124 Theophane
1367 4053 1536 4111 Siculi
1561 4060 1906 4123 monasterii,

326 4148 474 4215 quod
510 4146 651 4216 Bajm
689 4147 922 4210 dictum,
956 4146 1191 4203 abbate?
1220 4147 1349 4203 Post
1377 4147 1702 4219 Gregorium
1732 4150 1775 4205 H
1804 4151 1909 4207 Ec—

327 4241 510 4295 ciesia:
538 4239 849 4307 pontiﬁcem
883 4239 996 4294 fato
1036 4238 1283 4295 functum
1320 4257 1466 4296 anno
1498 4241 1627 4308 629,
1657 4244 1911 4299 ecclesia-

327 4332 468 4386 stira
503 4330 733 4385 historia
769 4330 876 4386 hos
902 4340 1126 4386 enarrat
1162 4346 1543 4401 successores,
1568 4334 1729 4405 305
1759 4337 1909 4390 Ana-

326 4423 558 4476 stasium
612 4419 703 4488 lll,
759 4419 1164 4485 Macedonium,
1214 4430 1269 4476 et
1302 4421 1621 4485 Macarium,
1673 4427 1742 4480 de
1799 4440 1910 4495 quo

2004 1942 2444 2000 Christianorum
2504 1944 2761 2002 Ecclesiae
2806 1948 3088 2015 colerent,
3136 1950 3423 2010 Paschatis
3468 1956 3585 2010 dies

2004 2044 2326 2105 emergeret.
2360 2036 2495 2092 Cum
2523 2039 2666 2093 enim
2705 2053 2773 2094 ex
2810 2038 3064 2097 Mosaicae
3096 2043 3234 2112 legis
3272 2046 3587 2116 praescripto

2008 2128 2390 2185 celebrandum
2415 2128 2622 2187 Pascha
2650 2132 2719 2188 15
2745 2132 2833 2188 die
2863 2132 3053 2200 Nisan,
3086 2134 3377 2192 Palaestina
3398 2137 3588 2194 Eccle-

2007 2219 2087 2273 sia
2110 2259 2127 2285 ,
2162 2228 2217 2274 et
2237 2220 2435 2277 veteris
2470 2221 2702 2277 instituti
2735 2235 3013 2291 constans,
3046 2234 3100 2280 et
3132 2225 3335 2284 Nicreni
3365 2231 3586 2286 concilii

2006 2313 2238 2371 audiens
2263 2315 2502 2381 decreto,
2528 2325 2745 2386 poterat
2765 2316 3051 2374 Judaicum
3079 2319 3255 2376 Phase
3279 2337 3391 2392 prae
3412 2323 3588 2381 oculis

2005 2404 2208 2460 habere
2229 2445 2246 2470 ,
2291 2414 2353 2460 ttt
2383 2404 2597 2463 Pascha
2644 2407 2851 2464 diceret
2886 2408 3233 2466 Dowinicum
3265 2414 3446 2480 diem,
3492 2415 3583 2484 qui

2005 2495 2254 2566 proxime
2294 2495 2429 2551 illud
2476 2508 2824 2567 sequeretur.
2877 2498 2981 2553 Sed
3026 2516 3148 2566 nae,
3189 2503 3436 2572 quisquis
3470 2504 3588 2560 haec

2005 2584 2353 2652 suspicatur,
2422 2584 2670 2655 ignorat,
2742 2587 3069 2654 castigatam
3123 2588 3418 2646 Christiani
3480 2590 3587 2647 Pa-

2004 2676 2209 2732 schatis
2254 2677 2564 2733 doctrinam
2609 2695 2715 2734 non
2779 2680 2885 2735 alio
2938 2697 3002 2737 ex
3052 2682 3202 2738 fonte
3240 2685 3584 2748 dimanasse.

2009 2770 2112 2825 nisi
2141 2784 2207 2824 ex
2235 2786 2378 2826 anno
2407 2771 2607 2838 lunari,
2641 2773 2733 2843 qui
2760 2788 2926 2844 penes
2954 2775 3209 2830 Hebraeos
3230 2778 3494 2843 obtinuit,
3527 2788 3589 2835 ut

2007 2846 2186 2916 adhuc
2215 2862 2458 2929 obtinet,
2486 2865 2583 2920 sed
2610 2867 2899 2920 emendato
2924 2875 3104 2923 tatnen
3132 2885 3161 2923 a
3194 2867 3365 2925 Rabbi
3393 2871 3544 2925 Adda
3565 2911 3584 2938 ,

2003 2954 2097 3025 qui
2142 2954 2370 3009 biduum
2400 2955 2638 3024 exemit,
2673 2956 2937 3013 absolutis
2978 2974 3121 3015 anno
3150 2960 3352 3016 Christi
3385 2961 3589 3034 Diony-

2005 3047 2159 3102 siano
2178 3046 2282 3102 297
2304 3057 2427 3103 octo
2447 3048 2683 3118 periodis
2700 3049 3011 3121 Calippicis,
3032 3051 3134 3108 hoc
3172 3064 3258 3108 est
3278 3052 3384 3109 608
3404 3058 3582 3121 annis,

2015 3141 2089 3195 ita
2120 3150 2179 3194 ut
2205 3141 2239 3195 4
2285 3140 2374 3195 die
2417 3141 2754 3211 Septembris
2789 3143 2910 3213 ejus
2956 3146 3084 3199 anni
3119 3161 3293 3204 novus
3322 3147 3464 3203 Tisri
3500 3149 3587 3204 in-

2012 3235 2338 3304 grederetur
2363 3249 2488 3288 cum
2522 3249 2629 3289 non
2670 3234 2957 3291 sollicitata
2982 3238 3049 3293 de
3080 3241 3257 3307 prisca
3288 3242 3416 3298 sede
3450 3258 3586 3298 neo-

2014 3323 2193 3378 menia
2216 3361 2233 3388 ,
2276 3322 2547 3378 iucundus
2574 3323 2666 3378 ille
2693 3322 2887 3380 fuisset
2908 3324 2941 3379 6
2971 3327 3210 3396 ejusdem

2081 3412 2270 3470 XVIII.
2302 3413 2596 3471 Enimvero
2616 3416 2751 3471 vidit
2792 3418 2942 3488 Adda
2974 3420 3309 3488 comparatis
3350 3422 3492 3477 inter
3526 3438 3589 3479 se

2013 3506 2079 3563 16
2101 3507 2659 3563 enneadecaeteribus
2690 3507 2970 3566 lunaribus
2986 3509 3282 3583 Calippicis
3305 3553 3322 3581 ,
3356 3523 3412 3569 et
3451 3514 3588 3571 soli-

2011 3601 2231 3656 daribus
2249 3599 2498 3666 Julianis;
2525 3614 2850 3671 exsuperare
2873 3602 2924 3656 in
2950 3604 3108 3659 annis
3134 3605 3262 3671 504,
3294 3616 3427 3677 quot
3450 3622 3588 3663 con-

2011 3701 2158 3747 stant
2182 3691 2249 3747 16
2283 3694 2827 3749 enneadecaeterides
2863 3694 3078 3751 lunares
3099 3736 3114 3762 ,
3148 3697 3327 3755 solare
3360 3701 3589 3755 ratioci-

2011 3783 2159 3835 nium
2188 3796 2353 3852 supra
2377 3784 2567 3839 lunare
2588 3784 2729 3839 diem
2767 3800 2963 3851 unum,
2986 3802 3161 3857 eoque
3193 3790 3245 3844 in
3281 3790 3353 3845 52
3387 3806 3588 3847 ennea-

2011 3874 2386 3929 decaeteribus
2408 3915 2423 3940 ,
2462 3875 2577 3930 sive
2612 3876 2853 3945 periodis
2876 3876 2909 3931 8
2942 3878 3227 3936 lunaribus
3260 3895 3587 3952 supergres-

2010 3983 2130 4020 sum
2170 3967 2287 4022 ﬁeri
2317 3966 2550 4022 solarem
2576 3983 2740 4038 supra
2769 3969 3018 4024 lunarem
3056 3970 3268 4026 dierum
3292 3973 3377 4027 11.
3400 3972 3588 4042 itaque

2012 4061 2057 4114 si
2091 4073 2235 4114 anno
2269 4060 2294 4114 1
2337 4060 2546 4131 periodi
2588 4061 2613 4114 1
2652 4060 2945 4131 Calippicac
2974 4061 3181 4118 lunaris
3212 4063 3356 4119 Tisri
3403 4065 3525 4119 iniit
3552 4069 3587 4120 6

2012 4152 2369 4222 Septembris,
2401 4166 2546 4208 anno
2571 4153 2677 4209 305
2704 4154 3083 4222 conjiciendus
3120 4156 3209 4210 ille
3243 4157 3296 4210 in
3334 4156 3368 4211 5
3401 4158 3545 4212 diem
3567 4200 3583 4225 ,

2012 4258 2155 4298 anno
2180 4242 2285 4299 609
2307 4244 2358 4299 in
2388 4244 2456 4312 1,
2488 4258 2630 4299 anno
2651 4242 2758 4299 615
2785 4244 2837 4299 in
2870 4245 2904 4300 3
2924 4287 2941 4312 ,
2972 4253 3026 4300 et
3055 4246 3133 4299 sic
3155 4246 3434 4317 deinceps.
3478 4249 3587 4304 Sed

2010 4338 2156 4389 enim
2190 4335 2357 4390 Adda:
2387 4352 2492 4391 non
2520 4338 2743 4392 omnino
2777 4336 3209 4407 obtemperatum
3243 4355 3273 4394 a
3314 4340 3590 4410 pupulari-

2013 4422 2115 4478 bus
2141 4424 2279 4478 suis.
2316 4425 2675 4481 Detraxertmt
2706 4427 2761 4482 hi
2788 4426 3006 4495 quidem
3039 4427 3259 4483 biduum
3306 4429 3435 4483 illud
3482 4431 3590 4484 rei-

327 4521 593 4575 diximus.
660 4520 729 4573 At
788 4532 965 4588 neque
1023 4518 1335 4583 Anastasii,
1384 4532 1561 4591 neque
1607 4517 1910 4574 Macedonii
1946 4528 1988 4583 D
2016 4516 2197 4571 culum
2244 4532 2312 4573 ex
2352 4533 2498 4573 anno
2550 4534 2649 4575 suo
2679 4560 2695 4587 ,
2747 4520 2841 4574 sed
2892 4521 2949 4574 in
2994 4520 3298 4591 posteriora
3343 4532 3589 4593 tempora

326 4609 652 4664 etnortualis
717 4622 897 4663 annus
954 4608 1306 4678 exploratus,
1362 4622 1540 4677 neque
1598 4608 1916 4665 Macedonio

328 4700 631 4755 Macarium
660 4700 868 4755 scimus
896 4700 1082 4755 statim
1112 4698 1399 4754 suﬁ‘ectum
1430 4717 1447 4766 ;
1503 4711 1715 4755 tantum
1782 4702 1914 4756 illud

330 4791 583 4845 norimus
636 4800 760 4845 ante
816 4790 1111 4845 Macarium
1185 4791 1465 4845 exstitisse
1534 4790 1911 4845 Macedonium

329 4882 645 4953 quemdam,
678 4881 773 4951 qui
798 4881 1194 4935 Antiochenam
1224 4880 1525 4935 Ecclesiam
1562 4882 1915 4935 administra-

330 4974 424 5026 rit.
484 4971 672 5040 Igitur,
738 4969 968 5024 Leontio
1028 4978 1275 5029 auctore.
1328 4979 1530 5039 praeeat
1589 4970 1915 5027 Eustathius

330 5065 668 5129 Macarium,
722 5080 883 5135 quem
959 5078 1330 5118 successorem
1398 5073 1590 5119 nactus
1644 5075 1766 5135 post
1816 5081 1913 5119 an-

334 5173 465 5210 num
511 5157 689 5211 saltim
743 5155 868 5217 677,
924 5154 1144 5223 quando
1182 5155 1284 5207 hoc
1347 5168 1490 5208 anno
1532 5169 1648 5209 eam
1688 5156 1914 5209 curabat

334 5248 637 5303 Ecclesiam
701 5246 1059 5310 Eustathius,
1110 5245 1313 5299 interea
1374 5244 1504 5298 dum
1562 5248 1796 5299 certiora
1844 5262 1909 5300 ex

336 5339 633 5395 reconditis
673 5338 851 5393 adhuc
900 5337 1268 5391 monumentis
1314 5345 1716 5406 exspectemus,
1751 5340 1909 5408 queis

330 5430 712 5495 conﬁciamus,
736 5445 805 5483 an
838 5438 957 5498 post
980 5428 1300 5498 Gregorium
1330 5426 1373 5481 ll
1420 5429 1513 5482 uni
1564 5429 1910 5496 Anastasius,

331 5522 708 5587 Macedonius,
766 5531 820 5577 et
875 5521 1196 5577 Eustathius
1255 5520 1607 5576 Antiochense
1657 5521 1912 5576 Ecclesia“:

331 5617 551 5669 clavum
583 5615 870 5679 moderati,
908 5630 976 5667 an
1031 5613 1122 5665 alii
1175 5612 1397 5679 insuper
1446 5613 1909 5677 succenturiandi,

332 5722 444 5776 quo
484 5708 693 5775 integra
722 5707 843 5775 ejus
877 5705 1059 5761 stet-uili
1094 5704 1560 5759 Antiochenorum
1591 5706 1909 5774 pontiﬁcum

332 5798 508 5854 series
539 5807 764 5867 prostet.

2019 4607 2198 4663 nullus
2231 4608 2454 4678 insuper
2497 4608 2615 4665 dies
2648 4622 2975 4681 expunctus.
3020 4611 3231 4666 lllnstre
3282 4612 3385 4667 hac
3421 4613 3488 4668 de
3532 4630 3591 4669 re

2021 4698 2386 4752 testimonium
2410 4697 2675 4753 habemus
2713 4714 2744 4754 a
2775 4700 3084 4771 Nicephoro
3114 4701 3348 4771 Gregora
3372 4741 3386 4767 ,
3411 4704 3503 4772 qui
3537 4705 3590 4758 in

2018 4794 2272 4854 computo
2313 4801 2414 4841 suo
2446 4787 2605 4842 nobis
2642 4789 2845 4853 tradit,
2894 4804 3039 4843 anno
3081 4789 3285 4845 Christi
3327 4792 3465 4846 1518
3495 4790 3589 4845 Ju-

2015 4877 2164 4933 dzeos
2196 4877 2403 4933 Pascha
2441 4880 2752 4935 celebrasse
2787 4880 2858 4936 20
2899 4880 2989 4936 die
3020 4880 3234 4947 Martii,
3271 4898 3391 4937 cum
3430 4882 3588 4937 Chri-

2016 4968 2177 5023 stiani
2204 4968 2275 5022 24
2298 4970 2520 5039 Aprilis.
2553 4971 2686 5025 Erat
2715 4986 2890 5027 annus
2923 4971 3262 5028 Seieucidnm
3294 4974 3452 5039 1628,
3486 4976 3588 5031 hoc

2015 5073 2098 5116 est
2131 5061 2201 5115 53
2247 5062 2452 5130 periodi
2492 5061 2564 5116 2‘2
2606 5063 2931 5132 Calippicze;
2979 5062 3121 5117 Tisri
3165 5065 3235 5119 35
3271 5065 3587 5135 Calippicns

2016 5152 2221 5220 periodi
2253 5153 2276 5206 1
2320 5153 2522 5221 incepit
2543 5154 2610 5207 η
2647 5153 3002 5224 Septembris,
3032 5154 3189 5223 cujus
3218 5155 3498 5211 character
3528 5160 3584 5224 ‘2,

2015 5239 2083 5302 9,
2134 5238 2306 5304 1066,
2355 5240 2461 5295 hoc
2500 5250 2585 5296 est
2630 5241 2764 5297 feria
2808 5245 2904 5305 11.
2945 5243 3079 5299 hora
3124 5244 3197 5311 9,
3238 5259 3587 5300 monumenta

2016 5330 2156 5386 1066
2179 5374 2193 5398 ,
2231 5346 2464 5401 quorum
2513 5334 2670 5399 1080,
2704 5335 2891 5391 horam
2919 5338 3273 5393 constituunt.
3305 5335 3448 5391 Tisri
3479 5337 3589 5392 Ad-

2014 5428 2160 5479 daeus
2202 5424 2304 5489 55,
2357 5425 2564 5504 periodi
2608 5426 2641 5481 9
2681 5467 2697 5493 ,
2746 5442 2777 5482 e
2819 5444 2927 5497 qua
2970 5428 3190 5483 biduum
3234 5438 3540 5497 exemptum
3569 5466 3583 5492 ,

2016 5517 2082 5573 10
2118 5517 2458 5589 Septembris
2480 5561 2496 5586 ,
2530 5521 2759 5590 ejusque
2798 5522 3082 5578 character
3118 5522 3273 5588 4,11
3302 5564 3318 5589 ,
3353 5522 3476 5577 666.
3514 5523 3589 5580 Ut

2016 5612 2179 5682 igitur
2226 5617 2507 5667 neomenia
2544 5613 2805 5683 Calippici
2851 5613 2991 5670 Tisri
3041 5615 3167 5668 anni
3216 5616 3285 5670 35
3327 5615 3529 5686 periodi
3568 5660 3585 5683 ,

2014 5713 2266 5759 manente
2308 5704 2361 5758 in
2408 5704 2474 5757 12
2510 5704 2860 5775 Septembris,
2892 5705 3057 5761 Nisan
3085 5706 3348 5762 inchoarit
3382 5710 3415 5763 8
3451 5709 3586 5762 3hr-

2016 5797 2073 5851 tii
2101 5836 2116 5863 ,
2154 5797 2228 5851 ita
2254 5796 2485 5853 addictis
2507 5808 2767 5868 perpetuo
2800 5800 3059 5857 ausniciis
3089 5801 3215 5855 anni
3242 5802 3308 5854 3'5
3341 5802 3583 5861 periodi.
