3934 6488
575 432 713 498 1203

1464 438 1561 497 DE
1601 434 1965 498 lE'I‘ATE'S.
2011 439 2387 500 GREGORII
2425 437 2933 498 AGRIGENTINI

3659 430 3761 489 13:11

568 548 775 621 periodi
818 548 907 615 55,
957 548 1045 613 52,
1083 547 1170 615 71,
1222 550 1313 619 qui
1356 551 1578 608 lunares
1616 566 1809 607 omnes
1852 551 2140 617 ordinarii,
2172 556 2214 610 Α
2243 561 2296 606 et
2323 551 2457 605 mihi
2480 566 2589 605 non
2612 550 2842 609 dederit.
2872 546 3139 620 quidquid
3162 545 3382 601 tandem
3404 544 3760 613 derepaschali

568 658 678 697 non
729 656 873 696 anno
929 641 1028 709 14,
1059 641 1153 710 qui
1197 642 1571 715 ὑπερήμερος.
1630 642 1755 699 Hac
1798 657 1997 710 causa,
2041 658 2143 699 cur

566 748 675 788 non
725 733 893 787 semel
934 732 1153 787 termini
1201 735 1486 803 paschales
1532 734 1975 791 Christianorum
2030 750 2142 790 uno

567 824 657 878 die
704 824 789 879 vel
843 824 1023 879 serius
1081 824 1166 880 vel
1213 825 1377 881 citius
1424 825 1679 882 differant
1720 827 1791 883 ab
1825 824 2140 882 Judaorum

564 913 762 969 Phase.

638 1004 781 1059 XXI.
817 1005 897 1060 Ad
932 1004 1208 1075 paschalis
1240 1007 1387 1077 quod
1435 1005 1628 1062 attinet
1663 1005 2075 1062 translationem
2109 1020 2141 1059 a

564 1095 733 1153 Nisan
760 1096 825 1152 ad
849 1096 985 1163 Jiar,
1017 1097 1234 1168 quoties
1256 1096 1432 1154 Phase
1455 1098 1725 1168 pracedat
1750 1096 2141 1167 aquinoctium

565 1189 809 1256 vernale,
844 1204 951 1243 non
986 1189 1091 1245 hoc
1137 1190 1376 1260 primum
1420 1189 1752 1245 Christianis
1801 1188 1857 1243 in
1904 1196 2141 1243 mentem

566 1282 733 1347 venit,
776 1281 869 1336 sed
897 1280 1209 1337 Judaorum
1263 1282 1511 1351 exemplo
1538 1281 1761 1337 factum.
1807 1280 2019 1336 Etenim
2060 1280 2140 1345 hi,

567 1389 690 1427 cum
728 1373 857 1426 illud
885 1374 1248 1445 contingeret,
1278 1375 1444 1429 veteri
1472 1374 1729 1445 religione
1758 1373 2007 1428 obstricti
2032 1386 2141 1428 non

565 1465 833 1539 putabant
878 1464 1090 1521 Pascha
1142 1466 1505 1522 omittendum
1540 1480 1730 1521 mense
1772 1463 1979 1532 Nisan;
2014 1464 2142 1535 quia

566 1574 695 1614 vero
724 1567 805 1615 tot
835 1572 962 1614 ante
992 1559 1209 1616 saeculis
1258 1574 1538 1630 nunquam
1590 1557 1783 1630 legalia
1822 1572 2011 1630 azyma
2048 1571 2141 1613 co-

566 1651 886 1716 medissent,
923 1651 1025 1706 nisi
1065 1661 1186 1722 post
1220 1652 1441 1707 vernale
1477 1650 1891 1721 aequinoctium,
1936 1648 2144 1705 idcirco

568 1740 898 1812 Azymorum
918 1741 1237 1795 mandatum
1261 1756 1452 1797 rursus
1469 1737 1988 1811 exsequebanturlS
2006 1736 2142 1803 Jiar,

568 1832 645 1891 ita
686 1841 744 1887 ut
781 1848 892 1887 uno
939 1846 1086 1887 anno
1126 1831 1323 1902 duplex
1371 1830 1579 1886 Pascha
1618 1838 1964 1894 occurreret;
1998 1828 2143 1899 quod

2244 657 2275 696 a
2324 642 2556 697 summis
2605 642 3042 696 Christianorum
3092 637 3352 694 Ecclesiis
3400 645 3676 701 statutum,
3714 652 3763 691 cx

2246 732 2526 788 llebraicis
2555 731 2800 787 fontibus
2826 731 3107 801 erupisse?

2315 824 2479 881 XXII.
2519 826 2697 895 Atque
2743 825 2951 880 utinam
3000 839 3102 878 nec
3151 837 3275 879 sero
3327 818 3653 891 profectum.
3691 835 3764 873 nec

2243 918 2493 989 puditum
2538 917 2831 988 aliquando
2872 915 3037 971 fuerit
3090 916 3310 969 lunares
3351 912 3649 967 Judaorum
3684 914 3764 980 epi-

2246 1009 2508 1079 Iogismos
2546 1008 2599 1063 in
2629 1008 2891 1062 auxilium
2930 1021 3230 1068 arcessere,
3261 1004 3484 1074 quoties
3513 1003 3562 1056 in
3584 1004 3761 1057 dubium
3788 1052 3791 1055 .

2244 1109 2539 1155 vocaretur
2572 1113 2869 1170 germanus
2900 1096 3188 1153 Paschalis
3216 1096 3366 1151 dies!
3406 1095 3669 1150 Enimvero
3694 1094 3794 1159 tle-'1

2245 1205 2353 1261 que
2383 1199 2492 1245 tam
2516 1190 2670 1245 multi
2694 1190 2866 1245 bonas
2892 1189 3055 1244 horas
3088 1189 3333 1257 improbe
3366 1187 3625 1240 locassent
3645 1190 3764 1238 noris

2244 1293 2409 1352 atque
2452 1281 2608 1337 novis
2636 1281 2936 1336 condendis
2963 1279 3294 1345 canonihus,
3328 1278 3531 1348 quibus
3572 1278 3637 1330 nil
3664 1292 3764 1345 pra-

2244 1383 2391 1428 terea
2423 1374 2790 1443 impetratum,
2822 1371 2930 1427 nisi
2968 1380 3028 1426 ut
3057 1374 3228 1426 tutius
3258 1380 3606 1441 peccaretur;
3632 1386 3765 1440 neque

2246 1474 2326 1520 tot
2388 1464 2563 1520 turbis
2626 1462 2886 1519 Ecclesia
2946 1463 3389 1518 Christianorum
3456 1461 3763 1516 laborassem.

2245 1562 2403 1615 Anno
2432 1559 2558 1627 417,
2585 1575 2708 1631 qua
2740 1558 3039 1614 certamina
3085 1557 3449 1613 intercessere
3489 1557 3619 1610 inter
3643 1556 3767 1609 Inoo-

2246 1650 2484 1706 centium
2519 1648 2847 1712 Romanum,
2872 1656 2926 1703 et
2950 1647 3213 1718 Cyrillum
3243 1645 3658 1701 Alexandrinum
3679 1646 3766 1713 epi-

2246 1755 2478 1809 scopos,
2530 1740 2683 1794 illum
2730 1740 2940 1795 Pascha
2981 1738 3439 1794 determinantem
3482 1736 3551 1790 22
3577 1737 3763 1805 Aprilis,

2248 1832 2395 1887 hunc
2440 1832 2510 1886 25
2541 1830 2762 1886 Martii?
2806 1832 3007 1887 Eadem
3049 1841 3235 1886 renata
3276 1845 3430 1884 anno
3460 1829 3591 1892 444,
3628 1828 3766 1884 Leone

570 1923 793 1994 sugillat
850 1938 1082 1994 magnus
1131 1922 1315 1979 Casar
1361 1922 1754 1978 Constantinus
1803 1923 1856 1977 in
1912 1920 2142 1991 epistola
2176 1926 2217 1986 Β
2250 1918 3765 1988 RomanoPaschadecernentediem26Martii,Theophilo

569 2015 806 2084 quadam
867 2014 934 2070 ad
999 2014 1317 2079 Ecclesias,
1372 2029 1539 2085 quam
1590 2013 1810 2069 exhibet
1871 2011 2141 2068 Eusebius

569 2105 667 2160 lib.
701 2120 761 2160 Ill
791 2105 911 2175 ejus
954 2104 1088 2161 Vita
1116 2120 1238 2175 cap.
1279 2104 1368 2163 17.
1401 2104 1673 2161 Caeterum
1703 2104 1749 2159 si
1782 2104 1838 2158 in
1869 2102 2140 2173 antiquis-

571 2195 712 2251 sima
769 2194 1097 2251 Christiana
1152 2193 1409 2250 Ecclesia
1466 2202 1711 2263 tempora
1760 2192 2141 2263 inquiramus,

573 2286 925 2342 manifestum
958 2287 1117 2342 nobis
1151 2288 1277 2352 erit,
1314 2286 1580 2340 terminos
1612 2285 1895 2355 paschales
1926 2284 2143 2338 habitos

573 2376 709 2431 adeo
752 2376 871 2434 dies
921 2377 1444 2447 antaquinoctiales,
1495 2376 1643 2444 quod
1688 2376 2036 2446 potissimum
2079 2375 2146 2428 li-

573 2479 704 2538 quet
765 2484 831 2524 ex
902 2467 1426 2524 heccadecaeteride
1493 2467 1764 2538 Hippolyti
1826 2464 2145 2521 Portuensis

573 2562 813 2632 episcopi
861 2577 1007 2617 anno
1033 2561 1237 2617 Christi
1277 2560 1384 2615 222
1412 2560 1747 2629 conscripta,
1796 2558 1849 2611 in
1889 2573 1996 2627 qua
2038 2566 2143 2611 ter-

575 2654 795 2707 ruinalis
844 2653 1116 2723 prabetur
1164 2654 1282 2709 dies
1333 2654 1397 2707 17
1437 2652 1617 2709 Martii
1664 2651 1825 2708 annis
1868 2652 1923 2719 6,
1966 2659 2020 2707 et
2056 2651 2144 2716 14,

577 2745 721 2800 unde
772 2746 825 2799 in
888 2745 1149 2801 laterculo
1196 2743 1517 2800 Dominicali
1572 2752 2034 2814 reprasentatur,
2100 2743 2145 2797 si

576 2835 849 2891 terminus
903 2836 1107 2891 incidat
1152 2836 1205 2889 in
1255 2836 1335 2903 A,
1377 2836 1481 2890 hoc
1533 2842 1617 2890 est
1656 2833 1849 2890 feriam
1883 2850 1899 2889 ι
1937 2831 2146 2889 Pascha

576 2925 965 2980 celebrandum
995 2926 1066 2980 25
1097 2925 1305 2992 Martii;
1340 2926 1386 2982 si
1412 2926 1464 2981 in
1501 2925 1562 2991 Z,
1590 2926 1694 2981 hoc
1717 2934 1801 2980 est
1830 2923 2024 2979 feriam
2046 2938 2145 2989 vn,

574 3015 645 3072 26
670 3015 886 3084 Martii;
918 3016 963 3073 si
990 3018 1044 3072 in
1080 3016 1140 3082 S,
1177 3017 1282 3073 hoc
1312 3026 1395 3073 est
1431 3016 1617 3073 feriam
1650 3032 1727 3081 vr,
1760 3016 1830 3070 20
1855 3014 2065 3081 Martii;
2102 3016 2147 3070 si

575 3106 631 3162 in
663 3106 724 3173 Ε,
757 3110 860 3164 hoc
898 3117 981 3164 est
1010 3109 1201 3165 feriam
1235 3125 1289 3177 ν,
1331 3110 1396 3164 21
1432 3108 1639 3175 Martii;
1667 3108 1712 3164 si
1748 3109 1799 3162 in
1832 3109 1890 3171 A,
1926 3107 2029 3161 hoc
2065 3117 2151 3163 est

576 3198 769 3254 feriam
802 3216 877 3266 tv,
920 3201 990 3256 22
1035 3202 1243 3269 Martii;
1294 3203 1338 3257 si
1380 3202 1435 3256 in
1474 3202 1534 3267 Γ,
1571 3202 1675 3257 hoc
1715 3209 1799 3257 est
1834 3201 2024 3255 feriam
2055 3216 2142 3263 Ill,

2241 2012 2612 2068 Alexandrino
2632 2013 2704 2067 25
2725 2012 2927 2083 Aprilis
2949 2029 2964 2077 ;
2997 2027 3176 2082 neque
3196 2026 3357 2067 secus
3380 2024 3523 2064 anno
3546 2008 3655 2073 455,
3671 2023 3763 2063 cum

2245 2105 2385 2159 idem
2431 2104 2770 2174 Theophilus
2808 2102 3022 2159 Pascha
3065 2103 3369 2173 conjecerit
3400 2103 3453 2157 in
3490 2102 3558 2155 24
3588 2102 3760 2170 Aprilis,

2244 2196 2336 2251 sed
2383 2193 2492 2249 Leo
2534 2195 2588 2250 in
2635 2194 2702 2249 17
2744 2194 3014 2265 ejusdem.
3060 2195 3221 2249 Anno
3263 2194 3370 2248 577
3404 2208 3502 2263 par
3535 2192 3763 2246 dissensus

2244 2287 2447 2349 Gallos.
2476 2294 2531 2342 et
2564 2285 2838 2357 Hispanos
2877 2286 3119 2341 amicitia
3158 2286 3452 2355 disjunxit,
3496 2285 3573 2338 his
3600 2283 3760 2337 Pascha

2244 2378 2653 2434 conferentibus
2698 2381 2750 2433 in
2781 2378 2852 2434 25
2894 2379 3118 2449 Aprilis,
3155 2378 3322 2449 308
3356 2378 3463 2432 illis
3501 2377 3550 2430 in
3580 2376 3638 2430 l8
3659 2377 3762 2444 ejus-

2245 2469 2392 2535 dem,
2421 2467 2649 2524 Victorii
2668 2470 2888 2540 gentilis
2910 2470 2995 2523 sui
3023 2469 3191 2540 cyciis
3212 2470 3514 2524 obsecutis.
3538 2468 3671 2521 Anno
3685 2466 3759 2519 760

2246 2572 2527 2631 peccatum
2563 2562 2616 2615 in
2646 2559 2867 2615 Oriente
2888 2561 3128 2630 paschali
3155 2560 3244 2616 die
3272 2560 3607 2615 conficiendo
3631 2578 3643 2612 :
3669 2572 3757 2610 nam

2246 2653 2337 2708 alii
2365 2652 2496 2708 illud
2537 2653 2824 2707 coluerunt
2848 2649 2903 2713 6,
2945 2650 3037 2704 alii
3066 2651 3132 2705 15
3162 2649 3387 2720 Aprilis.
3422 2648 3497 2703 Ex
3534 2648 3755 2705 laterculo.

2245 2758 2407 2818 quem
2452 2742 2894 2802 construximus.
2930 2754 3045 2799 tute
3090 2743 3205 2813 ipse
3254 2742 3657 2811 dijutlicaveris,
3695 2739 3759 2792 cui

2247 2852 2412 2891 causa
2447 2835 2515 2889 iis
2546 2835 2599 2889 in
2632 2834 2824 2905 Iitigiis
2849 2834 3079 2893 steterit,
3119 2833 3282 2888 modo
3306 2833 3532 2893 Christi.
3552 2847 3667 2902 quos
3689 2829 3756 2883 tibi

2248 2925 2622 2997 proposueris,
2659 2926 2819 2981 annis
2859 2940 3087 2995 aggeras
3113 2926 3238 2991 511,
3266 2940 3411 2995 quos
3436 2922 3756 2993 Dionysianam

2247 3018 2453 3073 Christi
2508 3017 2771 3088 epocham
2811 3015 3106 3072 antecessit
3155 3012 3755 3085 Calippico-Seleuciana.

2249 3120 2417 3180 atque
2451 3108 2578 3164 inde
2608 3108 2699 3173 76,
2727 3108 2909 3178 quoad
2939 3108 3179 3171 licuerit,
3224 3107 3474 3173 exiutas;
3502 3106 3627 3175 quod
3651 3103 3756 3156 enim

2250 3200 2544 3270 reliquum,
2587 3213 2790 3254 annum
2834 3198 3040 3269 periodi
3071 3197 3439 3259 demonstrat,
3480 3195 3565 3266 qui
3590 3190 3754 3249 etTisri

574 3290 648 3348 25
679 3288 891 3358 Martii;
941 3291 987 3347 si
1037 3291 1091 3346 in
1129 3291 1197 3355 Β.
1239 3292 1343 3347 hoc
1387 3300 1472 3346 est
1508 3290 1701 3345 feriam
1739 3306 1795 3353 ιι,
1837 3289 1910 3344 24
1946 3288 2144 3343 Martii.
2179 3275 2220 3333 ο
2258 3293 2561 3361 superioris
2614 3292 2744 3346 anni
2800 3289 3128 3360 Septembri,
3196 3290 3280 3345 vel
3312 3291 3555 3360 Augusto
3580 3285 3695 3347 initi,
3720 3291 3759 3335 et

576 3381 741 3449 Quid,
772 3383 919 3453 quod
957 3382 1041 3437 vel
1070 3397 1214 3437 anno
1242 3382 1347 3437 405
1380 3381 1620 3438 Ecclesia
1660 3380 1905 3436 Romana
1936 3380 2148 3452 piaculo

577 3473 726 3531 haud
752 3472 909 3529 duxit
936 3473 1002 3528 ad
1043 3472 1573 3542 antaquinoctialem
1617 3471 1909 3528 terminum
1939 3470 2148 3527 Pascha

578 3582 740 3623 suum
769 3565 1135 3637 componere?
1165 3563 1303 3620 Tum
1344 3575 1565 3620 strenue
1598 3565 1861 3635 pugnavit
1885 3563 2149 3618 Innocen-

577 3656 688 3711 tius
717 3655 777 3710 P.
816 3653 886 3709 Μ.
931 3669 1029 3723 pro
1058 3653 1350 3709 indicendo
1378 3652 1647 3708 Paschate
1668 3652 1739 3707 22
1772 3652 1976 3716 Martii,
2003 3652 2150 3722 quod

580 3745 759 3801 modis
792 3745 1051 3801 omnibus
1080 3746 1430 3816 oppugnabat
1459 3742 1795 3814 Theophilus
1830 3742 2151 3798 Alexandri-

579 3853 688 3895 nus
722 3837 1034 3909 episcopus,
1064 3852 1241 3907 neque
1264 3851 1479 3907 passus,
1520 3845 1580 3892 ut
1608 3835 1660 3891 id
1691 3850 1789 3891 sua
1822 3834 1877 3890 in
1907 3834 2149 3890 Ecclesia

579 3931 1052 3997 committeretur;
1079 3945 1204 3984 cum
1235 3944 1398 3984 verus
1420 3927 1704 3985 Paschalis
1722 3928 1839 3985 dies
1871 3927 1975 3983 sibi
1999 3927 2151 3983 visus

578 4022 651 4084 29
680 4023 884 4078 Martii.
906 4021 977 4078 Ut
1005 4022 1283 4093 paschalia
1306 4030 1689 4092 peragerentur
1717 4021 1788 4075 22
1813 4020 2011 4087 Martii,
2040 4034 2151 4075 non

585 4116 758 4185 potuit
814 4115 1081 4169 terminus
1123 4114 1194 4168 20
1222 4113 1395 4168 Martii
1452 4112 1626 4169 serior
1672 4113 1890 4179 haberi;
1941 4126 2065 4167 nam
2103 4110 2150 4166 si

583 4209 637 4268 in
672 4206 737 4259 21
772 4206 1161 4270 concurrisset,
1218 4205 1380 4259 nulla
1419 4204 1653 4260 fuissent.
1682 4204 1892 4260 dissidii
1928 4216 2149 4259 causa:

582 4314 708 4354 cum
748 4298 895 4353 enim
938 4299 1001 4353 21
1039 4296 1216 4352 Martii
1253 4297 1541 4353 character
1580 4295 1744 4352 fuerit
1784 4295 1915 4351 feria
1944 4311 2017 4350 vn
2055 4309 2153 4364 pro

582 4388 967 4457 antiquissimo
1004 4388 1265 4443 Romana
1299 4386 1554 4443 Ecclesia
1586 4402 1759 4453 more,
1787 4388 1879 4458 qui
1917 4386 2001 4442 vel
2022 4385 2155 4457 Ilip-

583 4478 752 4549 polyti
793 4477 1109 4533 Portuensis
1159 4493 1275 4533 avo
1327 4479 1578 4549 vigebat,
1632 4486 1692 4533 ut
1734 4486 1880 4548 patet
1920 4493 1989 4534 ex
2034 4477 2154 4546 ejus

582 4583 815 4634 canone,
844 4570 1249 4639 prorogaudum
1289 4569 1498 4625 Pascha
1550 4570 1618 4625 ad
1648 4570 1986 4627 Dominicam
2022 4569 2155 4624 alte-

584 4676 726 4725 ram,
757 4674 933 4730 eoque
961 4670 1119 4729 pacto
1150 4659 1396 4715 Romana
1418 4676 1542 4716 cum
1572 4660 1935 4715 Alexandrina
1957 4673 2152 4715 convo-

586 4754 758 4808 nisset
793 4750 1057 4808 Ecclesia.
1093 4751 1373 4807 Paschalis
1414 4751 1575 4822 igitur
1603 4751 1890 4818 terminus,
1934 4751 2021 4806 cui
2066 4766 2155 4806 re-

587 4846 765 4915 spexit
786 4843 1161 4905 lnnocentius.
1196 4844 1581 4914 aquinoctium
1616 4844 1928 4914 pracessit;
1978 4843 2153 4913 siqui—

585 4937 707 4994 dem
740 4935 950 4993 Pascha
973 4936 1313 5006 consignavit
1341 4935 1407 4991 ad
1434 4934 1505 4990 22
1531 4934 1731 4990 Martii.
1774 4933 1906 5001 Qua
1930 4950 2053 4990 cum
2082 4936 2155 4989 ita

588 5026 717 5090 sint,
764 5025 887 5096 quis
931 5024 1144 5083 inﬁcias
1198 5025 1377 5094 iverit,
1404 5027 1715 5096 paschalem
1755 5026 1907 5082 illum
1957 5026 2156 5081 saltum

586 5115 875 5174 Judaicum
892 5115 1062 5176 fuisse
1084 5116 1361 5172 inventum
1385 5128 1510 5173 ante
1531 5117 1810 5174 Nicanum
1838 5117 2154 5182 concilium,

588 5225 712 5265 cum
752 5209 951 5264 multos
984 5216 1107 5278 post
1138 5222 1314 5263 annos
1372 5210 1607 5263 nondum
1649 5224 1769 5265 mos
1807 5209 1896 5264 ille
1930 5224 1961 5264 a
2000 5208 2157 5265 Chri-

529 5280 538 5293 ’
590 5297 785 5353 stianis
829 5297 1075 5353 ascitus?
1120 5312 1244 5352 nam
1294 5296 1438 5366 quod
1492 5312 1638 5353 anno
1681 5297 1787 5352 405
1827 5297 2157 5367 Theophilus

591 5388 866 5456 paschalia
902 5388 1165 5443 solemnia
1187 5387 1479 5443 contulerit
1510 5388 1563 5441 in
1586 5388 1655 5442 29
1683 5388 1887 5452 Martii,
1912 5389 1965 5443 in
1991 5404 2157 5444 causa

592 5477 713 5542 fuit,
750 5480 895 5548 quod
940 5480 1238 5550 legitimum
1294 5479 1575 5535 Paschatis
1618 5484 1911 5534 terminum
1941 5481 2159 5537 duxerit

590 5568 662 5629 22
692 5567 895 5633 Martii,
944 5569 1106 5639 idque
1154 5585 1220 5625 ex
1266 5569 1388 5638 ejus
1436 5570 1589 5639 cyclo
1636 5580 1974 5640 patetzcum
2012 5573 2157 5625 enim

594 5675 773 5715 annus
815 5660 849 5713 4
895 5660 1055 5717 fuerit
1093 5660 1231 5730 cycli
1283 5660 1493 5717 lunaris
1539 5663 1915 5728 Alexandrini,
1948 5665 2159 5720 novilu-

597 5752 749 5806 nium
792 5753 1043 5821 paschale
1085 5753 1380 5820 ascriptum
1414 5754 1478 5807 15
1503 5755 1865 5822 Phamenoth,
1895 5758 1927 5810 9
1958 5757 2155 5821 Martii,

599 5844 833 5914 indeque
880 5844 1147 5900 terminus
1190 5844 1258 5897 26
1288 5842 1647 5912 Phantcnuth,
1701 5848 1879 5904 Martii
1906 5851 1993 5905 22.
2027 5852 2161 5918 Quis

2246 3383 2413 3438 Nisan
2445 3383 2786 3438 neomcniam
2822 3381 3041 3447 Martio,
3076 3381 3160 3436 vel
3182 3381 3357 3452 Aprili
3390 3383 3441 3435 in
3473 3391 3653 3439 mense.
3673 3383 3753 3429 tum

2247 3478 2424 3532 Phase
2467 3476 2605 3530 diem
2656 3475 2924 3538 docuerit,
2974 3474 3118 3529 unde
3167 3474 3403 3545 adeptus
3452 3474 3753 3527 characterem

2250 3568 2399 3623 feria
2421 3568 2540 3637 ejus
2563 3568 2666 3623 diei
2700 3583 2764 3622 ex
2789 3567 2925 3639 cycli
2954 3565 3161 3622 Solaris
3181 3581 3348 3631 anno,
3383 3566 3473 3635 qui
3497 3574 3597 3617 tum
3619 3570 3751 3618 actus.

2250 3679 2437 3718 verum
2472 3660 2755 3717 Paschatis
2776 3661 2919 3716 diem
2948 3674 3267 3728 e0gnosces.

2322 3753 2506 3809 XXIII.
2546 3752 2666 3807 Jam
2694 3753 2863 3823 igitur
2887 3752 3048 3821 (utin
3071 3750 3214 3804 viam
3248 3747 3487 3817 redeam)
3512 3746 3555 3801 si
3580 3740 3754 3815 pascha-

2252 3847 2330 3903 les
2357 3847 2796 3903 Christianorum
2850 3843 3091 3909 termini,
3128 3843 3277 3913 itque
3319 3838 3599 3902 emendati,
3634 3833 3753 3903 ipsis-

2252 3938 2389 3993 sima
2414 3948 2540 3993 sunt
2559 3935 2872 3992 Judaorum
2901 3934 3101 3996 Phase,
3130 3948 3161 3988 a
3190 3933 3393 4004 quibus
3414 3939 3604 3986 tantum
3625 3938 3753 3994 quan-

2251 4030 2430 4100 doque
2458 4030 2749 4085 discedunt
2771 4028 2857 4083 vel
2888 4027 2958 4082 oh
2994 4025 3223 4081 bissexti
3253 4025 3601 4078 interventum
3633 4011 3751 4071 solari

2254 4122 2309 4175 in
2338 4137 2482 4176 anno
2504 4120 2746 4184 Juliano,
2782 4119 2865 4174 vel
2896 4118 2965 4173 ob
2992 4117 3257 4173 omissum
3297 4114 3442 4169 diem
3468 4108 3751 4168 embolimum

2254 4212 2433 4268 lunari
2482 4212 2534 4267 in
2568 4227 2735 4274 anno,
2766 4224 2936 4265 causa
2981 4215 3229 4278 superest
3265 4205 3437 4268 nulla,
3468 4202 3593 4257 unde
3618 4194 3751 4263 suspi-

2253 4319 2462 4371 cemur,
2485 4317 2629 4358 anno
2648 4301 2745 4356 671
2775 4315 2883 4356 non
2906 4299 3159 4355 eumdem
3189 4297 3474 4353 Palastina
3502 4295 3549 4348 in
3570 4287 3751 4345 Ecclesia

2253 4394 2536 4451 Paschatis
2575 4394 2719 4449 diem
2745 4390 2951 4455 luisse,
2982 4400 3145 4459 atque
3195 4388 3250 4443 in
3300 4387 3521 4457 reliquis
3546 4378 3751 4437 Christia-

2254 4502 2469 4545 norum.
2524 4484 2589 4541 Et
2620 4484 2780 4556 plane
2823 4482 2872 4539 si
2923 4481 3239 4537 Iaterculum
3288 4479 3635 4536 consulamus,
3670 4480 3749 4523 rem

2183 4609 2230 4669 ι)
2258 4580 2430 4649 ipsam
2452 4580 2757 4669 loquentem
2775 4560 3750 4669 deprehendemuszErat-aunusi639?

2259 4670 2589 4726 Seleuciana
2608 4668 2849 4738 epocha,
2871 4665 3202 4736 proindeque
3222 4664 3294 4718 7O
3317 4662 3517 4732 periodi
3538 4660 3609 4713 15.
3627 4654 3752 4707 Phase

2256 4761 2421 4831 igitur
2471 4758 2758 4814 .ludaicum
2798 4772 2924 4813 cum
2971 4754 3263 4811 incurrerit
3307 4754 3361 4805 in
3412 4753 3479 4807 50
3525 4745 3683 4805 Martii.
3714 4748 3749 4792 et

2256 4848 2472 4917 quidem
2520 4846 2710 4901 feriam
2742 4861 2797 4911 ι,
2850 4844 3160 4900 necessario
3206 4843 3455 4911 sequitur
3492 4836 3749 4893 celebratum

2260 4940 2644 5011 Hierosolymis
2670 4937 2880 4993 Pascha
2919 4937 2953 4991 6
2997 4936 3198 5007 Aprilis
3218 4975 3234 5001 ,
3260 4932 3408 5005 quod
3439 4927 3660 4986 Leontius
3688 4918 3747 4973 di-

2258 5042 2402 5087 serte
2448 5010 2696 5087 testatus.
2730 5028 3094 5096 Quamobrem
3134 5028 3237 5083 etsi
3276 5026 3472 5094 quovis
3516 5021 3609 5075 alio
3631 5010 3749 5069 desti-

2259 5134 2475 5179 tuamur
2529 5122 2754 5186 auxilio,
2808 5122 2952 5176 unde
2988 5119 3339 5175 ostendamus
3389 5112 3666 5186 Gregorium
3700 5102 3747 5155 ab

2258 5216 2554 5271 Iustiniani
2589 5214 2604 5268 Ι
2636 5224 2793 5270 atate
2814 5213 3226 5278 semovendum,
3254 5211 3358 5266 hoc
3382 5225 3488 5264 uno
3511 5195 3746 5260 testimoni0

2262 5306 2420 5376 plane
2453 5321 2675 5361 causam
2708 5306 2962 5360 vicimus.
2992 5301 3210 5357 Nullum
3250 5303 3397 5358 enim
3426 5303 3476 5355 in
3503 5297 3607 5353 totis
3634 5287 3745 5345 annis

2259 5397 2551 5452 Justiniani
2578 5396 2596 5448 I
2622 5394 2833 5463 imperii
2858 5394 3100 5449 occurrit
3124 5392 3352 5455 Pascha,
3379 5391 3514 5462 quod
3534 5388 3744 5456 peracwm

2262 5500 2292 5539 a
2319 5484 2647 5540 Christianis
2674 5487 2707 5540 6
2748 5483 2970 5553 Aprilis.
3004 5482 3290 5537 Enimvero
3317 5497 3422 5536 non
3457 5483 3606 5549 potest
3630 5463 3744 5523 Chri-

2263 5587 2381 5632 stus
2422 5577 2488 5631 de
2541 5584 2716 5631 morte
2765 5575 3107 5645 triumphans
3158 5573 3262 5629 coli
3296 5571 3329 5626 6
3357 5570 3560 5641 Aprilis,
3595 5558 3673 5617 nisi
3706 5554 3740 5605 il
3834 5582 3837 5585 ·

2264 5668 2421 5722 annis
2453 5669 2587 5738 cycli
2642 5667 3138 5722 cnncadecaeterici
3172 5668 3222 5729 7,
3264 5665 3319 5727 8,
3353 5664 3439 5727 15,
3473 5663 3521 5723 4,
3550 5658 3617 5720 η»

2265 5733 2499 5814 termini
2531 5759 2813 5827 paschales
2865 5758 2935 5810 26
2991 5768 3046 5810 et
3091 5759 3160 5810 50
3212 5753 3389 5809 Martii
3460 5752 3586 5814 (imo
3622 5750 3661 5795 et
3689 5733 3731 5827 3i

2266 5867 2407 5909 anno
2439 5850 2507 5907 59
2534 5823 2765 5922 periodi,
2809 5850 2900 5921 qui
2941 5848 3005 5903 15
3036 5846 3213 5919 cycli)
3246 5848 3293 5912 1,
3323 5847 3378 5911 2,
3412 5844 3443 5899 4
3473 5823 3736 5911 Ᾱρῐὶιίδετά
