3934 6538
130 363 303 427 1205

1548 377 2068 441 DISSERTATIO.

3278 375 3411 441 1206

120 479 328 532 etiam
361 496 509 535 anno
548 482 564 534 l
600 484 761 554 cycli,
790 486 881 555 qui
913 490 1205 543 terminum
1243 491 1433 547 statuit
1461 494 1734 565 5Aprilis,
1766 497 1814 555 Α
1841 494 2039 559 bravit,
2089 495 2467 551 testimonium
2519 494 2666 550 dicat
2717 492 2965 548 omnium
3014 490 3409 560 certissimum,

128 571 328 625 modo
352 574 495 641 apud
515 572 817 632 Orientales
862 575 1134 634 Ecclesias
1156 596 1275 637 mos
1296 582 1385 638 ille
1408 583 1552 639 haud
1575 585 1739 641 unde-

128 678 383 732 quaque
414 665 705 721 invaluerit
736 668 1045 737 prolatandi
1074 669 1285 728 Pascha
1331 675 1397 728 ad
1441 676 1737 730 secundam

136 752 531 821 Dominicam,
551 758 766 826 quoties
788 762 1055 817 terminus
1072 762 1335 818 incideret
1352 765 1404 818 iu
1425 765 1616 821 feriam
1640 784 1735 831 vn,

131 858 267 912 qua
304 847 375 900 de
408 862 470 902 re
508 849 689 905 nobile
739 853 1049 922 exemplum
1080 853 1348 910 habemus
1392 855 1447 910 iu
1475 856 1740 914 Paschate

134 936 291 989 anni
325 937 429 991 760
457 940 592 1009 cycli
620 941 830 998 lunaris
860 942 883 996 l
915 958 930 1008 ;
964 951 1098 999 tunc
1124 946 1271 999 enim
1309 948 1597 1003 orthodoxi
1636 965 1738 1004 au-

137 1027 317 1081 diere
359 1029 455 1098 qui
486 1032 766 1100 paschalia
793 1042 1089 1103 exegerunt
1140 1036 1174 1089 6
1209 1034 1435 1106 Aprilis,
1466 1049 1655 1094 contra
1685 1041 1739 1096 in

140 1114 559 1204 limreticorum
612 1139 837 1179 censum
883 1127 1107 1196 repositi
1152 1128 1247 1198 qui
1296 1129 1363 1183 15
1402 1131 1604 1200 Aprilis
1647 1133 1736 1204 (V.

140 1203 415 1277 Theoph.
476 1209 774 1283 Chronogr.
822 1223 984 1284 atque
1030 1215 1185 1272 Pauli
1234 1218 1449 1275 diaconi
1506 1203 1737 1278 miscell.

142 1297 255 1353 lib.
291 1304 438 1369 xxii)
486 1319 593 1358 non
627 1320 737 1375 quo
785 1308 1325 1377 comperendinatum
1364 1309 1576 1368 Pascha
1614 1330 1741 1384 pro-

146 1401 285 1458 pter
313 1394 610 1449 terminum
639 1396 695 1450 in
722 1395 855 1451 feria
880 1414 979 1465 vn,
1012 1400 1104 1453 sed
1132 1401 1259 1471 quia
1283 1404 1376 1473 qui
1399 1405 1465 1460 ad
1497 1406 1564 1461 15
1586 1408 1743 1477 Apri-

146 1481 226 1537 lis
250 1484 543 1552 distulere,
572 1486 868 1544 terminum
895 1492 1208 1561 paschalem
1233 1493 1499 1550 habebant
1530 1497 1562 1551 6
1584 1497 1741 1568 Apri-

147 1576 250 1643 lis,
285 1588 347 1631 ut
378 1579 434 1632 in
461 1594 626 1636 omne
654 1589 871 1653 tempus
900 1585 1090 1640 statuit
1119 1588 1462 1644 Antiochena
1499 1589 1739 1647 Ecclesia

144 1667 212 1721 in
272 1668 502 1725 Canone
566 1686 723 1727 suo:
768 1688 959 1744 reapse
1011 1686 1190 1732 tamen
1239 1694 1415 1750 neque
1481 1691 1741 1751 perpetuo

140 1774 351 1815 verum
384 1778 529 1816 anno
563 1764 590 1818 l
625 1766 763 1835 cycli
798 1766 1005 1823 lunaris
1041 1770 1383 1825 terminalem
1415 1773 1554 1827 diem
1582 1790 1741 1831 assu-

1841 601 1953 655 quo
1977 585 2047 640 ab
2071 601 2134 641 ea
2176 596 2335 642 :etate
2358 585 2691 643 sevocetur?
2720 583 2857 640 Tam
2894 584 3079 640 nobile
3120 598 3411 655 argumen-

1843 686 1957 731 tum
2004 678 2286 749 copiosam
2321 679 2485 735 nobis
2527 677 2762 749 praebuit
2789 676 3107 746 disputandi
3148 686 3411 746 segetem,

1843 778 1904 823 ut
1952 770 2103 824 nullo
2152 770 2326 825 lector
2366 770 2665 840 impeditus
2706 768 3046 839 praeiudicio,
3083 782 3267 824 causae
3308 783 3412 823 no-

1840 870 1970 916 strae
2001 862 2130 931 jura
2165 870 2406 918 tueatur.
2437 859 2595 918 Nunc
2625 860 2837 930 reliqua
2865 874 3189 930 prosequar.

1912 951 2103 1008 XXIV.
2146 953 2443 1024 Cajetauus
2485 952 2670 1009 nervis
2698 952 2956 1008 omnibus
2983 951 3215 1007 certavit
3242 952 3410 1008 inter-

1844 1042 2013 1098 fuisse
2058 1040 2385 1112 Gregorium
2437 1039 2649 1112 synodo
2676 1056 2710 1093 v
2765 1041 3153 1106 tecumenicte,
3182 1056 3220 1095 u
3270 1038 3415 1095 Con.

1842 1134 2364 1205 stantinopolitante,
2390 1147 2563 1203 eaque
2606 1140 2829 1203 propter
2873 1141 3132 1204 suspecta
3160 1130 3415 1187 vendita-

1842 1226 1957 1290 vit,
2013 1241 2136 1296 qua
2192 1225 2248 1281 in
2309 1224 2526 1282 Leontii
2578 1222 2988 1280 Commentario
3044 1223 3298 1295 leguntur
3345 1224 3415 1280 de

1846 1317 2062 1389 Sergio,
2094 1318 2260 1390 Cyro,
2286 1329 2340 1374 et
2368 1318 2537 1374 Paulo
2569 1316 3049 1374 Monothelitarum
3076 1315 3239 1391 309
3262 1324 3414 1371 ante-

1844 1409 2110 1480 signanis,
2140 1416 2196 1463 et
2226 1409 2278 1463 in
2310 1409 2547 1464 concilio
2587 1408 3052 1465 anathematismo
3092 1407 3416 1467 confodien-

1843 1503 1950 1565 tlis,
1985 1500 2127 1571 quod
2171 1500 2333 1570 plane
2386 1499 2698 1556 confectum
2732 1500 2787 1554 in
2823 1515 2874 1554 v1
2922 1500 3130 1572 synodo
3171 1516 3413 1560 acume-

1845 1592 1988 1645 nica.
2024 1588 2154 1654 Nos,
2192 1606 2315 1660 qua:
2357 1590 2410 1643 in
2443 1589 2691 1647 Caietani
2730 1590 3055 1671 sententiam
3088 1598 3409 1661 pugnarent,

1845 1683 2151 1746 attulimus,
2192 1691 2251 1735 ut
2290 1690 2443 1736 certe
2491 1697 2598 1735 non
2634 1680 2973 1748 dubitemus,
3016 1681 3171 1752 quin,
3217 1681 3264 1737 si
3300 1683 3413 1737 cla-

1846 1774 2099 1829 rissimus
2128 1773 2212 1826 vir
2241 1772 2417 1827 lucem
2473 1772 2637 1826 hodie
2681 1772 3008 1838 intueretur,
3056 1789 3121 1827 ex
3156 1771 3413 1843 Opinione
3468 1810 3477 1823 ς

142 1854 710 1926 mendumSAprilis,
737 1868 794 1914 ut
816 1859 1081 1927 Romana,
1105 1861 1734 1937 Constantinopolitana,
1771 1850 1813 1905 Β
1840 1864 2168 1919 discederet.
2212 1860 2370 1917 Nunc
2415 1877 2545 1917 vero
2586 1877 2685 1932 par
2724 1872 2809 1917 est
2837 1863 3300 1926 demonstremus,
3342 1877 3412 1918 ne

143 1946 530 2002 Alexandrina
573 1948 839 2017 Ecclesia,
875 1954 957 2008 vel
992 1954 1026 2008 6
1054 1954 1276 2023 Aprilis,
1309 1965 1364 2011 ut
1398 1956 1736 2016 Antiochena

143 2040 341 2093 sanxit
392 2040 659 2104 Ecclesia,
703 2043 796 2099 sed
850 2045 1046 2113 partim
1095 2045 1146 2111 5,
1195 2048 1393 2116 partim
1435 2049 1467 2104 6
1512 2050 1735 2121 Aprilis.

143 2131 317 2185 Anno
343 2131 568 2201 quidem
596 2135 805 2203 periodi
829 2136 860 2189 7
886 2145 939 2191 et
964 2135 1055 2203 64,
1076 2152 1241 2194 verus
1264 2142 1525 2196 terminus
1542 2144 1657 2198 dies
1680 2146 1734 2210 5,

145 2235 305 2274 anno
333 2222 407 2276 26
431 2236 485 2278 et
517 2223 610 2288 45,
641 2224 757 2281 dies
791 2226 824 2281 6
846 2227 1073 2299 Aprilis.
1100 2231 1204 2286 Sed
1232 2233 1376 2286 enim
1410 2248 1553 2289 anno
1578 2234 1738 2292 Chri-

145 2320 223 2364 Sll
264 2310 373 2367 760
415 2314 725 2385 agitabatur
768 2314 1110 2374 Seleucidum
1152 2321 1311 2389 l07l,
1352 2324 1445 2394 qui
1474 2325 1504 2377 7
1533 2326 1735 2396 periodi

149 2400 224 2454 15
249 2400 564 2472 Calippicae,
593 2407 928 2479 proindeque
956 2409 1227 2483 legitimus
1253 2415 1525 2483 paschalis
1550 2418 1735 2471 termi-

147 2508 264 2548 nus
310 2494 345 2549 5
394 2496 617 2566 Aprilis.
668 2496 787 2553 Jam
831 2501 1224 2559 Justinianusl
1264 2506 1402 2578 Aug.
1449 2510 1733 2579 imperium

148 2584 283 2638 iniit
330 2602 477 2641 anno
507 2588 714 2644 Christi
763 2589 1099 2664 Dionysiano
1133 2595 1257 2661 527,
1302 2614 1489 2656 mense
1534 2603 1733 2670 sextili,

146 2688 393 2731 exeunte
408 2676 443 2731 2
458 2679 668 2748 periodi
689 2680 757 2735 l2
774 2680 1082 2755 Calippicze,
1106 2688 1199 2757 qui
1225 2687 1570 2747 Seleucidum
1594 2693 1733 2759 838;

145 2768 311 2822 exuit
335 2785 463 2824 vero
493 2769 602 2826 fato
622 2773 926 2831 exstinctus
954 2792 1099 2831 anno
1134 2777 1258 2846 565,
1296 2797 1481 2839 mense
1508 2783 1737 2840 Novem-

148 2857 283 2955 bri;
460 2876 634 2955 novus
672 2864 735 2918 41
768 2864 979 2935 periodi
1009 2867 1096 2955 'l2
1140 2868 1454 2941 Calippicae,
1493 2873 1730 2931 Seleuci-

148 2949 291 3003 dum
325 2950 453 3005 877.
486 2953 544 3007 ln
576 2954 677 3010 hoc
727 2949 1013 3013 annorum
1050 2962 1326 3017 curriculo
1367 2964 1547 3020 idonei
1582 2968 1738 3023 insti-

148 3050 280 3095 tuto
322 3054 513 3099 nostro
544 3047 828 3115 paschales
874 3050 1091 3106 termini
1140 3068 1261 3109 sese
1298 3054 1535 3111 offerunt
1581 3060 1737 3116 annis

148 3132 371 3244 periodi
405 3136 459 3200 5,
492 3137 549 3244 3,
583 3138 961 3244 3.0215338,
993 3144 1085 3211 21,
1120 3147 1209 3211 24,
1254 3147 1347 3214 29,
1381 3149 1471 3215 52,
1504 3149 1595 3218 57,
1638 3153 1728 3209 40.
1763 3185 1807 3244 c

160 3224 275 3281 Sed
310 3242 459 3283 anno
490 3230 545 3293 5,
578 3232 783 3289 Christi
827 3234 950 3301 550,
991 3238 1144 3310 cyclo
1177 3239 1308 3295 solis
1337 3240 1388 3306 7,
1421 3241 1597 3298 littera
1628 3242 1735 3299 Do-

151 3317 407 3373 minicali
453 3320 536 3385 F,
592 3326 863 3382 terminus
923 3328 978 3383 in
1041 3328 1175 3385 feria
1228 3348 1278 3385 v.
1334 3331 1474 3404 Ergo
1526 3332 1735 3392 Pascha

151 3409 222 3464 51
268 3409 473 3467 Martii.
521 3414 681 3472 Anno
720 3418 775 3487 7,
814 3419 1017 3477 Christi
1048 3422 1173 3488 552,
1210 3426 1362 3496 cyclo
1406 3427 1539 3483 solis
1564 3428 1617 3494 9,
1652 3429 1739 3484 lit-

152 3514 276 3559 tera
337 3507 660 3563 Dominicali
710 3509 844 3577 DC,
881 3514 1149 3570 terminus
1202 3516 1254 3571 in
1306 3516 1440 3573 feria
1481 3536 1543 3577 11.
1597 3520 1738 3591 Ergo

154 3595 375 3651 Pascha
405 3599 466 3653 11
493 3599 719 3669 Aprilis.
743 3602 903 3659 Anno
929 3603 1016 3671 l0,
1037 3604 1240 3661 Christi
1267 3606 1592 3680 Dionysiano
1609 3611 1736 3678 555,

154 3689 320 3759 cyclo
358 3690 492 3745 solis
538 3691 624 3758 12,
670 3692 850 3749 littera
893 3694 1215 3753 Dominicali
1262 3698 1329 3765 (ἶ,
1380 3701 1650 3758 terminus
1683 3704 1737 3759 in

156 3779 298 3833 t‘eria
324 3794 421 3835 vn.
450 3779 593 3852 Ergo
618 3781 829 3839 Pascha
866 3785 902 3841 5
929 3787 1013 3842 vel
1042 3787 1106 3843 10
1139 3788 1342 3859 Aprilis
1377 3789 1523 3862 (nam
1564 3795 1739 3849 nesci-

156 3888 311 3938 ntus,
360 3889 482 3943 qua:
528 3873 1033 3950 llierosolymitanae
1080 3881 1337 3939 Ecclesiae
1375 3887 1736 3953 consuetudo,

154 3979 287 4018 cum
319 3965 589 4022 terminus
619 3968 794 4024 exiret
829 3969 883 4025 in
910 3970 1097 4027 feriam
1126 3973 1243 4044 vn).
1273 3974 1432 4029 Anno
1457 3977 1541 4040 15,
1581 3978 1740 4031 Chri-

157 4058 234 4112 sti
268 4058 398 4125 558,
431 4062 581 4130 cyclo
619 4061 752 4119 solis
784 4062 875 4131 15,
906 4063 1082 4120 littera
1107 4065 1424 4122 Dominicali
1458 4068 1520 4131 C,
1552 4072 1742 4124 termi-

159 4163 269 4203 nus
321 4149 375 4203 in
418 4150 552 4205 l'eria
584 4168 664 4208 111.
714 4151 858 4225 Ergo
888 4154 1096 4212 Pascha
1121 4158 1155 4211 4
1191 4158 1411 4228 Aprilis.
1462 4160 1621 4216 Anno
1650 4161 1735 4225 18,

158 4240 371 4295 Christi
413 4242 541 4307 545,
582 4242 739 4315 cyclo
785 4244 919 4301 solis
967 4244 1057 4311 20,
1086 4246 1265 4302 littera
1316 4246 1636 4304 Dominicali
1672 4248 1737 4316 Ι),

160 4332 436 4388 terminus
459 4332 514 4386 in
540 4332 676 4389 feria
696 4350 750 4389 ν.
775 4333 915 4406 Ergo
934 4332 1145 4391 Pascha
1169 4338 1199 4391 7
1225 4338 1447 4409 Aprilis.
1473 4340 1632 4393 Anno
1646 4339 1738 4403 21,

158 4423 370 4478 Christi
412 4422 538 4490 546,
575 4426 727 4497 cyclo
774 4427 904 4482 solis
947 4426 1038 4494 25,
1086 4428 1261 4483 littera
1311 4428 1629 4486 Dominicali
1671 4429 1737 4494 G,

1837 1952 1923 2009 vel
1967 1952 2138 2006 hilum
2168 1953 2389 2023 quidem
2421 1953 2584 2007 nobis
2616 1952 2816 2023 opponi
2842 1952 3200 2007 Leontianam
3234 1953 3409 2008 histo-

1840 2044 2003 2111 riam,
2034 2043 2167 2115 quin
2189 2044 2397 2115 potius,
2424 2059 2547 2114 qua:
2573 2044 2641 2099 ad
2673 2044 2816 2099 hanc
2842 2061 2958 2101 rem
2990 2053 3178 2100 narrat
3201 2044 3407 2109 omnia,

1838 2137 2055 2208 pondus
2086 2135 2285 2191 addere
2315 2137 2700 2207 gravissimum
2755 2137 3062 2200 sententias,
3098 2152 3260 2206 quam
3310 2150 3408 2190 ex-

1840 2227 2149 2298 posuimus.
2197 2227 2287 2282 Ait
2336 2227 2504 2297 igitur
2554 2225 2841 2291 Leontius,
2884 2226 3235 2296 Gregorium,
3280 2239 3406 2280 cum

1838 2317 2316 2387 Constantinopoli
2384 2327 2736 2383 versaretur,
2796 2316 3138 2387 Romamque
3200 2317 3409 2387 cogita.

1840 2416 1945 2474 l'rl,
1979 2422 2010 2462 a
2032 2406 2636 2476 Constantinopolitano
2660 2406 3074 2477 archiepiscopo
3100 2406 3407 2475 detentum,

1838 2500 2139 2570 quominus
2170 2508 2279 2553 tam
2320 2497 2500 2553 subito
2522 2497 2626 2554 iret
2655 2503 2673 2554 ἐ
2707 2497 2977 2555 nefarium
3018 2498 3093 2553 illi
3123 2499 3409 2555 hteretico-

1840 2605 1961 2644 rum
2008 2588 2249 2645 furorem
2302 2588 2605 2655 detexisse,
2655 2590 2748 2660 qui
2799 2589 3008 2661 Sergii,
3054 2589 3218 2661 Cyri,
3256 2590 3408 2647 Pauli

1840 2680 2043 2735 addicti
2070 2679 2317 2749 partibus
2343 2680 2591 2735 lunestas
2628 2679 2685 2735 in
2716 2679 2955 2735 Ecclesia
2990 2680 3285 2751 tragmdias
3313 2697 3407 2736 ex-

1838 2773 2111 2839 citarant;
2168 2772 2371 2842 quibus
2416 2772 2633 2828 obviam
2679 2773 2941 2839 eundum,
2990 2788 3165 2844 eoque
3194 2774 3406 2844 iussam

1839 2862 2132 2934 synodum.
2156 2861 2276 2918 Jam
2310 2879 2376 2918 ex
2406 2874 2600 2919 nostro
2626 2863 2849 2919 Canone
2871 2864 3117 2935 Gregorii
3144 2866 3409 2920 adventus

1837 2954 2369 3025 Constantinopolim
2420 2954 2651 3025 contigit
2704 2969 2847 3010 anno
2883 2955 3008 3020 678,
3045 2971 3155 3026 quo
3202 2971 3409 3027 magna;

1841 3048 1915 3101 illi
1955 3055 2185 3117 praeerat
2219 3046 2473 3101 Ecclesiae
2520 3044 2847 3103 Theodorus
2895 3048 3180 3117 piissimus
3244 3057 3410 3119 atque

1838 3140 2181 3196 orthodoxus
2224 3139 2546 3210 episcopus,
2597 3138 2691 3208 qui
2737 3153 2804 3194 eo
2848 3140 2969 3210 ipso
3015 3128 3160 3195 anno
3210 3142 3409 3196 throno

1838 3242 2092 3299 exactus,
2136 3232 2438 3303 subrogato
2483 3230 2719 3303 Georgio
2758 3231 3236 3289 Monothelitarum
3284 3249 3408 3293 cum

1839 3341 1918 3389 re,
1968 3334 2083 3379 tum
2123 3325 2384 3395 dignitate
2418 3324 2686 3395 principe,
2720 3339 3033 3395 quanquam
3083 3326 3300 3381 tandem
3354 3329 3406 3381 in

1839 3419 2051 3489 synodo
2081 3417 2406 3488 sacrilegum
2444 3432 2687 3472 errorem
2720 3417 2969 3490 ejurarit.
3008 3417 3072 3472 Et
3116 3419 3407 3474 concilium

1837 3511 2061 3582 quidem
2082 3510 2185 3565 sub
2202 3498 2493 3565 Theodoro
2511 3509 2823 3580 patriarcha
2842 3509 3106 3567 indictum
3128 3524 3272 3563 anno
3284 3508 3408 3571 678,

1840 3604 1963 3658 licet
1994 3614 2244 3658 coactum
2279 3600 2561 3657 desinente
2595 3616 2741 3660 anno
2762 3601 2867 3665 680
2896 3610 3044 3671 patet
3074 3617 3138 3654 ex
3180 3602 3410 3655 Anasta-

1838 3696 1907 3751 sii
1932 3694 2191 3752 Romanae
2212 3694 2472 3752 Ecclesiae
2504 3693 2901 3749 bibliothecarii
2932 3692 3269 3759 testimonio,
3296 3692 3411 3746 hanc

1840 3792 1894 3845 in
1952 3788 2254 3859 Agathonis
2299 3787 2411 3843 vita
2467 3786 2760 3842 scribentis
2812 3782 3129 3839 :Dederant
3184 3784 3409 3852 piissimi

1836 3882 2100 3952 principes
2132 3878 2533 3943 Constantinus,
2561 3877 2862 3942 Heraclius,
2884 3886 2933 3932 et
2967 3873 3211 3931 Tiberius
3239 3872 3408 3943 Augg.
3489 3936 3493 3940 _

1840 3976 2048 4031 litteras
2082 3988 2174 4041 per
2212 3969 2591 4040 Epiphaniam,
2614 3970 2705 4040 qui
2751 3976 2867 4022 erat
2895 3968 2963 4021 iis
3004 3985 3036 4019 a
3068 3965 3303 4025 secretis,
3342 3965 3409 4015 ad

1839 4065 2069 4126 Donum,
2102 4079 2251 4132 quem
2295 4061 2468 4117 adhuc
2515 4060 2849 4129 superstitem
2885 4057 3143 4123 putabant
3176 4053 3411 4125 Agatho-

1841 4157 1921 4211 nis
1963 4164 2367 4216 antecessorem,
2411 4151 2599 4221 quibus
2643 4148 3016 4211 hortabantur,
3056 4146 3206 4200 vellet
3238 4147 3411 4215 ponti-

1842 4248 1927 4318 fex
1976 4246 2295 4309 sacerdotes,
2332 4243 2527 4298 aliosve
2571 4243 2627 4299 in
2660 4240 2839 4299 urbem
2888 4241 3086 4309 regiam
3119 4238 3290 4310 legare
3342 4244 3407 4290 ad

1843 4338 2110 4393 Ecclesias
2141 4337 2430 4408 aliquando
2464 4333 2863 4392 consociandas.
2902 4331 2999 4386 llis
3024 4332 3251 4399 acceptis
3272 4330 3410 4400 Aga-

1844 4430 1931 4485 tho
1966 4438 2173 4482 tantam
2213 4444 2317 4481 rem
2356 4426 2595 4496 segnius,
2638 4432 2732 4479 aut
2770 4423 2963 4477 lentius
3005 4421 3263 4492 agendam
3309 4436 3410 4473 non

162 4516 436 4571 terminus
464 4517 517 4571 in
541 4516 673 4573 feria
699 4533 740 4576 t.
766 4520 909 4590 Ergo
928 4518 1139 4575 Pascha
1163 4520 1196 4574 8
1218 4521 1440 4591 Aprilis.
1466 4524 1625 4576 Anno
1643 4522 1734 4588 24,
1771 4524 1813 4578 D
1840 4522 2065 4589 putavit.
2098 4519 2258 4590 Legat
2294 4519 2459 4589 igitur
2501 4515 2762 4586 extemplo
2790 4514 3189 4568 Abundantium
3227 4513 3412 4567 Pater-

156 4609 368 4665 Christi
403 4609 529 4674 549,
577 4612 731 4682 cyclo
773 4613 907 4668 solis
952 4612 1042 4679 26,
1089 4614 1269 4670 littera
1322 4613 1640 4669 Dominicali
1674 4613 1738 4680 C,

162 4704 435 4758 terminus
496 4704 552 4758 in
602 4702 738 4760 feria
798 4722 858 4760 11.
930 4703 1070 4776 Ergo
1144 4704 1357 4760 Pascha
1418 4707 1452 4761 4
1507 4707 1733 4776 Aprilis.

157 4795 324 4850 Anno
372 4794 465 4861 29,
511 4793 714 4851 Christi
760 4796 886 4863 554,
934 4797 1088 4867 cyclo
1140 4797 1270 4852 solis
1314 4797 1369 4860 5,
1414 4797 1590 4853 littera
1637 4800 1741 4853 Do-

160 4885 409 4942 minicali
453 4887 533 4954 Ι),
589 4889 855 4943 terminus
912 4886 967 4941 in
1028 4886 1162 4942 feria
1200 4903 1263 4943 11.
1326 4886 1470 4958 Ergo
1520 4887 1735 4945 Pascha

162 4977 195 5032 8
229 4979 459 5049 Aprilis.
505 4978 666 5034 Anno
708 4978 812 5046 52,
868 4979 1072 5037 Christi
1109 4981 1242 5046 557,
1295 4982 1452 5052 cyclo
1499 4980 1634 5037 solis
1671 4981 1737 5047 6,

163 5072 343 5127 littera
392 5072 717 5127 Dominicali
765 5071 833 5137 (ἶ,
883 5073 1155 5129 terminus
1195 5072 1251 5127 in
1300 5071 1432 5127 feria
1473 5089 1550 5128 vi.
1595 5071 1739 5143 Ergo

161 5162 377 5218 Pascha
409 5163 433 5216 1
474 5163 701 5234 Aprilis.
746 5165 907 5219 Anno
945 5164 1036 5231 57,
1069 5164 1273 5220 Christi
1305 5163 1431 5229 562,
1462 5163 1617 5236 cyclo
1649 5179 1742 5219 so—

160 5256 228 5310 lis
255 5255 345 5315 11.
394 5255 571 5310 littera
605 5254 930 5310 Dominicali
975 5256 1039 5323 A,
1083 5256 1357 5312 terminus
1399 5256 1453 5310 in
1486 5254 1623 5311 feria
1656 5270 1738 5311 Ill.

163 5345 308 5415 Ergo
338 5345 552 5400 Pascha
581 5345 613 5397 7
648 5345 871 5414 Aprilis.
898 5347 1056 5402 Anno
1082 5345 1173 5411 40,
1203 5345 1409 5401 Christi
1435 5345 1561 5411 565,
1588 5344 1743 5417 cyclo

161 5436 296 5490 solis
328 5435 419 5502 14,
446 5435 631 5490 littera
658 5434 989 5491 Dominicali
1023 5435 1086 5503 D,
1119 5436 1389 5491 terminus
1414 5436 1468 5490 in
1502 5434 1640 5490 feria
1665 5450 1738 5489 tv.

163 5527 307 5596 Ergo
351 5526 563 5583 Pascha
609 5528 642 5583 5
679 5528 905 5598 Aprilis.
941 5528 1164 5599 Ecquod
1207 5528 1426 5583 tandem
1472 5528 1743 5597 supererit

161 5621 413 5692 asylum,
460 5635 570 5690 quo
622 5620 906 5691 confugiat
953 5620 1250 5676 Caietanus
1302 5620 1627 5691 Gregorium
1676 5619 1739 5671 ad

164 5710 466 5768 Iustiniani
499 5712 520 5767 ι
557 5724 800 5783 tempora
856 5730 1141 5776 revocans,
1198 5726 1322 5767 cum
1362 5723 1469 5766 tam
1510 5711 1740 5765 illustris

165 5806 455 5862 character
499 5804 803 5872 Paschalis,
850 5804 995 5875 quod
1042 5804 1436 5874 Hierosolymis
1481 5803 1570 5858 ille
1604 5802 1742 5857 cele-

1842 4629 2073 4674 nensem,
2111 4611 2373 4666 Joannem
2418 4610 2732 4683 Rheginum,
2779 4618 2828 4662 et
2851 4606 3112 4661 Joannem
3149 4605 3381 4660 Portuen

1841 4721 1945 4759 sem
1979 4704 2246 4772 episcopos
2269 4742 2284 4765 ,
2321 4700 2647 4757 Theodorum
2678 4708 2931 4768 praeterea
2958 4738 2972 4760 ,
3007 4708 3056 4751 et
3103 4693 3409 4767 Gregorium

1841 4795 2193 4865 presbyteros,
2237 4794 2497 4848 Joannem
2537 4795 2854 4855 diaconum,
2905 4799 2953 4844 et
3003 4788 3412 4844 Constantinum

1841 4884 2243 4951 subdiaconum,
2285 4883 2618 4941 Theodorum
2662 4884 2787 4937 item
2816 4880 3176 4950 presbyterum
3207 4876 3410 4931 Raven-

1842 4987 2047 5041 natem,
2073 4987 2124 5032 et
2168 4978 2451 5032 monachos
2490 4975 2590 5030 Dei
2636 4990 2839 5031 servos.
2870 4972 3072 5028 Abeunt
3105 4970 3411 5025 Constanti-

1841 5070 2095 5139 nopolim,
2128 5070 2192 5123 ab
2233 5070 2547 5138 imperatore
2584 5066 2868 5134 honoriﬁce
2908 5064 3261 5133 accipiuntur,
3302 5080 3413 5117 mo-

1842 5170 2065 5223 nentur,
2117 5176 2178 5214 ne
2220 5174 2312 5227 per
2367 5156 2649 5210 tumultum
2701 5154 3012 5221 turbasque,
3056 5150 3147 5204 sed
3204 5150 3413 5219 placide

1844 5254 2212 5319 moderateque
2238 5248 2504 5318 negotium
2535 5246 2858 5315 transigant.
2898 5241 3261 5310 lnterfuerunt
3289 5257 3414 5310 sgn~

1844 5342 1944 5397 odo
1978 5349 2169 5409 prwter
2213 5340 2583 5407 imperatorem
2633 5335 2905 5391 Macarius
2945 5331 3319 5395 Autiochenus,
3364 5341 3413 5384 et

1845 5432 2099 5502 Georgius
2150 5430 2464 5499 patriarcha
2518 5426 3168 5494 Constantinopolitanus.
3214 5424 3414 5493 ipsique

1844 5523 2148 5591 apostolica:
2198 5522 2339 5575 sedis
2380 5520 2562 5590 legati,
2589 5527 2637 5571 et
2681 5534 2745 5571 ea:
2776 5515 2987 5571 Oriente
3031 5516 3260 5584 episcopi
3288 5514 3409 5569 150.

1845 5616 2163 5682 Quaesitum,
2194 5624 2248 5667 ut
2281 5614 2641 5681 explicaretur
2673 5610 2930 5678 apertius,
2975 5626 3042 5661 an
3077 5608 3196 5662 dua:
3220 5608 3326 5661 sint
3360 5608 3410 5659 in

1846 5709 2055 5763 Christo
2111 5706 2335 5759 Domino
2398 5704 2710 5757 voluntates.
2773 5699 2892 5755 lam
2950 5700 3114 5770 igitur
3170 5714 3413 5754 cucume-

1847 5802 1969 5857 nica
2002 5814 2051 5853 vt
2085 5798 2347 5869 synodus,
2379 5812 2486 5866 qua
2522 5795 2587 5851 de
2619 5795 2806 5850 scribit
2833 5792 3177 5856 Anastasius,
3211 5792 3415 5849 indicta
