4098 6532
562 355 695 427 1’207

1440 367 1537 426 DE
1576 363 1834 427 ιΕΤΑΤΕ
1876 369 1935 427 S.
1976 368 2353 428 GREGORH
2384 359 2895 431 AGRlGENTiNI

3663 369 3807 431 1208

553 476 654 531 sub
686 471 837 524 Dorio
870 471 1127 529 [tentante
1158 471 1416 529 Ecclesia:
1448 477 1732 544 pontiﬁce,
1767 477 1855 531 cui
1886 493 2006 531 eam
2047 478 2114 531 ad
2146 487 2190 539 Α
2288 468 2479 533 XXVI.
2539 480 2679 551 Ergo
2738 482 2962 553 subjicit
2988 526 3000 544 ,
3066 482 3371 537 Romanum
3426 482 3749 553 episcopum
3781 525 3800 548 ,

555 578 668 617 rem
701 563 915 632 scripta:
942 563 1135 617 littera:
1157 605 1171 630 ,
1209 581 1330 634 qua:
1362 576 1544 621 tamen
1582 565 1810 623 Retnam
1841 585 1947 625 non
1986 570 2115 623 alla.

553 663 641 719 tte,
691 654 794 707 nisi
844 654 964 723 ipso
1016 653 1127 710 vita
1161 655 1443 723 defuncto,
1497 658 1653 727 sique
1695 656 1880 713 Donus
1925 674 2118 714 exces-

551 745 626 798 sit
665 760 717 806 ιν
759 744 886 797 idus
926 744 1128 817 Aprilis
1174 746 1302 804 anni
1333 743 1458 813 678,
1500 748 1624 818 quis
1670 749 1949 818 negaverit
1978 748 2120 802 indi-

551 843 695 890 ctam
736 835 1005 906 synodum
1056 836 1154 891 hoc
1184 838 1301 905 ipso
1336 854 1501 903 anno,
1532 854 1644 910 quo
1684 840 2011 895 Theodorus
2052 840 2119 893 ad

554 926 920 998 gubernacula
974 924 1595 997 Constantinopolitanae
1641 929 1897 987 Ecclesiae
1940 931 2122 986 adhuc

554 1018 818 1078 sedebat?
858 1016 1154 1081 Panviuius
1191 1019 1243 1073 in
1283 1020 1413 1075 Chr.
1459 1020 1605 1077 Eccl.
1641 1020 1990 1078 Theodorum
2025 1039 2123 1094 pa-

554 1110 912 1165 triarchatum
944 1109 1134 1166 iniisse
1173 1111 1368 1166 scribit
1395 1127 1540 1166 anno
1573 1111 1698 1179 680,
1745 1129 1978 1185 eumque
2008 1130 2122 1183 ges-

557 1202 700 1256 sisse
742 1217 915 1257 annos
966 1200 1024 1266 2,
1088 1216 1307 1258 menses
1336 1204 1389 1263 5.
1450 1202 1776 1275 Quanquam
1821 1206 2023 1272 isthuc,
2073 1206 2120 1261 si

554 1291 772 1360 quidem
805 1307 1015 1357 verum,
1062 1293 1269 1347 nullum
1304 1295 1588 1349 sententia.
1618 1305 1818 1351 nostrae
1854 1297 2123 1367 inﬁigeret

555 1369 788 1449 vulnus;
856 1384 921 1437 in
963 1395 1213 1454 promptu
1274 1385 1418 1439 enim
1477 1384 1620 1440 l'oret
1666 1389 1867 1453 dicere,
1907 1390 2124 1444 venisse

555 1476 774 1547 quidem
822 1475 1353 1546 Constantinopolim
1398 1475 1722 1546 Gregorium
1779 1495 1924 1534 anno
1983 1480 2121 1546 678,

558 1566 655 1623 sed
708 1584 738 1622 a
796 1566 1086 1623 Theadoro
1134 1570 1410 1624 detentum
1454 1586 1602 1625 anno
1653 1570 1787 1634 680,
1832 1573 2124 1639 quominus

559 1660 787 1714 Romam
838 1660 1050 1726 abiret;
1105 1662 1456 1717 dissimulare
1505 1672 1684 1716 tamen
1724 1678 1829 1716 non
1872 1678 2120 1733 possum,

556 1752 770 1823 egregie
813 1751 866 1806 in
900 1767 965 1807 eo
1004 1751 1202 1806 falsum
1234 1734 1579 1808 l’anvinium.
1620 1753 1835 1808 Etenim
1867 1756 1910 1808 si
1946 1754 2123 1809 Theo-

555 1844 726 1897 dorus
765 1858 936 1897 annos
985 1844 1041 1911 9.,
1091 1858 1307 1898 menses
1359 1844 1412 1907 5,
1464 1843 2123 1914 Constzmtinopolitanam

560 1943 699 1999 rexit
725 1932 1050 2000 Ecclesiam,
1084 1935 1128 1990 si
1156 1934 1396 2004 pontifex
1438 1935 1589 1990 audit
1617 1951 1762 1989 anno
1784 1934 1906 2002 680,
1938 1952 2125 1992 conse-

559 2040 734 2091 quens
785 2032 891 2086 est,
944 2036 1196 2078 exactum
1252 2024 1401 2078 illim
1458 2025 1775 2094 pontiﬁcatu
1822 2041 1966 2078 anno
1998 2025 2123 2079 68?.

556 2113 721 2183 Atqui
748 2123 901 2170 extra
930 2114 1318 2171 controversia
1351 2113 1526 2173 aleam
1554 2112 1793 2183 positum
1825 2121 1929 2178 est,
1959 2111 2126 2167 Geor-

558 2208 708 2279 gium
767 2206 1135 2278 patriareham
1195 2206 1404 2276 synodo
1461 2205 1787 2274 praefuisse,
1856 2220 1978 2273 qua:
2044 2206 2126 2258 in-

558 2298 751 2356 choata
783 2313 856 2352 vn
907 2296 1035 2352 ldus
1080 2295 1411 2352 Novembres
1450 2297 1575 2350 anni
1627 2296 1752 2362 680,
1802 2297 1960 2351 desiit
1997 2309 2125 2351 vero

559 2405 702 2455 anno
729 2388 855 2446 681.
898 2390 1005 2444 Aut
1032 2388 1195 2460 igitur
1237 2404 1346 2447 uno
1402 2389 1706 2458 eodemque
1740 2399 1983 2457 tempore
2019 2389 2125 2440 duo

558 2482 615 2543 in
648 2478 1267 2551 Constantinopolitanae
1294 2476 1549 2532 Ecclesiae
1577 2477 1834 2531 cathedra
1866 2476 2128 2531 sedebant

559 2571 824 2643 episcopi,
854 2580 949 2626 aut
985 2571 1211 2635 omnino
1243 2568 1440 2628 falsum
1483 2570 1629 2640 quod
1658 2569 1725 2624 de
1763 2583 1905 2625 anno
1936 2584 2126 2624 susce-

562 2665 637 2739 pti
672 2678 703 2719 a
741 2660 1029 2717 Theodoro
1058 2658 1411 2730 pontiﬁcatus
1445 2660 1616 2715 sensit
1662 2657 1983 2713 Panvinius.
2020 2658 2126 2714 lta-

561 2772 669 2826 que
721 2754 943 2825 explosa
990 2752 1111 2823 ejus
1158 2751 1440 2820 opinione,
1488 2750 1703 2804 illorum
1754 2751 2124 2806 inhaerendum

562 2846 827 2916 vestigiis,
869 2846 960 2915 qni
1010 2852 1276 2907 statuunt,
1326 2842 1645 2912 pontiﬁcatu
1677 2842 1909 2912 ejectum
1945 2840 2127 2898 Theo-

562 2940 753 2997 dorum
800 2950 944 2989 anno
991 2933 1116 3001 G78,
1149 2949 1309 3004 quem
1355 2933 1551 2989 iterum
1604 2932 1801 2993 adierit
1845 2947 1989 2993 anno
2024 2931 2128 2989 685

564 3026 948 3088 mortalitatem
979 3035 1142 3079 exuto
1163 3024 1417 3093 Georgio.

632 3115 798 3175 XXV.
838 3114 1023 3186 Neque
1053 3131 1200 3182 vero,
1224 3117 1371 3185 quod
1410 3122 1601 3170 auctor
1630 3114 1892 3171 Breviarii
1924 3114 2129 3187 Grego.

569 3211 732 3271 riana:
773 3205 909 3262 Vitae
954 3208 1191 3273 scribat,
1245 3207 1479 3276 Georgio
1520 3205 2129 3277 Constantinopolitana:

565 3299 823 3357 Ecclesiae
864 3298 988 3365 jura
1033 3300 1213 3362 dante,
1251 3296 1574 3367 Gregorium
1624 3305 1875 3350 nostrum
1921 3296 2127 3365 regiam

567 3392 756 3446 urbem
808 3389 1063 3458 petiisse,
1120 3387 1413 3441 consilium
1473 3396 1697 3440 mutem.
1747 3385 1913 3440 Multa
1951 3401 2015 3441 ea
2073 3386 2129 3441 in

564 3487 800 3552 epitome
837 3486 1250 3550 pereensentur,
1274 3493 1397 3548 quae
1436 3478 1506 3532 ab
1539 3477 1754 3533 Leontii
1783 3480 2132 3533 Commenta-

566 3577 689 3643 rio,
746 3571 971 3642 proinde
1029 3587 1059 3625 a
1107 3564 1241 3625 vero,
1291 3571 1595 3625 discedunt.
1646 3570 1735 3624 Ait
1782 3571 2133 3640 epitomastes

565 3666 887 3737 Gregorium
932 3666 996 3721 18
1029 3673 1279 3735 agentem
1322 3677 1526 3723 annum
1569 3662 1717 3717 clero
1753 3664 2050 3731 ascriptum
2101 3679 2132 3717 a

567 3758 887 3823 Potamione
912 3755 1391 3826 Agrigentinorum
1422 3755 1678 3823 episcopo
1709 3772 1722 3808 :
1752 3754 1847 3809 sed
1871 3753 2135 3809 Leontius

570 3828 840 3904 memorat
881 3846 1081 3901 factum
1118 3844 1317 3905 isthuc,
1354 3858 1477 3897 eum
1509 3857 1680 3898 annos
1726 3843 1813 3897 ille
1852 3851 2014 3897 natus
2044 3842 2132 3907 12,

574 3956 719 3995 anno
748 3954 877 3993 vero
912 3938 980 3991 18
1008 3952 1037 3992 e
1067 3937 1238 4006 patria
1271 3934 1597 3991 excessisse.
1631 3932 1846 4003 Excipit
1873 3933 2137 4002 epitoma-

574 4041 706 4095 stes,
752 4028 1075 4100 Gregorium
1128 4030 1269 4097 apud
1318 4026 1559 4081 Marcum
1602 4027 1851 4081 abbatem
1890 4026 1924 4079 4
1962 4040 2137 4081 annos

573 4125 903 4179 diversatum
937 4119 1299 4189 Carthagine,
1336 4134 1367 4173 a
1398 4132 1509 4189 quo
1543 4134 1699 4174 sacra
1737 4117 2025 4186 disciplina
2056 4117 2139 4172 in-

576 4217 817 4272 stitutus.
854 4212 1057 4273 Verum
1102 4209 1362 4269 Leontius
1399 4211 1534 4266 nihil
1579 4210 1685 4266 tale
1722 4209 2008 4280 signiﬁcat,
2042 4209 2137 4265 sed

574 4307 979 4381 quatriennium
1007 4306 1111 4360 hoc
1140 4315 1390 4359 exactum
1416 4304 1596 4374 prodit
1619 4304 1673 4358 in
1700 4302 1911 4356 Oliveto
1931 4310 2136 4367 monte,

577 4409 861 4478 postquam
894 4396 1286 4467 Hierosolymis
1326 4396 1502 4465 primo
1543 4393 1853 4463 emigravit,
1886 4392 1977 4447 ubi
2010 4407 2137 4448 vere

2219 572 2421 641 quippe
2468 572 2743 639 aﬁ'ectum,
2789 574 2995 645 synodo
3040 574 3282 629 libellum
3325 576 3545 629 misisse
3580 579 3801 643 propria

2220 662 2386 733 310
2410 680 2570 716 manu
2592 666 2952 733 conscriptum
2987 669 3051 719 de
3080 668 3345 720 sententia
3376 667 3799 721 orthodoxornm

2223 756 2526 808 antistitum
2568 756 2739 822 ipsius
2767 756 2943 809 locum
2966 759 3310 811 servitutium.
3335 756 3475 823 Quid
3516 760 3704 811 verius
3730 759 3803 812 de

2221 846 2503 917 Agathone
2526 846 2630 901 dici
2665 848 2940 916 potuerit?
2974 845 3072 915 Hie
3100 848 3381 903 enimvero
3407 849 3619 915 legatos
3651 850 3801 902 misit

2221 935 2634 991 Abundantium
2687 938 3095 998 Paternensem,
3138 938 3403 994 Joannem
3459 938 3797 1010 Rheginum,

2221 1035 2275 1079 et
2301 1023 2562 1081 Joannem
2594 1029 2949 1084 Portuensetn
2997 1030 3305 1099 episcopos,
3341 1031 3435 1100 qui
3478 1030 3564 1085 sui
3605 1045 3798 1099 perso.

2224 1132 2348 1169 nam
2405 1117 2461 1172 in
2514 1118 2725 1189 synodo
2770 1128 3054 1189 gererent,
3107 1120 3380 1191 simulque
3431 1120 3796 1191 synodicam,

2224 1212 2311 1263 cui
2345 1209 2447 1264 1ὶο
2481 1212 2720 1281 episcopi
2763 1212 3106 1281 patriarchite
3147 1229 3261 1268 sua:
3303 1215 3524 1269 obnoxii
3548 1215 3797 1267 subseri.

2224 1317 2403 1371 psere,
2440 1303 2517 1358 uti
2555 1306 2719 1356 modo
2753 1303 3009 1359 laudatus
3038 1304 3367 1358 Anastasius
3397 1304 3587 1357 tradit.
3617 1302 3798 1357 Haca-

2220 1391 2362 1454 rium
2387 1406 2505 1443 vero
2531 1392 2872 1457 pertinacem,
2904 1406 2995 1443 nec
3026 1389 3094 1441 ad
3138 1390 3449 1459 synodicam
3475 1390 3793 1457 Agathonis,

2225 1482 2310 1533 cui
2340 1480 2763 1549 subscripserunt
2810 1479 3112 1534 Occidentis
3150 1481 3380 1549 episcOpi
3412 1480 3537 1543 120,
3583 1484 3793 1549 acquie-

2186 1632 2187 1635 η
2225 1581 2474 1633 stentem,
2516 1569 2991 1632 anathematizant,
3044 1583 3072 1621 c
3102 1554 3301 1636 synodo
3340 1566 3648 1634 exturbant,
3693 1565 3797 1620 Ro-

2228 1676 2468 1728 uruntque
2496 1675 2615 1714 cum
2652 1660 2763 1711 suis
2793 1659 3011 1725 ejiciunt
3046 1657 3098 1709 in
3129 1657 3397 1716 exsilium.

2300 1749 2507 1804 XXVII.
2553 1750 2627 1804 Ea
2673 1751 2727 1803 in
2772 1750 2980 1820 synodo
3027 1749 3288 1820 Gregorio
3330 1758 3518 1803 nostro
3569 1748 3800 1803 deman-

2155 1819 2199 1879 Β
2227 1842 2366 1897 datae
2422 1851 2603 1911 partes
2648 1819 2891 1911 episcopi
2944 1819 3182 1894 Sardiea‘
3225 1839 3564 1895 Constantia:
3608 1841 3795 1910 Cypri,

2225 1933 2424 2003 quippe
2446 1932 2540 2001 qui
2564 1934 2756 1986 morbo
2784 1942 3093 2003 urgeretur.
3124 1932 3189 1987 Et
3220 1947 3353 1987 vero
3371 1933 3673 2003 quominus
3697 1933 3799 1986 hac

2228 2032 2544 2092 tempestate
2583 2021 2918 2077 Constantia:
2943 2022 3127 2093 Cypri,
3157 2031 3211 2077 et
3238 2021 3481 2078 Sardicaa
3504 2023 3798 2093 episcopus

2226 2128 2368 2167 unus
2404 2111 2659 2181 idemque
2703 2110 2891 2173 fuerit,
2933 2113 3204 2181 adaptatis
3228 2112 3441 2167 scilicet
3477 2112 3546 2166 ad
3582 2120 3797 2178 tempus

2225 2216 2256 2257 a
2284 2201 2596 2258 Sardicensi
2642 2202 2881 2257 Ecclesia
2912 2202 3354 2258 Constantiensis
3389 2204 3633 2272 juribus,
3662 2201 3796 2255 nihil

2224 2307 2339 2362 est,
2410 2295 2555 2366 quod
2613 2294 2923 2366 prohibeat.
2988 2295 3199 2353 Etenim
3256 2310 3402 2350 anno
3452 2294 3487 2348 8
3564 2292 3796 2347 llerarlii

2224 2389 2542 2447 Constantis
2570 2386 2614 2441 ll
2654 2388 2822 2459 Aug.,
2870 2387 3074 2442 Christi
3126 2386 3451 2457 Dionysiano
3497 2386 3625 2450 648,
3675 2385 3795 2438 Bar-

2227 2483 2345 2540 bari
2391 2482 2531 2537 duce
2577 2480 2831 2536 Muhavia
2858 2479 3080 2551 [Egypti
3127 2480 3335 2545 Amira,
3377 2480 3475 2550 qui
3516 2479 3827 2549 deinceps,

2226 2575 2494 2630 exstincto
2520 2572 2784 2638 Hoamen,
2815 2574 2931 2628 sive
2958 2572 3510 2636 Othmano,Arabum
3541 2570 3579 2622 ν
3608 2573 3797 2624 Amer-

2226 2681 2478 2721 mnmnes
2520 2664 3070 2733 (Amiral-mumanin
3111 2664 3216 2735 ipsi
3267 2666 3508 2732 vocant),
3555 2664 3796 2735 Cyprum

2227 2756 2461 2811 insulam
2512 2757 2791 2823 invasere,
2846 2755 3175 2812 Christianis
3223 2754 3349 2811 inde
3402 2755 3663 2809 omnibus
3704 2754 3796 2808 de-

2227 2848 2402 2919 pulsis
2429 2848 2698 2919 (Theoph.
2729 2848 2782 2901 in
2818 2848 2943 2903 Chr.
2969 2848 3006 2917 ),
3042 2847 3134 2917 qui
3163 2846 3217 2902 in
3250 2844 3457 2916 patrios
3488 2846 3642 2902 focos
3686 2860 3795 2900 non

2228 2940 2465 3003 reversi,
2490 2940 2595 2995 nisi
2626 2952 2772 2993 anno
2804 2943 2826 2992 i
2859 2936 3158 2993 Justiniam
3194 2939 3530 2993 Rhinotmeti
3561 2938 3622 2995 ΙΙ.
3647 2938 3793 2991 Hab-

2227 3030 2496 3088 dimeleeh
2545 3028 2788 3084 Arabum
2835 3027 3244 3081 Amermumnis
3270 3024 3410 3091 Vill,
3432 3024 3640 3080 Christi
3670 3023 3791 3086 085,

2153 3153 2197 3214 c
2231 3135 2342 3190 quo
2369 3121 2512 3175 inter
2539 3129 2802 3187 utrosque
2825 3117 3103 3188 principes
3130 3132 3235 3186 pax
3268 3117 3401 3170 inita
3431 3116 3500 3169 iis
3532 3113 3795 3169 conditam

2232 3212 2414 3273 nibus,
2446 3225 2585 3281 quas
2612 3206 2975 3278 TheOpbanes
3019 3209 3216 3263 recitat
3241 3207 3309 3261 ad
3338 3221 3544 3260 annum
3576 3206 3598 3256 1
3628 3203 3794 3259 Ιυειὶς

2231 3299 2401 3356 niani.
2440 3298 2585 3352 Inter
2624 3297 2870 3365 reliquos
2910 3306 3159 3350 extorres
3195 3292 3434 3352 Joannes
3464 3292 3793 3349 Constantia

2234 3392 2680 3461 archiepiscopus
2720 3396 3153 3453 annumeratus,
3203 3385 3297 3456 qui
3348 3384 3580 3455 proinde
3639 3383 3793 3439 titulo

2234 3489 2395 3535 tenus
2442 3478 2885 3548 archiepiscopus
2931 3475 3318 3544 usurpabatur.
3366 3473 3609 3529 Haecine
3671 3488 3793 3527 vero

2232 3571 2440 3629 diutius
2493 3569 2801 3632 ferentrium,
2851 3583 3019 3637 quum
3070 3565 3414 3637 petissimum
3469 3566 3526 3620 in
3581 3564 3793 3620 Oriente

2234 3677 2355 3717 mos
2393 3660 2745 3725 increbuerit,
2790 3668 2849 3713 ut
2876 3658 3170 3714 devastatis
3209 3656 3578 3711 Barbarorum
3620 3654 3793 3709 furore

2233 3756 2502 3821 ecclesiis,
2558 3770 2679 3825 quae
2733 3753 3102 3824 principatum
3155 3752 3209 3806 in
3256 3751 3644 3824 provinciales,
3690 3750 3793 3804 sive

2234 3847 2553 3901 dimcetieas
2599 3852 2829 3912 gereret,
2871 3842 2992 3912 ejus
3018 3841 3144 3912 jura
3175 3841 3227 3894 in
3269 3841 3430 3894 aliam
3475 3843 3793 3896 transcribo.

2237 3937 2460 3993 reutur?
2503 3936 2641 3991 Ecce
2672 3950 2838 3999 anno,
2876 3948 2986 4004 quo
3018 3934 3278 4005 synodus,
3316 3934 3384 3988 de
3412 3948 3523 4003 qua
3569 3932 3791 4003 agimus,

2237 4031 2421 4087 habita
2443 4072 2472 4097 ,,
2509 4045 2541 4085 e
2604 4024 3218 4100 Cdnslantinopolitana
3281 4025 3618 4099 patriarchia
3680 4022 3794 4078 Hel-

2237 4124 2517 4195 lespontus
2556 4125 2837 4193 provincia
2864 4125 3075 4190 avulsa,
3118 4138 3293 4194 eaque
3316 4121 3518 4177 Joanni
3544 4120 3796 4176 Constan-

2240 4215 2327 4270 tiae
2364 4214 2775 4283 archiepiscopo
2816 4215 3099 4277 attributa,
3148 4214 3241 4269 ubi
3289 4212 3451 4282 jura,
3501 4210 3703 4282 quibus
3747 4210 3796 4269 in

2239 4305 2418 4377 Cypro
2475 4319 2642 4369 usus,
2692 4313 2990 4359 exerceret.
3044 4302 3285 4359 Canonis
3343 4303 3451 4365 59,
3504 4316 3616 4372 quo
3676 4299 3797 4353 illud

2244 4409 2516 4465 sanetum,
2547 4398 2664 4453 haec
2686 4398 2847 4452 verba
2873 4415 2887 4451 :
2915 4398 3019 4449 Τοῦ
3050 4395 3301 4465 ἀδελφοῦ,
3338 4398 3432 4449 καὶ
3468 4393 3797 4463 συλλειτουρο

576 4493 719 4562 apud
759 4492 953 4547 Senem
1000 4489 1284 4559 quennlam
1332 4495 1567 4542 ascetam
1599 4485 1628 4537 4
1670 4484 1802 4538 vivit
1834 4498 2029 4547 annos,
2070 4483 2130 4538 ab

2240 4490 2338 4559 γοῦ
2379 4490 2547 4561 ἡμῶν,
2584 4490 2829 4544 Ἰωάννου
2876 4486 2971 4541 τοῦ
3028 4488 3128 4556 τῆς
3167 4486 3415 4557 Κυπρίου
3462 4487 3631 4556 νήσου
3677 4500 3798 4554 προ-

576 4597 753 4652 eoque
803 4580 1018 4634 divinas
1072 4594 1158 4631 res
1208 4576 1454 4635 edoctus.
1519 4574 1682 4628 Addit
1740 4577 2137 4643 epitontastes,

576 4672 896 4744 Gregorium
925 4686 1033 4727 una
1064 4686 1186 4725 cum
1215 4667 1397 4721 Marco
1428 4665 1758 4735 Carthagine
1794 4665 2137 4719 Antiochiam

577 4765 900 4853 profectum,
931 4771 1095 4832 atque
1129 4760 1255 4814 inde
1294 4757 1688 4827 Hierosolyma,
1730 4756 1820 4810 ubi
1846 4771 1875 4809 a
1902 4754 2139 4811 Macario

578 4847 836 4927 episcopo
891 4851 1343 4917 interrdiacOnos
1398 4849 1717 4917 repositus:
1758 4855 1814 4901 at
1872 4847 2019 4901 enim
2074 4862 2139 4902 ex

578 4950 803 5004 Leontio
851 4953 1083 5008 constat,
1119 4957 1395 5013 nunquam
1429 4939 1751 5009 Gregorium
1793 4954 1917 4993 cum
1961 4937 2143 4995 Marco

579 5041 775 5096 abbate
801 5037 1153 5103 Antiochiam
1195 5035 1470 5093 inrisisse,
1516 5032 1610 5086 sed
1656 5030 1862 5087 adiisse
1903 5040 2138 5094 tantum,

579 5144 866 5204 p051quam
920 5126 1312 5197 Hierosolymis
1364 5122 1602 5178 secundo
1642 5122 1946 5190 digressus,
2001 5119 2143 5183 Con-

582 5222 989 5291 stantinopolim
1028 5236 1062 5289 p
1093 5217 1396 5273 ofeeturus.
1428 5213 1559 5275 Tam
1602 5214 1770 5269 multa
1798 5227 1920 5267 cum
1965 5212 2145 5265 tradat

579 5315 971 5386 epitomastes,
1027 5326 1149 5381 qua:
1186 5323 1315 5364 vero
1391 5306 1533 5360 haud
1587 5306 1788 5369 alliuia,
1834 5306 1879 5358 si
1924 5303 2143 5372 quidem

582 5408 945 5463 certissimam
972 5404 1130 5460 ﬁdem
1164 5402 1475 5457 Leontianze
1514 5399 1755 5454 historiae
1783 5395 2145 5460 vindicemus,

583 5499 665 5569 uti
738 5499 855 5553 sine
924 5495 1092 5550 dubio
1145 5494 1511 5556 vindicanda,
1572 5489 1665 5560 qui
1739 5487 1817 5542 illi
1884 5485 2147 5557 astipuler

586 5587 913 5660 perhibenti,
956 5582 1572 5653 Constantinopolitanze
1608 5577 1860 5633 Ecclesiae
1889 5577 2145 5631 thronum

589 5677 854 5733 insedisse
880 5676 1194 5747 Georgium,
1224 5690 1345 5729 cum
1379 5670 1673 5741 Gregorius
1713 5668 1913 5736 regiam
1960 5668 2145 5735 urbem

590 5768 906 5843 ingressus?
936 5765 1041 5823 Sed
1071 5767 1136 5820 ad
1165 5763 1449 5820 Leontium
1483 5761 1643 5816 redeo

2242 4585 2418 4654 έδρου,
2453 4583 2566 4654 ἅμα
2592 4582 2669 4653 τῷ
2719 4582 2903 4651 οἰκείῳ
2954 4581 3067 4650 λαῷ
3117 4581 3210 4632 ἐπὶ
3246 4581 3344 4649 τὴν
3397 4578 3799 4648 Ἑλλησπόντιον

2243 4676 2533 4746 ἐπαρχίαν.
2587 4674 2676 4727 διά
2706 4690 2765 4727 τε
2814 4672 2908 4725 τοῦ
2961 4672 3300 4743 βαρϐαρικοῦ
3340 4670 3586 4740 ἐφόδους,
3635 4670 3721 4722 διά
3748 4687 3800 4722 τε

2240 4766 2300 4819 τὸ
2350 4767 2449 4835 τῆς
2494 4764 2712 4834 ὲθνικῆς
2759 4763 3193 4834 ἑλευθερωθῆναι
3239 4764 3519 4827 δουλείας,
3572 4764 3669 4817 καὶ
3713 4780 3801 4814 κα-

2242 4855 2421 4926 θαρῶς
2461 4857 2572 4917 τοῖς
2626 4856 2928 4927 σκήπτροις
2968 4855 3062 4908 τοῦ
3086 4856 3625 4925 Χριστιανικωτάτου
3674 4854 3800 4923 κράο

2241 4962 2366 5010 seu;
2425 4945 2806 5013 ὑποταγῆναι,
2872 4946 2969 5017 τῆς
3030 4946 3327 5017 εἰρημένης
3381 4946 3801 5013 μεταναστάντος

2243 5036 2428 5104 νήσου,
2475 5038 2701 5106 προνοίᾳ
2730 5034 2821 5088 τοῦ
2853 5034 3235 5104 φιλανθρώπου
3268 5034 3428 5094 Θεοῦ,
3480 5035 3578 5087 καὶ
3628 5033 3801 5105 μόχθῳ

2241 5127 2336 5184 τοῦ
2378 5128 2725 5198 φιλοχρίστου
2761 5130 2852 5181 καὶ
2888 5128 3147 5192 εὐσεϐοῦς
3174 5128 3332 5199 ἡμῶν
3363 5128 3631 5198 βασιλέως
3688 5145 3801 5180 συν-

2244 5220 2459 5290 ορῶμεν
2490 5221 2628 5273 ὦστε
2666 5220 3069 5290 ἁκαινοτόμητα
3103 5219 3535 5289 διαφυλαχθῆναι
3560 5220 3629 5272 τὰ
3664 5216 3800 5286 παρὰ

2243 5313 2353 5365 τῶν
2385 5315 2442 5366 ὲν
2482 5313 2688 5383 Ἐφέσῳ
2725 5313 2785 5366 τὸ
2830 5312 3094 5384 πρότερον
3134 5312 3494 5367 συνελθόντων
3542 5310 3800 5380 Θεοφόρων

2246 5405 2505 5475 Πατὲρων
2560 5405 2638 5475 τῷ
2681 5404 2856 5475 θρόνῳ
2918 5403 3014 5456 τοῦ
3067 5402 3566 5475 προγεγραμμένου
3627 5400 3797 5471 ἀνδρὸς

2249 5497 2662 5567 παρασχεθέντα
2690 5497 2959 5568 προνόμια
2981 5515 2994 5528 ·
3033 5496 3175 5551 ὥστε
3201 5496 3300 5567 τὴν
3330 5496 3456 5548 νέαν
3506 5495 3796 5547 Ἱουστινια-

2249 5587 2501 5641 νούπολιν
2538 5587 2599 5640 τὸ
2627 5587 2831 5641 δίκαιον
2860 5587 3005 5658 ἔχειν
3034 5587 3134 5658 τῆς
3166 5585 3796 5644 Κωνσταντινουπόλεως,

2250 5679 2343 5732 καὶ
2372 5679 2465 5730 τὸν
2514 5679 2600 5731 ἐπ’
2630 5680 2766 5749 αὐτῇ
2799 5679 3192 5747 καθιστάμενον
3237 5676 3649 5747 θεοφιλέστατον
3690 5674 3792 5727 ἐπει

2254 5785 2453 5823 σκοπον
2476 5770 2692 5829 πάντων
2714 5768 3059 5849 προεδρεύειν
3088 5768 3187 5832 τῆς
3206 5768 3612 5833 Ἑλλησπόντων
3640 5770 3791 5833 ἔπειρε
