4098 6498
230 350 375 415 1209

1631 368 1850 428 DISSE
1859 369 2155 429 RTATIU.

3361 367 3499 429 19.10
3566 444 3569 446 η

230 462 377 533 χίας,
416 458 630 514 καὶύπδ
656 459 764 513 τῶν
783 462 1002 515 οίκείων
1031 463 1353 519 ἐπισκόπων
1392 473 1814 539 χειροτονεῖσθαι
1842 487 1889 535 Α
1918 476 2163 545 μουμνῇ,
2197 473 2284 527 ἵνα
2318 472 2411 526 τὸν
2447 474 2506 525 ἑν
2542 472 2721 543 Συριᾳ
2751 474 2880 527 δντα
2908 473 3038 528 λαδν
3061 474 3159 543 τῆς
3192 476 3356 543 νήσου
3390 477 3503 527 Κύο

230 556 376 609 κατὰ
391 554 489 624 τὴν
505 554 740 624 ἀρχαίαν
760 555 1187 627 συνήθειανλιοε
1204 567 1287 615 est
1308 580 1321 615 :
1343 558 1537 616 Fratre
1552 573 1599 616 et
1614 564 1813 634 collega

231 656 418 700 nostra
441 645 648 700 Joanne
680 647 841 718 Cypri
859 648 1251 721 archiepiscopo
1266 669 1371 707 una
1402 671 1519 707 cum
1549 655 1690 723 plebe
1716 673 1817 709 sua

233 737 291 791 in
312 734 718 807 Hellespontum
748 740 1095 807 provinciam,
1132 750 1184 793 et
1210 754 1425 809 propter
1454 741 1815 798 Barbaroruut

235 827 586 891 incursiones,
618 837 666 881 et
706 837 763 881 ut
808 829 875 882 ab
918 830 1250 883 ethnicorum
1292 834 1609 888 eximeretur
1650 836 1817 890 servi-

245 928 378 981 tute,
408 929 714 989 sceptroque
755 929 965 974 tantum
999 919 1445 978 Christianissimi
1482 926 1690 995 imperii
1724 940 1820 993 pa-

239 1018 408 1074 reret,
456 1010 604 1065 dicta
650 1027 716 1065 ea:
760 1013 940 1066 insula
987 1024 1349 1084 transgresso,
1398 1015 1670 1072 clementis
1726 1018 1820 1073 Dei

235 1104 590 1173 providentia,
625 1122 881 1176 operaque
912 1106 1186 1163 Christum
1221 1111 1453 1164 amantis
1510 1112 1688 1181 piique
1719 1112 1820 1163 im-

238 1196 497 1262 peratoris
527 1198 716 1262 nostri,
745 1198 1095 1263 decrevimus,
1126 1210 1181 1253 ut
1210 1201 1369 1269 ﬁrma
1396 1212 1667 1267 maneant,
1702 1219 1820 1273 quia

238 1286 306 1337 ab
358 1290 557 1341 sanctis
591 1287 845 1345 Patribus
877 1288 1071 1359 Ephesi
1103 1292 1230 1346 olint
1267 1296 1597 1363 congregatis
1633 1295 1820 1349 throno

241 1377 453 1431 laudati
500 1379 882 1449 archiepiscopi
926 1398 1175 1437 concessa
1214 1393 1336 1438 sunt
1375 1385 1675 1454 privilegia,
1719 1387 1818 1440 ha-

244 1470 465 1539 beatque
508 1487 645 1526 nova
678 1470 1124 1543 lustinianopolis
1162 1474 1257 1544 jus
1302 1474 1817 1544 Constantinopolis,

242 1561 438 1630 quique
496 1562 579 1616 illi
634 1565 914 1632 impositus
974 1567 1348 1622 sanctissimus
1398 1567 1671 1637 episcopus
1722 1568 1820 1620 toti

244 1659 428 1725 premit
477 1658 804 1728 Hellesponti
844 1662 1145 1730 provinciae,
1199 1672 1250 1716 et
1302 1661 1369 1715 ab
1412 1663 1527 1717 suis
1567 1662 1820 1731 episcopis

245 1766 436 1804 manus
478 1752 865 1818 impositionem
894 1770 989 1822 pro
1028 1755 1189 1808 veteri
1221 1770 1365 1808 more
1403 1756 1654 1823 accipiat.
1694 1754 1820 1810 Haec

1916 581 2058 635 πρου
2086 564 2351 619 ἀπολύσει
2392 568 2475 629 είς
2517 566 2616 620 τὸν
2648 565 2781 617 ῖδιον
2818 566 3008 620 τόπον.
3047 567 3155 619 Καὶ
3184 566 3504 631 ὑπακούσας

1914 656 1946 707 δ
1993 655 2416 727 Ἀμερμουμνὴς
2454 659 2520 728 τῇ
2555 654 2658 709 τοῦ
2688 655 2951 719 βασιλέως
2976 659 3189 727 γραφῇ,
3218 656 3507 710 ἀπέστειλα

1916 745 2057 799 κατά
2073 745 2253 816 πάσης
2272 747 2372 816 τῆς
2391 747 2590 818 Συρίας
2613 747 2863 813 ἐνδόξους
2885 749 3293 818 Σαρῤακηνοὺς,
3312 748 3507 801 imod-

1920 852 2079 906 ρευσς
2105 838 2315 901 πάντας
2340 838 2467 901 τοὺς
2488 840 2801 908 Κυπρίους,
2854 840 2946 891 καὶ
2971 839 3291 909 διεπέρασεν
3311 838 3391 901 είς
3415 838 3507 892 τὸν

1920 928 2050 981 εδιον
2074 928 2237 981 τόπον
2264 945 2279 959 ⁸
2311 929 2605 982 ἀπέστειλε
2643 928 2703 981 δὲ
2735 928 2831 980 καὶ
2860 930 2888 981 ὁ
2921 928 3175 997 βασιλεὺς
3204 927 3504 998 βασιλικὸν,

1917 1021 2013 1074 καὶ
2044 1019 2338 1090 διεπέρασε
2360 1059 2375 1085 ,
2418 1022 2510 1072 καὶ
2546 1022 2675 1083 τοὺς
2718 1022 2780 1072 ἐν
2814 1019 3099 1090 Ῥωμανξα
3134 1021 3465 1090 οίκήσαντας
3487 1057 3504 1084 ,

1916 1109 2085 1182 ἡγουν
2106 1110 2164 1163 ιν
2201 1127 2262 1162 τε
2298 1112 2364 1180 τῇ
2392 1110 2637 1181 Κυζίκῳ,
2670 1112 2768 1164 καὶ
2804 1110 2884 1180 τῷ
2919 1109 3378 1182 Κιϐυρραιωτῶν,
3412 1110 3507 1162 καὶ

1917 1198 1997 1269 τῷ
2012 1199 2327 1272 Θρακησίῳ,
2347 1200 2441 1253 καὶ
2459 1200 2729 1270 ὲνῳκίσθη
2748 1202 2782 1269 ή
2801 1200 2988 1269 νῆσος.
3005 1201 3118 1255 Hoc
3144 1210 3228 1254 est
3246 1217 3260 1253 :
3285 1198 3411 1252 Post
3431 1214 3504 1252 vn

1919 1307 2086 1345 annos
2137 1291 2389 1359 (auctore
2426 1291 2575 1361 Deo)
2617 1293 2761 1345 stetit
2805 1293 3113 1361 imperatori
3148 1294 3509 1360 redintegrare

1921 1384 2119 1436 civibus
2148 1382 2401 1452 Cyprum.
2438 1380 2610 1437 Proin
2640 1384 2784 1436 misit
2809 1383 2880 1436 ad
2914 1383 3331 1436 Amermumnem
3363 1382 3498 1451 Bag-

1921 1476 2028 1528 dad
2050 1486 2155 1529 tres
2179 1492 2207 1529 e
2230 1477 2491 1544 primaria
2516 1477 2793 1530 nobilitate
2822 1474 2986 1544 Cypri
3008 1474 3283 1544 indigenas
3309 1474 3507 1543 (Phan-

1924 1584 2102 1636 gnmes
2140 1568 2494 1634 vocabantur)
2535 1569 2721 1621 addito
2764 1585 2792 1621 e
2836 1569 3096 1621 comitatu
3134 1583 3228 1620 suo
3277 1567 3422 1635 gravi
3458 1577 3507 1618 et

1921 1661 2119 1714 illustri
2146 1661 2259 1714 viro
2279 1701 2295 1725 ,
2317 1662 2547 1714 scribens
2590 1662 2952 1714 Amermumni
2971 1701 2986 1726 ,
3027 1668 3085 1712 ut
3130 1656 3381 1727 Cyprium
3412 1671 3508 1724 po-

1920 1753 2105 1823 pulum
2145 1754 2200 1806 in
2236 1752 2395 1824 Syria
2426 1752 2756 1806 exsulantem
2789 1754 3007 1806 domum
3049 1751 3358 1803 dimitteret.
3391 1748 3507 1801 An-

243 1840 364 1909 ipsa
416 1844 597 1896 omnia
643 1843 869 1914 attingit
915 1845 1196 1915 Augustus
1246 1847 1484 1916 scriptor
1551 1848 1821 1902 Constan—
1851 1832 1894 1888 Β
1923 1845 2037 1900 nuit
2080 1846 2419 1914 imperatoris
2462 1847 2595 1899 votis
2635 1848 3079 1907 Amermumnes,
3124 1841 3367 1909 misitque
3416 1855 3509 1907 per

245 1934 397 1986 tinus
427 1934 943 2006 Porphyrogenneta
975 1937 1071 1991 lib.
1111 1939 1179 1992 de
1220 1938 1369 1992 adm.
1407 1939 1539 2009 imp.
1568 1955 1691 2009 cap.
1725 1940 1816 2005 t7,

245 2024 346 2079 sed
394 2024 559 2095 (quae
598 2037 855 2097 perpetua
900 2028 1062 2084 istius
1099 2028 1265 2084 libelli
1312 2030 1631 2099 calamitas)
1680 2032 1821 2088 mire

244 2114 302 2169 in
333 2131 605 2172 annorum
636 2118 1019 2190 designatione
1053 2122 1403 2177 librariorum
1440 2124 1598 2193 culpa
1625 2139 1820 2192 pecca-

245 2220 385 2265 tum.
433 2210 525 2267 Sic
566 2213 731 2284 igitur
771 2215 992 2286 inquit:
1023 2216 1134 2287 Τῆς
1171 2221 1340 2290 νήσου
1374 2219 1683 2288 ἀλωθείσης
1714 2222 1821 2273 ὑπὸ

241 2303 357 2358 τῶν
402 2304 807 2377 Σαρρακηνῶν,
873 2309 967 2361 καὶ
1018 2311 1109 2362 ἐπὶ
1158 2312 1298 2363 ἑπτὰ
1344 2312 1520 2365 ἔτεσιν
1564 2315 1819 2384 ἀοικήτου

248 2394 550 2464 μεινάσης,
607 2400 702 2450 καὶ
748 2398 842 2452 τοῦ
883 2401 1319 2473 ἀρχιεπισκόπου
1385 2405 1635 2458 Ἰωάννου
1686 2405 1822 2474 μετὰ

243 2482 341 2538 τοῦ
371 2484 503 2539 λαοῦ
544 2487 710 2541 αὐτοῦ
744 2490 881 2559 πρὸς
921 2491 1020 2563 τὴν
1063 2490 1453 2561 βασιλεύουσαν
1488 2493 1824 2547 καταλαϐόν-

242 2594 373 2642 τος,
404 2579 618 2647 ἐγένετο
651 2582 932 2651 οίκονομίκ
982 2583 1134 2651 παρὰ
1164 2583 1257 2636 τοῦ
1298 2583 1565 2654 βασιλέως
1602 2587 1825 2638 ’1ουστι-

245 2669 432 2722 νιανοῦ
462 2672 520 2723 ἐν
547 2674 612 2741 τῇ
647 2671 781 2742 ἁγίᾳ
814 2672 947 2745 ἕκτη
977 2675 1177 2744 συνόδῳ
1210 2673 1305 2727 τοῦ
1332 2674 1429 2741 τὴν
1458 2674 1692 2738 Κύζινον
1722 2690 1827 2728 πα-

250 2759 511 2831 μλαὸεῖν
538 2763 677 2832 μετὰ
723 2763 834 2817 τῶν
882 2765 1198 2818 ἐπισκόπων
1233 2765 1398 2819 αὐτοῦ
1443 2764 1536 2820 καὶ
1580 2766 1675 2820 τοῦ
1695 2765 1825 2820 λαοῦ

244 2851 350 2920 τῆς
374 2851 563 2921 νήσου,
605 2853 702 2906 καὶ
728 2854 999 2908 ποιεῖσθαι
1047 2857 1139 2909 καὶ
1177 2859 1510 2927 χειροτονίας
1550 2857 1714 2928 ήνίκα
1760 2858 1827 2911 ἂν

248 2943 413 3013 λιίψῃ
455 2944 771 3012 ιπίσκοπος,
802 2947 939 3018 πρὸς
973 2947 1034 3001 τὸ
1083 2951 1157 3019 μὴ
1205 2949 1482 3001 διαπεσεῖν
1512 2948 1611 3020 τὴν
1636 2948 1830 3004 αὐθεν-

250 3037 377 3090 τίαν
407 3036 501 3089 καὶ
531 3038 601 3091 τὰ
622 3038 811 3093 δίκαια
854 3042 954 3110 τῆς
988 3039 1214 3111 Κύπρου
1243 3057 1257 3071 ο
1289 3024 1523 3111 καῖ’γὰρ
1552 3041 1644 3094 καὶ
1668 3040 1829 3105 αὐτὸς

1922 1940 2217 1992 universam
2248 1937 2459 2009 Syriam
2508 1939 2702 1991 summi
2754 1938 2983 1991 nominis
3034 1936 3328 1990 Saracenos
3356 1972 3372 1995 ,
3417 1932 3511 2001 qui

1920 2030 2141 2100 Cyprios
2173 2046 2350 2085 onmes
2378 2033 2738 2101 perquirerent
2761 2068 2775 2093 ,
2804 2045 2993 2099 eosque
3018 2029 3070 2081 in
3102 2028 3336 2097 patriam
3363 2024 3508 2078 able-

1922 2131 2127 2191 garent.
2160 2123 2239 2173 Ad
2273 2121 2381 2176 Itazc
2420 2122 2561 2176 misit
2605 2123 2895 2190 imperator
2923 2136 2987 2175 ea:
3019 2120 3145 2173 aula
3180 2120 3383 2182 virum,
3418 2118 3509 2186 qui

1921 2216 1975 2268 in
1998 2216 2252 2284 pristinas
2274 2216 2418 2269 sedes
2448 2217 2783 2279 «mandaret,
2815 2225 3069 2286 quotquot
3100 2230 3126 2267 e
3154 2213 3367 2283 Cypriis
3401 2210 3502 2264 Ro-

1922 2307 2175 2370 maniam,
2204 2306 2475 2375 Cyzicum,
2505 2308 2677 2360 thema
2705 2306 3199 2378 Cibyrrhteoticum,
3232 2321 3294 2357 ac
3332 2302 3507 2355 Thra-

1922 2398 2117 2450 cesium
2156 2399 2431 2467 degerent,
2472 2400 2649 2468 sicque
2691 2399 2865 2453 insula
2911 2400 3104 2451 iterum
3149 2398 3500 2466 frequentata.

1923 2495 2114 2546 Annus
2144 2493 2357 2559 scriptae
2399 2493 2545 2557 pacis
2591 2491 2735 2544 inter
2786 2490 3154 2545 Iustinianum
3206 2499 3256 2542 et
3298 2488 3503 2555 llabdi-_

1926 2581 2133 2635 nteleclt
2181 2580 2280 2635 fuit
2323 2581 2529 2650 primus
2557 2580 2853 2635 Iustiniani
2881 2618 2897 2643 ,
2928 2594 3039 2647 quo
3077 2580 3227 2634 solus
3280 2594 3506 2648 regnare

1925 2673 2120 2742 coepit,
2149 2674 2252 2727 hoc
2280 2682 2363 2727 est
2391 2671 2593 2728 Christi
2630 2673 2994 2743 Dionysianus
3046 2671 3153 2727 655
3174 2712 3189 2735 ,
3236 2670 3499 2741 quemad-

1926 2764 2143 2817 modum
2177 2765 2245 2818 ab
2273 2764 2689 2819 accuratissimo
2715 2762 3048 2833 TbeOpltane
3074 2762 3329 2817 traditum
3359 2777 3375 2827 ;
3402 2775 3505 2815 an-

1927 2869 2033 2909 nus
2057 2856 2246 2925 synodi
2272 2854 2400 2912 680.
2431 2857 2514 2910 Ab
2543 2862 2754 2927 synouo
2782 2856 2946 2922 igitur
2968 2853 3034 2908 ad
3061 2855 3250 2923 patria:
3278 2853 3519 2907 reditum

1926 2950 2251 3019 Cypriorum
2288 2948 2654 3002 intercessere
2676 2947 2800 3000 anni
2834 2946 2895 3011 5,
2921 2945 3013 3015 qui
3056 2943 3413 3010 restituendi,
3452 2951 3512 2995 ut

1928 3047 2137 3114 legatur
2169 3040 2306 3113 μετὰ
2350 3039 2514 3093 πέντε
2543 3038 2639 3109 ἔτη
2691 3053 2791 3108 pro
2824 3038 2965 3109 μετὰ
2996 3037 3136 3089 ἑπτὰ
3168 3037 3287 3107 ἔτη.
3325 3034 3512 3104 Neque

249 3128 281 3178 6
335 3127 709 3193 ’Ῑουστινιανδς
762 3130 1013 3200 βασιλεὺς
1073 3132 1317 3202 Κύπριος
1372 3127 1462 3201 ἦν,
1502 3130 1685 3194 καθὼς
1737 3130 1830 3186 καὶ

1935 3137 2145 3199 dubita,
2180 3134 2310 3203 quin
2337 3130 3064 3202 epilogismusinstituendus
3094 3129 3279 3183 habita
3299 3127 3511 3182 ratione

253 3218 409 3288 παρά
439 3220 548 3272 τῶν
579 3221 823 3274 παλαιῶν
871 3222 1135 3293 Κυπρίων
1163 3225 1191 3276 ὁ
1224 3222 1380 3291 λόγος
1411 3223 1572 3293 μέχρι
1602 3223 1701 3293 τῆς
1739 3222 1833 3294 σή-

261 3328 435 3381 μερον
486 3314 885 3385 ἐπεκράτησεν.
926 3315 1094 3368 Ὥστε
1126 3316 1221 3368 καὶ
1261 3315 1472 3385 ὡρίσθη
1503 3316 1560 3367 ὲν
1598 3318 1664 3386 τῇ
1703 3315 1837 3386 ἁγίᾳ

256 3401 393 3473 ἕκτῃ
425 3404 627 3457 συνόδω
650 3408 973 3476 χειροτονεῖν
1005 3406 1096 3459 τὸν
1138 3404 1566 3475 ἁρχιεπίσκοπον
1606 3404 1835 3475 Κύπρου

259 3494 357 3547 τὸν
388 3494 486 3564 τῆς
509 3495 751 3559 Κυζίκου
778 3497 1040 3568 πρόεδρον
1066 3512 1080 3525 '
1109 3497 1291 3560 καθὼς
1310 3499 1367 3550 ἐν
1387 3498 1465 3566 τῷ
1483 3495 1562 3549 τθ’
1582 3497 1715 3567 (lege
1737 3496 1837 3569 λον)

266 3588 552 3659 κεφαλαίῳ
576 3588 681 3659 τῆς
711 3590 883 3659 αὐτῆς
906 3590 1069 3657 ἁγίας
1095 3590 1261 3660 ἕκτης
1287 3591 1504 3644 συνόδου
1531 3593 1841 3663 ἀναγέγρα-

264 3696 421 3736 πται.
474 3680 586 3736 Hoc
617 3690 702 3737 est
735 3700 749 3737 :
800 3682 1068 3753 Occupata
1098 3685 1277 3738 insula
1314 3685 1379 3737 ab
1423 3685 1758 3743 Sarracenis.
1789 3694 1839 3738 et

268 3790 443 3828 annos
467 3790 542 3829 ut
576 3776 688 3830 sine
723 3777 985 3847 indigenis
1029 3788 1292 3840 manente,
1330 3794 1448 3831 cum
1487 3778 1842 3833 diversoretur

266 3868 502 3924 Joannes
556 3870 977 3940 archiepiscopus
1035 3888 1135 3925 sua
1189 3887 1308 3925 cunt
1363 3869 1508 3941 plebe
1586 3872 1728 3941 regia
1786 3871 1841 3923 in

270 3961 419 4027 urbe,
464 3977 529 4015 ea:
569 3965 889 4018 auctoritate
918 3961 1215 4017 Iustiniani
1250 3964 1386 4032 Aug.
1439 3963 1493 4037 in
1566 3971 1751 4015 sancta
1787 3978 1841 4016 Vt

270 4055 473 4124 synodo
514 4054 801 4118 decretum,
849 4064 909 4108 ut
953 4054 1145 4126 Cyzico
1189 4065 1599 4124 pra-poneretur,
1632 4055 1845 4124 ejusque

269 4144 558 4214 provinciae
581 4144 861 4214 episcopis,
885 4160 951 4198 ac
970 4145 1181 4213 populo,
1220 4160 1511 4214 manusque
1541 4145 1846 4214 impositio-

272 4254 395 4292 item
428 4248 814 4307 exsequeretur,
864 4253 927 4292 ne
967 4238 1241 4307 deﬁciente
1286 4239 1527 4307 episcopo
1573 4238 1847 4291 interirent

248 4329 516 4395 deinceps
548 4328 840 4383 auctoritas
880 4338 932 4383 et
958 4329 1083 4397 jura
1123 4328 1306 4399 Cypri.
1351 4327 1475 4398 Ipse
1501 4332 1641 4382 enim
1669 4330 1845 4383 Justi-

275 4420 473 4471 nianus
521 4417 745 4489 Cyprius
788 4427 925 4483 erat,
960 4430 1015 4471 ut
1065 4419 1206 4472 avita
1239 4416 1557 4488 Cypriorum
1604 4418 1752 4488 fama
1792 4422 1847 4476 in

1936 3227 2064 3284 anni
2101 3226 2291 3298 synodi
2319 3239 2394 3289 Vl,
2428 3238 2535 3278 non
2566 3238 2698 3279 vero
2734 3223 3064 3293 quinisesta:
3087 3261 3104 3287 ,
3136 3230 3340 3276 coactat
3365 3234 3513 3274 anno

1936 3318 2061 3383 69l,
2084 3331 2205 3384 qua:
2227 3315 2373 3387 quod
2396 3314 2834 3384 supplementum
2859 3326 2890 3365 ν
2918 3320 2971 3366 et
2997 3326 3046 3365 νι
3069 3312 3281 3383 synodi,
3310 3310 3513 3365 idcirco

1938 3409 1995 3464 in
2027 3424 2078 3462 νι
2105 3407 2315 3477 synodo
2338 3415 2586 3461 sanctum
2612 3402 2717 3457 dici
2750 3403 3025 3474 potuerit,
3054 3405 3198 3470 quod
3238 3415 3427 3471 reapse
3460 3402 3512 3455 in

1939 3499 2246 3571 quinisexta
2276 3538 2293 3564 ,
2326 3497 2486 3552 annis
2516 3495 2725 3550 scilicet
2756 3495 2818 3549 ll
2859 3503 3001 3564 post.
3034 3494 3091 3549 Id
3132 3495 3177 3549 si
3210 3495 3513 3558 arbitrere,

1940 3603 2034 3647 aut
2076 3591 2318 3660 stuporis
2376 3602 2575 3659 arguas
2622 3587 2999 3641 doctissimum
3057 3586 3363 3650 Caesarem,
3410 3594 3519 3639 .aut

1942 3691 2183 3739 monstra
2216 3682 2313 3736 tibi
2348 3682 2550 3750 paries.
2588 3678 2729 3746 Quid
2773 3678 2957 3732 enim?
2996 3676 3339 3733 Iustinianus
3384 3692 3517 3730 con-

1943 3779 2129 3834 stituta
2173 3775 2341 3832 semel
2386 3789 2520 3845 pace
2567 3788 2691 3826 cum
2753 3770 3147 3825 Habdimelech
3194 3785 3335 3825 anno
3377 3768 3517 3835 685,

1943 3885 2086 3925 anno
2115 3868 2253 3934 690,
2293 3866 2383 3937 qui
2420 3865 2453 3919 6
2485 3864 2603 3934 ejus
2636 3864 2779 3933 regni
2812 3862 2879 3916 ab
2898 3877 3128 3917 excessu
3164 3861 3511 3917 Constantini

1945 3962 2138 4032 patris,
2171 3958 2332 4026 fregit
2363 3958 2533 4021 illam,
2558 3955 2830 4026 iussitque
2863 3955 3163 4025 demigrare
3192 3955 3385 4009 iterum
3415 3954 3521 4025 Cy.

1948 4056 2096 4124 prios
2127 4068 2193 4107 ex
2223 4051 2422 4115 insula,
2456 4064 2576 4120 qua:
2610 4048 2806 4117 partim
2842 4046 2968 4111 sibi,
2998 4048 3195 4116 partim
3230 4044 3522 4100 Habuitne-

1946 4144 2062 4198 lerh
2091 4141 2339 4205 serviret,
2370 4140 2513 4209 quod
2546 4153 2719 4193 unum
2749 4152 2812 4189 ex
2840 4136 2987 4205 pacis
3016 4135 3193 4190 fuerat
3214 4135 3525 4205 capitibus?

1949 4235 2217 4309 (Theoph.
2260 4235 2314 4289 in
2358 4230 2588 4302 Chron.)
2640 4227 2759 4283 Iam
2795 4230 2841 4284 si
2877 4243 3021 4284 anno
3057 4227 3160 4283 690
3193 4229 3341 4299 pacis
3380 4227 3526 4298 leges

1948 4328 2161 4384 violatae
2181 4365 2196 4391 ,
2229 4326 2504 4393 domoque
2534 4319 2743 4392 egressi
2780 4316 2997 4390 Cyprii,
3039 4316 3085 4373 si
3116 4332 3262 4372 anno
3292 4316 3389 4372 691
3428 4316 3527 4371 Ita-

1950 4419 2060 4474 bita
2109 4415 2349 4488 synodus
2395 4412 2744 4483 quinisexta,
2801 4409 2893 4463 ubi
2952 4408 3298 4479 septenninm
3359 4407 3525 4471 illud,

273 4510 417 4564 hunc
452 4527 614 4581 usque
655 4512 793 4565 diem
830 4512 1108 4582 prwdicat.
1144 4510 1419 4566 Statutum
1456 4514 1660 4581 pariter
1710 4515 1765 4567 in
1794 4530 1846 4568 νι
1882 4516 1926 4571 D
1955 4510 2095 4579 quod
2162 4522 2193 4561 a
2256 4506 2581 4577 Cypriorum
2656 4500 3059 4571 μεταναστάσει
3127 4500 3196 4555 ad
3254 4500 3526 4571 synodum

276 4613 467 4659 sancta
493 4604 714 4673 synodo,
755 4615 812 4657 ut
854 4605 943 4674 qui
981 4603 1164 4674 Cyzici
1197 4604 1358 4673 fuerit
1386 4603 1747 4674 metropolita,
1783 4606 1847 4659 ab

284 4696 676 4764 archiepiscopo
719 4694 881 4766 Cypri
924 4697 1359 4766 inauguraretur,
1405 4697 1848 4767 quemadmodum

278 4802 397 4855 cap.
428 4788 495 4844 39
514 4789 680 4857 ipsius
710 4801 911 4843 sancta:
964 4788 1152 4859 synodi
1202 4789 1479 4856 scriptum.
1515 4789 1653 4843 Cum
1687 4805 1850 4860 syno-

278 4880 387 4934 dus
416 4894 468 4933 w
516 4880 744 4934 coiverit
771 4894 918 4934 anno
942 4879 1069 4943 680,
1114 4894 1239 4935 cum
1274 4879 1458 4950 Cyprii
1483 4880 1649 4934 domo
1678 4880 1853 4935 demi-

281 4974 491 5042 grarint
529 4988 675 5027 anno
706 4972 831 5037 648,
862 4988 971 5027 non
1007 4972 1084 5026 illi
1121 4972 1192 5027 ab
1218 4987 1362 5026 anno
1398 4974 1853 5043 μεταναστάσεως

283 5083 399 5122 sua:
425 5067 492 5121 ad
529 5068 797 5138 synodum
838 5066 987 5120 illam
1022 5080 1315 5121 numerare
1364 5066 1641 5134 potuerint
1670 5066 1853 5122 minus

284 5157 451 5211 annis
475 5158 565 5212 '52.
608 5156 797 5225 Itaque
824 5171 923 5225 pro
949 5169 1036 5217 eo,
1072 5154 1217 5224 quod
1239 5162 1419 5209 exstat
1454 5152 1546 5208 ἐπὶ
1576 5154 1619 5217 ζ’
1656 5152 1855 5217 ἐτεσιν,

283 5247 687 5303 cntendandum
730 5246 823 5299 ἐπὶ
866 5246 946 5314 λβ¹
976 5246 1172 5298 ἐτεσιν.
1209 5242 1390 5314 Pergit
1420 5243 1813 5298 Constantinus
1842 5262 1855 5297 :

284 5339 437 5396 Μετὰ
466 5339 522 5392 δὲ
558 5340 699 5392 ἑπτα
736 5338 831 5407 ἐτη
862 5337 1081 5406 θελήσει
1112 5334 1247 5390 Θεοῦ
1278 5334 1503 5405 ἐκινήθη
1537 5335 1567 5386 ό
1607 5334 1862 5404 βασιλεὺς

284 5432 454 5484 πάλιν
485 5431 711 5498 οίκῆσαι
742 5430 843 5499 τὴν
870 5428 1119 5498 Κύπρον,
1159 5427 1254 5480 καὶ
1283 5426 1569 5479 ἀπέστειλε
1601 5426 1741 5495 πρὸς
1771 5424 1862 5478 τὸν

297 5520 723 5593 ’Δμερμουμνήν
744 5520 837 5573 τοῦ
864 5517 1079 5586 Βαγδὰδ
1117 5518 1274 5590 311
1302 5520 1452 5587 τρεῖς
1487 5516 1596 5570 τῶν
1635 5515 1861 5583 ἐνδόξων

284 5612 574 5682 Κυπρίων,
601 5611 928 5681 αὐτόχθονας
954 5608 1051 5681 τὴς
1080 5609 1252 5679 αὐτῆς
1274 5610 1440 5678 νήσου
1473 5608 1859 5677 τυγχάνοντας,

284 5705 419 5766 τοὺς
462 5702 792 5773 λεγομένους
834 5701 1209 5769 φαγγουμεῖς,
1264 5699 1403 5767 μετά
1446 5699 1541 5751 καὶ
1583 5698 1862 5769 βασιλικοῦ

284 5813 436 5860 τινος
476 5794 702 5865 ἀγχίνοι)
750 5794 843 5852 τοῦ
889 5793 984 5846 καὶ
1030 5792 1239 5858 ἐνδόξου
1274 5790 1490 5862 γράψας
1538 5790 1613 5862 τῷ
1660 5792 1857 5863 Ἀμερ-

1952 4606 2207 4655 numerat
2229 4595 2621 4650 Constantinus
2642 4593 2666 4646 ξ’
2684 4590 2790 4645 Sed
2816 4591 2918 4646 hoc
2934 4592 3051 4646 leve
3071 4609 3085 4645 :
3106 4591 3327 4660 gravius
3341 4604 3527 4660 urgeo.

1950 4694 2034 4747 Ab
2075 4702 2219 4745 anno
2252 4686 2391 4753 690,
2436 4701 2546 4757 quo
2589 4699 2741 4739 nova:
2785 4686 2993 4739 oborta
3035 4684 3347 4739 simultates
3389 4682 3535 4745 inter.

1950 4778 2321 4835 Iustinianum
2387 4782 2445 4829 et
2514 4771 2933 4838 Habdimelech,
2984 4786 3262 4840 nunquam
3288 4770 3541 4839 'amplius

1954 4871 2131 4935 bella,
2174 4868 2411 4936 odiaque
2452 4868 2627 4934 posita
2666 4866 2735 4922 ab
2778 4865 3015 4921 Arabum
3058 4861 3489 4932 Protosymbolis
3513 4898 3531 4931 η

1953 4975 2008 5020 et
2049 4958 2671 5026 Constantinottolitanis
2702 4958 3011 5013 Cesaribus
3032 4996 3047 5021 ,
3094 4957 3237 5009 unde
3266 4954 3539 5011 Cbristia-z

1956 5067 2151 5109 norum
2194 5064 2282 5105 res
2307 5050 2613 5102 deteriores
2640 5049 2695 5102 in
2729 5048 2843 5102 dies
2869 5046 3025 5101 facta
3048 5084 3063 5107 ,
3102 5046 3279 5100 donec
3317 5046 3533 5099 tandem

1956 5146 2116 5201 sedes
2138 5143 2252 5210 ipsa
2279 5138 2489 5207 imperii
2522 5137 2843 5207 Byzantium
2875 5140 2925 5190 in
2960 5136 3320 5191 Barbarornm
3346 5147 3537 5206 tyrane

1958 5238 2137 5291 nidem
2176 5232 2467 5288 concessit.
2506 5231 2691 5297 Itaque
2720 5230 2765 5283 si
2803 5244 2947 5285 anno
2972 5228 3075 5282 690
3115 5230 3310 5283 iterum
3345 5229 3533 5299 Cyprii

1960 5330 2130 5397 patria
2166 5326 2521 5387 exsularunt,
2570 5323 2659 5392 qui
2706 5320 3043 5376 Iustinianus
3081 5322 3369 5391 septennio
3412 5332 3532 5391 post

1960 5419 2219 5488 paciﬁcos
2260 5415 2528 5485 delegarit
2569 5413 2939 5467 internuntios
2984 5413 3049 5467 ad
3106 5412 3493 5468 Habdimelecb
3518 5456 3533 5481 ,

1961 5511 2179 5585 quando
2199 5525 2324 5565 cum
2357 5525 2442 5575 eo,
2470 5511 2620 5577 jacto
2653 5510 2822 5561 semel
2859 5508 3270 5571 inimicitiarum
3304 5504 3539 5567 semine;

1965 5614 2244 5673 nunquam
2298 5601 2533 5669 amplius
2576 5598 2628 5652 in
2700 5598 2999 5653 amicitiam
3051 5598 3319 5663 reditum,
3360 5611 3539 5666 neque

1965 5710 2107 5752 anno
2137 5694 2237 5748 697
2277 5694 2389 5763 ipse
2417 5690 2762 5746 Justinianus
2796 5690 3379 5761 Constantinopolitani
3416 5705 3535 5745 see-

1964 5787 2072 5860 ptri
2106 5786 2386 5861 potiretur,
2414 5783 2505 5839 scd
2538 5781 2795 5838 Leontius
2818 5823 2833 5849 ,
2873 5800 2901 5835 a
2934 5798 3041 5852 quo
3071 5796 3235 5851 regno
3274 5780 3535 5846 abactos}
