3934 6492
577 349 706 428 12‘11

1460 363 1557 422 DE
1580 364 1839 422 {ETATE
1875 366 1935 424 S.
1971 364 2346 423 GREGORII
2389 362 2897 422 AGRIGENTINI

3697 354 3837 417 121?.

573 471 640 524 lit
690 473 850 540 igitur
885 479 1028 523 stent
1048 510 1064 533 ,
1110 484 1234 537 quae
1266 467 1661 524 Constantinus
1685 471 1900 539 prodit,
1929 473 2150 524 omnino
2181 485 2223 536 Α
2253 487 2331 540 gae
2356 471 2582 538 episcopi
2605 481 2794 538 priesto
2823 477 2989 522 essent
3015 471 3082 520 ad
3111 466 3367 518 radicitus
3393 466 3686 529 euellenda,
3718 485 3840 535 que

571 560 974 624 aliirmandum,
1001 559 1229 629 Cyprios
1256 560 1432 613 exsilii
1467 560 1572 626 sui,
1599 561 1758 629 cujus
1788 561 1993 628 epoclta
2030 561 2149 615 iniit

569 670 712 706 anno
729 650 854 712 648,
877 666 1048 704 annos
1083 650 1153 703 32
1201 652 1581 715 censentibus,
1605 653 1952 721 praepositum
1981 651 2146 705 Joan-

570 760 690 798 nem
724 743 886 812 Cypri
920 743 1389 811 archiepiscopum
1425 743 1778 810 Hellesponto
1814 744 2144 812 provinciae,

573 839 627 892 in
670 850 776 902 qua
812 833 1211 901 αὑτοκεφαλίας
1235 836 1358 903 jura
1397 845 1698 898 exerceret,
1726 837 1886 904 idque
1918 850 2044 887 vero
2083 849 2146 887 ex

571 927 894 977 auctoritate
941 922 1158 976 concilii
1219 937 1268 974 VI
1321 922 1640 975 (acumenici
1674 924 1800 973 anni
1850 919 1953 973 680
1988 920 2149 987 quin-

571 1013 814 1081 quennio
843 1020 985 1081 post,
1022 1027 1167 1065 anno
1197 1010 1409 1064 scilicet
1443 1007 1550 1062 685
1582 1008 1794 1076 patrios
1828 1005 1970 1060 lares
2009 1004 2149 1059 revi-

575 1105 718 1159 sisse
756 1103 886 1170 imp.
923 1101 1210 1157 Justiniani
1252 1114 1415 1168 opera
1439 1138 1454 1161 ,
1487 1099 1581 1167 qui
1617 1112 1736 1152 eam
1771 1099 1837 1151 ad
1867 1111 1981 1150 rem
2019 1111 2147 1149 ora-

576 1204 722 1248 tores
763 1194 970 1247 miserit
1006 1193 1072 1246 ad
1113 1191 1500 1246 Habdinielech
1522 1229 1536 1254 ,
1562 1189 1757 1259 quibus
1791 1186 2022 1240 feliciter
2051 1187 2148 1239 ad-

577 1283 792 1336 modum
825 1284 960 1337 exiit
1000 1282 1219 1348 legatio.
1266 1282 1608 1349 Quapropter
1647 1280 1748 1348 (ιιι
1794 1279 1846 1332 in
1884 1279 2024 1330 viam
2071 1292 2149 1330 re-

575 1375 732 1429 deam
780 1374 866 1440 (si
912 1389 1104 1444 passus
1162 1372 1795 1441 ConstantinOpolitanus
1843 1369 2082 1440 pontifex
2120 1385 2150 1422 e

577 1467 906 1534 patriarchia
951 1481 1046 1521 sua
1078 1465 1260 1518 divelli
1313 1463 1604 1517 maximam
1649 1461 1982 1529 Hellesponti
2025 1475 2150 1530 pro-

579 1557 811 1610 vinciant
842 1595 857 1618 ,
891 1558 942 1609 in
978 1571 1081 1623 qua
1111 1553 1350 1607 Joannes
1389 1551 1908 1620 archiepiscopalem
1941 1560 2149 1619 gereret

580 1650 981 1716 magistratum,
1016 1645 1207 1715 quidni
1238 1684 1253 1708 ,
1284 1651 1575 1712 antequam
1608 1653 1812 1696 mactus
1848 1641 1936 1694 illa
1965 1640 2147 1705 fuerit,

581 1740 852 1794 exstincto
884 1736 1122 1792 Sardicze
1151 1738 1408 1806 episcopo
1427 1777 1440 1799 ,
1466 1751 1528 1788 ea
1560 1734 1662 1788 sibi
1697 1733 1936 1788 Ecclesia
1963 1732 2150 1787 credo-

579 1842 769 1893 retur,
820 1831 911 1884 ubi
954 1829 1425 1898 archiepisc0pnm
1463 1835 1678 1897 ageret,
1721 1839 1895 1894 eoque
1936 1823 2146 1890 magis,

579 1922 725 1992 quod
754 1933 864 1977 tum
901 1923 1168 1990 temporis
1193 1920 1514 1975 Justiniana:
1542 1920 1557 1974 I
1589 1917 1846 1973 exarchia
1880 1932 1910 1970 a
1945 1913 2145 1970 Roma-

579 2033 646 2070 na
675 2014 1002 2086 patriarchia
1030 2011 1322 2076 defecerat,
1356 2021 1520 2080 atque
1534 2007 2145 2077 Constantinopolitantn

579 2109 920 2178 adjudicata,
969 2107 1045 2159 uti
1095 2121 1217 2159 mox
1261 2103 1475 2158 dicam?
1516 2101 1641 2155 Haec
1672 2102 1848 2155 locum
1890 2114 1996 2153 non
2046 2098 2144 2152 ha-

580 2203 707 2253 bent
741 2197 1091 2252 (Bcutttenicat
1120 2211 1148 2247 v
1181 2194 1371 2265 synodi
1402 2192 1768 2262 temporibus;
1811 2206 1934 2244 cum
1965 2189 2146 2260 Cypro

580 2291 722 2344 nulla
755 2290 1046 2358 importata
1084 2302 1111 2339 a
1141 2286 1393 2340 Barbaris
1415 2284 1721 2346 calamitas,
1753 2290 2145 2349 mansuetoque

575 2378 1166 2448 Constantinopolitani
1220 2377 1567 2446 imperatoris
1616 2385 1830 2444 sceptro
1877 2373 2142 2428 obediret.

576 2472 717 2538 Quid
746 2472 912 2539 igitur
935 2478 1136 2532 restat,
1163 2477 1223 2522 ut
1260 2469 1418 2538 plane
1445 2468 1796 2544 allirmemus,
1830 2466 2144 2536 Gregorium

577 2565 787 2635 synodo
811 2579 862 2616 vt
892 2562 1240 2617 mcumenica:
1265 2559 1578 2614 interfuisse
1599 2599 1612 2623 ,
1645 2559 1709 2612 itr
1729 2574 1837 2628 qna
1869 2559 2146 2612 Monothe-

577 2657 794 2708 litarum
827 2653 1049 2708 haeresis
1079 2651 1407 2722 proscripta,
1439 2661 1602 2721 atque
1635 2665 1765 2704 orco
1799 2649 1976 2704 devoti
2015 2649 2145 2702 Ser-

576 2751 718 2819 gius,
757 2747 1019 2819 Pyrrhus,
1046 2745 1269 2811 Paulus,
1306 2744 1498 2799 Petrus
1527 2742 2143 2810 Constantinopolitani,

575 2843 750 2914 Cyrus
778 2841 1218 2906 Alexandrinus,
1263 2838 1586 2894 Theodorus
1624 2837 1990 2892 Faranitanus
2031 2835 2147 2904 epi-

574 2932 723 3001 scopi
744 2929 1215 2985 Monothelitarum
1237 2929 1438 2997 capita,
1455 2943 1690 2996 quorum
1719 2927 1926 2994 aliquot
1945 2925 2147 2979 diserte

579 3024 845 3088 nominat,
881 3038 1006 3075 cum
1041 3018 1876 3087 Leontius,tumMetaphrastes,
1905 3026 1959 3072 et
1977 3017 2150 3086 epito-

581 3126 786 3169 masles
838 3115 1010 3168 Vitae:
1069 3123 1127 3166 ιιι
1176 3112 1381 3167 frustra
1431 3113 1502 3165 sit
1546 3111 1861 3174 Caietanus,
1902 3111 1995 3178 qui
2044 3109 2148 3164 hoc

577 3208 758 3277 ipsum
785 3245 800 3269 ,
831 3205 977 3276 quod
1017 3205 1084 3258 ad
1115 3220 1335 3260 causam
1370 3219 1526 3260 suam
1556 3217 1662 3257 non
1693 3202 2055 3268 conduceret,
2091 3201 2146 3254 in

577 3297 951 3365 suspicionem
989 3293 1240 3348 vocarit?

654 3385 890 3440 XXVIII.
936 3384 1039 3440 Sed
1070 3399 1195 3439 ecce
1226 3423 1241 3447 ,
1281 3383 1458 3447 inquit
1485 3381 1798 3443 Caietanus,
1833 3379 2015 3434 adhuc
2043 3377 2150 3432 ful-

579 3493 733 3533 crum
759 3484 1044 3546 superest,
1082 3489 1191 3543 quo
1217 3473 1482 3529 sententia
1515 3473 1771 3525 fulciatur
1806 3471 1873 3524 de
1901 3468 2148 3542 Gregorii

585 3569 701 3622 Vita
727 3570 828 3624 sub
852 3567 1160 3620 Justiniano
1185 3569 1203 3618 ι
1232 3567 1369 3634 Aug.
1403 3578 1655 3634 procusa,
1677 3571 1946 3631 quatenus
1979 3563 2032 3614 in
2056 3577 2150 3616 eo-

585 3659 706 3712 dem
740 3656 954 3712 Leontii
989 3653 1394 3710 Commentario
1431 3661 1539 3704 tam
1582 3647 1872 3704 manifesto
1915 3647 2148 3716 legitur,

583 3751 734 3806 illum
783 3749 885 3805 sub
938 3763 1004 3802 eo
1054 3745 1365 3804 Justiniano
1403 3744 1640 3806 vixisse,
1694 3737 1803 3811 q'uo
1850 3741 2151 3810 imperante

583 3858 782 3912 magna
822 3839 1064 3911 synodus
1101 3837 1286 3891 habita
1332 3833 1852 3904 Constantinopoli,
1896 3832 2042 3903 quod
2084 3832 2152 3886 de

583 3946 692 3987 uno
714 3927 1023 3983 Justiniano
1056 3926 1073 3979 ι
1101 3922 1357 3978 aﬂirmari
1385 3923 1579 3991 possit,
1604 3921 1710 3976 sub
1735 3935 1844 3991 quo
1871 3929 2087 3991 peracta
2119 3936 2150 3974 ν

583 4022 826 4094 synodus
851 4017 1218 4082 mcumenica;
1250 4031 1374 4069 nam
1409 4030 1457 4068 vr
1495 4015 1780 4078 convenit,
1811 4029 1936 4068 cum
1967 4028 2149 4068 rerum

580 4110 1051 4178 Constantinopoli
1085 4109 1350 4179 potiretur
1379 4107 1775 4163 Constantinus
1813 4107 2147 4178 Pogonatus.

584 4211 808 4265 Scilicet
851 4208 958 4263 hoc
996 4222 1228 4276 magnus
1257 4204 1345 4258 ille
1387 4204 1626 4258 Achilles
1663 4213 2108 4274 argumentorum
2132 4243 2147 4268 ,

580 4322 690 4377 quo
721 4297 1012 4360 C'aietanus
1036 4303 1117 4358 vel
1141 4302 1288 4356 mille
1318 4302 1577 4356 Hectoras
1602 4310 1943 4369 prosternere
1975 4301 2151 4354 conli-

581 4400 682 4452 dit.
712 4397 851 4464 Quid
878 4397 1043 4465 igitur
1065 4396 1256 4466 agam?
1292 4393 1511 4448 Christe
1535 4393 1678 4448 Deus
1703 4435 1717 4458 ,
1768 4393 1926 4446 [idem
1966 4403 2110 4446 tuam
2133 4433 2147 4456 ,

2251 563 2562 614 exstiterant
2596 561 2828 613 zizania.
2857 558 3088 627 Insuper
3132 572 3254 610 cum
3313 557 3426 610 lure
3471 571 3603 609 mox
3643 558 3836 612 addit.

2251 650 2528 718 praeterito
2591 650 2812 716 insuper
2863 647 3094 717 Augusti
3159 646 3381 700 nomine
3425 664 3437 698 :
3494 644 3590 698 Ita
3644 646 3841 699 multa

2251 739 2709 808 Constantinopoli
2739 744 2918 792 beatus
2948 739 3027 792 vir
3055 736 3219 790 edidit
3252 754 3370 788 cum
3403 737 3471 788 ad
3501 739 3796 789 dicendam
3825 780 3837 792 .

2251 843 2360 886 tum
2391 833 2459 888 ad
2497 833 2826 886 laudandum
2870 833 3185 900 compositas
3231 833 3518 893 orationes,
3557 841 3617 882 ut
3657 831 3734 883 ecl
3773 835 3842 882 ad

2249 922 2486 990 piissimi
2526 923 2864 990 imperatoris
2913 923 3080 975 nostri
3116 937 3270 974 aures
3317 921 3462 989 {orna
3507 923 3837 989 persederet.

2252 1012 2533 1068 Hactenus
2561 1029 2624 1067 ea
2653 1014 2719 1067 de
2748 1014 3008 1083 Gregorio
3032 1022 3222 1067 narrat
3243 1011 3535 1076 Leontius,
3560 1029 3680 1079 qua:
3707 1025 3842 1067 ante

2248 1103 2542 1158 concilium
2593 1112 2788 1174 gesta;
2840 1118 2967 1157 nam
3012 1103 3197 1157 statim
3245 1103 3487 1171 excipit:
3541 1101 3670 1155 Inde
3721 1115 3839 1170 post

2249 1194 2440 1248 mullos
2478 1195 2586 1248 dies
2621 1195 2815 1248 adsunt
2843 1195 3073 1263 episcopi
3098 1193 3512 1256 Alexandrinus,
3553 1195 3842 1246 Antioche-

2251 1304 2368 1351 nus,
2403 1287 2699 1342 Orientales
2733 1304 2908 1341 omnes
2937 1305 2952 1342 :
2996 1288 3267 1342 Romanus
3293 1289 3651 1355 vero,quippe
3686 1289 3840 1356 gravi

2249 1378 2429 1431 morbo
2467 1379 2738 1441 detentus,
2773 1377 3009 1432 libellum
3051 1378 3215 1430 mittit
3244 1378 3463 1444 propria
3492 1393 3659 1428 manu
3719 1393 3842 1428 con-

2249 1471 2521 1539 scriptum.
2551 1469 2656 1524 Sed
2696 1468 2988 1538 aliquando
3012 1469 3228 1524 tandem
3257 1470 3610 1538 imperatoris
3633 1485 3834 1521 nomen

2252 1562 2456 1630 prodit,
2479 1577 2604 1616 cum
2627 1575 2687 1614 ea
2712 1560 3052 1629 exsequitur,
3072 1576 3192 1630 quae
3215 1571 3332 1630 post
3362 1561 3641 1630 synodum
3673 1571 3798 1612 acta
3827 1580 3839 1612 ε

2250 1653 2503 1720 Confecta
2541 1668 2695 1720 porro
2730 1652 3052 1721 (inquiens)
3089 1661 3432 1706 sacrosancta
3471 1655 3675 1721 synodo
3713 1652 3818 1705 Cn

2248 1743 2396 1813 goria
2413 1758 2589 1796 omnes
2612 1742 2966 1811 gratulari....
2993 1752 3047 1794 at
3066 1752 3258 1810 praeter
3279 1753 3496 1796 (ceteros
3532 1744 3842 1796 int-redimis

2180 1830 2221 1884 Β
2251 1837 2383 1904 cepit
2417 1851 2480 1888 ex
2513 1836 2720 1888 homine
2751 1835 3069 1888 desiderium
3106 1837 3373 1903 piissimus
3415 1838 3712 1902 imperator
3750 1853 3838 1886 no-

2246 1938 2352 1981 ster
2380 1925 2744 1989 Justinianus,
2777 1938 3093 1995 senatusque
3115 1930 3412 1980 universus.
3438 1925 3519 1979 Ex
3553 1927 3659 1980 hoc
3695 1929 3838 1996 quod

2243 2017 2540 2072 Caietanus
2599 2017 2853 2086 putarit,
2920 2018 3172 2071 eumdem
3235 2017 3381 2072 hunc
3448 2019 3836 2087 imperatorem

2246 2108 2413 2163 fuisse
2466 2109 2558 2178 qui
2601 2109 2869 2179 Gregorio
2898 2109 3223 2179 gratulatus,
3251 2117 3417 2177 atque
3449 2109 3609 2163 illum
3651 2112 3741 2176 qui
3786 2121 3836 2164 et

2245 2199 2533 2253 concilium
2556 2199 2738 2269 jussit,
2779 2208 2833 2254 et
2867 2199 2934 2254 de
2966 2198 3215 2268 Gregorii
3260 2201 3472 2255 virtute
3506 2198 3706 2253 famam
3739 2217 3834 2255 ex-

2245 2292 2485 2360 ceperit,
2519 2301 2578 2345 ut
2611 2291 2736 2346 inde
2772 2291 3026 2348 conﬁciat
3050 2330 3064 2355 ,
3100 2290 3412 2346 Justiniano
3466 2291 3486 2345 l
3523 2291 3830 2346 Constanti-

2248 2383 2429 2452 nopoli
2472 2383 2779 2452 imperante
2808 2382 2996 2437 eadem
3032 2381 3086 2436 in
3129 2383 3263 2437 urbe
3299 2383 3660 2436 diversatum
3703 2383 3804 2437 Gre

2247 2476 2494 2544 gorium,
2532 2489 2706 2544 eoque
2749 2474 3059 2528 interfuisse
3106 2475 3314 2544 synodo
3359 2491 3388 2527 v
3442 2477 3825 2534 meumenicaa.

2251 2566 2400 2620 nullo
2437 2566 2600 2620 modo
2647 2565 2983 2633 probandus.
3027 2566 3084 2620 Si
3115 2566 3409 2619 Justiniani
3463 2567 3605 2635 Aug.
3640 2581 3826 2618 nomen

2248 2657 2568 2725 protulisset
2608 2656 2870 2714 Leontius
2893 2699 2906 2722 ,
2940 2675 3064 2712 cum
3106 2660 3188 2712 vel
3228 2659 3508 2728 synodum
3542 2659 3828 2718 indixisse.

2247 2748 2330 2802 vel
2365 2748 2564 2803 famam
2605 2750 2882 2804 inaudisse
2909 2749 3158 2819 Gregorii
3188 2760 3462 2804 memorat
3489 2789 3505 2812 ,
3531 2760 3684 2804 certe
3714 2751 3831 2818 qui-

2247 2841 2369 2896 dem
2401 2853 2578 2904 esset,
2609 2858 2706 2897 cur
2743 2843 2938 2897 merito
2979 2843 3389 2897 sanctissimum
3442 2843 3728 2896 hominem
3771 2844 3830 2895 ad

2248 2932 2540 2987 .Instiniani
2567 2932 2586 2986 l
2615 2944 2856 3004 tempora
2881 2943 3157 2989 revocaret
3181 2953 3193 2987 :
3232 2936 3323 2989 sed
3350 2935 3504 2988 enim
3530 2934 3683 3004 quod
3709 2934 3830 2986 illud

2248 3036 2479 3093 usurpat
2518 3026 2570 3078 in
2608 3041 2789 3080 rerum
2831 3027 3166 3090 narratione,
3203 3041 3325 3094 qua:
3359 3041 3622 3094 magnam
3675 3042 3827 3096 syno-

2249 3117 2376 3168 dum
2410 3127 2753 3183 consecutaz,
2813 3118 2981 3172 libere
3037 3119 3304 3180 dicimus,
3347 3117 3664 3171 fcedissimo
3709 3118 3834 3170 vitio

2251 3206 2720 3278 laborare'egregii
2751 3210 2850 3262 viri
2880 3209 3218 3278 opinionem.
3249 3208 3424 3263 Porro
3457 3209 3595 3264 illud
3623 3220 3834 3265 constat

2249 3312 2315 3351 ex
2338 3296 2664 3366 Theophane
2686 3300 3093 3354 accuratissimo
3116 3298 3429 3354 Graecarum
3461 3316 3654 3355 rerum
3701 3301 3834 3355 seri-

2251 3399 2429 3459 ptore,
2459 3387 2832 3444 Justinianum
2861 3390 2904 3444 ιι
2929 3407 2957 3445 a
2987 3401 3141 3462 patre
3161 3392 3529 3445 Constantino
3555 3390 3832 3460 Pogonato

2251 3481 2561 3553 Augustum
2593 3483 2984 3548 renuntiatum,
3021 3498 3083 3538 ea
3140 3483 3410 3554 dignitate
3439 3483 3641 3551 ejectis
3671 3481 3832 3533 Hera-

2251 3573 2358 3628 clio
2419 3583 2474 3628 et
2517 3572 2739 3628 Tiberio
2791 3575 3096 3638 fratribus,
3141 3590 3286 3629 anno
3323 3574 3545 3643 imperii
3597 3574 3685 3626 sui
3737 3574 3829 3631 l3.

2250 3663 2396 3731 quod
2446 3665 2579 3734 iniit!
2631 3680 2774 3720 anno
2841 3665 2980 3730 668,
3029 3680 3219 3720 mense
3262 3663 3428 3719 Julio.
3480 3664 3618 3718 Cum
3675 3664 3832 3732 igitur

2252 3754 2600 3811 menselulio
2624 3756 2750 3809 anni
2781 3755 2886 3810 680
2934 3755 3331 3810 Constantinus
3376 3755 3520 3824 Aug.
3555 3755 3717 3824 regni
3751 3755 3828 3807 sui

2251 3861 2454 3900 annum
2501 3848 2568 3901 I3
2617 3846 2923 3909 inchoarit,
2967 3848 3157 3902 eodem
3199 3859 3344 3900 anno
3387 3846 3714 3907 desinente,
3753 3846 3830 3894 vel

2252 3953 2395 3992 novo
2435 3938 2533 3994 68I
2581 3939 2634 3992 in
2681 3938 2892 4008 imperii
2943 3938 3279 3993 consortium
3313 3938 3526 3992 ascitus
3566 3935 3832 3990 Iustinia-

2253 4045 2357 4084 nus
2391 4029 2452 4085 F.
2492 4045 2519 4083 a
2557 4039 2728 4095 patre,
2762 4031 2863 4084 hoc
2892 4040 2996 4094 est,
3030 4029 3272 4084 nondum
3311 4029 3525 4099 synodo
3559 4026 3828 4081 confecta.

2255 4120 2369 4177 Iluc
2394 4131 2462 4189 ,et
2499 4122 2625 4175 illud
2660 4121 2903 4187 accedit,
2943 4122 3125 4175 datam
3164 4119 3362 4176 Joanni
3415 4118 3582 4188 Cypri
3651 4120 3834 4172 archi-

2259 4212 2518 4282 episcopo
2569 4212 2971 4282 Hellespontum
3014 4212 3348 4282 provinciam
3401 4225 3454 4264 vt
3486 4211 3539 4263 in
3581 4212 3830 4280 synodo,

2253 4313 2476 4358 auctore
2519 4303 2828 4358 Justiniano
2861 4302 3252 4366 Rhinotmeto,
3292 4303 3438 4371 quod
3474 4301 3687 4355 diserte
3727 4310 3836 4353 tra-

2253 4396 2426 4451 ditum
2482 4411 2512 4450 a
2555 4396 2917 4451 Constantino
2973 4395 3486 4465 l-‘orphyrogenneta
3542 4394 3727 4459 capite
3769 4393 3834 4446 ιγ

580 4487 799 4544 Christe
847 4487 1012 4551 Deus,
1049 4502 1150 4558 ago
1199 4485 1294 4540 tibi
1336 4485 1573 4556 gratias,
1621 4499 1790 4552 supra
1849 4499 2012 4553 quam
2057 4484 2165 4552 dici
2197 4497 2242 4554 ι)
2270 4487 2342 4540 De
2395 4486 2538 4540 adm.
2589 4487 2716 4555 imp.
2765 4502 2795 4540 a
2849 4487 3005 4541 nobis
3049 4495 3205 4538 antea
3257 4484 3467 4553 integre
3515 4482 3832 4550 producto;

581 4588 764 4650 queat,
790 4580 978 4633 maxin
994 4594 1090 4632 as-
1166 4593 1362 4631 am'am
1389 4592 1588 4631 numen
1615 4577 1788 4632 sentio
1819 4587 1997 4643 tuum,
2037 4593 2152 4647 quo

585 4670 836 4741 perfusus
865 4668 1106 4723 Caietani
1147 4683 1310 4721 verna
1354 4668 1501 4722 nullo
1534 4669 1756 4723 omnino
1800 4669 2002 4723 diluam
2054 4685 2153 4724 ne-

583 4761 751 4832 gotio.
798 4759 1124 4814 Evolvamns
1158 4758 1369 4814 Leontii
1413 4757 1729 4826 Historiam,
1776 4760 2016 4831 illudque
2056 4777 2153 4816 ex-

583 4854 903 4926 pendamus,
935 4853 1217 4922 ecquando
1246 4852 1410 4921 312
1432 4852 1781 4922 imperatoris
1810 4867 2007 4906 nomen
2035 4852 2151 4922 pri-

583 4961 675 5001 mo
702 4945 1018 5014 prodiderit,
1048 4951 1106 4997 ut
1133 4943 1350 4998 tandem
1382 4943 1512 4997 illud
1536 4952 1735 5013 pateat,
1761 4959 1923 5012 quam
1947 4944 2152 5013 impro-

584 5039 650 5092 be
679 5038 966 5092 Caietanus
991 5051 1057 5090 ex
1080 5051 1144 5090 eo
1171 5036 1530 5101 contenderit,
1551 5035 1874 5104 Gregorium
1904 5045 2149 5092 nostrum

582 5131 804 5186 duxisse
825 5145 998 5184 aevum
1041 5129 1145 5183 sub
1168 5125 1472 5182 Iustiniano
1501 5127 1541 5180 l.
1593 5127 1735 5182 Sane
1769 5129 2148 5196 imperatorem

584 5224 760 5292 primo
796 5221 980 5274 laudat
1000 5219 1280 5282 Leontius,
1314 5221 1478 5272 tacito
1511 5228 1689 5273 tamen
1728 5221 1950 5274 nomine
1977 5260 1992 5283 ,
2026 5235 2148 5274 cum

585 5312 777 5366 scribit
801 5331 814 5365 :
846 5311 975 5364 Inde
999 5319 1114 5379 post
1145 5311 1346 5379 aliquot
1373 5310 1484 5364 dies
1512 5327 1603 5379 per
1633 5310 2037 5364 Constantinum
2063 5328 2151 5381 pe-

587 5404 669 5455 tiit
713 5401 1079 5471 (Gregorius)
1109 5402 1173 5455 ab
1209 5402 1629 5471 archiepiscopo,
1681 5412 1737 5454 ut
1766 5403 1934 5468 ipsum
1971 5403 2152 5471 fausta

586 5503 829 5560 precatus
870 5493 1156 5547 dimitteret
1191 5509 1210 5546 :
1258 5495 1302 5546 is
1347 5511 1462 5546 vero
1495 5493 1802 5565 Gregorium
1839 5497 2153 5549 accersitum

591 5596 757 5651 rogat.
795 5597 1092 5652 exspectare
1124 5586 1241 5638 velit
1280 5586 1710 5654 aliquantulum:
1754 5587 2023 5640 inimicum
2058 5587 2151 5640 Ito-

591 5671 781 5722 minem
816 5671 865 5723 in
897 5671 1062 5725 medio
1099 5673 1261 5725 tritici
1292 5673 1562 5726 catholica:
1593 5672 1839 5726 Ecclesia:
1871 5676 2152 5728 seminasse

592 5761 803 5816 zizania
829 5763 1138 5820 :mandassc
1161 5765 1457 5830 piissimum
1489 5767 1873 5832 imperatorem,
1907 5777 1961 5820 ut
1999 5767 2151 5822 colle-

2254 4578 2501 4647 Ἐγενέτο
2519 4578 2800 4648 οἰκονομία
2825 4578 2974 4647 παρὰ
3000 4576 3094 4630 τοῦ
3127 4575 3396 4645 βασιλέως
3432 4571 3818 4626 Ἰοιδστινιεινοῦ

2251 4671 2310 4725 ὲν
2337 4673 2404 4741 τῇ
2431 4671 2563 4740 ἁγίᾳ
2584 4670 2718 4740 ἕκτῃ
2749 4669 2968 4739 συνόδῳ.
3001 4668 3129 4723 Inde
3160 4668 3218 4722 ﬁt
3247 4666 3658 4728 Justinianum,
3687 4675 3828 4717 aute.-

2253 4775 2415 4832 quam
2461 4761 2703 4830 synodus
2736 4761 3142 4823 dimitteretur,
3180 4759 3294 4827 jam
3329 4756 3616 4826 Augustali
3663 4770 3824 4808 orna-

2253 4862 2366 4907 tum
2396 4851 2654 4921 dignitate
2675 4890 2687 4912 ,
2723 4851 2774 4904 in
2807 4850 2965 4920 cujus
2994 4850 3222 4920 gratiam
3271 4848 3598 4903 Constantia
3627 4848 3821 4916 Cypri,

2253 4942 2577 4998 Justinianaa
2628 4942 2742 4995 sive
2771 4940 3222 5009 Justinianopolis
3257 4955 3416 4994 nova:
3440 4951 3598 4993 nacta
3628 4953 3819 4991 nomen

2253 5031 2440 5087 eadem
2479 5033 2530 5086 in
2563 5031 2788 5101 synodo.
2819 5031 2991 5100 Negat
3028 5031 3131 5085 hoc
3157 5029 3500 5098 Nicephorus
3541 5030 3636 5082 lib.
3679 5044 3818 5087 xvn.

2253 5138 2374 5192 cap.
2413 5122 2483 5176 28
2533 5122 2603 5176 Η.
2639 5121 2746 5187 E.,
2791 5122 2883 5192 qui
2931 5123 2999 5175 ab
3029 5120 3338 5174 Iustiniano
3384 5120 3405 5174 l
3452 5135 3649 5174 nomen
3696 5119 3818 5172 illud

2253 5215 2678 5286 partumzscribit
2702 5215 2925 5269 honoris
2947 5229 3076 5284 ergo
3104 5213 3406 5268 Theodorus
3431 5215 3642 5274 uxoris,
3662 5227 3817 5279 quam

2252 5306 2415 5361 domo
2447 5305 2700 5376 Cypriam
2731 5304 2994 5374 perhibet.
3037 5302 3233 5357 Verum
3266 5319 3374 5358 non
3414 5319 3478 5358 ea
3513 5302 3613 5355 viri
3637 5311 3816 5355 aucto-

2253 5399 2407 5464 ritas,
2462 5406 2523 5452 ut
2550 5397 2632 5450 vel
2661 5396 2909 5466 ingratiis
2947 5410 3237 5451 assensum
3289 5411 3320 5449 a
3353 5411 3440 5450 me
3469 5402 3812 5462 extorqueat.

2251 5489 2341 5544 Ait
2380 5489 2497 5552 ille,
2533 5487 2900 5551 Constantia,
2933 5487 3076 5556 quod
3119 5485 3425 5540 Theodora:
3462 5488 3600 5554 Aug.
3648 5498 3815 5536 cunas

2254 5582 2580 5652 prwbuerit,
2621 5581 2762 5635 idem
2796 5581 3111 5634 usuvenissc
3135 5621 3150 5644 ,
3200 5595 3368 5647 atque
3401 5577 3624 5630 Achridi
3651 5574 3813 5628 Justi-

2254 5673 2402 5728 niani
2441 5673 2580 5742 Aug.
2615 5671 2822 5741 patrize,
2849 5669 3291 5740 archiepisc0pali
3324 5669 3531 5723 scilicet
3566 5663 3805 5719 all‘ectatn

2254 5762 2515 5834 dignitate
2556 5763 2623 5817 ab
2655 5759 2959 5817 Justiniano
2991 5761 3042 5827 l,
3085 5761 3227 5830 quod
3259 5759 3548 5815 manifeste
3589 5756 3806 5814 falsum;
