4098 6510
203 397 342 463 1213

1580 406 2114 469 DISSERTATIO-

3321 394 3460 460 121i.
3555 416 3559 421 ’

197 528 323 569 cum
366 514 531 586 longo
583 525 710 572 ante
764 528 1010 590 tempore
1050 520 1391 577 Constantia:
1440 522 1788 593 metmpolita
1819 533 1863 587 Α
1897 539 2019 577 nem
2045 523 2111 577 ad
2140 521 2437 577 Justiniani
2466 519 2483 573 Ι
2508 530 2751 589 tempora
2773 507 3058 582 elevanti's,
3086 530 3266 585 opera:
3288 524 3467 567 tamen

196 608 574 678 αὐτοκέφαλος
605 612 1052 683 archiepiscopus
1078 614 1314 668 audierit
1338 656 1353 676 ,
1387 616 1531 683 quod
1564 631 1594 670 a
1629 616 1790 670 nobis

198 699 661 756 demonstratum.
693 703 747 758 Si
773 705 959 774 lapsus
986 706 1039 760 in
1069 707 1152 760 via
1175 716 1284 761 tam
1314 707 1498 776 plana,
1524 706 1655 778 quid
1688 705 1791 761 mi-

199 808 348 859 rum,
381 794 468 849 ubi
500 796 766 852 salebrae?
788 796 975 868 Neque
999 799 1200 853 desunt
1230 800 1456 865 indicia,
1483 816 1605 870 qua:
1628 798 1791 856 Nice-

197 887 361 959 phori
399 889 881 946 hallucinationem
912 892 1191 962 detegant.
1218 892 1509 946 Enimvero
1548 902 1659 946 tres
1689 907 1792 945 nu-

202 992 491 1037 merantur
511 980 835 1040 Justinianus
869 1003 882 1040 :
914 985 1133 1049 Achris,
1158 1000 1276 1053 qua:
1305 982 1325 1036 1
1351 1024 1367 1047 ,
1409 982 1643 1055 Cyprus,
1676 983 1791 1038 sive

201 1073 561 1141 Constantia,
611 1093 733 1145 qua:
787 1074 862 1143 ll,
928 1076 1202 1145 Carthago
1234 1118 1249 1143 ,
1306 1092 1427 1145 quae
1469 1074 1572 1143 Ill,
1615 1091 1793 1145 eoque

204 1165 403 1220 ordine
455 1182 486 1221 a
539 1165 779 1239 Georgio
829 1167 1042 1224 Codino
1091 1177 1479 1238 percensentur
1519 1184 1533 1221 ε
1591 1165 1789 1237 Πρώτη

204 1254 568 1330 Ἰουστινιανὴ
610 1261 807 1331 ’Λχρις
830 1300 845 1317 .
885 1260 1117 1331 δευτέρα
1157 1262 1189 1331 ὴ
1222 1260 1471 1331 Κύπρος,
1501 1257 1598 1313 καὶ
1630 1258 1790 1330 τρίτη

204 1347 242 1417 ἡ
286 1349 614 1421 Καρχηδὼν.
659 1352 947 1407 Aehridem
970 1395 985 1420 ,
1017 1362 1072 1409 et
1098 1352 1483 1422 Carthaginem
1517 1352 1584 1406 ab
1621 1350 1791 1406 Justi-

208 1442 377 1497 niano
420 1444 438 1498 Ι
488 1459 689 1498 novum
735 1445 1045 1501 obtinuisse
1104 1461 1301 1500 nomen
1365 1453 1512 1515 patet
1562 1460 1625 1499 ex
1672 1444 1792 1513 ejus

208 1533 392 1588 novel.
425 1550 503 1599 xl,
530 1534 716 1590 collat.
748 1534 805 1601 2,
840 1552 896 1593 n.
930 1536 985 1603 6,
1019 1544 1134 1590 tum
1162 1551 1228 1590 ex
1252 1535 1345 1591 lib.
1381 1551 1432 1598 ι,
1474 1550 1525 1590 c.
1559 1534 1634 1588 De
1660 1534 1789 1602 oﬂic.

206 1625 366 1695 pref.
421 1637 577 1694 priet.
633 1625 755 1695 Afr.
818 1624 912 1680 Lis
961 1625 1130 1698 igitur
1178 1626 1245 1681 de
1295 1641 1400 1679 una
1449 1625 1787 1680 Constantia.

209 1717 377 1788 Atqui
406 1733 529 1773 cum
561 1718 675 1773 hac
719 1718 913 1773 ordine
942 1719 1154 1773 dicatur
1194 1717 1230 1771 2
1254 1757 1270 1782 ,
1312 1732 1434 1772 cum
1479 1733 1509 1771 a
1540 1715 1792 1770 Patribus

213 1825 265 1864 vI
296 1811 489 1882 synodi
528 1827 665 1865 nova
696 1812 1001 1882 appellatur
1029 1810 1344 1866 Justiniana
1373 1826 1499 1866 can.
1532 1810 1622 1872 '59,
1650 1808 1791 1862 ὥστε

210 1898 311 1971 τὴν
357 1899 485 1953 νέαν
536 1900 1079 1954 Ἰουστινιανούπολιν
1131 1900 1190 1954 τὺ
1242 1900 1450 1955 δίκαιον
1507 1899 1653 1971 ἔχειν
1697 1898 1795 1968 τῆς

214 1990 848 2056 Κωνσταντινουπόλεως
868 2037 883 2060 ,
915 2004 971 2047 ut
998 2010 1130 2048 nova
1152 1991 1468 2048 Justiniana
1486 1992 1578 2064 jus
1605 1990 1795 2045 habeat

216 2078 709 2151 Constantinopolis
733 2124 749 2148 ,
783 2100 891 2138 non
925 2084 1203 2139 immerito
1241 2083 1370 2138 hinc
1402 2083 1662 2147 conﬁcio,
1697 2080 1798 2136 Ju-

215 2175 509 2230 stinianam
534 2176 736 2231 dictam
763 2176 1146 2232 Constantiam
1165 2177 1233 2232 ab
1256 2175 1567 2231 Justiniano
1591 2175 1658 2241 ll,
1690 2190 1797 2230 non

219 2267 261 2323 Ι.
293 2267 352 2323 Si
381 2269 527 2323 enim
554 2283 584 2323 a
607 2268 652 2335 Ι,
687 2269 830 2324 haud
864 2285 1059 2325 novam
1092 2269 1242 2324 illam
1275 2268 1796 2324 vocassentconcilii

217 2359 411 2417 Patres
430 2402 445 2426 ,
478 2362 701 2433 quando
729 2377 847 2417 eam
891 2362 1084 2417 ordine
1119 2361 1454 2431 sequebatur
1480 2360 1755 2428 Carthago
1781 2398 1797 2423 ,

216 2468 342 2522 quae
371 2468 497 2507 vere
522 2469 681 2521 nova,
716 2452 985 2523 siquidem
1042 2451 1361 2508 Constantia
1391 2451 1461 2507 ab
1487 2449 1800 2506 Justiniano

217 2545 641 2600 ldenominata.
684 2544 839 2612 Quod
881 2544 1049 2615 igitur
1092 2543 1286 2615 synodi
1325 2558 1373 2597 vr
1425 2542 1622 2597 Patres
1653 2542 1798 2595 Con-

215 2638 476 2692 stantiam
507 2638 694 2694 dicant
719 2637 849 2691 νέαν
881 2635 1430 2691 Ὶουστινιανούπολιν
1470 2643 1797 2706 argumento

217 2741 345 2795 est,
383 2746 585 2786 novum
628 2731 762 2786 illud
813 2729 990 2785 fuisse
1019 2745 1217 2785 nomen
1242 2770 1256 2796 ,
1299 2744 1410 2798 quo
1443 2736 1556 2782 tum
1601 2727 1801 2781 donata

218 2822 545 2905 Constantia
572 2864 586 2889 ,
619 2838 849 2893 eamque
884 2821 1091 2877 idcirco
1130 2820 1429 2877 secundam
1459 2819 1662 2874 dictam
1702 2818 1799 2873 Ju-

222 2916 546 2980 stinianam,
563 2931 685 2987 quae
710 2930 898 2970 revera
926 2915 1186 2983 temporis
1210 2921 1460 2983 respectu
1486 2913 1803 2982 tertia,quia

221 3010 400 3080 patria
444 3010 710 3081 Augusti,
773 3024 883 3079 quo
932 3008 1157 3062 nomine
1222 3005 1584 3077 prmponenda
1641 3004 1805 3059 fuerit

222 3102 570 3174 Carthagini.
595 3100 861 3157 incolumi
894 3108 1152 3154 manente
1184 3097 1407 3153 Achridi
1431 3094 1755 3152 Justinianae
1783 3096 1803 3150 Ι

226 3200 665 3264 nomenclatura,
696 3198 824 3269 quia
855 3195 1151 3252 Justiniani
1184 3196 1199 3250 Ι
1246 3194 1442 3265 patria.
1473 3191 1592 3247 Non
1623 3192 1800 3247 solum

1893 615 2125 684 pretium
2164 613 2435 669 iacturum
2475 627 2559 666 me
2590 612 2755 673 duco.
2794 609 2839 663 si
2886 608 3117 677 reliqua,
3154 620 3277 676 quas
3308 605 3470 660 Caie-

1893 715 2025 761 tano
2058 704 2311 776 opposui,
2348 703 2480 757 mihi
2518 718 2625 756 non
2664 717 2819 771 arque
2852 700 3075 755 adversa
3113 696 3466 752 ostenderim.

1892 799 2070 868 Atque
2099 798 2344 850 omnium
2373 796 2608 865 primum
2628 795 3002 849 characterem
3029 790 3179 844 illum
3201 788 3349 844 feriae
3370 803 3465 853 vu,

1892 905 2002 962 quo
2036 889 2265 960 insignis
2298 888 2415 943 dies
2464 888 2523 942 11
2575 884 2946 956 Septembris,
3001 897 3128 937 cum
3174 880 3467 949 Gregorius

1892 983 2065 1038 Roma
2099 982 2269 1035 redux
2303 980 2355 1033 in
2384 978 2861 1049 Agrigentinorum
2896 973 3203 1044 emporium
3236 972 3464 1042 appulit,

1892 1091 2075 1132 causa
2117 1081 2317 1128 nostrai
2365 1077 2700 1125 momentum
2737 1067 2933 1122 addere
2977 1080 3086 1119 non
3138 1064 3271 1127 leve,
3320 1063 3468 1118 dete-

1891 1186 2051 1240 gam;
2097 1181 2329 1235 eamque
2358 1164 2431 1218 ob
2464 1177 2687 1218 causam
2728 1174 2930 1213 novum
2966 1158 3249 1212 instituam
3289 1156 3469 1211 Cano-

1893 1277 2015 1317 nem
2053 1260 2121 1315 ab
2154 1273 2299 1314 anno
2330 1255 2456 1319 682,
2491 1253 2542 1307 in
2589 1268 2701 1323 quo
2743 1252 2951 1321 primus
2999 1247 3299 1304 absolvitur
3331 1246 3467 1303 Gre-

1893 1354 2032 1425 gorii
2088 1351 2440 1423 pontiﬁcatus
2501 1360 2714 1406 annus,
2774 1342 2839 1395 ad
2899 1340 3033 1400 711,
3088 1339 3180 1409 qui
3242 1339 3467 1392 ultimus

1891 1444 2187 1501 Justiniani
2234 1443 2275 1497 ll
2326 1446 2487 1510 Aug..
2526 1438 2581 1493 in
2614 1450 2790 1506 eoque
2829 1442 3086 1498 statuam,
3122 1447 3244 1501 quae
3268 1445 3467 1501 propo-

1893 1540 2000 1596 sito
2034 1547 2226 1592 nostro
2259 1535 2592 1590 conducant.
2822 1525 2825 1529 ’

1963 1632 2065 1685 An.
2102 1632 2229 1685 Chr.

1964 1632 2006 1685 Α
2052 1672 2065 1685 .
2147 1634 2177 1683 It
2216 1671 2229 1684 .

1964 1631 2341 1780 6:2.Cbesinit
2379 1719 2592 1789 Agatho
2638 1716 2700 1770 P.
2751 1714 2821 1769 M.
2855 1713 2943 1769 die
2991 1710 3059 1766 19
3089 1708 3331 1764 Januarii
3375 1723 3469 1763 ca-

1896 1819 2113 1888 ruitque
2167 1815 2415 1870 Romana
2461 1810 2701 1867 Ecclesia
2770 1821 3089 1864 successore
3140 1817 3342 1857 annum
3407 1801 3469 1863 1,

1898 1928 1974 1965 ιη.
2008 1911 2061 1974 7,
2087 1910 2141 1964 d.
2200 1909 2254 1963 5.
2303 1907 2537 1974 (Anast.
2594 1902 2851 1956 Biblioth.
2901 1900 2957 1954 in
3007 1898 3226 1967 Agath.,
3278 1903 3473 1949 auctor

1898 2001 2101 2057 Chron.
2148 1999 2515 2062 Fosszeuovaa,
2554 2008 2871 2067 quanquam
2917 2001 3064 2047 erret
3096 1990 3148 2043 in
3184 1984 3471 2043 emortuali

1899 2108 2043 2147 anno
2074 2089 2432 2161 designando,
2466 2087 2604 2156 alii.)

1969 2184 2096 2239 685.
2132 2181 2243 2236 Leo
2275 2179 2317 2235 ll
2358 2179 2577 2234 Siculus
2616 2175 2675 2230 P.
2726 2173 2794 2229 Μ.
2830 2179 3048 2228 creatur
3079 2169 3166 2224 die
3196 2168 3262 2221 l0
3303 2167 3468 2237 Aug.,

1898 2277 1991 2348 qui
2034 2274 2406 2345 pontiﬁcatum
2452 2270 2619 2342 gessit
2664 2284 2736 2322 tn.
2786 2264 2875 2333 10,
2917 2265 2974 2322 d.
3028 2263 3115 2318 18.
3149 2260 3380 2332 (Anast.
3416 2258 3470 2311 in

1899 2367 2098 2516 Legg:
2138 2458 2249 2514 Leo
2283 2456 2324 2512 ll
2357 2456 2472 2511 obit
2502 2454 2573 2509 23
2608 2451 2779 2518 Junii,
2824 2450 2913 2506 cui
2958 2447 3206 2504 succedit
3236 2451 3358 2516 post
3388 2442 3473 2495 in—

1884 2538 2321 2623 ~terpontilicium
2365 2548 2637 2604 mensium
2678 2547 2732 2610 5,
2778 2545 2835 2599 d.
2902 2544 2989 2608 l8,
3042 2540 3367 2596 Benedictus
3411 2535 3473 2590 ΙΙ.
3518 2614 3521 2615 ν

1937 2644 2101 2698 Idem.

1937 2644 2101 2698 Idem.

1902 2645 1922 2716 (
1974 2644 2360 2791 685.)Moritur
2391 2731 2718 2787 Benedictus
2752 2727 2793 2780 ll
2829 2727 2891 2781 i5
2921 2725 3120 2791 Martii,
3149 2725 3307 2794 eique
3331 2721 3477 2776 suﬁi-

1903 2830 2043 2885 citur
2070 2826 2311 2881 Joannes
2340 2823 2406 2887 ν,
2435 2823 2505 2878 25
2534 2820 2685 2876 Julii.

1974 2919 2096 2974 686.
2151 2917 2370 2971 Decedit
2426 2912 2668 2968 Joannes
2721 2908 2787 2973 ν,
2848 2907 2915 2962 15
2968 2906 3105 2975 Aug.
3162 2901 3478 2971 Couqmsito

1903 3008 2143 3082 partium
2179 3005 2411 3061 dissidio
2450 3001 2831 3073 pontiﬁcatum
2876 2996 2979 3051 iuit
3023 2995 3216 3049 Conon
3258 2990 3480 3045 Siculus

1904 3102 1965 3157 2i
2009 3098 2281 3154 Octobris.

1977 3192 2102 3248 687.
2147 3189 2291 3244 Vixit
2326 3187 2515 3243 Conon
2551 3199 2725 3253 usque
2756 3183 2823 3237 ad
2868 3181 2940 3235 22
2985 3174 3342 3245 Septembris,
3387 3188 3482 3225 ex-

228 3294 418 3363 igitur,
449 3252 593 3361 quod
620 3252 962 3345 J'nsltinianus
995 3286 1033 3340 II
1057 3301 1086 3340 a
1119 3252 1310 3358 synddi
1341 3300 1390 3339 vi
1420 3283 1673 3338 Patribus
1703 3297 1801 3337 vo-
1830 3252 1875 3310 θ
1908 3284 2219 3353 stinctoque
2280 3279 2573 3335 schismate
2618 3252 2679 3329 P.
2729 3272 2800 3327 Μ.
2854 3269 3196 3326 renuntiatur
3261 3261 3483 3333 Sergius

232 3386 401 3442 luerit
438 3382 673 3440 dandam
724 3382 889 3453 Cypri
935 3378 1350 3450 archiepiscolio
1397 3377 1806 3446 Hellespontum

230 3478 571 3549 provinciam
604 3491 730 3532 eum
771 3472 1176 3542 αὑτοκεφαλίας
1223 3471 1369 3541 jure,
1416 3468 1691 3536 ostendit,
1741 3483 1808 3523 eo

233 3582 349 3627 tum
386 3580 630 3640 tempore
653 3569 766 3641 jam
800 3569 1108 3638 Augustum
1142 3566 1443 3622 salutatum
1480 3564 1631 3618 illum
1655 3604 1671 3629 ,
1712 3561 1808 3619 sed

232 3666 404 3721 etiam
453 3662 597 3733 quod
649 3661 718 3716 ab
772 3660 968 3715 iisdem
1025 3659 1281 3715 Patribus
1333 3658 1431 3713 νέα
1496 3657 1810 3710 ’Ῑουστινια-

234 3757 489 3820 νούπολις
517 3762 815 3826 usurpetur
844 3753 1170 3809 Constantia
1197 3794 1213 3816 ,
1254 3767 1378 3807 cum
1408 3764 1548 3804 nova
1583 3747 1813 3803 urbibus

1908 3374 2331 3434 Panormitanus
2366 3369 2435 3425 18
2472 3365 2809 3424 Decembris.
2888 3430 2895 3437 1

1979 3466 2104 3522 688.
2179 3506 2194 3519 .

1980 3558 2104 3613 689.
2177 3594 2194 3611 .

2146 3682 2330 3793 biens;
2378 3678 2599 3790 octohri
2649 3728 2880 3783 Romam
2928 3723 3149 3792 navigat
3194 3718 3489 3790 Gregorius

240 3852 467 3907 nomina
510 3851 579 3904 ab
613 3814 882 3920 Augustis
915 3814 1345 3916 imponerentur.
1393 3842 1555 3899 Proin
1594 3855 1717 3895 cum
1759 3839 1813 3893 in
1916 3835 2090 3903 stupri
2123 3831 2358 3892 delatus,
2408 3827 2471 3880 P.
2503 3823 2645 3877 Max.
2679 3818 2949 3889 judicium
2986 3814 3295 3875 subiturus,
3324 3824 3485 3877 quam

238 3944 606 4000 Anastasiana
637 3939 937 4011 Agathonis
981 3940 1093 3995 vita
1129 3938 1403 4009 legimus:
1455 3934 1546 3987 Ita
1592 3932 1816 3986 discidio
1918 3927 2202 3997 ingressus
2244 3914 2542 3973 Novembri
2576 3927 2788 3975 mense,
2839 3909 3024 3977 ibique
3055 3905 3242 3960 statim
3280 3903 3335 3956 in
3367 3917 3489 3955 car-

240 4036 452 4091 sublato
483 4032 750 4104 (loquitur
775 4045 906 4085 vero
929 4028 998 4084 de
1024 4029 1189 4084 rebus
1214 4027 1269 4082 in
1300 4024 1511 4098 synodo
1535 4022 1816 4087 Trullana,

241 4129 349 4182 hoc
376 4136 460 4181 est
491 4140 544 4180 vt
577 4122 914 4179 oecumenica
942 4120 1109 4191 gestis
1134 4120 1153 4191 )
1223 4118 1466 4189 civilique
1494 4116 1634 4169 inter
1662 4113 1819 4169 Chri—

240 4219 444 4273 stianos
469 4216 602 4271 bello
634 4216 941 4286 composito,
966 4213 1200 4269 Joannes
1224 4213 1493 4280 cpiscopus
1517 4206 1821 4260 Portuensis

241 4312 330 4366 die
353 4309 650 4375 Pascltate,
697 4323 876 4364 coram
930 4305 1166 4378 principe
1209 4303 1370 4374 313
1414 4318 1475 4355 ac
1508 4297 1825 4355 Patriarclta

1919 4030 2074 4073 ceres
2103 4008 2391 4082 conjicitur
2422 4022 2453 4060 a
2486 4003 2698 4074 Sergio.

1990 4105 2118 4160 692.
2184 4142 2199 4157 .

2161 4235 2233 4340 20
2273 4232 2507 4353 Aprilis,
2558 4231 2666 4335 hoc
2705 4226 2804 4333 .est
2852 4220 3119 4345 posiridie
3173 4266 3495 4331 Paschatis,

244 4404 301 4455 in
349 4400 589 4454 Ecclesia
621 4399 792 4453 beatae
814 4403 823 4462 ζ
846 4360 1059 4467 Sophim
1103 4360 1369 4448 iussit}?
1384 4391 1549 4445 latine
1599 4388 1825 4443 celebrat
1928 4380 2163 4438 concilio
2194 4376 2406 4434 sistitur
2435 4372 2754 4445 Gregorius,
2787 4366 3115 4438 cognitaque
3143 4376 3308 4417 causa
3339 4360 3499 4414 inno-

244 4496 488 4549 omnibus
518 4490 935 4546 acclamantibus
961 4487 1427 4559 piissimarumque
1471 4483 1655 4538 laudes
1690 4496 1828 4550 prae-

247 4586 589 4649 dicantibus;
643 4584 811 4639 hosce
865 4582 1142 4652 Augustos
1186 4577 1414 4633 omnino
1474 4575 1827 4643 interpretere
1864 4604 1908 4659 υ

248 4678 677 4735 Constantinum
698 4681 1005 4746 patrem,et
1042 4670 1417 4727 Justinianum
1444 4668 1639 4730 ﬁlium,
1669 4665 1763 4736 qui
1796 4680 1828 4720 a

250 4783 415 4843 patre
472 4768 693 4840 imperii
745 4767 957 4837 collega
1006 4763 1355 4820 renuntiatus
1384 4801 1400 4825 ,
1458 4761 1513 4815 in
1562 4761 1827 4830 privatam

1930 4491 2061 4532 cens
2087 4472 2386 4543 iudicatur,
2422 4467 2547 4523 inde
2581 4464 2696 4519 abit
2729 4455 3287 4527 Constantinopolim.

2002 4541 2128 4621 696.
2168 4561 2387 4633 Peragit
2435 4556 2642 4614 Pascha
2671 4547 3184 4613 Constantinopoli;
3226 4545 3356 4601 hinc
3392 4541 3504 4598 Ro-

1935 4668 2078 4709 mam
2093 4648 2346 4715 discedit,
2359 4662 2468 4718 quo
2484 4643 2730 4715 pervenit
2744 4638 2978 4697 20Ju|ii.
2997 4635 3236 4691 Tandem
3252 4634 3319 4689 ad
3338 4633 3506 4689 eccle-

1935 4745 2072 4800 siam
2092 4758 2246 4799 suam
2265 4738 2651 4812 proliciscitur,
2675 4734 2896 4805 adpellit
2915 4731 2981 4787 ad
3007 4730 3365 4800 Acragantem
3401 4726 3507 4781 llu-

251 4818 419 4919 iam]
447 4818 956 4919 a't;;t};h.};.a'{3‘
985 4818 1287 4913 ethiherio
1335 4818 1620 4908 fratribus.
1650 4849 1835 4918 Quare
1930 4818 3506 4919 vium“)Septembrismoslridisabitinﬁsrisentinomm

254 4956 401 5029 quod
440 4955 715 5011 Caietanat
749 4950 1037 5009 sententiae
1075 4946 1455 5005 ﬁrmissimum
1484 4952 1604 4998 erat
1630 4940 1831 4996 funda-

254 5055 507 5102 mentum
528 5086 545 5113 ,
577 5044 738 5115 plane
794 5040 1007 5097 corruit
1036 5078 1051 5105 ,
1092 5052 1216 5092 cum
1244 5032 1587 5091 Justinianus
1615 5071 1630 5094 ,
1670 5044 1833 5100 quem

1931 4926 2256 4996 emporium,
2290 4922 2435 4995 quod
2472 4920 2656 4991 attigit
2684 4916 2994 4973 eademmet
3020 4911 3131 4977 die,
3170 4909 3304 4966 feria
3337 4925 3432 4962 vn.

2004 5020 2118 5076 Hoc
2145 5034 2289 5075 anno
2316 5015 2662 5071 Justinianus
2702 5008 2742 5063 ll
2775 5009 2915 5079 Aug.
2968 5019 3138 5075 regno
3186 5002 3407 5072 pellitur
3442 5000 3513 5055 ab

255 5097 545 5211 praeeipu—e,
580 5097 837 5193 hominat
872 5097 1136 5189 Leontius
1171 5139 1226 5185 et
1258 5126 1657 5197 Metaphrastes
1677 5097 1703 5188 ξ
1728 5136 1836 5177 non
1935 5113 2185 5176 Leontio,
2218 5123 2405 5166 mense
2428 5106 2595 5162 Julio.
2628 5097 2941 5174 (Theoph.)

258 5247 493 5303 magnus
537 5231 630 5286 ille
671 5227 997 5288 habendus,
1047 5223 1149 5280 sub
1196 5236 1308 5292 quo
1359 5215 1756 5275 mcltmenicum
1806 5229 1838 5267 v

258 5323 555 5379 concilium
591 5331 844 5378 coactum
870 5357 887 5382 ,
924 5316 1020 5374 sed
1059 5311 1407 5372 Constantini
1442 5307 1705 5378 Pogonati
1737 5306 1799 5361 F.
1821 5346 1837 5371 ,

258 5432 375 5486 quo
420 5415 476 5470 in
534 5413 689 5486 regni
731 5410 1074 5468 consortium
1127 5423 1159 5463 a
1203 5416 1358 5478 patre
1404 5417 1597 5459 recens
1646 5406 1843 5455 vocato

260 5523 462 5568 magna
490 5506 733 5579 synodus
761 5520 814 5560 vr
847 5501 1118 5560 confecta.

336 5597 529 5655 XXIX.
566 5599 891 5667 Quanquam
943 5592 1099 5664 plura
1137 5605 1246 5645 non
1279 5587 1681 5645 desiderantur,
1735 5594 1846 5651 quo

268 5692 477 5759 liqueat
503 5690 783 5751 omnibus,
814 5684 1138 5756 Gregorium
1166 5681 1269 5738 sub
1296 5678 1606 5734 Justiniano
1632 5674 1675 5728 11
1702 5672 1846 5726 Con-

270 5782 502 5839 stantini
533 5782 706 5852 patris
736 5780 944 5848 collega
973 5793 1022 5830 vt
1059 5773 1266 5845 synodo
1297 5769 1647 5827 (ecumenica:
1676 5766 1846 5819 inter-

276 5876 473 5940 fuisse,
502 5890 677 5944 eoque
708 5872 934 5929 omnino
953 5865 1346 5940 cxplodcndam
1374 5857 1617 5917 Caietani
1640 5856 1849 5929 opinio-

2009 5206 2209 5263 696..
2324 5243 2338 5257 .
2455 5241 2470 5257 .
2586 5239 2599 5253 .

2009 5300 3512 5355 697............

2011 5390 2138 5444 698.
2176 5385 2498 5441 Absimarus
2541 5377 2798 5435 Tiberius
2846 5372 3013 5445 Aug.,
3037 5380 3228 5428 exacto
3259 5368 3513 5425 Leontio.

1944 5480 2170 5554 (ldem.)

2015 5572 2138 5628 699.
2202 5612 2215 5625 .

2016 5665 2141 5717 7th.
2202 5701 2215 5713 .
2332 5700 2343 5712 .
2468 5699 2480 5714 .
2599 5692 2610 5710 .
2730 5696 2740 5709 .
2856 5693 2869 5706 .
2988 5690 3001 5704 .
3115 5690 3129 5705 .
3246 5689 3258 5702 .
3374 5685 3386 5698 .

2022 5757 2139 5811 701.
2176 5755 2401 5823 Sergius
2429 5750 2490 5806 Ρ.
2521 5749 2661 5804 Max.
2687 5765 2718 5803 e
2742 5748 2880 5804 vivis
2911 5746 3125 5803 excedit
3155 5744 3223 5798 29
3246 5739 3519 5800 Octobris,

1951 5853 2107 5921 eique
2147 5848 2474 5916 subrogatur
2508 5841 2742 5897 Joannes
2777 5839 2841 5893 Vl
