4098 6552
647 375 785 443 1215
848 338 851 343 ’

712 486 839 542 702.
907 525 924 539 .

715 578 843 634 703.
905 618 921 633 .

716 670 1833 727 701.........

715 760 839 815 705.
875 759 1120 817 Joannes
1169 760 1232 815 Vl
1277 762 1386 817 fato
1430 762 1677 833 fungitur
1726 763 1756 817 7
1801 763 2090 835 Januarii,
2137 767 2226 824 cui

645 852 765 909 Kal.
805 851 1015 906 Martiis
1048 856 1293 909 succedit
1323 854 1567 910 Joannes
1601 855 1711 911 VII.

712 944 1062 1000 Justinianus
1101 945 1140 998 Il
1176 946 1372 1001 iterum
1407 962 1619 1018 regnat.

714 1036 2092 1097 706...........

715 1129 841 1185 707.
881 1128 1131 1186 Joannes
1163 1128 1253 1183 VII
1288 1140 1523 1185 mortem
1554 1132 1667 1187 obit
1704 1131 1773 1185 t7
1807 1130 2063 1190 Octobris
2091 1154 2104 1191 :
2137 1136 2227 1193 die

646 1223 898 1291 Sequenti
930 1239 1223 1280 successor
1249 1225 1471 1296 eligitur
1504 1224 1781 1291 Sisinnus,
1823 1227 1917 1295 qui
1946 1226 2223 1284 hominem

1529 380 1627 439 DE
1663 380 1925 441 ᾸΞΤΑΤΕ
1962 384 2022 442 S.
2054 384 2434 449 GREGORII
2473 387 2992 449 AGRIGENTINI

2206 533 2221 548 .
2257 504 2297 555 Α
2332 499 2404 549 ita
2446 506 2506 550 ut
2544 512 2721 553 annos
2753 512 2923 569 prape
2952 501 2986 554 4
3022 500 3215 569 procul
3243 501 3317 557 ab
3359 500 3608 557 Ecclesia
3640 515 3747 556 sua
3781 518 3907 556 exe-

3770 392 3904 455 1216

2329 589 2484 660 gerit.
2525 588 2653 645 Haec
2689 606 2757 645 ex
2792 590 3009 646 Leontii
3044 592 3308 648 Historia.
3341 590 3462 647 Jam
3509 592 3581 647 ab
3624 606 3775 648 anno
3814 593 3915 647 682

2328 681 2394 735 ad
2423 680 2546 747 7H,
2571 683 2663 752 qui
2695 683 2925 739 ultimus
2954 682 3251 741 Justiniani
3278 685 3321 740 Il
3347 700 3545 750 annus,
3573 684 3639 739 ll
3667 684 3914 755 Septem-

2328 771 2443 828 bris
2481 774 2600 829 dies
2638 775 2694 829 in
2745 774 2938 830 feriam
2995 792 3068 830 vn
3122 777 3356 833 incurrit
3405 793 3553 833 anno
3603 776 3712 833 689
3767 777 3916 849 cyclo

2328 864 2461 918 solis
2500 864 2591 929 26,
2629 881 2775 921 anno
2812 866 2919 922 695
2956 866 3107 939 cyclo
3142 867 3275 923 solis
3318 869 3372 931 4.
3418 883 3566 923 anno
3604 867 3716 921 700
3762 868 3915 938 cyclo

2326 956 2458 1011 solis
2499 957 2563 1022 9,
2609 973 2755 1013 anno
2786 959 2889 1014 706
2933 960 3088 1031 cyclo
3137 961 3270 1017 solis
3305 960 3394 1014 15.
3428 960 3596 1030 Atqui
3629 974 3780 1013 anno
3810 959 3913 1013 689

2207 1084 2221 1099 .
2326 1047 2573 1120 Gregorii
2604 1052 2812 1107 reditus
2842 1053 2908 1107 ad
2950 1050 3253 1108 Ecclesiam
3287 1068 3445 1108 suam
3476 1052 3790 1122 adjudicari
3818 1066 3914 1104 ne-

2326 1142 2479 1210 quit;
2529 1142 2574 1198 si
2615 1144 2764 1199 enim
2800 1159 3058 1200 reversus
3090 1146 3447 1216 Agrigentum
3479 1160 3628 1200 anno
3663 1144 3793 1207 689,
3831 1145 3914 1197 in-

2325 1233 2507 1287 didem
2537 1233 2706 1305 igitur
2734 1235 2990 1291 discessit
3019 1250 3166 1291 anno
3199 1237 3305 1291 685
3341 1248 3598 1301 exeunte,
3635 1235 3914 1306 simulque

645 1315 794 1369 exuit
824 1315 890 1369 l6
920 1313 1280 1384 Novembris;
1328 1326 1442 1371 tum
1488 1316 1558 1371 25
1603 1316 1914 1373 Decembris
1951 1316 2224 1376 Constan-
2320 1326 2592 1397 judicium
2647 1329 2716 1384 de
2776 1343 2843 1383 eo
2905 1328 3220 1384 institutum
3286 1329 3553 1400 postridie
3621 1328 3914 1384 Paschalis

646 1408 795 1462 tinus
828 1405 889 1463 P.
924 1407 995 1464 M.
1033 1410 1323 1464 salutatur.

722 1499 851 1554 708.
910 1538 929 1555 .

721 1584 847 1641 709.
911 1629 926 1642 .

716 1681 840 1735 7I0.
901 1680 1301 1737 Constantinus
1354 1684 1594 1753 pontifex
1658 1686 1856 1757 migrat
1906 1685 2228 1744 Constanti-

645 1775 910 1844 nopolim.

719 1865 842 1921 7H.
884 1868 1027 1922 Idem
1061 1867 1287 1923 Romam
1318 1871 1624 1940 regreditur
1653 1871 1724 1925 24
1750 1872 2023 1929 Octobris.
2054 1871 2227 1943 Hujus
2259 1861 2300 1917 Β

642 1959 772 2011 anni
811 1960 962 2013 exitu
989 1999 1003 2025 ,
1048 1960 1132 2015 vel
1176 1963 1462 2032 sequentis
1507 1964 1666 2018 initio
1700 1963 2047 2022 Justiniantts
2079 1966 2220 2035 Aug.

642 2051 934 2108 occiditur.

715 2142 885 2198 XXX.
919 2147 1076 2199 Nunc
1105 2145 1159 2199 in
1194 2147 1513 2201 memoriam
1548 2158 1858 2212 revocetur,
1889 2150 2036 2220 quod
2063 2159 2223 2205 antea

646 2238 913 2301 diximus,
947 2237 1272 2309 Gregorium
1307 2255 1524 2295 menses
1558 2242 1853 2296 admodum
1885 2243 1917 2298 5
1940 2258 2103 2313 supra
2128 2257 2225 2296 an—

644 2346 749 2385 nos
782 2331 817 2383 2
854 2329 1041 2385 Romae
1091 2347 1122 2386 a
1164 2332 1425 2403 pontifice
1463 2333 1745 2389 detentum
1792 2334 2107 2391 carceribus
2156 2334 2227 2389 ob

644 2422 887 2477 delatum
925 2424 1103 2493 stupri
1148 2425 1269 2494 ejus
1312 2440 1534 2480 nomen.
1566 2426 1727 2483 Certe
1762 2428 2005 2497 quidem,
2036 2443 2163 2483 cum
2194 2441 2227 2481 a

645 2519 913 2589 Gregorio
945 2520 1288 2575 sciscitatum
1319 2519 1487 2575 fuerit
1516 2522 1587 2576 ab
1624 2522 1898 2592 episcopis
1935 2521 2143 2593 Cyzici,
2172 2529 2228 2578 et

643 2610 918 2676 Corinthi,
948 2612 1041 2681 qui
1075 2611 1266 2667 Romae
1293 2613 1582 2689 aderant_a
1610 2612 2227 2686 Constantinopolitano

652 2703 807 2759 missi
841 2703 1159 2773 patriarcha
1198 2703 1309 2774 juri
1353 2703 1593 2760 dicundo
1642 2704 1698 2759 in
1750 2703 2003 2775 Gregorii
2053 2705 2229 2776 ipsius

649 2810 842 2861 causa,
869 2806 1005 2866 quot
1031 2811 1209 2851 annos
1238 2796 1292 2850 in
1322 2796 1600 2866 ergastqu
1625 2795 2003 2867 transegisset,
2032 2796 2231 2852 fatetur

649 2889 742 2944 ille
772 2902 951 2944 annos
992 2888 1049 2953 2,
1097 2903 1316 2944 menses
1353 2889 1408 2943 ι.
1447 2886 1558 2943 Sed
1600 2896 1713 2943 tum
1757 2899 1936 2943 tamen
1972 2904 2003 2944 e
2042 2889 2230 2945 Sicilia

648 2982 926 3037 delatores
955 2982 1201 3037 nondum
1233 2983 1590 3048 advenerant,
1635 2981 1729 3052 qui
1774 2998 1882 3036 una
1927 2998 2052 3037 cum
2093 2980 2230 3038 Gre-

650 3075 808 3145 gorio
841 3075 895 3131 in
919 3075 1189 3147 judicium
1226 3075 1479 3131 vocandi.
1530 3076 1600 3130 At
1632 3090 1757 3131 cum
1784 3077 1901 3131 dies
1928 3077 2146 3130 tandem
2178 3086 2232 3131 et

650 3166 939 3239 Gregorio,
965 3178 1020 3223 et
1046 3167 1485 3233 accusatoribus,
1511 3176 1565 3223 et
1592 3167 1961 3233 mulierculae,
1993 3181 2227 3238 quacum
2259 3199 2299 3255 Ο

656 3256 954 3313 conﬁctam
1004 3256 1377 3321 consuevisse,
1407 3255 1574 3321 dicta,
1617 3255 1760 3311 dicta
1812 3271 1939 3310 vero
1965 3254 2234 3325 postridie

653 3349 967 3416 Paschalis,
1003 3349 1379 3419 impurissima
1412 3349 1503 3403 illa
1537 3348 1757 3412 mulier,
1787 3363 1909 3418 quae
1939 3348 2083 3403 malo
2127 3348 2235 3403 da:-

654 3455 816 3496 mone
853 3440 1102 3495 districta
1134 3439 1298 3509 paulo
1359 3447 1487 3494 ante
1530 3454 1698 3510 quam
1738 3438 2033 3510 Gregorius
2078 3438 2235 3511 Agri-

655 3544 819 3602 gemo
865 3531 1104 3586 solveret
1165 3530 1398 3585 Romam
1448 3529 1855 3600 perducendus,
1895 3545 2128 3601 quaeque
2169 3546 2237 3585 eo

657 3622 779 3693 ipso
807 3620 919 3685 die,
961 3637 1070 3690 quo
1116 3633 1170 3676 et
1218 3620 1548 3692 Gregorius,
1582 3631 1635 3676 et
1668 3621 1970 3686 delatores,
2020 3632 2075 3676 et
2119 3623 2235 3692 ipsa

660 3715 800 3770 adeo
828 3714 1063 3769 concilio
1092 3712 1259 3785 315
1292 3714 1571 3779 adstitere,
1608 3713 1754 3769 fassa
1788 3715 2002 3769 tandem
2030 3716 2239 3770 calum-

660 3809 831 3871 niam,
869 3806 1117 3878 Gregorii
1158 3807 1414 3877 precibus
1449 3807 1562 3861 Deo
1600 3807 1797 3863 solutis
1827 3807 2073 3861 daemone
2107 3807 2239 3861 Iibe-

659 3909 837 3963 ratur,
873 3900 1097 3969 planum
1122 3898 1380 3953 omnibus
1404 3896 1555 3962 fecit,
1585 3913 1643 3954 se
1664 3914 1841 3953 annos
1860 3899 1915 3964 2,
1940 3914 2160 3953 menses
2181 3897 2237 3962 6,

662 4001 804 4047 tetro
846 3991 1007 4063 genio
1030 3998 1360 4060 correptam,
1386 4005 1497 4060 quo
1524 4000 1632 4046 tam
1663 3990 1888 4060 perditae
1921 3991 2241 4059 imposturte

660 4098 855 4155 paruas
888 4084 1082 4138 lueret.
1119 4083 1235 4151 Age
1266 4083 1454 4154 igitur,
1509 4082 1557 4137 si
1601 4081 1761 4138 furiis
1799 4083 2002 4152 agitata
2039 4082 2240 4138 femina

664 4192 842 4232 annos
878 4175 935 4239 2,
978 4189 1194 4229 menses
1237 4173 1291 4239 6,
1348 4174 1394 4229 si
1423 4182 1584 4244 capta
1618 4174 1726 4229 illis
1756 4174 1917 4244 paulo
1948 4183 2236 4243 antequam

661 4266 963 4339 Gregorius
989 4264 1219 4320 Romam
1250 4264 1551 4335 navigaret,
1581 4266 1764 4320 exime
1798 4281 2039 4321 mensem
2070 4281 2239 4319 unum

661 4373 732 4414 ex
771 4372 892 4422 sex,
949 4356 1044 4426 qui
1090 4356 1226 4412 satis
1274 4356 1570 4412 admodum
1617 4357 1689 4413 sit
1742 4359 2021 4413 maritimo
2059 4358 2238 4412 itineri

665 4448 1030 4511 coitficiendo,
1079 4458 1451 4517 apparetque,
1507 4445 1830 4519 Gregorium
1870 4449 2237 4516 mancipatum

2324 1420 2456 1473 anni
2491 1420 2617 1475 688.
2657 1422 2728 1475 At
2757 1422 2901 1476 enim
2935 1436 2968 1476 a
3000 1421 3279 1492 praecipite
3307 1438 3398 1475 an.
3426 1421 3532 1477 685
3560 1421 3631 1475 ad
3656 1420 3770 1476 688
3800 1431 3912 1477 tra

2210 1544 2223 1558 ι
2326 1522 2688 1567 numerantur
2714 1513 3017 1582 pontifices,
3044 1510 3287 1568 Joannes
3314 1513 3374 1577 V,
3408 1511 3625 1579 Conon,
3650 1512 3911 1581 Sergius;

2208 1636 2222 1650 ο
2326 1616 2451 1657 cum
2491 1612 2672 1658 tamen
2707 1604 2814 1660 sub
2846 1620 2958 1659 uno
2989 1604 3259 1658 duntaxat
3291 1600 3594 1673 Gregorius
3633 1611 3691 1657 et
3728 1616 3914 1657 caree-

2325 1693 2478 1748 ribus
2517 1694 2809 1758 occlusus,
2866 1702 2920 1749 et
2972 1693 3249 1748 calumnia
3304 1693 3524 1748 tandem
3572 1691 3910 1746 vindicatus.

2325 1780 2517 1852 Neque
2544 1799 2723 1839 annus
2766 1784 2869 1841 700
2918 1785 2985 1840 ad
3034 1801 3258 1840 causam
3291 1796 3534 1839 nostram
3570 1783 3705 1838 facit
3741 1802 3757 1839 :
3802 1798 3912 1852 quo

2327 1875 2471 1930 enim
2524 1892 2670 1931 anno
2701 1876 3180 1948 Constantinopoli
3225 1877 3453 1932 Romam
3500 1877 3666 1931 rediit
3706 1875 3889 1946 Grego

2327 1966 2466 2031 rius,
2498 1983 2682 2023 rerum
2719 1971 3030 2039 potiebatur
3056 1971 3403 2027 Justinianus
3442 1969 3519 2036 II,
3566 1984 3692 2024 cum
3730 1977 3911 2022 tamen

2327 2060 2398 2114 ab
2430 2074 2577 2115 anno
2603 2060 2707 2116 698
2740 2063 2808 2117 ad
2853 2063 2957 2118 705
2988 2063 3323 2119 Absimarus
3349 2060 3606 2117 Tiberius
3638 2061 3913 2116 Constan-

2328 2152 2559 2223 tinopoli
2593 2155 2910 2224 imperaret.
2938 2156 3247 2210 Contumax
3276 2155 3460 2210 itidem
3479 2162 3564 2210 est
3586 2168 3767 2208 annus
3788 2150 3906 2217 706,

2326 2259 2394 2299 ex
2426 2260 2493 2300 eo
2520 2246 2668 2300 enim
2713 2248 2867 2303 fieret
2908 2248 2962 2302 in
2992 2247 3265 2319 judicium
3293 2256 3552 2303 vocatum
3583 2245 3904 2317 Gregorium

2328 2353 2474 2393 anno
2529 2338 2635 2393 705
2667 2340 2735 2395 ab
2782 2336 2997 2396 Joanne
3030 2338 3158 2406 VII,
3213 2340 3309 2410 qui
3359 2338 3611 2410 pontifex
3662 2338 3908 2393 audierat

2330 2447 2538 2503 paucos
2578 2441 2707 2489 ante
2738 2433 2880 2498 dies,
2933 2434 3038 2490 hoc
3088 2443 3173 2489 est
3222 2432 3340 2488 Kal.
3384 2432 3620 2495 Martiis,
3672 2448 3802 2487 cum
3843 2448 3906 2483 ex

2330 2522 2561 2579 Leontio
2594 2525 2895 2591 discamus,
2949 2526 3263 2595 pontificem
3297 2526 3470 2587 illum,
3519 2524 3614 2595 qui
3655 2525 3825 2594 judex
3857 2524 3909 2576 in

2329 2616 2566 2671 concilio
2593 2615 2833 2685 praefuit,
2869 2616 2924 2671 in
2960 2631 3071 2687 quo
3104 2617 3354 2688 Gregorii
3386 2631 3554 2672 causa
3587 2614 3911 2686 dijudicata,

2334 2722 2445 2764 non
2474 2709 2643 2762 alium
2676 2709 2745 2763 ab
2771 2724 2837 2763 eo
2866 2707 3060 2776 fuisse,
3092 2709 3185 2779 qui
3231 2710 3285 2764 in
3332 2709 3617 2764 custodias
3655 2706 3909 2775 conjecit.

2333 2800 2525 2856 Restat
2554 2799 2720 2867 igitur
2748 2816 2926 2856 annus
2954 2800 3079 2866 695,
3111 2802 3205 2871 qui
3251 2801 3416 2855 nullis
3460 2800 3755 2855 intricatns
3801 2814 3911 2850 am-

2334 2892 2584 2963 bagibus.
2620 2892 2704 2947 Ab
2732 2893 2799 2947 18
2825 2892 3143 2948 Decembris
3170 2893 3300 2948 anni
3332 2893 3435 2947 687
3464 2892 3530 2947 ad
3561 2892 3634 2946 29
3660 2888 3914 2945 Octobris

2333 2984 2460 3038 anni
2495 2983 2599 3038 700
2628 2984 2937 3038 Romanum
2966 2992 3213 3054 gesserat
3243 2983 3622 3054 pontiﬁcatum
3668 2980 3911 3050 Sergius,

2334 3075 2610 3146 simulque
2640 3075 2706 3130 ad
2736 3091 2981 3131 mensem
3013 3074 3217 3130 Julium
3254 3075 3383 3129 anni
3418 3075 3525 3131 695
3562 3074 3620 3127 in
3643 3072 3912 3127 Constan-

2335 3167 2727 3237 tinopolitanos
2765 3183 2855 3222 res
2898 3167 3213 3223 dominatus
3256 3165 3605 3222 Justinianus
3663 3164 3745 3227 Il,
3779 3163 3913 3217 unde

2336 3258 2597 3328 intelligis
2618 3298 2633 3323 ,
2685 3274 2852 3328 quam
2885 3259 3052 3315 nullis
3080 3259 3376 3329 impeditus
3406 3258 3478 3314 sit
3503 3257 3913 3312 difﬁcultatibus

2333 3351 2827 3421 Chronologismus
2861 3360 3069 3405 noster.
3120 3351 3276 3405 Patet
3328 3348 3474 3405 enim
3509 3356 3703 3403 exacta
3733 3347 3912 3401 omnia

2336 3439 2441 3494 sub
2468 3455 2583 3493 uno
2613 3440 2873 3509 pontiﬁce
2920 3438 3136 3511 Sergio,
3178 3453 3413 3509 vereque
3436 3436 3911 3505 Constantinopoli

2336 3530 2521 3585 adhuc
2563 3531 2866 3600 imperasse
2901 3529 3275 3585 Justinianum
3323 3529 3390 3594 Il,
3441 3544 3569 3585 cum
3614 3528 3742 3583 inde
3788 3526 3910 3581 Gre-

2338 3625 2524 3695 gorius
2565 3622 2811 3689 recessit,
2844 3623 3073 3678 Romam
3108 3625 3401 3692 petiturus.
3449 3619 3585 3674 Nam
3629 3619 3677 3674 si
3708 3633 3907 3688 regns.

2338 3732 2432 3772 sus
2467 3716 2695 3771 Romam
2727 3712 2789 3768 2i
2823 3713 2973 3779 Julii,
3021 3711 3488 3780 Constantinopoli
3522 3709 3801 3781 profectus
3834 3718 3905 3762 est

2340 3823 2525 3864 mense
2572 3808 2859 3862 minimum
2910 3806 3115 3871 Junio,
3167 3821 3293 3860 cum
3345 3816 3527 3859 tamen
3574 3801 3905 3857 Justinianus

2340 3901 2569 3971 imperio
2594 3900 2786 3971 pulsus
2821 3900 2889 3954 ab
2930 3898 3158 3953 Leontio
3198 3913 3385 3953 mense
3415 3895 3585 3965 Julio.
3630 3896 3709 3950 En
3756 3895 3905 3964 igitur

2340 4008 2440 4063 pro
2468 3993 2627 4047 nobis
2656 3992 2781 4047 unis
2817 4000 3051 4047 stantem
3081 3991 3453 4045 characterem
3482 3989 3639 4043 illum
3670 3986 3814 4042 feria:
3836 4000 3902 4039 vn

2339 4099 2466 4139 cum
2500 4085 2558 4138 ‘ll
2603 4082 2938 4155 Septembris
2968 4082 3383 4145 concurrentis,
3417 4080 3511 4149 qui
3536 4120 3552 4145 ,
3584 4080 3665 4133 uti
3693 4079 3906 4133 demou-

2340 4176 2660 4240 stravimus,
2695 4175 2749 4229 in
2780 4173 3078 4230 Justiniani
3112 4172 3129 4228 l
3159 4172 3320 4228 annis
3344 4170 3594 4227 Caietani
3636 4170 3905 4225 sententiae

2343 4282 2624 4337 nunquam
2661 4266 3015 4338 suffragatus.

2412 4354 2630 4410 XXXII.
2666 4355 2756 4420 At,
2793 4354 3044 4424 inquies,
3097 4352 3144 4408 si
3194 4368 3339 4407 anno
3376 4350 3483 4408 695
3528 4349 3902 4405 Constantino-

2344 4450 2453 4521 poli
2500 4448 2783 4521 digressus
2832 4446 3131 4517 Gregorius
3179 4443 3403 4499 dimidia
3439 4442 3723 4514 Agrigenti
3768 4450 3902 4512 parte

666 4541 856 4615 Romae
887 4540 1206 4595 carceribus
1265 4554 1441 4594 annos
1462 4537 1518 4603 2,
1542 4554 1760 4595 menses
1789 4539 1841 4593 5.
1862 4539 2042 4609 Atque
2061 4540 2240 4594 isthuc
2269 4530 2317 4589 ι)
2344 4544 2583 4598 donatus
2610 4539 2679 4595 ab
2711 4539 2842 4610 imp.
2875 4537 3189 4593 Justiniano
3222 4535 3293 4600 ll,
3327 4536 3472 4589 unde
3502 4544 3756 4603 sumptus
3790 4548 3900 4600 sup-

669 4640 786 4697 est,
837 4630 985 4703 quod
1020 4640 1207 4686 nostra
1242 4631 1297 4686 in
1329 4645 1496 4686 causa
1536 4640 1756 4687 maneat
1784 4646 2029 4697 necesse,
2067 4646 2243 4701 eoque

672 4721 895 4777 evidens
932 4720 1116 4787 confit,
1171 4720 1545 4776 characterem
1600 4721 1755 4775 illum
1821 4720 1973 4775 feriae
2030 4735 2125 4784 vn,
2188 4720 2241 4773 in

674 4827 841 4883 quam
882 4811 1073 4867 incidit
1115 4812 1175 4866 Η
1228 4810 1567 4882 Septembris
1615 4812 1754 4874 dies,
1784 4827 1902 4882 quo
1955 4810 2247 4882 Gregorius

675 4902 745 4957 ad
796 4900 1275 4972 Agrigentinorum
1315 4901 1623 4973 emporium
1662 4902 1925 4973 pervenit,
1967 4903 2022 4957 in
2074 4916 2245 4957 unum

676 5008 881 5055 annum
916 4991 1019 5048 695
1052 5006 1404 5056 concurrere,
1437 5008 1597 5063 quem
1649 4991 1855 5047 frustra
1910 4992 1964 5045 in
2000 4991 2248 5047 Caietani

675 5084 1133 5155 Cltronologismo
1165 5084 1614 5155 perquisivimus.

748 5174 940 5235 XXXI.
963 5176 1134 5231 Porro
1152 5176 1448 5245 Gregorius
1464 5176 1780 5231 carceribus
1795 5175 2045 5231 addictus
2065 5174 2253 5232 Romae

682 5268 885 5327 mansit
928 5268 1031 5322 sub
1069 5283 1199 5333 uno,
1234 5267 1381 5337 quod
1416 5276 1542 5322 ante
1573 5268 1833 5331 vidimus,
1870 5268 2127 5337 pontifice
2155 5284 2253 5323 an-

683 5378 786 5422 nos
817 5361 891 5426 2,
927 5376 1143 5415 menses
1195 5359 1248 5414 5.
1302 5359 1379 5413 Ex
1424 5358 1643 5413 concilii
1687 5359 1955 5414 sententia
1988 5359 2253 5415 innocens

679 5454 963 5529 judicatus
1012 5450 1277 5523 postridie
1339 5449 1662 5516 Paschatis,
1717 5448 2252 5520 Constantinopolim

685 5545 848 5618 paulo
877 5552 1003 5614 post
1032 5542 1416 5612 proficiscitur,
1454 5542 1544 5597 ubi
1572 5540 1782 5598 Pascha
1810 5542 2069 5606 celebrat,
2099 5542 2259 5597 inde-

685 5649 794 5706 que
827 5643 1084 5704 regnante
1114 5636 1296 5690 adhuc
1317 5631 1633 5689 Justiniano
1654 5632 1693 5687 Il
1718 5632 1948 5688 Romam
1984 5633 2119 5698 abit,
2146 5649 2258 5704 quo

688 5727 935 5807 pervenit
965 5728 1035 5780 20
1066 5724 1217 5790 Julii,
1261 5734 1426 5797 atque
1464 5726 1592 5780 hinc
1643 5726 1695 5780 in
1750 5725 1991 5781 Siciliam
2040 5727 2259 5782 solvens

689 5812 1169 5889 Agrigentinorum
1209 5815 1357 5871 subit
1410 5817 1713 5886 emporium
1762 5817 1816 5870 ll
1878 5816 2258 5892 Septembris,

2344 4640 2587 4705 peterent
2622 4645 2767 4686 novo
2812 4630 3050 4700 templo,
3107 4625 3463 4699 episcopique
3518 4622 3711 4678 domui
3747 4620 3899 4676 aditi-

2345 4727 2555 4789 candis,
2589 4739 2763 4794 ecqua
2797 4723 2886 4777 illa
2922 4722 3193 4794 Augusta,
3223 4736 3345 4791 qua:
3376 4717 3477 4772 viri
3500 4716 3755 4772 aemulata
3787 4715 3899 4768 litte-
3933 4772 3949 4785 τ

2347 4818 2640 4880 ralitatem,
2668 4824 2722 4870 et
2759 4832 2857 4872 sua
2890 4815 3099 4871 addidit
3126 4810 3392 4882 Gregorio
3426 4822 3679 4873 munera,
3716 4806 3899 4862 scilicet

2348 4905 2725 4977 amplissima?
2775 4904 2874 4960 ilic
2917 4913 3071 4959 certe
3118 4902 3320 4965 haereo,
3372 4913 3496 4953 cum
3542 4912 3631 4952 me
3666 4896 3897 4951 destituat

2350 4999 2603 5057 historia.
2632 4997 2967 5053 Memoratur
2988 4994 3210 5066 quidem
3242 5001 3356 5047 tum
3387 4990 3651 5060 temporis
3679 4988 3895 5058 Augusta

2352 5092 2660 5158 Anastasia,
2704 5090 2797 5146 sed
2845 5105 2967 5160 quae
2999 5098 3183 5142 tamen
3236 5081 3530 5139 Justiniani
3586 5088 3777 5146 mater,
3812 5091 3897 5129 non

2354 5200 2511 5240 uxor.
2552 5182 2877 5239 I’erhibetur
2912 5180 3075 5235 etiam
3114 5173 3417 5232 Justiniani
3448 5171 3656 5241 coniux
3682 5172 3898 5237 Augusta

2354 5276 2663 5342 Theodora,
2703 5272 2947 5345 Chagani
2974 5269 3258 5326 Chazaria:
3288 5281 3468 5329 soror,
3503 5264 3597 5319 sed
3630 5278 3751 5317 eam
3773 5261 3900 5314 duxit

2357 5381 2503 5423 anno
2523 5365 2648 5433 703,
2672 5380 2798 5421 cum
2834 5377 3003 5434 regno
3035 5360 3336 5421 exsularet,
3367 5356 3400 5411 6
3423 5369 3631 5410 annum
3662 5353 3899 5409 Constan-

2356 5456 2585 5528 tinopoli
2620 5462 2887 5540 regnante
2918 5452 3210 5508 Ahsimaro
3249 5447 3494 5510 Tiberio,
3535 5442 3898 5506 coronavitque

2360 5564 2469 5605 una
2498 5563 2624 5603 cum
2665 5536 2887 5600 ‘l‘iberio
2931 5542 2992 5597 F.
3025 5558 3171 5597 anno
3200 5540 3331 5602 705,
3360 5553 3472 5609 quo
3506 5536 3736 5606 imperio
3762 5543 3894 5587 resu-

2361 5649 2514 5696 tutus
2568 5637 2851 5709 (TheOpb.
2907 5635 2964 5690 in
3014 5630 3343 5709 Chronogr.)
3395 5630 3631 5699 sumptis
3685 5640 3799 5681 cum
3844 5625 3893 5674 de

2362 5706 2613 5792 Leontio,
2652 5706 2771 5783 tum
2801 5729 2869 5783 de
2906 5706 3197 5781 Absimaro
3232 5723 3514 5794 suppliciis
3540 5763 3552 5787 ,
3596 5735 3722 5775 sane
3756 5728 3890 5785 quam

2363 5820 2669 5877 horrendis.
2700 5816 2841 5884 Quid
2890 5816 3089 5887 igitur?
3133 5814 3379 5885 nunquid
3410 5815 3479 5881 ,in
3539 5809 3771 5869 eamdem
3820 5804 3888 5857 in-
