4098 6506
180 403 314 468 1211

176 517 352 591 gressi
388 528 548 571 nassa

180 587 340 669 facile
380 608 681 667 elabamue,
727 599 872 670 quod
902 597 1167 651 Caietano
1193 608 1304 648 non
1337 590 1588 659 contigit.
1618 587 1754 653 Quis

182 703 287 761 sibi
322 698 567 760 suadeat,
594 692 967 749 Iustinianum
998 688 1145 741 hunc
1177 684 1247 739 ab
1283 697 1428 737 anno
1461 680 1567 736 685
1588 721 1601 744 ,
1645 693 1757 748 quo

183 795 336 851 solus
373 802 604 859 regnare
643 783 811 852 coepit
852 780 1122 836 exstincto
1168 783 1323 846 patre
1366 770 1758 836 Constantino,

186 893 240 939 et
267 882 485 952 quidem
528 883 659 931 natu
689 872 804 943 jam
845 869 1131 941 grandem,
1179 866 1245 921 ad
1276 863 1401 927 695,
1452 877 1562 931 quo
1609 860 1760 930 regio

188 984 389 1031 exutus
435 971 663 1040 imperio
717 981 747 1020 a
793 963 1043 1026 Leontio,
1089 958 1300 1015 nullum
1333 956 1525 1011 iniisse
1573 953 1764 1022 conju-

192 1067 361 1137 gium,
414 1067 762 1130 exspectasse
824 1054 1043 1110 tandem
1089 1050 1386 1113 exsilium,
1440 1062 1551 1118 quo
1611 1043 1764 1099 taedis

192 1136 574 1226 copularetur?
622 1148 727 1204 Sed
771 1148 916 1202 enim
953 1159 1077 1200 eum
1128 1141 1472 1197 Iustinianus
1519 1137 1540 1192 I
1584 1136 1767 1191 Theo-

192 1250 328 1303 dora
369 1248 642 1305 viduatus,
677 1256 879 1296 annum
916 1236 1111 1307 agebat
1145 1234 1250 1298 66,
1290 1233 1429 1287 vixit
1471 1232 1616 1287 enim
1667 1244 1767 1283 an-

196 1353 298 1393 nos
329 1337 419 1396 82.
461 1333 708 1407 regnavit
738 1332 827 1395 38,
863 1342 1080 1384 menses
1106 1328 1161 1392 7,
1187 1327 1304 1381 dies
1327 1324 1415 1389 IO,
1447 1331 1637 1393 erepta
1662 1318 1765 1375 sibi

198 1429 313 1486 lato
347 1426 633 1483 Theodora
690 1438 836 1479 anno
876 1421 1025 1493 regni
1056 1420 1143 1476 sui
1175 1418 1267 1483 2‘2,
1300 1427 1360 1472 ut
1400 1431 1462 1471 ea
1513 1416 1568 1470 in
1610 1421 1768 1469 atate

198 1536 330 1576 vero
360 1520 586 1591 prepius
615 1532 723 1571 non
755 1515 847 1579 sit,
884 1514 1100 1583 nuptias
1127 1525 1442 1567 renovasse.
1495 1507 1676 1574 Quare
1709 1514 1769 1560 ut

200 1612 588 1668 historicorum
645 1607 924 1664 silentium
976 1605 1043 1659 de
1080 1616 1222 1657 nova
1272 1608 1393 1671 post
1420 1598 1765 1654 Theodoram

199 1703 444 1771 Augusta
476 1697 773 1755 Iustiniani
811 1696 829 1750 I
871 1696 1011 1749 favet
1042 1692 1315 1757 viduitati,
1370 1691 1427 1745 in
1464 1704 1594 1760 qua,
1641 1688 1768 1743 sub-

200 1796 310 1849 lata
356 1793 458 1847 sibi
486 1789 813 1869 ’Theodora,
858 1786 925 1842 ad
976 1792 1205 1840 mortem
1255 1797 1431 1852 usque
1480 1781 1766 1840 manserit,

1519 377 2043 445 DISSERTATIO.

553 527 629 578 m,
669 516 829 580 atque
858 503 1197 561 Caietanus?
1248 499 1353 556 Sed
1386 498 1530 563 vide,
1585 511 1750 567 quam
1784 497 1829 554 Α
1856 505 2006 545 nexa:
2037 499 2215 561 itaque
2250 488 2479 556 Siciliae,
2517 486 2803 546 Calabria.
2845 494 3142 557 sanctaque
3168 483 3430 540 Severian:

3288 367 3427 433 1218

1856 582 2003 635 sedes
2032 582 2218 636 throno
2242 580 2837 648 Constantinopolitano
2872 597 2906 634 a
2946 578 3179 634 Romano
3209 578 3430 644 avulsw,

1856 690 1973 728 cum
1993 674 2224 729 Barbari
2237 674 2553 744 deprehenso
2571 688 2711 742 papa
2732 672 2956 727 Romam
2972 670 3202 740 spolium
3230 670 3432 740 factam

1856 766 1914 818 in
1960 766 2203 835 proprios
2254 781 2382 821 usus
2436 772 2846 830 converterunt,
2892 762 3335 832 quemadmodum
3382 768 3433 815 et

1860 855 2020 914 Creta
2057 856 2153 911 sub
2186 855 2428 911 Romano
2462 873 2582 911 cum
2628 864 2801 918 esset,
2856 852 3436 921 Constantinopolitani

1861 947 2011 1016 facta
2048 958 2150 1003 est.
2189 946 2553 1000 Nihilominus
2585 946 2826 1014 pontifex
2855 943 2980 997 viles
3013 943 3275 1013 quasdant
3306 959 3436 1012 par-

1862 1048 1938 1094 tes
1959 1078 1974 1102 ,
2007 1048 2058 1094 et
2096 1039 2435 1108 episcopatus
2467 1036 2748 1088 nonnullos
2779 1037 2833 1088 in
2866 1034 3077 1098 Sicilia,
3108 1044 3157 1088 et
3184 1033 3438 1087 Calabria

1865 1132 2054 1186 ltabere
2082 1130 2523 1200 deprehenditur;
2558 1128 2869 1197 ntetropoles
2899 1129 3061 1191 enim,
3104 1136 3155 1180 et
3200 1126 3353 1180 urbes
3382 1126 3440 1179 in

1864 1223 2047 1279 eadem
2072 1224 2393 1278 illustriores
2420 1241 2481 1279 ac
2528 1225 2794 1294 digniores
2813 1220 3438 1288 ConstantinOpolitanus

1865 1316 2165 1386 possidebat
2191 1332 2352 1385 usque
2375 1318 2443 1369 ad
2466 1314 2803 1371 Francorum
2829 1312 3133 1366 adventum.
3171 1310 3261 1366 Sic
3280 1312 3442 1365 etiam

1865 1412 1923 1463 in
1952 1409 2321 1480 Longobardia
2352 1411 2495 1477 (hoc
2531 1417 2634 1475 est,
2671 1404 3113 1477 transtyherina)
3144 1413 3193 1459 et
3226 1403 3442 1470 Apulia,

1866 1512 1917 1557 et
1962 1505 2018 1557 in
2048 1503 2289 1558 omnibus
2335 1503 2403 1557 iis
2466 1501 2765 1572 regionibus
2816 1500 3079 1553 maximas
3130 1497 3446 1565 metropoles

1869 1607 1993 1652 ante
2038 1596 2340 1666 possidebat
2378 1594 3027 1663 Constantinopolitanus,
3078 1591 3306 1660 reliquas
3335 1584 3443 1643 Ro-

1870 1706 2080 1754 manus,
2122 1699 2180 1742 ut
2237 1689 2469 1758 regiones
2521 1687 2632 1741 illa:
2664 1702 2757 1755 per
2784 1695 2961 1754 partes
3010 1684 3446 1753 possiderentur;

1874 1799 2098 1853 namque
2117 1782 2354 1836 melodus
2377 1797 2439 1834 ac
2465 1789 2619 1850 poeta
2634 1782 2881 1833 dominus
2898 1776 3114 1831 Marcus
3133 1793 3164 1829 a
3182 1774 3450 1829 Constan-

200 1886 276 1940 ita
312 1856 521 1938 nullum
550 1882 714 1937 nobis
749 1879 970 1935 facessit
1003 1877 1300 1948 negotium,
1345 1874 1641 1944 quominus
1672 1888 1772 1942 pu-
1804 1852 1845 1907 Β
1877 1852 2234 1944 tinopolitano
2263 1874 2460 1927 missus
2502 1873 2671 1941 fuisse
2709 1870 3056 1940 comperitur.
3103 1866 3237 1922 Cum
3269 1874 3451 1920 autem

200 1986 402 2041 temus,
455 1989 562 2028 non
613 1974 853 2037 unicam,
907 1985 1017 2026 non
1077 1968 1313 2039 primam
1364 1965 1679 2021 Iustiniano
1726 1962 1773 2018 Il

202 2077 429 2136 nuptam
458 2065 825 2128 Theodoram,
880 2076 1058 2132 neque
1111 2061 1258 2116 hunc
1310 2060 1560 2115 etelibem
1608 2057 1773 2112 vitam

201 2158 429 2211 duxisse
458 2157 522 2210 ad
551 2169 753 2207 annum
795 2167 969 2223 usque
1012 2151 1140 2216 703,
1174 2164 1287 2219 quo
1315 2149 1488 2204 atatis
1520 2163 1777 2203 numera-

204 2248 302 2302 bat
328 2248 417 2311 54,
452 2248 674 2316 quippe,
710 2260 835 2300 eum
863 2243 1016 2298 solus
1048 2256 1279 2313 regnare
1309 2242 1492 2310 cmpit,
1523 2239 1589 2295 I6
1613 2247 1775 2292 natus

205 2351 382 2390 annos
406 2344 541 2388 erat.
575 2334 853 2405 (Theoph.
894 2332 1052 2403 ibid.)
1550 2382 1555 2387 .

278 2412 519 2481 XXXIII.
544 2426 684 2493 Quid
708 2440 853 2479 nunc
867 2425 1087 2478 tandem
1109 2422 1177 2478 de
1196 2421 1480 2477 Corinthio
1498 2422 1777 2490 episcotio,

209 2520 306 2588 qui
336 2516 921 2586 Coustantinopolitani
953 2515 1277 2585 patriarchae
1300 2554 1317 2579 ,
1353 2514 1460 2567 hoc
1499 2521 1585 2566 est
1608 2513 1780 2567 Calli-

213 2610 323 2663 nici
350 2609 559 2679 legatus
584 2605 771 2662 Romae
794 2603 959 2675 judex
985 2604 1193 2660 assedit
1221 2605 1277 2659 in
1302 2602 1550 2671 Gregorii
1575 2600 1782 2657 causa?

207 2698 410 2756 Notum
456 2700 621 2765 illud,
666 2697 928 2753 Romana:
971 2695 1321 2767 patriarchiae
1344 2704 1456 2750 tres
1506 2694 1771 2764 singulari

203 2796 332 2864 jure
373 2793 621 2863 paruisse
667 2790 939 2845 exarchos
984 2789 1038 2843 in
1084 2786 1340 2852 Oriente,
1398 2785 1778 2849 Corinthium,

206 2883 782 2945 Thessalonicensem,
802 2878 964 2950 315
987 2887 1150 2949 atque
1164 2875 1531 2934 Iustinianum
1558 2876 1599 2945 ι,
1623 2876 1783 2946 cujus

210 2977 436 3048 quidem
460 2973 717 3029 exarchia
745 2988 812 3027 ex
838 2980 989 3041 parte
1013 2967 1526 3024 Thessalonicensis
1552 2968 1780 3033 coaluit,

215 3071 380 3139 idque
412 3083 479 3123 ex
508 3064 801 3121 Iustiniani
832 3062 873 3127 Ι,
914 3062 1061 3133 quod
1104 3070 1233 3117 ante
1275 3061 1638 3127 ostendimus,
1690 3077 1788 3115 au-

1875 1967 2136 2021 unirerste
2175 1963 2562 2035 Longobardice
2597 1964 2845 2027 ducatus,
2900 1976 3021 2030 qute
3073 1969 3219 2013 vetus
3264 1956 3451 2012 Hellos

1873 2068 2013 2126 erat,
2044 2057 2139 2112 sub
2168 2058 2487 2123 imperatore
2520 2064 2637 2109 erat
2668 2052 3284 2121 Constantinopolitano,
3312 2064 3454 2119 papa

1876 2167 1995 2206 vero
2025 2159 2307 2217 separatus
2336 2148 2432 2203 sub
2467 2148 2593 2201 aliis
2640 2145 2882 2213 gentibus
2921 2144 3146 2207 vivebat,
3176 2153 3456 2211 propterea

1877 2241 2195 2313 patriarcha
2232 2239 2504 2294 Ecclesias
2564 2237 2871 2299 obtinebat;
2919 2251 3043 2289 nam
3091 2234 3457 2288 Brundusium

1877 2344 1928 2390 et
1958 2333 2248 2389 Tarentum
2281 2348 2315 2385 a
2347 2328 2944 2397 Constantinopolitano
2977 2326 3279 2381 sacerdotes
3310 2326 3455 2379 acci-

1877 2428 2116 2490 piebant,
2146 2424 2304 2495 idque
2330 2423 2537 2477 nullum
2570 2422 2718 2475 latet.
2756 2420 2891 2475 Cum
2919 2434 3038 2474 vero
3073 2417 3277 2472 Franci
3316 2419 3456 2471 hunc

1879 2520 2135 2573 ducatum
2190 2524 2537 2584 occuparunt,
2592 2523 2718 2567 tunc
2774 2511 3041 2568 Romanus
3101 2511 3159 2565 in
3216 2509 3456 2565 omnibus

1880 2609 2025 2663 hisce
2051 2606 2290 2662 ecclesiis
2313 2605 2680 2660 ordinationes
2704 2606 2906 2668 tenuit;
2935 2605 2990 2658 in
3020 2604 3086 2658 iis
3115 2604 3256 2657 enim
3288 2603 3459 2672 regio-

1883 2698 2057 2760 nibus,
2114 2712 2247 2765 quas
2294 2694 2921 2763 Constantinopolitanus
2973 2696 3268 2762 imperator
3322 2692 3459 2747 obti-

1881 2791 2058 2853 nebat,
2092 2788 2171 2841 uel
2204 2796 2387 2853 postea
2427 2804 2459 2840 a
2508 2786 2751 2842 barbaris
2782 2786 3026 2858 gentibus
3078 2786 3456 2856 recuperabat,

1876 2880 2000 2949 jure
2038 2880 2353 2949 patriarcha
2413 2875 3037 2948 Constantinopolitanus
3093 2878 3457 2931 ordinationes

1885 2969 2135 3029 habebat,
2170 2984 2289 3022 cum
2323 2967 2488 3022 Roma
2527 2968 2700 3023 modis
2744 2969 2986 3023 omnibus
3015 2984 3048 3023 ο
3085 2967 3461 3023 Constantina-

1887 3063 2001 3130 poli
2038 3063 2275 3116 alienata
2327 3061 2454 3116 aliis
2511 3077 2623 3115 sese
2679 3060 3031 3115 submisisset.
3085 3059 3292 3130 Papam
3342 3074 3461 3114 vero

214 3163 488 3253 ctoritate.
696 3155 930 3253 Romani
981 3153 1224 3224 episcopi
1286 3154 1341 3253 in
1394 3151 1719 3253 Iustiniana:
1764 3151 1858 3253 Ic
1888 3166 2069 3227 partes
2123 3153 2336 3222 aliquas
2382 3162 2540 3206 antea
2588 3153 2644 3206 in
2692 3152 2884 3207 Sicilia
2930 3151 3242 3218 obtinuisse,
3284 3151 3462 3205 matti-

214 3251 532 3306 exarchiam
575 3248 700 3319 jura
747 3246 990 3311 desiere,
1044 3243 1402 3313 pessumdata
1455 3258 1485 3297 a
1534 3242 1787 3321 Bulgaris
1818 3242 1858 3253 “
1891 3247 2085 3318 festum
2136 3247 2196 3315 ﬁt
2225 3263 2291 3301 ea:
2350 3244 2472 3298 Vita
2511 3245 2684 3299 sancti
2718 3243 2961 3313 Gregorii
3009 3243 3463 3313 Agrigentinorum

215 3342 484 3408 Ecclesia,
519 3340 613 3411 qui
646 3354 740 3395 eas
770 3345 1114 3400 occuparunt
1150 3335 1404 3406 regiones
1442 3353 1456 3390 :
1495 3350 1625 3390 cum
1658 3350 1788 3389 vero

216 3450 365 3491 attito
397 3433 494 3488 86I
538 3432 730 3502 religio
779 3430 834 3484 in
886 3428 1144 3499 Bulgaria
1199 3427 1457 3482 restituta
1506 3425 1790 3501 Michaelis

217 3533 365 3602 regis
398 3544 587 3600 opera,
632 3527 965 3582 reclamante
1010 3523 1217 3579 frustra
1272 3522 1522 3577 Romano
1554 3521 1792 3591 patriar-

216 3625 345 3689 cha,
381 3622 600 3677 subdita
644 3619 1001 3690 Bulgarornm
1035 3614 1279 3671 Ecclesia
1324 3613 1790 3682 ConstantinOpo-

218 3715 393 3770 Iitano
425 3712 877 3782 archiepiscopo,
926 3724 1099 3780 eaque
1130 3708 1198 3763 de
1236 3724 1295 3763 re
1333 3708 1617 3763 decretum
1654 3706 1790 3761 scri-

218 3816 371 3877 ptum
408 3821 550 3860 anno
594 3803 701 3860 859
753 3805 809 3859 in
843 3803 1055 3873 synodo
1085 3816 1180 3856 vm
1213 3800 1550 3856 tecumeniea
1574 3838 1590 3865 ,
1642 3799 1791 3853 Con-

219 3899 708 3967 stantinOpulitana
748 3911 867 3958 vn,
936 3894 1320 3950 obnitentibus
1371 3891 1497 3947 licet
1556 3890 1791 3946 Romani

216 3991 501 4062 pontiﬁcis
532 3990 746 4059 legatis.
775 3987 1016 4041 Tandem
1049 4001 1179 4040 vero
1208 3985 1313 4039 sub
1351 3982 1555 4038 Basilio
1584 3984 1626 4038 Il
1661 3983 1795 4037 Por-

218 4083 653 4151 phyrogenneta,
676 4078 957 4142 Achridis,
984 4076 1101 4131 sive
1121 4073 1447 4130 Iustiniante
1473 4072 1494 4125 I
1519 4074 1792 4127 exarehus

218 4172 595 4241 αὑτοκέφαλος
619 4170 811 4234 audiit,
839 4171 911 4223 ita
944 4178 1001 4222 ut
1029 4166 1164 4223 nulli
1198 4174 1414 4236 pareret
1444 4164 1791 4234 patriarchae,

126 4267 142 4281 ⁸
219 4268 299 4321 uti
332 4266 606 4320 discimus
628 4280 696 4318 ex
718 4262 825 4317 Nili
855 4260 1175 4331 Doxopalrii
1212 4259 1409 4313 notitia
1443 4256 1792 4328 patriarcha-

222 4373 403 4424 tuum,
434 4372 597 4426 quam
638 4357 813 4412 edidit
846 4353 1168 4424 Stephanus
1203 4350 1453 4422 Moynius
1486 4349 1540 4402 in
1585 4349 1794 4417 sylloge

223 4456 507 4510 variorum
533 4451 951 4523 opusculorum.
986 4429 1562 4501 Thessalonicensem.
1595 4450 1649 4496 et
1680 4442 1793 4495 Co-

1890 3339 2064 3401 urbis,
2104 3353 2220 3407 qua!
2261 3353 2400 3390 nunc
2454 3334 2792 3404 Gregentium
2845 3334 3061 3397 dicitur,
3104 3334 3333 3403 episcopi
3363 3350 3381 3385 :
3410 3333 3463 3387 in

1890 3445 1950 3483 ea
1980 3427 2239 3494 siquidem
2268 3427 2525 3494 scriptum
2551 3436 2629 3479 est
2662 3441 2856 3495 papam
2884 3434 3124 3478 sanctum
3153 3423 3465 3495 Gregorium

1892 3520 2358 3590 Agrigentinorum
2395 3520 2696 3587 episcopum
2750 3514 3065 3577 ordinasse;
3111 3514 3202 3568 sed
3230 3530 3292 3569 eo
3337 3523 3466 3567 tem-

1890 3624 2016 3679 pore
2062 3608 2234 3663 Roma
2282 3609 2516 3663 nonduin
2557 3606 2765 3675 penitus
2814 3614 3063 3673 separata
3099 3616 3213 3659 erat
3249 3620 3284 3658 οι
3327 3604 3465 3658 Con-

1892 3702 2265 3772 stantinopoli.
2299 3700 2531 3756 Tenebat
2568 3700 2748 3769 itaque
2798 3699 2993 3752 multos
3039 3698 3105 3751 ab
3143 3698 3265 3751 hinc
3299 3714 3467 3751 annos

1894 3794 2522 3863 Constantinopolitanae
2563 3807 2628 3846 ea:
2655 3799 2805 3853 parte
2834 3799 2885 3844 et
2924 3789 3193 3855 Siciliam,
3222 3800 3271 3842 et
3300 3788 3467 3844 Cala-

1894 3887 2091 3953 briam,
2121 3894 2170 3941 et
2204 3901 2342 3954 papa
2370 3882 2603 3953 paucula
2635 3880 2905 3951 quadam,
2934 3878 3384 3948 quemadmodum
3416 3887 3467 3931 et

1894 3978 1952 4031 in
1985 3974 2381 4045 Longobardia,
2424 3986 2589 4041 usque
2617 3970 2685 4023 ad
2719 3970 3144 4037 separationem;
3175 3979 3299 4021 tunc
3329 3972 3468 4021 enim

1893 4077 2171 4137 separatus
2217 4073 2307 4118 est
2352 4063 2416 4116 ab
2470 4062 2551 4117 his
2616 4060 2915 4129 regionibus
2972 4075 3116 4128 papa
3168 4074 3335 4127 usque
3395 4057 3466 4110 ad

1896 4156 2229 4212 Francorum
2296 4155 2597 4208 adventum.
2661 4150 2816 4205 Haud
2871 4165 2992 4203 sum
3045 4159 3306 4217 gravatus
3358 4158 3466 4202 tam

1896 4250 2067 4303 multa
2118 4248 2338 4310 alferre,
2380 4244 2513 4315 quia
2561 4259 2669 4299 non
2704 4257 2874 4313 pauca
2906 4244 2961 4296 in
3008 4243 3079 4298 iis
3119 4242 3468 4296 animadver-

1896 4341 2052 4396 sione
2090 4338 2443 4409 dignissima.

1969 4429 2209 4485 XXXIV.
2247 4426 2525 4495 Principio
2560 4423 2681 4479 falsi
2714 4431 3048 4493 arguuntur,
3086 4421 3181 4492 qui
3208 4421 3470 4477 Romanas

218 4548 487 4601 rimhiam
523 4513 861 4604 εξετειιίθηι,
902 4536 1363 4610 quemadmodum
1413 4544 1467 4589 ei
1518 4534 1789 4594 Siciliam,
1822 4552 1869 4607 υ
1896 4521 2247 4593 patriarchiaa
2289 4517 2708 4573 distractionem
2754 4514 2824 4569 ab
2867 4513 3070 4569 Leonis
3113 4514 3287 4569 Isauri
3332 4523 3469 4567 tem-

219 4648 275 4696 et
308 4636 649 4698 Calabriam,
683 4648 714 4688 e
744 4633 992 4688 Romana
1015 4628 1351 4700 patriarchia
1382 4627 1605 4681 avulsas
1630 4627 1794 4695 vulgo

218 4729 417 4785 volunt
465 4728 533 4780 ab
566 4724 749 4780 Leone
779 4724 920 4792 Aug.
963 4721 1229 4786 Isaurico,
1263 4734 1374 4789 quo
1423 4718 1680 4787 injuriam
1714 4717 1796 4770 ul-

220 4821 529 4877 cisceretur
551 4832 580 4871 a
608 4814 872 4884 Gregorio
903 4812 945 4866 II
978 4812 1226 4866 Romano
1250 4809 1510 4878 episc0po
1537 4807 1641 4861 sibi
1676 4806 1796 4860 illa-

218 4923 358 4977 tam,
384 4910 545 4979 cujus
579 4923 745 4978 opera
772 4904 985 4960 Italiam
1015 4904 1085 4958 ab
1121 4918 1185 4958 eo
1207 4902 1476 4956 defecisse
1506 4900 1794 4953 traditum.

220 5004 329 5059 Sed
367 5004 528 5070 longe
557 5007 685 5053 ante
722 4998 837 5053 huic
871 5009 1115 5064 tempora
1153 4994 1412 5047 laudatus
1453 4991 1617 5045 modo
1644 4988 1799 5044 Nilus

220 5095 431 5151 factum
475 5091 659 5145 isthuc
694 5089 912 5153 scribit,
948 5088 1015 5140 de
1048 5082 1660 5151 Constantinopolitano
1701 5096 1799 5150 pu-

219 5186 470 5241 triarcha
501 5184 801 5244 disserens,
821 5179 978 5249 cujus
1016 5179 1130 5231 haec
1164 5177 1336 5229 recito
1373 5172 1529 5228 Latio
1560 5174 1794 5227 donata:

217 5279 428 5332 Rursus
464 5291 528 5329 ea:
576 5271 905 5331 Occidentuli
939 5269 1149 5323 dioecesi
1182 5268 1287 5321 duo
1346 5266 1561 5320 exarchi
1606 5263 1801 5317 simili-

221 5386 320 5437 ter,
351 5371 571 5441 reliquis
598 5363 1022 5435 metr0politanis
1049 5358 1321 5428 subjectis,
1344 5357 1510 5411 multo
1532 5366 1797 5426 prestan-

221 5468 382 5520 tiores
436 5479 490 5517 se
543 5459 904 5529 subjecerunt,
966 5449 1449 5507 Thessalonicensis
1500 5463 1701 5516 nempe,
1749 5455 1798 5499 et

221 5556 561 5617 Corinthius,
598 5569 728 5622 quos
767 5547 933 5603 secuti
972 5554 1094 5599 sunt
1124 5542 1475 5612 metropolita:
1509 5540 1721 5605 reliqui,
1751 5547 1799 5592 et

222 5648 630 5715 archiepiscopi,
660 5644 750 5714 qui
773 5640 868 5696 sub
894 5638 1002 5692 illis
1025 5646 1271 5690 erant....
1305 5632 1499 5688 Sicilia
1522 5641 1798 5700 praeterea,

221 5752 270 5792 et
306 5736 565 5794 Calabria
596 5750 649 5788 se
677 5728 1268 5793 Constantinopolitano
1309 5733 1719 5793 supposuerunt,
1752 5733 1800 5775 et

226 5842 416 5886 sancta
449 5828 734 5891 Seuerino,
770 5840 886 5894 qua!
928 5834 973 5878 et
1021 5818 1297 5888 Nicopolis
1327 5818 1639 5870 dicitur.....
1686 5814 1799 5868 An-

1899 4616 2126 4686 porihus
2176 4619 2475 4681 repetunt,
2517 4624 2644 4663 cum
2699 4607 2874 4661 multo
2936 4618 3229 4676 antequam
3293 4606 3470 4662 Roma

1900 4707 2122 4778 penitus
2176 4720 2206 4758 a
2257 4698 2873 4770 ConstantinOpnIitano
2935 4699 3270 4768 imperatore
3315 4699 3471 4753 defe-

1898 4800 2087 4865 cisset,
2127 4796 2241 4865 jam
2315 4794 2449 4848 illud
2513 4792 2834 4847 usuvenisse
2889 4790 3083 4847 doceat
3131 4792 3319 4851 Nilus:
3372 4807 3467 4846 ne~

1898 4906 2004 4963 que
2040 4899 2220 4945 tamen
2261 4888 2354 4942 illa
2409 4884 2691 4949 defecerit,
2749 4884 2853 4940 nisi
2901 4884 3002 4939 sub
3052 4882 3230 4937 Leone
3282 4885 3471 4938 Isauro

1900 4998 2045 5038 anno
2076 4980 2199 5046 726,
2234 4995 2344 5049 quo
2374 4978 2595 5039 ducem,
2643 4976 2733 5031 cui
2777 4990 2960 5029 rerum
2995 4990 3209 5029 summa
3243 4975 3470 5040 credita,

1901 5077 2005 5131 sibi
2061 5082 2290 5130 senatus
2335 5071 2683 5140 populusque
2732 5068 2917 5136 elegit,
2966 5080 3298 5135 quamquam
3348 5076 3475 5134 post

1902 5170 1954 5222 in
1989 5167 2227 5221 ollicium
2265 5166 2465 5218 iterum
2518 5162 2761 5224 redacta,
2813 5160 2989 5212 donec
3024 5172 3168 5211 anno
3199 5156 3301 5210 774
3330 5159 3475 5211 Con-

1900 5261 2144 5315 stantino
2173 5256 2524 5325 Copronymo
2554 5253 2696 5319 Aug.
2738 5250 2947 5319 regium
2984 5249 3275 5318 imperium
3309 5263 3473 5317 pror-

1901 5366 1997 5407 sus
2025 5348 2353 5409 excusserit,
2392 5347 2445 5399 in
2478 5342 2756 5413 pontiﬁcis
2796 5341 2881 5396 sui
2924 5341 3053 5410 jura
3090 5354 3215 5395 sese
3266 5339 3473 5393 dedens

1906 5440 2003 5511 (V.
2035 5441 2164 5510 Pag.
2208 5438 2276 5492 ad
2313 5454 2403 5490 an.
2442 5436 2545 5491 796
2587 5443 2643 5489 et
2685 5433 2864 5505 799);
2913 5432 3044 5502 quin
3093 5440 3282 5503 aperte
3319 5430 3474 5485 Nilus

1904 5542 2160 5598 testatur,
2197 5529 2499 5585 accessisse
2534 5526 2803 5590 Siciliam,
2854 5524 3166 5580 Calabriam
3190 5566 3205 5589 ,
3253 5523 3473 5579 Cretam

1903 5621 2514 5690 Constantinopolitano
2553 5618 2902 5693 patriarcha,
2951 5631 3076 5673 cum
3114 5616 3347 5670 Barbari
3386 5618 3477 5671 de-

1880 5708 2155 5787 prehenso
2186 5730 2323 5783 papa
2365 5713 2582 5765 Romam
2630 5709 2873 5787 spolium
2906 5709 3104 5777 factam
3135 5709 3190 5761 in
3234 5710 3475 5779 proprios

1904 5826 2031 5865 usus
2098 5814 2491 5869 converterunt;
2562 5790 2861 5872 itidemque
2906 5802 3101 5860 scribit
3150 5800 3203 5855 in
3261 5800 3477 5866 Longo-
