4098 6488
672 357 810 426 1219

1587 361 1685 422 DE
1716 362 1978 422 [ETATE
2012 361 2073 421 S.
2100 360 2479 420 GREGORII
2517 359 3030 421 AGRIGENTINI

3813 359 3936 423 1230

672 474 861 529 bardia
909 472 1323 540 transtiberina,
1376 473 1686 544 Apuliaque
1728 476 2006 547 principes
2058 475 2246 530 Eecle-
2276 487 2315 538 Α
2349 476 2592 530 rinthius
2624 476 2939 545 episcopus.
2983 472 3152 539 Quid,
3188 472 3334 541 quod
3378 471 3752 527 secessionem
3796 472 3935 526 illam

673 565 785 619 sias
831 564 1452 634 Constantinopolitano
1492 566 1755 636 episcopo
1786 568 2104 627 adhasisse.
2142 566 2251 621 Ro-

669 668 835 708 mano
888 652 1153 708 Barbaris
1200 655 1441 709 maxime
1493 657 1762 723 obnoxio,
1817 657 2043 727 hacque
2090 660 2144 711 in
2185 672 2251 713 ea

670 747 1015 801 conveniunt
1044 755 1318 817 tempora,
1351 763 1477 817 qua
1518 749 1755 804 Leonem
1805 749 2058 806 Isaurum
2108 766 2252 818 pra-

669 838 962 901 cesserint,
994 854 1121 894 cum
1175 840 1392 895 scilicet
1424 839 1773 911 Longobardi
1815 857 1973 911 reges
2012 842 2249 906 Italiam,

670 940 837 1001 atque
885 931 1062 1001 ipsam
1097 931 1234 986 adeo
1283 932 1511 986 Romam
1559 934 1826 988 arumnis
1872 934 2249 989 cumularunt.

668 1022 832 1076 Certe
863 1037 1011 1077 anno
1046 1022 1173 1089 658,
1225 1038 1350 1078 cum
1397 1022 1606 1077 Paulus
1652 1024 1997 1094 metropolita
2052 1023 2250 1090 Creta,

671 1128 795 1182 qua
856 1112 1369 1168 Thessalonicensis
1427 1115 1701 1169 exarchia
1757 1116 1977 1185 portio,
2040 1116 2253 1171 irritam

673 1201 932 1255 habuerit
982 1200 1214 1257 Joannis
1247 1202 1550 1271 Loppensis
1595 1218 1693 1258 sua
1740 1203 1794 1257 in
1827 1205 2103 1274 provincia
2139 1208 2255 1275 epi-

670 1294 824 1362 scopi
862 1296 1311 1363 provocationem
1361 1296 1428 1350 ad
1472 1294 1808 1350 Vitalianum
1852 1312 2071 1367 papam,
2121 1301 2252 1368 quid

671 1383 777 1437 hoc
805 1394 909 1449 est,
942 1386 1049 1440 nisi
1085 1386 1138 1439 in
1176 1384 1458 1441 Vitaliano
1487 1386 1817 1456 patriarcha
1846 1380 1933 1442 sui
1959 1402 2253 1458 personam

672 1475 816 1531 haud
848 1477 1173 1547 agnovisse?
1210 1478 1433 1533 Adeone
1464 1494 1650 1532 rerum
1676 1478 2013 1549 imperitum,
2041 1482 2128 1536 vel
2168 1481 2256 1534 in-

672 1581 867 1621 sanum
911 1569 1069 1624 nobis
1109 1568 1262 1622 illum
1300 1569 1574 1638 tingamus
1603 1608 1618 1632 ,
1669 1585 1830 1640 quem
1886 1571 1971 1626 vel
2022 1570 2250 1641 fugerit,

669 1658 815 1725 quod
848 1668 904 1713 et
937 1658 1227 1722 Casareis,
1254 1668 1308 1714 et
1335 1660 1728 1717 ecclesiasticis
1761 1672 1978 1717 cautum
2019 1662 2252 1733 legibus,

669 1750 837 1806 licere
863 1751 1123 1821 episcopo
1151 1767 1183 1806 a
1218 1755 1577 1823 metropolita
1598 1754 1804 1822 judicio
1830 1756 1895 1809 ad
1926 1756 2253 1825 patriarchi-

668 1857 794 1896 cum
820 1843 1055 1896 tribunal
1079 1844 1371 1913 appellare,
1397 1845 1504 1911 vel,
1530 1860 1654 1899 cum
1682 1845 1810 1899 illud
1844 1850 2011 1916 probe
2042 1857 2245 1912 nosset,
2286 1827 2326 1881 Β

668 1933 1011 2003 prohibuerit
1043 1944 1224 1989 tamen
1267 1935 1568 2005 legitimum
1612 1937 1945 2007 judiciorum
1983 1938 2249 1993 cursum?

670 2025 726 2078 Si
768 2025 884 2081 hac
910 2042 1016 2080 non
1045 2026 1260 2091 demus,
1295 2028 1672 2084 allirmandum
1706 2030 1952 2094 tandem,
1979 2029 2247 2087 Joannem

668 2113 1008 2185 Loppensem
1037 2117 1351 2187 episcopum
1385 2133 1493 2173 non
1526 2119 1649 2173 ideo
1686 2120 1753 2175 ad
1787 2119 2117 2175 Vitalianum
2149 2136 2249 2191 ap-

667 2204 920 2272 pellasse,
946 2206 1091 2274 quod
1127 2206 1178 2259 in
1207 2221 1273 2262 eo
1301 2209 1383 2261 sui
1416 2209 1806 2277 patriarcham,
1830 2212 1922 2266 sed
1952 2213 2097 2281 quod
2127 2216 2250 2267 uni-

666 2307 842 2347 versa
875 2291 1314 2349 Christianorum
1345 2296 1511 2367 316
1538 2296 1796 2354 Ecclesia
1827 2311 1986 2371 caput
2022 2302 2250 2370 proﬁte-

668 2395 821 2438 retur
847 2402 862 2451 ;
898 2385 1280 2441 intercessisse
1296 2386 1528 2442 Paulum
1556 2390 1931 2459 appellationi,
1963 2393 2092 2461 quia
2122 2407 2248 2448 raro

666 2478 733 2531 ad
765 2475 1072 2532 Romanum
1111 2480 1422 2548 pontificem
1458 2492 1811 2549 provocatum
1833 2484 1903 2537 ab
1938 2484 2004 2539 iis
2033 2485 2247 2555 episco-

666 2568 770 2637 pis,
788 2570 883 2638 qui
898 2569 988 2623 alii
1011 2568 1658 2643 subessentpatriareha,
1677 2572 1807 2641 quin
1823 2573 1995 2627 turba
2010 2582 2243 2641 exorta;

670 2658 894 2726 quando
932 2657 1220 2713 invidiosa
1250 2673 1465 2728 semper
1498 2660 1894 2730 appellationes
1932 2663 1999 2717 ad
2044 2662 2249 2718 Roma-

667 2764 800 2804 num
829 2752 1184 2820 episcopum;
1212 2751 1350 2806 adeo
1391 2758 1450 2805 ut
1479 2767 1545 2806 ne
1576 2752 1678 2822 ipsi
1717 2751 1936 2822 quidem
1975 2752 2094 2809 Afri
2125 2755 2247 2813 illas

665 2840 892 2897 siverint
916 2857 932 2907 ;
965 2850 1021 2896 et
1058 2850 1244 2897 tamen
1265 2857 1454 2898 corum
1473 2841 1715 2898 Ecclesia
1733 2842 1993 2900 Romana
2017 2847 2247 2915 patriar-

665 2933 803 2986 chia
847 2933 1197 2999 contributa;
1255 2935 1385 3004 quia
1437 2935 1627 3005 primis
1689 2934 1947 2992 Ecclesia
2004 2918 2242 3005 saculis,

666 3024 889 3093 perinde
915 3039 975 3080 se
999 3033 1290 3095 gesserunt
1309 3024 1797 3097 Carthaginienses
1833 3029 2073 3100 episcopi
2096 3029 2245 3084 Afri-

663 3130 819 3171 cana
847 3116 1107 3172 Ecclesia
1148 3117 1371 3173 exarchi
1395 3158 1411 3183 ,
1461 3128 1626 3188 atque
1674 3120 1791 3175 suis
1824 3119 1879 3175 in
1913 3119 2245 3177 diacesibns

663 3206 1047 3274 Alexandrini,
1086 3209 1418 3264 Antiocheni
1441 3252 1457 3277 ,
1491 3207 1753 3280 Ephesini
1781 3251 1796 3276 ,
1853 3212 2245 3278 Casarienses,

665 3297 1065 3364 Ileraclienses,
1100 3301 1323 3369 quando
1354 3301 1564 3355 nullum
1592 3302 1877 3372 imperium
1896 3321 2062 3375 supra
2084 3321 2247 3361 exar-

665 3391 882 3444 ehicum
914 3390 1094 3459 majus
1131 3408 1145 3444 :
1183 3406 1363 3461 neque
1397 3393 1619 3446 tandem
1643 3394 1922 3462 subjectos
1969 3412 2093 3452 sese
2132 3397 2245 3452 Ro—

665 3497 829 3535 mano
862 3481 1187 3550 patriarcha
1218 3496 1460 3548 sensere,
1490 3484 1598 3539 nisi
1624 3499 1690 3538 ex
1722 3486 2045 3543 auctoritate
2070 3488 2245 3547 Justi-

665 3572 861 3626 nianil
899 3572 1066 3641 Aug.,
1103 3572 1197 3642 qui
1251 3571 1520 3627 novellam
1573 3573 1747 3629 edidit
1794 3578 2243 3637 constitutionem

666 3664 810 3726 ηδ,
864 3680 970 3732 qua
1004 3661 1265 3718 Romana
1295 3663 1647 3733 patriarchia
1670 3666 1797 3735 jura
1848 3668 1903 3723 in
1956 3671 2245 3729 universas

663 3753 978 3808 Occidentis
1009 3752 1288 3807 Ecelesias
1317 3793 1333 3817 ,
1387 3752 1442 3806 in
1472 3769 1705 3822 quarum
1739 3771 1965 3813 censum
2001 3763 2240 3830 reposita

661 3843 918 3898 Africana
940 3883 956 3909 ,
985 3843 1181 3898 din‘usa
1204 3886 1219 3911 ,
1254 3846 1719 3914 quemadmodum
1752 3864 1850 3919 par
1883 3849 2052 3906 fatum
2081 3864 2241 3908 antea

665 3936 901 3990 tulerant
938 3934 1139 3999 Miana,
1166 3934 1409 3999 Pontica,
1428 3936 1693 3994 'I'hraciea
1713 3939 1976 4009 Ecclesia,
2006 3958 2238 4012 quarum

661 4026 884 4079 exarcbi
943 4025 1558 4097 Constantinopolitano
1621 4031 1948 4100 patriarcha
1997 4037 2240 4093 cervices

659 4117 975 4182 subdidere,
1018 4119 1111 4187 qui
1148 4120 1392 4189 ipsorum
1425 4120 1550 4190 jura
1583 4124 1899 4193 adoptavit,
1935 4143 2059 4182 cum
2088 4130 2239 4199 prius

662 4222 846 4263 merus
868 4207 1005 4263 foret
1029 4209 1359 4281 suffragator
1376 4212 1668 4284 episcopus
1691 4214 1920 4286 Europa
1947 4221 2239 4288 provincia

660 4298 1040 4367 nn-tropolita,
1074 4301 1178 4354 hoc
1204 4310 1285 4355 est
1319 4300 1704 4361 Heracleensis
1735 4306 2014 4377 episcopi,
2041 4310 2134 4378 qui
2162 4310 2237 4366 si-

659 4392 774 4444 mul
803 4392 1072 4446 exarchus
1096 4390 1345 4448 Thracia
1365 4395 1667 4453 diaceseos
1692 4413 1760 4453 ex
1786 4397 2025 4469 Europa,
2054 4399 2236 4456 Thra-

2353 566 2601 636 Gregorii
2632 567 2801 622 nostri
2831 574 3169 635 tempestate,
3191 580 3353 634 quem
3372 562 3544 618 Leoni
3586 563 3780 618 Isauro
3809 579 3939 632 pra-

2357 655 2527 713 ivisse
2561 672 2722 712 nemo
2751 658 2991 721 dubitat,
3028 656 3225 711 factam
3251 657 3365 725 jam
3394 654 3555 710 Nilus
3574 656 3937 720 demonstrat,

2353 764 2464 818 quo
2489 749 2761 803 scribente
2780 747 3073 802 notissima
3095 747 3340 815 exempla
3372 758 3581 807 omnia,
3612 759 3738 813 qua
3760 744 3936 807 nobis,

2354 836 2579 891 amissis
2612 845 2922 905 temporum
2959 835 3159 904 injuria
3184 834 3557 888 monumentis
3582 876 3598 899 ,
3653 834 3815 901 plane
3850 834 3939 885 ob-

2354 943 2561 993 scura;
2611 928 2748 982 adeo
2783 935 2844 981 ut
2877 942 2945 981 ne
2974 925 3303 997 Hydruntini
3344 927 3446 995 ipsi
3479 965 3494 987 ,
3536 925 3631 994 qui
3681 923 3940 977 Ecclesia

2354 1034 2470 1075 sua
2505 1035 2592 1075 res
2627 1034 2751 1074 cum
2783 1017 3135 1073 Ferdinando
3164 1018 3394 1087 Ughello
3435 1017 3937 1078 communicatum,

2357 1110 2566 1180 aliquid
2599 1109 2926 1164 subodorati
2950 1111 3018 1165 de
3044 1111 3235 1165 Marco
3261 1110 3540 1180 episcopo,
3572 1123 3751 1174 eoque
3777 1108 3941 1160 omis-

2356 1216 2455 1255 sus
2491 1201 2562 1254 ab
2597 1198 2877 1269 Ughello?

2426 1291 2643 1347 XXXV.
2685 1292 2890 1348 Deinde
2915 1308 2979 1348 ex
3013 1308 3101 1357 eo,
3148 1292 3294 1361 quod
3325 1291 3509 1355 Nilus,
3574 1300 3636 1345 ut
3686 1292 3945 1346 ostendat

2356 1383 2568 1454 aliquot
2604 1383 2661 1437 in
2702 1383 2890 1439 Sicilia
2938 1383 3215 1439 Ecclesias
3244 1384 3623 1453 superstitisse
3670 1400 3795 1453 qua
3835 1382 3942 1437 Bo-

2373 1490 2537 1530 tnano
2572 1476 2814 1545 pontilici
2855 1484 3133 1546 parerent,
3174 1474 3420 1546 Gregorii
3450 1476 3943 1545 Agrigentinorum

2355 1567 2598 1638 episcopi
2616 1568 2885 1637 producat
2902 1568 3379 1638 inaugurationem
3397 1584 3427 1621 a
3445 1568 3689 1623 Romana
3701 1570 3947 1637 patriar-

2362 1660 2466 1715 cha
2494 1670 2771 1730 peractam
2802 1701 2818 1727 ,
2849 1675 3053 1716 novum
3078 1661 3330 1717 elicimus
3375 1674 3759 1732 argumentum
3785 1702 3801 1726 ,
3834 1676 3947 1731 quo

2360 1751 2534 1821 ipsius
2571 1760 2832 1821 atatem,
2887 1764 3080 1807 contra
3130 1768 3295 1823 quam
3356 1752 3657 1807 Caietanus
3708 1753 3943 1808 sentiat.

2355 1842 2833 1897 constabiliamus.
2891 1840 3062 1897 Nemo
3121 1842 3253 1896 mihi
3315 1843 3628 1912 negaverit,
3686 1842 3944 1912 Gregorii

2355 1931 2535 2003 Magni
2568 1941 2816 2004 tempore
2846 1933 3046 1989 Sicilia
3072 1936 3343 1991 universa
3376 1935 3648 1991 Ecclesias
3694 1936 3790 1989 uni
3836 1934 3945 1987 Ro-

2356 2040 2520 2078 mano
2573 2026 2898 2094 patriarcha
2948 2028 3397 2097 obtemperasse,
3450 2030 3593 2097 quod
3645 2043 3712 2081 cx
3764 2028 3941 2096 ipsius

2354 2116 2602 2184 epistolis
2666 2126 2901 2172 constat.
2966 2117 3135 2187 Atqui
3188 2116 3485 2188 Gregorius
3557 2116 3937 2187 pontilicauim

2354 2208 2658 2262 maximum
2693 2208 2976 2278 ingressus
3006 2223 3154 2263 anno
3187 2208 3314 2275 590,
3348 2209 3417 2264 ab
3447 2207 3750 2263 Justiniani
3795 2208 3812 2262 l
3844 2224 3938 2260 ex-

2354 2314 2511 2355 cessu
2541 2300 2631 2355 25.
2664 2300 2724 2355 Si
2756 2302 2921 2371 igitur
2939 2301 3239 2372 Gregorius
3275 2302 3670 2374 Agrigentinus
3703 2302 3810 2356 sub
3837 2298 3934 2352 Ju-

2354 2394 2598 2448 stiniano
2632 2395 2772 2465 Aug.
2800 2395 2956 2460 vixit,
2986 2407 3040 2450 et
3071 2411 3138 2450 eo
3167 2396 3387 2465 quidem
3447 2394 3765 2451 Iustiniano
3825 2411 3934 2463 quo

2354 2500 2537 2538 rerum
2561 2486 3299 2557 Constantinopolitanarum
3332 2489 3559 2541 domino
3583 2486 3772 2540 Sicilia
3808 2502 3932 2555 par-

2355 2578 2451 2631 tim
2483 2579 3129 2649 Constantinopolitano,
3167 2580 3371 2650 partim
3419 2578 3669 2633 Romano
3717 2579 3933 2633 subdita

2353 2669 2697 2738 patriarcha,
2725 2670 2771 2725 si
2801 2672 2907 2725 sub
2935 2669 3255 2726 Justiniano
3284 2671 3302 2724 I
3363 2671 3510 2725 nulla
3534 2671 3764 2725 omnino
3793 2670 3933 2724 Sici-

2352 2759 2439 2813 lia
2466 2760 2711 2814 Ecclesia
2741 2777 2770 2815 a
2804 2761 3038 2817 Romani
3082 2763 3359 2833 pontilieis
3396 2763 3520 2830 jure
3558 2762 3773 2827 avulsa,
3812 2762 3935 2830 quis

2352 2866 2461 2906 non
2508 2851 2799 2925 intelligat,
2844 2855 3008 2909 unius
3049 2854 3343 2909 Justiniani
3384 2854 3428 2908 ll
3466 2855 3612 2909 atati
3651 2854 3932 2909 vindican-

2351 2942 2529 2997 dum?
2559 2943 2717 3010 Quod
2752 2946 2796 3001 si
2830 2961 2957 3000 vero
2973 2944 3526 3017 JustinianollAug.,
3555 2956 3611 3001 et
3642 2947 3698 3001 in
3722 2946 3932 3012 Sicilia,

2350 3044 2405 3090 et
2439 3035 2494 3089 in
2529 3036 2908 3104 Longobardia
2943 3039 3368 3110 transtyberina,
3400 3048 3455 3094 et
3485 3039 3634 3103 alibi,
3665 3040 3932 3094 diminuta

2340 3125 2585 3180 Romani
2637 3129 2963 3196 patriarcha
2989 3129 3137 3199 jura,
3178 3145 3300 3200 qua
3333 3131 3434 3185 sibi
3470 3130 3933 3199 Constantinopo-

2356 3220 2566 3276 litanus
2599 3224 2889 3292 arrogarit,
2922 3224 3114 3293 quidni
3144 3241 3299 3295 aque
3340 3225 3609 3280 fateamur
3655 3227 3803 3280 idem
3852 3227 3930 3281 fa-

2347 3321 2497 3365 ctum
2518 3312 2571 3365 in
2592 3311 3071 3370 Thessalonicensi
3097 3326 3152 3369 et
3200 3315 3552 3372 Corinthiaca
3579 3318 3924 3387 potissimum

2344 3400 2602 3455 exarchia
2633 3439 2649 3462 ,
2707 3402 2929 3471 quando
2975 3402 3239 3459 Leontius
3288 3406 3631 3461 certissimus
3696 3406 3928 3476 scriptor

2352 3491 2514 3546 nobis
2567 3493 2791 3562 prodit,
2851 3493 3197 3550 Corinthium
3230 3497 3548 3566 episcopum
3592 3513 3624 3550 e
3656 3509 3920 3554 conventu

2344 3582 2517 3640 fuisse
2544 3584 3157 3658 Constantinopolitano
3185 3579 3568 3645 subCallinico
3594 3592 3920 3660 patriarcha,

2343 3688 2374 3727 a
2400 3690 2507 3742 quo
2543 3676 2705 3745 legati
2733 3677 2818 3731 sui
2850 3693 3077 3733 munere
3094 3676 3322 3732 Romam
3350 3680 3576 3745 missus,
3616 3692 3674 3734 ut
3702 3683 3773 3734 de
3797 3680 3921 3737 Gre-

2343 3768 2478 3835 gorii
2506 3769 2761 3832 crimine,
2798 3769 2957 3836 cujus
2990 3770 3369 3834 insimulatus,
3404 3771 3719 3840 iudicaret?

2415 3862 2658 3918 XXXVI.
2690 3863 2957 3928 Equidem
2989 3868 3034 3922 si
3063 3867 3272 3938 aliquid
3306 3868 3413 3923 hoc
3447 3868 3571 3923 loco
3596 3868 3919 3937 conjectura

2341 3953 2604 4020 dandum,
2631 3971 2740 4009 non
2770 3958 2913 4012 male
2938 3957 3195 4023 dixerim,
3227 3958 3592 4014 defectionem
3635 3961 3785 4013 illam
3822 3960 3914 4014 Ec-

2340 4046 2636 4101 clesiarum
2685 4044 2927 4118 Illyrici,
2980 4048 3236 4113 Achaia,
3286 4051 3508 4115 Sicilia,
3546 4051 3816 4105 Calabria
3854 4051 3916 4105 ad

2339 4133 3013 4206 Constantinopolitanum
3070 4141 3483 4209 patriareham.
3550 4141 3756 4197 factam
3821 4143 3945 4196 sub-

2339 4226 2598 4280 Heraclio
2630 4226 2931 4283 Constante
2960 4228 3004 4282 ll
3025 4270 3040 4293 ,
3085 4241 3141 4284 et
3174 4230 3381 4302 Pyrrho
3414 4233 3914 4304 Constantiuopoli-
3958 4248 3961 4255 '

2340 4327 2467 4371 tano
2486 4317 2769 4388 episeopo,
2786 4318 3269 4376 Monothelitarum
3298 4323 3579 4392 signifero,
3594 4327 3757 4393 cujus
3775 4327 3910 4396 quod

2336 4408 2556 4461 ἔκθεσιν
2609 4419 2665 4464 et
2691 4408 2862 4465 τύπον
2892 4413 3375 4469 anathematismis
3420 4417 3735 4472 devovisset
3772 4419 3908 4473 Har-

658 4481 765 4578 cia.
793 4480 1185 4578 Ilamimonte,
1212 4482 1496 4555 Rhodope,
1524 4485 1809 4578 Masiall.
1841 4490 2064 4578 Scythia
2103 4507 2231 4562 pro-
2259 4513 2305 4569 ι)
2340 4499 2487 4554 tinus
2516 4513 2676 4568 papa,
2709 4515 2855 4555 anno
2899 4502 3036 4569 649,
3093 4503 3149 4557 in
3204 4504 3416 4559 Nasum
3463 4507 3700 4561 insulam
3742 4512 3906 4578 primo

658 4567 854 4623 vineiis
879 4580 1175 4638 compacta
1198 4610 1213 4634 ,
1243 4588 1420 4641 eoque
1451 4577 1672 4630 nomine
1719 4577 1807 4647 jus
1837 4577 2230 4637 Constantino-

661 4660 959 4727 politanum
993 4662 1357 4729 patriarcbam
1399 4667 1689 4721 ordinandi
1732 4680 1995 4739 perpetuo
2031 4676 2233 4729 mansit

659 4750 714 4801 in
746 4746 1097 4803 Heracleensi
1132 4750 1426 4821 episcopo,
1478 4753 1573 4822 qui
1622 4754 1853 4811 honoris
1891 4773 2021 4829 ergo
2048 4760 2231 4816 dictus

658 4837 918 4910 προέδρος
944 4838 1053 4893 τῶν
1074 4840 1414 4912 ὑπερτίμων.
1444 4844 1625 4909 Quare
1658 4847 2046 4905 concludimus
2084 4865 2229 4907 anno

655 4929 761 4985 658
787 4928 1005 4984 Cretam
1037 4931 1398 5001 provinciam,
1429 4948 1552 5003 qua
1590 4949 1697 4989 una
1724 4952 1789 4991 ex
1845 4936 1878 4991 6
1926 4940 2072 4995 unde
2094 4955 2229 4996 con-

654 5021 780 5076 ﬂata
813 5019 1318 5076 Thessalonicensis
1346 5024 1626 5090 exarehia,
1666 5026 1986 5085 distractam
2034 5047 2065 5086 a
2114 5032 2229 5089 Ro-

654 5114 803 5168 mani
835 5113 1163 5183 patriarcha
1187 5112 1578 5183 jurisdictione
1600 5154 1616 5180 ,
1665 5132 1842 5188 eoque
1872 5125 2121 5193 exemplo
2145 5126 2231 5179 di-

654 5207 842 5260 vinare
867 5219 1186 5275 possumus,
1223 5221 1291 5260 an
1316 5221 1468 5277 aque
1496 5216 1612 5263 tum
1642 5214 1902 5281 temporis
1928 5214 2227 5273 defecerint

653 5297 1261 5368 Constantinopolitano
1289 5299 1617 5368 patriarcha
1660 5305 1955 5372 provincia
2003 5309 2224 5379 reliqua

652 5387 838 5458 ejusce
864 5391 1156 5453 exarchia,
1188 5392 1295 5448 hoc
1336 5402 1419 5449 est
1465 5392 1781 5451 Macedonia
1811 5397 1856 5461 l,
1913 5398 2220 5467 Thessalia,

653 5480 851 5550 Epirus
880 5494 1057 5548 vetus,
1095 5485 1294 5554 Epirus
1324 5500 1481 5551 nova,
1511 5496 1566 5541 et
1596 5486 1923 5546 Macedonia
1961 5494 2222 5551 salutaris

653 5588 802 5642 pars,
847 5580 963 5627 tum
984 5563 1128 5629 adeo
1156 5576 1360 5631 Achaia
1383 5615 1400 5641 ,
1435 5592 1557 5647 qua
1588 5583 1862 5648 quondam
1889 5598 2018 5652 pars
2046 5583 2222 5641 Thes-

653 5666 1013 5721 salonicensis
1033 5708 1048 5732 ,
1103 5669 1217 5722 sive
1247 5667 1561 5741 Illyriciana
1593 5672 1932 5740 diaceseos;
1988 5677 2220 5734 subinde

653 5769 783 5815 vero
814 5758 1106 5827 singularis
1140 5760 1313 5817 audiit
1344 5762 1595 5816 evarchia
1623 5803 1637 5826 ,
1700 5765 1786 5818 cni
1835 5776 2063 5835 praerat
2101 5770 2211 5824 Co-

2337 4598 2692 4659 asportatus,
2746 4590 2871 4647 inde
2923 4592 3507 4665 Constantinopolim,
3559 4600 3652 4653 ubi
3694 4601 3902 4669 injuriis

2332 4680 2593 4735 omnibus
2621 4682 2937 4738 cumulatus
2971 4684 3024 4738 in
3056 4685 3467 4742 Chersonesum
3502 4690 3723 4744 tandem
3756 4689 3901 4745 exsul

2331 4767 2604 4833 mittitur,
2652 4770 2734 4824 sic
2777 4770 3074 4827 Constante
3102 4773 3242 4843 Aug.
3270 4775 3531 4844 jubente,
3588 4780 3682 4848 qui
3720 4780 3899 4850 I’yrrhi

2328 4870 2514 4928 partes
2559 4861 2924 4930 baresimque
2992 4864 3268 4920 tuebatur.
3303 4865 3437 4921 Tam
3483 4871 3717 4925 sceleste
3746 4872 3900 4940 igitur

2328 4951 2557 5006 animati
2585 4968 2714 5007 cum
2754 4952 2987 5009 fuissent
3021 4955 3075 5009 in
3115 4957 3409 5015 Martinum
3436 4977 3559 5016 cum
3598 4964 3732 5032 imp.
3770 4962 3899 5016 Con-

2325 5053 2499 5110 stans,
2527 5054 2642 5100 tum
2673 5045 2915 5116 Pyrrhus
2953 5050 3259 5118 patriarcha
3281 5094 3297 5117 ,
3334 5053 3521 5123 quidni
3557 5057 3624 5115 ad
3658 5067 3893 5120 cate-ras,

2324 5135 2528 5203 quibus
2558 5137 2648 5191 ille
2676 5138 2903 5194 affectus
2927 5180 2944 5207 ,
3002 5141 3234 5209 injurias
3263 5146 3392 5199 illud
3455 5148 3787 5212 accesserit,
3834 5149 3895 5200 ad

2322 5226 2684 5283 defectionem
2720 5233 2992 5286 excitatas
3024 5233 3226 5288 Sicilia
3253 5275 3268 5299 ,
3322 5236 3622 5302 Calabria,
3657 5241 3893 5303 Achaia,

2322 5318 2633 5389 Illyrieiqne
2662 5320 2983 5377 Ecclesias?
3027 5323 3169 5380 Ecce
3200 5326 3464 5383 Martinus
3506 5331 3620 5399 ipse
3650 5344 3775 5400 post
3804 5333 3893 5385 da-

2323 5418 2567 5464 mnatam
2597 5413 2865 5478 ecthesin,
2898 5425 2949 5468 et
2978 5425 3166 5485 typum
3191 5418 3409 5488 Pyrrhi,
3435 5418 3704 5475 Joannem
3731 5423 3896 5477 Phila-

2319 5500 2552 5569 delphia
2576 5503 2894 5574 episcopum
2930 5508 3197 5563 vicarium
3246 5525 3409 5566 suum
3464 5512 3517 5566 in
3551 5513 3777 5570 Oriente
3823 5533 3895 5569 re-

2322 5593 2557 5659 nuntiat,
2601 5596 2736 5663 quid
2771 5597 2874 5652 hoe
2905 5609 3022 5665 est,
3082 5602 3187 5655 nisi
3216 5603 3688 5659 evidentissimum
3746 5624 3897 5676 argu-

2319 5694 2584 5749 mentum,
2614 5687 2910 5743 descivisse
2940 5690 3008 5743 ab
3038 5706 3130 5754 eo,
3163 5704 3217 5747 et
3246 5691 3823 5760 Thessalonicensem.
3844 5712 3894 5754 et

2317 5772 2660 5831 Corinthium
2691 5780 2961 5835 exarchas
2986 5821 3001 5845 ,
3056 5785 3254 5853 quibus
3302 5798 3567 5857 perpetuo
3609 5791 3890 5861 illjll'lCltlS
