3934 6552
40 376 147 440 Ξὶι
1488 390 2017 452 DISSER'I‘A'I‘IO.
3230 383 3366 451 1222

35 496 280 551 tomani
330 502 695 569 patriarcha:
733 502 787 557 ln
811 501 1037 558 Oriente
1060 503 1383 567 vicariatus,
1431 503 1678 572 adeoque
1708 514 1750 567 Α
1780 502 1971 553 damus
2002 514 2098 569 pro
2130 499 2393 561 omnibus,
2428 512 2547 567 qua:
2574 496 2724 551 nobis
2768 494 2908 550 Deus
2932 512 3025 565 per
3048 507 3098 552 te
3132 498 3316 554 tribuit
3341 504 3367 555 .7

34 587 264 640 :ubiam
302 605 540 648 eorum
572 594 985 664 episcoporum,
1014 593 1106 663 qui
1152 592 1219 648 iis
1243 601 1519 661 parerent,
1550 592 1676 661 qui~
1782 597 1859 646 Ac
1889 593 2029 645 nosti
2062 592 2175 659 iam
2204 591 2484 645 dimidiam
2517 599 2717 644 nostra:
2747 588 2893 643 urbis
2921 602 3124 658 partem
3155 631 3170 656 ,
3213 593 3370 646 item-

29 693 123 745 ;ue
159 680 401 738 adhuc
451 694 639 755 aperte
680 699 790 739 non
842 686 1225 748 rebellassent,
1267 684 1428 738 tidem
1482 682 1677 750 fuisse,
1781 700 1880 753 que
1908 685 2272 753 episcopatum
2329 692 2515 737 sancto
2573 700 2635 736 ac
2684 682 2913 751 principi
2959 682 3236 750 apostolo,
3281 685 3373 753 qui

30 780 68 820 It
102 771 165 823 id
217 776 502 831 tandem
552 792 754 832 munus
787 776 1227 833 demandandum
1260 775 1427 829 fuerit
1463 777 1680 845 provin-
1781 776 1865 828 hic
1895 784 1994 840 est,
2020 775 2337 841 subiacere?
2368 773 2494 827 Rem
2524 790 2745 845 prorsus
2778 776 2855 827 ita
2908 773 3095 828 habere
3142 777 3371 845 aﬁirmnt

26 862 117 916 :iae
150 863 489 938 episcopo
520 878 678 924 extra
708 884 805 925 eas
831 869 1117 925 exarcbias
1148 870 1361 938 posito;
1389 877 1507 922 erat
1530 867 1677 921 enim
1783 866 2087 938 Gregorius.
2116 866 2183 919 At
2212 867 2474 935 pontifex,
2507 865 2713 919 Mecum
2745 866 2853 934 ipse
2900 867 3063 918 statui
3081 866 3221 934 jam,
3250 882 3369 934 qua:

26 950 490 1026 Philadelphia:
521 961 818 1031 episcopus
844 977 874 1014 e
904 963 1115 1032 synodo
1146 958 1332 1032 Lydiae
1355 960 1673 1028 provinciae,
1780 957 2066 1027 peculiaris
2097 957 2241 1011 nobis
2285 965 2385 1021 est,
2427 956 2653 1009 mediam
2699 956 2845 1009 urbis
2876 967 3072 1009 nostra:
3097 968 3303 1026 partem
3334 977 3368 1012 a

24 1058 148 1111 quae
215 1044 898 1119 Constantinopolitanae
946 1049 1290 1118 patriarcbia:
1340 1049 1676 1105 contributa.
1780 1059 1986 1112 sancto,
2014 1047 2840 1117 divino,sempiternaquelaude
2868 1047 3027 1117 digno
3050 1048 3368 1119 imperatore

21 1135 157 1192 Haec
188 1153 357 1193 cum
402 1140 487 1194 ita
528 1141 663 1205 sint,
691 1142 907 1195 desinat
928 1140 1227 1195 Caietanus
1269 1140 1448 1195 dicam
1498 1140 1679 1195 dicere
1780 1153 1963 1196 nostro
2000 1140 2353 1197 Constantino
2408 1140 2765 1208 apostolorum
2816 1140 3045 1209 principi
3088 1142 3363 1204 donatam,

19 1228 320 1300 Leontio,
359 1234 525 1304 quod
560 1234 786 1288 anxium
838 1235 1006 1289 animi
1043 1232 1389 1298 Pontiﬁcem,
1433 1234 1563 1304 quid
1594 1249 1679 1288 re-
1778 1248 1870 1302 per
1904 1241 1951 1285 te
1984 1247 2123 1284 nunc
2161 1230 2287 1288 Deo.
2316 1229 2610 1299 temploque
2650 1229 2741 1282 abs
2774 1239 2821 1281 te
2862 1229 3178 1297 redi/icando
3206 1233 3364 1283 auri-

20 1338 156 1376 rum
194 1335 491 1393 gereret,
535 1326 612 1379 uti
647 1325 943 1381 manifesta
979 1326 1080 1380 sibi
1112 1326 1265 1379 ﬁeret
1302 1324 1549 1395 Gregorii
1605 1326 1679 1379 in-
1779 1326 1933 1379 buere
1959 1362 1974 1378 .
2004 1364 2018 1376 .
2046 1364 2063 1379 .
2106 1324 2229 1377 inde
2255 1322 2503 1376 advocati
2529 1338 2561 1374 a
2591 1322 2842 1390 pontiﬁce
2874 1320 3129 1375 Ecclesia:
3161 1322 3360 1387 dilecti,

1777 1420 2134 1487 primoresque
2162 1415 2309 1469 urbis
2335 1453 2349 1478 ,
2411 1430 2633 1483 cumque
2664 1413 3021 1478 assedissent,
3078 1430 3186 1467 una
3242 1432 3363 1468 cum

1777 1511 2020 1579 pontiﬁce
2049 1510 2301 1575 scripsere
2338 1507 2557 1567 librum,
2599 1522 2752 1576 quem
2788 1522 2820 1558 a
2854 1507 3041 1575 synodi
3077 1508 3359 1576 episc0pis,

1778 1611 2066 1673 cunctaque
2081 1600 2324 1656 Ecclesia
2345 1599 2681 1669 obsignatum
2706 1597 2856 1652 beato
2882 1597 3130 1667 Gregorio
3150 1599 3358 1654 dedere.

18 1416 326 1470 nocentia
360 1435 384 1484 ;
427 1418 545 1473 haec
576 1417 920 1473 consuluisse
948 1417 1095 1471 dicat
1124 1417 1374 1470 Marcum
1402 1416 1675 1479 abbatem,

18 1508 125 1573 qni
161 1509 499 1577 quondam
548 1508 923 1580 Hierosolyma
967 1502 1291 1578 Gregorium
1337 1507 1671 1563 deduxerat:

24 1599 185 1651 Audi
229 1616 333 1652 me
366 1642 388 1666 ,
447 1602 693 1664 domine,
752 1602 928 1669 tuique
956 1600 1092 1653 serui
1138 1600 1414 1653 consilium
1449 1600 1624 1668 accipe
1654 1614 1675 1653 .°

26 1706 215 1758 neque
247 1692 425 1746 enim
453 1692 519 1748 de
552 1692 761 1747 homine
791 1708 884 1745 nos
914 1691 1052 1761 ferre
1079 1690 1347 1760 judicium
1373 1705 1669 1757 possumus.
1778 1694 1879 1750 Hic
1903 1696 2200 1750 Caietanus
2227 1694 2470 1748 vitiatam
2506 1691 2793 1746 lectionem
2829 1692 3081 1757 incusat;
3115 1708 3221 1746 non
3258 1709 3361 1761 pu-

28 1782 145 1833 nisi
194 1783 621 1853 archiepiscopi
649 1781 1269 1851 Constantinopolitani,
1299 1782 1524 1850 itemque
1544 1780 1675 1849 piis-
1779 1797 1894 1851 lar,
1948 1802 2058 1841 non
2096 1787 2300 1857 patitur
2334 1782 2647 1855 pontiﬁcem
2700 1792 2807 1837 tam
2866 1784 3015 1853 large
3058 1783 3355 1837 liberalem.

30 1874 170 1925 simi
211 1873 414 1945 317
448 1876 784 1945 imperatoris
822 1875 1096 1928 accedente
1123 1872 1344 1927 consilio
1372 1913 1385 1925 .
1407 1911 1422 1926 .
1449 1910 1462 1924 .
1487 1911 1501 1925 .
1537 1871 1660 1924 Pro-

1778 1879 1942 1934 Audit
1979 1878 2400 1949 Metapbrastem
2437 1891 2561 1930 cum
2609 1874 2836 1929 Leontio
2877 1876 3204 1939 convenire;
3261 1891 3360 1929 nec

33 1964 215 2015 batur
260 1966 532 2033 pontiﬁci
554 1964 857 2028 consilium,
881 1981 1041 2035 quare
1059 1964 1268 2019 litteras
1294 1963 1363 2016 ad
1378 1965 1675 2033 piissimum
1740 2012 1747 2017 .
1777 1971 1997 2027 duobus
2027 1979 2209 2027 tamen
2242 1970 2469 2026 testibus
2496 1983 2661 2039 penes
2698 1968 2849 2022 illum
2885 1968 3041 2023 ﬁdes.
3071 1967 3137 2021 Et
3154 1978 3356 2033 tamen,

34 2056 469 2122 imperatorem
498 2066 738 2110 nostrum
764 2054 1153 2117 Iustinianum,
1184 2056 1676 2124 sanctissimumque

1781 2071 2009 2132 excepta
2036 2059 2370 2131 suscipione,
2405 2059 2590 2114 nullus
2630 2058 2707 2112 illi
2734 2058 2918 2124 ensis,
2952 2074 3063 2128 quo
3103 2059 3356 2113 testimo-

35 2146 545 2217 archiepiscopum
576 2146 1218 2216 Constantinopolitanum
1258 2155 1505 2200 accurate
1540 2148 1675 2200 scri-
1775 2152 1929 2207 nium
1961 2152 2190 2223 jugulet.
2228 2153 2463 2206 Tantum
2493 2150 2761 2213 concedit,
2803 2149 3136 2218 elargitama
3169 2150 3354 2218 ponti-

42 2236 147 2301 bit,
183 2239 584 2309 advocatisque
612 2242 744 2292 duos
770 2240 1060 2309 episcopos,
1086 2239 1176 2306 qui
1198 2254 1315 2291 cum
1345 2247 1525 2292 sancto
1553 2236 1675 2293 Gre-

40 2329 208 2397 gorio
238 2332 307 2384 in
352 2332 578 2384 concilio
635 2331 733 2399 (h.
777 2346 828 2384 e.
858 2330 1504 2399 Constantinopolitano)
1565 2346 1672 2383 una

47 2420 321 2489 fuerant,
355 2424 504 2476 datis
550 2438 668 2491 qua:
696 2422 765 2475 ad
795 2423 893 2475 iter
937 2423 1055 2476 usui
1082 2422 1314 2491 fuerant,
1363 2420 1669 2476 Constanti-

48 2512 318 2581 nopolim
346 2515 595 2570 dimittit.
624 2514 743 2571 Non
763 2516 877 2569 haec
895 2517 1149 2570 concoxit
1164 2514 1494 2581 Caietanus;
1527 2516 1669 2581 Quid

52 2606 207 2659 enim
259 2606 536 2678 (inquit)
595 2607 835 2661 Romano
883 2607 1126 2677 pontiﬁci
1178 2622 1299 2660 cum
1354 2607 1669 2675 imperatore

58 2694 324 2751 Orientis
367 2709 417 2753 et
480 2699 786 2768 patriarcha
820 2698 1429 2767 Constantinopolitano,
1483 2700 1538 2753 in
1575 2700 1664 2765 iis,

54 2804 180 2856 qua
196 2790 282 2843 ad
306 2790 518 2859 judicia
539 2798 858 2859 spectarent,
883 2806 1001 2844 cum
1027 2792 1301 2860 episcopis,
1330 2798 1381 2843 et
1407 2790 1667 2859 prazcipue

58 2882 176 2934 sedi
216 2881 481 2937 Romana:
516 2883 785 2953 subjectis,
831 2882 1011 2953 quales
1041 2881 1204 2952 fuisse
1231 2882 1495 2951 episcopos
1522 2881 1664 2936 Sici-

62 2971 154 3024 lire
176 2988 400 3026 certum
428 2984 505 3027 est
527 2991 587 3028 eo
622 2975 894 3042 tempore?
922 2972 1088 3044 Atqui
1116 2974 1259 3043 quod
1289 2982 1496 3028 certum
1520 2988 1662 3043 pra:-

64 3062 220 3115 dicat
262 3061 586 3130 Caietanus,
636 3062 741 3117 hoc
780 3064 956 3132 ipsum
986 3070 1073 3118 est
1123 3060 1271 3132 quod
1307 3061 1468 3132 plane
1497 3076 1657 3132 nega.

1776 2245 1876 2301 tice
1907 2245 2233 2314 praediorum
2265 2252 2495 2313 partem,
2539 2256 2778 2311 quorum
2829 2240 3073 2294 Romana
3114 2239 3355 2295 Ecclesia

1776 2339 1826 2391 in
1855 2334 2041 2391 Sicilia
2076 2336 2363 2404 potiretur.
2394 2333 2578 2404 Neque
2606 2332 2880 2404 pontiﬁcis
2926 2332 3090 2387 modo
3120 2318 3356 2387 liberali-

1774 2438 1934 2483 tatem
1956 2437 2195 2493 coercet,
2226 2429 2320 2483 sed
2347 2427 2511 2481 etiam
2542 2424 2908 2496 imperatoris.
2966 2423 3101 2479 Cum
3147 2423 3353 2492 Grego-

1771 2518 1889 2573 rius
1918 2516 2089 2571 Roma
2122 2532 2244 2571 sese
2285 2515 2817 2585 Constantinopolim
2868 2513 3229 2577 contulisset,
3286 2528 3352 2567 eo

1769 2608 2150 2664 admirationis
2205 2608 2307 2662 luit
2352 2606 2666 2661 Justiniano
2695 2606 2870 2675 Aug.,
2908 2611 2967 2657 ut
3018 2618 3140 2657 cum
3185 2602 3254 2656 ab
3284 2618 3351 2657 eo

1769 2705 2017 2775 petiisset
2054 2704 2231 2759 locum
2267 2703 2369 2758 sibi
2403 2703 2456 2756 in
2500 2700 2854 2772 Agrigentina
2902 2698 3037 2753 urbe
3066 2698 3348 2763 tribueret,

1767 2797 1861 2851 ubi
1897 2811 2098 2850 novum
2126 2803 2351 2865 poneret
2375 2793 2682 2863 episcopale
2702 2848 2713 2859 κ
2733 2791 2995 2862 templum
3019 2828 3038 2857 ,
3102 2789 3351 2861 quando-

1764 2888 1984 2958 quidem
2010 2888 2153 2958 quod
2174 2893 2479 2955 supererat.
2502 2883 2803 2954 sacrilegiis
2835 2879 3347 2938 incestaveratLeu-

1762 2975 1882 3029 eius
1911 2974 2130 3041 quidam
2163 2972 2449 3027 haereticus
2490 2972 2542 3025 in
2595 2970 2914 3025 Laodicensi
2957 2970 3170 3042 synodo
3214 2985 3344 3039 pro-

1761 3069 2022 3136 scriptus,
2056 3068 2172 3135 qui,
2201 3081 2259 3120 se
2282 3065 2528 3130 absente,
2566 3063 3121 3134 pseudo-episc0pum
3161 3076 3344 3132 gesse-

64 3167 222 3235 xnus.
247 3154 298 3208 si
317 3154 538 3223 quidem
557 3155 623 3209 ad
644 3152 994 3209 Justinianill
1014 3167 1254 3224 tempora
1277 3152 1657 3224 respiciamus.
1690 3196 1732 3254 ο
1764 3166 1851 3213 rat
1873 3174 1886 3209 :
1907 3157 2064 3221 Ecce,
2103 3157 2280 3225 inquit
2306 3157 2618 3222 imperator,
2636 3156 2918 3208 dimidiam
2946 3155 3087 3207 urbis
3114 3165 3341 3222 partem.

62 3230 235 3299 ‘Tunc
276 3245 559 3302 enimvero
600 3246 783 3301 omnis
840 3246 1009 3300 lenne
1049 3244 1357 3301 Siculorum
1416 3245 1661 3302 Ecclesia

69 3334 679 3405 Constantinopolitani
708 3337 948 3407 episcopi
995 3338 1305 3393 auctoritati
1332 3336 1661 3407 obsequens,

74 3424 318 3495 licetque
333 3427 565 3498 Agrigen
575 3428 685 3481 tina
705 3428 976 3483 Romanas
994 3430 1171 3483 adhuc
1190 3438 1370 3499 partes
1397 3437 1661 3494 tueretur,

75 3525 265 3571 tamen
304 3519 581 3573 nescimus
612 3534 734 3588 quae
775 3518 979 3575 lmdera
1005 3521 1072 3575 ab
1096 3530 1328 3591 utroque
1355 3522 1663 3590 patriarcha

79 3622 300 3673 sancta,
320 3611 464 3665 unde
478 3611 687 3679 jurium
712 3612 847 3667 lines
874 3613 1288 3682 circumscripti.
1321 3611 1503 3683 Neque
1530 3613 1663 3668 illud

77 3714 302 3766 verum,
337 3703 477 3772 quod
509 3711 789 3772 tantopere
817 3712 1108 3775 exaggerat
1139 3704 1435 3760 Caietanus
1462 3706 1515 3760 in
1547 3705 1665 3776 epi-

82 3805 385 3862 scoporum
424 3794 645 3863 judiciis
696 3795 832 3849 nihil
879 3795 1297 3865 imperatoribus
1355 3797 1659 3851 tributum:

84 3883 195 3938 imo
217 3898 356 3940 vero
382 3885 610 3941 nimium
643 3895 910 3955 quantum
934 3887 1004 3942 iis
1028 3888 1312 3951 tributum,
1344 3896 1401 3940 ut
1425 3887 1659 3951 licuerit,

83 3986 137 4029 et
166 3977 462 4047 episcopos
489 3977 770 4049 delegare,
799 3978 891 4047 qui
922 3993 1116 4033 causas
1144 3987 1559 4049 cognoscerent,
1608 3985 1664 4033 et

84 4068 419 4137 appellantes
446 4067 657 4133 audire,
691 4069 866 4138 iisque
886 4069 1191 4124 consulere.
1227 4068 1321 4138 (V.
1347 4069 1544 4125 Euseb.
1588 4066 1658 4124 E.

89 4152 158 4208 Η.
190 4156 294 4211 lib.
338 4173 392 4223 x,
422 4172 542 4227 cap.
571 4158 636 4221 ὅς
668 4157 906 4213 Marcam
929 4197 944 4223 ,
1002 4158 1080 4213 De
1111 4174 1256 4213 conc.
1295 4151 1405 4213 saé.
1443 4170 1492 4213 et
1527 4160 1657 4229 imp.

89 4244 177 4300 lib.
213 4264 318 4312 vit,
345 4263 467 4320 cap.
524 4248 605 4319 9.)
652 4247 845 4303 Nonne
879 4249 985 4304 hoc
1022 4249 1178 4316 satis,
1206 4258 1265 4303 ut
1290 4250 1511 4304 cordate
1539 4240 1691 4306 sese'

87 4341 327 4406 gessisse
372 4340 614 4396 Marcum
648 4341 900 4396 abbatem
948 4355 1072 4396 cum
1121 4341 1368 4396 Romano
1407 4342 1659 4411 pontiﬁce

89 4430 355 4496 dicamus,
372 4432 462 4501 qui
495 4441 690 4487 auctor
720 4448 831 4486 rem
862 4432 1137 4488 deferendi
1158 4434 1224 4487 ad
1253 4434 1656 4502 imperatorem,

1764 3265 1880 3318 qua!
1919 3251 2009 3317 pia
2050 3248 2221 3302 subest
2248 3247 2469 3315 imperio
2496 3256 2710 3311 nostro,
2760 3261 2852 3315 per
2884 3256 2932 3298 te
2976 3246 3085 3303 Deo
3129 3245 3340 3311 damus,

1764 3343 2125 3410 dicamusque,
2154 3341 2234 3393 uti
2282 3339 2447 3393 wdem
2476 3338 2586 3393 Deo
2634 3338 2867 3407 ﬁdelem,
2899 3340 3340 3408 episcOpiumque,

1764 3433 1947 3486 ubiubi
1983 3433 2223 3499 libuerit,
2272 3433 2561 3487 instaures.
2620 3429 2748 3485 Inde
2805 3430 3014 3484 decerni
3055 3431 3344 3502 donarique

1765 3524 2018 3597 Gregorio
2058 3526 2232 3579 locum
2270 3523 2570 3594 multasque
2616 3525 2970 3593 possessiones
3018 3522 3187 3592 jubet.
3221 3520 3342 3577 Non

1765 3615 1880 3670 haec
1911 3616 2169 3671 historica
2202 3615 2308 3670 fide
2335 3615 2537 3684 scripta
2565 3613 3079 3680 censetCaietanus,
3098 3614 3187 3668 sed
3216 3629 3343 3667 ora-

1762 3708 1923 3772 torie,
1964 3708 2068 3761 hoc
2099 3716 2184 3762 est
2217 3706 2620 3778 ὑπερϐολικῶς.
2654 3705 2763 3760 Nos
2800 3714 3012 3767 contra,
3042 3722 3163 3759 cum
3192 3706 3342 3759 nullo

1762 3799 2045 3854 videamus
2069 3799 2245 3855 fulcro
2264 3799 2473 3853 ﬁrmari
2501 3798 2745 3852 Caietani
2778 3798 3170 3866 suspicionem,
3204 3812 3340 3861 rem,

1762 3898 1823 3944 ut
1849 3890 2008 3959 plane
2036 3899 2221 3953 sonat,
2264 3890 2710 3961 interpretamur.
2738 3887 2843 3942 Sed
2867 3890 3009 3957 quod
3045 3888 3097 3942 in
3116 3903 3341 3943 causam

1761 3980 1931 4047 venit,
1965 3981 2397 4040 consideremus.

1832 4070 2125 4127 XXXVIII.
2165 4072 2257 4126 Ait
2279 4072 2446 4143 igitur
2468 4071 2691 4142 Sergius
2707 4071 2947 4142 pontifex
2970 4073 3113 4127 dono
3132 4073 3201 4128 ab
3218 4089 3340 4128 sese

1761 4162 1953 4217 donari
1987 4160 2307 4231 Gregorium
2337 4176 2401 4215 ex
2433 4160 2717 4214 dimidiata
2746 4160 2918 4214 Roma
2944 4200 2959 4224 ,
2985 4176 3107 4230 qua:
3132 4176 3163 4213 a
3203 4162 3341 4216 Con-

1761 4254 2005 4309 stantino
2062 4253 2309 4321 Augusto
2363 4250 2736 4322 apostolorum
2804 4250 3034 4319 principi
3089 4250 3337 4318 elargita,

1760 4345 1994 4400 mediam
2026 4352 2257 4414 partem.
2297 4343 2403 4398 Sed
2442 4345 2589 4413 quis,
2622 4358 2743 4406 oro,
2792 4343 2895 4397 iste
2919 4342 3337 4407 Constantinus,

1758 4436 1851 4507 qui
1878 4436 2079 4490 donum
2114 4436 2245 4489 illud
2273 4435 2508 4489 obtulit?
2540 4433 2793 4503 Nunquid
2824 4432 3053 4504 Magnus
3079 4434 3168 4489 ille
3191 4473 3207 4498 ,
3246 4436 3338 4505 qui

87 4522 326 4589 quando,
359 4523 520 4578 modo
544 4523 740 4593 volupe
768 4522 843 4577 illi
879 4522 1063 4588 fuerit,
1093 4524 1409 4594 episcopum
1441 4534 1653 4594 poterat
1684 4545 1728 4600 ι)
1757 4528 2072 4583 CbriStiano
2120 4528 2319 4597 populo
2376 4527 2525 4597 pacis
2590 4535 2800 4580 astrum
2853 4524 3097 4580 aliulsit?
3154 4526 3343 4596 Longe

89 4614 340 4683 deligere,
372 4615 463 4683 qui
488 4614 751 4685 Gregorio
762 4613 855 4683 jus
870 4614 1089 4679 diceret,
1114 4615 1244 4683 quin
1279 4630 1343 4669 eo
1369 4616 1423 4668 in
1446 4616 1653 4684 judicio
1753 4618 1956 4672 abeunt
2017 4620 2120 4673 hoc
2163 4617 2454 4674 indicando
2483 4615 2784 4671 Leontiana
2819 4619 3003 4671 verba.
3050 4615 3329 4686 Perpende

89 4704 162 4756 vel
214 4703 503 4758 minimum
547 4705 652 4760 sibi
703 4711 983 4775 arrogaret
1030 4702 1312 4761 Romanus
1370 4704 1654 4776 pontifex?

90 4793 425 4865 Quapropter
446 4795 622 4850 videat
644 4796 960 4861 Caietanus,
993 4810 1168 4866 ecquo
1188 4797 1311 4867 jure
1340 4806 1653 4867 suspectam

93 4888 378 4943 venditarit
435 4887 645 4944 Leontii
703 4891 1117 4952 narrationem,
1172 4905 1336 4961 quam
1376 4890 1651 4945 crambem

94 4982 350 5049 recoquit,
392 4982 606 5051 qu0ties
637 4978 810 5036 resin
848 4983 1176 5038 sententiam
1211 4998 1366 5037 suam
1406 4997 1514 5036 non
1564 4996 1654 5037 ce-

91 5072 237 5126 dunt.
283 5071 475 5127 Utrum
504 5072 608 5127 hoc
636 5073 995 5143 probandum,
1015 5074 1258 5145 judicent
1296 5074 1534 5129 subactae
1558 5072 1654 5128 do-

92 5164 272 5218 ctrina:
295 5166 474 5234 capita
510 5181 524 5218 :
556 5179 655 5235 ego
684 5165 865 5236 magni
888 5166 993 5221 viri
1018 5166 1271 5222 manibus
1298 5174 1502 5220 aeterno
1533 5175 1654 5221 stu-

92 5254 172 5311 dio
203 5256 470 5321 addictus,
495 5272 617 5327 qua:
652 5272 683 5313 e
719 5274 777 5313 re
813 5275 931 5314 mea
968 5267 1114 5323 sunt,
1144 5273 1435 5328 exsequar.

154 5346 419 5404 XXXVII.
450 5347 747 5419 Postquam
778 5359 885 5404 tam
916 5350 1089 5405 multa
1117 5350 1349 5405 dixerim
1371 5350 1654 5405 vindicati.

95 5438 169 5493 dat
205 5438 454 5508 Gregorii
496 5440 639 5495 aetati
666 5480 681 5507 ,
737 5441 867 5511 quid
904 5441 1082 5496 adhuc
1138 5449 1425 5511 superest,
1459 5442 1565 5495 nisi
1596 5449 1655 5496 ut

94 5529 407 5584 mantissam
432 5529 579 5596 dem,
602 5546 713 5601 quo
750 5540 961 5585 tantum
989 5532 1263 5601 negotium
1293 5530 1657 5585 conﬁciatur?

97 5620 201 5691 Age
229 5636 357 5675 vero
386 5622 607 5693 Sergius
636 5623 876 5693 pontifex
903 5662 917 5687 ,
968 5632 1247 5693 perspecta
1277 5621 1525 5693 Gregorii
1574 5624 1657 5677 in-

99 5710 360 5773 nocentia,
379 5711 653 5784 simulque
670 5714 951 5770 sanctitate
972 5713 1341 5785 prodigiorum
1362 5712 1653 5778 elI‘ectrice,

100 5800 240 5859 illum
271 5803 375 5859 sibi
399 5808 648 5874 accersit,
666 5814 720 5863 et
740 5826 752 5863 :
775 5804 946 5872 «Quid
978 5806 1442 5877 tibi(inquit),ﬁli,
1472 5821 1655 5873 repen-

1756 4709 1872 4763 Inec
1896 4707 2091 4778 Sergii,
2125 4724 2249 4778 qua:
2273 4708 2568 4779 protulisse
2595 4707 2754 4763 docet
2787 4705 3068 4771 Leontius,
3109 4708 3342 4777 impera-

1757 4808 1867 4853 tore
1904 4810 2081 4853 nostro
2112 4799 2464 4853 Constantino
2492 4840 2506 4866 ,
2564 4810 2675 4853 tum
2735 4798 2974 4862 videris,
3030 4801 3338 4855 donationis

1756 4901 2034 4945 auctorem
2060 4891 2481 4945 Constantinum
2505 4891 2743 4960 aliquem
2778 4889 3204 4959 praedicandum,
3228 4907 3337 4959 quo

1758 4982 2062 5049 imperante
2112 4990 2166 5036 et
2198 4982 2423 5053 Sergius
2488 4992 2543 5035 et
2612 4980 2908 5050 Gregorius
2942 4980 3209 5046 vixerint;
3243 4982 3336 5051 qui

1755 5073 1901 5126 enim
1933 5082 2168 5126 nostrum
2201 5073 2399 5128 dixerit
2442 5074 2811 5141 imperatorem
2860 5070 3086 5138 Sergius
3110 5111 3126 5137 ,
3179 5072 3336 5140 Cujus

1757 5165 2013 5234 potestati
2046 5179 2324 5234 nunquam
2363 5162 2528 5217 fuerit
2577 5161 2890 5215 obnoxius?
2916 5159 3089 5215 Porro
3122 5162 3338 5215 (Saieta-

1756 5270 1882 5320 nus,
1916 5253 2202 5308 Leontium
2229 5252 2489 5323 Gregorio
2518 5261 2677 5307 aetate
2704 5251 2969 5321 aequalem
2993 5252 3335 5306 demonstra-

1758 5357 1936 5414 turus,
1965 5364 2031 5402 eo
2066 5347 2301 5401 maxime
2332 5348 2523 5401 nititur
2551 5356 2892 5417 argumento,
2925 5346 3071 5417 quod
3098 5349 3335 5415 impeta-o
3391 5363 3397 5369 '

1758 5446 1930 5495 torem
1950 5436 2317 5492 Justinianum
2338 5438 2629 5494 nominans
2659 5450 2898 5493 nostrum
2922 5447 3165 5508 usurpet,
3189 5439 3333 5509 quod

1759 5544 1919 5584 nemo
1957 5529 2251 5583 damnarit.
2292 5525 2678 5584 iurisconsulti
2730 5528 3021 5600 Ulpianum
3070 5546 3229 5585 suum
3264 5532 3331 5585 ad

1758 5621 2016 5675 Antonini
2040 5619 2337 5675 Caracallaa
2372 5620 2619 5675 referunt
2648 5633 2912 5693 tempora,
2942 5621 3085 5692 quod
3116 5622 3168 5676 in
3199 5621 3237 5676 I.
3264 5622 3336 5677 32

1763 5716 1839 5770 De
1876 5715 2264 5769 donationibus
2302 5716 2444 5769 inter
2477 5717 2652 5769 virum
2691 5725 2745 5770 et
2779 5732 3002 5771 uxorem
3031 5757 3045 5777 ,
3095 5727 3332 5770 nostrum

1764 5805 1911 5862 dicat
1941 5806 2092 5860 illum
2123 5806 2505 5878 imperatorem
2534 5823 2548 5862 :
2577 5808 2874 5878 Imperator
2906 5821 3077 5864 noster
3111 5808 3333 5863 Antoni-
