4098 6490
622 366 757 427 1293

1537 362 1634 421 DE
1680 362 1939 421 /ETATE
1961 363 2019 420 S.
2048 360 2384 422 GREGORI
2450 361 2960 421 AGRIGENTINI

3737 359 3875 423 122$

622 501 721 542 nus
752 482 888 551 Aug.
923 489 1042 533 ante
1075 494 1341 532 excessum
1372 476 1545 532 Seueri
1585 478 1753 547 patris
1797 478 1917 541 sui,
1954 478 2192 530 oratione
2223 491 2263 544 Α
2296 477 2525 531 Romani
2549 477 2835 547 pontillces
2860 476 3187 547 pedetentim
3222 477 3522 547 principale
3540 477 3873 548 jusinvase—

622 581 678 632 t'n
709 584 896 632 senatu
936 572 1146 636 habita,
1176 572 1277 641 fuit
1303 582 1490 624 auctor
1519 570 1781 633 censendi,
1815 579 1873 623 ut
1901 570 2103 640 aliquid
2133 585 2196 622 ex

614 672 759 741 juris
801 668 975 739 rigore
1026 665 1279 729 laxetur;
1311 681 1494 734 neque
1534 664 1639 717 alia
1673 663 1947 717 incessum
2000 662 2087 716 via
2141 662 2195 716 in

624 764 854 817 aliorum
908 767 1067 815 aetate
1107 756 1437 813 definienda.
1492 758 1676 825 Itaque
1719 755 1764 809 si
1807 754 2199 810 Constantinus

626 854 734 915 ille.
760 854 851 924 qui
872 851 1171 907 Romanam
1214 849 1511 904 Ecclesiam
1538 849 1763 904 dimidia
1786 848 1921 903 urbe
1942 848 2198 901 donatam

625 947 819 1011 voluit,
846 945 971 1012 jura
997 943 1152 1008 dixit,
1183 958 1307 997 cum
1329 940 1552 1011 Sergius
1577 956 1693 995 aevo
1730 939 2022 1001 frueretur,
2057 952 2201 990 nun-

627 1052 792 1108 quam
818 1034 1184 1104 impetraverit
1200 1032 1515 1095 Caietanus,
1540 1040 1600 1084 ut
1618 1029 1914 1101 Gregorius
1934 1026 2201 1083 Iustinia-

631 1129 686 1182 ni
723 1129 742 1180 l
779 1125 945 1197 318
982 1123 1319 1193 temporibus
1343 1121 1703 1189 adjudicetur.
1732 1117 1926 1173 Nullus
1957 1124 2083 1171 ante
2103 1115 2170 1170 Iu

631 1218 930 1274 stinianum
958 1213 1384 1270 lConstantinus
1401 1215 1564 1283 Aug.,
1588 1213 1679 1279 qui
1721 1212 1776 1265 in
1810 1226 1897 1265 res
1925 1208 2202 1263 Romanas

630 1310 964 1371 dominatus.
1002 1307 1108 1362 nisi
1134 1304 1361 1375 Magnus
1392 1304 1507 1366 ille,
1551 1302 1987 1358 Christianarum
2019 1315 2199 1355 rerum

631 1402 946 1474 prarsidium
978 1417 989 1453 :
1027 1414 1151 1452 nam
1186 1398 1251 1451 ad
1276 1395 1698 1451 Constantinum
1732 1393 1903 1446 lilium
1941 1392 2086 1462 quod
2119 1400 2203 1445 at-

636 1496 790 1554 tinet.
834 1493 1039 1547 nullum
1069 1490 1144 1545 illi
1178 1490 1462 1558 imperium
1492 1488 1678 1542 datum
1714 1487 1766 1539 in
1798 1484 1973 1547 Italia,
2022 1482 2116 1537 sed
2148 1483 2201 1536 in

637 1588 847 1649 Galliis,
880 1582 1180 1647 Britannia,
1210 1590 1372 1649 atque
1398 1578 1580 1632 Africa
1617 1572 2018 1647 proconsulari.
2047 1570 2203 1638 Quod

638 1681 683 1734 si
716 1680 784 1734 ab
812 1693 958 1732 anno
981 1675 1106 1741 ⁸557,
1132 1688 1242 1743 quo
1278 1671 1674 1726 Constantinus
1694 1667 1921 1737 Magnus
1945 1664 2201 1726 excessit,

639 1772 706 1827 ad
751 1772 875 1835 560,
913 1778 1037 1823 ante
1067 1782 1226 1837 quem
1280 1764 1543 1834 Gregorio
1580 1762 1724 1816 diem
1773 1759 1958 1813 Roma:
2003 1757 2203 1811 dictam

2299 570 2409 623 rint
2438 586 2453 623 :
2480 584 2716 640 cumque
2749 580 2955 625 certum
2990 569 3121 623 illud
3150 612 3163 635 ,
3203 568 3626 625 Constantinum
3675 588 3871 641 quem-

2298 661 2421 715 dam
2451 662 2720 717 Caesarem
2747 662 3031 716 dimidium
3062 660 3251 717 Romae
3278 665 3589 733 apostolicae
3618 664 3881 721 Ecclesia

2299 753 2581 819 tribuisse,
2621 753 2745 808 inde
2773 753 2912 807 bella
2935 762 3150 822 arrepta
3180 754 3395 807 occasio
3414 769 3610 809 novam
3632 758 3872 811 cudendi

2298 845 2646 899 donationem
2669 886 2685 910 ,
2711 846 2869 914 cujus
2908 856 3102 899 auctor
3130 860 3237 899 non
3276 844 3674 901 Constantinus
3709 846 3883 919 Pogo-

2300 948 2486 1003 natus,
2527 936 2619 992 sed
2651 932 2883 1006 Magnus
2914 936 3325 1007 perbiberetur,
3364 938 3568 1007 quique
3599 954 3705 992 non
3741 956 3879 993 con-

2303 1028 2651 1083 suetudinum
2683 1027 2997 1093 dimidium,
3024 1028 3077 1080 in
3107 1042 3217 1096 quo
3240 1027 3459 1081 dimidia
3498 1027 3666 1082 Roma
3701 1029 3881 1100 signi-

2303 1120 2485 1184 ﬁcata,
2525 1118 2755 1182 dederit,
2792 1117 2887 1173 sed
2919 1133 3139 1173 omnem
3173 1117 3333 1188 plane
3374 1118 3564 1173 urbem
3598 1135 3725 1173 cum
3752 1122 3886 1187 jure

2302 1211 2465 1281 gladii
2500 1226 2516 1266 :
2550 1226 2727 1281 neque
2758 1209 2988 1265 Romam
3017 1217 3245 1273 tantum.
3281 1208 3398 1272 sed,
3433 1219 3492 1263 ut
3521 1211 3887 1281 magniﬁcen-

2302 1304 2411 1356 tior
2451 1304 2677 1356 donatio
2730 1312 3053 1372 appareret,
3114 1302 3426 1371 provincias
3485 1318 3591 1357 non
3650 1319 3885 1371 paucas.

2303 1396 2503 1463 quibus
2540 1396 2643 1447 alia
2690 1398 2913 1463 insuper
2963 1395 3330 1463 supplementi
3381 1394 3503 1448 loco
3545 1395 3768 1457 addita,
3825 1402 3891 1446 ut

2306 1487 2536 1542 Romani
2566 1488 2838 1557 pontilicis
2870 1486 3208 1555 principatus
3238 1486 3414 1556 mqnis
3459 1486 3893 1540 conditionibus

2307 1580 2695 1633 illustraretur.
2737 1578 2918 1643 Quare
2959 1577 3027 1631 ad
3069 1586 3282 1638 extera,
3314 1590 3440 1646 quae
3467 1575 3891 1631 Constantiniao

2304 1686 2429 1723 nam
2469 1668 2756 1738 proﬂigent
2783 1667 3141 1721 donationem
3168 1666 3327 1735 cujus
3354 1681 3462 1719 non
3492 1681 3601 1719 una
3631 1672 3895 1733 prostant

2306 1760 2654 1831 exemplaria,
2685 1758 3058 1815 testimonium
3083 1757 3298 1813 Leontii
3328 1758 3576 1819 accedat,
3600 1758 3750 1826 quod
3774 1772 3891 1810 non

641 1881 749 1919 non
777 1872 926 1932 putat
951 1860 1266 1923 Caietanus,
1298 1856 1427 1911 anni
1458 1854 1682 1909 omnino
1714 1851 2060 1906 intercedunt
2081 1848 2207 1912 223,
2244 1857 2284 1915 Β
2313 1852 2474 1905 modo
2508 1850 2965 1921 impudentissimi
2999 1851 3317 1920 impostoris
3369 1849 3617 1904 fraudem
3654 1849 3892 1916 detegit,

641 1954 789 2008 nullo
824 1960 977 2020 pacto
1022 1947 1377 2003 ascribeudus
1416 1941 1711 2012 Gregorius
1734 1933 2207 1993 annisIustiniani
2248 1960 2261 1969 -

639 2043 684 2109 Ι,
718 2045 821 2099 sub
853 2057 964 2112 quo
996 2055 1172 2110 neque
1204 2041 1531 2107 ipse,neque
1560 2032 1837 2089 Romanus
1864 2027 2101 2099 pontifex
2128 2026 2213 2079 di-

640 2136 785 2191 xisse
810 2140 1079 2204 poterant,
1101 2131 1232 2197 imp.
1264 2126 1403 2183 Ctes.
1437 2124 1798 2180 Constantino
1822 2122 2015 2191 Magno
2044 2133 2215 2187 quon-

644 2229 768 2281 dam
830 2225 1097 2295 paruisse.
1133 2220 1287 2286 Quod
1343 2219 1388 2273 si
1429 2222 1494 2271 ad
1541 2214 1835 2271 Iustiniani
1888 2212 1925 2263 Il
1970 2222 2210 2278 tempora

640 2320 959 2374 diﬂ‘eramus
990 2313 1334 2383 Gregorium,
1370 2311 1555 2363 statim
1608 2314 1859 2362 occurret
1900 2300 2214 2357 Constanti-

641 2427 747 2465 nus
782 2412 916 2478 Aug.
958 2404 1251 2460 Iustiniani
1302 2411 1473 2471 pater,
1512 2399 1799 2468 piissimus
1827 2410 1986 2458 vere,
2035 2392 2217 2445 Eccleo

642 2503 844 2568 situque
877 2499 1016 2551 bono
1050 2504 1210 2547 natus
1233 2530 1248 2555 ,
1279 2506 1439 2561 quem
1475 2490 1830 2558 imperantem
1866 2482 2133 2539 coluerint
2160 2486 2213 2533 et

645 2590 888 2656 Sergius,
920 2595 971 2637 et
1004 2580 1322 2650 Gregorius.
1369 2578 1465 2631 llic
1492 2580 1658 2646 igitur
1682 2573 2077 2628 Constantinus
2106 2570 2216 2638 pri-

645 2694 768 2733 mus
795 2675 1041 2731 omnium
1083 2671 1254 2733 dedit,
1294 2670 1620 2737 donavitque
1667 2665 1730 2719 B.
1764 2663 1927 2719 Petro
1966 2659 2216 2730 apostolo

644 2769 939 2824 dimidium
974 2764 1189 2826 Romae,
1246 2761 1350 2814 hoc
1397 2768 1479 2814 est.
1539 2758 1649 2812 τῶν
1707 2754 2030 2827 ὡρισμένων
2078 2768 2208 2804 συν-

644 2861 865 2934 ηθειῶν,
896 2859 1008 2913 sive
1030 2854 1294 2916 Cononis,
1317 2867 1480 2923 quem
1504 2856 1915 2920 reprzesentaret
1936 2844 2217 2899 Romanus

648 2955 910 3027 populus,
943 2949 1085 3005 unde
1116 2954 1368 3016 sumptus
1399 2944 1710 2999 sullicerent
1733 2979 1751 3004 ,
1789 2939 1947 3008 queis
1975 2936 2217 3027 Ecclesia

644 3024 763 3103 erat
788 3060 947 3116 opus,
982 3057 1091 3097 non
1123 3053 1285 3096 secus
1355 3047 1518 3106 atque
1555 3034 1753 3089 deinde
1778 3029 2121 3086 Iustinianus
2152 3024 2214 3079 ιε’.

644 3135 1011 3209 Agrigentinus:
1040 3131 1330 3199 Ecclesiae,
1359 3144 1469 3199 quo
1503 3142 1704 3182 novum
1744 3134 1800 3178 et
1850 3121 2132 3190 templum,
2165 3125 2219 3209 et

2313 1941 2406 1996 sed
2437 1956 2613 2011 ecquo
2650 1956 2681 1995 e
2719 1941 2928 1996 semine
2963 1951 3271 1994 monstrum
3304 1939 3435 1994 illud
3473 1949 3687 2002 natum,
3736 1940 3891 2007 quod

2314 2042 2393 2088 tot
2424 2034 2623 2089 sarcula
2652 2033 2723 2088 ob
2750 2033 2940 2088 oculos
2970 2034 3255 2086 hominum
3297 2043 3567 2086 versatur.

2384 2123 2494 2179 XL.
2526 2125 2653 2180 Haec
2690 2138 2813 2179 cum
2851 2124 2924 2178 ita
2958 2123 3086 2184 sint,
3128 2122 3257 2192 quid
3304 2130 3473 2177 restat
3517 2122 3779 2191 amplius.
3828 2129 3893 2173 ut

2312 2215 2469 2270 effcta
2510 2216 2718 2272 viribus
2748 2217 2966 2271 dicatur
3010 2215 3252 2270 Caietaui
3283 2215 3469 2282 opinio
3518 2216 3586 2270 de
3625 2213 3892 2283 Gregorio

2312 2306 2791 2376 Agrigentinorum
2843 2307 3101 2377 episcopo
3149 2304 3463 2359 Iustiniano
3517 2304 3537 2357 l
3587 2304 3893 2375 compare?

2314 2396 2446 2449 Tam
2480 2402 2646 2451 multa
2688 2413 2812 2452 cum
2868 2399 3018 2451 illam
3078 2405 3413 2467 oppugnent,
3459 2406 3655 2451 contra
3702 2396 3890 2451 omnia

2313 2490 2632 2558 conspircnt
2660 2489 2728 2542 ad
2756 2488 3167 2554 declarandum,
3203 2491 3369 2544 vitam
3397 2486 3727 2559 Gregorium
3758 2503 3891 2559 pro-

2313 2578 2537 2634 duxisse
2587 2581 2690 2635 sub
2724 2578 3039 2634 Iustiniano
3077 2578 3139 2641 ll.
3172 2580 3297 2649 quis
3343 2591 3451 2636 tam
3497 2584 3688 2636 insane
3724 2580 3894 2634 obﬁr-

2315 2683 2461 2726 mato
2493 2672 2566 2725 sit
2596 2673 2799 2736 animo,
2837 2672 2930 2741 qui
2961 2672 3014 2724 in
3042 2672 3290 2741 Cajetani
3328 2673 3495 2727 verba
3530 2673 3894 2726 nihilominus

2311 2764 2497 2834 juret?
2532 2754 2701 2818 Nemo
2736 2778 2879 2817 unus
2908 2779 2973 2818 ex
3018 2765 3249 2819 vetustis
3283 2766 3647 2835 scriptoribus
3687 2763 3896 2835 Gregoo

2317 2855 2458 2909 rium
2512 2853 2580 2907 ad
2636 2851 2980 2908 Iustinianil
3034 2864 3277 2924 tempora
3312 2856 3524 2924 rejecit,
3580 2838 3923 2925 Nicephoror

2316 2947 2540 3003 Callisto
2589 2958 2835 3019 excepto,
2874 2947 2968 3001 lib.
3006 2964 3136 3013 xvu,
3170 2963 3292 3018 cap.
3327 2949 3393 3001 2'7
3450 2946 3522 3001 Η.
3556 2947 3623 3002 E.
3656 2947 3728 3002 At
3766 2948 3896 3017 quis

2319 3043 2420 3097 iste
2441 3040 2824 3112 Nicepliorusl
2850 3039 3044 3096 Saculi
3073 3056 3161 3095 xw
3191 3042 3444 3111 scriptor,
3477 3041 3571 3111 qui
3603 3049 3684 3095 tot
3706 3041 3895 3110 splian

2320 3145 2465 3190 mata
2501 3136 2775 3190 commisit
2805 3136 2859 3189 in
2890 3135 3308 3190 eccclesiasticis
3343 3134 3510 3189 rebus
3538 3134 3891 3196 enarraudis,

645 3196 887 3301 episeopi
927 3196 1562 3285 aedessexslruerénlur.
1612 3215 1894 3273 dimidiam
1937 3207 2217 3282 Δενίθεηιί
2245 3196 2287 3251 C
2320 3235 2379 3280 ut
2402 3226 2620 3280 nonnisi
2646 3242 2770 3281 cum
2803 3227 2962 3280 taadio
2994 3227 3064 3280 ab
3102 3225 3454 3293 acrisjudicii
3488 3226 3621 3278 viris
3654 3225 3779 3295 ejus
3797 3225 3892 3279 lli-

648 3331 854 3394 partem
892 3318 1060 3381 dedit,
1091 3316 1145 3370 in
1192 3328 1320 3384 qua,
1355 3326 1519 3381 super
1552 3310 1779 3373 tributa,
1811 3320 1933 3377 qua:
1982 3301 2215 3394 pepulus

648 3392 923 3485 penderet,
951 3409 1027 3464 nil
1050 3409 1269 3462 demum
1310 3403 1622 3471 intelligas,
1682 3414 1805 3454 nam
1850 3398 2035 3450 datum
2080 3392 2217 3446 adeo

651 3504 974 3575 imperiijus
1002 3498 1271 3569 suspicari
1303 3510 1412 3552 non
1453 3494 1582 3548 licet
1604 3534 1618 3558 ,
1661 3505 1785 3545 cum
1842 3503 1947 3543 una
2006 3485 2219 3540 eadem-

650 3614 756 3669 que
781 3597 977 3653 civitas
1010 3592 1225 3646 duobus
1253 3602 1447 3659 parere
1467 3584 1706 3639 dominis
1723 3583 1881 3652 plane
1904 3589 2219 3669 monstruo-

650 3665 794 3751 sum,
816 3698 994 3755 neque
1023 3682 1229 3736 donum
1255 3680 1516 3733 donatum
1546 3689 1641 3728 seu
1668 3672 1931 3733 Romano,
1956 3683 2048 3723 seu
2073 3665 2223 3733 Agri-

651 3778 873 3849 gentino
901 3774 1181 3844 episcopo,
1223 3770 1316 3825 sed
1340 3767 1501 3822 Petro
1521 3775 1574 3820 et
1597 3763 1727 3825 Deo,
1761 3771 1819 3815 ut
1848 3759 2101 3813 Ecclesia:
2128 3758 2222 3809 im.

654 3870 838 3941 pensis
875 3866 1303 3927 consuleretur;
1345 3859 1490 3930 quod
1538 3856 1739 3911 diserte
1781 3855 1834 3907 in
1870 3851 2219 3921 Agrigentina

652 3961 945 4015 donatione
976 3954 1343 4027 significatum
1365 3994 1381 4019 ,
1437 3966 1615 4019 neque
1647 3949 1831 4003 secius
1863 3948 1930 4001 dc
1974 3943 2221 3998 Romana

654 4047 1059 4103 aﬂiruiandum.

724 4158 971 4214 XXXIX.
1014 4157 1191 4226 Atque
1222 4153 1310 4208 hic
1337 4150 1598 4225 gratulari
1642 4150 1777 4205 mihi
1816 4149 1976 4204 liceat
2024 4150 2228 4202 littera-

657 4263 832 4307 torum
853 4249 1082 4312 civitati,
1108 4245 1371 4317 singulari
1388 4238 1591 4299 ornata
1618 4243 1878 4296 beneficio
1901 4243 1969 4295 ab
1997 4240 2225 4295 Leontio

656 4352 869 4405 nostro,
903 4340 989 4393 cui
1016 4339 1201 4409 gratia:
1226 4352 1290 4390 eo
1327 4337 1551 4388 nomine
1586 4348 1717 4388 sane
1752 4346 1915 4401 quam
1947 4332 2099 4384 mira:
2127 4332 2223 4384 lia-

655 4434 863 4487 bendte.
896 4432 1107 4497 Quotus
1139 4430 1285 4482 enim
1327 4427 1560 4497 quisque
1589 4426 1801 4494 est,qui
1832 4425 2057 4486 nesciat,
2088 4438 2226 4494 quas

2316 3321 2483 3375 storia
2527 3320 2757 3387 legatur.
2812 3320 3004 3375 Ausim
3040 3321 3203 3389 igitur
3236 3316 3590 3374 Leontianam
3624 3320 3790 3374 ﬁdem
3840 3321 3890 3371 in

2315 3411 2609 3465 discrimen
2646 3426 2841 3464 vocare
2874 3422 2981 3465 tam
3009 3411 3222 3466 lubrico
3262 3411 3596 3473 testimonio,
3632 3410 3784 3480 quod
3819 3419 3891 3465 tot

2317 3503 2811 3589 alia’oppugnant?
2867 3501 3066 3557 Przeter
3114 3502 3478 3571 Epitomasten
3548 3500 3892 3571 Gregorianz

2318 3595 2463 3661 vitae,
2497 3606 2551 3650 et
2598 3598 2957 3667 Menologium
3007 3596 3362 3661 Basilianum,
3392 3596 3462 3651 ab
3500 3595 3734 3651 Leontio
3769 3604 3888 3649 sunt

2322 3689 2547 3744 Simeon
2575 3691 2992 3758 metaphrastes.
3038 3688 3398 3759 Menologium
3443 3686 3691 3743 Graecum
3729 3704 3760 3741 a
3791 3686 3886 3743 Go-

2321 3780 2505 3835 lielmo
2561 3780 2761 3835 Sirlelo
2798 3780 2987 3835 Latine
3042 3797 3283 3842 versum,
3323 3779 3541 3834 Nicetas
3590 3780 3887 3834 monachus

2323 3869 2561 3934 Studita,
2603 3885 2743 3940 quos
2774 3881 2951 3925 tamen
2985 3870 3280 3925 Caietanus
3331 3872 3617 3924 sententia
3656 3886 3773 3925 sua
3799 3888 3886 3924 au-

2322 3973 2500 4017 ctores
2542 3964 2765 4017 laudare
2809 3978 2915 4017 non
2975 3972 3213 4017 veretur.
3267 3960 3515 4017 Haecine
3540 3962 3886 4032 εὐστομαχιῖκ

2323 4053 2609 4117 feremus,
2671 4068 2738 4106 an
2807 4067 2931 4105 cum
3003 4051 3331 4107 Terentiano
3372 4052 3597 4109 Simone
3649 4058 3887 4109 dicamus

2325 4145 2401 4213 (in
2438 4144 2604 4196 Andr.
2636 4152 2742 4196 act.
2776 4159 2829 4205 v,
2864 4160 2941 4197 sc.
2978 4146 3054 4212 5).

2535 4238 2623 4289 Ita
2658 4237 2960 4303 prwdicat?
2988 4240 3246 4306 ingentem
3275 4240 3691 4307 conﬁdentiam!

2396 4327 2531 4383 XLI.
2570 4329 2964 4399 Metaphrastes
2992 4339 3101 4383 tam
3144 4330 3373 4399 liquido,
3423 4347 3587 4401 quam
3635 4333 3723 4386 lux
3756 4332 3884 4401 ipsa,

2326 4423 2588 4492 scripsit,
2666 4423 2981 4476 interfuisse
3047 4421 3365 4494 Gregorium
3436 4440 3644 4494 magna:
3689 4425 3885 4495 synodo

656 4524 885 4579 dividias
948 4521 1202 4575 excitarit
1249 4517 1590 4574 Constantini
1642 4515 1782 4587 Aug.
1823 4514 2064 4578 donatio,
2117 4528 2223 4582 qua
2257 4515 2975 4598 DConstantinopolitante,
3032 4534 3154 4586 qua:
3208 4518 3463 4572 convenit
3532 4518 3884 4573 Monotltelitis

656 4624 817 4669 aucta
858 4614 1027 4665 fertur
1068 4611 1312 4663 Romana
1341 4605 1777 4662 Ecclesia?Sunt
1810 4604 1901 4674 qui
1941 4603 2087 4657 illam
2130 4602 2225 4671 by-

656 4706 1034 4777 pobnlima-am
1070 4702 1348 4771 sugillent,
1382 4708 1511 4754 sunt
1541 4697 1633 4768 qui
1666 4706 1726 4751 ut
1756 4696 2223 4767 germanissimam

656 4794 1001 4851 Constantini
1029 4792 1355 4862 scripturam
1402 4790 1800 4859 amplexcntur,
1848 4796 1973 4841 sunt
2002 4786 2094 4854 qui
2127 4786 2225 4839 de-

658 4894 938 4956 pravatum
976 4882 1280 4952 legitimum
1329 4896 1466 4950 opus
1515 4880 1800 4943 dictilent,
1850 4877 1942 4931 sed
1975 4876 2075 4941 iis,
2133 4874 2225 4943 qui

659 4976 991 5031 subditivam
1020 4976 1169 5028 illam
1199 4974 1410 5037 volunt,
1436 4970 1675 5027 nondum
1694 4978 2028 5037 compertum
2053 4981 2228 5035 ecquo

659 5086 690 5127 e
719 5068 868 5124 fonte
908 5067 1092 5123 fabula
1117 5068 1207 5120 illa
1224 5068 1483 5135 eruperit.
1525 5063 1763 5117 Tandem
1787 5076 1916 5115 vero
1934 5061 2227 5129 aliquando

658 5161 832 5217 facem
873 5161 1022 5215 hisce
1053 5159 1295 5212 tenebris
1337 5157 1667 5228 dcpellcndis
1702 5154 1942 5224 praetulit
1968 5151 2228 5207 Leontius

659 5261 845 5307 noster
886 5251 1241 5312 testimonio,
1297 5250 1441 5320 quod
1497 5262 1632 5301 auro
1686 5255 1878 5301 contra
1911 5244 2226 5313 preliosiua,

659 5342 917 5409 quodque
943 5338 1149 5393 frustra
1181 5338 1478 5392 Caietanus
1507 5337 1780 5391 sollicitat.
1816 5333 1890 5387 Ex
1931 5349 1997 5386 eo
2029 5332 2227 5385 intelli-

661 5432 861 5502 gimus,
883 5428 1187 5483 Romanam
1208 5428 1504 5484 Ecclesiam
1527 5444 1554 5481 a
1578 5425 1935 5481 Constantino
1956 5424 2230 5494 Pogonato

659 5527 916 5577 donatam
942 5522 1168 5576 dimidio
1201 5523 1448 5586 canonis,
1477 5535 1637 5590 quem
1682 5519 1913 5588 populus
1949 5515 2228 5569 Romanus

661 5615 716 5669 in
751 5615 944 5669 ﬁscum
968 5613 1277 5669 Caesareum
1314 5612 1600 5667 inferebat.
1625 5612 1729 5665 Sed
1755 5612 1923 5673 enim,
1943 5624 2065 5663 cum
2104 5620 2230 5661 tem-

660 5709 808 5776 poris
842 5723 1096 5776 processu
1126 5707 1403 5763 Casarum
1456 5706 1699 5776 potentia
1752 5707 1804 5760 in
1834 5705 2009 5768 ltalia,
2065 5714 2229 5773 atque

662 5798 777 5867 ipsa
811 5800 942 5853 urbe
969 5800 1285 5853 labefactata
1316 5808 1516 5862 rueret,
1548 5814 1652 5852 non
1678 5798 1809 5851 mihi
1830 5796 2227 5866 dubium,quin

2330 4624 2460 4662 orco
2516 4609 2869 4672 devovendis,
2912 4610 3258 4677 potissimum
3298 4625 3427 4663 vero
3471 4609 3636 4680 Cyro,
3685 4610 3883 4679 Sergio,

2324 4700 2554 4772 Pyrrho,
2573 4698 2743 4755 Paulo
2765 4698 3248 4755 Mouotlielitarum
3274 4700 3601 4770 primipilis;
3629 4702 3882 4768 simulque

2326 4794 2492 4847 vitam
2521 4794 2698 4863 egisse
2727 4791 3038 4848 Iustiniano
3077 4795 3215 4862 Aug.
3265 4793 3587 4862 imperante.
3621 4792 3753 4858 Quid
3786 4792 3881 4845 hoc

2326 4896 2429 4949 est,
2461 4887 2568 4940 nisi
2597 4886 2881 4941 nobiscum
2913 4888 3116 4940 sentire
3155 4885 3611 4956 Metapbrastem?
3641 4887 3730 4941 sed
3751 4887 3879 4939 enim

2329 4980 2479 5033 illum
2520 4989 2673 5033 ratus
2700 4978 2997 5049 Cajetanus
3029 4980 3095 5034 ad
3136 4996 3262 5034 suas
3296 4980 3589 5034 adductum
3628 4981 3693 5033 iri
3730 4980 3874 5033 ratio-

2330 5088 2447 5136 nes,
2484 5072 2645 5125 modo
2705 5073 3133 5125 contaminatam
3174 5072 3381 5126 diceret
3428 5073 3785 5125 narrationem
3818 5070 3876 5123 de

2328 5162 2535 5232 synodo
2616 5162 2879 5218 adversus
2963 5164 3347 5218 Monotbelitas
3424 5173 3639 5219 coacta.
3706 5163 3876 5231 Ecqua’

2329 5255 2578 5325 (malum)
2610 5256 2895 5310 calamitas
2922 5256 3046 5319 ista,
3100 5272 3204 5326 qua
3254 5255 3491 5310 elllictim
3519 5272 3741 5326 pressus
3769 5270 3875 5308 cum

2329 5343 2630 5408 Leontius,
2703 5353 2817 5397 tum
2850 5343 3281 5415 Metaphrastes?
3340 5343 3647 5410 Corruptus
3691 5342 3875 5397 Leontii

2329 5433 2789 5500 Commentarios,
2864 5435 2959 5488 ubi
3011 5443 3364 5504 percensctur
3416 5432 3707 5503 Gregorius
3756 5433 3873 5485 inter

2331 5525 2611 5595 theologos
2656 5533 2963 5594 cooptatus,
2995 5526 3087 5594 qui
3141 5540 3358 5579 summo
3394 5523 3446 5576 in
3484 5538 3736 5578 consessu
3777 5519 3872 5573 llo-

2333 5617 2624 5671 nothelitas
2649 5618 3087 5687 proscriberent;
3114 5618 3405 5688 depravata
3438 5617 3541 5670 hoc
3569 5616 3685 5685 ipso
3704 5615 3750 5667 in
3772 5613 3872 5665 locc

2333 5708 2580 5777 Gregorii
2632 5710 2742 5763 vita
2774 5750 2787 5770 .
2866 5725 3029 5779 quam
3078 5708 3476 5778 Metapbrastes
3534 5706 3871 5784 concinnavit.

2334 5800 2465 5854 Mira
2498 5816 2607 5866 res,
2640 5801 2727 5853 cui
2760 5815 2865 5853 non
2898 5800 3144 5865 credant,
3180 5801 3286 5855 nisi
3320 5802 3413 5870 qui
3452 5801 3657 5855 fuerint
3684 5816 3711 5853 ε
3737 5802 3870 5867 gente
