3934 6528
106 354 265 419 1225

1503 351 2033 417 DISSERTATIO.

3243 351 3384 417 ῙΞΞΞΒ

102 462 363 518 “cuicui.
419 462 546 529 Sed,
591 472 652 520 ut
707 463 825 519 lucc
872 462 1218 529 omittantur,
1251 462 1387 519 satis
1434 478 1710 534 superque
1735 473 1785 527 Α
1809 474 2019 529 noster,
2052 465 2144 535 qui
2175 465 2242 521 de
2275 466 2540 539 Gregorio
2573 468 2744 522 Roma
2788 465 3022 537 appulso
3043 464 3299 520 Panornn
3326 486 3378 523 ιιι

101 558 283 611 docet
339 555 743 625 Metaphrastes
792 556 1116 626 Gregorium
1170 565 1421 612 nostrum
1476 556 1535 612 in
1583 571 1709 612 eaut

102 649 399 718 synodum
435 648 598 718 319
620 650 967 714 convenisse,
1016 648 1069 703 in
1100 661 1207 718 qua
1255 663 1342 705 res
1370 657 1492 704 aeta
1516 658 1707 704 contra

105 741 517 797 Monothelitas
548 760 562 795 :
591 758 721 796 nam
750 743 828 797 ait
865 742 936 798 ab
970 758 1034 798 ea
1068 742 1313 799 abfuisse
1348 758 1472 798 cum
1497 743 1711 807 Romae,

105 847 237 890 tum
267 836 542 892 Sardinia:
567 836 882 907 episcopos,
906 837 1107 907 quippe
1136 836 1337 891 morbo
1362 835 1658 906 implicitos
1689 853 1705 890 :

106 938 167 983 et
198 926 524 985 Romanum
552 930 773 999 quidem
811 930 1051 999 legatum
1079 929 1316 996 misisse,
1344 930 1435 999 qui
1467 929 1552 984 sui
1586 944 1712 999 pcr-

106 1037 317 1075 sonam
348 1021 547 1075 obiret.
580 1017 705 1075 Haec
737 1034 842 1073 non
876 1020 1107 1082 eadunt,
1136 1019 1243 1076 nisi
1271 1021 1328 1075 in
1366 1020 1631 1090 synodum
1655 1035 1709 1075 vt

104 1112 569 1177 acrimenicam;
609 1125 735 1166 nam
763 1110 907 1180 quod
949 1126 981 1163 v
1020 1110 1233 1174 attinet,
1273 1125 1449 1180 neque
1481 1110 1641 1179 legati
1678 1125 1711 1166 ι

109 1204 391 1272 ponti‘ice
442 1200 620 1265 missi,
654 1200 746 1269 qui
797 1199 1006 1271 synodo
1048 1208 1367 1270 praeessent,
1399 1215 1576 1270 neque
1625 1199 1714 1256 hic

109 1294 324 1347 Romae
361 1291 701 1353 considebat,
742 1291 833 1345 sed
875 1291 992 1361 ipsa
1043 1292 1098 1345 in
1136 1292 1270 1347 urbe
1302 1292 1473 1359 regia,
1505 1292 1647 1362 quod
1678 1306 1713 1347 a

110 1385 289 1437 nobis
315 1386 775 1437 demonstratum.
807 1381 923 1446 Ona
955 1396 1011 1436 re
1044 1382 1351 1452 improbum
1385 1399 1525 1451 opus
1554 1384 1715 1438 desu-

109 1475 219 1530 dat
246 1475 579 1544 Gajetsnus,
628 1462 753 1528 cum
796 1472 1219 1543 Metaphrastem
1257 1474 1310 1529 in
1346 1482 1535 1545 partes
1583 1490 1714 1531 suas

112 1569 459 1637 protrahere
491 1574 784 1636 pertentat.

194 1657 370 1712 XLII.
406 1658 590 1728 Neque
620 1656 910 1711 candidius
934 1654 1103 1711 fatum
1127 1665 1406 1726 expertus,
1437 1672 1563 1713 cum
1586 1672 1717 1729 sup—

115 1750 309 1817 petias
348 1748 581 1802 advocat
611 1761 639 1799 a
667 1744 859 1802 Grch
882 1745 1192 1818 Meuologio
1218 1746 1514 1813 Sirlctano,
1545 1734 1715 1822 e’quo

114 1855 242 1893 ιιοιι
270 1841 455 1904 video,
478 1839 607 1909 quid
632 1846 917 1908 emungat,
940 1836 1083 1909 quod
1108 1838 1176 1895 ad
1212 1828 1373 1895 suam
1394 1839 1561 1897 faciat
1583 1818 1717 1898 can-
1745 1818 1787 1874 Β

118 1946 278 1984 sam.
325 1928 400 1983 Ex
435 1944 500 1985 eo
531 1931 644 1984 hazc
681 1929 896 1993 recitat,
930 1945 1050 2001 quae
1095 1930 1306 1987 scilicet
1352 1931 1613 2003 leguntur
1646 1934 1715 1988 ad

118 2019 200 2072 9.3
237 2018 564 2074 Novembris
594 2037 607 2073 :
632 2017 1079 2075 Gommemoratio
1130 2021 1306 2076 sancti
1338 2020 1578 2093 Gregorii
1605 2024 1717 2092 epi-

121 2113 283 2181 scopi
311 2110 662 2182 Agrigentini.
690 2112 792 2166 Hic
820 2112 922 2182 fuit
958 2112 1053 2167 sub
1087 2115 1302 2182 imperio
1327 2113 1623 2170 Iustiniani
1647 2132 1717 2171 ea:

125 2206 269 2259 urbe
306 2205 613 2276 Agrigento,
657 2206 757 2275 piis
788 2214 943 2276 atque
971 2207 1356 2275 Itospitaiitatis
1412 2217 1463 2262 et
1498 2208 1720 2264 eleemo-

124 2314 392 2369 agnorum
435 2298 848 2353 studiesissimis
874 2299 1183 2367 parentibus
1214 2310 1383 2354 ortus.
1415 2304 1593 2355 Annos
1623 2319 1720 2356 na-

128 2401 222 2443 tus
262 2390 442 2444 decem
488 2399 538 2443 et
591 2399 709 2444 octo
760 2390 1024 2444 desiderio
1053 2391 1337 2445 uenerandi
1374 2398 1559 2447 sancta
1602 2394 1721 2448 loca

131 2482 575 2552 Hierosolymam
594 2483 777 2551 petiit,
817 2482 990 2554 ibique
1034 2500 1067 2538 α
1095 2493 1278 2538 sancto
1319 2486 1563 2540 Macario
1600 2487 1722 2541 dia-

122 2592 305 2629 conus
336 2575 511 2645 factus
546 2591 782 2630 reversus
808 2586 887 2630 est
915 2576 1269 2647 Byzantium;
1294 2590 1473 2648 postea
1500 2578 1721 2633 Romam

126 2670 306 2734 eenit,
362 2670 450 2723 ubi
492 2670 763 2739 episcopus
796 2671 1170 2742 Agrigentinus
1214 2682 1423 2727 creatus
1468 2682 1566 2735 est,
1619 2690 1721 2744 quo

130 2776 359 2814 munere
388 2760 642 2828 prteclare
674 2760 909 2831 functus,
944 2762 1122 2816 multis
1142 2764 1298 2818 editis
1320 2765 1626 2830 miraculis,
1666 2765 1722 2819 in

128 2869 357 2906 summa
400 2861 661 2907 senectute
707 2854 952 2924 migravit
1009 2855 1081 2909 ad
1128 2854 1430 2912 Dominum.
1485 2855 1723 2915 Hoccine

136 2956 407 3014 magnum
450 2943 583 2999 illud
615 2945 1014 3011 testimonium,
1058 2963 1168 3018 quo
1200 2956 1484 3021 tantopere
1528 2952 1726 3021 gestiat

131 3034 485 3102 Caje’tanus?
531 3051 669 3091 eone
725 3036 949 3093 nomine
992 3038 1152 3096 obelo
1200 3040 1426 3109 dignum
1477 3042 1722 3099 habitum

140 3125 510 3197 llenologium
541 3127 712 3193 aliud,
746 3126 933 3183 Basilii
961 3130 1103 3201 Aug.
1158 3132 1364 3188 editum
1395 3134 1576 3204 jussu,
1625 3137 1716 3191 ubi
1743 3147 1792 3209 α

139 3217 401 3271 disertim
437 3217 645 3273 indicat
668 3219 875 3275 vixisse
917 3220 1240 3291 Gregorium
1271 3223 1375 3279 sub
1409 3223 1723 3282 Iustiniano

140 3304 551 3361 Rhinotmcto!
603 3307 827 3377 perinde
876 3323 1007 3365 vero
1057 3325 1143 3377 ac,
1200 3312 1328 3382 quia
1390 3313 1722 3373 Sirletanum

141 3398 510 3465 Menologium
562 3398 931 3457 Iustinianum
982 3404 1289 3460 nominavit
1314 3406 1485 3461 "nulla
1519 3422 1725 3481 cogno-

147 3490 328 3544 menti
366 3491 704 3558 accessione,
746 3491 952 3549 idcirco
985 3494 1409 3566 confugiendum
1441 3498 1508 3554 ad
1549 3498 1725 3558 Iusti-

138 3584 374 3637 nianum
405 3582 450 3647 ι.
477 3584 700 3639 excluso
724 3585 940 3654 penitus
965 3583 1273 3644 Iustiniano
1288 3587 1353 3644 ll.
1388 3588 1492 3647 Sed
1522 3606 1727 3664 cogno-

138 3688 259 3737 sce,
295 3690 417 3744 quae
443 3677 915 3745 comminiscetur,
952 3680 1031 3735 uti
1078 3696 1260 3747 suam,
1308 3697 1532 3754 quoquo
1562 3687 1725 3742 modo

143 3765 345 3833 possit,
384 3766 710 3822 sententiam
758 3778 984 3825 tutetur.
1034 3769 1193 3827 Videt
1224 3772 1414 3828 eodem
1447 3775 1499 3828 in
1552 3777 1725 3832 δεικ-

141 3866 279 3909 taoo
328 3856 632 3928 Menologio
663 3859 730 3913 ad
767 3858 834 3915 19
873 3860 1189 3917 Decembris
1239 3866 1569 3922 mentionem
1607 3869 1722 3925 fieri

142 3948 216 4001 de
240 3957 438 4002 sancto
472 3946 735 4020 Gregorio
763 3950 1141 4022 Agrigentino,
1182 3963 1346 4026 atque
1375 3956 1503 4013 hinc
1534 3960 1725 4014 statuit

141 4038 289 4093 duos
326 4037 617 4110 Gregorios
660 4040 1138 4113 Agrigentinorum
1185 4048 1493 4119 episcOpos,
1530 4066 1722 4118 unum,

143 4129 254 4183 hoc
275 4139 361 4185 est
387 4126 775 4201 Leontianum,
804 4137 899 4205 qui
930 4136 1127 4192 vixerit
1157 4135 1471 4195 Iustiniano
1503 4138 1520 4195 I
1553 4141 1724 4214 Aug.,

142 4219 313 4289 eique
354 4231 573 4292 arrogat
602 4222 866 4293 elogium,
909 4226 1057 4295 quod
1085 4228 1153 4282 ad
1196 4229 1266 4284 25
1297 4228 1620 4288 Novembris
1667 4234 1721 4290 in

144 4310 424 4367 Sirletano
456 4313 762 4387 ﬂenologio
798 4318 1036 4388 legitur;
1083 4321 1318 4377 alterum
1347 4322 1646 4380 Iustiniani
1678 4324 1723 4381 ll

144 4416 321 4468 regno
348 4402 608 4471 vindicat,
633 4421 794 4476 quem
846 4409 1162 4466 meminisse
1191 4412 1330 4467 idem
1359 4412 1721 4484 Menologium

143 4502 306 4561 putat
345 4495 413 4549 ad
449 4498 514 4552 l9
554 4494 904 4568 Decembris;
957 4515 1069 4573 quo
1114 4503 1434 4560 discrimine
1481 4507 1726 4577 neglecto

145 4584 357 4639 factum
412 4587 510 4653 ait,
547 4595 608 4643 ut
655 4590 823 4659 priori
862 4594 1056 4662 partim
1098 4596 1361 4664 imputata
1417 4596 1548 4665 sint,
1605 4612 1727 4667 qua:

149 4673 323 4728 unius
347 4678 575 4732 secundi
611 4680 855 4750 propria.
887 4690 1049 4752 atque
1075 4698 1142 4738 ex
1183 4684 1397 4739 duobus
1431 4701 1574 4742 unus
1602 4700 1728 4741 coa-

146 4766 318 4821 luerit
363 4767 681 4839 Gregorius.
727 4773 931 4844 Argute
961 4774 1119 4839 satis,
1175 4777 1271 4833 sed
1326 4792 1455 4833 vere
1484 4778 1639 4833 nihil.
1668 4778 1725 4832 Si

144 4857 513 4929 Menologium
543 4862 873 4919 Sirletanum
903 4865 969 4920 ad
1003 4867 1068 4922 I9
1093 4866 1408 4925 Decembris
1438 4869 1521 4923 vel
1561 4870 1726 4925 mini-

146 4965 303 5004 mum
330 4950 581 5007 inuueret
601 4954 669 5009 de
685 4955 827 5025 ejus,
853 4972 1016 5026 quem
1045 4959 1256 5027 laudat,
1280 4958 1524 5032 Gregorii
1546 4971 1723 5028 aetate,

145 5050 295 5097 esset
348 5042 494 5099 unde
543 5046 701 5101 nobis
741 5049 1146 5117 gratularemur
1183 5051 1251 5105 de
1283 5059 1565 5121 comperta
1600 5051 1723 5121 ejus

147 5129 402 5200 Gregorii
453 5140 634 5198 mtate,
674 5136 805 5204 quin
855 5144 1035 5191 tamen
1074 5137 1437 5193 Leontianum
1485 5156 1514 5193 a
1544 5139 1717 5195 Iusti-

147 5221 302 5274 niani
343 5217 384 5274 ll
415 5223 753 5292 temporibus
782 5224 1208 5283 dimoveremus.
1240 5226 1433 5295 Porro,
1461 5227 1726 5300 Gregorio

148 5320 344 5365 nostro
374 5312 651 5379 praeivisse
682 5313 797 5369 sive
831 5331 1024 5383 unum,
1060 5318 1174 5372 sive
1206 5319 1389 5387 plures
1432 5318 1726 5391 Gregorios

147 5400 632 5469 Agrigentinorum
674 5403 875 5468 sidera,
933 5406 1092 5461 docet
1122 5421 1247 5461 cum
1285 5407 1509 5463 historia
1548 5420 1725 5466 trans-

147 5489 373 5544 latiouis
407 5489 576 5545 beata:
604 5492 917 5565 Agrippina:
951 5495 1020 5549 ab
1054 5497 1245 5551 eodem
1276 5496 1540 5566 Cajetano
1568 5501 1725 5554 exhi-

146 5582 257 5636 bita
289 5589 329 5635 t.
362 5581 383 5636 l
416 5582 659 5638 Vitarum
695 5584 795 5640 SS.
827 5586 1162 5653 Siculorum,
1193 5605 1315 5660 quae
1344 5592 1501 5647 nobis
1531 5607 1728 5662 suppe-

146 5674 288 5729 ditat
332 5674 436 5730 sub
474 5674 781 5743 Valeriano,
815 5688 870 5733 et
898 5680 1146 5735 Gallieno
1171 5682 1346 5754 Augg.
1405 5670 1724 5752 Grcgdrium

143 5763 441 5833 quemdam
461 5764 938 5835 Agrigentinorum
963 5770 1300 5839 epistolium,
1328 5770 1437 5826 tum
1470 5772 1726 5827 Leontius

550 5857 824 5920 Psrnon.
858 5863 971 5922 Gn.
1007 5863 1280 5924 XCVIII.

1808 567 1935 608 cum
1964 554 2151 611 Felice
2178 556 2457 627 episcopo,
2490 573 2520 612 a
2552 571 2665 627 quo
2705 557 3062 628 Agrigentino
3098 558 3149 610 in
3183 556 3384 612 throno

1808 642 2103 712 locaretur,
2141 647 2395 704 scribens
2440 648 2554 704 haec
2599 648 2775 717 inquit
2808 666 2819 701 :
2860 647 3036 718 Igitur
3077 649 3134 702 in
3169 652 3383 719 proprio

1808 735 2072 804 episcopus
2108 749 2523 805 commorantur,
2571 741 2659 793 cui
2686 739 2750 792 ab
2780 750 2965 793 sancto
2995 739 3248 809 Gregorio
3290 760 3386 793 uo-

1811 842 1926 883 men
1951 839 2087 893 erat,
2120 830 2257 899 quod
2280 840 2417 885 certe
2443 831 2573 885 alim
2603 831 2961 901 Agrigentinus
2989 831 3240 887 Ecclesia:
3270 833 3386 901 fue-

1810 927 1919 981 rat,
1949 917 2280 973 Libertorum
2309 921 2655 990 appellatum.
2684 921 3138 991 Agrigentinense
3168 923 3373 990 episco.

1810 1010 1963 1079 pium
2008 1009 2268 1067 Panormi
2319 1012 2583 1083 positum,
2637 1012 3097 1081 quemadmodum
3151 1012 3384 1068 Libertio

1813 1116 1943 1156 num
1975 1112 2135 1159 antea
2165 1101 2371 1158 dictum
2418 1120 2449 1158 a
2486 1102 2762 1157 Libertina
2789 1103 3044 1172 episcopo
3077 1102 3386 1173 Agrigenti-

1812 1206 2006 1247 norum
2040 1194 2241 1260 primo,
2273 1194 2346 1248 ita
2376 1193 2696 1265 Gregoriaui
2739 1209 2937 1252 nomen
2972 1195 3202 1252 subinde
3229 1209 3385 1249 exce-

1811 1285 1959 1354 pisse
1986 1300 2018 1340 a
2051 1284 2316 1357 Gregorio
2353 1287 2589 1355 quodam
2630 1287 2816 1358 ejusec
2855 1288 3096 1344 civitatis
3128 1286 3383 1357 episcopo

1816 1392 1921 1430 non
1980 1377 2254 1433 immerito
2303 1380 2566 1448 aucupari
2620 1379 2764 1433 licet.
2814 1378 3091 1434 lluncciue
3144 1379 3386 1433 celebrat

1816 1466 2147 1522 Sirletanum
2182 1468 2542 1538 Menologium
2579 1469 2647 1525 ad
2676 1472 2743 1525 19
2774 1470 3108 1535 Decembris,
3130 1485 3196 1524 an
3231 1470 3383 1524 illum

1815 1557 1882 1610 de
1911 1572 2020 1625 quo
2049 1557 2268 1612 laudata
2292 1559 2606 1630 Agrippina!
2640 1559 2889 1627 historia,
2921 1560 2964 1615 si
2994 1560 3213 1629 quidem
3245 1560 3385 1613 alius

1816 1648 1887 1702 ab
1923 1662 2011 1713 eo,
2058 1664 2221 1719 quem
2261 1650 2436 1705 obiter
2469 1651 2717 1706 nominat
2769 1649 3049 1717 Leontius,
3094 1667 3162 1706 an
3217 1652 3386 1705 alium

1818 1742 2093 1809 quemvis,
2129 1742 2286 1796 modo
2327 1758 2433 1796 non
2474 1752 2743 1813 nostrum,
2786 1745 2943 1815 cujus
2982 1744 3174 1799 nctitia
3220 1744 3388 1798 inter-

1815 1832 1980 1890 ierit?
2009 1831 2241 1903 Alliugat
2267 1834 2566 1906 Cajetanus
2596 1837 2699 1893 sub
2729 1835 3036 1893 Iustiniano
3062 1834 3085 1889 Ι
3118 1846 3388 1907 quotquot

1816 1921 2048 1978 voluerit
2068 1922 2360 1996 Grcgorios
2392 1925 2752 1998 Agrigentina:
2784 1924 3037 1985 Ecclesia:
3078 1928 3385 1998 episcopos,

1816 2012 1947 2068 dum
1984 2012 2343 2071 Leontianum
2366 2030 2396 2070 a
2416 2014 2709 2071 Iustiniani
2733 2012 2778 2070 II
2798 2026 2957 2072 aetate
2976 2032 3085 2072 non
3109 2018 3385 2077 sollicitet.

1817 2106 1863 2160 si
1902 2114 2106 2161 sartam
2141 2116 2337 2163 tectam
2388 2109 2515 2164 velit
2556 2109 2869 2165 Lcoutianaa
2915 2110 3165 2166 Historia:
3203 2110 3383 2166 tidem.

1817 2200 1995 2269 Atque
2020 2200 2134 2257 haec
2161 2200 2338 2257 locum
2363 2202 2628 2269 obtinent,
2670 2203 2717 2258 si
2746 2203 2964 2275 quidem
3002 2204 3261 2275 Caietano
3291 2205 3386 2258 dc-

1819 2307 1943 2348 mus
1969 2293 2313 2367 Gregorium,
2336 2296 2494 2366 cujus
2520 2296 2886 2368 Menoiogium
2917 2295 3103 2352 Sirleti
3140 2298 3389 2353 meminit

1819 2385 1885 2439 ad
1918 2385 1983 2442 19
2017 2385 2357 2454 Decembris,
2390 2389 2557 2443 alium
2588 2390 2657 2444 ab
2685 2404 2754 2447 eo
2784 2405 2928 2455 esse,
2980 2390 3141 2462 cujus
3171 2407 3256 2446 res
3295 2408 3388 2461 per

1819 2488 2034 2532 summa
2074 2478 2250 2547 capita
2277 2478 2351 2534 25
2372 2477 2699 2536 Novembris
2724 2493 3139 2551 percensentur.
3171 2483 3311 2550 Quid
3341 2485 3387 2537 si

1821 2581 1965 2623 unus
2018 2565 2274 2640 idemque
2326 2570 2532 2626 fuerit?
2577 2575 2794 2642 quoties
2842 2574 2897 2629 in
2944 2573 3265 2646 Men0l0giis
3290 2590 3389 2631 oc-

1821 2655 1996 2711 currit
2025 2672 2151 2712 cum
2184 2658 2413 2725 Graecis,
2445 2669 2557 2715 tum
2596 2661 2827 2730 Latinis,
2856 2674 2916 2718 ut
2944 2663 3012 2718 de
3039 2679 3149 2719 uno
3181 2665 3389 2720 sancti-

1822 2747 1948 2803 tatis
1976 2745 2121 2804 l‘ama
2148 2750 2346 2807 illustri
2377 2753 2598 2809 homine
2618 2754 2702 2810 bis
2750 2764 2899 2811 terve
2927 2756 2981 2810 in
3007 2771 3157 2812 anno
3184 2756 3392 2811 mentio

1823 2840 1949 2894 liat?
1980 2839 2035 2895 Si
2058 2838 2376 2914 Gregorius,
2402 2846 2493 2914 qui
2520 2848 2862 2903 tantumdem
2888 2846 3161 2904 indicatur
3196 2851 3263 2905 19
3294 2848 3393 2903 ile-

1823 2930 2081 3000 ccmbris,
2116 2934 2185 2988 ab
2222 2948 2289 2990 eo
2334 2934 2533 3003 diﬂ‘ert,
2564 2938 2724 3008 cujus
2774 2938 2885 2996 vita
2915 2942 3140 3011 praecise
3183 2940 3394 2997 descri-

1823 3023 1975 3080 bitur
1991 3024 2060 3080 25
2083 3024 2433 3094 Novembris,
2455 3045 2557 3086 cur
2585 3028 2877 3088 illaudatus
2897 3034 3209 3089 omittitur?
3232 3049 3393 3105 Opor-

1827 3117 1976 3172 tebat
2022 3133 2157 3174 sane
2195 3127 2253 3173 et
2303 3120 2468 3190 hujus
2515 3136 2604 3178 res
2635 3130 2817 3193 gestas
2871 3123 3063 3182 leviter
3100 3126 3391 3197 attingere.

1824 3206 2170 3281 Quapmpter
2201 3214 2249 3268 si
2282 3228 2349 3269 ne
2377 3229 2521 3271 unco
2576 3216 2799 3286 quidem
2832 3218 3040 3293 raptari
3076 3234 3247 3291 queat
3272 3220 3393 3275 Sir-

1826 3300 2066 3357 lctanum
2112 3303 2480 3376 Menologium
2531 3307 2863 3363 sustinendae
2901 3308 3148 3380 Gajctani
3190 3328 3392 3381 eausm,

1825 3393 1870 3449 si
1903 3404 1957 3448 et
1988 3394 2168 3451 istbuc
2201 3393 2478 3452 Dasiliano
2522 3398 2824 3465 recentius,
2875 3400 3087 3456 nullum
3120 3402 3268 3457 enim
3302 3405 3395 3459 illo

1825 3487 2128 3559 antiquius,
2164 3488 2288 3560 quis
2321 3498 2431 3544 tam
2482 3490 2752 3547 insubida
2784 3495 2986 3550 mentis
3014 3494 3103 3561 sit,
3136 3496 3267 3567 quin
3312 3497 3397 3553 iu-

1826 3579 2055 3652 telligat,
2084 3579 2275 3637 eadem
2330 3578 2666 3641 Sirietanum
2692 3584 2918 3651 dixisse,
2969 3597 3133 3656 atque
3170 3588 3399 3644 Basilia-

1825 3686 1958 3727 uum
2010 3671 2401 3744 leiiologium,
2456 3675 2793 3746 proindeque
2842 3689 3063 3735 nostras
3108 3680 3164 3737 in
3215 3693 3397 3751 partes

1825 3763 2030 3828 venire,
2067 3780 2099 3820 a
2135 3766 2415 3835 Cajetauis
2439 3768 2777 3824 abscedere?

1896 3852 2082 3909 XLIII.
2112 3854 2289 3911 Venio
2315 3858 2533 3913 tandem
2563 3860 2631 3914 ad
2669 3858 2934 3917 Nicctam.
2987 3861 3087 3917 Hic
3115 3863 3160 3919 si
3197 3864 3395 3919 immo-

1826 3959 1935 4012 rer,
1990 3946 2130 4000 male
2163 3954 2378 4018 tempus
2434 3949 2621 4004 ludam
2654 3965 2668 4002 :
2697 3964 2820 4004 cum
2876 3953 3022 4004 enim
3064 3951 3152 4007 ille
3205 3957 3396 4024 prodat

1826 4038 1946 4110 (lib.
1989 4036 2189 4092 Contra
2220 4037 2440 4095 Latinos
2469 4046 2507 4097 t.
2543 4038 2610 4094 Vl
2639 4038 2854 4114 Antiqq.
2886 4044 3010 4097 lect.
3047 4043 3209 4099 Henr.
3234 4043 3397 4100 Cani-

1826 4130 1915 4199 sii)
1958 4129 2281 4202 Gregorium
2319 4132 2941 4204 Constantinopolitanae
2983 4137 3194 4207 synodo
3226 4137 3397 4192 lutet-

1825 4219 2015 4286 t‘uisse,
2045 4221 2179 4291 imp.
2214 4220 2355 4278 Caes.
2390 4221 2755 4279 Constantino
2800 4225 3101 4295 Pogonato,
3137 4227 3393 4297 pontiﬁce

1825 4328 1955 4370 vero
1982 4313 2218 4369 Maximo
2244 4316 2549 4389 Agathone,
2584 4332 2691 4373 non
2724 4333 3021 4388 possumus
3055 4321 3263 4376 meliori
3295 4323 3395 4376 ad-

1825 4405 2116 4460 vocatione
2140 4418 2325 4461 causae
2358 4416 2559 4464 nostra
2599 4408 2727 4479 jura
2755 4409 3070 4468 defendere.
3103 4410 3395 4482 Cajctanus

1757 4484 1801 4539 Π
1829 4511 1929 4567 pro
1970 4511 2029 4552 se
2064 4505 2297 4554 stantem
2330 4499 2546 4557 dictitat
2576 4499 2841 4567 Nicetam,
2873 4504 3002 4575 quia
3052 4506 3117 4560 de.
3146 4521 3213 4562 eo
3243 4508 3399 4563 locu-

1826 4597 1943 4643 tum
1973 4588 2238 4660 Gregorio
2266 4600 2460 4659 certat,
2488 4594 2582 4665 qui
2626 4594 2770 4651 alios
2805 4594 2875 4650 ab
2927 4595 3253 4654 Leontiano.
3294 4600 3398 4655 Ve-

1825 4694 1949 4734 rum
1987 4681 2268 4737 enimvero
2319 4681 2583 4742 Leontius
2630 4700 2741 4741 non
2790 4686 2958 4742 alium
3013 4689 3173 4745 nobis
3213 4690 3400 4747 laudat

1825 4770 2172 4843 Gregorium,
2207 4775 2314 4831 nisi
2359 4778 2455 4847 qui
2483 4777 2651 4833 vitam
2685 4779 2903 4835 duxerit
2955 4795 3174 4836 summo
3207 4784 3399 4838 Imma-

1827 4878 2021 4919 narum
2050 4879 2231 4921 rerum
2280 4867 2526 4938 Byzantii
2570 4871 2862 4941 praeposito
2896 4872 3262 4929 Constantino
3294 4875 3398 4930 Po-

1828 4965 2049 5025 gonato,
2094 4957 2324 5029 ejusque
2377 4959 2438 5015 F.
2489 4959 2801 5018 Iustiniano
2832 4963 2876 5016 Il
2921 4966 3070 5034 regni
3119 4977 3394 5028 consorte,

1826 5062 2111 5103 sacrorum
2142 5066 2272 5106 vero
2308 5052 2494 5107 Romae
2524 5054 2766 5109 antistite
2798 5055 3115 5126 Agathone;
3154 5067 3213 5113 ut
3236 5059 3400 5126 ipsis-

1828 5139 2001 5195 simus
2033 5142 2102 5197 sit
2131 5142 2331 5199 Nicctaa
2371 5144 2687 5215 Gregorius,
2725 5154 2889 5217 atque
2929 5146 3163 5211 Leontii,
3221 5150 3399 5204 hune-

1828 5245 1937 5297 que
1983 5231 2264 5302 duplicare
2309 5234 2463 5303 juxta
2512 5238 2603 5301 sit,
2637 5245 2800 5306 atque
2845 5251 2982 5292 nova
3031 5238 3398 5293 intermundia

1830 5319 2117 5390 Epicureis
2147 5340 2423 5395 oggerere.
2458 5325 2563 5382 Sed
2603 5328 2819 5383 desinat
2855 5329 3152 5400 aliquando
3184 5331 3399 5402 Cajeta-

1831 5427 1936 5469 nus
1959 5416 2217 5484 quoniam
2244 5418 2424 5486 gladio
2447 5419 2611 5489 320
2633 5420 2841 5489 nequit,
2868 5422 3107 5477 volseilis
3134 5439 3397 5494 pugnare,

1827 5506 2015 5559 conari
2042 5506 2256 5562 desinat
2285 5523 2543 5565 revocare
2583 5510 2905 5582 Gregorium
2952 5515 3017 5567 ad
3051 5512 3350 5571 Iustiniani
3382 5518 3399 5570 l

1828 5603 2063 5660 aetatem,
2092 5599 2239 5667 quod
2279 5609 2497 5656 strenue
2523 5613 2798 5672 oppugnat
2844 5603 3127 5671 Leontius,
3172 5623 3202 5662 e
3234 5608 3397 5679 cujus

1829 5694 2246 5753 commentario,
2300 5692 2568 5761 quidquid
2622 5695 2690 5748 de
2746 5704 2896 5748 tanto
2942 5695 3200 5767 episcopo
3251 5700 3399 5755 novit

1830 5778 2143 5847 posteritas,
2170 5782 2313 5837 velut
2352 5798 2491 5855 aqua
2517 5800 2547 5839 c
2575 5785 2738 5849 fonte,
2767 5787 3086 5843 dimanavit.

2798 5879 2875 5936 39
