4098 6492
370 301 509 367 1Ξ29

1378 311 1734 372 ΒΟΟΜΛΤΛ
1779 312 2205 375 CATllOLICA
2241 313 2348 375 SS.
2378 317 2628 381 APOST.

3484 328 3623 392 123G

1181 608 1919 731 ΔΟΓΜΑΤΑ
1960 616 2807 742 ΟΡΘΟΔΟΞΑ

934 835 1225 923 ΑΠΕΡ
1262 828 1865 927 ΕΞΕΘΕΝΤΟ
1895 840 1990 924 Ο]

2056 841 2360 928 ΑΓΙΟΙ
2413 844 3063 937 ΑΠΟΣΤΟΛΟΙ

863 1016 987 1070 ΚΑΙ
1014 1019 1292 1074 ΠΑΝΤΕΣ
1320 1022 1386 1076 01
1414 1022 1597 1077 ΑΓΙΟΙ
1621 1021 1958 1093 ΠΑΤΕΡΕΣ,
1980 1025 2104 1081 ΚΑΙ
2151 1023 2663 1087 ΟΙΚΟΥΜΕΝΙΚΟΙ
2691 1034 3125 1089 ΔῙΔΑΣΚΛΛΟΙ.

1169 1353 1859 1468 DOGMATA
1943 1355 2832 1473 ORTHODOXA

763 1595 1040 1701 QUIE
1142 1592 2042 1691 EXPOSUERUNT
2111 1598 2527 1690 SANCTI
2625 1602 3211 1697 APOSTOLI
3306 1706 3315 1715 .

849 1796 1026 1859 OMN
1041 1798 1291 1872 ESQUE
1326 1796 1434 1858 ss.
1470 1794 1803 1869 PATRES,
1845 1784 2115 1870 ATQUE
2172 1796 2656 1864 OECUMENICI
2692 1800 3142 1865 DOCTORES.

1246 1958 1540 2027 (ﬂauam),
1572 1956 1684 2013 Vel.
1726 1956 1950 2012 Patrum
1977 1956 2227 2014 Biblioth.
2261 1970 2299 2016 t.
2330 1958 2468 2027 XIII,
2499 1976 2555 2032 p.
2597 1960 2750 2031 377.)

1957 2138 2027 2154 _

434 2268 798 2342 Πιστεὺομεν,
833 2261 1017 2333 καθὼς
1058 2262 1474 2340 ἐϐαπτίσθημεν
1502 2271 1583 2334 εἰς
1608 2270 1832 2343 Πατέρα
1849 2270 1947 2327 κα)⁸
1976 2290 1990 2334 Α

2118 2270 2443 2335 Credimus,
2498 2269 2953 2342 quemadmodum
3004 2273 3259 2344 baptizati
3308 2272 3384 2347 (l)
3435 2291 3631 2339 sumus

365 2368 495 2421 Υίδν
527 2365 623 2419 καὶ
655 2364 811 2432 ἅγιον
860 2362 1090 2433 Πνεῦμα
1114 2403 1128 2426 ,
1155 2362 1247 2416 τὸν
1284 2362 1380 2416 ἕνα
1414 2362 1569 2418 Θεόν.
1614 2365 1677 2417 El
1705 2365 1814 2438 γὰρ
1843 2366 1938 2421 καὶ

362 2461 500 2523 Θεὸς
531 2460 561 2511 ὀ
581 2456 789 2525 Πατὴρ,
823 2454 916 2508 καὶ⁵
942 2454 1072 2517 Θεὸς
1090 2454 1119 2506 ὁ
1153 2454 1303 2518 Υἱὸς,
1342 2454 1437 2508 καὶ
1458 2455 1591 2520 Θεὸς
1615 2456 1675 2509 τὸ
1713 2456 1940 2529 Πνεῦμα

362 2553 426 2604 τὸ
455 2550 635 2618 ἅγιον,
669 2547 787 2601 ἀλλ’
824 2546 887 2601 οὑ
934 2546 1090 2617 παρὰ
1114 2545 1274 2600 τοῦτο
1297 2550 1447 2620 τρεῖς
1472 2547 1599 2601 Θεοὶ
1622 2590 1636 2615 ,
1670 2549 1809 2603 ἀλλά
1842 2551 1939 2621 μία

362 2643 559 2712 οεότης
588 2640 1046 2712 τριωπὸστατος.
1089 2640 1212 2693 Ἐπὶ
1236 2640 1345 2710 γὰρ
1378 2641 1477 2711 τῆς
1507 2641 1669 2710 ἁγίας
1709 2642 1939 2714 Τριάδος

359 2732 737 2805 ὁμολογοῦμεν
781 2730 910 2805 μίαν
952 2731 1148 2799 φύσιν,
1183 2731 1311 2802 μίαν
1362 2731 1687 2803 ὑπερούσιον
1726 2734 1933 2800 οὐσίαν,

363 2823 497 2893 μίαν
530 2822 765 2895 μορφὴν,
802 2821 930 2893 μίαν
961 2821 1259 2892 βασιλείαν,
1294 2822 1426 2893 μίαν
1470 2823 1722 2887 ἐξουσίαν
1745 2867 1761 2892 ,
1807 2827 1938 2896 μίαν

361 2913 603 2986 Θέλησιν,
632 2914 727 2968 καὶ
773 2913 903 2984 μίαν
928 2913 1236 2985 ἐνέργειαν,
1262 2912 1319 2967 ἓν
1339 2915 1561 2985 κράτος,
1585 2921 1676 2970 καὶ
1700 2917 1758 2970 ἓν
1784 2917 1941 2983 ἐξαλ-

363 3006 570 3078 ματῶν
601 3006 770 3079 τριῶν
814 3006 1167 3060 ὑποστάσεων
1221 3006 1498 3078 ἀκίνητον,
1529 3008 1596 3061 δι’
1649 3009 1939 3080 ἀκινησίας

357 3100 418 3153 δὲ
445 3099 514 3154 τὰ
541 3099 720 3154 πάντα
771 3097 850 3170 τῷ
893 3098 1024 3169 θείῳ
1081 3096 1249 3153 αὑτοῦ
1302 3100 1686 3171 προστάγματι
1728 3101 1936 3169 κινοῦν,

359 3188 583 3241 πάντων
628 3187 990 3261 προνοητικόν
1011 3203 1027 3217 °
1056 3187 1145 3241 διὰ
1211 3187 1431 3241 πάντων
1481 3188 1776 3260 διήκουσαν
1836 3191 1938 3263 τὴν

360 3278 631 3351 ὑπέρθεον
656 3279 923 3351 Θεότητα,
952 3280 1049 3333 καὶ
1077 3279 1212 3332 πᾶσι
1242 3279 1384 3333 κατὰ
1406 3280 1467 3333 τὸ
1495 3280 1775 3351 συμφέρον
1794 3284 1939 3336 οἰκο-

358 3371 656 3443 νομοῦσαν,
682 3373 730 3425 εί
756 3373 849 3426 καὶ
897 3373 1152 3441 ἄγνωστα
1210 3372 1343 3442 ἡμῖν
1394 3374 1521 3427 εἱσι.
1558 3374 1721 3444 Τρεῖς
1751 3374 1807 3427 δὲ
1841 3375 1938 3428 αὑ-

358 3463 462 3534 τῆς
490 3463 868 3534 ὀμολογοῦμεν
893 3463 993 3527 τὰς
1035 3463 1197 3532 ἁγίας
1222 3463 1572 3529 ὑποστάσεις,
1607 3464 1736 3537 τρία
1761 3467 1936 3534 πρόσ-

357 3573 508 3621 ωπα,
557 3558 678 3627 ἦτοι
726 3555 854 3628 τρία
903 3555 1108 3626 ἄτομα,
1140 3555 1240 3609 οὑκ
1269 3553 1397 3609 ἄλλο
1423 3554 1518 3608 καὶ
1542 3554 1673 3608 ἄλλο
1704 3556 1805 3627 τὴν
1834 3555 1937 3626 φῦ-

2042 2365 2095 2420 in
2122 2362 2365 2429 Patrem,
2403 2370 2459 2419 et
2483 2361 2707 2428 Filium,
2738 2371 2794 2419 et
2841 2364 3103 2435 Spiritum
3132 2375 3410 2432 sanctum,
3448 2383 3620 2423 unum

2041 2457 2231 2511 Deum.
2277 2453 2596 2524 Quanquam
2655 2455 2798 2510 enim
2867 2456 3010 2512 Deus
3074 2467 3161 2513 est
3227 2458 3410 2526 Pater,
3480 2460 3623 2515 Dens-

2038 2548 2228 2615 Filius,
2262 2547 2403 2603 Deus
2438 2546 2673 2617 Spiritus
2697 2556 2939 2614 sanctus,
2956 2565 3057 2603 non
3086 2558 3262 2605 tamen
3288 2550 3486 2606 idcirco
3514 2563 3624 2608 tres

2040 2638 2123 2693 Dii
2156 2645 2303 2704 sunt,
2334 2635 2427 2692 sed
2452 2650 2558 2691 una
2594 2635 2869 2703 divinitas,
2906 2648 3019 2692 tres
3077 2639 3282 2695 habens
3339 2657 3622 2710 personas.

2038 2725 2099 2784 In
2124 2737 2312 2785 saneta
2343 2728 2491 2783 enim
2514 2725 2782 2785 Trinitate
2812 2728 3137 2805 conﬁtemur
3160 2748 3318 2785 unam
3350 2745 3620 2800 naturam,

2040 2835 2201 2875 uuam
2224 2819 2802 2890 supersubstantialem
2840 2820 3156 2887 essentiam,
3181 2837 3341 2876 unam
3369 2822 3622 2887 formam.

2039 2924 2203 2965 unum
2238 2922 2487 2980 regnum,
2512 2921 2674 2965 unam
2705 2921 3057 2981 potestatem,
3088 2927 3251 2966 unam
3294 2913 3620 2970 voluntatem

2040 3011 2205 3071 atque
2227 3017 2386 3057 unam
2416 3002 2806 3072 operationem,
2836 3018 3002 3058 unum
3040 3003 3321 3073 imperium
3352 3019 3621 3079 unamque

2040 3094 2201 3150 trium
2228 3109 2581 3166 personarum
2627 3095 2952 3151 immobilem
2985 3096 3200 3166 quidem
3235 3097 3617 3156 exaltationem

2039 3185 2143 3257 (2),
2188 3200 2286 3257 per
2324 3185 2752 3242 immobilitatem
2798 3197 2980 3243 autem
3026 3189 3206 3243 omnia
3236 3190 3419 3245 divino
3453 3192 3621 3262 ipsius

2039 3273 2264 3344 imperio
2293 3281 2615 3339 moventem,
2654 3273 2906 3331 omnibus
2943 3276 3316 3344 providentem
3344 3293 3359 3331 :
3389 3290 3486 3345 per
3509 3293 3621 3331 om-

2039 3364 2128 3420 nia
2182 3365 2478 3429 secundum
2517 3364 2799 3420 utilitatem
2832 3366 3328 3435 administrantem,
3369 3369 3474 3425 etsi
3503 3370 3621 3425 haec

2037 3455 2328 3512 sintnobis
2359 3456 2653 3524 incognita.
2678 3454 2879 3512 Verum
2920 3467 3030 3513 tres
3076 3460 3400 3516 conﬁtemur
3448 3462 3619 3533 ipsius

2037 3558 2253 3603 sanctas
2269 3548 2602 3620 hypostases,
2624 3558 2733 3605 tres
2754 3565 3030 3618 personas,
3050 3551 3274 3607 sivetria
3296 3552 3570 3609 individua
3601 3575 3615 3610 τ

361 3665 471 3714 σιν,
500 3649 629 3704 ἄλλο
664 3648 723 3702 δὲ
757 3627 957 3719 μᾶλλον
985 3647 1080 3701 καὶ
1111 3647 1239 3702 ἄλλο
1253 3647 1353 3717 τὴν
1383 3646 1703 3713 ὑπόστασιν,
1727 3648 1789 3702 οὑ
1828 3648 1933 3718 cpti-
1966 3627 1990 3683 Ῑ

2041 3651 2141 3694 non
2178 3639 2322 3695 aliud
2367 3649 2423 3696 et
2465 3639 2609 3695 aliud
2649 3641 2941 3696 secundum
2992 3650 3279 3710 naturam,
3324 3648 3419 3701 sed
3470 3648 3618 3703 aliud

362 3755 448 3792 σει
479 3740 805 3809 διαφέροντα
838 3738 1107 3810 ἀλλήλων,
1140 3737 1367 3810 ἰδιότησι
1416 3738 1473 3792 δὲ
1518 3738 1739 3809 μᾶλλον.
1772 3739 1935 3793 Ἴδιον

360 3829 473 3901 γὰρ
500 3829 597 3884 τοῦ
635 3830 928 3901 Πατρδςτδ
972 3831 1297 3901 ἀγέννητον,
1327 3830 1457 3884 ῐδιον
1484 3829 1543 3884 δὲ
1581 3829 1677 3884 τοῦ
1713 3830 1846 3885 Υίοῦ
1874 3833 1937 3885 τὸ

361 3924 644 3993 γεννητὸν,
686 3922 782 3978 καὶ
815 3923 948 3977 ῐδιον
972 3921 1069 3977 τοῦ
1096 3922 1255 3992 ἁγίου
1289 3923 1609 3994 Πνεῦματος
1638 3922 1701 3975 τὸ
1734 3923 1937 3992 ἐκπορ-

362 4017 544 4072 ευτόν.
587 4017 665 4073 Οὐ
720 4015 815 4071 τοῦ
871 4015 1086 4087 Πατρδς
1147 4016 1442 4080 ἐκστάντος
1472 4016 1555 4078 είς
1583 4015 1734 4081 Υἱδν,
1760 4016 1884 4071 οὑδὲ
1907 4016 1937 4069 δ

362 4106 505 4171 Υἱὸς
551 4108 743 4177 γέγονε
794 4104 887 4161 τοῦ
946 4104 1084 4160 Θεοῦ
1137 4104 1342 4176 πατὴρ,
1388 4105 1659 4176 ἢμήτηρ,
1693 4105 1816 4159 οὑδέ
1876 4105 1938 4159 τὸ

362 4199 523 4266 ἅγιον
556 4196 782 4267 Πνεῦμα
821 4196 1014 4266 γέγονε
1063 4195 1274 4265 Πατὴρ,
1318 4195 1352 4266 ἦ
1381 4194 1509 4256 Υἱός
1530 4211 1544 4224 ·
1577 4193 1693 4249 ἀλλ’
1719 4189 1810 4267 ἦν,
1841 4194 1938 4250 καὶ

362 4286 504 4353 ἔστι,
529 4287 621 4341 καὶ
653 4286 808 4339 ἐσται
846 4287 876 4339 ὁ
904 4284 1117 4355 Πατὴρ,
1174 4282 1386 4354 Πατὴρ,
1417 4283 1513 4337 καὶ
1544 4285 1573 4337 ὁ
1602 4283 1753 4347 Υἱὸς,
1783 4283 1935 4348 Υἱὸς,

363 4375 462 4428 καὶ
488 4374 550 4428 τὸ
583 4372 809 4445 Πνεῦμα
829 4373 890 4427 τὸ
923 4373 1099 4442 ἅγιον,
1145 4371 1372 4443 Πνεῦμα
1410 4372 1565 4442 ἅγιον
1587 4387 1602 4403 ’
1629 4373 1742 4428 Καὶ
1765 4390 1939 4445 προσ-

364 4463 661 4535 κυνοῦμεν,
700 4464 799 4519 καὶ
832 4463 1224 4535 ὁμολογοῦντες
1280 4462 1577 4534 δοξάζομεν
1617 4463 1719 4533 τὴν
1756 4481 1936 4535 μακα-

366 4559 491 4631 ρίαν
516 4560 610 4614 καὶ.
638 4558 907 4631 ὑπέρθεον
937 4559 1177 4629 Θεότητα
1201 4558 1259 4611 ὲν
1274 4558 1449 4630 Πατρὶ
1480 4557 1576 4612 καὶ
1605 4557 1720 4627 Υίῷ
1749 4560 1845 4611 καὶ
1882 4558 1940 4610 ἐν

366 4647 509 4720 ἁγίῳ
560 4647 839 4718 Πνεὺματι
862 4664 876 4678 ’
907 4647 1002 4702 καὶ
1033 4648 1132 4710 τὰς
1176 4648 1327 4717 τρεῖς
1377 4645 1577 4711 ταύτας
1614 4646 1941 4709 ὑποστάσεις

366 4742 429 4795 ἐν
458 4740 558 4812 μιᾷ
588 4740 836 4812 Θεότητι,
861 4740 955 4793 καὶ
982 4737 1107 4792 οὔτε
1135 4738 1224 4792 διὰ
1250 4738 1351 4810 τὴν
1387 4737 1686 4809 μοναρχίαν
1738 4736 1940 4791 ἰουδαΐ-

363 4830 557 4901 ζομεν,
588 4830 713 4885 οὔτε
770 4830 861 4885 διὰ
905 4831 1010 4903 τὴν
1056 4829 1320 4899 ἀφθονίαν
1365 4829 1476 4883 τῶν
1504 4828 1675 4899 τριῶν
1698 4828 1940 4882 ὑποστά-

364 4938 506 4974 σεων
559 4921 931 4991 ἐλληνίζομεν.
965 4919 1039 4973 οὑ
1074 4919 1309 5019 λέγομεν
1364 4918 1444 5019 δὲ.
1475 4919 1574 5019 ἐπὶ
1609 4918 1720 4971 τῶν
1746 4917 1941 5019 ..ἁγίων
1966 4959 2009 5019 C

360 5012 463 5081 τῆς
492 5009 758 5079 Θεότητος
789 5009 1146 5063 ὑποστάσεων
1174 5006 1379 5078 μεῖζον,
1415 5005 1449 5077 ἢ
1473 5005 1716 5071 ἔλαττον,
1741 5005 1774 5075 ἢ
1808 5006 1940 5059 ὑπο-

363 5103 570 5171 χείριον
594 5117 608 5131 ο
642 5099 780 5154 ἀλλὰ
813 5098 1129 5169 συνάναρχα
1152 5098 1327 5153 ταῦτα
1369 5097 1667 5167 δοξάζομεν
1694 5098 1789 5150 καὶ
1820 5096 1941 5149 σύν-

361 5192 530 5259 Θρονα
589 5190 686 5245 καὶ
736 5191 987 5245 συναῖδια
1012 5206 1027 5220 ⁸
1057 5189 1344 5253 ἀνελλιπὲς
1393 5190 1506 5260 γὰρ
1551 5188 1612 5241 τὸ
1656 5189 1812 5243 Θεῖον
1842 5189 1940 5241 καὶ

361 5280 545 5351 πάσης
563 5281 822 5335 ἐπέκεινα
853 5279 1068 5350 φύσεως
1098 5279 1194 5334 καὶ
1221 5279 1436 5351 χρόνου.

436 5370 776 5442 Πιστεὺομεν
830 5371 889 5426 δέ
913 5411 931 5438 ,
960 5371 1044 5425 δτι
1071 5370 1101 5424 ὁ
1122 5371 1250 5434 Υἱὸς
1289 5369 1384 5424 τοῦ
1419 5369 1554 5425 Θεοῦ
1583 5370 1847 5444 ἐγεννήθη
1875 5375 1941 5428 ἐκ

361 5635 402 5677 χ
435 5550 763 5675 SlJaEpnfer.
801 5552 967 5608 Basil.
985 5552 1148 5622 epist.
1174 5567 1379 5607 Lxxvn.
1400 5550 1704 5622 Tltcopliyl.
1730 5551 1783 5606 in
1813 5566 1934 5622 cap.

398 5760 411 5769 ⁸
438 5690 935 5769 {Bl'Eéalpaiaest
961 5693 1201 5764 eruptio,
1256 5693 1358 5759 vis,
1403 5692 1657 5764 impetus,
1690 5708 1783 5749 seu
1815 5706 1939 5763 per-

364 5762 632 5817 citissitna
658 5763 953 5817 mobilitas.

2038 3731 2219 3803 potius
2246 3740 2302 3787 et
2346 3732 2495 3787 aliud
2529 3736 2833 3787 secundum
2870 3733 3182 3804 hypostasin
3216 3751 3361 3791 :non
3402 3748 3614 3800 natura.

2039 3823 2211 3891 magis
2227 3835 2357 3878 vero
2381 3824 2798 3892 proprietatibus
2819 3824 2958 3879 inter
2976 3839 3035 3880 se
3054 3824 3377 3881 diﬂ'erentia.
3404 3828 3617 3885 Etenim

2038 3911 2313 3983 proprium
2354 3910 2535 3967 Patris
2573 3921 2657 3968 est
2688 3927 2806 3968 esse
2852 3913 3171 3983 ingenitum,
3197 3916 3471 3986 proprium
3494 3918 3614 3973 Filii

2038 4016 2163 4058 esse
2183 4002 2448 4073 genitum,
2471 4011 2526 4058 et
2563 4012 2646 4057 est
2689 4004 2965 4073 proprium
3014 4004 3250 4074 Spiritus
3295 4009 3470 4064 sancti
3496 4026 3617 4066 esse

2038 4093 2359 4164 procedens.
2378 4092 2493 4149 Non
2520 4092 2679 4149 Patre
2708 4102 3020 4150 transeunte
3047 4096 3100 4150 in
3126 4095 3344 4162 Filium,
3393 4116 3493 4157 nec
3525 4102 3616 4156 Fi-

2040 4184 2166 4239 liius
2188 4183 2287 4238 fuit
2311 4183 2402 4240 Dei
2421 4194 2572 4255 pater
2592 4193 2873 4239 autmater
2896 4201 3103 4255 ;neque
3128 4186 3362 4257 Spiritus
3393 4202 3611 4248 sanctus

2040 4274 2145 4331 fuit
2164 4274 2325 4332 Pater
2349 4286 2440 4330 aut
2469 4274 2641 4331 Filius
2676 4296 2690 4332 :
2720 4277 2811 4331 sed
2841 4287 2977 4343 erat,
2996 4287 3048 4332 et
3087 4290 3190 4342 est,
3218 4289 3270 4333 et
3295 4280 3399 4335 erit
3428 4282 3609 4346 Pater.

2041 4367 2205 4423 Pater
2242 4383 2257 4433 ;
2305 4366 2499 4434 Filius,
2558 4367 2730 4423 Filius
2763 4385 2778 4432 ;
2808 4367 3043 4436 Spiritus
3094 4380 3335 4438 sanctus,
3379 4370 3616 4443 Spiritus

2042 4468 2288 4516 sanctus.
2319 4461 2389 4516 Et
2445 4460 2734 4515 adoramus
2783 4470 2839 4515 et
2892 4460 3207 4518 confitentes
3252 4464 3618 4534 gloriﬁcamur

2042 4556 2252 4607 beatam
2270 4561 2323 4607 et
2347 4553 2741 4608 divinissimam
2768 4554 3020 4611 deitatem
3043 4555 3094 4609 in
3114 4555 3294 4622 Patre,
3317 4557 3541 4622 etFilin,
3563 4569 3618 4614 et

2044 4643 2247 4715 Spiritu
2279 4653 2488 4711 sancto,
2503 4653 2557 4699 et
2587 4652 2695 4699 tres
2721 4644 2817 4700 lias
2833 4660 3092 4715 personas
3109 4645 3163 4701 in
3183 4663 3286 4700 una
3305 4646 3611 4715 Divinitatu,

2045 4752 2217 4807 neque
2252 4751 2345 4807 per
2384 4735 2750 4792 monarcbiam
2794 4738 2870 4808 (Α)
2911 4753 3033 4793 cum
3062 4736 3282 4805 Iudaeis,
3312 4755 3483 4807 neque
3521 4756 3615 4806 per

2044 4831 2206 4884 trium
2241 4845 2592 4900 personarum
2614 4830 2977 4900 pluralitatem
3007 4846 3128 4884 cum
3155 4830 3358 4886 Graecis
3384 4830 3463 4902 (5)
3494 4849 3618 4885 sen-

2046 4923 2230 4977 timus.
2252 4920 2368 4976 Nou
2390 4921 2621 4977 dicimus
2639 4931 2815 4976 autem
2841 4922 2893 4975 in
2912 4922 3114 4976 sanctis
3131 4921 3289 4992 ltujus
3311 4921 3617 4977 Divinitatis

2045 5013 2291 5084 personis
2315 5012 2508 5081 majus,
2526 5020 2617 5065 aut
2646 5013 2847 5076 minus,
2870 5019 2960 5064 aut
2983 5011 3288 5077 subditum;
3315 5012 3407 5066 scd
3428 5025 3619 5068 omnes

2046 5105 2193 5174 ipsas
2215 5104 2480 5173 principio
2507 5103 2765 5172 temporis
2802 5110 3070 5168 carentes,
3097 5117 3203 5156 uno
3225 5104 3277 5157 in
3308 5104 3503 5159 throno
3532 5123 3618 5159 se-

2046 5196 2236 5250 dentes
2264 5204 2319 5250 et
2350 5204 2647 5249 coaeternas
2674 5194 3043 5265 gloriﬁcamus
3085 5213 3100 5249 :
3131 5193 3444 5251 indeﬂciens
3473 5196 3618 5252 enim

2047 5286 2309 5342 Divinitas
2346 5296 2448 5352 est,
2479 5296 2534 5342 et
2576 5302 2738 5356 supra
2768 5302 2983 5343 omnem
3015 5296 3262 5342 naturam
3297 5299 3351 5343 et
3382 5278 3620 5360 tiampus.

2122 5374 2410 5431 Credimus
2460 5384 2639 5431 autem
2688 5377 2831 5447 quod
2856 5371 2950 5433 Dei
2977 5376 3145 5432 Filius
3201 5381 3414 5447 genitus
3460 5378 3561 5434 fuit
3591 5394 3619 5433 ει

2118 5551 2193 5620 ('5)
2228 5551 2413 5617 Potius
2446 5563 2838 5621 penetrantem.

2046 5621 2300 5762 pagani].
2334 5640 2381 5679 ε.
2406 5625 2998 5697 sittgttlaritatem,quw
3036 5640 3215 5688 nempe
3267 5628 3500 5682 trinitati
3528 5642 3622 5697 op-

2127 5762 2202 5832 (ὅ)
2254 5761 2564 5821 l’erteudum
2591 5776 2705 5820 erat
2746 5765 3070 5831 idololatria,
3095 5768 3407 5838 gentilibus.
