4098 6488
468 312 599 376 1231

1696 303 2043 367 ANONY‘MI
2084 299 2549 365 BECUCCIANI

3590 291 3725 357 1232

460 422 620 476 Patre
649 428 773 475 ante
805 418 981 473 omnia
1019 416 1212 473 szecula
1244 416 1445 487 absque
1479 424 1669 478 matre,
1704 414 1825 470 sine
1851 428 2039 467 corru-

2153 411 2235 464 τοῦ
2263 410 2477 480 Πατρδς
2514 408 2621 479 πρὸ
2649 408 2868 463 πάντων
2916 409 3024 461 τῶν
3053 407 3267 461 αἰώνων
3297 406 3621 476 ages-.331»;
3638 406 3730 457 καί.

462 514 646 583 ptinne
695 522 857 579 atque
901 510 1178 578 passione,
1222 518 1277 563 et
1309 524 1405 576 per
1455 508 1629 578 ipsum
1683 505 1867 559 omnia
1903 503 2045 558 facta

462 615 608 661 sunt.
642 604 857 658 Ultimis
898 618 1025 655 vcru
1072 603 1401 671 temporibus
1437 600 1711 653 voluntate
1759 596 1961 660 Patris,
1990 609 2047 651 et

467 696 849 757 ronperatinnc
916 690 1151 761 Spiritus
1200 692 1370 745 sancti
1425 690 1705 744 descendit
1737 686 1930 759 tFilius
1983 694 2037 742 ct

475 782 702 839 Verbum
738 782 855 847 Dei,
895 791 948 836 et
998 783 1307 836 incarnatus
1349 792 1431 836 est
1463 797 1528 835 ex
1564 791 1751 836 sancta
1794 780 2041 848 Dcipara,

469 887 786 941 semperque
809 871 1017 941 virgine
1037 869 1229 935 Maria,
1255 886 1359 925 non
1389 878 1624 926 mutatus
1647 871 1701 924 in
1730 870 2041 932 divinitate,

470 981 641 1035 neque
664 965 954 1019 ementitus
981 966 1225 1018 humanae
1247 973 1450 1017 natura)
1472 964 1893 1033 assumptioncm
1914 980 1928 1017 :
1953 962 2045 1017 sed

468 1057 609 1111 Dens
629 1059 898 1111 exsistens
923 1055 1215 1127 perfectus,
1242 1055 1419 1110 factus
1448 1066 1525 1110 est
1546 1055 1816 1125 perfectus
1838 1056 2000 1110 homo
2027 1093 2042 1115 ,

469 1150 844 1205 intellectualis
870 1159 924 1203 et
951 1151 1221 1203 animatus
1250 1165 1266 1214 ;
1295 1164 1399 1203 non
1428 1149 1678 1203 deferens
1706 1163 1928 1207 Carnem
1961 1148 2043 1217 (ti)

466 1259 497 1296 c
525 1241 703 1307 coelo,
743 1250 801 1294 ut
852 1239 1001 1309 impii
1068 1240 1289 1308 quidam
1352 1239 1590 1293 haeretici
1658 1238 1983 1292 dictitarunt
2027 1276 2043 1301 ,

468 1350 640 1403 neque
667 1341 920 1402 tanquam
944 1347 1039 1402 per
1058 1333 1241 1385 tubum
1266 1328 1453 1385 exiens
1473 1346 1538 1384 ex
1571 1340 1757 1386 sancta
1778 1330 2007 1401 Deipara
2030 1348 2045 1397 ;

468 1429 560 1482 sed
594 1428 662 1480 ab
706 1426 1024 1479 intemerata
1054 1439 1173 1478 eam
1235 1425 1440 1493 accepit
1470 1423 1717 1493 Deipara,
1759 1432 1815 1478 et
1837 1438 1901 1479 ex
1932 1423 2047 1493 ipsa

469 1526 627 1570 natus
677 1526 760 1569 est
810 1529 1036 1567 servans
1087 1514 1332 1567 eamdem
1396 1512 1668 1583 Virginem
1709 1515 1872 1568 etiam
1926 1522 2051 1583 post

467 1614 703 1677 partum,
756 1605 958 1658 matris.
997 1607 1212 1673 quidem
1243 1618 1438 1671 expers
1492 1616 1673 1667 antea,
1710 1615 1863 1673 patre
1920 1616 2050 1658 vero

465 1711 659 1751 carens
687 1705 869 1765 postea
901 1710 918 1759 ;
955 1693 1095 1746 unde
1133 1694 1267 1747 duas
1298 1694 1468 1763 ipsius
1498 1695 1881 1761 generationes
1908 1710 2044 1749 con-

2138 1159 2312 1213 νους,
2371 1142 2465 1195 καὶ
2520 1141 2765 1211 ἔμψυχος
2789 1158 2803 1171 ο

2145 500 2397 565 ἀπαθῶς,
2430 501 2601 571 χωρὶς
2631 498 2860 570 μητρὸς,
2890 500 2985 553 καὶ
3014 499 3083 553 δι’
3115 498 3281 553 αὑτοῦ
3305 500 3374 551 τὰ
3407 498 3584 551 πάντα
3615 499 3734 564 ἐγέ-

2146 609 2286 646 νετο.
2323 592 2435 646 Καὶ
2470 592 2558 644 ἐπ’
2588 591 2837 661 ἐσχάτων
2881 591 2939 646 δὲ
2975 591 3088 644 τῶν
3130 591 3342 661 χρόνων
3382 589 3603 659 εὐδοκία
3640 589 3733 642 τοῦ

2146 680 2364 752 Πατρὸς
2397 684 2490 735 καὶ
2538 680 2832 753 συνεργείᾳ
2870 680 2964 733 τοῦ
2999 681 3161 750 ἀγίου
3188 680 3507 751 Πνεὺματος
3533 679 3734 748 κατῆλ-

2146 777 2239 830 θεν
2275 776 2303 828 ὁ
2338 774 2467 839 Υἱὸς
2518 776 2612 827 καὶ
2664 773 2838 842 Λόγος
2879 772 2972 831 τοῦ
3018 772 3178 837 Θεοῦ,
3226 774 3320 826 καὶ
3354 772 3642 844 ἑσαρκώθη
3670 775 3761 861 ἑκ(

2145 869 2248 934 τῆς
2297 867 2461 936 ἁγίας
2514 866 2771 920 θεοτόκου
2805 866 2901 921 καὶ
2952 866 3040 919 ἀεὶ
3078 866 3356 937 Παρθένου
3396 866 3639 936 Μαρίας,
3670 864 3733 918 οὑ

2146 960 2378 1031 τραπεὶς
2407 962 2474 1031 τῇ
2507 960 2743 1029 θεότητι,
2787 959 2910 1013 οὑδὲ
2938 958 3220 1029 φαντάσας
3247 957 3347 1030 τὴν
3372 959 3691 1029 οἰκονομίαν
3717 974 3732 986 ·

2147 1050 2283 1103 ἀλλά
2322 1050 2457 1112 Θεὸς
2484 1048 2559 1102 ὢν
2592 1048 2812 1113 τέλειος,
2840 1048 3037 1117 γέγονε
3064 1048 3269 1110 τέλειος
3298 1047 3609 1118 ἄνθρωπος,
3642 1049 3733 1100 ἑν-

2845 1141 2907 1193 οὑ
2954 1140 3304 1209 κατενεγκὼν
3339 1143 3438 1211 τὴν
3470 1142 3648 1211 σάρκα
3676 1142 3738 1207 ἐξ

2148 1232 2404 1304 οὑρανοῦ,
2433 1234 2509 1297 ὡς
2536 1234 2685 1287 ἄθεοι
2726 1232 2937 1303 ἑφησάν
2962 1250 3108 1296 τινες
3131 1233 3242 1286 τῶν
3276 1233 3572 1303 αίρετικῶν
3592 1276 3608 1299 ,
3640 1236 3736 1287 καὶ

2149 1324 2225 1387 ὼς
2251 1323 2339 1376 διὰ
2384 1323 2626 1392 σωλῆνας
2672 1322 2898 1377 διελθὼν
2952 1324 3061 1377 ἀπὸ
3091 1324 3190 1395 τῆς
3233 1325 3397 1393 ἁγίας
3429 1326 3689 1379 Θεοτόκου
3717 1344 3731 1356 ι

2150 1412 2295 1466 ἀλλὰ
2347 1412 2456 1465 ἀπὸ
2504 1412 2607 1481 τῆς
2652 1415 2921 1484 ἁχράντου
2945 1413 3217 1468 Θεοτόκου
3247 1416 3454 1486 ταύτην
3486 1417 3732 1479 ἁνέλαΰε,

2151 1502 2244 1555 καὶ
2311 1502 2577 1572 ἐγεννήθη
2614 1503 2674 1567 ἑξ
2722 1503 2912 1573 αὐτῆς,
2940 1503 3186 1572 φυλάξας
3216 1505 3427 1575 ταύτην
3462 1507 3735 1576 Παρθένοι

2151 1592 2246 1647 καῖ
2284 1593 2421 1663 μετά
2451 1593 2729 1662 γέννησιν,
2764 1595 3001 1665 ἀμήτωρ
3050 1595 3151 1660 μὲν
3184 1595 3244 1647 τὸ
3271 1597 3563 1667 πρόῑερον,
3589 1598 3733 1650 ἁπά-

2151 1702 2264 1757 τωρ
2290 1685 2347 1738 δὲ
2370 1685 2431 1737 τὸ
2474 1684 2750 1756 δεύτερον.
2786 1686 2953 1739 Ὅθεν
2995 1685 3090 1739 δύο
3117 1686 3285 1739 αὑτοῦ
3318 1690 3417 1751 τὰς
3455 1690 3737 1760 γεννήσεις

469 1791 705 1843 ﬁtentur.
758 1785 933 1839 Unum
962 1784 1370 1854 quoqueipsum
1403 1786 1631 1839 dicimus
1666 1784 1831 1840 Deum
1858 1793 1913 1840 et
1950 1788 2045 1840 ho-

2153 1774 2546 1846 ὁμολογοῦμεν.
2573 1775 2691 1829 Ἵνα
2718 1776 2814 1830 καὶ
2842 1777 2935 1829 τὸν
2962 1777 3129 1830 αὑτόν
3154 1794 3338 1849 φαμεν
3366 1779 3498 1831 Θεὸν
3522 1781 3617 1833 καὶ
3641 1782 3735 1833 ἇν-

468 1882 692 1942 minem,
746 1892 851 1931 non
887 1886 1064 1931 autem
1116 1878 1251 1931 duas
1299 1876 1537 1945 ejusdem
1570 1892 1693 1931 esse
1724 1878 2044 1948 hypostases

469 1973 845 2042 pracdiCamus,
890 1969 1034 2023 velut
1071 1968 1267 2037 impius
1307 1968 1518 2023 elfutire
1552 1984 1717 2023 ausus
1736 1978 1818 2023 est
1850 1968 2043 2024 Nesto—

473 2066 584 2118 rius
622 2079 743 2116 cum
770 2061 995 2116 asseclis
1021 2077 1035 2125 ;
1067 2062 1159 2115 sed
1190 2075 1349 2114 unam
1408 2060 1580 2130 ipsius
1615 2064 1846 2118 dicimus
1875 2064 2046 2132 hypo-

472 2157 822 2211 stasinctiam
851 2152 1444 2229 postincarnatiouem.
1471 2153 1675 2205 Sancta
1706 2154 1851 2207 enim
1884 2154 2039 2223 ejus-

476 2252 595 2337 dem
627 2262 755 2303 caro
785 2247 837 2301 iu
872 2246 1037 2317 ipsius
1081 2244 1243 2299 Verbi
1279 2243 1371 2297 Dei
1398 2246 1645 2298 subsistit
1696 2246 1970 2313 hypostasi
2023 2264 2041 2309 ;

474 2336 539 2397 οι
568 2341 706 2395 hanc
732 2338 1049 2410 hypostasin
1098 2336 1289 2391 habuit
1318 2345 1373 2390 et
1404 2337 1565 2390 habet
1591 2353 1605 2399 ;
1636 2352 1803 2405 quare
1828 2340 2051 2393 conlite-

475 2450 597 2489 mur
626 2448 791 2487 unum
824 2440 878 2486 et
931 2431 1108 2500 ipsum
1145 2429 1308 2483 Deum
1338 2437 1392 2505 et
1433 2428 1708 2484 hominem
1760 2428 2049 2484 Dominum

476 2540 721 2583 nostrum
767 2523 950 2580 Jesum
988 2522 1283 2577 Christum.
1316 2521 1435 2591 Ipse
1474 2523 1620 2576 enim
1653 2531 1737 2577 est
1765 2538 1974 2591 nngcns
1996 2532 2055 2578 et

477 2632 559 2676 cst
593 2629 789 2674 unctus
822 2631 1069 2687 :ungens
1104 2616 1342 2684 quidem,
1380 2624 1437 2669 ut
1464 2613 1605 2669 Deus
1636 2632 1651 2681 ;
1689 2624 1881 2671 unctus
1901 2630 2051 2683 vero,

478 2727 535 2767 ut
569 2714 750 2767 homo.
801 2708 1054 2763 Christus
1094 2706 1169 2777 (7)
1201 2706 1345 2761 enim
1391 2715 1614 2761 vocatus
1642 2708 1742 2760 luit
1773 2707 1825 2760 in
1882 2709 2052 2763 altera

477 2803 714 2873 ejusdem
755 2799 1120 2870 generatione,
1149 2811 1254 2851 non
1280 2804 1483 2859 autem,
1509 2806 1566 2851 ut
1595 2797 1905 2868 Origeniani
1934 2797 2053 2852 dic-

480 2900 658 2957 titant.
702 2902 831 2948 ante
870 2890 1086 2947 saecula.
1138 2889 1379 2945 Dicimus
1400 2898 1579 2944 autem
1628 2899 1685 2945 et
1731 2889 2056 2945 confitemur

478 3005 602 3045 cum
626 2986 891 3055 duplicem
918 2992 1134 3047 natura,
1159 2980 1363 3036 scilicet
1390 2980 1697 3051 perfectum
1737 2981 1905 3036 Deum
1932 2996 2055 3052 per-

480 3084 792 3149 fectumque
870 3076 1143 3131 hominem
1176 3113 1191 3138 ,
1236 3075 1546 3145 passibilem
1596 3073 1813 3142 quidem
1876 3074 2054 3144 quoad

482 3172 893 3234 humanitatem,
935 3164 1322 3235 impassibilem
1366 3179 1492 3220 vero
1565 3164 1742 3233 quoad
1805 3164 2055 3219 divinitad-

474 3278 587 3322 tem
615 3281 633 3332 ;
651 3280 746 3321 esu
756 3263 968 3325 rivisse,
988 3267 1045 3313 et
1062 3257 1319 3322 sitivisse,
1343 3267 1397 3313 et
1411 3256 1732 3323 comedisse,
1754 3266 1809 3311 et
1827 3257 2052 3324 bibisse,

476 3369 536 3415 et
567 3357 866 3423 laborasse,
901 3363 960 3409 et
999 3351 1321 3408 dormivisse
1339 3357 1530 3418 sponte
1549 3357 1604 3403 et
1630 3346 1930 3402 secundum
1955 3361 2053 3400 na-

482 3459 617 3503 tura:
638 3444 1184 3516 legem.Ettanquam
1210 3440 1352 3496 Deus
1382 3439 1563 3494 divina
1592 3438 1719 3493 fecit
1745 3447 1801 3493 et
1845 3437 2050 3508 glorio-

480 3555 577 3593 sa:
616 3551 812 3605 aquam
862 3534 1101 3589 vertitin
1153 3532 1358 3596 vinum,
1389 3530 1579 3585 oculos
1613 3544 1757 3584 caeco
1804 3528 2052 3600 aperuit,

483 3638 725 3684 mortuos
757 3626 824 3680 ad
861 3626 1024 3679 vitam
1072 3623 1346 3679 revocavit
1377 3658 1394 3688 ,
1435 3621 1597 3677 siccis
1627 3620 1856 3692 pedibus
1878 3636 2047 3693 super

482 3735 634 3774 mare
652 3716 976 3783 ambulavit,
1018 3725 1072 3768 et
1103 3726 1321 3770 canora.
1355 3714 1427 3770 Ut
1452 3715 1612 3769 homo
1643 3728 1770 3768 vero
1818 3716 2055 3769 humana

482 3810 735 3881 patravit.
792 3809 934 3862 Duas
988 3821 1121 3877 ergo
1166 3806 1470 3861 voluntates
1520 3805 1694 3874 ipsius
1737 3805 2053 3871 statuimus,

483 3906 728 3972 duasque
779 3900 1144 3969 operationes,
1197 3898 1436 3953 divinam
1499 3907 1658 3966 atque
1712 3897 2053 3954 humanam:

481 4005 694 4051 etcum
757 3993 893 4047 duas
943 3989 1180 4045 audieris
1210 3989 1261 4043 in
1324 3987 1549 4043 Domino
1600 3986 1909 4043 voluntates
1937 4027 1952 4052 ,
1988 4002 2056 4043 ne

484 4084 763 4142 existimes
803 4095 925 4138 esse
978 4081 1117 4135 inter
1150 4094 1210 4134 se
1259 4090 1561 4149 pugnantes
1604 4093 1669 4133 ac
1713 4079 2054 4145 contrarias;

390 4215 400 4224 .
488 4190 673 4230 verum
730 4187 790 4227 ea
849 4171 1035 4227 volens
1072 4168 1302 4225 faciebat
1358 4170 1596 4224 humana
1653 4177 1885 4233 natura,-
1935 4183 2057 4239 quae

485 4268 663 4327 divina
701 4264 821 4335 ejus
848 4262 1019 4320 votuit
1055 4264 1306 4317 voluntas
1338 4279 1351 4315 :
1382 4275 1721 4331 quaecunque
1748 4261 1890 4317 enim
1915 4261 2058 4317 vole-

486 4361 598 4425 bat,
628 4365 857 4427 poterat,
888 4369 949 4409 ac
976 4353 1208 4409 faciebat
1231 4369 1247 4418 ;
1272 4368 1380 4407 non
1409 4354 1553 4409 enim
1593 4352 1819 4409 alterius
1841 4352 2054 4425 indige-

2080 3109 2123 3169 C

2147 1867 2385 1938 θρωπον.
2425 1868 2500 1921 Οὑ
2531 1868 2625 1921 δύο
2669 1868 2726 1922 δὲ
2771 1868 2935 1922 αὑτοῦ
2981 1869 3218 1939 λέγομεν
3253 1872 3351 1934 τὰς
3386 1872 3737 1937 ὑποστάσεις,

2145 1964 2219 2027 ὡς
2254 1965 2281 2016 ό
2315 1962 2522 2034 ἀσεϐὴς
2554 1963 2859 2034 ἑτόλμησεν
2893 1965 3067 2017 είπεῖν
3104 1966 3421 2036 Νεστόριος,
3456 1968 3613 2020 καὶοί
3638 1970 3736 2021 σὺν

2148 2056 2299 2127 αὑτῷ
2320 2072 2332 2087 ·
2363 2056 2498 2109 ἀλλά
2524 2056 2653 2126 μίαν
2690 2056 2856 2111 αὑτοῦ
2887 2057 3121 2128 λέγομεν
3162 2059 3260 2131 τὴν
3296 2060 3595 2113 ὑπόστασιν
3643 2062 3737 2115 καὶ

2153 2147 2293 2217 μετά
2315 2148 2617 2215 σάρκωσιν.
2647 2148 2711 2199 Ἢ
2731 2149 2839 2219 γάρ
2855 2150 2987 2218 ἁγία
3007 2151 3175 2204 αὑτοῦ
3211 2151 3346 2224 σὰρξ
3386 2155 3443 2205 ἑν
3468 2156 3532 2224 τῇ
3571 2154 3736 2207 αὑτοῦ

2149 2238 2242 2291 τοῦ
2257 2237 2389 2292 Θεοῦ
2406 2238 2584 2309 Λόγου
2595 2241 2805 2311 ὑπέστη
2823 2242 3140 2309 ὑποστάσει,
3161 2246 3255 2297 καὶ
3276 2246 3479 2317 ταύτην
3498 2246 3625 2316 ἔσχε
3643 2249 3736 2300 καὶ

2150 2330 2265 2401 ἔχει
2292 2332 2591 2386 ὑπόστασιν
2617 2350 2634 2365 δ
2661 2333 2785 2387 ὅθεν
2820 2334 3192 2406 ὁμολογοῦμεν
3211 2337 3307 2389 ἑνα
3344 2338 3437 2392 καὶ
3458 2339 3553 2391 τὸν
3575 2340 3737 2392 αὑτὸν

2152 2422 2284 2477 Θεὸν
2301 2424 2396 2477 καί⁵
2410 2424 2720 2496 ἄνθρωπον,
2738 2425 2830 2479 τὸν
2847 2426 3050 2497 Κύριον
3071 2428 3227 2499 ήμῶν
3256 2428 3462 2499 Ἰησοῦν
3477 2431 3737 2501 Χρ;στόν.

2152 2519 2324 2583 Αὐτὸς
2351 2519 2462 2590 γάρ
2497 2522 2645 2576 ἑστιν
2668 2523 2696 2575 ό
2716 2522 2889 2593 χρίων
2915 2512 3010 2577 καὶ
3036 2525 3064 2577 ὀ
3091 2523 3412 2595 χριόμενος·
3439 2526 3610 2595 χρίων
3640 2529 3741 2596 μὲν

2150 2611 2225 2675 ὡς
2250 2611 2404 2676 Θεὸς,
2429 2613 2720 2684 χριόμενος
2747 2614 2804 2667 δὲ
2826 2615 2901 2679 ὡς
2930 2613 3245 2686 ἄνθρωπος.
3281 2617 3517 2687 Χριστὸς
3538 2616 3595 2670 δὲ
3615 2618 3735 2671 τότε

2152 2702 2358 2775 ἐκλήθη
2413 2706 2472 2756 ἑν
2508 2706 2576 2776 τῇ
2621 2706 2852 2778 δευτέρᾳ
2880 2707 3049 2761 αὑτοῦ
3092 2709 3367 2779 γεννήσει,
3408 2711 3502 2762 καὶ
3537 2710 3737 2780 οὑχώς

2167 2795 2570 2864 Ὠριγενιαστοι)⁸
2627 2796 2870 2865 λέγουσι,
2906 2798 3015 2870 πρὸ
3060 2798 3172 2853 τῶν
3228 2799 3741 2870 αίώνων.Δέγομεν

2153 2887 2210 2941 δὲ
2263 2890 2359 2942 καὶ
2405 2890 2786 2961 ὁμολογοῦμεν
2817 2891 2982 2945 αὑτὸν
3010 2891 3232 2946 διπλοῦν
3263 2895 3331 2963 τῇ
3385 2892 3571 2962 φύσει,
3603 2894 3741 2947 Θεὸν

2153 2980 2360 3034 τέλειον
2402 2982 2499 3034 καὶ
2543 2982 2833 3054 ἄνθρωπον
2863 2983 3068 3037 τέλειον
3088 3024 3104 3049 ,
3137 2984 3379 3054 παθητὸν
3420 2986 3523 3055 μὲν
3550 2989 3616 3056 τῇ
3646 2988 3739 3038 ἀν·

2158 3068 2496 3142 θρωπότητι,
2530 3071 2723 3141 ἀπαθῆ
2750 3072 2809 3125 δὲ
2852 3076 2921 3144 τῇ
2949 3074 3165 3145 θεότητι
3186 3090 3204 3106 ⁸
3239 3075 3498 3128 πεινάσαι
3549 3093 3608 3128 τε
3642 3078 3741 3130 καὶ

2154 3160 2399 3231 διψῆσαι,
2452 3164 2548 3217 καὶ
2590 3167 2809 3233 φαγεῖν,
2856 3166 2950 3218 καὶ
3000 3168 3167 3229 πιεῖν,
3195 3168 3292 3220 καὶ
3326 3168 3737 3233 κοπιάσαι,καὶ

2156 3254 2402 3308 ὑπνῶσαι
2458 3256 2726 3321 ἑκουσίως
2768 3257 2864 3311 καὶ
2920 3258 3072 3329 νόμῳ
3121 3258 3359 3328 φύσεως.
3389 3261 3499 3313 Καὶ
3528 3260 3605 3323 ὡς
3638 3262 3741 3330 μὲν

2154 3344 2287 3410 Θεὸς
2312 3344 2550 3417 ἔπραττε
2577 3348 2647 3402 τά
2680 3348 2801 3403 θεῖα
2832 3350 2928 3403 καὶ
2948 3349 3158 3416 ἔνδοξα,
3178 3352 3239 3405 τὸ
3263 3354 3490 3423 ποιῆσαι
3508 3352 3570 3404 τὸ
3593 3352 3739 3423 ὕδωρ

2154 3432 2319 3503 οἶνον,
2350 3438 2445 3492 καὶ
2474 3438 2537 3493 τό
2554 3439 2885 3511 όμματῶσαι
2911 3442 3135 3511 τυφλὸν,
3155 3444 3251 3496 καὶ
3283 3444 3591 3514 ἀναστῆσαι
3613 3446 3737 3510 τοὺς

2154 3532 2403 3601 νεκροὺς,
2436 3531 2534 3585 καὶ
2571 3532 2835 3596 πεζεῦσαι
2884 3535 2980 3588 ἑπὶ
3018 3536 3116 3606 τῆς
3153 3535 3429 3607 θαλάσσης
3478 3537 3739 3608 ἀϐρόχοπ

2155 3623 2307 3689 ποσὶ,
2362 3624 2457 3677 καὶ
2509 3623 2579 3678 τὰ
2618 3624 2781 3681 λοιπά
2804 3641 2819 3656 ’
2854 3626 2931 3691 ὼς
2972 3626 3261 3698 ἅνθρωπος
3313 3629 3373 3683 δὲ
3403 3629 3646 3700 ἔπραττε
3669 3630 3739 3683 τὰ

2154 3712 2491 3784 ἀνθρώπινα.
2535 3714 2639 3769 Δύο
2683 3716 2740 3769 δὲ
2784 3715 2953 3770 αὑτοῦ
2990 3717 3288 3789 δοξάζομεν
3322 3719 3422 3782 τὰς
3458 3720 3735 3790 θελήσεις,

2155 3805 2253 3859 καὶ
2282 3806 2382 3870 τὰς
2414 3807 2723 3877 ἑνεργείας,
2748 3808 2900 3863 θείαν
2929 3810 3024 3863 καὶ
3043 3810 3415 3882 ἀνθρωπίνην.
3442 3810 3745 3882 Θελήματα

2156 3897 2213 3951 δὲ
2244 3896 2338 3951 δύο
2364 3896 2607 3961 ἀκούσας
2629 3898 2727 3952 ἐπὶ
2756 3898 2853 3953 τοῦ
2883 3901 3117 3972 Κυρίου,
3152 3902 3229 3972 μὴ
3264 3902 3573 3973 μαχόμενα,
3605 3903 3739 3972 μηδὲ

2155 3988 2549 4059 ἐναντιούμενα
2601 3989 2855 4064 ἀλλήλοις
2897 3992 3028 4047 νόει.
3076 3994 3238 4049 Ἀλλὰ
3295 3996 3469 4051 ταὺτά
3511 3998 3739 4050 θέλουσα

2156 4078 2425 4151 ἔπραττεν
2473 4082 2507 4149 ή
2562 4081 2884 4153 ἀνθρωπίνη
2928 4082 3115 4152 φύσις,
3146 4084 3290 4155 ἅπερ
3339 4088 3373 4158 ή
3421 4086 3543 4141 θεία
3573 4087 3739 4141 αὑτοῦ

2157 4170 2317 4241 ἧοελε
2347 4170 2568 4242 θέλησις
2588 4188 2603 4205 ·
2640 4172 2739 4225 ὅσα
2760 4172 2868 4243 γὰρ
2898 4172 3110 4243 ήθελεν,
3141 4175 3373 4244 ήδὺνατο
3401 4181 3496 4231 καὶ
3519 4178 3693 4232 ἐποίει
3719 4196 3736 4211 ο

2157 4263 2221 4316 οὑ
2250 4262 2359 4333 γάρ
2411 4261 2592 4315 ἐδέετο
2636 4263 2849 4333 ἑτέρου.
2882 4264 3099 4318 Ἔπαθε
3126 4264 3185 4317 δὲ
3208 4266 3494 4331 ἑκουσίως,
3526 4270 3735 4339 ἑφραγ-

2157 4354 2395 4426 γελώθη,
2430 4354 2761 4426 ἑνεπτύσθη.
2795 4357 2889 4409 καί⁵
2920 4356 3244 4429 ἐσταυρώθη
3264 4394 3279 4419 .
3312 4359 3580 4430 ἑκεντήθη
3612 4360 3737 4428 λόγ-

492 4453 602 4503 bat.
639 4449 845 4516 Sponte
873 4454 1051 4500 autem
1088 4459 1279 4511 passus
1317 4455 1424 4509 est,
1464 4444 1786 4516 ﬂagellatus,
1818 4460 2049 4515 conspu-

2158 4462 2231 4520 χη
2251 4446 2352 4520 τὴν
2410 4446 2676 4519 πλευρὰν,
2709 4447 2957 4516 ἐπήγασὲ
3005 4464 3066 4500 τε
3122 4447 3185 4513 ἑξ
3229 4447 3401 4519 αὐτῆς
3456 4444 3597 4519 αἷμα
3646 4451 3738 4505 καὶ

488 4553 575 4595 tus
610 4547 664 4593 et
701 4538 1014 4600 crucilixus,
1047 4536 1232 4591 lancea
1267 4537 1321 4591 in
1354 4536 1522 4591 latere
1547 4537 1880 4603 vulneratus,
1906 4540 2051 4593 unde

481 4631 706 4702 sanguis
730 4641 784 4683 et
812 4644 953 4699 aqua
977 4629 1165 4691 exivit.
1198 4630 1391 4685 salutis
1422 4630 1781 4695 conciliatrix,
1819 4640 1876 4686 et
1906 4632 2054 4687 velut

485 4726 647 4778 homo
688 4727 936 4774 mortuus
953 4728 1055 4775 est.
1087 4716 1315 4774 UtDeus
1346 4733 1474 4775 vero
1497 4721 1735 4775 surrexit
1761 4736 1859 4775 sua
1882 4722 2054 4791 ipsius

481 4814 779 4876 voluntate,
812 4811 1078 4876 excitans,
1125 4810 1274 4880 quia
1320 4811 1517 4866 saaculo
1547 4812 1915 4877 dormierant,
1944 4830 2051 4868 non

482 4918 717 4967 omnes,
781 4902 874 4955 sed
934 4900 1144 4969 dignos.
1193 4896 1567 4969 Quadraginta
1618 4906 1799 4954 autem
1860 4901 2054 4957 diebus

480 5011 589 5053 una
625 5003 980 5052 conversatus
1023 5002 1106 5050 est
1158 5008 1282 5047 cum
1333 4992 1536 5048 sanctis
1600 4992 1879 5062 discipulis
1940 4994 2054 5050 suis

478 5101 600 5159 post
670 5088 1159 5150 resurrectionem,
1210 5096 1265 5141 et
1290 5099 1619 5140 convescens
1654 5099 1776 5138 cum
1835 5084 1916 5140 eis
1968 5100 2056 5141 as-

476 5191 726 5252 sumptus
762 5189 842 5233 cst
870 5179 924 5232 in
949 5178 1147 5234 ett-lum
1185 5193 1290 5232 una
1319 5193 1439 5231 cum
1498 5176 1848 5231 immaculato
1876 5192 1977 5233 suo
2002 5186 2056 5232 et

479 5274 726 5342 principe
820 5271 1116 5324 viventium
1192 5284 1460 5338 corpore,
1547 5268 1853 5324 videntibus
1930 5284 2055 5323 san-

477 5363 581 5418 ctis
658 5363 826 5433 ipsius
894 5360 1194 5431 discipulis.
1251 5358 1539 5416 Credimus
1602 5373 1729 5414 vero
1802 5361 2049 5416 eumdem

477 5470 668 5511 rursus
696 5464 985 5509 venturum
1032 5468 1154 5509 cum
1202 5451 1605 5523 incomparabili
1637 5450 1827 5521 gloria,
1873 5462 1929 5506 ut
1957 5453 2050 5523 ju-

554 5610 631 5681 (6)
662 5613 733 5666 De
769 5612 872 5667 hoc
897 5625 1088 5667 errore
1120 5610 1392 5667 Valentini
1426 5610 1546 5664 vide
1575 5607 1652 5665 sis
1696 5608 1889 5679 Epiph.
1916 5608 2051 5665 hazr.

480 5682 541 5738 31
576 5694 630 5735 et
662 5682 979 5744 Daniasccu,

552 5754 628 5823 (7)
669 5754 747 5807 Ex
771 5752 1109 5810 Damasccno
1138 5752 1234 5811 lib.
1267 5768 1321 5809 tv
1370 5749 1591 5809 Ortliod.
1627 5751 1751 5820 fidei
1818 5765 1939 5822 cap.
1989 5752 2048 5821 ϐ,

2160 4536 2326 4607 ὕδωρ,
2355 4538 2633 4607 σωτηρίας
2653 4536 2939 4608 πρόξενον,
2967 4537 3063 4591 καὶ
3091 4538 3386 4603 ἀπέθανεν,
3418 4540 3491 4603 ὡς
3522 4540 3735 4612 ἄνθρω-

2158 4644 2278 4692 πος.
2319 4626 2407 4691 Ὠς
2434 4628 2491 4682 δὲ
2555 4628 2689 4692 Θεὸς
2739 4628 2940 4701 ἀνέστη
2984 4628 3391 4695 αὐτεξουσίως,
3426 4634 3737 4703 ἀναστήσας

2155 4720 2284 4783 τοὺς
2335 4720 2431 4774 ἀπ’
2460 4718 2656 4784 αἰῶνος
2705 4720 3181 4791 κεκοιμημένους,
3222 4723 3289 4776 οὑ
3336 4723 3569 4788 πάντας,
3600 4724 3737 4777 ἀλλά

2157 4811 2283 4873 τοὺς
2312 4810 2519 4875 ἀξίους.
2564 4811 2690 4864 Ἐπὶ
2733 4810 2973 4882 ἡμέραις
3001 4810 3059 4864 δὲ
3105 4814 3517 4885 τεσσαράκοντα
3544 4831 3740 4868 συναν-

2158 4900 2401 4973 εστράφη
2451 4902 2564 4964 τοῖς
2616 4900 2794 4970 ἁγίοις
2819 4900 2986 4955 αὑτοῦ
3019 4900 3312 4972 μαθηταῖς,
3358 4904 3505 4972 μετά
3536 4906 3639 4974 τὴν
3675 4907 3739 4958 ἐκ

2157 4994 2365 5066 νεκρῶν
2385 4993 2548 5048 αὑτοῦ
2570 4994 2889 5062 ἀνάστασιν,
2917 4994 3375 5066 συναυλιζόμενος
3402 4998 3611 5062 αὑτοῖς,
3645 5001 3739 5051 καὶ

2158 5086 2438 5157 ἀνελήφθη
2465 5087 2545 5149 είς
2574 5086 2843 5158 οὐρανοὺς
2869 5086 3008 5158 μετά
3030 5087 3127 5140 τοῦ
3149 5087 3422 5158 ἀχράντου
3449 5090 3545 5141 καὶ
3568 5090 3737 5159 {uap-

2162 5177 2319 5248 χικοῦ
2365 5177 2531 5231 αὑτοῦ
2588 5176 2841 5249 σώματος
2864 5216 2880 5243 ,
2908 5177 3167 5250 ὁρώντων
3216 5178 3327 5231 τῶν
3367 5180 3541 5247 ἁγίων
3574 5180 3736 5232 αὑτοῦ

2165 5268 2440 5340 μαθητῶν.
2503 5266 2842 5333 Πιστεὺομεν
2885 5266 2944 5320 δὲ
2989 5264 3157 5321 πάλιν
3201 5266 3376 5319 ἐλθεῖν
3401 5265 3569 5319 αὑτὸν
3601 5265 3736 5337 μετά

2161 5360 2319 5431 δόξης
2345 5359 2677 5431 ἀσυγκρίτου
2730 5361 2914 5426 κρῖναι
2945 5358 3156 5422 πάντας
3183 5358 3258 5421 ὡς
3299 5357 3454 5421 Θεὸς,
3486 5358 3583 5412 καὶ
3608 5359 3735 5412 ἀπο·

2167 5452 2350 5508 δοῦναι
2374 5451 2592 5524 ἑκάστῳ
2622 5452 2767 5507 κατά
2806 5454 2877 5507 τὰ
2909 5452 3047 5523 ἔργα
3080 5451 3274 5506 αὑτοῦ.
3313 5448 3734 5516 ιΙροσκυνοῦμεν

2159 5625 2213 5681 p.
2249 5610 2376 5666 588.
2401 5610 2638 5667 Consule
2670 5606 2957 5681 Suicerum
2977 5608 3031 5664 in
3057 5607 3191 5664 Lex.
3212 5623 3357 5665 vers.
3381 5608 3635 5681 Χριστός.
3669 5606 3732 5661 Et

2158 5678 2417 5806 itﬁuium
2456 5682 2551 5739 lib.
2581 5697 2614 5737 ν
2651 5680 2855 5737 Contra
2901 5679 3251 5746 Emwmium,
3312 5678 3448 5737 tom.
3503 5678 3573 5747 ll,
3606 5693 3728 5750 pag.
