4098 6560
364 482 500 548 12Ἱ3

1390 476 1749 539 DOGMATA
1774 472 2194 537 CATHOLICA
2229 478 2335 539 SS.
2377 477 2630 540 APOST.

3485 477 3624 543 1234

358 595 418 651 δὲ
444 593 611 649 αὐτοῦ
645 593 714 648 τά
742 592 900 663 τίμια
937 591 1032 646 καὶ
1051 587 1184 659 ἅγια
1229 587 1376 660 πάθη
1395 630 1410 654 ,
1440 587 1508 644 δι’
1535 581 1612 642 ὧν
1659 585 1807 658 ἡμᾶς
1837 582 1944 638 ὲτί-

2053 585 2196 641 dicet
2229 596 2483 658 tauquam
2530 587 2671 642 Deus
2718 587 2948 653 omnes‘,
2995 597 3049 644 ct
3091 590 3275 645 reddat
3332 591 3626 662 unicuique

361 706 504 760 μησε
529 729 546 755 ,
575 686 896 756 δοξάζοντες
923 685 1088 740 αὐτοῦ
1118 685 1215 740 καὶ
1255 683 1357 754 τὴν
1387 681 1704 746 ἀνάστασιν,
1729 677 1826 734 καὶ
1853 678 1942 732 εὐ-

358 780 660 852 λογημένον
707 781 768 834 τὸ
811 780 1014 851 κράτος
1061 776 1158 832 καὶ
1201 774 1484 848 βασιλείαν
1515 769 1680 828 αὐτοῦ
1707 771 1787 835 εἰς
1815 770 1944 833 τοῦς

359 872 566 938 αἰῶνας
594 874 704 928 τῶν
731 871 972 929 αἰώνων.
1023 871 1219 942 Ἀμήν.

443 1044 851 1117 Ὁμολογοῦμεν
879 1044 976 1099 καὶ
1012 1045 1072 1098 ἓν
1097 1043 1387 1116 βάπτισμα
1411 1043 1495 1108 εἰς
1523 1041 1721 1113 ἄφεσιν
1756 1040 1940 1112 ἁμαρ-

361 1139 514 1195 τιῶν.
555 1139 750 1211 Ἀμήν.

445 1255 850 1324 Ὀμολογοῦμεν
883 1252 942 1307 δὲ
971 1251 1273 1308 ἀνάστασιν
1300 1250 1536 1323 νεκρῶν,
1569 1250 1664 1305 καὶ
1685 1249 1834 1320 ζωὴν
1849 1247 1944 1303 τοῦ

367 1347 656 1418 μέλλοντος
678 1346 898 1410 αἰῶνος.

449 1459 668 1524 ’1στὲον,
706 1459 787 1514 ὅτι
831 1459 1138 1532 ἀχώριστος
1176 1458 1392 1530 ἔμεινεν
1423 1459 1458 1529 ἠ
1493 1457 1688 1527 θεότης
1717 1454 1814 1508 τοῦ
1846 1453 1948 1508 Λό-

366 1567 466 1620 γου
487 1552 588 1621 τῆς
618 1554 783 1622 ἁγίας
821 1553 997 1608 αὐτοῦ
1048 1554 1275 1624 σαρκὸς,
1308 1551 1403 1606 καὶ
1425 1553 1484 1604 ὲν
1508 1548 1687 1621 καιρῷ
1710 1548 1804 1602 τοῦ
1839 1547 1947 1600 πά-

365 1645 517 1707 θους,
567 1645 660 1698 καὶ
703 1646 762 1698 ὲν
792 1644 873 1716 τῷ
920 1644 1171 1715 θανάτῳ,
1205 1645 1302 1710 καὶ
1322 1645 1381 1698 ὲν
1408 1641 1490 1714 τῷ
1515 1642 1673 1713 τάφῳ
1700 1637 1769 1713 ἦν
1807 1637 1949 1710 μετά

365 1733 463 1788 τοῦ
498 1734 774 1806 σώματος,
807 1736 904 1791 καὶ
934 1737 994 1791 ὲν
1019 1736 1097 1808 τῷ
1127 1735 1232 1810 ᾄδῃ
1277 1736 1417 1806 μετὰ
1456 1735 1560 1804 τῆς
1594 1732 1754 1802 ἁγίας
1779 1729 1948 1786 αὐτοῦ

361 1825 569 1896 ψυχῆς,
602 1827 699 1881 καὶ
729 1829 789 1881 ὲν
812 1827 892 1899 τῷ
921 1827 1140 1900 οὐρανῷ
1170 1827 1309 1898 μετὰ
1334 1826 1430 1881 τοῦ
1464 1826 1676 1898 Πατρὸς
1715 1825 1809 1878 καὶ
1851 1821 1968 1876 τοῦ-ι

2036 676 2192 746 juxta
2225 694 2391 750 opera
2425 696 2544 737 sua.
2570 680 2873 736 Adoramns
2900 695 3027 735 vero
3053 683 3347 751 pretiosam
3373 685 3622 754 ejusdem

2041 778 2095 824 ct
2127 780 2374 825 sanctam
2403 773 2734 841 passionem,
2760 787 2852 841 per
2882 787 3040 842 quam
3071 789 3168 826 nos
3194 774 3376 829 all'ecit
3399 775 3621 838 honore,

2042 857 2409 928 gloriﬁcantes
2458 863 2914 918 resurrectionem
2969 861 3236 931 ejusdem,
3277 864 3623 920 benedictum

2050 950 2341 1020 imperium
2379 961 2435 1006 et
2487 968 2710 1023 regnum
2743 954 2796 1007 itt
2834 954 3031 1008 szecula
3061 956 3404 1010 surculorum.
3431 959 3622 1012 Amen.

2112 1041 2448 1098 Conﬁtemttr
2472 1043 2636 1098 etiam
2671 1059 2838 1099 unum
2868 1044 3130 1113 baptisma
3163 1045 3240 1117 (9)
3273 1047 3325 1102 in
3351 1048 3627 1104 remissiu-

2044 1147 2167 1190 nem
2196 1144 2566 1203 peccatorum.
2593 1135 2788 1192 Amen.

2115 1245 2449 1302 Conﬁtentur
2507 1248 2962 1302 resurrectionem
3019 1257 3352 1305 mortuorum
3409 1251 3541 1322 (l0),
3574 1263 3627 1308 et

2046 1339 2213 1394 vitam
2243 1338 2414 1395 futuri
2449 1339 2659 1396 saeculi.
3585 1361 3588 1364 '

2121 1450 2413 1506 Sciendum
2435 1460 2541 1516 est,
2572 1452 2715 1520 quod
2741 1452 3118 1522 inseparabilis
3146 1456 3344 1510 mansit
3369 1457 3628 1513 divinitas

2047 1542 2210 1597 Verbi
2259 1558 2289 1596 a
2343 1553 2527 1598 sancta
2569 1543 2711 1598 illius
2737 1559 2921 1612 carne,
2957 1547 3118 1601 etiam
3161 1558 3402 1616 tempore
3422 1550 3629 1618 passio-

2049 1633 2154 1698 nis,
2191 1641 2245 1686 et
2276 1633 2328 1686 in
2367 1643 2560 1700 morte,
2617 1641 2672 1687 et
2697 1633 2749 1686 in
2781 1634 3032 1702 sepulcro
3057 1644 3175 1690 erat
3217 1643 3339 1691 eum
3380 1651 3626 1705 corpore,

2048 1721 2173 1775 etin
2199 1719 2390 1775 inferis
2417 1736 2521 1775 una
2546 1737 2668 1776 cum
2691 1733 2877 1778 sancta
2902 1723 3072 1793 ipsius
3106 1723 3308 1789 anima,
3336 1732 3390 1779 et
3410 1725 3462 1778 in
3490 1722 3628 1780 cutio

2051 1827 2155 1867 una
2209 1828 2330 1868 cttnt
2383 1812 2544 1868 Patre
2573 1854 2589 1879 ,
2631 1825 2687 1869 ct
2725 1814 2926 1887 Spiritu
2984 1824 3195 1881 sancto,
3233 1825 3290 1871 et
3323 1818 3524 1885 ubique
3571 1825 3630 1872 ut

366 1917 712 1989 ιινεύματος,
743 1919 841 1973 καὶ
874 1918 1158 1991 πανταχοῦ
1204 1921 1282 1984 ὡς
1331 1917 1466 1982 Θεὸς
1504 1917 1600 1971 καὶ
1629 1916 1764 1971 Θεοῦ
1795 1916 1943 1980 Υἱὸς,

2053 1903 2307 1970 Deus,et
2356 1905 2448 1961 Dei
2489 1905 2694 1972 Filius,
2744 1917 3097 1976 permanente
3142 1907 3460 1976 impassibili
3517 1908 3629 1963 ειιΙτι

364 2009 466 2081 τῆς
504 2010 760 2082 θεότητος
785 2011 953 2065 αὐτοῦ
987 2011 1236 2076 ἀπαθοῦς
1269 2011 1554 2083 μεινάσης.
1589 2007 1699 2062 Καὶ
1743 2008 1944 2061 ὲθέωσε

365 2104 468 2174 τὴν
500 2101 666 2157 αὐτοῦ
697 2103 877 2176 σάρκα
930 2103 1255 2174 ἀσυγχύτως
1301 2104 1395 2158 καὶ
1420 2102 1702 2173 ἀφύρτως,
1730 2101 1758 2154 ὁ
1783 2098 1946 2160 αὐτὸς

368 2193 744 2264 περιγραπτὸς
772 2194 868 2250 καὶ
894 2195 1334 2268 ἀπερίγραπτος.

443 2306 696 2370 Ἔκθεσις
745 2307 1044 2377 θεολογίας,
1093 2308 1164 2380 ἢν
1208 2307 1426 2380 ἐμυήθη
1463 2309 1494 2361 ὁ
1529 2305 1946 2378 θαυματουργὸς

367 2397 670 2470 Γρηγόριος
705 2398 860 2469 παρὰ
895 2399 1001 2470 τῆς
1036 2399 1326 2469 δεσποίνης
1371 2400 1527 2470 ἡμῶν
1553 2397 1817 2452 Θεοτόκου
1843 2397 1941 2451 καὶ

365 2487 457 2542 ἀεὶ
490 2489 768 2561 Παρθένου
807 2488 1048 2560 Μαρίας,
1098 2487 1319 2543 καὶτοῦ
1353 2488 1510 2558 άγίου
1554 2489 1804 2544 Ἰωάννου
1851 2487 1946 2542 τοῦ

366 2581 632 2652 Θεολόγου
662 2582 757 2636 καὶ
793 2579 1209 2651 εὐαγγελιστοῦ.
1855 2591 1862 2600 ’

439 2685 536 2754 Εἷς
566 2689 721 2756 Θεὸς,
760 2691 952 2763 Πατὴρ
993 2691 1171 2758 Λόγου
1215 2689 1442 2758 ζῶντος,
1476 2691 1669 2758 σοφίας
1697 2689 1946 2761 ὑφεστώ-

370 2799 495 2854 σης,
527 2783 620 2837 καὶ
652 2783 961 2854 δυνάμεως,
991 2782 1088 2836 καὶ
1119 2783 1471 2854 χαρακτῆρος
1498 2783 1674 2837 ἀϊδίου
1699 2799 1714 2812 ο
1743 2783 1949 2848 τέλειος

367 2873 577 2928 τελείου
609 2875 915 2945 γεννήτωρ,
945 2873 1134 2944 Πατὴρ
1168 2873 1299 2927 Υίοῦ
1335 2873 1680 2945 μονογενοῦς.
1711 2872 1805 2937 Εἷς
1837 2875 1949 2929 Κύ-

371 2983 509 3036 ριος,
544 2965 704 3036 μόνος
732 2967 796 3020 ὲκ
832 2965 1020 3036 μόνου,
1050 2965 1182 3029 Θεὸς
1207 2964 1320 3038 [ἐκ]
1340 2965 1498 3020 Θεοῦ.
1532 2966 1836 3038 Χαρακτὴρ
1857 2968 1951 3022 καὶ

369 3056 542 3111 εἰκὼν
557 3057 848 3128 Θεότητος,
870 3056 1046 3126 Λόγος
1071 3056 1322 3130 ἐνεργὴς,
1354 3057 1528 3127 Σοφία
1557 3056 1658 3126 τῆς
1679 3058 1786 3112 τῶν
1813 3058 1951 3113 ὅλων

372 3149 685 3214 συστάσεως
707 3149 1053 3222 περιεκτικὴ,
1077 3150 1172 3204 καὶ
1193 3149 1422 3220 δύναμις
1442 3149 1543 3217 τῆς
1566 3149 1694 3220 ὅλης
1719 3151 1951 3216 κτίσεως

371 3243 658 3313 ποιητική.
689 3241 820 3306 Υἱὸς
843 3241 1096 3311 ἀληθινὸς
1133 3241 1392 3313 ἀληθινοῦ
1433 3241 1682 3312 Πατρός·
1720 3242 1952 3314 ἀόρατος
1977 3281 2021 3341 C

369 3333 631 3404 ἀοράτου,
663 3333 758 3387 καὶ
785 3331 1063 3404 ἄφθαρτος
1092 3334 1398 3407 ἀφθάρτου,
1437 3333 1704 3399 ἀθάνατος
1745 3335 1950 3390 ἀθανά-

367 3441 493 3487 του,
537 3425 631 3479 καὶ
665 3425 835 3488 ἀΐδιος
866 3425 1062 3480 ἀϊδίου.
1113 3426 1210 3478 Ἓν
1240 3425 1467 3496 Πνεῦμα
1492 3425 1668 3496 ἅγιον,
1707 3429 1772 3481 ἐκ
1815 3427 1952 3483 Θεοῦ

370 3516 473 3587 τὴν
501 3515 735 3588 ὓπαρξιν
765 3515 907 3587 ἕχον,
939 3517 1034 3570 καὶ
1054 3516 1144 3571 διὰ
1169 3515 1300 3570 Υίοῦ
1325 3517 1586 3593 πεφηνὸς,
1619 3518 1818 3589 δηλαδὴ
1843 3522 1954 3584 τοῖς

371 3606 707 3678 ἀνθρώποις,
735 3608 900 3663 εἰκὼν
925 3608 1022 3663 τοῦ
1049 3609 1182 3662 Υίοῦ
1211 3609 1418 3681 τελείου
1446 3611 1652 3677 τελεία,
1679 3610 1793 3683 ζωὴ
1820 3611 1957 3676 ζών-

371 3719 482 3754 των
511 3702 663 3756 αίτία
685 3717 699 3731 ·
728 3702 952 3772 ἁγιότης
983 3702 1259 3774 ἀγιασμοῦ
1293 3704 1552 3774 χορηγός.
1595 3705 1684 3758 Ἐν
1711 3696 1758 3773 ᾧ
1786 3721 1953 3772 φανε-

377 3789 569 3858 ροῦται
597 3789 729 3854 Θεὸς
757 3791 785 3843 ό
819 3790 1030 3863 Πατὴρ,
1056 3794 1084 3845 ό
1104 3791 1196 3846 ἐπὶ
1222 3793 1436 3846 πάντων
1468 3791 1562 3844 κα)⁵
1586 3793 1643 3844 ὲν
1665 3794 1830 3845 πᾶσιο
1861 3794 1955 3846 καὶ

283 3867 286 3870 λ
370 3881 508 3943 Θεὸς
534 3881 563 3934 ὁ
595 3881 746 3943 Υίὸς,
786 3883 814 3935 ὁ
845 3881 934 3935 διὰ
967 3883 1204 3937 πάντων.
1246 3883 1418 3952 Τριὰς
1446 3883 1652 3948 τελεία,
1684 3883 1832 3955 δόξῃ.
1859 3884 1956 3937 καὶ

371 3972 657 4042 ἀῖδιότητι,
698 3973 795 4027 καὶ
838 3973 1107 4045 βασιλείᾳ,
1158 3975 1234 4045 μὴ
1279 3975 1636 4045 μεριζομὲνη,
1673 3975 1808 4044 μηδὲ
1852 3977 1954 4028 ἀπ-

371 4065 826 4137 αλλοτριουμὲνη.
860 4064 998 4118 Οὔτε
1032 4062 1126 4120 οὖν
1166 4066 1383 4120 κτιστύν
1411 4083 1485 4130 τι,
1530 4065 1563 4136 ἣ
1593 4065 1779 4119 δοῦλον
1806 4068 1864 4118 ἐν
1887 4069 1953 4137 τῇ

377 4157 594 4227 Τριάδι,
629 4143 750 4210 οὐδὲ
789 4158 1132 4222 ἐπείσακτον,
1166 4157 1242 4220 ὡς
1271 4158 1536 4228 πρότερον
1581 4157 1682 4228 μὲν
1719 4158 1818 4228 οὐχ
1853 4159 1958 4211 ὐπ-

375 4250 567 4317 ἀρχον,
614 4248 843 4320 ὕστερον
902 4249 962 4303 δὲ
1015 4248 1350 4304 ὲπεισελθόν.
1389 4246 1529 4302 Οῦτε
1581 4248 1691 4320 γὰρ
1740 4249 1954 4303 ὲνέλιπέ

377 4340 596 4392 ποτελὸ
646 4340 776 4404 Υἱὸς
834 4341 1032 4412 Πατρὶ,
1079 4337 1203 4392 οὐτε
1251 4338 1331 4409 τῷ
1363 4338 1477 4408 Υίῴ
1526 4337 1771 4409 Πνεῦμα.
1816 4338 1955 4393 Οῦτε

373 4429 594 4500 ηὐξήθη
643 4431 811 4500 μονὰς
863 4431 943 4493 είς
988 4428 1153 4485 δυάδα
1218 4429 1320 4500 (8),
1379 4429 1412 4499 ἢ
1469 4428 1599 4491 δυὰς
1661 4429 1742 4497 εἰς
1789 4429 1956 4500 Τριά-

373 4523 476 4576 δα·
521 4521 637 4576 ἀλλ’
676 4521 970 4591 ἄτρεπτος,
1013 4521 1109 4576 καὶ
1137 4521 1518 4587 ἀναλλοίωτος,
1552 4522 1586 4592 ἡ
1619 4521 1758 4590 αὐτὴ
1783 4522 1956 4590 Τριὰς

375 4615 489 4670 ἀεί.

2047 1998 2289 2066 ejusdem
2361 1997 2646 2072 divinitate
2700 2015 2716 2065 ;
2762 2000 3143 2068 deiﬁcavitqne
3191 2015 3347 2054 suam
3409 2016 3629 2056 carnem

2049 2089 2348 2154 inconfuse,
2403 2098 2457 2146 et
2492 2106 2596 2144 non
2635 2090 2939 2159 immistim,
2981 2092 3097 2162 ipse
3151 2093 3627 2162 circumscriptus,

2045 2189 2102 2235 et
2132 2179 2656 2251 incircumscriptus.
3244 2170 3246 2172 V

2119 2295 2406 2365 Expositio
2448 2296 2558 2368 (Η)
2621 2297 2956 2370 Theologim,
3012 2315 3177 2371 quant
3239 2301 3467 2358 edoctus
3529 2303 3634 2358 fuit

2047 2387 2348 2459 Gregorius
2379 2388 2829 2459 Thaumaturgus
2864 2408 2894 2446 a
2931 2391 3154 2447 domina
3182 2402 3368 2450 nostra
3400 2395 3632 2464 Deipara

2048 2495 2368 2550 semperque
2384 2479 2605 2552 Virgine
2625 2480 2819 2549 Maria,
2844 2489 2898 2536 et
2915 2492 3108 2538 sancto
3121 2481 3333 2540 Joanne
3350 2483 3632 2556 Theologo

2049 2581 2103 2626 et
2136 2572 2496 2643 evangelista.

2121 2684 2232 2754 (12)
2268 2683 2422 2741 Unus
2450 2684 2618 2750 Deus,
2642 2686 2804 2742 Pater
2846 2688 3006 2744 Verbi
3043 2690 3299 2757 viventis,
3350 2691 3635 2761 sapientiae

2051 2778 2411 2835 subsistentis
2442 2788 2498 2834 et
2532 2781 2788 2850 potentia:
2817 2789 2873 2836 et
2899 2781 3235 2840 characteris
3269 2785 3586 2854 sempiterni
3615 2802 3630 2840 :

2048 2869 2324 2942 perlectus
2375 2871 2605 2942 perfecti
2651 2874 2887 2944 genitor,
2935 2875 3101 2932 Pater
3150 2875 3271 2931 Filii
3336 2877 3627 2948 unigeniti.

2053 2962 2205 3019 Unus
2237 2962 2524 3032 Dominus,
2553 2966 2706 3021 solus
2735 2981 2804 3021 ex
2831 2967 2976 3032 solo,
3020 2966 3164 3024 Deus
3210 2969 3280 3023 de
3324 2968 3456 3024 Deo.
3489 2968 3634 3023 Cha-

2052 3064 2231 3110 racter
2259 3065 2314 3111 ct
2351 3057 2534 3126 imago
2575 3056 2830 3122 Deitatis,
2867 3058 3108 3115 Verbum
3147 3061 3362 3116 eﬁicax.
3404 3062 3634 3130 Sapien-

2053 3147 2131 3202 tia
2165 3147 2582 3203 constitutionis
2615 3165 2803 3204 rerum
2856 3152 3241 3207 universarum
3273 3154 3636 3222 comprehen-

2054 3239 2204 3294 siva:
2237 3247 2292 3293 et
2327 3239 2502 3294 virtus
2531 3249 2694 3309 atque
2747 3242 2988 3310 potentia
3038 3244 3310 3300 universa:
3368 3257 3638 3302 creatura:

2054 3331 2323 3387 eﬂ'ectiva.
2359 3330 2529 3386 Filius
2561 3347 2724 3386 verus
2759 3333 2872 3387 veri
2900 3333 3122 3403 Patris;
3166 3335 3484 3402 invisibilis,
3515 3338 3636 3405 ejus

2053 3421 2151 3492 qui
2199 3430 2283 3477 est
2318 3421 2613 3476 invisibilis
2640 3439 2654 3489 ;
2680 3433 2758 3478 εει
2799 3424 3263 3494 incorruptibilis,
3295 3428 3636 3497 corruptioni

2055 3529 2164 3568 non
2187 3514 2411 3569 obnoxii
2439 3531 2454 3576 ;
2486 3529 2551 3569 ac
2572 3515 2923 3582 immortalis,
2961 3518 3152 3572 mortis
3172 3534 3400 3588 prorsus
3431 3520 3635 3586 nescii;

2052 3615 2111 3662 ct
2181 3606 2574 3675 sempiternus,
2655 3601 2997 3677 sempiterni.
3081 3607 3344 3680 Unusque
3401 3610 3640 3679 Spiritus

2055 3708 2280 3754 sanctus
2323 3713 2388 3753 ex
2430 3697 2542 3753 Deo
2567 3699 2949 3756 exsistentiam
2989 3702 3236 3770 habens;
3283 3715 3339 3759 et
3397 3704 3491 3772 qui
3544 3719 3639 3772 per

2055 3789 2254 3845 Filium
2295 3791 2572 3860 apparuit,
2609 3793 2821 3848 scilicet
2885 3795 3218 3862 hominibus,
3276 3797 3458 3867 imago
3512 3795 3638 3851 Filii

2055 3880 2279 3950 perfecti
2322 3881 2582 3950 perfecta,
2618 3883 2732 3937 vita
2776 3884 3075 3939 viventium
3114 3901 3304 3950 causa,
3367 3888 3635 3942 sanctitas

2057 3973 2512 4028 sanctiﬁcationis
2547 3975 2968 4045 suppeditatrix,
3012 3977 3069 4031 in
3103 3993 3214 4048 quo
3256 3978 3636 4035 manifestatur

2057 4064 2203 4119 Deus
2251 4063 2431 4130 Pater,
2470 4064 2566 4134 qui
2616 4081 2782 4135 super
2817 4067 3000 4122 omnia
3030 4076 3134 4133 est,
3173 4070 3304 4124 etin
3336 4071 3633 4126 omnibus:

2056 4165 2111 4211 et
2134 4156 2279 4212 Deus
2305 4154 2498 4221 Filius,
2528 4157 2622 4226 qui
2649 4173 2747 4225 per
2767 4159 2954 4212 omnia
2974 4168 3076 4214 est.
3104 4159 3349 4216 Trinitas
3371 4162 3634 4230 perfecta,

2057 4265 2180 4320 qua:
2203 4243 2397 4320 gloria,
2433 4255 2488 4302 et
2519 4248 2842 4313 aitet-nitate,
2877 4264 2941 4304 ac
2980 4265 3172 4321 regno,
3203 4261 3368 4321 atque
3407 4253 3639 4322 imperio

2057 4357 2166 4396 non
2196 4341 2480 4407 dividitur,
2500 4349 2665 4410 atque
2685 4341 3047 4396 abalienatur.
3081 4331 3380 4414 Nonigitur
3395 4358 3636 4400 creatum

2057 4432 2216 4503 quid,
2247 4441 2342 4487 aut
2365 4448 2584 4487 servum
2616 4433 2670 4485 in
2702 4430 2993 4497 Trinitate,
3023 4449 3202 4503 neque
3233 4434 3637 4505 super-inducti-

2060 4524 2228 4578 tivum
2255 4521 2482 4592 aliquid,
2518 4533 2574 4578 et
2612 4523 2995 4590 adventitiunt,
3023 4525 3180 4594 quasi
3221 4526 3373 4596 prius
3410 4543 3516 4582 non
3542 4544 3640 4582 ex-

2065 4616 2290 4681 sistens,
2328 4615 2606 4685 posterius
2639 4630 2769 4681 vero
2799 4616 3118 4673 adveniens.
3153 4617 3271 4672 Non
3299 4634 3432 4690 ergo
3457 4617 3632 4673 del'uit

377 4721 627 4776 unquam
655 4705 828 4762 Filius
847 4706 995 4762 Patri
1022 4724 1037 4762 :
1069 4720 1248 4776 neque
1268 4703 1407 4760 Filio
1434 4704 1672 4774 Spiritus
1690 4715 1951 4761 sanctus:
1992 4699 2169 4778 neque
2227 4716 2390 4761 aucta
2461 4715 2548 4762 est
2614 4724 2854 4778 unquam
2891 4709 3074 4766 unitas
3118 4709 3174 4764 in
3205 4711 3489 4776 dualitate,
3540 4718 3637 4764 aut

377 4802 620 4860 dualitas
650 4804 703 4858 in
745 4801 1050 4871 Trinitate;
1081 4803 1176 4859 sed
1217 4802 1576 4858 immutabilis
1614 4810 1667 4855 et
1707 4801 2045 4862 invariahilis
2069 4804 2259 4860 eadem
2284 4819 2500 4874 semper
2530 4815 2714 4859 manet
2746 4803 3008 4863 Trinitas.
3344 4866 3352 4875 _
3579 4869 3588 4876 _

465 4895 682 4961 Ἰστέον,
707 4897 790 4951 ὅτι
831 4895 1016 4964 φύσις,
1049 4896 1144 4950 καὶ
1185 4897 1392 4966 μορφὴ,
1437 4894 1532 4948 καὶ
1559 4893 1739 4958 οὐσία,
1773 4893 1830 4947 ἓν
1859 4895 1953 4949 καὶ

2134 4896 2452 4961 Sciendum,
2493 4897 2635 4967 quod
2659 4905 2875 4959 natura,
2907 4894 3103 4958 forma,
3127 4903 3180 4948 ct
3205 4895 3439 4960 essentia
3469 4911 3635 4949 unum

372 4989 577 5045 ταύτόν
606 4991 778 5045 ἐστιν.
816 4988 1146 5052 Ὑπόστασις
1173 4987 1232 5041 δὲ
1264 4987 1358 5040 καὶ
1391 4985 1680 5057 πρόσωπον
1707 4986 1801 5038 καὶ
1831 4985 1958 5040 ἄτο-

376 5100 511 5154 μον,
534 5083 628 5136 καὶ
652 5083 965 5153 χαρακτὴρ,
999 5082 1059 5135 ἓν
1087 5082 1182 5135 καὶ
1214 5079 1414 5133 ταύτόν
1439 5079 1566 5131 εἰσι.

449 5173 565 5242 Τὴν
590 5173 647 5226 δὲ
675 5173 834 5242 ἁγίαν
856 5175 1077 5242 Μαρίαν
1097 5171 1196 5244 τὴν
1214 5171 1306 5226 τὸν
1332 5170 1536 5241 Κύριον
1557 5171 1590 5239 ἠ
1600 5169 1718 5238 μῶν
1751 5167 1956 5238 Ἰησοῦν

374 5261 616 5336 Χριστὸν
661 5263 1003 5333 γεννήσασαν
1050 5260 1466 5332 προσκυνοῦμεν
1515 5257 1612 5312 καὶ
1663 5256 1954 5326 σεϐόμεθα,

447 5420 527 5489 (8)
575 5419 704 5476 Haec
754 5419 941 5486 verba,
967 5417 1094 5473 οὐτε
1139 5417 1355 5489 ηὐξήθη
1398 5417 1566 5489 μονάς
1597 5418 1706 5489 Αεῑς
1757 5416 1948 5489 δυάδα,

374 5487 516 5563 quas
548 5500 678 5545 sunt
717 5490 773 5545 in
808 5489 1029 5556 Codice,
1065 5487 1277 5545 desunt
1305 5487 1446 5558 apud
1512 5487 1791 5543 Labbcum
1833 5487 1954 5541 loco

373 5561 636 5616 excitato.

449 5629 766 5698 (9)Cnn|er.
786 5629 1016 5684 Tertull.
1044 5629 1142 5684 lib.
1162 5627 1240 5683 De
1272 5629 1567 5698 prwscript.
1602 5624 1804 5681 Marcio
1832 5624 1956 5697 plu-

377 5717 469 5755 res
504 5700 819 5770 indulgebat
847 5699 1176 5770 baptismos.

453 5771 572 5836 (10)
593 5766 960 5824 Valentiniani
979 5769 1165 5824 carnis
1184 5766 1636 5838 resurrectionem
1661 5766 1952 5838 negabant.

380 5841 711 5918 Datttttsc_e_tt.
737 5839 997 5918 ματη-51..
1025 5839 1149 5918 de.
1175 5848 1229 5918 et
1252 5839 1503 5918 hamum,

454 5910 570 5980 (tl)
605 5908 824 5967 Titulus
852 5911 933 5967 sic
984 5911 1147 5967 habet
1193 5911 1248 5966 in
1301 5909 1488 5966 codice
1545 5905 1955 5970 Ricbardiano;

1204 6017 1209 6022 .
1484 5990 1517 6020 Ν

2063 4998 2118 5043 et
2149 4989 2290 5045 idem
2317 4997 2438 5044 est:
2493 4988 2825 5060 hypostasis,
2872 5002 3128 5056 persona,
3172 4986 3541 5054 individuum,
3582 4994 3638 5040 ct

2061 5080 2346 5135 character
2377 5095 2546 5134 unum
2568 5087 2622 5132 et
2645 5079 2785 5133 idem
2812 5087 2962 5134 sunt.
3007 5126 3018 5137 .

2132 5170 2388 5227 Sanctam
2422 5186 2553 5226 vero
2582 5170 2826 5235 Mariam,
2859 5187 2980 5241 qua:
3008 5174 3195 5241 genuit
3221 5171 3509 5224 Dominum
3543 5185 3642 5224 no:-

2063 5268 2238 5315 strum
2298 5258 2482 5316 Jesutn
2550 5259 2853 5328 Christum,
2920 5262 3212 5317 adoramus
3265 5273 3320 5316 ct
3381 5263 3635 5324 colimus,

2060 5416 2154 5488 sed
2178 5416 2230 5488 in
2263 5416 2516 5488 Coac-iliis
2560 5416 2754 5488 Labbei
2792 5426 2947 5488 tottt.
2981 5416 3022 5478 ι,
3053 5433 3174 5488 pag.
3221 5419 3342 5478 865.
3389 5419 3586 5486 legitur
3618 5439 3630 5473 :

2064 5485 2587 5560 'Ettesat,:_1:iatsto;
2607 5487 2747 5560 κατά
2779 5485 3480 5560 ἀποκάλυψινίΓρηγορίου
3513 5493 3628 5542 ἐπι-

2063 5556 2269 5628 σκόπου
2300 5557 2754 5628 Νεοκαι-σαρείας.
2785 5557 3062 5628 Expositio
3096 5556 3408 5628 ﬁdei'juxt'a
3441 5560 3636 5614 revela-

2065 5626 2259 5697 tionern
2285 5625 2531 5697 gregarii
2561 5627 2791 5697 episcopi
2830 5625 3211 5697 Neocresaretv.

2140 5696 2251 5769 (i2)
2285 5694 2418 5750 Vide
2439 5694 2783 5769 ‘Fabr'iciutt‘t,
2809 5696 2947 5769 Bibl.
2972 5695 3064 5751 Gr.
3105 5699 3309 5763 tom.V,
3341 5716 3465 5769 pag.
3507 5701 3634 5754 9.49.

2068 5766 2390 5891 zersitvmem
2439 5766 2603 5838 hujus
2634 5767 2980 5840 apocalypsis
3007 5769 3153 5824 dedit
3203 5766 3505 5829 Becu—ccius
3564 5787 3628 5826 ex

2091 5840 2190 5891 ‘er.
2274 5839 2444 5891 ossio.

2065 5840 2190 5898 Ger.
2230 5839 2444 5894 Vossio.
