4098 6494
560 449 696 512 1235

1750 458 2095 521 ΑΝΟΝΥΜΙ
2137 461 2585 521 BECUCCIANI

3666 446 3798 522 123"»

550 567 719 625 sicuti
750 565 845 621 Dei
875 575 1128 630 matrem,
1170 566 1455 639 ipsamque
1510 568 1795 640 Deiparam
1840 571 2125 628 manifeste

2243 571 2298 634 ὓς
2330 571 2465 625 Θεοῦ
2498 569 2730 641 μητέρα,
2753 568 2848 621 καὶ
2868 567 3128 621 Θεοτάκον
3154 564 3323 635 αὐτὴν
3348 561 3563 635 τρανῶς
3605 563 3800 634 dvaer

552 658 937 729 prredicamus.
975 655 1302 729 Quicunque
1356 658 1501 715 enim
1552 669 1803 716 sanctam
1837 660 2127 731 Deiparam

552 750 779 805 Mariam
813 760 1045 806 matrem
1106 750 1323 807 Domini
1352 754 1525 809 nostri
1572 754 1699 811 Jesu
1728 755 1956 823 Christi,
2002 756 2129 812 Dei-

552 857 739 911 param
774 856 880 895 non
917 841 1228 908 conﬁtetur,
1269 846 1557 901 anathema
1600 846 1691 909 sit,
1730 857 1785 902 et
1833 849 2128 903 vehemen-

554 932 679 987 tiori
705 942 758 987 et
783 931 1127 988 laboriosiori
1156 934 1363 991 ultione
1387 936 1679 992 damnatus
1700 939 1768 994 sit
1796 957 1807 992 :
1842 948 2128 1009 pr0pterea

553 1024 700 1093 quod
743 1026 1073 1095 contempsit
1103 1028 1275 1082 solam
1319 1029 1719 1097 honorandam,
1744 1032 2127 1101 gloriosiorem

554 1114 874 1181 Cberubim,
950 1118 1587 1192 magnilicentioremque
1643 1122 1953 1192 Seraphim,
2008 1138 2129 1177 om-

554 1205 711 1262 nium
742 1222 922 1263 rerum
965 1217 1276 1265 creatarum
1308 1211 1607 1267 dominam.
1640 1211 1939 1268 Pretiosam
1963 1213 2128 1269 etiam

554 1306 611 1353 et
636 1298 905 1355 viviticam
921 1314 1139 1356 crucem
1191 1302 1519 1371 adoramus;
1548 1305 1604 1359 in
1631 1305 1751 1376 ipsa
1781 1306 1924 1360 enim
1953 1306 2130 1360 cruci-

556 1390 699 1446 fixus
730 1398 815 1447 est
853 1389 998 1448 Deus
1029 1402 1237 1460 noster,
1288 1394 1575 1466 ipsamque
1618 1396 2016 1453 sanctiﬁcavit:
2049 1396 2129 1451 si-

556 1480 777 1551 quidem
812 1497 931 1536 cam
962 1483 1347 1545 deosculantcs
1379 1485 1585 1543 lumine
1612 1496 1666 1542 et
1698 1487 2131 1544 sanctiﬁcatione

557 1572 938 1643 adimplemur.
974 1572 1205 1633 Sanctos
1234 1590 1365 1633 vero
1397 1577 1642 1647 angelos,
1672 1578 1924 1633 videlicet
1938 1594 2131 1633 omnes

557 1667 812 1723 caelestes
846 1669 1077 1724 virtutes
1114 1685 1437 1724 veneramur
1480 1680 1737 1741 tanquam
1773 1671 2127 1737 domesticos,

559 1775 767 1825 servos,
800 1759 1055 1825 famulos,
1083 1770 1137 1815 ct
1159 1761 1509 1820 administros
1534 1762 1646 1829 Dei,
1679 1764 1841 1818 veluti
1864 1779 1957 1834 per
1980 1764 2130 1834 ipsos

560 1867 719 1905 muro
754 1853 889 1921 septi
947 1868 1011 1907 ac
1040 1851 1270 1917 defensi,
1300 1854 1561 1910 habentes
1592 1856 1811 1910 eosdem
1871 1857 2131 1926 pt'msides

2229 662 2517 734 ρύττομεν.
2556 662 2656 725 ’ος
2692 658 2930 731 τιςνγάρ
2961 658 3064 729 τὴν
3092 657 3255 725 άγίαν
3293 654 3554 710 Θεοτόκον
3584 654 3797 724 Μαρίαν

2226 757 2324 827 τὴν
2355 756 2570 827 μητέρα
2592 754 2685 808 τοῦ
2719 754 2924 825 Κυρίου
2948 754 3104 824 ἡμῶν
3139 749 3317 822 Ἰησοῦ
3349 748 3587 820 Χριστοῦ
3621 748 3799 801 8:01:6-

2226 866 2323 902 κον
2363 849 2461 918 ούχ
2501 847 2773 918 ὁμολογεῖ,
2800 846 2914 917 ἔχει
2944 845 3004 899 τὸ
3031 843 3299 914 ἀνάθεμα,
3332 843 3429 895 καὶ
3468 842 3525 895 ἐν
3565 842 3633 911 τῇ
3672 857 3802 906 ogo-

2225 939 2454 1010 δροτέρᾳ
2500 940 2595 993 καὶ⁵
2643 937 3024 1008 ἐπιπονωτέρα
3064 935 3286 995 κολάσει
3336 931 3795 1001 καταδικασθείην

2227 1031 2346 1084 ἀνθ’
2378 1025 2454 1084 ὧν
2479 1029 2712 1101 ἡθέτησε
2737 1028 2837 1101 τὴν
2862 1027 3030 1099 μόνην
3054 1023 3450 1097 τετιμημένην,
3473 1023 3573 1094 τὴν
3597 1021 3800 1093 ὲνδοξο·

2226 1124 2389 1197 τέραν
2416 1122 2525 1175 τῶν
2556 1121 2862 1193 Χερουϐὶμ,
2895 1120 2990 1173 καὶ
3022 1118 3358 1190 τιμιωτέραν
3390 1116 3499 1169 τῶν
3529 1114 3797 1185 Σεραφὶμ,

2226 1215 2325 1283 τὴν
2353 1213 2648 1267 δέσποιναν
2675 1212 2892 1265 πάντων
2915 1210 3259 1279 ποιημάτων.
3289 1208 3395 1261 Τὸν
3416 1206 3473 1260 δὲ
3501 1206 3684 1276 τίμιον
3711 1206 3799 1257 καὶ

2228 1298 2493 1363 ζωοποιὸν
2546 1300 2780 1372 σταυρὸν
2839 1298 3292 1371 προσκυνοῦμεν*
3331 1297 3428 1374 ’ὲν
3483 1296 3631 1367 αὐτῷ
3693 1297 3799 1367 γὰρ

2226 1390 2545 1464 ἐσταυρώθη
2576 1392 2605 1445 ὀ
2631 1391 2764 1456 Θεὸς
2796 1392 2958 1463 ἡμῶν
2995 1394 3091 1447 καὶ
3134 1394 3363 1464 ἡγίασεν
3390 1393 3552 1448 αὐτόν
3573 1408 3588 1425 ο
3629 1393 3725 1447 καὶ
3749 1394 3797 1446 οἱ

2228 1483 2597 1554 ἀσπαζόμενοι
2627 1484 2790 1539 αὑτὸν
2824 1484 3107 1555 φωτισμοῦ
3133 1487 3227 1541 καί
3247 1485 3520 1556 ἀγιασμοῦ
3549 1484 3803 1555 πληρού-

2232 1576 2393 1649 μεθα.
2449 1576 2588 1640 Τοὺς
2629 1576 2683 1629 δὲ
2726 1576 2913 1645 ἁγίους
2947 1576 3235 1645 ἀγγέλους,
3266 1577 3439 1647 ἦγουν
3480 1576 3660 1640 πάσας
3706 1576 3799 1640 τὰς

2229 1669 2514 1740 οὐρανίους
2564 1669 2847 1739 δυνάμεις,
2900 1668 3338 1740 προσκυνοῦμεν,
3400 1670 3477 1732 ὡς
3540 1669 3797 1732 οἰκείους,

2229 1760 2449 1823 δούλους
2486 1760 2584 1812 καὶ
2622 1758 2962 1830 θεράποντας
2990 1761 3084 1813 καὶ
3111 1760 3391 1832 ὑπηρέτας
3414 1759 3509 1813 τοῦ
3541 1758 3700 1822 Θεοῦ,
3727 1757 3802 1822 ὡς

2230 1852 2298 1905 δι’
2344 1850 2523 1904 αὐτῶν
2574 1850 2937 1922 τειχιζόμενοι
2987 1851 3082 1906 καὶ
3130 1850 3554 1923 φρουρούμενοι,
3588 1851 3801 1920 ἔχοντες

560 1952 615 1997 et
641 1944 921 2011 custodes,
958 1944 1190 2015 Insuper
1212 1946 1508 2002 adoramus
1538 1955 1593 2002 et
1619 1947 1850 2003 colimus
1880 1956 2127 2004 sanctum

2243 1943 2427 2006 ιύτοὺς
2475 1941 2787 2013 προστάτας
2840 1941 2936 1995 καὶ
2976 1941 3244 2010 φύλακας.
3286 1938 3714 2011 Προσκυνοῦμεν
3746 1938 3801 1990 δὲ

557 2031 822 2100 Joannem
849 2036 1048 2101 Christi
1079 2053 1494 2107 praecursorem.
1536 2048 1865 2110 sanctosque
1906 2048 2130 2110 aposto-

559 2125 665 2190 los,
696 2127 1007 2194 prOphetas.
1056 2135 1342 2197 martyres,
1391 2129 1729 2201 venerabiles
1768 2130 2127 2199 patriarchas,

559 2224 617 2270 et
659 2215 932 2282 doctores,
961 2226 1202 2281 sanctos,
1248 2226 1302 2270 et
1334 2216 1536 2286 justos,
1578 2229 1837 2289 tanquam
1889 2222 2132 2278 sinceras

559 2324 750 2364 servos
795 2318 852 2365 et
911 2311 1117 2365 amicos
1183 2309 1278 2365 Dei
1346 2312 1543 2365 nostri.
1615 2311 1926 2369 Adoramns
1968 2314 2131 2369 etiam

562 2408 805 2454 sanctam
837 2399 1129 2469 imaginem
1158 2399 1368 2454 Domini
1406 2399 1536 2455 Jesu
1562 2401 1788 2467 Christi,
1824 2420 1931 2458 non
1958 2403 2131 2473 ipsam

563 2489 732 2543 Deum
755 2490 1150 2555 existimantes,
1173 2492 1264 2546 sed
1296 2500 1555 2562 tanquam
1576 2493 1866 2563 imaginem
1891 2494 2133 2563 ejusdem

562 2580 764 2635 Christi
795 2591 848 2635 et
880 2580 973 2635 Dei
1018 2582 1188 2635 nostri
1220 2599 1235 2648 ;
1270 2582 1530 2647 scientes,
1563 2585 1709 2654 quod
1749 2584 2001 2654 imaginis
2040 2586 2136 2640 ho-

564 2686 667 2725 nor
699 2670 1006 2726 rcfnnditur
1044 2673 1098 2727 in
1158 2683 1533 2746 prototypum.
1581 2676 1886 2731 Adoramus
1924 2692 2052 2732 vero
2084 2688 2139 2733 et

565 2778 895 2824 veneramur.
930 2774 1174 2819 sanctam
1240 2766 1533 2837 imaginem
1592 2769 1958 2824 immaculataa
2010 2769 2139 2823 Dei-

568 2872 733 2926 paraa,
790 2867 844 2913 et
904 2874 969 2913 ex
1022 2860 1139 2928 ipsa
1195 2859 1494 2930 recipimus
1549 2861 2035 2918 sanctiﬁcationem
2087 2871 2142 2918 et

568 2949 753 3003 varias
778 2964 901 3002 cum
935 2949 1152 3015 animae,
1196 2960 1309 3004 tum
1341 2950 1592 3020 corporis
1628 2951 1959 3007 curationes.
1995 2952 2141 3006 Ado-

570 3055 760 3095 ramus
801 3050 980 3095 autem
1030 3043 1194 3096 etiam
1264 3057 1449 3097 sacras
1507 3043 1774 3113 imagines
1827 3052 2140 3109 sanctorum

568 3134 910 3204 angelorum,
935 3137 1289 3205 omniumque
1310 3146 1648 3191 sanctorum.

647 3313 873 3369 Sacrum
907 3330 1033 3368 vero
1058 3315 1285 3379 donum,
1330 3315 1473 3385 quod
1504 3332 1603 3372 nos
1642 3314 1939 3372 Christiani
1976 3318 2142 3387 parti-

574 3404 845 3475 cipamus,
872 3422 977 3460 non
1007 3417 1087 3460 cst
1118 3407 1287 3476 figura
1321 3410 1569 3478 corporis
1609 3419 1664 3464 et
1719 3412 2002 3483 sanguinis
2050 3412 2144 3467 Dei

577 3495 751 3548 nostri
800 3493 927 3547 Jesn
975 3495 1226 3563 Clnisti;
1274 3497 1366 3550 sed
1399 3498 1527 3551 illud
1580 3498 1720 3553 idem
1750 3510 1832 3555 est
1896 3513 2143 3557 sanctum

575 3602 797 3655 corpus,
827 3595 878 3641 et
930 3586 1201 3656 pretiosus
1252 3589 1472 3659 sanguis
1514 3589 1773 3657 Domini;
1839 3592 2002 3656 unde,
2053 3594 2145 3664 qui

576 3678 822 3746 ejusdem
862 3678 1023 3747 digne
1053 3679 1344 3749 participes
1369 3681 1521 3745 tiunt,
1560 3681 1851 3738 sanctitate
1887 3693 1941 3737 et
1976 3684 2147 3755 gloria

577 3772 699 3827 Filii
732 3770 824 3827 Dei
847 3771 1233 3840 aditnplentur.

648 3883 997 3941 Ortltodoxos
1043 3900 1174 3941 vero
1221 3886 1555 3952 sacerdotes,
1604 3888 1752 3943 velut
1801 3891 2023 3961 angelos
2058 3888 2147 3945 Dei

578 3994 925 4033 veneramur.
968 3978 1195 4034 Sanctas
1233 3980 1456 4059 insuper
1490 3992 1788 4051 martyrum
1837 3992 2001 4050 atque
2030 3997 2149 4036 om-

579 4070 728 4124 nium
756 4079 1071 4125 sanctorum
1090 4071 1372 4142 reliquias.
1391 4081 1649 4142 tanquam
1679 4074 1896 4128 eosdem
1929 4082 2150 4130 sanctos

580 4175 906 4214 veneramur
930 4170 985 4215 et
1016 4162 1286 4216 colimus:
1332 4161 1433 4217 etsi
1471 4162 1614 4216 enim
1655 4178 1778 4218 ossa
1829 4164 1972 4218 nu.la
2028 4179 2152 4220 esse

580 4250 856 4316 videntur,
896 4260 1135 4306 attamen
1164 4252 1401 4307 remedia
1431 4252 1737 4309 etl‘undnnt.
1776 4255 1848 4309 Ita
1879 4272 2008 4325 ergo
2031 4272 2151 4313 cre-

581 4343 653 4394 do
686 4361 698 4396 :
734 4342 808 4396 ita
840 4356 959 4397 mea
984 4343 1089 4397 fert
1111 4343 1337 4413 opinio:
1383 4345 1454 4398 ita
1507 4346 1650 4400 enim
1703 4349 1887 4416 accepi
1936 4364 1967 4402 a
2016 4348 2152 4403 meis

584 4432 907 4500 majoribus.
939 4442 995 4487 ct
1023 4449 1051 4487 a
1080 4434 1253 4489 beatis
1285 4444 1338 4489 et
1361 4437 1567 4491 sanctis
1605 4439 1950 4505 generalibus
1980 4438 2153 4509 magi-

582 4522 725 4578 stris.
766 4524 941 4577 Crealo
971 4525 1137 4595 igitur
1167 4540 1508 4595 quzecnnque
1562 4542 1591 4581 a
1637 4531 1844 4584 sanctis
1890 4531 2152 4600 apostolis

2230 2039 2325 2095 καὶ
2357 2036 2605 2107 τιμῶμεν
2635 2036 2725 2090 τὸν
2752 2036 2908 2105 ἆγιον
2950 2036 3205 2107 Ἰωάννην
3242 2035 3335 2089 τὸν
3360 2034 3669 2107 πρόδρομον
3710 2032 3800 2085 τοῦ

2230 2126 2494 2200 Χριστοῦ,
2525 2127 2619 2181 καὶ
2655 2129 2782 2193 τοὺς
2813 2127 3003 2197 ἁγίους
3031 2126 3383 2194 ἀποστόλους,
3422 2128 3713 2197 προφήτας
3744 2141 3803 2177 τε

2232 2221 2327 2275 καὶ
2359 2220 2639 2291 μάρτυρας
2671 2219 2911 2282 καὶτοὺς
2940 2217 3217 2288 ἀοιδίμους
3248 2216 3587 2289 πατριάρχας
3616 2215 3709 2268 καὶ
3729 2215 3804 2267 δι-

2231 2313 2554 2379 δασκάλους,
2588 2311 2769 2375 ὁσίους
2794 2313 2885 2364 καὶ
2918 2309 3180 2375 δικαίους,
3212 2308 3283 2373 ὡς
3308 2308 3567 2379 γνησίους
3587 2305 3804 2369 δούλους

2234 2405 2329 2458 καὶ
2364 2404 2549 2472 φίλους
2595 2401 2689 2455 τοῦ
2740 2399 2875 2454 Θεοῦ
2921 2400 3101 2470 ἡμῶν.
3150 2398 3569 2472 Προσκυνοῦμεν
3614 2396 3672 2450 δὲ
3714 2398 3804 2448 καὶ

2234 2496 2332 2565 τὴν
2389 2495 2551 2561 ἁγίαν
2593 2494 2779 2547 εἰκόνα
2827 2491 2922 2545 τοῦ
2974 2491 3181 2563 Κυρίου
3224 2490 3395 2562 Ἰησοῦ
3445 2487 3706 2561 Χριστοῦ,
3744 2487 3805 2541 οῦ

2239 2586 2647 2656 θεοποιούμενοι
2690 2584 2917 2654 ταύτην,
2968 2583 3083 2638 ἀλλ’
3118 2583 3195 2647 ὡς
3227 2582 3389 2636 αὐτοῦ
3434 2580 3531 2635 τοῦ
3572 2576 3803 2651 Χριστοῦ

2239 2681 2334 2734 καὶ
2365 2678 2500 2734 Θεοῦ
2532 2678 2689 2750 ἡμῶν
2725 2678 2931 2741 είκόνα,
2959 2676 3342 2746 γινώσκοντες,
3372 2676 3452 2727 ὅτι
3489 2673 3646 2745 ὴτῆς
3671 2669 3808 2724 είκόε

2238 2790 2327 2836 νος
2355 2771 2491 2842 τιμὴ
2525 2773 2605 2834 εἰς
2634 2770 2694 2824 τὸ
2729 2770 3087 2840 πρωτότυπον
3120 2764 3517 2831 διαϐιϐάζεται.
3560 2766 3808 2835 Προσκυ-

2238 2863 2440 2933 νοῦμεν
2495 2862 2552 2916 δὲ
2602 2863 2696 2916 καὶ
2741 2860 3103 2930 ἀσπαζόμεθα
3142 2859 3242 2929 τὴν
3288 2858 3451 2927 ἀγίαν
3492 2856 3680 2909 εἰκόνα
3712 2855 3808 2924 τῆς

2241 2950 2511 3021 ἀχράντου
2549 2950 2835 3017 Θεοτόκου,
2870 2951 2962 3004 καὶ
2987 2948 3047 3014 ἐξ
3078 2948 3249 3018 αὐτῆς
3276 2946 3629 3017 λαμϐάνομεν
3654 2946 3809 3011 ἀγια-

2245 3045 2382 3116 σμδν
2416 3046 2513 3100 καὶ
2569 3047 2740 3110 ίάσεις
2772 3045 3025 3109 ποικίλας
3061 3043 3311 3121 ψυχικῶς
3339 3043 3432 3095 καὶ
3462 3038 3807 3111 σωματικῶς.

2246 3135 2665 3207 Προσκυνοῦμεν
2694 3136 2749 3201 δὲ
2777 3136 2989 3203 καὶτὰς
3010 3135 3171 3203 ἁγίας
3190 3134 3406 3200 είκόνας
3428 3132 3534 3195 τῶν
3559 3148 3619 3184 τε
3647 3130 3813 3199 ἁγίων

2245 3227 2513 3296 ἀγγέλων,
2546 3228 2644 3282 καὶ
2671 3228 2888 3282 πάντων
2916 3226 3025 3281 τῶν
3055 3225 3246 3296 ἀγίων.

2328 3324 2393 3375 Ἦ
2416 3322 2469 3376 δὲ
2496 3322 2627 3391 άγία
2655 3323 2851 3395 δωρεὰ,
2879 3317 2947 3395 ἦς
2975 3319 3467 3392 μεταλαμϐάνομεν
3487 3319 3537 3371 οι
3560 3317 3604 3371 Χ
3614 3333 3817 3388 ριστια-

2246 3415 2348 3476 vol,
2369 3415 2469 3467 οὒκ
2495 3414 2781 3477 ἀντίτυπός
2804 3415 2919 3469 ἐστι
2951 3413 3045 3471 τοῦ
3072 3410 3323 3484 σώματος
3350 3410 3444 3469 καὶ
3476 3410 3706 3479 αἵματος
3728 3406 3815 3460 τοῦ

2246 3502 2383 3556 Θεοῦ
2417 3505 2573 3573 ἡμῶν
2606 3502 2779 3573 Ἰησοῦ
2813 3504 3069 3575 Χριστοῦ·
3108 3502 3222 3570 ἀλλ’
3247 3501 3377 3556 αὐτὸ
3415 3500 3590 3553 ἐκεῖνό
3617 3501 3732 3561 ἐστι
3763 3498 3818 3549 τὸ

2249 3594 2405 3663 ἀγιον
2439 3594 2619 3665 σῶμα,
2658 3595 2752 3650 καὶ
2782 3596 2963 3664 τίμιον
3001 3590 3140 3666 αἷμα
3178 3592 3271 3648 τοῦ
3303 3592 3511 3664 Κυρίου
3532 3607 3547 3621 ·
3577 3590 3699 3658 ὅθεν
3733 3589 3819 3643 καὶ

2248 3688 2298 3740 οί
2333 3686 2837 3758 μεταλαμϐάνοντες
2863 3688 3053 3755 τούτου
3087 3686 3273 3753 ἀξίως,
3301 3683 3582 3756 ἀγνασμοῦ
3618 3682 3711 3737 καὶ
3734 3682 3815 3736 δύο

2252 3776 2348 3847 ξης
2376 3776 2472 3830 τοῦ
2501 3776 2634 3830 Υίοῦ
2668 3777 2762 3830 τοῦ
2786 3777 2920 3831 Θεοῦ
2949 3777 3302 3849 πληροῦνται.

2320 3892 2461 3956 Τοὺς
2491 3891 2547 3945 δὲ
2581 3889 2895 3963 ὁρθοδόξους
2924 3893 3111 3962 ἱερεῖς,
3141 3892 3220 3956 ὡς
3265 3889 3532 3959 ἀγγέλους
3569 3886 3706 3941 Θεοῦ
3743 3904 3819 3939 τι·

2256 3981 2467 4052 μῶμεν.
2502 3981 2584 4035 Τά
2620 3981 2677 4043 δὲ
2708 3981 2842 4050 ἆγια
2878 3982 2984 4035 τῶν
3018 3981 3313 4054 μαρτύρων
3344 3981 3439 4036 καὶ
3470 3980 3690 4034 πάντων
3716 3977 3820 4031 τῶν

2252 4076 2422 4143 ἁγίων
2450 4073 2699 4142 λείψανα,
2731 4073 2807 4138 ὡς
2834 4075 3033 4138 αὐτοὺς
3060 4075 3187 4138 τοὺς
3214 4074 3401 4143 ἁγίους
3439 4072 3689 4144 τιμῶμεν
3732 4071 3822 4123 καὶ

2254 4164 2545 4235 σεϐόμεθα.
2587 4165 2651 4219 Ei
2682 4164 2791 4237 γὰρ
2834 4164 2929 4221 καὶ
2956 4164 3091 4218 ὀστᾶ
3117 4164 3299 4234 γυμνά
3338 4164 3486 4218 δοκεί
3519 4159 3679 4224 εἶναι,
3710 4160 3820 4214 ἀλλ’

2252 4256 2607 4321 ὲκϐλύζουσιν
2637 4255 2864 4326 ἰάματα.
2896 4254 3087 4320 Οὕτως
3122 4255 3233 4327 γάρ
3280 4254 3393 4323 ἐγὼ
3442 4253 3709 4317 πιστεύω,
3737 4251 3824 4305 οῦν

2251 4367 2358 4413 τως
2385 4348 2592 4414 δοξάζω
2616 4365 2631 4381 ο
2666 4348 2842 4412 οῦτως
2873 4347 2981 4419 γὰρ
3005 4347 3313 4418 παρέλαϐον
3352 4348 3459 4403 ἀπὸ
3486 4346 3598 4399 τῶν
3628 4345 3822 4416 προγόο

2252 4458 2359 4495 νων
2410 4458 2535 4512 μου,
2593 4441 2688 4494 καὶ
2741 4442 2849 4495 ἀπὸ
2896 4440 3005 4494 τῶν
3042 4440 3328 4512 μακαρίων
3372 4442 3468 4494 καὶ
3515 4439 3685 4507 ἀγίων
3736 4438 3827 4490 καὶ

2252 4532 2649 4603 οίκουμενικῶν
2669 4530 3027 4586 διδασκάλων.
3061 4529 3311 4584 Πιστεύω
3339 4529 3438 4600 μὲν
3463 4526 3556 4583 οῦν
3584 4529 3653 4583 τά
3680 4527 3825 4597 παρά

582 4616 871 4686 praedicata
902 4627 1053 4678 sunt,
1076 4626 1130 4670 et
1154 4632 1183 4670 a
1224 4634 1419 4688 magno
1439 4618 1657 4685 Basilio,
1691 4620 1950 4689 Gregorio
1972 4621 2141 4675 Theo-

2254 4626 2362 4677 τῶν
2390 4625 2561 4691 ἀγίων
2590 4623 2906 4677 ἀποστόλων
2939 4622 3305 4694 κηρυχθέντα,
3340 4621 3436 4675 καὶ
3466 4619 3562 4675 τοῦ
3596 4619 3824 4691 μεγάλου

585 4711 727 4777 logo,
762 4705 944 4762 Leone
976 4723 1110 4777 papa
1144 4706 1350 4773 Roma,
1405 4708 1726 4776 Athanasio,
1785 4712 1987 4782 Cyrillo
2022 4714 2149 4766 Ale-

585 4800 871 4863 xandrino,
932 4799 1199 4870 Gregorio
1245 4799 1515 4871 Nysseno,
1570 4801 1885 4857 beatissimo
1940 4802 2151 4859 Joanne

583 4897 993 4966 Chrysostomo,
1027 4906 1081 4949 et
1110 4903 1301 4949 sancto
1352 4892 1512 4948 Patre
1561 4903 1750 4949 nostro
1802 4894 2006 4950 Joanne
2033 4914 2151 4953 mo-

586 4986 760 5041 nacho
775 4986 1133 5050 Damasceno,
1157 4994 1212 5040 et
1234 5001 1262 5039 a
1278 4984 1504 5055 reliquis
1521 4984 1803 5056 theologis.
1832 4988 1936 5061 Eos
1953 4999 2153 5069 autem,

587 5079 679 5147 qui
720 5093 907 5133 eorum
939 5078 1208 5150 dogmatis
1248 5077 1405 5133 Iidem
1436 5094 1542 5133 non
1584 5080 1808 5148 habent,
1842 5100 2157 5148 excommu-

590 5170 738 5244 nieo,
789 5178 1045 5238 tanquam
1099 5168 1294 5238 impios
1338 5178 1392 5223 et
1450 5167 1540 5222 Dei
1612 5170 1883 5227 inimicos.
1947 5172 2155 5237 Etenim

592 5262 1072 5330 henmlicoqttihns
1114 5262 1502 5316 henetlixerunt
1534 5263 1593 5329 ii,
1635 5273 1690 5319 et
1728 5264 1994 5335 maledico
2036 5265 2159 5335 qui-

591 5355 692 5409 hns
729 5354 801 5408 illi
831 5356 1244 5415 tnaledixerunt.

663 5532 934 5589 (ἶςνισιηιηι
966 5535 1321 5605 cgnqnidem,
1358 5536 1449 5591 lilii
1474 5535 1577 5591 mei
1604 5537 1805 5600 dilecti,
1837 5537 1949 5597 haec
1974 5544 2162 5603 sancta

592 5622 847 5687 dogmata
880 5626 1034 5679 vobis
1054 5626 1305 5694 exposui,
1324 5642 1447 5697 qua:
1470 5641 1537 5681 ex
1566 5627 1750 5681 multis
1767 5626 1923 5690 libris
1936 5626 2159 5694 collegi;

596 5731 825 5790 quantine
858 5717 1242 5790 compendiose
1278 5718 1538 5787 explicui,
1581 5727 1639 5783 ut
1678 5717 1867 5771 cadent
1916 5717 2164 5786 quotidie

594 5811 907 5880 pt‘tlegatis,
939 5818 991 5859 et
1018 5819 1158 5862 utex
1197 5811 1284 5865 his
1338 5811 1626 5864 ﬁrmentur
1677 5808 1841 5862 corda
1877 5816 2055 5864 vestra
2108 5808 2162 5862 in

596 5916 722 5956 veta
786 5910 841 5955 et
877 5901 1176 5955 orthodoxa
1243 5902 1385 5971 (Ide;
1426 5916 1523 5971 pro
1582 5909 1733 5955 certo
1782 5908 1835 5953 et
1885 5910 2165 5969 comperto

2258 4716 2559 4780 Βασιλείου,
2609 4713 2704 4767 τοῦ
2764 4715 2822 4766 ὲν
2876 4713 3178 4782 θεολογίαις
3232 4712 3557 4784 Γρηγορίου,
3608 4710 3827 4772 Λέοντος

2260 4806 2420 4859 πάπα
2454 4805 2695 4876 Ῥώμης,
2727 4805 3067 4868 Ἀθανασίου,
3102 4803 3371 4874 Κυρίλλου
3405 4802 3823 4873 Ἀλεξανδρείας,

2260 4894 2562 4966 Γρηγορίου
2618 4892 2711 4947 τοῦ
2765 4893 3007 4963 Νύσσης,
3078 4894 3325 4947 Ἰωάννου
3378 4890 3473 4944 τοῦ
3535 4906 3828 4961 τρισμακαο

2263 4988 2446 5060 ρίστου
2472 4984 2883 5058 Χρυσοστόμου,
2919 4985 3011 5037 καὶ
3033 4984 3125 5036 τοῦ
3158 4986 3214 5037 ὲν
3244 4983 3418 5051 ἁγίοις
3446 4983 3655 5053 Πατρδς
3676 4985 3707 5051 ἠ
3718 4981 3826 5049 μῶν

2273 5080 2521 5140 Ἰωάννου
2553 5076 2788 5149 μοναχοῦ
2827 5075 2920 5129 τοῦ
2946 5074 3330 5147 Δαμασκηνοῦ,
3361 5074 3458 5128 καὶ
3492 5075 3602 5127 τῶν
3638 5073 3827 5127 λοιπῶν

2260 5172 2546 5240 θεολόγων.
2601 5168 2739 5237 Τοὺς
2790 5167 2846 5232 δὲ
2902 5165 2977 5235 μὴ
3042 5165 3400 5235 πιστεύοντας
3451 5168 3564 5229 τοῖς
3605 5165 3827 5234 δόγμασι

2259 5262 2486 5326 τούτων,
2527 5256 2935 5327 ἀναθεματίζω,
2976 5254 3050 5319 ὡς
3089 5255 3304 5318 ἀσεϐεῖς
3354 5254 3451 5307 καὶ
3485 5254 3710 5324 ἐχθροὺς
3740 5251 3828 5303 τοῦ

2267 5350 2398 5407 Θεοῦ
2423 5367 2437 5381 ι
2465 5348 2677 5417 εὐλογῷ
2714 5347 2824 5419 γὲρ
2870 5345 2962 5409 οὓς
3000 5344 3333 5416 ηάλόγησαν,
3363 5344 3460 5400 καὶ
3490 5343 3828 5416 καταρῶμιιι,

2264 5434 2347 5504 οἷς
2371 5443 2771 5511 καταράσαντο.

2336 5534 2448 5587 Καὶ
2472 5531 2582 5601 ἐγὼ
2608 5533 2728 5602 μὲν,
2753 5531 2918 5584 τέκνα
2949 5546 3055 5600 μου
3092 5527 3378 5597 ἀγαπητὰ,
3418 5526 3680 5597 ὲξεθέμην
3707 5524 3831 5589 ύμῖν

2265 5624 2334 5679 τὰ
2375 5625 2504 5692 ἀγια
2546 5622 2723 5677 ταῦτα
2770 5623 3040 5693 δόγματα.
3088 5618 3494 5689 ἀναλεξάμενος
3531 5617 3699 5671 ταῦτα
3728 5615 3833 5668 ἀπὸ

2267 5714 2478 5769 πολλῶν
2502 5713 2723 5785 βιϐλίων
2742 5730 2757 5744 ο
2779 5713 2817 5768 ἆ
2837 5730 2962 5767 τινα
2987 5712 3081 5766 καὶ
3106 5711 3165 5763 ὲν
3187 5710 3435 5781 ὲπιτόμῳ
3458 5706 3832 5778 ὲξεθέμηνξικ

2266 5807 2332 5861 ἂν
2362 5803 2768 5875 ἀναγινώσκητε
2802 5802 2974 5858 ταῦτα
3004 5801 3373 5872 καθεκάστην,
3399 5800 3495 5854 καὶ
3525 5801 3587 5851 ἐκ
3636 5796 3832 5849 τούτων

2272 5898 2643 5970 στερεωοὼσιν
2674 5898 2827 5971 ὑμῶν
2856 5897 2913 5951 αἱ
2944 5895 3161 5969 καρδίαι
3193 5896 3270 5959 είς
3311 5891 3405 5964 τὴν
3433 5889 3702 5963 ὀροόδοξον
3746 5884 3830 5939 πί-
