4098 6558
350 441 486 519 1237

1342 440 1705 503 DOGMATA
1753 440 2179 505 CATHOLICA
2216 443 2323 506 SS.
2353 442 2612 505 APOST.

3472 400 3607 504 1233

350 576 466 613 στιν
492 560 589 612 καὶ
618 555 910 629 ἀληθινήν·
942 554 1159 627 ἔχοντες
1210 556 1608 629 πληροφοριαν,
1640 559 1717 621 ὡς
1753 558 1782 613 ὁ
1809 572 1932 625 γεν-

2042 556 2317 623 habentes,
2354 555 2499 627 quod
2533 565 2587 611 et
2616 553 2706 609 ille
2730 552 2824 625 qui
2856 553 2968 623 (15)
3007 567 3104 609 vos
3130 552 3334 624 genuit,
3363 553 3445 609 sic
3491 572 3604 610 cre-

346 653 515 722 νήσας
542 649 688 718 ὑμᾶς
722 647 897 712 οῦτως
925 647 1204 703 ἐπίστευε.
1238 649 1344 702 Καὶ
1367 650 1425 703 ὲν
1451 649 1663 713 τούτοις
1683 645 1752 720 ἦν
1780 650 1814 719 ὴ
1845 649 1934 701 ἐλ-

347 744 442 805 πίς
477 759 605 814 μου,
639 742 702 795 οὐ
750 742 913 812 μόνον
943 742 1001 794 ὲν
1030 741 1108 812 τῷ
1144 742 1239 795 νῦν
1265 742 1445 806 αίῶνι,
1476 741 1610 796 ἀλλὰ
1641 742 1735 795 καὶ
1766 742 1825 794 ἐν
1858 740 1936 813 τῷ

351 832 625 901 μέλλοντι,
659 831 863 885 ὁπόταν
897 833 926 885 ὁ
965 831 1171 903 Κύριος
1198 830 1356 902 ἡμῶν
1391 830 1601 902 Ἰησοῦς
1643 832 1879 904 Χριστὸς
1907 833 1937 885 ὑ

348 922 605 992 ἀληθινὸς
630 921 762 985 Θεὸς
782 921 912 993 ἔλθῃ
937 923 995 974 ἐν
1015 921 1228 992 ἀπείρῳ
1244 921 1370 994 δόξῃ
1390 924 1573 992 κρῖναι
1595 920 1685 975 τὸν
1707 921 1933 992 κόσμον,

350 1017 445 1069 καὶ
466 1014 758 1068 ἀποδοῦναι
787 1014 1005 1084 ἑκάστῳ
1034 1013 1179 1066 κατὰ
1207 1014 1275 1067 τὰ
1296 1013 1434 1085 ἔργα
1457 1012 1645 1078 αὑτοῦ,
1672 1031 1939 1085 παριστα-

354 1108 533 1179 μένων
564 1104 717 1176 αῦτῷ
747 1106 806 1159 ὲν
842 1105 993 1176 φόϐῳ
1035 1106 1131 1159 καὶ
1170 1106 1360 1177 τρόμῳ
1388 1105 1499 1159 τῶν
1542 1105 1937 1179 ὑπερκοσμίων

348 1199 652 1269 δυνάμεων,
680 1197 772 1250 τὸν
795 1198 851 1250 δὲ
875 1198 1112 1268 ἄρχοντα
1134 1196 1227 1250 τοῦ
1255 1197 1478 1261 σκότους
1507 1197 1602 1254 καὶ
1626 1198 1696 1251 τὰ
1720 1198 1815 1253 ὑπ’
1840 1197 1939 1251 αῦ-

350 1291 444 1344 τδν
478 1288 823 1344 ἀποστατικὰ
857 1289 1168 1359 πνεύματα,
1200 1290 1462 1362 ταρτάρῳ
1490 1290 1584 1345 καὶ
1607 1290 1812 1361 αἰωνίῳ
1845 1306 1937 1344 κο-

349 1378 505 1431 λάσει
535 1376 880 1448 παραδοῦναι
915 1378 1012 1432 σὺν
1044 1377 1126 1449 τῷ
1162 1379 1538 1452 Ἀντιχρίστῳ.

690 1494 865 1547 ΟΡΟΣ
904 1495 1197 1549 ΠΙΣΤΕΩΣ
1232 1496 1676 1555 ΟΡΘΟΔΟΞΙΛΣ.

426 1693 675 1748 Πιστεύω
691 1693 769 1756 εἰς
799 1691 1042 1763 Πατέρα,
1078 1692 1175 1746 καὶ
1207 1692 1360 1757 Υἱδν,
1380 1694 1474 1747 καὶ
1503 1693 1659 1763 ἅγιον
1690 1695 1933 1766 Πνεῦμα,

353 1786 563 1856 Τριάδα
588 1784 895 1855 ὀμοούσιον,
932 1785 1062 1854 μίαν
1087 1783 1340 1855 θεότητα,
1376 1785 1507 1855 μίαν
1527 1785 1776 1857 δύναμιν,
1809 1787 1937 1857 μίαν

2036 647 2191 703 didit.
2223 647 2281 702 ln
2302 648 2388 704 his
2421 647 2667 719 profecto
2702 660 2830 717 spes
2858 660 2998 709 mea,
3032 660 3140 699 non
3176 644 3352 700 solum
3391 646 3444 700 in
3472 661 3617 715 praer-

2036 737 2179 793 senti
2211 739 2438 806 sacculo,
2475 738 2569 794 sed
2597 745 2652 792 et
2693 735 2747 791 in
2795 734 3021 801 futuro;
3064 735 3285 805 quando
3349 734 3617 791 Dominus

2035 839 2226 887 noster
2278 830 2443 887 Jesus
2484 830 2740 887 Christus
2802 843 2966 884 verus
3032 827 3178 883 Deus
3231 827 3444 883 venerit
3490 844 3614 882 cum

2036 922 2306 978 immensa
2339 922 2511 991 gloria
2538 920 2884 990 iudicaturus
2905 924 3194 986 mundum,
3223 928 3277 975 et
3301 919 3617 974 redditurus

2036 1015 2336 1086 unicuique
2362 1013 2666 1069 secundum
2698 1029 2864 1084 opera
2894 1027 3015 1079 sua,
3104 1012 3416 1067 astantibus
3446 1012 3522 1066 illi
3561 1011 3615 1064 in

2036 1107 2233 1162 timore
2275 1114 2329 1160 et
2369 1113 2605 1161 tremore
2642 1104 3021 1174 superioribus
3062 1104 3376 1169 virtutibus,
3405 1103 3617 1172 princi-

2036 1217 2160 1272 pem
2192 1214 2324 1255 vero
2360 1198 2733 1262 tenebrarum,
2760 1207 2816 1251 et
2845 1197 2939 1267 qui
2988 1198 3091 1252 sub
3132 1197 3251 1266 ipso
3284 1205 3413 1251 sunt
3442 1197 3618 1251 rebel-

2038 1293 2118 1348 les
2148 1291 2373 1363 spiritus
2397 1290 2451 1345 in
2488 1298 2690 1343 tartara
2714 1296 2769 1343 et
2797 1288 3191 1358 sempiternam
3219 1289 3484 1345 ultionem
3507 1299 3618 1343 tra-

2038 1383 2254 1440 diturus
2287 1398 2394 1437 una
2421 1397 2544 1437 cum
2568 1380 2931 1435 Antichristo.

2308 1490 2654 1547 DEFINITIO
2686 1489 2868 1545 FlDEl
2908 1488 3350 1545 CATHOLICE.

2209 1606 2296 1662 Ea:
2318 1605 2440 1663 Lat.
2471 1606 2707 1661 versione
2748 1604 2859 1659 Viri
2883 1602 2965 1660 Cl.
2996 1603 3086 1658 Jo.
3113 1603 3288 1657 Lamii
3318 1602 3452 1673 (14).

2111 1701 2286 1759 Credo
2319 1700 2372 1754 in
2390 1700 2631 1764 Patrem,
2650 1696 2941 1762 etFilium,
2970 1708 3025 1752 et
3048 1696 3314 1767 Spiritum
3340 1704 3617 1775 sanctum,

2041 1794 2365 1850 Trinitatem
2428 1790 2979 1856 consubstantialem,
3041 1804 3202 1843 unam
3254 1786 3616 1849 divinitatem,

358 1878 632 1944 ἐξουσίαν,
688 1878 818 1949 μίαν
862 1874 1100 1947 θέλησιν,
1137 1877 1267 1948 μίαν
1308 1876 1610 1949 ἐνέργειαν,
1656 1879 1935 1932 τουτέστιν

2042 1902 2203 1944 unam
2225 1885 2505 1947 virtutem,
2526 1896 2692 1937 unam
2718 1882 3040 1952 potentiam,
3068 1896 3234 1936 unam
3256 1880 3617 1946 voluntatem,

356 1972 456 2025 ἕνα
476 1969 607 2023 Θεὸν
630 1971 686 2022 ὲν
709 1968 858 2041 τρισὶ
875 1968 1304 2039 γνωριζομέναις
1327 1969 1675 2031 ὑποστάσεσι,
1700 1972 1936 2041 νοεραῖς,

358 2061 616 2127 τελείαις,
666 2060 788 2115 καθ’
840 2060 1011 2124 αὐτὰς
1066 2059 1430 2129 ὑφεστώσαις,
1476 2060 1697 2133 ἀριθμῴ
1733 2062 1942 2133 διαιρε-

359 2156 501 2217 ταῑς,
533 2153 629 2207 καὶ
660 2153 722 2206 οὐ
748 2152 1049 2224 διαιρεταῖς
1100 2152 1335 2224 θεότητι,
1365 2152 1422 2205 ἓν
1468 2152 1576 2223 γὰρ
1620 2155 1677 2206 ὲν
1712 2155 1860 2225 τρισὶ
1906 2155 1940 2225 ὴ

360 2245 573 2315 θεότης,
600 2244 790 2298 καὶτὰ
816 2244 943 2314 τρία
978 2243 1058 2308 ἒν,
1091 2243 1161 2296 τὰ
1193 2247 1250 2298 ἐν
1280 2238 1362 2308 οἷς
1392 2246 1423 2315 ἡ
1467 2243 1677 2315 θεότης.
1718 2244 1942 2315 Ὁμολο-

360 2337 445 2404 γῶ
471 2336 527 2390 δὲ
561 2337 657 2390 καὶ
686 2335 930 2389 πιστεύω
956 2335 1048 2389 τὸν
1080 2335 1178 2389 ἕνα
1210 2335 1311 2406 τῆς
1343 2335 1504 2404 ἁγίας
1532 2336 1628 2389 καὶ
1652 2337 1941 2407 ὁμοουσίου

361 2431 408 2483 Τ
413 2430 593 2502 ριάδος
648 2430 741 2484 τὸν
792 2429 1002 2499 Κύριον
1050 2429 1209 2501 ἡμῶν
1276 2429 1485 2500 Ἰησοῦν
1543 2430 1798 2501 Χριστὸν,
1850 2431 1942 2484 τὸν

366 2523 632 2593 μονογενῆ
657 2520 754 2575 τοῦ
780 2522 914 2575 Θεοῦ
940 2520 1088 2585 Υίὸν,
1116 2520 1460 2593 προαιωνίως
1486 2520 1586 2592 μὲν
1615 2524 1680 2577 ὲκ
1702 2521 1797 2576 τοῦ
1832 2524 1944 2576 Πα-

361 2614 494 2684 τρδς
525 2613 855 2683 γεννηθέντα
889 2614 1155 2686 ἀχρόνως,
1185 2615 1280 2668 κα)⁴
1307 2614 1635 2686 άσωμάτως,
1664 2616 1753 2670 ἐπ’
1781 2617 1945 2688 ἐσχά-

362 2723 476 2759 των
509 2704 566 2758 δὲ
600 2705 710 2757 τῶν
739 2704 965 2775 ἡμερῶν
1010 2705 1078 2758 δι’
1103 2707 1252 2776 ἡμᾶς
1281 2707 1376 2760 καὶ
1404 2706 1493 2761 διὰ
1532 2708 1631 2778 τὴν
1669 2709 1944 2780 ἡμετέραν

365 2795 645 2868 σωτηρίαν
670 2795 1025 2868 σαρκωθέντα
1055 2798 1120 2850 ὲκ
1141 2796 1456 2869 Πνεῦματος
1489 2799 1669 2869 ἁγίου,
1703 2802 1798 2855 καὶ
1821 2790 1944 2856 Μα-

369 2889 491 2959 ρίας
524 2889 625 2958 τῆς
649 2889 930 2959 Παρθένου
956 2890 1050 2943 καὶ
1079 2889 1294 2960 ἀληθῶς
1328 2890 1618 2956 Θεοτόκου,
1647 2894 1813 2965 σαρκὶ
1840 2895 1945 2965 έμ-

364 2980 652 3052 ψυχομένῃ
685 2982 831 3052 ψυχῇ
858 2980 1050 3051 λογικῇ
1080 2981 1176 3035 καὶ
1202 2983 1386 3053 νοερᾷ,
1418 2983 1709 3052 γενόμενον
1730 2983 1943 3055 ἄνθρω-

366 3088 471 3123 πον
524 3071 663 3125 κατὰ
714 3073 893 3125 πάντα
923 3071 1046 3126 καθ’
1074 3073 1374 3145 ὁμοιότητα
1421 3076 1589 3146 χωρὶς
1628 3075 1903 3146 ἁμαρτίας
1927 3092 1943 3108 ⁸

2042 1994 2209 2037 unam
2266 1977 2562 2040 actionem,
2596 1977 2699 2029 hoc
2747 1981 2851 2038 est,
2899 1988 3069 2028 unum
3126 1973 3303 2028 Deum
3353 1974 3408 2027 in
3445 1971 3621 2028 tribus

2041 2069 2297 2127 indicatis
2325 2068 2438 2139 (15)
2465 2065 2737 2136 personis,
2792 2064 3279 2129 intellectualibus,
3337 2061 3617 2134 perfectis,

2040 2162 2345 2220 secundum
2387 2159 2597 2228 seipsas
2627 2156 3045 2231 exsistentibus,
3073 2169 3306 2211 numero
3322 2154 3618 2218 distinctis,

2041 2258 2136 2313 sed
2172 2270 2282 2311 non
2311 2251 2588 2309 distinctis
2632 2250 2955 2306 divinitate:
3009 2264 3117 2304 una
3162 2248 3308 2304 enim
3349 2247 3405 2304 in
3442 2247 3620 2303 tribus

2041 2348 2321 2411 divinitas,
2357 2354 2411 2400 et
2440 2347 2556 2398 haec
2581 2343 2683 2397 tria
2715 2356 2907 2407 unum,
2964 2340 3018 2395 in
3045 2339 3246 2410 quibus
3281 2352 3622 2410 quaecunque

2045 2448 2196 2506 sunt,
2219 2436 2480 2492 divinitas
2508 2441 2614 2489 est.
2645 2430 2922 2487 Conﬁteor
2959 2445 3113 2494 vero,
3141 2437 3195 2485 et
3251 2429 3417 2485 credo
3448 2443 3621 2483 unum

2045 2547 2113 2589 ex
2162 2536 2353 2586 sancta
2404 2534 2459 2581 et
2512 2522 2971 2580 consubstantiali
3003 2520 3269 2576 'l‘rinitate
3328 2518 3621 2575 Dominum

2045 2628 2297 2676 nostrum
2330 2615 2517 2672 Jesum
2549 2614 2853 2677 Christum,
2892 2611 3237 2680 unigenitum
3271 2609 3362 2665 Dei
3398 2608 3620 2675 Filium,

2043 2720 2168 2768 ante
2197 2709 2395 2767 saecula
2428 2706 2649 2777 quidem
2696 2720 2761 2761 ex
2791 2706 2955 2760 Patre
2990 2703 3233 2773 genitum
3290 2702 3627 2773 intempora-

2043 2805 2169 2859 liter
2215 2812 2269 2858 et
2312 2796 2758 2869 incorporalitcr;
2784 2794 2991 2850 ultimis
3024 2809 3156 2849 vero
3178 2792 3373 2847 diebtts
3405 2800 3626 2863 propter

2044 2909 2168 2957 nos,
2220 2902 2275 2947 et
2318 2898 2546 2960 propter
2578 2896 2825 2942 nostram
2872 2885 3103 2940 salutem
3166 2883 3511 2938 incarnatum
3559 2882 3628 2936 de

2044 2984 2249 3055 Spiritu
2288 2992 2482 3038 sancto
2518 2995 2586 3035 ex
2627 2977 2792 3032 Maria
2843 2975 3055 3048 virgine
3107 2984 3162 3032 et
3190 2990 3319 3031 vere
3369 2972 3625 3043 Deipara,

2045 3091 2211 3131 carne
2260 3074 2501 3129 animata
2537 3070 2722 3127 anima
2766 3067 3022 3124 rationali
3058 3076 3113 3123 et
3162 3063 3542 3130 intellectuali,
3573 3071 3630 3118 et

365 3162 577 3214 τέλειον
598 3165 654 3215 ὲν
678 3161 892 3232 θεότητι
928 3162 1025 3216 καὶ
1046 3163 1252 3218 τέλειον
1273 3163 1367 3218 τὸν
1387 3165 1551 3218 αὑτὸν
1580 3166 1639 3219 ὲν
1659 3165 1941 3239 ἀνθρωπό-

2047 3165 2249 3222 factum
2282 3163 2558 3221 hominem
2610 3176 2706 3233 per
2770 3160 2957 3215 omnia
3008 3159 3310 3215 secundum
3371 3157 3629 3215 similitu-

364 3269 527 3324 τητι·
556 3253 841 3322 ὁμοούσιον
884 3253 963 3326 τῷ
993 3255 1169 3327 Πατρὶ
1222 3255 1365 3310 κατὰ
1411 3256 1511 3328 τὴν
1554 3238 1805 3329 θεότητα,
1855 3259 1941 3313 κα)

2049 3259 2253 3323 dinem,
2285 3263 2513 3325 excepto
2557 3260 2823 3324 peccato;
2873 3249 3173 3321 perfectum
3220 3250 3276 3305 in
3318 3250 3627 3318 divinitate,

364 3342 659 3411 ὀμοούσιον
699 3346 832 3415 ἡμῖν
870 3344 1015 3399 κατὰ
1040 3345 1140 3416 τὴν
1167 3345 1564 3420 ἀνθρωπότητα
1588 3366 1601 3381 ·
1628 3350 1693 3403 ἐκ
1726 3349 1821 3405 δύο
1846 3350 1949 3419 φύ-

369 3450 516 3487 σεων
542 3435 635 3489 καὶ
656 3436 713 3488 ὲν
742 3435 863 3489 δυσὶ
889 3439 1011 3502 ταῖς
1040 3437 1236 3508 φύσεσι
1261 3438 1689 3511 γνωριζομέναις
1711 3441 1952 3514 ἀσυγχύ-

368 3542 505 3591 τως,
539 3529 849 3602 ἀτρέπτως,
879 3529 1226 3601 άδιαιρέτως.

590 3835 884 3889 ΕΚΘΕΣΙΣ
907 3837 1199 3892 ΠΙΣΤΕΩΣ
1254 3838 1345 3893 ΕΝ
1382 3841 1738 3915 ΣΥΝΤΟΜῼ.

460 3948 661 4018 Ἑρώτ.
707 3950 886 4013 Πόσας
914 3949 1108 4019 φύσεις
1146 3952 1433 4023 ὁμολογεῖς
1471 3954 1563 4007 ἐπὶ
1630 3955 1732 4027 τῆς
1793 3954 1955 4026 ἁγίας

372 4041 474 4095 καὶ
503 4040 792 4111 ὀμοουσίου
824 4040 920 4094 καὶ
938 4041 1197 4096 άκτίστου
1230 4044 1459 4115 Τριάδος
1482 4084 1497 4111 ,

462 4134 668 4189 Ἀπόκ.
700 4133 848 4188 Μίαν
884 4132 1048 4204 φύσιν
1080 4135 1355 4205 ὁμολογῶ.

464 4226 663 4293 Ἐρώτ.
697 4227 877 4289 Πόσας
907 4226 1119 4292 οὐσίας.

465 4319 523 4371 Ἀ
532 4319 671 4372 πόθι.
703 4317 845 4372 Μίαν
874 4318 1084 4378 οὐσίαν.

466 4407 661 4476 Ἐρώτ.
692 4407 874 4471 Πόσας
911 4408 1149 4482 μορφάς,

466 4500 671 4554 Ἀπόκ.
711 4500 858 4554 Μίαν
889 4501 1102 4572 μορφήν
1117 4518 1133 4561 ;

466 4589 660 4659 Ἐρώτ.
703 4591 854 4644 Πόσα
884 4591 1199 4663 θελήματας

467 4680 673 4735 Ἀπόκ.
714 4682 814 4734 Ἐν
843 4681 1075 4752 θέλημα.

471 4772 673 4840 Ἐρώτ.
711 4758 895 4837 Πόσας
928 4774 1336 4847 ὑποστάσεις,ῆ
1367 4775 1676 4847 πρόσωπα;

470 4864 678 4917 Ἀπόκ.
712 4865 874 4934 Τρεῖς
913 4863 1243 4930 ὑποστάσεις
1275 4866 1547 4936 ὁμολογῶ,
1574 4868 1809 4939 Πατρὸς,
1833 4869 1964 4923 Υίοῦ

381 4956 485 5010 καὶ
513 4954 854 5024 Πνεῦματος.

382 5156 484 5195 cev
501 5158 517 5205 ;

472 5233 679 5288 Ἀπόκ.
722 5234 782 5289 '0
809 5232 938 5299 Υἱὸς
972 5233 1067 5289 καὶ
1087 5233 1284 5304 Λόγος.

474 5326 676 5393 Ἕρώτ.
705 5327 890 5392 Πόσας
917 5327 1111 5396 φύσεις
1158 5328 1445 5399 ὁμολογεῖς
1471 5327 1565 5381 ἐπὶ
1588 5327 1682 5383 τοῦ
1713 5330 1847 5386 Υἱοῦ
1873 5333 1969 5387 τοῦ

386 5418 535 5475 Θεοῦ
568 5418 664 5476 τοῦ
697 5419 766 5473 δι’
792 5420 943 5491 ἡμᾶς
973 5420 1499 5493 ἔνανθρωπήσαντος
1529 5437 1545 5488 ;

473 5048 674 5119 Ἐρώτ.
702 5050 798 5113 Τίς
850 5050 916 5105 ὲκ
971 5051 1071 5124 τῆς
1116 5051 1280 5123 ἁγίας
1328 5050 1559 5123 Τριάδος
1614 5055 1968 5129 ὲνηνθρώπη-

2050 3357 2107 3404 et
2142 3347 2443 3419 perfectum
2473 3343 2728 3401 eumdem
2754 3344 2810 3399 in
2843 3342 3217 3405 humanitate;
3260 3344 3631 3399 consubstan-

2051 3439 2235 3495 tialem
2268 3437 2419 3495 Patri
2455 3434 2754 3493 secundum
2784 3433 3148 3501 divinitatem,
3171 3444 3226 3490 et
3260 3435 3629 3491 consubstan-

2053 3530 2231 3586 tialem
2256 3528 2418 3584 nobis
2458 3524 2762 3583 secundum
2800 3524 3241 3581 humanitatem:
3298 3541 3365 3581 ex
3417 3525 3633 3582 duabus

2053 3621 2285 3687 naturis,
2324 3629 2380 3676 et
2405 3619 2462 3675 in
2487 3618 2701 3674 duabus
2738 3616 2951 3673 naturis
2976 3615 3232 3672 indicatis
3264 3617 3402 3685 (16),
3434 3617 3632 3673 incon-

2056 3715 2193 3780 fuse,
2235 3708 2747 3773 inconvertibiliter,
2780 3706 3190 3763 indivisibiliter
3211 3706 3324 3779 (17)

2272 3838 2784 3897 COMPENDIARIA
2817 3837 3001 3895 FIDE!
3030 3836 3417 3895 EXPOSITIO.

2130 3957 2302 4014 Inter.
2332 3956 2480 4024 Quot
2504 3964 2731 4011 naturas
2754 3953 3035 4012 conﬁteris
3069 3954 3123 4009 in
3155 3962 3349 4012 sancta
3402 3963 3455 4010 et
3495 3969 3629 4010 con-

2059 4050 2405 4117 snbstantiali
2430 4059 2485 4104 et
2513 4048 2757 4104 increata
2795 4046 3109 4104 Trinitatel

2130 4141 2286 4213 Resp.
2319 4139 2496 4196 Unam
2530 4146 2781 4194 naturam
2813 4135 3100 4193 conﬁteor.

2130 4232 2304 4291 Inter.
2331 4232 2479 4299 Quot
2505 4227 2874 4288 substantias?

2132 4325 2289 4393 Resp.
2320 4322 2497 4379 Unam
2527 4317 2913 4377 substantiam.

2134 4416 2305 4472 Inter.
2354 4417 2501 4482 Quot
2530 4414 2741 4472 formas
2768 4416 2797 4471 2

2135 4507 2288 4577 Resp.
2311 4504 2487 4563 Unam
2523 4506 2783 4561 formam.

1994 4577 2037 4632 Ῑ)
2136 4600 2301 4655 Inter.
2342 4597 2487 4664 Quot
2512 4597 2827 4656 voluntates
2856 4602 2883 4657 ’ἓ

2135 4690 2291 4759 Resp.
2324 4687 2500 4745 Unam
2534 4689 2896 4746 voluntatem.

2138 4784 2309 4840 Inter.
2337 4783 2483 4850 Quot
2520 4784 2867 4854 hypostases,
2897 4800 2993 4841 seu
3018 4783 3330 4855 personas?

2138 4876 2294 4945 Resp.
2322 4873 2459 4930 Tres
2487 4875 2810 4947 hypostases
2842 4876 3127 4942 conﬁteor,
3161 4874 3363 4937 Patris,
3414 4873 3558 4939 Filii,
3588 4881 3642 4929 et

2069 4968 2308 5041 Spiritus
2338 4968 2541 5024 sancti.

2140 5061 2313 5117 Inter.
2348 5060 2617 5129 Quisnam
2643 5079 2710 5119 ex
2742 5071 2931 5119 sancta
2962 5060 3238 5116 Trinitate
3268 5059 3436 5114 homo
3464 5054 3642 5112 tactus

2069 5162 2155 5210 est
2184 5154 2205 5207 ’ἒ

2146 5244 2302 5315 Resp.
2343 5242 2517 5300 Filius
2544 5255 2599 5301 et
2638 5243 2905 5311 Verbum,

2144 5335 2314 5392 Inter.
2348 5335 2493 5403 Quot
2522 5345 2748 5391 naturas
2768 5334 3055 5392 conﬁteris
3077 5334 3129 5389 in
3168 5333 3269 5390 Dei
3323 5332 3486 5397 Fiiio,
3548 5331 3643 5401 qui

2079 5435 2302 5498 propter
2329 5428 2437 5482 nos
2457 5426 2637 5483 factus
2667 5434 2753 5482 est
2795 5426 2969 5499 homo

609 5599 980 5677 Pl_altsibiliter
1023 5599 1152 5677 hinc
1187 5600 1395 5677 inferas
1422 5617 1450 5656 a
1481 5612 1727 5677 parente
1787 5605 1971 5677 aliquo
2079 5606 2382 5661 tinctionent
2414 5621 2771 5677 personarum
2821 5606 2874 5661 in
2928 5605 3065 5671 Dee,
3091 5606 3371 5666 notionem,
3398 5613 3491 5659 aut
3514 5622 3644 5674 pro-

389 5685 496 5741 pro
523 5671 711 5728 liberis
728 5671 847 5741 suis
872 5670 1073 5726 factam
1109 5673 1249 5741 hanc
1282 5670 1681 5728 collectionem.

464 5742 584 5812 (11)
613 5741 779 5795 Delie.
803 5740 1017 5796 Erudit.
1051 5751 1179 5796 tom.
1223 5740 1275 5811 I,
1322 5758 1444 5813 pag.
1470 5743 1595 5797 285.
1636 5743 1839 5800 Confer
1862 5745 1965 5801 Fa-

393 5811 904 5955 hniﬁ.5l).1?\;¢bptatta
932 5881 1258 5956 etiamapud
1298 5881 1465 5939 Basil.
1493 5886 1643 5953 epist.
1673 5900 1805 5939 thu
1846 5884 1957 5939 dis-

2075 5678 2351 5748 prietatent
2379 5676 2811 5748 signiﬁcat.jMox
2835 5677 3131 5748 διαιρεταίς
3166 5676 3290 5732 aliis
3319 5684 3493 5731 verte.

2172 5748 2257 5817 16)
2297 5746 2605 5803 Distihctis.

2172 5748 2257 5817 16)
2297 5748 2605 5803 Distinctis.

2143 5748 2256 5891 ἒΙἹ)
2285 5817 2560 5877 Hactenus
2584 5817 2763 5876 versio
2798 5816 2996 5875 Lamii.
