  <div class='ocr_page' id='page_1' title='image "/cluster/home/n/w/nwhite01/storage/ocr_20150623/98/hvd.32044015586951/633.png"; bbox 0 0 4098 6540; ppageno 0'>
   <div class='ocr_carea' id='block_1_1' title="bbox 551 375 2135 450">
    <p class='ocr_par' dir='ltr' id='par_1_1' title="bbox 551 375 2134 447">
     <span class='ocr_line' id='line_1_1' title="bbox 551 375 2134 447; baseline 0.008 -12"><span class='ocrx_word' id='word_1_1' title='bbox 551 375 686 437; x_wconf 72' lang='grc'><strong>1243</strong></span> <span class='ocrx_word' id='word_1_2' title='bbox 1651 383 2134 447; x_wconf 79' lang='lat' dir='ltr'><strong>PANTALEONI</strong></span> 
     </span>
    </p>
   </div>
   <div class='ocr_carea' id='block_1_2' title="bbox 2237 375 3803 450">
    <p class='ocr_par' dir='ltr' id='par_1_2' title="bbox 2237 384 3803 450">
     <span class='ocr_line' id='line_1_2' title="bbox 2237 384 3803 450; baseline 0.003 -5"><span class='ocrx_word' id='word_1_3' title='bbox 2237 384 2535 445; x_wconf 82' lang='lat' dir='ltr'><strong>DIACONI</strong></span> <span class='ocrx_word' id='word_1_4' title='bbox 2574 386 2683 445; x_wconf 70' lang='grc' dir='ltr'><strong>(ΞΡ.</strong></span> <span class='ocrx_word' id='word_1_5' title='bbox 3673 384 3803 450; x_wconf 71' lang='grc' dir='ltr'><strong>19Ᾰ4</strong></span> 
     </span>
    </p>
   </div>
   <div class='ocr_carea' id='block_1_3' title="bbox 538 486 3805 567">
    <p class='ocr_par' dir='ltr' id='par_1_3' title="bbox 538 486 3805 567">
     <span class='ocr_line' id='line_1_3' title="bbox 538 486 3805 567; baseline 0.003 -26"><span class='ocrx_word' id='word_1_6' title='bbox 538 487 646 542; x_wconf 84' lang='lat' dir='ltr'><strong>CP.</strong></span> <span class='ocrx_word' id='word_1_7' title='bbox 680 487 905 552; x_wconf 76' lang='lat' dir='ltr'><strong>vixisse,</strong></span> <span class='ocrx_word' id='word_1_8' title='bbox 938 486 1018 541; x_wconf 90' lang='lat' dir='ltr'><strong>sic</strong></span> <span class='ocrx_word' id='word_1_9' title='bbox 1067 486 1261 548; x_wconf 78' lang='lat' dir='ltr'><strong>ciliciis</strong></span> <span class='ocrx_word' id='word_1_10' title='bbox 1289 499 1342 545; x_wconf 88' lang='lat' dir='ltr'><strong>et</strong></span> <span class='ocrx_word' id='word_1_11' title='bbox 1381 491 1693 551; x_wconf 76' lang='lat' dir='ltr'><strong>rationibus</strong></span> <span class='ocrx_word' id='word_1_12' title='bbox 1746 495 2059 555; x_wconf 89' lang='lat' dir='ltr'><strong>distinctos.</strong></span> <span class='ocrx_word' id='word_1_13' title='bbox 2117 495 2343 553; x_wconf 85' lang='lat' dir='ltr'><strong>Diaconi</strong></span> <span class='ocrx_word' id='word_1_14' title='bbox 2408 505 2645 559; x_wconf 83' lang='lat' dir='ltr'><strong>exstant,</strong></span> <span class='ocrx_word' id='word_1_15' title='bbox 2686 494 2737 549; x_wconf 93' lang='lat' dir='ltr'><strong>in</strong></span> <span class='ocrx_word' id='word_1_16' title='bbox 2778 502 2966 551; x_wconf 87' lang='lat' dir='ltr'><strong>sancta</strong></span> <span class='ocrx_word' id='word_1_17' title='bbox 3007 495 3212 550; x_wconf 89' lang='lat' dir='ltr'><strong>lumina</strong></span> <span class='ocrx_word' id='word_1_18' title='bbox 3250 495 3325 567; x_wconf 88' lang='lat' dir='ltr'><strong>(id</strong></span> <span class='ocrx_word' id='word_1_19' title='bbox 3352 503 3458 560; x_wconf 89' lang='lat' dir='ltr'><strong>est,</strong></span> <span class='ocrx_word' id='word_1_20' title='bbox 3492 496 3561 552; x_wconf 88' lang='lat' dir='ltr'><strong>de</strong></span> <span class='ocrx_word' id='word_1_21' title='bbox 3584 496 3805 553; x_wconf 74' lang='lat' dir='ltr'><strong>Christo</strong></span> 
     </span>
    </p>
   </div>
   <div class='ocr_carea' id='block_1_4' title="bbox 536 577 3803 659">
    <p class='ocr_par' dir='ltr' id='par_1_4' title="bbox 536 577 3803 659">
     <span class='ocr_line' id='line_1_4' title="bbox 536 577 3803 659; baseline 0.005 -28"><span class='ocrx_word' id='word_1_22' title='bbox 536 580 769 633; x_wconf 78' lang='lat' dir='ltr'><strong>Domino</strong></span> <span class='ocrx_word' id='word_1_23' title='bbox 797 587 851 634; x_wconf 90' lang='lat' dir='ltr'><strong>et</strong></span> <span class='ocrx_word' id='word_1_24' title='bbox 885 577 1097 639; x_wconf 75' lang='lat' dir='ltr'><strong>Joanne</strong></span> <span class='ocrx_word' id='word_1_25' title='bbox 1123 621 1140 646; x_wconf 91' lang='lat'><strong>,</strong></span> <span class='ocrx_word' id='word_1_26' title='bbox 1175 580 1229 635; x_wconf 91' lang='lat' dir='ltr'><strong>in</strong></span> <span class='ocrx_word' id='word_1_27' title='bbox 1278 581 1420 638; x_wconf 81' lang='lat' dir='ltr'><strong>festo</strong></span> <span class='ocrx_word' id='word_1_28' title='bbox 1455 584 1935 656; x_wconf 86' lang='lat' dir='ltr'><strong>Epiphaniorum),</strong></span> <span class='ocrx_word' id='word_1_29' title='bbox 1982 588 2037 643; x_wconf 94' lang='lat' dir='ltr'><strong>in</strong></span> <span class='ocrx_word' id='word_1_30' title='bbox 2093 588 2433 644; x_wconf 87' lang='lat' dir='ltr'><strong>Dominieam</strong></span> <span class='ocrx_word' id='word_1_31' title='bbox 2492 587 3087 658; x_wconf 78' lang='lat' dir='ltr'><strong>Transiigurationem,</strong></span> <span class='ocrx_word' id='word_1_32' title='bbox 3134 588 3435 645; x_wconf 80' lang='lat' dir='ltr'><strong>Sermones</strong></span> <span class='ocrx_word' id='word_1_33' title='bbox 3490 589 3629 655; x_wconf 91' lang='lat' dir='ltr'><strong>duo,</strong></span> <span class='ocrx_word' id='word_1_34' title='bbox 3662 606 3803 659; x_wconf 88' lang='lat' dir='ltr'><strong>quos</strong></span> 
     </span>
    </p>
   </div>
   <div class='ocr_carea' id='block_1_5' title="bbox 540 671 3800 751">
    <p class='ocr_par' dir='ltr' id='par_1_5' title="bbox 540 671 3800 751">
     <span class='ocr_line' id='line_1_5' title="bbox 540 671 3800 751; baseline 0.005 -28"><span class='ocrx_word' id='word_1_35' title='bbox 540 671 779 739; x_wconf 87' lang='lat' dir='ltr'><strong>primum</strong></span> <span class='ocrx_word' id='word_1_36' title='bbox 810 671 1048 740; x_wconf 83' lang='lat' dir='ltr'><strong>produxi</strong></span> <span class='ocrx_word' id='word_1_37' title='bbox 1081 672 1137 726; x_wconf 90' lang='lat' dir='ltr'><strong>in</strong></span> <span class='ocrx_word' id='word_1_38' title='bbox 1162 672 1424 729; x_wconf 81' lang='lat' dir='ltr'><strong>Auctario</strong></span> <span class='ocrx_word' id='word_1_39' title='bbox 1453 691 1517 731; x_wconf 80' lang='lat' dir='ltr'><strong>ex</strong></span> <span class='ocrx_word' id='word_1_40' title='bbox 1557 675 1692 747; x_wconf 82' lang='lat' dir='ltr'><strong>Reg.</strong></span> <span class='ocrx_word' id='word_1_41' title='bbox 1740 679 1902 745; x_wconf 89' lang='lat' dir='ltr'><strong>cod.;</strong></span> <span class='ocrx_word' id='word_1_42' title='bbox 1956 681 2050 734; x_wconf 91' lang='lat' dir='ltr'><strong>sed</strong></span> <span class='ocrx_word' id='word_1_43' title='bbox 2094 690 2283 751; x_wconf 85' lang='lat' dir='ltr'><strong>postea</strong></span> <span class='ocrx_word' id='word_1_44' title='bbox 2341 681 2550 735; x_wconf 90' lang='lat' dir='ltr'><strong>adverti</strong></span> <span class='ocrx_word' id='word_1_45' title='bbox 2591 680 2645 734; x_wconf 92' lang='lat' dir='ltr'><strong>in</strong></span> <span class='ocrx_word' id='word_1_46' title='bbox 2695 680 2885 735; x_wconf 88' lang='lat' dir='ltr'><strong>codice</strong></span> <span class='ocrx_word' id='word_1_47' title='bbox 2924 679 3047 737; x_wconf 85' lang='lat' dir='ltr'><strong>Em.</strong></span> <span class='ocrx_word' id='word_1_48' title='bbox 3079 681 3229 735; x_wconf 84' lang='lat' dir='ltr'><strong>card.</strong></span> <span class='ocrx_word' id='word_1_49' title='bbox 3259 681 3396 737; x_wconf 68' lang='lat' dir='ltr'><strong>Mat.</strong></span> <span class='ocrx_word' id='word_1_50' title='bbox 3428 683 3672 738; x_wconf 87' lang='lat' dir='ltr'><strong>alterum</strong></span> <span class='ocrx_word' id='word_1_51' title='bbox 3702 683 3800 738; x_wconf 83' lang='lat' dir='ltr'><strong>tri-</strong></span> 
     </span>
    </p>
   </div>
   <div class='ocr_carea' id='block_1_6' title="bbox 542 762 3805 842">
    <p class='ocr_par' dir='ltr' id='par_1_6' title="bbox 542 762 3805 842">
     <span class='ocr_line' id='line_1_6' title="bbox 542 762 3805 842; baseline 0.004 -26"><span class='ocrx_word' id='word_1_52' title='bbox 542 762 634 816; x_wconf 89' lang='lat' dir='ltr'><strong>hui</strong></span> <span class='ocrx_word' id='word_1_53' title='bbox 662 762 889 832; x_wconf 73' lang='lat' dir='ltr'><strong>(lyr-illo,</strong></span> <span class='ocrx_word' id='word_1_54' title='bbox 915 764 1144 833; x_wconf 81' lang='lat' dir='ltr'><strong>jamque</strong></span> <span class='ocrx_word' id='word_1_55' title='bbox 1185 765 1323 836; x_wconf 85' lang='lat' dir='ltr'><strong>stylo</strong></span> <span class='ocrx_word' id='word_1_56' title='bbox 1353 781 1459 820; x_wconf 92' lang='lat' dir='ltr'><strong>non</strong></span> <span class='ocrx_word' id='word_1_57' title='bbox 1494 767 1629 822; x_wconf 86' lang='lat' dir='ltr'><strong>satis</strong></span> <span class='ocrx_word' id='word_1_58' title='bbox 1683 770 2001 835; x_wconf 90' lang='lat' dir='ltr'><strong>convenire,</strong></span> <span class='ocrx_word' id='word_1_59' title='bbox 2062 772 2407 842; x_wconf 66' lang='lat' dir='ltr'><strong>alternumque</strong></span> <span class='ocrx_word' id='word_1_60' title='bbox 2466 771 2642 825; x_wconf 89' lang='lat' dir='ltr'><strong>altero</strong></span> <span class='ocrx_word' id='word_1_61' title='bbox 2672 771 3095 840; x_wconf 78' lang='lat' dir='ltr'><strong>elegantiorem</strong></span> <span class='ocrx_word' id='word_1_62' title='bbox 3158 787 3503 831; x_wconf 85' lang='lat' dir='ltr'><strong>monueram.</strong></span> <span class='ocrx_word' id='word_1_63' title='bbox 3536 772 3805 831; x_wconf 82' lang='lat' dir='ltr'><strong>Laudatio</strong></span> 
     </span>
    </p>
   </div>
   <div class='ocr_carea' id='block_1_7' title="bbox 539 854 3805 937">
    <p class='ocr_par' dir='ltr' id='par_1_7' title="bbox 539 854 3805 937">
     <span class='ocr_line' id='line_1_7' title="bbox 539 854 3805 937; baseline 0.004 -26"><span class='ocrx_word' id='word_1_64' title='bbox 539 856 716 911; x_wconf 85' lang='lat' dir='ltr'><strong>sancti</strong></span> <span class='ocrx_word' id='word_1_65' title='bbox 746 854 1025 912; x_wconf 86' lang='lat' dir='ltr'><strong>Michaelis</strong></span> <span class='ocrx_word' id='word_1_66' title='bbox 1048 858 1395 929; x_wconf 83' lang='lat' dir='ltr'><strong>Archaugeli,</strong></span> <span class='ocrx_word' id='word_1_67' title='bbox 1428 861 1573 931; x_wconf 88' lang='lat' dir='ltr'><strong>apud</strong></span> <span class='ocrx_word' id='word_1_68' title='bbox 1606 861 1972 931; x_wconf 89' lang='lat' dir='ltr'><strong>Lipomanum</strong></span> <span class='ocrx_word' id='word_1_69' title='bbox 2012 874 2066 919; x_wconf 94' lang='lat' dir='ltr'><strong>et</strong></span> <span class='ocrx_word' id='word_1_70' title='bbox 2091 866 2313 920; x_wconf 88' lang='lat' dir='ltr'><strong>Surium</strong></span> <span class='ocrx_word' id='word_1_71' title='bbox 2342 909 2356 931; x_wconf 87' lang='lat'><strong>,</strong></span> <span class='ocrx_word' id='word_1_72' title='bbox 2378 864 2465 919; x_wconf 91' lang='lat' dir='ltr'><strong>cui</strong></span> <span class='ocrx_word' id='word_1_73' title='bbox 2519 874 2573 919; x_wconf 92' lang='lat' dir='ltr'><strong>et</strong></span> <span class='ocrx_word' id='word_1_74' title='bbox 2606 867 2849 921; x_wconf 87' lang='lat' dir='ltr'><strong>narratio</strong></span> <span class='ocrx_word' id='word_1_75' title='bbox 2878 866 2945 921; x_wconf 91' lang='lat' dir='ltr'><strong>de</strong></span> <span class='ocrx_word' id='word_1_76' title='bbox 2972 867 3253 923; x_wconf 84' lang='lat' dir='ltr'><strong>miraculis</strong></span> <span class='ocrx_word' id='word_1_77' title='bbox 3279 866 3530 937; x_wconf 86' lang='lat' dir='ltr'><strong>ejusdem</strong></span> <span class='ocrx_word' id='word_1_78' title='bbox 3554 871 3805 923; x_wconf 88' lang='lat' dir='ltr'><strong>annecti-</strong></span> 
     </span>
    </p>
   </div>
   <div class='ocr_carea' id='block_1_8' title="bbox 541 946 3802 1015">
    <p class='ocr_par' dir='ltr' id='par_1_8' title="bbox 541 946 3802 1015">
     <span class='ocr_line' id='line_1_8' title="bbox 541 946 3802 1015; baseline 0.004 -16"><span class='ocrx_word' id='word_1_79' title='bbox 541 955 652 1002; x_wconf 92' lang='lat' dir='ltr'><strong>tur.</strong></span> <span class='ocrx_word' id='word_1_80' title='bbox 685 949 779 1002; x_wconf 79' lang='lat' dir='ltr'><strong>Ait</strong></span> <span class='ocrx_word' id='word_1_81' title='bbox 815 946 1171 1014; x_wconf 87' lang='lat' dir='ltr'><strong>Possevinus,</strong></span> <span class='ocrx_word' id='word_1_82' title='bbox 1196 962 1414 1007; x_wconf 78' lang='lat' dir='ltr'><strong>exstare</strong></span> <span class='ocrx_word' id='word_1_83' title='bbox 1454 955 1600 1009; x_wconf 91' lang='lat' dir='ltr'><strong>illius</strong></span> <span class='ocrx_word' id='word_1_84' title='bbox 1627 954 1732 1010; x_wconf 76' lang='grc' dir='ltr'><strong>ΟΡ.</strong></span> <span class='ocrx_word' id='word_1_85' title='bbox 1766 957 1998 1012; x_wconf 80' lang='lat' dir='ltr'><strong>festivos</strong></span> <span class='ocrx_word' id='word_1_86' title='bbox 2051 958 2347 1013; x_wconf 88' lang='lat' dir='ltr'><strong>Sermones</strong></span> <span class='ocrx_word' id='word_1_87' title='bbox 2371 973 2435 1013; x_wconf 92' lang='lat' dir='ltr'><strong>ac</strong></span> <span class='ocrx_word' id='word_1_88' title='bbox 2470 956 2735 1013; x_wconf 80' lang='lat' dir='ltr'><strong>ilomilias</strong></span> <span class='ocrx_word' id='word_1_89' title='bbox 2759 959 2811 1013; x_wconf 91' lang='lat' dir='ltr'><strong>in</strong></span> <span class='ocrx_word' id='word_1_90' title='bbox 2845 958 2964 1015; x_wconf 87' lang='lat' dir='ltr'><strong>dies</strong></span> <span class='ocrx_word' id='word_1_91' title='bbox 2999 957 3168 1015; x_wconf 78' lang='lat' dir='ltr'><strong>festos</strong></span> <span class='ocrx_word' id='word_1_92' title='bbox 3196 970 3251 1015; x_wconf 89' lang='lat' dir='ltr'><strong>et</strong></span> <span class='ocrx_word' id='word_1_93' title='bbox 3280 959 3603 1015; x_wconf 87' lang='lat' dir='ltr'><strong>Dominicas</strong></span> <span class='ocrx_word' id='word_1_94' title='bbox 3636 959 3802 1014; x_wconf 85' lang='lat' dir='ltr'><strong>totius</strong></span> 
     </span>
    </p>
   </div>
   <div class='ocr_carea' id='block_1_9' title="bbox 544 1038 3804 1125">
    <p class='ocr_par' dir='ltr' id='par_1_9' title="bbox 544 1038 3804 1125">
     <span class='ocr_line' id='line_1_9' title="bbox 544 1038 3804 1125; baseline 0.004 -32"><span class='ocrx_word' id='word_1_95' title='bbox 544 1038 713 1096; x_wconf 82' lang='lat' dir='ltr'><strong>anni:</strong></span> <span class='ocrx_word' id='word_1_96' title='bbox 754 1054 921 1108; x_wconf 89' lang='lat' dir='ltr'><strong>penes</strong></span> <span class='ocrx_word' id='word_1_97' title='bbox 952 1056 1115 1110; x_wconf 87' lang='lat' dir='ltr'><strong>quem</strong></span> <span class='ocrx_word' id='word_1_98' title='bbox 1154 1042 1307 1100; x_wconf 74' lang='lat' dir='ltr'><strong>fides.</strong></span> <span class='ocrx_word' id='word_1_99' title='bbox 1357 1044 1466 1099; x_wconf 88' lang='lat' dir='ltr'><strong>Leo</strong></span> <span class='ocrx_word' id='word_1_100' title='bbox 1510 1045 1747 1103; x_wconf 84' lang='lat' dir='ltr'><strong>Allatius</strong></span> <span class='ocrx_word' id='word_1_101' title='bbox 1804 1050 1957 1104; x_wconf 90' lang='lat' dir='ltr'><strong>nulla</strong></span> <span class='ocrx_word' id='word_1_102' title='bbox 2006 1050 2112 1105; x_wconf 90' lang='lat' dir='ltr'><strong>alia</strong></span> <span class='ocrx_word' id='word_1_103' title='bbox 2160 1066 2327 1121; x_wconf 87' lang='lat' dir='ltr'><strong>quam</strong></span> <span class='ocrx_word' id='word_1_104' title='bbox 2352 1066 2476 1125; x_wconf 68' lang='lat' dir='ltr'><strong>qua:</strong></span> <span class='ocrx_word' id='word_1_105' title='bbox 2506 1050 2759 1105; x_wconf 88' lang='lat' dir='ltr'><strong>reccnsui</strong></span> <span class='ocrx_word' id='word_1_106' title='bbox 2793 1050 2930 1123; x_wconf 86' lang='lat' dir='ltr'><strong>(imo</strong></span> <span class='ocrx_word' id='word_1_107' title='bbox 2956 1065 3058 1106; x_wconf 88' lang='lat' dir='ltr'><strong>nec</strong></span> <span class='ocrx_word' id='word_1_108' title='bbox 3088 1051 3295 1124; x_wconf 91' lang='lat' dir='ltr'><strong>omnia)</strong></span> <span class='ocrx_word' id='word_1_109' title='bbox 3332 1051 3387 1105; x_wconf 90' lang='lat' dir='ltr'><strong>in</strong></span> <span class='ocrx_word' id='word_1_110' title='bbox 3426 1051 3692 1106; x_wconf 80' lang='lat' dir='ltr'><strong>Romanis</strong></span> <span class='ocrx_word' id='word_1_111' title='bbox 3712 1066 3804 1106; x_wconf 55' lang='lat' dir='ltr'><strong>eo.</strong></span> 
     </span>
    </p>
   </div>
   <div class='ocr_carea' id='block_1_10' title="bbox 544 1133 1023 1190">
    <p class='ocr_par' dir='ltr' id='par_1_10' title="bbox 544 1133 1023 1190">
     <span class='ocr_line' id='line_1_10' title="bbox 544 1133 1023 1190; baseline 0.006 -4"><span class='ocrx_word' id='word_1_112' title='bbox 544 1133 766 1189; x_wconf 78' lang='lat' dir='ltr'><strong>dicibus</strong></span> <span class='ocrx_word' id='word_1_113' title='bbox 793 1133 1023 1190; x_wconf 91' lang='lat' dir='ltr'><strong>invenit.</strong></span> 
     </span>
    </p>
   </div>
   <div class='ocr_carea' id='block_1_11' title="bbox 1699 1442 2644 1571">
    <p class='ocr_par' dir='ltr' id='par_1_11' title="bbox 1699 1442 2644 1571">
     <span class='ocr_line' id='line_1_11' title="bbox 1699 1442 2644 1571; baseline 0.001 0"><span class='ocrx_word' id='word_1_114' title='bbox 1699 1442 2644 1571; x_wconf 78' lang='lat' dir='ltr'><strong>ORATIONES.</strong></span> 
     </span>
    </p>
   </div>
   <div class='ocr_carea' id='block_1_12' title="bbox 1324 1841 3073 1902">
    <p class='ocr_par' dir='ltr' id='par_1_12' title="bbox 1324 1841 3073 1902">
     <span class='ocr_line' id='line_1_12' title="bbox 1324 1841 3073 1902; baseline 0.001 -6"><span class='ocrx_word' id='word_1_115' title='bbox 1324 1841 1363 1897; x_wconf 92' lang='grc'><strong>1.</strong></span> <span class='ocrx_word' id='word_1_116' title='bbox 2167 1846 2215 1902; x_wconf 77' lang='grc' dir='ltr'><strong>Α</strong></span> <span class='ocrx_word' id='word_1_117' title='bbox 2992 1841 3073 1897; x_wconf 78' lang='grc' dir='ltr'><strong>Δ’.</strong></span> 
     </span>
    </p>
   </div>
   <div class='ocr_carea' id='block_1_13' title="bbox 550 1926 2135 2007">
    <p class='ocr_par' dir='ltr' id='par_1_13' title="bbox 550 1926 2132 2007">
     <span class='ocr_line' id='line_1_13' title="bbox 550 1926 2132 2007; baseline -0.009 -18"><span class='ocrx_word' id='word_1_118' title='bbox 550 1930 917 2007; x_wconf 77' lang='lat' dir='ltr'><strong>Pantaleontis</strong></span> <span class='ocrx_word' id='word_1_119' title='bbox 958 1947 1163 2007; x_wconf 76' lang='lat' dir='ltr'><strong>magna:</strong></span> <span class='ocrx_word' id='word_1_120' title='bbox 1204 1930 1579 2007; x_wconf 27' lang='lat' dir='ltr'><strong>llei‘EerIesia:</strong></span> <span class='ocrx_word' id='word_1_121' title='bbox 1599 1929 1846 2007; x_wconf 65' lang='lat' dir='ltr'><strong>Diaconi,</strong></span> <span class='ocrx_word' id='word_1_122' title='bbox 1879 1928 1942 1981; x_wconf 90' lang='lat' dir='ltr'><strong>de</strong></span> <span class='ocrx_word' id='word_1_123' title='bbox 1965 1926 2132 2007; x_wconf 70' lang='lat' dir='ltr'><strong>Iunii-</strong></span> 
     </span>
    </p>
   </div>
   <div class='ocr_carea' id='block_1_14' title="bbox 2237 1926 3809 2007">
    <p class='ocr_par' dir='ltr' id='par_1_14' title="bbox 2237 1930 3809 2007">
     <span class='ocr_line' id='line_1_14' title="bbox 2237 1930 3809 2007; baseline 0.003 -21"><span class='ocrx_word' id='word_1_124' title='bbox 2237 1930 3018 2007; x_wconf 46' lang='lat' dir='ltr'><strong>Hartaléorrogdtaxdrov</strong></span> <span class='ocrx_word' id='word_1_125' title='bbox 3067 1933 3179 2002; x_wconf 80' lang='grc' dir='ltr'>τῆς</span> <span class='ocrx_word' id='word_1_126' title='bbox 3214 1934 3329 2007; x_wconf 76' lang='grc' dir='ltr'>τοῦ</span> <span class='ocrx_word' id='word_1_127' title='bbox 3365 1935 3521 2007; x_wconf 46' lang='lat' dir='ltr'><strong>Geor?</strong></span> <span class='ocrx_word' id='word_1_128' title='bbox 3543 1937 3809 2007; x_wconf 66' lang='grc' dir='ltr'>μεγάλης</span> 
     </span>
    </p>
   </div>
   <div class='ocr_carea' id='block_1_15' title="bbox 622 1999 3527 2067">
    <p class='ocr_par' dir='ltr' id='par_1_15' title="bbox 622 1999 3527 2067">
     <span class='ocr_line' id='line_1_15' title="bbox 622 1999 3527 2067; baseline -0.001 -13"><span class='ocrx_word' id='word_1_129' title='bbox 622 2006 774 2055; x_wconf 81' lang='lat' dir='ltr'><strong>nibus</strong></span> <span class='ocrx_word' id='word_1_130' title='bbox 804 2003 1006 2055; x_wconf 79' lang='lat' dir='ltr'><strong>sanctis</strong></span> <span class='ocrx_word' id='word_1_131' title='bbox 1037 2005 1111 2067; x_wconf 80' lang='lat' dir='ltr'><strong>(id</strong></span> <span class='ocrx_word' id='word_1_132' title='bbox 1144 2010 1243 2058; x_wconf 83' lang='lat' dir='ltr'><strong>est,</strong></span> <span class='ocrx_word' id='word_1_133' title='bbox 1278 2003 1339 2054; x_wconf 82' lang='lat' dir='ltr'><strong>de</strong></span> <span class='ocrx_word' id='word_1_134' title='bbox 1382 2002 1605 2054; x_wconf 82' lang='lat' dir='ltr'><strong>Domino</strong></span> <span class='ocrx_word' id='word_1_135' title='bbox 1634 1999 1845 2056; x_wconf 76' lang='lat' dir='ltr'><strong>Christo</strong></span> <span class='ocrx_word' id='word_1_136' title='bbox 1868 2009 1916 2052; x_wconf 88' lang='lat' dir='ltr'><strong>et</strong></span> <span class='ocrx_word' id='word_1_137' title='bbox 1946 2006 2131 2051; x_wconf 82' lang='lat' dir='ltr'><strong>sancto</strong></span> <span class='ocrx_word' id='word_1_138' title='bbox 2426 2004 2809 2067; x_wconf 70' lang='grc' dir='ltr'>Ἑκκλησίας,</span> <span class='ocrx_word' id='word_1_139' title='bbox 2838 2003 3021 2067; x_wconf 73' lang='grc' dir='ltr'>λόγος</span> <span class='ocrx_word' id='word_1_140' title='bbox 3049 1999 3238 2067; x_wconf 49' lang='grc' dir='ltr'>ειςῗτὰ</span> <span class='ocrx_word' id='word_1_141' title='bbox 3270 2005 3409 2067; x_wconf 80' lang='grc' dir='ltr'>ἅγια</span> <span class='ocrx_word' id='word_1_142' title='bbox 3442 2005 3527 2067; x_wconf 61' lang='grc' dir='ltr'><strong>φῶ</strong></span> 
     </span>
    </p>
   </div>
   <div class='ocr_carea' id='block_1_16' title="bbox 618 2072 1567 2141">
    <p class='ocr_par' dir='ltr' id='par_1_16' title="bbox 618 2072 1567 2141">
     <span class='ocr_line' id='line_1_16' title="bbox 618 2072 1567 2141; baseline -0.002 -14"><span class='ocrx_word' id='word_1_143' title='bbox 618 2072 825 2127; x_wconf 78' lang='lat' dir='ltr'><strong>Joanne</strong></span> <span class='ocrx_word' id='word_1_144' title='bbox 845 2074 958 2136; x_wconf 72' lang='lat' dir='ltr'><strong>eius</strong></span> <span class='ocrx_word' id='word_1_145' title='bbox 988 2074 1335 2141; x_wconf 78' lang='lat' dir='ltr'><strong>prwcursore)</strong></span> <span class='ocrx_word' id='word_1_146' title='bbox 1358 2072 1567 2130; x_wconf 81' lang='lat' dir='ltr'><strong>Sermo.</strong></span> 
     </span>
    </p>
   </div>
   <div class='ocr_carea' id='block_1_17' title="bbox 2426 2003 3633 2077">
    <p class='ocr_par' dir='ltr' id='par_1_17' title="bbox 2426 2003 3633 2077">
     <span class='ocr_line' id='line_1_17' title="bbox 2426 2003 3633 2077; baseline 0.006 -22"><span class='ocrx_word' id='word_1_147' title='bbox 2426 2004 2809 2072; x_wconf 71' lang='grc' dir='ltr'>Ἑκκλησίας,</span> <span class='ocrx_word' id='word_1_148' title='bbox 2838 2003 3021 2073; x_wconf 73' lang='grc' dir='ltr'>λόγος</span> <span class='ocrx_word' id='word_1_149' title='bbox 3049 2007 3138 2069; x_wconf 79' lang='grc' dir='ltr'><strong>εις</strong></span> <span class='ocrx_word' id='word_1_150' title='bbox 3166 2006 3238 2059; x_wconf 82' lang='grc' dir='ltr'>τὰ</span> <span class='ocrx_word' id='word_1_151' title='bbox 3270 2005 3409 2077; x_wconf 80' lang='grc' dir='ltr'>ἅγια</span> <span class='ocrx_word' id='word_1_152' title='bbox 3442 2003 3633 2076; x_wconf 50' lang='lat' dir='ltr'><strong>esea.</strong></span> 
     </span>
    </p>
   </div>
   <div class='ocr_carea' id='block_1_18' title="bbox 1432 2180 3210 2255">
    <p class='ocr_par' dir='ltr' id='par_1_18' title="bbox 1432 2180 3210 2255">
     <span class='ocr_line' id='line_1_18' title="bbox 1432 2180 3210 2255; baseline 0.001 -18"><span class='ocrx_word' id='word_1_153' title='bbox 1432 2184 1662 2241; x_wconf 71' lang='grc' dir='ltr'>Βυοιευε</span> <span class='ocrx_word' id='word_1_154' title='bbox 1685 2184 1957 2255; x_wconf 82' lang='lat' dir='ltr'><strong>Supplem.</strong></span> <span class='ocrx_word' id='word_1_155' title='bbox 1998 2184 2067 2238; x_wconf 87' lang='lat' dir='ltr'><strong>ad</strong></span> <span class='ocrx_word' id='word_1_156' title='bbox 2099 2181 2468 2236; x_wconf 78' lang='lat' dir='ltr'><strong>bibliothecam</strong></span> <span class='ocrx_word' id='word_1_157' title='bbox 2508 2180 2752 2239; x_wconf 83' lang='lat' dir='ltr'><strong>Patrum.</strong></span> <span class='ocrx_word' id='word_1_158' title='bbox 2796 2189 2837 2237; x_wconf 94' lang='lat' dir='ltr'><strong>t.</strong></span> <span class='ocrx_word' id='word_1_159' title='bbox 2872 2198 2931 2250; x_wconf 89' lang='grc' dir='ltr'><strong>ιι,</strong></span> <span class='ocrx_word' id='word_1_160' title='bbox 2966 2197 3021 2253; x_wconf 92' lang='lat' dir='ltr'><strong>p.</strong></span> <span class='ocrx_word' id='word_1_161' title='bbox 3058 2182 3210 2254; x_wconf 70' lang='grc' dir='ltr'>ιιε.)</span> 
     </span>
    </p>
   </div>
   <div class='ocr_carea' id='block_1_19' title="bbox 619 2295 2125 2368">
    <p class='ocr_par' dir='ltr' id='par_1_19' title="bbox 619 2295 2125 2368">
     <span class='ocr_line' id='line_1_19' title="bbox 619 2295 2125 2368; baseline -0.001 -18"><span class='ocrx_word' id='word_1_162' title='bbox 619 2297 751 2364; x_wconf 75' lang='lat' dir='ltr'><strong>Quae</strong></span> <span class='ocrx_word' id='word_1_163' title='bbox 780 2296 903 2352; x_wconf 77' lang='lat' dir='ltr'><strong>festi</strong></span> <span class='ocrx_word' id='word_1_164' title='bbox 932 2296 1095 2367; x_wconf 84' lang='lat' dir='ltr'><strong>hujus</strong></span> <span class='ocrx_word' id='word_1_165' title='bbox 1125 2305 1209 2351; x_wconf 89' lang='lat' dir='ltr'><strong>est</strong></span> <span class='ocrx_word' id='word_1_166' title='bbox 1244 2296 1443 2368; x_wconf 89' lang='lat' dir='ltr'><strong>gratia,</strong></span> <span class='ocrx_word' id='word_1_167' title='bbox 1476 2296 1612 2351; x_wconf 87' lang='lat' dir='ltr'><strong>nihil</strong></span> <span class='ocrx_word' id='word_1_168' title='bbox 1666 2305 1797 2365; x_wconf 91' lang='lat' dir='ltr'><strong>puto</strong></span> <span class='ocrx_word' id='word_1_169' title='bbox 1853 2295 2125 2351; x_wconf 84' lang='lat' dir='ltr'><strong>sermonis</strong></span> 
     </span>
    </p>
   </div>
   <div class='ocr_carea' id='block_1_20' title="bbox 547 2386 2125 2459">
    <p class='ocr_par' dir='ltr' id='par_1_20' title="bbox 547 2386 2125 2459">
     <span class='ocr_line' id='line_1_20' title="bbox 547 2386 2125 2459; baseline -0.002 -16"><span class='ocrx_word' id='word_1_170' title='bbox 547 2404 669 2445; x_wconf 91' lang='lat' dir='ltr'><strong>eam</strong></span> <span class='ocrx_word' id='word_1_171' title='bbox 728 2389 1016 2457; x_wconf 81' lang='lat' dir='ltr'><strong>Splendore</strong></span> <span class='ocrx_word' id='word_1_172' title='bbox 1066 2388 1330 2457; x_wconf 82' lang='lat' dir='ltr'><strong>indigere.</strong></span> <span class='ocrx_word' id='word_1_173' title='bbox 1372 2387 1533 2449; x_wconf 85' lang='lat' dir='ltr'><strong>Omni</strong></span> <span class='ocrx_word' id='word_1_174' title='bbox 1595 2389 1795 2459; x_wconf 82' lang='lat' dir='ltr'><strong>quippe</strong></span> <span class='ocrx_word' id='word_1_175' title='bbox 1857 2386 2125 2442; x_wconf 89' lang='lat' dir='ltr'><strong>orationis</strong></span> 
     </span>
    </p>
   </div>
   <div class='ocr_carea' id='block_1_21' title="bbox 548 2476 2125 2549">
    <p class='ocr_par' dir='ltr' id='par_1_21' title="bbox 548 2476 2125 2549">
     <span class='ocr_line' id='line_1_21' title="bbox 548 2476 2125 2549; baseline -0.003 -16"><span class='ocrx_word' id='word_1_176' title='bbox 548 2481 815 2549; x_wconf 81' lang='lat' dir='ltr'><strong>elegantia</strong></span> <span class='ocrx_word' id='word_1_177' title='bbox 866 2495 987 2548; x_wconf 55' lang='lat' dir='ltr'><strong>qua).</strong></span> <span class='ocrx_word' id='word_1_178' title='bbox 1042 2479 1096 2533; x_wconf 89' lang='lat' dir='ltr'><strong>in</strong></span> <span class='ocrx_word' id='word_1_179' title='bbox 1149 2479 1561 2548; x_wconf 69' lang='lat' dir='ltr'><strong>prmseutiarum</strong></span> <span class='ocrx_word' id='word_1_180' title='bbox 1625 2487 1926 2537; x_wconf 84' lang='lat' dir='ltr'><strong>tractamus</strong></span> <span class='ocrx_word' id='word_1_181' title='bbox 2000 2476 2125 2546; x_wconf 91' lang='lat' dir='ltr'><strong>pul-</strong></span> 
     </span>
    </p>
   </div>
   <div class='ocr_carea' id='block_1_22' title="bbox 548 2571 2127 2638">
    <p class='ocr_par' dir='ltr' id='par_1_22' title="bbox 548 2571 2127 2638">
     <span class='ocr_line' id='line_1_22' title="bbox 548 2571 2127 2638; baseline -0.001 -13"><span class='ocrx_word' id='word_1_182' title='bbox 548 2572 764 2626; x_wconf 84' lang='lat' dir='ltr'><strong>chriora</strong></span> <span class='ocrx_word' id='word_1_183' title='bbox 801 2579 948 2636; x_wconf 85' lang='lat' dir='ltr'><strong>sunt,</strong></span> <span class='ocrx_word' id='word_1_184' title='bbox 979 2585 1078 2625; x_wconf 91' lang='lat' dir='ltr'><strong>nec</strong></span> <span class='ocrx_word' id='word_1_185' title='bbox 1115 2586 1299 2625; x_wconf 83' lang='lat' dir='ltr'><strong>sermo</strong></span> <span class='ocrx_word' id='word_1_186' title='bbox 1330 2571 1473 2625; x_wconf 92' lang='lat' dir='ltr'><strong>ullus</strong></span> <span class='ocrx_word' id='word_1_187' title='bbox 1498 2580 1607 2623; x_wconf 89' lang='lat' dir='ltr'><strong>tam</strong></span> <span class='ocrx_word' id='word_1_188' title='bbox 1655 2578 1915 2624; x_wconf 88' lang='lat' dir='ltr'><strong>venustus</strong></span> <span class='ocrx_word' id='word_1_189' title='bbox 1963 2576 2127 2638; x_wconf 88' lang='lat' dir='ltr'><strong>atque</strong></span> 
     </span>
    </p>
   </div>
   <div class='ocr_carea' id='block_1_23' title="bbox 550 2660 2126 2733">
    <p class='ocr_par' dir='ltr' id='par_1_23' title="bbox 550 2660 2126 2733">
     <span class='ocr_line' id='line_1_23' title="bbox 550 2660 2126 2733; baseline -0.003 -15"><span class='ocrx_word' id='word_1_190' title='bbox 550 2674 737 2718; x_wconf 89' lang='lat' dir='ltr'><strong>nostra</strong></span> <span class='ocrx_word' id='word_1_191' title='bbox 770 2665 881 2718; x_wconf 65' lang='lat' dir='ltr'><strong>haec</strong></span> <span class='ocrx_word' id='word_1_192' title='bbox 910 2679 1002 2731; x_wconf 83' lang='lat' dir='ltr'><strong>per</strong></span> <span class='ocrx_word' id='word_1_193' title='bbox 1026 2679 1085 2719; x_wconf 91' lang='lat' dir='ltr'><strong>se</strong></span> <span class='ocrx_word' id='word_1_194' title='bbox 1108 2672 1191 2717; x_wconf 91' lang='lat' dir='ltr'><strong>est</strong></span> <span class='ocrx_word' id='word_1_195' title='bbox 1213 2662 1520 2733; x_wconf 87' lang='lat' dir='ltr'><strong>panegyris.</strong></span> <span class='ocrx_word' id='word_1_196' title='bbox 1554 2661 1692 2728; x_wconf 84' lang='lat' dir='ltr'><strong>Quid</strong></span> <span class='ocrx_word' id='word_1_197' title='bbox 1728 2661 1926 2715; x_wconf 89' lang='lat' dir='ltr'><strong>etenim</strong></span> <span class='ocrx_word' id='word_1_198' title='bbox 1954 2660 2126 2730; x_wconf 90' lang='lat' dir='ltr'><strong>possit</strong></span> 
     </span>
    </p>
   </div>
   <div class='ocr_carea' id='block_1_24' title="bbox 552 2750 2124 2825">
    <p class='ocr_par' dir='ltr' id='par_1_24' title="bbox 552 2750 2124 2825">
     <span class='ocr_line' id='line_1_24' title="bbox 552 2750 2124 2825; baseline -0.001 -18"><span class='ocrx_word' id='word_1_199' title='bbox 552 2765 818 2825; x_wconf 64' lang='lat' dir='ltr'><strong>praesente</strong></span> <span class='ocrx_word' id='word_1_200' title='bbox 852 2764 1036 2809; x_wconf 87' lang='lat' dir='ltr'><strong>nostra</strong></span> <span class='ocrx_word' id='word_1_201' title='bbox 1100 2753 1443 2809; x_wconf 80' lang='lat' dir='ltr'><strong>solemnitate</strong></span> <span class='ocrx_word' id='word_1_202' title='bbox 1502 2768 1625 2808; x_wconf 89' lang='lat' dir='ltr'><strong>esse</strong></span> <span class='ocrx_word' id='word_1_203' title='bbox 1656 2751 2012 2821; x_wconf 84' lang='lat' dir='ltr'><strong>splendidius,</strong></span> <span class='ocrx_word' id='word_1_204' title='bbox 2059 2750 2124 2807; x_wconf 88' lang='lat' dir='ltr'><strong>ad</strong></span> 
     </span>
    </p>
   </div>
   <div class='ocr_carea' id='block_1_25' title="bbox 551 2841 2125 2916">
    <p class='ocr_par' dir='ltr' id='par_1_25' title="bbox 551 2841 2125 2916">
     <span class='ocr_line' id='line_1_25' title="bbox 551 2841 2125 2916; baseline -0.002 -18"><span class='ocrx_word' id='word_1_205' title='bbox 551 2861 713 2916; x_wconf 90' lang='lat' dir='ltr'><strong>quam</strong></span> <span class='ocrx_word' id='word_1_206' title='bbox 739 2853 791 2899; x_wconf 88' lang='lat' dir='ltr'><strong>et</strong></span> <span class='ocrx_word' id='word_1_207' title='bbox 811 2846 1051 2900; x_wconf 83' lang='lat' dir='ltr'><strong>coelestia</strong></span> <span class='ocrx_word' id='word_1_208' title='bbox 1073 2845 1139 2899; x_wconf 86' lang='lat' dir='ltr'><strong>ad</strong></span> <span class='ocrx_word' id='word_1_209' title='bbox 1171 2843 1554 2901; x_wconf 84' lang='lat' dir='ltr'><strong>celebrandum</strong></span> <span class='ocrx_word' id='word_1_210' title='bbox 1584 2858 1748 2913; x_wconf 82' lang='lat' dir='ltr'><strong>regna</strong></span> <span class='ocrx_word' id='word_1_211' title='bbox 1775 2841 2125 2903; x_wconf 79' lang='lat' dir='ltr'><strong>conveniunt.</strong></span> 
     </span>
    </p>
   </div>
   <div class='ocr_carea' id='block_1_26' title="bbox 554 2931 2125 3006">
    <p class='ocr_par' dir='ltr' id='par_1_26' title="bbox 554 2931 2125 3006">
     <span class='ocr_line' id='line_1_26' title="bbox 554 2931 2125 3006; baseline -0.004 -15"><span class='ocrx_word' id='word_1_212' title='bbox 554 2938 621 2991; x_wconf 89' lang='lat' dir='ltr'><strong>ad</strong></span> <span class='ocrx_word' id='word_1_213' title='bbox 657 2953 777 3006; x_wconf 63' lang='lat' dir='ltr'><strong>quae</strong></span> <span class='ocrx_word' id='word_1_214' title='bbox 808 2937 950 3006; x_wconf 81' lang='lat' dir='ltr'><strong>regis</strong></span> <span class='ocrx_word' id='word_1_215' title='bbox 985 2938 1216 3005; x_wconf 85' lang='lat' dir='ltr'><strong>desuper</strong></span> <span class='ocrx_word' id='word_1_216' title='bbox 1247 2936 1466 2993; x_wconf 89' lang='lat' dir='ltr'><strong>animus</strong></span> <span class='ocrx_word' id='word_1_217' title='bbox 1513 2949 1732 3005; x_wconf 86' lang='lat' dir='ltr'><strong>quoque</strong></span> <span class='ocrx_word' id='word_1_218' title='bbox 1786 2932 2040 2996; x_wconf 84' lang='lat' dir='ltr'><strong>accessit,</strong></span> <span class='ocrx_word' id='word_1_219' title='bbox 2072 2931 2125 2985; x_wconf 92' lang='lat' dir='ltr'><strong>in</strong></span> 
     </span>
    </p>
   </div>
   <div class='ocr_carea' id='block_1_27' title="bbox 556 3023 2131 3096">
    <p class='ocr_par' dir='ltr' id='par_1_27' title="bbox 556 3023 2131 3096">
     <span class='ocr_line' id='line_1_27' title="bbox 556 3023 2131 3096; baseline -0.003 -16"><span class='ocrx_word' id='word_1_220' title='bbox 556 3044 663 3096; x_wconf 86' lang='lat' dir='ltr'><strong>qua</strong></span> <span class='ocrx_word' id='word_1_221' title='bbox 726 3037 784 3081; x_wconf 88' lang='lat' dir='ltr'><strong>et</strong></span> <span class='ocrx_word' id='word_1_222' title='bbox 850 3029 1229 3082; x_wconf 88' lang='lat' dir='ltr'><strong>terricolarum</strong></span> <span class='ocrx_word' id='word_1_223' title='bbox 1295 3041 1413 3093; x_wconf 83' lang='lat' dir='ltr'><strong>rex,</strong></span> <span class='ocrx_word' id='word_1_224' title='bbox 1453 3024 1773 3085; x_wconf 85' lang='lat' dir='ltr'><strong>abscondito</strong></span> <span class='ocrx_word' id='word_1_225' title='bbox 1822 3023 2131 3078; x_wconf 87' lang='lat' dir='ltr'><strong>diademate</strong></span> 
     </span>
    </p>
   </div>
   <div class='ocr_carea' id='block_1_28' title="bbox 556 3115 2133 3189">
    <p class='ocr_par' dir='ltr' id='par_1_28' title="bbox 556 3115 2133 3189">
     <span class='ocr_line' id='line_1_28' title="bbox 556 3115 2133 3189; baseline -0.003 -16"><span class='ocrx_word' id='word_1_226' title='bbox 556 3134 681 3173; x_wconf 90' lang='lat' dir='ltr'><strong>cum</strong></span> <span class='ocrx_word' id='word_1_227' title='bbox 742 3120 942 3189; x_wconf 89' lang='lat' dir='ltr'><strong>populo</strong></span> <span class='ocrx_word' id='word_1_228' title='bbox 997 3128 1396 3185; x_wconf 81' lang='lat' dir='ltr'><strong>conversatur;</strong></span> <span class='ocrx_word' id='word_1_229' title='bbox 1454 3119 1563 3173; x_wconf 91' lang='lat' dir='ltr'><strong>imo</strong></span> <span class='ocrx_word' id='word_1_230' title='bbox 1610 3116 1704 3187; x_wconf 88' lang='lat' dir='ltr'><strong>qui</strong></span> <span class='ocrx_word' id='word_1_231' title='bbox 1744 3115 2001 3171; x_wconf 87' lang='lat' dir='ltr'><strong>dominus</strong></span> <span class='ocrx_word' id='word_1_232' title='bbox 2049 3122 2133 3169; x_wconf 90' lang='lat' dir='ltr'><strong>est</strong></span> 
     </span>
    </p>
   </div>
   <div class='ocr_carea' id='block_1_29' title="bbox 558 3208 2130 3282">
    <p class='ocr_par' dir='ltr' id='par_1_29' title="bbox 558 3208 2130 3282">
     <span class='ocr_line' id='line_1_29' title="bbox 558 3208 2130 3282; baseline -0.005 -15"><span class='ocrx_word' id='word_1_233' title='bbox 558 3212 825 3278; x_wconf 85' lang='lat' dir='ltr'><strong>universi,</strong></span> <span class='ocrx_word' id='word_1_234' title='bbox 860 3212 1116 3266; x_wconf 88' lang='lat' dir='ltr'><strong>Christus</strong></span> <span class='ocrx_word' id='word_1_235' title='bbox 1143 3212 1209 3265; x_wconf 89' lang='lat' dir='ltr'><strong>ad</strong></span> <span class='ocrx_word' id='word_1_236' title='bbox 1241 3212 1515 3282; x_wconf 90' lang='lat' dir='ltr'><strong>captivum</strong></span> <span class='ocrx_word' id='word_1_237' title='bbox 1542 3209 1848 3265; x_wconf 90' lang='lat' dir='ltr'><strong>ducendum</strong></span> <span class='ocrx_word' id='word_1_238' title='bbox 1873 3208 2130 3262; x_wconf 87' lang='lat' dir='ltr'><strong>Satanam</strong></span> 
     </span>
    </p>
   </div>
   <div class='ocr_carea' id='block_1_30' title="bbox 557 3300 2206 3392">
    <p class='ocr_par' dir='ltr' id='par_1_30' title="bbox 557 3300 2206 3392">
     <span class='ocr_line' id='line_1_30' title="bbox 557 3300 2206 3392; baseline -0.005 -32"><span class='ocrx_word' id='word_1_239' title='bbox 557 3306 833 3374; x_wconf 56' lang='lat' dir='ltr'><strong>delapsus,</strong></span> <span class='ocrx_word' id='word_1_240' title='bbox 881 3313 1023 3360; x_wconf 89' lang='lat' dir='ltr'><strong>tecta</strong></span> <span class='ocrx_word' id='word_1_241' title='bbox 1057 3320 1152 3374; x_wconf 91' lang='lat' dir='ltr'><strong>per</strong></span> <span class='ocrx_word' id='word_1_242' title='bbox 1196 3304 1490 3358; x_wconf 89' lang='lat' dir='ltr'><strong>humanam</strong></span> <span class='ocrx_word' id='word_1_243' title='bbox 1537 3302 1776 3371; x_wconf 88' lang='lat' dir='ltr'><strong>speciem</strong></span> <span class='ocrx_word' id='word_1_244' title='bbox 1831 3300 2134 3354; x_wconf 82' lang='lat' dir='ltr'><strong>divinitatis</strong></span> <span class='ocrx_word' id='word_1_245' title='bbox 2167 3339 2206 3392; x_wconf 70' lang='grc' dir='ltr'><strong><em>Β</em></strong></span> 
     </span>
    </p>
   </div>
   <div class='ocr_carea' id='block_1_31' title="bbox 558 3391 2135 3465">
    <p class='ocr_par' dir='ltr' id='par_1_31' title="bbox 558 3391 2135 3465">
     <span class='ocr_line' id='line_1_31' title="bbox 558 3391 2135 3465; baseline -0.004 -13"><span class='ocrx_word' id='word_1_246' title='bbox 558 3413 673 3452; x_wconf 78' lang='lat' dir='ltr'><strong>suze</strong></span> <span class='ocrx_word' id='word_1_247' title='bbox 703 3398 1007 3465; x_wconf 86' lang='lat' dir='ltr'><strong>majestate,</strong></span> <span class='ocrx_word' id='word_1_248' title='bbox 1036 3410 1160 3450; x_wconf 91' lang='lat' dir='ltr'><strong>cum</strong></span> <span class='ocrx_word' id='word_1_249' title='bbox 1219 3393 1420 3463; x_wconf 90' lang='lat' dir='ltr'><strong>populo</strong></span> <span class='ocrx_word' id='word_1_250' title='bbox 1469 3391 1701 3447; x_wconf 86' lang='lat' dir='ltr'><strong>Judaico</strong></span> <span class='ocrx_word' id='word_1_251' title='bbox 1749 3392 2044 3457; x_wconf 89' lang='lat' dir='ltr'><strong>cohabitat,</strong></span> <span class='ocrx_word' id='word_1_252' title='bbox 2081 3402 2135 3445; x_wconf 90' lang='lat' dir='ltr'><strong>et</strong></span> 
     </span>
    </p>
   </div>
   <div class='ocr_carea' id='block_1_32' title="bbox 560 3484 2134 3558">
    <p class='ocr_par' dir='ltr' id='par_1_32' title="bbox 560 3484 2134 3558">
     <span class='ocr_line' id='line_1_32' title="bbox 560 3484 2134 3558; baseline -0.003 -14"><span class='ocrx_word' id='word_1_253' title='bbox 560 3489 813 3558; x_wconf 87' lang='lat' dir='ltr'><strong>baptismi</strong></span> <span class='ocrx_word' id='word_1_254' title='bbox 845 3504 903 3543; x_wconf 88' lang='lat' dir='ltr'><strong>se</strong></span> <span class='ocrx_word' id='word_1_255' title='bbox 930 3488 1050 3542; x_wconf 90' lang='lat' dir='ltr'><strong>usui</strong></span> <span class='ocrx_word' id='word_1_256' title='bbox 1083 3486 1385 3551; x_wconf 90' lang='lat' dir='ltr'><strong>submittit,</strong></span> <span class='ocrx_word' id='word_1_257' title='bbox 1425 3501 1548 3540; x_wconf 92' lang='lat' dir='ltr'><strong>cum</strong></span> <span class='ocrx_word' id='word_1_258' title='bbox 1581 3486 1697 3554; x_wconf 89' lang='lat' dir='ltr'><strong>ipse</strong></span> <span class='ocrx_word' id='word_1_259' title='bbox 1717 3485 1787 3540; x_wconf 88' lang='lat' dir='ltr'><strong>sit</strong></span> <span class='ocrx_word' id='word_1_260' title='bbox 1808 3484 2134 3553; x_wconf 82' lang='lat' dir='ltr'><strong>baptizantis</strong></span> 
     </span>
    </p>
   </div>
   <div class='ocr_carea' id='block_1_33' title="bbox 561 3576 2133 3651">
    <p class='ocr_par' dir='ltr' id='par_1_33' title="bbox 561 3576 2133 3651">
     <span class='ocr_line' id='line_1_33' title="bbox 561 3576 2133 3651; baseline -0.003 -17"><span class='ocrx_word' id='word_1_261' title='bbox 561 3581 871 3651; x_wconf 77' lang='lat' dir='ltr'><strong>baptisma?</strong></span> <span class='ocrx_word' id='word_1_262' title='bbox 921 3579 985 3634; x_wconf 85' lang='lat' dir='ltr'><strong>Et</strong></span> <span class='ocrx_word' id='word_1_263' title='bbox 1030 3580 1108 3644; x_wconf 86' lang='lat' dir='ltr'><strong>ﬁt,</strong></span> <span class='ocrx_word' id='word_1_264' title='bbox 1170 3579 1312 3633; x_wconf 87' lang='lat' dir='ltr'><strong>sicut</strong></span> <span class='ocrx_word' id='word_1_265' title='bbox 1365 3577 1498 3633; x_wconf 81' lang='lat' dir='ltr'><strong>foris</strong></span> <span class='ocrx_word' id='word_1_266' title='bbox 1550 3586 1791 3646; x_wconf 86' lang='lat' dir='ltr'><strong>apparet,</strong></span> <span class='ocrx_word' id='word_1_267' title='bbox 1854 3576 2133 3630; x_wconf 87' lang='lat' dir='ltr'><strong>hominum</strong></span> 
     </span>
    </p>
   </div>
   <div class='ocr_carea' id='block_1_34' title="bbox 561 3668 2131 3741">
    <p class='ocr_par' dir='ltr' id='par_1_34' title="bbox 561 3668 2131 3741">
     <span class='ocr_line' id='line_1_34' title="bbox 561 3668 2131 3741; baseline -0.002 -16"><span class='ocrx_word' id='word_1_268' title='bbox 561 3689 723 3727; x_wconf 69' lang='lat' dir='ltr'><strong>uiuus.</strong></span> <span class='ocrx_word' id='word_1_269' title='bbox 757 3672 962 3741; x_wconf 72' lang='lat' dir='ltr'><strong>Regum</strong></span> <span class='ocrx_word' id='word_1_270' title='bbox 998 3681 1080 3726; x_wconf 86' lang='lat' dir='ltr'><strong>est</strong></span> <span class='ocrx_word' id='word_1_271' title='bbox 1116 3678 1338 3725; x_wconf 83' lang='lat' dir='ltr'><strong>secutus</strong></span> <span class='ocrx_word' id='word_1_272' title='bbox 1367 3670 1841 3733; x_wconf 86' lang='lat' dir='ltr'><strong>consuetudinem,</strong></span> <span class='ocrx_word' id='word_1_273' title='bbox 1877 3670 1970 3739; x_wconf 90' lang='lat' dir='ltr'><strong>qui</strong></span> <span class='ocrx_word' id='word_1_274' title='bbox 2003 3668 2131 3723; x_wconf 92' lang='lat' dir='ltr'><strong>dum</strong></span> 
     </span>
    </p>
   </div>
   <div class='ocr_carea' id='block_1_35' title="bbox 562 3761 2133 3833">
    <p class='ocr_par' dir='ltr' id='par_1_35' title="bbox 562 3761 2133 3833">
     <span class='ocr_line' id='line_1_35' title="bbox 562 3761 2133 3833; baseline -0.001 -17"><span class='ocrx_word' id='word_1_275' title='bbox 562 3764 756 3833; x_wconf 70' lang='lat' dir='ltr'><strong>pmdze</strong></span> <span class='ocrx_word' id='word_1_276' title='bbox 791 3763 1142 3827; x_wconf 81' lang='lat' dir='ltr'><strong>insidiantur,</strong></span> <span class='ocrx_word' id='word_1_277' title='bbox 1182 3761 1428 3831; x_wconf 87' lang='lat' dir='ltr'><strong>deposita</strong></span> <span class='ocrx_word' id='word_1_278' title='bbox 1459 3762 1605 3832; x_wconf 80' lang='lat' dir='ltr'><strong>regia</strong></span> <span class='ocrx_word' id='word_1_279' title='bbox 1638 3761 1938 3831; x_wconf 87' lang='lat' dir='ltr'><strong>majestate,</strong></span> <span class='ocrx_word' id='word_1_280' title='bbox 1985 3762 2133 3816; x_wconf 89' lang='lat' dir='ltr'><strong>mili-</strong></span> 
     </span>
    </p>
   </div>
   <div class='ocr_carea' id='block_1_36' title="bbox 566 3853 2133 3924">
    <p class='ocr_par' dir='ltr' id='par_1_36' title="bbox 566 3853 2133 3924">
     <span class='ocr_line' id='line_1_36' title="bbox 566 3853 2133 3924; baseline 0.001 -17"><span class='ocrx_word' id='word_1_281' title='bbox 566 3855 675 3908; x_wconf 89' lang='lat' dir='ltr'><strong>tari</strong></span> <span class='ocrx_word' id='word_1_282' title='bbox 700 3869 758 3910; x_wconf 90' lang='lat' dir='ltr'><strong>se</strong></span> <span class='ocrx_word' id='word_1_283' title='bbox 790 3854 977 3909; x_wconf 89' lang='lat' dir='ltr'><strong>habitu</strong></span> <span class='ocrx_word' id='word_1_284' title='bbox 1010 3854 1305 3919; x_wconf 90' lang='lat' dir='ltr'><strong>amiciunt;</strong></span> <span class='ocrx_word' id='word_1_285' title='bbox 1352 3853 1434 3909; x_wconf 92' lang='lat' dir='ltr'><strong>sic</strong></span> <span class='ocrx_word' id='word_1_286' title='bbox 1477 3854 1717 3908; x_wconf 85' lang='lat' dir='ltr'><strong>universi</strong></span> <span class='ocrx_word' id='word_1_287' title='bbox 1771 3870 1990 3924; x_wconf 85' lang='lat' dir='ltr'><strong>quoque</strong></span> <span class='ocrx_word' id='word_1_288' title='bbox 2039 3869 2133 3909; x_wconf 81' lang='lat' dir='ltr'><strong>rex</strong></span> 
     </span>
    </p>
   </div>
   <div class='ocr_carea' id='block_1_37' title="bbox 560 3943 2134 4010">
    <p class='ocr_par' dir='ltr' id='par_1_37' title="bbox 560 3943 2134 4010">
     <span class='ocr_line' id='line_1_37' title="bbox 560 3943 2134 4010; baseline 0 -10"><span class='ocrx_word' id='word_1_289' title='bbox 560 3946 813 4001; x_wconf 85' lang='lat' dir='ltr'><strong>Christus</strong></span> <span class='ocrx_word' id='word_1_290' title='bbox 866 3947 932 3999; x_wconf 90' lang='lat' dir='ltr'><strong>ad</strong></span> <span class='ocrx_word' id='word_1_291' title='bbox 980 3944 1293 4001; x_wconf 85' lang='lat' dir='ltr'><strong>venandum</strong></span> <span class='ocrx_word' id='word_1_292' title='bbox 1349 3943 1605 3999; x_wconf 88' lang='lat' dir='ltr'><strong>Satanam</strong></span> <span class='ocrx_word' id='word_1_293' title='bbox 1645 3947 1931 4010; x_wconf 86' lang='lat' dir='ltr'><strong>accedens,</strong></span> <span class='ocrx_word' id='word_1_294' title='bbox 1972 3955 2026 4001; x_wconf 90' lang='lat' dir='ltr'><strong>et</strong></span> <span class='ocrx_word' id='word_1_295' title='bbox 2065 3947 2134 4001; x_wconf 90' lang='lat' dir='ltr'><strong>ad</strong></span> 
     </span>
    </p>
   </div>
   <div class='ocr_carea' id='block_1_38' title="bbox 561 4035 2135 4107">
    <p class='ocr_par' dir='ltr' id='par_1_38' title="bbox 561 4035 2135 4107">
     <span class='ocr_line' id='line_1_38' title="bbox 561 4035 2135 4107; baseline 0.002 -18"><span class='ocrx_word' id='word_1_296' title='bbox 561 4035 876 4091; x_wconf 81' lang='lat' dir='ltr'><strong>conﬂictum</strong></span> <span class='ocrx_word' id='word_1_297' title='bbox 911 4036 1079 4090; x_wconf 82' lang='lat' dir='ltr'><strong>feram</strong></span> <span class='ocrx_word' id='word_1_298' title='bbox 1114 4036 1369 4102; x_wconf 86' lang='lat' dir='ltr'><strong>incitans,</strong></span> <span class='ocrx_word' id='word_1_299' title='bbox 1425 4036 1741 4092; x_wconf 89' lang='lat' dir='ltr'><strong>abscondita</strong></span> <span class='ocrx_word' id='word_1_300' title='bbox 1766 4053 1887 4107; x_wconf 71' lang='lat' dir='ltr'><strong>quae</strong></span> <span class='ocrx_word' id='word_1_301' title='bbox 1944 4054 1973 4092; x_wconf 90' lang='lat' dir='ltr'><strong>a</strong></span> <span class='ocrx_word' id='word_1_302' title='bbox 2004 4055 2135 4094; x_wconf 89' lang='lat' dir='ltr'><strong>cou-</strong></span> 
     </span>
    </p>
   </div>
   <div class='ocr_carea' id='block_1_39' title="bbox 562 4127 2135 4200">
    <p class='ocr_par' dir='ltr' id='par_1_39' title="bbox 562 4127 2135 4200">
     <span class='ocr_line' id='line_1_39' title="bbox 562 4127 2135 4200; baseline 0.003 -19"><span class='ocrx_word' id='word_1_303' title='bbox 562 4143 752 4197; x_wconf 79' lang='lat' dir='ltr'><strong>grcssu</strong></span> <span class='ocrx_word' id='word_1_304' title='bbox 814 4129 1044 4183; x_wconf 83' lang='lat' dir='ltr'><strong>bestiam</strong></span> <span class='ocrx_word' id='word_1_305' title='bbox 1101 4129 1417 4195; x_wconf 83' lang='lat' dir='ltr'><strong>deterreret,</strong></span> <span class='ocrx_word' id='word_1_306' title='bbox 1474 4127 1761 4186; x_wconf 86' lang='lat' dir='ltr'><strong>divinitate</strong></span> <span class='ocrx_word' id='word_1_307' title='bbox 1811 4144 1910 4187; x_wconf 89' lang='lat' dir='ltr'><strong>sua</strong></span> <span class='ocrx_word' id='word_1_308' title='bbox 1966 4130 2135 4200; x_wconf 86' lang='lat' dir='ltr'><strong>(haud</strong></span> 
     </span>
    </p>
   </div>
   <div class='ocr_carea' id='block_1_40' title="bbox 559 4220 2132 4291">
    <p class='ocr_par' dir='ltr' id='par_1_40' title="bbox 559 4220 2132 4291">
     <span class='ocr_line' id='line_1_40' title="bbox 559 4220 2132 4291; baseline -0.001 -16"><span class='ocrx_word' id='word_1_309' title='bbox 559 4221 703 4275; x_wconf 91' lang='lat' dir='ltr'><strong>cnim</strong></span> <span class='ocrx_word' id='word_1_310' title='bbox 744 4220 788 4276; x_wconf 92' lang='lat' dir='ltr'><strong>si</strong></span> <span class='ocrx_word' id='word_1_311' title='bbox 829 4221 1049 4288; x_wconf 84' lang='lat' dir='ltr'><strong>quidem</strong></span> <span class='ocrx_word' id='word_1_312' title='bbox 1082 4220 1452 4291; x_wconf 84' lang='lat' dir='ltr'><strong>cognovisset,</strong></span> <span class='ocrx_word' id='word_1_313' title='bbox 1480 4220 1821 4287; x_wconf 88' lang='lat' dir='ltr'><strong>accessisset)</strong></span> <span class='ocrx_word' id='word_1_314' title='bbox 1862 4221 2132 4274; x_wconf 76' lang='lat' dir='ltr'><strong>infirmam</strong></span> 
     </span>
    </p>
   </div>
   <div class='ocr_carea' id='block_1_41' title="bbox 560 4313 2132 4383">
    <p class='ocr_par' dir='ltr' id='par_1_41' title="bbox 560 4313 2132 4383">
     <span class='ocr_line' id='line_1_41' title="bbox 560 4313 2132 4383; baseline 0.001 -18"><span class='ocrx_word' id='word_1_315' title='bbox 560 4314 799 4368; x_wconf 87' lang='lat' dir='ltr'><strong>ostendit</strong></span> <span class='ocrx_word' id='word_1_316' title='bbox 828 4313 1184 4368; x_wconf 88' lang='lat' dir='ltr'><strong>humanitatis</strong></span> <span class='ocrx_word' id='word_1_317' title='bbox 1212 4325 1484 4377; x_wconf 89' lang='lat' dir='ltr'><strong>naturam,</strong></span> <span class='ocrx_word' id='word_1_318' title='bbox 1520 4330 1615 4383; x_wconf 89' lang='lat' dir='ltr'><strong>per</strong></span> <span class='ocrx_word' id='word_1_319' title='bbox 1638 4328 1800 4383; x_wconf 91' lang='lat' dir='ltr'><strong>quam</strong></span> <span class='ocrx_word' id='word_1_320' title='bbox 1831 4314 1987 4383; x_wconf 90' lang='lat' dir='ltr'><strong>quasi</strong></span> <span class='ocrx_word' id='word_1_321' title='bbox 2008 4329 2132 4367; x_wconf 92' lang='lat' dir='ltr'><strong>cum</strong></span> 
     </span>
    </p>
   </div>
   <div class='ocr_carea' id='block_1_42' title="bbox 562 4402 2131 4472">
    <p class='ocr_par' dir='ltr' id='par_1_42' title="bbox 562 4402 2131 4472">
     <span class='ocr_line' id='line_1_42' title="bbox 562 4402 2131 4472; baseline -0.001 -18"><span class='ocrx_word' id='word_1_322' title='bbox 562 4404 834 4458; x_wconf 81' lang='lat' dir='ltr'><strong>imbecillo</strong></span> <span class='ocrx_word' id='word_1_323' title='bbox 870 4414 921 4457; x_wconf 87' lang='lat' dir='ltr'><strong>et</strong></span> <span class='ocrx_word' id='word_1_324' title='bbox 954 4414 1113 4472; x_wconf 87' lang='lat' dir='ltr'><strong>captu</strong></span> <span class='ocrx_word' id='word_1_325' title='bbox 1156 4402 1303 4456; x_wconf 78' lang='lat' dir='ltr'><strong>[acili</strong></span> <span class='ocrx_word' id='word_1_326' title='bbox 1339 4417 1719 4471; x_wconf 86' lang='lat' dir='ltr'><strong>eongressura,</strong></span> <span class='ocrx_word' id='word_1_327' title='bbox 1769 4402 1825 4455; x_wconf 88' lang='lat' dir='ltr'><strong>in</strong></span> <span class='ocrx_word' id='word_1_328' title='bbox 1877 4402 2131 4470; x_wconf 82' lang='lat' dir='ltr'><strong>laqueum</strong></span> 
     </span>
    </p>
   </div>
   <div class='ocr_carea' id='block_1_43' title="bbox 564 4491 2133 4548">
    <p class='ocr_par' dir='ltr' id='par_1_43' title="bbox 564 4491 2133 4548">
     <span class='ocr_line' id='line_1_43' title="bbox 564 4491 2133 4548; baseline 0 -3"><span class='ocrx_word' id='word_1_329' title='bbox 564 4493 843 4548; x_wconf 82' lang='lat' dir='ltr'><strong>incideret.</strong></span> <span class='ocrx_word' id='word_1_330' title='bbox 903 4493 1007 4547; x_wconf 91' lang='lat' dir='ltr'><strong>Sed</strong></span> <span class='ocrx_word' id='word_1_331' title='bbox 1068 4495 1170 4547; x_wconf 93' lang='lat' dir='ltr'><strong>hoc</strong></span> <span class='ocrx_word' id='word_1_332' title='bbox 1237 4492 1617 4547; x_wconf 88' lang='lat' dir='ltr'><strong>dissimulandi</strong></span> <span class='ocrx_word' id='word_1_333' title='bbox 1687 4493 1927 4547; x_wconf 88' lang='lat' dir='ltr'><strong>studium</strong></span> <span class='ocrx_word' id='word_1_334' title='bbox 1987 4491 2133 4546; x_wconf 90' lang='lat' dir='ltr'><strong>haud</strong></span> 
     </span>
    </p>
   </div>
   <div class='ocr_carea' id='block_1_44' title="bbox 558 4580 2133 4652">
    <p class='ocr_par' dir='ltr' id='par_1_44' title="bbox 558 4580 2133 4652">
     <span class='ocr_line' id='line_1_44' title="bbox 558 4580 2133 4652; baseline -0.003 -15"><span class='ocrx_word' id='word_1_335' title='bbox 558 4582 827 4638; x_wconf 84' lang='lat' dir='ltr'><strong>Joannem</strong></span> <span class='ocrx_word' id='word_1_336' title='bbox 860 4583 1039 4647; x_wconf 86' lang='lat' dir='ltr'><strong>latuit,</strong></span> <span class='ocrx_word' id='word_1_337' title='bbox 1100 4581 1338 4650; x_wconf 89' lang='lat' dir='ltr'><strong>Spiritus</strong></span> <span class='ocrx_word' id='word_1_338' title='bbox 1372 4583 1421 4635; x_wconf 91' lang='lat' dir='ltr'><strong>ei</strong></span> <span class='ocrx_word' id='word_1_339' title='bbox 1462 4581 1635 4652; x_wconf 84' lang='lat' dir='ltr'><strong>gratia</strong></span> <span class='ocrx_word' id='word_1_340' title='bbox 1666 4581 2043 4636; x_wconf 87' lang='lat' dir='ltr'><strong>absconditam</strong></span> <span class='ocrx_word' id='word_1_341' title='bbox 2080 4580 2133 4634; x_wconf 92' lang='lat' dir='ltr'><strong>in</strong></span> 
     </span>
    </p>
   </div>
   <div class='ocr_carea' id='block_1_45' title="bbox 2298 2280 3808 2366">
    <p class='ocr_par' dir='ltr' id='par_1_45' title="bbox 2298 2280 3808 2366">
     <span class='ocr_line' id='line_1_45' title="bbox 2298 2280 3808 2366; baseline 0.005 -21"><span class='ocrx_word' id='word_1_342' title='bbox 2298 2293 2410 2363; x_wconf 80' lang='grc' dir='ltr'><strong>Τὴν</strong></span> <span class='ocrx_word' id='word_1_343' title='bbox 2440 2291 2540 2361; x_wconf 84' lang='grc' dir='ltr'>τῆς</span> <span class='ocrx_word' id='word_1_344' title='bbox 2572 2280 2932 2364; x_wconf 77' lang='grc' dir='ltr'><strong>πανηγύρεως</strong></span> <span class='ocrx_word' id='word_1_345' title='bbox 2960 2293 3141 2365; x_wconf 84' lang='grc' dir='ltr'><strong>χάριν,</strong></span> <span class='ocrx_word' id='word_1_346' title='bbox 3177 2294 3278 2364; x_wconf 81' lang='grc' dir='ltr'>τῆς</span> <span class='ocrx_word' id='word_1_347' title='bbox 3319 2294 3429 2349; x_wconf 79' lang='grc' dir='ltr'>ἀπὸ</span> <span class='ocrx_word' id='word_1_348' title='bbox 3474 2295 3585 2350; x_wconf 84' lang='grc' dir='ltr'><strong>τῶν</strong></span> <span class='ocrx_word' id='word_1_349' title='bbox 3633 2296 3808 2366; x_wconf 85' lang='grc' dir='ltr'>λόγων</span> 
     </span>
    </p>
   </div>
   <div class='ocr_carea' id='block_1_46' title="bbox 2226 2382 3808 2457">
    <p class='ocr_par' dir='ltr' id='par_1_46' title="bbox 2226 2382 3808 2457">
     <span class='ocr_line' id='line_1_46' title="bbox 2226 2382 3808 2457; baseline 0.003 -21"><span class='ocrx_word' id='word_1_350' title='bbox 2226 2383 2337 2453; x_wconf 79' lang='grc' dir='ltr'><strong>δρῶ</strong></span> <span class='ocrx_word' id='word_1_351' title='bbox 2371 2384 2446 2455; x_wconf 83' lang='grc' dir='ltr'>μὴ</span> <span class='ocrx_word' id='word_1_352' title='bbox 2477 2384 2736 2455; x_wconf 84' lang='grc' dir='ltr'><strong>δεομένην</strong></span> <span class='ocrx_word' id='word_1_353' title='bbox 2760 2382 3167 2456; x_wconf 87' lang='grc' dir='ltr'>λαμπρότητος.</span> <span class='ocrx_word' id='word_1_354' title='bbox 3205 2386 3413 2450; x_wconf 78' lang='grc' dir='ltr'>Παντὸς</span> <span class='ocrx_word' id='word_1_355' title='bbox 3437 2388 3548 2457; x_wconf 68' lang='grc' dir='ltr'>γὰρ</span> <span class='ocrx_word' id='word_1_356' title='bbox 3580 2388 3808 2454; x_wconf 79' lang='grc' dir='ltr'><strong>κάλλους</strong></span> 
     </span>
    </p>
   </div>
   <div class='ocr_carea' id='block_1_47' title="bbox 2227 2475 3809 2547">
    <p class='ocr_par' dir='ltr' id='par_1_47' title="bbox 2227 2475 3809 2547">
     <span class='ocr_line' id='line_1_47' title="bbox 2227 2475 3809 2547; baseline 0.004 -19"><span class='ocrx_word' id='word_1_357' title='bbox 2227 2476 2401 2545; x_wconf 89' lang='grc' dir='ltr'>λόγων</span> <span class='ocrx_word' id='word_1_358' title='bbox 2437 2478 2505 2531; x_wconf 87' lang='grc' dir='ltr'><strong>τά</strong></span> <span class='ocrx_word' id='word_1_359' title='bbox 2534 2475 2778 2547; x_wconf 90' lang='grc' dir='ltr'>παρόντα</span> <span class='ocrx_word' id='word_1_360' title='bbox 2806 2477 3032 2541; x_wconf 82' lang='grc' dir='ltr'><strong>καλλίω,</strong></span> <span class='ocrx_word' id='word_1_361' title='bbox 3066 2478 3167 2531; x_wconf 71' lang='grc' dir='ltr'><strong>καὶ</strong></span> <span class='ocrx_word' id='word_1_362' title='bbox 3207 2477 3366 2547; x_wconf 80' lang='grc' dir='ltr'>λόγος</span> <span class='ocrx_word' id='word_1_363' title='bbox 3413 2479 3593 2545; x_wconf 77' lang='grc' dir='ltr'>οὐδεὶς</span> <span class='ocrx_word' id='word_1_364' title='bbox 3638 2481 3809 2547; x_wconf 72' lang='grc' dir='ltr'>οὕτως</span> 
     </span>
    </p>
   </div>
   <div class='ocr_carea' id='block_1_48' title="bbox 2230 2567 3807 2644">
    <p class='ocr_par' dir='ltr' id='par_1_48' title="bbox 2230 2567 3807 2644">
     <span class='ocr_line' id='line_1_48' title="bbox 2230 2567 3807 2644; baseline 0.004 -24"><span class='ocrx_word' id='word_1_365' title='bbox 2230 2569 2453 2638; x_wconf 79' lang='grc' dir='ltr'>ὡραῖος,</span> <span class='ocrx_word' id='word_1_366' title='bbox 2488 2569 2565 2631; x_wconf 84' lang='grc' dir='ltr'>ὡς</span> <span class='ocrx_word' id='word_1_367' title='bbox 2591 2568 2729 2638; x_wconf 79' lang='grc' dir='ltr'>αὑτὴ</span> <span class='ocrx_word' id='word_1_368' title='bbox 2778 2567 2901 2622; x_wconf 80' lang='grc' dir='ltr'>καθ’</span> <span class='ocrx_word' id='word_1_369' title='bbox 2929 2569 3131 2641; x_wconf 80' lang='grc' dir='ltr'>ἑαυτὴν</span> <span class='ocrx_word' id='word_1_370' title='bbox 3165 2572 3198 2642; x_wconf 84' lang='grc' dir='ltr'><strong>ή</strong></span> <span class='ocrx_word' id='word_1_371' title='bbox 3244 2572 3575 2643; x_wconf 87' lang='grc' dir='ltr'>πανήγυρις.</span> <span class='ocrx_word' id='word_1_372' title='bbox 3606 2572 3673 2625; x_wconf 86' lang='grc' dir='ltr'>Τί</span> <span class='ocrx_word' id='word_1_373' title='bbox 3701 2574 3807 2644; x_wconf 73' lang='grc' dir='ltr'><strong>γὰρ</strong></span> 
     </span>
    </p>
   </div>
   <div class='ocr_carea' id='block_1_49' title="bbox 2230 2658 3808 2734">
    <p class='ocr_par' dir='ltr' id='par_1_49' title="bbox 2230 2658 3808 2734">
     <span class='ocr_line' id='line_1_49' title="bbox 2230 2658 3808 2734; baseline 0.003 -22"><span class='ocrx_word' id='word_1_374' title='bbox 2230 2658 2296 2712; x_wconf 83' lang='grc' dir='ltr'>ἂν</span> <span class='ocrx_word' id='word_1_375' title='bbox 2329 2660 2413 2729; x_wconf 77' lang='grc' dir='ltr'>εἴη</span> <span class='ocrx_word' id='word_1_376' title='bbox 2440 2659 2537 2728; x_wconf 86' lang='grc' dir='ltr'>τῆς</span> <span class='ocrx_word' id='word_1_377' title='bbox 2571 2659 2854 2731; x_wconf 83' lang='grc' dir='ltr'><strong>παρούσης</strong></span> <span class='ocrx_word' id='word_1_378' title='bbox 2885 2660 3078 2734; x_wconf 79' lang='grc' dir='ltr'><strong>ἑορτῆς</strong></span> <span class='ocrx_word' id='word_1_379' title='bbox 3108 2660 3474 2734; x_wconf 81' lang='grc' dir='ltr'>ὼραιότερον;</span> <span class='ocrx_word' id='word_1_380' title='bbox 3499 2664 3595 2726; x_wconf 70' lang='lat' dir='ltr'><strong>Ei;</strong></span> <span class='ocrx_word' id='word_1_381' title='bbox 3624 2666 3693 2734; x_wconf 77' lang='grc' dir='ltr'>ἢν</span> <span class='ocrx_word' id='word_1_382' title='bbox 3720 2667 3808 2717; x_wconf 72' lang='grc' dir='ltr'>καὶ</span> 
     </span>
    </p>
   </div>
   <div class='ocr_carea' id='block_1_50' title="bbox 2230 2750 3805 2825">
    <p class='ocr_par' dir='ltr' id='par_1_50' title="bbox 2230 2750 3805 2825">
     <span class='ocr_line' id='line_1_50' title="bbox 2230 2750 3805 2825; baseline 0.006 -24"><span class='ocrx_word' id='word_1_383' title='bbox 2230 2752 2299 2807; x_wconf 71' lang='grc' dir='ltr'>τὰ</span> <span class='ocrx_word' id='word_1_384' title='bbox 2320 2750 2425 2803; x_wconf 86' lang='grc' dir='ltr'>τῶν</span> <span class='ocrx_word' id='word_1_385' title='bbox 2448 2750 2713 2821; x_wconf 81' lang='grc' dir='ltr'>οὐρανῶν,</span> <span class='ocrx_word' id='word_1_386' title='bbox 2732 2751 2825 2805; x_wconf 76' lang='grc' dir='ltr'>καὶ</span> <span class='ocrx_word' id='word_1_387' title='bbox 2845 2750 2916 2803; x_wconf 81' lang='grc' dir='ltr'>τὰ</span> <span class='ocrx_word' id='word_1_388' title='bbox 2938 2753 3037 2821; x_wconf 82' lang='grc' dir='ltr'>τῆς</span> <span class='ocrx_word' id='word_1_389' title='bbox 3057 2753 3161 2820; x_wconf 82' lang='grc' dir='ltr'>γῆς</span> <span class='ocrx_word' id='word_1_390' title='bbox 3191 2752 3510 2823; x_wconf 79' lang='grc' dir='ltr'>ἑορτάζουσι</span> <span class='ocrx_word' id='word_1_391' title='bbox 3530 2754 3805 2825; x_wconf 72' lang='grc' dir='ltr'>βασίλεως</span> 
     </span>
    </p>
   </div>
   <div class='ocr_carea' id='block_1_51' title="bbox 2234 2841 3808 2915">
    <p class='ocr_par' dir='ltr' id='par_1_51' title="bbox 2234 2841 3808 2915">
     <span class='ocr_line' id='line_1_51' title="bbox 2234 2841 3808 2915; baseline 0.003 -21"><span class='ocrx_word' id='word_1_392' title='bbox 2234 2843 2325 2905; x_wconf 75' lang='grc' dir='ltr'><strong>Εἰς</strong></span> <span class='ocrx_word' id='word_1_393' title='bbox 2356 2842 2422 2913; x_wconf 82' lang='grc' dir='ltr'>ἣν</span> <span class='ocrx_word' id='word_1_394' title='bbox 2448 2842 2541 2895; x_wconf 71' lang='grc' dir='ltr'>καὶ</span> <span class='ocrx_word' id='word_1_395' title='bbox 2574 2842 2779 2896; x_wconf 82' lang='grc' dir='ltr'>ἄνωθεν</span> <span class='ocrx_word' id='word_1_396' title='bbox 2808 2841 3076 2912; x_wconf 79' lang='grc' dir='ltr'>βασιλέως</span> <span class='ocrx_word' id='word_1_397' title='bbox 3102 2843 3275 2914; x_wconf 80' lang='grc' dir='ltr'>θυμὸς</span> <span class='ocrx_word' id='word_1_398' title='bbox 3308 2843 3658 2915; x_wconf 80' lang='grc' dir='ltr'><strong>ἐπεδήμησεν</strong></span> <span class='ocrx_word' id='word_1_399' title='bbox 3684 2864 3699 2910; x_wconf 90' lang='grc'>;</span> <span class='ocrx_word' id='word_1_400' title='bbox 3730 2849 3808 2910; x_wconf 74' lang='grc' dir='ltr'><strong>εἰς</strong></span> 
     </span>
    </p>
   </div>
   <div class='ocr_carea' id='block_1_52' title="bbox 2231 2934 3805 3008">
    <p class='ocr_par' dir='ltr' id='par_1_52' title="bbox 2231 2934 3805 3008">
     <span class='ocr_line' id='line_1_52' title="bbox 2231 2934 3805 3008; baseline 0.003 -21"><span class='ocrx_word' id='word_1_401' title='bbox 2231 2936 2297 3007; x_wconf 79' lang='grc' dir='ltr'>ἢν</span> <span class='ocrx_word' id='word_1_402' title='bbox 2324 2934 2420 2988; x_wconf 71' lang='grc' dir='ltr'>καὶ</span> <span class='ocrx_word' id='word_1_403' title='bbox 2446 2934 2554 2989; x_wconf 86' lang='grc' dir='ltr'><strong>τῶν</strong></span> <span class='ocrx_word' id='word_1_404' title='bbox 2576 2935 2838 3004; x_wconf 76' lang='grc' dir='ltr'><strong>ἐπιγείων</strong></span> <span class='ocrx_word' id='word_1_405' title='bbox 2861 2938 2888 2989; x_wconf 84' lang='grc' dir='ltr'>ὁ</span> <span class='ocrx_word' id='word_1_406' title='bbox 2917 2935 3197 3005; x_wconf 83' lang='grc' dir='ltr'>βασιλεὺς,</span> <span class='ocrx_word' id='word_1_407' title='bbox 3224 2936 3286 2990; x_wconf 84' lang='grc' dir='ltr'>τὸ</span> <span class='ocrx_word' id='word_1_408' title='bbox 3307 2936 3546 3008; x_wconf 79' lang='grc' dir='ltr'>διάδημα</span> <span class='ocrx_word' id='word_1_409' title='bbox 3572 2938 3805 3008; x_wconf 74' lang='grc' dir='ltr'>κρύψας,</span> 
     </span>
    </p>
   </div>
   <div class='ocr_carea' id='block_1_53' title="bbox 2233 3026 3809 3099">
    <p class='ocr_par' dir='ltr' id='par_1_53' title="bbox 2233 3026 3809 3099">
     <span class='ocr_line' id='line_1_53' title="bbox 2233 3026 3809 3099; baseline 0.001 -18"><span class='ocrx_word' id='word_1_410' title='bbox 2233 3027 2741 3098; x_wconf 79' lang='grc' dir='ltr'>συναναστρέφεται</span> <span class='ocrx_word' id='word_1_411' title='bbox 2792 3027 3011 3097; x_wconf 84' lang='grc' dir='ltr'>δήμοις,</span> <span class='ocrx_word' id='word_1_412' title='bbox 3040 3027 3136 3080; x_wconf 76' lang='grc' dir='ltr'>καὶ</span> <span class='ocrx_word' id='word_1_413' title='bbox 3178 3029 3208 3081; x_wconf 80' lang='grc' dir='ltr'>ὁ</span> <span class='ocrx_word' id='word_1_414' title='bbox 3233 3027 3343 3082; x_wconf 88' lang='grc' dir='ltr'><strong>τῶν</strong></span> <span class='ocrx_word' id='word_1_415' title='bbox 3375 3026 3513 3082; x_wconf 80' lang='grc' dir='ltr'>ὅλων</span> <span class='ocrx_word' id='word_1_416' title='bbox 3544 3028 3809 3099; x_wconf 80' lang='grc' dir='ltr'><strong>δεσπότης</strong></span> 
     </span>
    </p>
   </div>
   <div class='ocr_carea' id='block_1_54' title="bbox 2232 3118 3810 3193">
    <p class='ocr_par' dir='ltr' id='par_1_54' title="bbox 2232 3118 3810 3193">
     <span class='ocr_line' id='line_1_54' title="bbox 2232 3118 3810 3193; baseline -0.003 -19"><span class='ocrx_word' id='word_1_417' title='bbox 2232 3119 2470 3193; x_wconf 82' lang='grc' dir='ltr'>Χριστὸς</span> <span class='ocrx_word' id='word_1_418' title='bbox 2502 3121 2583 3182; x_wconf 84' lang='grc' dir='ltr'><strong>είς</strong></span> <span class='ocrx_word' id='word_1_419' title='bbox 2617 3118 2789 3190; x_wconf 86' lang='grc' dir='ltr'>θήραν</span> <span class='ocrx_word' id='word_1_420' title='bbox 2818 3118 2912 3171; x_wconf 85' lang='grc' dir='ltr'>τοῦ</span> <span class='ocrx_word' id='word_1_421' title='bbox 2937 3118 3185 3172; x_wconf 81' lang='grc' dir='ltr'>διαϐόλου</span> <span class='ocrx_word' id='word_1_422' title='bbox 3218 3120 3688 3190; x_wconf 79' lang='grc' dir='ltr'>παραγενόμενος,</span> <span class='ocrx_word' id='word_1_423' title='bbox 3716 3120 3810 3172; x_wconf 71' lang='grc' dir='ltr'>καὶ</span> 
     </span>
    </p>
   </div>
   <div class='ocr_carea' id='block_1_55' title="bbox 2233 3211 3812 3283">
    <p class='ocr_par' dir='ltr' id='par_1_55' title="bbox 2233 3211 3812 3283">
     <span class='ocr_line' id='line_1_55' title="bbox 2233 3211 3812 3283; baseline -0.003 -16"><span class='ocrx_word' id='word_1_424' title='bbox 2233 3214 2295 3268; x_wconf 84' lang='grc' dir='ltr'>τὸ</span> <span class='ocrx_word' id='word_1_425' title='bbox 2349 3214 2449 3283; x_wconf 84' lang='grc' dir='ltr'>τῆς</span> <span class='ocrx_word' id='word_1_426' title='bbox 2506 3212 2763 3282; x_wconf 81' lang='grc' dir='ltr'><strong>θεότητος</strong></span> <span class='ocrx_word' id='word_1_427' title='bbox 2813 3212 2871 3265; x_wconf 79' lang='grc' dir='ltr'>ὲν</span> <span class='ocrx_word' id='word_1_428' title='bbox 2921 3211 3240 3283; x_wconf 76' lang='grc' dir='ltr'>ἀνθρωπεία</span> <span class='ocrx_word' id='word_1_429' title='bbox 3297 3214 3480 3282; x_wconf 80' lang='grc' dir='ltr'>μορφῇ</span> <span class='ocrx_word' id='word_1_430' title='bbox 3532 3212 3812 3274; x_wconf 79' lang='grc' dir='ltr'>σκεπάσας</span> 
     </span>
    </p>
   </div>
   <div class='ocr_carea' id='block_1_56' title="bbox 2234 3302 3811 3377">
    <p class='ocr_par' dir='ltr' id='par_1_56' title="bbox 2234 3302 3811 3377">
     <span class='ocr_line' id='line_1_56' title="bbox 2234 3302 3811 3377; baseline -0.002 -18"><span class='ocrx_word' id='word_1_431' title='bbox 2234 3306 2471 3377; x_wconf 79' lang='grc' dir='ltr'>ἀξίωμα,</span> <span class='ocrx_word' id='word_1_432' title='bbox 2494 3308 2608 3369; x_wconf 81' lang='grc' dir='ltr'>τοῖς</span> <span class='ocrx_word' id='word_1_433' title='bbox 2635 3304 2745 3359; x_wconf 85' lang='grc' dir='ltr'><strong>τῶν</strong></span> <span class='ocrx_word' id='word_1_434' title='bbox 2780 3304 3052 3358; x_wconf 81' lang='grc' dir='ltr'>Ἰουδαίων</span> <span class='ocrx_word' id='word_1_435' title='bbox 3076 3304 3456 3367; x_wconf 78' lang='grc' dir='ltr'>συναυλξζεται</span> <span class='ocrx_word' id='word_1_436' title='bbox 3481 3302 3696 3374; x_wconf 80' lang='grc' dir='ltr'>δήμοις,</span> <span class='ocrx_word' id='word_1_437' title='bbox 3722 3303 3811 3356; x_wconf 71' lang='grc' dir='ltr'>καὶ</span> 
     </span>
    </p>
   </div>
   <div class='ocr_carea' id='block_1_57' title="bbox 2237 3392 3811 3469">
    <p class='ocr_par' dir='ltr' id='par_1_57' title="bbox 2237 3392 3811 3469">
     <span class='ocr_line' id='line_1_57' title="bbox 2237 3392 3811 3469; baseline -0.003 -19"><span class='ocrx_word' id='word_1_438' title='bbox 2237 3397 2338 3469; x_wconf 85' lang='grc' dir='ltr'>τὴν</span> <span class='ocrx_word' id='word_1_439' title='bbox 2366 3396 2460 3450; x_wconf 83' lang='grc' dir='ltr'>τοῦ</span> <span class='ocrx_word' id='word_1_440' title='bbox 2495 3395 2869 3467; x_wconf 84' lang='grc' dir='ltr'>βαπτίσματος</span> <span class='ocrx_word' id='word_1_441' title='bbox 2898 3394 3253 3465; x_wconf 78' lang='grc' dir='ltr'>ὑποκρίνεται</span> <span class='ocrx_word' id='word_1_442' title='bbox 3302 3392 3517 3463; x_wconf 85' lang='grc' dir='ltr'>χρείαν,</span> <span class='ocrx_word' id='word_1_443' title='bbox 3549 3392 3715 3456; x_wconf 78' lang='grc' dir='ltr'>αὐτὸς</span> <span class='ocrx_word' id='word_1_444' title='bbox 3740 3392 3811 3445; x_wconf 82' lang='grc' dir='ltr'>ὣν</span> 
     </span>
    </p>
   </div>
   <div class='ocr_carea' id='block_1_58' title="bbox 2238 3483 3812 3559">
    <p class='ocr_par' dir='ltr' id='par_1_58' title="bbox 2238 3483 3812 3559">
     <span class='ocr_line' id='line_1_58' title="bbox 2238 3483 3812 3559; baseline -0.004 -16"><span class='ocrx_word' id='word_1_445' title='bbox 2238 3488 2333 3544; x_wconf 79' lang='grc' dir='ltr'><strong>τοῦ</strong></span> <span class='ocrx_word' id='word_1_446' title='bbox 2388 3487 2744 3559; x_wconf 81' lang='grc' dir='ltr'>βαπτίζοντος</span> <span class='ocrx_word' id='word_1_447' title='bbox 2794 3486 3114 3557; x_wconf 81' lang='grc' dir='ltr'>βάπτισμα·</span> <span class='ocrx_word' id='word_1_448' title='bbox 3161 3484 3257 3539; x_wconf 78' lang='grc' dir='ltr'>καὶ</span> <span class='ocrx_word' id='word_1_449' title='bbox 3297 3485 3530 3554; x_wconf 88' lang='grc' dir='ltr'>γίνεται,</span> <span class='ocrx_word' id='word_1_450' title='bbox 3571 3484 3718 3538; x_wconf 71' lang='grc' dir='ltr'>κατὰ</span> <span class='ocrx_word' id='word_1_451' title='bbox 3756 3483 3812 3537; x_wconf 82' lang='grc' dir='ltr'><strong>τδ</strong></span> 
     </span>
    </p>
   </div>
   <div class='ocr_carea' id='block_1_59' title="bbox 2241 3569 3812 3651">
    <p class='ocr_par' dir='ltr' id='par_1_59' title="bbox 2241 3569 3812 3651">
     <span class='ocr_line' id='line_1_59' title="bbox 2241 3569 3812 3651; baseline -0.003 -16"><span class='ocrx_word' id='word_1_452' title='bbox 2241 3580 2589 3651; x_wconf 81' lang='grc' dir='ltr'>φαινόμενον,</span> <span class='ocrx_word' id='word_1_453' title='bbox 2626 3579 2735 3634; x_wconf 82' lang='grc' dir='ltr'><strong>τῶν</strong></span> <span class='ocrx_word' id='word_1_454' title='bbox 2762 3576 3066 3648; x_wconf 81' lang='grc' dir='ltr'>ἀνθρώπων</span> <span class='ocrx_word' id='word_1_455' title='bbox 3096 3569 3195 3640; x_wconf 74' lang='grc' dir='ltr'>εἷς.</span> <span class='ocrx_word' id='word_1_456' title='bbox 3224 3577 3335 3631; x_wconf 72' lang='grc' dir='ltr'>Καὶ</span> <span class='ocrx_word' id='word_1_457' title='bbox 3362 3577 3474 3648; x_wconf 86' lang='grc' dir='ltr'><strong>γὰρ</strong></span> <span class='ocrx_word' id='word_1_458' title='bbox 3508 3574 3812 3647; x_wconf 80' lang='grc' dir='ltr'>βασιλεῦσιν</span> 
     </span>
    </p>
   </div>
   <div class='ocr_carea' id='block_1_60' title="bbox 2241 3667 3812 3744">
    <p class='ocr_par' dir='ltr' id='par_1_60' title="bbox 2241 3667 3812 3744">
     <span class='ocr_line' id='line_1_60' title="bbox 2241 3667 3812 3744; baseline -0.006 -17"><span class='ocrx_word' id='word_1_459' title='bbox 2241 3674 2524 3744; x_wconf 79' lang='grc' dir='ltr'>ἑπόμενος,</span> <span class='ocrx_word' id='word_1_460' title='bbox 2550 3672 2716 3743; x_wconf 87' lang='grc' dir='ltr'>ήνίκα</span> <span class='ocrx_word' id='word_1_461' title='bbox 2750 3669 2816 3724; x_wconf 84' lang='grc' dir='ltr'>ἂν</span> <span class='ocrx_word' id='word_1_462' title='bbox 2845 3671 2925 3734; x_wconf 85' lang='grc' dir='ltr'><strong>είς</strong></span> <span class='ocrx_word' id='word_1_463' title='bbox 2956 3668 3134 3741; x_wconf 89' lang='grc' dir='ltr'>θήραν</span> <span class='ocrx_word' id='word_1_464' title='bbox 3158 3667 3413 3734; x_wconf 83' lang='grc' dir='ltr'>ἀπίωσιν,</span> <span class='ocrx_word' id='word_1_465' title='bbox 3448 3668 3570 3722; x_wconf 75' lang='grc' dir='ltr'>ἀντὶ</span> <span class='ocrx_word' id='word_1_466' title='bbox 3596 3668 3696 3738; x_wconf 80' lang='grc' dir='ltr'>τῆς</span> <span class='ocrx_word' id='word_1_467' title='bbox 3722 3667 3812 3736; x_wconf 65' lang='grc' dir='ltr'><strong>βαι</strong></span> 
     </span>
    </p>
   </div>
   <div class='ocr_carea' id='block_1_61' title="bbox 2242 3758 3811 3836">
    <p class='ocr_par' dir='ltr' id='par_1_61' title="bbox 2242 3758 3811 3836">
     <span class='ocr_line' id='line_1_61' title="bbox 2242 3758 3811 3836; baseline -0.006 -17"><span class='ocrx_word' id='word_1_468' title='bbox 2242 3765 2454 3836; x_wconf 81' lang='grc' dir='ltr'>σιλικῆς</span> <span class='ocrx_word' id='word_1_469' title='bbox 2504 3762 2664 3830; x_wconf 76' lang='grc' dir='ltr'>ἀξίας</span> <span class='ocrx_word' id='word_1_470' title='bbox 2721 3761 3115 3832; x_wconf 80' lang='grc' dir='ltr'>στρατιωτικὸν</span> <span class='ocrx_word' id='word_1_471' title='bbox 3164 3759 3542 3833; x_wconf 83' lang='grc' dir='ltr'>περιτίθεσθαι</span> <span class='ocrx_word' id='word_1_472' title='bbox 3613 3758 3811 3829; x_wconf 81' lang='grc' dir='ltr'>σχῆμα.</span> 
     </span>
    </p>
   </div>
   <div class='ocr_carea' id='block_1_62' title="bbox 2240 3850 3814 3925">
    <p class='ocr_par' dir='ltr' id='par_1_62' title="bbox 2240 3850 3814 3925">
     <span class='ocr_line' id='line_1_62' title="bbox 2240 3850 3814 3925; baseline -0.007 -13"><span class='ocrx_word' id='word_1_473' title='bbox 2240 3856 2396 3912; x_wconf 73' lang='grc' dir='ltr'>Οὕτω</span> <span class='ocrx_word' id='word_1_474' title='bbox 2424 3855 2521 3909; x_wconf 70' lang='grc' dir='ltr'>καὶ</span> <span class='ocrx_word' id='word_1_475' title='bbox 2556 3856 2584 3908; x_wconf 84' lang='grc' dir='ltr'><strong>ό</strong></span> <span class='ocrx_word' id='word_1_476' title='bbox 2616 3853 2724 3907; x_wconf 86' lang='grc' dir='ltr'><strong>τῶν</strong></span> <span class='ocrx_word' id='word_1_477' title='bbox 2755 3853 2892 3906; x_wconf 85' lang='grc' dir='ltr'>ὅλων</span> <span class='ocrx_word' id='word_1_478' title='bbox 2924 3852 3180 3923; x_wconf 73' lang='grc' dir='ltr'>βασιλεὺς</span> <span class='ocrx_word' id='word_1_479' title='bbox 3226 3851 3481 3925; x_wconf 79' lang='grc' dir='ltr'>Χριστὸς,</span> <span class='ocrx_word' id='word_1_480' title='bbox 3525 3852 3608 3914; x_wconf 81' lang='grc' dir='ltr'><strong>εἰς</strong></span> <span class='ocrx_word' id='word_1_481' title='bbox 3645 3850 3814 3922; x_wconf 79' lang='grc' dir='ltr'>θήραν</span> 
     </span>
    </p>
   </div>
   <div class='ocr_carea' id='block_1_63' title="bbox 2239 3943 3813 4017">
    <p class='ocr_par' dir='ltr' id='par_1_63' title="bbox 2239 3943 3813 4017">
     <span class='ocr_line' id='line_1_63' title="bbox 2239 3943 3813 4017; baseline -0.005 -14"><span class='ocrx_word' id='word_1_482' title='bbox 2239 3950 2331 4003; x_wconf 76' lang='grc' dir='ltr'><strong>τοῦ</strong></span> <span class='ocrx_word' id='word_1_483' title='bbox 2381 3948 2629 4002; x_wconf 79' lang='grc' dir='ltr'>διαϐόλου</span> <span class='ocrx_word' id='word_1_484' title='bbox 2684 3947 3149 4017; x_wconf 84' lang='grc' dir='ltr'>παραγενόμενος,</span> <span class='ocrx_word' id='word_1_485' title='bbox 3199 3946 3295 4000; x_wconf 80' lang='grc' dir='ltr'>καὶ</span> <span class='ocrx_word' id='word_1_486' title='bbox 3328 3946 3388 3999; x_wconf 83' lang='grc' dir='ltr'>τὸ</span> <span class='ocrx_word' id='word_1_487' title='bbox 3442 3944 3634 4016; x_wconf 86' lang='grc' dir='ltr'>θηρίον</span> <span class='ocrx_word' id='word_1_488' title='bbox 3682 3943 3813 4016; x_wconf 69' lang='grc' dir='ltr'>πρὸς</span> 
     </span>
    </p>
   </div>
   <div class='ocr_carea' id='block_1_64' title="bbox 2242 4035 3813 4112">
    <p class='ocr_par' dir='ltr' id='par_1_64' title="bbox 2242 4035 3813 4112">
     <span class='ocr_line' id='line_1_64' title="bbox 2242 4035 3813 4112; baseline -0.004 -17"><span class='ocrx_word' id='word_1_489' title='bbox 2242 4042 2521 4112; x_wconf 73' lang='grc' dir='ltr'>συμϐολήν</span> <span class='ocrx_word' id='word_1_490' title='bbox 2551 4039 2835 4112; x_wconf 74' lang='grc' dir='ltr'>ἐρεθίζων,</span> <span class='ocrx_word' id='word_1_491' title='bbox 2858 4039 3077 4110; x_wconf 71' lang='grc' dir='ltr'>κρύψας</span> <span class='ocrx_word' id='word_1_492' title='bbox 3098 4037 3197 4110; x_wconf 78' lang='grc' dir='ltr'><strong>τήν</strong></span> <span class='ocrx_word' id='word_1_493' title='bbox 3224 4037 3519 4108; x_wconf 86' lang='grc' dir='ltr'>ἀπρόσιτον</span> <span class='ocrx_word' id='word_1_494' title='bbox 3540 4036 3621 4107; x_wconf 81' lang='grc' dir='ltr'>τῷ</span> <span class='ocrx_word' id='word_1_495' title='bbox 3643 4035 3813 4106; x_wconf 78' lang='grc' dir='ltr'>θηρίῳ</span> 
     </span>
    </p>
   </div>
   <div class='ocr_carea' id='block_1_65' title="bbox 2241 4126 3814 4203">
    <p class='ocr_par' dir='ltr' id='par_1_65' title="bbox 2241 4126 3814 4203">
     <span class='ocr_line' id='line_1_65' title="bbox 2241 4126 3814 4203; baseline -0.006 -17"><span class='ocrx_word' id='word_1_496' title='bbox 2241 4133 2471 4203; x_wconf 83' lang='grc' dir='ltr'>θεότητα</span> <span class='ocrx_word' id='word_1_497' title='bbox 2503 4131 2584 4203; x_wconf 87' lang='grc' dir='ltr'><strong>(ού</strong></span> <span class='ocrx_word' id='word_1_498' title='bbox 2612 4130 2721 4203; x_wconf 82' lang='grc' dir='ltr'><strong>γὰρ</strong></span> <span class='ocrx_word' id='word_1_499' title='bbox 2760 4130 2827 4184; x_wconf 84' lang='grc' dir='ltr'>ἂν</span> <span class='ocrx_word' id='word_1_500' title='bbox 2862 4131 3022 4201; x_wconf 68' lang='grc' dir='ltr'>εἴπερ</span> <span class='ocrx_word' id='word_1_501' title='bbox 3050 4129 3212 4199; x_wconf 80' lang='grc' dir='ltr'>ἔγνω,</span> <span class='ocrx_word' id='word_1_502' title='bbox 3239 4127 3562 4201; x_wconf 82' lang='grc' dir='ltr'>προσῆλθε),</span> <span class='ocrx_word' id='word_1_503' title='bbox 3598 4126 3695 4197; x_wconf 81' lang='grc' dir='ltr'>τὴν</span> <span class='ocrx_word' id='word_1_504' title='bbox 3727 4127 3814 4178; x_wconf 69' lang='lat' dir='ltr'><strong>sb-</strong></span> 
     </span>
    </p>
   </div>
   <div class='ocr_carea' id='block_1_66' title="bbox 2240 4216 3813 4296">
    <p class='ocr_par' dir='ltr' id='par_1_66' title="bbox 2240 4216 3813 4296">
     <span class='ocr_line' id='line_1_66' title="bbox 2240 4216 3813 4296; baseline -0.006 -18"><span class='ocrx_word' id='word_1_505' title='bbox 2240 4226 2499 4296; x_wconf 83' lang='grc' dir='ltr'>χείρωτον</span> <span class='ocrx_word' id='word_1_506' title='bbox 2537 4223 2778 4281; x_wconf 84' lang='grc' dir='ltr'>δείκνυσι</span> <span class='ocrx_word' id='word_1_507' title='bbox 2817 4224 2917 4293; x_wconf 84' lang='grc' dir='ltr'>τῆς</span> <span class='ocrx_word' id='word_1_508' title='bbox 2955 4221 3375 4293; x_wconf 86' lang='grc' dir='ltr'>ἀνθρωπὸτητος</span> <span class='ocrx_word' id='word_1_509' title='bbox 3419 4219 3604 4289; x_wconf 83' lang='grc' dir='ltr'>φύσιν,</span> <span class='ocrx_word' id='word_1_510' title='bbox 3643 4218 3712 4271; x_wconf 79' lang='grc' dir='ltr'><strong>ἶν’</strong></span> <span class='ocrx_word' id='word_1_511' title='bbox 3740 4216 3813 4281; x_wconf 84' lang='grc' dir='ltr'><strong>ὡς</strong></span> 
     </span>
    </p>
   </div>
   <div class='ocr_carea' id='block_1_67' title="bbox 2240 4308 3813 4389">
    <p class='ocr_par' dir='ltr' id='par_1_67' title="bbox 2240 4308 3813 4389">
     <span class='ocr_line' id='line_1_67' title="bbox 2240 4308 3813 4389; baseline 0.017 -23"><span class='ocrx_word' id='word_1_512' title='bbox 2240 4315 2493 4385; x_wconf 78' lang='grc' dir='ltr'>εὐλήπτῳ</span> <span class='ocrx_word' id='word_1_513' title='bbox 2526 4312 2839 4385; x_wconf 84' lang='grc' dir='ltr'>προσελθὼν</span> <span class='ocrx_word' id='word_1_514' title='bbox 2862 4312 3139 4389; x_wconf 71' lang='grc' dir='ltr'>περιπέσῃ</span> <span class='ocrx_word' id='word_1_515' title='bbox 3162 4315 3227 4383; x_wconf 73' lang='grc' dir='ltr'><strong>τῇ</strong></span> <span class='ocrx_word' id='word_1_516' title='bbox 3254 4313 3415 4383; x_wconf 54' lang='lat' dir='ltr'><strong>Ml??-</strong></span> <span class='ocrx_word' id='word_1_517' title='bbox 3470 4310 3615 4365; x_wconf 67' lang='grc' dir='ltr'>Ἀλλ’</span> <span class='ocrx_word' id='word_1_518' title='bbox 3642 4310 3675 4380; x_wconf 66' lang='grc' dir='ltr'>ἡ</span> <span class='ocrx_word' id='word_1_519' title='bbox 3716 4308 3813 4375; x_wconf 58' lang='grc' dir='ltr'><strong>τῆς</strong></span> 
     </span>
    </p>
   </div>
   <div class='ocr_carea' id='block_1_68' title="bbox 2240 4403 3813 4478">
    <p class='ocr_par' dir='ltr' id='par_1_68' title="bbox 2240 4403 3813 4478">
     <span class='ocr_line' id='line_1_68' title="bbox 2240 4403 3813 4478; baseline -0.002 -19"><span class='ocrx_word' id='word_1_520' title='bbox 2240 4406 2658 4478; x_wconf 84' lang='grc' dir='ltr'>προσποιήσεως</span> <span class='ocrx_word' id='word_1_521' title='bbox 2701 4405 2792 4457; x_wconf 79' lang='grc' dir='ltr'>τὸν</span> <span class='ocrx_word' id='word_1_522' title='bbox 2832 4405 3087 4476; x_wconf 83' lang='grc' dir='ltr'>Ἰωάννην</span> <span class='ocrx_word' id='word_1_523' title='bbox 3130 4406 3191 4458; x_wconf 80' lang='grc' dir='ltr'><strong>ού</strong></span> <span class='ocrx_word' id='word_1_524' title='bbox 3227 4403 3442 4458; x_wconf 80' lang='grc' dir='ltr'>διέλαθε</span> <span class='ocrx_word' id='word_1_525' title='bbox 3491 4404 3676 4473; x_wconf 76' lang='grc' dir='ltr'>τέχνη,</span> <span class='ocrx_word' id='word_1_526' title='bbox 3720 4404 3813 4471; x_wconf 73' lang='grc' dir='ltr'>τῆς</span> 
     </span>
    </p>
   </div>
   <div class='ocr_carea' id='block_1_69' title="bbox 2239 4495 3811 4568">
    <p class='ocr_par' dir='ltr' id='par_1_69' title="bbox 2239 4495 3811 4568">
     <span class='ocr_line' id='line_1_69' title="bbox 2239 4495 3811 4568; baseline 0.001 -17"><span class='ocrx_word' id='word_1_527' title='bbox 2239 4498 2333 4555; x_wconf 81' lang='grc' dir='ltr'><strong>τοῦ</strong></span> <span class='ocrx_word' id='word_1_528' title='bbox 2358 4497 2496 4557; x_wconf 83' lang='grc' dir='ltr'>Πνεύ</span> <span class='ocrx_word' id='word_1_529' title='bbox 2506 4513 2671 4567; x_wconf 85' lang='grc' dir='ltr'>ματος</span> <span class='ocrx_word' id='word_1_530' title='bbox 2698 4495 2922 4567; x_wconf 78' lang='grc' dir='ltr'>χάριτος</span> <span class='ocrx_word' id='word_1_531' title='bbox 2946 4496 3096 4567; x_wconf 81' lang='grc' dir='ltr'>αὐτῷ</span> <span class='ocrx_word' id='word_1_532' title='bbox 3119 4496 3218 4568; x_wconf 79' lang='grc' dir='ltr'>τὴν</span> <span class='ocrx_word' id='word_1_533' title='bbox 3252 4496 3648 4567; x_wconf 79' lang='grc' dir='ltr'>κεκρυμμένην</span> <span class='ocrx_word' id='word_1_534' title='bbox 3670 4496 3730 4548; x_wconf 81' lang='grc' dir='ltr'>ὲν</span> <span class='ocrx_word' id='word_1_535' title='bbox 3748 4496 3811 4563; x_wconf 72' lang='grc' dir='ltr'>τῇ</span> 
     </span>
    </p>
   </div>
   <div class='ocr_carea' id='block_1_70' title="bbox 2242 4584 3814 4661">
    <p class='ocr_par' dir='ltr' id='par_1_70' title="bbox 2242 4584 3814 4661">
     <span class='ocr_line' id='line_1_70' title="bbox 2242 4584 3814 4661; baseline -0.003 -17"><span class='ocrx_word' id='word_1_536' title='bbox 2242 4590 2407 4661; x_wconf 74' lang='grc' dir='ltr'>σαρκὶ</span> <span class='ocrx_word' id='word_1_537' title='bbox 2438 4589 2691 4659; x_wconf 77' lang='grc' dir='ltr'>δειξάσης</span> <span class='ocrx_word' id='word_1_538' title='bbox 2723 4589 2973 4644; x_wconf 72' lang='grc' dir='ltr'>θεότητα.</span> <span class='ocrx_word' id='word_1_539' title='bbox 3006 4591 3148 4661; x_wconf 86' lang='grc' dir='ltr'>Ὅρα</span> <span class='ocrx_word' id='word_1_540' title='bbox 3189 4588 3321 4659; x_wconf 81' lang='grc' dir='ltr'>γοῦν</span> <span class='ocrx_word' id='word_1_541' title='bbox 3369 4584 3458 4643; x_wconf 75' lang='grc' dir='ltr'><strong>οἷα</strong></span> <span class='ocrx_word' id='word_1_542' title='bbox 3489 4590 3629 4661; x_wconf 73' lang='grc' dir='ltr'>πρὸς</span> <span class='ocrx_word' id='word_1_543' title='bbox 3656 4589 3814 4644; x_wconf 71' lang='grc' dir='ltr'>αὑτὸν</span> 
     </span>
    </p>
   </div>
   <div class='ocr_carea' id='block_1_71' title="bbox 560 4673 2135 4751">
    <p class='ocr_par' dir='ltr' id='par_1_71' title="bbox 560 4673 2135 4745">
     <span class='ocr_line' id='line_1_71' title="bbox 560 4673 2135 4745; baseline -0.001 -15"><span class='ocrx_word' id='word_1_544' title='bbox 560 4691 729 4731; x_wconf 89' lang='lat' dir='ltr'><strong>carne</strong></span> <span class='ocrx_word' id='word_1_545' title='bbox 759 4676 1092 4729; x_wconf 83' lang='lat' dir='ltr'><strong>divinitatem</strong></span> <span class='ocrx_word' id='word_1_546' title='bbox 1130 4681 1487 4728; x_wconf 82' lang='lat' dir='ltr'><strong>monstrante.</strong></span> <span class='ocrx_word' id='word_1_547' title='bbox 1528 4673 1662 4729; x_wconf 80' lang='lat' dir='ltr'><strong>Vide</strong></span> <span class='ocrx_word' id='word_1_548' title='bbox 1714 4675 1880 4743; x_wconf 76' lang='lat' dir='ltr'><strong>igitur</strong></span> <span class='ocrx_word' id='word_1_549' title='bbox 1902 4676 2135 4745; x_wconf 85' lang='lat' dir='ltr'><strong>qualiter</strong></span> 
     </span>
    </p>
   </div>
   <div class='ocr_carea' id='block_1_72' title="bbox 2237 4673 3811 4751">
    <p class='ocr_par' dir='ltr' id='par_1_72' title="bbox 2240 4677 3811 4750">
     <span class='ocr_line' id='line_1_72' title="bbox 2240 4677 3811 4750; baseline -0.001 -18"><span class='ocrx_word' id='word_1_550' title='bbox 2240 4678 2468 4749; x_wconf 76' lang='grc' dir='ltr'>ἀναόοᾷ’</span> <span class='ocrx_word' id='word_1_551' title='bbox 2504 4696 2523 4730; x_wconf 78' lang='grc' dir='ltr'><strong>ι</strong></span> <span class='ocrx_word' id='word_1_552' title='bbox 2567 4678 2708 4747; x_wconf 82' lang='grc' dir='ltr'><strong>Ἐγὼ</strong></span> <span class='ocrx_word' id='word_1_553' title='bbox 2755 4677 2947 4749; x_wconf 82' lang='grc' dir='ltr'>χρείαν</span> <span class='ocrx_word' id='word_1_554' title='bbox 2994 4677 3104 4749; x_wconf 79' lang='grc' dir='ltr'>ἔχω</span> <span class='ocrx_word' id='word_1_555' title='bbox 3152 4680 3259 4732; x_wconf 80' lang='grc' dir='ltr'><strong>ὑπὸ</strong></span> <span class='ocrx_word' id='word_1_556' title='bbox 3300 4678 3392 4732; x_wconf 82' lang='grc' dir='ltr'>σοῦ</span> <span class='ocrx_word' id='word_1_557' title='bbox 3428 4679 3811 4750; x_wconf 78' lang='grc' dir='ltr'>βαπτισθῆναι,</span> 
     </span>
    </p>
   </div>
   <div class='ocr_carea' id='block_1_73' title="bbox 528 4764 2131 4835">
    <p class='ocr_par' dir='ltr' id='par_1_73' title="bbox 528 4764 2131 4835">
     <span class='ocr_line' id='line_1_73' title="bbox 528 4764 2131 4835; baseline -0.002 -14"><span class='ocrx_word' id='word_1_558' title='bbox 528 4806 529 4809; x_wconf 60' lang='grc' dir='ltr'><strong>η</strong></span> <span class='ocrx_word' id='word_1_559' title='bbox 564 4768 779 4821; x_wconf 90' lang='lat' dir='ltr'><strong>adeum</strong></span> <span class='ocrx_word' id='word_1_560' title='bbox 812 4767 1115 4819; x_wconf 76' lang='lat' dir='ltr'><strong>exclamet:</strong></span> <span class='ocrx_word' id='word_1_561' title='bbox 1184 4783 1201 4816; x_wconf 82' lang='grc' dir='ltr'><strong>ι</strong></span> <span class='ocrx_word' id='word_1_562' title='bbox 1228 4764 1377 4830; x_wconf 79' lang='lat' dir='ltr'><strong>Mihi,</strong></span> <span class='ocrx_word' id='word_1_563' title='bbox 1420 4764 1620 4835; x_wconf 88' lang='lat' dir='ltr'><strong>inquit,</strong></span> <span class='ocrx_word' id='word_1_564' title='bbox 1686 4781 1825 4835; x_wconf 90' lang='lat' dir='ltr'><strong>opus</strong></span> <span class='ocrx_word' id='word_1_565' title='bbox 1870 4776 1953 4820; x_wconf 83' lang='lat' dir='ltr'><strong>est</strong></span> <span class='ocrx_word' id='word_1_566' title='bbox 2010 4773 2131 4819; x_wconf 89' lang='lat' dir='ltr'><strong>uta</strong></span> 
     </span>
    </p>
   </div>
   <div class='ocr_carea' id='block_1_74' title="bbox 562 4853 2132 4925">
    <p class='ocr_par' dir='ltr' id='par_1_74' title="bbox 562 4853 2132 4925">
     <span class='ocr_line' id='line_1_74' title="bbox 562 4853 2132 4925; baseline -0.003 -14"><span class='ocrx_word' id='word_1_567' title='bbox 562 4865 613 4911; x_wconf 89' lang='lat' dir='ltr'><strong>te</strong></span> <span class='ocrx_word' id='word_1_568' title='bbox 671 4855 932 4925; x_wconf 86' lang='lat' dir='ltr'><strong>baptizer,</strong></span> <span class='ocrx_word' id='word_1_569' title='bbox 976 4863 1032 4909; x_wconf 87' lang='lat' dir='ltr'><strong>et</strong></span> <span class='ocrx_word' id='word_1_570' title='bbox 1078 4864 1134 4909; x_wconf 89' lang='lat' dir='ltr'><strong>tu</strong></span> <span class='ocrx_word' id='word_1_571' title='bbox 1192 4854 1345 4909; x_wconf 88' lang='lat' dir='ltr'><strong>venis</strong></span> <span class='ocrx_word' id='word_1_572' title='bbox 1374 4853 1443 4908; x_wconf 90' lang='lat' dir='ltr'><strong>ad</strong></span> <span class='ocrx_word' id='word_1_573' title='bbox 1493 4870 1580 4910; x_wconf 86' lang='lat' dir='ltr'><strong>me</strong></span> <span class='ocrx_word' id='word_1_574' title='bbox 1620 4854 1680 4908; x_wconf 73' lang='lat'><strong>‘?</strong></span> <span class='ocrx_word' id='word_1_575' title='bbox 1708 4872 1727 4906; x_wconf 67' lang='grc' dir='ltr'><strong>ι</strong></span> <span class='ocrx_word' id='word_1_576' title='bbox 1764 4853 1902 4918; x_wconf 87' lang='lat' dir='ltr'><strong>Etsi,</strong></span> <span class='ocrx_word' id='word_1_577' title='bbox 1935 4854 2132 4924; x_wconf 88' lang='lat' dir='ltr'><strong>inquit,</strong></span> 
     </span>
    </p>
   </div>
   <div class='ocr_carea' id='block_1_75' title="bbox 564 4946 2132 5017">
    <p class='ocr_par' dir='ltr' id='par_1_75' title="bbox 564 4946 2132 5017">
     <span class='ocr_line' id='line_1_75' title="bbox 564 4946 2132 5017; baseline -0.002 -14"><span class='ocrx_word' id='word_1_578' title='bbox 564 4953 661 5003; x_wconf 84' lang='lat' dir='ltr'><strong>hos</strong></span> <span class='ocrx_word' id='word_1_579' title='bbox 712 4949 904 5012; x_wconf 88' lang='lat' dir='ltr'><strong>lateas,</strong></span> <span class='ocrx_word' id='word_1_580' title='bbox 971 4946 1102 5000; x_wconf 89' lang='lat' dir='ltr'><strong>mihi</strong></span> <span class='ocrx_word' id='word_1_581' title='bbox 1138 4957 1319 5001; x_wconf 87' lang='lat' dir='ltr'><strong>tamen</strong></span> <span class='ocrx_word' id='word_1_582' title='bbox 1358 4946 1547 5002; x_wconf 77' lang='lat' dir='ltr'><strong>iactus</strong></span> <span class='ocrx_word' id='word_1_583' title='bbox 1573 4961 1632 5002; x_wconf 92' lang='lat' dir='ltr'><strong>es</strong></span> <span class='ocrx_word' id='word_1_584' title='bbox 1668 4946 1945 5017; x_wconf 86' lang='lat' dir='ltr'><strong>cognitus,</strong></span> <span class='ocrx_word' id='word_1_585' title='bbox 2010 4947 2132 5001; x_wconf 91' lang='lat' dir='ltr'><strong>novi</strong></span> 
     </span>
    </p>
   </div>
   <div class='ocr_carea' id='block_1_76' title="bbox 562 5039 2138 5110">
    <p class='ocr_par' dir='ltr' id='par_1_76' title="bbox 562 5039 2138 5110">
     <span class='ocr_line' id='line_1_76' title="bbox 562 5039 2138 5110; baseline -0.002 -13"><span class='ocrx_word' id='word_1_586' title='bbox 562 5054 733 5106; x_wconf 89' lang='lat' dir='ltr'><strong>tuam,</strong></span> <span class='ocrx_word' id='word_1_587' title='bbox 774 5058 809 5097; x_wconf 84' lang='grc' dir='ltr'><strong>ο</strong></span> <span class='ocrx_word' id='word_1_588' title='bbox 848 5041 1098 5105; x_wconf 87' lang='lat' dir='ltr'><strong>Domine,</strong></span> <span class='ocrx_word' id='word_1_589' title='bbox 1147 5042 1679 5097; x_wconf 87' lang='lat' dir='ltr'><strong>dissimulationem:</strong></span> <span class='ocrx_word' id='word_1_590' title='bbox 1716 5055 1990 5108; x_wconf 84' lang='lat' dir='ltr'><strong>cognosco</strong></span> <span class='ocrx_word' id='word_1_591' title='bbox 2044 5039 2138 5110; x_wconf 90' lang='lat' dir='ltr'><strong>qui</strong></span> 
     </span>
    </p>
   </div>
   <div class='ocr_carea' id='block_1_77' title="bbox 564 5133 2137 5205">
    <p class='ocr_par' dir='ltr' id='par_1_77' title="bbox 564 5133 2137 5205">
     <span class='ocr_line' id='line_1_77' title="bbox 564 5133 2137 5205; baseline -0.001 -16"><span class='ocrx_word' id='word_1_592' title='bbox 564 5137 703 5190; x_wconf 90' lang='lat' dir='ltr'><strong>intra</strong></span> <span class='ocrx_word' id='word_1_593' title='bbox 758 5148 809 5190; x_wconf 90' lang='lat' dir='ltr'><strong>te</strong></span> <span class='ocrx_word' id='word_1_594' title='bbox 856 5135 1211 5190; x_wconf 89' lang='lat' dir='ltr'><strong>absconditus</strong></span> <span class='ocrx_word' id='word_1_595' title='bbox 1257 5144 1361 5202; x_wconf 89' lang='lat' dir='ltr'><strong>est,</strong></span> <span class='ocrx_word' id='word_1_596' title='bbox 1393 5135 1653 5205; x_wconf 85' lang='lat' dir='ltr'><strong>quoniam</strong></span> <span class='ocrx_word' id='word_1_597' title='bbox 1714 5144 1859 5189; x_wconf 89' lang='lat' dir='ltr'><strong>tuam</strong></span> <span class='ocrx_word' id='word_1_598' title='bbox 1909 5133 2137 5204; x_wconf 87' lang='lat' dir='ltr'><strong>cognovi</strong></span> 
     </span>
    </p>
   </div>
   <div class='ocr_carea' id='block_1_78' title="bbox 564 5226 2142 5296">
    <p class='ocr_par' dir='ltr' id='par_1_78' title="bbox 564 5226 2142 5296">
     <span class='ocr_line' id='line_1_78' title="bbox 564 5226 2142 5296; baseline -0.001 -16"><span class='ocrx_word' id='word_1_599' title='bbox 564 5227 930 5296; x_wconf 88' lang='lat' dir='ltr'><strong>majestatem,</strong></span> <span class='ocrx_word' id='word_1_600' title='bbox 956 5227 1085 5280; x_wconf 89' lang='lat' dir='ltr'><strong>dum</strong></span> <span class='ocrx_word' id='word_1_601' title='bbox 1120 5226 1174 5280; x_wconf 90' lang='lat' dir='ltr'><strong>in</strong></span> <span class='ocrx_word' id='word_1_602' title='bbox 1220 5235 1379 5281; x_wconf 89' lang='lat' dir='ltr'><strong>utero</strong></span> <span class='ocrx_word' id='word_1_603' title='bbox 1416 5226 1597 5281; x_wconf 88' lang='lat' dir='ltr'><strong>adhuc</strong></span> <span class='ocrx_word' id='word_1_604' title='bbox 1632 5227 1823 5280; x_wconf 90' lang='lat' dir='ltr'><strong>matris</strong></span> <span class='ocrx_word' id='word_1_605' title='bbox 1877 5234 2142 5296; x_wconf 83' lang='lat' dir='ltr'><strong>gestarer.</strong></span> 
     </span>
    </p>
   </div>
   <div class='ocr_carea' id='block_1_79' title="bbox 563 5317 2147 5390">
    <p class='ocr_par' dir='ltr' id='par_1_79' title="bbox 563 5317 2147 5390">
     <span class='ocr_line' id='line_1_79' title="bbox 563 5317 2147 5390; baseline -0.002 -16"><span class='ocrx_word' id='word_1_606' title='bbox 563 5319 817 5390; x_wconf 81' lang='lat' dir='ltr'><strong>Magnum</strong></span> <span class='ocrx_word' id='word_1_607' title='bbox 850 5319 983 5372; x_wconf 89' lang='lat' dir='ltr'><strong>mihi</strong></span> <span class='ocrx_word' id='word_1_608' title='bbox 1022 5317 1160 5373; x_wconf 83' lang='lat' dir='ltr'><strong>foret</strong></span> <span class='ocrx_word' id='word_1_609' title='bbox 1202 5319 1415 5373; x_wconf 90' lang='lat' dir='ltr'><strong>solvere</strong></span> <span class='ocrx_word' id='word_1_610' title='bbox 1458 5320 1751 5390; x_wconf 85' lang='lat' dir='ltr'><strong>corrigiam</strong></span> <span class='ocrx_word' id='word_1_611' title='bbox 1805 5319 2147 5374; x_wconf 80' lang='lat' dir='ltr'><strong>calceamen—</strong></span> 
     </span>
    </p>
   </div>
   <div class='ocr_carea' id='block_1_80' title="bbox 567 5410 2143 5475">
    <p class='ocr_par' dir='ltr' id='par_1_80' title="bbox 567 5410 2143 5475">
     <span class='ocr_line' id='line_1_80' title="bbox 567 5410 2143 5475; baseline 0 -10"><span class='ocrx_word' id='word_1_612' title='bbox 567 5421 743 5466; x_wconf 84' lang='lat' dir='ltr'><strong>torum</strong></span> <span class='ocrx_word' id='word_1_613' title='bbox 779 5422 1021 5475; x_wconf 91' lang='lat' dir='ltr'><strong>tuorum,</strong></span> <span class='ocrx_word' id='word_1_614' title='bbox 1048 5420 1127 5466; x_wconf 82' lang='lat' dir='ltr'><strong>et</strong></span> <span class='ocrx_word' id='word_1_615' title='bbox 1178 5418 1236 5464; x_wconf 92' lang='lat' dir='ltr'><strong>tu</strong></span> <span class='ocrx_word' id='word_1_616' title='bbox 1288 5412 1513 5467; x_wconf 89' lang='lat' dir='ltr'><strong>mandas</strong></span> <span class='ocrx_word' id='word_1_617' title='bbox 1544 5421 1605 5466; x_wconf 94' lang='lat' dir='ltr'><strong>ut</strong></span> <span class='ocrx_word' id='word_1_618' title='bbox 1649 5410 1927 5467; x_wconf 82' lang='lat' dir='ltr'><strong>dexteram</strong></span> <span class='ocrx_word' id='word_1_619' title='bbox 1969 5427 2143 5466; x_wconf 88' lang='lat' dir='ltr'><strong>meam</strong></span> 
     </span>
    </p>
   </div>
   <div class='ocr_carea' id='block_1_81' title="bbox 566 5502 2145 5575">
    <p class='ocr_par' dir='ltr' id='par_1_81' title="bbox 566 5502 2145 5575">
     <span class='ocr_line' id='line_1_81' title="bbox 566 5502 2145 5575; baseline 0 -16"><span class='ocrx_word' id='word_1_620' title='bbox 566 5505 729 5574; x_wconf 88' lang='lat' dir='ltr'><strong>capiti</strong></span> <span class='ocrx_word' id='word_1_621' title='bbox 793 5513 888 5560; x_wconf 91' lang='lat' dir='ltr'><strong>tuo</strong></span> <span class='ocrx_word' id='word_1_622' title='bbox 957 5504 1321 5558; x_wconf 81' lang='lat' dir='ltr'><strong>admoveam?</strong></span> <span class='ocrx_word' id='word_1_623' title='bbox 1377 5502 1481 5558; x_wconf 84' lang='lat' dir='ltr'><strong>Tui</strong></span> <span class='ocrx_word' id='word_1_624' title='bbox 1541 5520 1642 5575; x_wconf 87' lang='lat' dir='ltr'><strong>ego</strong></span> <span class='ocrx_word' id='word_1_625' title='bbox 1695 5505 1818 5559; x_wconf 88' lang='lat' dir='ltr'><strong>veni</strong></span> <span class='ocrx_word' id='word_1_626' title='bbox 1882 5503 2145 5559; x_wconf 89' lang='lat' dir='ltr'><strong>adventus</strong></span> 
     </span>
    </p>
   </div>
   <div class='ocr_carea' id='block_1_82' title="bbox 568 5595 2140 5667">
    <p class='ocr_par' dir='ltr' id='par_1_82' title="bbox 568 5595 2140 5667">
     <span class='ocr_line' id='line_1_82' title="bbox 568 5595 2140 5667; baseline -0.001 -16"><span class='ocrx_word' id='word_1_627' title='bbox 568 5612 766 5667; x_wconf 63' lang='lat' dir='ltr'><strong>praeco,</strong></span> <span class='ocrx_word' id='word_1_628' title='bbox 795 5614 900 5653; x_wconf 89' lang='lat' dir='ltr'><strong>non</strong></span> <span class='ocrx_word' id='word_1_629' title='bbox 941 5598 1124 5653; x_wconf 89' lang='lat' dir='ltr'><strong>carnis</strong></span> <span class='ocrx_word' id='word_1_630' title='bbox 1169 5604 1295 5665; x_wconf 60' lang='lat' dir='ltr'><strong>tum,</strong></span> <span class='ocrx_word' id='word_1_631' title='bbox 1326 5614 1447 5667; x_wconf 67' lang='lat' dir='ltr'><strong>quae</strong></span> <span class='ocrx_word' id='word_1_632' title='bbox 1488 5595 1603 5652; x_wconf 84' lang='lat' dir='ltr'><strong>sine</strong></span> <span class='ocrx_word' id='word_1_633' title='bbox 1659 5596 1778 5651; x_wconf 86' lang='lat' dir='ltr'><strong>labe</strong></span> <span class='ocrx_word' id='word_1_634' title='bbox 1825 5607 1878 5651; x_wconf 88' lang='lat' dir='ltr'><strong>ct</strong></span> <span class='ocrx_word' id='word_1_635' title='bbox 1926 5597 2140 5651; x_wconf 91' lang='lat' dir='ltr'><strong>macula</strong></span> 
     </span>
    </p>
   </div>
   <div class='ocr_carea' id='block_1_83' title="bbox 568 5688 2141 5763">
    <p class='ocr_par' dir='ltr' id='par_1_83' title="bbox 568 5688 2141 5763">
     <span class='ocr_line' id='line_1_83' title="bbox 568 5688 2141 5763; baseline -0.003 -16"><span class='ocrx_word' id='word_1_636' title='bbox 568 5700 674 5753; x_wconf 75' lang='grc' dir='ltr'>εει,</span> <span class='ocrx_word' id='word_1_637' title='bbox 705 5691 1093 5748; x_wconf 82' lang='lat' dir='ltr'><strong>sanctiﬁcator.</strong></span> <span class='ocrx_word' id='word_1_638' title='bbox 1147 5689 1265 5747; x_wconf 70' lang='lat' dir='ltr'><strong>Non</strong></span> <span class='ocrx_word' id='word_1_639' title='bbox 1294 5706 1396 5763; x_wconf 82' lang='lat' dir='ltr'><strong>ego</strong></span> <span class='ocrx_word' id='word_1_640' title='bbox 1444 5706 1508 5745; x_wconf 81' lang='lat' dir='ltr'><strong>ex</strong></span> <span class='ocrx_word' id='word_1_641' title='bbox 1560 5690 1625 5746; x_wconf 86' lang='lat' dir='ltr'><strong>iis</strong></span> <span class='ocrx_word' id='word_1_642' title='bbox 1683 5704 1803 5744; x_wconf 87' lang='lat' dir='ltr'><strong>sum</strong></span> <span class='ocrx_word' id='word_1_643' title='bbox 1854 5688 1948 5760; x_wconf 87' lang='lat' dir='ltr'><strong>qui</strong></span> <span class='ocrx_word' id='word_1_644' title='bbox 1994 5696 2141 5744; x_wconf 84' lang='lat' dir='ltr'><strong>tuam</strong></span> 
     </span>
    </p>
   </div>
   <div class='ocr_carea' id='block_1_84' title="bbox 643 5802 1130 5870">
    <p class='ocr_par' dir='ltr' id='par_1_84' title="bbox 643 5802 1130 5870">
     <span class='ocr_line' id='line_1_84' title="bbox 643 5802 1130 5870; baseline 0.008 -14"><span class='ocrx_word' id='word_1_645' title='bbox 643 5803 660 5835; x_wconf 78' lang='grc' dir='ltr'><strong>ι</strong></span> <span class='ocrx_word' id='word_1_646' title='bbox 692 5802 880 5860; x_wconf 76' lang='lat' dir='ltr'><strong>Matth.</strong></span> <span class='ocrx_word' id='word_1_647' title='bbox 920 5821 1001 5870; x_wconf 88' lang='grc' dir='ltr'>ιιι,</span> <span class='ocrx_word' id='word_1_648' title='bbox 1048 5803 1130 5864; x_wconf 70' lang='grc' dir='ltr'><strong>Μ.</strong></span> 
     </span>
    </p>
   </div>
   <div class='ocr_carea' id='block_1_85' title="bbox 2240 4768 3812 4843">
    <p class='ocr_par' dir='ltr' id='par_1_85' title="bbox 2240 4768 3812 4843">
     <span class='ocr_line' id='line_1_85' title="bbox 2240 4768 3812 4843; baseline -0.002 -19"><span class='ocrx_word' id='word_1_649' title='bbox 2240 4772 2333 4824; x_wconf 77' lang='grc' dir='ltr'>καὶ</span> <span class='ocrx_word' id='word_1_650' title='bbox 2366 4771 2429 4824; x_wconf 75' lang='grc' dir='ltr'>σὺ</span> <span class='ocrx_word' id='word_1_651' title='bbox 2460 4768 2592 4841; x_wconf 76' lang='grc' dir='ltr'>ἔρχῃ</span> <span class='ocrx_word' id='word_1_652' title='bbox 2623 4769 2758 4840; x_wconf 80' lang='grc' dir='ltr'>πρός</span> <span class='ocrx_word' id='word_1_653' title='bbox 2784 4786 2882 4839; x_wconf 84' lang='grc' dir='ltr'>με;</span> <span class='ocrx_word' id='word_1_654' title='bbox 2914 4790 2932 4822; x_wconf 78' lang='grc' dir='ltr'><strong>ι</strong></span> <span class='ocrx_word' id='word_1_655' title='bbox 2956 4768 3075 4823; x_wconf 84' lang='grc' dir='ltr'>Κᾶν</span> <span class='ocrx_word' id='word_1_656' title='bbox 3106 4770 3325 4832; x_wconf 84' lang='grc' dir='ltr'>τούτους</span> <span class='ocrx_word' id='word_1_657' title='bbox 3354 4770 3649 4843; x_wconf 75' lang='grc' dir='ltr'>λανθάνης,</span> <span class='ocrx_word' id='word_1_658' title='bbox 3674 4771 3812 4839; x_wconf 67' lang='grc' dir='ltr'>ἐμοὶ,</span> 
     </span>
    </p>
   </div>
   <div class='ocr_carea' id='block_1_86' title="bbox 2241 4859 3812 4933">
    <p class='ocr_par' dir='ltr' id='par_1_86' title="bbox 2241 4859 3812 4933">
     <span class='ocr_line' id='line_1_86' title="bbox 2241 4859 3812 4933; baseline 0 -20"><span class='ocrx_word' id='word_1_659' title='bbox 2241 4864 2395 4933; x_wconf 79' lang='grc' dir='ltr'>φησὶ,</span> <span class='ocrx_word' id='word_1_660' title='bbox 2423 4863 2653 4930; x_wconf 80' lang='grc' dir='ltr'>γέγονας</span> <span class='ocrx_word' id='word_1_661' title='bbox 2686 4860 2985 4931; x_wconf 77' lang='grc' dir='ltr'>γνώριμος.</span> <span class='ocrx_word' id='word_1_662' title='bbox 3021 4859 3137 4915; x_wconf 81' lang='grc' dir='ltr'>οἷδά</span> <span class='ocrx_word' id='word_1_663' title='bbox 3161 4879 3254 4914; x_wconf 89' lang='grc' dir='ltr'><strong>σου</strong></span> <span class='ocrx_word' id='word_1_664' title='bbox 3287 4862 3386 4925; x_wconf 87' lang='grc' dir='ltr'>τὴν</span> <span class='ocrx_word' id='word_1_665' title='bbox 3428 4862 3812 4933; x_wconf 83' lang='grc' dir='ltr'>προσποίησιν,</span> 
     </span>
    </p>
   </div>
   <div class='ocr_carea' id='block_1_87' title="bbox 2241 4951 3811 5024">
    <p class='ocr_par' dir='ltr' id='par_1_87' title="bbox 2241 4951 3811 5024">
     <span class='ocr_line' id='line_1_87' title="bbox 2241 4951 3811 5024; baseline 0.001 -19"><span class='ocrx_word' id='word_1_666' title='bbox 2241 4952 2507 5006; x_wconf 80' lang='grc' dir='ltr'>Δέσποτα.</span> <span class='ocrx_word' id='word_1_667' title='bbox 2528 4953 2785 5024; x_wconf 77' lang='grc' dir='ltr'>Γνωρίζω</span> <span class='ocrx_word' id='word_1_668' title='bbox 2804 4952 2894 5004; x_wconf 80' lang='grc' dir='ltr'>τὸν</span> <span class='ocrx_word' id='word_1_669' title='bbox 2913 4951 3057 5004; x_wconf 75' lang='grc' dir='ltr'>ἔνδον</span> <span class='ocrx_word' id='word_1_670' title='bbox 3080 4953 3486 5022; x_wconf 78' lang='grc' dir='ltr'>κεκρυμμένον,</span> <span class='ocrx_word' id='word_1_671' title='bbox 3517 4952 3690 5021; x_wconf 80' lang='grc' dir='ltr'>ἔγνων</span> <span class='ocrx_word' id='word_1_672' title='bbox 3723 4970 3811 5006; x_wconf 75' lang='grc' dir='ltr'><strong>σου</strong></span> 
     </span>
    </p>
   </div>
   <div class='ocr_carea' id='block_1_88' title="bbox 2240 5043 3810 5117">
    <p class='ocr_par' dir='ltr' id='par_1_88' title="bbox 2240 5043 3810 5117">
     <span class='ocr_line' id='line_1_88' title="bbox 2240 5043 3810 5117; baseline -0.001 -19"><span class='ocrx_word' id='word_1_673' title='bbox 2240 5044 2339 5117; x_wconf 81' lang='grc' dir='ltr'>τὴν</span> <span class='ocrx_word' id='word_1_674' title='bbox 2368 5044 2526 5109; x_wconf 76' lang='grc' dir='ltr'>ἀξίαν</span> <span class='ocrx_word' id='word_1_675' title='bbox 2553 5046 2612 5097; x_wconf 83' lang='grc' dir='ltr'>ὲν</span> <span class='ocrx_word' id='word_1_676' title='bbox 2643 5045 2827 5116; x_wconf 79' lang='grc' dir='ltr'>μήτρᾳ</span> <span class='ocrx_word' id='word_1_677' title='bbox 2858 5043 3261 5115; x_wconf 77' lang='grc' dir='ltr'>βασταζόμενος</span> <span class='ocrx_word' id='word_1_678' title='bbox 3290 5045 3395 5111; x_wconf 74' lang='grc' dir='ltr'>ἔτι,</span> <span class='ocrx_word' id='word_1_679' title='bbox 3430 5045 3575 5116; x_wconf 81' lang='grc' dir='ltr'>μέγα</span> <span class='ocrx_word' id='word_1_680' title='bbox 3606 5062 3697 5115; x_wconf 83' lang='grc' dir='ltr'><strong>μοι</strong></span> <span class='ocrx_word' id='word_1_681' title='bbox 3722 5045 3810 5097; x_wconf 76' lang='grc' dir='ltr'>καὶ</span> 
     </span>
    </p>
   </div>
   <div class='ocr_carea' id='block_1_89' title="bbox 2243 5135 3809 5207">
    <p class='ocr_par' dir='ltr' id='par_1_89' title="bbox 2243 5135 3809 5207">
     <span class='ocr_line' id='line_1_89' title="bbox 2243 5135 3809 5207; baseline -0.001 -16"><span class='ocrx_word' id='word_1_682' title='bbox 2243 5138 2301 5191; x_wconf 86' lang='grc' dir='ltr'>τὸ</span> <span class='ocrx_word' id='word_1_683' title='bbox 2330 5136 2487 5189; x_wconf 84' lang='grc' dir='ltr'>λῦσαι</span> <span class='ocrx_word' id='word_1_684' title='bbox 2516 5135 2606 5189; x_wconf 72' lang='grc' dir='ltr'><strong>τὸν</strong></span> <span class='ocrx_word' id='word_1_685' title='bbox 2639 5136 2840 5205; x_wconf 76' lang='grc' dir='ltr'>ἱμάντα</span> <span class='ocrx_word' id='word_1_686' title='bbox 2877 5135 2988 5188; x_wconf 80' lang='grc' dir='ltr'>τῶν</span> <span class='ocrx_word' id='word_1_687' title='bbox 3028 5136 3390 5207; x_wconf 81' lang='grc' dir='ltr'>ὑποδημάτων</span> <span class='ocrx_word' id='word_1_688' title='bbox 3428 5136 3540 5189; x_wconf 83' lang='grc' dir='ltr'><strong>τῶν</strong></span> <span class='ocrx_word' id='word_1_689' title='bbox 3571 5136 3681 5189; x_wconf 81' lang='grc' dir='ltr'><strong>σῶν</strong></span> <span class='ocrx_word' id='word_1_690' title='bbox 3702 5153 3717 5168; x_wconf 87' lang='grc'><strong>·</strong></span> <span class='ocrx_word' id='word_1_691' title='bbox 3750 5138 3809 5189; x_wconf 69' lang='grc' dir='ltr'>σὺ</span> 
     </span>
    </p>
   </div>
   <div class='ocr_carea' id='block_1_90' title="bbox 2239 5226 3807 5299">
    <p class='ocr_par' dir='ltr' id='par_1_90' title="bbox 2239 5226 3807 5299">
     <span class='ocr_line' id='line_1_90' title="bbox 2239 5226 3807 5299; baseline -0.003 -17"><span class='ocrx_word' id='word_1_692' title='bbox 2239 5229 2295 5282; x_wconf 79' lang='grc' dir='ltr'>δὲ</span> <span class='ocrx_word' id='word_1_693' title='bbox 2325 5229 2420 5282; x_wconf 78' lang='grc' dir='ltr'>καὶ</span> <span class='ocrx_word' id='word_1_694' title='bbox 2448 5230 2515 5299; x_wconf 74' lang='grc' dir='ltr'>τῇ</span> <span class='ocrx_word' id='word_1_695' title='bbox 2550 5228 2759 5298; x_wconf 77' lang='grc' dir='ltr'>κεφαλῇ</span> <span class='ocrx_word' id='word_1_696' title='bbox 2802 5226 3103 5296; x_wconf 83' lang='grc' dir='ltr'>προσάγειν</span> <span class='ocrx_word' id='word_1_697' title='bbox 3130 5226 3227 5297; x_wconf 78' lang='grc' dir='ltr'><strong>τὴν</strong></span> <span class='ocrx_word' id='word_1_698' title='bbox 3255 5227 3437 5293; x_wconf 77' lang='grc' dir='ltr'>δεξιὰν</span> <span class='ocrx_word' id='word_1_699' title='bbox 3480 5227 3807 5288; x_wconf 71' lang='grc' dir='ltr'>ἐπιτάττεις,</span> 
     </span>
    </p>
   </div>
   <div class='ocr_carea' id='block_1_91' title="bbox 2239 5314 3807 5389">
    <p class='ocr_par' dir='ltr' id='par_1_91' title="bbox 2239 5314 3807 5389">
     <span class='ocr_line' id='line_1_91' title="bbox 2239 5314 3807 5389; baseline 0 -17"><span class='ocrx_word' id='word_1_700' title='bbox 2239 5319 2340 5389; x_wconf 83' lang='grc' dir='ltr'>τῆς</span> <span class='ocrx_word' id='word_1_701' title='bbox 2373 5318 2474 5389; x_wconf 87' lang='grc' dir='ltr'>σῆς</span> <span class='ocrx_word' id='word_1_702' title='bbox 2503 5314 2667 5389; x_wconf 80' lang='grc' dir='ltr'>ἦλθον</span> <span class='ocrx_word' id='word_1_703' title='bbox 2698 5318 3004 5388; x_wconf 81' lang='grc' dir='ltr'>παρουσίας</span> <span class='ocrx_word' id='word_1_704' title='bbox 3035 5318 3388 5389; x_wconf 78' lang='grc' dir='ltr'>ἑτοιμαστὴς,</span> <span class='ocrx_word' id='word_1_705' title='bbox 3422 5319 3520 5388; x_wconf 79' lang='grc' dir='ltr'>οὐχ</span> <span class='ocrx_word' id='word_1_706' title='bbox 3548 5317 3807 5386; x_wconf 78' lang='grc' dir='ltr'>ἀγιαστὴς</span> 
     </span>
    </p>
   </div>
   <div class='ocr_carea' id='block_1_92' title="bbox 2238 5391 3807 5482">
    <p class='ocr_par' dir='ltr' id='par_1_92' title="bbox 2238 5391 3807 5482">
     <span class='ocr_line' id='line_1_92' title="bbox 2238 5391 3807 5482; baseline -0.004 -17"><span class='ocrx_word' id='word_1_707' title='bbox 2238 5411 2341 5481; x_wconf 84' lang='grc' dir='ltr'>τῆς</span> <span class='ocrx_word' id='word_1_708' title='bbox 2396 5411 2787 5482; x_wconf 86' lang='grc' dir='ltr'>ἀναμαρτήτου</span> <span class='ocrx_word' id='word_1_709' title='bbox 2841 5391 3077 5482; x_wconf 43' lang='grc' dir='ltr'>σαρκός,</span> <span class='ocrx_word' id='word_1_710' title='bbox 3126 5409 3240 5464; x_wconf 81' lang='grc' dir='ltr'><strong>Ούκ</strong></span> <span class='ocrx_word' id='word_1_711' title='bbox 3287 5411 3404 5480; x_wconf 75' lang='grc' dir='ltr'>εἰμὶ</span> <span class='ocrx_word' id='word_1_712' title='bbox 3446 5410 3558 5463; x_wconf 83' lang='grc' dir='ltr'><strong>τῶν</strong></span> <span class='ocrx_word' id='word_1_713' title='bbox 3589 5409 3689 5479; x_wconf 80' lang='grc' dir='ltr'>τὴν</span> <span class='ocrx_word' id='word_1_714' title='bbox 3716 5408 3807 5477; x_wconf 84' lang='grc' dir='ltr'>σὴν</span> 
     </span>
    </p>
   </div>
   <div class='ocr_carea' id='block_1_93' title="bbox 2241 5499 3806 5576">
    <p class='ocr_par' dir='ltr' id='par_1_93' title="bbox 2241 5499 3806 5576">
     <span class='ocr_line' id='line_1_93' title="bbox 2241 5499 3806 5576; baseline -0.005 -18"><span class='ocrx_word' id='word_1_715' title='bbox 2241 5503 2577 5572; x_wconf 83' lang='grc' dir='ltr'>ἀγνοούντων</span> <span class='ocrx_word' id='word_1_716' title='bbox 2604 5502 2759 5567; x_wconf 79' lang='grc' dir='ltr'>ἀξίαν</span> <span class='ocrx_word' id='word_1_717' title='bbox 2778 5519 2791 5534; x_wconf 74' lang='grc'><strong>⁸</strong></span> <span class='ocrx_word' id='word_1_718' title='bbox 2818 5504 2882 5557; x_wconf 83' lang='grc' dir='ltr'>ὲκ</span> <span class='ocrx_word' id='word_1_719' title='bbox 2907 5504 3005 5575; x_wconf 85' lang='grc' dir='ltr'>τῆς</span> <span class='ocrx_word' id='word_1_720' title='bbox 3038 5501 3299 5576; x_wconf 80' lang='grc' dir='ltr'>μητρῴας</span> <span class='ocrx_word' id='word_1_721' title='bbox 3324 5502 3564 5572; x_wconf 83' lang='grc' dir='ltr'>γαστρός</span> <span class='ocrx_word' id='word_1_722' title='bbox 3596 5518 3655 5553; x_wconf 91' lang='grc' dir='ltr'><strong>σε</strong></span> <span class='ocrx_word' id='word_1_723' title='bbox 3683 5499 3806 5570; x_wconf 71' lang='grc' dir='ltr'>μέλα</span> 
     </span>
    </p>
   </div>
   <div class='ocr_carea' id='block_1_94' title="bbox 2246 5593 3803 5667">
    <p class='ocr_par' dir='ltr' id='par_1_94' title="bbox 2246 5593 3803 5667">
     <span class='ocr_line' id='line_1_94' title="bbox 2246 5593 3803 5667; baseline -0.004 -17"><span class='ocrx_word' id='word_1_724' title='bbox 2246 5596 2444 5650; x_wconf 84' lang='grc' dir='ltr'>λουσαν</span> <span class='ocrx_word' id='word_1_725' title='bbox 2492 5596 2696 5650; x_wconf 84' lang='grc' dir='ltr'>τίκτειν</span> <span class='ocrx_word' id='word_1_726' title='bbox 2739 5595 3094 5667; x_wconf 82' lang='grc' dir='ltr'>θεασάμενος,</span> <span class='ocrx_word' id='word_1_727' title='bbox 3151 5595 3404 5665; x_wconf 74' lang='grc' dir='ltr'>ἔκραζονο</span> <span class='ocrx_word' id='word_1_728' title='bbox 3460 5612 3479 5645; x_wconf 78' lang='grc' dir='ltr'><strong>ι</strong></span> <span class='ocrx_word' id='word_1_729' title='bbox 3514 5593 3684 5647; x_wconf 87' lang='grc' dir='ltr'>Πόθεν</span> <span class='ocrx_word' id='word_1_730' title='bbox 3721 5607 3803 5661; x_wconf 76' lang='grc' dir='ltr'>μου</span> 
     </span>
    </p>
   </div>
   <div class='ocr_carea' id='block_1_95' title="bbox 2249 5683 3801 5760">
    <p class='ocr_par' dir='ltr' id='par_1_95' title="bbox 2249 5683 3801 5760">
     <span class='ocr_line' id='line_1_95' title="bbox 2249 5683 3801 5760; baseline -0.001 -19"><span class='ocrx_word' id='word_1_731' title='bbox 2249 5686 2427 5755; x_wconf 83' lang='grc' dir='ltr'>τοῦτο,</span> <span class='ocrx_word' id='word_1_732' title='bbox 2460 5686 2545 5745; x_wconf 73' lang='grc' dir='ltr'><strong>ἵνα</strong></span> <span class='ocrx_word' id='word_1_733' title='bbox 2579 5686 2705 5759; x_wconf 73' lang='grc' dir='ltr'>ἔλθῃ</span> <span class='ocrx_word' id='word_1_734' title='bbox 2735 5689 2769 5759; x_wconf 82' lang='grc' dir='ltr'><strong>ἠ</strong></span> <span class='ocrx_word' id='word_1_735' title='bbox 2796 5688 2994 5760; x_wconf 86' lang='grc' dir='ltr'>Μήτηρ</span> <span class='ocrx_word' id='word_1_736' title='bbox 3020 5685 3116 5741; x_wconf 73' lang='grc' dir='ltr'><strong>τοῦ</strong></span> <span class='ocrx_word' id='word_1_737' title='bbox 3144 5686 3349 5758; x_wconf 81' lang='grc' dir='ltr'>Κυρίου</span> <span class='ocrx_word' id='word_1_738' title='bbox 3374 5703 3478 5757; x_wconf 90' lang='grc' dir='ltr'><strong>μου</strong></span> <span class='ocrx_word' id='word_1_739' title='bbox 3506 5683 3639 5757; x_wconf 89' lang='grc' dir='ltr'>πρός</span> <span class='ocrx_word' id='word_1_740' title='bbox 3661 5700 3725 5755; x_wconf 82' lang='grc' dir='ltr'><strong>με</strong></span> <span class='ocrx_word' id='word_1_741' title='bbox 3746 5697 3761 5748; x_wconf 83' lang='lat'><strong>;</strong></span> <span class='ocrx_word' id='word_1_742' title='bbox 3784 5700 3801 5732; x_wconf 73' lang='grc' dir='ltr'><strong>ι</strong></span> 
     </span>
    </p>
   </div>
  </div>
