4098 6514
298 443 444 516 12ί5

1308 441 1570 502 SERMO
1612 439 1711 499 DE
1741 439 2179 499 LUMINIBUS
2232 439 2569 499 SANCTIS.

3440 420 3578 494 1216

318 554 512 628 ’Ᾱμνδς
558 552 942 625 παραγέγονας
982 554 1153 624 αἴρων
1187 554 1288 624 τὴν
1330 554 1609 625 ἁμαρτίαν
1651 553 1747 607 τοῦ
1788 553 1884 606 x6—

2012 553 2663 623 gnoranteminentiam:
2708 565 2833 606 nam
2861 564 2928 605 ex
2982 558 3233 603 materno
3264 553 3423 600 utero
3470 560 3578 615 qua

278 640 479 716 Ιτμου·
518 643 673 713 κάγὼ
701 645 801 714 τὴν
835 644 935 714 σὴν
972 642 1113 713 μετά
1143 642 1238 697 τοῦ
1273 643 1481 713 κόσμου
1522 644 1731 713 δωρεὰν
1757 644 1889 697 ἀνα-

272 738 505 815 μιένων.
551 734 694 804 Ἐγὼ
726 733 921 806 χρείαν
955 733 1065 803 ἔχω
1101 733 1207 786 ὐπὸ
1236 732 1330 786 σοῦ
1365 732 1750 803 βαπτισθῆναι,
1797 733 1892 785 καὶ

273 818 371 881 ’σὺ
400 828 534 898 έρχῃ
564 827 703 899 πρός
740 842 842 895 με;
872 825 1016 895 Πρὸς
1052 824 1141 878 τὸν
1190 824 1362 894 πηλὸν
1414 825 1442 877 ὁ
1485 824 1721 895 χρυσός;
1756 825 1893 895 πρὸς

300 920 395 971 τὸν
427 917 617 986 λύχνον
655 918 684 969 6
710 916 903 986 ἢλιοςς
957 914 1093 986 πρὸς
1137 914 1230 968 τὸν
1267 914 1539 987 σπινθῆρα
1580 916 1643 969 τὸ
1682 916 1817 985 φῶς,
1859 916 1893 986 ἡ

304 1010 463 1081 πηγὴ
518 1009 655 1079 πρὸς
712 1008 805 1062 τὸν
855 1009 997 1060 πιεῖν
1055 1006 1449 1075 ἑπειγόμενον;
1500 1007 1639 1076 πρὸς
1692 1006 1785 1060 τὸν
1830 1007 1895 1060 ὲκ

307 1105 652 1173 σπέρματος,
684 1104 711 1155 6
739 1103 803 1154 ὲκ
824 1099 1100 1171 Παρθένου
1130 1098 1371 1168 τεχθείς;
1403 1100 1565 1170 ἀρκεί
1589 1117 1677 1169 μοι
1704 1099 1766 1153 τὸ
1797 1117 1896 1152 κα-

306 1189 524 1245 λεῖσθαί
554 1207 645 1246 σου
682 1189 1007 1260 πρόδρομον,
1041 1186 1331 1257 προσκυνῶ
1360 1186 1459 1256 τὴν
1490 1189 1571 1249 εὶς
1594 1185 1753 1239 τοῦτο
1779 1184 1897 1239 δια-

308 1284 522 1338 κονίαν.
562 1283 627 1335 Τί
664 1278 760 1335 οὐν
799 1283 893 1335 καὶ
926 1282 1137 1334 νίπτειν
1175 1280 1337 1352 βιάζῃ
1367 1282 1467 1350 τῆς
1496 1278 1839 1347 δικαιοσύνης
1870 1278 1898 1331 ό

310 1377 505 1445 ἦλιοςς
545 1374 597 1428 τί
641 1371 734 1428 οὖν
784 1376 813 1428 6
859 1374 1138 1445 Δεσπότης
1166 1373 1440 1445 Χριστός;
1493 1390 1510 1423 ι
1543 1372 1712 1440 ’Ἄφες
1748 1372 1896 1443 ἄρτι.

311 1467 474 1520 Οὕτω
496 1468 604 1536 γὰρ
629 1466 841 1537 πρέπον
872 1468 1004 1537 ἡμῖν
1026 1468 1143 1519 ἐστι
1173 1465 1465 1537 πληρῶσαι
1492 1466 1671 1518 πᾶσαν
1697 1464 1900 1516 δικαιο-

314 1560 506 1629 σύνην.
539 1578 556 1611 ι
594 1562 765 1629 ’Ἄφες
801 1559 947 1629 ἄρτι,
985 1559 1286 1621 ἐπιεικείας
1320 1576 1411 1629 μοι
1453 1554 1651 1621 νῦν,όύ
1688 1556 1899 1621 δοξολο-

311 1648 441 1714 γίας
468 1650 495 1701 6
523 1649 739 1719 καιρὸς,
774 1648 1124 1717 ἀνθρωπίνης
1146 1648 1444 1711 πολιτείας,
1474 1648 1535 1700 οὐ
1562 1647 1901 1716 Δεσποτικῆς

312 1740 625 1804 αὐθεντίας.
662 1740 1055 1811 Παρεγενόμην
1085 1741 1195 1810 γὰρ
1237 1740 1305 1794 δι’
1333 1740 1478 1809 ὑμᾶς
1511 1740 1752 1809 Ἰωάννη,
1784 1739 1901 1792 ὲτέ-

315 1832 456 1903 χθην
485 1836 549 1886 ἐκ
576 1832 811 1904 γαστρὸς
837 1832 1188 1903 ἀνθρωπίνης
1213 1847 1227 1863 ⁸
1260 1832 1731 1903 γαλακτοτροφίας
1774 1848 1900 1902 μετ-

314 1926 478 1996 ἑαχον
503 1941 516 1953 ·
552 1925 798 1995 ηὐξήθην
828 1925 969 1979 κατὰ
1004 1923 1258 1993 σώματος
1300 1924 1465 1991 νόμον
1492 1938 1507 1953 ⁸
1538 1922 1633 1993 τὴν
1663 1922 1773 1976 τῶν
1813 1940 1902 1974 νο⁴
1929 1904 1972 1958 Β

319 2018 508 2087 μίμων
530 2016 776 2087 φυλακὴν
805 2015 1205 2087 ἀπεπλήρωσα.
1234 2014 1402 2068 Οὐδέν
1434 2031 1525 2084 μοι
1553 2014 1662 2067 τῶν
1686 2013 1785 2085 τῆς
1808 2015 1901 2067 ἀν·

313 2108 345 2161 0
352 2109 599 2180 ρωπίνης
620 2108 836 2177 φύσεως
855 2107 1190 2179 παρελείφθη
1213 2106 1646 2176 πολιτευμάτων.
1665 2106 1897 2176 Δέξομαι

312 2206 412 2258 καὶ
456 2205 551 2257 νῦν
595 2203 669 2266 ὼς
698 2202 982 2273 ἄνθρωπος
1013 2201 1318 2272 βάπτισμα.
1365 2200 1674 2271 Πραχθήτω
1721 2201 1901 2255 πάντα

314 2298 447 2364 παρ’
482 2295 616 2365 ἐμοῦ
647 2294 717 2347 τὰ
759 2295 858 2364 τῆς
894 2294 989 2347 τοῦ
1033 2292 1292 2363 σώματος
1334 2292 1610 2347 ἀκόλουθα
1646 2292 1893 2363 φύσεως.

315 2390 395 2459 μὴ
423 2388 567 2457 μάθῃ
588 2387 656 2441 δι’
675 2380 750 2440 ὧν
766 2387 903 2458 λέγῃ
930 2386 959 2438 6
987 2386 1231 2449 διάϐολος
1259 2384 1356 2455 τὴν
1379 2384 1774 2457 κεκρυμμένην
1798 2400 1898 2455 μου

314 2479 570 2548 θεότητα,
609 2477 682 2548 μὴ
717 2476 975 2546 φοϐηθεὶς
1016 2475 1079 2528 τὸ
1111 2476 1433 2545 μυστήριον,
1488 2475 1581 2527 καὶ
1625 2473 1775 2545 φύγῃ
1799 2473 1900 2545 τὴν

314 2572 457 2641 πρὸς
487 2571 587 2641 ἐμὲ
612 2569 911 2641 συμὸολὴν,
944 2568 1041 2623 καὶ
1066 2568 1303 2639 κερδάνῃ
1330 2567 1771 2637 δραπετεύουσαν
1801 2568 1901 2639 τὴν

312 2661 687 2736 ﬂaretvasz
707 2664 868 2733 ἄρτι·
891 2662 1011 2731 ὕψει
1036 2678 1137 2732 μου
1168 2660 1365 2732 μικρὸν
1386 2658 1634 2732 ὕστερον,
1654 2661 1899 2732 Ἰωάννη,

313 2757 419 2826 τὴν
479 2754 658 2821 δόξαν.
694 2754 882 2823 ιὌψει
924 2771 993 2823 με
1038 2754 1137 2823 τῆς
1192 2753 1300 2806 τῶν
1357 2751 1627 2823 δαιμόνων
1673 2752 1902 2822 νικητὴν

318 2847 709 2917 παρατάξεωςο
746 2844 869 2914 ὕψει
896 2844 996 2915 τὴν
1030 2843 1123 2898 τοῦ
1159 2844 1287 2914 ᾅδου
1330 2846 1459 2916 παρ’
1483 2844 1614 2913 ἐμοῦ
1650 2843 1906 2897 σκυλευο-

323 2942 493 3009 μένην
527 2939 827 3010 βασιλείαν.
866 2938 1024 3007 Ὀψει
1062 2954 1131 3008 με
1165 2937 1415 3006 ἀγγέλων
1451 2936 1720 3009 οὐρανίων
1748 2935 1900 3001 δοξα-

319 3032 567 3101 ζομένων
614 3032 842 3101 δήμοιςο
894 3029 1015 3099 ὄψει
1052 3046 1121 3098 με
1176 3032 1276 3098 τῆς
1331 3029 1658 3100 οίκουμένης
1708 3030 1904 3101 κριτὴν

320 3122 773 3193 προκαθήμενοντ
816 3120 939 3190 ὅψει
972 3137 1040 3191 με
1080 3120 1231 3191 παρὰ
1261 3120 1461 3183 παντὸς
1505 3120 1904 3192 λατρευόμενον

1992 656 2218 717 parente
2265 661 2418 702 esses
2443 644 2779 710 nasciturus,
2829 641 3183 711 conspicatus
3229 637 3577 693 exclamavi:

1999 758 2018 791 ι
2066 737 2222 793 Unde
2264 740 2369 793 hoc
2416 738 2551 793 mihi
2594 748 2652 793 ut
2683 736 2868 791 veniat
2919 733 3095 787 Mater
3124 730 3340 785 Domini
3375 729 3479 783 mei
3510 727 3577 780 ad

1994 831 2221 886 me'?»
2266 831 2456 901 Agnus
2501 839 2557 885 tu
2627 828 2934 891 accessisti,
2999 825 3093 895 qui
3149 824 3309 877 tollas
3377 834 3578 876 noxam

1995 922 2204 978 mundi.
2247 921 2314 975 Et
2342 936 2444 992 ego
2475 936 2580 976 una
2630 936 2757 976 cum
2793 920 2998 975 mundo
3047 930 3200 973 tuum
3255 923 3580 985 exspectans

1995 1017 2222 1081 donum,
2258 1030 2397 1084 Opus
2420 1014 2593 1069 habeo
2642 1024 2754 1069 uta
2820 1023 2873 1069 te
2932 1014 3183 1083 baptizer
3210 1028 3226 1077 ;
3256 1018 3311 1064 tu
3350 1022 3480 1063 vero
3510 1006 3579 1064 ad

1997 1124 2085 1163 me
2118 1108 2293 1170 venis,
2353 1105 2421 1160 ad
2483 1106 2680 1171 lutum,
2713 1103 2955 1159 aurum?
2989 1103 3055 1157 ad
3117 1102 3399 1174 lychnum,
3449 1098 3582 1154 sol?

1998 1201 2063 1255 ad
2094 1199 2410 1262 scintillam,
2439 1196 2527 1251 fax
2554 1197 2576 1249 ?
2609 1196 2755 1251 Fons
2816 1197 2881 1251 ad
2916 1196 3188 1251 sitientem
3217 1193 3330 1248 ?ad
3388 1201 3579 1247 natum

1998 1306 2066 1347 ex
2107 1288 2337 1352 semine,
2368 1287 2463 1357 qui
2517 1300 2585 1340 ex
2614 1284 2838 1354 Virgine
2888 1294 3049 1339 natus
3107 1284 3238 1339 est?
3297 1282 3447 1338 Satis
3498 1289 3585 1336 est

1999 1383 2132 1437 mihi
2161 1391 2311 1436 tuum
2345 1394 2431 1434 me
2481 1378 2666 1432 vocari
2700 1391 3122 1447 praecursorem,
3154 1376 3226 1430 ob
3271 1373 3414 1445 quod
3452 1388 3584 1427 sane

2000 1478 2178 1546 ipsum
2208 1474 2379 1528 adoro
2412 1470 2800 1526 ministerium.
2840 1468 2978 1534 Quid
3004 1468 3168 1538 igitur
3195 1467 3261 1520 ad
3289 1464 3579 1520 lavandum

2000 1584 2059 1624 se
2080 1581 2300 1637 quoque
2330 1564 2611 1634 compellit
2645 1562 2877 1633 justitite
2904 1560 3041 1614 Sol?
3064 1558 3205 1625 Quid
3228 1572 3360 1626 ergo
3391 1558 3582 1611 Domi-

1999 1676 2105 1715 nus
2159 1657 2453 1715 Christus?
2505 1674 2524 1708 ι
2561 1655 2764 1709 Omitte
2822 1669 2989 1717 nunc,
3050 1651 3249 1721 inquit,
3299 1650 3380 1704 sic
3434 1649 3579 1703 enim

2000 1753 2155 1808 decet
2207 1767 2327 1817 nos,
2386 1759 2443 1804 ut
2494 1749 2871 1817 compleamus
2902 1761 3119 1799 omnem
3176 1742 3574 1813 justitiam'.»

2000 1842 2202 1897 Omitte
2229 1855 2393 1905 nunc,
2420 1838 2858 1893 mansuetudinis
2890 1834 3025 1888 mihi
3061 1849 3229 1897 nunc,
3274 1848 3383 1886 non
3407 1832 3580 1903 glori-

2003 1934 2272 1990 licationis
2310 1941 2524 2001 tempus
2568 1940 2670 1993 est,
2708 1930 2948 1981 humano
2999 1926 3215 1980 vivendi
3262 1940 3435 1986 more,
3471 1939 3579 1979 non

2001 2027 2273 2099 imperiali
2304 2030 2598 2095 potestate.
2649 2020 2855 2075 Adveni
2910 2018 3058 2074 enim
3104 2027 3326 2087 propter
3374 2031 3493 2079 vos,
3547 2035 3581 2071 υ

2000 2120 2261 2187 Joannes,
2303 2127 2469 2173 natus
2514 2131 2578 2171 ex
2625 2124 2783 2169 utero
2833 2113 3093 2176 lmmano,
3126 2112 3262 2164 laete
3317 2110 3580 2173 nutritus,

2002 2229 2100 2285 pro
2135 2212 2383 2281 corporis
2407 2210 2524 2279 lege
2569 2215 2783 2269 auctus,
2822 2213 3149 2260 statutorum
3184 2202 3580 2257 observantiam

2001 2313 2297 2362 exsecutus
2351 2316 2496 2357 sum.
2547 2299 2705 2355 Nulla
2774 2298 2907 2352 mihi
2962 2296 3213 2350 humanae
3254 2293 3583 2349 conditionis

2002 2397 2369 2470 praetermissa
2395 2393 2635 2450 civilitas
2656 2400 2777 2446 est:
2815 2404 2985 2459 quare
3031 2403 3179 2441 nunc
3228 2402 3449 2457 quoque
3481 2402 3580 2441 ceu

2003 2491 2168 2546 homo
2206 2489 2476 2559 baptisma
2499 2484 2760 2554 suscipio.
2794 2482 2999 2551 Perage
3030 2494 3094 2535 ea
3129 2494 3339 2533 mecum
3397 2477 3581 2532 omnia

2002 2596 2125 2651 qua;
2176 2580 2424 2649 corporis
2469 2584 2679 2631 naturae
2712 2572 3067 2628 conveniunt.
3106 2568 3185 2624 Ne
3236 2570 3432 2633 discat,
3488 2582 3584 2637 per

2002 2689 2125 2743 quae
2148 2672 2297 2727 dicat
2331 2669 2583 2725 diabolus
2606 2665 2983 2721 absconditam
3008 2678 3187 2717 meam
3216 2661 3580 2725 divinitatem,

2004 2782 2074 2821 ne
2109 2762 2428 2836 mysterium
2463 2768 2738 2824 metuens,
2764 2770 3128 2828 congressum
3173 2768 3355 2809 meum
3386 2752 3580 2824 fugiat,

2004 2869 2168 2929 atque
2192 2870 2442 2912 aversam
2466 2868 2497 2907 a
2527 2868 2588 2908 se
2613 2860 2852 2922 stragem
2900 2850 3166 2904 lueretur.
3196 2845 3397 2902 Omitte
3414 2860 3581 2908 nunc,

2004 2950 2217 3005 videbis
2261 2961 2441 3001 meam
2492 2944 2657 3013 paulo
2708 2950 2853 3012 post,
2910 2956 2941 2994 ο
2991 2937 3254 3001 Joannes.
3310 2934 3581 3007 gloriam;

2003 3042 2218 3098 videbis
2250 3053 2337 3093 me
2358 3036 2709 3091 daemoniaczc
2728 3030 3016 3103 phalangis
3043 3030 3305 3085 victorem
3332 3046 3347 3095 ;
3373 3025 3583 3081 videbis

2008 3134 2228 3190 Satanae
2265 3146 2297 3186 a
2340 3143 2429 3185 me
2472 3141 2704 3198 regnum
2760 3125 3163 3195 exspoliatum;
3218 3120 3428 3177 videbis
3487 3135 3577 3174 me

320 3216 511 3279 ἔθνους
533 3230 548 3243 ’
575 3214 697 3295 ὄψει
732 3216 840 3269 πᾶν
872 3214 1003 3282 γόνυ
1035 3213 1374 3285 ἐπουρανίων
1405 3215 1495 3268 καὶ
1519 3214 1779 3283 ἐπιγείων
1810 3215 1904 3277 καὶ

2008 3227 2076 3287 ab
2107 3223 2349 3295 angelica
2385 3219 2594 3278 caelesti
2616 3218 2775 3274 turba
2796 3216 3050 3271 laudibus
3070 3212 3336 3271 celebrari
3369 3230 3385 3280 ;
3426 3210 3585 3266 vide-

322 3308 699 3379 καταχθονίων
738 3307 876 3380 πρὸς
915 3307 1016 3379 τὴν
1052 3308 1191 3377 ὲμὴν
1217 3306 1563 3383 συγκεκυφὸς
1596 3309 1906 3383 προσκύνηο

324 3419 433 3459 σιν,
463 3419 481 3452 ι
524 3402 695 3469 Ἀςρες
717 3400 865 3470 ἄρτι,
902 3398 1046 3452 οὖτω
1073 3398 1184 3469 γὰρ
1220 3398 1430 3470 πρέπον
1456 3401 1588 3470 ἡμῖν
1618 3400 1903 3471 πληρῶσαι

325 3488 1163 3558 πᾶσανδικαιοσύνην.»Τούτων
1190 3489 1325 3563 πρὸς
1345 3488 1435 3541 τὸν
1470 3488 1722 3559 Ἰωάννην
1752 3489 1907 3563 παρά

323 3580 566 3652 Χριστοῦ
609 3581 978 3650 λαλουμένων,
1004 3582 1099 3639 καὶ
1128 3580 1264 3652 πρὸς
1293 3580 1455 3643 αὐτὸν
1497 3582 1631 3652 παρ’
1669 3582 1903 3649 ἐκείνου,

323 3680 376 3735 οἱ
422 3678 530 3731 τῶν
584 3677 851 3746 Ἰουδαίων
893 3678 1158 3749 ἀκροαταὶ
1224 3678 1667 3748 παρεστήκεισαν
1717 3678 1904 3748 δῆμοι,

325 3771 423 3831 καὶ
450 3767 571 3821 καθ’
601 3769 826 3839 ἑαυτοὺς
850 3770 1027 3837 σιωπῇ
1055 3766 1365 3837 διηπόρουν.
1392 3766 1717 3836 Θαυμαστὸν
1737 3766 1798 3819 τὸ
1824 3782 1909 3835 γι-

325 3862 574 3929 νόμενον,
618 3860 933 3929 ἐκπλήξεως
980 3860 1040 3912 τὸ
1095 3858 1419 3929 φαινόμενον
1459 3858 1642 3925 ἀξιον·
1674 3859 1703 3911 6
1740 3859 1909 3928 Φαρι-

326 3949 516 4015 σαίους
559 3947 856 4018 βαπτίζων,
907 3947 1060 4019 παρά
1092 3946 1282 4000 τούτου
1332 3946 1700 4017 βαπτισθῆναι
1730 3962 1910 4017 παρα-

328 4041 488 4096 καλεῖ
506 4058 519 4071 ’
545 4042 573 4093 6
598 4038 976 4099 Σαδδουκαίοις
1006 4038 1255 4108 φρικτὺς,
1298 4037 1434 4107 πρὸς
1463 4036 1562 4107 τὴν
1591 4036 1782 4090 τούτου
1814 4034 1910 4090 νῦν

325 4135 530 4205 ἕστηκε
586 4131 947 4201 συγκεκυφὼς
993 4131 1247 4203 θεωρίαν.
1300 4131 1357 4184 '0
1400 4129 1701 4211 νηστευτὴς
1758 4128 1911 4200 παρά

324 4221 423 4291 τοῦ
460 4226 535 4295 μὴ
571 4223 923 4294 νηστεύοντος
963 4222 1117 4305 ζητεῖ
1141 4222 1414 4292 εὐλογίας.
1467 4222 1524 4275 Ὀ
1555 4205 1773 4306 τριχίνῃ
1819 4205 1912 4275 κε-

326 4316 607 4397 χρημένος
646 4314 856 4385 ἐσθῆτι,
889 4314 992 4383 τῆς
1022 4313 1175 4385 παρὰ
1203 4313 1297 4368 τοῦ
1327 4313 1492 4385 μηδὲν
1513 4313 1755 4369 τοιοῦτον
1788 4314 1914 4367 tm.

328 4407 635 4479 φερομένου
670 4406 854 4475 ἱκέτης
886 4405 1229 4476 καθάρσεως.
1274 4405 1331 4458 ’0
1355 4407 1467 4469 τοῖς
1496 4403 1605 4458 τῶν
1641 4404 1912 4475 μελισσῶν

330 4500 477 4553 κατὰ
512 4500 611 4569 τὴν
655 4498 862 4569 ἔρημον
906 4498 1090 4560 πόνοις
1116 4497 1350 4560 καὶτοῖς
1375 4496 1483 4550 τῶν
1513 4496 1751 4567 βοτανῶν
1791 4513 1915 4557 συν-

2005 3320 2091 3377 bis
2144 3333 2233 3373 me
2283 3314 2566 3372 terrestris
2627 3311 2780 3367 orbis
2841 3309 3082 3380 judicem
3152 3305 3583 3376 praesidentem;

2005 3409 2217 3471 videbis
2255 3422 2342 3463 me
2391 3406 2460 3460 ab
2520 3403 2782 3458 omnibus
2841 3400 2947 3455 coli
3010 3398 3310 3470 gentibus;
3376 3394 3588 3449 videbis

2006 3480 2171 3559 omne
2202 3516 2342 3573 genu
2382 3497 2715 3561 caelestium,
2756 3495 3109 3550 terrestrium
3141 3502 3199 3547 et
3242 3489 3587 3546 infernorum

2007 3596 2073 3649 ad
2108 3590 2451 3648 adorandum
2488 3604 2576 3644 me
2627 3586 2791 3645 ﬂecti.
2831 3606 2850 3639 ι
2883 3584 3089 3641 Omitte
3115 3599 3282 3648 nunc,
3318 3581 3400 3637 sic
3437 3579 3586 3635 enim

2008 3701 2110 3740 nos
2140 3685 2294 3740 decet
2321 3693 2380 3745 ut
2409 3681 2787 3751 compleamus
2821 3692 3043 3735 onmem
3071 3674 3373 3744 justitiam.
3408 3691 3426 3725 ι
3464 3670 3593 3726 Haec

2009 3779 2230 3834 Christo
2289 3788 2344 3832 et
2401 3775 2613 3831 Joanne
2662 3776 2806 3833 inter
2863 3786 2923 3827 se
2985 3768 3453 3838 colloquentibus,
3494 3764 3593 3821 Ju-

2009 3872 2251 3927 daaorum
2292 3868 2634 3925 audientium
2664 3864 2844 3921 astitit
2889 3862 3071 3924 turba,
3108 3861 3202 3930 qui
3251 3860 3471 3913 attoniti
3526 3860 3593 3913 de

2010 3963 2158 4019 facto
2192 3963 2297 4016 hoc
2326 3959 2641 4016 admirabili
2672 3956 3024 4012 dubitalant.
3049 3953 3285 4021 Stupore
3304 3951 3593 4006 videbatur

2011 4057 2262 4126 dignum.
2295 4051 2401 4119 Qui
2428 4052 2577 4105 enim
2633 4050 2949 4104 Pliariszeos
2981 4043 3315 4116 baptizabat,
3369 4044 3440 4098 ab
3493 4046 3595 4098 hoc

2007 4157 2173 4219 rogat
2203 4144 2523 4217 baptizari;
2559 4143 2656 4213 qui
2691 4142 3011 4198 Sadducmis
3043 4148 3164 4195 erat
3201 4138 3592 4203 formidabilis,

2011 4241 2080 4294 ad
2122 4238 2267 4300 illius
2301 4250 2449 4290 nunc
2480 4242 2762 4304 aspectum
2788 4232 3053 4303 assurgit,
3098 4230 3328 4286 flectens
3368 4244 3545 4301 genua
3576 4242 3592 4293 ;

2009 4331 2219 4405 jejunio
2250 4329 2455 4392 clarus,
2482 4326 2552 4381 ab
2594 4340 2661 4381 eo
2707 4326 2797 4396 qui
2840 4340 2949 4379 non
3001 4325 3291 4395 jejunavit,
3340 4320 3599 4379 benedic-

2016 4426 2222 4479 tionem
2275 4420 2514 4491 quazrit;
2546 4418 2641 4489 qui
2702 4427 2851 4472 veste
2889 4434 2953 4472 ex
2995 4416 3121 4487 pilis
3158 4424 3417 4471 contexta
3475 4422 3597 4468 erat

2018 4526 2217 4579 tectus,
2247 4514 2316 4572 ab
2347 4527 2413 4567 eo
2429 4512 2523 4582 qui
2551 4511 2825 4580 ejusmodi
2870 4510 3001 4563 nihil
3038 4526 3221 4563 secum
3261 4507 3438 4571 affert,
3468 4522 3598 4576 pur-

326 4595 670 4664 τρεφόμενος
699 4595 762 4646 ὲκ
804 4592 1036 4663 βρέφους
1061 4590 1392 4663 ἀκρίσμασι·
1442 4590 1540 4662 τὴν
1588 4591 1776 4644 τούτου
1814 4590 1907 4645 νῦν

2017 4607 2294 4678 galionem
2327 4605 2557 4673 supplex
2592 4606 2761 4672 petit;
2793 4601 2885 4669 qui
2914 4617 3075 4669 :tpum
3113 4601 3167 4653 in
3198 4599 3416 4654 deserto
3449 4597 3599 4651 lahn-

329 4683 409 4747 ὡς
445 4683 749 4751 ἁγιωτέραν
778 4682 951 4751 δειλιᾷ
978 4680 1275 4735 πολιτείαν.
1311 4682 1469 4733 Ποῖον
1509 4680 1615 4751 ἄρα
1658 4680 1760 4750 τῆς
1788 4679 1914 4733 τού-

329 4792 427 4837 του
465 4775 601 4844 πρὸς
632 4772 819 4837 τοῦτον
854 4762 1130 4851 ὑπεροχῆς
1166 4772 1227 4824 τὸ
1251 4771 1542 4843 διάφορον;
1574 4772 1656 4835 τίς
1684 4772 1791 4843 ἄρα
1813 4772 1917 4842 ψῆ-

333 4884 437 4934 φος
486 4864 563 4933 τῷ
614 4865 733 4935 Θεῷ
779 4865 908 4934 περὶ
964 4863 1177 4931 τούτου,
1235 4863 1441 4933 μεταξύ
1501 4865 1600 4934 τῆς
1660 4863 1918 4935 τοιαύτης

334 4956 571 5024 ἀπορίας
606 4955 664 5018 ἐξ
690 4955 935 5025 οὐρανῶν
960 4953 1241 5024 διαδοᾷται
1268 4956 1445 5035 φωνή.
1490 4957 1734 5025 Ζητεῖτε,
1760 4955 1916 5025 φησὶ,

336 5044 463 5097 καθ’
489 5045 714 5107 ἑαυτοὺς
740 5043 835 5096 τοῦ
874 5043 1275 5113 βαπτιζομένου
1306 5044 1403 5113 τὴν
1425 5044 1679 5115 δύναμιν,
1718 5044 1919 5115 μάθετε

334 5133 432 5187 τοῦ
466 5134 797 5204 ζητουμένου
828 5134 956 5201 παρ’
986 5134 1115 5205 ὑμῖν
1147 5133 1243 5205 τὴν
1276 5135 1486 5199 οὐσίαν,
1519 5134 1693 5203 γνῶτε
1739 5136 1921 5189 Ἰωάν-

336 5244 432 5279 νου
464 5228 557 5279 καὶ
585 5226 779 5280 τούτου
813 5226 1045 5297 πηλίκον
1072 5227 1132 5280 τὸ
1157 5212 1435 5297 διάφορον.
1479 5244 1497 5278 ι
1523 5222 1693 5291 Οὗτός
1727 5230 1875 5281 ἐστιν
1895 5231 1922 5282 ὀ

338 5316 469 5380 Υἱός
507 5333 607 5386 μου
654 5317 682 5370 6
716 5316 1020 5387 ἀγαπητὸς,
1059 5318 1117 5371 ὲν
1159 5309 1205 5387 ᾦ
1249 5318 1535 5388 εὐδόκησα.
1571 5337 1590 5371 ι
1642 5320 1924 5374 Ἐντεῦθεν

352 5410 631 5480 Ἰωάννης,
658 5412 721 5464 οὐ
744 5410 887 5479 κατά
906 5411 997 5464 τὸν
1029 5413 1155 5465 ναὸν
1181 5415 1415 5466 ποιεῖται
1441 5413 1501 5465 τὸ
1525 5412 1830 5485 βάπτισμα,
1862 5413 1922 5467 οὐ

338 5501 467 5556 κατ’
500 5497 671 5566 οἷκον,
701 5502 777 5567 ὡς
813 5503 1032 5574 ἑκάστῳ
1064 5504 1381 5576 βαπτίζοντι
1422 5503 1652 5574 σύνηθες
1678 5520 1691 5536 ο
1727 5505 1841 5558 ἀλλ’
1868 5508 1924 5558 ὲν

338 5593 551 5664 ἐρημία
590 5594 685 5647 καὶ
712 5594 966 5667 ὑπαίθρῳ
991 5595 1242 5668 ποταμῷ,
1278 5596 1366 5649 ἵνα
1406 5595 1605 5659 πάντες
1634 5597 1925 5659 ἀκούοντες

340 5687 410 5739 ἐκ
439 5686 535 5755 τῆς
566 5686 625 5753 ἐξ
655 5686 900 5759 οὐρανῶν
930 5689 1071 5761 κατὰ
1102 5690 1193 5743 τὸν
1228 5688 1366 5758 ἀέρα
1409 5692 1615 5757 φωνῆς,
1649 5690 1741 5743 τὸν
1782 5707 1923 5760 παρ-

419 5888 435 5918 ’
465 5886 596 5949 Luc.
629 5907 665 5957 ι,
699 5893 786 5947 63.
866 5894 884 5923 ³
910 5891 1093 5947 Matth.
1150 5906 1230 5958 ιιι,
1270 5892 1352 5946 15.
1430 5892 1445 5920 ³
1492 5890 1679 5947 Matth.
1718 5906 1796 5958 Ill,
1839 5890 1919 5943 l7.

2020 4701 2175 4755 ribus
2213 4708 2268 4753 et
2298 4697 2595 4753 herbarum
2640 4694 2921 4748 radicibus
2973 4709 3037 4747 ac
3084 4693 3317 4769 locustis
3358 4707 3388 4746 a
3430 4706 3600 4762 puero

2019 4794 2280 4857 nutritus,
2316 4791 2480 4861 hujus
2520 4804 2666 4845 nunc
2710 4796 2972 4856 tanquam
3015 4786 3351 4838 sanctiorem
3384 4782 3601 4837 consti-

2020 4888 2287 4943 tutionem
2325 4881 2604 4939 formidat.
2656 4879 2813 4945 Quod
2869 4892 3000 4943 ergo
3057 4875 3395 4931 excellentia:
3459 4875 3601 4927 inter

2021 4980 2145 5034 illos
2190 4977 2489 5033 discrimen
2524 4983 2609 5029 est
2638 4973 2659 5025 ?
2688 4970 2849 5041 quale
2880 4970 2947 5025 de
3011 4969 3101 5023 illo
3143 4967 3287 5022 Deus
3324 4966 3429 5020 fert
3478 4966 3599 5021 suf-

2021 5068 2300 5140 fragium?
2343 5066 2555 5121 Interea
2613 5064 2743 5118 dum
2794 5075 2989 5117 onmes
3045 5060 3125 5115 sic
3195 5066 3423 5127 stupore
3472 5065 3601 5112 sunt

2022 5163 2281 5231 correpti,
2311 5177 2340 5215 e
2366 5161 2523 5216 caelis
2565 5157 2951 5213 ebuccinantis
2981 5153 3204 5208 auditur
3228 5166 3359 5206 vox:
3405 5148 3600 5219 Inqui-

2023 5256 2146 5320 rite,
2177 5252 2376 5323 inquit,
2407 5250 2550 5320 apud
2587 5265 2649 5305 se
2684 5249 2947 5317 quisque,
2988 5243 3251 5315 baptizati
3314 5242 3601 5303 virtutem.

2024 5345 2217 5400 discite
2256 5343 2555 5413 potentiam
2602 5340 2742 5411 ejus,
2785 5340 2879 5411 qui
2937 5338 3105 5409 apud.
3134 5352 3233 5392 vos
3298 5334 3601 5390 essentiam

2024 5437 2297 5508 qmesivit.
2330 5435 2658 5506 Cognoscite
2686 5443 2953 5503 quantum
3002 5432 3072 5488 sit
3123 5431 3269 5485 inter
3324 5426 3597 5484 Joannem

2026 5540 2079 5583 et
2105 5530 2247 5584 hunc
2264 5526 2587 5583 discrimen.
2629 5542 2648 5576 ι
2680 5524 2779 5579 llic
2804 5532 2889 5579 est
2923 5523 3097 5578 Filius
3148 5536 3304 5576 meus
3348 5519 3604 5583 dilectus,

2029 5623 2081 5675 in
2118 5634 2227 5691 quo
2250 5620 2382 5674 mihi
2410 5620 2544 5673 bene
2565 5616 2954 5687 complacitum
2981 5620 3063 5670 eSt
3085 5615 3105 5646 ⁸
3125 5654 3141 5670 .
3174 5634 3192 5667 ι
3220 5612 3357 5668 llinc
3386 5628 3609 5684 quoque

2029 5715 2268 5771 Joannes
2332 5730 2436 5768 non
2491 5712 2543 5767 in
2616 5710 2821 5779 templo
2879 5708 3140 5778 baptizat,
3192 5724 3291 5762 nec
3346 5706 3401 5763 in
3447 5708 3608 5762 deum
