4098 6544
590 435 725 500 1‘34?
1678 438 2128 501 PANTALEON
2139 441 2159 500 Ι

2262 437 2558 499 )IACONI
2611 434 2720 498 (ΖΡ.
3735 436 3868 503 1248

586 551 798 620 aliqua,
812 549 1276 619 quemadmodum
1295 549 1530 609 aliorum
1548 552 1931 621 unusquisque
1943 567 2161 608 consuc-

2278 550 2407 604 όντα
2455 549 2839 603 διδάσκωνται.
2888 547 3147 617 Μεγάλης
3207 550 3317 621 ἄρα
3377 550 3555 621 μέγαν
3602 554 3867 621 χορευτὴν

589 644 698 707 vit;
739 642 835 697 sed
871 642 1017 712 apud
1043 642 1327 699 desertum
1354 652 1425 698 ει·
1448 644 1541 698 dio
1582 643 1896 713 expositum
1939 643 2161 707 ﬂumen,

2280 642 2670 711 πανηγύρεως,
2700 641 2978 712 Δεσπότην
3006 642 3356 715 δεσποτικῆς,
3382 644 3676 715 βασιλικῆς
3705 647 3845 699 Bas:

585 748 697 801 quo
711 734 999 790 audientes
1017 752 1212 793 outttes
1230 751 1298 791 ex
1311 735 1524 791 caelesti
1551 736 1639 789 illa
1665 751 1763 805 per
1785 750 1968 791 aerem
1984 736 2161 789 audita

2277 731 2395 797 λέα,
2438 732 2828 804 φιλανθρώπου
2868 733 3271 805 φιλάνθρωπον.
3320 734 3381 789 Ὀ
3413 737 3524 807 γὰρ
3575 738 3744 805 ζυγός
3773 756 3867 790 σου

589 842 722 883 voce
758 837 1081 896 praesentem
1111 829 1260 884 hunc
1286 828 1604 885 discerent:
1640 843 1899 897 magnum
1922 828 2161 885 videlicet

2277 824 2533 895 χρηστὸς,
2565 818 2611 879 ὦ
2638 823 2993 895 φιλάνθρωπε
3019 825 3275 879 Βασιλεῦ·
3311 828 3407 882 καὶ
3428 828 3491 881 τὸ
3520 830 3747 898 φορτίον
3772 846 3867 881 σου

586 935 801 987 magnae
833 921 981 976 illius
1004 921 1294 992 pauegyris
1329 920 1652 991 choragum,
1679 920 1971 975 Dominum
1989 920 2161 975 domi-

2276 915 2534 986 ἐλαφρὸν,
2560 916 2638 980 ὡς
2673 915 2907 989 πρέπειν
2946 916 3083 987 πρὸς
3118 919 3264 988 ἡμᾶς
3302 917 3394 970 καί
3426 935 3510 971 σοι
3552 921 3622 971 τὰ
3652 919 3747 972 τοῦ
3772 924 3867 971 Δε-

588 1010 861 1075 nautium,
891 1021 953 1066 et
1000 1011 1204 1084 Regem
1240 1028 1430 1083 regum
1466 1028 1533 1066 ac
1591 1012 1961 1067 humanitatis
1991 1012 2161 1067 omnis

2276 1008 2481 1061 σπότου
2539 1007 2668 1079 βοᾷν
2690 1024 2706 1038 ·
2742 1026 2763 1060 ι
2798 1009 3000 1081 ’Ἄρατε
3024 1007 3116 1062 τὸν
3145 1009 3309 1078 ζυγόν
3340 1028 3439 1079 μου
3482 1011 3569 1080 ἐφ’
3592 1011 3759 1080 ὑμᾶς.
3805 1012 3866 1065 Ὀ

586 1098 817 1157 fontana.
859 1101 1058 1171 Jugutn
1091 1103 1239 1157 enim
1260 1112 1414 1157 tuum
1440 1119 1610 1159 suave
1634 1112 1738 1168 est,
1773 1118 1806 1157 ο
1833 1103 1946 1158 Rex
1972 1104 2161 1158 buma-

2272 1100 2383 1170 γὰρ
2406 1100 2569 1168 ζυγός
2602 1118 2706 1170 μου
2736 1100 2994 1171 χρηστὸς,
3021 1102 3116 1155 καὶ
3150 1102 3209 1156 τὸ
3238 1103 3459 1173 φορτίον
3492 1122 3596 1173 μου
3627 1103 3866 1175 ἐλαφρόν

586 1189 840 1252 nissime,
872 1200 924 1243 et
950 1206 1093 1247 onus
1126 1201 1278 1246 tuum
1304 1192 1440 1256 leve,
1478 1203 1537 1248 ut
1559 1193 1749 1248 deceat
1781 1209 2004 1264 quoque
2057 1193 2161 1249 haec

2272 1190 2415 1244 ἐστι.
2443 1189 2660 1243 Μὰθετε
2690 1191 2786 1245 ἀπ’
2808 1190 2945 1261 ἐμοῦ
2972 1190 3054 1245 δτι
3085 1192 3263 1262 πρᾶός
3295 1194 3435 1262 είμι.
3468 1212 3488 1244 ι
3524 1196 3638 1248 Καὶ
3665 1195 3728 1247 ού
3761 1195 3864 1265 βα-

587 1280 654 1334 ad
685 1298 785 1337 nos
822 1283 1036 1339 Domini
1070 1282 1238 1339 verba
1280 1285 1597 1340 exclamare
1627 1303 1642 1338 :
1684 1304 1703 1337 ι
1736 1284 1939 1340 Tollite
1974 1285 2169 1356 jugum

534 1416 537 1417 ν
590 1384 772 1423 meum
806 1384 974 1438 super
1008 1386 1124 1437 vos,
1149 1372 1345 1441 jugqu
1379 1372 1528 1427 enim
1550 1387 1732 1427 meum
1772 1388 1943 1429 suave
1966 1382 2073 1436 est,
2107 1382 2163 1429 et

587 1475 728 1514 unus
752 1475 932 1513 meum
982 1460 1098 1515 leve
1127 1470 1250 1528 est;
1291 1462 1490 1516 discite
1521 1477 1553 1517 a
1594 1477 1705 1526 me,
1732 1464 1994 1533 quoniam
2019 1463 2169 1520 mitis

587 1552 796 1604 sum".
826 1570 843 1603 ι
880 1550 991 1606 Nec
1040 1553 1505 1609 constitutionum
1567 1568 1740 1609 onere
1795 1569 1899 1610 nos
1950 1565 2165 1625 gravat,

584 1640 849 1710 ttunjttgo
899 1641 1292 1710 opprimimur,
1326 1656 1434 1695 non
1482 1650 1630 1699 metu
1679 1650 2023 1714 torquemur.
2072 1642 2167 1698 Ve-

588 1748 707 1785 rum
763 1732 1047 1787 timuimus
1097 1732 1345 1804 quidem,
1400 1742 1457 1788 at
1507 1734 1666 1790 liberi
1720 1751 1870 1790 nttuc
1911 1751 1943 1790 a
1993 1746 2164 1801 metu,

584 1838 694 1877 non
715 1824 881 1878 veluti
914 1834 1102 1879 sontes
1129 1834 1183 1880 et
1207 1825 1449 1881 damnati
1480 1828 1768 1883 servitutis
1799 1828 1995 1899 jugum
2024 1830 2166 1885 tole-

2273 1281 2479 1352 ρεῖτῷ
2528 1283 2945 1354 προστάγματι,
2997 1284 3060 1337 ού
3118 1283 3270 1355 ζυγῷ
3321 1285 3703 1357 δαμαζόμεθα,
3759 1287 3862 1358 οὐχ

2270 1374 2565 1446 ὑπερόγκῳ
2625 1374 3031 1446 κατακλώμεθα
3092 1377 3269 1447 φόϐῳ,
3326 1379 3463 1433 ἀλλά
3530 1380 3862 1449 δεδοίκαμεν

2273 1464 2395 1535 μὲν,
2428 1464 2730 1535 ἐλευθέρων
2753 1465 2811 1518 δὲ
2847 1466 3018 1535 φόϐῳ,
3053 1467 3114 1519 οὐ
3144 1468 3481 1533 καταδίκων,
3507 1470 3744 1539 ἕλκομεν
3767 1471 3861 1523 τὸν

2266 1555 2367 1625 τῆς
2421 1557 2667 1621 δουλείας
2712 1557 2898 1626 ζυγὸν,
2943 1558 3060 1612 ἀλλ’
3090 1559 3340 1630 ἡδόμενοι
3369 1562 3570 1631 μᾶλλον
3612 1564 3645 1633 ἢ
3678 1564 3860 1633 βαρυ-

2267 1648 2505 1719 νόμενοι.
2565 1650 2697 1720 Εῖης
2751 1650 2933 1704 τοίνυν
2981 1652 3115 1722 ἡμῖν
3172 1652 3547 1717 πολυελίκτοις
3610 1657 3859 1725 σωζόμεο

2265 1755 2353 1801 νος
2389 1738 2600 1793 ἐτεσιν·
2627 1740 2875 1812 ἐπιδοίης
2926 1741 3064 1812 πρὸς
3109 1742 3284 1811 μῆκος
3325 1743 3632 1808 πολυετίας.
3662 1746 3857 1798 Γένοιο

2264 1829 2618 1901 πρεσϐύτης
2670 1829 2730 1883 ὃν
2777 1831 3113 1903 ἐπιστεύθης
3163 1832 3291 1887 λαὸν
3338 1835 3632 1905 ἠνιοχοίης.
3684 1836 3856 1889 Εἴποι

586 1930 772 1968 tamus
799 1932 813 1981 ;
847 1917 941 1971 sed
980 1916 1247 1986 voluptati
1276 1918 1453 1988 magis
1478 1934 1644 1988 quam
1676 1919 1833 1974 oneri
1871 1919 2033 1975 nobis
2054 1930 2161 1976 est.

2268 1922 2364 1975 καὶ
2420 1921 2559 1993 πρὸς
2627 1923 2687 1975 σέ
2749 1923 2779 1976 ό
2842 1923 2997 1988 Θεὸς,
3057 1924 3158 1997 τὴν
3216 1924 3327 1977 τῶν
3389 1927 3454 1979 ἐκ
3513 1928 3605 1981 σοῦ
3662 1945 3855 1981 τικτο-

586 2006 674 2059 Sis
702 2005 870 2076 igitur
907 2008 1064 2061 nobis
1101 2007 1493 2078 multiplicatos
1537 2018 1791 2065 servatus
1842 2009 1895 2064 itt
1942 2026 2159 2077 annos;

582 2098 961 2153 diuturnitatis
991 2098 1320 2170 longitudini
1339 2109 1393 2155 tu
1417 2101 1796 2171 superaddas;
1831 2103 1928 2158 lias
1954 2118 2122 2157 senex
2146 2120 2160 2165 ;

585 2202 640 2244 ιιι
674 2191 935 2262 populum
967 2209 1129 2262 quem
1162 2195 1395 2248 sortitus
1433 2210 1513 2258 es,
1539 2194 1767 2265 dirigas.
1807 2192 1964 2249 Dicat
1994 2195 2064 2250 ad
2112 2204 2166 2250 te

582 2298 803 2352 quoque
832 2281 976 2338 Deus
1004 2302 1017 2338 :
1051 2284 1300 2353 Regnum
1328 2299 1518 2339 eorum
1550 2286 1643 2355 qui
1668 2301 1732 2339 ex
1766 2293 1819 2340 te
1844 2298 2165 2349 nascentur,

581 2374 957 2443 propagando,
988 2377 1200 2447 augebo
1218 2385 1270 2432 te
1300 2378 1653 2431 vehementer
1678 2377 1863 2441 nimis,
1886 2389 1939 2433 et
1968 2392 2166 2447 ponam

584 2474 636 2518 te
669 2466 721 2518 in
753 2477 965 2536 gentes,
1000 2477 1056 2523 et
1098 2483 1260 2539 reges
1284 2484 1350 2556 es
1392 2478 1443 2523 te
1480 2469 1806 2539 prodibant.
1843 2470 1899 2523 ιιι
1943 2469 2164 2524 Christo

2267 2013 2446 2084 μένων
2499 2013 2779 2084 βασιλείαν
2830 2015 3152 2087 κηρύττων,
3213 2017 3443 2083 Δύξανῶ
3504 2036 3563 2072 σε
3631 2021 3850 2091 σφόδρα

2270 2094 2569 2175 σφοδρῶς,
2605 2108 2701 2161 καὶ
2763 2106 2916 2177 θήσω
2976 2124 3037 2161 σε
3104 2109 3186 2172 είς
3235 2108 3385 2181 ἔθνη,
3445 2110 3541 2164 καὶ
3602 2111 3852 2182 βασιλεῖς

2268 2197 2333 2250 ἐκ
2362 2196 2456 2250 σοῦ
2486 2197 2880 2262 ἐξελεύσονται.
2926 2198 3015 2251 Ἐν
3059 2199 3282 2271 Χριστῷ
3324 2202 3497 2273 Ἰησοῦ
3537 2202 3614 2273 τῷ
3653 2205 3851 2274 Κυρίῳ

2267 2288 2449 2358 ἡμῶν,
2479 2282 2523 2357 ᾧ
2548 2289 2749 2360 πρέπει
2781 2291 2932 2344 πᾶσα
2961 2290 3109 2359 δόξα,
3140 2292 3274 2363 τιμὴ
3312 2295 3407 2347 καὶ
3448 2297 3844 2367 προσκύνησις,

2269 2380 2384 2442 νῦν,
2443 2380 2538 2435 καὶ
2586 2381 2696 2447 ἀεὶ,
2750 2382 2847 2435 καὶ
2896 2383 2976 2447 είς
3024 2385 3155 2448 τοὺς
3202 2384 3405 2450 αἰῶνας
3455 2386 3562 2440 τῶν
3601 2387 3842 2443 αἰώνων.

2279 2471 2476 2542 Ἀμήν.

581 2556 711 2612 ,Ιοδιι
752 2558 986 2616 Domino
1019 2569 1232 2629 nostro,
1272 2562 1363 2618 cui
1404 2562 1478 2618 sit
1525 2562 1708 2618 Omnis
1756 2562 1956 2633 gloria,
2028 2561 2205 2617 honor
2242 2572 2296 2618 et
2361 2564 2640 2620 veneratio
2678 2580 2829 2622 nunc
2857 2574 2913 2621 et
2939 2580 3180 2637 semper,
3222 2575 3280 2623 et
3316 2568 3373 2623 in
3418 2568 3613 2625 saecula
3666 2584 3847 2625 saecu-

582 2653 783 2709 lorum.
825 2654 1022 2711 Amen.

554 2910 555 2913 η
582 2860 930 2914 Ραοιιαίεοοὶε
966 2870 1167 2916 sancta:
1196 2862 1291 2916 Dei
1318 2862 1530 2932 Magum
1568 2864 1806 2918 ecrlrsiu'
1827 2862 2066 2927 diaconi,
2105 2862 2160 2915 in

650 2932 1093 3001 gloriosissimam
1120 2932 1334 2986 Domini
1368 2950 1430 2987 ac
1466 2934 1560 2989 Dei
1580 2945 1632 2988 et
1664 2933 1959 2987 Saluatoris
1991 2932 2161 2987 nostri

650 2999 783 3055 Iesu
819 2999 1019 3057 Christi
1054 3000 1604 3073 Transﬁgurationem
1641 3002 1829 3059 Oratio
1858 3001 1910 3058 Ι.

3026 2768 3101 2822 B'.

2263 2863 2720 2929 Πανταλέοντος
2760 2862 3047 2917 διακόνου
3088 2861 3195 2933 τοῦ
3232 2858 3390 2917 ’Θεοῦ
3432 2863 3712 2933 Μεγάλης
3740 2882 3843 2917 εκ-

2334 2935 2629 3001 κλησίαςο
2659 2937 2749 2999 εἱς
2777 2933 2893 3000 τὴν
2918 2932 3329 2999 ὑπερένδοξον
3364 2932 3847 3001 Μεταμόρςρωσιν

2334 3006 2441 3060 τοῦ
2492 3005 2722 3074 Κυρίου,
2752 3006 2847 3057 καὶ
2881 3003 3029 3058 Θεοῦ
3063 3004 3163 3056 καὶ
3204 3002 3479 3074 Σωτῆρος
3507 3003 3678 3073 ἡμῶν
3725 3006 3843 3072 ἰη-

2334 3075 2451 3129 σοῦ
2482 3073 2738 3142 Χριστοῦ
2768 3076 2957 3144 Λόγος
2988 3078 3069 3129 A'.

652 3160 692 3214 li
721 3159 977 3230 quidem,
1028 3161 1123 3231 qui
1170 3163 1341 3232 probe
1387 3163 1455 3217 ad
1517 3173 1799 3219 certamen
1859 3162 2159 3233 comparati

2334 3169 2396 3222 Οί
2439 3168 2539 3238 μὲν
2564 3161 2624 3221 εὖ
2667 3165 2869 3228 εἰδότες
2897 3165 3105 3230 ἀθλεῖν,
3141 3166 3253 3227 τοῖς
3286 3164 3395 3217 τῶν
3431 3164 3721 3233 θεωμένων
3747 3167 3843 3233 ἐφ-

579 3250 878 3318 exsistunt,
912 3262 1283 3321 spectatorum
1317 3253 1666 3308 delectantur
1697 3255 2003 3325 plausibus,
2037 3270 2160 3324 spe-

580 3360 688 3414 que
715 3345 1067 3415 praemiorum
1102 3345 1169 3398 ad
1195 3362 1494 3415 congruam
1526 3347 1662 3417 ipsis
1694 3347 1980 3400 victoriam
2035 3347 2159 3401 ani-

582 3439 688 3493 mis
720 3447 999 3491 acuuntur
1031 3455 1046 3492 :
1084 3438 1180 3491 sed
1217 3446 1272 3492 et
1329 3438 1407 3501 ii,
1444 3439 1536 3508 qui
1574 3438 1671 3493 Dei
1706 3439 1848 3492 dona
1894 3439 2157 3507 consequi

580 3527 834 3597 cupiunt,
874 3528 1080 3598 quique
1112 3529 1228 3599 spei
1256 3531 1468 3585 sanctis
1504 3530 1747 3599 quaesita:
1781 3531 2159 3601 participatio-

578 3635 706 3673 nem
756 3620 972 3684 sitiuut,
1036 3620 1213 3682 avide,
1271 3620 1494 3688 pietatis
1550 3636 1683 3690 ergo
1741 3621 1796 3675 in
1844 3620 2156 3685 Christum,

579 3710 882 3767 certamina
934 3712 1345 3781 amplexantur,
1394 3723 1822 3782 emercnturque
1872 3714 2157 3783 probatam

579 3804 786 3872 vitam;
838 3819 943 3859 non
976 3804 1251 3875 ignaviam
1284 3806 1494 3874 absque
1535 3806 1785 3860 mercede
1825 3804 2156 3875 prteferunt;

582 3913 751 3953 uecve
803 3896 1176 3952 ell‘eminatam
1230 3897 1469 3968 diligunt
1521 3897 1873 3952 timiditatem
1923 3914 1938 3950 :
1982 3897 2156 3967 quin,

581 3991 725 4044 virili
763 4002 1002 4060 pectore,
1038 3990 1397 4045 tentationetn
1438 4006 1683 4055 omnem,
1728 4006 1793 4045 ac
1822 3991 2161 4061 persecutio-

582 4098 712 4137 num
765 4083 1046 4148 incursus,
1081 4083 1235 4152 parvi
1284 4082 1445 4152 plaue
1490 4083 1776 4153 pendunt;
1829 4082 2160 4152 divitiasque

580 4185 858 4244 reputant,
900 4185 961 4230 ut
1000 4192 1098 4246 pro
1146 4192 1210 4229 ea
1257 4175 1390 4244 quid
1444 4174 1746 4244 patiantur.
1796 4174 2161 4230 Memincruut

577 4271 726 4324 enim
770 4270 915 4325 beati
947 4269 1101 4324 Pauli
1141 4270 1196 4322 itt
1249 4270 1365 4323 haec
1391 4268 1559 4322 verba
1594 4268 1894 4323 scribentis
1929 4286 1943 4323 :
1984 4286 2004 4319 ‹
2039 4266 2159 4321 Νοιι

581 4373 713 4418 sunt
747 4363 1037 4433 condigna:
1070 4361 1359 4431 passiones
1398 4360 1568 4429 hujus
1596 4360 1881 4431 temporis.
1914 4360 1979 4414 ad
2017 4359 2162 4414 futu-

2261 3258 2480 3329 ήδονται
2526 3257 2784 3327 κρότοις⁸
2820 3255 2916 3310 καὶ
2956 3250 3077 3320 ταῖς
3132 3255 3243 3309 τῶν
3299 3254 3566 3327 βραϐείων
3619 3255 3844 3308 ἐλπίσιν

2260 3348 2587 3403 ἀκονοῦνται
2622 3347 2761 3421 πρὸς
2780 3347 2879 3419 τὴν
2909 3347 3093 3412 αὐτοῖς
3122 3346 3441 3419 πρέπουσαν
3478 3348 3633 3418 νίκην
3659 3364 3677 3377 ·
3700 3349 3753 3400 oi
3783 3349 3839 3401 δέ

2260 3458 2324 3509 γε
2345 3440 2453 3493 τῶν
2479 3438 2641 3493 θείων
2667 3438 3025 3511 χαρισμάτων
3060 3440 3340 3510 ἐπιτυχεῖν
3381 3439 3718 3511 γλιχόμενοι,
3750 3442 3841 3494 καί

2260 3533 2358 3603 τῆς
2406 3533 2522 3596 τοῖς
2583 3531 2761 3601 ἁγίοις
2811 3530 3248 3603 εὐτρεπισμένης
3313 3530 3525 3595 ἐλπίδος
3575 3530 3838 3600 διψῶντες

2259 3623 2357 3695 τὴν
2413 3622 2653 3693 μέθεξιν,
2676 3622 2805 3687 τοὺς
2848 3622 2990 3692 ὑπὲρ
3039 3622 3140 3693 τῆς
3164 3623 3243 3687 είς
3280 3622 3513 3694 Χριστὸν
3552 3622 3838 3686 εὐσεϐείας

2259 3715 2500 3785 ἀγῶνας,
2528 3715 2845 3787 προσίενται
2885 3715 2988 3787 μὲν
3018 3715 3275 3788 ἀσμένως
3294 3732 3309 3746 ο
3339 3715 3439 3787 τὴν
3472 3715 3759 3786 εὐδόκιμον
3784 3717 3836 3768 δὲ

2262 3808 2590 3881 κατορθοῦσι
2643 3808 2822 3881 ζωὴν,
2878 3809 2938 3862 ού
3003 3807 3096 3862 τὸν
3165 3807 3396 3879 ἄμισθον
3463 3807 3837 3880 προτιμῶντες

2266 3902 2448 3967 ὄκνον,
2479 3901 2602 3955 οὔτε
2636 3902 2744 3972 μὴν
2801 3899 2900 3973 τὴν
2930 3900 3193 3971 ἄνανδρον
3235 3899 3556 3968 ἀγαπῶντες
3598 3898 3834 3953 δειλίανο

2261 3993 2743 4067 κατανδριζόμενοι
2772 3993 2830 4047 δὲ
2889 3992 3090 4063 μᾶλλον
3140 3992 3342 4055 παντὸς
3381 3992 3712 4063 πειρασμοῦ,
3748 3995 3838 4044 καὶ

2259 4086 2355 4148 τὰς
2381 4084 2489 4138 τῶν
2523 4084 2779 4155 διωγμῶν
2829 4083 3050 4152 ἐφόδους
3076 4081 3261 4150 ὀλίγου
3310 4082 3590 4145 παντελῶς
3618 4082 3837 4146 ἀξιοῦν-

2259 4196 2353 4242 τες
2396 4178 2577 4248 λόγου,
2610 4178 2705 4231 καὶ
2754 4178 2982 4230 πλοῦτον
3037 4177 3334 4248 ἡγούμενοι
3379 4177 3441 4230 τὸ
3474 4175 3661 4228 παθεῖν
3696 4174 3837 4243 ὑπὲρ

2238 4258 2447 4325 αὑτοῦ.
2524 4268 2936 4340 Διαμέμνηνται
3014 4269 3122 4339 γὰρ
3180 4268 3274 4321 τοῦ
3341 4269 3612 4338 μακαρίου
3704 4267 3837 4338 γρᾶ-

2262 4379 2456 4431 φοντος
2519 4360 2734 4414 Παύλου
2760 4376 2774 4390 ’
2808 4361 2890 4414 ὅτι
2928 4378 2946 4410 ι
2976 4360 3089 4413 Ούκ
3123 4359 3250 4423 ἀξια
3294 4359 3363 4412 τά
3398 4360 3699 4430 παθήματα
3746 4358 3836 4410 τοῦ

583 4473 700 4511 ram
743 4457 974 4526 gloriam
1029 4470 1153 4524 qua:
1196 4452 1532 4507 rchlabitur
1577 4450 1631 4506 in
1691 4452 1848 4506 nobis
1868 4453 1910 4506 ⁸.
1950 4469 1968 4503 ι
2017 4449 2159 4506 Vide

2262 4454 2356 4508 νῦν
2376 4453 2573 4526 καιροῦ
2606 4453 2740 4526 πρὸς
2762 4452 2861 4525 τὴν
2885 4451 3185 4523 μέλλουσαν
3204 4451 3362 4516 δόξαν
3384 4449 3837 4519 ἀποκαλυφθῆναι

584 4549 776 4619 igitur,
829 4548 1032 4618 quibus
1066 4556 1120 4601 et
1158 4545 1343 4608 modo,
1385 4544 1613 4613 provide
1665 4543 1989 4610 admodum,
2024 4558 2159 4598 usus

582 4643 654 4696 sit
694 4640 761 4694 ad
810 4649 1127 4695 sanctorum
1179 4637 1553 4707 apostolorum
1610 4636 1962 4691 commodum
1999 4646 2161 4705 atque

580 4733 1028 4799 :adilieatiouem,
1080 4730 1347 4785 Dominus
1382 4729 1548 4785 Jcsus
1600 4729 1881 4784 Christus.
1932 4728 2160 4782 Dixerat

580 4826 854 4892 siquidem
900 4824 966 4878 ad
998 4838 1094 4880 eos
1127 4842 1140 4879 :
1173 4841 1191 4875 ι
1230 4823 1287 4877 Si
1333 4825 1458 4893 quis
1505 4822 1624 4877 vult
1656 4830 1777 4892 post
1817 4837 1903 4875 me
1948 4822 2158 4887 venire,

581 4918 819 4987 abneget
852 4915 1231 4985 semetipsum,
1265 4922 1318 4967 et
1352 4914 1507 4969 tollat
1535 4928 1754 4968 crucem
1788 4928 1944 4967 suam
1975 4910 2161 4981 quoti-

580 5011 693 5076 die,
739 5018 794 5065 et
841 5017 1105 5078 sequatur
1154 5022 1261 5060 me.
1304 5007 1409 5073 Qui
1458 5006 1605 5060 enim
1640 5004 1874 5059 voluerit
1920 5004 2159 5058 animant

580 5120 737 5159 sitam
772 5102 981 5157 salvam
1024 5099 1225 5163 facere,
1268 5100 1458 5170 perdet
1487 5114 1607 5152 eam
1643 5117 1657 5152 :
1699 5097 1793 5167 qui
1831 5106 2013 5150 autem
2043 5111 2163 5164 per-

581 5194 786 5248 diderit
832 5193 1074 5247 animam
1119 5206 1276 5247 suam
1328 5201 1554 5260 propter
1594 5204 1704 5253 me,
1754 5189 1962 5243 salvam
1999 5185 2163 5241 faciet

585 5288 734 5341 iltam
758 5288 799 5340 ⁷.
834 5307 851 5338 ι
905 5284 1155 5339 Salubris
1197 5299 1259 5339 ea
1296 5282 1518 5354 quidem
1562 5280 1893 5345 admonitio,
1921 5294 1987 5335 ac
2034 5294 2165 5334 san-

584 5379 689 5433 etis
719 5391 1001 5445 congrua;
1038 5390 1271 5445 qua-que
1297 5387 1594 5444 supernam
1620 5370 1881 5427 conciliet
1908 5369 2162 5441 gloriam,

586 5486 653 5531 ac
685 5469 927 5540 requiem
972 5468 1271 5538 jucundam
1329 5473 1568 5537 praestet.
1622 5462 1740 5518 Non
1805 5462 1951 5517 enim
2007 5469 2166 5516 vacat

596 5563 867 5625 mercede,
907 5572 965 5616 ιιι
995 5561 1121 5631 quis
1154 5575 1254 5629 pro
1283 5558 1502 5613 Christo
1531 5558 1640 5628 pati
1680 5557 1847 5627 eligat
1878 5573 1891 5610 :
1919 5554 2167 5623 adeoque

586 5663 808 5709 aeternae
862 5654 1048 5721 gloria:
1112 5632 1407 5721 participes
1460 5649 1645 5705 ellicit.
1704 5648 1974 5704 Caeterum
2037 5662 2162 5701 cum

592 5744 830 5801 necdum
859 5743 1116 5814 discipuli
1148 5762 1166 5795 ι
1194 5742 1453 5797 virtutem
1478 5755 1545 5795 ex
1573 5740 1682 5795 alto
1705 5737 2107 5810 accepissent”,
2140 5757 2159 5790 ι

669 5879 690 5911 ⁸
718 5877 904 5935 Matth.
943 5895 1020 5943 iit,
1044 5878 1134 5944 ‘29,
1165 5878 1254 5934 50.
1332 5879 1352 5908 ⁹
1376 5874 1537 5931 llum.
1573 5890 1689 5939 vttt,
1733 5875 1815 5931 l8.
1894 5876 1911 5906 ⁷
1936 5873 2071 5929 Luc.
2102 5890 2179 5941 ix,
2210 5872 2404 5927 23-235.

2262 4547 2343 4611 είς
2402 4548 2588 4617 ἡμᾶς’
2628 4566 2644 4597 ι
2688 4546 2880 4617 Ἀθρει
2928 4544 3219 4616 τοιγαροῦν
3275 4544 3342 4597 δι’
3389 4542 3503 4607 οὓς,
3558 4542 3837 4612 οἰκονομία

2261 4638 2537 4709 παγκαλεῖ
2558 4637 2935 4709 κεχρησμένον
2965 4638 3059 4689 καὶ
3075 4636 3170 4689 νῦν
3197 4635 3290 4689 τὸν
3315 4635 3520 4707 Κύριον
3543 4635 3701 4706 ἡμῶν
3735 4636 3836 4705 ’1ης

2262 4731 2387 4785 σοῦν
2412 4731 2648 4801 Χριστὸν
2682 4731 2762 4792 είς
2811 4728 2998 4800 ὄνησιν
3042 4729 3136 4783 καὶ
3184 4727 3475 4798 οἰκοδομὴν
3522 4727 3631 4779 τῶν
3662 4725 3831 4794 ἁγίων

2262 4820 2600 4874 ἀποστόλων.
2636 4818 2780 4890 Ἔφη
2810 4819 2908 4889 μὲν
2940 4818 3050 4890 γὰρ
3078 4817 3215 4889 πρὸς
3235 4816 3433 4880 αὐτούς
3454 4833 3468 4847 ·
3492 4833 3511 4867 ι
3542 4816 3613 4869 Εἴ
3638 4833 3721 4879 τις
3752 4816 3837 4867 θέο

2262 4914 2344 4967 λει
2373 4912 2548 4967 όπίσω
2579 4928 2681 4981 μου
2711 4910 3047 4977 ἀκολουθεῖν,
3071 4910 3481 4983 ἀπαρνησάσθω
3500 4910 3713 4972 ἑαυτὸν,
3748 4910 3837 4962 καὶ

2262 5005 2449 5076 ἀράτω
2474 5003 2567 5057 τὸν
2604 5002 2839 5074 σταυρὸν
2872 5003 3037 5057 αὐτοῦ
3072 5002 3196 5057 καθ’
3222 5003 3459 5073 ἡμέραν,
3486 5005 3581 5057 καὶ
3614 5003 3833 5059 ἀκολου-

2264 5097 2427 5151 θείτω
2459 5114 2571 5167 μοι.
2607 5098 2705 5161 Ὃς
2750 5096 2859 5165 γὰρ
2883 5095 3027 5149 θέλει
3075 5096 3173 5167 τὴν
3208 5096 3388 5166 ψυχὴν
3444 5095 3609 5149 αὑτοῦ
3644 5095 3833 5160 σῶσαι,

2212 5229 2222 5239 .
2264 5188 2522 5244 ἀπολέσει
2564 5188 2734 5257 αὐτὴν
2756 5205 2771 5220 ο
2812 5190 2908 5251 Ὃς
2937 5187 2983 5240 δ’
3015 5188 3081 5242 ἂν
3126 5187 3384 5241 ἀπολέσει
3410 5189 3509 5256 τὴν
3536 5187 3715 5259 ψυχὴν
3744 5188 3835 5240 αύ-

2264 5280 2355 5334 τοῦ
2409 5280 2596 5353 ἕνεκεν
2646 5279 2803 5349 ἐμοῦ,
2839 5279 3062 5355 εὑρήσει
3105 5278 3298 5349 αὑτήν.
3355 5297 3374 5330 ι
3413 5280 3522 5332 Καὶ
3576 5280 3834 5349 σωτήριον

2270 5372 2369 5444 μὲν
2427 5373 2489 5424 τὸ
2546 5371 2917 5442 παράγγελμα
2943 5388 2956 5400 ο
2987 5369 3079 5424 καὶ
3132 5370 3345 5441 πρέπον
3374 5370 3551 5438 ἁγίοις
3571 5385 3587 5399 °
3621 5370 3714 5423 καὶ
3739 5370 3834 5437 τῆς

2266 5464 2527 5517 ἀνωτάτω
2574 5461 2836 5532 πρόξενον
2872 5461 3029 5531 δόξης
3052 5501 3069 5527 ,
3099 5460 3194 5514 καὶ
3224 5463 3325 5533 τῆς
3367 5462 3445 5524 είς
3503 5460 3655 5530 λῆξιν
3682 5462 3834 5528 θυμι-

2266 5556 2384 5618 δίας
2438 5553 2817 5624 ἐμποιητικόν.
2877 5553 2950 5605 Τὸ
3006 5552 3114 5622 γὰρ
3168 5552 3232 5605 τὸ
3275 5551 3469 5605 παθεῖν
3512 5551 3723 5605 ἑλέσθαι
3750 5549 3833 5602 διὰ

2268 5646 2524 5718 Χριστὸν,
2552 5646 2654 5699 οὐκ
2692 5644 2927 5716 ἄμισθον
2950 5660 2966 5675 ο
2996 5644 3200 5715 μᾶλλον
3232 5644 3287 5697 δὲ
3306 5646 3406 5713 τῆς
3435 5643 3653 5698 αἰωνίου
3680 5641 3829 5708 δόξης

2271 5740 2543 5808 περιποιεῖ
2587 5736 2689 5807 τὴν
2727 5734 2966 5805 μέθεξιν.
3019 5733 3165 5804 Πλὴν
3209 5733 3362 5790 οὔπω
3399 5752 3420 5785 ι
3456 5720 3555 5805 τὴν
3584 5733 3641 5795 ἐξ
3670 5730 3826 5798 Matt;

2484 5869 2658 5926 ειυ..
