4098 6504
209 337 348 404 1249

955 341 1216 403 SERMO
1249 342 1275 402 1
1315 336 1399 400 ῘΝ
1457 334 2301 400 ΤΒΛΝΞΕΙϐΗΒΑΤΙῡΝΕΜ
2339 340 2408 401 D.
2436 339 2509 401 N.
2548 339 2606 401 Ι.
2646 340 2712 404 C.

205 457 447 527 δύναμιν
475 454 778 527 ἐσχηκότας
818 472 838 507 ι
878 455 1009 519 τοὺς
1051 455 1306 526 μαθητάς
1330 491 1346 517 ,
1372 453 1522 516 είκδς
1561 448 1631 523 ἦν
1665 452 1792 520 τάχα

1907 464 2004 519 par
2041 448 2183 506 forte
2224 460 2346 507 erat
2375 450 2630 507 utetiam
2666 450 2876 523 aliquid
2912 451 3170 510 humana:
3202 454 3501 511 imbecilli-

208 566 317 602 που
348 549 443 601 καὶ
476 547 853 619 ἀνθρωπίναις
891 549 1217 617 περιπεσεῖν
1238 546 1550 610 ἀσθενείαις
1577 561 1593 577 ·
1628 544 1724 598 καί
1748 560 1802 595 τι

206 640 456 695 τοιοῦτον
482 640 865 704 καθ”ἑαυτοῦς
894 640 1283 711 ὲννεναηκότας
1313 641 1510 694 εἰπεῖν.
1550 639 1675 702 Πῶς
1702 638 1803 708 ἀρ-

208 735 441 806 νήσεται
489 750 576 798 τις
637 734 866 788 ἑαυτόν·
902 734 935 805 ἢ
970 734 1089 798 πῶς
1138 734 1413 798 ἀπολέσας
1448 732 1550 804 τὴν
1600 730 1801 787 ἑαυτοῦ

209 826 415 897 ψυχὴν,
445 826 669 898 εὑρήσει
727 825 892 880 πάλιν
932 826 1107 898 αὐτήν
1137 842 1151 889 ;
1183 825 1249 879 Τί
1278 826 1337 880 δὲ
1364 827 1481 889 τοῖς
1506 823 1665 879 τοῦτο
1692 842 1801 879 πα-

215 917 374 971 θοῦσι
398 917 459 971 τὸ
489 916 811 972 ίσοστάλοῦν
859 918 1015 973 ἔσται
1046 920 1293 992 χάρισμα
1320 936 1335 983 ;
1366 918 1453 972 ἵνα
1483 916 1664 971 τοίνυν
1690 917 1803 970 τῶν

212 1009 478 1063 τοιούτων
508 1008 706 1074 αὐτοὺς
736 1011 1027 1085 ἀποστήσῃ
1075 1012 1171 1064 καὶ
1209 1008 1487 1081 λογισμῶν
1508 1010 1602 1064 καὶ
1629 1010 1805 1081 ῥημά-

212 1115 352 1156 των’
380 1102 475 1155 καὶ
497 1096 611 1155 οἷον
671 1105 1088 1175 μεταχαλκεύσῃ
1132 1106 1272 1176 πρὸς
1322 1102 1640 1175 εὐανδρείαν
1659 1145 1674 1170 ,
1702 1104 1803 1174 τῆς

215 1194 590 1267 δοθησομένης
629 1195 811 1261 αὐτοῖς
861 1197 1115 1262 εὐκλείας
1173 1196 1476 1265 ἐπιθυμίαν
1519 1197 1796 1251 ἐντεκὼν·

221 1304 243 1336 ι
279 1286 439 1353 Λέγω
460 1285 611 1355 ύμῖν,
641 1286 825 1356 φησὶν,
865 1286 973 1340 είσί
1023 1304 1167 1350 τινες
1195 1291 1306 1340 τῶν
1341 1280 1443 1340 ὦδε
1470 1287 1799 1358 ἑστηκότων,

214 1379 268 1431 οῖ
300 1394 444 1436 τινες
467 1378 517 1430 οῖ
551 1378 627 1448 μὴ
658 1378 948 1445 γεύσονται
988 1379 1221 1432 Θανάτου
1243 1421 1258 1447 ,
1285 1379 1393 1444 ἕως
1435 1381 1502 1433 ἂν
1529 1379 1680 1434 ίδωσι
1703 1382 1802 1451 τὴν

213 1468 498 1539 βασιλείαν
534 1467 632 1521 τοῦ
663 1467 824 1524 Θεοῦ.
871 1488 892 1523 ι
926 1468 1079 1541 *Δρά
1111 1487 1175 1538 γε
1217 1472 1298 1534 είς
1323 1471 1580 1543 τοσοῦτον
1616 1471 1802 1536 αὐτοῖς

211 1561 605 1632 ἐπιταθήσεται,
635 1562 795 1632 φησὶ,
853 1560 917 1615 τὸ
946 1562 1047 1633 τῆς
1096 1562 1247 1633 ζωῆς
1278 1562 1499 1635 μέτρον,
1534 1561 1678 1617 ὥστε
1707 1565 1803 1617 καὶ

216 1656 301 1716 είς
325 1654 571 1717 ἐκείνους
601 1654 809 1723 φθάσαι
831 1655 959 1718 τοὺς
992 1654 1238 1725 χρόνους,
1267 1654 1390 1709 καθ’
1423 1655 1518 1720 οὓς
1553 1655 1647 1709 ἐπὶ
1678 1672 1804 1709 συν-

212 1746 399 1817 τελείᾳ
434 1745 544 1799 τῶν
572 1746 785 1801 αἰώνων
815 1746 877 1811 ἐξ
903 1746 1137 1816 ούρανοῦ
1179 1747 1480 1814 κατελθὼν,
1513 1749 1798 1803 ἀποκατα-

216 1838 409 1908 στήσει
436 1840 550 1902 τοῖς
585 1838 784 1905 ἁγίοις,
817 1838 917 1910 τὴν
942 1840 1362 1912 ἡτοιμασμένην
1401 1840 1588 1906 αὐτοῖς
1637 1840 1795 1912 βασι-

213 1928 366 1983 λείαν
390 1944 405 1996 ;‘
437 1930 553 1983 ἀλλ⁹
582 1926 652 2002 ἦν
681 1930 780 2002 μὲν
810 1931 906 1985 καὶ
932 1930 1092 1986 τοῦτο
1118 1933 1341 2001 ἐφικτὸν
1391 1933 1542 2005 αὐτῷ
1566 1949 1581 1965 θ
1614 1934 1794 1989 πάντα

212 2020 325 2092 γὰρ
348 2020 594 2085 δύναται,
630 2024 726 2076 καὶ
780 2023 933 2077 οὐδὲν
979 2023 1263 2095 ἀμήχανον
1295 2025 1327 2095 ἢ
1379 2025 1639 2097 ἀνήνυτον
1678 2029 1794 2089 τοῖς

211 2112 383 2168 αὑτοῦ
409 2112 899 2176 πανσθενεστάτοις
939 2114 1194 2183 νεύμασι.
1247 2115 1534 2169 Βασιλείαν
1564 2117 1622 2170 δὲ
1653 2117 1791 2171 Θεοῦ

212 2220 382 2274 φησιν
427 2204 602 2274 αὐτὴν
656 2205 758 2274 τὴν
808 2204 937 2259 θέαν
989 2205 1094 2284 τῆς
1135 2206 1405 2277 δόξης,ὲν
1503 2209 1597 2261 καὶ
1629 2209 1792 2273 αὐτὸς

210 2298 513 2367 ὀφθήσεται
542 2296 664 2350 κατ’
688 2298 867 2351 ἐκεῖνο
899 2297 1117 2368 καιροῦ,
1169 2299 1293 2352 καθ’
1323 2299 1383 2351 ὃν
1412 2299 1479 2353 ἂν
1503 2300 1791 2372 ἐπιλάμψῃ

209 2388 330 2449 τοῖς
354 2387 447 2439 ἐπὶ
471 2386 571 2455 τῆς
600 2387 704 2456 γῆς
726 2402 742 2418 ⁸
773 2406 793 2439 ι
826 2387 989 2452 Ἥξει
1017 2389 1125 2459 γάρ
1155 2389 1215 2441 ἐν
1247 2388 1373 2459 δόξῃ
1404 2389 1498 2443 τοῦ
1535 2390 1670 2443 Θεοῦ
1696 2392 1790 2444 καὶ

214 2479 431 2549 Πατρός
455 2495 470 2509 ·
506 2479 599 2532 καὶ
627 2480 727 2531 οὐκ
770 2468 829 2534 ἕν
872 2496 938 2548 γε
995 2479 1195 2549 μᾶλλον
1242 2482 1688 2554 σμικροπρεπεία
1720 2485 1788 2554 τῇ

210 2573 334 2625 καθ’
359 2574 529 2641 ἡμᾶς.
566 2571 692 2635 Πῶς
722 2568 815 2624 οὖν
840 2572 951 2642 ἀρα
980 2570 1221 2642 θεωροὺς
1243 2572 1416 2625 ἐποίει
1443 2572 1540 2625 τοῦ
1572 2573 1792 2641 θαύμα-

206 2681 301 2724 τος
344 2664 472 2726 τοὺς
534 2663 799 2726 λαϐόντας
848 2664 949 2734 τὴν
991 2664 1328 2734 ὑπόσχεσιν;
1363 2684 1382 2717 ι
1430 2665 1671 2719 Ἀνεισιν
1708 2667 1788 2728 είς

207 2755 270 2808 τὸ
298 2754 426 2824 ὅρος
460 2774 477 2806 ι
513 2758 662 2825 τρεῖς
713 2756 811 2808 ἀπ’
839 2755 1020 2808 αὐτῶν
1055 2755 1183 2818 τοὺς
1235 2755 1555 2820 ἐπιλέκτους
1602 2754 1742 2826 ἔχων
1768 2771 1783 2787 ⁸

205 2844 327 2900 εἶτα
386 2847 823 2918 μεταπλάττεται
873 2848 1013 2919 πρὸς
1057 2846 1336 2920 ἐξαίρετόν
1374 2865 1497 2902 τινα
1534 2850 1628 2900 καὶ
1664 2848 1787 2901 Θεο-

208 2944 397 3013 πρεπῆ
432 2941 797 3014 λαμπρότητα
817 2957 833 2972 ·
859 2941 1001 2995 ὥστε
1031 2941 1243 2995 καὶτὸν
1274 2942 1567 3013 ἱματισμὸν
1597 2943 1783 3008 αὑτοῦ,

205 3035 274 3103 τῇ
289 3033 385 3086 τοῦ
407 3034 587 3103 φωτὸς
602 3033 876 3105 προσϐολῇ
894 3033 1199 3104 διαλάμψαι
1214 3034 1391 3088 δοκεῖν
1409 3052 1423 3065 ·
1446 3032 1566 3091 εἶτα
1582 3056 1601 3089 ι
1624 3039 1786 3091 Μωῦ-

1908 541 2036 596 tatis
2086 541 2455 607 incurrerent,
2505 552 2672 613 alque
2720 542 2992 613 ejusmodi
3054 545 3334 616 quidpiam
3390 546 3495 616 ipsi

1903 634 2045 702 arui
2093 649 2153 689 se
2204 635 2535 705 cogitantes,
2584 634 2855 690 dicerent.
2899 635 3023 702 Quo
3063 653 3124 692 se
3171 638 3334 692 modo
3369 640 3494 708 quis

1902 726 2292 795 abnegaverit?
2337 727 2449 781 Aut
2505 727 2785 796 quomodo
2837 730 3079 782 animam
3141 743 3299 784 suam
3361 746 3490 799 per-

1903 817 2108 881 dendo,
2137 818 2337 873 iterum
2362 832 2482 873 eam
2510 819 2839 875 inventurus
2862 820 2985 874 est?
3007 819 3146 887 Quid
3173 836 3300 875 vero
3323 821 3492 875 hocce

1903 911 2121 980 passis,
2181 912 2414 981 aequalis
2469 911 2539 966 ad
2587 912 2874 981 prmmiuttt
2926 913 3032 967 erit
3084 914 3363 969 muneris?
3416 912 3488 970 Ut

1900 1013 2035 1069 ergo
2080 1000 2217 1055 tales
2256 1015 2453 1055 eorum
2484 1010 2541 1056 et
2569 1000 2935 1072 cogitationes
2973 1011 3029 1057 et
3060 1005 3225 1058 verba
3258 1021 3422 1076 comp
3459 1034 3486 1048 -ι

1903 1102 2045 1155 seat,
2096 1093 2359 1163 veiutque
2406 1107 2590 1148 amcos
2633 1094 2701 1148 ad
2748 1094 2909 1150 virile
2954 1096 3124 1151 robur
3165 1098 3484 1164 transierat,

1901 1185 2096 1239 dandae
2153 1185 2289 1256 ipsis
2348 1183 2539 1256 gloria;
2590 1185 2985 1253 cupiditatem,
3042 1189 3247 1244 animis
3289 1206 3481 1245 eorum

1901 1278 2280 1348 ingenerans:
2320 1295 2339 1329 ι
2377 1276 2511 1331 Dico
2544 1276 2724 1341 vobis,
2762 1277 2963 1347 inquit,
3007 1288 3139 1334 sunt
3176 1281 3345 1350 aliqui
3393 1283 3484 1338 hic

1901 1374 2133 1429 stantes,
2162 1367 2256 1437 qui
2286 1381 2395 1420 non
2443 1365 2747 1435 gustabunt
2789 1376 3024 1420 mortem
3054 1368 3230 1423 donec
3262 1368 3489 1425 videant

1901 1473 2128 1528 regnum
2162 1457 2256 1513 Dei
2282 1460 2328 1511 °.
2361 1476 2383 1509 ι
2426 1456 2665 1527 Ergone,
2716 1456 2919 1526 inquit,
2959 1472 3135 1527 usque
3177 1460 3313 1514 adeo
3353 1476 3483 1531 pro-

1899 1550 2150 1606 ducenda
2187 1551 2298 1605 illis
2333 1560 2423 1606 est
2450 1552 2576 1605 vitm
2608 1564 2892 1615 mensura,
2927 1559 2988 1604 ut
3030 1562 3085 1606 et
3116 1553 3182 1606 ad
3218 1568 3280 1606 ea
3317 1554 3483 1608 deve-

1901 1641 2057 1695 niant
2096 1650 2367 1710 tempora,
2397 1640 2619 1711 quando
2651 1639 2703 1692 in
2740 1642 3219 1695 consummatione
3247 1642 3483 1697 saeculo-

1903 1748 2047 1798 rum,
2097 1733 2165 1788 de
2215 1733 2360 1788 caelo
2406 1732 2773 1797 descendens,
2834 1741 3089 1803 paratum
3136 1733 3345 1788 sanctis
3391 1749 3483 1788 rc-

1899 1839 2064 1897 goum
2121 1825 2468 1894 repositurus
2516 1823 2640 1879 est?
2671 1824 2842 1879 Plane
2888 1832 2943 1877 ct
2990 1825 3092 1878 hoc
3125 1822 3198 1875 illi
3232 1824 3479 1889 pervium

1894 1929 2012 1975 erat
2045 1938 2061 1973 ι
2097 1930 2228 1973 nam
2275 1925 2459 1989 potest
2505 1916 2728 1983 omnia;
2781 1930 2883 1971 nec
2928 1914 3137 1986 aliquid
3180 1925 3285 1979 est.
3327 1917 3475 1985 quod

1896 2013 2278 2085 potentissimo
2328 2021 2468 2065 nutu
2515 2010 2791 2065 coniicere
2848 2019 3087 2079 nequeat
3114 2010 3179 2064 ¹⁰.
3230 2009 3471 2075 Verum,

1896 2098 2123 2176 regnum
2158 2104 2276 2169 Dei,
2328 2104 2503 2174 ipsam
2551 2103 2686 2158 dicit
2716 2102 2905 2172 gloria:
2939 2104 3231 2167 visionem,
3274 2101 3328 2155 in
3363 2119 3470 2172 qua

1892 2207 1946 2252 ct
1979 2197 2097 2267 ipse
2136 2210 2234 2266 per
2270 2194 2323 2249 id
2361 2206 2578 2264 tempus
2627 2194 2996 2262 aspectaudus
3039 2202 3189 2256 erat,
3228 2207 3355 2247 cum
3403 2194 3472 2248 iis

1892 2289 2186 2353 illuxisset,
2221 2288 2315 2358 qui
2346 2297 2525 2342 essent
2568 2287 2624 2340 in
2652 2296 2817 2340 terra.
2858 2306 2875 2337 ι
2907 2284 3004 2341 Est
3034 2287 3179 2339 enim
3212 2296 3477 2340 venturus

1893 2381 1952 2457 in.
1998 2377 2173 2452 gloria
2222 2379 2314 2434 Dei
2364 2389 2418 2434 et
2452 2377 2734 2444 Patris“;
2770 2396 2789 2428 ι
2830 2388 2941 2431 non
2978 2377 3090 2444 jam
3138 2377 3373 2446 amplius
3422 2380 3477 2431 in

1890 2471 2098 2528 vilitate
2124 2470 2286 2527 nobis
2310 2470 2553 2541 propria.
2590 2468 2712 2534 Quo
2745 2469 2911 2539 igitur
2941 2469 3105 2522 modo
3135 2478 3479 2537 spectatores

1892 2564 2027 2619 facit
2061 2563 2315 2619 miraculi
2351 2576 2468 2624 eos,
2509 2561 2577 2615 ad
2629 2574 2768 2631 quos
2810 2560 3103 2630 promissio
3138 2558 3283 2614 facta
3325 2561 3480 2615 erat?
3535 2608 3538 2610 γ

1896 2676 1915 2709 ι
1948 2656 2213 2712 Ascendit
2259 2656 2313 2710 in
2351 2662 2594 2709 montem
2624 2654 2690 2718 ι’,
2724 2672 2744 2706 ι
2786 2662 2897 2707 tres
2929 2667 2997 2706 ex
3032 2652 3141 2706 illis
3173 2654 3480 2723 pracipuos

1890 2763 2077 2804 secum
2130 2747 2376 2815 habens;
2416 2760 2481 2802 ac
2528 2756 2643 2801 tum
2693 2746 2751 2800 in
2776 2744 3039 2799 eximium
3068 2745 3363 2814 quemdam
3410 2761 3479 2799 ac

1890 2854 2059 2909 supra
2135 2839 2413 2894 hominem
2485 2837 2834 2908 splendorem
2910 2835 3369 2901 transiormatur;
3419 2847 3480 2890 ut

1887 2934 2051 2988 etiam
2086 2932 2413 2988 vestimenta
2451 2930 2571 3002 ejus
2620 2930 2852 2985 luminis
2891 2930 3127 2999 appulsu
3169 2929 3353 2983 lucere
3395 2930 3482 2982 vi-

1890 3028 2151 3081 derentur
2180 3043 2194 3080 z
2224 3026 2411 3095 sicque
2445 3042 2465 3077 ι
2495 3023 2710 3096 Moyses
2743 3031 2798 3077 ct
2853 3021 2998 3076 Elias
3063 3030 3309 3075 astantes
3349 3038 3474 3076 cum

208 3124 313 3194 σῆς
350 3127 446 3178 καὶ
479 3124 669 3190 ’Πλίας
704 3126 1102 3196 περιστηκότες
1128 3126 1218 3179 τὸν
1249 3125 1477 3196 Ἰησοῦν,
1515 3129 1785 3201 προσελάε-

1893 3117 2042 3182 Jesu,
2079 3117 2315 3173 invicem
2367 3115 2764 3180 conferebant;
2798 3115 3045 3168 dicentes
3075 3115 3282 3167 exitum
3331 3112 3474 3182 ejus,

206 3214 336 3270 λουν
363 3216 617 3287 ἀλλήλοις
649 3216 747 3287 τὴν
773 3215 952 3281 ἔξοδον
981 3215 1171 3279 αὐτοῦ,
1204 3212 1272 3287 ἣν
1289 3216 1483 3287 ἔμελλε
1518 3218 1788 3290 πληροῦν,

209 3307 400 3376 φησὶν,
434 3308 495 3361 ἐν
544 3307 920 3385 Ἰερουσαλήμ.
969 3324 991 3360 ι
1025 3307 1308 3373 Τουτέστι,
1339 3307 1439 3378 τῆς
1472 3310 1612 3379 μετά
1651 3327 1789 3382 σαρ-

208 3400 306 3463 κὸς
332 3400 643 3470 οίκονομίας
667 3400 729 3453 τὸ
763 3400 1080 3472 μυστήριον,
1098 3400 1195 3454 καὶ
1224 3400 1287 3453 τὸ
1316 3402 1587 3472 σωτήριον
1616 3403 1790 3466 πάθος

204 3490 271 3544 τὸ
298 3492 359 3545 ἐν
387 3490 467 3560 τῷ
492 3490 664 3561 τιμίῳ
708 3490 948 3562 σταυρῷ.
983 3491 1095 3544 Καὶ
1144 3491 1255 3560 γάρ
1278 3491 1427 3545 ἐστιν
1460 3491 1681 3563 ἀληθὲς,
1705 3494 1789 3546 ὃτι

205 3586 237 3638 ό
262 3582 354 3637 διά
390 3583 637 3647 Μωσέως
679 3583 880 3655 νόμος,
905 3584 999 3638 καὶ
1049 3584 1079 3637 ό
1114 3578 1225 3636 τῶν
1278 3583 1449 3652 ἀγίων
1489 3584 1791 3655 προφητῶν

208 3672 391 3740 λόγος,
425 3671 487 3724 τὸ
524 3672 767 3743 Χριστοῦ
824 3675 1126 3745 μυστήριον
1166 3673 1583 3744 προανέδειξενσ
1613 3678 1643 3731 ό
1686 3678 1789 3746 μὲν

207 3766 268 3816 ἐν
291 3762 487 3826 τύποις
519 3764 616 3818 καὶ
644 3767 823 3828 σκιαῖς
846 3780 862 3796 ο
890 3766 1172 3836 μονονουχὶ
1197 3766 1452 3836 καθάπερ
1478 3767 1537 3819 ὲν
1598 3767 1787 3822 πίνακι

206 3853 585 3925 καταγράφων
625 3854 758 3909 αὐτό
782 3873 797 3888 ο
831 3857 881 3909 oi
917 3855 1008 3923 δὲ,
1050 3856 1406 3927 πολυτρόπως
1451 3872 1791 3928 προηγορευ-

205 3944 388 4014 κότες,
422 3945 498 4010 ὡς
536 3946 632 4001 καὶ
666 3947 963 4019 ὀφθήσεται
996 3947 1139 4002 κατά
1177 3950 1404 4019 καιροὺς
1453 3949 1512 4001 ὲν
1540 3948 1671 4002 εῖδει
1710 3949 1788 4021 τῷ

202 4038 328 4093 καθ’
368 4040 400 4109 ή
409 4040 537 4109 μᾶς,
567 4041 661 4094 καὶ
682 4041 763 4094 ὄτι
793 4040 897 4110 τῆς
913 4040 1170 4095 ἁπάντων
1197 4040 1360 4095 ἕνεκα
1397 4041 1673 4112 σωτηρίας
1692 4040 1791 4096 καὶ

203 4131 378 4201 ζωῆς,
409 4131 471 4185 ού
505 4134 910 4204 παραιτήσεται
947 4132 1010 4186 τὸ
1039 4133 1235 4186 παθεῖν
1260 4132 1354 4186 τὸν
1381 4128 1473 4187 ἐπὶ
1504 4133 1664 4201 ξύλου
1692 4132 1788 4187 θά-

204 4240 393 4279 νατον.
426 4224 636 4279 Οὐκοῦν
659 4226 694 4296 ή
722 4225 972 4288 Μωσέως
1003 4225 1101 4278 καὶ
1132 4224 1287 4278 Ἠλία
1303 4224 1670 4297 παράστασις,
1690 4229 1787 4279 καὶ

202 4315 267 4369 τὸ
293 4316 629 4386 προσλαλεῖν
679 4317 934 4387 ἀλλήλοις
984 4317 1185 4381 αὐτοὺς
1208 4357 1224 4383 ,
1266 4316 1550 4389 οἰκονομία
1574 4335 1658 4381 τις
1691 4313 1782 4389 ἦν,

203 4405 266 4462 εὖ
297 4408 446 4480 μάλα
472 4409 934 4464 καταδεικνύουσα
974 4408 1444 4481 δορυφορούμενον
1474 4409 1581 4463 ὑπὸ
1611 4411 1781 4481 νόμου

201 4501 301 4554 καὶ
353 4501 681 4571 προφητῶν,
715 4502 809 4555 τὸν
833 4500 1041 4572 Κύριον
1089 4500 1248 4573 ήμῶν
1284 4501 1492 4572 Ἰησοῦν
1524 4502 1780 4573 Χριστὸν,

198 4594 278 4655 ὡς
311 4592 411 4646 καὶ
439 4595 605 4664 νόμου
644 4593 737 4647 καὶ
765 4592 1064 4664 προφητῶν
1090 4593 1362 4664 δεσπότην
1393 4595 1789 4666 προκαταδεικ-

200 4684 374 4738 θέντα
406 4686 538 4757 παρ’
565 4685 744 4739 αὐτῶν
768 4700 783 4715 ⁸
816 4687 883 4739 δι’
905 4679 982 4739 ὧν
1009 4684 1263 4756 ἀλλήλοις
1310 4686 1521 4757 συνῳδὰ
1549 4689 1791 4757 προεκήε-

202 4775 393 4847 ρυξαν.
434 4777 511 4831 Ού
544 4776 653 4850 γὰρ
678 4777 972 4849 ἀσύμὸατα
1002 4779 1117 4841 τοῖς
1144 4777 1233 4831 διὰ
1263 4782 1359 4831 τοῦ
1383 4777 1551 4848 νόμου
1579 4779 1648 4833 τὰ
1675 4779 1787 4833 τῶν

199 4869 506 4939 προφητῶν
528 4885 544 4900 ο
572 4869 667 4923 καὶ
694 4869 854 4923 τοῦτό
886 4870 1037 4923 ἐστιν
1053 4864 1210 4940 οἶμαι
1232 4868 1314 4934 τὸ,
1342 4869 1594 4941 ἀλλήλοις
1613 4887 1788 4943 προσ-

197 4956 387 5011 λαλεῖν
449 4958 654 5012 Μωσὲα
704 4958 796 5013 τὸν
844 4957 1177 5030 ἱερώτατον,
1213 4958 1308 5013 καὶ
1353 4960 1464 5014 τῶν
1490 4961 1789 5034 προφητῶν

197 5049 559 5120 πανάριστον.
606 5049 794 5115 ’Πλίας
824 5050 883 5103 δὲ
928 5046 1083 5116 οὗτος
1124 5048 1216 5124 ἦν.
1247 5055 1405 5108 Ἐστι
1445 5055 1502 5109 δὲ
1531 5059 1627 5111 καὶ
1660 5058 1790 5112 ἀλλο

195 5160 255 5197 τι
278 5141 539 5212 ἐννοῆσαι
563 5158 578 5173 ·
603 5142 794 5215 ἐπειδὴ
816 5144 866 5197 οί
892 5144 1042 5215 ὄχλοι
1066 5144 1252 5215 ἔλεγον
1277 5164 1293 5179 ο
1314 5148 1362 5201 oi
1394 5147 1516 5219 μὲν,
1560 5148 1747 5203 Ἠλίαν
1768 5167 1787 5183 ο

198 5240 249 5292 οῖ
280 5238 365 5302 δὲ,
414 5238 685 5310 Ἱερεμίαν
705 5254 718 5268 ·
748 5240 797 5293 oi
822 5239 881 5294 δὲ
910 5239 1007 5293 ἕνα
1045 5239 1158 5294 τῶν
1191 5242 1509 5313 προφητῶν,
1538 5243 1665 5306 τοὺς
1696 5260 1790 5297 κο-

202 5329 475 5400 ρυφαίους
524 5330 671 5399 ἀγει,
702 5331 790 5385 ῖνα
848 5330 1146 5387 κάντεῦθεν
1173 5333 1236 5386 τὸ
1266 5334 1432 5405 μέσον
1491 5335 1643 5389 ῐδωσι
1680 5336 1792 5390 τῶν

197 5421 409 5474 δούλων
448 5421 661 5477 καὶτοῦ
704 5422 992 5480 δεσπότου.
1026 5424 1185 5480 Μετά
1219 5424 1426 5498 ταύτην
1448 5426 1506 5480 δὲ
1538 5428 1634 5482 καὶ
1667 5431 1790 5484 ἑτέ-

200 5529 307 5585 ραν
350 5512 566 5567 εννοιαν
622 5513 773 5569 εστιν
814 5516 989 5571 εἰπεῖν
1013 5531 1029 5547 ο
1058 5516 1248 5589 ἐπειδὴ
1283 5516 1395 5589 γὰρ
1428 5519 1668 5591 συνεχῶς
1704 5523 1790 5575 ὲν.

1891 3226 2080 3281 quem,
2114 3209 2317 3279 inquit,
2357 3209 2736 3278 complcturus
2771 3216 2893 3261 erat
2929 3207 2982 3259 in
3011 3202 3317 3259 Jerusalem
3345 3206 3409 3258 ".
3450 3224 3470 3256 ι

1894 3302 2007 3359 Hoc
2051 3310 2167 3369 est,
2220 3301 2653 3372 dispensationis
2708 3300 2763 3353 in
2815 3313 2981 3354 carne
3028 3307 3473 3362 sacramentum,

1891 3396 2283 3467 salubremque
2323 3395 2378 3449 in
2419 3393 2661 3464 pretiosa
2705 3393 2884 3447 Cruce
2945 3391 3256 3461 passionem
3331 3390 3476 3445 Sane

1889 3489 2035 3544 enim
2090 3487 2535 3559 praemonstravit
2590 3485 2794 3541 Christi
2847 3493 3300 3547 sacramentum,
3358 3492 3474 3539 tum

1890 3581 1972 3636 lex
2002 3596 2102 3651 per
2142 3580 2330 3636 Mosen
2362 3580 2509 3646 data,
2550 3586 2666 3633 tum
2719 3586 3042 3634 sanctorum
3079 3578 3471 3647 prophetarum

1888 3688 2070 3729 sermo
2100 3690 2114 3729 :
2143 3673 2234 3728 illa
2264 3671 2514 3743 quidem,
2543 3670 2695 3726 velut
2728 3670 2840 3725 fere
2879 3670 2932 3723 in
2965 3669 3161 3724 labella
3194 3671 3245 3722 in
3279 3668 3477 3739 ﬁguris

1890 3767 2217 3839 umbrisque
2260 3768 2565 3838 depingens
2614 3784 2627 3821 :
2684 3766 2737 3820 hi
2789 3777 2998 3831 autem,
3057 3765 3247 3819 multis
3295 3765 3473 3819 modis

1889 3859 2009 3916 fore
2051 3860 2503 3931 praenuntiantes,
2546 3866 2607 3913 ut
2638 3862 2974 3928 quandoque
3009 3857 3062 3910 in
3110 3856 3348 3909 humana
3389 3858 3477 3910 vi-

1888 3953 2067 4009 sibilis
2102 3953 2285 4022 spccie
2319 3959 2632 4022 appareret,
2668 3965 2768 4005 nec
2798 3964 2898 4019 pro
2936 3947 3183 4001 omnium
3217 3948 3391 4002 salute
3416 3957 3471 4002 et

1887 4044 1999 4099 vita
2049 4044 2102 4098 in
2160 4042 2307 4114 ligno
2357 4041 2540 4096 crucis
2595 4039 2735 4093 mori
2798 4040 3152 4092 detrectaret.
3205 4036 3294 4089 illa
3338 4048 3473 4107 ergo

1887 4136 2057 4192 Mosis
2120 4130 2364 4205 Eliaaquc
2420 4132 2754 4204 praesentia,
2814 4140 3117 4199 mutuaque
3166 4129 3466 4192 fabulatio.

1888 4227 2234 4299 dispensatio
2263 4225 2513 4297 quadam
2543 4233 2663 4278 erat
2695 4240 2710 4277 :
2746 4224 2798 4277 id
2836 4222 3081 4291 apertius
3115 4221 3464 4291 signiﬁcans;

1889 4321 2152 4377 nimirum
2201 4318 2407 4374 muniri
2438 4317 2734 4372 Dominum
2767 4314 2955 4370 Jesum
2996 4313 3302 4378 Christum,
3350 4313 3470 4381 lege

1891 4430 1956 4472 ac
1983 4412 2302 4486 prophetis;
2348 4412 2491 4466 velut
2534 4409 2736 4481 quibus
2786 4405 2917 4462 olim
2948 4407 3083 4476 legis
3114 4405 3377 4460 Dominus
3415 4414 3470 4461 et

1893 4507 2307 4579 prophetarum,
2348 4504 2662 4574 designatus
2705 4510 2876 4564 esset,
2918 4512 3015 4567 per
3057 4514 3126 4552 ea
3159 4512 3283 4568 qua:
3313 4508 3469 4551 utra-

1887 4610 1995 4671 que
2045 4598 2279 4653 invicem
2323 4610 2568 4652 consona
2615 4592 2670 4649 in
2724 4608 2849 4647 eum
2911 4591 3315 4661 praedixisseut.
3358 4589 3470 4645 Nec

1885 4694 2034 4749 enim
2059 4707 2089 4747 a
2119 4691 2255 4763 legis
2286 4689 2440 4747 scitis
2488 4688 2884 4759 prephetarum
2919 4684 3190 4740 dissident
3218 4688 3466 4741 oracula.

1886 4784 2115 4857 Hocque
2164 4783 2531 4856 signiﬁcatum
2568 4780 2830 4844 arbitror,
2863 4777 3009 4848 quod
3056 4778 3469 4832 sacratissimus

1886 4878 2093 4945 Moses,
2133 4876 2391 4947 Eliasque
2422 4874 2819 4946 pr0phetarum
2852 4868 3337 4940 praeclarissimus,
3384 4870 3468 4922 iu.

1888 4971 2059 5027 vicem
2092 4970 2559 5040 colloquerentur.
2593 4964 2783 5019 Potest
2806 4965 2972 5015 etiam
3012 4958 3159 5013 aliud
3183 4960 3465 5030 quidpiam

1889 5063 2135 5134 intelligi.
2165 5059 2435 5128 Quoniam
2466 5058 2614 5112 enim
2646 5058 2817 5109 turbae
2841 5050 3116 5117 dicebant,
3166 5051 3218 5105 hi
3243 5052 3464 5120 quidmn

1889 5152 2064 5209 Eliam
2114 5168 2268 5218 esse;
2319 5151 2398 5205 illi
2428 5144 2821 5210 Jcremiam";
2870 5144 2963 5199 alii
3011 5154 3180 5199 unum
3229 5156 3294 5196 ex
3338 5156 3468 5210 pru-

1889 5244 2123 5316 phctis:
2174 5243 2380 5298 idcirco
2435 5238 2721 5309 apostolici
2766 5238 2985 5292 ordinis
3036 5235 3254 5305 capita,
3313 5248 3461 5287 sum-

1888 5349 2121 5405 mosque
2180 5333 2459 5403 principes
2505 5328 2693 5394 ducit,
2752 5340 2813 5383 ut
2862 5327 2990 5383 inde
3036 5326 3288 5382 noverint
3335 5324 3467 5394 quid

1888 5429 2033 5484 inter
2081 5439 2269 5480 servos
2307 5418 2704 5491 dominumque
2742 5420 2980 5475 intersit.
3027 5418 3106 5473 Ad
3155 5421 3270 5474 haec
3325 5432 3468 5487 quo-

1887 5535 1996 5592 que
2056 5517 2221 5572 aliam
2292 5514 2561 5571 rationem
2628 5511 2786 5567 nobis
2852 5511 3048 5566 afferre
3104 5508 3251 5564 licet.
3326 5506 3467 5573 Quia

272 5696 294 5727 ⁹
319 5691 456 5750 an.
490 5710 566 5765 ιι,
598 5694 691 5751 9.7.
769 5698 811 5727 "
837 5694 969 5755 Luc.
1006 5713 1046 5762 ι,
1077 5696 1165 5753 57.
1248 5696 1288 5728 ¹¹
1314 5695 1506 5753 Matth.
1541 5712 1652 5763 ττι,
1687 5698 1784 5754 27.

1893 5698 2066 5755 'Luc.
2126 5713 2203 5766 Ix,
2262 5696 2355 5756 28.
2433 5696 2478 5729 ¹³
2530 5694 2662 5750 ibid.
2694 5710 2823 5761 xxx,
2882 5693 2971 5748 5i.
3051 5691 3310 5749 "Matth.
3352 5682 3467 5758 xw,

198 5763 296 5821 14.

3360 342 3497 408 ιὲὃθ
3570 407 3574 412 .
