4098 6490
649 316 779 381 1251

1785 308 2311 373 PANTALEONIS
2356 309 2666 371 DIACONI
2701 312 2805 374 (ΣΡ.

3772 312 3789 373 i
3800 316 3887 376 233

640 431 784 484 enim
850 426 1107 481 continue
1136 422 1570 478 criminabantur
1626 430 1685 477 ut
1724 422 1859 492 legis
1913 432 2221 490 transgres-

2329 418 2554 471 εκάλουν
2582 420 2736 490 αὐτῷ
2767 419 2829 473 τὸ
2859 418 3256 492 παρεϐαίνεσιν
3295 420 3386 475 τὸν
3430 421 3591 493 νόμον
3613 464 3627 489 ,
3656 422 3753 476 καὶ
3781 427 3889 494 pisi.

641 535 845 579 sarem.
876 533 940 571 ac
966 516 1344 585 blasphemum
1368 514 1546 584 ipsum
1598 514 1928 578 censebam,
1961 521 2220 582 tanquam

641 611 820 665 Patris
855 607 959 662 sibi
991 612 1277 677 arrogaret
1314 604 1611 659 indebitam
1652 602 1905 671 gloriam,
1938 602 2223 657 dicebaut-

644 718 752 772 que
782 719 796 755 :
834 719 853 750 ι
888 698 1006 754 Νοιι
1034 709 1118 755 est
1148 700 1235 753 hic
1273 714 1304 753 a
1340 697 1471 760 Deo,
1498 697 1627 767 quia
1660 695 1958 751 Sabhatum
1990 710 2099 748 non
2128 709 2225 749 cu-

645 793 813 850 stodit
844 793 909 845 ".
949 810 967 843 ι
1009 791 1072 845 Et
1098 791 1292 845 iterum
1318 810 1332 845 :
1354 808 1372 841 ι
1395 788 1468 844 De
1499 790 1642 843 bono
1678 802 1841 857 opere
1879 804 1988 842 non
2020 786 2225 856 lapida-

646 902 769 941 nius
811 892 863 939 te
890 883 1024 946 ,sed
1077 883 1145 937 de
1196 881 1568 952 blasphemia;
1600 881 1730 950 quia
1786 888 1841 934 tu
1891 880 2054 935 homo
2097 893 2222 932 cum

644 975 745 1039 sis,
787 976 921 1029 facis
954 974 1183 1043 teipsum
1216 973 1381 1027 Deum
1413 972 1455 1004 ⁸⁸
1490 988 1503 1026 :
1534 991 1552 1023 ι
1588 981 1645 1026 ιιι
1671 972 1988 1026 ostenderet
2016 980 2227 1025 utrum-

643 1082 751 1136 que
778 1067 986 1122 crimen
1045 1066 1263 1119 invidiae
1292 1079 1435 1127 esse,
1481 1079 1544 1118 ac
1575 1080 1633 1120 se
1666 1065 1840 1118 neutri
1877 1064 2070 1118 horum
2104 1076 2227 1117 esse

645 1159 945 1214 obnoxium
977 1176 991 1223 ;
1020 1173 1116 1212 nec
1176 1172 1303 1211 vero
1352 1157 1485 1226 regis
1535 1156 2039 1227 praevaricationem
2080 1170 2222 1219 esse,

647 1248 793 1319 quod
824 1249 1149 1317 gerebatur;
1181 1254 1342 1301 antve
1391 1248 1790 1317 arrogationcm
1834 1246 2089 1300 indebita:
2112 1246 2226 1313 glu-

646 1341 762 1402 riaa.
820 1340 963 1408 quod
1009 1339 1250 1408 seipsum
1288 1338 1429 1392 Patri
1476 1338 1742 1405 aequalem
1786 1338 2014 1399 diceret,
2045 1353 2139 1393 eos
2171 1338 2225 1391 in

648 1433 889 1488 medium
946 1432 1195 1502 producit
1243 1432 1332 1498 qui
1377 1430 1705 1485 claruissent
1758 1432 1811 1485 in
1851 1440 2104 1501 utroque.
2135 1431 2226 1485 Et-

651 1526 794 1580 enim
822 1523 997 1577 Moses
1021 1523 1165 1577 dedit
1194 1522 1364 1592 legem
1392 1531 1651 1591 :eratque
1670 1521 1912 1577 utJudaei
1929 1524 2229 1593 cogitarent

650 1616 767 1670 fore
799 1655 815 1681 ,
840 1625 899 1670 ut
929 1616 974 1670 is
1004 1614 1422 1684 haudquaquam
1458 1614 1511 1667 in
1533 1615 2009 1684 praevaricatorem
2039 1616 2228 1671 remis-

651 1707 768 1763 sior
820 1715 1014 1773 esset;
1078 1705 1276 1760 nedum
1308 1712 1366 1759 ut
1413 1706 1530 1773 ejus
1584 1706 1749 1772 hosti,
1781 1706 1873 1776 qui
1924 1706 2095 1777 legem
2132 1722 2227 1777 po-

651 1799 900 1859 suisset.
949 1797 1216 1866 obsequio
1246 1796 1480 1851 adesset.
1545 1796 1692 1851 Elius
1723 1812 1852 1852 vero
1905 1800 2112 1855 zelatus
2144 1815 2227 1855 es:

652 1906 753 1962 pro
786 1889 878 1944 Dei
911 1888 1081 1960 gloria
1131 1888 1196 1953 ",
1221 1902 1394 1957 neque
1444 1897 1499 1943 et
1525 1888 1642 1958 ipse
1673 1889 1940 1945 astitisset
1970 1892 2228 1947 obaudis—

655 1991 866 2051 sctque,
907 1980 951 2035 si
978 1980 1069 2034 ille
1109 1978 1221 2034 Deo
1270 1982 1587 2034 adversatus
1636 1988 1803 2044 esset,
1842 1996 2010 2049 seque
2048 1982 2225 2052 ipsum

656 2074 822 2129 Deum
858 2071 1002 2126 Patri
1046 2072 1333 2139 aequalem,
1379 2073 1521 2140 quod
1562 2088 1667 2126 non
1698 2081 1835 2137 erat,
1869 2073 2108 2128 diceret:
2145 2074 2227 2127 id-

651 2179 755 2235 que
811 2165 1048 2220 indebite
1098 2163 1320 2218 laceret.
1389 2162 1688 2219 Possumus
1765 2167 1930 2220 etiam
2001 2181 2224 2221 causam

651 2258 813 2313 aliam
859 2257 1019 2311 dictis
1047 2255 1268 2311 addere.
1293 2254 1469 2321 Quam
1501 2270 1665 2323 porro
1696 2255 1945 2326 ?Nempe
1974 2266 2032 2311 ιιι
2063 2259 2230 2314 disce-

653 2359 775 2406 rent
848 2349 1039 2405 mortis
1089 2347 1292 2418 pariter
1333 2363 1398 2402 ac
1436 2350 1562 2403 vita:
1608 2357 1931 2418 potestatem
2003 2350 2226 2415 habere.

653 2443 816 2513 inque
863 2455 1100 2510 superna
1158 2454 1221 2494 ac
1288 2438 1500 2494 inferna
1563 2440 1823 2494 dominio"
1857 2440 2060 2509 pollere
2109 2441 2227 2494 :id-

652 2536 798 2590 circo
837 2543 949 2588 tum
990 2535 1264 2600 viventem
1302 2530 1356 2585 in
1384 2531 1622 2585 medium
1665 2531 1933 2600 producit,
1968 2540 2078 2586 tum
2104 2547 2227 2587 eum

658 2625 749 2695 qui
807 2624 946 2679 vivis
1005 2596 1351 2679 excessisset.
1406 2620 1519 2677 Nec
1561 2637 1689 2677 vero
1729 2622 1827 2677 visi
1871 2632 2028 2678 erant
2066 2663 2081 2689 ,
2136 2625 2229 2679 sed

660 2733 681 2769 ι
744 2716 1101 2786 loquebantur
1174 2729 1464 2770 excessum
1503 2714 1589 2780 ¹⁸,
1644 2729 1804 2785 quem
1864 2715 2230 2786 completurus

656 2817 771 2863 erat
848 2809 903 2862 in
982 2806 1283 2862 Jerusalem
1335 2826 1349 2861 :
1404 2808 1508 2862 hoc
1606 2817 1690 2863 est
1734 2842 1751 2873 ,
1810 2808 2117 2878 passionem
2175 2818 2231 2864 et

655 2914 870 2954 crucem
896 2909 949 2953 et
990 2898 1462 2954 resurrectionem.
1502 2897 1573 2953 At
1623 2900 1764 2955 beati
1819 2899 2035 2969 quidem
2064 2901 2231 2955 disci-

655 2991 763 3061 puli
848 2993 993 3046 velut
1045 2990 1263 3044 Christo
1326 2990 1576 3058 precibus
1634 3000 1895 3055 vacante.
1951 2992 2227 3062 paululum

2326 523 2544 577 σφημον
2602 509 2767 562 αὑτὸν
2827 504 2969 564 εἶναι
3037 509 3309 580 ἐνόμιζον,
3346 512 3423 576 ὡς
3454 513 3888 586 σφετεριζόμενον

2322 598 2482 663 δόξαν
2529 600 2591 654 οὐ
2658 603 3044 674 προσήκουσαν
3083 604 3255 675 αὐτῷ,
3286 605 3386 676 τὴν
3414 606 3782 679 τοῦ·11ατρδς,
3811 614 3889 662 καί

2324 687 2510 758 ἔλεγον
2535 706 2548 720 ο
2589 709 2609 742 ι
2642 684 2812 756 Οὗτος
2836 692 2939 746 οὐκ
2961 692 3111 748 ἐστιν
3142 693 3208 747 ἐκ
3252 694 3416 758 Θεοῦ,
3442 696 3600 750 ὅτιτὸ
3629 697 3889 751 Σάϐϐατόν

2325 779 2386 832 οὐ
2419 782 2598 849 τηρεῖ.
2632 799 2652 834 ι
2687 783 2800 836 Καὶ
2847 783 3013 838 πάλιν
3037 799 3053 814 ο
3095 802 3114 836 ι
3153 785 3291 856 Περὶ
3336 787 3505 840 καλοῦ
3540 789 3707 858 ἔργου
3734 792 3794 843 οὐ
3820 791 3884 843 λι·

2326 871 2564 943 θάζομέν
2600 891 2662 928 σε
2685 891 2699 906 ·
2727 875 2864 930 ἀλλὰ
2895 878 3026 948 περὶ
3057 877 3432 950 βλασφημίας,
3461 882 3557 934 καὶ
3582 883 3665 935 ὅτι
3698 882 3891 953 ἄνθρω-

2327 982 2430 1028 πος
2458 964 2556 1031 ὢν,
2586 969 2785 1029 Αποιεῖς
2834 968 3031 1024 ἑαυτὸν
3077 970 3231 1027 Θεόν.
3271 991 3289 1024 ι
3325 972 3445 1026 Ἵνα
3472 974 3659 1045 δειχθῇ
3701 975 3782 1028 ὅτι
3814 976 3891 1045 βι-

2328 1057 2557 1122 σκανίας
2580 1059 2867 1133 ἀμφότερα
2888 1061 2960 1115 τά
2982 1062 3327 1134 ἐγκλήματα,
3360 1066 3456 1120 καὶ
3484 1068 3765 1137 ἑκατέρων
3784 1070 3891 1122 τού·

2324 1167 2432 1203 των
2465 1150 2616 1205 ἔστιν
2645 1152 2943 1220 ἀνεύθυνος
2966 1171 2982 1187 ·
3015 1155 3110 1207 καὶ
3127 1154 3250 1209 οὔτε
3274 1158 3438 1229 νόμου
3463 1160 3891 1229 παράϐασίςέστι

2327 1240 2387 1293 τὸ
2414 1242 2720 1312 γινόμενον,
2751 1243 2876 1298 οὔτε
2921 1244 3083 1317 δόξης
3127 1250 3493 1319 σφετερισμὸς
3522 1252 3620 1321 τῆς
3648 1253 3716 1305 οὐ
3743 1270 3891 1323 προσ.

2327 1334 2597 1406 ηκούσηςο
2622 1336 2686 1389 τὸ
2722 1335 2902 1405 λέγειν
2940 1338 3135 1392 ἑαυτὸν
3178 1339 3291 1394 ἴσον
3327 1340 3405 1411 τῷ
3436 1342 3608 1414 [lupi
3632 1359 3651 1376 ⁶
3695 1346 3819 1408 τοὺς
3845 1349 3893 1398 ἐν

2327 1426 2575 1499 ἐκατέρῳ
2600 1427 2925 1500 λάμψαντας
2946 1429 3154 1487 τούτων
3179 1434 3260 1496 εἰς
3294 1434 3457 1504 μέσον
3491 1435 3611 1504 ἄγει
3632 1455 3650 1469 ·
3672 1438 3770 1491 καὶ
3799 1439 3895 1509 γὰρ

2327 1519 2571 1588 Μωῦσῆς
2608 1520 2702 1573 τὸν
2737 1521 2903 1593 νόμον
2936 1522 3110 1577 ἔδωκε
3134 1542 3148 1557 ο
3183 1526 3280 1580 καὶ
3300 1528 3565 1598 ἠδύναντο
3583 1530 3895 1599 λογίσασθαι

2327 1613 2375 1665 οἱ
2417 1612 2680 1679 Ἰουδαῖοι,
2716 1614 2800 1667 ὅτι
2835 1616 2936 1669 οὑκ
2966 1616 3033 1671 ἂν
3085 1621 3326 1690 περιεῖδε
3361 1622 3451 1676 τὸν
3500 1624 3895 1695 παραϐαίνοντα

2327 1704 2523 1758 αὐτόν’
2560 1704 2657 1759 καὶ
2693 1705 2771 1777 τῷ
2800 1706 3076 1763 τεθεικότι
3106 1711 3369 1782 πολέμιον
3400 1715 3777 1786 ἐθεράπευσεν
3806 1721 3893 1785 ἇν;

2328 1797 2422 1853 καὶ
2475 1796 2662 1863 Ἠλίας
2684 1799 2741 1854 δέ
2764 1801 2904 1873 ὑπὲρ
2923 1803 3022 1873 τῆς
3042 1802 3200 1873 δόξης
3230 1805 3326 1858 τοῦ
3355 1806 3492 1862 Θεοῦ
3509 1809 3756 1880 ἐζήλωσε
3776 1830 3792 1844 ·
3813 1819 3897 1866 καὶ

2327 1889 2429 1944 οὐκ
2458 1891 2525 1945 ἂν
2562 1892 2611 1945 εί
2644 1891 2891 1957 ἀντίθεος
2935 1888 3026 1965 ἦν,
3059 1897 3152 1949 καὶ
3192 1896 3327 1952 Θεὸν
3357 1901 3550 1955 ἐαυτὸν
3574 1903 3767 1972 ἐλεγεν
3796 1906 3896 1960 ἴσον

2327 1982 2407 2053 τῷ
2434 1984 2633 2055 Πατρὶ,
2677 1985 2755 2057 μὴ
2806 1985 2883 2040 ὢν
2931 1986 3070 2055 ὅπερ
3136 1988 3315 2059 ἔλεγε,
3359 1994 3497 2063 μηδέ
3522 1998 3897 2067 προσηκόντως

2327 2076 2488 2128 τοῦτο
2548 2075 2719 2130 ποιῶν
2747 2093 2761 2107 ·
2795 2078 3046 2151 παρέστη
3095 2082 3190 2135 καὶ
3236 2084 3400 2149 αὐτὸς
3447 2088 3541 2140 καὶ
3576 2088 3892 2159 ὑπήκουσεν.

2334 2167 2493 2221 ΙἘστι
2527 2168 2586 2222 δέ
2610 2171 2704 2225 καὶ
2732 2171 2928 2243 ἑτέραν
2956 2174 3139 2227 αίτίαν
3161 2176 3338 2231 εἰπεῖν
3374 2180 3516 2248 μετά
3549 2182 3653 2234 τῶν
3680 2186 3895 2256 είρημέ·

2329 2277 2435 2313 νων
2461 2278 2476 2293 ⁸
2513 2262 2677 2317 ποίαν
2705 2263 2768 2334 δὴ
2794 2264 3003 2335 ταύτην
3032 2283 3047 2333 ;
3076 2267 3163 2321 ῖνα
3209 2269 3459 2339 μάθωσιν
3488 2274 3570 2328 ὅτι
3598 2277 3696 2329 καὶ
3734 2278 3897 2333 θανά-

2328 2367 2421 2404 του
2453 2352 2548 2406 καλ⁵
2583 2353 2729 2425 ζωῆς
2783 2355 3037 2421 ἐξουσίαν
3090 2358 3225 2429 ἔχει,
3265 2364 3360 2415 καὶ
3405 2365 3518 2418 τῶν
3553 2368 3662 2421 ἄνω
3688 2373 3895 2425 καὶτῶν

2330 2445 2481 2499 κάτω
2507 2453 2720 2519 κρατεῖ.
2755 2452 2856 2505 Διὰ
2887 2451 3049 2507 τοῦτο
3080 2458 3177 2510 καὶ
3200 2458 3292 2511 τὸν
3315 2458 3497 2523 ζῶντα
3527 2464 3740 2518 καὶτὸν
3759 2484 3894 2521 τετε-

2330 2540 2634 2613 λευτηκότα
2664 2546 2744 2608 εἰς
2784 2546 2952 2615 μέσον
2982 2549 3129 2614 ἄγει.
3166 2552 3408 2624 Καῖγὰρ
3440 2558 3782 2627 φαινόμενοι,
3807 2561 3896 2613 οὐκ

2331 2633 2529 2701 ἐσίγων
2551 2649 2565 2663 ·
2609 2654 2628 2688 ι
2663 2636 2780 2689 ἀλλ’
2822 2637 3049 2694 ἐλάλουν
3096 2642 3193 2712 τὴν
3247 2643 3427 2710 ἔξοδον
3460 2647 3527 2717 ἠν
3556 2648 3751 2718 ἔμελλε
3776 2653 3896 2720 πλη.

2333 2723 2463 2795 ροῦν
2513 2728 2572 2779 ἐν
2612 2726 2999 2802 Ἰερουσαλήμ,
3037 2752 3056 2784 ι
3099 2735 3360 2789 Τουτέστι
3390 2737 3454 2790 τὸ
3487 2740 3677 2807 πάθος,
3705 2746 3797 2795 καὶ
3817 2744 3896 2794 τόν

2332 2817 2590 2887 σταυρὸν,
2629 2821 2724 2872 καὶ
2765 2820 2865 2892 τὴν
2915 2824 3237 2880 ἀνάστασιν.
3276 2827 3417 2880 Ἀλλ’
3442 2831 3612 2900 οἱμὲν
3646 2836 3896 2906 μακάριοι

2334 2908 2573 2977 μαθηταὶ
2627 2908 2804 2981 βραχύ
2836 2930 2951 2976 πως
2992 2915 3483 2984 ἀπονυστάςουσιν,
3513 2923 3589 2986 ὡς
3629 2927 3696 2994 τῇ
3742 2942 3899 2996 προσ-

2332 3000 2466 3069 ευχῇ
2538 2999 2894 3068 σχολάζοντος
2938 3004 3036 3059 τοῦ
3102 3007 3368 3077 Χριστοῦ.
3415 3012 3753 3084 Ἐπληροῦτο
3801 3019 3896 3088 γάρ

655 3082 1089 3136 dormiturum”.
1147 3080 1377 3135 Provide
1442 3081 1583 3134 enim
1636 3080 1995 3151 implebantur
2046 3083 2228 3136 huma-

2331 3092 2693 3161 οἰκονομικῶς
2722 3094 2791 3149 τά
2825 3096 3150 3168 ἀνθρώπινα
3170 3117 3184 3132 ⁸
3208 3097 3329 3156 εἶτα
3349 3080 3893 3180 διαγρηγορήσαντες.

656 3188 746 3227 na.
773 3172 981 3227 Exinde
1005 3172 1257 3239 excitati,
1289 3173 1369 3229 sic
1423 3174 1785 3233 venerabilem
1830 3176 2132 3246 miramque
2168 3192 2229 3231 ac

654 3280 851 3320 novam
884 3266 1238 3320 mutationem
1282 3274 1568 3336 aspectant
1606 3305 1621 3321 .
1650 3265 1813 3322 Forte
1856 3278 2036 3323 autem
2079 3279 2231 3324 ratus

655 3356 872 3412 divinus
913 3357 1109 3413 Petrus
1135 3396 1150 3422 ,
1196 3356 1389 3411 adesse
1431 3364 1642 3426 tempus
1691 3358 1842 3428 regni
1882 3358 1996 3424 Dei,
2043 3359 2232 3415 lubens

654 3445 1002 3515 eligitmoras
1042 3447 1093 3499 in
1130 3457 1333 3511 monte,
1368 3446 1551 3515 aitque
1610 3447 1817 3502 utﬁunt
1839 3449 1942 3503 tria
1987 3453 2235 3505 taberna-

654 3538 820 3604 cula;
869 3538 1120 3593 nesciens
1163 3538 1289 3605 quid
1338 3537 1541 3593 diceret
1570 3539 1614 3570 ²⁰
1649 3556 1662 3592 :
1704 3536 1731 3591 »⁷
1782 3555 1886 3595 non
1920 3541 2064 3597 enim
2114 3552 2233 3596 erat

657 3638 870 3699 tempus
895 3629 1379 3683 consummationis
1407 3629 1587 3683 saeculi
1615 3645 1628 3693 ;
1658 3645 1722 3683 ac
1745 3645 1918 3700 neque
1947 3631 2233 3699 praesentis

657 3718 918 3789 temporis
945 3728 1051 3783 est,
1080 3727 1137 3771 ut
1166 3718 1340 3772 sancti
1364 3718 1503 3771 bona
1530 3720 1608 3773 eis
1640 3720 1692 3773 in
1721 3734 1815 3789 spe
1847 3721 2019 3789 posita
2053 3722 2233 3776 hacte-

656 3828 760 3868 nus
789 3813 1073 3882 recipiant.
1114 3811 1205 3866 Ait
1238 3813 1380 3865 enim
1418 3810 1619 3866 Paulus
1646 3831 1659 3867 :
1690 3831 1707 3864 ι
1739 3812 1840 3879 Qui
1877 3813 2232 3869 transforma-

654 3905 735 3961 bit
761 3920 961 3975 corpus
1004 3904 1324 3959 humilitatis
1382 3911 1602 3967 nostra}.
1635 3914 1691 3958 ut
1716 3904 1994 3960 conl'orme
2042 3907 2232 3960 reddat

654 3999 868 4069 corpori
929 4014 1030 4053 suo
1090 3998 1323 4068 glorioso
1359 3997 1445 4052 ἰε
1486 4017 1504 4048 ι
1532 4012 1725 4068 nempe
1784 3997 2057 4054 Christus.
2092 3999 2228 4054 Cum

654 4104 785 4159 ergo
813 4090 1148 4159 dispensatio
1188 4088 1459 4143 hactenus
1489 4088 1769 4157 inciperet,
1802 4104 1898 4144 nec
1938 4089 2101 4144 rebus
2132 4091 2229 4145 ad-

656 4182 763 4237 huc
816 4181 1071 4235 exhibitis
1121 4179 1190 4235 ad
1246 4180 1537 4235 terminum
1578 4179 1808 4235 deducta
1860 4192 2053 4249 esset;
2088 4182 2230 4237 haud

654 4289 753 4343 par
782 4282 902 4328 erat
957 4281 1014 4327 ut
1041 4272 1318 4335 Christus,
1341 4271 1432 4342 qui
1462 4286 1529 4327 ex
1558 4271 1847 4327 dilectione
1867 4273 1918 4327 in
1943 4275 2227 4341 mundum,

652 4367 895 4423 venisset
927 4382 1024 4437 pro
1046 4366 1166 4436 ipso
1196 4366 1357 4430 mori,
1386 4365 1667 4432 abnueret,
1702 4375 1862 4436 atque
1892 4382 1921 4421 a
1953 4370 2227 4438 proposito

652 4460 961 4514 desisteret.
986 4458 1285 4511 Humanam
1300 4457 1441 4511 enim
1467 4466 1709 4512 naturam
1730 4460 1931 4514 salvam
1950 4458 2098 4525 fecit,
2113 4469 2226 4516 tum

652 4566 753 4622 pro
773 4566 836 4605 ea
861 4552 1069 4619 patiens
1081 4564 1264 4612 carne,
1286 4559 1399 4603 tum
1428 4565 1523 4617 per
1540 4552 1989 4607 resurrectionem
2007 4567 2071 4607 ex
2087 4569 2231 4609 mor-

663 4642 795 4708 tuis,
824 4648 1050 4695 mortem
1075 4640 1318 4696 abolens.
1338 4638 1628 4696 Nesciebat
1653 4643 1835 4711 itaque
1864 4644 2081 4713 Petrus,
2101 4647 2230 4717 quid

653 4740 877 4794 diceret.
904 4737 1140 4807 Excepta
1162 4752 1288 4792 vero
1312 4737 1545 4792 mirabili
1568 4754 1632 4794 ac
1650 4738 1909 4796 inell‘abili
1938 4745 2233 4811 apparitio-

652 4847 722 4887 ne
749 4830 952 4887 Christi
1005 4828 1191 4899 gloria:
1226 4829 1409 4892 ;aliud
1470 4846 1688 4900 quoque
1765 4832 1929 4901 utile,
1973 4850 2231 4893 necessa-

649 4924 900 4992 riumque
929 4919 993 4974 ad
1028 4920 1184 4975 iidem
1216 4920 1273 4973 in
1322 4921 1495 4990 ipsum
1528 4922 1885 4989 ﬁrmandam,
1923 4926 2120 4983 nedum
2149 4929 2232 4984 di-

649 5012 897 5082 scipulis,
940 5011 1034 5067 sed
1058 5019 1115 5066 et
1141 5011 1299 5066 nobis
1335 5011 1469 5082 ipsis
1518 5014 1817 5071 exhibitura
1859 5026 1961 5074 est.
1998 5018 2074 5075 De
2095 5022 2232 5078 ccelo

647 5104 793 5160 enim
814 5118 880 5157 ex
900 5103 1041 5158 nube
1056 5103 1290 5158 demissa
1311 5115 1396 5159 est
1419 5120 1525 5160 vox
1540 5103 1717 5162 Patris
1736 5108 1965 5166 dicentis
1984 5112 2028 5141 ¹²
2055 5130 2069 5167 :
2092 5131 2109 5165 ι
2133 5112 2232 5170 llic

648 5204 733 5251 est
765 5192 937 5249 Filius
993 5209 1149 5250 meus
1192 5194 1420 5252 dilectus
1463 5196 1516 5251 in
1571 5212 1682 5268 quo
1718 5199 1851 5255 mihi
1883 5202 2179 5272 complacui
2212 5221 2229 5271 ;

648 5289 823 5359 ipsum
860 5286 1060 5341 audite.
1093 5285 1159 5341 Et
1181 5286 1343 5353 dum,
1373 5288 1567 5359 inquit,
1599 5288 1752 5346 ﬁeret
1796 5307 1899 5348 vox
1929 5332 1945 5359 ,
1978 5295 2230 5353 inventus

644 5387 728 5431 est
762 5376 913 5433 solus
941 5375 1098 5432 Jesus
1117 5377 1188 5432 “.
1229 5397 1248 5432 ι
1280 5377 1417 5446 Quid
1473 5381 1540 5435 ad
1590 5382 1706 5438 haec
1740 5384 1816 5438 ait
1837 5383 2057 5443 Judaeus
2088 5388 2222 5443 dura

644 5472 879 5534 cervice,
914 5470 1264 5525 relractarius
1298 5472 1407 5537 ille,
1432 5473 1863 5546 inobediensque
1889 5520 1903 5545 ,
1949 5486 2003 5533 et
2054 5480 2222 5537 corde

647 5560 948 5615 insuasibili
979 5562 1102 5616 ?En
1126 5573 1390 5634 praesente
1422 5564 1588 5634 Mose,
1615 5569 1861 5640 praecipit
1887 5569 2049 5626 Pater
2092 5588 2218 5628 san-

715 5688 947 5763 gdoan.
982 5707 1056 5763 rx,
1091 5693 1176 5749 16.
1256 5697 1298 5728 ¹⁶
1324 5694 1484 5756 Joan.
1519 5714 1574 5763 x,
1601 5700 1691 5756 55.

642 5756 687 5789 ²²
721 5756 860 5817 Phil.
889 5776 968 5829 ιιι,
993 5762 1082 5817 21.
1159 5766 1203 5797 ³⁸
1231 5765 1421 5823 Matth.
1456 5756 1585 5838 xm,
1611 5771 1664 5824 5.
1740 5772 1783 5803 ³³
1805 5772 1935 5828 Luc.
1964 5756 2152 5841 ιτξὲθξ

2257 4428 2306 4487 D

1807 5702 1849 5788 ετ
1887 5702 1953 5756 lll
1986 5701 2237 5788 κυεῖ-χιιι,
2280 5708 2367 5767 10.
2448 5717 2491 5749 ¹¹
2550 5716 2679 5775 Luc.
2735 5738 2809 5788 Ix,
2864 5725 2954 5781 3|.

2333 3181 2531 3254 θεωροὶ
2574 3184 2815 3251 γίνονται.
2866 3188 2963 3258 τῆς
3022 3190 3168 3245 οὕτω
3214 3196 3420 3267 σεπτῆς
3462 3200 3556 3251 καὶ
3606 3203 3894 3272 παραδόξου

2335 3276 2663 3348 μεταϐολῆς.
2706 3280 2925 3351 Οίηθεὶς
2956 3282 3014 3335 δέ
3042 3284 3176 3347 ἴσως
3204 3287 3232 3339 ό
3263 3288 3553 3355 θεσπέσιος
3584 3294 3791 3366 Πέτρος
3821 3299 3896 3351 ὅτι

2331 3370 2475 3440 τάχα
2508 3388 2615 3425 που
2648 3372 2743 3425 καὶ
2771 3374 3067 3443 ἐνέστηκεν
3094 3380 3123 3430 ό
3152 3379 3347 3450 καιρὸς
3373 3382 3471 3452 τῆς
3505 3384 3782 3452 βασιλείας
3812 3389 3893 3441 τοῦ

2331 3459 2491 3525 Θεοῦ,
2544 3462 2869 3534 ἀποδέχεται
2916 3468 3029 3537 μὲν
3084 3469 3184 3534 τὰς
3224 3472 3281 3525 ἐν
3322 3474 3399 3544 τῷ
3435 3474 3557 3546 ὄρει
3588 3476 3890 3550 διατριϐάς·

2339 3569 2356 3601 ι
2390 3553 2606 3623 Σκηνὰς
2643 3554 2702 3608 δὲ
2753 3558 2905 3627 τρεῖς
2952 3558 3065 3613 δεῖν
3109 3562 3365 3629 γενέσθαι
3395 3567 3583 3638 φησιν,
3619 3571 3718 3623 οὐκ
3753 3571 3895 3634 εἰδὼς

2331 3640 2556 3708 ὃλέγει.
2593 3662 2612 3697 ι
2657 3645 2732 3698 Οὐ
2781 3646 2892 3717 γὰρ
2954 3644 3023 3720 ἦν
3076 3652 3270 3722 καιρὸς
3313 3655 3415 3725 τῆς
3469 3659 3782 3725 συντελείας
3812 3663 3893 3715 τοῦ

2332 3732 2530 3795 αἰῶνος
2552 3749 2567 3762 ⁸
2605 3734 2731 3788 οὔτε
2766 3736 2874 3809 μὴν
2913 3738 3007 3791 τοῦ
3038 3744 3309 3809 παρόντος
3337 3746 3533 3816 χρόνου
3557 3789 3573 3814 ,
3603 3749 3699 3804 τοῦ
3724 3752 3894 3805 λαθεῖν

2330 3823 2460 3888 τοὺς
2482 3916 2486 3917 γ
2509 3826 2701 3893 ἁγίους
2745 3830 2847 3901 τῆς
2877 3834 3302 3911 ἐπηγγελμένης
3332 3843 3517 3907 αὐτοῖς
3544 3845 3759 3910 ἐλπίδος
3800 3849 3889 3917 τὴν

2336 3916 2574 4009 μέθεξιν.
2618 3919 2676 3972 '0
2710 3920 2820 3993 γὰρ
2869 3925 3083 3991 Παῦλός
3116 3947 3316 4001 φησιν·
3355 3953 3373 3985 ι
3419 3936 3517 3998 Ὃς
3551 3916 3895 4009 μετασχημαο

2330 4008 2471 4073 τίζει
2518 4011 2579 4065 τὸ
2629 4012 2792 4083 σῶμα
2836 4016 2938 4086 τῆς
2986 4022 3373 4089 ταπεινώσεως
3406 4026 3703 4097 ήμῶν,είς
3730 4008 3897 4099 τὸγε-

2331 4098 2515 4153 νέσθαι
2540 4102 2672 4156 αὐτὸ
2693 4106 3019 4177 σύμμορφον
3040 4110 3117 4182 τῷ
3132 4111 3345 4184 σώματι
3365 4117 3463 4187 τῆς
3491 4118 3649 4190 δόξης
3669 4121 3850 4174 αὐτοῦ.
3876 4141 3892 4171 ι

2330 4191 2567 4262 Χριστὸς
2617 4195 2886 4266 δηλονότι.
2931 4199 3116 4272 Οῦσης
3156 4200 3252 4259 οῦν
3285 4209 3344 4261 ἐν
3369 4211 3567 4281 ἀρχαῖς
3610 4212 3691 4266 ἔτι
3724 4214 3899 4283 τῆςοί-

2331 4285 2617 4377 κονομίας,
2650 4289 2745 4342 καὶ
2801 4289 2957 4347 οὔπω
3008 4301 3472 4372 πεπερασμένης,
3505 4303 3625 4368 πῶς
3667 4300 3735 4377 ἦν
3765 4308 3896 4370 εἰκὸς

2332 4376 2633 4448 καταλῆξαι
2663 4380 2922 4450 Χριστὸν,
2942 4386 3043 4456 τῆς
3068 4389 3149 4451 εἰς
3170 4390 3260 4443 τὸν
3276 4391 3481 4463 κόσμον
3502 4376 3726 4467 ἀγάπης
3748 4398 3897 4451 ἕνεκα

2332 4470 2798 4544 άποφοιτήσαντα,
2831 4476 2927 4530 τοῦ
2955 4479 3150 4535 παθεῖν
3176 4482 3387 4539 ἐθέλειν
3426 4488 3566 4552 ὑπὲρ
3597 4491 3786 4548 αὐτοῦ.
3814 4492 3899 4546 ἓ-

2332 4580 2475 4618 σωκε
2503 4566 2614 4637 γάρ
2648 4567 2749 4639 τὴν
2783 4569 2875 4623 ὑπ’
2908 4572 3139 4644 οὐρανὸν
3159 4616 3175 4642 ,
3203 4578 3297 4631 καὶ
3325 4580 3487 4633 αὐτὸν
3505 4583 3800 4654 ὑπομείνας
3816 4587 3897 4639 τὸν

2331 4656 2475 4711 κατά
2504 4659 2688 4729 σάρκα
2722 4661 2972 4729 θάνατον,
3002 4668 3096 4721 καὶ
3124 4668 3213 4722 διὰ
3243 4672 3341 4740 τῆς
3362 4673 3428 4726 ἐκ
3448 4676 3660 4746 νεκρῶν
3675 4679 3896 4733 ἀναστά-

2334 4763 2475 4812 σεως
2497 4754 2880 4840 καταργήσας
2911 4757 3108 4826 αὐτόν;
3147 4761 3247 4815 οὐκ
3273 4763 3391 4835 ᾔδει
3421 4770 3710 4840 τοιγαροῦν
3738 4774 3767 4824 ὀ
3800 4772 3892 4826 Πέ-

2330 4854 2459 4933 τρος
2489 4839 2630 4933 ὅπερ
2665 4842 2795 4915 ἔφη.
2830 4845 2977 4916 Πλὴν
3011 4848 3148 4917 πρὸς
3189 4854 3253 4922 τῇ
3287 4839 3703 4929 παραδόξῳνκαὶ
3736 4862 3892 4933 ἁπορο

2333 4930 2484 5001 ῥήτῳ
2515 4931 2614 5004 θέᾳ
2639 4934 2743 5004 τῆς
2775 4936 2937 5010 δόξης
2963 4939 3059 4993 τοῦ
3089 4943 3361 5014 Χριστοῦ,
3392 4948 3709 5021 πέπρακταί
3734 4971 3784 5005 τι

2330 5022 2538 5091 ἕτερον,
2575 5029 2852 5100 χρήσιμόν
2902 5049 2963 5085 τε
3007 5033 3102 5087 καὶ
3136 5037 3438 5106 ἀναγκαῖον
3460 5082 3475 5105 ,
3504 5043 3585 5106 είς
3615 5043 3889 5113 βεϐαίωσιν

2328 5115 2427 5186 τῆς
2455 5118 2543 5171 ἐπ’
2576 5121 2728 5192 αὐτῷ
2776 5125 3015 5190 πίστεως
3040 5142 3056 5159 ⁶
3083 5130 3179 5183 καὶ
3210 5132 3335 5201 οὐχὶ
3369 5134 3557 5204 μόνοις
3586 5141 3696 5202 τοῖς
3729 5139 3893 5208 μαθη-

2329 5213 2449 5302 ταῖς
2468 5229 2481 5242 ·
2513 5213 2651 5269 ἀλλὰ
2698 5215 2809 5288 γὰρ
2841 5220 2935 5273 καὶ
2984 5222 3116 5291 ἡμῖν
3161 5224 3368 5290 αὐτοῖς.
3412 5228 3509 5282 Ἐκ
3538 5232 3765 5302 νεφέλης
3794 5234 3892 5302 γὰρ

2330 5300 2538 5395 άνωθεν
2592 5306 2659 5359 ἐκ
2695 5308 2810 5395 *τοῦ
2866 5309 3006 5363 Θεοῦ
3037 5314 3132 5367 καὶ
3171 5316 3413 5388 Πατρὺς,
3457 5300 3888 5395 κατεδόθηήφιιινῆ

2326 5390 2578 5460 λέγοντος
2600 5412 2615 5425 ’
2649 5389 2823 5463 Οὗτος
2867 5403 2987 5456 ἐστὶ
3024 5406 3053 5458 ό
3088 5405 3216 5470 Υἱός
3266 5426 3370 5479 μου
3405 5412 3434 5464 ὁ
3466 5389 3891 5485 ἀγαπητός-ἑνῷ

2322 5484 2594 5557 εὐδόκησα
2611 5505 2625 5519 ⁸
2646 5491 2815 5545 αὐτοῦ
2839 5494 3094 5551 ἀκούετε.
3117 5500 3224 5552 Καὶ
3243 5502 3301 5553 ἐν
3318 5502 3395 5573 τῷ
3424 5484 3681 5573 γενέσθαι
3703 5525 3719 5558 ι
3747 5510 3887 5576 mai.

2320 5576 2420 5648 τὴν
2445 5580 2651 5652 φωνὴν,
2680 5584 2884 5657 εὑρέθη
2925 5588 3132 5659 Ἰησοῦς
3181 5593 3364 5662 μόνος.
3406 5614 3426 5648 ι
3462 5597 3528 5650 Τί
3572 5598 3703 5670 πρὸς
3730 5598 3890 5652 ταῦτα

3072 5730 3113 5761 ¹⁹
3162 5729 3293 5788 ibid.
3339 5732 3429 5789 52.
3532 5737 3579 5769 ²⁹
3622 5738 3743 5794 ibid.
3805 5738 3885 5793 53.
