4098 6504
249 337 391 404 1253

965 334 1222 395 SERMO
1250 332 1311 395 II
1353 335 1433 397 IN
1474 334 2325 403 TRANSFIGURATIONEM
2358 343 2428 403 D.
2467 343 2538 403 N.
2576 344 2633 404 Ι.
2666 345 2729 406 C.

3393 350 3529 419 1251
3568 409 3572 413 .

242 476 419 529 φησιν
476 458 507 511 6
552 450 1034 527 σκληροτράχηλος
1090 451 1380 515 Ἰουδαῖος·
1409 453 1440 505 6
1481 450 1823 521 δυσάγωγος,

1934 457 2041 511 etis
2064 460 2348 527 apostolis,
2376 472 2435 515 ut
2458 475 2582 515 eum
2610 462 2836 517 audiant
2868 479 2884 517 :
2920 476 2985 519 ac
3013 464 3283 535 siquidem
3320 470 3529 523 voluis—

241 551 345 605 καὶ
402 548 669 621 ἀπειθὴς,
708 545 807 601 καὶ
849 542 1215 615 ἀνουθέτητον
1264 543 1407 615 ἔχων
1432 543 1532 616 τὴν
1558 545 1828 617 καρδίαν;

244 641 362 695 ίδοὺ
386 642 655 712 παρόντος
674 635 920 700 Μωσέως
934 634 963 687 6
986 634 1179 705 Πατὴρ
1204 633 1637 699 ἐντέλλεταιτοῖς
1655 635 1833 704 ἁγίοις

240 733 573 797 ἀποστόλοις
621 728 847 784 ἀκούειν
905 726 1075 780 αὑτοῦ
1102 742 1117 757 ο
1143 726 1259 781 ἀλλ’
1303 726 1466 798 είπερ
1507 724 1576 797 ἦν
1607 726 1832 798 θελητδν

241 826 399 898 αὐτῷ
419 828 542 889 ταῖς
569 820 818 884 Μωσέως
842 819 1164 874 ἀκολουθεῖν
1199 818 1400 883 αὐτοὺς
1426 817 1694 883 ἐντολαῖς,
1724 818 1831 888 ἔφη

242 918 318 972 ἂν
341 920 424 970 ὃτι
450 913 709 969 πείθεσθε
738 911 818 983 τῷ
851 912 1077 966 Μωσεῖ·
1108 911 1328 980 τηρεῖτε
1360 908 1453 962 τὸν
1479 907 1662 979 νόμον.
1693 907 1833 962 Νυνὶ

239 1009 301 1063 δὲ
332 1008 453 1063 ούδδ
480 1005 640 1060 τοῦτό
661 1021 794 1076 φησι
822 1005 851 1057 6
875 1002 1009 1066 Θεὸς
1043 1001 1140 1055 καὶ
1159 1001 1352 1071 Πατήρ
1375 1014 1390 1030 ⁸
1423 999 1540 1054 ἀλλ’
1575 1000 1829 1065 ἑστῶτος,

239 1100 491 1163 Μωσέως
515 1097 615 1151 καὶ
638 1095 733 1150 τοῦ
763 1094 1050 1166 προφήτου
1074 1090 1240 1146 αὐτοῦ
1278 1090 1461 1157 Ἠλία,
1497 1091 1665 1171 αὑτοῦ
1695 1091 1834 1161 μᾶλ-

238 1191 338 1245 λον
371 1188 569 1252 αὐτοὺς
593 1185 817 1241 ἀκούειν
847 1183 1131 1237 ἐπιτάττει.
1155 1197 1170 1211 ο
1197 1181 1285 1233 ἵνα
1316 1180 1454 1251 μηδὲ
1480 1180 1833 1251 συκοφαντῆ-

240 1299 337 1335 ται
370 1279 522 1352 παρὰ
561 1294 729 1332 τινων
759 1278 795 1346 ή
828 1274 1063 1346 ἀλήθεια
1084 1289 1098 1303 ·
1148 1272 1423 1340 λεγόντων
1460 1273 1542 1325 ὅτι
1584 1271 1832 1336 Μωσέως

244 1369 455 1441 μᾶλλον
479 1365 679 1429 αὐτοὺς
726 1362 948 1418 ἀκούειν
992 1360 1399 1431 προτετάταχεν
1426 1360 1455 1413 6
1489 1361 1701 1432 Πατὴρ,
1735 1362 1834 1416 καὶ

241 1462 309 1514 οὐ
341 1458 436 1514 τοῦ
471 1459 695 1514 πάντων
722 1454 885 1527 ήμῶν
909 1454 1165 1525 Σωτῆρος
1189 1451 1454 1524 Χριστοῦ.
1493 1452 1833 1521 Ἀναγκαίως

242 1547 345 1607 οῦν
376 1553 407 1604 6
432 1546 833 1621 εύαγγελιστὴς
876 1544 1268 1616 ἐπεσημήνατο
1307 1543 1483 1614 λέγων
1503 1561 1519 1577 ·
1546 1544 1630 1598 ὅτι
1662 1544 1723 1598 ἐν
1752 1542 1833 1614 τῷ

241 1644 505 1714 γενέσθαι
532 1641 636 1713 τὴν
672 1640 890 1711 φωνὴν,
919 1636 1119 1709 εὑρέθη
1164 1636 1374 1707 Ἰησοῦς
1409 1636 1594 1707 μόνος.
1620 1634 1833 1689 Οὐκοῦν

238 1738 339 1793 ὅτε
361 1738 472 1800 τοῖς
499 1735 680 1805 ἁγίοις
708 1732 1038 1796 ἀποστόλοις
1068 1733 1095 1785 6
1118 1729 1252 1795 Θεὸς
1281 1730 1378 1784 καὶ
1421 1728 1612 1803 Πατὴρ
1646 1729 1724 1795 ὡς
1766 1730 1834 1783 ἐκ

1933 556 2039 612 set,
2076 549 2313 606 utMosis
2336 563 2607 623 praecepta
2643 564 3024 623 sequerentur,
3049 558 3281 633 dixisset
3307 561 3523 631 utique,

1934 649 1992 693 ut
2048 639 2183 695 Mosi
2223 642 2700 714 obtemperarent,
2735 656 2795 702 ut
2829 659 3115 702 servarent
3177 650 3373 720 legem.
3403 651 3524 707 Jatu

1931 747 2061 788 vero
2084 734 2495 806 haudquaquam
2528 738 2579 792 id
2598 737 2739 793 Deus
2767 746 2821 793 et
2845 737 3009 794 Pater
3034 740 3188 803 dicit,
3215 742 3311 797 sed
3335 755 3525 797 astan-

1932 823 2077 879 tibus
2128 825 2295 891 Mose,
2321 826 2548 898 Eliaque
2572 829 2692 899 ejus
2722 831 3011 901 propheta,
3043 841 3111 886 ut
3144 833 3300 888 illum
3343 836 3525 904 potius

1934 917 2174 983 audiant,
2204 919 2472 989 praecipit.
2516 919 2591 975 Ut
2633 937 2703 976 ne
2763 931 2945 977 autem
2981 926 3182 979 veritas
3214 928 3353 996 apud
3384 943 3525 981 non-

1934 1006 2111 1063 nullos
2166 1007 2496 1064 calumniam
2563 1014 2843 1080 patiatur,
2900 1015 3193 1085 dicuntque
3285 1016 3523 1085 jussisse

1935 1095 2147 1153 Patrem
2198 1107 2258 1153 ut
2308 1096 2493 1154 Mosen
2558 1100 2779 1169 potius,
2829 1118 2939 1158 non
2980 1107 3227 1160 omnium
3260 1120 3510 1164 nostrum

1933 1186 2267 1244 Salvatorem
2317 1188 2647 1253 Christum,
2702 1193 2953 1247 audirent
2995 1210 3011 1248 :
3061 1195 3184 1250 ideo
3234 1198 3521 1267 signanter

1930 1278 2276 1347 evangelista:
2302 1278 2592 1333 dicendum
2629 1280 2761 1346 fuit,
2793 1283 2921 1337 dum
2959 1300 3058 1339 vox
3104 1289 3253 1344 ﬁeret
3282 1330 3297 1355 ,
3325 1294 3518 1347 iuven-

1933 1375 2047 1421 tum
2081 1383 2202 1424 esse
2229 1367 2416 1424 Jesum
2460 1370 2660 1426 solum.
2692 1371 2825 1428 Cum
2860 1376 3022 1445 igitur
3066 1378 3207 1434 Deus
3234 1394 3289 1436 et
3330 1382 3513 1449 Pater,

1931 1459 2078 1514 velut
2105 1476 2171 1515 ex
2210 1462 2465 1529 nubibus,
2505 1464 2736 1533 desuper
2780 1469 3040 1537 apostolis
3065 1476 3275 1529 sanctis
3321 1478 3515 1543 praeci-

1931 1558 2108 1620 peret,
2173 1551 2408 1607 dicens:
2454 1573 2473 1606 ι
2535 1555 2712 1625 Ipsum
2760 1559 2967 1624 audite,
3022 1579 3040 1612 ι
3088 1564 3276 1619 aberat
3317 1566 3519 1633 Moses,

1934 1639 2079 1696 Elias
2106 1655 2217 1696 non
2271 1654 2391 1697 erat
2444 1662 2461 1711 ;
2510 1641 2668 1705 Jesus
2729 1656 2909 1704 autem
2968 1663 3086 1707 erat
3143 1655 3322 1711 solus:
3390 1674 3520 1731 ergo

1933 1733 2189 1802 praacepit
2216 1745 2273 1789 ut
2306 1734 2480 1805 ipsum
2530 1741 2802 1796 audirent.
2853 1742 3066 1799 Etenim
3123 1746 3237 1818 ipse
3290 1750 3416 1806 linis
3464 1761 3521 1807 et

238 1832 489 1903 νεφελῶν
510 1829 721 1888 ἀνωθεν
743 1826 1058 1883 ἐνετέλλετο
1073 1826 1270 1896 λέγων’
1285 1843 1303 1877 ι
1329 1823 1584 1878 ’Δκούετε
1604 1821 1823 1911 αύτοῦ,ι

1938 1821 2070 1893 legis
2096 1832 2151 1879 et
2202 1826 2590 1895 prophetarum
2647 1828 2714 1882 “.
2756 1828 3045 1902 Propterea
3099 1837 3261 1890 etiam
3305 1840 3520 1911 populis

239 1922 454 1993 Μωσῆς
488 1920 590 1992 μὲν
622 1918 770 1989 ἀπῆν
799 1933 814 1949 ’
858 1916 1046 1981 Ἠλίας
1072 1915 1130 1971 δὲ
1151 1916 1211 1970 οὐ
1250 1914 1457 1987 παρῆν,
1488 1914 1652 1986 μόνος
1681 1914 1739 1968 δὲ
1762 1909 1832 1986 ἦν

238 2016 272 2068 6
298 2012 554 2085 Χριστός.
615 2009 794 2066 Αὑτοῦ
846 2007 1144 2081 τοιγαροῦν
1193 2006 1420 2062 ἀκούειν
1467 2005 1828 2087 προστέταχε.

241 2105 359 2159 Καὶ
383 2103 490 2174 γάρ
518 2102 671 2156 ἐστιν
698 2099 863 2164 αὐτὸς
892 2098 1048 2163 τέλος
1071 2097 1241 2170 νόμου
1268 2098 1364 2152 καὶ
1384 2096 1704 2169 προφητῶν.
1729 2095 1830 2151 Διά

238 2197 406 2251 τοῦτο
434 2196 529 2249 καὶ
579 2196 697 2258 τοῖς
735 2192 844 2247 τῶν
887 2192 1158 2246 Ἰουδαίων
1204 2191 1402 2262 δήμοις
1431 2189 1828 2262 προσεφώνησε

239 2288 423 2356 λέγων
446 2305 459 2319 ·
512 2305 532 2339 ι
565 2286 629 2339 Εἰ
658 2284 947 2338 πιστεύετε
986 2284 1211 2347 Μωσεῖ,
1242 2281 1605 2336 ἐπιστεύσατε
1634 2282 1700 2336 ἂν
1731 2284 1830 2337 καὶ⁹

239 2378 394 2449 ἐμοί.
436 2375 574 2447 Περὶ
598 2376 708 2447 γάρ
739 2374 877 2446 ἐμοῦ
916 2376 1124 2437 ἐκεῖνος
1152 2372 1412 2444 ἔγραψεν.
1452 2391 1470 2425 ι
1523 2372 1743 2447 Ἐπειδὴ
1768 2372 1827 2425 δὲ

238 2472 341 2525 καὶ
389 2469 489 2541 τὴν
517 2469 608 2523 διὰ
660 2468 757 2522 τοῦ
811 2466 1094 2536 πανσόφου
1145 2464 1395 2528 Μωσέως
1450 2464 1822 2534 ἀτιμάζοντες

239 2558 491 2631 ἐντολὴν,
523 2556 619 2611 καὶ
631 2556 722 2610 τὸν
749 2556 839 2611 διὰ
863 2555 973 2609 τῶν
999 2554 1171 2625 ἁγίων
1192 2554 1490 2626 προφητῶν
1506 2554 1827 2618 ἀθετοῦντες

237 2649 403 2718 λόγον
439 2648 605 2721 μέχρι
653 2646 859 2710 παντὸς
903 2646 1274 2717 μεμενήκασι,
1308 2644 1536 2707 δικαίως
1585 2643 1827 2715 ἀπηλλοο

234 2737 557 2810 τριώθησαν
581 2753 597 2768 ·
629 2737 724 2791 καὶ
753 2733 861 2789 τῶν
896 2734 997 2804 τῆς
1036 2732 1311 2804 πατράσιν
1338 2732 1521 2787 αὐτῶν
1546 2732 1825 2803 ἐπηγγελ-

238 2831 426 2901 μένων
486 2827 798 2899 ἐξεώθησαν
879 2824 1126 2896 ἀγαθῶν.
1162 2844 1181 2878 ι
1234 2825 1486 2898 ’Υπακοὴ
1533 2825 1644 2896 γὰρ
1681 2824 1826 2894 ὑπὲρ

237 2922 436 2976 θυσίαν
461 2920 643 2993 ἀγαθή
669 2935 684 2952 ο
702 2920 798 2974 καὶ
817 2919 851 2990 ἡ
870 2918 1210 2989 ἐπακρόασις
1230 2916 1373 2990 ὑπὲρ
1388 2917 1557 2989 στέαρ
1572 2915 1775 2987 ἀρνῶν,
1799 2935 1819 2970 ι

235 3013 425 3079 καθὼς
475 3015 811 3084 γέγραπται.
846 3010 960 3065 Καὶ
1015 3009 1087 3064 τὰ
1143 3009 1246 3080 μὲν
1301 3009 1413 3064 τῶν
1452 3009 1728 3065 Ἰουδαίων
1764 3010 1824 3065 ἐν

234 3106 452 3171 τούτοις
475 3122 489 3136 ο
525 3106 662 3176 ἡμῖν
721 3104 779 3159 δὲ
812 3105 927 3167 τοῖς
960 3102 1307 3172 ἐπεγνωκόσι
1350 3102 1454 3173 τὴν
1488 3103 1820 3172 ἐπιφάνειαν

1933 1912 2244 1970 Iudaeorum
2316 1915 2527 1974 locutus
2585 1930 2689 1987 est,
2748 1923 2935 1980 dicens
2990 1941 3005 1979 :
3052 1944 3071 1978 ι
3111 1926 3166 1981 Si
3230 1930 3519 1988 crederitis

1932 2002 2090 2069 Mosi,
2124 2008 2255 2063 mihi
2288 2010 2476 2081 utique
2515 2011 2851 2071 crederetis:
2881 2016 2949 2071 de
2979 2033 3065 2072 me
3097 2020 3241 2074 enim
3273 2022 3362 2077 ille
3384 2026 3519 2079 seri-

1931 2098 2038 2168 psit
2074 2097 2142 2153 ”.
2197 2117 2217 2151 ι
2252 2097 2388 2165 Quia
2450 2116 2576 2157 vero
2639 2104 2912 2161 obstinate
2958 2107 3124 2165 Mosis
3186 2126 3515 2185 praeceptum

1931 2191 2201 2258 aspernati
2237 2202 2404 2255 sunt,
2442 2193 2755 2266 dictumque
2811 2213 2906 2268 per
2966 2212 3186 2259 sanctos
3219 2207 3521 2276 prephetas

1929 2295 2231 2336 sermonem
2284 2284 2436 2337 nihili
2496 2300 2562 2341 ac
2617 2295 2920 2345 extremum
2993 2308 3165 2364 usque
3230 2296 3518 2363 fecerunt,

1930 2374 2122 2428 merito
2139 2374 2368 2431 abdicati
2400 2387 2566 2443 sunt,
2609 2388 2774 2451 atque
2804 2397 2835 2438 a
2884 2383 3050 2440 bonis
3078 2402 3309 2459 quorum
3335 2402 3518 2459 patres

1930 2466 2406 2534 repromissiouem
2469 2481 2837 2540 acceperant,
2894 2474 3139 2546 depulsi,
3181 2477 3323 2535 sicut
3370 2483 3515 2536 enim

1927 2556 2190 2625 scriptum
2227 2565 2379 2613 est:
2474 2578 2493 2612 ι
2536 2560 2832 2619 Obauditio
2917 2581 3083 2648 super
3178 2571 3535 2628 sacriﬁcium

1928 2647 2149 2713 bonum,
2181 2651 2560 2708 ctobedientia
2591 2671 2755 2726 super
2783 2647 2996 2729 adipem
3059 2676 3332 2730 agnorum
3372 2665 3422 2697 “
3448 2704 3466 2721 .
3491 2684 3512 2718 ›

1927 2737 1993 2793 Ει
2020 2740 2099 2795 sic
2129 2742 2592 2810 quidemJudaica
2617 2747 2841 2803 habent.
2878 2748 3045 2807 Nobis
3071 2769 3221 2821 vero,
3257 2756 3353 2825 qui
3385 2758 3509 2828 ejus

1926 2832 2248 2901 agnovimus
2279 2837 2694 2906 apparitionem,
2728 2852 2889 2896 erunt
2922 2843 3082 2913 plane
3112 2849 3296 2902 omnia
3331 2850 3509 2906 bona:

1924 2931 1979 2977 et
2012 2939 2108 2994 per
2147 2924 2321 2995 ipsum
2350 2926 2627 2985 Christum
2653 2970 2669 2998 ,
2704 2940 2761 2987 et
2797 2934 2864 2990 ab
2894 2934 3012 3006 ipso
3041 2977 3057 3003 ,
3086 2955 3183 3010 per
3209 2956 3368 3011 quem
3394 2982 3409 3007 ,
3460 2954 3517 2998 et

1925 3029 2048 3069 cum
2075 3029 2185 3086 quo
2211 3014 2323 3073 Deo
2348 3018 2498 3075 Patri
2531 3037 2655 3078 cum
2693 3023 2901 3095 Spiritu
2959 3042 3172 3099 saneto,
3230 3033 3405 3105 gloria
3462 3046 3517 3092 et

1928 3104 2237 3175 imperium,
2271 3109 2326 3164 in
2388 3112 2588 3168 saecula
2628 3115 2976 3176 saeculorum.
3021 3121 3216 3178 Amen.

235 3202 432 3269 αὐτοῦ,
461 3203 642 3256 πάντα
670 3200 889 3263 πάντως
924 3197 1160 3268 ὑπάρξει
1186 3198 1257 3252 τὰ
1324 3197 1510 3268 ἀγαθὰ
1536 3215 1551 3229 ο
1577 3198 1646 3252 δι’
1682 3197 1849 3254 αὐτοῦ
1886 3215 1948 3252 τε
1982 3201 2079 3254 καὶ
2116 3205 2251 3274 παρ’
2286 3203 2456 3259 αὑτοῦ
2513 3209 2609 3262 τοῦ
2653 3209 2894 3282 Χριστοῦ
2924 3230 2939 3246 ο
3000 3215 3068 3269 δι’
3111 3210 3202 3281 οῦ,
3244 3221 3342 3274 καὶ
3395 3223 3518 3293 μεθ’

233 3288 325 3361 οῦ,
350 3293 428 3366 τῷ
460 3293 581 3365 Θεῴ
613 3292 710 3347 καὶ
758 3290 938 3363 Πατρὶ
984 3288 1114 3355 δόξα
1159 3290 1255 3343 καὶ
1310 3289 1513 3361 κράτος
1561 3288 1659 3343 σὺν
1686 3286 1830 3359 ἁγίῳ
1869 3289 2171 3362 Πνεύματι,
2198 3295 2281 3359 είς
2340 3296 2471 3361 τοὺς
2507 3298 2712 3364 αίῶνας
2737 3301 2846 3385 τῶν
2880 3302 3115 3361 αἰώνων,
3165 3308 3372 3380 Ἀμήν,

991 3404 1068 3458 I".

232 3501 338 3567 Εἰς
380 3500 506 3586 τῆς
520 3494 947 3586 ὑξερέηδεεον.
958 3495 1821 3586 μεταμόρφωςιζᾷξοῦνιςιρξορ

306 3570 412 3696 3:1
464 3567 614 3693 885,5
643 3566 746 3622 καὶ
781 3566 1060 3635 Σωτῆρος
1093 3566 1267 3636 ἡμῶν
1304 3566 1502 3634 Ἰησοῦ
1558 3566 1819 3635 Χριστοῦ

392 3656 493 3711 Tac
587 3676 603 3694 ο

309 3732 485 3796 Δύτδς
518 3730 622 3802 μὲν
646 3728 871 3784 ἑωθινοῦ
901 3729 1082 3799 φωτὸς
1116 3725 1554 3800 προηγούμενος,
1575 3726 1819 3781 ἀπελαύ-

235 3842 322 3880 νει
352 3824 464 3878 τῶν
487 3822 778 3895 βλεφάρων
809 3821 903 3875 τὸν
934 3820 1126 3885 ὕπνον,
1155 3819 1252 3873 καὶ
1279 3819 1342 3872 τὸ
1368 3818 1695 3893 περίορθρον
1722 3819 1820 3889 τῆς

238 3916 461 3989 ἡμέρας
500 3916 562 3970 τὸ
602 3914 879 3983 λυκαυγὲς
909 3912 1301 3984 ἐφελκόμενον,
1331 3909 1543 3965 διαλύει
1576 3912 1680 3976 τὰς
1708 3911 1819 3967 τῶν

235 4009 468 4081 ὀνείρων
497 4007 687 4071 σκιάς*
733 4007 1009 4079 μαρτυρεί
1046 4003 1105 4057 δὲ
1153 4005 1223 4076 τῇ
1259 4001 1355 4057 τοῦ
1387 4000 1520 4073 ἠοῦς
1544 4002 1821 4076 παρουσίᾳ

235 4101 349 4163 πᾶς
381 4099 532 4170 ὅρνις
572 4098 727 4162 ὅστις
772 4098 925 4151 ἐστὶν
954 4094 1189 4169 ᾠδικὸς,
1241 4095 1351 4168 πρὸ
1404 4096 1505 4168 τῆς
1563 4096 1837 4169 πτήσεως

235 4183 515 4256 ἐφιζάνων
562 4187 676 4251 τοῖς
720 4186 1008 4257 πρέμνοις.
1040 4186 1119 4257 Τῇ
1150 4184 1261 4257 γὰρ
1287 4184 1397 4239 τῶν
1427 4184 1644 4240 οίκείων
1682 4186 1817 4241 ἀνα-

234 4278 461 4348 κινήσει
483 4276 724 4349 πτερῶν,
754 4276 1284 4348 συνεκτιναξάμενος
1302 4277 1400 4347 τὴν
1428 4276 1588 4349 σιγὴν
1616 4280 1683 4350 τῇ
1710 4278 1818 4332 ἀπὺ

230 4368 333 4422 τοῦ
359 4369 533 4424 ὕπνου
566 4357 859 4442 χαυνότητι
888 4408 904 4437 ,
930 4371 991 4424 ἐν
1015 4371 1094 4441 τῷ
1126 4370 1309 4441 ὄρθρῳ
1330 4370 1429 4441 τὴν
1455 4373 1648 4425 ἀκτῖνα
1679 4389 1816 4442 προ-

231 4460 451 4515 δλέπει.
486 4462 599 4515 Καὶ
628 4461 757 4525 τοὺς
795 4460 875 4514 ἔτι
918 4460 1288 4524 καθεύδοντας
1313 4500 1328 4526 ,
1360 4462 1450 4516 διὰ
1482 4464 1580 4531 τῆς
1611 4463 1814 4525 οἰκείας

230 4552 447 4625 ἐγείρει
501 4556 708 4625 φωνῆς.
758 4553 865 4607 Τδν
899 4552 1065 4607 αὐτὸν
1096 4552 1296 4624 τρόπον
1324 4552 1419 4605 τοῦ
1452 4552 1813 4621 εὐαγγελικοῦ

229 4644 418 4713 φωτὸς
457 4644 551 4698 τὸν
597 4643 702 4714 τῆς
746 4643 1135 4714 οἱκουμενικῆς
1171 4643 1498 4713 Ἐκκλησίας
1540 4643 1813 4714 περιλάμ-

2674 3413 2767 3469 ιιι.

1929 3494 1995 3551 In
2017 3495 2458 3569 gloriosissimam
2514 3500 2731 3557 Domini
2770 3514 2820 3559 et
2862 3504 2963 3560 Dei
2989 3518 3038 3561 et
3080 3508 3374 3567 Saluatoris
3415 3533 3511 3569 κο-

2045 3570 2147 3621 stri
2168 3566 2297 3622 Jesu
2328 3568 2529 3625 Christi
2556 3575 3083 3645 trausﬁgurattouem
3108 3584 3280 3636 oratio
3316 3584 3400 3639 Il.

1996 3724 2251 3781 Matutini
2278 3727 2502 3783 luminis
2522 3729 2733 3799 primus
2773 3732 3035 3803 splendor
3092 3753 3347 3795 somnum
3402 3747 3512 3814 pal-

1926 3816 2110 3885 pebris
2135 3818 2325 3886 abigit,
2376 3821 2816 3893 productumque
2876 3827 2982 3882 diei
3036 3836 3509 3894 matutinumcre-

1927 3908 2215 3978 pusculum
2240 3912 2577 3965 somniorum
2598 3913 2848 3969 dissolvit
2866 3918 3092 3973 umbras
3111 3966 3124 3986 ,
3144 3937 3359 3978 aurora:
3379 3941 3508 3980 vero

1926 3997 2246 4064 adventum,
2264 4014 2467 4055 canora
2487 4002 2668 4059 omnis
2690 4004 2808 4058 avis
2832 4022 2862 4060 a
2914 4009 3193 4078 stipitibus
3231 4016 3508 4086 ramisque

1925 4096 2053 4145 ante
2076 4090 2319 4146 volatum
2375 4094 2631 4164 pendula,
2690 4102 2948 4152 testatum
2998 4100 3148 4156 facit.
3202 4101 3317 4160 Una
3354 4107 3502 4162 enim

1925 4197 2049 4237 cum
2080 4182 2305 4239 inducta
2330 4199 2527 4240 somno
2556 4186 2801 4254 mollitie,
2828 4205 3127 4258 pennarum
3155 4200 3505 4266 quassatione

1923 4275 2161 4331 decusso
2188 4276 2430 4344 silentio,
2470 4279 2805 4334 matutinum
2839 4283 3054 4337 radium
3092 4289 3313 4356 excipit,
3344 4305 3505 4346 voce-

1922 4382 2029 4437 que
2057 4367 2428 4437 obstrepente,
2459 4369 2640 4424 adhuc
2661 4370 3061 4431 dormientibus
3106 4392 3356 4434 somnum
3385 4383 3505 4437 adi-

1921 4459 2040 4513 mit.
2072 4458 2167 4514 Sic
2222 4460 2403 4530 plane,
2444 4459 2703 4516 Ecclesia:
2746 4464 3072 4522 universalis
3130 4469 3314 4537 domo,
3339 4488 3505 4529 evan-

1921 4551 2080 4622 gelici
2113 4552 2338 4607 luminis
2394 4552 2668 4609 illustrata
2701 4553 3041 4626 fulgoribus,
3094 4562 3351 4620 abscedat
3382 4569 3503 4638 qui-

1920 4644 2041 4699 dem
2061 4660 2163 4700 ceu
2185 4660 2293 4700 uox
2320 4647 2595 4717 quasdam,
2616 4649 2847 4719 ignavia:
2868 4652 3045 4724 caligo
3066 4675 3078 4711 :
3103 4671 3166 4711 ac
3199 4674 3329 4713 vero
3355 4660 3499 4715 haud

226 4738 439 4809 ψαντος
486 4733 669 4790 οἷκονο
719 4734 1081 4809 ύποχωρείτω
1136 4735 1235 4805 μὲν
1265 4734 1455 4806 ῶσπερ
1496 4732 1594 4798 νὺξ
1638 4736 1671 4805 ή
1712 4735 1815 4805 τῆς

1925 4750 2083 4791 secus
2128 4750 2195 4791 ac
2237 4736 2649 4795 tabernaculum
2714 4740 2883 4796 fixum
2944 4744 2997 4797 in
3048 4748 3278 4815 somnis,
3338 4750 3501 4805 inane

230 4828 517 4902 ῥᾳθυμίας
558 4827 768 4899 ἀχλύς’
840 4829 997 4882 πᾶσα
1044 4827 1104 4881 δὲ
1152 4826 1359 4898 σπουδὴ
1417 4828 1814 4898 ματαιότητος,

226 4919 490 4991 καθάπερ
530 4920 726 4992 ὀνείρῳ
787 4921 1032 4990 παγεῖσα
1073 4918 1377 4973 διαλυέσθω
1423 4920 1633 4990 σκηνή’
1668 4922 1731 4973 ἐκ
1762 4919 1819 4974 δὲ

224 5010 342 5065 τῶν
371 5009 729 5081 ὑψηλοτάτων
759 5011 855 5065 τοῦ
886 5011 1132 5083 βήματος
1179 5011 1439 5081 πρέμνων
1487 5012 1815 5065 κελαδείτω-

226 5117 337 5155 σαν
380 5102 439 5155 αί
489 5101 837 5157 θεόπνευστοι
880 5104 989 5157 τῶν
1024 5103 1371 5157 διδασκάλων
1420 5101 1591 5173 ᾠδαὶ,
1620 5107 1687 5174 τῇ
1719 5103 1814 5159 τοῦ

226 5193 558 5263 ἐπουρανίου
578 5194 957 5267 μαρτυροῦσαι
979 5194 1253 5266 παρουσίᾳ
1280 5194 1480 5264 φωτός.
1508 5194 1669 5249 Ἀλλὰ
1698 5198 1813 5258 τοῖς

230 5285 339 5356 μὲν
370 5284 582 5357 ὄρνισιν
611 5287 829 5358 ἄσημος
864 5289 898 5358 ὴ
938 5286 1115 5358 φωνὴ,
1167 5287 1516 5358 διεγείρουσα
1548 5288 1673 5351 τοὺς
1708 5306 1812 5341 νω-

228 5376 402 5447 θροῦς
428 5378 567 5448 πρὸς
592 5380 923 5450 ἐγρήγορσιν
948 5394 963 5409 ο
992 5381 1050 5433 ἐν
1083 5379 1141 5432 δὲ
1177 5380 1290 5441 τοῖς
1318 5377 1660 5443 διδασκάλοις
1691 5378 1811 5431 ἐπί-

229 5484 413 5539 σημος
444 5469 477 5539 ἡ
515 5467 610 5521 τοῦ
654 5468 871 5523 Παύλου
904 5469 1096 5540 φωνή·
1132 5487 1151 5521 ι
1190 5468 1255 5522 Ἦ
1285 5468 1402 5535 νὺξ,
1446 5468 1647 5538 βοῶσα,
1679 5486 1812 5538 προ⁴

227 5560 469 5628 έκοψινο
502 5562 619 5634 ἠδὲ
644 5564 827 5635 ἡμέρα
869 5563 1089 5633 ήγγικε.
1132 5580 1152 5615 ι
1190 5563 1328 5616 Ποία
1380 5561 1657 5635 προέκοψε
1688 5563 1809 5631 νὺξ,

1921 4841 2085 4883 omne
2134 4830 2474 4901 stultumque
2530 4833 2773 4888 studium
2815 4836 3163 4905 disponatur;
3206 4840 3501 4897 divinitus-
3540 4824 3543 4827 ἢ

1916 4935 2023 4990 que
2052 4920 2332 4992 inspirata:
2351 4923 2739 4994 magistrorum
2789 4928 3075 4982 cantilena:
3110 4929 3177 4983 de
3216 4929 3501 4989 altissimis
3540 5002 3541 5005 η

1915 5023 2175 5069 resonent
2233 5027 2523 5087 suggestus
2562 5021 2753 5082 ramis,
2791 5036 2855 5075 ac
2884 5021 3130 5076 cwlestis
3157 5022 3382 5080 luminis
3424 5035 3500 5081 te—

1913 5114 2138 5163 stentur
2200 5108 2518 5164 adventum.
2564 5109 2635 5164 At
2663 5110 2858 5167 avibus
2909 5113 3128 5184 quidem
3183 5115 3347 5170 missa
3369 5134 3499 5183 vox,

1911 5214 2227 5269 quanquam
2261 5215 2371 5255 non
2401 5200 2680 5263 distincta,
2700 5203 2883 5273 pigros
2904 5204 2970 5258 ad
2991 5205 3231 5274 vigiliam
3253 5208 3454 5262 excitat
3478 5226 3493 5272 ;

1911 5291 1966 5345 in
1998 5292 2278 5363 magistris
2313 5303 2519 5358 autem,
2550 5302 2699 5348 certa
2722 5304 2804 5350 est
2828 5311 2892 5350 ac
2920 5295 3177 5351 distincta
3205 5298 3357 5351 Pauli
3398 5315 3495 5354 vox

1911 5372 2001 5436 illa
2031 5382 2275 5437 clamans
2301 5422 2316 5448 ,
2348 5401 2366 5434 ι
2404 5382 2521 5438 Nox
2551 5386 2865 5454 praecessit;
2902 5386 3020 5443 dies
3060 5399 3242 5444 autem
3294 5406 3494 5460 appro-

1912 5474 2285 5545 pinquavit".
2326 5493 2343 5527 ι
2406 5474 2539 5542 Qua:
2568 5492 2671 5531 nox
2711 5478 2802 5533 illa
2842 5482 3195 5550 praecessit,o
3222 5491 3278 5537 tu
3306 5479 3493 5537 Eccle-

1913 5567 2009 5622 sia:
2033 5566 2331 5636 magister;
2364 5583 2551 5639 quaeve
2585 5573 3046 5644 approliinquavit
3084 5575 3238 5632 dies?
3276 5574 3495 5648 Ergone

308 5760 359 5792 “
389 5758 551 5822 Rom.
582 5777 639 5828 ι,
662 5762 717 5816 4.
791 5765 838 5796 ’⁸
874 5762 1033 5819 Joan.
1068 5778 1121 5830 ν,
1151 5762 1240 5818 46.
1316 5763 1363 5793 ²⁶
1390 5764 1411 5816 l
1437 5761 1569 5835 Reg.
1594 5779 1696 5833 xv,
1721 5763 1810 5819 ‘22.

1925 5766 1934 5797 '
1973 5763 2132 5820 Rom.
2162 5780 2240 5830 tu,
2276 5764 2363 5819 ιε.
