4098 6492
576 341 721 405 1255

1676 326 2208 393 PANTALEONIS
2264 326 2581 391 DIACONI
2635 330 2749 391 (ΣΡ.

3717 334 3843 400 12ἷὸ

572 447 979 520 caliginosioris
999 442 1262 517 temporis
1310 439 1513 497 detenti
1548 440 1875 506 commodis,
1913 439 2061 495 velut
2088 452 2158 493 ex

2275 432 2310 491 Ξ)
2363 439 2466 509 τῆς
2528 436 2863 509 Ἐκκλησίις
2916 432 3247 505 διδάσκαλε,
3311 440 3446 494 ποία
3484 439 3557 495 ’δὲ
3622 443 3847 514 ἤγγικεν

571 552 753 608 nocte,
784 540 983 594 diurno
1008 536 1203 591 lumini
1224 535 1661 605 propinquamus
1683 532 1707 586 i
1731 531 2047 597 Enimvero,
2081 531 2164 586 si-

570 633 794 703 quidem
824 608 1056 684 mutatio
1098 637 1437 698 temporum,
1467 625 1741 679 malorum
1774 623 1955 699 effecit
1985 634 2168 678 muta-

575 727 801 787 tionem,
827 721 972 792 quod
1001 720 1222 791 quidem
1254 717 1713 788 appropinquavit
1756 727 1993 786 tempus,
2022 730 2165 786 prte-

575 817 736 871 terito
786 815 982 869 melius
1042 812 1239 876 evasit,
1297 812 1549 865 humana:
1582 824 1715 865 vero
1774 818 1983 863 natura:
2029 804 2167 861 nihil

574 908 756 964 laudis
822 906 1077 970 accessit,
1118 919 1245 959 cum
1294 904 1411 972 ipsa
1443 900 1676 956 nihilex
1724 901 1836 956 alia
1899 901 1953 955 in
2001 900 2165 954 aliam

575 1001 853 1056 demetata
911 998 1003 1054 sit.
1070 998 1277 1069 Apage,
1330 995 1529 1066 inquit.
1573 992 1831 1050 Scientias
1890 1007 1993 1062 ego
2038 991 2169 1046 illu-

577 1094 939 1156 strationem,
984 1105 1095 1145 non
1160 1088 1424 1158 temporis
1486 1087 1699 1157 lapsum
1750 1083 2051 1140 edissero:
2103 1098 2169 1138 ac

581 1182 731 1240 velut
783 1183 1047 1238 diuturno
1090 1182 1335 1251 sepultus
1380 1194 1599 1244 somno,
1638 1178 1825 1248 pigros
1857 1175 2164 1232 exsuscita.

652 1485 787 1542 Nam
814 1496 868 1542 et
899 1484 1002 1557 ipsi
1063 1484 1270 1541 fuimus
1301 1498 1442 1549 nox;
1489 1499 1633 1541 ntmc
1663 1493 1844 1539 autem
1878 1494 2166 1553 postquam

581 1580 863 1636 induimus
892 1579 1194 1641 Christum,
1220 1578 1324 1631 diei
1370 1577 1531 1632 nobis
1576 1576 2165 1647 congruitappcllatio.

588 1690 608 1723 ‹
649 1672 879 1726 Eramus
923 1670 1068 1725 enim
1106 1668 1407 1739 aliquando
1467 1668 1739 1735 tenebrae;
1786 1684 1931 1723 nunc
1981 1676 2165 1721 autem

582 1764 675 1818 lux
725 1765 779 1816 in
834 1762 1067 1817 Domino
1092 1762 1159 1814 ".
1201 1779 1219 1812 ι
1274 1760 1607 1816 Benedictus
1657 1776 1741 1827 es,
1788 1759 2025 1825 Christe,
2071 1775 2169 1830 per
2202 1791 2244 1849 η

581 1870 744 1924 quem
789 1856 951 1908 homo
1002 1856 1141 1909 luris
1192 1853 1662 1923 nuncupationem
1702 1863 2038 1908 consecutus
2063 1861 2165 1908 est.

586 1944 912 2000 Benedictus
944 1960 1027 2007 es,
1060 1945 1296 2011 Christe,
1335 1960 1433 2013 per
1484 1960 1643 2014 quem
1682 1946 1922 1999 humana
1973 1955 2167 1999 natura

586 2048 835 2091 mutuum
877 2038 984 2091 Deo
1019 2038 1393 2091 indumentum
1429 2037 1683 2106 praebuit,
1718 2035 1923 2107 Deique
1971 2047 2168 2091 natura

587 2132 839 2184 humana:
884 2129 1210 2185 substantia:
1275 2145 1573 2200 personam
1642 2144 1706 2184 ac
1750 2130 2169 2186 subsistentiam

583 2224 797 2278 tribuit.
840 2223 1169 2279 Benedictus
1217 2238 1299 2286 es,
1352 2222 1592 2288 Christe,
1620 2238 1718 2292 per
1750 2239 1911 2293 quem
1947 2224 2172 2280 exstin-

584 2316 771 2387 guitur
800 2332 985 2387 paena,
1008 2316 1211 2385 judicis
1236 2314 1303 2369 ad
1328 2330 1454 2371 reos
1489 2316 1661 2369 verita
1693 2314 2041 2386 cognationis
2072 2331 2171 2371 ne-

585 2408 996 2463 cessitudinem.
1036 2407 1361 2463 Benedictus
1389 2421 1468 2472 es,
1499 2404 1750 2474 Christe;
1789 2416 1844 2461 tu
1887 2408 2033 2462 enim
2065 2406 2173 2463 Lu-

586 2514 710 2553 men
774 2515 961 2553 verum
1025 2499 1323 2563 exsistens,
1360 2498 1722 2553 humanitatis
1783 2499 2173 2570 sobingressus

587 2592 888 2659 lucernam,
946 2591 1070 2646 oleo
1120 2592 1341 2663 quidem
1393 2589 1652 2662 Spiritus,
1704 2600 1918 2647 natura:
1971 2593 2176 2663 impin-

587 2680 766 2749 guasti
799 2678 1137 2749 elychnium,
1178 2679 1483 2749 spiritualis
1541 2679 1721 2749 ipsum
1778 2679 1966 2751 gloria:
1987 2682 2176 2749 splen-

586 2771 724 2825 dore
772 2772 1121 2837 accendens;
1183 2772 1428 2826 humano
1478 2778 1662 2826 autem
1719 2773 1945 2827 vasculo
1993 2784 2176 2829 creata

587 2862 929 2929 illuminasti,
959 2862 1245 2919 illustrans
1277 2862 1563 2935 paululum
1606 2878 1727 2919 eam
1762 2862 2091 2935 lampadem,
2121 2864 2175 2920 in

586 2970 750 3024 quam
792 2969 892 3009 nec
949 2953 1165 3021 Petrus,
1206 2970 1306 3009 nec
1347 2953 1612 3021 Jacobus,
1651 2970 1753 3010 nec
1780 2953 2047 3021 Joannes,
2079 2956 2180 3010 hu-

589 3042 766 3097 manis
800 3042 977 3097 oculis
1015 3028 1138 3096 ausi
1165 3050 1295 3098 sunt
1324 3043 1606 3114 aspicere;
1636 3044 1821 3114 potius
1855 3059 1986 3099 vero
2017 3041 2176 3114 proni

2266 533 2486 605 ἡμέρας
2509 529 2657 604 *Αρα
2683 531 2876 596 νυκτὸς
2903 528 3339 605 ζοφωδεστέραις
3368 536 3735 607 κατεχόμενοι
3768 540 3846 591 εὐ-

2267 626 2513 696 ετηρίαις
2539 625 2702 689 τισὶν,
2728 624 2805 687 ὡς
2832 626 2896 677 ὲκ
2921 624 3115 688 νυκτὸς
3144 626 3393 697 ἡμερινῷ
3426 629 3569 695 φωτὶ
3606 644 3843 696 προσπει

2267 717 2539 789 λάζομεν;
2577 717 2697 772 ἀλλ’
2726 719 2774 770 εί
2804 716 2913 787 ἄρα
2952 715 2987 786 ἡ
3031 714 3142 769 τῶν
3183 718 3391 787 καιρῶν
3424 718 3725 790 ὲναλλαγὴ,
3758 719 3845 790 την

2266 813 2379 864 τῶν
2407 810 2598 865 κακῶν
2622 808 2927 881 ἐναλλαγὴν
2956 809 3409 880 ἀττειργάσατο,’ὁ
3438 812 3539 881 μὲν
3557 814 3847 882 προσεγγίσ-

2271 919 2370 963 σας
2419 902 2615 973 χρόνος
2665 900 2760 954 τοῦ
2813 901 3210 971 παρῳχηκότος
3269 899 3497 968 βελτίων
3531 904 3842 971 γεγένηται,

2268 993 2447 1057 οὐδεὶς
2472 994 2531 1047 δὲ
2567 993 2666 1064 τῆς
2695 992 3047 1065 ἀνθρωπίνης
3088 993 3462 1063 προσγέγονεν
3492 994 3720 1057 ἔπαινος
3753 1000 3845 1062 φύε

2272 1098 2448 1149 σεωςσ
2500 1084 2595 1152 ἀφ’
2640 1083 2832 1154 ἐτέρου
2888 1085 2967 1154 μὴ
3021 1083 3457 1155 μεταϐληθείσης
3514 1088 3595 1148 είς
3640 1086 3843 1156 ἕτερον.

2274 1176 2491 1245 Ἀπαγέ
2525 1191 2726 1246 φησιν·
2772 1174 2835 1228 οὐ
2867 1174 3065 1245 χρόνου
3101 1175 3457 1244 μετάπτωσιν
3478 1191 3494 1208 ·
3526 1176 3669 1229 ἀλλὰ
3715 1179 3845 1245 γνὼ-

2270 1282 2409 1330 σεως
2454 1266 2723 1337 ἔλλαμψιν
2767 1264 3083 1336 διαγορεύω
3121 1266 3267 1334 ὲγώσ
3312 1269 3407 1321 καὶ
3448 1267 3527 1331 ὡς
3572 1269 3677 1321 ἐπὶ
3714 1272 3843 1324 πολὺ

2271 1357 2639 1422 καθεύδοντας
2673 1358 2799 1421 τούς
2830 1356 3112 1429 ῥᾳθύμους
3141 1358 3444 1428 ὲφυπνίζω.

2340 1449 2507 1501 Αὐτοὶ
2560 1448 2669 1518 γάρ
2717 1449 2814 1500 καὶ
2855 1447 2953 1511 νὺξ
2991 1444 3172 1519 ἦμεν·
3210 1448 3305 1501 καὶ
3351 1449 3450 1503 νῦν
3474 1448 3565 1503 τὸν
3611 1452 3847 1521 Χριστὸν

2270 1540 2647 1612 ἐνδυσάμενοι,
2674 1542 2742 1611 τῇ
2773 1541 3118 1613 προσηγορίᾳ
3145 1541 3247 1611 τῆς
3270 1542 3486 1613 ἡμέρας
3510 1544 3844 1615 ἀρμόζομεν.

2272 1629 2456 1703 ’Πμεν
2487 1633 2596 1703 γάρ
2629 1647 2762 1685 ποτε
2812 1632 3037 1695 σκότος·
3088 1631 3184 1687 νῦν
3211 1633 3268 1687 δί
3306 1634 3424 1703 φῶς
3475 1638 3532 1688 ἓν
3574 1638 3795 1708 Κυρίῳ.
3826 1659 3842 1691 ι

2275 1721 2580 1792 Εὐλογητὸς
2608 1718 2679 1789 εἴ,
2712 1722 2937 1795 Χριστὲ,
2970 1721 3042 1776 δι’
3072 1723 3134 1777 ὃν
3166 1724 3453 1795 ἄνθρωπος
3479 1730 3849 1800 προσηγόρευ-

2270 1832 2362 1867 ται
2404 1814 2543 1883 φῶς.
2575 1815 2884 1887 Εὐλογητὸς
2932 1812 3016 1882 ei,
3051 1818 3291 1889 Χριστὲ,
3323 1816 3389 1872 δι’
3435 1819 3494 1872 ὃν
3531 1820 3847 1890 ἀνθρωπίνη

2274 1907 2436 1976 φύσις
2470 1906 2745 1960 ἐδάνεισεν
2796 1907 3001 1979 ἔνδυμα
3044 1909 3185 1980 Θεῷ,
3241 1909 3337 1963 καί¹
3377 1910 3514 1963 Θεοῦ
3557 1913 3729 1980 φύσις
3766 1916 3849 1966 άν-

2274 1997 2623 2068 θρωπότητος
2664 1998 2823 2071 οὐσίᾳ
2854 1998 3154 2070 περιέθηκε
3186 1988 3504 2070 πρόσωπον.
3542 2004 3849 2075 Εὐλογητὸς

2272 2086 2343 2155 εἷ,
2378 2090 2601 2162 Χριστὲ,
2637 2090 2706 2144 δι’
2735 2090 2795 2143 ὃν
2827 2091 3115 2146 σϐέννυται
3155 2092 3399 2159 κόλασις,
3428 2094 3729 2166 αἰδουμένη
3760 2096 3849 2166 τὴν

2270 2183 2366 2238 τοῦ
2425 2183 2686 2239 δικαστοῦ
2735 2185 2873 2257 πρὸς
2930 2186 3057 2248 τούς
3117 2187 3445 2250 καταδίκους
3505 2189 3845 2257 συγγένειαν.

2275 2276 2584 2347 Εὐλογητὸς
2612 2272 2684 2341 εἶ,
2710 2277 2916 2347 Χριστέ
2937 2294 2951 2307 ”
2984 2278 3049 2330 σὺ
3079 2277 3189 2348 γὰρ
3219 2277 3295 2329 ὣν
3318 2278 3378 2331 τὸ
3408 2279 3526 2342 Φῶς
3563 2281 3625 2332 τὸ
3658 2281 3847 2353 ἀληθι-

2274 2369 2363 2422 νὸν
2389 2407 2403 2434 ,
2463 2368 2801 2422 ὐπεισε).θὼν
2862 2369 2957 2422 τὸν
3005 2369 3108 2439 τῆς
3170 2370 3586 2441 ἀνθρωπότητος
3633 2371 3846 2443 λύχνον,

2276 2460 2641 2525 κατελίπανας
2706 2461 2807 2533 μὲν
2856 2460 2936 2532 τῷ
2995 2460 3090 2515 τοῦ
3147 2461 3467 2533 Πνεύματος
3530 2464 3701 2534 ιλαίῳ
3760 2466 3851 2535 τὴν

2277 2552 2569 2624 θρυαλλίδα
2597 2555 2698 2625 τῆς
2727 2554 2965 2622 φύσεως,
3002 2554 3219 2624 ὲφάψας
3249 2553 3327 2623 τῷ
3353 2555 3454 2624 τῆς
3478 2556 3849 2626 πνευματικῆς

2276 2646 2675 2716 ἀπαυγάσματι
2715 2647 2875 2718 δόξης
2894 2663 2909 2677 ⁸
2951 2646 3017 2699 δι’
3048 2645 3393 2717 ἀνθρωπίνου
3419 2646 3475 2700 δὲ
3503 2648 3737 2711 σκεύους
3760 2648 3847 2720 τὴν

2278 2740 2460 2792 κτίσιν
2508 2737 2807 2807 ὲφώτισας,
2866 2739 3074 2810 ταύτην
3108 2740 3396 2810 ἐκλάμψας
3442 2740 3542 2810 τὴν
3592 2738 3850 2809 λαμπάδα

2283 2830 2501 2901 μικρὸν,
2536 2830 2603 2900 ἢν
2626 2829 2688 2882 οὐ
2719 2830 2927 2900 Πέτρος
2948 2870 2964 2897 ,
2995 2830 3097 2883 οὐκ
3136 2830 3425 2894 Ἰάκωϐος,
3457 2830 3556 2883 οὐκ
3600 2828 3852 2901 Ἰωάννης

2281 2923 2410 2976 ίδεῖν
2448 2922 2746 2993 ὀφθαλμοῖς
2778 2923 3143 2993 ἀνθρωπίνοις
3168 2923 3478 2993 ἐτόλμησαν
3498 2938 3512 2951 ’
3544 2921 3682 2976 ἀλλά
3708 2939 3848 2994 πρη-

2278 3015 2392 3077 νεῖς
2420 3015 2681 3078 πεσόντες
2730 3017 2779 3068 οἱ
2823 3015 2937 3069 τῶν
2986 3013 3251 3085 μαθητῶν
3285 3014 3610 3084 ἀκρέμονες,
3636 3014 3851 3084 ὡμολό-

588 3138 642 3189 in
675 3144 900 3199 terram,
934 3136 1118 3207 magni
1148 3136 1225 3190 illi
1262 3137 1576 3207 summique
1619 3136 1673 3192 in
1698 3136 1985 3207 discipulis
2014 3137 2173 3203 rami,

2280 3124 2458 3178 γησαν
2481 3106 2575 3161 τοῦ
2605 3106 2785 3178 φωτὸς
2810 3108 2872 3160 τὸ
2901 3107 3217 3179 ἀπρόσιτον.
3245 3106 3483 3170 Τούτους
3512 3108 3621 3178 γάρ
3643 3108 3850 3179 ἀκροαο

590 3228 975 3283 iuaccessibilc
1034 3229 1219 3282 lumen
1263 3228 1500 3299 professi
1547 3237 1696 3285 sunt.
1750 3226 1862 3283 Hos
1895 3222 2039 3283 enim
2070 3227 2175 3283 Do-

590 3319 794 3384 minus,
847 3319 1088 3374 cmlestis
1146 3320 1300 3373 vocis
1336 3320 1620 3377 auditores
1654 3331 1992 3391 assumptos,
2017 3321 2176 3376 cﬁ'ul-

590 3418 747 3478 gente
766 3425 862 3462 sua
895 3409 1092 3479 gloria,
1132 3408 1392 3463 latentem
1426 3410 1630 3464 sensim
1680 3411 2021 3466 divinitatem
2046 3413 2176 3467 sub-

592 3499 862 3564 revelans,
893 3508 1062 3554 testes
1102 3500 1285 3555 fideles
1330 3502 1535 3557 habere
1567 3501 1760 3570 voluit,
1797 3513 1856 3557 nt
1919 3506 2177 3575 adjuncto

591 3591 819 3645 auribus
855 3599 1089 3660 patrono
1128 3592 1312 3660 oculo,
1345 3594 1478 3648 orbe
1504 3602 1616 3648 toto
1645 3593 1792 3649 clara
1831 3612 1895 3651 ac
1922 3606 2177 3653 contenta

592 3700 742 3745 voce.
782 3685 933 3739 nulla
964 3686 1154 3756 requie
1176 3686 1518 3742 clamarent:
1547 3705 1567 3739 ι
1596 3688 1748 3755 Quod
1776 3688 1880 3744 fuit
1905 3690 1976 3745 ab
1997 3690 2173 3757 initio,

591 3776 738 3848 quod
770 3778 1109 3841 audivimus,
1136 3779 1281 3849 quod
1330 3780 1569 3837 vidimus
1600 3780 1778 3837 oculis
1807 3783 2013 3840 nostris
2047 3784 2115 3839 ".
2151 3802 2170 3837 ι

661 3865 855 3939 Opera:
887 3885 1020 3923 vero
1054 3870 1283 3939 pretium
1310 3869 1497 3937 fuerit,
1524 3881 1583 3926 ut
1605 3872 1785 3928 medio
1812 3888 2067 3931 sermone
2091 3876 2177 3931 in-

593 3966 831 4029 tercepta
864 3958 1114 4025 historia,
1143 3961 1317 4031 ipsam
1356 3962 1698 4033 exponendo,
1730 3980 1839 4019 una
1863 3980 1987 4021 cum
2020 3966 2180 4023 disci-

592 4050 847 4121 pulorum
925 4051 1279 4122 principibus
1345 4052 1752 4121 ascendamns,
1822 4057 2176 4128 magniloquo

593 4141 960 4213 obsequentes
1008 4143 1181 4211 Isaiae,
1207 4145 1445 4200 dicenti:
1486 4164 1505 4198 ι
1550 4144 1771 4214 Venite,
1811 4150 2178 4207 ascendamus

594 4233 648 4289 in
679 4244 915 4289 montem
971 4232 1185 4289 Domini
1222 4234 1288 4288 ³ο.
1330 4252 1349 4285 ι
1406 4235 1787 4291 Ascendamus
1836 4246 2043 4305 autem,
2067 4253 2176 4293 non

592 4341 717 4382 cum
749 4326 951 4380 sudore
990 4341 1090 4380 nec
1146 4325 1348 4379 diliicili
1396 4326 1568 4381 halitu
1604 4327 1670 4381 ad
1711 4327 1883 4382 ardua
1919 4328 2203 4383 festinato

592 4416 1022 4480 contendentes;
1083 4415 1179 4471 sed
1236 4425 1520 4471 vacantem
1572 4418 1948 4489 quietumque,
1997 4421 2178 4475 susci-

2278 3200 2377 3263 τάς
2424 3197 2606 3252 λαϐὼν
2662 3201 2690 3253 ό
2730 3198 3015 3268 Δεσπότης
3059 3198 3161 3268 τῆς
3217 3197 3468 3268 οὐρανίου
3517 3200 3723 3270 φωνῆς,
3779 3202 3844 3271 τῇ

2278 3291 2583 3362 λαμπηδόνι
2616 3290 2715 3363 τῆς
2768 3290 2975 3354 οίκείας
3018 3290 3179 3361 δόξης
3216 3292 3497 3362 ὴρεμαίως
3543 3291 3851 3345 ὐπεκκαλύο

2278 3402 2429 3439 πτων
2464 3386 2564 3455 τὴν
2600 3383 2827 3439 ἐνοῦσαν
2858 3385 3091 3455 θεότητα
3112 3424 3128 3449 ,
3165 3387 3391 3449 πιστοὺς
3420 3385 3565 3456 ἔχειν
3599 3386 3851 3455 ἠϐούλετο

2281 3476 2601 3547 μάρτυρας·
2650 3475 2800 3535 ὅπως
2841 3476 2909 3544 τῇ
2952 3474 3090 3545 ἀκοῇ
3130 3474 3222 3527 τὸν
3279 3472 3561 3545 ὀφθαλμὸν
3595 3474 3851 3536 λαϐόντες

2280 3566 2605 3641 συνήγορον,
2658 3569 2734 3640 μὴ
2796 3568 3102 3622 παύσαιντο
3160 3570 3374 3640 μεγάλῃ
3423 3569 3661 3640 βοῶντες
3702 3572 3848 3639 φωνῇ

2276 3662 2366 3716 διά
2396 3664 2727 3734 οἰκουμένης
2764 3664 2981 3733 ἀπάσης
3006 3680 3020 3694 ·
3058 3682 3077 3713 ι
3121 3664 3186 3716 Ὀ
3227 3660 3295 3734 ἦν
3338 3660 3627 3735 ἀπαρχῆς·
3658 3662 3688 3717 ὃ
3716 3665 3851 3733 ἀκη-

2278 3742 2486 3825 κόαμεν
2505 3770 2517 3783 ·
2549 3754 2577 3809 ὃ
2603 3754 2929 3827 ἑωράκαμεν
2956 3758 3067 3821 τοῖς
3095 3755 3396 3825 ὀφθαλμοῖς
3421 3754 3599 3827 ἡμῶν.
3634 3775 3652 3809 ι

2365 3848 2506 3902 Ἀλλ’
2540 3849 2812 3920 εὐκαίρως
2846 3849 2945 3920 τῆς
2991 3848 3237 3921 ἱστορίας
3272 3849 3742 3923 μεσολαϐηθείσης
3779 3851 3853 3922 τῷ

2278 3941 2447 4014 λόγῳ,
2502 3942 2803 4010 ἀναγκαῖον
2844 3941 2933 3995 διά
2977 3941 3077 4011 τῆς
3124 3939 3437 4013 ἐξηγήσεως
3490 3944 3851 4014 συναναϐἧναι

2279 4037 2392 4099 τοῖς
2423 4034 2532 4088 τῶν
2579 4031 2837 4105 μαθητῶν
2877 4033 3217 4103 κορυφαίοις,
3267 4031 3465 4105 Ἡσαΐᾳ
3507 4032 3587 4104 τῷ
3624 4034 3853 4103 μεγαλο-

2280 4126 2442 4198 φώνῳ
2463 4124 2781 4191 πεισθέντας
2809 4142 2823 4156 ·
2849 4145 2867 4177 ι
2893 4124 3083 4190 Δεῦτε,
3108 4124 3341 4193 λέγοντι,
3367 4126 3661 4195 ἀναδῶμεν
3690 4128 3769 4191 εἰς
3791 4126 3853 4180 τὸ

2280 4219 2407 4291 δρος
2442 4220 2676 4290 Κυρίου.
2712 4236 2730 4270 ι
2779 4213 3102 4289 Ἀναϐὦμεν
3130 4216 3186 4271 δὲ
3216 4218 3294 4289 μὴ
3329 4220 3426 4273 σὺν
3463 4220 3670 4292 ἱδρῶτι,
3716 4222 3854 4293 μηδὲ

2284 4314 2380 4365 σὺν
2421 4312 2683 4383 ἄσθματι,
2709 4310 2847 4383 πρὸς
2871 4311 2931 4364 τὸ
2951 4311 3183 4374 ἄναντες
3216 4311 3342 4375 τοὺς
3376 4312 3685 4383 ἡμετέρους
3720 4331 3855 4367 κατ-

2281 4403 2599 4473 επείγοντες
2648 4403 2848 4477 πόδας’
2895 4402 3033 4456 ἀλλά
3068 4400 3441 4473 σχολάζουσαν
3480 4404 3582 4475 τὴν
3618 4405 3856 4459 διάνοιαν

594 4508 808 4577 piendis
830 4506 918 4574 iis,
941 4478 1061 4578 qua:
1086 4507 1315 4562 dicenda
1357 4516 1508 4573 sunt,
1546 4478 1791 4565 animum
1832 4478 2172 4568 inducentcs.

2283 4496 2421 4568 πρὸς
2454 4496 2553 4565 τὴν
2576 4495 2687 4548 τῶν
2713 4494 3024 4566 λεγομένων
3050 4494 3324 4565 ὑποδοχὴν
3357 4494 3690 4566 ἐπαγόμενοι
3708 4511 3723 4527 ⁸
3758 4497 3857 4551 καὶ

593 4603 671 4655 Ac
692 4600 929 4671 primum
954 4600 1174 4670 quidem
1214 4600 1503 4670 explicatis
1557 4601 1762 4660 divinis
1810 4602 1991 4660 Libris
2024 4614 2172 4660 tum-

594 4706 702 4762 que
728 4691 954 4746 intentis
979 4690 1032 4744 in
1061 4706 1275 4745 sacram
1308 4689 1789 4758 Litteramoculis,
1816 4695 2170 4764 repositasin

593 4794 660 4834 ea
680 4777 899 4833 divitias
942 4785 1369 4833 contrectemus.

671 4889 689 4922 ι
731 4869 1001 4936 Assomit,
1048 4868 1248 4939 inquit,
1300 4866 1461 4925 .lesus
1515 4870 1757 4937 Petrum,
1785 4879 1840 4926 et
1879 4870 2170 4943 Jacobum,

593 4968 650 5016 et
676 4958 947 5015 Joannem
983 4959 1208 5014 fratrem
1241 4958 1395 5030 ejus:
1439 4960 1667 5016 etducit
1690 4959 1814 5017 illos
1842 4961 1898 5017 in
1932 4973 2173 5021 montem

594 5053 868 5109 excelsum
887 5068 1134 5109 seorsum
1157 5070 1172 5108 :
1192 5062 1245 5107 et
1259 5054 1682 5123 transfiguratus
1706 5062 1792 5109 est
1811 5065 1937 5111 ante
1956 5070 2051 5113 eos
2069 5057 2134 5113 “.
2148 5075 2169 5112 ι

594 5142 838 5198 Primum
893 5150 1075 5196 autem
1115 5140 1162 5195 si
1230 5139 1400 5206 lubet,
1462 5157 1560 5196 cur
1615 5141 1789 5198 tribus
1818 5142 1939 5200 istis
1963 5152 2172 5202 tantum

594 5234 919 5305 assumptis,
971 5232 1251 5304 apostolos
1296 5234 1538 5307 reliquos
1583 5234 1845 5303 dimittat,
1872 5237 2172 5295 videamus.

594 5324 727 5380 Erat
765 5324 1032 5379 revelatio
1079 5340 1200 5395 qua:
1264 5327 1495 5381 multum
1574 5326 1842 5385 incuteret
1885 5330 2175 5399 timorem;

596 5418 879 5488 prophetis
928 5418 1240 5474 clanculum
1318 5422 1815 5489 concurrentibus,
1871 5424 2178 5482 collucente

598 5507 766 5572 nube,
827 5508 1140 5578 fulgurante
1183 5509 1393 5576 habitu,
1450 5511 1635 5566 vultus
1675 5512 1965 5582 splendore
2013 5514 2178 5585 jubar

598 5608 895 5667 utrumque
946 5600 1241 5669 plurimum
1270 5610 1583 5670 superante,
1633 5601 1905 5660 clamante
1932 5604 2000 5659 de
2032 5605 2177 5661 nube

668 5754 714 5787 ’δ
743 5753 942 5824 Ephcs.
964 5772 1018 5822 ν,
1054 5757 1106 5810 9.

2282 4587 2499 4658 πρῶτον
2533 4586 2633 4657 μὲν
2655 4626 2671 4651 ,
2703 4586 2801 4649 τὰς
2834 4586 2983 4649 θείας
3010 4585 3413 4656 ἀναπτύξωμεν
3446 4586 3665 4651 δέλτους
3686 4604 3700 4618 ’
3734 4583 3854 4641 εἶτα

2280 4680 2418 4751 πρὸς
2444 4680 2505 4733 τὸ
2538 4680 2681 4752 ἱερὸν
2710 4679 3058 4742 ἀτενίσαντες
3092 4678 3354 4749 Γράμμα,
3372 4679 3464 4734 τὸν
3491 4680 3854 4751 ἀποκείμενον

2277 4771 2674 4844 ψηλαφήσομεν
2699 4772 2953 4829 πλοῦτον.

2355 4882 2374 4917 ι
2414 4863 2868 4936 Παραλαμϐάνει,
2892 4864 3079 4937 φησίν,
3108 4866 3137 4919 ὁ
3160 4863 3369 4937 Ἰησοῦς
3395 4864 3489 4918 τὸν
3520 4864 3723 4935 Πέτρον
3756 4863 3856 4919 καὶ

2291 4954 2548 5010 Ἰάκωϐον
2593 4956 2690 5009 καὶ
2728 4955 2985 5027 Ἰωάννην
3017 4957 3110 5011 τὸν
3142 4956 3373 5025 ἀδελφὸν
3403 4954 3597 5020 αὐτοῦ,
3630 4956 3721 5009 καὶ
3756 4956 3856 5008 ἀν-

2278 5046 2402 5117 άγει
2424 5046 2623 5111 αὐτοὺς
2642 5046 2723 5111 είς
2752 5047 2878 5119 ὅρος
2903 5047 3104 5118 ὑψηλὸν
3132 5046 3258 5101 κατ’
3282 5046 3440 5109 ίδίαν,
3465 5046 3559 5100 καὶ
3584 5061 3855 5116 μετεμορ-

2280 5139 2439 5211 φώθη
2491 5140 2802 5213 ἔμπροσθεν
2853 5142 3056 5195 αὐτῶν.
3099 5159 3118 5193 ι
3183 5140 3292 5194 Καὶ
3342 5141 3390 5193 εί
3440 5140 3592 5194 δοκεῖ
3640 5138 3853 5207 πρῶτον

2280 5234 2841 5305 σκοπήσωμεν·τίνος
2867 5234 3055 5288 ἕνεκεν
3080 5232 3303 5296 τούτους
3329 5233 3456 5297 τούς
3486 5234 3634 5304 τρεῖς
3659 5230 3854 5301 μόνους

2275 5325 2614 5399 παραλαϐὼν
2637 5366 2653 5391 ,
2697 5328 2825 5392 τοὺς
2858 5327 3084 5390 λοιποὺς
3129 5324 3241 5380 τῶν
3283 5325 3607 5380 ἀποστόλων
3637 5320 3852 5391 ἀςίησι.

2276 5417 2503 5488 Πολὺνή
2533 5417 2880 5488 ἀποκάλυψις
2908 5417 3081 5471 ἐποίει
3106 5418 3199 5470 τὸν
3233 5416 3421 5487 φόϐον,
3454 5414 3853 5488 συντρεχόντων

2275 5510 2579 5582 προφητῶν
2614 5512 2863 5585 ἀοράτως
2884 5528 2899 5542 ⁸
2932 5510 3279 5582 φωτιζούσης
3314 5511 3582 5581 νεφέλης·
3626 5505 3853 5573 ἐσθῆτος

2276 5605 2743 5676 ἀστραπτούσης·
2791 5608 2891 5678 τῆς
2939 5606 3005 5660 ὲκ
3042 5604 3135 5660 τοῦ
3180 5605 3477 5679 προσώπου
3512 5599 3851 5674 λαμπηδόνος

1184 5758 1228 5791 ³³
1257 5754 1276 5811 Ι
1304 5755 1464 5812 Joan.
1504 5774 1541 5823 ι,
1575 5756 1626 5813 Ι.
1705 5759 1749 5792 ³ο
1780 5759 1885 5816 lsa.
1914 5774 1971 5824 il,
1998 5759 2052 5813 ὅ.
2132 5760 2172 5793 ³¹
2212 5758 2404 5817 Matth.
2452 5779 2586 5830 xvn,
2639 5764 2689 5817 i.
