4098 6512
287 314 429 382 12.57

1048 317 1304 378 SERth
1334 318 1393 377 II
1430 318 1511 379 ΙΝ
1544 312 2405 385 ᾸΤΙὶΑΝΒΕΙΘΗΒΑΤὶΟΝΕΜ
2451 323 2515 383 D~
2543 323 2613 383 N.
2648 326 2705 384 J.
2743 325 2803 382 C.

3424 328 3557 399 1253

284 426 673 500 ὑπερνικώσης
712 427 975 500 ἑκάτερον
1015 428 1254 500 φέγγος⁸
1289 429 1501 500 βοώσης
1535 430 1617 487 ὲκ,
1644 429 1740 482 τοῦ
1778 429 1868 483 νέ-

1985 446 2105 488 voce
2143 441 2393 502 paterna,
2429 434 2920 506 Unigenitumque,
2957 444 3301 492 contestante
3335 436 3556 506 Filium,

282 540 423 592 φους
457 523 552 594 τῆς
583 523 863 594 πατρικῆς
895 522 1117 594 φωνῆς,
1164 523 1262 576 καὶ
1315 523 1393 595 τῷ
1428 523 1730 591 Μονογενεῖ
1769 521 1868 593 τὴν

276 615 741 687 εύδοκιμηθεῖσαν
769 615 1166 687 μαρτυρούσης
1184 615 1434 687 υίότητα.
1463 617 1651 679 Ὅπως
1671 611 1763 669 οὖν
1794 614 1870 687 μὴ

274 711 349 779 τῇ
389 710 604 781 ταραχῇ
645 708 755 761 τῶν
804 708 1018 762 πολλῶν
1059 708 1369 761 ἔκπτυστον
1416 709 1524 780 πρὸ
1564 708 1760 779 καιροῦ
1810 708 1871 760 τὸ

278 800 590 873 μυστήριον
616 798 874 870 γένηται,
906 797 1130 862 τούτους
1177 799 1375 869 μόνους
1410 796 1867 868 παραλαμϐάνει⁹

278 890 378 954 οὓς
400 891 495 943 καὶ
513 890 880 962 θερμοτέρους
903 890 1143 962 ἐραστάς
1164 889 1311 961 ἔχειν
1337 890 1609 960 ἠπίστατο
1626 905 1641 919 ·
1670 884 1752 953 οἷς
1777 888 1872 942 καὶ

278 983 346 1035 τὸ
373 981 714 1052 ὲχεμυθῆσαι
755 981 1054 1053 παρῄνεσε,
1099 984 1195 1036 καὶ
1234 980 1397 1053 μέχρι
1424 981 1521 1050 τῆς
1553 982 1617 1033 ἐκ
1655 979 1871 1051 νεκρῶν

276 1074 636 1138 ἀναστάσεως
675 1075 867 1145 μηδενὶ
894 1074 995 1145 τὴν
1021 1073 1260 1145 φοϐερὰν
1304 1074 1522 1143 ἐκείνην
1558 1074 1751 1145 ὅρασιν
1785 1072 1873 1137 ἒξ-

278 1166 635 1237 αγορεῦσαι·’
664 1166 758 1230 οὓς
806 1165 901 1219 καὶ
949 1166 1039 1221 διὰ
1077 1167 1237 1220 τοῦτο
1282 1166 1419 1238 πρὸς
1456 1167 1554 1237 τὴν
1602 1165 1873 1236 ἐσομένην

282 1258 554 1312 ὀπτασίαν
598 1258 932 1328 παρέλαϐεν,
967 1257 1158 1329 ἐπειδὴ
1192 1258 1400 1327 σφόδρα
1430 1255 1511 1327 τῷ
1542 1256 1677 1327 πρὸς
1705 1255 1873 1310 αὐτὸν

280 1350 673 1421 διακεχυμένοι
720 1350 870 1420 πόθῳ
893 1391 908 1416 ,
938 1348 1129 1413 δεινῶς
1174 1349 1443 1420 ἠθύμουν,
1481 1348 1872 1420 διαλεγομένου

283 1434 384 1498 καὶ
416 1443 778 1513 προλέγοντος
813 1442 880 1495 τὰ
908 1442 1038 1513 περὶ
1070 1440 1167 1496 τοῦ
1203 1441 1411 1507 πάθους
1444 1441 1762 1505 ἀκούοντες.

362 1536 607 1607 Πρόσεχε
639 1531 735 1589 οὖν
763 1535 880 1598 πῶς
902 1535 1167 1606 δυσφορεῖ
1195 1534 1332 1606 πρὸς
1374 1535 1474 1606 τὴν
1525 1534 1731 1588 τούτων
1782 1533 1874 1598 ἐξ·

278 1630 490 1699 ήγησιν
512 1629 540 1680 ό
583 1626 811 1697 Πέτρος.
849 1626 937 1690 Ὠς
960 1628 1072 1697 γὰρ
1100 1627 1335 1697 ἤκουσεν
1372 1627 1453 1681 ὅτι
1494 1626 1576 1679 δεῖ
1600 1624 1764 1680 αύτὸν
1794 1627 1874 1688 είς

304 1718 658 1788 Ἱεροσόλυμα
708 1716 975 1782 ἀνελθεῖν,
1027 1718 1122 1771 καὶ
1168 1717 1341 1773 πολλὰ
1379 1718 1570 1772 παθεῖν
1622 1718 1730 1772 ἀπὸ
1764 1718 1875 1770 τῶν

1971 519 2025 575 in
2049 536 2157 591 quo
2181 522 2566 593 complaceret.
2596 522 2677 579 Ne
2705 539 2838 597 ergo
2858 524 3096 594 plurium
3123 526 3435 583 turbatione
3464 544 3557 584 sa-

1971 624 2336 683 cramentum,
2366 626 2494 673 ante
2523 625 2742 688 tempus
2794 618 3163 675 inconsultius
3184 632 3556 690 promeretur,

1972 704 2072 761 hos
2111 715 2321 764 tantum
2380 710 2651 775 assumit,
2701 725 2844 782 quos
2869 714 3031 767 etiam
3064 712 3423 771 lerventiures
3458 734 3558 771 uo-

1970 809 2125 854 verat
2177 800 2381 856 habere
2404 814 2717 859 amatores:
2778 803 2982 874 quibus
3023 819 3243 876 quoque
3275 808 3554 863 silentium

1972 891 2187 958 indixit,
2223 909 2288 951 ac
2336 910 2406 951 ne
2454 896 2721 968 cuiquam
2758 898 3061 957 terribilem
3090 900 3240 955 illam
3288 904 3555 960 visionem

1974 984 2340 1054 publicarent,
2362 995 2494 1043 ante
2532 989 3187 1059 ipsiusresurrectionem
3211 1007 3274 1049 ex
3304 997 3556 1059 mortuis,

1974 1076 2232 1147 injunxit.
2284 1076 2392 1133 Sed
2451 1088 2505 1134 et
2556 1081 2680 1137 ideo
2719 1081 2919 1141 futurae
2953 1084 3189 1141 visionis
3215 1097 3560 1157 spectatores

1974 1170 2247 1234 adhibuit,
2271 1170 2417 1240 quod
2441 1172 2752 1229 vehementi
2806 1176 2859 1229 iu
2894 1190 3021 1231 eum
3080 1177 3239 1234 σθ’υεί
3262 1179 3557 1248 desiderio,

1976 1263 2120 1317 tristi
2147 1264 2445 1319 admodum
2486 1275 2793 1336 moestoque
2833 1268 3053 1332 animo,
3100 1271 3455 1328 disserentem
3490 1273 3561 1329 de

1976 1368 2077 1408 sua
2105 1355 2382 1424 passione,
2406 1370 2641 1425 eamque
2657 1356 3069 1426 pratdicentetn,
3105 1361 3382 1417 audirent.

2046 1523 2305 1597 Perspice
2330 1527 2499 1597 igitur
2533 1545 2697 1597 quam
2725 1528 2920 1588 Petrus
2939 1533 3327 1603 hujuscemodi
3364 1553 3562 1593 narra-

1980 1616 2185 1673 tionem
2223 1620 2454 1676 moleste
2482 1620 2671 1677 l'erret.
2712 1621 2792 1677 Ut
2841 1624 2987 1679 enim
3035 1627 3247 1681 audivit
3296 1644 3563 1685 ascensu-

1981 1724 2101 1764 rum
2132 1708 2557 1783 Jerosolymam,
2591 1715 2871 1785 multaque
2917 1733 2948 1771 a
2997 1719 3341 1788 principibus
3375 1736 3562 1778 sacer-

287 1805 597 1877 ἀρχιερέων
646 1805 743 1859 καὶ
793 1805 1189 1876 πρεσϐυτέρων
1230 1807 1323 1859 καὶ
1354 1807 1737 1878 Γραμματέων
1766 1806 1863 1861 τοῦ

1985 1802 2188 1868 dolum,
2221 1817 2276 1858 et
2319 1805 2654 1871 senioribus,
2692 1815 2745 1862 et
2775 1808 2987 1863 Scribis
3019 1813 3200 1880 populi
3231 1827 3560 1881 passurum,

278 1896 449 1961 λαοῦ,
500 1896 593 1949 καὶ
632 1896 1066 1967 ἀποκτανθῆναι,
1102 1897 1264 1961 εὐθὺς
1314 1899 1574 1952 κεντᾶται
1608 1899 1698 1951 τὸν
1731 1898 1878 1967 λογι-

288 1990 466 2058 σμόν·
519 1988 612 2042 καὶ⁸
670 1988 780 2041 ἀπὸ
842 1988 1045 2061 πολλῆς
1092 1988 1395 2053 διαθέσεως
1450 1991 1693 2063 ὲπιπηδᾷ
1761 1992 1877 2054 τοῖς

278 2079 554 2151 λεχθεῖσι,
608 2081 703 2133 καὶ
750 2080 1158 2152 τολμηρότερον
1220 2080 1315 2134 τοῦ
1364 2080 1688 2135 διδασκάλου
1736 2080 1877 2135 καθ·

290 2172 546 2225 ἅπτεται.
575 2190 593 2223 ι
622 2172 1073 2243 Προσλαϐόμενος
1101 2172 1209 2242 γάρ
1236 2172 1427 2239 αὐτοῦ,
1462 2174 1649 2244 φησὶν,
1675 2172 1880 2244 ἤρξατο

289 2265 557 2335 ἐπιτιμᾷν
580 2263 761 2333 αύτῷ·
790 2262 979 2325 Ἵλεώς
1022 2281 1129 2331 σοι,
1173 2262 1369 2335 Κύριε,
1403 2265 1464 2317 οὐ
1498 2265 1573 2335 μὴ
1606 2264 1759 2318 ἐσται
1795 2280 1879 2318 σοι

288 2352 478 2409 τοῦτο.
515 2373 533 2404 ι
586 2348 741 2417 Εἶδες
791 2354 1037 2423 μαθητοῦ
1086 2355 1187 2424 τὴν
1232 2355 1362 2424 περὶ
1412 2354 1504 2407 τὸν
1560 2356 1880 2411 διδάσκαλον

289 2447 564 2515 διάπυρον
594 2448 850 2517 ἀγάπην;
884 2442 1026 2510 εἶδες
1066 2447 1312 2501 διάθεσιν
1347 2448 1483 2518 πρὸς
1513 2448 1582 2500 τά
1610 2449 1706 2501 τοῦ
1744 2450 1884 2517 άγα-

292 2541 558 2610 πωμένου
588 2539 845 2611 λυπηράς
896 2541 963 2593 τὰ
1011 2540 1111 2609 τῆς
1161 2543 1477 2613 παρρησίας
1516 2540 1659 2613 ὑπὲρ
1689 2542 1881 2595 τούτου

286 2633 467 2703 μόνου
517 2633 593 2702 μὴ
636 2632 953 2702 φυλάξαντα
1003 2632 1203 2703 μέτρα.
1268 2652 1287 2685 ‹
1325 2632 1567 2704 Ἠρξατο
1616 2634 1881 2705 ἐπιτιμᾷν

291 2727 473 2795 αύτῷ,
523 2728 615 2779 καὶ
660 2725 878 2794 λέγειν·
912 2725 1097 2789 Ἵλεώς
1133 2742 1239 2791 σοι,
1273 2726 1445 2794 Κύριε
1469 2767 1485 2790 ,
1515 2726 1576 2778 ού
1621 2726 1697 2797 μὴ
1729 2728 1882 2779 ἔσται

298 2836 388 2872 σοι
406 2818 585 2872 τοῦτο.
600 2837 617 2869 ι
643 2818 708 2871 Τί
734 2815 826 2871 οὖν
842 2820 868 2870 ό
887 2817 1185 2889 Δεσπότηςς
1205 2818 1290 2880 Ὠς
1315 2817 1649 2882 emensos;
1666 2818 1882 2888 ἐκείνης

298 2910 647 2963 καθάπτεται
667 2908 769 2978 τῆς
793 2908 1028 2979 φειδοῦς.
1047 2911 1119 2961 Ού
1150 2909 1259 2980 γὰρ
1292 2909 1555 2979 βούλομαι
1584 2909 1879 2977 φιλεῖσθαι,

296 3001 493 3070 φησὶν,
524 3002 618 3053 ἐπὶ
651 3000 759 3053 τῶν
795 2999 1136 3069 ἀγαπώντων
1170 3017 1238 3069 με
1278 2999 1475 3071 βλάϐῃ.
1514 2999 1585 3051 Τὸ
1618 2998 1750 3068 ἐμὸν
1781 3000 1884 3051 πά·-

290 3092 416 3157 θος,
448 3091 830 3163 οἱκουμενικοῦ
864 3090 1069 3148 πάθους
1136 3091 1277 3153 ίασις
1311 3092 1544 3158 γίνεται.
1574 3089 1640 3141 Τί
1677 3106 1881 3160 παρεν-

292 3185 482 3255 οχλεῖς
534 3184 888 3255 φυτευομένῳ
930 3182 1171 3254 σταυρῷ,
1201 3183 1293 3235 τὸν
1328 3183 1587 3251 ἐσόμενον
1622 3182 1680 3247 ἐξ
1713 3180 1878 3235 αὑτοῦ

298 3278 517 3349 καρπὸν
548 3277 797 3346 apati»);
838 3275 904 3329 Τί
934 3275 1166 3338 κωλύεις
1209 3274 1423 3345 σφαγὴν
1464 3272 1884 3344 ὲκνευρίζουσαν

242 3392 248 3397 ι
299 3371 557 3434 θάνατον,
614 3372 715 3441 την
770 3368 901 3438 περὶ
956 3368 1048 3422 τὸν
1099 3368 1303 3437 κόσμον
1344 3365 1566 3435 ἀγάπην
1607 3364 1701 3418 τοῦ
1748 3363 1885 3418 Θεοῦ

294 3462 550 3531 ἀγνοῶνς
573 3464 793 3534 ἀγαπᾷς
822 3462 897 3526 ὠς
926 3461 1233 3532 ἄνθρωπος,
1252 3459 1448 3531 Πέτρε.
1476 3459 1579 3511 Ἔα
1606 3458 1886 3530 σπαρῆναι

300 3558 397 3607 τὸν
453 3556 672 3619 κόκκον,
724 3555 821 3609 καὶ
881 3552 1020 3625 πρὸς
1073 3554 1165 3606 τὸν
1222 3553 1483 3624 θερισμὸν
1539 3552 1884 3623 εύτρεπίζου.

302 3648 499 3702 Ταῦτα
536 3649 710 3716 λέγων
749 3648 937 3700 ἔπεισε
969 3646 1069 3717 μὲν
1102 3648 1194 3700 τὸν
1233 3646 1483 3718 μαθητὴν
1528 3646 1604 3717 μὴ
1632 3645 1889 3708 τοιαύτας

301 3741 553 3809 αἰτήσεις
585 3739 662 3809 τῷ
690 3738 996 3809 διδασκάλῳ
1026 3737 1393 3810 προσφέρειν’
1429 3738 1489 3791 ού
1536 3739 1643 3807 μὴν
1670 3737 1765 3790 καὶ
1786 3735 1888 3804 τὴν

302 3833 403 3886 τοῦ
430 3832 663 3887 θανάτου
701 3832 878 3902 λύπην
898 3872 912 3901 ,
958 3830 1048 3883 διά
1078 3831 1138 3884 τὸ
1170 3830 1402 3901 σφοδρὸν
1434 3830 1532 3899 τῆς
1566 3827 1695 3898 περὶ
1726 3826 1890 3880 αὐτὸν

303 3926 555 3996 ἀγάπης,
598 3925 700 3993 τῆς
742 3924 956 3977 ἐκείνου
979 3922 1219 3985 διανοίας
1252 3920 1526 3988 ἐξέϐαλεν.
1568 3920 1758 3981 Ὅπως
1797 3912 1891 3970 οὖν

300 4019 397 4073 διὰ
423 4019 521 4089 τῆς
559 4018 659 4069 οὐκ
702 4019 781 4079 εἰς
824 4016 1047 4086 μακρὰν
1093 4014 1452 4077 ἀναστάσεως
1486 4012 1587 4083 τὴν
1633 4010 1763 4081 περὶ
1795 4009 1891 4063 τοῦ

306 4111 517 4174 πάθους
548 4110 688 4180 λάϐῃ
720 4110 1093 4179 παράκλησιν,
1125 4107 1288 4161 αὐτόν
1330 4122 1391 4159 τε
1424 4106 1519 4159 καὶ
1551 4105 1681 4167 τοὺς
1716 4119 1895 4174 παρα-

307 4205 559 4275 πλησίως
589 4203 927 4271 ἀγαπῶντας
961 4199 1299 4272 παραλαϐὼν
1320 4238 1335 4263 ,
1384 4197 1472 4251 διὰ
1516 4197 1618 4265 τῆς
1653 4196 1893 4266 φοϐερᾶς

306 4298 532 4366 ἐκείνης
562 4295 831 4358 ὀπτασίας
858 4295 920 4349 τὸ
946 4293 1174 4348 δυνατὸν
1202 4293 1301 4363 τῆς
1336 4294 1393 4345 ἐν
1426 4291 1575 4362 αὐτῷ
1605 4290 1892 4344 πιστοῦται

309 4389 596 4459 θεότητος.
649 4407 666 4439 ι
706 4384 1131 4456 Μετεμορφώθη
1164 4385 1295 4453 γὰρ,
1348 4384 1535 4454 φησὶν,
1582 4378 1893 4452 ἔμπροσθεν

306 4480 523 4535 αὐτῶν·
563 4479 654 4532 καὶ
692 4479 907 4548 ἔλαμψε
940 4477 1005 4531 τὸ
1034 4477 1333 4547 πρόσωπον
1356 4474 1521 4528 αὐτοῦ
1546 4473 1621 4535 ὼς
1648 4474 1676 4524 ὁ
1700 4470 1851 4539 ἥλιος
1874 4483 1888 4497 ⁶
1925 4498 1972 4554 θ

305 4574 380 4627 τά
406 4573 464 4625 δὲ
490 4573 681 4641 ἱμάτια
704 4570 874 4624 αὐτοῦ
900 4570 1154 4639 ἐγένοντο
1182 4569 1355 4622 λευκὰ
1382 4567 1459 4630 ὡς
1485 4566 1547 4619 τὸ
1569 4566 1706 4636 φῶς.
1738 4585 1757 4616 ι

390 4687 408 4719 ι
438 4667 549 4720 Καὶ
599 4667 709 4721 ίδοὺ
749 4665 1014 4737 ὤφθησαν
1056 4664 1241 4725 αὐτοῖς
1287 4661 1525 4731 Μωῢσῆς
1560 4660 1656 4713 καὶ
1707 4658 1894 4722 Ἠλίας

308 4761 434 4831 μετ’
475 4758 642 4812 αὑτοῦ
692 4758 1102 4819 συλλαλοῦντες.
1138 4776 1156 4809 ι
1212 4754 1571 4825 Ἐχαλίνωσεν
1610 4753 1639 4804 ό
1678 4752 1776 4821 τῆς
1818 4751 1896 4804 δι-

307 4851 608 4921 καιοσύνης
642 4851 833 4915 ’Ἤλιος
859 4851 959 4922 τὴν
1003 4849 1234 4919 νεφέλην
1264 4846 1358 4900 τοῦ
1401 4844 1676 4915 σώματος,
1730 4844 1823 4901 καὶ
1859 4845 1893 4915 ἡ

308 4946 475 5006 ἀκτὶς
507 4944 610 5014 τῆς
662 4942 919 5012 θεότητος
959 4941 1084 5003 τοὺς
1113 4938 1311 5002 θεατὰς
1349 4935 1754 5008 περιήστραψε.
1791 4936 1894 4989 Νε-

310 5019 454 5105 φέλη
491 5034 600 5104 γὰρ
628 5032 724 5085 τοῦ
770 5031 1008 5103 ἀοράτου
1054 5028 1116 5082 τὸ
1157 5026 1434 5098 ὁρώμενον
1476 5026 1701 5097 ἔνδυμα.
1740 5022 1896 5079 Οἶδεν

321 5126 555 5188 Ἡσαΐας
580 5124 741 5177 τοῦτο
794 5123 1012 5191 σαφῶςο
1063 5122 1164 5192 τὴν
1199 5121 1308 5191 γὰρ
1349 5118 1439 5172 ἐπ’
1478 5119 1755 5187 Αἴγυπτον
1797 5117 1893 5170 τοῦ

306 5218 568 5288 Σωτῆρος
598 5214 820 5286 θεωρῶν
856 5213 1118 5284 ὲνδημίαν
1147 5212 1308 5264 ποτέ·
1342 5230 1360 5262 ι
1397 5208 1550 5277 Ἰδοὺ,
1586 5211 1737 5281 φησι,
1776 5210 1892 5263 Κύ-

312 5325 431 5379 ριος
464 5306 699 5375 κάθηται
735 5304 829 5357 ἐπὶ
853 5302 1084 5373 νεφέλης
1115 5302 1348 5371 κούφης,
1391 5298 1484 5353 καὶ
1528 5298 1647 5371 ἣξει
1690 5300 1769 5362 είς
1801 5297 1892 5351 Αἵ-

310 5415 545 5469 γυπτον.
577 5398 686 5450 Καὶ
716 5395 827 5449 ίδοὺ
852 5392 1013 5464 ὤφθη
1040 5394 1226 5454 αὐτοῖς
1271 5392 1512 5461 Μωΰσῆς
1564 5390 1659 5442 καὶ
1706 5387 1893 5452 Ἠλίας

316 5490 442 5562 μετ’
465 5489 632 5543 αὑτοῦ
671 5486 1086 5549 συλλαλοῦντες.
1124 5504 1142 5537 ι
1173 5485 1285 5554 Τῆς
1310 5484 1418 5555 γάρ
1451 5482 1704 5551 θεότητος
1727 5478 1894 5533 αὑτοῦ

314 5580 462 5657 ἦσαν
487 5582 787 5655 ἀχώριστοι
819 5581 1075 5634 πάντοτε.
1118 5578 1273 5633 Διατί
1319 5577 1377 5630 δὲ
1410 5577 1502 5630 καὶ
1545 5574 1687 5647 ὑπὲρ
1718 5574 1895 5629 πάντα

392 5779 439 5810 ³’
472 5776 668 5833 Matth.
703 5792 815 5839 xvi,
838 5776 929 5831 25.

642 5871 911 5931 Parnm.
944 5869 1059 5926 Gn.
1100 5865 1385 5926 XCVIII.

1035 5776 1055 5806 ³
1092 5773 1285 5828 Matth.
1324 5788 1462 5837 xvtt,
1489 5771 1544 5826 ἓ.
1624 5769 1668 5802 ³⁸
1695 5767 1824 5824 ibid.
1851 5767 1904 5822 5.

1976 1905 2141 1965 atque
2173 1896 2561 1965 occidendum,
2618 1900 2802 1955 statim
2848 1901 3038 1958 animo
3064 1905 3354 1976 pangitur,
3383 1922 3565 1979 exque

1979 1987 2148 2040 multa
2194 1986 2486 2044 affectione
2530 1990 2693 2046 dictis
2744 1992 2945 2061 insilit,
2992 2008 3058 2049 ac
3114 1995 3343 2052 liberius
3390 1996 3565 2069 Magi-

1979 2086 2158 2134 strum
2193 2080 2387 2150 carpit.
2422 2100 2441 2133 ι
2480 2084 2783 2139 Assumens
2809 2085 2955 2140 enim
2978 2101 3127 2153 eum,
3164 2088 3363 2159 inquit,
3399 2091 3566 2161 cmpit

1974 2172 2266 2244 increpare
2295 2174 2471 2242 illum,
2512 2176 2737 2232 dicens:
2798 2177 2955 2234 Absit
2985 2194 3015 2234 a
3046 2189 3120 2244 te,
3172 2181 3421 2247 Domine,
3455 2200 3563 2239 non

1979 2267 2085 2321 erit
2114 2267 2211 2323 tibi
2246 2267 2353 2322 hoc
2382 2268 2447 2320 ⁸⁸.
2483 2286 2501 2319 ι
2555 2266 2807 2331 Vidistin‘
2839 2285 3131 2326 accensam
3191 2273 3447 2344 discipuli
3509 2276 3565 2329 in

1981 2357 2305 2427 Magistrum
2341 2356 2740 2413 dilectionem?
2800 2358 3057 2415 Vidistin'
3087 2370 3148 2416 ut
3168 2363 3354 2419 dilecti
3392 2366 3566 2420 tristi-

1980 2449 2086 2501 bus
2117 2447 2465 2504 alliceretur?
2493 2458 2551 2503 ut
2588 2449 2642 2502 in
2682 2450 2787 2504 hoc
2827 2457 3038 2507 tantum
3068 2453 3248 2524 juStos
3277 2457 3570 2514 excederet

1984 2539 2251 2599 libertatis
2286 2544 2508 2598 modos.
2558 2560 2576 2593 ‹
2616 2541 2793 2610 Coepit
2847 2543 3134 2613 increpare
3165 2546 3342 2613 illum,
3385 2560 3439 2603 et
3476 2550 3566 2604 di-

1984 2646 2136 2685 cere:
2168 2630 2327 2685 Absit
2352 2646 2383 2684 a
2409 2640 2482 2693 te,
2506 2630 2758 2695 Domine,
2800 2647 2906 2685 non
2947 2632 3052 2686 erit
3078 2633 3174 2687 tibi
3217 2635 3339 2691 hoc.
3374 2655 3393 2688 ι
3425 2634 3568 2703 Quid

1983 2736 2113 2792 ergo
2164 2722 2469 2779 Dominus?
2531 2720 2689 2776 Velut
2759 2723 3131 2793 perniciosam
3178 2725 3567 2795 impcnsiorem

1982 2817 2259 2886 ejusmodi
2315 2833 2505 2874 curam
2573 2818 2915 2887 perstringit.
2966 2818 3083 2873 Non
3148 2822 3322 2887 enim,
3364 2823 3565 2894 inquit,

1985 2909 2107 2963 volo
2153 2910 2352 2975 amari,
2411 2925 2538 2966 cum
2592 2910 2797 2966 damno
2844 2909 3213 2980 diligentium.
3253 2912 3364 2975 ltlea
3418 2931 3567 2972 mors

1983 3000 2135 3056 orbis
2157 3002 2325 3056 totius
2359 3002 2606 3061 medetur
2642 3002 2829 3056 morti.
2859 3000 2999 3067 Quid
3033 3004 3297 3060 molestus
3326 3021 3385 3062 es
3418 3008 3571 3076 plan-

1992 3093 2167 3145 tandaa
2197 3092 2374 3157 cruci,
2408 3093 2500 3160 qui
2531 3091 2775 3147 futurum
2809 3108 2875 3146 ex
2899 3093 3016 3162 ipsa
3048 3092 3287 3149 fructum
3322 3096 3572 3166 ignoras?

1989 3183 2130 3249 Quid
2158 3184 2257 3238 Dei
2305 3200 2434 3253 erga
2468 3184 2730 3245 mundum
2787 3184 3135 3241 dilectionem
3169 3189 3443 3255 nesciens,
3471 3207 3571 3246 ne-

1988 3292 2105 3335 cem
2175 3276 2459 3346 prohibes,
2514 3292 2623 3346 qua
2683 3293 2834 3334 mors
2898 3278 3301 3339 enervabitur?
3352 3280 3569 3352 Diligis,

1989 3369 2170 3435 Petre,
2218 3367 2365 3424 sicut
2416 3368 2603 3424 homo.
2629 3368 2762 3427 Sine
2802 3371 2988 3439 spargi
3015 3385 3270 3440 granum,
3305 3380 3463 3441 teque
3503 3375 3575 3427 ad

1990 3478 2227 3523 messem
2276 3478 2560 3534 compara.
2592 3462 2687 3519 His
2735 3463 2960 3533 quidem
2993 3465 3173 3521 suasit
3195 3465 3487 3535 discipulo,
3516 3476 3577 3521 ut

1924 3626 1925 3629 η
1990 3571 2059 3611 ne
2086 3554 2349 3627 Magistro
2373 3555 2760 3625 hujuscemodi
2812 3570 3004 3626 preces
3055 3557 3392 3627 porrigeret;
3426 3559 3574 3614 haud

1991 3656 2174 3705 tamen
2216 3649 2412 3704 mortis
2443 3647 2718 3704 tristitiam
2769 3648 2841 3705 ob
2881 3648 3268 3718 impensiorem
3301 3650 3355 3705 iu
3384 3651 3573 3720 ipsum

1991 3739 2578 3804 dilectionem,.animo
2604 3739 2834 3810 depulit.
2869 3740 2942 3796 Ut
2987 3740 3156 3811 igitur
3199 3757 3267 3797 ex
3327 3759 3577 3798 resurre-

1992 3832 2197 3895 ctione,
2226 3846 2349 3900 quae
2410 3846 2519 3885 non
2568 3831 2861 3885 admodum
2889 3830 3187 3886 dill‘ereuda
3212 3832 3395 3897 iesset,
3429 3835 3578 3889 sola-

1996 3935 2119 3975 men
2181 3919 2407 3988 aliquod
2460 3934 2564 3989 pro
2607 3919 2865 3988 passione
2909 3920 3251 3991 perciperet,
3289 3934 3577 3993 assumpto

1995 4010 2109 4075 illo,
2139 4025 2204 4065 ac
2235 4010 2305 4063 iis
2365 4010 2459 4079 qui
2488 4010 2727 4078 proximi
2772 4010 3065 4066 dilectione
3105 4021 3312 4078 essent,
3345 4016 3577 4071 terribili

1997 4103 2089 4159 illa
2113 4101 2331 4156 visione
2360 4102 2501 4171 ejus,
2536 4117 2661 4171 quae
2690 4110 2809 4157 erat
2862 4101 2916 4156 in
2948 4102 3090 4171 ipso,
3113 4102 3439 4169 divinitatis,
3480 4123 3580 4177 po-

1999 4195 2223 4251 tentiam
2264 4195 2483 4251 astruit.
2524 4214 2541 4246 ι
2580 4193 3029 4262 Transﬁguratus
3058 4196 3228 4262 enim,
3259 4197 3460 4267 inquit,
3495 4212 3579 4256 est

1996 4295 2126 4342 ante
2146 4302 2273 4343 eos:
2320 4295 2376 4341 et
2432 4286 2709 4356 splenduit
2754 4284 2925 4342 facies
2963 4286 3085 4357 ejus
3115 4287 3258 4344 sicut
3285 4290 3386 4350 sol.
3416 4293 3582 4346 vesti-

2000 4388 2184 4435 menta
2225 4385 2408 4439 autem
2427 4376 2549 4448 ejus
2580 4376 2721 4435 facta
2748 4386 2881 4434 sunt
2909 4377 3032 4439 alba
3057 4379 3201 4434 sicut
3235 4380 3323 4434 nix
3357 4381 3423 4435 ³³.
3446 4399 3465 4430 ι

2076 4668 2095 4700 ‹
2127 4647 2192 4702 Ει
2215 4662 2341 4702 ecce
2360 4656 2737 4717 apparuerunt
2768 4646 2875 4701 illis
2913 4644 3130 4718 Moyses
3160 4654 3216 4701 et
3258 4622 3428 4714 Elias,
3453 4663 3577 4702 cum

1997 4756 2063 4797 eo
2086 4742 2374 4811 loquentes
2403 4741 2469 4793 ³⁸.
2504 4758 2525 4792 ι
2566 4739 2657 4795 Sol
2687 4739 2917 4810 justitiae
2976 4740 3223 4808 corporis
3256 4740 3580 4810 compressit

2000 4835 2222 4899 nubem,
2259 4833 2555 4903 radiusque
2602 4831 2906 4887 divinitatis
2963 4841 3304 4902 spectatores
3343 4833 3580 4886 circum-

2000 4928 2171 4984 Iulsit.
2211 4925 2391 4983 Nubes
2440 4925 2612 4989 enim,
2646 4925 2765 4995 ejus
2818 4923 3106 4994 quodnon
3158 4923 3345 4978 subest
3380 4923 3576 4987 oculis,

2004 5018 2310 5087 subjectum
2340 5015 2513 5070 oculis
2543 5012 2925 5067 indumentum
2955 5021 3095 5065 erat.
3130 5008 3289 5063 Novit
3325 5008 3427 5063 hoc
3458 5024 3583 5078 per-

2001 5114 2188 5182 spicue
2242 5109 2447 5174 Isaias;
2481 5106 2720 5159 futurum
2771 5105 2916 5157 enim
2954 5100 3283 5173 quandoque
3332 5100 3386 5154 in
3419 5100 3581 5171 Egy-

2004 5218 2152 5279 ptum
2184 5211 2453 5258 contuens
2480 5194 2782 5251 Salvatoris
2810 5194 3105 5247 adventum
3134 5208 3148 5244 :
3172 5208 3189 5241 ι
3224 5189 3365 5244 Ecce
3392 5190 3580 5244 Domi-

2003 5315 2125 5361 nus,
2171 5295 2368 5365 inquit,
2411 5291 2565 5346 sedet
2609 5304 2778 5358 super
2810 5287 3007 5341 nubem
3064 5285 3260 5349 levem,
3301 5292 3357 5339 et
3399 5282 3583 5338 veniet

2002 5392 2055 5446 in
2077 5388 2370 5459 Egyptum
2391 5380 2675 5440 "nr—«Et
2701 5394 2829 5456 cqpe
2854 5384 3225 5448 apparuerunt
3248 5376 3355 5430 illis
3370 5373 3583 5445 Moyses

2001 5492 2056 5539 et
2091 5480 2259 5542 Elias,
2282 5493 2407 5533 cum
2468 5489 2536 5530 eo
2596 5474 2905 5541 loquentes.
2941 5487 2960 5521 ι
3015 5467 3298 5539 Nusquam
3332 5467 3475 5521 enim
3515 5465 3584 5519 ab

2002 5575 2123 5645 ejus
2152 5570 2436 5627 divinitate
2451 5565 2684 5637 scjuucti
2712 5571 2889 5621 erant.
2924 5560 3339 5630 Quorsumvero
3370 5556 3585 5630 Moyses

1986 5763 2029 5797 ³⁸
2073 5764 2179 5819 Isa.
2218 5775 2333 5827 xm,
2374 5760 2419 5815 l.

3142 5838 3215 5900 [ιο
