4098 6490
629 325 767 395 1259

1753 325 2283 390 PANTALEONIS
2313 323 2627 389 DIACONI
2664 320 2773 384 CP.
2868 312 2873 313 ί

3744 318 3895 381 ιεοο

619 459 674 505 et
716 446 882 510 Elias,
913 457 1023 514 prae
1061 440 1317 497 universo
1343 439 1749 512 prophetarum
1781 440 1994 495 choro?
2027 439 2198 495 Nimi-

2304 438 2413 492 τῶν
2438 436 2735 508 προφητῶν
2753 434 2846 488 τδν
2874 431 3036 504 χορὸν
3052 429 3294 501 Μωῦσῆς
3314 428 3409 483 καὶ
3443 427 3661 494 mm;
3688 430 3897 499 ἐπειδὴ

626 558 768 603 tutu,
806 536 952 608 quod
984 534 1129 589 Elias
1164 532 1303 588 vivis
1329 540 1749 597 accenseretur;
1776 532 1989 603 Moyses
2015 542 2196 587 autem

622 640 770 689 esset
803 638 1069 685 mortuus.
1098 625 1327 690 Idcirco,
1355 625 1624 681 ambobus
1659 624 2085 696 repraesentatis,
2122 625 2202 678 vi-

622 737 815 777 vorum
887 735 949 776 se
1004 727 1059 774 et
1110 729 1460 774 mortuorum
1535 716 1827 772 Dominum
1909 717 2199 787 discipulis

622 813 895 870 ostendit:
955 827 1021 867 eo
1044 811 1332 881 perspicue
1361 817 1689 879 argumento
1706 816 1950 865 astantes
1969 809 2196 873 docens,

626 907 831 961 habere
860 920 918 960 se
962 910 1295 974 potestatem
1339 901 1464 956 vitae
1492 910 1545 956 et
1582 902 1795 956 mortis.
1821 899 1890 956 At
1919 916 2096 971 neque
2124 899 2198 955 ita

624 996 847 1052 sedatus
881 1003 965 1050 est
991 992 1140 1049 Petri
1200 993 1404 1049 timor:
1437 992 1668 1047 necdum
1705 992 1852 1046 enim
1883 989 2201 1060 diviulSpi-

625 1088 762 1141 ritus
816 1086 1133 1155 operatione
1192 1082 1607 1139 adamantinum
1671 1082 1841 1136 robur
1890 1090 2197 1151 acceperat.

621 1176 814 1231 Adhuc
838 1175 1092 1230 vincebat
1122 1173 1411 1229 imbecillis
1444 1184 1663 1235 natura,
1704 1186 1828 1226 cum
1870 1170 2042 1226 divini
2074 1171 2199 1241 Spi-

623 1271 761 1324 ritus
823 1269 1103 1332 virtutem,
1158 1265 1338 1336 palam
1390 1279 1627 1334 sequens
1655 1262 2196 1325 declararittlducia,

620 1354 1083 1425 quemadmodum
1137 1354 1213 1407 ait
1240 1352 1433 1406 beatus
1482 1348 1721 1404 I’aulus:
1766 1369 1784 1401 ι
1825 1347 1896 1404 Ut
1955 1350 2201 1404 eminen-

621 1447 696 1500 tia
725 1444 798 1501 sit
830 1444 1047 1500 virtutis
1080 1442 1193 1505 Dei,
1221 1452 1273 1497 et
1318 1457 1424 1497 non
1461 1456 1527 1497 ex
1557 1440 1717 1497 nobis
1749 1440 1814 1496 ³⁸.
1849 1459 1868 1493 ι
1896 1439 2035 1507 Quid
2069 1453 2199 1509 ergo

501 1564 511 1573 -
624 1537 817 1592 Petrus
876 1535 1057 1589 adhuc
1123 1533 1377 1603 pavens?
1410 1553 1428 1585 ‹
1468 1532 1717 1595 Domine,
1744 1532 1950 1586 bonum
1984 1538 2069 1586 est
2097 1547 2198 1586 nos

622 1628 711 1682 ltic
726 1642 869 1693 esse,
901 1628 948 1683 si
966 1628 1050 1682 vis
1069 1644 1082 1679 :
1101 1625 1484 1681 faciamustria
1498 1624 1874 1687 tabernacula,
1893 1622 1988 1677 tibi
2002 1638 2194 1686 unum,

621 1720 790 1793 Moysi
813 1735 1000 1783 unum,
1032 1727 1087 1773 et
1113 1717 1245 1773 Elia:
1274 1733 1465 1772 unum.
1494 1735 1511 1767 ι
1550 1715 1651 1770 Ubi
1683 1716 1878 1769 mortis
1901 1714 2193 1769 consilium

2301 530 2329 581 6
2357 528 2459 598 μὲν
2502 527 2691 590 Ἠλίας
2722 522 3097 597 συνηρίθμητο
3132 523 3243 585 τοῖς
3275 518 3441 587 ζῶσιν
3461 536 3475 552 ⁸
3506 521 3611 576 όδὲ
3637 522 3897 591 Μωΰσῆς

2299 618 2585 687 ἐτεθνήκει
2607 632 2620 646 ·
2646 616 2839 670 τούτου
2865 616 3029 687 χάριν
3047 614 3135 668 διὰ
3156 614 3257 685 τῆς
3284 613 3565 683 ἑκατέρων
3591 616 3897 685 παραστὰο

2302 726 2463 774 σεως,
2503 708 2614 761 τῶν
2657 707 2878 772 ζώντων
2922 706 3017 760 καὶ
3059 704 3271 776 νεκρῶν
3323 704 3642 774 ἐνεφάνιζεν
3696 706 3899 767 αὐτοῖς

2302 800 2508 873 Κύριον
2525 814 2538 829 ·
2572 800 2762 870 σαφῶς
2789 799 2877 854 διὰ
2901 798 3109 853 τούτων
3131 801 3258 861 τοὺς
3282 798 3558 869 παρόντας
3586 798 3895 860 διδάσκων,

2301 893 2383 947 ὅτι
2415 892 2581 956 αὐτός
2620 894 2773 946 ἐστιν
2801 894 2829 946 6
2858 891 3007 961 ζωῆς
3049 890 3144 945 καὶ
3171 890 3406 945 Θανάτου
3435 890 3687 956 ἐξουσίαν
3717 890 3898 960 ἔχων.

2315 982 2455 1035 Ἀλλ’
2496 983 2607 1037 οὐδ’
2651 981 2831 1046 οὓτως
2878 981 3118 1035 ἐπαύετο
3165 984 3260 1051 τῆς
3305 981 3508 1045 δειλίας
3556 983 3585 1035 6
3634 981 3894 1051 Πέτρος·

2301 1075 2456 1128 οῠπω
2489 1075 2599 1144 γὰρ
2622 1069 2690 1146 ἦν
2718 1077 2786 1145 τῇ
2816 1073 2910 1127 τοῦ
2933 1071 3085 1125 θείου
3111 1071 3436 1141 Πνεύματος
3460 1071 3897 1142 ἀδαμαντωθεὶς

2302 1165 2590 1237 ἐνεργείᾳ·
2634 1166 2728 1219 ὑπ’
2763 1164 3027 1228 ἀσθενοῦς
3069 1164 3209 1226 τέως
3240 1165 3459 1218 ἐνικᾶτο
3499 1164 3599 1234 τῆς
3635 1165 3894 1235 φύσεως,

2301 1262 2367 1329 τῇ
2407 1257 2546 1327 μετὰ
2589 1256 2765 1311 ταῦτα
2803 1257 3132 1327 πεποιθήσει
3175 1258 3391 1320 δεικνὺς
3434 1258 3535 1329 τὴν
3580 1257 3681 1312 τοῦ
3734 1258 3896 1311 θείου

2302 1349 2626 1421 Πνεύματος
2659 1349 2891 1421 δύναμιν
2911 1391 2925 1417 ,
2960 1349 3148 1414 καθὼς
3176 1353 3203 1404 6
3236 1351 3504 1422 μακάριος
3532 1351 3749 1411 Παῦλός
3781 1369 3898 1421 φη·

2303 1462 2389 1499 σιν
2406 1461 2419 1474 ·
2455 1447 2604 1499 «Ἵνα
2634 1445 2667 1516 ἡ
2691 1444 2971 1516 ὑπερϐολὴ
2998 1445 3098 1514 τῆς
3127 1445 3409 1514 δυνάμεως
3435 1444 3529 1498 τοῦ
3558 1444 3699 1498 Θεοῦ
3717 1442 3775 1517 ᾖ,
3792 1446 3899 1497 καὶ

2304 1534 2380 1607 μὴ
2421 1535 2480 1602 ἐξ
2522 1535 2702 1606 ἡμῶν.
2730 1553 2748 1588 ι
2800 1535 2866 1588 Τί
2896 1531 2991 1589 οὖν
3023 1535 3103 1589 ἐτι
3130 1535 3344 1590 δειλιῶν
3388 1537 3416 1590 6
3458 1536 3664 1607 Πέτρος
3712 1537 3895 1607 (mai;

2307 1645 2324 1678 ι
2371 1625 2582 1699 Κύριε,
2616 1627 2781 1682 καλόν
2832 1629 2985 1681 ἐστιν
3030 1629 3181 1699 ἡμᾶς
3226 1622 3331 1683 ὦδε
3377 1623 3553 1682 εἶναι·
3586 1630 3636 1682 εί
3669 1629 3897 1693 θέλεις,

2300 1718 2622 1789 ποιήσωμεν
2675 1722 2826 1790 τρεῖς
2878 1719 3118 1791 σκηνάς·
3168 1722 3251 1775 σοὶ
3306 1721 3454 1792 μίαν,
3510 1722 3607 1774 καί
3655 1722 3901 1776 Mai-3321

618 1827 876 1869 revocare
904 1812 1256 1881 nequivisset,
1308 1808 1533 1864 molitur
1558 1809 1639 1863 vel
1689 1809 1794 1862 iter
1816 1808 1868 1861 in
1892 1805 2196 1862 Jerusalem

2305 1808 2459 1877 μίαν,
2491 1808 2589 1861 καὶ
2630 1807 2789 1879 Ἠλίᾳ
2818 1807 2972 1879 μίαν.
3005 1828 3024 1860 ›
3069 1809 3290 1881 Ἐπειδὴ
3335 1810 3397 1862 τὸ
3440 1810 3613 1874 πάθος
3648 1812 3899 1881 ἀποτρέ.

618 1904 894 1959 retardare
915 1920 929 1957 :
954 1916 1064 1957 non
1094 1901 1241 1956 clare
1267 1902 1455 1956 dicens
1485 1899 1631 1969 quod
1686 1898 1870 1952 animo
1926 1898 2197 1953 constitu-

619 2004 735 2051 tum
764 2001 940 2060 esset,
973 1992 1069 2048 sed
1101 2007 1208 2063 qua
1238 2007 1423 2047 moras
1454 1992 1508 2045 in
1546 2002 1730 2045 monte
1760 1990 1974 2054 suadet,
2005 1990 2057 2044 id
2085 1988 2200 2059 agi-

618 2099 762 2151 tans,
784 2095 930 2142 utne
977 2085 1104 2140 inde
1153 2086 1486 2141 discederet:
1512 2100 1577 2139 ac
1608 2099 1716 2139 non
1748 2083 1940 2139 dicens
1979 2084 2199 2154 quidem

618 2178 865 2249 apertius
883 2176 1029 2247 quod
1055 2176 1329 2246 cupiebat,
1349 2190 1514 2245 agens
1531 2184 1723 2242 ,tameu
1751 2172 1818 2228 iis
1845 2172 2029 2227 verbis
2053 2169 2199 2242 quod

619 2271 807 2327 studio
842 2267 1087 2340 optabat.
1117 2285 1134 2319 ι
1161 2267 1414 2332 Domine,
1435 2265 1638 2320 bonum
1656 2274 1864 2345 estnos
1895 2263 1985 2319 hic
2019 2278 2195 2324 esse,»

618 2376 783 2431 quam
807 2358 1189 2429 Jerosolymis.
1232 2376 1251 2410 ι
1287 2356 1344 2412 Si
1381 2357 1489 2421 vis,
1524 2354 1789 2411 faciamus
1818 2354 1908 2409 hic
1961 2353 2063 2408 tria
2116 2352 2200 2407 ta;-

621 2451 917 2509 bernacula
949 2450 1015 2504 ³⁷.
1047 2468 1065 2501 ι
1134 2447 1349 2504 Veritus
1400 2448 1697 2503 secundam
1744 2445 2198 2516 increpatiouem,

622 2547 755 2603 illud
814 2546 1062 2617 speciose
1115 2543 1355 2598 sermoni
1429 2540 1794 2611 interposuit:
1829 2557 1848 2592 ‹
1898 2538 1955 2593 Si
1977 2539 2082 2603 vis,
2121 2536 2201 2592 fa-

621 2640 835 2695 ciamus
887 2637 974 2691 hic
1031 2634 1135 2690 tria
1189 2633 1567 2689 tabernacula.
1609 2651 1627 2684 ›
1664 2630 1858 2686 Melius
1905 2640 1990 2685 est
2019 2640 2080 2684 ut
2114 2629 2203 2684 hic

624 2731 896 2786 faciamus
950 2727 1054 2782 tria
1091 2724 1480 2790 tabernacula;
1536 2738 1646 2777 non
1700 2731 1759 2776 ut
1803 2718 2199 2792 Jerosolymam

622 2823 835 2887 abiens,
896 2833 1068 2873 unum
1103 2816 1217 2872 illic
1268 2815 1463 2882 facias,
1517 2815 1664 2884 quod
1700 2821 1755 2869 te
1783 2814 1982 2883 Lmanet
2027 2811 2203 2881 sepul-

620 2929 800 2970 crum.
846 2909 1013 2966 Plane
1059 2914 1482 2979 exsuperantem
1525 2903 1758 2974 apostoli
1817 2902 2196 2958 timiditatem!

619 3004 699 3060 Ita
739 3003 955 3059 habeat.
1010 2998 1260 3055 Hortaris
1312 2997 1629 3060 DOIttinttm,
1689 2995 1843 3051 beate
1903 2991 2089 3057 Petre,
2143 3002 2203 3047 ut

2304 1916 2430 1953 πειν
2457 1899 2560 1953 οὐκ
2587 1900 2798 1971 ἴσχυσε,
2826 1899 2927 1972 τὴν
2956 1902 3049 1955 ἐπὶ
3079 1901 3149 1955 τὰ
3189 1901 3538 1973 Ἰεροσόλυμα
3561 1904 3682 1956 ὁδὸν
3717 1904 3899 1973 ὕπερ-

2303 1990 2494 2045 θέσθαι
2542 1992 2898 2063 τεχνάζεται·
2931 1994 2994 2047 ού
3028 1994 3204 2062 λέγων
3246 1997 3541 2066 προφανῶς
3570 1996 3713 2067 ὅπερ
3763 1994 3897 2066 ἤθε-

2300 2082 2415 2148 λεν,
2447 2084 2587 2139 ἀλλὰ
2636 2084 2727 2139 διὰ
2771 2086 2867 2140 τοῦ
2910 2081 3014 2140 ὦδε
3050 2083 3189 2142 εἶναι
3213 2127 3228 2152 ,
3260 2088 3321 2141 τὸ
3354 2091 3472 2142 ἐκεῖ
3499 2090 3577 2159 μὴ
3623 2090 3897 2142 ἀπελθεῖν

2306 2177 2747 2247 μνηστευόμενος
2762 2194 2775 2209 ·
2797 2180 2891 2232 καὶ
2912 2178 2986 2250 μὴ
3009 2176 3183 2246 λέγων
3204 2179 3303 2249 μὲν
3320 2181 3508 2249 σαφῶς
3530 2181 3566 2235 ἃ
3595 2180 3892 2252 ἠϐούλετο·

2303 2269 2835 2340 πραγματευόμενος
2882 2270 2940 2322 δὲ
2984 2269 3052 2323 δι’
3092 2264 3166 2323 ὧν
3224 2270 3430 2340 ἔλεγεν,
3471 2272 3507 2325 ἃ.
3554 2274 3891 2339 ἐσπούδαζε.

2311 2360 2542 2432 «Κύριε,
2571 2361 2738 2415 καλόν
2767 2364 2914 2416 ἐστιν
2944 2364 3091 2432 ἡμᾶς
3118 2355 3219 2416 ὧδε
3244 2360 3406 2429 εἶναι,
3434 2384 3452 2416 ι
3475 2365 3507 2435 ἦ
3532 2368 3615 2429 είς
3655 2367 3895 2436 Ἰεροσόο

2302 2451 2473 2522 λυμα.
2514 2471 2534 2504 ι
2567 2454 2630 2507 Et
2665 2452 2878 2518 θέλεις,
2917 2456 3241 2527 ποιήσωμεν
3274 2450 3374 2511 ὦδε
3400 2461 3551 2528 τρεῖς
3586 2462 3822 2530 σκηνάς.
3869 2480 3886 2509 ι

2301 2541 2567 2613 Φοϐηθεὶς
2600 2543 2675 2615 μὴ
2702 2544 2865 2598 πάλιν
2897 2545 3198 2620 ἐπιτιμηθῇ
3222 2588 3238 2613 ,
3269 2547 3609 2618 παρενέϐαλε
3644 2550 3893 2614 πιθανῶς

2300 2633 2379 2705 τῷ
2428 2634 2574 2706 λόγῳ
2618 2635 2718 2689 τό·
2771 2654 2790 2688 t
2851 2637 2913 2690 Εί
2964 2637 3172 2701 θέλεις,
3222 2641 3539 2711 ποιήσωμεν
3581 2636 3688 2696 ὧδε
3738 2646 3891 2714 spei;

2304 2724 2531 2793 σκηνάς.
2574 2744 2594 2778 ι
2629 2726 2851 2783 Βέλτιον
2900 2723 3002 2784 ὧδε
3051 2733 3280 2801 ποιῆσαι
3320 2736 3473 2805 τρεῖς
3514 2736 3726 2806 σκηνὰς
3752 2778 3767 2803 ,
3795 2741 3895 2790 καὶ

2305 2818 2382 2889 μὴ
2415 2817 2723 2873 ἀπελθόντα
2758 2821 2893 2887 ἐκεῖ,
2933 2822 3025 2877 τὸν
3051 2822 3153 2879 ἐνα
3180 2823 3273 2879 τὸν
3305 2825 3762 2899 προσδοκώμενον
3793 2830 3895 2882 τάο

2300 2928 2420 2979 φον.
2439 2913 2679 2985 Ἀληθῶς
2708 2914 2985 2987 ὑπερϐολὴ
3016 2918 3117 2988 τῆς
3148 2918 3241 2973 τοῦ
3276 2920 3608 2975 Ἀποστόλου
3642 2923 3889 2987 δειλίαςί

2307 3001 2510 3055 Ἔστω·
2540 3002 2618 3073 τῷ
2634 3004 2883 3076 Δεσπότῃ
2902 3007 3020 3059 ἐκεῖ
3036 3012 3324 3079 παραινεῖς
3350 3008 3553 3080 μένειν,
3579 3004 3625 3064 ὦ
3645 3013 3892 3086 μακάριε

619 3096 733 3152 illic
763 3092 1026 3149 maneat?
1073 3089 1213 3158 Quid
1254 3091 1419 3145 etiam
1447 3088 1621 3143 Eliam
1646 3103 1711 3142 ac
1758 3085 1945 3141 Mosen
1997 3085 2198 3156 pariter

2306 3093 2514 3167 Πέτρε·
2544 3094 2598 3148 τί
2626 3095 2721 3149 καὶ
2749 3096 2841 3150 τὸν
2883 3096 3071 3153 Ἠλίαν
3115 3101 3210 3153 καὶ
3255 3102 3495 3155 Μωῦσέα
3537 3085 3893 3174 παρακαλεῖς

620 3186 969 3245 tabernacula
1021 3148 1190 3255 figere
1227 3181 1428 3252 rogas?
1468 3179 1669 3246 Etiam,
1694 3178 1894 3248 inquit.
1927 3148 2012 3231 Si-
2041 3177 2198 3233 nobis

2421 3148 2435 3167 ,
3117 3148 3208 3153 --ᾑ-
3255 3148 3495 3155 νην-η-
3543 3148 3890 3174 «ﬁam—nu,

2306 3181 2737 3254 συσκηνοῦσθαι;
2768 3186 2895 3251 Ναὶ,
2925 3186 3124 3256 φησίν·
3180 3189 3276 3242 ἐὰν
3328 3190 3561 3245 ἐνταῦθα
3614 3194 3893 3262 μενόντων

620 3279 713 3333 hic
742 3276 1094 3333 manentibus
1114 3273 1408 3328 multitudo
1434 3270 1983 3327 Judaeorumirruerit
2008 3308 2023 3334 ,
2048 3269 2198 3323 novit

2303 3273 2464 3344 ἡμῶν
2489 3274 2550 3328 τὸ
2581 3276 2874 3330 Ἰουδαϊκὸν
2905 3278 3110 3350 πλῆθος
3142 3281 3380 3349 ἐπέλθοι,
3407 3284 3642 3355 ήἭλίου
3666 3287 3891 3355 γλῶσσα

622 3369 754 3425 Elia
799 3370 987 3439 lingua
1043 3367 1225 3437 ignem
1272 3364 1339 3419 de
1371 3363 1512 3419 coelo
1542 3363 1847 3423 deducere;
1900 3362 2007 3417 scit
2048 3360 2198 3431 virga

2303 3365 2418 3435 πῦρ
2454 3367 2513 3434 ἐξ
2547 3367 2779 3438 ούρανοῦ
2814 3372 3149 3442 καταφέρειν
3179 3375 3506 3431 ἐπίσταται·
3541 3380 3575 3449 ἡ
3607 3380 3891 3445 Μωῦσὲως

623 3461 792 3517 Ilosis
852 3459 1124 3513 ﬂammam
1182 3455 1436 3527 grandini
1486 3451 1938 3509 contubernalem
1985 3466 2051 3507 ex
2075 3465 2198 3505 aere

2307 3457 2503 3528 ῥάϐδος
2528 3458 2589 3525 ἐξ
2614 3460 2779 3532 ἀέρος
2808 3461 2994 3516 ἐλκειν
3023 3464 3331 3521 δεδίδακται
3372 3468 3619 3539 χαλάζης
3652 3472 3889 3541 ὁμοδίαι-

623 3553 860 3609 trahere.
884 3548 1010 3603 Haec
1048 3549 1213 3603 Petro
1252 3546 1548 3615 cogitante,
1603 3544 1759 3600 adest
1783 3544 2065 3607 divinitus,
2091 3559 2203 3613 quo

618 3661 683 3702 ea
711 3643 1012 3714 castigetur
1062 3640 1347 3711 cogitatio.
1421 3655 1441 3690 ι
1479 3637 1579 3692 Hic
1627 3646 1731 3704 est,
1788 3638 1987 3707 inquit,
2030 3635 2202 3691 Filius

620 3751 778 3794 meus
834 3734 1069 3791 dilectus
1102 3732 1168 3785 ⁸⁸.
1224 3748 1245 3783 ι
1308 3728 1472 3797 Quid,
1523 3728 1699 3793 Petre,
1747 3726 2202 3799 trepidas2Quid

623 3845 752 3886 vero
786 3829 953 3885 etiam
984 3826 1113 3882 belli
1145 3825 1330 3882 socios
1356 3824 1623 3880 adversus
1644 3821 1866 3878 Judaeos
1911 3823 2204 3893 provocas?

626 3942 647 3977 ι
685 3921 789 3979 Hic
817 3930 904 3976 est
930 3918 1105 3975 Filius
1152 3932 1309 3973 meus
1357 3916 1609 3973 dilectus.
1648 3934 1666 3966 ι
1718 3913 1932 3971 Habent
1957 3915 2201 3970 universi

622 4014 899 4086 prophetae
938 4025 1036 4081 per
1084 4008 1359 4080 Unigeniti
1415 4008 1697 4071 virtutent,
1746 4016 1805 4060 ut
1860 4005 2095 4076 possint,
2152 4004 2198 4059 si

2301 3565 2395 3602 τον
2443 3551 2639 3620 φλόγα.
2687 3551 2875 3607 Ταῦτα
2925 3554 3333 3628 ἐνθυμουμένου
3382 3560 3617 3627 Πέτρου,
3670 3563 3887 3633 ἀπήντα

2304 3640 2493 3695 θεόθεν
2525 3644 2554 3696 6
2582 3648 2680 3715 τῆς
2705 3644 3059 3719 ἐνθυμήσεως
3087 3649 3309 3720 ἐλεγχος
3328 3668 3343 3682 ·
3378 3672 3395 3703 ι
3426 3647 3598 3718 Οὗτος
3629 3655 3762 3726 γὰρ,
3791 3673 3889 3725 (pr,-

2307 3734 2413 3800 atv,
2434 3736 2462 3788 6
2494 3735 2624 3799 Υίός
2660 3754 2765 3807 μου
2798 3741 2826 3792 6
2854 3740 3168 3812 ἀγαπητός·
3208 3761 3229 3795 ι
3254 3744 3307 3795 τί
3342 3744 3568 3817 δειλιᾷς,
3604 3740 3650 3801 ὦ
3675 3749 3881 3819 Πέτρες

2303 3825 2357 3878 τί
2391 3825 2450 3878 δὲ
2474 3828 2571 3881 καὶ
2600 3830 2965 3902 προσερεθίζῃ
3015 3833 3160 3888 κατὰ
3200 3834 3473 3890 Ἰουδαίων
3517 3841 3884 3909 συμμάχους;

2311 3935 2331 3970 ‹
2370 3912 2543 3982 Οὗτός
2576 3920 2727 3974 ἐστιν
2752 3922 2780 3974 6
2814 3921 2943 3984 Υίός
2990 3938 3094 3992 μου
3133 3925 3163 3977 6
3203 3925 3511 3996 ἀγαπητός.
3548 3947 3569 3981 t
3606 3930 3724 3995 Πᾶς
3754 3948 3889 4000 προ-

2305 4009 2485 4078 φήτης
2512 4008 2602 4064 διὰ
2628 4012 2729 4082 τῆς
2754 4010 2849 4065 τοῦ
2875 4013 3219 4083 Μονογενοῦς
3243 4016 3527 4088 δυνάμεως
3542 4018 3605 4073 τὸ
3624 4019 3888 4075 δύνασθαι

621 4107 752 4175 quid
784 4110 1086 4176 potuerunt
1154 4100 1379 4155 habere.
1429 4116 1447 4150 ι
1495 4096 1677 4168 Ipsum
1725 4096 1940 4159 audite,
2004 4113 2024 4147 ι
2065 4094 2198 4149 nihil

2305 4096 2419 4169 ἔχει
2449 4099 2588 4169 ὅπερ
2612 4100 2759 4172 ἐχειν
2791 4102 3114 4174 δεδύνηται·
3149 4124 3169 4157 ε
3210 4107 3386 4162 Αὐτοῦ
3417 4109 3680 4165 ἀκούετε·
3721 4131 3741 4165 ι
3781 4131 3891 4184 μη-

621 4198 898 4254 curiosius
922 4209 987 4252 ex
1031 4193 1251 4264 propria
1289 4200 1471 4247 mente
1515 4190 1890 4260 exquirentes.
1930 4206 1951 4241 ι
1995 4186 2053 4243 In
2085 4188 2198 4258 ipso

2303 4190 2394 4244 δὲν
2425 4191 2483 4259 ἐξ
2520 4193 2731 4257 οἰκείας
2761 4194 3251 4269 περιεργαζόμενοι
3274 4198 3504 4273 γνώμης
3526 4218 3541 4232 ·
3575 4221 3595 4255 ι
3620 4204 3711 4260 Ἐν
3738 4205 3892 4275 αὐτῷ

620 4291 767 4349 enim
792 4290 931 4347 bene
982 4287 1322 4358 complacui:
1356 4303 1375 4336 ι
1415 4282 1676 4351 novitque
1726 4296 1903 4337 meam
1938 4280 2056 4351 ipse
2077 4294 2198 4350 per-

2304 4284 2416 4354 γὰρ
2445 4282 2738 4357 εὐδόκησα,
2780 4304 2800 4341 t
2836 4287 2932 4340 καὶ
2962 4287 3126 4352 αὐτὸς
3161 4292 3348 4360 σαφῶς
3389 4293 3448 4347 τὸ
3492 4294 3627 4365 ἐμὸν
3652 4298 3891 4351 ἐπίστα-

622 4382 816 4453 spicue
869 4381 1230 4436 voluntatem.
1293 4376 1405 4448 Ipsi
1456 4376 1629 4447 gloria
1654 4388 1785 4441 una,
1810 4389 1937 4431 cum
1962 4372 2124 4428 Patre
2148 4378 2198 4427 et

2306 4389 2399 4427 ται
2446 4373 2681 4447 θέλημα.
2728 4377 2957 4451 Λύτῷή
3006 4379 3134 4446 δόξα
3182 4382 3279 4435 σὺν
3326 4383 3403 4455 τῷ
3444 4385 3621 4457 Πατρὶ
3668 4389 3759 4441 καὶ
3808 4388 3895 4459 τῷ

624 4471 830 4541 Spiritu
859 4479 1070 4533 sancto,
1141 4482 1289 4523 nunc
1329 4475 1384 4521 ct
1421 4480 1659 4537 semper,
1690 4474 1745 4521 et
1786 4465 1841 4521 in
1875 4463 2074 4521 saecula
2103 4478 2198 4518 sa:-

2311 4462 2451 4535 ἁγίῳ
2480 4465 2797 4538 Πνεύματι,
2833 4468 2930 4523 νῦν
2971 4470 3068 4526 καὶ
3107 4472 3233 4540 ἀεὶ,
3266 4474 3360 4528 καὶ
3399 4475 3481 4540 είς
3508 4478 3636 4542 τοὺς
3682 4478 3894 4543 αἰῶνας

622 4563 894 4614 culorum.
931 4559 1103 4615 Amen
1141 4556 1243 4628 (ί).

2305 4558 2415 4612 τῶν
2440 4555 2675 4614 αίὼνων.
2712 4558 2909 4631 Ἀμήν.

2200 4664 2287 4727 ιν.

628 4764 970 4820 l’antaleouis
999 4760 1227 4817 Diaconi
1258 4772 1308 4818 et
1350 4759 1759 4843 Cartaphylacis
1790 4776 1999 4843 magna:
2029 4759 2677 4843 Εξεοίᾳεὶωεηῆηεοιπῖωπ
2725 4764 2781 4818 in
2822 4768 3120 4822 maximum
3170 4780 3221 4824 et
3270 4771 3718 4842 gloriosissimum
3758 4774 3871 4829 Mi-

1703 4831 1935 4886 chaelem
1982 4831 2204 4885 caelatis
2236 4831 2449 4888 militia:
2492 4834 2800 4904 principem.

1520 4925 1836 4999 (Consus.
1867 4926 2129 4983 Biblioth.
2164 4925 2502 4995 Concionat.,
2537 4938 2577 4984 t.
2606 4927 2696 4992 Vl,
2730 4946 2783 5001 p.
2816 4929 2969 5001 2&9.)

692 5042 930 5100 Materiae
955 5040 1259 5111 expertium
1287 5042 1581 5114 spirituum
1616 5040 1884 5099 Dominus
1903 5085 1919 5109 ,
1944 5055 1999 5098 et
2023 5042 2117 5114 qui
2146 5042 2202 5099 in
2308 5052 2456 5098 ctum
2487 5044 2795 5109 constituit,
2824 5060 3061 5117 eumque
3085 5046 3329 5102 continet
3356 5056 3411 5103 et
3440 5059 3725 5106 conservat
3760 5068 3891 5119 pro-

623 5153 841 5194 omnem
887 5154 1110 5198 cat-nem
1149 5137 1358 5193 obtinet
1398 5144 1718 5207 potestatem
1758 5143 1813 5189 et
1848 5134 2202 5189 administra-
2308 5146 2427 5207 pter
2458 5136 2759 5200 hominem,
2795 5153 2863 5193 ex
2892 5138 2961 5194 iis
2994 5155 3117 5209 quae
3150 5156 3263 5194 non
3296 5151 3449 5207 sunt,
3476 5143 3545 5197 ad
3578 5143 3676 5199 hoc
3703 5152 3767 5198 ut
3798 5162 3890 5201 es-

625 5236 828 5289 tlonem
859 5250 874 5302 ;
911 5234 1006 5307 qui
1045 5231 1210 5289 etiam
1262 5238 1512 5285 nostram
1548 5226 1805 5281 formavit
1849 5227 2145 5281 essentiam
2184 5243 2198 5281 :
2311 5232 2433 5294 sent
2470 5224 2730 5294 produxit
2769 5226 3055 5295 universa;
3092 5228 3139 5283 is
3162 5239 3244 5284 est
3277 5231 3428 5285 solus
3464 5232 3559 5301 qui
3607 5242 3807 5287 natura
3837 5245 3891 5290 et

621 5328 756 5398 quin
784 5326 949 5382 etiam
981 5324 1300 5381 universum
1325 5320 1590 5376 mundum
1617 5319 1712 5389 qui
1738 5318 1884 5374 cadit
1914 5318 2017 5373 sub
2044 5331 2206 5387 aspe-
2315 5314 2557 5386 proprie,
2588 5326 2641 5370 et
2669 5315 2849 5387 primo
2875 5318 2986 5374 dux
3025 5328 3109 5375 est
3140 5322 3409 5390 omnium,
3445 5337 3743 5394 eorumque
3790 5342 3890 5380 cu-

692 5456 741 5495 ⁸⁶
773 5459 817 5514 ll
851 5459 977 5515 Cor.
1008 5474 1085 5526 tv,
1106 5455 1163 5512 7.
1241 5456 1285 5488 ³⁷
1327 5410 1519 5510 ἣίῖιιιὶι.
1553 5469 1688 5519 xvn,
1720 5452 1773 5508 4.
1853 5452 1901 5485 ⁸⁸
1932 5452 2067 5508 ibid.
2099 5452 2155 5509 5.

2300 5569 2536 5640 perium,
2572 5580 2629 5626 ut
2663 5571 2940 5641 colligitur
2974 5585 3040 5625 ex
3082 5569 3171 5637 iis,
3198 5586 3320 5641 qua:
3349 5571 3465 5641 ipse
3493 5571 3651 5628 habet
3670 5570 3738 5628 de
3780 5575 3889 5629 tui-

692 5574 772 5645 (ι)
815 5572 937 5629 Sint
964 5574 1103 5631 forte
1138 5574 1261 5631 duae
1284 5574 1368 5631 hat
1401 5571 1679 5645 orationes
1712 5570 1947 5645 duorum
1994 5578 2192 5645 au_cto-
2300 5570 2536 5645 perium,
2572 5580 2629 5626 ut
2663 5571 3040 5645 colligiturcx
3082 5570 3171 5645 iis,

2304 5644 2507 5699 raculis
2544 5643 2720 5699 sancti
2739 5640 3019 5699 Michaelis
3042 5641 3183 5712 apud
3197 5640 3458 5699 Suriu’m.

620 5638 776 5700 runt":
808 5660 872 5700 ac
900 5646 1160 5711 secunda,
1200 5646 1366 5714 priori
1393 5644 1641 5714 videatur
1690 5640 2011 5714 elegantior.
2051 5638 2193 5714 Pan-

625 5717 800 5771 taleon
833 5716 1022 5785 primat
1068 5709 1258 5773 auctor
1288 5716 1423 5777 vixit
1468 5712 1560 5767 diu
1598 5720 1723 5781 post
1760 5709 2060 5767 Theodorae
2091 5709 2195 5765 im-
