3934 6516
160 301 310 367 1261

1076 302 1339 365 SERMO
1370 304 1451 364 1N
1487 300 1722 363 resse
1755 301 1817 360 s.
1843 299 2260 365 menaeus
2300 306 2524 367 ARCH.

3299 306 3430 370 1262

152 434 285 475 rain
320 418 486 490 gerit,
516 426 568 473 et
614 416 697 473 eis
743 416 1037 489 providet’;
1062 426 1122 473 et
1156 419 1248 487 qui
1284 416 1579 488 cujuslibet
1611 413 1757 486 quod
1788 416 1833 473 Α
1858 413 1943 469 los
1970 413 2036 482 “,
2074 426 2130 471 et
2169 432 2294 473 cum
2325 418 2592 490 Seraphin
2622 422 2717 492 qui
2750 421 2942 479 habent
2980 439 3074 479 sex
3120 424 3237 482 alas
3264 427 3330 491 “,
3380 437 3434 483 et

152 511 379 566 dicitur
406 517 461 566 et
500 508 828 580 intelligitur
861 508 1091 575 bonum,
1136 518 1221 564 est
1256 508 1517 573 eﬁiciens,
1554 507 1755 576 imper-

152 604 337 667 tiens,
374 600 732 671 suppeditans
761 610 816 656 et
840 600 1016 672 prima
1050 615 1244 655 causa.
1293 599 1548 654 Secundo
1569 607 1753 653 autem

153 694 328 748 nobis
356 692 647 748 constituit
674 691 894 746 divinos
922 689 1145 760 angelos
1170 698 1225 745 et
1253 690 1632 761 archangelos,
1661 687 1753 759 qui

150 800 366 840 curam
396 792 652 855 gererent
675 792 731 839 et
759 791 1063 855 praeessent
1088 782 1276 853 generi
1308 782 1595 836 hominum
1623 795 1753 852 pro.

147 887 289 947 pter
320 877 623 933 bonitatem
657 874 968 930 naturalem
998 893 1011 929 :
1050 883 1110 929 ut
1140 874 1555 945 suppeditareut
1582 872 1756 928 homi-

154 968 334 1025 nibus
382 968 602 1023 divinos
631 967 856 1022 nuntios
887 975 943 1022 et
975 965 1140 1029 dona,
1194 973 1249 1019 et
1280 972 1673 1035 componerent
1700 974 1754 1019 et

148 1061 473 1132 dirigerent
496 1075 687 1115 eorum
714 1059 877 1113 vitam
912 1059 978 1113 ad
1005 1074 1067 1111 ea
1098 1073 1219 1128 qua:
1249 1066 1378 1113 sunt
1404 1057 1654 1112 meliora.
1688 1053 1755 1111 Et

152 1170 233 1208 ex
270 1152 477 1208 divinis
511 1153 732 1222 quidem
766 1163 818 1206 et
851 1151 1079 1206 inﬁnitis
1111 1152 1340 1221 angelis,
1364 1150 1500 1206 alios
1532 1151 1752 1222 quidem

156 1259 623 1314 unumquemque
657 1244 953 1313 unicuique
982 1258 1218 1313 praeesse
1248 1242 1511 1308 ﬁdelium,
1544 1254 1598 1299 et
1627 1258 1752 1299 eum

154 1352 362 1404 regere
395 1336 570 1405 jussit
596 1335 886 1401 Dominus,
920 1344 981 1390 ut
1006 1334 1137 1389 dicit
1185 1335 1238 1389 in
1270 1334 1474 1390 divinis
1507 1334 1753 1405 Evange-

157 1428 259 1484 liis
296 1446 309 1480 :
356 1447 374 1480 ι
432 1427 624 1484 V'idcte
654 1443 721 1483 ne
758 1428 1076 1498 despiciatis
1117 1443 1285 1482 unum
1317 1444 1381 1481 ex
1425 1428 1513 1483 his
1542 1428 1751 1499 parvis,

156 1523 435 1590 quoniam
486 1521 663 1592 angeli
708 1536 899 1575 eorum
938 1529 1200 1591 perpetuo
1239 1520 1517 1590 aspiciunt
1555 1521 1750 1577 faciem

153 1612 352 1669 Patris
393 1614 496 1667 mei
543 1613 634 1683 qui
680 1623 766 1668 est
818 1612 873 1667 in
905 1612 1065 1668 caelis
1093 1612 1159 1667 ³⁹.
1204 1631 1222 1664 ι
1258 1610 1523 1669 Similiter
1563 1624 1750 1669 autem

156 1709 315 1763 lianc
353 1721 572 1776 quoque
632 1705 923 1759 conﬁrmat
960 1704 1287 1759 sententiam
1352 1706 1571 1762 divinus
1623 1722 1750 1776 pro-

156 1798 335 1868 pheta
378 1794 570 1862 David,
604 1795 794 1850 dicens
827 1812 841 1848 :
901 1812 921 1846 c
958 1793 1038 1850 Ne
1072 1795 1168 1852 des
1209 1797 1259 1849 in
1317 1798 1743 1851 commotionem

156 1887 362 1960 pedem
396 1896 567 1954 tuum,
600 1895 655 1942 et
682 1901 790 1941 non
829 1885 1147 1942 dormitahit
1175 1888 1264 1958 qui
1298 1899 1349 1944 te
1378 1889 1615 1945 custodit
1636 1890 1681 1921 ³⁸
1718 1909 1737 1942 ι

158 1981 417 2045 angelus.

234 2074 391 2128 Alios
423 2081 626 2135 autem,
664 2081 724 2127 ut
754 2071 963 2127 alienas
1015 2081 1069 2127 et
1102 2071 1317 2141 ignotas
1363 2082 1557 2144 gentes
1594 2088 1748 2146 rege-

158 2175 315 2227 rent,
346 2174 405 2217 ut
435 2164 529 2232 qui
566 2164 749 2218 omnia
782 2163 1150 2229 adutinistret,
1182 2165 1471 2220 constituit
1508 2181 1610 2236 pro
1642 2182 1748 2222 nu-

161 2273 327 2310 mem
356 2256 624 2326 gentium,
658 2264 719 2309 ut
747 2271 888 2311 unus
936 2255 1161 2323 angelus
1200 2263 1367 2310 totam
1398 2265 1617 2327 gentem
1647 2272 1749 2327 gu-

158 2349 427 2404 bernaret
460 2367 473 2402 :
516 2349 792 2417 quomodo
836 2347 998 2404 etiam
1034 2347 1300 2419 scriptum
1332 2349 1502 2405 estin
1538 2351 1751 2406 cantico

159 2440 411 2495 Mosaico
445 2452 467 2494 :'
493 2458 513 2491 ε
550 2438 782 2506 Quando
804 2439 1080 2495 dividebat
1110 2440 1426 2496 Altissimus
1454 2450 1665 2511 gentes,
1692 2450 1749 2496 ut

158 2532 434 2602 dispersit
481 2532 623 2588 ﬁlios
662 2532 857 2587 Adami
897 2550 912 2586 :
957 2533 1151 2588 statuit
1199 2533 1464 2590 terminos
1503 2533 1747 2605 gentium

161 2626 477 2680 secundum
526 2640 818 2680 numerum
851 2625 1171 2696 angelorum
1206 2624 1301 2681 Dei
1333 2626 1399 2678 δι.
1442 2645 1461 2677 ι
1525 2623 1750 2682 Summe

156 2726 353 2771 autem
377 2716 746 2783 benedictum,
772 2726 827 2772 et
854 2718 1096 2788 undique
1123 2718 1548 2783 exaudiendum,
1570 2719 1751 2775 omni-

163 2823 281 2879 que
314 2824 382 2863 ex
437 2817 591 2879 parte
638 2807 1009 2863 venerandum
1059 2808 1269 2863 militiae
1298 2809 1599 2880 principem
1647 2808 1750 2864 Mi-

160 2900 440 2965 chaelem,
478 2901 764 2956 meliorum
796 2908 851 2955 et
878 2899 1144 2955 divinitus
1175 2900 1564 2972 inspiratorum
1597 2910 1653 2957 et
1686 2900 1751 2955 ﬁ-

162 2992 584 3047 delissimorum
617 2991 897 3047 hominum
954 3007 1078 3047 esse
1130 2992 1441 3062 prazsidem,
1477 3003 1531 3048 et
1557 3008 1750 3049 eorum

1857 507 2094 576 primum
2144 508 2323 565 locum
2363 511 2613 568 obtinent
2642 513 2781 569 inter
2809 516 2961 571 mille
3009 516 3180 572 millia
3204 559 3220 584 ,
3249 528 3304 574 et
3340 520 3435 576 de-

1856 599 1970 656 cies
2026 601 2174 658 mille
2234 603 2509 674 myriades
2565 608 2936 676 angelicorum
2992 609 3248 665 ordinum
3308 628 3323 666 :
3381 621 3435 667 ct

1856 693 2123 762 proxime,
2153 704 2213 751 et‘
2229 697 2364 751 citra
2391 696 2563 753 ullum
2594 708 2872 769 stuporem
2899 703 3050 757 canit
3071 710 3156 757 ter
3180 714 3430 759 sanctum

1856 796 1909 840 et
1938 786 2317 843 admirabilem
2360 790 2644 862 hymnum,
2694 793 2957 850 invehens
3001 796 3056 850 in
3090 796 3347 851 rebellem
3378 806 3435 852 et

1856 875 2309 935 seclestissimum
2348 879 2607 937 Satanam
2640 883 2707 949 ⁸⁷,
2761 885 2855 955 qui
2889 893 3148 956 tanquam
3187 886 3374 958 fulgur
3402 904 3434 942 e

1853 969 1996 1023 ccelo
2022 969 2075 1024 in
2102 978 2300 1026 terram
2331 971 2437 1028 fuit
2455 974 2698 1044 deiectus
2718 992 2841 1031 cum
2871 978 3170 1034 immundis
3194 991 3247 1035 et
3271 980 3433 1035 malis

1855 1058 1975 1130 ejus
2014 1061 2320 1130 Spiritibus.
2352 1063 2605 1134 Michael,
2637 1070 2729 1138 qui
2757 1077 2842 1124 est
2878 1073 3117 1127 maxima
3158 1082 3212 1127 et
3243 1074 3434 1130 claris-

1855 1138 1992 1205 sima
2034 1152 2191 1208 stella
2226 1155 2459 1226 angelici
2511 1159 2729 1214 decoris
2784 1172 2838 1216 et
2889 1164 3334 1231 pulchritudinis,
3377 1176 3433 1221 ct

1853 1243 1948 1312 qui
1977 1244 2153 1299 claras
2200 1248 2375 1302 reddit
2424 1263 2487 1304 ac
2526 1252 2845 1307 manifestas
2880 1270 3069 1311 omnes
3102 1257 3305 1312 diaboli
3342 1259 3431 1313 in-

1854 1334 2043 1400 sidias,
2072 1336 2166 1405 qui
2190 1337 2363 1392 Adam
2395 1354 2425 1393 e
2449 1334 2711 1409 paradiso
2742 1344 2976 1413 ejectum
3001 1346 3195 1403 fraude
3226 1350 3432 1406 dzemo-

1855 1425 1942 1481 nis
1976 1426 2182 1483 inimici
2212 1429 2504 1499 bonorum,
2538 1435 2691 1499 texit,
2737 1436 3002 1504 traduxit,
3025 1450 3080 1496 et
3121 1441 3346 1512 direxit,
3377 1454 3433 1501 et

1853 1534 1978 1574 eum
2012 1532 2212 1576 terram
2261 1523 2441 1595 ligone
2472 1526 2661 1583 docuit
2692 1528 2900 1596 fodere,
2948 1534 3333 1607 seminareque
3376 1552 3429 1596 et

1856 1619 2080 1676 metere,
2122 1624 2176 1669 et
2222 1613 2289 1668 ad
2344 1616 2573 1687 reliqua.
2613 1634 2735 1689 qua:
2780 1623 3067 1680 utilitatem
3111 1625 3430 1695 aﬂ'erebant,

1856 1701 2090 1759 instituit
2139 1721 2153 1758 :
2202 1714 2256 1759 et
2288 1714 2345 1760 ut
2380 1722 2504 1761 cum
2562 1708 2940 1769 benedictione
2987 1724 3042 1769 et
3089 1720 3432 1776 convenieuti

1852 1796 2153 1864 gratiarum
2184 1798 2418 1865 actione,
2449 1816 2577 1856 cum
2614 1803 2818 1859 sudore
2847 1823 2987 1876 pane
3021 1821 3333 1868 vesceretur
3355 1817 3435 1870 ef-

1850 1880 2017 1948 fecit;
2043 1892 2103 1937 ut
2130 1883 2224 1954 qui
2255 1899 2319 1940 ex
2352 1887 2551 1957 injuria
2573 1891 2621 1945 ei
2651 1894 2958 1965 contigerat
2994 1898 3199 1970 lapsus,
3226 1918 3323 1974 per
3351 1904 3433 1960 la-

1850 1971 2125 2029 boriosam
2168 1986 2222 2031 et
2267 1978 2375 2032 Deo
2412 1992 2620 2049 gratam
2667 1984 2879 2042 vivendi
2925 1990 3193 2048 rationem
3228 1971 3430 2055 rursus

1845 2064 2233 2136 corrigeretur.
2265 2067 2518 2136 Michael,
2546 2074 2643 2144 qui
2666 2086 2752 2132 est
2782 2093 2943 2136 verus
2973 2092 3027 2138 et
3050 2084 3301 2145 sincerus
3336 2091 3427 2147 Dei

1850 2174 2120 2227 assessor,
2150 2169 2205 2217 et
2237 2163 2388 2219 ducit
2417 2165 2641 2224 ordines
2687 2168 2950 2228 virtutum
3001 2177 3342 2250 caelestium;
3378 2197 3431 2240 et

1849 2262 1934 2306 est
1958 2254 2180 2324 sapiens
2203 2257 2541 2326 gubernator
2568 2274 2761 2317 eorum
2831 2265 2923 2335 qui
2969 2268 3023 2322 in
3054 2269 3225 2327 Deum
3256 2277 3432 2331 credi-

1846 2345 2068 2400 derunt.
2093 2345 2196 2414 Qui
2228 2348 2300 2418 pii
2322 2350 2649 2418 patriarcha!
2670 2354 2921 2425 Abrahae,
2947 2361 3049 2415 etsi
3080 2378 3187 2418 non
3216 2366 3429 2424 videre-

1849 2444 1963 2506 tur,
1993 2440 2277 2509 prohibuit
2301 2444 2541 2513 gladinm
2567 2446 2634 2509 “,
2662 2462 2733 2503 ne
2762 2460 3010 2519 tangeret
3077 2455 3186 2512 Deo
3212 2470 3425 2530 gratum

1850 2530 1971 2602 ejus
1997 2532 2168 2589 ﬁlium
2197 2534 2367 2601 Isaac,
2401 2548 2690 2611 postquam
2720 2545 2884 2616 230
2911 2552 3426 2619 apparuissetomui

1851 2639 1918 2680 ex
1940 2634 2092 2696 parte
2122 2628 2434 2687 absolutum
2463 2643 2517 2689 et
2555 2634 2665 2692 Deo
2696 2649 2911 2709 gratum
2942 2646 3269 2713 patriarchae
3298 2666 3426 2721 pro-

1851 2718 2091 2807 positum
2125 2736 2139 2775 :
2171 2732 2226 2776 et
2258 2724 2314 2777 in
2347 2739 2413 2779 eo
2446 2725 2724 2785 benedixit
2768 2749 2961 2791 omnes
3000 2750 3206 2810 gentes,
3246 2718 3432 2813 utpote

1850 2826 1916 2866 ex
1974 2827 2086 2883 quo
2163 2817 2463 2873 secundum
2526 2833 2751 2879 carnem
2827 2839 2974 2885 esset
3021 2835 3429 2902 germinaturus

1848 2902 2103 2961 Christus
2124 2922 2285 2965 verus
2312 2908 2455 2967 Deus
2478 2924 2533 2968 et
2558 2914 2813 2973 Servatur
2834 2932 3037 2978 noster.
3061 2924 3311 2993 Michael,
3340 2928 3429 2985 fax

1853 2998 2157 3057 clarissima
2209 3003 2590 3064 immaterialis
2640 3021 2695 3064 et
2737 3012 3033 3071 inaccessa:
3070 3018 3233 3086 lucis,
3265 3031 3319 3077 et
3350 3024 3430 3080 di-

166 3084 370 3139 salutis
396 3098 581 3139 curam
613 3097 803 3153 gerere
836 3083 1046 3137 voluit:
1078 3083 1354 3154 quomodo
1385 3082 1501 3153 ipse
1532 3083 1750 3138 univer-
1776 3092 1822 3153 α
1855 3089 2017 3148 vinus
2044 3092 2241 3150 ductor
2287 3098 2655 3168 angelicorum
2686 3105 2960 3161 ordinum.
2995 3108 3098 3177 Qui
3134 3082 3427 3184 legislatori

164 3190 364 3231 sarum
396 3174 537 3231 Deus
563 3174 703 3231 dixit
725 3174 860 3230 Mosi
891 3190 1174 3232 sacrorum
1202 3176 1522 3247 interprett:
1553 3197 1571 3232 ι
1606 3177 1751 3236 Vade

165 3267 237 3320 ad
266 3267 609 3322 Pharaonem
660 3283 839 3338 regem
886 3266 1128 3340 Egypti,
1160 3268 1453 3327 et‘eduees
1490 3273 1750 3343 populum

167 3374 357 3412 meum
393 3358 533 3412 ﬁlios
574 3357 738 3413 Israel
763 3374 829 3414 ex
862 3358 1098 3432 Egvpto
1129 3376 1146 3417 :
1175 3370 1232 3418 et
1258 3363 1466 3418 mittam
1498 3363 1749 3434 angelum

171 3464 358 3504 meum
393 3458 522 3504 ante
556 3448 749 3512 faciem
779 3461 952 3517 tuam,
988 3462 1051 3507 ut
1097 3454 1331 3509 deducat
1379 3455 1641 3526 populum
1694 3455 1750 3511 in

170 3552 377 3595 terram
429 3542 523 3596 tibi
567 3544 917 3612 promissam,
949 3560 1114 3615 quam
1150 3544 1333 3615 juravi
1380 3547 1630 3616 patribus
1659 3561 1750 3603 ve-

167 3630 306 3683 stris
335 3630 403 3685 “.
454 3647 473 3681 ι
511 3628 655 3696 Quin
709 3632 874 3687 etiam
923 3633 1186 3703 propheta
1217 3634 1403 3689 Daniel
1438 3636 1491 3690 iu
1540 3637 1753 3692 visione

169 3719 375 3789 angeli,
405 3721 615 3776 audivit
636 3738 760 3776 eum
792 3722 1063 3780 dicentem
1097 3741 1112 3780 :
1153 3743 1170 3777 ι
1206 3724 1466 3797 Princeps
1492 3743 1585 3783 seu
1610 3744 1750 3799 prae-

172 3825 263 3866 ses
295 3812 521 3883 angelus
555 3815 708 3884 regni
759 3813 1051 3871 Persarum
1089 3817 1287 3874 restitit
1324 3820 1459 3875 mihi
1493 3837 1559 3875 ne
1590 3837 1751 3877 revo-

171 3911 397 3957 caretur
438 3906 675 3974 populus
716 3904 887 3961 Israel
934 3921 1003 3962 ex
1049 3908 1365 3978 captivitate
1408 3908 1746 3982 Babylonis:

172 4009 279 4049 nec
314 4004 400 4049 est
434 3996 576 4051 ullus
615 3996 708 4066 qui
740 4013 837 4052 eos
873 4012 1087 4053 mecum
1115 4008 1352 4065 tueatur,
1392 4001 1496 4057 nisi
1522 4002 1750 4059 Michael

172 4086 431 4157 princeps
452 4096 631 4142 vester
661 4088 729 4144 “.
767 4108 785 4141 ι
825 4088 937 4145 Hoc
966 4102 1152 4147 autem
1185 4093 1364 4161 ipsum
1408 4095 1488 4149 sic
1531 4110 1750 4167 quoque

173 4176 347 4231 David
377 4189 563 4249 aperte
597 4181 911 4250 signiﬁcat:
943 4201 963 4229 σ
1000 4181 1494 4241 Castrametabitur
1524 4190 1749 4258 angelus

173 4269 395 4326 Domini
444 4273 496 4326 iu
551 4274 784 4330 circuitu
834 4275 1140 4331 timentium
1190 4293 1355 4343 eum,
1402 4289 1459 4335 et
1503 4280 1751 4337 liberabit

172 4379 272 4420 eos
305 4364 375 4419 “.
420 4384 439 4417 ι
483 4366 617 4433 Quis
653 4366 797 4422 enim
850 4376 960 4423 tam
1017 4378 1278 4425 strenuus
1328 4371 1568 4428 ﬁdelium
1618 4389 1748 4444 pro-

1852 3182 1991 3241 Mosi
2015 3201 2144 3243 oves
2172 3192 2416 3258 pascenti
2447 3193 2501 3247 in
2535 3204 2717 3251 monte
2746 3197 2947 3255 Clmrin
2980 3182 3247 3273 apparens
3280 3218 3429 3266 totus

1853 3275 1907 3330 in
1936 3277 2116 3333 medio
2146 3280 2264 3335 rubi
2294 3282 2359 3345 “,
2401 3298 2523 3338 eum
2570 3288 2760 3343 urebat
2790 3290 2908 3347 sine
2956 3294 3064 3349 ulla
3105 3296 3346 3365 laesione,
3374 3312 3429 3357 et

1853 3383 1962 3423 non
2013 3371 2371 3429 comburebat
2421 3378 2667 3445 omnino,
2712 3382 2865 3453 signa
2912 3390 3276 3447 sanctissima:
3323 3393 3427 3447 Ου-

1855 3463 2017 3519 mine
2043 3476 2244 3521 nostrae
2268 3467 2361 3522 Dei
2395 3472 2637 3538 parentis
2669 3475 3011 3544 signiﬁcans.
3045 3480 3299 3548 Michael,
3334 3490 3427 3558 qui

1851 3554 2039 3612 divino
2074 3567 2210 3612 nutu
2259 3560 2468 3631 primas
2506 3574 2688 3633 partes
2711 3567 2921 3625 obtinet
2964 3572 3108 3629 inter
3151 3575 3291 3647 ignis
3326 3554 3430 3635 nii-

1853 3646 2055 3704 nistros
2097 3664 2111 3702 :
2147 3657 2201 3705 et
2247 3660 2449 3708 terram
2507 3656 2641 3725 obit,
2684 3658 2919 3729 impleus
2965 3646 3297 3725 voluntatem
3334 3670 3429 3728 Dei

1851 3738 2276 3807 omnipotentem
2304 3759 2318 3807 ;
2350 3743 2498 3812 quia
2527 3748 2739 3804 ratione
2771 3751 3010 3808 alienum
3042 3758 3181 3813 vatis
3210 3758 3428 3817 Balaam

1851 3828 2129 3897 prohibuit
2168 3831 2426 3902 impetum
2453 3839 2685 3894 terribili
2734 3858 2834 3897 suo
2874 3845 3109 3903 adventu
3134 3851 3180 3881 '°
3219 3870 3236 3905 :
3268 3869 3427 3923 quem

1850 3923 2015 3979 etiam
2042 3939 2167 3981 cum
2198 3928 2421 3984 vidisset
2449 3931 2603 3987 asina
2631 3945 2683 3988 et
2722 3936 3020 4004 timuisset,
3050 3944 3279 4004 rationis
3304 3965 3432 4019 par-

1851 4014 2015 4084 ticipe
2036 4030 2169 4071 voce
2189 4031 2375 4073 senem
2408 4034 2679 4079 amentem
2702 4029 2961 4085 correxit.
2980 4031 3230 4103 Michael,
3258 4014 3396 4108 auge
3412 4069 3426 4080 -

1851 4105 2028 4161 lorum
2068 4106 2262 4164 ductor
2314 4110 2472 4182 longe
2513 4115 2791 4173 maximus
2833 4128 2889 4174 et
2935 4105 3427 4185 excellentissimus

1850 4198 2100 4254 minister
2129 4199 2327 4257 divina:
2359 4202 2492 4273 legis
2537 4223 2659 4276 quae
2684 4209 2810 4265 data
2832 4211 2933 4269 fuit
2964 4215 3016 4269 in
3053 4228 3237 4276 monte
3263 4220 3423 4289 Sina;

1850 4289 1944 4359 qui
1978 4305 2101 4346 cum
2134 4293 2324 4349 famuli
2353 4292 2448 4351 Dei
2488 4296 2651 4355 Mosis
2682 4302 2925 4359 animam
2975 4310 3297 4380 accepisset,
3323 4315 3425 4369 ob-

1852 4399 2075 4440 scurum
2106 4394 2160 4441 et
2184 4387 2475 4444 exitiosum
2500 4391 2776 4451 diabolum
2799 4397 2867 4452 de
2893 4398 3014 4466 ejus
3045 4417 3277 4473 corpore
3299 4420 3423 4461 cum

172 4465 452 4528 ρυειιειοτ
476 4457 767 4527 ῑηδίεηῖιθι·
787 4462 1062 4529 ailllam“.
1091 4460 1301 4517 Veteris
1321 4472 1377 4519 θι
1407 4461 1544 4521 NO"i
1565 4465 1753 4522 Τεεω·
1782 4461 1830 4518 Ῐ)
1854 4478 1974 4549 ipso
2002 4493 2197 4537 ausum
2254 4481 2418 4539 verba
2471 4482 2743 4555 conferre,
2790 4457 3007 4550 cessare
3057 4457 3186 4553 fecit
3229 4505 3285 4553 et
3315 4499 3425 4554 cito

173 4548 348 4603 menti
388 4550 721 4606 intercessor
761 4551 1225 4609 illuminationum
1255 4572 1273 4623 ;
1308 4571 1525 4628 semper
1567 4567 1748 4615 castra

170 4640 363 4697 locans
396 4642 451 4696 in
480 4642 711 4698 circuitu
747 4644 1011 4713 ﬁdelium,
1043 4654 1097 4701 et
1127 4648 1227 4703 nds
1262 4649 1535 4706 redimens
1568 4665 1599 4705 a
1628 4652 1751 4708 telis

170 4733 371 4798 Belial,
406 4744 461 4790 et
490 4736 737 4791 omnium
784 4737 1134 4795 inimicorum
1171 4751 1485 4797 nostrorum
1516 4744 1611 4815 qui
1646 4745 1748 4800 sub

168 4833 402 4895 aspectu
442 4826 647 4882 cadunt
677 4836 733 4882 et
765 4843 873 4883 non
904 4828 1132 4896 cadunt,
1180 4842 1239 4887 ut
1278 4832 1530 4903 Michael,
1569 4835 1748 4894 dulcis

168 4928 365 4969 revera
393 4929 483 4970 res
511 4923 564 4969 et
591 4916 834 4971 nomen?

242 5005 502 5071 Michael,
532 5008 627 5078 qui
659 5009 821 5078 plane
865 5019 949 5065 est
997 5011 1191 5081 plenus
1217 5014 1418 5084 pietate
1448 5017 1749 5091 archange—

170 5098 323 5165 lica;
353 5099 447 5169 qui
496 5110 714 5171 propter
738 5117 858 5158 eam
904 5119 1026 5174 quae
1056 5109 1310 5163 convenit
1356 5108 1409 5163 in
1459 5111 1748 5169 Dominum

174 5190 563 5258 reverentiam,
596 5192 853 5263 pietatem
881 5205 937 5251 et
964 5197 1102 5267 grati
1131 5198 1297 5253 animi
1328 5200 1581 5257 virtutem
1611 5204 1746 5259 inef-

173 5278 423 5348 fabilem,
457 5290 513 5336 et
561 5298 684 5353 quae
737 5286 938 5341 mutari
996 5303 1106 5342 non
1167 5298 1343 5360 potest
1390 5294 1744 5353 stabilitatem

176 5387 350 5441 prope
395 5373 655 5429 thronum
698 5376 906 5433 assistit
942 5378 1285 5437 Dominicqu
1328 5384 1660 5445 horrendum
1699 5400 1754 5446 et

175 5465 505 5533 terribilem,
556 5481 682 5525 cum
712 5467 989 5526 Cherubin
1019 5474 1114 5544 qui
1147 5476 1349 5532 multos
1382 5478 1583 5538 habent
1616 5499 1752 5539 ocu-

250 5598 297 5633 ³⁸
330 5598 519 5655 Matth.
557 5619 709 5669 xvut,
752 5606 838 5661 10.

942 5608 987 5641 ⁸⁸
1004 5607 1162 5681 APsal.
1200 5627 1327 5681 cxx,
1366 5616 1419 5670 5.

179 5668 270 5723 15.
348 5670 393 5700 ⁸⁵
428 5670 573 5726 Psal.
607 5668 803 5739 χχχιιι,
841 5676 894 5732 8.

1000 5679 1045 5713 ⁸⁸
1076 5680 1273 5737 Ezech.
1310 5679 1349 5746 ι,
1392 5687 1475 5740 18.

1526 5618 1583 5693 ⁸⁸,
1604 5620 1760 5693 Deut.
1800 5643 1978 5693 χχχιι,
2043 5627 2095 5683 8.

182 5690 270 5723 ιο.
348 5690 393 5700 τ’
428 5690 573 5726 rsat.
607 5690 803 5739 χχχιιι,
841 5690 894 5732 δ.
1000 5690 1045 5713 "
1076 5690 1273 5737 Ezech.
1310 5702 1349 5746 ι,
1392 5690 1475 5740 18.
1571 5690 1619 5722 ⁸⁸
1649 5693 1749 5747 Ιειι.

182 5753 267 5807 ιιι,
296 5741 346 5795 2.
422 5742 468 5773 "
498 5740 661 5798 Num.
694 5761 831 5813 χχιι,
857 5747 948 5804 25.
1021 5751 1063 5782 ⁸¹
1094 5749 1245 5807 Judai
1270 5753 1321 5808 9.
1367 5756 1409 5787 ‘"
1433 5757 1595 5816 Josuc
1622 5778 1676 5829 v,
1718 5765 1737 5818 l

1862 5699 1961 5759 .5-

1850 4580 2177 4629 ev‘anescere
2207 4572 2274 4628 ".
2323 4605 2327 4609 -

1922 4659 2170 4726 Michael,
2209 4663 2303 4734 qui
2332 4664 2377 4720 si
2429 4665 2483 4722 id
2516 4666 2911 4740 interpreteris,
2948 4677 3148 4735 dicitur
3177 4682 3272 4739 Dei
3315 4684 3425 4741 dux

1849 4759 1905 4806 et
1931 4753 2224 4821 exercitus,
2259 4766 2314 4812 et
2343 4756 2679 4820 fortissimus
2716 4779 2989 4839 pugnator
3022 4782 3076 4827 et
3108 4788 3423 4847 propugna-

1850 4852 1935 4900 tor
1960 4859 2151 4903 eorum
2179 4848 2273 4918 qui
2305 4865 2456 4921 spem
2489 4855 2763 4912 collocant
2792 4859 2847 4914 in
2882 4862 3111 4919 Domino
3142 4886 3156 4922 :
3190 4876 3244 4923 et
3272 4871 3428 4925 llam-

1855 4953 1974 4995 mea
2017 4943 2291 5012 romphaea
2319 4960 2441 5014 qua:
2472 4946 2673 5002 scindit
2710 4951 3145 5013 machinationes
3169 4960 3426 5017 adversa»

1856 5031 2088 5097 riorum,
2124 5043 2234 5088 tam
2264 5049 2453 5090 eorum
2501 5038 2596 5107 qui
2638 5041 2739 5094 sub
2780 5041 3210 5117 intelligentiam,
3259 5068 3421 5122 quam

1853 5138 2042 5179 eorum
2069 5126 2159 5195 qui
2182 5126 2380 5182 cadunt
2405 5128 2506 5182 sub
2529 5145 2749 5186 sensum
2776 5150 2790 5199 ;
2817 5134 2904 5204 qui
2928 5135 3057 5193 Jcsu
3082 5138 3226 5197 Nave
3251 5146 3425 5203 aciem

1853 5215 2104 5287 dirigenti
2132 5226 2318 5272 contra
2349 5219 2693 5278 adversarios
2721 5224 2870 5281 visus
2903 5238 2986 5283 est
3011 5233 3199 5289 stricto
3224 5237 3422 5306 gladio,

1855 5313 1909 5359 et
1940 5321 2064 5361 eum
2096 5306 2295 5361 terruit
2335 5307 2437 5363 hoc
2470 5309 2651 5367 alieno
2679 5322 2731 5368 et
2762 5317 2984 5372 terribili
3012 5327 3346 5391 spectaculo,
3375 5340 3428 5384 ιιι

1861 5397 2106 5451 hortatus
2148 5404 2232 5451 est
2272 5405 2331 5453 ut
2368 5414 2589 5456 manum
2639 5419 2966 5475 consereret,
3011 5422 3064 5467 et
3115 5418 3428 5476 concideret

1859 5489 2113 5561 inimicos
2150 5488 2240 5545 Dei
2271 5490 2456 5547 hostes
2489 5494 2556 5548 ⁸³.
2598 5494 2846 5566 Michael,
2886 5503 3130 5560 omnium
3172 5522 3427 5579 suprema

2198 5628 2242 5661 ιι
2277 5629 2686 5714 Romaniut”.
2738 5651 2929 5701 χχχιιι,
2967 5640 3055 5696 20.
3136 5645 3181 5677 ⁸³
3211 5648 3342 5705 llau.
3373 5670 3423 5714 χ.

2078 5699 2121 5729 ⁸⁷
2157 5696 2287 5754 Luc.
2322 5716 2374 5765 χ,
2410 5701 2495 5754 18.
2550 5696 2606 5734 θη
2647 5696 2780 5761 (ἔθη.
2817 5696 2992 5776 coxit,
3032 5715 3116 5769 15.
3183 5696 3226 5750 δέ
