4098 6490
579 298 713 363 1363

571 416 863 486 ignemque
893 413 1074 470 ferens
1098 415 1315 483 lampas
1339 414 1659 480 divinitatis,
1697 433 1819 487 qua:
1848 417 2153 487 estprinci-
2180 420 2224 476 Α

571 512 720 580 pium
775 510 933 576 lucis,
984 508 1254 579 unicaque
1291 519 1346 564 et
1386 510 1527 565 trina
1582 520 1635 565 et
1676 511 1895 567 subtilis
1944 521 2154 567 naturae

570 601 895 658 constitutio
932 618 945 656 :
978 601 1073 672 qui
1105 612 1260 656 terra:
1287 601 1421 658 lines
1450 602 1566 657 obit
1594 602 1865 669 celeriter,
1889 612 1944 659 et
1972 604 2058 674 pie
2087 606 2152 659 iis

569 695 770 765 quibus
830 694 948 749 vult
1012 694 1153 750 Deus
1206 705 1357 750 muta
1414 695 1587 765 ﬁgura
1638 708 1883 766 apparet.
1926 697 2031 764 Qui
2084 700 2151 754 ad

570 786 882 840 tledeonem
906 785 1105 841 solaris
1132 786 1309 841 instar
1340 787 1480 841 radii
1511 788 1677 852 venit,
1703 799 1755 843 et
1783 789 1853 844 ab
1881 790 1999 859 ipso
2032 800 2152 845 tan-

568 892 732 946 quam
765 876 984 931 divinus
1020 886 1072 931 et
1106 877 1347 932 cmlestis
1381 879 1607 949 angelus
1639 880 1742 933 fuit
1763 882 2025 936 adoratus
2057 900 2071 936 :
2099 893 2153 937 et

569 967 731 1035 ignea
774 967 924 1037 virga
954 976 1214 1037 tanquam
1264 968 1647 1024 holocaustum
1693 974 2036 1043 consumpsit
2070 973 2149 1027 ei-

572 1062 698 1113 tum
738 1076 900 1124 quem
933 1060 1237 1127 obtulerat;
1277 1070 1330 1115 et
1360 1076 1485 1116 eum
1511 1079 1633 1117 cum
1670 1065 1927 1119 trecentis
1972 1067 2149 1121 solum

569 1152 963 1222 impotentibus
1027 1152 1405 1208 corroboravit
1452 1156 1717 1211 adversus
1766 1157 2005 1212 maxime
2048 1158 2152 1212 im-

570 1244 714 1314 piam
749 1254 803 1299 et
848 1244 1114 1300 inﬁnitam
1173 1245 1593 1302 Madianitarttm
1645 1250 2048 1306 multitudinem
2081 1253 2146 1304 ⁸³.

569 1338 821 1404 Michael,
850 1340 1087 1394 maxime
1117 1340 1463 1410 perspicuum
1496 1342 1979 1412 purissimumque,
1998 1352 2051 1398 et
2083 1346 2151 1399 ab

569 1430 722 1485 onmi
747 1432 966 1486 macula
1013 1432 1251 1486 alienum
1289 1434 1573 1502 speculum
1624 1434 1917 1490 ineﬂ‘abilis
1962 1446 2016 1490 et
2047 1436 2151 1491 im-

569 1539 772 1580 menste
822 1524 1247 1595 pulchritudinis
1304 1526 1474 1580 divini
1524 1535 1577 1581 et
1608 1510 1849 1583 lifontani
1904 1531 2037 1585 radii
2097 1544 2151 1587 et

569 1617 905 1686 splendoris;
938 1627 991 1672 et
1021 1627 1239 1672 acutum
1281 1619 1449 1673 telum
1488 1620 1725 1688 potentis
1760 1630 1815 1676 et
1845 1623 2026 1693 magni
2064 1640 2149 1680 re-

568 1707 650 1778 gis
679 1705 796 1762 Dei.
834 1705 938 1773 Qui
967 1709 1247 1777 prophetae
1270 1706 1483 1763 Nathan
1507 1712 1761 1781 apparuit
1790 1715 2146 1783 resplenden-

566 1808 677 1853 tem
709 1808 902 1854 tenens
955 1801 1221 1865 lanceam,
1264 1810 1318 1856 et
1355 1801 1405 1856 ei
1439 1803 1679 1856 animum
1725 1805 1933 1861 addidit
1960 1808 2027 1862 ad
2061 1823 2149 1862 ar-

567 1893 841 1964 guendum
878 1891 968 1947 Dei
998 1901 1277 1963 parentem
1322 1894 1510 1959 David,
1553 1907 1775 1967 propter
1807 1898 2017 1971 lapsum
2051 1903 2144 1970 qui

567 1983 891 2038 acciderat:
942 1992 995 2037 et
1048 1985 1158 2038 cito
1205 1992 1265 2038 ut
1307 1985 1575 2039 bonorum
1627 1986 1838 2040 amicus
1898 1990 2143 2056 recessit,

567 2078 809 2146 quando,
849 2095 866 2128 ι
896 2074 1121 2131 Peccavi
1155 2076 1384 2132 Domino
1404 2076 1472 2143 “,
1512 2096 1531 2130 ι
1566 2093 1631 2133 ex
1664 2078 1936 2148 profundo
1962 2082 2146 2137 cordis

564 2184 597 2225 a
629 2169 799 2225 David
833 2185 955 2242 rege
984 2169 1174 2225 audiit.

2181 1761 2223 1815 Β

634 2306 868 2361 Michael
895 2321 1089 2376 purum
1113 2314 1167 2361 et
1192 2320 1362 2376 capax
1392 2308 1794 2377 receptaculum
1822 2307 2146 2365 beatissima:

565 2404 705 2461 lucis
731 2403 1035 2466 effusionis,
1067 2410 1119 2457 et
1148 2402 1344 2457 divinae
1373 2401 1815 2467 illuminationis,
1844 2410 1900 2457 et
1943 2405 2145 2460 acutis-

565 2497 740 2551 simus
770 2505 825 2549 et
849 2493 1263 2564 pernicissimus
1292 2492 1505 2562 gladius
1536 2492 1590 2546 in
1621 2508 1716 2548 eos
1755 2495 1848 2563 qui
1893 2494 2145 2564 blaspheu

566 2595 719 2642 mant
748 2586 1058 2642 Dotuinum.
1090 2584 1194 2652 Qui
1219 2595 1438 2639 centum
1468 2592 1523 2638 et
1555 2585 1951 2656 quinquaginta
1984 2588 2144 2656 quin.

566 2694 673 2751 que
706 2678 877 2734 millia
925 2676 1246 2733 exsecrandi
1296 2685 1352 2731 et
1397 2676 1548 2746 impii
1596 2676 1969 2734 Sennachcrib
1999 2681 2143 2752 regis

564 2770 916 2843 Assyriorum
960 2769 1016 2823 in
1056 2784 1166 2823 uno
1193 2778 1471 2823 momento
1502 2778 1667 2825 noctu
1707 2770 2089 2829 morte‘aﬂ'ecit
2125 2793 2138 2829 :

565 2873 618 2918 et
648 2863 716 2917 ab
742 2863 862 2932 ejus
890 2861 1167 2932 tyrannide
1194 2860 1445 2915 liberavit
1467 2860 1615 2930 pittm
1640 2877 1819 2932 regem
1851 2862 2138 2918 Ezechiam

565 2970 688 3009 cum
724 2954 940 3008 civitate
966 2951 1269 3007 Jerusalem
1291 2953 1358 3006 ⁸⁸.
1394 2952 1643 3019 Michael,
1678 2955 1768 3024 qui
1808 2964 1892 3009 est
1924 2955 2141 3011 lucidus

564 3056 620 3102 et
654 3047 896 3101 candens
930 3045 1190 3115 Spiritus,
1224 3045 1535 3115 multosque
1582 3046 1793 3103 habens
1845 3050 2033 3106 oculos
2084 3060 2139 3106 et

564 3137 997 3207 potentissimus.
1029 3147 1081 3191 et
1110 3138 1181 3191 ab
1209 3136 1360 3191 omni
1393 3138 1660 3193 materiali
1688 3142 2029 3210 apparitione
2059 3159 2144 3197 re-

565 3237 772 3295 tnotus,
803 3237 856 3283 et
889 3228 1093 3282 nullam
1128 3229 1355 3283 omnino
1384 3229 1679 3285 admittens
1709 3234 2139 3303 corruptionem;

565 3319 660 3390 qui
708 3336 815 3374 una
844 3334 969 3373 cum
998 3319 1193 3373 Azaria
1221 3327 1276 3373 et
1307 3319 1535 3389 reliquis
1571 3322 1870 3392 symbolice
1900 3326 2142 3381 ascendit

567 3412 622 3465 in
670 3410 949 3466 fornacem
978 3425 990 3461 :
1020 3418 1075 3465 et
1110 3420 1222 3465 tres
1269 3412 1504 3467 maxime
1540 3413 1660 3482 pios
1689 3430 1891 3484 pueros
1940 3417 2141 3474 illzesos

568 3503 913 3559 conservavit
957 3513 1058 3558 :et
1108 3503 1291 3558 divina
1342 3505 1525 3573 specie
1571 3517 1898 3576 conspectus
1938 3525 1968 3564 a
2018 3528 2143 3582 rege

568 3596 1095 3661 Nabuchodonosor,
1118 3610 1238 3649 eum
1270 3610 1464 3666 magna
1488 3594 1665 3651 all‘ecit
1689 3600 2138 3659 admiratione“.

565 3685 1249 3756 Michael,quiversaturin
1281 3685 1455 3750 ccelis,
1480 3688 1801 3744 etaetherem
1823 3693 1993 3748 ambit
2023 3704 2143 3750 tan-

566 3793 731 3850 quam
762 3760 949 3845 pern‘tx
975 3774 1183 3845 fulgur;
1210 3783 1264 3830 et
1290 3776 1603 3833 universam
1625 3793 1746 3847 quae
1768 3792 1852 3836 est
1873 3783 1976 3838 sub
2001 3787 2141 3840 coelo

568 3883 768 3925 terram
806 3881 915 3920 uno
965 3876 1243 3921 momento
1292 3868 1556 3936 pervadit,
1611 3869 1840 3941 piosque
1874 3875 1968 3941 qui
2008 3874 2141 3931 aﬂli-

566 3971 768 4033 guntur
796 3959 963 4022 addit,
999 3964 1211 4012 recreat
1242 3967 1295 4011 et
1317 3958 1669 4028 consolatur;
1692 3962 1784 4030 qui
1820 3965 2139 4035 prophetam

565 4052 843 4107 Danielem
874 4050 929 4104 in
961 4050 1140 4104 lacum
1190 4065 1285 4119 per
1318 4049 1575 4121 injuriam
1625 4055 1934 4124 conjectum
1966 4059 2138 4113 celer-

563 4144 705 4197 rime
731 4141 1096 4208 conservavit,
1126 4150 1180 4196 et
1208 4156 1475 4196 saevorum
1510 4143 1728 4198 leonum
1770 4161 1866 4203 ora
1898 4147 2139 4219 refrena-

563 4236 674 4297 vit;
717 4244 771 4289 et
818 4232 1095 4287 llabacum
1141 4233 1344 4303 rapuit,
1386 4243 1439 4288 et
1477 4235 1541 4289 ad
1574 4251 1701 4290 eum
1738 4254 1862 4292 cum
1894 4240 2017 4295 cibo
2042 4256 2141 4311 pa-

563 4340 685 4382 rato
707 4344 736 4381 a
765 4326 1051 4381 Palaestina
1087 4326 1311 4381 adduxit
1350 4325 1679 4397 Babylonem
1705 4340 1757 4385 et
1788 4346 1913 4387 eum
1947 4350 2139 4392 rursus
2171 4320 2214 4375 Ῐ)

563 4430 785 4490 repente
817 4420 870 4473 in
904 4433 1064 4472 suum
1093 4417 1276 4471 locum
1305 4420 1541 4474 restituit
1572 4421 1637 4476 ⁸⁷.
1672 4420 1902 4479 Michael
1931 4427 2026 4497 qui
2057 4438 2140 4484 est

563 4526 797 4580 magnus
829 4509 1081 4580 princeps
1135 4510 1501 4581 angelicorum
1533 4515 1874 4572 exercituum
1907 4528 1961 4574 et
1988 4521 2136 4577 ordi-

564 4617 694 4656 num
741 4601 1263 4672 archangelicorum,
1295 4602 1734 4676 beatissimaaque
1762 4619 1817 4663 et
1856 4611 2136 4669 immense

562 4692 792 4763 legionis
842 4691 1318 4761 incorporearum;
1359 4703 1414 4748 et
1441 4695 1533 4765 qui
1586 4696 1690 4753 fuit
1724 4704 1922 4758 veteris
1972 4704 2137 4761 Israel

562 4792 743 4839 rector
771 4784 865 4838 illo
917 4792 1181 4853 tempore,
1223 4799 1414 4841 recens
1444 4798 1625 4842 autem
1659 4790 1814 4846 electi
1850 4808 1880 4847 a
1912 4795 2133 4854 Christo

562 4876 930 4948 cognominati
982 4875 1195 4934 lsraetis
1234 4878 1347 4933 dux
1389 4880 1787 4950 validissimus,
1837 4896 1891 4941 et
1946 4898 2134 4946 custos

562 4970 890 5036 tutissimus,
918 4978 973 5025 et
1002 4970 1193 5025 doctor
1221 4968 1314 5026 Dei
1348 4981 1769 5044 praeceptorum.
1801 4976 1904 5045 Qui
1937 4980 2135 5039 Persa-

562 5078 683 5117 rum
713 5063 999 5133 praesidem
1033 5063 1280 5134 angelum
1306 5067 1675 5136 resistentem,
1709 5086 1777 5127 ne
1803 5087 1834 5127 a
1864 5072 2137 5146 Babylone

562 5154 922 5209 liberarentur
952 5153 1147 5224 captivi
1184 5153 1464 5224 lsraelitae,
1507 5161 1703 5229 repulit
1736 5172 1993 5236 tanquam
2033 5170 2131 5224 ad—

561 5245 863 5301 versarium
898 5261 911 5300 :
940 5254 994 5299 et
1029 5246 1273 5315 captivos
1311 5249 1404 5318 qui
1441 5253 1786 5323 septuaginta
1816 5271 1991 5315 annos
2034 5262 2135 5317 mi-

634 5357 680 5388 υ
718 5355 894 5411 Judic.
931 5359 1123 5425 νι,12,
1162 5359 1253 5413 at.

560 5427 809 5510 §l_seqq.
921 5428 966 5458 ⁸⁸
1005 5427 1136 5510 Dan.
1173 5446 1227 5495 x,
1266 5431 1339 5510 13_
1363 5446 1515 5510 sneqq.
1621 5427 1681 5510 3f
1711 5427 1871 5510 Joan.
1908 5427 1961 5510 ἦ,
1996 5427 2052 5500 4.

562 5498 607 5528 ⁶²
641 5494 830 5553 Matth.
864 5513 1012 5563 xxtv,
1051 5499 1085 5551 3
1111 5515 1285 5570 seqq.;
1321 5500 1340 5554 l
1369 5494 1494 5558 Cor:
1536 5521 1623 5573 xv,
1665 5508 1752 5563 51.

634 5589 708 5660 (2)
740 5589 1015 5673 Miracula
1046 5593 1120 5673 in_
1150 5596 1410 5673 archippo
1460 5601 1644 5669 templi
1671 5602 1916 5659 Cerifero
1960 5604 2125 5673 facta,

561 5672 687 5744 cum
710 5661 1071 5744 reliquis‘l‘iic.
1108 5661 1603 5744 insittuat:is,__seu'_
1630 5686 1753 5744 quae
1798 5676 1991 5744 angelo
2023 5661 2124 5730 tri:

560 5729 901 5812 ινξιξψιηιιςὶι]
953 5733 1259 5812 Scriptura,
1306 5736 1551 5812 pluribus
1590 5729 1733 5812 idem
1798 5729 2118 5812 Pantaleon,

560 5809 613 5852 et
645 5797 1112 5872 Mutapltrastesde
1132 5797 1408 5860 miraculis
1439 5807 1492 5860 in
1534 5811 1751 5879 regione
1793 5797 2117 5871 (Ilion—ens};

1708 304 2157 366 PANTALEON
2171 304 2237 365 lS
2265 304 2578 368 DIACONI
2615 307 2723 367 CP-

1386 5361 1502 5451 ’ξι-ιι
1540 5364 1673 5451 Regz
1721 5383 1839 5451 'xn,
1873 5373 1925 5437 1,
1958 5373 2047 5451 εξ.
2124 5377 2278 5451 συΑιγ-
2309 5377 2440 5451 Reg.
2482 5398 2596 5449 xix,
2622 5384 2710 5440 55.

2183 5448 2228 5480 ⁶⁰
2255 5448 2373 5505 Jac.
2394 5448 2452 5518 ἰ,
2491 5453 2573 5523 ιἹ.

3714 314 3869 379 1264

2257 430 2379 472 sere
2408 416 2581 471 habiti
2615 416 2869 483 fuerant,
2898 416 2957 471 in
2994 418 3274 489 regionem
3310 419 3542 490 patriam
3580 424 3867 481 restituit.

2256 518 2475 578 propter
2506 510 2788 564 assiduam
2826 525 2953 564 cum
2987 512 3296 565 vehementi
3323 512 3533 583 jejunio
3583 526 3633 569 ct
3662 518 3873 571 multis

2254 601 2515 673 lacrymis
2549 601 2721 657 divini
2754 601 3000 658 Danielis
3027 606 3307 673 propheta:
3342 622 3440 675 pro
3473 608 3551 661 eis
3581 611 3646 662 ad
3678 609 3867 663 Deum

2252 694 2626 764 precationem
2655 696 2721 748 ⁵⁸.
2765 694 3021 759 Michael,
3048 696 3141 765 qui
3169 707 3253 751 est
3278 712 3307 750 a
3356 696 3468 753 Deo
3508 701 3869 754 constitutus

2252 801 2502 841 assessor
2566 786 2813 857 mystica:
2845 786 3153 851 Trinitatis,
3196 790 3871 858 mystaqueilluminator

2251 885 2305 930 et
2353 877 2598 932 initiator
2650 892 2903 947 superna:
2961 877 3307 944 hierarChize,
3358 889 3411 934 et
3464 880 3670 936 Veteris
3704 885 3867 951 quod

2251 967 2520 1037 praeteriit
2542 966 2901 1031 Testamenti,
2930 977 2985 1023 et
3007 966 3174 1024 Novae
3196 979 3399 1025 nostra:
3428 972 3614 1027 electa:
3638 973 3865 1028 Christi

2254 1060 2611 1116 hazreditatis.
2670 1058 2779 1126 Qui
2844 1058 3143 1131 prohaticab
3208 1064 3433 1132 piscinae
3482 1077 3617 1134 quot
3680 1067 3859 1121 annis

2252 1166 2426 1222 aquas
2457 1151 2838 1208 sanctiﬁcabat
2873 1154 2927 1207 in
2960 1152 3194 1224 ﬁguram
3228 1155 3397 1209 divini
3433 1157 3790 1226 baptismatis
3838 1174 3856 1213 :

2251 1251 2306 1297 et
2338 1243 2386 1296 ei
2422 1242 2517 1314 qui
2552 1244 2761 1313 primus
2797 1244 2849 1297 in
2881 1259 3001 1299 eam
3055 1245 3442 1313 descendebat,
3482 1251 3670 1303 statim
3708 1266 3863 1319 pra-

2250 1333 2413 1388 hebat
2445 1335 2810 1400 curationem,
2866 1350 3200 1407 quocunque
3239 1339 3435 1394 morbo
3463 1350 3748 1396 teneretur
3778 1345 3857 1397 ”.

2250 1423 2481 1481 Michael
2510 1426 2604 1496 qui
2638 1435 2722 1481 est
2753 1428 3065 1496 speciosum
3094 1435 3149 1481 et
3196 1430 3437 1485 maxime
3462 1432 3757 1498 decorum,
3799 1445 3862 1487 et

2251 1519 2399 1589 quod
2427 1534 2534 1573 non
2568 1519 2768 1574 occidit
2790 1521 3060 1576 luminare
3084 1522 3254 1577 totius
3284 1524 3430 1578 orbis
3456 1533 3613 1580 teme
3638 1527 3737 1595 qui
3765 1536 3860 1580 est

2252 1611 2354 1666 sub
2382 1611 2546 1666 caalo.
2582 1611 2738 1683 Ignea
2776 1622 2829 1667 et
2860 1629 3023 1666 manu
3082 1628 3190 1668 non
3228 1624 3543 1671 constructa
3582 1620 3855 1673 columna

2252 1714 2454 1758 sanctae
2473 1711 2526 1758 et
2550 1704 2863 1773 apostolicae
2893 1705 3152 1760 Ecclesiae
3186 1725 3200 1761 :
3234 1707 3351 1760 auri
3376 1709 3614 1777 speciem
3640 1725 3759 1779 pra:
3788 1726 3858 1766 se

2251 1794 2490 1849 ferentes
2513 1802 2567 1849 et
2591 1794 2662 1849 ad
2682 1796 2880 1850 cmlutn
2913 1813 3087 1866 usque
3117 1800 3497 1869 magnitudine
3526 1802 3859 1873 pertingen-

2250 1897 2331 1942 tes
2368 1887 2553 1953 scalae,
2591 1902 2687 1957 per
2715 1903 2852 1958 quas
2880 1889 3165 1944 descendit
3195 1892 3376 1948 omnis
3409 1893 3557 1947 datio
3586 1896 3756 1961 bona,
3791 1906 3854 1951 et

2249 1995 2416 2035 omne
2443 1980 2648 2035 donum
2673 1980 2975 2050 perfectum
3007 1982 3075 2048 °°,
3106 1983 3237 2052 quid
3266 1984 3502 2040 mittitur
3531 2002 3563 2040 a
3596 1988 3851 2043 beneﬁca

2248 2078 2305 2125 et
2351 2069 2623 2125 bonorum
2666 2070 2939 2140 largitrice
2990 2080 3208 2136 natura,
3262 2074 3327 2127 ad
3382 2075 3529 2130 viros
3563 2076 3741 2132 bonos
3790 2089 3852 2132 et

2248 2159 2461 2215 honesti
2491 2168 2765 2215 amatores
2791 2161 2843 2215 in
2874 2168 3017 2216 terra
3040 2201 3054 2226 ,
3084 2162 3178 2233 qui
3209 2163 3261 2217 in
3293 2165 3547 2219 columna
3578 2168 3724 2239 ignis
3744 2184 3850 2239 ap—

2247 2253 2430 2323 paruit
2476 2255 2831 2309 sanctissimo
2864 2256 3149 2327 archippo,
3210 2267 3265 2312 et
3316 2259 3639 2317 ﬁdelissimo
3675 2264 3847 2319 mini-

2249 2354 2366 2400 stro
2430 2345 2593 2413 hujus
2664 2347 3056 2419 archangelicae
3119 2358 3173 2405 et
3232 2356 3558 2410 veneranda:
3614 2357 3843 2425 domus,

2246 2438 2468 2508 quando
2494 2438 2797 2495 sceleratus
2852 2441 3088 2510 populus
3126 2442 3431 2498 conabatur
3474 2445 3658 2516 ipsum
3710 2465 3845 2502 san-

2246 2538 2398 2583 ctum
2441 2544 2566 2584 cum
2611 2530 2813 2601 templo
2861 2531 3098 2586 obruere
3152 2533 3310 2602 aquis
3356 2536 3737 2601 ﬂuviatilibus,
3784 2551 3847 2595 et

2245 2619 2432 2674 divina
2464 2630 2517 2676 et
2547 2622 2925 2691 archangelica
2960 2624 3182 2689 virtute,
3231 2641 3404 2695 aquas
3437 2645 3558 2696 qua:
3593 2630 3841 2685 insolen-

2247 2718 2329 2765 ter
2358 2712 2741 2779 movebantur,
2774 2722 2872 2784 pe‘r
2903 2715 3111 2784 virgam
3144 2718 3254 2772 cito
3288 2718 3341 2772 in
3377 2728 3532 2789 petra
3566 2720 3762 2777 effudit
3784 2735 3843 2779 et

2246 2804 2554 2859 transmisit
2583 2804 2683 2876 (2).

2314 2893 2568 2961 Michael,
2592 2896 2685 2965 qui
2718 2906 2982 2967 perpetuo
3008 2900 3418 2970 aspiciﬁfaciem
3450 2904 3631 2960 Patris
3659 2906 3836 2961 nostri

2247 2986 2341 3055 qui
2366 2995 2451 3041 est
2471 2988 2524 3040 in
2561 2987 2812 3051 cwlis,et
2834 2989 3069 3055 laetatur,
3098 2991 3208 3046 imo
3228 3008 3356 3048 vero
3377 2995 3681 3052 collatatur
3707 3013 3835 3053 cum

2248 3077 2479 3132 Domino
2528 3080 2910 3134 universorum
2961 3090 3184 3151 propter
3220 3084 3594 3141 inventionem
3638 3104 3835 3144 eorum

2247 3170 2340 3240 qui
2392 3170 2718 3240 perierant:
2755 3180 2811 3226 et
2858 3186 3086 3242 propter
3132 3189 3297 3229 unum
3352 3188 3699 3246 peceatorem
3738 3182 3836 3251 qui

2244 3259 2465 3315 ducitur
2493 3257 2835 3330 pceniten‘lia,
2871 3262 3013 3318 dictu
3049 3264 3245 3320 festum
3268 3268 3378 3337 agit
3411 3285 3535 3323 cum
3567 3274 3834 3329 omnibus

2243 3349 2568 3405 coelestibus
2602 3351 2963 3417 potestatibus
2995 3354 3061 3409 θί.
3091 3353 3195 3419 Qui
3234 3356 3359 3410 tuba
3390 3358 3481 3412 illa
3516 3362 3749 3417 terribili
3780 3376 3833 3420 et

2249 3441 2457 3512 ingenti
2491 3457 2625 3497 voce
2655 3446 2872 3499 canenti
2903 3454 2986 3500 est
3025 3448 3308 3503 caniturus
3338 3466 3352 3503 :
3384 3460 3437 3505 et
3473 3451 3831 3512 fundamenta

2245 3546 2421 3602 terrze,
2450 3544 2504 3590 et
2538 3552 2660 3606 quae
2688 3546 2816 3593 sunt
2845 3539 2946 3593 sub
2976 3550 3141 3606 terra,
3186 3552 3269 3597 est
3305 3555 3578 3611 moturus,
3611 3550 3831 3618 quando

2243 3628 2427 3683 veniet
2463 3630 2585 3683 finis
2620 3632 3141 3700 consummationis;
3184 3645 3238 3689 et
3291 3651 3517 3708 surgere
3567 3640 3734 3697 faciet
3780 3655 3829 3699 et

2242 3718 2596 3788 congregabit
2643 3728 2891 3776 mortuos
2921 3736 3112 3779 omnes
3140 3725 3233 3794 qui
3273 3737 3402 3782 sunt
3446 3745 3477 3785 a
3514 3734 3743 3797 sazculo,
3776 3735 3824 3789 in

2244 3809 2353 3863 ictu
2385 3811 2550 3877 oculi,
2577 3810 2643 3865 ad
2669 3811 2938 3881 judicium
2966 3817 3237 3883 generale,
3269 3828 3322 3872 et
3351 3821 3418 3873 ad
3445 3823 3823 3892 accipiendam

2240 3902 2366 3954 vitae
2385 3901 2882 3956 remunerationem
2916 3905 2983 3969 θ’,
3014 3912 3073 3958 ιιι
3096 3904 3234 3960 ferat
3256 3908 3412 3979 231
3440 3915 3822 3986 unusquisque

2242 4006 2305 4046 ea
2330 4008 2454 4062 qua:
2473 3993 2597 4047 fecit
2620 4009 2716 4063 per
2739 4009 2960 4064 corpus,
2986 3996 3103 4052 sive
3128 3999 3352 4066 bonum,
3377 4005 3491 4060 sive
3524 4009 3729 4063 malum
3757 4011 3816 4066 ⁸³.

2314 4081 2451 4137 Cum
2485 4082 2633 4138 hunc
2683 4100 2812 4156 ergo
2844 4088 3254 4157 suscipiendum
3294 4102 3347 4149 et
3386 4099 3690 4155 maximum
3728 4118 3818 4171 pa-

2243 4182 2463 4228 tronum
2499 4184 2886 4247 potentemque
2928 4178 3296 4249 defensorem,
3345 4184 3516 4243 libere
3561 4200 3616 4244 et
3654 4194 3818 4247 confi-

2243 4267 2432 4321 denter
2460 4267 2771 4335 loquentem
2814 4270 3233 4329 intercessorem
3286 4279 3425 4346 apnd
3459 4270 3708 4336 omnium
3737 4299 3817 4338 re-

2243 4369 2361 4424 gem
2396 4354 2588 4421 Denm,
2637 4358 2881 4413 divinum
2917 4363 3122 4420 militia:
3166 4368 3465 4437 principem
3519 4372 3812 4430 habeamus

2241 4440 2582 4509 Michaelem,
2618 4459 2651 4498 ο
2681 4446 2834 4501 chari
2868 4447 3081 4517 Patres,
3140 4453 3356 4523 fratres,
3389 4468 3443 4513 et
3488 4475 3519 4513 a
3556 4460 3668 4517 Deo
3700 4466 3811 4519 col-

2238 4533 2378 4588 lecte
2399 4544 2594 4601 coetus,
2626 4537 2713 4607 pie
2738 4538 2917 4609 ipsum
2946 4557 3160 4613 semper
3187 4562 3381 4604 omnes
3415 4561 3471 4605 ut
3501 4567 3689 4609 revera
3716 4572 3811 4623 pu-

2239 4626 2544 4692 rissimum,
2605 4629 2661 4683 in
2710 4633 2930 4689 mundis
2973 4636 3230 4693 cordibus
3275 4655 3489 4710 semper
3530 4648 3810 4716 magniﬁce

2236 4718 2590 4785 extollamus,
2620 4721 2915 4793 verbisque
2947 4725 3146 4782 laetitia
3176 4740 3231 4784 et
3274 4731 3537 4800 spiritalis
3582 4738 3811 4792 exsulta-

2240 4809 2427 4875 tionis,
2464 4820 2526 4865 ut
2570 4814 2722 4868 decet
2767 4816 3171 4889 archangelum,
3207 4821 3521 4881 honoriﬁcis
3546 4830 3726 4884 verbis
3759 4840 3809 4885 et

2242 4899 2494 4956 laudibus
2532 4902 2692 4961 hodie
2728 4921 3125 4978 prosequamur
3160 4927 3493 4984 :amoreque
3518 4926 3573 4972 et
3604 4919 3810 4977 deside-

2244 4995 2330 5049 rio
2361 4997 2410 5050 ei
2438 4997 2760 5068 offeramus,
2796 5012 2850 5057 et
2881 5019 3224 5073 veneremur,
3260 5011 3353 5080 qui
3401 5016 3659 5071 ardenter
3687 5033 3809 5072 con-

2244 5087 2518 5142 currimus
2564 5090 2631 5145 ad
2680 5106 2897 5148 sacrum
2946 5094 3067 5165 ejus
3100 5097 3297 5155 festum
3349 5101 3403 5157 in
3446 5109 3807 5163 venerandum

2242 5175 2362 5245 ejus
2398 5181 2683 5250 templum,
2707 5185 2855 5253 quod
2882 5196 2968 5241 est
2994 5188 3065 5256 pii
3095 5192 3356 5262 nominis,
3386 5204 3445 5249 ut
3469 5198 3671 5253 affatim
3705 5201 3810 5254 col-

2241 5264 2475 5335 ligamus
2521 5286 2790 5340 perennes
2840 5275 2959 5345 ejus
2992 5286 3045 5332 et
3078 5279 3348 5337 salutares
3378 5287 3582 5353 gratias
3612 5297 3665 5343 et
3715 5290 3805 5343 dc-

2902 5386 3040 5465 Dan.
3084 5407 3162 5457 Ill,
3203 5393 3295 5447 49.
3342 5464 3345 5465 ν
3418 5397 3463 5428 ⁸⁷
3496 5395 3630 5451 Dan.
3697 5416 3801 5465 xiv,

2711 5455 2755 5487 “
2827 5456 3016 5513 Matth.
3083 5455 3236 5530 xv'ttt,
3295 5464 3394 5525 l0:
3426 5465 3559 5522 Luc.
3593 5485 3677 5534 xv,
3716 5455 3804 5522 l0:

2227 5609 2497 5697 MichaIeIe
2528 5613 2859 5697 factishqute
2887 5628 3015 5674 sunt
3040 5624 3221 5691 pervia
3258 5626 3399 5695 apud
3422 5627 3794 5697 Lipomanum.

2236 5690 2372 5767 :tt‘et
2397 5682 2585 5767 Graeca
2612 5686 2667 5739 in
2692 5682 2849 5742 libris
2884 5682 3056 5767 manu
3076 5682 3337 5761 exaratis,
3372 5714 3437 5751 ex
3462 5682 3799 5767 q'usbitsejus

2230 5748 2418 5805 Latina
2447 5753 2960 5841 lucem-acceperint
2979 5771 3251 5841 ,“notattlr
3267 5748 3791 5841 init-siuit'a'qa'ar'ii

2227 5831 2436 5891 tempus
2461 5827 2748 5907 imperium
2778 5827 3058 5887 Michaelis
3091 5844 3143 5888 et
3185 5833 3503 5893 Tlteodorte.
