3934 6498
98 406 254 472 Ῑῗΰῖ)

943 414 1199 474 SERMO
1225 414 1321 474 DE
1355 414 1887 476 EXALTATIONE
1928 417 2237 477 SANCTAE
2275 418 2573 478 CRUCIS.

3258 417 3394 482 12ῦῦ

93 516 408 576 fensiones
437 520 872 576 intercessionis.
903 520 999 576 Est
1031 522 1176 575 enim
1226 521 1469 577 liberalis
1514 530 1571 575 et
1598 537 1717 574 mu-
1746 527 1791 582 Α
1822 524 1988 579 maris
2014 525 2272 581 [luctibus
2302 541 2401 579 eos
2421 525 2514 593 qui
2546 524 2721 594 ipsum
2752 524 3031 591 invocant,
3064 524 3260 595 eripit;
3294 525 3396 581 fer-

94 610 326 667 niticus
354 612 449 665 Dei
480 627 711 683 magnus
740 611 831 668 ille
858 613 969 667 dux
997 612 1296 677 exercitus,
1329 626 1454 667 cum
1483 611 1713 666 divinis-

96 706 258 758 simo
327 713 383 759 et
440 704 840 775 coarchangelo
891 721 993 760 suo
1042 704 1311 770 Gabriele,
1364 703 1710 767 benedicens,

98 796 520 863 corroborans,
570 798 744 867 gratia
789 798 1043 867 implens,
1074 796 1357 851 laztilicans
1400 806 1456 851 et
1488 811 1712 861 ornans,

99 902 170 940 ac
206 888 497 942 decorans
526 890 692 942 corda
728 889 989 954 ﬁdelium,
1035 899 1092 943 ut
1127 889 1220 959 qui
1252 889 1325 944 sit
1358 888 1567 943 sanctis
1597 902 1717 941 om-

102 978 293 1033 nibus
326 981 621 1048 potentior.
657 978 981 1036 Universam
1016 980 1162 1035 enim
1194 974 1315 1049 quae
1350 988 1433 1034 est
1463 979 1568 1036 sub
1599 980 1718 1033 sole

101 1079 375 1124 creatam
406 1082 658 1126 naturam
701 1072 767 1126 ad
815 1074 993 1127 lucem
1023 1071 1262 1127 deducit.
1296 1070 1499 1126 Omnes
1532 1080 1714 1125 autem

102 1160 239 1229 ejus
266 1161 589 1219 laudatores
613 1164 814 1218 eximie
840 1180 869 1217 a
890 1164 1061 1218 variis
1087 1163 1250 1233 eripit
1273 1162 1715 1229 necessitatibus,

103 1262 163 1305 et
193 1268 307 1308 eos
339 1255 433 1323 qui
485 1255 541 1308 in
585 1256 732 1310 omni
783 1257 905 1310 loco
932 1257 1019 1327 pie
1063 1272 1190 1311 cum
1238 1256 1649 1315 invocaverunt.
1686 1271 1716 1310 a

106 1346 398 1411 periculis
428 1356 536 1400 tam
566 1363 688 1416 quae
716 1348 988 1409 videntur,
1025 1364 1189 1418 quam
1217 1364 1339 1418 qua:
1368 1348 1571 1405 cadunt
1616 1348 1719 1402 sub

108 1434 518 1505 intelligentia,
566 1437 784 1493 liberat.
834 1436 1103 1492 Fidelium
1162 1447 1217 1492 et
1267 1435 1717 1492 Orthodoxorum

108 1528 470 1595 populorum
517 1530 791 1584 Ecclesias
839 1529 1054 1585 liberat.
1101 1529 1477 1585 Romanorum
1532 1536 1721 1583 custo-

109 1619 200 1673 dit
260 1622 661 1691 rempublicam
710 1624 918 1678 Christi
970 1634 1269 1678 amantem.
1330 1620 1715 1691 imperatorem

110 1721 318 1765 armat
347 1712 611 1768 adversus
644 1713 938 1779 Barbaros,
971 1714 1318 1769 Christianos
1352 1714 1528 1768 reddit
1554 1712 1720 1767 victo-

112 1817 232 1860 res.
268 1804 458 1859 hostes
497 1805 752 1861 inimicos
793 1807 1163 1876 persequitur,
1206 1807 1273 1860 ab
1306 1806 1587 1860 hominum
1631 1819 1719 1859 ca—

1818 615 2039 672 tilitates
2068 617 2341 671 fructuum
2374 626 2533 671 terrae
2561 616 2906 687 suppeditat:
2942 632 3057 678 eos.
3086 618 3177 687 qui
3227 619 3281 673 in
3314 628 3397 674 te-

1817 706 2001 763 nebris
2029 720 2339 771 versantur,
2370 708 2520 762 ducit
2553 724 2565 758 :
2596 722 2691 762 eos
2731 706 2971 762 defendit
3000 707 3201 777 quibus
3230 709 3288 763 lit
3312 709 3397 763 in-

1815 795 1959 864 juria
1996 812 2008 849 :
2040 797 2356 851 consolatur
2384 811 2477 852 eos
2508 796 2602 867 qui
2636 806 2764 851 sunt
2795 797 3194 867 pusillanimes,
3223 814 3397 867 aegro-

1819 896 1904 940 tos
1949 887 2152 951 visitat,
2196 887 2455 957 tidejubet
2486 902 2586 959 pro
2630 889 3031 958 peccatoribus,
3081 889 3395 945 dmmonum

1820 978 2054 1047 impetus
2104 980 2405 1049 propulsat,
2455 978 2712 1033 vitiorum
2748 979 3026 1033 ﬂammam
3077 981 3396 1051 reatinguit,

1818 1069 1883 1122 ad
1909 1070 2250 1123 sanctitatem
2282 1085 2381 1123 nos
2422 1070 2785 1138 praestandam
2822 1069 3031 1123 inducit
3068 1087 3082 1123 :
3124 1080 3177 1124 et
3205 1086 3396 1126 omnes

1819 1162 1912 1231 qui
1952 1172 2202 1215 sanctum
2234 1171 2287 1213 et
2316 1160 2683 1214 venerandum
2719 1161 2834 1230 ejus
2862 1159 3062 1215 festum
3096 1161 3198 1215 [ide
3225 1170 3278 1216 et
3303 1162 3397 1216 de-

1820 1251 2023 1306 siderio
2060 1252 2313 1306 alacriter
2359 1252 2654 1316 celebrant,
2684 1268 2751 1307 ex
2788 1253 2936 1307 omni
2983 1254 3295 1310 diliicultate
3343 1266 3397 1310 et

1819 1346 1986 1398 noxio
2022 1360 2253 1398 occursu
2308 1344 2527 1407 liberat,
2578 1354 2633 1397 et
2680 1345 2773 1398 dat
2827 1346 3121 1399 salutarem
3164 1347 3392 1417 gratiam

1820 1438 2073 1505 princeps
2103 1434 2197 1489 Dei
2230 1435 2437 1489 militia:
2465 1450 2478 1486 :
2512 1435 2577 1489 ad
2610 1434 2925 1503 petitionem
2962 1450 3175 1505 semper
3207 1438 3392 1491 utilem

1820 1523 2058 1587 deducit,
2085 1532 2138 1579 et
2166 1522 2233 1577 ad
2262 1524 2406 1577 viam
2453 1523 2809 1594 poenitentiae,
2839 1532 2893 1577 et
2938 1525 3017 1580 eis
3047 1536 3393 1596 peccatorum

1820 1622 2078 1684 procurat
2125 1614 2529 1680 remissionem,
2568 1624 2623 1670 et
2669 1616 2723 1669 in
2769 1615 3045 1685 justorum
3103 1616 3396 1671 stationem

1821 1717 2177 1761 connumerat
2210 1707 2261 1759 in
2292 1721 2461 1777 regno
2488 1708 2790 1773 caelorum;
2824 1707 2998 1777 gratia
3032 1705 3125 1761 Dei
3162 1708 3398 1763 clemen-

1821 1798 2017 1853 tissimi
2057 1817 2069 1853 :
2098 1797 2199 1853 Cui
2246 1799 2418 1868 gloria
2447 1807 2500 1853 et
2528 1800 2769 1869 potentia
2788 1814 2915 1883 eum
2959 1797 3117 1853 Patre
3148 1800 3401 1869 omnipo-

114 1893 365 1949 lumniis
396 1910 585 1950 servos
632 1913 763 1952 suos
795 1908 1118 1963 conservat;
1148 1898 1217 1952 ab
1252 1912 1438 1952 eorum
1472 1896 1563 1966 qui
1594 1912 1717 1964 per-
1750 1869 1792 1922 Β
1824 1900 1990 1952 lente.
2022 1900 2076 1946 et
2121 1892 2466 1946 sanctissimo
2512 1900 2566 1946 et
2613 1892 2757 1946 bono
2788 1872 2851 1944 ac
2908 1890 3122 1945 riviﬁco
3168 1890 3395 1961 Spiritu.

115 1998 445 2057 sequuntur
502 1990 773 2045 molestiis
824 1990 946 2061 pios
997 1991 1219 2056 liberat;
1288 1991 1356 2044 ab
1408 1989 1718 2059 ingentibus

882 2105 964 2161 Ε.

115 2195 588 2268 Πανταλέοντος
626 2198 1035 2268 πρεσϐυτέρου
1087 2198 1285 2267 μονῆς
1328 2198 1450 2254 τῶν
1490 2196 1716 2262 Βυζαν-

192 2265 465 2345 τίωηείς
492 2267 605 2333 τὴν
643 2265 934 2349 ’ὕψωσινί
973 2265 1099 2324 τοῦ
1149 2265 1345 2338 τιμίου
1416 2271 1514 2325 καὶ
1580 2271 1715 2333 ζωο-

191 2348 382 2388 ποιου
404 2348 693 2404 σταυροῦ.

196 2426 382 2479 Πάλιν
432 2428 665 2497 ὑψοῦται
709 2431 973 2503 σταυρὸς,
1010 2432 1175 2486 πάλιν
1207 2434 1239 2502 ἡ
1277 2432 1454 2497 κτίσις
1484 2435 1716 2504 ἀγάλλε-

118 2536 237 2573 ται.
313 2519 486 2574 Πάλιν
541 2521 775 2591 ὑψοῦται
835 2525 1091 2595 σταυρὸς,
1142 2525 1306 2578 πάλιν
1355 2526 1604 2597 ἑορτάζει
1649 2528 1718 2582 τὰ

121 2608 288 2680 ἔθνη.
315 2612 532 2665 Μᾶλλον
561 2613 615 2666 δὲ
646 2614 736 2665 τὸν
762 2614 923 2684 λόγον
950 2616 1045 2669 ἐπὶ
1075 2616 1174 2686 τὴν
1196 2616 1375 2687 ἀρχὴν
1397 2618 1713 2689 ἀγάγωμεν.

124 2702 308 2754 [Πάλιν
340 2702 571 2771 ὑψοῦται
609 2708 865 2777 σταυρὸς,
906 2706 1070 2759 πάλιν
1103 2708 1135 2777 ἡ
1166 2709 1343 2771 κτίσις
1373 2710 1717 2775 ἀνακαινίζε-

125 2809 217 2845 tat
246 2806 300 2846 ε.
338 2794 506 2846 Πάλιν
541 2796 772 2865 ὑψοῦται
823 2797 1076 2866 σταυρὸς,
1110 2797 1271 2850 πάλιν
1303 2800 1330 2850 ὁ
1367 2798 1538 2870 Ἀδὰμ
1580 2801 1718 2853 ἀνα-

128 2882 457 2938 πλάττεται.
480 2886 650 2937 Πάλιν
678 2884 905 2955 ὑψοῦται
938 2887 1191 2955 σταυρὸς,
1217 2886 1378 2940 πάλιν
1395 2889 1456 2940 ἐκ
1483 2888 1720 2958 πλευρᾶς

126 2974 161 3042 ἡ
198 2974 393 3043 μήτηρ
432 2974 541 3027 τῶν
580 2974 803 3040 ζώντων
856 2978 1246 3048 παραγίνεται,
1286 2978 1482 3048 βοηθὸς
1527 2978 1716 3044 ὅντως,

127 3061 236 3112 οὐκ
296 3060 583 3127 ἐπίϐουλος
632 3066 903 3135 γενομένη
959 3066 1099 3120 κατὰ
1163 3067 1225 3119 τὸ
1272 3068 1562 3139 πρότερον,
1599 3070 1721 3123 ἀντὶ

131 3150 304 3217 ξύλου
335 3154 435 3223 τῆς
474 3156 726 3223 γνώσεως
758 3158 815 3212 τὸ
847 3158 1002 3225 ξύλον
1025 3159 1123 3229 τῆς
1149 3159 1292 3229 ζωῆς
1318 3160 1716 3231 ἀποτρυγῶσα,

132 3244 264 3296 ἀντὶ
301 3245 402 3312 τῆς
445 3249 752 3317 παρακοῆς,
804 3250 1052 3322 ὑπακοὴν
1099 3251 1415 3317 ἐκτελοῦσα,
1462 3254 1583 3306 ἀντὶ
1621 3254 1720 3323 τῆς

133 3336 411 3407 κατάρας,
434 3337 533 3407 τὴν
554 3338 806 3408 εὐλογίαν
823 3342 1305 3411 ἀντιλαμϐάνουσα
1338 3344 1387 3398 b.
1427 3345 1573 3398 Ἀντί
1599 3347 1716 3407 τοῦ,

142 3447 160 3479 ι
208 3427 303 3479 Ἐν
330 3428 531 3492 λύπαις
554 3431 722 3495 τέξει,
751 3451 767 3483 ι
802 3432 903 3501 τὴν
934 3435 990 3484 ὲν
1018 3436 1161 3503 χαρᾷ
1188 3434 1546 3489 πολυτεκνίαν
1570 3454 1727 3508 κομι-

140 3518 377 3591 ζομένη.
443 3522 589 3575 Ἀντὶ
633 3524 733 3593 τῆς
777 3524 983 3595 φθορᾶς
1009 3525 1109 3593 τὴν
1137 3525 1451 3597 ἀφθαρσίαν
1477 3527 1728 3598 νοσφιζο-

141 3614 289 3681 μένη
314 3626 361 3666 ε.
409 3614 570 3667 Ἀλλὰ
598 3616 680 3678 τίς
723 3615 863 3685 αῦτη
906 3616 1014 3668 τῶν
1052 3616 1271 3678 ζώντων
1307 3618 1339 3686 ἡ
1376 3619 1594 3689 μήτηρ;
1633 3620 1730 3672 καὶ

138 3706 227 3767 τίς
245 3705 305 3757 τὸ
330 3704 489 3769 ξύλον
514 3706 850 3776 καρπεύεται
878 3708 976 3777 τῆς
1002 3706 1148 3776 ζωῆς
1173 3707 1345 3778 mna
1368 3708 1401 3779 ἢ
1427 3710 1458 3777 ἡ
1484 3708 1574 3761 τοῦ
1593 3710 1727 3763 Θεοῦ

156 3796 483 3866 Ἐκκλησία,
519 3797 613 3850 καὶ
643 3798 702 3850 τὸ
736 3797 891 3862 ξύλον
939 3801 967 3852 ὁ
1020 3799 1251 3869 σταυρὸς
1282 3798 1375 3852 τοῦ
1415 3800 1553 3852 Θεοῦ
1580 3811 1603 3839 ο
1633 3800 1726 3854 τοῦ

144 3885 322 3939 καλοῦ
358 3888 456 3956 τῆς
495 3887 825 3959 Ἐκκλησίας
846 3889 1112 3959 νυμφίου;
1139 3890 1310 3943 Τοῦτο
1347 3889 1442 3943 νῦν
1466 3889 1728 3959 ὑψοῦται,

146 3978 244 4031 καὶ
298 3977 546 4043 διάϐολος
592 3980 959 4051 καθαιρεῖται,
994 3981 1152 4034 τοῦτο
1204 3982 1299 4035 νῦν
1348 3982 1732 4037 ἀναδείκνυται

147 4070 247 4122 καὶ
306 4071 872 4141 παραδειγματίζεται
924 4074 1020 4143 τῆς
1076 4076 1276 4138 κακίας
1334 4076 1361 4128 ὁ
1404 4076 1587 4145 ἄρχων
1640 4078 1734 4131 καὶ

149 4161 609 4231 στηλιτεύονταιί
646 4164 922 4235 δαίμονες,
972 4167 1066 4218 καὶ
1121 4166 1189 4220 τὰ
1238 4172 1589 4239 πνευματικὰ
1631 4171 1731 4241 τῆς

148 4253 426 4321 πονηρίας
449 4254 839 4321 φυγαδεύονται
864 4256 1047 4326 στίφη,
1084 4260 1181 4310 καὶ
1216 4259 1538 4313 σκυλεύεται
1565 4261 1731 4316 θάνα-

144 4362 265 4406 τος,
301 4346 399 4397 καὶ
426 4345 720 4415 δημεύεται
748 4349 776 4401 ὁ
814 4346 965 4417 ᾇδης,
992 4348 1086 4400 καὶ
1112 4349 1207 4415 τῆς
1238 4350 1510 4420 ἁμαρτίας
1539 4352 1729 4422 δσύμη

226 4436 273 4466 ⁸³
312 4436 353 4491 ll
376 4437 501 4492 Cor.
538 4455 589 4502 v,
630 4440 715 4493 10.
793 4440 812 4469 ⁸
842 4440 1079 4503 Gen.ttt,
1109 4439 1197 4495 16.

1825 1995 1971 2034 nunc
2002 1989 2055 2034 et
2080 1995 2319 2051 semper,
2354 1990 2408 2037 et
2442 1982 2494 2035 in
2526 1982 2725 2036 saecula
2757 1981 3083 2037 saeculorum
3106 1981 3393 2052 (5)Amen.

2580 2096 2639 2150 V.

1821 2188 2009 2243 Oratio
2040 2189 2391 2262 Pantalcgnis
2408 2192 2695 2260 presbyteri
2721 2194 3034 2247 monasterii
3050 2190 3127 2262 (4)
3142 2190 3398 2261 Byzanti-

1890 2261 2194 2399 norumwin
2252 2260 2650 2315 Exaltationem
2719 2264 3026 2318 venerandw
3062 2260 3121 2317 et
3181 2260 3397 2329 uiui/itte

1887 2331 2058 2383 crucis
2150 2336 2189 2399 ).

1825 2493 1832 2499 ἢ
1890 2421 2105 2475 Rursus
2133 2422 2404 2477 cxaltatur
2444 2436 2600 2483 crux.
2632 2438 2824 2479 rursus
2862 2434 3111 2479 creatura
3140 2422 3394 2479 exsultat.

1820 2513 2034 2568 Rursus
2072 2514 2343 2568 exaltatur
2366 2530 2523 2581 crux,
2558 2531 2750 2571 rursus
2797 2514 2996 2571 festum
3031 2515 3173 2571 diem
3229 2530 3399 2587 agunt

1820 2616 2024 2675 gentes.
2068 2605 2211 2673 Quin
2241 2622 2494 2662 sermone
2547 2608 2616 2662 ab
2642 2608 2798 2662 initio
2834 2609 3063 2678 repetito
3127 2609 3394 2664 dicamus.

1821 2699 2032 2754 Rursus
2070 2700 2343 2754 exaltatur
2365 2715 2497 2755 crux
2525 2740 2541 2765 ,
2583 2717 2777 2757 rursus
2804 2712 3055 2757 creatura
3083 2712 3397 2766 renovatur,

1822 2806 2015 2846 rursus
2040 2791 2283 2846 Adamus
2312 2792 2611 2861 relingitur.
2670 2794 2881 2849 Rursus
2923 2794 3193 2848 cxaltatur
3240 2811 3399 2862 crux,

1823 2899 2016 2938 rursus
2048 2900 2111 2938 ex
2138 2884 2305 2937 latere
2332 2895 2503 2939 mater
2530 2884 2829 2940 viventium
2860 2886 3033 2949 adest,
3080 2886 3395 2941 auxiliatrix

1824 2990 1968 3038 vere,
2001 2990 2108 3028 non
2147 2974 2474 3039 insidiatrix,
2512 2985 2569 3029 ut
2617 2976 2792 3046 prius,
2830 2976 2951 3029 loco
2991 2976 3122 3044 ligni
3156 2976 3398 3030 scientiae

1822 3065 2028 3134 lignum
2067 3066 2188 3120 vitae
2216 3066 2539 3135 decerpens,
2568 3066 2690 3121 loco
2719 3066 3104 3120 inobedientia:
3142 3067 3402 3121 obedien-

1826 3158 1955 3208 tiam
2015 3165 2299 3223 praastaus,
2343 3157 2462 3211 loco
2515 3156 2916 3211 maledictionis
2973 3157 3397 3212 benedictionem

1827 3248 2152 3316 percipiens;
2182 3247 2300 3302 loco
2322 3248 2446 3317 ejus
2469 3289 2485 3314 ,
2520 3265 2538 3299 ι
2572 3246 2626 3301 lu
2652 3248 2839 3301 dolore
2867 3249 3048 3318 paries
3070 3249 3136 3313 “,
3164 3268 3182 3300 ι
3218 3248 3401 3303 multi-

1828 3338 2071 3393 tudinem
2102 3340 2309 3395 sobolis
2346 3354 2471 3395 eum
2510 3341 2708 3411 gaudio
2734 3350 3063 3411 reportans;
3104 3342 3226 3396 loco
3280 3356 3404 3397 cor-

1831 3430 2101 3500 ruptionis
2149 3432 2615 3487 immortalitatem
2652 3432 2917 3487 referens.
2980 3433 3087 3488 Sed
3138 3448 3261 3502 quae
3290 3434 3406 3489 haec

1830 3534 2006 3581 mater
2063 3526 2416 3582 viventium?
2467 3527 2534 3582 Et
2581 3544 2830 3598 quamam
2887 3528 2991 3583 alia
3048 3528 3283 3583 l‘rucmm
3339 3528 3406 3581 de

1832 3620 1979 3687 ligno
2010 3619 2133 3674 vita:
2156 3621 2318 3690 capit.
2349 3637 2512 3691 quam
2556 3621 2649 3675 Dei
2693 3620 2954 3687 Ecclesia,
3007 3621 3152 3691 quod
3198 3622 3404 3691 lignum

1832 3728 1965 3766 crux
2014 3710 2106 3766 Dei
2148 3723 2253 3777 est,
2302 3714 2488 3767 eximii
2536 3715 2791 3768 Ecclesia:
2848 3716 3055 3783 sponsi.
3095 3712 3209 3767 lluc
3262 3730 3407 3766 nunc

1825 3805 2111 3869 exaltatur,
2130 3814 2182 3858 et
2198 3804 2447 3859 diabolus
2465 3810 2745 3859 evertitur.
2771 3805 2885 3859 Hoc
2905 3820 3051 3858 nunc
3066 3806 3408 3859 demonstra-

1830 3904 1939 3959 tur,
1968 3902 2021 3949 et
2054 3897 2360 3951 traducitur
2386 3898 2753 3965 improbitatis
2778 3898 3056 3966 princeps,
3093 3904 3146 3949 et
3194 3894 3409 3964 publice

1832 3997 2091 4042 notantur
2141 3997 2194 4041 et
2242 3988 2577 4041 infamantur
2627 3989 2926 4051 daemones,
2984 3999 3039 4043 et
3086 3986 3405 4057 spirituales

1833 4078 2101 4133 scelerum
2136 4089 2330 4133 turma:
2362 4079 2645 4149 fugantur,
2687 4081 2957 4149 spoliatur
2996 4095 3167 4144 mors,
3226 4078 3408 4148 publi-

1835 4178 1992 4225 catur
2050 4168 2325 4233 infernus,
2376 4186 2681 4240 suasorque
2744 4172 2951 4241 peccati
3006 4187 3112 4225 non
3173 4169 3408 4239 amplius

1837 4261 2280 4329 suggestionibus
2305 4262 2494 4317 incitat
2542 4274 2771 4317 matrem
2808 4266 3077 4328 omnium,
3115 4264 3207 4336 sed
3242 4278 3407 4332 supra

1837 4364 2029 4421 pectus
2058 4355 2249 4424 serpit,
2296 4356 2595 4412 observans
2647 4356 2867 4427 quidem
2920 4359 3278 4424 calcaneum;
3314 4355 3409 4409 scd

1441 4552 1673 4607 VARUE
1719 4554 2129 4613 LECTIONES.

228 4675 256 4703 ι
282 4662 454 4715 Πάλιν
483 4690 550 4702 —-
573 4664 813 4729 ἀνακαμ.
839 4662 899 4717 C.
932 4662 999 4718 ν.
1038 4678 1148 4718 om.

149 4734 177 4772 ἀ
213 4734 278 4788 C.
302 4730 382 4812 .V.
419 4734 512 4785 καὶ
536 4733 588 4786 τί
619 4733 677 4785 τὸ
706 4733 882 4800 ξύλον,
916 4734 944 4787 ὃ
972 4734 1331 4805 καρπεύεται.

154 4820 475 4856 πτοουνται.

1226 4665 1253 4704 ι)
1281 4667 1379 4737 τὴν
1408 4666 1662 4733 εὐλογίαν
1723 4669 1920 4724 desunt
1959 4672 2011 4725 in
2038 4673 2100 4727 C.
2127 4674 2190 4728 ν.

1411 4749 1435 4777 ο
1476 4737 1569 4790 τοῦ
1597 4738 1736 4791 Θεοῦ
1767 4740 1828 4795 C.
1870 4740 1929 4795 Υ.
1971 4759 2082 4797 om.

2272 4678 2454 4751 {cini
2480 4682 2867 4751 Δνοσφιζομένη
2930 4683 3131 4741 desunt
3168 4684 3221 4737 in
3251 4683 3312 4739 C.
3346 4683 3410 4739 V.

2169 4746 2185 4783 ε’
2217 4747 2278 4801 (ἶ.
2313 4746 2372 4801 ν.
2410 4746 2783 4804 πολιτεύονται
2808 4794 2823 4817 ,
2854 4746 3089 4823 ’ωτι-ἱεὶι
3126 4753 3411 4809 llrttuellus

1668 4896 1893 4958 ΝΟΤᾹΞ.

230 4989 311 5053 (3)
335 4986 400 5073 ,ιιι
445 4987 630 5073 codice
665 4988 996 5073 Graeco-3308
1022 4990 1175 5073 apud
1213 4989 1417 5073 Nautius
1447 5004 1728 5073 asserﬁvato
1765 5000 1803 5051 D
1834 4998 2049 5073 sbyterr’:
2076 5000 2210 5055 Nam
2246 5001 2380 5073 μονὴ
2429 5002 2632 5057 Crtecis
2688 5012 2771 5056 est
2833 5002 3243 5055 monasterium.
3276 5002 3414 5057 Male

154 5059 422 5120 leguntur
458 5057 680 5111 alterius
718 5058 769 5110 in
806 5057 1123 5113 Michaelem
1167 5060 1554 5120 archangelum
1589 5065 1728 5117 Pan-

157 5128 395 5181 taleonis
423 5129 691 5181 sermonis
736 5130 926 5183 titulus
972 5138 1022 5182 et
1064 5131 1276 5183 initium
1316 5148 1329 5183 :
1363 5130 1471 5184 Tit.
1507 5136 1735 5187 Παντα-

154 5197 409 5259 λέοντος
427 5196 708 5269 διακόιςου
737 5199 831 5251 καὶ
854 5201 1309 5267 χαρτορύλακος
1334 5201 1441 5269 τῆς
1458 5203 1736 5269 Μεγάλης

160 5269 499 5339 axina/fac
535 5265 815 5333 διήγησις
845 5265 1161 5335 θαυμάτων
1188 5270 1293 5323 τοῦ
1325 5265 1738 5339 πάμμεγίίστὸὺ

159 5337 542 5407 ἀρχαγγέλου
588 5339 847 5405 Μιχίιήλ.
887 5339 997 5392 Inc.
1034 5340 1283 5407 Μεγάλαι
1326 5342 1382 5392 αἱ
1412 5337 1606 5393 ’πολλαὶ
1646 5345 1739 5394 καὶ

165 5407 412 5482 ποικίλαι
460 5405 570 5482 τῆς.
596 5409 888 5482 ἀσωμάτου
907 5411 1018 5482 ,καὶ
1050 5405 1499 5482 μεγαλοπρεποῦς
1527 5413 1739 5482 ἀρχαγ-

163 5477 397 5550 γελικῆς
428 5493 519 5528 σου
548 5478 868 5550 ἁρετῆςΑκαὶ
896 5477 1058 5544 ἀξίας
1089 5477 1415 5550 ἔννοιαικαὶ
1452 5477 1653 5550 δωρεαί
1683 5477 1739 5533 τε

165 5548 264 5620 καὶ
293 5546 535 5620 χᾲρετες,
574 5547 896 5620 παναοίδιμε
930 5549 1148 5620 Μιχαὴλ
1185 5546 1611 5620 ἀρχιστράτηγεο
1648 5553 1740 5603 καὶ

166 5616 399 5668 πλατεῖα
440 5618 644 5691 meum;
672 5616 796 5691 Δίξντι
838 5616 1145 5691 μετέωρος·
1189 5616 1287 5691 atati,
1331 5616 1615 5691 πολυειδὴς
1639 5620 1738 5687 τῆς

163 5684 589 5761 πανενπρεποῦς
610 5684 786 5761 ζάΰλον
822 5684 917 5740 dou
941 5684 1174 5761 *μορφῆς
1206 5689 1301 5743 καὶ
1332 5690 1476 5761 ζωῆς
1511 5693 1543 5760 ή
1570 5684 1737 5751 κατά-

168 5772 379 5817 στασις.
609 5755 746 5828 han.
782 5773 903 5828 pag.
938 5754 1085 5828 52H

242 5828 317 5896 (ι)
349 5824 574 5893 arm-17¢,
615 5827 747 5883 verti
781 5824 1093 5883 Manastcrii
1128 5827 1544 5900 Byzantinorum
1604 5828 1733 5885 Pre-

1842 5087 1971 5133 ergo
2010 5070 2659 5140 Calvinianus'iuterpres
2685 5081 2738 5126 et
2758 5073 3097 5126 Scholiastes
3137 5075 3277 5140 apud
3303 5073 3412 5128 Cu-

1851 5142 2148 5207 ropalatam
2180 5153 2440 5212 perpetuo
2495 5142 2693 5196 vertit:
2752 5142 3057 5211 σεϐασμίαν
3106 5146 3293 5212 μονήν,
3331 5162 3415 5198 vc-

1846 5212 2132 5263 uerandam
2166 5210 2381 5275 :Edcm,
2407 5227 2531 5263 cum
2558 5213 2876 5265 vertendum
2925 5212 2996 5265 sit
3037 5210 3412 5275 venerandum,

1848 5280 1927 5352 vel
1958 5283 2249 5334 venerabile
2302 5282 2711 5345 monasterium;
2747 5297 2978 5352 grmcum
3016 5284 3251 5350 ignotius
3302 5285 3416 5337 red-

1846 5350 2024 5421 dendo
2068 5367 2163 5419 per
2211 5352 2434 5421 clarius,
2498 5362 2557 5405 ut
2593 5367 2698 5405 nou
2754 5350 2926 5405 semel
2979 5352 3109 5404 fecit
3146 5353 3415 5421 interpres

1853 5418 2110 5492 Zonarai;
2163 5436 2288 5474 nam
2355 5420 2529 5475 Graeci
2581 5431 2780 5476 vocant
2833 5423 3163 5476 monasteria
3224 5418 3411 5492 μονάς,

1848 5489 2001 5556 quasi
2030 5491 2201 5551 dicas,
2234 5492 2555 5545 mansiones.

1918 5559 1991 5631 (β)
2013 5559 2184 5613 Habui
2233 5560 2342 5613 duo
2390 5558 2739 5616 Pantaleonis
2776 5562 3147 5631 exemplaria;
3181 5564 3411 5617 alterum

1847 5642 1875 5678 a
1908 5626 2221 5702 Margunio,
2260 5631 2493 5685 alterum
2543 5642 2730 5700 postea
2764 5648 2830 5685 ex
2870 5626 3203 5687 Bibliotheca
3267 5634 3415 5688 Vati-

1846 5712 1980 5820 ﬁana
2013 5710 2203 5755 nactus
2238 5716 2356 5758 sum
2381 5740 2393 5764 ,
2426 5703 2569 5772 quod
2604 5718 2635 5757 ιι
2670 5702 3101 5772 Margunianoin
3137 5706 3417 5760 nonnullis

1886 5780 2135 5820 tscrenat.
2826 5782 2829 5783 '

1886 5780 2110 5837 tscrcpat
2123 5810 2135 5823 .
2826 5782 2829 5783 '
