4098 6492
542 472 545 477 ν
597 428 731 496 326!

1714 436 2162 499 ΡΑΝΤΑιΕΟΝ
2169 440 2241 499 IS
2272 439 2583 501 DIACONI
2618 440 2728 500 CP.

3713 436 3866 502 1268

593 544 864 600 contritus
894 542 1072 612 capite
1093 552 1292 596 terram
1316 543 1575 611 comedit,
1602 553 1807 601 terram
1833 546 2142 603 damnatam

2246 602 2247 608 η
2278 548 2470 612 ϐουλος
2506 548 2608 602 οῦκ
2648 548 2727 599 ἔτι
2762 547 3076 617 παρακαλεῖ
3102 548 3167 617 τῇ
3193 549 3389 619 μητέρι
3420 548 3635 602 πάντων
3665 550 3861 620 ἡμῶν.

593 649 652 692 ιιι
689 636 876 707 Spinas
912 644 967 691 et
989 634 1224 691 tribulos
1247 636 1552 691 submittat.

658 920 869 991 Aspicit
899 929 1082 975 autem
1118 935 1260 985 eam,
1294 936 1459 991 quam
1490 921 1644 992 prius
1674 922 1987 993 deceperat,
2016 922 2170 992 ligno

589 1017 711 1067 vita:
736 1028 861 1067 cum
890 1013 1171 1083 voluptate
1203 1014 1497 1081 (ruentem,
1538 1030 1597 1071 so
1628 1031 1759 1071 vero
1787 1016 1973 1086 priore
1997 1015 2165 1069 male-

588 1104 827 1159 dictione
860 1104 1213 1169 obstrictum,
1242 1105 1383 1161 videt
1411 1121 1471 1163 se
1508 1106 1560 1161 in
1588 1108 1905 1163 calcaneum
1935 1100 2161 1177 quidem

588 1201 911 1264 potestatem
954 1193 1181 1257 habere,
1210 1195 1508 1252 coniraetis
1532 1196 1789 1253 omnibus
1822 1212 1918 1267 per
1940 1212 2165 1252 crucem

585 1284 880 1354 capitibus.
907 1285 1119 1356 Aspicit
1141 1286 1493 1340 assistentem
1520 1301 1551 1341 a
1569 1287 1779 1342 dextris
1803 1295 1864 1341 ut
1892 1287 2165 1357 reginam,

584 1392 707 1446 quae
764 1376 916 1445 prius
969 1376 1310 1433 damnationi
1370 1377 1611 1432 obnoxia
1672 1377 1878 1442 fuerat,
1932 1391 2160 1448 quaeque

587 1467 733 1523 foliis
766 1467 1015 1524 ﬁculneis
1042 1469 1342 1523 nuditatem
1376 1476 1611 1533 texerat,
1688 1488 1707 1521 ι
1739 1468 1795 1523 ιιι
1830 1471 2029 1525 vestitu
2064 1469 2157 1524 de-

583 1569 781 1614 aurato
807 1560 1207 1616 circumdatam
1244 1562 1531 1627 varietate,
1559 1580 1578 1613 ι
1622 1562 2013 1632 prOpriamque
2042 1570 2157 1616 tur-

584 1648 894 1718 pitudinem
944 1658 1000 1705 et
1050 1650 1456 1707 deformitatem
1518 1651 1698 1709 deﬁet.
1774 1650 1937 1707 Videt
1985 1653 2159 1724 regali

580 1751 799 1809 sceptro
846 1741 1142 1807 ﬁrmatam,
1175 1752 1229 1797 et
1273 1743 1342 1798 ad
1376 1744 1556 1813 ipsum
1606 1744 1809 1799 coelum
1858 1744 2149 1810 elevatam,

578 1846 849 1902 suumque
881 1848 1069 1888 casum
1101 1834 1367 1903 deplorat.
1396 1834 1549 1889 Videt
1574 1834 1774 1890 liberos
1803 1850 1934 1890 suos
1956 1849 2151 1905 magna

577 1931 632 1977 et
670 1922 813 1976 elata
843 1937 977 1977 voce
1013 1933 1409 1979 convocautem
1441 1925 1509 1979 ad
1539 1925 1911 1981 adorationem
1941 1925 2147 1989 crucis,

577 2011 874 2081 horretque
903 2012 1240 2083 obsequendi
1278 2015 1546 2081 studium,
1580 2025 1634 2071 et
1679 2016 2027 2071 alacritatem
2050 2015 2148 2070 ad-

577 2102 829 2166 miratur,
855 2111 909 2157 et
928 2103 1334 2159 multitudinem
1363 2105 1719 2175 obstupescit.
1757 2125 1775 2159 ‹
1811 2106 1950 2162 Ecce
1974 2108 2143 2175 enim,

2273 640 2395 692 ἀλλ’
2440 639 2536 692 ἐπὶ
2584 640 2643 691 τὸ
2686 636 2881 708 στῆθος
2920 637 3083 709 ἕρπει
3114 637 3298 708 τηρῶν
3330 638 3430 710 μὲν
3451 640 3708 710 πτέρναν,
3741 657 3856 693 ra.-

2271 729 2537 801 τούμενος
2577 729 2637 783 δὲ
2671 730 2783 801 ’τὴν
2832 728 3099 801 κεφαλήν,
3128 729 3223 783 καὶ
3268 729 3374 800 γῆν
3410 730 3511 801 μὲν
3548 730 3719 785 ἐσθίει
3750 732 3854 801 τὴν

2272 821 2771 876 καταδικασθεΐσαν
2823 820 3068 883 ἀκάνθας
3107 821 3203 873 καὶ
3236 819 3520 890 τριϐόλους
3566 823 3851 892 ἐκφέρειν.

2340 912 2537 967 Βλέπει
2582 914 2640 967 δὲ
2689 912 2789 985 τήν
2819 914 2918 967 ὑπ’
2946 911 3115 967 αὑτοῦ
3153 912 3344 984 πρώην
3386 913 3757 986 ήπατημένην
3774 915 3851 984 τῷ

2265 1003 2411 1074 ξύλῳ
2456 1003 2559 1073 τῆς
2599 1003 2747 1075 ζωῆς
2782 1002 3168 1074 ἐντρυφῶσαν.
3206 1003 3369 1067 αύτδς
3392 1002 3449 1057 δὲ
3481 1004 3851 1073 ὲναπομείνας

2262 1099 2330 1168 τῇ
2364 1096 2609 1167 προτέρᾳ
2636 1095 2851 1167 κατάρᾳ
2872 1095 3060 1166 βλέπει
3085 1093 3221 1166 μηδὲ
3249 1094 3353 1165 τῆς
3374 1094 3610 1167 πτέρνης
3640 1099 3665 1137 ³
3687 1095 3852 1160 ἔξω·

2264 1186 2488 1252 σιάζων,
2515 1186 2682 1251 αὐτὸς
2704 1187 2923 1250 ἁπάσας
2950 1186 3332 1258 συνθλὼμενος
3358 1186 3459 1249 τὰς
3490 1185 3739 1255 κεφαλάς
3771 1184 3855 1255 τῷ

2263 1278 2503 1350 σταυρῷ,
2536 1277 2735 1350 θεωρεῖ
2762 1277 3129 1348 παρεστῶσαν
3166 1278 3233 1332 ὲκ
3261 1276 3455 1342 δεξιῶν
3489 1277 3563 1341 ὡς
3592 1276 3849 1348 βασίλισ-

2261 1390 2361 1427 σαν
2408 1373 2511 1444 τὴν
2565 1370 2759 1444 πρώην
2787 1370 3145 1442 κατάκριτον,
3192 1370 3286 1424 καὶ
3329 1370 3505 1440 φύλλα
3536 1371 3711 1442 συκῆς
3744 1372 3847 1443 τήν

2258 1464 2542 1535 γύμνωσιν
2574 1463 2908 1527 σκέπουσαν,
2947 1479 2966 1513 ι
2993 1461 3080 1514 Ἐν
3122 1461 3405 1533 ίματισμῷ
3434 1460 3530 1515 νῦν
3558 1463 3847 1534 διαχρύσῳ

2257 1555 2756 1628 περιϐεϐλημένην,
2787 1553 3245 1624 πεποικιλμένην,
3288 1571 3307 1605 ι
3349 1553 3445 1607 καὶ
3489 1554 3588 1625 τὴν
3626 1555 3845 1608 οἰκείαν

2255 1647 2527 1719 ἀκοσμίαν
2587 1647 2797 1718 θρηνεῖ.
2840 1645 3039 1698 Βλέπει
3112 1644 3191 1715 τῷ
3254 1644 3520 1715 βασιλικῷ
3569 1647 3843 1719 σκήπτρῳ

2256 1738 2681 1811 στηριζομένην,
2715 1737 2811 1791 καὶ
2842 1737 2980 1808 πρὸς
3002 1736 3165 1789 αὑτὸν
3200 1736 3515 1808 ὑψουμένην
3549 1737 3644 1791 τὸν
3668 1738 3842 1809 ούρα-

2253 1834 2362 1899 νὸν,
2395 1834 2492 1886 καὶ
2520 1833 2618 1903 τήν
2660 1830 2857 1885 ἑαυτοῦ
2908 1830 3118 1884 πτῶσιν
3150 1829 3427 1901 ὀδύρεται,
3476 1830 3663 1901 βλέπει
3704 1847 3843 1899 συγ-

2252 1922 2525 1978 καλοῦσαν
2586 1923 2654 1977 τά
2683 1923 2851 1977 τέκνα
2910 1922 3053 1991 μετὰ
3101 1921 3311 1992 ὑψηλοῦ
3362 1923 3725 1995 κηρύγματος
3755 1924 3840 1986 είς

2251 2014 2624 2084 προσκύνησιν
2647 2014 2741 2068 τοῦ
2771 2014 3006 2087 σταυροῦ
3030 2015 3119 2067 καὶ
3145 2014 3245 2085 τὴν
3274 2016 3563 2079 ὑπακοήνδ
3589 2014 3834 2083 φρίσσει,

2250 2104 2344 2158 καὶ
2385 2104 2487 2176 τήν
2528 2104 2838 2175 προθυμίαν
2886 2103 3158 2174 θαυμάζει
3182 2104 3224 2169 ί,
3254 2105 3349 2157 καὶ
3396 2104 3458 2157 τὸ
3500 2103 3705 2173 πλῆθος
3743 2106 3836 2156 ὲκ-

574 2189 780 2261 inquit,
821 2191 1030 2260 Parthi,
1066 2203 1121 2250 et
1146 2194 1306 2261 Medi,
1340 2207 1394 2251 et
1426 2194 1705 2264 Elamitaa,
1727 2207 1788 2253 ut
1826 2199 1881 2253 in
1914 2198 2142 2256 Actibus

2249 2186 2570 2267 πλήττεται,
2611 2215 2630 2247 ι
2672 2196 2782 2248 Καὶ
2834 2194 2949 2267 γὰρ
2990 2196 3103 2249 ίδοὺ
3144 2196 3370 2268 Πάρθοι,
3398 2196 3494 2248 καὶ
3513 2195 3713 2264 Μῆδοι,
3739 2197 3834 2250 καὶ

575 2283 841 2351 scriptum
873 2294 977 2349 est,
1024 2294 1079 2340 et
1103 2286 1199 2356 qui
1245 2286 1494 2342 habitant
1519 2286 1994 2358 Mesopotamiam,
2043 2289 2145 2345 Ju-

571 2371 747 2426 dazam
770 2382 825 2427 et
850 2374 1273 2444 Cappadociam,
1310 2374 1546 2432 Pontum
1563 2388 1619 2434 et
1652 2378 1864 2446 Asiam,
1889 2390 1943 2435 et
1963 2390 2146 2451 partes

572 2461 755 2534 Libya:
805 2480 930 2534 qua:
953 2476 1081 2520 sunt
1100 2467 1248 2521 circa
1275 2466 1567 2538 Cyrenem,
1596 2469 1815 2538 Cretes,
1835 2481 1888 2528 et
1911 2474 2143 2541 Arabes,

569 2563 625 2609 et
654 2556 767 2610 Indi
790 2556 868 2622 “,
901 2576 925 2609 ι
957 2566 1011 2611 et
1036 2565 1248 2614 cetera
1282 2560 1555 2627 nationes,
1590 2577 1729 2632 quas
1747 2565 1828 2619 sul
1849 2567 2144 2635 conspicit,

573 2647 779 2701 relictis
812 2649 1047 2718 propriis
1074 2650 1679 2718 erroribus,Cruciﬁxo
1707 2670 1832 2711 cum
1885 2658 2145 2727 propheta

570 2737 878 2791 acclamant
906 2757 920 2793 :
952 2757 972 2791 ι
998 2738 1218 2795 Salvum
1239 2741 1323 2798 {ac
1341 2746 1601 2815 populum
1627 2747 2068 2816 tuum,Domiue,
2093 2760 2147 2804 et

571 2828 797 2884 benedic
818 2829 1120 2886 haereditati
1147 2834 1352 2890 tum“.
1383 2854 1410 2888 ι.
1456 2836 1586 2894 Haec
1631 2848 1686 2894 et
1735 2839 1908 2896 Isaias
1952 2842 2150 2910 praevi-

567 2920 727 2983 dens.
778 2938 799 2973 ι
841 2919 1071 2993 Signum
1104 2925 1308 2982 levabit
1333 2927 1389 2983 in
1435 2931 1709 2998 nationes,
1739 2949 1758 2984 ι
1790 2948 1989 3004 magna
2014 2949 2146 2990 voce

568 3013 846 3079 clamavit,
866 3026 919 3070 et
947 3020 1302 3090 congregabit
1331 3023 1597 3090 perditos,
1620 3034 1678 3079 et
1699 3024 1989 3097 dispersos
2002 3026 2029 3081 ,Ι
2038 3028 2145 3083 uda

566 3105 785 3177 colliget
833 3117 1129 3179 aquatuor
1174 3112 1377 3183 plagis,
1406 3124 1462 3170 et
1508 3126 1768 3186 pascetur
1798 3118 1963 3189 lupus
2015 3135 2146 3176 cum

565 3212 737 3267 agno,
760 3208 815 3254 et
836 3202 1076 3269 pardalis
1099 3218 1227 3259 cum
1248 3206 1405 3263 haedo
1432 3209 1829 3279 requiescet“,
1860 3231 1878 3263 ι
1914 3220 1969 3267 et
1993 3212 2138 3267 vitu-

565 3291 651 3343 lus
679 3302 733 3345 et
758 3293 853 3347 leo.
871 3304 925 3349 et
980 3298 1177 3353 taur‘us
1224 3298 1390 3355 simul
1440 3314 1741 3372 pascentur
1799 3306 1857 3361 in
1898 3306 2140 3363 ﬂorifero

566 3377 825 3437 Ecclesia:
870 3393 1051 3453 prato,
1095 3386 1151 3441 in
1198 3403 1326 3444 vere
1377 3391 1655 3462 spirituali
1705 3402 1763 3450 et
1805 3395 2137 3467 iutelligibili

562 3472 849 3541 paradiso,
892 3476 984 3530 ubi
1018 3478 1275 3537 mordens
1319 3491 1375 3537 et
1415 3483 1645 3541 sibilans
1688 3501 1914 3557 serpens
1952 3490 2137 3545 nullus

562 3564 857 3633 reperitur,
906 3581 1015 3622 non
1045 3567 1185 3637 Eva,
1208 3586 1329 3642 qua:
1350 3574 1534 3631 verbis
1555 3576 1806 3647 decepta,
1839 3580 2134 3652 verbisque

558 3656 740 3712 virum
788 3657 1095 3730 decipiens,
1123 3666 1451 3734 persuadeat
1485 3679 1708 3739 gustare
1746 3672 1956 3743 lignum
1992 3674 2131 3742 vitae,

554 3750 669 3820 jam
703 3758 867 3807 antea
889 3754 1051 3810 malis
1073 3758 1323 3815 consiliis
1347 3764 1592 3819 auctoris
1622 3766 1807 3822 omnis
1841 3767 1973 3822 mali
2011 3783 2135 3839 per-

559 3857 747 3909 suasa,
783 3844 876 3899 u-bi
936 3847 1122 3903 nullus
1151 3848 1439 3909 ﬂammeus
1487 3853 1726 3924 gladius,
1774 3858 1987 3914 aditum
2048 3861 2133 3915 in-

559 3943 703 3989 trare
730 3936 1034 3994 volentibus
1086 3939 1321 3995 terriﬁca
1352 3943 1534 4011 specie
1581 3944 1974 4014 intercludens,
2008 3956 2137 4004 tan-

557 4034 673 4078 tum
709 4037 899 4081 autem
947 4029 1038 4084 hic
1060 4030 1417 4088 inveniuntur
1446 4035 1654 4105 lignum
1685 4037 1830 4103 vitae,
1874 4048 1930 4093 et
1962 4038 2132 4110 Virgo

557 4132 721 4170 suum
778 4133 1041 4188 sponsum
1094 4122 1215 4178 sine
1273 4127 1630 4197 corruptione
1682 4129 1922 4198 pariens,
1967 4132 2132 4202 eique

554 4207 903 4276 despondens
924 4225 1116 4267 omnes
1157 4213 1282 4269 illos
1336 4216 1431 4286 qui
1464 4216 1630 4287 huius
1685 4219 2131 4289 desponsationis

554 4299 837 4355 desiderio
861 4309 1136 4357 tenentur.
1166 4303 1281 4359 imo
1312 4305 1401 4361 hic
1431 4308 1604 4362 etiam
1620 4319 1704 4365 est
1725 4309 1848 4367 fons
1875 4312 1967 4368 ille
1993 4329 2130 4384 qua-

553 4386 837 4443 dril‘ariam
897 4390 1132 4459 divisus,
1184 4407 1403 4452 omnem
1470 4406 1721 4455 nostram
1788 4401 1998 4458 aridam
2048 4405 2127 4459 ri-

551 4493 688 4549 gans
714 4479 794 4537 ⁸⁸.
831 4480 969 4539 Vere
998 4485 1142 4539 enim
1171 4487 1354 4554 arida,
1384 4496 1441 4543 et
1474 4490 1596 4545 sine
1639 4490 1898 4560 humore,
1923 4505 1977 4551 ct
2007 4511 2132 4551 om-

551 4572 639 4626 nis
673 4574 980 4642 spiritualis
1006 4577 1359 4647 pinguediuis
1400 4596 1599 4652 expers
1624 4599 1655 4639 a
1678 4595 1904 4655 peccato
1935 4589 2127 4646 ell'ecta

550 4672 635 4717 cst
666 4674 853 4720 nostra
884 4675 1103 4733 natura,
1137 4684 1443 4743 parumque
1496 4674 1672 4731 abfuit
1728 4677 1863 4747 quin
1908 4695 2127 4750 semper

550 4756 825 4814 habitaret
855 4760 913 4814 in
944 4759 1187 4828 inferno,
1244 4773 1301 4820 et
1326 4768 1708 4837 corruptione,
1759 4770 1864 4826 nisi
1917 4772 2124 4843 lignum

2262 2286 2550 2356 Ἐλαμῖται
2606 2285 2750 2339 κατὰ
2789 2286 2853 2339 τὸ
2896 2287 3288 2358 γεγραμμένον
3320 2288 3377 2339 ὲν
3407 2289 3529 2349 ταῖς
3560 2287 3829 2356 Πράξεσι,

2247 2378 2341 2430 καὶ
2370 2378 2419 2430 oi
2452 2376 2836 2441 κατοικοῦντες
2864 2377 2963 2450 τὴν
2991 2379 3446 2450 Μεσοποταμίαν,
3471 2378 3740 2434 Ἰουδαίαν
3769 2397 3830 2434 τε

2247 2474 2343 2527 καὶ
2373 2473 2793 2539 Καππαδοκίαν,
2840 2473 3045 2527 Πόντον
3080 2473 3095 2525 i
3139 2474 3231 2528 καὶ
3283 2475 3493 2539 Ἀσίαν,
3525 2476 3828 2541 Δίγυπτον,

2247 2564 2341 2615 καὶ
2366 2562 2435 2615 τὰ
2461 2563 2600 2634 μέρη
2627 2563 2726 2632 τῆς
2747 2562 2953 2633 Λιϐύης
2974 2564 3068 2634 τῆς
3104 2563 3245 2617 κατὰ
3274 2565 3555 2635 Κυρήνην,
3588 2565 3827 2635 Κρῆτες.

2250 2654 2508 2726 Ἀραϐες,
2545 2656 2641 2707 καὶ
2685 2654 2858 2719 Ἰνδοὶ,
2887 2655 2983 2707 καὶ
3015 2654 3217 2719 πάντες
3235 2655 3283 2708 οί
3315 2654 3494 2708 λοιποὶ
3522 2654 3633 2707 τῶν
3658 2654 3829 2707 ἐθνῶν

2245 2748 2403 2809 ὅσους
2424 2747 2453 2799 ὁ
2473 2746 2626 2818 ἥλιος
2655 2748 2831 2818 ἐφορᾷ
2854 2746 2952 2815 τὴν
2982 2745 3148 2799 αὑτοῦ
3178 2746 3573 2809 καταλιπόντες
3604 2747 3827 2815 ἀπάτην

2245 2835 2320 2907 τῷ
2348 2836 2750 2907 ὲσταυρωμένῳ
2772 2835 2911 2906 μετὰ
2924 2835 3019 2889 τοῦ
3044 2838 3327 2908 προφήτου
3366 2834 3555 2905 βοῶσι,
3592 2855 3611 2886 ε
3640 2836 3826 2887 Σὼσον

2244 2928 2335 2982 τὸν
2361 2929 2490 2983 λαόν
2520 2945 2638 2995 σου,
2670 2932 2766 2983 καὶ
2786 2928 3086 3000 εύλόγησον
3116 2928 3213 2999 τήν
3247 2928 3615 2999 κληρονομίαν
3654 2944 3775 2980 σου.
3800 2944 3820 2978 ι

2244 3018 2431 3073 Ταῦτα
2457 3022 2551 3074 καὶ
2587 3020 2813 3084 Ἡσαΐας
2838 3019 3192 3092 προυεωρῶν,
3232 3038 3250 3071 ι
3289 3021 3440 3090 Ἀρεῖ
3468 3021 3701 3089 σημεῖον
3730 3019 3825 3071 ἐπὶ

2241 3111 2311 3164 τὰ
2336 3110 2513 3179 ἐθνη,‹
2546 3112 2760 3184 μεγάλῃ
2788 3113 3031 3184 κέκραγε
3047 3115 3114 3183 τῇ
3148 3114 3298 3183 φωνῇ
3323 3131 3341 3164 ι
3380 3112 3475 3165 καὶ
3503 3110 3829 3176 ἱπισυνάξει

2239 3204 2367 3264 τοὺς
2392 3202 2797 3274 ἀπολλυμένους
2814 3205 2865 3269 Ιι,
2898 3206 2994 3257 καὶ
3027 3204 3152 3267 τοὺς
3174 3202 3612 3274 διεσπαρμένους
3651 3202 3825 3256 ’ἰούδα

2244 3293 2463 3357 συνάξει
2514 3295 2579 3347 ὲκ
2629 3294 2739 3353 τῶν
2786 3296 3075 3367 τεσσάρων
3123 3294 3412 3365 πτερύγων
3437 3293 3535 3363 τῆς
3561 3293 3689 3362 γῆς,
3729 3294 3827 3347 καὶ

2243 3385 2761 3458 συμϐοσκηθήσεται
2834 3386 3001 3452 λύκος
3057 3387 3200 3458 μετὰ
3265 3384 3472 3458 άρνοῦ,
3530 3386 3628 3439 καλ⁵
3675 3386 3823 3455 πάρ-

2238 3478 2388 3541 δαλις
2457 3479 2631 3550 ἐρίφῳ
2700 3479 3197 3543 συναναπαύσεται,
3261 3497 3281 3532 ι
3336 3478 3432 3533 καὶ
3496 3478 3821 3549 μοσχάριον,

2242 3571 2337 3624 καλ⁸
2370 3570 2526 3634 λέων,
2572 3571 2667 3625 καὶ
2714 3571 2915 3642 ταῦρος
2974 3572 3090 3643 ἅμα
3142 3570 3577 3643 βοσκηθήσονται
3626 3567 3825 3623 ικατά

2240 3665 2333 3719 τὸν
2380 3664 2649 3735 πολυανθῆ
2686 3666 2785 3736 τῆς
2826 3666 3149 3735 Ἐκκλησίας
3178 3664 3420 3735 λειμῶνα
3471 3672 3532 3727 ⁸,
3563 3664 3705 3717 κατὰ
3727 3663 3822 3715 τὸν

2240 3756 2612 3829 πνευματικὸν
2640 3756 2808 3821 ὅντως
2846 3756 2942 3810 καλ⁵
2977 3755 3163 3827 νοερὸν
3192 3756 3521 3827 παράδεισον
3572 3764 3621 3818 ιι,
3651 3748 3709 3807 οὗ
3723 3752 3822 3806 δά-

2240 3868 2385 3905 κνων
2412 3851 2535 3920 ὄφις
2567 3852 2663 3905 καὶ
2707 3848 2942 3920 συρίζων
2974 3851 3076 3903 οὐκ
3112 3850 3253 3915 ἔστι,
3298 3848 3397 3903 οὐκ
3423 3847 3538 3902 Εὕα
3565 3848 3819 3919 παραλα-

2239 3941 2475 4012 λουμένη
2510 3941 2606 3995 καὶ
2649 3939 3044 4008 παραλαλοῦσα
3092 3940 3185 3993 τὸν
3216 3939 3383 4009 ἄνδρα
3414 3938 3514 3991 καὶ⁵
3552 3937 3821 3991 πείθουσα

2241 4032 2569 4101 μεταλαϐεῖν
2605 4031 2700 4102 τοῦ
2724 4032 2883 4098 ξύλου
2910 4031 3007 4103 τῆς
3028 4030 3306 4100 γνώσεως,
3331 4030 3433 4101 ήδη
3456 4029 3647 4095 κακῶς
3677 4031 3817 4099 αὐτῇ

2239 4126 2675 4195 προσπεισθεῖσα
2722 4128 2789 4197 τῇ
2845 4124 2940 4178 τοῦ
2998 4126 3310 4196 ἀρχεκάκου
3340 4124 3638 4194 δράκοντος
3677 4139 3817 4193 συμ-

2237 4216 2426 4289 ϐουλῇ,
2452 4219 2513 4271 οὐ
2537 4217 2766 4287 φλογίνη
2800 4219 3043 4289 ῥομφαία
3088 4217 3187 4289 τήν
3224 4216 3428 4269 εἴσοδον
3466 4217 3583 4278 τοῖς
3627 4214 3816 4285 βουλος-

2240 4309 2423 4379 μένοις
2449 4310 2599 4364 ἔνδον
2629 4310 2887 4378 γενέσθαι
2904 4309 3149 4380 φοϐερῶς
3170 4308 3614 4378 ὰποτειχίζουσα.
3638 4308 3818 4362 Μόνον

2235 4400 2293 4454 δὲ
2324 4401 2385 4454 τὸ
2420 4400 2575 4466 ξύλον
2609 4402 2710 4473 τῆς
2742 4401 2909 4471 ζωῆς,
2950 4402 3046 4455 καὶ
3093 4400 3369 4472 Παρθένος
3413 4400 3675 4453 τίκτουσα
3720 4402 3816 4451 τὸν

2235 4493 2437 4563 ἑαυτῆς
2491 4492 2747 4563 ἀφθόρως
2793 4494 3050 4565 νυμφίον,
3099 4493 3197 4546 καὶ
3245 4491 3601 4562 νυμφεύουσα
3638 4491 3816 4557 τούτῳ

2233 4582 2358 4646 τοὺς
2378 4585 2476 4654 τῆς
2496 4584 2667 4653 αὐτῆς
2694 4584 3005 4652 οἰκονομίας
3033 4582 3357 4654 ἐφιεμένους
3372 4590 3421 4634 ο.
3443 4581 3604 4635 Ἔστι
3633 4580 3687 4632 δὲ
3717 4581 3816 4632 καὶ

2232 4672 2525 4743 ήτετραχῆ
2561 4672 2895 4743 μεριζομένη
2956 4672 3107 4743 πηγὴ
3162 4673 3343 4725 πᾶσαν
3389 4669 3550 4741 ήμῶν
3590 4670 3815 4737 κατάρ-

2231 4760 2401 4814 δουσα
2447 4771 2474 4811 P
2522 4763 2621 4831 τὴν
2667 4762 2858 4833 ξηράν.
2901 4761 3055 4832 Ξηρά
3082 4761 3191 4832 γὰρ
3220 4760 3296 4824 ὡς
3321 4758 3537 4829 άληθῶς
3584 4757 3676 4812 καὶ
3714 4758 3813 4811 άν-

549 4851 675 4905 ritae
717 4850 1076 4921 fronduisset,
1128 4856 1234 4911 nisi
1269 4859 1587 4928 paradisum
1648 4863 1981 4933 aperuisset,
2019 4867 2126 4922 nisi

2246 4870 2413 4923 οιμος,
2442 4852 2535 4907 καὶ
2565 4855 2744 4924 πάσης
2770 4855 3144 4924 πνευματικῆς
3163 4852 3392 4923 ἄμοιρος
3422 4851 3665 4918 ἐγεγόνει
3687 4850 3812 4903 πιό-

548 4942 974 5013 Evangeliorum
1028 4935 1235 5004 fontem
1282 4951 1649 5019 reclusisset,
1696 4963 1749 5007 et
1811 4954 1977 5011 [invio
2029 4959 2125 5014 ba-

550 5035 736 5102 ptismi
766 5035 1059 5092 draconem
1086 5041 1497 5096 submersisset.

618 5469 724 5526 Sed
745 5474 951 5538 adeste,
974 5474 1271 5533 adoremus
1293 5494 1537 5537 crucem.
1563 5484 1765 5540 Adeste
1792 5486 2118 5557 colligamus

2230 4961 2392 5013 τητος
2422 4945 2528 4998 ὑπὸ
2564 4948 2663 5013 τῆς
2686 4947 2956 5017 ἁμαρτίας
2982 4947 3017 5016 ή
3045 4946 3207 5014 φύσις
3235 4943 3413 5015 ήμῶν.
3439 4943 3553 4995 Καὶ
3586 4942 3649 5012 δὴ
3668 4959 3809 5011 παρ-

2229 5034 2444 5106 ῴκησεν
2473 5035 2539 5090 ἂν
2570 5037 2736 5107 μέχρι
2765 5039 2962 5101 παντὸς
2983 5038 3061 5108 τῷ
3082 5037 3185 5109 ἅδῃ
3216 5037 3311 5091 καὶ
3337 5039 3403 5107 τῇ
3429 5036 3627 5107 φθορᾷ,
3654 5038 3706 5088 εἰ
3733 5035 3809 5105 μὴ

2228 5125 2288 5178 τὸ
2310 5125 2467 5192 ξύλον
2497 5126 2797 5197 ἐϐλάστησε
2829 5128 2931 5198 τῆς
2956 5128 3123 5198 ζωῆς.
3162 5128 3212 5180 εί
3244 5127 3320 5196 μὴ
3347 5125 3439 5178 τὸν
3473 5124 3809 5195 παράδεισον

2227 5218 2556 5287 ἐπανέῳξεν,
2598 5218 2753 5289 εἰμὴ
2785 5219 2886 5289 τὴν
2914 5218 3025 5272 τῶν
3073 5218 3420 5287 Εὐαγγελίων
3460 5216 3644 5287 πηγὴν
3706 5216 3807 5269 ἁν-

2231 5308 2550 5378 εστόμωσεν
2578 5310 2674 5361 καὶ
2701 5310 2815 5372 τοῖς
2863 5311 3131 5379 ποταμοῖς
3158 5306 3255 5362 τοῦ
3284 5304 3660 5377 βαπτίσματος
3709 5305 3806 5357 τὸν

2224 5401 2497 5474 δράκοντα
2526 5404 2934 5458 κατεπόντισεν.

2306 5493 2467 5546 Ἀλλὰ
2497 5494 2649 5547 δεῦτε
2682 5494 3193 5567 προσκυνησᾶῳεθα
3228 5495 3323 5549 τὸν
3345 5496 3598 5567 σταυρόν.
3629 5494 3802 5550 Δεῦτε

621 5583 667 5616 ⁸⁵
697 5585 815 5639 Act.
853 5602 912 5650 ll,
940 5586 993 5651 9,
1031 5586 1116 5643 10.
1199 5589 1243 5620 ⁶⁶
1269 5588 1413 5645 Psal.
1448 5608 1617 5659 xxvii,
1646 5596 1699 5648 9.
1779 5596 1822 5627 "
1849 5599 1951 5653 lsa.
1979 5617 2056 5665 xu,
2094 5604 2182 5671 12,
2214 5606 2300 5660 l5.
2377 5606 2424 5638 “
2455 5604 2594 5660 Gen.
2629 5606 2804 5671 11,10.

1852 5713 2085 5773 νΔΒΙᾹΞ
2118 5718 2519 5777 LECTIUNES.

621 5798 648 5838 ι
672 5791 740 5867 _C.
766 5791 829 5846 V.
870 5796 967 5867 τῇς
992 5799 1224 5867 τρυφῆς.
1304 5802 1328 5840 1³
1362 5802 1424 5856 C.
1488 5802 1548 5857 ι’.
1578 5805 1769 5867 ἀκοήν.

849 5812 967 5890 ’της
1305 5810 1328 5890 τ
1448 5810 1548 5890 "V.
1578 5810 1788 5890 ἀκοήνἏ
1810 5879 1822 5890 .
1861 5811 1872 5850 i
1911 5810 1973 5865 (Ζ.
1999 5813 2062 5867 V.
2096 5815 2500 5890 ἀποθαυμάζει.

556 5858 812 5957 λλομένρυς
848 5850 941 5957 τοῦ
989 5850 1233 5952 Ἰσραήλζ
1312 5869 1424 5951 EC.
1448 5874 1511 5957 ν..
1544 5874 1635 5952 καὶ
1662 5850 1724 5944 δή
1763 5850 2067 5957 βόσκονταιῖ
2096 5850 2717 5943 *ἒνῖίυὶἥῗιιεηιίοεΐ
2741 5850 2957 5957 λἰξιὲἴσῖ.

561 5946 909 5999 νυμφεύουσα
934 5951 1117 5989 τουτον
1150 5944 1260 6001 τοῖς
1296 5944 1389 6009 τῆς
1443 5944 1605 5995 αὑτοῦ
1659 5944 1941 6015 κοινωνίας
1989 5952 2313 6023 ἐφιεμένοις.

2604 5830 2617 5866 J
2654 5818 2717 5873 ε.
2749 5818 2811 5874 ν.
2845 5818 2938 5872 καὶ
2970 5820 3311 5887 παμφυλξαν.
3389 5820 3413 5861 ιι
3439 5818 3500 5875 C.
3532 5817 3593 5871 Υ.
3626 5819 3759 5873 duo

3034 5901 3058 5927 π
3087 5891 3218 5946 (ΣΝ.
3246 5891 3363 5945 νέον
3396 5891 3591 5963 παράδ.
3671 5896 3698 5924 ⁸
3723 5890 3788 5944 ιζ.

2419 5956 2533 6010 PC.
2590 5955 2651 6011 ν.
2723 5955 3147 6031 καταρδεύουσα.
