  <div class='ocr_page' id='page_1' title='image "/cluster/home/n/w/nwhite01/storage/ocr_20150623/98/hvd.32044015586951/646.png"; bbox 0 0 4098 6498; ppageno 0'>
   <div class='ocr_carea' id='block_1_1' title="bbox 288 361 1916 441">
    <p class='ocr_par' dir='ltr' id='par_1_1' title="bbox 288 370 1916 441">
     <span class='ocr_line' id='line_1_1' title="bbox 288 370 1916 441; baseline -0.006 0"><span class='ocrx_word' id='word_1_1' title='bbox 288 378 425 441; x_wconf 70' lang='grc'><strong>1269</strong></span> <span class='ocrx_word' id='word_1_2' title='bbox 1096 377 1183 437; x_wconf 82' lang='lat' dir='ltr'><strong>SE</strong></span> <span class='ocrx_word' id='word_1_3' title='bbox 1194 378 1351 439; x_wconf 64' lang='grc' dir='ltr'><strong>[ἶΜο</strong></span> <span class='ocrx_word' id='word_1_4' title='bbox 1377 375 1475 439; x_wconf 87' lang='lat' dir='ltr'><strong>DE</strong></span> <span class='ocrx_word' id='word_1_5' title='bbox 1512 370 1916 435; x_wconf 74' lang='lat' dir='ltr'><strong>EXALTATIC</strong></span> 
     </span>
    </p>
   </div>
   <div class='ocr_carea' id='block_1_2' title="bbox 1992 361 3549 441">
    <p class='ocr_par' dir='ltr' id='par_1_2' title="bbox 1998 361 3549 432">
     <span class='ocr_line' id='line_1_2' title="bbox 1998 361 3549 432; baseline -0.003 0"><span class='ocrx_word' id='word_1_6' title='bbox 1998 372 2043 431; x_wconf 88' lang='lat' dir='ltr'><strong>E</strong></span> <span class='ocrx_word' id='word_1_7' title='bbox 2082 367 2387 432; x_wconf 68' lang='lat' dir='ltr'><strong>SANCTAE</strong></span> <span class='ocrx_word' id='word_1_8' title='bbox 2421 367 2714 429; x_wconf 83' lang='lat' dir='ltr'><strong>CRUCIS.</strong></span> <span class='ocrx_word' id='word_1_9' title='bbox 3393 361 3549 428; x_wconf 57' lang='lat'><strong>1270*</strong></span> 
     </span>
    </p>
   </div>
   <div class='ocr_carea' id='block_1_3' title="bbox 284 473 1916 562">
    <p class='ocr_par' dir='ltr' id='par_1_3' title="bbox 284 485 1916 562">
     <span class='ocr_line' id='line_1_3' title="bbox 284 485 1916 562; baseline -0.001 -20"><span class='ocrx_word' id='word_1_10' title='bbox 284 488 786 562; x_wconf 77' lang='grc' dir='ltr'>καρπολογήσωμεν</span> <span class='ocrx_word' id='word_1_11' title='bbox 828 488 887 541; x_wconf 82' lang='grc' dir='ltr'>τὸ</span> <span class='ocrx_word' id='word_1_12' title='bbox 923 486 1075 553; x_wconf 78' lang='grc' dir='ltr'>ξύλον</span> <span class='ocrx_word' id='word_1_13' title='bbox 1105 488 1165 541; x_wconf 79' lang='grc' dir='ltr'>τὸ</span> <span class='ocrx_word' id='word_1_14' title='bbox 1198 508 1215 539; x_wconf 78' lang='grc' dir='ltr'><strong>ι</strong></span> <span class='ocrx_word' id='word_1_15' title='bbox 1246 488 1395 559; x_wconf 86' lang='grc' dir='ltr'><strong>παρά</strong></span> <span class='ocrx_word' id='word_1_16' title='bbox 1442 487 1544 551; x_wconf 86' lang='grc' dir='ltr'><strong>τάς</strong></span> <span class='ocrx_word' id='word_1_17' title='bbox 1593 485 1856 549; x_wconf 82' lang='grc' dir='ltr'><strong>διεξόδους</strong></span> <span class='ocrx_word' id='word_1_18' title='bbox 1886 486 1916 541; x_wconf 78' lang='grc' dir='ltr'><strong><em>Δ</em></strong></span> 
     </span>
    </p>
   </div>
   <div class='ocr_carea' id='block_1_4' title="bbox 1992 473 3532 562">
    <p class='ocr_par' dir='ltr' id='par_1_4' title="bbox 1992 473 3532 555">
     <span class='ocr_line' id='line_1_4' title="bbox 1992 473 3532 555; baseline -0.008 -18"><span class='ocrx_word' id='word_1_19' title='bbox 1992 494 2179 539; x_wconf 88' lang='lat' dir='ltr'><strong>ructus</strong></span> <span class='ocrx_word' id='word_1_20' title='bbox 2208 481 2369 555; x_wconf 94' lang='lat' dir='ltr'><strong>ligni,</strong></span> <span class='ocrx_word' id='word_1_21' title='bbox 2396 479 2547 553; x_wconf 90' lang='lat' dir='ltr'><strong>quod</strong></span> <span class='ocrx_word' id='word_1_22' title='bbox 2608 498 2624 529; x_wconf 86' lang='grc' dir='ltr'><strong>ι</strong></span> <span class='ocrx_word' id='word_1_23' title='bbox 2658 479 2965 549; x_wconf 65' lang='grc' dir='ltr'>ρὲιιιιιοιιιηι</span> <span class='ocrx_word' id='word_1_24' title='bbox 3015 482 3101 530; x_wconf 88' lang='lat' dir='ltr'><strong>cst</strong></span> <span class='ocrx_word' id='word_1_25' title='bbox 3150 486 3313 529; x_wconf 86' lang='lat' dir='ltr'><strong>secus</strong></span> <span class='ocrx_word' id='word_1_26' title='bbox 3352 473 3532 526; x_wconf 77' lang='lat' dir='ltr'><strong>exitus</strong></span> 
     </span>
    </p>
   </div>
   <div class='ocr_carea' id='block_1_5' title="bbox 280 564 1916 651">
    <p class='ocr_par' dir='ltr' id='par_1_5' title="bbox 280 576 1857 651">
     <span class='ocr_line' id='line_1_5' title="bbox 280 576 1857 651; baseline -0.004 -17"><span class='ocrx_word' id='word_1_27' title='bbox 280 581 396 634; x_wconf 83' lang='grc' dir='ltr'><strong>τῶν</strong></span> <span class='ocrx_word' id='word_1_28' title='bbox 428 598 449 633; x_wconf 74' lang='grc' dir='ltr'><strong>ι</strong></span> <span class='ocrx_word' id='word_1_29' title='bbox 480 583 542 634; x_wconf 77' lang='grc' dir='ltr'>ὲκ</span> <span class='ocrx_word' id='word_1_30' title='bbox 571 580 809 651; x_wconf 80' lang='grc' dir='ltr'>πλευρᾶς</span> <span class='ocrx_word' id='word_1_31' title='bbox 838 600 855 632; x_wconf 76' lang='grc' dir='ltr'><strong>ι</strong></span> <span class='ocrx_word' id='word_1_32' title='bbox 897 580 1104 633; x_wconf 84' lang='grc' dir='ltr'><strong>ὑδάτων</strong></span> <span class='ocrx_word' id='word_1_33' title='bbox 1136 578 1327 645; x_wconf 72' lang='grc' dir='ltr'>ἑστὼς,</span> <span class='ocrx_word' id='word_1_34' title='bbox 1349 580 1377 634; x_wconf 85' lang='grc' dir='ltr'><strong>ὃ</strong></span> <span class='ocrx_word' id='word_1_35' title='bbox 1403 579 1495 633; x_wconf 76' lang='grc' dir='ltr'><strong>τὸν</strong></span> <span class='ocrx_word' id='word_1_36' title='bbox 1520 577 1735 648; x_wconf 70' lang='grc' dir='ltr'>καρπὸν</span> <span class='ocrx_word' id='word_1_37' title='bbox 1758 576 1857 628; x_wconf 88' lang='grc' dir='ltr'>αὐ-</span> 
     </span>
    </p>
   </div>
   <div class='ocr_carea' id='block_1_6' title="bbox 1992 564 3541 651">
    <p class='ocr_par' dir='ltr' id='par_1_6' title="bbox 1995 564 3541 646">
     <span class='ocr_line' id='line_1_6' title="bbox 1995 564 3541 646; baseline -0.008 -17"><span class='ocrx_word' id='word_1_38' title='bbox 1995 590 2265 646; x_wconf 73' lang='grc' dir='ltr'>ψιπιιιιι»</span> <span class='ocrx_word' id='word_1_39' title='bbox 2297 589 2361 629; x_wconf 77' lang='lat' dir='ltr'><strong>ex</strong></span> <span class='ocrx_word' id='word_1_40' title='bbox 2388 574 2578 636; x_wconf 91' lang='lat' dir='ltr'><strong>latere,</strong></span> <span class='ocrx_word' id='word_1_41' title='bbox 2609 590 2627 623; x_wconf 77' lang='grc' dir='ltr'><strong>ι</strong></span> <span class='ocrx_word' id='word_1_42' title='bbox 2654 569 2800 641; x_wconf 82' lang='lat' dir='ltr'><strong>quod</strong></span> <span class='ocrx_word' id='word_1_43' title='bbox 2825 568 3066 623; x_wconf 85' lang='lat' dir='ltr'><strong>fructum</strong></span> <span class='ocrx_word' id='word_1_44' title='bbox 3101 582 3261 624; x_wconf 88' lang='lat' dir='ltr'><strong>suum</strong></span> <span class='ocrx_word' id='word_1_45' title='bbox 3287 564 3439 620; x_wconf 88' lang='lat' dir='ltr'><strong>dabit</strong></span> <span class='ocrx_word' id='word_1_46' title='bbox 3476 566 3541 618; x_wconf 52' lang='lat' dir='ltr'><strong>in.</strong></span> 
     </span>
    </p>
   </div>
   <div class='ocr_carea' id='block_1_7' title="bbox 284 655 1916 743">
    <p class='ocr_par' dir='ltr' id='par_1_7' title="bbox 284 668 1862 743">
     <span class='ocr_line' id='line_1_7' title="bbox 284 668 1862 743; baseline -0.001 -21"><span class='ocrx_word' id='word_1_47' title='bbox 284 672 383 725; x_wconf 83' lang='grc' dir='ltr'>τοῦ</span> <span class='ocrx_word' id='word_1_48' title='bbox 417 671 579 725; x_wconf 84' lang='grc' dir='ltr'>δώσει</span> <span class='ocrx_word' id='word_1_49' title='bbox 616 682 644 723; x_wconf 73' lang='grc' dir='ltr'><strong>ιι</strong></span> <span class='ocrx_word' id='word_1_50' title='bbox 677 674 735 726; x_wconf 75' lang='grc' dir='ltr'>ὲν</span> <span class='ocrx_word' id='word_1_51' title='bbox 760 670 937 743; x_wconf 83' lang='grc' dir='ltr'>καιρῷ</span> <span class='ocrx_word' id='word_1_52' title='bbox 970 670 1159 726; x_wconf 81' lang='grc' dir='ltr'>αὑτοῦ.</span> <span class='ocrx_word' id='word_1_53' title='bbox 1199 690 1217 723; x_wconf 78' lang='grc' dir='ltr'><strong>ι</strong></span> <span class='ocrx_word' id='word_1_54' title='bbox 1261 671 1319 724; x_wconf 86' lang='lat'><strong>’0</strong></span> <span class='ocrx_word' id='word_1_55' title='bbox 1349 670 1585 742; x_wconf 79' lang='grc' dir='ltr'><strong>σταυρὸς</strong></span> <span class='ocrx_word' id='word_1_56' title='bbox 1615 668 1724 741; x_wconf 82' lang='grc' dir='ltr'><strong>γὰρ</strong></span> <span class='ocrx_word' id='word_1_57' title='bbox 1745 668 1862 722; x_wconf 76' lang='grc' dir='ltr'>δέν-</span> 
     </span>
    </p>
   </div>
   <div class='ocr_carea' id='block_1_8' title="bbox 1992 655 3538 743">
    <p class='ocr_par' dir='ltr' id='par_1_8' title="bbox 1992 655 3538 734">
     <span class='ocr_line' id='line_1_8' title="bbox 1992 655 3538 734; baseline -0.008 -15"><span class='ocrx_word' id='word_1_58' title='bbox 1992 678 2207 734; x_wconf 84' lang='lat' dir='ltr'><strong>empore</strong></span> <span class='ocrx_word' id='word_1_59' title='bbox 2257 663 2446 720; x_wconf 82' lang='lat' dir='ltr'><strong>suo&quot;.</strong></span> <span class='ocrx_word' id='word_1_60' title='bbox 2483 682 2501 715; x_wconf 76' lang='grc' dir='ltr'><strong>ι</strong></span> <span class='ocrx_word' id='word_1_61' title='bbox 2536 660 2673 716; x_wconf 90' lang='lat' dir='ltr'><strong>Nam</strong></span> <span class='ocrx_word' id='word_1_62' title='bbox 2702 675 2840 715; x_wconf 82' lang='lat' dir='ltr'><strong>crux</strong></span> <span class='ocrx_word' id='word_1_63' title='bbox 2890 658 3054 714; x_wconf 89' lang='lat' dir='ltr'><strong>arbor</strong></span> <span class='ocrx_word' id='word_1_64' title='bbox 3097 655 3538 711; x_wconf 77' lang='lat' dir='ltr'><strong>immortalitatis</strong></span> 
     </span>
    </p>
   </div>
   <div class='ocr_carea' id='block_1_9' title="bbox 287 750 1916 833">
    <p class='ocr_par' dir='ltr' id='par_1_9' title="bbox 287 758 1860 833">
     <span class='ocr_line' id='line_1_9' title="bbox 287 758 1860 833; baseline -0.004 -16"><span class='ocrx_word' id='word_1_65' title='bbox 287 766 415 830; x_wconf 86' lang='grc' dir='ltr'>δρον</span> <span class='ocrx_word' id='word_1_66' title='bbox 472 764 621 817; x_wconf 72' lang='grc' dir='ltr'>ἐστὶν</span> <span class='ocrx_word' id='word_1_67' title='bbox 648 762 970 829; x_wconf 79' lang='grc' dir='ltr'><strong>ἀθανασίας,</strong></span> <span class='ocrx_word' id='word_1_68' title='bbox 1003 763 1172 833; x_wconf 74' lang='grc' dir='ltr'>φυτὸν</span> <span class='ocrx_word' id='word_1_69' title='bbox 1215 762 1544 833; x_wconf 79' lang='grc' dir='ltr'><strong>ἀφθαρσίας,</strong></span> <span class='ocrx_word' id='word_1_70' title='bbox 1610 760 1734 831; x_wconf 78' lang='grc' dir='ltr'>ῥίζα</span> <span class='ocrx_word' id='word_1_71' title='bbox 1777 758 1860 812; x_wconf 91' lang='grc' dir='ltr'>δι-</span> 
     </span>
    </p>
   </div>
   <div class='ocr_carea' id='block_1_10' title="bbox 1992 750 3539 833">
    <p class='ocr_par' dir='ltr' id='par_1_10' title="bbox 1995 750 3539 825">
     <span class='ocr_line' id='line_1_10' title="bbox 1995 750 3539 825; baseline -0.008 -13"><span class='ocrx_word' id='word_1_72' title='bbox 1995 767 2064 824; x_wconf 77' lang='lat' dir='ltr'><strong>st,</strong></span> <span class='ocrx_word' id='word_1_73' title='bbox 2101 755 2281 825; x_wconf 91' lang='lat' dir='ltr'><strong>planta</strong></span> <span class='ocrx_word' id='word_1_74' title='bbox 2326 754 2776 824; x_wconf 85' lang='lat' dir='ltr'><strong>incorruptionis,</strong></span> <span class='ocrx_word' id='word_1_75' title='bbox 2840 752 2994 806; x_wconf 81' lang='lat' dir='ltr'><strong>radix</strong></span> <span class='ocrx_word' id='word_1_76' title='bbox 3026 750 3286 821; x_wconf 66' lang='lat' dir='ltr'><strong>justitiw,</strong></span> <span class='ocrx_word' id='word_1_77' title='bbox 3311 762 3539 819; x_wconf 71' lang='lat' dir='ltr'><strong>germen</strong></span> 
     </span>
    </p>
   </div>
   <div class='ocr_carea' id='block_1_11' title="bbox 228 839 1916 941">
    <p class='ocr_par' dir='ltr' id='par_1_11' title="bbox 228 849 1858 941">
     <span class='ocr_line' id='line_1_11' title="bbox 228 849 1858 941; baseline -0.004 -32"><span class='ocrx_word' id='word_1_78' title='bbox 228 928 239 941; x_wconf 31' lang='grc' dir='ltr'><em>τ</em></span> <span class='ocrx_word' id='word_1_79' title='bbox 290 855 607 926; x_wconf 80' lang='grc' dir='ltr'>καιοσύνης,</span> <span class='ocrx_word' id='word_1_80' title='bbox 627 854 979 927; x_wconf 82' lang='grc' dir='ltr'><strong>σωφροσύνης</strong></span> <span class='ocrx_word' id='word_1_81' title='bbox 1010 855 1320 926; x_wconf 79' lang='grc' dir='ltr'><strong>βλάστημα,</strong></span> <span class='ocrx_word' id='word_1_82' title='bbox 1352 851 1649 923; x_wconf 80' lang='grc' dir='ltr'>παρθενίας</span> <span class='ocrx_word' id='word_1_83' title='bbox 1678 849 1858 913; x_wconf 85' lang='grc' dir='ltr'>ἀνθος·</span> 
     </span>
    </p>
   </div>
   <div class='ocr_carea' id='block_1_12' title="bbox 1992 839 3539 941">
    <p class='ocr_par' dir='ltr' id='par_1_12' title="bbox 1992 839 3539 917">
     <span class='ocr_line' id='line_1_12' title="bbox 1992 839 3539 917; baseline -0.006 -15"><span class='ocrx_word' id='word_1_84' title='bbox 1992 848 2360 917; x_wconf 69' lang='lat' dir='ltr'><strong>emperantize,</strong></span> <span class='ocrx_word' id='word_1_85' title='bbox 2389 844 2721 917; x_wconf 75' lang='lat' dir='ltr'><strong>virginitatis</strong></span> <span class='ocrx_word' id='word_1_86' title='bbox 2745 844 2865 899; x_wconf 82' lang='lat' dir='ltr'><strong>llos.</strong></span> <span class='ocrx_word' id='word_1_87' title='bbox 2903 841 3051 898; x_wconf 79' lang='lat' dir='ltr'><strong>Crux</strong></span> <span class='ocrx_word' id='word_1_88' title='bbox 3078 851 3355 896; x_wconf 80' lang='lat' dir='ltr'><strong>armatura</strong></span> <span class='ocrx_word' id='word_1_89' title='bbox 3381 839 3539 893; x_wconf 79' lang='lat' dir='ltr'><strong>forti-</strong></span> 
     </span>
    </p>
   </div>
   <div class='ocr_carea' id='block_1_13' title="bbox 218 931 1916 1027">
    <p class='ocr_par' dir='ltr' id='par_1_13' title="bbox 218 931 1861 1027">
     <span class='ocr_line' id='line_1_13' title="bbox 218 931 1861 1027; baseline -0.003 -27"><span class='ocrx_word' id='word_1_90' title='bbox 218 931 239 1027; x_wconf 60' lang='grc' dir='ltr'><strong>ί</strong></span> <span class='ocrx_word' id='word_1_91' title='bbox 295 947 553 1019; x_wconf 73' lang='grc' dir='ltr'>σταυρὸς,</span> <span class='ocrx_word' id='word_1_92' title='bbox 587 947 843 1017; x_wconf 79' lang='grc' dir='ltr'>ἀνδρείας</span> <span class='ocrx_word' id='word_1_93' title='bbox 868 947 1055 1011; x_wconf 82' lang='grc' dir='ltr'>ὅπλον,</span> <span class='ocrx_word' id='word_1_94' title='bbox 1089 945 1419 1018; x_wconf 71' lang='grc' dir='ltr'>ἐγκρατείας</span> <span class='ocrx_word' id='word_1_95' title='bbox 1448 944 1752 1015; x_wconf 79' lang='grc' dir='ltr'>στήριγμα,</span> <span class='ocrx_word' id='word_1_96' title='bbox 1769 941 1861 995; x_wconf 81' lang='grc' dir='ltr'>θε-</span> 
     </span>
    </p>
   </div>
   <div class='ocr_carea' id='block_1_14' title="bbox 1992 931 3534 1027">
    <p class='ocr_par' dir='ltr' id='par_1_14' title="bbox 1992 931 3534 1001">
     <span class='ocr_line' id='line_1_14' title="bbox 1992 931 3534 1001; baseline -0.008 -10"><span class='ocrx_word' id='word_1_97' title='bbox 1992 939 2192 1001; x_wconf 89' lang='lat' dir='ltr'><strong>udinis,</strong></span> <span class='ocrx_word' id='word_1_98' title='bbox 2223 936 2579 992; x_wconf 67' lang='lat' dir='ltr'><strong>continentiae</strong></span> <span class='ocrx_word' id='word_1_99' title='bbox 2632 933 2895 997; x_wconf 82' lang='lat' dir='ltr'><strong>fulcrum,</strong></span> <span class='ocrx_word' id='word_1_100' title='bbox 2933 933 3350 989; x_wconf 76' lang='lat' dir='ltr'><strong>fundamentum</strong></span> <span class='ocrx_word' id='word_1_101' title='bbox 3385 931 3534 993; x_wconf 86' lang='lat' dir='ltr'><strong>fidei,</strong></span> 
     </span>
    </p>
   </div>
   <div class='ocr_carea' id='block_1_15' title="bbox 224 1022 1916 1117">
    <p class='ocr_par' dir='ltr' id='par_1_15' title="bbox 224 1022 1863 1117">
     <span class='ocr_line' id='line_1_15' title="bbox 224 1022 1863 1117; baseline -0.005 -25"><span class='ocrx_word' id='word_1_102' title='bbox 224 1022 229 1117; x_wconf 21' lang='grc' dir='ltr'><em>ᾗ</em></span> <span class='ocrx_word' id='word_1_103' title='bbox 297 1037 482 1105; x_wconf 82' lang='grc' dir='ltr'>μέλιος</span> <span class='ocrx_word' id='word_1_104' title='bbox 517 1038 1090 1103; x_wconf 82' lang='grc' dir='ltr'>πίστεως,εὐσε6είας</span> <span class='ocrx_word' id='word_1_105' title='bbox 1160 1036 1472 1107; x_wconf 73' lang='grc' dir='ltr'>ὑποϐάθρα,</span> <span class='ocrx_word' id='word_1_106' title='bbox 1526 1032 1863 1102; x_wconf 83' lang='grc' dir='ltr'>θεογνωσίας</span> 
     </span>
    </p>
   </div>
   <div class='ocr_carea' id='block_1_16' title="bbox 1992 1022 3538 1117">
    <p class='ocr_par' dir='ltr' id='par_1_16' title="bbox 1992 1022 3538 1097">
     <span class='ocr_line' id='line_1_16' title="bbox 1992 1022 3538 1097; baseline -0.002 -17"><span class='ocrx_word' id='word_1_107' title='bbox 1992 1028 2186 1083; x_wconf 68' lang='grc' dir='ltr'>υἱειιιιίε</span> <span class='ocrx_word' id='word_1_108' title='bbox 2220 1027 2680 1090; x_wconf 88' lang='lat' dir='ltr'><strong>sustentaculum,</strong></span> <span class='ocrx_word' id='word_1_109' title='bbox 2705 1026 3041 1097; x_wconf 83' lang='lat' dir='ltr'><strong>cognitionis</strong></span> <span class='ocrx_word' id='word_1_110' title='bbox 3085 1023 3289 1079; x_wconf 70' lang='lat' dir='ltr'><strong>divinae</strong></span> <span class='ocrx_word' id='word_1_111' title='bbox 3331 1022 3538 1077; x_wconf 90' lang='lat' dir='ltr'><strong>illumi-</strong></span> 
     </span>
    </p>
   </div>
   <div class='ocr_carea' id='block_1_17' title="bbox 297 1113 1916 1201">
    <p class='ocr_par' dir='ltr' id='par_1_17' title="bbox 297 1125 1862 1201">
     <span class='ocr_line' id='line_1_17' title="bbox 297 1125 1862 1201; baseline 0.004 -20"><span class='ocrx_word' id='word_1_112' title='bbox 297 1129 597 1200; x_wconf 80' lang='grc' dir='ltr'>φωτισμὺς,</span> <span class='ocrx_word' id='word_1_113' title='bbox 621 1130 715 1183; x_wconf 75' lang='grc' dir='ltr'>καὶ</span> <span class='ocrx_word' id='word_1_114' title='bbox 745 1129 881 1182; x_wconf 78' lang='grc' dir='ltr'>πολὺ</span> <span class='ocrx_word' id='word_1_115' title='bbox 930 1130 1193 1201; x_wconf 91' lang='grc' dir='ltr'>πρότερον</span> <span class='ocrx_word' id='word_1_116' title='bbox 1258 1126 1543 1199; x_wconf 81' lang='grc' dir='ltr'>ἀνατροπὴ</span> <span class='ocrx_word' id='word_1_117' title='bbox 1599 1125 1862 1194; x_wconf 72' lang='grc' dir='ltr'>κατάραςν</span> 
     </span>
    </p>
   </div>
   <div class='ocr_carea' id='block_1_18' title="bbox 1992 1113 3539 1201">
    <p class='ocr_par' dir='ltr' id='par_1_18' title="bbox 1992 1113 3539 1187">
     <span class='ocr_line' id='line_1_18' title="bbox 1992 1113 3539 1187; baseline -0.004 -13"><span class='ocrx_word' id='word_1_118' title='bbox 1992 1121 2141 1185; x_wconf 72' lang='lat' dir='ltr'><strong>natio,</strong></span> <span class='ocrx_word' id='word_1_119' title='bbox 2175 1129 2230 1173; x_wconf 89' lang='lat' dir='ltr'><strong>et</strong></span> <span class='ocrx_word' id='word_1_120' title='bbox 2262 1119 2423 1187; x_wconf 88' lang='lat' dir='ltr'><strong>longe</strong></span> <span class='ocrx_word' id='word_1_121' title='bbox 2451 1126 2611 1172; x_wconf 87' lang='lat' dir='ltr'><strong>antea</strong></span> <span class='ocrx_word' id='word_1_122' title='bbox 2641 1116 3043 1172; x_wconf 89' lang='lat' dir='ltr'><strong>maledictionis</strong></span> <span class='ocrx_word' id='word_1_123' title='bbox 3074 1114 3312 1180; x_wconf 81' lang='lat' dir='ltr'><strong>eversio,</strong></span> <span class='ocrx_word' id='word_1_124' title='bbox 3336 1113 3539 1168; x_wconf 90' lang='lat' dir='ltr'><strong>solutio</strong></span> 
     </span>
    </p>
   </div>
   <div class='ocr_carea' id='block_1_19' title="bbox 296 1203 1916 1293">
    <p class='ocr_par' dir='ltr' id='par_1_19' title="bbox 296 1216 1866 1293">
     <span class='ocr_line' id='line_1_19' title="bbox 296 1216 1866 1293; baseline -0.003 -19"><span class='ocrx_word' id='word_1_125' title='bbox 296 1221 628 1291; x_wconf 78' lang='grc' dir='ltr'>ἀποφάσεως</span> <span class='ocrx_word' id='word_1_126' title='bbox 660 1220 835 1285; x_wconf 82' lang='grc' dir='ltr'>λύσις,</span> <span class='ocrx_word' id='word_1_127' title='bbox 864 1219 1082 1293; x_wconf 78' lang='grc' dir='ltr'>ὲξορίας</span> <span class='ocrx_word' id='word_1_128' title='bbox 1127 1219 1450 1289; x_wconf 90' lang='grc' dir='ltr'>ἀνάκλησις,</span> <span class='ocrx_word' id='word_1_129' title='bbox 1498 1216 1866 1287; x_wconf 74' lang='grc' dir='ltr'><strong>αἰχμαλώτων</strong></span> 
     </span>
    </p>
   </div>
   <div class='ocr_carea' id='block_1_20' title="bbox 1992 1203 3541 1293">
    <p class='ocr_par' dir='ltr' id='par_1_20' title="bbox 1992 1203 3541 1274">
     <span class='ocr_line' id='line_1_20' title="bbox 1992 1203 3541 1274; baseline -0.005 -10"><span class='ocrx_word' id='word_1_130' title='bbox 1992 1220 2093 1264; x_wconf 58' lang='lat' dir='ltr'><strong>atas</strong></span> <span class='ocrx_word' id='word_1_131' title='bbox 2122 1207 2431 1271; x_wconf 66' lang='lat' dir='ltr'><strong>sententiae,</strong></span> <span class='ocrx_word' id='word_1_132' title='bbox 2461 1207 2643 1262; x_wconf 85' lang='lat' dir='ltr'><strong>exsilii</strong></span> <span class='ocrx_word' id='word_1_133' title='bbox 2683 1205 2890 1260; x_wconf 88' lang='lat' dir='ltr'><strong>decreti</strong></span> <span class='ocrx_word' id='word_1_134' title='bbox 2941 1204 3245 1267; x_wconf 86' lang='lat' dir='ltr'><strong>revocatio.</strong></span> <span class='ocrx_word' id='word_1_135' title='bbox 3293 1203 3541 1274; x_wconf 85' lang='lat' dir='ltr'><strong>captivo-</strong></span> 
     </span>
    </p>
   </div>
   <div class='ocr_carea' id='block_1_21' title="bbox 294 1296 1916 1384">
    <p class='ocr_par' dir='ltr' id='par_1_21' title="bbox 294 1308 1867 1384">
     <span class='ocr_line' id='line_1_21' title="bbox 294 1308 1867 1384; baseline -0.003 -19"><span class='ocrx_word' id='word_1_136' title='bbox 294 1313 587 1384; x_wconf 82' lang='grc' dir='ltr'>λύτρωσις,</span> <span class='ocrx_word' id='word_1_137' title='bbox 618 1312 989 1383; x_wconf 79' lang='grc' dir='ltr'>πλανωμένων</span> <span class='ocrx_word' id='word_1_138' title='bbox 1038 1310 1365 1383; x_wconf 80' lang='grc' dir='ltr'>ὲπιστροφὴ,</span> <span class='ocrx_word' id='word_1_139' title='bbox 1397 1310 1707 1365; x_wconf 82' lang='grc' dir='ltr'>πιπτόντων</span> <span class='ocrx_word' id='word_1_140' title='bbox 1733 1308 1867 1362; x_wconf 78' lang='grc' dir='ltr'>ἀνά-</span> 
     </span>
    </p>
   </div>
   <div class='ocr_carea' id='block_1_22' title="bbox 1992 1296 3540 1384">
    <p class='ocr_par' dir='ltr' id='par_1_22' title="bbox 1992 1296 3540 1365">
     <span class='ocr_line' id='line_1_22' title="bbox 1992 1296 3540 1365; baseline -0.005 -10"><span class='ocrx_word' id='word_1_141' title='bbox 1992 1318 2089 1356; x_wconf 81' lang='lat' dir='ltr'><strong>um</strong></span> <span class='ocrx_word' id='word_1_142' title='bbox 2126 1300 2401 1365; x_wconf 85' lang='lat' dir='ltr'><strong>liberatio,</strong></span> <span class='ocrx_word' id='word_1_143' title='bbox 2428 1297 2777 1354; x_wconf 86' lang='lat' dir='ltr'><strong>seductorum</strong></span> <span class='ocrx_word' id='word_1_144' title='bbox 2819 1297 3081 1361; x_wconf 81' lang='lat' dir='ltr'><strong>reversio,</strong></span> <span class='ocrx_word' id='word_1_145' title='bbox 3112 1296 3423 1351; x_wconf 86' lang='lat' dir='ltr'><strong>cadentium</strong></span> <span class='ocrx_word' id='word_1_146' title='bbox 3453 1310 3540 1348; x_wconf 90' lang='lat' dir='ltr'><strong>re-</strong></span> 
     </span>
    </p>
   </div>
   <div class='ocr_carea' id='block_1_23' title="bbox 299 1386 1916 1471">
    <p class='ocr_par' dir='ltr' id='par_1_23' title="bbox 299 1397 1867 1471">
     <span class='ocr_line' id='line_1_23' title="bbox 299 1397 1867 1471; baseline -0.004 -16"><span class='ocrx_word' id='word_1_147' title='bbox 299 1419 527 1466; x_wconf 89' lang='grc' dir='ltr'>στασις,</span> <span class='ocrx_word' id='word_1_148' title='bbox 581 1401 905 1471; x_wconf 78' lang='grc' dir='ltr'>σωζομένων</span> <span class='ocrx_word' id='word_1_149' title='bbox 966 1401 1220 1471; x_wconf 88' lang='grc' dir='ltr'>δύναμις,</span> <span class='ocrx_word' id='word_1_150' title='bbox 1300 1398 1553 1471; x_wconf 83' lang='grc' dir='ltr'>προκοπὴ</span> <span class='ocrx_word' id='word_1_151' title='bbox 1603 1397 1867 1461; x_wconf 88' lang='grc' dir='ltr'>δικαίων,</span> 
     </span>
    </p>
   </div>
   <div class='ocr_carea' id='block_1_24' title="bbox 1992 1386 3542 1471">
    <p class='ocr_par' dir='ltr' id='par_1_24' title="bbox 1992 1386 3542 1461">
     <span class='ocr_line' id='line_1_24' title="bbox 1992 1386 3542 1461; baseline -0.003 -17"><span class='ocrx_word' id='word_1_152' title='bbox 1992 1392 2265 1459; x_wconf 86' lang='lat' dir='ltr'><strong>.urrectio,</strong></span> <span class='ocrx_word' id='word_1_153' title='bbox 2316 1406 2508 1447; x_wconf 90' lang='lat' dir='ltr'><strong>eorum</strong></span> <span class='ocrx_word' id='word_1_154' title='bbox 2562 1391 2659 1461; x_wconf 90' lang='lat' dir='ltr'><strong>qui</strong></span> <span class='ocrx_word' id='word_1_155' title='bbox 2713 1389 2997 1444; x_wconf 88' lang='lat' dir='ltr'><strong>salvantur</strong></span> <span class='ocrx_word' id='word_1_156' title='bbox 3016 1388 3211 1444; x_wconf 87' lang='lat' dir='ltr'><strong>virtus.</strong></span> <span class='ocrx_word' id='word_1_157' title='bbox 3259 1386 3542 1457; x_wconf 87' lang='lat' dir='ltr'><strong>profectus</strong></span> 
     </span>
    </p>
   </div>
   <div class='ocr_carea' id='block_1_25' title="bbox 298 1478 1916 1567">
    <p class='ocr_par' dir='ltr' id='par_1_25' title="bbox 298 1488 1872 1567">
     <span class='ocr_line' id='line_1_25' title="bbox 298 1488 1872 1567; baseline -0.004 -21"><span class='ocrx_word' id='word_1_158' title='bbox 298 1494 586 1567; x_wconf 76' lang='grc' dir='ltr'>παρρησία</span> <span class='ocrx_word' id='word_1_159' title='bbox 649 1493 815 1547; x_wconf 86' lang='grc' dir='ltr'>όσίων</span> <span class='ocrx_word' id='word_1_160' title='bbox 875 1502 923 1557; x_wconf 73' lang='grc' dir='ltr'>τ,</span> <span class='ocrx_word' id='word_1_161' title='bbox 980 1489 1281 1562; x_wconf 81' lang='grc' dir='ltr'>προφητῶν</span> <span class='ocrx_word' id='word_1_162' title='bbox 1336 1488 1872 1559; x_wconf 80' lang='grc' dir='ltr'>ἀγαλλίαμα,κήρυ-</span> 
     </span>
    </p>
   </div>
   <div class='ocr_carea' id='block_1_26' title="bbox 1992 1478 3544 1567">
    <p class='ocr_par' dir='ltr' id='par_1_26' title="bbox 1993 1478 3544 1549">
     <span class='ocr_line' id='line_1_26' title="bbox 1993 1478 3544 1549; baseline -0.005 -9"><span class='ocrx_word' id='word_1_163' title='bbox 1993 1496 2266 1549; x_wconf 92' lang='lat' dir='ltr'><strong>ustorum,</strong></span> <span class='ocrx_word' id='word_1_164' title='bbox 2299 1483 2524 1538; x_wconf 86' lang='lat' dir='ltr'><strong>libertas</strong></span> <span class='ocrx_word' id='word_1_165' title='bbox 2552 1490 2893 1546; x_wconf 87' lang='lat' dir='ltr'><strong>sanctorum,</strong></span> <span class='ocrx_word' id='word_1_166' title='bbox 2927 1480 3316 1549; x_wconf 87' lang='lat' dir='ltr'><strong>prophetarum</strong></span> <span class='ocrx_word' id='word_1_167' title='bbox 3360 1478 3544 1535; x_wconf 82' lang='lat' dir='ltr'><strong>exsul-</strong></span> 
     </span>
    </p>
   </div>
   <div class='ocr_carea' id='block_1_27' title="bbox 296 1572 1916 1656">
    <p class='ocr_par' dir='ltr' id='par_1_27' title="bbox 296 1577 1871 1656">
     <span class='ocr_line' id='line_1_27' title="bbox 296 1577 1871 1656; baseline -0.006 -15"><span class='ocrx_word' id='word_1_168' title='bbox 296 1602 417 1655; x_wconf 85' lang='grc' dir='ltr'><strong>γμα</strong></span> <span class='ocrx_word' id='word_1_169' title='bbox 461 1587 557 1641; x_wconf 76' lang='grc' dir='ltr'>καὶ</span> <span class='ocrx_word' id='word_1_170' title='bbox 609 1587 872 1656; x_wconf 87' lang='grc' dir='ltr'>τρόπαιον</span> <span class='ocrx_word' id='word_1_171' title='bbox 928 1582 1282 1638; x_wconf 71' lang='grc' dir='ltr'>ἀποστόλων*</span> <span class='ocrx_word' id='word_1_172' title='bbox 1329 1578 1581 1651; x_wconf 82' lang='grc' dir='ltr'>σταυρὸς,</span> <span class='ocrx_word' id='word_1_173' title='bbox 1618 1577 1871 1649; x_wconf 79' lang='grc' dir='ltr'>βραϐεῖον</span> 
     </span>
    </p>
   </div>
   <div class='ocr_carea' id='block_1_28' title="bbox 1992 1572 3541 1656">
    <p class='ocr_par' dir='ltr' id='par_1_28' title="bbox 1992 1572 3541 1647">
     <span class='ocr_line' id='line_1_28' title="bbox 1992 1572 3541 1647; baseline -0.006 -14"><span class='ocrx_word' id='word_1_174' title='bbox 1992 1579 2126 1641; x_wconf 87' lang='lat' dir='ltr'><strong>atio,</strong></span> <span class='ocrx_word' id='word_1_175' title='bbox 2166 1574 2506 1647; x_wconf 68' lang='lat' dir='ltr'><strong>praeconium</strong></span> <span class='ocrx_word' id='word_1_176' title='bbox 2550 1582 2603 1628; x_wconf 91' lang='lat' dir='ltr'><strong>et</strong></span> <span class='ocrx_word' id='word_1_177' title='bbox 2654 1582 2917 1641; x_wconf 69' lang='lat' dir='ltr'><strong>trapaaum</strong></span> <span class='ocrx_word' id='word_1_178' title='bbox 2959 1572 3361 1641; x_wconf 85' lang='lat' dir='ltr'><strong>apostolorum,</strong></span> <span class='ocrx_word' id='word_1_179' title='bbox 3405 1584 3541 1626; x_wconf 79' lang='lat' dir='ltr'><strong>crux</strong></span> 
     </span>
    </p>
   </div>
   <div class='ocr_carea' id='block_1_29' title="bbox 298 1664 1916 1749">
    <p class='ocr_par' dir='ltr' id='par_1_29' title="bbox 298 1671 1873 1749">
     <span class='ocr_line' id='line_1_29' title="bbox 298 1671 1873 1749; baseline -0.005 -18"><span class='ocrx_word' id='word_1_180' title='bbox 298 1680 527 1749; x_wconf 79' lang='grc' dir='ltr'>είρήνης</span> <span class='ocrx_word' id='word_1_181' title='bbox 558 1679 801 1749; x_wconf 75' lang='grc' dir='ltr'>οὐρανοῦ,</span> <span class='ocrx_word' id='word_1_182' title='bbox 816 1678 912 1731; x_wconf 69' lang='grc' dir='ltr'>καὶ</span> <span class='ocrx_word' id='word_1_183' title='bbox 942 1679 1071 1747; x_wconf 80' lang='grc' dir='ltr'>γῆς,</span> <span class='ocrx_word' id='word_1_184' title='bbox 1108 1674 1309 1746; x_wconf 83' lang='grc' dir='ltr'>μᾶλλον</span> <span class='ocrx_word' id='word_1_185' title='bbox 1335 1672 1394 1726; x_wconf 84' lang='grc' dir='ltr'>δὲ</span> <span class='ocrx_word' id='word_1_186' title='bbox 1440 1671 1720 1742; x_wconf 88' lang='grc' dir='ltr'>,οὐρανίων</span> <span class='ocrx_word' id='word_1_187' title='bbox 1776 1671 1873 1724; x_wconf 70' lang='grc' dir='ltr'>καὶ</span> 
     </span>
    </p>
   </div>
   <div class='ocr_carea' id='block_1_30' title="bbox 1992 1664 3541 1749">
    <p class='ocr_par' dir='ltr' id='par_1_30' title="bbox 1992 1664 3541 1738">
     <span class='ocr_line' id='line_1_30' title="bbox 1992 1664 3541 1738; baseline -0.006 -12"><span class='ocrx_word' id='word_1_188' title='bbox 1992 1670 2221 1726; x_wconf 75' lang='lat' dir='ltr'><strong>iravium</strong></span> <span class='ocrx_word' id='word_1_189' title='bbox 2250 1666 2400 1738; x_wconf 84' lang='lat' dir='ltr'><strong>pacis</strong></span> <span class='ocrx_word' id='word_1_190' title='bbox 2458 1665 2584 1723; x_wconf 70' lang='lat' dir='ltr'><strong>caali</strong></span> <span class='ocrx_word' id='word_1_191' title='bbox 2612 1673 2668 1721; x_wconf 88' lang='lat' dir='ltr'><strong>et</strong></span> <span class='ocrx_word' id='word_1_192' title='bbox 2700 1674 2876 1728; x_wconf 64' lang='lat' dir='ltr'><strong>terrae,</strong></span> <span class='ocrx_word' id='word_1_193' title='bbox 2912 1665 2994 1721; x_wconf 87' lang='lat' dir='ltr'><strong>vel</strong></span> <span class='ocrx_word' id='word_1_194' title='bbox 3032 1664 3215 1734; x_wconf 87' lang='lat' dir='ltr'><strong>potius</strong></span> <span class='ocrx_word' id='word_1_195' title='bbox 3236 1664 3541 1720; x_wconf 73' lang='lat' dir='ltr'><strong>caelestium</strong></span> 
     </span>
    </p>
   </div>
   <div class='ocr_carea' id='block_1_31' title="bbox 298 1756 1916 1839">
    <p class='ocr_par' dir='ltr' id='par_1_31' title="bbox 298 1759 1916 1839">
     <span class='ocr_line' id='line_1_31' title="bbox 298 1759 1916 1839; baseline -0.007 -16"><span class='ocrx_word' id='word_1_196' title='bbox 298 1768 562 1837; x_wconf 73' lang='grc' dir='ltr'>ἐπιγείων</span> <span class='ocrx_word' id='word_1_197' title='bbox 592 1767 838 1839; x_wconf 82' lang='grc' dir='ltr'>ὁμόνοια,</span> <span class='ocrx_word' id='word_1_198' title='bbox 870 1765 1142 1828; x_wconf 86' lang='grc' dir='ltr'>κτίσεως·</span> <span class='ocrx_word' id='word_1_199' title='bbox 1177 1761 1472 1833; x_wconf 79' lang='grc' dir='ltr'>ἁγιασμὸς.</span> <span class='ocrx_word' id='word_1_200' title='bbox 1504 1759 1871 1833; x_wconf 78' lang='grc' dir='ltr'>ἑορταζόντων</span> <span class='ocrx_word' id='word_1_201' title='bbox 1906 1826 1916 1839; x_wconf 49' lang='grc' dir='ltr'><strong>Ι</strong></span> 
     </span>
    </p>
   </div>
   <div class='ocr_carea' id='block_1_32' title="bbox 1992 1756 3542 1839">
    <p class='ocr_par' dir='ltr' id='par_1_32' title="bbox 1992 1756 3542 1824">
     <span class='ocr_line' id='line_1_32' title="bbox 1992 1756 3542 1824; baseline -0.006 -6"><span class='ocrx_word' id='word_1_202' title='bbox 1992 1772 2026 1818; x_wconf 67' lang='lat' dir='ltr'><strong>et</strong></span> <span class='ocrx_word' id='word_1_203' title='bbox 2084 1762 2428 1818; x_wconf 85' lang='lat' dir='ltr'><strong>terrestrium</strong></span> <span class='ocrx_word' id='word_1_204' title='bbox 2481 1758 2799 1823; x_wconf 84' lang='lat' dir='ltr'><strong>concordia,</strong></span> <span class='ocrx_word' id='word_1_205' title='bbox 2840 1769 3111 1813; x_wconf 71' lang='lat' dir='ltr'><strong>creatum</strong></span> <span class='ocrx_word' id='word_1_206' title='bbox 3160 1756 3542 1824; x_wconf 81' lang='lat' dir='ltr'><strong>sanctificatio,</strong></span> 
     </span>
    </p>
   </div>
   <div class='ocr_carea' id='block_1_33' title="bbox 301 1826 1916 1930">
    <p class='ocr_par' dir='ltr' id='par_1_33' title="bbox 301 1826 1916 1930">
     <span class='ocr_line' id='line_1_33' title="bbox 301 1826 1916 1930; baseline -0.009 -16"><span class='ocrx_word' id='word_1_207' title='bbox 301 1826 921 1930; x_wconf 51' lang='grc' dir='ltr'>πανήγυριςξάρῤαδὼν</span> <span class='ocrx_word' id='word_1_208' title='bbox 948 1826 1253 1919; x_wconf 77' lang='grc' dir='ltr'>υἱοθεσίας,</span> <span class='ocrx_word' id='word_1_209' title='bbox 1288 1826 1581 1923; x_wconf 38' lang='grc' dir='ltr'>βασιλείας-</span> <span class='ocrx_word' id='word_1_210' title='bbox 1623 1847 1872 1920; x_wconf 82' lang='grc' dir='ltr'>οὐρανῶν</span> <span class='ocrx_word' id='word_1_211' title='bbox 1905 1826 1916 1882; x_wconf 67' lang='grc' dir='ltr'><strong>Ι</strong></span> 
     </span>
    </p>
   </div>
   <div class='ocr_carea' id='block_1_34' title="bbox 1992 1826 3544 1930">
    <p class='ocr_par' dir='ltr' id='par_1_34' title="bbox 1992 1846 3544 1921">
     <span class='ocr_line' id='line_1_34' title="bbox 1992 1846 3544 1921; baseline -0.004 -12"><span class='ocrx_word' id='word_1_212' title='bbox 1992 1854 2175 1909; x_wconf 74' lang='lat' dir='ltr'><strong>‘estum</strong></span> <span class='ocrx_word' id='word_1_213' title='bbox 2205 1852 2600 1909; x_wconf 85' lang='lat' dir='ltr'><strong>celebrantium</strong></span> <span class='ocrx_word' id='word_1_214' title='bbox 2633 1849 2948 1921; x_wconf 85' lang='lat' dir='ltr'><strong>panegyris,</strong></span> <span class='ocrx_word' id='word_1_215' title='bbox 2985 1849 3184 1919; x_wconf 84' lang='lat' dir='ltr'><strong>pignus</strong></span> <span class='ocrx_word' id='word_1_216' title='bbox 3229 1846 3544 1918; x_wconf 86' lang='lat' dir='ltr'><strong>adoptionis</strong></span> 
     </span>
    </p>
   </div>
   <div class='ocr_carea' id='block_1_35' title="bbox 299 1937 1916 2022">
    <p class='ocr_par' dir='ltr' id='par_1_35' title="bbox 299 1938 1871 2022">
     <span class='ocr_line' id='line_1_35' title="bbox 299 1938 1871 2022; baseline -0.007 -19"><span class='ocrx_word' id='word_1_217' title='bbox 299 1949 654 2022; x_wconf 82' lang='grc' dir='ltr'>κληρονομία,</span> <span class='ocrx_word' id='word_1_218' title='bbox 687 1948 867 2002; x_wconf 78' lang='grc' dir='ltr'>καὶτὸ</span> <span class='ocrx_word' id='word_1_219' title='bbox 895 1946 960 2017; x_wconf 85' lang='grc' dir='ltr'>δὴ</span> <span class='ocrx_word' id='word_1_220' title='bbox 991 1945 1288 2016; x_wconf 83' lang='grc' dir='ltr'>θειότερον,</span> <span class='ocrx_word' id='word_1_221' title='bbox 1320 1944 1542 2012; x_wconf 82' lang='grc' dir='ltr'>ἀγάπης</span> <span class='ocrx_word' id='word_1_222' title='bbox 1595 1940 1692 1995; x_wconf 82' lang='grc' dir='ltr'>τοῦ</span> <span class='ocrx_word' id='word_1_223' title='bbox 1736 1938 1871 1994; x_wconf 76' lang='grc' dir='ltr'>Θεοῦ</span> 
     </span>
    </p>
   </div>
   <div class='ocr_carea' id='block_1_36' title="bbox 1992 1937 3544 2022">
    <p class='ocr_par' dir='ltr' id='par_1_36' title="bbox 1992 1937 3544 2010">
     <span class='ocr_line' id='line_1_36' title="bbox 1992 1937 3544 2010; baseline -0.005 -13"><span class='ocrx_word' id='word_1_224' title='bbox 1992 1943 2239 2009; x_wconf 90' lang='lat' dir='ltr'><strong>iliorum,</strong></span> <span class='ocrx_word' id='word_1_225' title='bbox 2275 1941 2564 1997; x_wconf 61' lang='lat' dir='ltr'><strong>haereditas</strong></span> <span class='ocrx_word' id='word_1_226' title='bbox 2592 1940 2745 2010; x_wconf 81' lang='lat' dir='ltr'><strong>regni</strong></span> <span class='ocrx_word' id='word_1_227' title='bbox 2782 1938 3072 2003; x_wconf 64' lang='lat' dir='ltr'><strong>caelorum,</strong></span> <span class='ocrx_word' id='word_1_228' title='bbox 3122 1948 3177 1993; x_wconf 88' lang='lat' dir='ltr'><strong>et</strong></span> <span class='ocrx_word' id='word_1_229' title='bbox 3222 1938 3369 2009; x_wconf 91' lang='lat' dir='ltr'><strong>quod</strong></span> <span class='ocrx_word' id='word_1_230' title='bbox 3402 1937 3544 1991; x_wconf 91' lang='lat' dir='ltr'><strong>divi-</strong></span> 
     </span>
    </p>
   </div>
   <div class='ocr_carea' id='block_1_37' title="bbox 299 2030 1916 2111">
    <p class='ocr_par' dir='ltr' id='par_1_37' title="bbox 299 2031 1874 2111">
     <span class='ocr_line' id='line_1_37' title="bbox 299 2031 1874 2111; baseline -0.008 -16"><span class='ocrx_word' id='word_1_231' title='bbox 299 2043 400 2097; x_wconf 71' lang='grc' dir='ltr'>καὶ</span> <span class='ocrx_word' id='word_1_232' title='bbox 429 2041 638 2110; x_wconf 82' lang='grc' dir='ltr'>Πατρδς</span> <span class='ocrx_word' id='word_1_233' title='bbox 662 2040 792 2111; x_wconf 77' lang='grc' dir='ltr'>περὶ</span> <span class='ocrx_word' id='word_1_234' title='bbox 824 2039 971 2108; x_wconf 78' lang='grc' dir='ltr'>ἡμᾶς</span> <span class='ocrx_word' id='word_1_235' title='bbox 1003 2036 1277 2107; x_wconf 79' lang='grc' dir='ltr'>σύμόολον</span> <span class='ocrx_word' id='word_1_236' title='bbox 1314 2036 1594 2106; x_wconf 87' lang='grc' dir='ltr'>μέγιστον,</span> <span class='ocrx_word' id='word_1_237' title='bbox 1647 2031 1874 2097; x_wconf 78' lang='grc' dir='ltr'>ἔνδειξίς</span> 
     </span>
    </p>
   </div>
   <div class='ocr_carea' id='block_1_38' title="bbox 1992 2030 3546 2111">
    <p class='ocr_par' dir='ltr' id='par_1_38' title="bbox 1996 2030 3546 2103">
     <span class='ocr_line' id='line_1_38' title="bbox 1996 2030 3546 2103; baseline -0.005 -11"><span class='ocrx_word' id='word_1_238' title='bbox 1996 2038 2119 2103; x_wconf 77' lang='lat' dir='ltr'><strong>tius,</strong></span> <span class='ocrx_word' id='word_1_239' title='bbox 2149 2035 2459 2092; x_wconf 86' lang='lat' dir='ltr'><strong>dilectionis</strong></span> <span class='ocrx_word' id='word_1_240' title='bbox 2474 2034 2569 2089; x_wconf 90' lang='lat' dir='ltr'><strong>Dei</strong></span> <span class='ocrx_word' id='word_1_241' title='bbox 2587 2033 2835 2089; x_wconf 89' lang='lat' dir='ltr'><strong>etPatris</strong></span> <span class='ocrx_word' id='word_1_242' title='bbox 2861 2048 2987 2103; x_wconf 88' lang='lat' dir='ltr'><strong>erga</strong></span> <span class='ocrx_word' id='word_1_243' title='bbox 3010 2047 3111 2087; x_wconf 89' lang='lat' dir='ltr'><strong>nos</strong></span> <span class='ocrx_word' id='word_1_244' title='bbox 3135 2031 3349 2101; x_wconf 91' lang='lat' dir='ltr'><strong>signum</strong></span> <span class='ocrx_word' id='word_1_245' title='bbox 3368 2030 3546 2085; x_wconf 79' lang='lat' dir='ltr'><strong>maxi-</strong></span> 
     </span>
    </p>
   </div>
   <div class='ocr_carea' id='block_1_39' title="bbox 299 2122 1916 2201">
    <p class='ocr_par' dir='ltr' id='par_1_39' title="bbox 299 2123 1874 2201">
     <span class='ocr_line' id='line_1_39' title="bbox 299 2123 1874 2201; baseline -0.005 -18"><span class='ocrx_word' id='word_1_246' title='bbox 299 2149 361 2185; x_wconf 84' lang='grc' dir='ltr'><strong>τε</strong></span> <span class='ocrx_word' id='word_1_247' title='bbox 393 2130 496 2201; x_wconf 82' lang='grc' dir='ltr'>τῆς</span> <span class='ocrx_word' id='word_1_248' title='bbox 522 2131 618 2184; x_wconf 77' lang='grc' dir='ltr'>τοῦ</span> <span class='ocrx_word' id='word_1_249' title='bbox 649 2129 781 2183; x_wconf 83' lang='grc' dir='ltr'>Υίοΰ</span> <span class='ocrx_word' id='word_1_250' title='bbox 812 2129 975 2200; x_wconf 84' lang='grc' dir='ltr'>μέχρι</span> <span class='ocrx_word' id='word_1_251' title='bbox 999 2127 1231 2181; x_wconf 88' lang='grc' dir='ltr'>θανάτου</span> <span class='ocrx_word' id='word_1_252' title='bbox 1263 2125 1564 2195; x_wconf 86' lang='grc' dir='ltr'>θειωτέρας</span> <span class='ocrx_word' id='word_1_253' title='bbox 1621 2123 1874 2195; x_wconf 78' lang='grc' dir='ltr'>ὑπακοῆς</span> 
     </span>
    </p>
   </div>
   <div class='ocr_carea' id='block_1_40' title="bbox 1992 2122 3547 2201">
    <p class='ocr_par' dir='ltr' id='par_1_40' title="bbox 1992 2122 3547 2196">
     <span class='ocr_line' id='line_1_40' title="bbox 1992 2122 3547 2196; baseline -0.004 -13"><span class='ocrx_word' id='word_1_254' title='bbox 1992 2145 2149 2192; x_wconf 86' lang='lat' dir='ltr'><strong>num,</strong></span> <span class='ocrx_word' id='word_1_255' title='bbox 2182 2129 2575 2184; x_wconf 88' lang='lat' dir='ltr'><strong>demonstratio</strong></span> <span class='ocrx_word' id='word_1_256' title='bbox 2610 2135 2664 2181; x_wconf 90' lang='lat' dir='ltr'><strong>et</strong></span> <span class='ocrx_word' id='word_1_257' title='bbox 2700 2126 2952 2196; x_wconf 86' lang='lat' dir='ltr'><strong>probatio</strong></span> <span class='ocrx_word' id='word_1_258' title='bbox 2985 2122 3185 2177; x_wconf 71' lang='lat' dir='ltr'><strong>divinze</strong></span> <span class='ocrx_word' id='word_1_259' title='bbox 3224 2122 3547 2177; x_wconf 69' lang='lat' dir='ltr'><strong>obedientize</strong></span> 
     </span>
    </p>
   </div>
   <div class='ocr_carea' id='block_1_41' title="bbox 302 2214 1916 2291">
    <p class='ocr_par' dir='ltr' id='par_1_41' title="bbox 302 2214 1873 2291">
     <span class='ocr_line' id='line_1_41' title="bbox 302 2214 1873 2291; baseline -0.009 -14"><span class='ocrx_word' id='word_1_260' title='bbox 302 2225 397 2277; x_wconf 69' lang='grc' dir='ltr'><strong>καὶ</strong></span> <span class='ocrx_word' id='word_1_261' title='bbox 438 2223 629 2291; x_wconf 77' lang='grc' dir='ltr'>σοφίας</span> <span class='ocrx_word' id='word_1_262' title='bbox 653 2221 747 2275; x_wconf 74' lang='grc' dir='ltr'>τοῦ</span> <span class='ocrx_word' id='word_1_263' title='bbox 801 2220 1138 2290; x_wconf 84' lang='grc' dir='ltr'>[Ινεύματος.</span> <span class='ocrx_word' id='word_1_264' title='bbox 1178 2237 1197 2270; x_wconf 82' lang='grc'>‹</span> <span class='ocrx_word' id='word_1_265' title='bbox 1244 2216 1428 2279; x_wconf 83' lang='grc' dir='ltr'>Οὐτως</span> <span class='ocrx_word' id='word_1_266' title='bbox 1454 2214 1563 2284; x_wconf 88' lang='grc' dir='ltr'><strong>γάρ</strong></span> <span class='ocrx_word' id='word_1_267' title='bbox 1583 2214 1873 2284; x_wconf 68' lang='grc' dir='ltr'><strong>⁴ίιγάπησεν</strong></span> 
     </span>
    </p>
   </div>
   <div class='ocr_carea' id='block_1_42' title="bbox 1992 2214 3548 2291">
    <p class='ocr_par' dir='ltr' id='par_1_42' title="bbox 1992 2214 3548 2289">
     <span class='ocr_line' id='line_1_42' title="bbox 1992 2214 3548 2289; baseline -0.004 -14"><span class='ocrx_word' id='word_1_268' title='bbox 1992 2221 2098 2276; x_wconf 69' lang='lat' dir='ltr'><strong>Filii</strong></span> <span class='ocrx_word' id='word_1_269' title='bbox 2129 2236 2303 2289; x_wconf 92' lang='lat' dir='ltr'><strong>usque</strong></span> <span class='ocrx_word' id='word_1_270' title='bbox 2327 2219 2392 2274; x_wconf 92' lang='lat' dir='ltr'><strong>ad</strong></span> <span class='ocrx_word' id='word_1_271' title='bbox 2423 2228 2678 2283; x_wconf 91' lang='lat' dir='ltr'><strong>mortem,</strong></span> <span class='ocrx_word' id='word_1_272' title='bbox 2719 2227 2773 2273; x_wconf 89' lang='lat' dir='ltr'><strong>et</strong></span> <span class='ocrx_word' id='word_1_273' title='bbox 2800 2216 3085 2287; x_wconf 63' lang='lat' dir='ltr'><strong>sapientia:</strong></span> <span class='ocrx_word' id='word_1_274' title='bbox 3122 2216 3366 2285; x_wconf 86' lang='lat' dir='ltr'><strong>spiritus.</strong></span> <span class='ocrx_word' id='word_1_275' title='bbox 3405 2233 3424 2266; x_wconf 83' lang='grc' dir='ltr'><strong>ι</strong></span> <span class='ocrx_word' id='word_1_276' title='bbox 3456 2214 3548 2269; x_wconf 86' lang='lat' dir='ltr'><strong>Sic</strong></span> 
     </span>
    </p>
   </div>
   <div class='ocr_carea' id='block_1_43' title="bbox 298 2303 1916 2383">
    <p class='ocr_par' dir='ltr' id='par_1_43' title="bbox 298 2303 1873 2383">
     <span class='ocr_line' id='line_1_43' title="bbox 298 2303 1873 2383; baseline -0.008 -13"><span class='ocrx_word' id='word_1_277' title='bbox 298 2317 329 2369; x_wconf 83' lang='grc' dir='ltr'>ὁ</span> <span class='ocrx_word' id='word_1_278' title='bbox 356 2314 488 2378; x_wconf 77' lang='grc' dir='ltr'>Θεὸς</span> <span class='ocrx_word' id='word_1_279' title='bbox 511 2314 602 2367; x_wconf 71' lang='grc' dir='ltr'><strong>τὸν</strong></span> <span class='ocrx_word' id='word_1_280' title='bbox 626 2314 865 2383; x_wconf 69' lang='grc' dir='ltr'>κόσμον,</span> <span class='ocrx_word' id='word_1_281' title='bbox 902 2310 1089 2383; x_wconf 72' lang='grc' dir='ltr'>φησὶν,</span> <span class='ocrx_word' id='word_1_282' title='bbox 1117 2309 1261 2363; x_wconf 86' lang='grc' dir='ltr'>ὥστε</span> <span class='ocrx_word' id='word_1_283' title='bbox 1292 2308 1383 2361; x_wconf 78' lang='grc' dir='ltr'>τὸν</span> <span class='ocrx_word' id='word_1_284' title='bbox 1415 2305 1683 2377; x_wconf 89' lang='grc' dir='ltr'>μονογενῆ</span> <span class='ocrx_word' id='word_1_285' title='bbox 1710 2303 1873 2359; x_wconf 81' lang='grc' dir='ltr'>αὑτοῦ</span> 
     </span>
    </p>
   </div>
   <div class='ocr_carea' id='block_1_44' title="bbox 1992 2303 3547 2383">
    <p class='ocr_par' dir='ltr' id='par_1_44' title="bbox 1992 2303 3547 2376">
     <span class='ocr_line' id='line_1_44' title="bbox 1992 2303 3547 2376; baseline -0.006 -10"><span class='ocrx_word' id='word_1_286' title='bbox 1992 2312 2121 2367; x_wconf 78' lang='lat' dir='ltr'><strong>:nim</strong></span> <span class='ocrx_word' id='word_1_287' title='bbox 2176 2310 2322 2366; x_wconf 86' lang='lat' dir='ltr'><strong>Deus</strong></span> <span class='ocrx_word' id='word_1_288' title='bbox 2356 2310 2545 2366; x_wconf 68' lang='lat' dir='ltr'><strong>dilexit</strong></span> <span class='ocrx_word' id='word_1_289' title='bbox 2598 2309 2884 2373; x_wconf 90' lang='lat' dir='ltr'><strong>mundum,</strong></span> <span class='ocrx_word' id='word_1_290' title='bbox 2914 2327 2933 2358; x_wconf 76' lang='grc' dir='ltr'><strong>ι</strong></span> <span class='ocrx_word' id='word_1_291' title='bbox 2969 2307 3165 2376; x_wconf 90' lang='lat' dir='ltr'><strong>inquit,</strong></span> <span class='ocrx_word' id='word_1_292' title='bbox 3212 2322 3231 2358; x_wconf 79' lang='grc' dir='ltr'><strong>ι</strong></span> <span class='ocrx_word' id='word_1_293' title='bbox 3260 2312 3318 2359; x_wconf 88' lang='lat' dir='ltr'><strong>ut</strong></span> <span class='ocrx_word' id='word_1_294' title='bbox 3346 2303 3547 2359; x_wconf 83' lang='lat' dir='ltr'><strong>Filium</strong></span> 
     </span>
    </p>
   </div>
   <div class='ocr_carea' id='block_1_45' title="bbox 1096 367 2714 439">
    <p class='ocr_par' dir='ltr' id='par_1_45' title="bbox 1096 367 2714 439">
     <span class='ocr_line' id='line_1_45' title="bbox 1096 367 2714 439; baseline -0.006 -2"><span class='ocrx_word' id='word_1_295' title='bbox 1096 377 1351 439; x_wconf 82' lang='lat' dir='ltr'><strong>SERMO</strong></span> <span class='ocrx_word' id='word_1_296' title='bbox 1377 375 1475 439; x_wconf 87' lang='lat' dir='ltr'><strong>DE</strong></span> <span class='ocrx_word' id='word_1_297' title='bbox 1512 370 2043 435; x_wconf 80' lang='lat' dir='ltr'><strong>EXALTATIONE</strong></span> <span class='ocrx_word' id='word_1_298' title='bbox 2082 367 2387 432; x_wconf 67' lang='lat' dir='ltr'><strong>SANCTAE</strong></span> <span class='ocrx_word' id='word_1_299' title='bbox 2421 367 2714 429; x_wconf 83' lang='lat' dir='ltr'><strong>CRUCIS.</strong></span> 
     </span>
    </p>
   </div>
   <div class='ocr_carea' id='block_1_46' title="bbox 304 2395 1875 2468">
    <p class='ocr_par' dir='ltr' id='par_1_46' title="bbox 304 2395 1875 2468">
     <span class='ocr_line' id='line_1_46' title="bbox 304 2395 1875 2468; baseline -0.007 -8"><span class='ocrx_word' id='word_1_300' title='bbox 304 2407 436 2460; x_wconf 78' lang='grc' dir='ltr'>Υίδν</span> <span class='ocrx_word' id='word_1_301' title='bbox 463 2405 684 2468; x_wconf 73' lang='grc' dir='ltr'>ἔδωκεν,</span> <span class='ocrx_word' id='word_1_302' title='bbox 718 2404 809 2458; x_wconf 84' lang='grc' dir='ltr'>ῐνα</span> <span class='ocrx_word' id='word_1_303' title='bbox 839 2403 985 2466; x_wconf 82' lang='grc' dir='ltr'>ἀπας</span> <span class='ocrx_word' id='word_1_304' title='bbox 1002 2404 1031 2456; x_wconf 87' lang='grc' dir='ltr'><strong>ό</strong></span> <span class='ocrx_word' id='word_1_305' title='bbox 1060 2398 1336 2454; x_wconf 87' lang='grc' dir='ltr'>πιστεύων</span> <span class='ocrx_word' id='word_1_306' title='bbox 1356 2398 1438 2460; x_wconf 89' lang='grc' dir='ltr'><strong>είς</strong></span> <span class='ocrx_word' id='word_1_307' title='bbox 1466 2395 1648 2458; x_wconf 81' lang='grc' dir='ltr'>αὐτὸν,</span> <span class='ocrx_word' id='word_1_308' title='bbox 1671 2395 1747 2467; x_wconf 81' lang='grc' dir='ltr'>μὴ</span> <span class='ocrx_word' id='word_1_309' title='bbox 1767 2396 1875 2451; x_wconf 84' lang='grc' dir='ltr'>ἀπ·-</span> 
     </span>
    </p>
   </div>
   <div class='ocr_carea' id='block_1_47' title="bbox 301 2488 1877 2569">
    <p class='ocr_par' dir='ltr' id='par_1_47' title="bbox 301 2488 1877 2569">
     <span class='ocr_line' id='line_1_47' title="bbox 301 2488 1877 2569; baseline -0.007 -16"><span class='ocrx_word' id='word_1_310' title='bbox 301 2499 519 2569; x_wconf 86' lang='grc' dir='ltr'>όληται,</span> <span class='ocrx_word' id='word_1_311' title='bbox 542 2496 659 2551; x_wconf 83' lang='grc' dir='ltr'>ἀλλ’</span> <span class='ocrx_word' id='word_1_312' title='bbox 683 2496 784 2568; x_wconf 74' lang='grc' dir='ltr'><strong>ἔχῃ</strong></span> <span class='ocrx_word' id='word_1_313' title='bbox 816 2495 963 2565; x_wconf 83' lang='grc' dir='ltr'>ζωὴν</span> <span class='ocrx_word' id='word_1_314' title='bbox 987 2494 1226 2547; x_wconf 84' lang='grc' dir='ltr'>αίώνιον.</span> <span class='ocrx_word' id='word_1_315' title='bbox 1249 2511 1267 2544; x_wconf 76' lang='grc' dir='ltr'><strong>ι</strong></span> <span class='ocrx_word' id='word_1_316' title='bbox 1300 2491 1357 2545; x_wconf 85' lang='lat'><strong>&#39;0</strong></span> <span class='ocrx_word' id='word_1_317' title='bbox 1386 2491 1444 2544; x_wconf 87' lang='grc' dir='ltr'>δὲ</span> <span class='ocrx_word' id='word_1_318' title='bbox 1470 2488 1599 2552; x_wconf 84' lang='grc' dir='ltr'>Υίὺς</span> <span class='ocrx_word' id='word_1_319' title='bbox 1632 2488 1877 2559; x_wconf 80' lang='grc' dir='ltr'>ὑπήκοος</span> 
     </span>
    </p>
   </div>
   <div class='ocr_carea' id='block_1_48' title="bbox 299 2577 1871 2660">
    <p class='ocr_par' dir='ltr' id='par_1_48' title="bbox 299 2577 1871 2660">
     <span class='ocr_line' id='line_1_48' title="bbox 299 2577 1871 2660; baseline -0.009 -16"><span class='ocrx_word' id='word_1_320' title='bbox 299 2592 602 2660; x_wconf 84' lang='grc' dir='ltr'>γενόμενος</span> <span class='ocrx_word' id='word_1_321' title='bbox 646 2589 815 2659; x_wconf 83' lang='grc' dir='ltr'>μέχρι</span> <span class='ocrx_word' id='word_1_322' title='bbox 862 2586 1117 2650; x_wconf 89' lang='grc' dir='ltr'>θανάτου,</span> <span class='ocrx_word' id='word_1_323' title='bbox 1180 2582 1416 2637; x_wconf 87' lang='grc' dir='ltr'>θανάτου</span> <span class='ocrx_word' id='word_1_324' title='bbox 1468 2579 1528 2634; x_wconf 80' lang='grc' dir='ltr'>δὲ</span> <span class='ocrx_word' id='word_1_325' title='bbox 1560 2577 1823 2649; x_wconf 80' lang='grc' dir='ltr'>σταυροῦ,</span> <span class='ocrx_word' id='word_1_326' title='bbox 1852 2597 1871 2630; x_wconf 73' lang='grc' dir='ltr'><strong>ι</strong></span> 
     </span>
    </p>
   </div>
   <div class='ocr_carea' id='block_1_49' title="bbox 302 2669 1880 2750">
    <p class='ocr_par' dir='ltr' id='par_1_49' title="bbox 302 2669 1880 2750">
     <span class='ocr_line' id='line_1_49' title="bbox 302 2669 1880 2750; baseline -0.009 -15"><span class='ocrx_word' id='word_1_327' title='bbox 302 2682 508 2735; x_wconf 76' lang='grc' dir='ltr'>ἔδωκεν</span> <span class='ocrx_word' id='word_1_328' title='bbox 533 2680 665 2750; x_wconf 75' lang='grc' dir='ltr'>ἡμῖν</span> <span class='ocrx_word' id='word_1_329' title='bbox 693 2679 790 2749; x_wconf 84' lang='grc' dir='ltr'>τῆς</span> <span class='ocrx_word' id='word_1_330' title='bbox 835 2676 977 2730; x_wconf 82' lang='grc' dir='ltr'>κατὰ</span> <span class='ocrx_word' id='word_1_331' title='bbox 1041 2675 1139 2729; x_wconf 82' lang='grc' dir='ltr'><strong>τοῦ</strong></span> <span class='ocrx_word' id='word_1_332' title='bbox 1186 2673 1417 2728; x_wconf 87' lang='grc' dir='ltr'>θανάτου</span> <span class='ocrx_word' id='word_1_333' title='bbox 1459 2670 1617 2742; x_wconf 86' lang='grc' dir='ltr'>νίκης</span> <span class='ocrx_word' id='word_1_334' title='bbox 1644 2670 1706 2723; x_wconf 79' lang='grc' dir='ltr'>τὸ</span> <span class='ocrx_word' id='word_1_335' title='bbox 1759 2669 1880 2741; x_wconf 87' lang='grc' dir='ltr'>τρό-</span> 
     </span>
    </p>
   </div>
   <div class='ocr_carea' id='block_1_50' title="bbox 306 2760 1877 2839">
    <p class='ocr_par' dir='ltr' id='par_1_50' title="bbox 306 2760 1877 2839">
     <span class='ocr_line' id='line_1_50' title="bbox 306 2760 1877 2839; baseline -0.005 -16"><span class='ocrx_word' id='word_1_336' title='bbox 306 2787 471 2824; x_wconf 86' lang='grc' dir='ltr'>παιον</span> <span class='ocrx_word' id='word_1_337' title='bbox 494 2785 507 2797; x_wconf 92' lang='grc'><strong>·</strong></span> <span class='ocrx_word' id='word_1_338' title='bbox 550 2768 637 2822; x_wconf 77' lang='grc' dir='ltr'><strong>ἵνα</strong></span> <span class='ocrx_word' id='word_1_339' title='bbox 665 2768 762 2823; x_wconf 81' lang='grc' dir='ltr'>σὺν</span> <span class='ocrx_word' id='word_1_340' title='bbox 794 2766 945 2839; x_wconf 82' lang='grc' dir='ltr'>αὐτῷ</span> <span class='ocrx_word' id='word_1_341' title='bbox 978 2766 1066 2820; x_wconf 89' lang='grc' dir='ltr'><strong>διά</strong></span> <span class='ocrx_word' id='word_1_342' title='bbox 1099 2766 1200 2837; x_wconf 82' lang='grc' dir='ltr'>τῆς</span> <span class='ocrx_word' id='word_1_343' title='bbox 1257 2764 1454 2832; x_wconf 83' lang='grc' dir='ltr'>σοφίας</span> <span class='ocrx_word' id='word_1_344' title='bbox 1496 2760 1591 2815; x_wconf 82' lang='grc' dir='ltr'><strong>τοῦ</strong></span> <span class='ocrx_word' id='word_1_345' title='bbox 1623 2761 1877 2831; x_wconf 83' lang='grc' dir='ltr'>Πνεύμα-</span> 
     </span>
    </p>
   </div>
   <div class='ocr_carea' id='block_1_51' title="bbox 304 2851 1882 2932">
    <p class='ocr_par' dir='ltr' id='par_1_51' title="bbox 304 2851 1882 2932">
     <span class='ocr_line' id='line_1_51' title="bbox 304 2851 1882 2932; baseline -0.008 -16"><span class='ocrx_word' id='word_1_346' title='bbox 304 2878 399 2924; x_wconf 81' lang='grc' dir='ltr'><strong>τος</strong></span> <span class='ocrx_word' id='word_1_347' title='bbox 431 2859 861 2932; x_wconf 87' lang='grc' dir='ltr'>προκαθελόντες</span> <span class='ocrx_word' id='word_1_348' title='bbox 887 2858 1063 2929; x_wconf 81' lang='grc' dir='ltr'>ἀρχάς</span> <span class='ocrx_word' id='word_1_349' title='bbox 1092 2874 1152 2911; x_wconf 87' lang='grc' dir='ltr'><strong>τε</strong></span> <span class='ocrx_word' id='word_1_350' title='bbox 1180 2857 1275 2910; x_wconf 72' lang='grc' dir='ltr'>καὶ</span> <span class='ocrx_word' id='word_1_351' title='bbox 1301 2854 1572 2922; x_wconf 72' lang='grc' dir='ltr'>ἐξουσίας,</span> <span class='ocrx_word' id='word_1_352' title='bbox 1605 2851 1882 2924; x_wconf 87' lang='grc' dir='ltr'>χειρωσώ-</span> 
     </span>
    </p>
   </div>
   <div class='ocr_carea' id='block_1_52' title="bbox 306 2945 1882 3025">
    <p class='ocr_par' dir='ltr' id='par_1_52' title="bbox 306 2945 1882 3025">
     <span class='ocr_line' id='line_1_52' title="bbox 306 2945 1882 3025; baseline -0.006 -18"><span class='ocrx_word' id='word_1_353' title='bbox 306 2953 454 3025; x_wconf 78' lang='grc' dir='ltr'>μεθα</span> <span class='ocrx_word' id='word_1_354' title='bbox 476 2953 568 3007; x_wconf 81' lang='grc' dir='ltr'>τὸν</span> <span class='ocrx_word' id='word_1_355' title='bbox 590 2950 943 3023; x_wconf 73' lang='grc' dir='ltr'>Ἐχθρὸν,καὶ</span> <span class='ocrx_word' id='word_1_356' title='bbox 968 2950 1223 3022; x_wconf 83' lang='grc' dir='ltr'>δήσωμεν</span> <span class='ocrx_word' id='word_1_357' title='bbox 1246 2948 1338 3003; x_wconf 82' lang='grc' dir='ltr'>τὸν</span> <span class='ocrx_word' id='word_1_358' title='bbox 1366 2945 1882 3017; x_wconf 82' lang='grc' dir='ltr'>ίσχυρὸν,κα“ιδιαρ-</span> 
     </span>
    </p>
   </div>
   <div class='ocr_carea' id='block_1_53' title="bbox 306 3034 1878 3114">
    <p class='ocr_par' dir='ltr' id='par_1_53' title="bbox 306 3034 1878 3114">
     <span class='ocr_line' id='line_1_53' title="bbox 306 3034 1878 3114; baseline -0.006 -17"><span class='ocrx_word' id='word_1_359' title='bbox 306 3045 577 3114; x_wconf 86' lang='grc' dir='ltr'>πάσωμεν</span> <span class='ocrx_word' id='word_1_360' title='bbox 602 3039 772 3097; x_wconf 78' lang='grc' dir='ltr'>αὐτοῦ</span> <span class='ocrx_word' id='word_1_361' title='bbox 809 3042 880 3096; x_wconf 84' lang='grc' dir='ltr'><strong>τὰ</strong></span> <span class='ocrx_word' id='word_1_362' title='bbox 905 3040 1102 3101; x_wconf 81' lang='grc' dir='ltr'>σκῦλα.</span> <span class='ocrx_word' id='word_1_363' title='bbox 1124 3039 1221 3093; x_wconf 60' lang='grc' dir='ltr'><strong>καὶ⁸</strong></span> <span class='ocrx_word' id='word_1_364' title='bbox 1252 3036 1438 3091; x_wconf 82' lang='grc' dir='ltr'>λοιπὸν</span> <span class='ocrx_word' id='word_1_365' title='bbox 1461 3034 1685 3105; x_wconf 81' lang='grc' dir='ltr'>ἀφόϐως</span> <span class='ocrx_word' id='word_1_366' title='bbox 1708 3036 1878 3103; x_wconf 82' lang='grc' dir='ltr'>ὲργα-</span> 
     </span>
    </p>
   </div>
   <div class='ocr_carea' id='block_1_54' title="bbox 1977 2395 3546 2469">
    <p class='ocr_par' dir='ltr' id='par_1_54' title="bbox 1977 2395 3546 2469">
     <span class='ocr_line' id='line_1_54' title="bbox 1977 2395 3546 2469; baseline -0.006 -10"><span class='ocrx_word' id='word_1_367' title='bbox 1977 2418 2135 2460; x_wconf 92' lang='lat' dir='ltr'><strong>suum</strong></span> <span class='ocrx_word' id='word_1_368' title='bbox 2160 2401 2500 2469; x_wconf 72' lang='lat' dir='ltr'><strong>unigenitum</strong></span> <span class='ocrx_word' id='word_1_369' title='bbox 2518 2400 2695 2465; x_wconf 88' lang='lat' dir='ltr'><strong>daret,</strong></span> <span class='ocrx_word' id='word_1_370' title='bbox 2725 2410 2785 2454; x_wconf 90' lang='lat' dir='ltr'><strong>ut</strong></span> <span class='ocrx_word' id='word_1_371' title='bbox 2805 2399 2988 2455; x_wconf 87' lang='lat' dir='ltr'><strong>omnis</strong></span> <span class='ocrx_word' id='word_1_372' title='bbox 3006 2397 3099 2466; x_wconf 91' lang='lat' dir='ltr'><strong>qui</strong></span> <span class='ocrx_word' id='word_1_373' title='bbox 3120 2396 3291 2452; x_wconf 88' lang='lat' dir='ltr'><strong>credit</strong></span> <span class='ocrx_word' id='word_1_374' title='bbox 3307 2396 3360 2450; x_wconf 91' lang='lat' dir='ltr'><strong>in</strong></span> <span class='ocrx_word' id='word_1_375' title='bbox 3392 2395 3546 2450; x_wconf 90' lang='lat' dir='ltr'><strong>illum</strong></span> 
     </span>
    </p>
   </div>
   <div class='ocr_carea' id='block_1_55' title="bbox 1979 2487 3549 2565">
    <p class='ocr_par' dir='ltr' id='par_1_55' title="bbox 1979 2487 3549 2565">
     <span class='ocr_line' id='line_1_55' title="bbox 1979 2487 3549 2565; baseline -0.006 -15"><span class='ocrx_word' id='word_1_376' title='bbox 1979 2510 2087 2549; x_wconf 91' lang='lat' dir='ltr'><strong>non</strong></span> <span class='ocrx_word' id='word_1_377' title='bbox 2120 2503 2324 2565; x_wconf 90' lang='lat' dir='ltr'><strong>pereat,</strong></span> <span class='ocrx_word' id='word_1_378' title='bbox 2363 2494 2457 2549; x_wconf 92' lang='lat' dir='ltr'><strong>sed</strong></span> <span class='ocrx_word' id='word_1_379' title='bbox 2488 2492 2691 2547; x_wconf 87' lang='lat' dir='ltr'><strong>habeat</strong></span> <span class='ocrx_word' id='word_1_380' title='bbox 2724 2491 2896 2546; x_wconf 89' lang='lat' dir='ltr'><strong>vitam</strong></span> <span class='ocrx_word' id='word_1_381' title='bbox 2930 2498 3190 2546; x_wconf 79' lang='lat' dir='ltr'><strong>aeternam</strong></span> <span class='ocrx_word' id='word_1_382' title='bbox 3216 2489 3285 2544; x_wconf 83' lang='lat'><strong>&quot;°.</strong></span> <span class='ocrx_word' id='word_1_383' title='bbox 3317 2506 3336 2539; x_wconf 75' lang='grc' dir='ltr'><strong>ι</strong></span> <span class='ocrx_word' id='word_1_384' title='bbox 3375 2487 3549 2542; x_wconf 81' lang='lat' dir='ltr'><strong>Filius</strong></span> 
     </span>
    </p>
   </div>
   <div class='ocr_carea' id='block_1_56' title="bbox 1980 2578 3547 2650">
    <p class='ocr_par' dir='ltr' id='par_1_56' title="bbox 1980 2578 3547 2650">
     <span class='ocr_line' id='line_1_56' title="bbox 1980 2578 3547 2650; baseline -0.006 -11"><span class='ocrx_word' id='word_1_385' title='bbox 1980 2600 2108 2641; x_wconf 87' lang='lat' dir='ltr'><strong>vero</strong></span> <span class='ocrx_word' id='word_1_386' title='bbox 2143 2604 2162 2637; x_wconf 78' lang='grc' dir='ltr'><strong>ι</strong></span> <span class='ocrx_word' id='word_1_387' title='bbox 2198 2585 2461 2639; x_wconf 88' lang='lat' dir='ltr'><strong>obediens</strong></span> <span class='ocrx_word' id='word_1_388' title='bbox 2494 2582 2693 2646; x_wconf 85' lang='lat' dir='ltr'><strong>factus,</strong></span> <span class='ocrx_word' id='word_1_389' title='bbox 2720 2594 2898 2650; x_wconf 90' lang='lat' dir='ltr'><strong>usque</strong></span> <span class='ocrx_word' id='word_1_390' title='bbox 2926 2578 2995 2633; x_wconf 89' lang='lat' dir='ltr'><strong>ad</strong></span> <span class='ocrx_word' id='word_1_391' title='bbox 3028 2587 3285 2642; x_wconf 84' lang='lat' dir='ltr'><strong>mortem,</strong></span> <span class='ocrx_word' id='word_1_392' title='bbox 3315 2583 3547 2631; x_wconf 89' lang='lat' dir='ltr'><strong>mortem</strong></span> 
     </span>
    </p>
   </div>
   <div class='ocr_carea' id='block_1_57' title="bbox 1980 2668 3552 2743">
    <p class='ocr_par' dir='ltr' id='par_1_57' title="bbox 1980 2668 3552 2743">
     <span class='ocr_line' id='line_1_57' title="bbox 1980 2668 3552 2743; baseline -0.008 -10"><span class='ocrx_word' id='word_1_393' title='bbox 1980 2688 2164 2733; x_wconf 87' lang='lat' dir='ltr'><strong>autem</strong></span> <span class='ocrx_word' id='word_1_394' title='bbox 2196 2677 2380 2732; x_wconf 86' lang='lat' dir='ltr'><strong>crucis</strong></span> <span class='ocrx_word' id='word_1_395' title='bbox 2402 2676 2480 2743; x_wconf 73' lang='grc' dir='ltr'>τί,</span> <span class='ocrx_word' id='word_1_396' title='bbox 2510 2694 2529 2727; x_wconf 78' lang='grc' dir='ltr'><strong>ι</strong></span> <span class='ocrx_word' id='word_1_397' title='bbox 2565 2673 2713 2729; x_wconf 90' lang='lat' dir='ltr'><strong>dedit</strong></span> <span class='ocrx_word' id='word_1_398' title='bbox 2744 2673 2902 2728; x_wconf 88' lang='lat' dir='ltr'><strong>nobis</strong></span> <span class='ocrx_word' id='word_1_399' title='bbox 2955 2672 3256 2741; x_wconf 70' lang='lat' dir='ltr'><strong>trophteum</strong></span> <span class='ocrx_word' id='word_1_400' title='bbox 3309 2668 3552 2722; x_wconf 71' lang='lat' dir='ltr'><strong>victoria:</strong></span> 
     </span>
    </p>
   </div>
   <div class='ocr_carea' id='block_1_58' title="bbox 1977 2758 3551 2833">
    <p class='ocr_par' dir='ltr' id='par_1_58' title="bbox 1977 2758 3551 2833">
     <span class='ocr_line' id='line_1_58' title="bbox 1977 2758 3551 2833; baseline -0.009 -8"><span class='ocrx_word' id='word_1_401' title='bbox 1977 2778 2167 2826; x_wconf 86' lang='lat' dir='ltr'><strong>contra</strong></span> <span class='ocrx_word' id='word_1_402' title='bbox 2202 2774 2527 2833; x_wconf 89' lang='lat' dir='ltr'><strong>mortem,ut</strong></span> <span class='ocrx_word' id='word_1_403' title='bbox 2556 2780 2679 2821; x_wconf 88' lang='lat' dir='ltr'><strong>cum</strong></span> <span class='ocrx_word' id='word_1_404' title='bbox 2698 2764 2817 2833; x_wconf 91' lang='lat' dir='ltr'><strong>ipso</strong></span> <span class='ocrx_word' id='word_1_405' title='bbox 2846 2777 2939 2832; x_wconf 91' lang='lat' dir='ltr'><strong>per</strong></span> <span class='ocrx_word' id='word_1_406' title='bbox 2970 2760 3293 2831; x_wconf 88' lang='lat' dir='ltr'><strong>sapientiam</strong></span> <span class='ocrx_word' id='word_1_407' title='bbox 3324 2758 3551 2829; x_wconf 83' lang='lat' dir='ltr'><strong>spiritus</strong></span> 
     </span>
    </p>
   </div>
   <div class='ocr_carea' id='block_1_59' title="bbox 1981 2850 3554 2931">
    <p class='ocr_par' dir='ltr' id='par_1_59' title="bbox 1981 2850 3554 2931">
     <span class='ocr_line' id='line_1_59' title="bbox 1981 2850 3554 2931; baseline -0.007 -17"><span class='ocrx_word' id='word_1_408' title='bbox 1981 2860 2321 2931; x_wconf 86' lang='lat' dir='ltr'><strong>principatus</strong></span> <span class='ocrx_word' id='word_1_409' title='bbox 2355 2866 2408 2913; x_wconf 90' lang='lat' dir='ltr'><strong>et</strong></span> <span class='ocrx_word' id='word_1_410' title='bbox 2438 2864 2734 2927; x_wconf 86' lang='lat' dir='ltr'><strong>potestates</strong></span> <span class='ocrx_word' id='word_1_411' title='bbox 2756 2854 3122 2918; x_wconf 90' lang='lat' dir='ltr'><strong>destruentes,</strong></span> <span class='ocrx_word' id='word_1_412' title='bbox 3156 2852 3368 2906; x_wconf 80' lang='lat' dir='ltr'><strong>hostem</strong></span> <span class='ocrx_word' id='word_1_413' title='bbox 3396 2850 3554 2904; x_wconf 83' lang='lat' dir='ltr'><strong>nobis</strong></span> 
     </span>
    </p>
   </div>
   <div class='ocr_carea' id='block_1_60' title="bbox 1982 2940 3554 3019">
    <p class='ocr_par' dir='ltr' id='par_1_60' title="bbox 1982 2940 3554 3019">
     <span class='ocr_line' id='line_1_60' title="bbox 1982 2940 3554 3019; baseline -0.008 -14"><span class='ocrx_word' id='word_1_414' title='bbox 1982 2950 2363 3019; x_wconf 78' lang='lat' dir='ltr'><strong>subjiciamus,</strong></span> <span class='ocrx_word' id='word_1_415' title='bbox 2428 2944 2736 3015; x_wconf 90' lang='lat' dir='ltr'><strong>fortemque</strong></span> <span class='ocrx_word' id='word_1_416' title='bbox 2789 2944 3045 3014; x_wconf 83' lang='lat' dir='ltr'><strong>ligemus,</strong></span> <span class='ocrx_word' id='word_1_417' title='bbox 3111 2953 3166 2997; x_wconf 91' lang='lat' dir='ltr'><strong>et</strong></span> <span class='ocrx_word' id='word_1_418' title='bbox 3223 2940 3554 3009; x_wconf 84' lang='lat' dir='ltr'><strong>diripiamus</strong></span> 
     </span>
    </p>
   </div>
   <div class='ocr_carea' id='block_1_61' title="bbox 1983 3032 3557 3114">
    <p class='ocr_par' dir='ltr' id='par_1_61' title="bbox 1983 3032 3557 3114">
     <span class='ocr_line' id='line_1_61' title="bbox 1983 3032 3557 3114; baseline -0.01 -17"><span class='ocrx_word' id='word_1_419' title='bbox 1983 3042 2160 3114; x_wconf 86' lang='lat' dir='ltr'><strong>spolia</strong></span> <span class='ocrx_word' id='word_1_420' title='bbox 2191 3042 2334 3111; x_wconf 85' lang='lat' dir='ltr'><strong>ejus,</strong></span> <span class='ocrx_word' id='word_1_421' title='bbox 2382 3048 2433 3093; x_wconf 92' lang='lat' dir='ltr'><strong>et</strong></span> <span class='ocrx_word' id='word_1_422' title='bbox 2477 3039 2546 3094; x_wconf 92' lang='lat' dir='ltr'><strong>de</strong></span> <span class='ocrx_word' id='word_1_423' title='bbox 2593 3046 2791 3093; x_wconf 63' lang='lat' dir='ltr'><strong>caetero</strong></span> <span class='ocrx_word' id='word_1_424' title='bbox 2841 3036 2960 3091; x_wconf 89' lang='lat' dir='ltr'><strong>sine</strong></span> <span class='ocrx_word' id='word_1_425' title='bbox 3014 3032 3215 3088; x_wconf 90' lang='lat' dir='ltr'><strong>timore</strong></span> <span class='ocrx_word' id='word_1_426' title='bbox 3263 3045 3557 3101; x_wconf 84' lang='lat' dir='ltr'><strong>Operemur</strong></span> 
     </span>
    </p>
   </div>
   <div class='ocr_carea' id='block_1_62' title="bbox 308 3122 1916 3217">
    <p class='ocr_par' dir='ltr' id='par_1_62' title="bbox 308 3125 1916 3209">
     <span class='ocr_line' id='line_1_62' title="bbox 308 3125 1916 3209; baseline -0.009 -19"><span class='ocrx_word' id='word_1_427' title='bbox 308 3135 539 3206; x_wconf 84' lang='grc' dir='ltr'>σώμεθα</span> <span class='ocrx_word' id='word_1_428' title='bbox 564 3135 658 3189; x_wconf 79' lang='grc' dir='ltr'>τὸν</span> <span class='ocrx_word' id='word_1_429' title='bbox 682 3133 1010 3206; x_wconf 82' lang='grc' dir='ltr'>παράδεισον</span> <span class='ocrx_word' id='word_1_430' title='bbox 1038 3130 1131 3185; x_wconf 81' lang='grc' dir='ltr'>τοῦ</span> <span class='ocrx_word' id='word_1_431' title='bbox 1161 3130 1297 3183; x_wconf 82' lang='grc' dir='ltr'>Θεοῦ</span> <span class='ocrx_word' id='word_1_432' title='bbox 1340 3130 1382 3190; x_wconf 68' lang='grc' dir='ltr'><strong>ί,</strong></span> <span class='ocrx_word' id='word_1_433' title='bbox 1416 3128 1511 3182; x_wconf 79' lang='grc' dir='ltr'>καὶ</span> <span class='ocrx_word' id='word_1_434' title='bbox 1550 3128 1641 3180; x_wconf 82' lang='grc' dir='ltr'>τὸν</span> <span class='ocrx_word' id='word_1_435' title='bbox 1670 3125 1879 3197; x_wconf 73' lang='grc' dir='ltr'>θησαυο</span> <span class='ocrx_word' id='word_1_436' title='bbox 1909 3170 1916 3209; x_wconf 50' lang='grc'><em>⁴</em></span> 
     </span>
    </p>
   </div>
   <div class='ocr_carea' id='block_1_63' title="bbox 1992 3122 3555 3217">
    <p class='ocr_par' dir='ltr' id='par_1_63' title="bbox 1992 3122 3555 3206">
     <span class='ocr_line' id='line_1_63' title="bbox 1992 3122 3555 3206; baseline -0.008 -17"><span class='ocrx_word' id='word_1_437' title='bbox 1992 3134 2303 3206; x_wconf 87' lang='lat' dir='ltr'><strong>paradisum</strong></span> <span class='ocrx_word' id='word_1_438' title='bbox 2361 3130 2480 3195; x_wconf 89' lang='lat' dir='ltr'><strong>Dei,</strong></span> <span class='ocrx_word' id='word_1_439' title='bbox 2528 3130 2962 3196; x_wconf 88' lang='lat' dir='ltr'><strong>thesaurumque</strong></span> <span class='ocrx_word' id='word_1_440' title='bbox 3020 3125 3144 3195; x_wconf 90' lang='lat' dir='ltr'><strong>agni</strong></span> <span class='ocrx_word' id='word_1_441' title='bbox 3203 3122 3555 3183; x_wconf 76' lang='lat' dir='ltr'><strong>eﬂ&#39;odiamus.</strong></span> 
     </span>
    </p>
   </div>
   <div class='ocr_carea' id='block_1_64' title="bbox 311 3216 1884 3299">
    <p class='ocr_par' dir='ltr' id='par_1_64' title="bbox 311 3216 1884 3299">
     <span class='ocr_line' id='line_1_64' title="bbox 311 3216 1884 3299; baseline -0.008 -19"><span class='ocrx_word' id='word_1_442' title='bbox 311 3226 406 3299; x_wconf 80' lang='grc' dir='ltr'>ρὸν</span> <span class='ocrx_word' id='word_1_443' title='bbox 452 3222 807 3295; x_wconf 80' lang='grc' dir='ltr'>ἀνορύξωμεν</span> <span class='ocrx_word' id='word_1_444' title='bbox 828 3221 925 3276; x_wconf 83' lang='grc' dir='ltr'>τοῦ</span> <span class='ocrx_word' id='word_1_445' title='bbox 953 3219 1151 3293; x_wconf 83' lang='grc' dir='ltr'>ἀγροῦ,</span> <span class='ocrx_word' id='word_1_446' title='bbox 1182 3220 1274 3273; x_wconf 79' lang='grc' dir='ltr'>καὶ</span> <span class='ocrx_word' id='word_1_447' title='bbox 1288 3218 1585 3287; x_wconf 89' lang='grc' dir='ltr'>πολύτιμον</span> <span class='ocrx_word' id='word_1_448' title='bbox 1612 3216 1884 3287; x_wconf 73' lang='grc' dir='ltr'>ἐμπορευ-</span> 
     </span>
    </p>
   </div>
   <div class='ocr_carea' id='block_1_65' title="bbox 312 3304 1885 3386">
    <p class='ocr_par' dir='ltr' id='par_1_65' title="bbox 312 3304 1885 3386">
     <span class='ocr_line' id='line_1_65' title="bbox 312 3304 1885 3386; baseline -0.008 -17"><span class='ocrx_word' id='word_1_449' title='bbox 312 3314 543 3386; x_wconf 87' lang='grc' dir='ltr'>σώμεθα</span> <span class='ocrx_word' id='word_1_450' title='bbox 566 3313 936 3385; x_wconf 81' lang='grc' dir='ltr'>μαργαρίτην,</span> <span class='ocrx_word' id='word_1_451' title='bbox 954 3310 1263 3383; x_wconf 78' lang='grc' dir='ltr'>έμπρέπειν</span> <span class='ocrx_word' id='word_1_452' title='bbox 1291 3310 1359 3380; x_wconf 74' lang='grc' dir='ltr'>τῇ</span> <span class='ocrx_word' id='word_1_453' title='bbox 1386 3304 1645 3378; x_wconf 88' lang='grc' dir='ltr'>σφραγῖδι</span> <span class='ocrx_word' id='word_1_454' title='bbox 1666 3304 1885 3376; x_wconf 85' lang='grc' dir='ltr'>μέλλον-</span> 
     </span>
    </p>
   </div>
   <div class='ocr_carea' id='block_1_66' title="bbox 309 3398 1881 3477">
    <p class='ocr_par' dir='ltr' id='par_1_66' title="bbox 309 3398 1881 3477">
     <span class='ocr_line' id='line_1_66' title="bbox 309 3398 1881 3477; baseline -0.008 -15"><span class='ocrx_word' id='word_1_455' title='bbox 309 3426 381 3462; x_wconf 86' lang='grc' dir='ltr'><strong>τα</strong></span> <span class='ocrx_word' id='word_1_456' title='bbox 411 3406 507 3461; x_wconf 79' lang='grc' dir='ltr'>τοῦ</span> <span class='ocrx_word' id='word_1_457' title='bbox 542 3405 778 3477; x_wconf 89' lang='grc' dir='ltr'>σταυροῦ</span> <span class='ocrx_word' id='word_1_458' title='bbox 809 3404 952 3459; x_wconf 86' lang='grc' dir='ltr'><strong>κατά</strong></span> <span class='ocrx_word' id='word_1_459' title='bbox 994 3404 1093 3475; x_wconf 79' lang='grc' dir='ltr'>τὴν</span> <span class='ocrx_word' id='word_1_460' title='bbox 1128 3401 1346 3475; x_wconf 75' lang='grc' dir='ltr'>ἡμέραν</span> <span class='ocrx_word' id='word_1_461' title='bbox 1382 3400 1482 3471; x_wconf 82' lang='grc' dir='ltr'>τῆς</span> <span class='ocrx_word' id='word_1_462' title='bbox 1544 3398 1780 3461; x_wconf 81' lang='grc' dir='ltr'>κτίσεως</span> <span class='ocrx_word' id='word_1_463' title='bbox 1829 3408 1881 3451; x_wconf 67' lang='grc' dir='ltr'><strong>α.</strong></span> 
     </span>
    </p>
   </div>
   <div class='ocr_carea' id='block_1_67' title="bbox 385 3514 1888 3594">
    <p class='ocr_par' dir='ltr' id='par_1_67' title="bbox 385 3514 1888 3594">
     <span class='ocr_line' id='line_1_67' title="bbox 385 3514 1888 3594; baseline -0.007 -16"><span class='ocrx_word' id='word_1_464' title='bbox 385 3524 521 3578; x_wconf 87' lang='grc' dir='ltr'>Τότε</span> <span class='ocrx_word' id='word_1_465' title='bbox 552 3521 663 3594; x_wconf 88' lang='grc' dir='ltr'><strong>γὰρ</strong></span> <span class='ocrx_word' id='word_1_466' title='bbox 698 3540 717 3573; x_wconf 85' lang='grc'><em>‹</em></span> <span class='ocrx_word' id='word_1_467' title='bbox 752 3520 1061 3592; x_wconf 79' lang='grc' dir='ltr'>φανήσεται</span> <span class='ocrx_word' id='word_1_468' title='bbox 1091 3518 1152 3572; x_wconf 83' lang='grc' dir='ltr'>τὸ</span> <span class='ocrx_word' id='word_1_469' title='bbox 1194 3520 1423 3587; x_wconf 87' lang='grc' dir='ltr'>σημεῖον</span> <span class='ocrx_word' id='word_1_470' title='bbox 1468 3515 1564 3570; x_wconf 79' lang='grc' dir='ltr'><strong>τοῦ</strong></span> <span class='ocrx_word' id='word_1_471' title='bbox 1616 3514 1744 3569; x_wconf 88' lang='grc' dir='ltr'>Υίοῦ</span> <span class='ocrx_word' id='word_1_472' title='bbox 1790 3514 1888 3569; x_wconf 80' lang='grc' dir='ltr'>τοῦ</span> 
     </span>
    </p>
   </div>
   <div class='ocr_carea' id='block_1_68' title="bbox 312 3608 1890 3686">
    <p class='ocr_par' dir='ltr' id='par_1_68' title="bbox 312 3608 1890 3686">
     <span class='ocr_line' id='line_1_68' title="bbox 312 3608 1890 3686; baseline -0.006 -16"><span class='ocrx_word' id='word_1_473' title='bbox 312 3614 605 3686; x_wconf 86' lang='grc' dir='ltr'>ἀνθρώπου</span> <span class='ocrx_word' id='word_1_474' title='bbox 631 3615 689 3666; x_wconf 78' lang='grc' dir='ltr'>ὲν</span> <span class='ocrx_word' id='word_1_475' title='bbox 726 3612 806 3682; x_wconf 81' lang='grc' dir='ltr'>τῷ</span> <span class='ocrx_word' id='word_1_476' title='bbox 852 3609 1088 3683; x_wconf 83' lang='grc' dir='ltr'>οὐρανῷ.</span> <span class='ocrx_word' id='word_1_477' title='bbox 1124 3628 1144 3663; x_wconf 73' lang='grc' dir='ltr'><strong>ι</strong></span> <span class='ocrx_word' id='word_1_478' title='bbox 1197 3610 1354 3674; x_wconf 86' lang='grc' dir='ltr'>Τότε,</span> <span class='ocrx_word' id='word_1_479' title='bbox 1405 3609 1581 3675; x_wconf 75' lang='grc' dir='ltr'>πότες</span> <span class='ocrx_word' id='word_1_480' title='bbox 1627 3609 1715 3663; x_wconf 81' lang='grc' dir='ltr'>ὅτε</span> <span class='ocrx_word' id='word_1_481' title='bbox 1774 3626 1794 3659; x_wconf 78' lang='grc' dir='ltr'><strong>ι</strong></span> <span class='ocrx_word' id='word_1_482' title='bbox 1832 3608 1890 3663; x_wconf 86' lang='grc' dir='ltr'><strong>αῖ</strong></span> 
     </span>
    </p>
   </div>
   <div class='ocr_carea' id='block_1_69' title="bbox 309 3698 1891 3776">
    <p class='ocr_par' dir='ltr' id='par_1_69' title="bbox 309 3698 1891 3776">
     <span class='ocr_line' id='line_1_69' title="bbox 309 3698 1891 3776; baseline -0.005 -16"><span class='ocrx_word' id='word_1_483' title='bbox 309 3706 575 3776; x_wconf 86' lang='grc' dir='ltr'>δυνάμεις</span> <span class='ocrx_word' id='word_1_484' title='bbox 605 3705 712 3759; x_wconf 85' lang='grc' dir='ltr'><strong>τῶν</strong></span> <span class='ocrx_word' id='word_1_485' title='bbox 754 3704 1002 3775; x_wconf 79' lang='grc' dir='ltr'>οὐρανῶν</span> <span class='ocrx_word' id='word_1_486' title='bbox 1062 3701 1518 3773; x_wconf 84' lang='grc' dir='ltr'>σαλευθήσονται,</span> <span class='ocrx_word' id='word_1_487' title='bbox 1560 3719 1579 3753; x_wconf 74' lang='grc' dir='ltr'><strong>ι</strong></span> <span class='ocrx_word' id='word_1_488' title='bbox 1614 3701 1703 3753; x_wconf 76' lang='grc' dir='ltr'>ὅτε</span> <span class='ocrx_word' id='word_1_489' title='bbox 1751 3698 1891 3769; x_wconf 88' lang='grc' dir='ltr'><strong>μετά</strong></span> 
     </span>
    </p>
   </div>
   <div class='ocr_carea' id='block_1_70' title="bbox 309 3789 1892 3867">
    <p class='ocr_par' dir='ltr' id='par_1_70' title="bbox 309 3789 1892 3867">
     <span class='ocr_line' id='line_1_70' title="bbox 309 3789 1892 3867; baseline -0.006 -16"><span class='ocrx_word' id='word_1_490' title='bbox 309 3799 427 3851; x_wconf 73' lang='grc' dir='ltr'><strong>τῶν</strong></span> <span class='ocrx_word' id='word_1_491' title='bbox 455 3797 708 3867; x_wconf 90' lang='grc' dir='ltr'>ἀγγέλων</span> <span class='ocrx_word' id='word_1_492' title='bbox 759 3794 925 3851; x_wconf 79' lang='grc' dir='ltr'>αὐτοῦ</span> <span class='ocrx_word' id='word_1_493' title='bbox 952 3796 980 3850; x_wconf 85' lang='grc' dir='ltr'><strong>ό</strong></span> <span class='ocrx_word' id='word_1_494' title='bbox 1011 3792 1311 3864; x_wconf 80' lang='grc' dir='ltr'>μονογενὴς</span> <span class='ocrx_word' id='word_1_495' title='bbox 1360 3792 1490 3854; x_wconf 78' lang='grc' dir='ltr'><strong>Υἱὸς</strong></span> <span class='ocrx_word' id='word_1_496' title='bbox 1523 3789 1619 3844; x_wconf 80' lang='grc' dir='ltr'><strong>τοῦ</strong></span> <span class='ocrx_word' id='word_1_497' title='bbox 1674 3791 1892 3861; x_wconf 76' lang='grc' dir='ltr'>Πατρὸς</span> 
     </span>
    </p>
   </div>
   <div class='ocr_carea' id='block_1_71' title="bbox 319 3880 1891 3958">
    <p class='ocr_par' dir='ltr' id='par_1_71' title="bbox 319 3880 1891 3958">
     <span class='ocr_line' id='line_1_71' title="bbox 319 3880 1891 3958; baseline -0.006 -16"><span class='ocrx_word' id='word_1_498' title='bbox 319 3889 606 3943; x_wconf 73' lang='grc' dir='ltr'>ἐλεύσεται</span> <span class='ocrx_word' id='word_1_499' title='bbox 650 3889 835 3958; x_wconf 89' lang='grc' dir='ltr'>κρῖναι</span> <span class='ocrx_word' id='word_1_500' title='bbox 868 3886 1079 3952; x_wconf 81' lang='grc' dir='ltr'>ζῶντας</span> <span class='ocrx_word' id='word_1_501' title='bbox 1140 3884 1236 3938; x_wconf 70' lang='grc' dir='ltr'><strong>καὶ</strong></span> <span class='ocrx_word' id='word_1_502' title='bbox 1287 3883 1538 3954; x_wconf 86' lang='grc' dir='ltr'>νεκρούς.</span> <span class='ocrx_word' id='word_1_503' title='bbox 1596 3880 1733 3934; x_wconf 84' lang='grc' dir='ltr'>Τότε</span> <span class='ocrx_word' id='word_1_504' title='bbox 1781 3880 1891 3951; x_wconf 90' lang='grc' dir='ltr'><strong>γάρ</strong></span> 
     </span>
    </p>
   </div>
   <div class='ocr_carea' id='block_1_72' title="bbox 318 3970 1893 4049">
    <p class='ocr_par' dir='ltr' id='par_1_72' title="bbox 318 3970 1893 4049">
     <span class='ocr_line' id='line_1_72' title="bbox 318 3970 1893 4049; baseline -0.008 -15"><span class='ocrx_word' id='word_1_505' title='bbox 318 3980 373 4035; x_wconf 79' lang='grc' dir='ltr'>οι</span> <span class='ocrx_word' id='word_1_506' title='bbox 416 3978 495 4049; x_wconf 80' lang='grc' dir='ltr'>τῷ</span> <span class='ocrx_word' id='word_1_507' title='bbox 531 3977 745 4049; x_wconf 83' lang='grc' dir='ltr'>σημείῳ</span> <span class='ocrx_word' id='word_1_508' title='bbox 770 3975 1166 4048; x_wconf 78' lang='grc' dir='ltr'>διαπρέποντες</span> <span class='ocrx_word' id='word_1_509' title='bbox 1206 3972 1283 4044; x_wconf 84' lang='grc' dir='ltr'>τῷ</span> <span class='ocrx_word' id='word_1_510' title='bbox 1317 3970 1602 4044; x_wconf 76' lang='grc' dir='ltr'>βασιλικῷ,</span> <span class='ocrx_word' id='word_1_511' title='bbox 1660 3970 1756 4024; x_wconf 70' lang='grc' dir='ltr'><strong>καὶ</strong></span> <span class='ocrx_word' id='word_1_512' title='bbox 1799 3970 1893 4023; x_wconf 83' lang='grc' dir='ltr'>τὸν</span> 
     </span>
    </p>
   </div>
   <div class='ocr_carea' id='block_1_73' title="bbox 319 4060 1895 4139">
    <p class='ocr_par' dir='ltr' id='par_1_73' title="bbox 319 4060 1895 4139">
     <span class='ocr_line' id='line_1_73' title="bbox 319 4060 1895 4139; baseline -0.007 -15"><span class='ocrx_word' id='word_1_513' title='bbox 319 4070 607 4139; x_wconf 89' lang='grc' dir='ltr'>πολίτιμον</span> <span class='ocrx_word' id='word_1_514' title='bbox 636 4070 692 4121; x_wconf 82' lang='grc' dir='ltr'>ὲν</span> <span class='ocrx_word' id='word_1_515' title='bbox 727 4070 940 4131; x_wconf 80' lang='grc' dir='ltr'>ἑαυτοῖς</span> <span class='ocrx_word' id='word_1_516' title='bbox 979 4066 1318 4136; x_wconf 87' lang='grc' dir='ltr'>κτησάμενοι</span> <span class='ocrx_word' id='word_1_517' title='bbox 1381 4061 1748 4134; x_wconf 85' lang='grc' dir='ltr'>μαργαρίτην,</span> <span class='ocrx_word' id='word_1_518' title='bbox 1798 4060 1895 4114; x_wconf 69' lang='grc' dir='ltr'>καὶ</span> 
     </span>
    </p>
   </div>
   <div class='ocr_carea' id='block_1_74' title="bbox 318 4152 1893 4229">
    <p class='ocr_par' dir='ltr' id='par_1_74' title="bbox 318 4152 1893 4229">
     <span class='ocr_line' id='line_1_74' title="bbox 318 4152 1893 4229; baseline -0.006 -14"><span class='ocrx_word' id='word_1_519' title='bbox 318 4162 381 4214; x_wconf 73' lang='grc' dir='ltr'><strong>τὸ</strong></span> <span class='ocrx_word' id='word_1_520' title='bbox 415 4160 538 4214; x_wconf 78' lang='grc' dir='ltr'>κατ’</span> <span class='ocrx_word' id='word_1_521' title='bbox 571 4159 756 4214; x_wconf 78' lang='grc' dir='ltr'>εἰκόνα</span> <span class='ocrx_word' id='word_1_522' title='bbox 787 4160 883 4212; x_wconf 72' lang='grc' dir='ltr'>καὶ</span> <span class='ocrx_word' id='word_1_523' title='bbox 915 4157 1178 4229; x_wconf 85' lang='grc' dir='ltr'>ὁμοίωσιν</span> <span class='ocrx_word' id='word_1_524' title='bbox 1200 4153 1381 4217; x_wconf 89' lang='grc' dir='ltr'>καλῶς</span> <span class='ocrx_word' id='word_1_525' title='bbox 1420 4153 1809 4216; x_wconf 80' lang='grc' dir='ltr'>διασώσαντες,</span> <span class='ocrx_word' id='word_1_526' title='bbox 1835 4152 1893 4206; x_wconf 77' lang='grc' dir='ltr'>ὲν</span> 
     </span>
    </p>
   </div>
   <div class='ocr_carea' id='block_1_75' title="bbox 316 4242 1896 4320">
    <p class='ocr_par' dir='ltr' id='par_1_75' title="bbox 316 4242 1896 4320">
     <span class='ocr_line' id='line_1_75' title="bbox 316 4242 1896 4320; baseline -0.004 -18"><span class='ocrx_word' id='word_1_527' title='bbox 316 4249 578 4320; x_wconf 82' lang='grc' dir='ltr'>νεφέλαις</span> <span class='ocrx_word' id='word_1_528' title='bbox 615 4250 697 4312; x_wconf 88' lang='grc' dir='ltr'><strong>είς</strong></span> <span class='ocrx_word' id='word_1_529' title='bbox 757 4248 985 4319; x_wconf 83' lang='grc' dir='ltr'>οὐρανὸν</span> <span class='ocrx_word' id='word_1_530' title='bbox 1036 4246 1473 4318; x_wconf 86' lang='grc' dir='ltr'>ἀρπαγήσονται.</span> <span class='ocrx_word' id='word_1_531' title='bbox 1532 4242 1738 4314; x_wconf 81' lang='grc' dir='ltr'>Κύριος</span> <span class='ocrx_word' id='word_1_532' title='bbox 1787 4243 1896 4315; x_wconf 86' lang='grc' dir='ltr'><strong>γάρ</strong></span> 
     </span>
    </p>
   </div>
   <div class='ocr_carea' id='block_1_76' title="bbox 320 4334 1894 4408">
    <p class='ocr_par' dir='ltr' id='par_1_76' title="bbox 320 4334 1894 4408">
     <span class='ocr_line' id='line_1_76' title="bbox 320 4334 1894 4408; baseline -0.003 -14"><span class='ocrx_word' id='word_1_533' title='bbox 320 4340 614 4394; x_wconf 81' lang='grc' dir='ltr'>ἀποστελεῖ</span> <span class='ocrx_word' id='word_1_534' title='bbox 634 4341 762 4404; x_wconf 80' lang='grc' dir='ltr'>τοὺς</span> <span class='ocrx_word' id='word_1_535' title='bbox 783 4339 1048 4408; x_wconf 85' lang='grc' dir='ltr'>ἀγγέλους</span> <span class='ocrx_word' id='word_1_536' title='bbox 1080 4336 1249 4390; x_wconf 83' lang='grc' dir='ltr'>αὐτοῦ</span> <span class='ocrx_word' id='word_1_537' title='bbox 1279 4335 1418 4405; x_wconf 83' lang='grc' dir='ltr'>μετὰ</span> <span class='ocrx_word' id='word_1_538' title='bbox 1448 4334 1749 4403; x_wconf 85' lang='grc' dir='ltr'>σάλπιγγος</span> <span class='ocrx_word' id='word_1_539' title='bbox 1776 4352 1894 4404; x_wconf 89' lang='grc' dir='ltr'>φω-</span> 
     </span>
    </p>
   </div>
   <div class='ocr_carea' id='block_1_77' title="bbox 318 4425 1893 4503">
    <p class='ocr_par' dir='ltr' id='par_1_77' title="bbox 318 4425 1893 4503">
     <span class='ocr_line' id='line_1_77' title="bbox 318 4425 1893 4503; baseline -0.005 -17"><span class='ocrx_word' id='word_1_540' title='bbox 318 4433 421 4503; x_wconf 86' lang='grc' dir='ltr'>νῆς</span> <span class='ocrx_word' id='word_1_541' title='bbox 458 4432 724 4503; x_wconf 85' lang='grc' dir='ltr'>μεγάλης,</span> <span class='ocrx_word' id='word_1_542' title='bbox 753 4432 849 4485; x_wconf 79' lang='grc' dir='ltr'>καὶ</span> <span class='ocrx_word' id='word_1_543' title='bbox 872 4429 1164 4495; x_wconf 82' lang='grc' dir='ltr'>συνάξουσι</span> <span class='ocrx_word' id='word_1_544' title='bbox 1199 4448 1217 4480; x_wconf 83' lang='grc' dir='ltr'><strong>ι</strong></span> <span class='ocrx_word' id='word_1_545' title='bbox 1250 4429 1376 4493; x_wconf 84' lang='grc' dir='ltr'>τοὺς</span> <span class='ocrx_word' id='word_1_546' title='bbox 1404 4426 1695 4490; x_wconf 75' lang='grc' dir='ltr'>ἐκλεκτοὺς</span> <span class='ocrx_word' id='word_1_547' title='bbox 1728 4425 1893 4480; x_wconf 84' lang='grc' dir='ltr'>αὐτοῦ</span> 
     </span>
    </p>
   </div>
   <div class='ocr_carea' id='block_1_78' title="bbox 319 4500 1916 4596">
    <p class='ocr_par' dir='ltr' id='par_1_78' title="bbox 319 4500 1893 4596">
     <span class='ocr_line' id='line_1_78' title="bbox 319 4500 1893 4596; baseline -0.004 -18"><span class='ocrx_word' id='word_1_548' title='bbox 319 4500 387 4578; x_wconf 74' lang='grc' dir='ltr'>ὲκ</span> <span class='ocrx_word' id='word_1_549' title='bbox 419 4500 838 4596; x_wconf 85' lang='grc' dir='ltr'>τῶντεσσάρων</span> <span class='ocrx_word' id='word_1_550' title='bbox 862 4524 1081 4593; x_wconf 83' lang='grc' dir='ltr'>ἀνέμων</span> <span class='ocrx_word' id='word_1_551' title='bbox 1119 4540 1138 4575; x_wconf 75' lang='grc' dir='ltr'><strong>ι</strong></span> <span class='ocrx_word' id='word_1_552' title='bbox 1172 4520 1266 4575; x_wconf 86' lang='grc' dir='ltr'><strong>ἀπ’</strong></span> <span class='ocrx_word' id='word_1_553' title='bbox 1302 4521 1473 4591; x_wconf 86' lang='grc' dir='ltr'>ἀκρου</span> <span class='ocrx_word' id='word_1_554' title='bbox 1505 4517 1737 4591; x_wconf 80' lang='grc' dir='ltr'>οὐρανοῦ</span> <span class='ocrx_word' id='word_1_555' title='bbox 1787 4517 1893 4582; x_wconf 73' lang='grc' dir='ltr'>ἕως</span> 
     </span>
    </p>
   </div>
   <div class='ocr_carea' id='block_1_79' title="bbox 1992 4500 2710 4596">
    <p class='ocr_par' dir='ltr' id='par_1_79' title="bbox 2002 4500 2710 4571">
     <span class='ocr_line' id='line_1_79' title="bbox 2002 4500 2710 4571; baseline -0.017 -7"><span class='ocrx_word' id='word_1_556' title='bbox 2002 4523 2172 4564; x_wconf 90' lang='lat' dir='ltr'><strong>mum.</strong></span> <span class='ocrx_word' id='word_1_557' title='bbox 2210 4504 2337 4560; x_wconf 67' lang='lat' dir='ltr'><strong>Haec</strong></span> <span class='ocrx_word' id='word_1_558' title='bbox 2374 4500 2710 4571; x_wconf 78' lang='lat' dir='ltr'><strong>evangelista</strong></span> 
     </span>
    </p>
   </div>
   <div class='ocr_carea' id='block_1_80' title="bbox 319 4611 1894 4688">
    <p class='ocr_par' dir='ltr' id='par_1_80' title="bbox 319 4611 1894 4688">
     <span class='ocr_line' id='line_1_80' title="bbox 319 4611 1894 4688; baseline -0.005 -16"><span class='ocrx_word' id='word_1_559' title='bbox 319 4618 498 4688; x_wconf 83' lang='grc' dir='ltr'>ἄκρου</span> <span class='ocrx_word' id='word_1_560' title='bbox 543 4617 709 4672; x_wconf 82' lang='grc' dir='ltr'>αὐτοῦ</span> <span class='ocrx_word' id='word_1_561' title='bbox 743 4627 793 4673; x_wconf 77' lang='grc' dir='ltr'><strong>ν.</strong></span> <span class='ocrx_word' id='word_1_562' title='bbox 845 4618 1033 4671; x_wconf 83' lang='grc' dir='ltr'>Ταῦτα</span> <span class='ocrx_word' id='word_1_563' title='bbox 1096 4616 1126 4669; x_wconf 86' lang='grc' dir='ltr'><strong>ό</strong></span> <span class='ocrx_word' id='word_1_564' title='bbox 1151 4613 1570 4683; x_wconf 83' lang='grc' dir='ltr'>ἐὐαγγελιστὴς</span> <span class='ocrx_word' id='word_1_565' title='bbox 1614 4611 1894 4674; x_wconf 84' lang='grc' dir='ltr'>Ματθαϊος</span> 
     </span>
    </p>
   </div>
   <div class='ocr_carea' id='block_1_81' title="bbox 322 4703 1896 4781">
    <p class='ocr_par' dir='ltr' id='par_1_81' title="bbox 322 4703 1896 4781">
     <span class='ocr_line' id='line_1_81' title="bbox 322 4703 1896 4781; baseline -0.004 -18"><span class='ocrx_word' id='word_1_566' title='bbox 322 4712 456 4780; x_wconf 71' lang='grc' dir='ltr'>περὶ</span> <span class='ocrx_word' id='word_1_567' title='bbox 478 4712 575 4781; x_wconf 82' lang='grc' dir='ltr'>τῆς</span> <span class='ocrx_word' id='word_1_568' title='bbox 605 4710 870 4781; x_wconf 70' lang='grc' dir='ltr'>ἐσομένης</span> <span class='ocrx_word' id='word_1_569' title='bbox 896 4708 993 4763; x_wconf 83' lang='grc' dir='ltr'>τοῦ</span> <span class='ocrx_word' id='word_1_570' title='bbox 1013 4707 1146 4761; x_wconf 86' lang='grc' dir='ltr'>Υἱοῦ</span> <span class='ocrx_word' id='word_1_571' title='bbox 1171 4706 1265 4759; x_wconf 83' lang='grc' dir='ltr'>τοῦ</span> <span class='ocrx_word' id='word_1_572' title='bbox 1279 4703 1569 4775; x_wconf 86' lang='grc' dir='ltr'>ἀνθρώπου</span> <span class='ocrx_word' id='word_1_573' title='bbox 1582 4703 1842 4772; x_wconf 87' lang='grc' dir='ltr'>δευτέρας</span> <span class='ocrx_word' id='word_1_574' title='bbox 1868 4710 1896 4740; x_wconf 73' lang='grc'>⁸</span> 
     </span>
    </p>
   </div>
   <div class='ocr_carea' id='block_1_82' title="bbox 321 4790 1895 4870">
    <p class='ocr_par' dir='ltr' id='par_1_82' title="bbox 321 4790 1895 4870">
     <span class='ocr_line' id='line_1_82' title="bbox 321 4790 1895 4870; baseline -0.006 -16"><span class='ocrx_word' id='word_1_575' title='bbox 321 4801 591 4865; x_wconf 71' lang='grc' dir='ltr'>ἐλεύσεως</span> <span class='ocrx_word' id='word_1_576' title='bbox 637 4801 852 4856; x_wconf 76' lang='grc' dir='ltr'>καὶτοῦ</span> <span class='ocrx_word' id='word_1_577' title='bbox 885 4798 1301 4870; x_wconf 84' lang='grc' dir='ltr'>προηγουμένου</span> <span class='ocrx_word' id='word_1_578' title='bbox 1354 4795 1512 4865; x_wconf 89' lang='grc' dir='ltr'>φησί.</span> <span class='ocrx_word' id='word_1_579' title='bbox 1570 4793 1644 4847; x_wconf 81' lang='grc' dir='ltr'>Τὸ</span> <span class='ocrx_word' id='word_1_580' title='bbox 1696 4791 1753 4845; x_wconf 79' lang='grc' dir='ltr'>δὲ</span> <span class='ocrx_word' id='word_1_581' title='bbox 1801 4790 1895 4845; x_wconf 79' lang='grc' dir='ltr'><strong>νῦν</strong></span> 
     </span>
    </p>
   </div>
   <div class='ocr_carea' id='block_1_83' title="bbox 319 4883 1896 4963">
    <p class='ocr_par' dir='ltr' id='par_1_83' title="bbox 319 4883 1896 4963">
     <span class='ocr_line' id='line_1_83' title="bbox 319 4883 1896 4963; baseline -0.006 -16"><span class='ocrx_word' id='word_1_582' title='bbox 319 4892 671 4963; x_wconf 87' lang='grc' dir='ltr'>τελούμενον,</span> <span class='ocrx_word' id='word_1_583' title='bbox 692 4892 863 4955; x_wconf 90' lang='grc' dir='ltr'>τύπος</span> <span class='ocrx_word' id='word_1_584' title='bbox 891 4892 1009 4945; x_wconf 72' lang='grc' dir='ltr'>ἐστὶ</span> <span class='ocrx_word' id='word_1_585' title='bbox 1031 4889 1127 4944; x_wconf 79' lang='grc' dir='ltr'><strong>τοῦ</strong></span> <span class='ocrx_word' id='word_1_586' title='bbox 1160 4887 1447 4959; x_wconf 81' lang='grc' dir='ltr'>μέλλοντος</span> <span class='ocrx_word' id='word_1_587' title='bbox 1476 4887 1731 4956; x_wconf 73' lang='grc' dir='ltr'>ἐναργής.</span> <span class='ocrx_word' id='word_1_588' title='bbox 1764 4883 1896 4937; x_wconf 78' lang='grc' dir='ltr'>Ἰδοὺ</span> 
     </span>
    </p>
   </div>
   <div class='ocr_carea' id='block_1_84' title="bbox 320 4977 1898 5053">
    <p class='ocr_par' dir='ltr' id='par_1_84' title="bbox 320 4977 1898 5053">
     <span class='ocr_line' id='line_1_84' title="bbox 320 4977 1898 5053; baseline -0.006 -17"><span class='ocrx_word' id='word_1_589' title='bbox 320 4984 436 5053; x_wconf 83' lang='grc' dir='ltr'><strong>γάρ</strong></span> <span class='ocrx_word' id='word_1_590' title='bbox 484 4981 717 5053; x_wconf 80' lang='grc' dir='ltr'>ὑψοῦται</span> <span class='ocrx_word' id='word_1_591' title='bbox 766 4983 1002 5053; x_wconf 79' lang='grc' dir='ltr'>σταυρὸς</span> <span class='ocrx_word' id='word_1_592' title='bbox 1037 4982 1131 5035; x_wconf 74' lang='grc' dir='ltr'><strong>ἐπὶ</strong></span> <span class='ocrx_word' id='word_1_593' title='bbox 1165 4980 1289 5049; x_wconf 80' lang='grc' dir='ltr'>γῆς,</span> <span class='ocrx_word' id='word_1_594' title='bbox 1316 4978 1412 5031; x_wconf 73' lang='grc' dir='ltr'>καὶ</span> <span class='ocrx_word' id='word_1_595' title='bbox 1460 4977 1635 5030; x_wconf 79' lang='grc' dir='ltr'>πᾶσαι</span> <span class='ocrx_word' id='word_1_596' title='bbox 1684 4977 1740 5028; x_wconf 83' lang='grc' dir='ltr'><strong>αῖ</strong></span> <span class='ocrx_word' id='word_1_597' title='bbox 1791 4992 1898 5027; x_wconf 79' lang='grc' dir='ltr'>πα·</span> 
     </span>
    </p>
   </div>
   <div class='ocr_carea' id='block_1_85' title="bbox 319 5066 1893 5145">
    <p class='ocr_par' dir='ltr' id='par_1_85' title="bbox 319 5066 1893 5145">
     <span class='ocr_line' id='line_1_85' title="bbox 319 5066 1893 5145; baseline -0.005 -18"><span class='ocrx_word' id='word_1_598' title='bbox 319 5075 479 5145; x_wconf 60' lang='lat' dir='ltr'><strong>1pm!</strong></span> <span class='ocrx_word' id='word_1_599' title='bbox 530 5075 636 5129; x_wconf 88' lang='grc' dir='ltr'><strong>τῶν</strong></span> <span class='ocrx_word' id='word_1_600' title='bbox 667 5075 860 5137; x_wconf 76' lang='grc' dir='ltr'>ἐθνῶν,</span> <span class='ocrx_word' id='word_1_601' title='bbox 908 5074 1000 5129; x_wconf 74' lang='grc' dir='ltr'>καὶ</span> <span class='ocrx_word' id='word_1_602' title='bbox 1049 5074 1206 5141; x_wconf 88' lang='grc' dir='ltr'>γένος</span> <span class='ocrx_word' id='word_1_603' title='bbox 1258 5070 1586 5142; x_wconf 82' lang='grc' dir='ltr'>ἀνθρώπων,</span> <span class='ocrx_word' id='word_1_604' title='bbox 1617 5066 1803 5139; x_wconf 81' lang='grc' dir='ltr'>ἡλικία</span> <span class='ocrx_word' id='word_1_605' title='bbox 1834 5085 1893 5120; x_wconf 89' lang='grc' dir='ltr'><strong>τε</strong></span> 
     </span>
    </p>
   </div>
   <div class='ocr_carea' id='block_1_86' title="bbox 322 5160 1896 5238">
    <p class='ocr_par' dir='ltr' id='par_1_86' title="bbox 322 5160 1896 5238">
     <span class='ocr_line' id='line_1_86' title="bbox 322 5160 1896 5238; baseline -0.006 -19"><span class='ocrx_word' id='word_1_606' title='bbox 322 5169 480 5219; x_wconf 70' lang='grc' dir='ltr'>πᾶσα</span> <span class='ocrx_word' id='word_1_607' title='bbox 537 5166 615 5237; x_wconf 83' lang='grc' dir='ltr'>τῷ</span> <span class='ocrx_word' id='word_1_608' title='bbox 677 5166 887 5238; x_wconf 89' lang='grc' dir='ltr'>σημείῳ</span> <span class='ocrx_word' id='word_1_609' title='bbox 924 5165 1016 5219; x_wconf 78' lang='grc' dir='ltr'>τοῦ</span> <span class='ocrx_word' id='word_1_610' title='bbox 1073 5163 1309 5235; x_wconf 87' lang='grc' dir='ltr'>σταυροῦ</span> <span class='ocrx_word' id='word_1_611' title='bbox 1375 5160 1896 5230; x_wconf 83' lang='grc' dir='ltr'>κατεσφραγισμένη</span> 
     </span>
    </p>
   </div>
   <div class='ocr_carea' id='block_1_87' title="bbox 1986 3214 3556 3298">
    <p class='ocr_par' dir='ltr' id='par_1_87' title="bbox 1986 3214 3556 3298">
     <span class='ocr_line' id='line_1_87' title="bbox 1986 3214 3556 3298; baseline -0.011 -15"><span class='ocrx_word' id='word_1_612' title='bbox 1986 3238 2041 3283; x_wconf 87' lang='lat' dir='ltr'><strong>et</strong></span> <span class='ocrx_word' id='word_1_613' title='bbox 2069 3225 2363 3298; x_wconf 85' lang='lat' dir='ltr'><strong>pretiosam</strong></span> <span class='ocrx_word' id='word_1_614' title='bbox 2405 3236 2716 3277; x_wconf 90' lang='lat' dir='ltr'><strong>mercemur</strong></span> <span class='ocrx_word' id='word_1_615' title='bbox 2749 3218 3124 3290; x_wconf 78' lang='lat' dir='ltr'><strong>margaritam,</strong></span> <span class='ocrx_word' id='word_1_616' title='bbox 3171 3230 3294 3287; x_wconf 74' lang='lat' dir='ltr'><strong>quae</strong></span> <span class='ocrx_word' id='word_1_617' title='bbox 3341 3214 3556 3285; x_wconf 85' lang='lat' dir='ltr'><strong>signum</strong></span> 
     </span>
    </p>
   </div>
   <div class='ocr_carea' id='block_1_88' title="bbox 1988 3309 3560 3378">
    <p class='ocr_par' dir='ltr' id='par_1_88' title="bbox 1988 3309 3560 3378">
     <span class='ocr_line' id='line_1_88' title="bbox 1988 3309 3560 3378; baseline -0.01 -3"><span class='ocrx_word' id='word_1_618' title='bbox 1988 3319 2168 3375; x_wconf 85' lang='lat' dir='ltr'><strong>crucis</strong></span> <span class='ocrx_word' id='word_1_619' title='bbox 2214 3315 2459 3377; x_wconf 87' lang='lat' dir='ltr'><strong>decoret,</strong></span> <span class='ocrx_word' id='word_1_620' title='bbox 2515 3315 2568 3369; x_wconf 93' lang='lat' dir='ltr'><strong>in</strong></span> <span class='ocrx_word' id='word_1_621' title='bbox 2604 3312 2694 3368; x_wconf 92' lang='lat' dir='ltr'><strong>die</strong></span> <span class='ocrx_word' id='word_1_622' title='bbox 2741 3313 2829 3367; x_wconf 90' lang='lat' dir='ltr'><strong>illa</strong></span> <span class='ocrx_word' id='word_1_623' title='bbox 2880 3309 3177 3367; x_wconf 84' lang='lat' dir='ltr'><strong>creationis</strong></span> <span class='ocrx_word' id='word_1_624' title='bbox 3228 3318 3283 3365; x_wconf 89' lang='lat' dir='ltr'><strong>et</strong></span> <span class='ocrx_word' id='word_1_625' title='bbox 3337 3320 3560 3378; x_wconf 85' lang='lat' dir='ltr'><strong>repara-</strong></span> 
     </span>
    </p>
   </div>
   <div class='ocr_carea' id='block_1_89' title="bbox 1989 3410 2175 3466">
    <p class='ocr_par' dir='ltr' id='par_1_89' title="bbox 1989 3410 2175 3466">
     <span class='ocr_line' id='line_1_89' title="bbox 1989 3410 2175 3466; baseline -0.011 0"><span class='ocrx_word' id='word_1_626' title='bbox 1989 3410 2175 3466; x_wconf 88' lang='lat' dir='ltr'><strong>tionis.</strong></span> 
     </span>
    </p>
   </div>
   <div class='ocr_carea' id='block_1_90' title="bbox 2061 3488 3559 3569">
    <p class='ocr_par' dir='ltr' id='par_1_90' title="bbox 2061 3488 3559 3569">
     <span class='ocr_line' id='line_1_90' title="bbox 2061 3488 3559 3569; baseline -0.009 -14"><span class='ocrx_word' id='word_1_627' title='bbox 2061 3500 2215 3557; x_wconf 86' lang='lat' dir='ltr'><strong>Tunc</strong></span> <span class='ocrx_word' id='word_1_628' title='bbox 2244 3500 2415 3562; x_wconf 87' lang='lat' dir='ltr'><strong>enim,</strong></span> <span class='ocrx_word' id='word_1_629' title='bbox 2460 3517 2480 3551; x_wconf 80' lang='grc' dir='ltr'><strong>ι</strong></span> <span class='ocrx_word' id='word_1_630' title='bbox 2510 3496 2723 3569; x_wconf 83' lang='lat' dir='ltr'><strong>parebit</strong></span> <span class='ocrx_word' id='word_1_631' title='bbox 2763 3494 2979 3564; x_wconf 84' lang='lat' dir='ltr'><strong>signum</strong></span> <span class='ocrx_word' id='word_1_632' title='bbox 3032 3490 3155 3546; x_wconf 83' lang='lat' dir='ltr'><strong>Filii</strong></span> <span class='ocrx_word' id='word_1_633' title='bbox 3212 3489 3450 3546; x_wconf 80' lang='lat' dir='ltr'><strong>hominis</strong></span> <span class='ocrx_word' id='word_1_634' title='bbox 3505 3488 3559 3543; x_wconf 91' lang='lat' dir='ltr'><strong>in</strong></span> 
     </span>
    </p>
   </div>
   <div class='ocr_carea' id='block_1_91' title="bbox 1991 3578 3564 3655">
    <p class='ocr_par' dir='ltr' id='par_1_91' title="bbox 1991 3578 3564 3655">
     <span class='ocr_line' id='line_1_91' title="bbox 1991 3578 3564 3655; baseline -0.011 -10"><span class='ocrx_word' id='word_1_635' title='bbox 1991 3592 2133 3646; x_wconf 70' lang='lat' dir='ltr'><strong>(mlo</strong></span> <span class='ocrx_word' id='word_1_636' title='bbox 2154 3592 2236 3644; x_wconf 79' lang='lat'><strong>&quot;.</strong></span> <span class='ocrx_word' id='word_1_637' title='bbox 2267 3609 2285 3641; x_wconf 76' lang='grc' dir='ltr'><strong>ι</strong></span> <span class='ocrx_word' id='word_1_638' title='bbox 2319 3588 2496 3651; x_wconf 90' lang='lat' dir='ltr'><strong>Tunc,</strong></span> <span class='ocrx_word' id='word_1_639' title='bbox 2527 3585 2793 3655; x_wconf 83' lang='lat' dir='ltr'><strong>quando?</strong></span> <span class='ocrx_word' id='word_1_640' title='bbox 2818 3582 3049 3650; x_wconf 88' lang='lat' dir='ltr'><strong>Quando</strong></span> <span class='ocrx_word' id='word_1_641' title='bbox 3087 3600 3104 3633; x_wconf 86' lang='grc' dir='ltr'><strong>ι</strong></span> <span class='ocrx_word' id='word_1_642' title='bbox 3144 3581 3371 3635; x_wconf 81' lang='lat' dir='ltr'><strong>virtutes</strong></span> <span class='ocrx_word' id='word_1_643' title='bbox 3394 3578 3564 3635; x_wconf 66' lang='lat' dir='ltr'><strong>coelo-</strong></span> 
     </span>
    </p>
   </div>
   <div class='ocr_carea' id='block_1_92' title="bbox 1993 3671 3565 3745">
    <p class='ocr_par' dir='ltr' id='par_1_92' title="bbox 1993 3671 3565 3745">
     <span class='ocr_line' id='line_1_92' title="bbox 1993 3671 3565 3745; baseline -0.009 -8"><span class='ocrx_word' id='word_1_644' title='bbox 1993 3700 2113 3737; x_wconf 86' lang='lat' dir='ltr'><strong>rum</strong></span> <span class='ocrx_word' id='word_1_645' title='bbox 2143 3681 2635 3737; x_wconf 88' lang='lat' dir='ltr'><strong>commovebuntur</strong></span> <span class='ocrx_word' id='word_1_646' title='bbox 2659 3678 2744 3742; x_wconf 83' lang='lat'><strong>&quot;;</strong></span> <span class='ocrx_word' id='word_1_647' title='bbox 2776 3695 2795 3728; x_wconf 77' lang='grc' dir='ltr'><strong>ι</strong></span> <span class='ocrx_word' id='word_1_648' title='bbox 2825 3675 3047 3745; x_wconf 85' lang='lat' dir='ltr'><strong>quando</strong></span> <span class='ocrx_word' id='word_1_649' title='bbox 3075 3688 3199 3727; x_wconf 90' lang='lat' dir='ltr'><strong>cum</strong></span> <span class='ocrx_word' id='word_1_650' title='bbox 3224 3671 3431 3742; x_wconf 80' lang='lat' dir='ltr'><strong>angelis</strong></span> <span class='ocrx_word' id='word_1_651' title='bbox 3448 3671 3565 3725; x_wconf 86' lang='lat' dir='ltr'><strong>suis</strong></span> 
     </span>
    </p>
   </div>
   <div class='ocr_carea' id='block_1_93' title="bbox 1996 3760 3562 3842">
    <p class='ocr_par' dir='ltr' id='par_1_93' title="bbox 1996 3760 3562 3842">
     <span class='ocr_line' id='line_1_93' title="bbox 1996 3760 3562 3842; baseline -0.01 -14"><span class='ocrx_word' id='word_1_652' title='bbox 1996 3772 2307 3842; x_wconf 89' lang='lat' dir='ltr'><strong>unigenitus</strong></span> <span class='ocrx_word' id='word_1_653' title='bbox 2362 3768 2534 3824; x_wconf 83' lang='lat' dir='ltr'><strong>Filius</strong></span> <span class='ocrx_word' id='word_1_654' title='bbox 2564 3767 2747 3823; x_wconf 89' lang='lat' dir='ltr'><strong>Patris</strong></span> <span class='ocrx_word' id='word_1_655' title='bbox 2775 3765 2957 3820; x_wconf 85' lang='lat' dir='ltr'><strong>veniet</strong></span> <span class='ocrx_word' id='word_1_656' title='bbox 2993 3762 3245 3833; x_wconf 84' lang='lat' dir='ltr'><strong>judicare</strong></span> <span class='ocrx_word' id='word_1_657' title='bbox 3303 3760 3460 3813; x_wconf 89' lang='lat' dir='ltr'><strong>vivos</strong></span> <span class='ocrx_word' id='word_1_658' title='bbox 3506 3766 3562 3813; x_wconf 83' lang='lat' dir='ltr'><strong>et</strong></span> 
     </span>
    </p>
   </div>
   <div class='ocr_carea' id='block_1_94' title="bbox 1996 3850 3565 3926">
    <p class='ocr_par' dir='ltr' id='par_1_94' title="bbox 1996 3850 3565 3926">
     <span class='ocr_line' id='line_1_94' title="bbox 1996 3850 3565 3926; baseline -0.011 -6"><span class='ocrx_word' id='word_1_659' title='bbox 1996 3874 2265 3920; x_wconf 87' lang='lat' dir='ltr'><strong>mortuos.</strong></span> <span class='ocrx_word' id='word_1_660' title='bbox 2336 3861 2493 3915; x_wconf 87' lang='lat' dir='ltr'><strong>Tunc</strong></span> <span class='ocrx_word' id='word_1_661' title='bbox 2537 3860 2710 3922; x_wconf 89' lang='lat' dir='ltr'><strong>enim,</strong></span> <span class='ocrx_word' id='word_1_662' title='bbox 2766 3856 2856 3926; x_wconf 92' lang='lat' dir='ltr'><strong>qui</strong></span> <span class='ocrx_word' id='word_1_663' title='bbox 2900 3855 3053 3925; x_wconf 91' lang='lat' dir='ltr'><strong>regio</strong></span> <span class='ocrx_word' id='word_1_664' title='bbox 3108 3852 3266 3923; x_wconf 89' lang='lat' dir='ltr'><strong>signo</strong></span> <span class='ocrx_word' id='word_1_665' title='bbox 3316 3850 3565 3919; x_wconf 88' lang='lat' dir='ltr'><strong>insigniti</strong></span> 
     </span>
    </p>
   </div>
   <div class='ocr_carea' id='block_1_95' title="bbox 1998 3942 3567 4026">
    <p class='ocr_par' dir='ltr' id='par_1_95' title="bbox 1998 3942 3567 4026">
     <span class='ocr_line' id='line_1_95' title="bbox 1998 3942 3567 4026; baseline -0.012 -13"><span class='ocrx_word' id='word_1_666' title='bbox 1998 3965 2147 4019; x_wconf 88' lang='lat' dir='ltr'><strong>sunt,</strong></span> <span class='ocrx_word' id='word_1_667' title='bbox 2186 3954 2595 4026; x_wconf 79' lang='lat' dir='ltr'><strong>pretiosamque</strong></span> <span class='ocrx_word' id='word_1_668' title='bbox 2654 3948 3007 4017; x_wconf 83' lang='lat' dir='ltr'><strong>margaritam</strong></span> <span class='ocrx_word' id='word_1_669' title='bbox 3057 3944 3361 4014; x_wconf 87' lang='lat' dir='ltr'><strong>possident,</strong></span> <span class='ocrx_word' id='word_1_670' title='bbox 3405 3942 3567 4006; x_wconf 90' lang='lat' dir='ltr'><strong>idque</strong></span> 
     </span>
    </p>
   </div>
   <div class='ocr_carea' id='block_1_96' title="bbox 1997 4029 3567 4120">
    <p class='ocr_par' dir='ltr' id='par_1_96' title="bbox 1997 4029 3567 4120">
     <span class='ocr_line' id='line_1_96' title="bbox 1997 4029 3567 4120; baseline -0.01 -20"><span class='ocrx_word' id='word_1_671' title='bbox 1997 4046 2143 4120; x_wconf 81' lang='lat' dir='ltr'><strong>quod</strong></span> <span class='ocrx_word' id='word_1_672' title='bbox 2193 4044 2498 4102; x_wconf 88' lang='lat' dir='ltr'><strong>secundum</strong></span> <span class='ocrx_word' id='word_1_673' title='bbox 2546 4040 2851 4110; x_wconf 84' lang='lat' dir='ltr'><strong>imaginem</strong></span> <span class='ocrx_word' id='word_1_674' title='bbox 2897 4046 2952 4113; x_wconf 87' lang='lat' dir='ltr'><strong>et</strong></span> <span class='ocrx_word' id='word_1_675' title='bbox 3006 4033 3425 4090; x_wconf 84' lang='lat' dir='ltr'><strong>similitudinem</strong></span> <span class='ocrx_word' id='word_1_676' title='bbox 3471 4029 3567 4085; x_wconf 84' lang='lat' dir='ltr'><strong>Dei</strong></span> 
     </span>
    </p>
   </div>
   <div class='ocr_carea' id='block_1_97' title="bbox 1996 4122 3567 4210">
    <p class='ocr_par' dir='ltr' id='par_1_97' title="bbox 1996 4122 3567 4210">
     <span class='ocr_line' id='line_1_97' title="bbox 1996 4122 3567 4210; baseline -0.015 -11"><span class='ocrx_word' id='word_1_677' title='bbox 1996 4153 2099 4209; x_wconf 88' lang='lat' dir='ltr'><strong>est,</strong></span> <span class='ocrx_word' id='word_1_678' title='bbox 2152 4143 2361 4210; x_wconf 89' lang='lat' dir='ltr'><strong>integre</strong></span> <span class='ocrx_word' id='word_1_679' title='bbox 2413 4134 2818 4198; x_wconf 86' lang='lat' dir='ltr'><strong>custodierunt,</strong></span> <span class='ocrx_word' id='word_1_680' title='bbox 2868 4130 2922 4184; x_wconf 90' lang='lat' dir='ltr'><strong>in</strong></span> <span class='ocrx_word' id='word_1_681' title='bbox 2974 4128 3212 4183; x_wconf 87' lang='lat' dir='ltr'><strong>nubibus</strong></span> <span class='ocrx_word' id='word_1_682' title='bbox 3268 4125 3322 4179; x_wconf 93' lang='lat' dir='ltr'><strong>in</strong></span> <span class='ocrx_word' id='word_1_683' title='bbox 3368 4122 3567 4178; x_wconf 70' lang='lat' dir='ltr'><strong>caelum</strong></span> 
     </span>
    </p>
   </div>
   <div class='ocr_carea' id='block_1_98' title="bbox 1998 4220 3567 4305">
    <p class='ocr_par' dir='ltr' id='par_1_98' title="bbox 1998 4220 3567 4305">
     <span class='ocr_line' id='line_1_98' title="bbox 1998 4220 3567 4305; baseline -0.015 -14"><span class='ocrx_word' id='word_1_684' title='bbox 1998 4235 2301 4305; x_wconf 79' lang='lat' dir='ltr'><strong>rapientur.</strong></span> <span class='ocrx_word' id='word_1_685' title='bbox 2336 4228 2600 4285; x_wconf 89' lang='lat' dir='ltr'><strong>Dominus</strong></span> <span class='ocrx_word' id='word_1_686' title='bbox 2630 4226 2777 4282; x_wconf 91' lang='lat' dir='ltr'><strong>enim</strong></span> <span class='ocrx_word' id='word_1_687' title='bbox 2821 4225 2998 4278; x_wconf 83' lang='lat' dir='ltr'><strong>mittet</strong></span> <span class='ocrx_word' id='word_1_688' title='bbox 3021 4220 3243 4290; x_wconf 84' lang='lat' dir='ltr'><strong>angelos</strong></span> <span class='ocrx_word' id='word_1_689' title='bbox 3276 4231 3409 4273; x_wconf 86' lang='lat' dir='ltr'><strong>suos</strong></span> <span class='ocrx_word' id='word_1_690' title='bbox 3441 4230 3567 4270; x_wconf 80' lang='lat' dir='ltr'><strong>Cum</strong></span> 
     </span>
    </p>
   </div>
   <div class='ocr_carea' id='block_1_99' title="bbox 1999 4305 3570 4389">
    <p class='ocr_par' dir='ltr' id='par_1_99' title="bbox 1999 4305 3570 4389">
     <span class='ocr_line' id='line_1_99' title="bbox 1999 4305 3570 4389; baseline -0.013 -9"><span class='ocrx_word' id='word_1_691' title='bbox 1999 4326 2153 4389; x_wconf 83' lang='lat' dir='ltr'><strong>tuba,</strong></span> <span class='ocrx_word' id='word_1_692' title='bbox 2184 4337 2315 4377; x_wconf 89' lang='lat' dir='ltr'><strong>voce</strong></span> <span class='ocrx_word' id='word_1_693' title='bbox 2341 4333 2566 4382; x_wconf 90' lang='lat' dir='ltr'><strong>sonora,</strong></span> <span class='ocrx_word' id='word_1_694' title='bbox 2601 4325 2655 4371; x_wconf 92' lang='lat' dir='ltr'><strong>et</strong></span> <span class='ocrx_word' id='word_1_695' title='bbox 2680 4312 3091 4383; x_wconf 78' lang='lat' dir='ltr'><strong>congregahunt</strong></span> <span class='ocrx_word' id='word_1_696' title='bbox 3120 4329 3138 4361; x_wconf 87' lang='grc' dir='ltr'><strong>ι</strong></span> <span class='ocrx_word' id='word_1_697' title='bbox 3168 4310 3370 4363; x_wconf 86' lang='lat' dir='ltr'><strong>electos</strong></span> <span class='ocrx_word' id='word_1_698' title='bbox 3397 4305 3518 4375; x_wconf 77' lang='lat' dir='ltr'><strong>ejus</strong></span> <span class='ocrx_word' id='word_1_699' title='bbox 3538 4321 3570 4359; x_wconf 92' lang='lat' dir='ltr'><strong>a</strong></span> 
     </span>
    </p>
   </div>
   <div class='ocr_carea' id='block_1_100' title="bbox 2000 4397 3571 4489">
    <p class='ocr_par' dir='ltr' id='par_1_100' title="bbox 2000 4397 3571 4489">
     <span class='ocr_line' id='line_1_100' title="bbox 2000 4397 3571 4489; baseline -0.015 -18"><span class='ocrx_word' id='word_1_700' title='bbox 2000 4425 2238 4489; x_wconf 89' lang='lat' dir='ltr'><strong>quatuor</strong></span> <span class='ocrx_word' id='word_1_701' title='bbox 2264 4411 2440 4468; x_wconf 90' lang='lat' dir='ltr'><strong>ventis</strong></span> <span class='ocrx_word' id='word_1_702' title='bbox 2468 4411 2515 4442; x_wconf 74' lang='grc'><strong>⁷⁸</strong></span> <span class='ocrx_word' id='word_1_703' title='bbox 2552 4428 2569 4460; x_wconf 74' lang='grc' dir='ltr'><strong>ι</strong></span> <span class='ocrx_word' id='word_1_704' title='bbox 2606 4407 2675 4461; x_wconf 91' lang='lat' dir='ltr'><strong>ab</strong></span> <span class='ocrx_word' id='word_1_705' title='bbox 2697 4414 2942 4460; x_wconf 70' lang='lat' dir='ltr'><strong>extremo</strong></span> <span class='ocrx_word' id='word_1_706' title='bbox 2962 4402 3085 4459; x_wconf 72' lang='lat' dir='ltr'><strong>coeli</strong></span> <span class='ocrx_word' id='word_1_707' title='bbox 3108 4414 3279 4465; x_wconf 85' lang='lat' dir='ltr'><strong>usque</strong></span> <span class='ocrx_word' id='word_1_708' title='bbox 3305 4397 3373 4453; x_wconf 90' lang='lat' dir='ltr'><strong>ad</strong></span> <span class='ocrx_word' id='word_1_709' title='bbox 3395 4405 3571 4451; x_wconf 77' lang='lat' dir='ltr'><strong>extre-</strong></span> 
     </span>
    </p>
   </div>
   <div class='ocr_carea' id='block_1_101' title="bbox 2763 4485 3572 4550">
    <p class='ocr_par' dir='ltr' id='par_1_101' title="bbox 2763 4485 3572 4550">
     <span class='ocr_line' id='line_1_101' title="bbox 2763 4485 3572 4550; baseline -0.014 0"><span class='ocrx_word' id='word_1_710' title='bbox 2763 4495 3046 4550; x_wconf 73' lang='lat' dir='ltr'><strong>Matthaeus</strong></span> <span class='ocrx_word' id='word_1_711' title='bbox 3076 4494 3142 4547; x_wconf 90' lang='lat' dir='ltr'><strong>de</strong></span> <span class='ocrx_word' id='word_1_712' title='bbox 3175 4491 3417 4547; x_wconf 88' lang='lat' dir='ltr'><strong>secundo</strong></span> <span class='ocrx_word' id='word_1_713' title='bbox 3451 4485 3572 4542; x_wconf 80' lang='lat' dir='ltr'><strong>Filii</strong></span> 
     </span>
    </p>
   </div>
   <div class='ocr_carea' id='block_1_102' title="bbox 2003 4581 3571 4659">
    <p class='ocr_par' dir='ltr' id='par_1_102' title="bbox 2003 4581 3571 4659">
     <span class='ocr_line' id='line_1_102' title="bbox 2003 4581 3571 4659; baseline -0.012 -3"><span class='ocrx_word' id='word_1_714' title='bbox 2003 4599 2246 4656; x_wconf 83' lang='lat' dir='ltr'><strong>hominis</strong></span> <span class='ocrx_word' id='word_1_715' title='bbox 2287 4597 2546 4659; x_wconf 87' lang='lat' dir='ltr'><strong>adventu,</strong></span> <span class='ocrx_word' id='word_1_716' title='bbox 2599 4601 2654 4646; x_wconf 90' lang='lat' dir='ltr'><strong>et</strong></span> <span class='ocrx_word' id='word_1_717' title='bbox 2698 4604 2884 4652; x_wconf 90' lang='lat' dir='ltr'><strong>cruce,</strong></span> <span class='ocrx_word' id='word_1_718' title='bbox 2922 4603 3043 4657; x_wconf 79' lang='lat' dir='ltr'><strong>quae</strong></span> <span class='ocrx_word' id='word_1_719' title='bbox 3084 4602 3207 4640; x_wconf 91' lang='lat' dir='ltr'><strong>eum</strong></span> <span class='ocrx_word' id='word_1_720' title='bbox 3258 4581 3571 4645; x_wconf 80' lang='lat' dir='ltr'><strong>antecedet.</strong></span> 
     </span>
    </p>
   </div>
   <div class='ocr_carea' id='block_1_103' title="bbox 2005 4675 3574 4758">
    <p class='ocr_par' dir='ltr' id='par_1_103' title="bbox 2005 4675 3574 4758">
     <span class='ocr_line' id='line_1_103' title="bbox 2005 4675 3574 4758; baseline -0.015 -11"><span class='ocrx_word' id='word_1_721' title='bbox 2005 4690 2283 4747; x_wconf 72' lang='lat' dir='ltr'><strong>memoria:</strong></span> <span class='ocrx_word' id='word_1_722' title='bbox 2311 4684 2551 4758; x_wconf 89' lang='lat' dir='ltr'><strong>prodidit</strong></span> <span class='ocrx_word' id='word_1_723' title='bbox 2572 4684 2619 4713; x_wconf 83' lang='lat'><strong>&quot;</strong></span> <span class='ocrx_word' id='word_1_724' title='bbox 2644 4722 2657 4736; x_wconf 92' lang='lat'><strong>.</strong></span> <span class='ocrx_word' id='word_1_725' title='bbox 2695 4678 2854 4747; x_wconf 87' lang='lat' dir='ltr'><strong>Quod</strong></span> <span class='ocrx_word' id='word_1_726' title='bbox 2887 4693 3017 4733; x_wconf 85' lang='lat' dir='ltr'><strong>vero</strong></span> <span class='ocrx_word' id='word_1_727' title='bbox 3048 4691 3193 4731; x_wconf 90' lang='lat' dir='ltr'><strong>nunc</strong></span> <span class='ocrx_word' id='word_1_728' title='bbox 3214 4675 3418 4745; x_wconf 85' lang='lat' dir='ltr'><strong>agitur,</strong></span> <span class='ocrx_word' id='word_1_729' title='bbox 3454 4685 3574 4729; x_wconf 78' lang='lat' dir='ltr'><strong>ma-</strong></span> 
     </span>
    </p>
   </div>
   <div class='ocr_carea' id='block_1_104' title="bbox 2006 4768 3577 4849">
    <p class='ocr_par' dir='ltr' id='par_1_104' title="bbox 2006 4768 3577 4849">
     <span class='ocr_line' id='line_1_104' title="bbox 2006 4768 3577 4849; baseline -0.013 -8"><span class='ocrx_word' id='word_1_730' title='bbox 2006 4784 2240 4841; x_wconf 87' lang='lat' dir='ltr'><strong>nifestus</strong></span> <span class='ocrx_word' id='word_1_731' title='bbox 2274 4779 2445 4835; x_wconf 89' lang='lat' dir='ltr'><strong>futuri</strong></span> <span class='ocrx_word' id='word_1_732' title='bbox 2477 4789 2636 4849; x_wconf 77' lang='lat' dir='ltr'><strong>typus</strong></span> <span class='ocrx_word' id='word_1_733' title='bbox 2666 4783 2770 4829; x_wconf 90' lang='lat' dir='ltr'><strong>est.</strong></span> <span class='ocrx_word' id='word_1_734' title='bbox 2797 4772 2937 4827; x_wconf 89' lang='lat' dir='ltr'><strong>Ecce</strong></span> <span class='ocrx_word' id='word_1_735' title='bbox 2966 4770 3113 4827; x_wconf 88' lang='lat' dir='ltr'><strong>enim</strong></span> <span class='ocrx_word' id='word_1_736' title='bbox 3143 4768 3413 4824; x_wconf 84' lang='lat' dir='ltr'><strong>exaltatur</strong></span> <span class='ocrx_word' id='word_1_737' title='bbox 3440 4777 3577 4821; x_wconf 62' lang='lat' dir='ltr'><strong>crux</strong></span> 
     </span>
    </p>
   </div>
   <div class='ocr_carea' id='block_1_105' title="bbox 2005 4854 3576 4939">
    <p class='ocr_par' dir='ltr' id='par_1_105' title="bbox 2005 4854 3576 4939">
     <span class='ocr_line' id='line_1_105' title="bbox 2005 4854 3576 4939; baseline -0.018 -7"><span class='ocrx_word' id='word_1_738' title='bbox 2005 4879 2059 4932; x_wconf 93' lang='lat' dir='ltr'><strong>in</strong></span> <span class='ocrx_word' id='word_1_739' title='bbox 2092 4888 2257 4939; x_wconf 88' lang='lat' dir='ltr'><strong>terra,</strong></span> <span class='ocrx_word' id='word_1_740' title='bbox 2291 4883 2343 4929; x_wconf 89' lang='lat' dir='ltr'><strong>et</strong></span> <span class='ocrx_word' id='word_1_741' title='bbox 2365 4886 2557 4927; x_wconf 93' lang='lat' dir='ltr'><strong>omnes</strong></span> <span class='ocrx_word' id='word_1_742' title='bbox 2588 4868 2807 4923; x_wconf 60' lang='lat' dir='ltr'><strong>familia</strong></span> <span class='ocrx_word' id='word_1_743' title='bbox 2830 4864 3093 4936; x_wconf 89' lang='lat' dir='ltr'><strong>gentium,</strong></span> <span class='ocrx_word' id='word_1_744' title='bbox 3125 4871 3182 4916; x_wconf 80' lang='lat' dir='ltr'><strong>et</strong></span> <span class='ocrx_word' id='word_1_745' title='bbox 3204 4872 3377 4928; x_wconf 83' lang='lat' dir='ltr'><strong>genus</strong></span> <span class='ocrx_word' id='word_1_746' title='bbox 3398 4854 3576 4909; x_wconf 90' lang='lat' dir='ltr'><strong>homi-</strong></span> 
     </span>
    </p>
   </div>
   <div class='ocr_carea' id='block_1_106' title="bbox 2004 4946 3576 5033">
    <p class='ocr_par' dir='ltr' id='par_1_106' title="bbox 2004 4946 3576 5033">
     <span class='ocr_line' id='line_1_106' title="bbox 2004 4946 3576 5033; baseline -0.017 -9"><span class='ocrx_word' id='word_1_747' title='bbox 2004 4986 2157 5033; x_wconf 92' lang='lat' dir='ltr'><strong>num,</strong></span> <span class='ocrx_word' id='word_1_748' title='bbox 2187 4965 2475 5033; x_wconf 88' lang='lat' dir='ltr'><strong>omnisque</strong></span> <span class='ocrx_word' id='word_1_749' title='bbox 2513 4970 2646 5015; x_wconf 71' lang='lat' dir='ltr'><strong>aetas</strong></span> <span class='ocrx_word' id='word_1_750' title='bbox 2670 4959 2828 5028; x_wconf 89' lang='lat' dir='ltr'><strong>signo</strong></span> <span class='ocrx_word' id='word_1_751' title='bbox 2844 4954 3026 5010; x_wconf 82' lang='lat' dir='ltr'><strong>crucis</strong></span> <span class='ocrx_word' id='word_1_752' title='bbox 3056 4946 3576 5019; x_wconf 57' lang='lat' dir='ltr'><strong>consignata-glori.</strong></span> 
     </span>
    </p>
   </div>
   <div class='ocr_carea' id='block_1_107' title="bbox 2005 5038 3573 5123">
    <p class='ocr_par' dir='ltr' id='par_1_107' title="bbox 2005 5038 3573 5123">
     <span class='ocr_line' id='line_1_107' title="bbox 2005 5038 3573 5123; baseline -0.02 -3"><span class='ocrx_word' id='word_1_753' title='bbox 2005 5066 2169 5119; x_wconf 84' lang='lat' dir='ltr'><strong>ficant</strong></span> <span class='ocrx_word' id='word_1_754' title='bbox 2199 5062 2405 5123; x_wconf 90' lang='lat' dir='ltr'><strong>locum,</strong></span> <span class='ocrx_word' id='word_1_755' title='bbox 2441 5055 2535 5109; x_wconf 86' lang='lat' dir='ltr'><strong>ubi</strong></span> <span class='ocrx_word' id='word_1_756' title='bbox 2589 5058 2857 5109; x_wconf 88' lang='lat' dir='ltr'><strong>steterunt</strong></span> <span class='ocrx_word' id='word_1_757' title='bbox 2900 5048 3078 5117; x_wconf 84' lang='lat' dir='ltr'><strong>pedes.</strong></span> <span class='ocrx_word' id='word_1_758' title='bbox 3114 5042 3324 5098; x_wconf 91' lang='lat' dir='ltr'><strong>Domini</strong></span> <span class='ocrx_word' id='word_1_759' title='bbox 3379 5038 3573 5097; x_wconf 80' lang='lat' dir='ltr'><strong>nostri.</strong></span> 
     </span>
    </p>
   </div>
   <div class='ocr_carea' id='block_1_108' title="bbox 2004 5139 3243 5226">
    <p class='ocr_par' dir='ltr' id='par_1_108' title="bbox 2004 5139 3243 5226">
     <span class='ocr_line' id='line_1_108' title="bbox 2004 5139 3243 5226; baseline -0.017 -16"><span class='ocrx_word' id='word_1_760' title='bbox 2004 5155 2111 5226; x_wconf 88' lang='lat' dir='ltr'><strong>Ipsi</strong></span> <span class='ocrx_word' id='word_1_761' title='bbox 2149 5151 2322 5222; x_wconf 84' lang='lat' dir='ltr'><strong>gloria</strong></span> <span class='ocrx_word' id='word_1_762' title='bbox 2350 5150 2405 5202; x_wconf 93' lang='lat' dir='ltr'><strong>in</strong></span> <span class='ocrx_word' id='word_1_763' title='bbox 2434 5145 2633 5202; x_wconf 85' lang='lat' dir='ltr'><strong>saecula</strong></span> <span class='ocrx_word' id='word_1_764' title='bbox 2662 5141 3013 5198; x_wconf 76' lang='lat' dir='ltr'><strong>saeculorum.</strong></span> <span class='ocrx_word' id='word_1_765' title='bbox 3046 5139 3243 5190; x_wconf 83' lang='lat' dir='ltr'><strong>Amen.</strong></span> 
     </span>
    </p>
   </div>
   <div class='ocr_carea' id='block_1_109' title="bbox 322 5223 3576 5330">
    <p class='ocr_par' dir='ltr' id='par_1_109' title="bbox 322 5223 3576 5330">
     <span class='ocr_line' id='line_1_109' title="bbox 322 5223 3576 5330; baseline -0.012 -16"><span class='ocrx_word' id='word_1_766' title='bbox 322 5261 544 5326; x_wconf 81' lang='grc' dir='ltr'>δοξάζει</span> <span class='ocrx_word' id='word_1_767' title='bbox 577 5223 669 5315; x_wconf 70' lang='grc' dir='ltr'>τὸν</span> <span class='ocrx_word' id='word_1_768' title='bbox 698 5223 884 5326; x_wconf 37' lang='grc' dir='ltr'>τόπονι,</span> <span class='ocrx_word' id='word_1_769' title='bbox 935 5252 995 5313; x_wconf 72' lang='grc' dir='ltr'><strong>οὗ</strong></span> <span class='ocrx_word' id='word_1_770' title='bbox 1022 5223 1256 5330; x_wconf 71' lang='grc' dir='ltr'>ἔστησαν</span> <span class='ocrx_word' id='word_1_771' title='bbox 1284 5258 1334 5311; x_wconf 82' lang='grc' dir='ltr'>οἱ</span> <span class='ocrx_word' id='word_1_772' title='bbox 1363 5256 1523 5320; x_wconf 88' lang='grc' dir='ltr'>πόδες</span> <span class='ocrx_word' id='word_1_773' title='bbox 1555 5223 1652 5308; x_wconf 74' lang='grc' dir='ltr'>τοῦ</span> <span class='ocrx_word' id='word_1_774' title='bbox 1674 5223 1684 5227; x_wconf 27' lang='grc'><strong>1</strong></span> <span class='ocrx_word' id='word_1_775' title='bbox 1708 5223 1919 5324; x_wconf 73' lang='grc' dir='ltr'>κυρίου</span> <span class='ocrx_word' id='word_1_776' title='bbox 1954 5223 2139 5323; x_wconf 76' lang='grc' dir='ltr'>ἡμῶν,</span> <span class='ocrx_word' id='word_1_777' title='bbox 2172 5244 2324 5314; x_wconf 87' lang='grc' dir='ltr'><strong>αὐτῷ</strong></span> <span class='ocrx_word' id='word_1_778' title='bbox 2349 5244 2383 5314; x_wconf 79' lang='grc' dir='ltr'><strong>ἡ</strong></span> <span class='ocrx_word' id='word_1_779' title='bbox 2417 5240 2545 5311; x_wconf 80' lang='grc' dir='ltr'>δόξα</span> <span class='ocrx_word' id='word_1_780' title='bbox 2582 5240 2662 5302; x_wconf 84' lang='grc' dir='ltr'><strong>είς</strong></span> <span class='ocrx_word' id='word_1_781' title='bbox 2701 5236 2828 5298; x_wconf 82' lang='grc' dir='ltr'><strong>τούς</strong></span> <span class='ocrx_word' id='word_1_782' title='bbox 2892 5232 3091 5294; x_wconf 73' lang='grc' dir='ltr'>αίῶναι,</span> <span class='ocrx_word' id='word_1_783' title='bbox 3158 5229 3269 5286; x_wconf 76' lang='grc' dir='ltr'><strong>τῶν</strong></span> <span class='ocrx_word' id='word_1_784' title='bbox 3345 5223 3576 5281; x_wconf 75' lang='grc' dir='ltr'>αἰώνων.</span> 
     </span>
    </p>
   </div>
   <div class='ocr_carea' id='block_1_110' title="bbox 339 5353 537 5421">
    <p class='ocr_par' dir='ltr' id='par_1_110' title="bbox 339 5353 537 5421">
     <span class='ocr_line' id='line_1_110' title="bbox 339 5353 537 5421; baseline -0.005 -18"><span class='ocrx_word' id='word_1_785' title='bbox 339 5353 537 5421; x_wconf 80' lang='grc' dir='ltr'>Ἀμήν.</span> 
     </span>
    </p>
   </div>
   <div class='ocr_carea' id='block_1_111' title="bbox 404 5407 3578 5509">
    <p class='ocr_par' dir='ltr' id='par_1_111' title="bbox 404 5407 3578 5509">
     <span class='ocr_line' id='line_1_111' title="bbox 404 5407 3578 5509; baseline -0.013 -11"><span class='ocrx_word' id='word_1_786' title='bbox 404 5407 450 5474; x_wconf 56' lang='grc' dir='ltr'><strong>λ’</strong></span> <span class='ocrx_word' id='word_1_787' title='bbox 472 5407 620 5497; x_wconf 62' lang='lat' dir='ltr'><strong>l’sal.</strong></span> <span class='ocrx_word' id='word_1_788' title='bbox 657 5442 776 5505; x_wconf 70' lang='lat'><strong>1,3.</strong></span> <span class='ocrx_word' id='word_1_789' title='bbox 849 5443 895 5474; x_wconf 73' lang='grc'><strong>⁷⁸</strong></span> <span class='ocrx_word' id='word_1_790' title='bbox 925 5439 1083 5496; x_wconf 82' lang='lat' dir='ltr'><strong>Joan.</strong></span> <span class='ocrx_word' id='word_1_791' title='bbox 1117 5456 1199 5504; x_wconf 90' lang='grc' dir='ltr'>ιιι,</span> <span class='ocrx_word' id='word_1_792' title='bbox 1239 5438 1325 5494; x_wconf 83' lang='lat' dir='ltr'><strong>l6.</strong></span> <span class='ocrx_word' id='word_1_793' title='bbox 1402 5440 1445 5472; x_wconf 81' lang='lat'>“</span> <span class='ocrx_word' id='word_1_794' title='bbox 1480 5414 1711 5509; x_wconf 82' lang='lat' dir='ltr'><strong>Philipp.</strong></span> <span class='ocrx_word' id='word_1_795' title='bbox 1744 5452 1804 5497; x_wconf 89' lang='grc' dir='ltr'>ιι.</span> <span class='ocrx_word' id='word_1_796' title='bbox 1834 5434 1890 5489; x_wconf 90' lang='grc'><strong>8.</strong></span> <span class='ocrx_word' id='word_1_797' title='bbox 1971 5430 2015 5462; x_wconf 78' lang='grc' dir='ltr'><strong>τ’</strong></span> <span class='ocrx_word' id='word_1_798' title='bbox 2057 5428 2244 5485; x_wconf 77' lang='lat' dir='ltr'><strong>Matth.</strong></span> <span class='ocrx_word' id='word_1_799' title='bbox 2320 5440 2465 5488; x_wconf 76' lang='lat' dir='ltr'><strong>xxiv,</strong></span> <span class='ocrx_word' id='word_1_800' title='bbox 2514 5421 2603 5475; x_wconf 83' lang='lat'><strong>&#39;50.</strong></span> <span class='ocrx_word' id='word_1_801' title='bbox 2688 5419 2736 5453; x_wconf 75' lang='grc'><strong>’³</strong></span> <span class='ocrx_word' id='word_1_802' title='bbox 2760 5415 2892 5472; x_wconf 89' lang='lat' dir='ltr'><strong>ibid.</strong></span> <span class='ocrx_word' id='word_1_803' title='bbox 2925 5413 3015 5469; x_wconf 75' lang='lat'><strong>29.</strong></span> <span class='ocrx_word' id='word_1_804' title='bbox 3109 5411 3155 5442; x_wconf 79' lang='lat'><strong><em>&quot;</em></strong></span> <span class='ocrx_word' id='word_1_805' title='bbox 3194 5407 3384 5465; x_wconf 81' lang='lat' dir='ltr'><strong>Matth.</strong></span> <span class='ocrx_word' id='word_1_806' title='bbox 3429 5418 3578 5467; x_wconf 73' lang='lat' dir='ltr'><strong>xm,</strong></span> 
     </span>
    </p>
   </div>
   <div class='ocr_carea' id='block_1_112' title="bbox 326 5514 359 5533">
    <p class='ocr_par' dir='ltr' id='par_1_112' title="bbox 326 5514 359 5533">
     <span class='ocr_line' id='line_1_112' title="bbox 326 5514 359 5533; baseline 0 -4"><span class='ocrx_word' id='word_1_807' title='bbox 326 5514 359 5533; x_wconf 66' lang='grc' dir='ltr'><strong>ρ</strong></span> 
     </span>
    </p>
   </div>
   <div class='ocr_carea' id='block_1_113' title="bbox 326 5512 1215 5581">
    <p class='ocr_par' dir='ltr' id='par_1_113' title="bbox 326 5512 1215 5581">
     <span class='ocr_line' id='line_1_113' title="bbox 326 5512 1215 5581; baseline -0.008 -11"><span class='ocrx_word' id='word_1_808' title='bbox 326 5514 420 5570; x_wconf 82' lang='grc'><strong>⁸51.</strong></span> <span class='ocrx_word' id='word_1_809' title='bbox 506 5516 552 5547; x_wconf 82' lang='grc'><strong>⁷⁸</strong></span> <span class='ocrx_word' id='word_1_810' title='bbox 574 5512 763 5568; x_wconf 84' lang='lat' dir='ltr'><strong>Matth.</strong></span> <span class='ocrx_word' id='word_1_811' title='bbox 798 5528 926 5578; x_wconf 77' lang='lat' dir='ltr'><strong>xxv,</strong></span> <span class='ocrx_word' id='word_1_812' title='bbox 965 5512 1025 5566; x_wconf 76' lang='lat'><strong>&#39;51</strong></span> <span class='ocrx_word' id='word_1_813' title='bbox 1062 5526 1215 5581; x_wconf 83' lang='lat' dir='ltr'><strong>seqq.</strong></span> 
     </span>
    </p>
   </div>
   <div class='ocr_carea' id='block_1_114' title="bbox 1612 5586 2295 5654">
    <p class='ocr_par' dir='ltr' id='par_1_114' title="bbox 1612 5586 2295 5654">
     <span class='ocr_line' id='line_1_114' title="bbox 1612 5586 2295 5654; baseline -0.019 -1"><span class='ocrx_word' id='word_1_814' title='bbox 1612 5595 1846 5654; x_wconf 67' lang='lat' dir='ltr'><strong>VARIE</strong></span> <span class='ocrx_word' id='word_1_815' title='bbox 1890 5586 2295 5648; x_wconf 77' lang='lat' dir='ltr'><strong>LECTIONES.</strong></span> 
     </span>
    </p>
   </div>
   <div class='ocr_carea' id='block_1_115' title="bbox 439 5661 3591 5765">
    <p class='ocr_par' dir='ltr' id='par_1_115' title="bbox 439 5661 3591 5765">
     <span class='ocr_line' id='line_1_115' title="bbox 439 5661 3591 5765; baseline -0.007 22"><span class='ocrx_word' id='word_1_816' title='bbox 439 5714 467 5754; x_wconf 67' lang='grc'><strong>’³</strong></span> <span class='ocrx_word' id='word_1_817' title='bbox 500 5700 652 5756; x_wconf 71' lang='lat' dir='ltr'><strong>C-V-</strong></span> <span class='ocrx_word' id='word_1_818' title='bbox 694 5699 945 5755; x_wconf 77' lang='grc' dir='ltr'><strong>δέδωκενο</strong></span> <span class='ocrx_word' id='word_1_819' title='bbox 1023 5706 1045 5736; x_wconf 82' lang='lat'><strong><em>&#39;</em></strong></span> <span class='ocrx_word' id='word_1_820' title='bbox 1077 5696 1139 5752; x_wconf 74' lang='grc' dir='ltr'><strong>ο·</strong></span> <span class='ocrx_word' id='word_1_821' title='bbox 1172 5694 1238 5749; x_wconf 82' lang='lat' dir='ltr'><strong>V-</strong></span> <span class='ocrx_word' id='word_1_822' title='bbox 1276 5693 1587 5765; x_wconf 66' lang='grc' dir='ltr'>μαρτύρωνο</span> <span class='ocrx_word' id='word_1_823' title='bbox 1664 5682 2413 5765; x_wconf 58' lang='grc' dir='ltr'><strong>έε-.ν-.κῖξστεφςάἒτὶιετης;,</strong></span> <span class='ocrx_word' id='word_1_824' title='bbox 2479 5671 2795 5765; x_wconf 57' lang='lat'><strong>€395.93???</strong></span> <span class='ocrx_word' id='word_1_825' title='bbox 2842 5661 3591 5765; x_wconf 48' lang='grc' dir='ltr'><strong>ίέἥτ...ξ11.ἒῖῑ.ν;ιυῖ.</strong></span> 
     </span>
    </p>
   </div>
   <div class='ocr_carea' id='block_1_116' title="bbox 331 5756 2077 5840">
    <p class='ocr_par' dir='ltr' id='par_1_116' title="bbox 331 5756 2077 5840">
     <span class='ocr_line' id='line_1_116' title="bbox 331 5756 2077 5840; baseline -0.012 -11"><span class='ocrx_word' id='word_1_826' title='bbox 331 5775 566 5836; x_wconf 88' lang='lat' dir='ltr'><strong>rectius,</strong></span> <span class='ocrx_word' id='word_1_827' title='bbox 620 5772 761 5825; x_wconf 85' lang='grc' dir='ltr'><strong>κατά</strong></span> <span class='ocrx_word' id='word_1_828' title='bbox 823 5772 919 5840; x_wconf 85' lang='grc' dir='ltr'>τὴν</span> <span class='ocrx_word' id='word_1_829' title='bbox 958 5768 1169 5840; x_wconf 74' lang='grc' dir='ltr'>ἡμέραν</span> <span class='ocrx_word' id='word_1_830' title='bbox 1224 5756 1319 5835; x_wconf 73' lang='grc' dir='ltr'><strong>τῆς</strong></span> <span class='ocrx_word' id='word_1_831' title='bbox 1359 5756 1615 5836; x_wconf 67' lang='grc' dir='ltr'>κρίσεως,</span> <span class='ocrx_word' id='word_1_832' title='bbox 1666 5762 1716 5816; x_wconf 80' lang='lat' dir='ltr'><strong>in</strong></span> <span class='ocrx_word' id='word_1_833' title='bbox 1757 5761 1840 5814; x_wconf 82' lang='lat' dir='ltr'><strong>die</strong></span> <span class='ocrx_word' id='word_1_834' title='bbox 1867 5756 2077 5828; x_wconf 74' lang='lat' dir='ltr'><strong>judirii.</strong></span> 
     </span>
    </p>
   </div>
   <div class='ocr_carea' id='block_1_117' title="bbox 331 5838 1137 5900">
    <p class='ocr_par' dir='ltr' id='par_1_117' title="bbox 331 5838 1137 5900">
     <span class='ocr_line' id='line_1_117' title="bbox 331 5838 1137 5900; baseline -0.012 0"><span class='ocrx_word' id='word_1_835' title='bbox 331 5846 461 5900; x_wconf 86' lang='grc' dir='ltr'>τῶν.</span> <span class='ocrx_word' id='word_1_836' title='bbox 539 5856 567 5886; x_wconf 85' lang='grc' dir='ltr'>ι</span> <span class='ocrx_word' id='word_1_837' title='bbox 596 5841 659 5897; x_wconf 82' lang='lat' dir='ltr'><strong>C.</strong></span> <span class='ocrx_word' id='word_1_838' title='bbox 686 5842 747 5898; x_wconf 75' lang='grc' dir='ltr'>ν.</span> <span class='ocrx_word' id='word_1_839' title='bbox 774 5838 923 5897; x_wconf 63' lang='lat' dir='ltr'><strong>addit</strong></span> <span class='ocrx_word' id='word_1_840' title='bbox 962 5838 1137 5893; x_wconf 82' lang='grc' dir='ltr'>πάλιν.</span> 
     </span>
    </p>
   </div>
   <div class='ocr_carea' id='block_1_118' title="bbox 2192 5732 3586 5815">
    <p class='ocr_par' dir='ltr' id='par_1_118' title="bbox 2192 5732 3586 5815">
     <span class='ocr_line' id='line_1_118' title="bbox 2192 5732 3586 5815; baseline -0.013 -9"><span class='ocrx_word' id='word_1_841' title='bbox 2192 5758 2215 5788; x_wconf 82' lang='grc'><strong>¹¹</strong></span> <span class='ocrx_word' id='word_1_842' title='bbox 2250 5732 2435 5805; x_wconf 45' lang='lat' dir='ltr'><strong>(LPV.</strong></span> <span class='ocrx_word' id='word_1_843' title='bbox 2481 5747 2573 5799; x_wconf 77' lang='grc' dir='ltr'>ἀπ’</span> <span class='ocrx_word' id='word_1_844' title='bbox 2612 5744 2796 5815; x_wconf 78' lang='grc' dir='ltr'>ἀκρων</span> <span class='ocrx_word' id='word_1_845' title='bbox 2854 5736 3100 5812; x_wconf 83' lang='grc' dir='ltr'>οὐρανῶν</span> <span class='ocrx_word' id='word_1_846' title='bbox 3127 5736 3233 5799; x_wconf 78' lang='grc' dir='ltr'>ἓως</span> <span class='ocrx_word' id='word_1_847' title='bbox 3276 5736 3459 5805; x_wconf 77' lang='grc' dir='ltr'>ἄκρων</span> <span class='ocrx_word' id='word_1_848' title='bbox 3491 5732 3586 5789; x_wconf 51' lang='lat' dir='ltr'><strong>ab.</strong></span> 
     </span>
    </p>
   </div>
  </div>
