4098 6514
324 388 462 449 1273

1381 404 1703 466 ISAGOGE
1742 405 1824 467 IN
1865 409 1969 468 SS.
2007 408 2496 477 SCRIPTURAS.

3418 416 3562 486 1974¹

370 541 2175 580 ._____________________________

1560 712 2321 831 ΑΔΡΙΑΝΟΥ

990 938 1537 1027 ΕΙΣΑΓΩΓΗ
1577 941 1753 1028 ΕΙΣ
1786 937 1993 1028 ΤΑΣ
2042 944 2371 1033 ΘΕΙΑΣ
2419 950 2900 1037 ΓΡΑΦΑΣ..

1612 1290 2277 1422 ΑΒΒΙΑΝΙ

906 1540 1401 1636 ISAGOGE
1473 1542 1623 1632 AD
1713 1548 2132 1639 SACBAS
2201 1552 2963 1643 SCRIPTURAS.

1208 1736 1399 1794 Jomu.
1436 1739 1791 1809 Pmnsomus,
1823 1740 2008 1795 Critic.
2045 1741 2197 1798 Sacr.
2242 1754 2280 1799 t.
2312 1743 2449 1813 VIII,
2480 1763 2534 1817 p.
2563 1747 2650 1803 II.

381 2004 490 2057 Τοῦ
533 2002 821 2075 Ἐϐραῖκοῦ
849 2003 1196 2074 χαρακτῆρος
1241 2004 1548 2074 ἰδιωμάτων
1584 2006 1733 2060 ἐστὶν
1770 2008 1886 2077 εῐδη

2060 2004 2286 2073 Linguae
2322 2002 2601 2059 Hebraicae
2641 2005 2966 2059 idiomatum
3002 2014 3132 2062 sunt
3162 2018 3272 2063 tres
3298 2009 3509 2080 species
3539 2028 3555 2065 '.

308 2096 462 2166 τρία·
522 2088 595 2148 ὧν
645 2094 707 2147 τὸ
759 2094 861 2162 μὲν
908 2095 999 2147 ἐπὶ
1052 2095 1154 2164 τῆς
1205 2095 1443 2160 διανοίας
1491 2095 1641 2168 εὖροι
1673 2115 1758 2159 τις
1795 2099 1882 2165 ἂν,

308 2190 371 2241 τὸ
399 2189 454 2241 δὲ
485 2190 576 2240 ἐπὶ
616 2188 707 2256 τῆς
737 2185 954 2251 λέξεως,
978 2187 1037 2239 τὸ
1060 2187 1117 2239 δὲ
1140 2188 1233 2240 ἐπὶ
1260 2188 1359 2256 τῆς
1391 2189 1715 2253 συνθέσεως.

643 2278 813 2347 Ἀρχὴ
856 2276 974 2331 τῶν
1014 2279 1112 2332 ἐπὶ
1141 2278 1252 2348 τῆς
1277 2279 1568 2346 διανοίας.

380 2371 455 2423 Τὸ
489 2370 586 2440 μὲν
612 2366 703 2423 οὖν
732 2369 823 2422 ἐπὶ
847 2370 948 2441 τῆς
976 2369 1210 2433 διανοίας
1238 2371 1375 2434 ἐστὶ,
1407 2370 1466 2423 τὸ
1492 2372 1600 2424 ἀπὸ
1622 2372 1730 2426 τῶν
1755 2376 1886 2443 ἡμῖν

310 2464 623 2532 προσόντων
644 2461 737 2514 τοῦ
768 2459 900 2514 Θεοῦ
928 2462 1284 2533 σχηματίζειν
1307 2464 1407 2528 τὰς
1434 2465 1737 2536 ἐνεργείας,
1769 2468 1888 2537 ἢτοι

310 2551 407 2603 ἐπὶ
436 2549 604 2618 καλῷ,
640 2549 674 2622 ἢ
722 2549 814 2602 ἐπὶ
846 2549 1002 2619 κακῷ
1045 2551 1338 2620 γινομένας
1363 2568 1380 2585 ο
1413 2554 1557 2624 φημὶ
1594 2554 1680 2623 δὴ,
1716 2555 1749 2627 ἢ
1782 2555 1889 2611 ἀπὸ

313 2642 515 2713 μελῶν,
552 2642 584 2711 ἢ
616 2642 723 2695 άπὸ
753 2641 1082 2713 αἰσθήσεων,
1111 2643 1142 2712 ἢ
1178 2643 1284 2697 ἀπὸ
1317 2646 1592 2711 κινήσεων
1641 2646 1889 2717 ψυχικῶν

312 2734 386 2805 [ἢ
435 2734 543 2785 ἀπὸ
603 2736 867 2803 κινήσεων
915 2735 1265 2804 σωματικῶν,
1307 2736 1479 2807 ἧάπδ
1513 2737 1700 2791 παθῶν
1731 2739 1890 2809 ψυχι-

311 2826 471 2899 κῶν],
502 2826 534 2897 ἦ
563 2826 670 2879 ἀπὸ
696 2826 883 2879 παθῶν
919 2828 1265 2897 σωματικῶν,
1296 2830 1327 2899 ἢ
1360 2831 1466 2883 άπὸ
1487 2831 1798 2897 διαθέσεων,
1831 2832 1886 2903 [ἢ

309 2920 421 2973 ἀπὸ
452 2918 645 2973 κοινῶν
673 2918 860 2983 δοξῶν,
889 2918 920 2989 ἢ
953 2919 1061 2972 ἀπὸ
1083 2920 1459 2994 ἁξιωμάτων,]
1491 2922 1522 2993 ἢ
1559 2923 1666 2976 ἀπὸ
1697 2926 1887 2994 ἐπιτη-

308 3010 618 3078 δευμάτων,
663 3008 697 3080 ἢ
748 3009 855 3062 ἀπὸ
910 3009 1113 3075 τόπων,
1155 3010 1188 3081 ἢ
1229 3011 1337 3064 ἀπὸ
1366 3013 1692 3082 στολισμῶν,
1720 3014 1752 3085 ἢ
1782 3015 1892 3068 ἀπὸ

309 3101 473 3165 ἐθῶν,
507 3100 540 3171 ἢ
568 3100 674 3154 ἀπὸ
700 3101 1013 3171 σχημάτων,
1046 3102 1079 3173 ἢ
1107 3102 1216 3156 ἀπὸ
1247 3101 1368 3157 ὅλου
1400 3103 1495 3157 τοῦ
1532 3105 1695 3170 ζώου.

382 3280 456 3333 α’.
487 3279 677 3343 Ὀπως
701 3278 807 3334 ἀπὸ
832 3278 1009 3348 μελῶν
1026 3297 1040 3310 ο
1071 3280 1180 3334 ἀπὸ
1202 3282 1301 3351 μὲν
1332 3280 1530 3352 μελῶν,
1555 3284 1631 3347 ὡς
1655 3283 1716 3337 τό
1738 3300 1753 3314 ⁸
1780 3286 1890 3339 ιΤὰ

1984 2112 2219 2168 quarum
2272 2111 2433 2149 unam
2468 2110 2496 2148 a
2534 2098 2968 2167 cogitationibus
3014 2098 3281 2165 invenies,
3316 2101 3475 2154 aliam
3525 2118 3556 2155 a

1987 2190 2149 2260 stylo,
2192 2188 2354 2241 aliam
2393 2203 2421 2240 a
2455 2189 2875 2257 compositione.

2166 2277 2501 2347 Principium
2530 2279 2845 2333 idiomatum
2877 2298 2908 2333 (ι
2940 2281 3375 2351 cogitationibus.

2057 2369 2215 2436 Quod
2249 2382 2382 2438 ergo
2414 2385 2444 2421 a
2487 2369 2914 2437 cogitationibus
2944 2380 3049 2431 est,
3090 2370 3193 2422 hoc
3225 2369 3293 2421 ab
3324 2370 3407 2424 his
3438 2386 3561 2439 quae

1989 2470 2175 2515 nostra
2224 2469 2354 2513 sunt
2404 2458 2497 2513 Dei
2545 2460 2803 2529 elllugere
2845 2461 3238 2529 operationes,
3301 2470 3413 2514 tum
3462 2478 3559 2530 pro

1989 2550 2158 2615 bono,
2192 2557 2304 2603 tum
2335 2565 2432 2618 pro
2472 2549 2617 2603 malo
2644 2549 2870 2603 eITectus
2900 2568 2914 2604 :
2946 2548 3070 2603 dico
3098 2559 3191 2603 aut
3223 2565 3253 2604 a
3278 2550 3560 2615 membris,

1989 2652 2083 2697 aut
2121 2658 2152 2696 a
2184 2643 2459 2708 sensibus,
2494 2650 2590 2696 aut
2623 2657 2651 2696 a
2682 2643 2923 2696 motibus
2951 2641 3357 2710 spiritualibus,
3409 2650 3503 2695 aut
3531 2657 3562 2695 a

1990 2736 2233 2791 motibus
2263 2735 2665 2804 corporalibus,
2695 2743 2789 2789 aut
2818 2749 2848 2788 a
2879 2734 3229 2804 passionibus
3262 2733 3564 2802 spirituali-

1991 2827 2115 2893 bus,
2166 2834 2312 2881 auta
2348 2827 2699 2895 passionibus
2746 2825 3141 2895 corporalibus,
3202 2833 3295 2878 aut
3325 2840 3352 2877 a
3378 2825 3565 2892 dispo-

1993 2916 2310 2981 sitionibus,
2365 2922 2460 2969 aut
2493 2930 2523 2967 a
2559 2914 2946 2969 communibus
2980 2912 3247 2975 dicteriis,
3281 2923 3375 2966 aut
3418 2928 3448 2966 a
3477 2914 3566 2967 di-

1992 3006 2314 3078 gnitatibus,
2351 3015 2445 3060 aut
2477 3006 2546 3060 ab
2582 3005 2778 3075 agendi
2821 3005 3150 3069 rationibus,
3200 3014 3294 3057 aut
3337 3020 3365 3055 a
3406 3004 3562 3067 locis,

1992 3106 2087 3151 aut
2115 3098 2183 3151 ab
2211 3096 2565 3161 indumentis,
2598 3106 2693 3152 aut
2726 3111 2756 3150 a
2784 3096 3058 3161 moribus,
3092 3103 3186 3148 aut
3214 3108 3245 3147 a
3269 3091 3431 3159 faeie,
3470 3104 3565 3148 aut

1993 3202 2024 3241 a
2056 3196 2170 3241 toto
2197 3186 2443 3240 animali.

2066 3280 2117 3333 I.
2158 3279 2450 3345 Quomodo
2482 3293 2509 3332 a
2565 3278 2825 3333 membris
2855 3294 2868 3333 :
2901 3294 2931 3334 a
2978 3280 3257 3346 membris,
3310 3279 3517 3336 scilicet
3547 3297 3561 3333 :

314 3372 561 3443 βλέφαρα
584 3370 748 3426 αὐτοῦ
785 3370 1027 3438 ἐξετάζει
1055 3373 1181 3435 τοὺς
1212 3351 1361 3436 υἱοὺς
1385 3373 1493 3428 τῶν
1518 3375 1839 3447 ἀνθρώπων·
1864 3397 1882 3430 ι

1999 3389 2017 3423 ‹
2050 3369 2329 3439 Palpebras
2357 3371 2477 3440 ejus
2518 3371 2855 3442 interrogant
2889 3372 3033 3427 ﬁlios
3075 3374 3401 3439 hominum;
3434 3393 3452 3425 ι
3487 3382 3564 3435 et,

311 3466 407 3519 xci.
451 3464 532 3529 τὸ,
595 3483 613 3516 I
664 3462 960 3533 Ὀφθαλμοὶ
1006 3462 1213 3534 Κυρίου
1251 3465 1342 3517 ἐπὶ
1379 3465 1659 3531 δικαίουςο
1697 3487 1716 3521 ι
1771 3472 1887 3533 καὶ,

318 3575 338 3609 ι
362 3555 545 3625 Στόμα
583 3554 790 3626 Κυρίου
822 3552 1053 3622 ὲλάλησε
1080 3552 1280 3609 ταῦτα·
1319 3574 1339 3609 ι
1378 3558 1473 3610 καὶ
1513 3557 1592 3621 τὸ,
1621 3576 1639 3610 I
1662 3559 1890 3627 Ἀγαθός

314 3658 404 3712 μοι
433 3643 461 3695 δ
489 3642 653 3712 νόμος
681 3638 773 3693 τοῦ
802 3640 1071 3708 στόματός
1096 3658 1213 3695 σου·
1246 3662 1264 3694 ι
1300 3645 1394 3698 καὶ
1425 3645 1506 3713 τὺ,
1539 3641 1644 3700 ιἾΙ
1673 3647 1783 3718 μὴν
1806 3647 1892 3713 ἐξ-

311 3730 592 3784 ελεύσεται
639 3731 704 3783 ὲκ
751 3729 845 3783 τοῦ
877 3731 1146 3801 στόματός
1179 3750 1279 3802 μου
1317 3734 1633 3807 δικαιοσύνη
1657 3754 1670 3766 ο
1713 3757 1731 3790 ι
1772 3740 1887 3805 καὶ,

317 3840 337 3873 ι
381 3822 680 3892 Πρόσωπον
735 3820 944 3892 Κυρίου
999 3822 1093 3874 ἐπὶ
1135 3822 1426 3886 ποιοῦντας
1478 3826 1660 3879 κακά·
1704 3845 1721 3877 ι
1772 3829 1888 3893 καὶ,

316 3931 337 3965 I
370 3910 617 3981 Ἐπαρον
645 3910 744 3974 τὰς
772 3911 961 3980 χεῖράς
991 3929 1084 3966 σου
1116 3914 1211 3967 ἐπὶ
1242 3914 1342 3979 τὰς
1375 3916 1759 3987 ὑπερηφανίας
1791 3919 1891 3971 αύ-

308 4003 439 4059 τῶν.
475 4021 493 4055 ι
533 4003 644 4072 Τὴν
686 4002 890 4068 δεξιὰν,
927 4003 1021 4056 ἐπὶ
1062 4004 1173 4058 τῶν
1228 4007 1553 4076 κρειττόνων
1597 4004 1738 4061 οῐδεν
1776 4010 1893 4062 ὀνο-

314 4095 531 4167 μάζειν,
565 4096 641 4159 ὡς
685 4096 1061 4168 τιμιωτέραν
1110 4093 1224 4151 οἷον
1270 4100 1353 4162 τὸ,
1418 4118 1437 4151 ι
1479 4099 1638 4167 Δεξιὰ
1686 4101 1891 4172 Κυρίου

308 4188 535 4259 ἐποίησε
581 4185 846 4255 δύναμινο
888 4206 908 4239 ι
961 4189 1054 4241 καὶ
1098 4189 1180 4253 τὸ,
1233 4209 1251 4243 ι
1293 4192 1770 4264 Προσκυνήσωμεν
1812 4194 1892 4257 εἱς

306 4280 405 4333 τὸν
433 4279 593 4333 τόπον
622 4274 683 4334 οὗ
707 4278 942 4351 ἔστησαν
969 4281 1019 4333 oi
1050 4281 1207 4345 πόδες
1233 4282 1395 4335 αὑτοῦ
1416 4300 1431 4314 ·
1466 4303 1484 4336 ι
1523 4283 1619 4337 καὶ⁸
1647 4284 1747 4338 ὅσα
1769 4284 1893 4337 τού-

306 4388 424 4434 τοις
449 4370 806 4442 παραπλήσια
824 4386 838 4403 ’
865 4371 1072 4426 τούτων
1095 4373 1173 4439 δὲ,
1200 4374 1269 4427 τὰ
1294 4375 1393 4444 μὲν
1416 4376 1507 4429 ἐπὶ
1532 4377 1796 4448 σωτηρίᾳ,
1823 4376 1893 4431 τὰ

306 4462 369 4517 δὲ
397 4462 492 4515 ἐπὶ
513 4461 754 4533 τιμωρίᾳ
787 4463 1175 4533 προϐάλλεται.

382 4557 450 4628 β’.
490 4556 679 4617 Ὅπως
733 4555 841 4607 ἀπὸ
893 4557 1235 4627 αἰσθήσεωνο
1269 4559 1345 4622 ὡς
1378 4558 1459 4621 τὸ,
1510 4577 1529 4611 ι
1566 4558 1893 4629 Ἐπέδλεψεν

1997 3481 2015 3515 ι
2046 3462 2202 3519 Oculi
2246 3462 2464 3517 Domini
2510 3463 2914 3532 superjustos;
2948 3482 2966 3513 ι
3001 3474 3077 3529 et,
3120 3484 3139 3516 ι
3173 3465 3384 3520 Bonum
3432 3464 3567 3518 mihi

1991 3555 2076 3609 lex
2112 3555 2225 3610 oris
2262 3555 2377 3620 tui;
2418 3575 2435 3608 ι
2468 3564 2544 3620 et,
2583 3573 2601 3607 I
2654 3554 2980 3625 Egredietur
3019 3557 3085 3611 de
3136 3573 3230 3611 ore
3262 3555 3569 3624 meojusti-

1994 3647 2095 3712 tia;
2130 3664 2147 3697 ι
2182 3655 2255 3711 et,
2305 3664 2323 3697 I
2355 3645 2554 3702 Vultus
2584 3646 2802 3701 Domini
2838 3663 3003 3716 super
3033 3648 3300 3702 facientes
3332 3648 3512 3712 mala;
3543 3666 3561 3697 ι

1990 3748 2067 3802 et,
2109 3756 2127 3788 I
2162 3737 2305 3792 Leva
2348 3754 2547 3793 manus
2578 3747 2702 3794 tuas
2735 3740 2787 3793 in
2826 3741 3113 3809 superhias
3148 3754 3361 3793 eorum.
3395 3758 3414 3790 ι
3455 3737 3569 3791 Ma-

1994 3846 2123 3884 num
2152 3829 2398 3884 dextram
2432 3830 2500 3885 de
2530 3831 2854 3885 melioribus
2878 3847 3075 3886 vocare
3107 3830 3279 3897 novit,
3310 3841 3567 3899 tanquam

1993 3921 2488 3988 honorabiliorem,
2541 3923 2752 3977 scilicet
2788 3940 2802 3978 :
2837 3942 2856 3974 ι
2890 3922 3121 3976 Dextera
3180 3904 3395 3975 Domini
3444 3922 3573 3975 fecit

1992 4013 2282 4078 virtutem;
2313 4032 2331 4064 ι
2354 4022 2428 4075 et,
2467 4032 2486 4065 ι
2517 4013 2882 4068 Adorabimus
2927 4014 2981 4067 in
3020 4014 3142 4066 loco
3182 4013 3271 4066 ubi
3305 4020 3573 4067 steterunt

1993 4100 2156 4168 pedes
2186 4099 2340 4171 ejus;
2372 4120 2389 4152 ι
2427 4116 2773 4171 quaecunque
2806 4101 2893 4156 bis
2924 4100 3303 4155 assimilantur
3332 4118 3343 4153 :
3373 4100 3570 4154 horum

1993 4192 2099 4247 alia
2135 4194 2204 4247 de
2234 4194 2435 4257 salute,
2477 4194 2583 4248 alia
2610 4193 2677 4248 de
2707 4209 2864 4263 pwna
2914 4193 3263 4247 emittuntur.
3300 4191 3476 4261 (l’sal.
3516 4209 3569 4258 x,

1993 4284 2064 4351 5;
2103 4301 2298 4352 χχχιιι,
2333 4285 2433 4353 16ς
2471 4284 2589 4340 Isa.
2620 4301 2660 4350 I,
2709 4285 2811 4351 20;
2852 4301 3006 4346 LVIII,
3043 4284 3142 4347 I4;
3190 4283 3339 4339 Psal.
3376 4300 3571 4353 CXVIII,

1994 4377 2099 4442 72;
2155 4377 2273 4432 Iaa.
2321 4394 2445 4442 λιν,
2494 4378 2599 4442 25;
2652 4376 2807 4432 Psal.
2864 4393 3059 4439 XXXIII,
3114 4377 3214 4442 l7;
3258 4394 3453 4446 LXXIII,
3502 4379 3573 4445 ὃς

1993 4480 2161 4533 cxvn,
2200 4465 2300 4533 16;
2336 4482 2525 4532 cum,
2562 4467 2628 4533 7;
2666 4466 2844 4538 [xxxn
2880 4466 2969 4530 15,
3006 4467 3188 4540 ηοιι].)

2062 4558 2116 4612 2.
2160 4557 2451 4626 Quomodo
2494 4575 2525 4614 a
2574 4560 2832 4615 sensibus
2866 4578 2879 4614 :
2912 4560 3101 4615 sicut:
3137 4579 3155 4611 σ
3187 4559 3259 4614 De
3307 4560 3446 4615 coelo
3490 4576 3575 4615 re-

309 4649 372 4716 ἒξ
402 4644 632 4721 ούρανοῦ
678 4645 959 4719 ὁΚύριος,
1002 4644 1109 4701 εἶδε
1164 4649 1376 4713 πάντας
1426 4652 1552 4714 τοὺς
1593 4653 1743 4715 υἱοὺς
1786 4653 1891 4705 τῶν

1997 4651 2175 4720 spexit
2214 4652 2492 4717 Dominus,
2527 4652 2659 4706 vidit
2688 4667 2883 4708 omnes
2912 4652 3055 4707 ﬁlios
3085 4652 3411 4715 hominum;
3447 4672 3466 4704 ι
3501 4663 3573 4715 et,

308 4741 636 4813 ἀνθρώπων·
680 4744 815 4799 »καὶ
853 4742 934 4808 τὺ,
972 4760 990 4792 ι
1021 4742 1176 4811 Φωνῇ
1224 4758 1326 4811 μου
1363 4741 1501 4812 πρὸς
1531 4742 1735 4814 Κύριον
1776 4743 1896 4797 ἐκέ-

308 4833 518 4903 κραξα,
551 4838 646 4889 καὶ
696 4833 973 4906 ἐπήκουσέ
1008 4849 1109 4903 μου
1131 4848 1145 4861 υ
1181 4851 1199 4884 ι
1229 4833 1346 4899 καὶ,
1381 4852 1398 4884 ι
1428 4831 1633 4902 Κύριος
1654 4834 1897 4889 είσακού·

309 4924 466 4978 σεται
514 4942 652 4995 μου·
691 4943 713 4977 ι
751 4925 865 4986 καὶ,
908 4941 927 4974 ι
963 4921 1269 4994 Ὦσφράνθη
1330 4922 1535 4991 Κύριος
1581 4924 1756 4995 ὀσμὴν
1806 4926 1897 4977 εύ-

306 5016 507 5079 ωδίας⁹
543 5035 561 5067 ι
595 5016 709 5081 καὶ,
746 5034 764 5068 I
797 5014 1208 5080 Ἑξαπόστειλον
1232 5014 1331 5085 τὴν
1366 5015 1527 5084 χεῖρά
1553 5031 1684 5068 σου’
1725 5034 1744 5067 ι
1780 5016 1894 5078 καὶ,

312 5126 333 5160 ι
363 5108 538 5177 "Aibat
577 5108 687 5162 τῶν
721 5107 925 5161 ὀστέων
952 5106 1151 5161 αύτοῦο
1188 5124 1206 5158 t
1242 5107 1355 5170 καὶ,
1393 5126 1413 5157 I
1446 5109 1583 5178 Χεὶρ
1616 5107 1821 5179 Κυρίου
1860 5110 1893 5179 ή

307 5200 573 5271 ἁψαμένη
612 5218 747 5271 μουο
792 5219 810 5252 ι
858 5201 975 5263 καὶ,
1032 5217 1052 5251 I
1091 5200 1149 5252 Ὀ
1183 5199 1491 5270 ἁπτόμενος
1547 5200 1655 5254 τῶν
1703 5201 1897 5273 ὀρέων,

305 5294 407 5346 καὶ
438 5293 814 5357 καπνίζονταν
850 5311 869 5365 ξ
907 5292 1025 5355 καὶ,
1059 5311 1078 5343 ι
1102 5292 1428 5362 Ψηλαφήσω
1461 5294 1641 5346 πᾶσαν
1662 5293 1759 5364 τὴν
1787 5294 1902 5349 ἅδι-

306 5385 438 5438 κίαν
465 5386 564 5456 τῆς
591 5387 697 5456 γῆς
724 5384 941 5454 ἐκείνης
960 5400 975 5416 ⁸
1012 5403 1031 5435 ι
1058 5384 1153 5438 καὶ
1181 5384 1264 5451 τὸ,
1299 5404 1317 5436 I
1350 5385 1441 5455 Μὴ
1474 5386 1738 5454 φάγωμαι
1762 5386 1900 5456 κρέα.

2005 4761 2025 4794 ι
2060 4740 2205 4798 Voce
2252 4757 2372 4798 mea
2440 4744 2506 4799 ad
2560 4742 2850 4798 Dominum
2904 4743 3134 4799 clamavi
3193 4751 3246 4797 et
3297 4743 3575 4797 exaudivit

2000 4848 2116 4899 me;
2155 4852 2175 4887 ι
2202 4844 2276 4900 et,
2315 4854 2333 4887 ι
2366 4835 2634 4891 Dominus
2659 4836 2919 4891 exaudiet
2947 4852 3061 4901 me;
3103 4853 3121 4885 ι
3152 4844 3225 4899 et,
3254 4852 3271 4885 ι
3305 4834 3578 4888 Odoralus

1998 4936 2083 4981 est
2109 4927 2373 4997 Dominus
2399 4927 2624 4982 odorem
2657 4926 2989 4991 suavitatis;
3026 4944 3045 4977 ι
3075 4935 3147 4991 et,
3181 4943 3199 4975 ι
3230 4922 3427 4977 Emitte
3459 4938 3578 4975 ma—

2000 5030 2131 5070 num
2163 5024 2350 5083 tuam;
2391 5034 2410 5068 ι
2465 5026 2539 5081 et,
2588 5035 2606 5067 ι
2635 5016 2819 5086 Tange
2861 5032 2924 5071 os
2961 5016 3117 5084 ejus;
3152 5033 3170 5066 ι
3227 5023 3300 5072 et.
3338 5031 3355 5065 I
3384 5012 3578 5066 Manus

2001 5106 2215 5162 Domini
2253 5108 2430 5177 tetigit
2480 5122 2601 5172 me;
2636 5126 2655 5157 ι
2692 5116 2768 5169 et,
2827 5126 2845 5157 ι
2888 5104 2991 5171 Qui
3038 5104 3215 5175 tangit
3265 5112 3479 5157 montes
3523 5113 3579 5158 et

2002 5198 2308 5269 I'umigant;
2339 5217 2356 5250 ι
2384 5209 2456 5264 et,
2495 5217 2513 5248 ι
2546 5197 2787 5269 Tangam
2813 5213 3030 5251 omnem
3055 5197 3393 5265 iniquitatem
3419 5206 3579 5251 tet-rte

2004 5291 2188 5353 illius;
2223 5309 2242 5342 ›
2274 5298 2350 5355 et,
2405 5308 2422 5339 I
2452 5288 2711 5358 Nunquid
2761 5288 3109 5343 mandueabo
3145 5302 3338 5341 carnes
3389 5297 3577 5340 lauro-

2004 5381 2170 5435 rum?
2206 5400 2225 5432 ι
2263 5378 2329 5434 Ει
2358 5378 2650 5434 Salvator:
2690 5398 2708 5430 ι
2736 5378 2852 5450 Ego
2894 5380 3076 5435 cibum
3128 5378 3300 5433 habeo
3347 5377 3579 5433 mandu-

305 5470 563 5542 ταύρων
601 5492 619 5525 ι
663 5473 757 5527 καὶ
786 5474 814 5526 ὁ
839 5472 1055 5544 Σωτὴρ,
1098 5491 1116 5524 ι
1159 5471 1302 5541 Ἐγὼ
1343 5472 1549 5544 βρῶσιν
1572 5473 1681 5542 ἔχω
1707 5477 1891 5542 φαγεῖν

2005 5486 2131 5525 care
2159 5487 2321 5541 quem
2349 5487 2447 5525 vos
2496 5471 2760 5536 nescitis;
2796 5490 2814 5521 ι
2850 5480 2926 5534 et,
2965 5489 2983 5523 I
3014 5469 3168 5524 Meus
3196 5469 3351 5524 cibus
3390 5475 3475 5523 est
3513 5479 3576 5523 ut

307 5565 383 5636 ἦν
407 5564 571 5634 ὑμεῖς
592 5566 693 5619 οὐκ
716 5564 918 5618 οἴδατε·
951 5583 971 5617 ι
999 5564 1115 5632 καὶ,
1144 5583 1163 5616 ι
1204 5564 1364 5635 Ἐμὸν
1393 5565 1590 5636 βρῶμά
1617 5567 1785 5630 ἐστιν,
1815 5565 1891 5618 ἶνα

2009 5562 2208 5617 faciam
2235 5564 2569 5618 voluntatem
2598 5563 2779 5616 Patris
2819 5562 2927 5618 mei
2954 5580 2968 5629 ;
3003 5580 3022 5614 ο
3052 5570 3104 5617 et
3132 5560 3434 5631 praesentiae
3456 5560 3579 5631 ejus

1469 5680 1698 5736 DAVID.
1754 5678 2150 5735 HOESCIIELII
2178 5680 2411 5737 ΝΟΤιΕ.

379 5776 462 5844 (Ι)
514 5776 821 5845 Ἐσαγωνὴ
866 5781 953 5841 εἱς
984 5794 1036 5847 τ.
1078 5779 1131 5831 θ.
1172 5776 1440 5846 Γραφιὴν.
1477 5774 1701 5831 Photius
1727 5816 1740 5841 ,
1798 5773 2133 5846 Ἀνεγνώσθη
2187 5774 2466 5847 Ἀδριανοῦ
2516 5772 2807 5846 Εἰσαγωγὴ
2852 5772 2952 5843 τῆς
2993 5770 3213 5843 Γραφῆς
3250 5785 3263 5799 ·
3305 5767 3581 5840 χρήσιμος

308 5847 426 5912 τοῖς
454 5847 829 5915 εἰσαγομένοις
864 5850 897 5914 ἡ
933 5846 1113 5916 βίϐλος
