3934 6544
71 550 276 603 bona:
336 548 414 602 τὰ
465 548 693 621 ὑπερῷα
737 546 941 601 αὑτοῦ·
982 565 1001 599 1
1039 548 1135 601 καὶ
1184 548 1264 612 τὸ,
1306 566 1324 600 1
1357 549 1600 603 Ἔπλασε
1636 550 1728 604 τὸν

75 641 449 713 ἄνθρωπον·
479 660 498 695 1
535 644 685 706 xat,1
725 639 1096 711 Ἑνεφὺσησεν
1123 642 1204 705 εἰς
1227 641 1288 695 τὸ
1314 642 1612 714 πρόσωπον
1637 645 1735 699 αὖ.

78 732 203 786 τοῦ
271 732 463 804 πνοὴν
511 732 688 803 ζωῆς’
722 750 741 785 1
790 732 884 787 καὶ
918 732 1003 797 τὸ,
1041 750 1060 784 1
1100 731 1297 803 Ἀνέϐη
1352 736 1618 804 ἐμφυσῶν
1651 738 1733 801 είς

85 826 437 896 πρόσωπόν
468 841 602 879 σουλ
632 844 651 877 1
690 825 815 879 ἀντὶ
839 824 956 890 τοῦ,
989 842 1010 877 1
1035 824 1331 896 Φυσήμασι
1358 827 1733 891 διασκεδάζων

87 919 203 971 ὑπ’
263 919 403 989 ὄψιν
451 934 547 971 σου
585 918 718 981 τοὺς
755 918 1149 985 ὑπεναντίους·
1190 940 1209 971 1
1261 922 1350 974 ἵνα
1398 922 1550 994 εἴπῃ,
1585 921 1732 975 οὕτω

90 1010 343 1082 ῥᾳδίως
369 1009 464 1063 καὶ
491 1009 723 1080 ἀθρόως
751 1011 812 1064 τὸ
842 1009 974 1080 γὰρ,
1008 1011 1324 1081 ἐμφυσῶν,
1366 1012 1728 1081 σκορπίζων,

88 1104 151 1155 οἱ
211 1101 341 1165 ἔξω
392 1100 817 1172 ἐφιλοσόφησαν.
848 1102 977 1169 Καὶ,
1024 1120 1045 1155 1
1088 1102 1224 1157 Ἰδοὺ
1257 1103 1315 1157 ἐν
1342 1106 1409 1175 τῇ
1444 1104 1591 1175 χειρί
1626 1122 1730 1174 μου

94 1191 518 1262 ἐζωγράφησα
550 1191 618 1244 τὰ
643 1190 799 1261 τείχη
825 1207 942 1256 σου,
967 1191 1105 1265 πρὸς
1128 1191 1232 1265 τὴν
1270 1192 1627 1265 Ἰερουσαλήμ
1649 1211 1665 1226 ο
1704 1214 1723 1246 1

94 1284 237 1345 καὶ,
299 1300 324 1335 1
373 1284 634 1354 Φραγμὸν
678 1284 1027 1357 περιέθηκα,
1078 1285 1174 1339 καὶ
1222 1286 1585 1357 ἐχαράκωσα,
1636 1292 1732 1342 καὶ

101 1373 422 1443 ἐφύτευσα
452 1392 512 1428 σε
541 1375 789 1446 ἄμπελον
810 1376 1027 1448 Σωρὴχ,
1051 1379 1147 1431 καὶ
1168 1378 1496 1449 ᾠκοδόμησα
1521 1378 1731 1450 πύργον

104 1467 175 1519 ἐν
206 1466 376 1537 μέσῳ
396 1466 586 1538 αὐτῆς,
616 1467 712 1521 καὶ
742 1467 1035 1539 προλήνιον
1064 1467 1251 1541 ὥρυξα
1272 1471 1329 1523 ἐν
1354 1470 1523 1541 αὐτῇ·
1559 1489 1578 1522 1
1614 1471 1728 1536 καὶ,

115 1577 136 1609 1
172 1558 333 1611 Ἰδοὺ
364 1557 477 1627 ἐγὼ
508 1559 744 1630 φράσσω
775 1558 877 1630 τὴν
905 1558 1024 1613 ὁδὸν
1052 1561 1224 1631 αὐτῆς
1259 1564 1317 1614 ἐν
1356 1560 1603 1631 σκόλοψι,
1635 1563 1733 1617 καὶ

107 1649 555 1722 ἀνοικοδομήσω
571 1652 671 1714 τὰς
694 1650 917 1723 τρίϐους
936 1651 1127 1723 αὐτῆς,
1157 1652 1253 1706 καὶ
1276 1652 1338 1704 o6
1368 1651 1443 1723 μὴ
1468 1651 1608 1726 εὕρῃ
1631 1654 1733 1724 τὴν

108 1743 253 1797 ὁδὸν
281 1743 499 1815 αὐτῆς·
536 1762 555 1796 1
597 1744 715 1809 καὶ,
753 1763 772 1797 1
808 1744 1132 1801 Ἐκπετάσω
1163 1745 1226 1798 τὸ
1254 1744 1475 1799 δίκτυόν
1509 1764 1617 1817 μου
1641 1746 1731 1800 ἐπ’

108 1836 302 1890 αὐτόν
326 1854 342 1869 ·
384 1856 404 1890 1
443 1839 560 1906 καὶ,
601 1856 620 1889 1
649 1838 946 1893 Πεσοῦνται
971 1840 1029 1892 ἐν
1058 1837 1466 1911 ἁμφιϐλήστρῳ
1492 1838 1658 1893 αὑτοῦ
1681 1840 1730 1895 οί

111 1930 461 2001 ἁμαρτωλοί
482 1949 496 1963 ’
534 1950 552 1983 1
583 1932 679 1985 καὶ
706 1933 810 1986 ὅσα
828 1933 1016 2004 ὅμοια.

196 2020 298 2076 ια’.
340 2022 475 2075 Ἀπὸ
497 2021 711 2075 τόπων
740 2022 818 2086 ὡς
853 2023 937 2086 τὸ,
968 2021 1249 2094 ’Υψὼθητι
1280 2022 1373 2076 ἐπὶ
1406 2021 1535 2084 τοὺς
1560 2020 1730 2092 οὐρα·-

112 2113 254 2177 νοὺς
284 2114 315 2166 ό
340 2111 478 2176 Θεός
499 2128 513 2142 ⁸
541 2113 659 2178 καὶ,
694 2134 713 2167 1
754 2112 983 2185 Ἀνέϐης
1005 2115 1086 2177 είς
1110 2112 1266 2183 ὕψος,
1294 2110 1731 2183 ᾐχμαλώτευσας

115 2204 524 2276 αἰχμαλωσίαν
544 2222 560 2237 ⁸
604 2224 621 2256 1
661 2205 779 2270 καὶ,
816 2222 838 2257 1
879 2205 1132 2259 Ἐκλινεν
1163 2205 1450 2276 οὐρανοὺς,
1476 2204 1574 2258 καὶ
1600 2220 1733 2257 κατ·

117 2296 268 2367 έϐη-
313 2314 332 2347 1
384 2296 501 2361 καὶ,
550 2315 569 2348 1
608 2295 812 2365 Ἐγγῦς
864 2292 1073 2365 Κύριος
1112 2296 1229 2358 τοῖς
1276 2292 1733 2364 ἐπικαλουμένοις

119 2387 331 2442 αὐτόν’
370 2405 393 2441 1
428 2388 547 2452 καὶ,
598 2406 616 2439 ι
650 2387 769 2442 ἰνα
796 2387 873 2451 τί,
918 2386 1118 2459 Κύριε,
1164 2387 1489 2457 ἀφέστηκας
1522 2385 1733 2458 μακρό-

120 2481 260 2546 Dav;
298 2498 318 2531 1
352 2481 471 2543 καὶ,
512 2498 530 2531 1
570 2480 703 2534 Ἰδοὺ
726 2479 934 2550 Κύριος
960 2478 1203 2550 κάθηται
1223 2479 1317 2532 ἐπὶ
1350 2478 1581 2549 νεφέλης
1604 2477 1734 2531 κού·

122 2587 271 2642 φης’
304 2589 324 2623 1
361 2571 478 2636 καὶ,
509 2589 528 2622 1
571 2570 706 2624 Ἰδοὺ
733 2568 941 2641 Κύριος
965 2568 1331 2639 ἐκπορεύεται
1361 2569 1425 2622 ἐκ
1446 2566 1539 2621 τοῦ
1561 2568 1731 2622 τόπου

123 2662 343 2718 αὐτοῦ’
386 2681 406 2716 1
452 2663 571 2727 καὶ,
608 2682 627 2715 1
682 2662 1043 2735 Ἐπιϐήσεται
1107 2661 1203 2715 ἐπὶ
1264 2661 1335 2715 τὰ
1398 2660 1580 2733 ὑψηλὰ
1634 2660 1733 2730 τῆς

125 2772 261 2825 γης.
306 2772 326 2806 1

208 2845 299 2917 ιβ’.
347 2845 485 2899 Ἀπὸ
512 2845 849 2916 στολισμῶνο
874 2845 953 2911 ὡς
990 2845 1073 2910 τὸ,
1107 2863 1125 2897 1
1170 2842 1493 2898 Ἐνεδύσατο
1527 2842 1735 2914 Κύριος

128 2937 394 3009 δύναμιν,
442 2938 540 2992 καὶ
574 2936 991 3007 περιεζώσατοο
1024 2955 1045 2988 1
1076 2935 1195 3004 καὶ,
1234 2954 1253 2988 1
1291 2933 1605 3005 Περίζωσαι
1635 2932 1735 3003 τὴν

134 3028 424 3101 ῥομφαίαν
450 3043 545 3081 σου
575 3028 671 3082 ἐπὶ
694 3028 788 3082 τὸν
821 3027 999 3099 μηρόν
1030 3044 1125 3081 σου
1148 3043 1163 3059 ’
1198 3045 1218 3077 1
1251 3025 1370 3088 καὶ,
1402 3043 1421 3077 1
1452 3024 1733 3095 Περιεζω·

134 3122 339 3192 σμένος
380 3122 440 3175 ἐν
467 3116 794 3194 δυναστείᾳο
827 3140 845 3173 1
876 3122 991 3187 καὶ,
1035 3141 1054 3173 1
1094 3118 1570 3193 Περιϐαλλόμενος
1618 3116 1736 3187 φῶς

132 3215 210 3278 ῶς
234 3214 490 3285 Ξμάτιονυ
522 3232 542 3267 1
605 3214 722 3281 καὶ,
761 3232 781 3267 1
827 3214 926 3278 Τίς
955 3206 1112 3277 οὗτος
1140 3216 1169 3267 ὀ
1192 3210 1642 3287 παραγενόμενος
1676 3210 1735 3277 ἐξ

145 3304 363 3375 Ἐδὼμς
413 3303 667 3375 ἐρύθημα
713 3304 949 3377 ἱματίων
989 3303 1155 3360 αὑτοῦ
1200 3305 1265 3358 ἐκ
1308 3300 1538 3373 Βοσώρ·
1575 3291 1733 3363 οὗτος

130 3392 343 3466 ὡραῖος
368 3396 428 3449 ἐν
455 3394 617 3467 στολῇ
646 3393 838 3449 αὑτοῦ.
878 3414 897 3448 1

211 3601 305 3664 ιγ’.
340 3594 476 3648 Ἀπὸ
508 3594 648 3649 ἐθῶν
670 3612 685 3628 ⁸
740 3597 817 3661 ὡς
846 3596 927 3661 τὸ,
972 3615 990 3649 1
1031 3596 1413 3667 ’Δπέστρεψας
1456 3594 1520 3648 τὸ
1556 3595 1732 3666 πρόσ-

139 3687 293 3740 ωπόν
325 3703 442 3752 σου,
465 3687 562 3740 καὶ
596 3688 868 3759 ἐγενήθην
894 3688 1313 3759 τεταραγμένος
1333 3704 1346 3717 ·
1383 3706 1401 3738 1
1435 3687 1551 3748 καὶ,
1581 3687 1732 3738 «Ἵνα

142 3778 220 3840 τί,
252 3776 451 3849 Κύριε,
487 3776 735 3842 ἁπωθεῖς
762 3776 862 3850 τὴν
898 3779 1081 3850 ψυχήν
1108 3796 1236 3849 μου,
1263 3778 1643 3847 ἀποστρέφεις
1670 3775 1733 3831 τὸ

146 3866 445 3939 πρόσωπόν
484 3884 621 3935 σου;
655 3885 675 3920 1
709 3869 831 3933 καὶ,
880 3886 898 3920 1
925 3869 1020 3941 Μὴ
1054 3869 1317 3939 ἐκκλίνῃς
1347 3870 1406 3920 ἐν
1440 3869 1581 3939 ὀργῇ
1623 3867 1733 3921 ἀπὸ

144 3959 242 4012 τοῦ
277 3958 468 4013 δούλου
499 3975 597 4012 σου
619 3974 633 3987 ·
674 3977 692 4011 1
728 3959 849 4027 καὶ,
890 3977 909 4011 1
932 3958 1025 4029 Μὴ
1054 3959 1373 4031 ἀπορρίψῃς
1406 3975 1475 4028 με
1504 3956 1731 4011 ἀπὸτοῦ

149 4050 448 4121 προσώπου
478 4066 573 4104 σου
593 4065 607 4080 ·
639 4069 659 4103 1
689 4050 807 4118 καὶ,
836 4068 855 4103 1
880 4049 1028 4120 Ἐγὼ
1057 4050 1115 4104 δέ
1148 4047 1277 4104 εῐπα
1304 4052 1363 4103 ἐν
1384 4051 1452 4121 τῇ
1473 4049 1733 4104 ἐκστάσει

153 4162 255 4214 μου
283 4160 298 4175 ·
328 4143 715 4217 Ἀπέρῤιμμαι
760 4146 872 4199 ἀπὸ
925 4143 1233 4217 προσώπου
1282 4141 1377 4197 τοῦ
1426 4141 1733 4213 ὀφθαλμῶν

152 4251 278 4288 σου’
314 4253 333 4289 1
376 4234 524 4307 ἆπερ
565 4237 615 4289 οἱ
661 4236 1012 4307 ὀργιζόμενοι
1058 4236 1155 4289 καὶ
1194 4233 1559 4305 λυπούμενοι,
1595 4232 1733 4304 πρὸς

152 4326 247 4392 οὒς
280 4328 659 4399 διαφέρονται,
690 4329 789 4384 καὶ
823 4328 1256 4382 ἐπιδείκνυνται.

229 4421 309 4475 ιδ’.
345 4420 479 4475 ’Δπὸ
501 4421 832 4493 σχημάτων⁶
864 4419 941 4485 ὡς
972 4420 1057 4485 τὸ,
1086 4438 1104 4471 1
1128 4419 1248 4473 Ἵνα
1271 4417 1326 4472 τί
1353 4415 1732 4489 ἀποστρέφεις

156 4514 253 4585 τὴν
275 4515 431 4585 χεῖρά
457 4530 551 4568 σου
572 4553 587 4578 ,
624 4514 719 4568 καὶ
748 4513 849 4585 τὴν
871 4512 1057 4580 δεξιάν
1085 4527 1214 4578 σου;
1244 4529 1263 4561 1
1309 4512 1373 4564 ἐκ
1408 4509 1729 4579 μεταφορᾶς

157 4604 263 4658 τῶν
285 4604 796 4676 παρακαλουμένων
854 4604 950 4658 καὶ
984 4605 1065 4667 είς
1104 4601 1354 4656 τούπίσω
1394 4601 1497 4665 τὰς
1536 4601 1729 4671 χεῖρας

159 4696 609 4769 ἀποστρεφόντων
636 4713 651 4732 ο
691 4696 822 4761 καὶ,
861 4696 1029 4749 «Ὅτι
1077 4692 1198 4763 ἀρῶ
1241 4694 1322 4757 είς
1370 4692 1461 4747 τὸν
1501 4691 1734 4762 οὐρανὸν

157 4791 255 4859 τὴν
286 4788 443 4859 χεῖρά
473 4806 598 4858 μου,
628 4788 726 4842 καὶ
746 4787 993 4859 ὀμοῦμαι
1030 4788 1098 4858 τῇ
1129 4785 1284 4857 δεξιᾷ
1317 4802 1420 4856 μου
1442 4799 1457 4813 ·
1495 4802 1513 4835 1
1546 4784 1642 4837 καὶ
1664 4782 1733 4836 τὰ

162 4899 340 4955 ομοια.

230 4970 309 5028 ιε’.
334 4971 466 5026 ’Δπδ
493 4971 551 5026 δὲ
595 4972 725 5026 ὅλου
755 4970 853 5026 τοῦ
896 4969 1040 5037 ζώου
1064 4985 1079 5001 ο
1114 4968 1227 5024 ἀπὸ
1270 4968 1396 5022 ὅλου
1443 4966 1540 5020 τοῦ
1590 4964 1732 5031 ζώου

164 5065 301 5121 κατὰ
324 5065 624 5138 διαίρεσινς,
654 5064 749 5120 νῦν
781 5064 880 5136 μὲν
909 5062 1019 5117 ἀπὸ
1047 5062 1151 5132 τῆς
1183 5060 1388 5133 ψυχῆς,
1415 5058 1514 5113 νῦν
1541 5059 1599 5115 δὲ
1627 5061 1735 5113 ἀπὸ

163 5160 257 5231 τῆς
282 5158 513 5230 σαρκόςο
550 5157 626 5221 ῶς
655 5157 739 5221 τὸ,
777 5175 797 5210 1
824 5155 975 5229 Σάρξ
1018 5173 1118 5227 μου
1159 5155 1221 5220 ἐξ
1268 5153 1476 5219 αὐτῶν,
1513 5172 1531 5206 1
1577 5152 1736 5224 παρὰ

163 5252 238 5322 τῷ
264 5249 440 5320 Ὦσηέ.
473 5248 614 5303 Ἀπὸ
643 5248 705 5303 δὲ
743 5247 957 5319 ψυχῆς⁸
991 5248 1092 5312 ὡς,
1130 5264 1149 5299 ι
1174 5244 1288 5309 Τὰς
1314 5245 1615 5315 νεομηνίας
1636 5244 1733 5297 καὶ

166 5346 231 5398 τὰ
274 5342 525 5396 Σάϐϐατα
558 5341 715 5412 ὑμῶν
755 5343 908 5413 μισεί
945 5341 980 5412 ἠ
1018 5340 1167 5411 ψυχή
1202 5357 1343 5412 μουο
1371 5360 1389 5392 1
1428 5338 1733 5395 καὶταῦτα

173 5436 264 5507 μὲν
310 5434 716 5505 ὑποδείγματος
765 5433 930 5506 χάριν
986 5432 1124 5505 πρὸς
1173 5431 1567 5502 ἐντελεστέραν
1622 5431 1735 5485 τῶν

176 5529 468 5600 ἰδιωμάτων
504 5527 844 5596 αἰτιολογίας
879 5527 1229 5597 παράστασιν
1258 5525 1569 5591 λελέξεται.

341 5662 661 5729 Ἐπίλυσις
697 5661 819 5716 τῶν
835 5661 1149 5732 ῥηθέντων
1176 5660 1557 5730 διαιρέσεων.

242 5798 303 5865 α’,
332 5796 395 5869 β’.
429 5799 510 5852 Tb
533 5798 715 5852 τοίνυν
742 5798 1014 5870 ἁλάθητον
1033 5797 1136 5867 τῆς
1161 5796 1254 5851 τοῦ
1284 5797 1423 5851 Θεοῦ
1449 5795 1730 5865 γνώσεως,

188 5892 545 5963 ιὐφυαλμοὺς
566 5886 673 5945 οἶδε
708 5893 801 5946 καὶ
824 5889 1105 5960 ,ϐλέφαρα
1125 5890 1216 5945 καὶ
1240 5889 1457 5959 ὅρασιν
1478 5889 1665 5944 καλεῖν
1685 5908 1728 5943 ’›

1223 434 1550 497 ISAGOGE
1579 437 1661 497 IN
1689 437 1795 497 SS.
1846 439 2345 500 SCRIPTURAS.

3285 433 3429 495 1278

1758 558 1804 613 Α
1832 552 1993 622 aquis
2019 552 2302 623 superiora
2329 551 2486 621 ejus;
2524 568 2543 603 1
2572 558 2647 613 et,
2678 569 2697 602 1
2730 549 3031 605 Plasmavit
3074 551 3378 613 hominem;
3408 571 3428 602 1

1838 652 1916 704 et,
1951 659 1970 692 1
2004 641 2304 712 lnspiravit
2349 642 2403 696 iu
2441 640 2638 696 faciem
2675 640 2797 710 ejus
2839 640 3179 711 spiraculum
3220 645 3370 704 vila';
3409 662 3427 693 1

1837 744 1913 801 et,
1950 753 1969 787 1
2021 736 2284 791 Ascendit
2317 736 2412 806 qui
2454 734 2706 791 ersulllet
2748 749 2936 789 coram
2974 746 3047 800 te,
3081 753 3100 786 1
3135 735 3257 789 loco
3287 734 3435 787 illius

1838 826 2103 882 dictionis
2151 844 2166 881 :
2223 845 2242 877 1
2277 826 2520 881 Flatibus
2562 826 2843 895 dissipans
2892 834 3021 879 ante
3070 834 3429 894 conspectum

1838 925 1993 970 tuum
2031 916 2241 981 hostes,
2276 935 2296 969 1
2334 926 2397 970 ut
2435 917 2609 980 dicat,
2632 916 2774 970 adeo
2798 915 3036 970 faciliter
3070 922 3123 969 et
3162 913 3432 982 multipli-

1837 1008 2009 1075 citer;
2039 1023 2280 1079 namque
2309 1008 2594 1079 enuﬂlans
2629 1023 2729 1079 pro
2768 1006 3041 1078 dissipans
3081 1007 3281 1077 pagani
3310 1007 3434 1077 phi-

1837 1101 2195 1173 losophantes
2248 1102 2615 1158 admiserunt.
2658 1100 2759 1167 Et,
2826 1120 2845 1153 1
2890 1100 3035 1155 Ecce
3075 1100 3132 1155 in
3172 1100 3431 1154 manibus

1838 1193 1978 1249 meis
2014 1193 2287 1265 descripsi
2344 1208 2538 1248 muros
2588 1202 2754 1259 tuos,
2791 1210 2809 1244 1
2860 1194 2927 1247 ad
2960 1190 3289 1247 Jerusalem.
3332 1190 3427 1254 Et,

1842 1304 1862 1339 1
1888 1284 2087 1356 Sepem
2117 1286 2494 1356 circumposui
2519 1294 2575 1341 et
2597 1287 3006 1357 circumsepivi,
3031 1294 3086 1341 et
3110 1285 3351 1355 plantavi
3376 1293 3430 1339 te

1837 1380 2051 1434 vineam
2091 1378 2324 1445 Sorech,
2366 1388 2425 1435 et
2464 1380 2735 1436 aediﬁcavi
2767 1380 2965 1435 turrim
3004 1380 3058 1434 in
3092 1380 3273 1434 medio
3307 1379 3430 1448 ejus

1836 1478 1893 1526 et
1922 1470 2169 1525 torcular
2204 1470 2317 1525 fodi
2364 1471 2418 1525 in
2468 1486 2555 1525 ea.
2589 1490 2608 1522 1
2652 1470 2738 1537 Et,
2774 1490 2793 1521 1
2830 1470 2970 1525 Ecce
3009 1485 3111 1540 ego
3157 1469 3309 1539 sepio
3346 1469 3429 1521 vi-

1838 1580 1998 1619 neam
2046 1574 2198 1619 tuam
2242 1565 2424 1635 spinis
2471 1573 2525 1618 et
2569 1562 2919 1619 reaedificabo
2954 1561 3183 1616 semitas
3211 1561 3333 1629 ejus
3375 1568 3431 1613 et

1839 1658 2067 1713 semitas
2134 1652 2267 1712 suas
2321 1673 2429 1710 non
2486 1655 2758 1722 inveniet;
2808 1672 2828 1707 1
2899 1662 2953 1707 et
2986 1692 3001 1717 ,
3067 1670 3086 1703 1
3119 1649 3428 1705 Extendam

1838 1758 1954 1804 rete
2010 1765 2193 1805 meum
2230 1765 2410 1818 super
2456 1764 2619 1813 eum;
2657 1766 2677 1801 1
2732 1756 2804 1813 et,
2854 1764 2872 1797 1
2905 1743 3118 1799 Cadent
3158 1743 3212 1797 in
3264 1744 3432 1797 retia-

1837 1842 1965 1898 culo
2024 1842 2145 1913 ejus
2199 1852 2554 1912 peccatores;
2594 1859 2612 1891 1
2689 1848 2745 1895 et
2802 1850 3149 1910 quazcunque
3200 1836 3428 1891 similia.

1747 1918 1809 1994 ,Β
1839 1934 2017 2007 (Paul.
2046 1950 2165 1999 cm,
2197 1935 2252 1999 δ,
2284 1942 2333 1988 ει
2364 1933 2544 1999 alibi.)

1906 2026 1996 2080 ll.
2037 2025 2083 2078 A
2116 2025 2289 2080 locis:
2322 2032 2383 2078 ut
2410 2042 2427 2074 1
2464 2022 2693 2077 Elevare
2736 2035 2904 2091 super
2937 2020 3132 2083 caelos,
3174 2018 3317 2072 Deus
3347 2034 3361 2084 ;
3402 2036 3422 2070 1

1831 2129 1912 2185 et,
1961 2137 1980 2170 1
2010 2116 2324 2173 Ascendisti
2369 2117 2426 2171 in
2482 2116 2680 2177 altum,
2722 2112 2920 2183 cepisti
2957 2109 3367 2183 captivitatem;
3403 2127 3421 2159 1

1831 2222 1906 2278 et,
1944 2230 1962 2263 1
1994 2209 2289 2266 lnclinavit
2337 2209 2507 2264 caelos
2556 2217 2607 2262 et
2641 2206 2963 2272 descendit;
2999 2224 3019 2257 1
3063 2213 3141 2267 et,
3196 2221 3216 2255 1
3250 2200 3429 2271 Prope

1831 2313 1917 2359 est
1950 2303 2219 2358 Dominus
2258 2301 2647 2357 invocantibus
2673 2316 2836 2367 eum;
2873 2318 2894 2351 1
2934 2308 3028 2365 et,
3089 2316 3107 2349 1
3144 2295 3214 2353 Ut
3262 2296 3422 2367 quid,

1833 2394 2097 2463 Domine,
2142 2394 2427 2450 recessisti
2477 2394 2675 2464 longe?
2706 2413 2722 2444 1
2783 2391 2886 2456 Et,
2933 2410 2952 2443 1
2991 2391 3129 2445 Ecce
3161 2389 3428 2443 Dominus

1834 2488 1991 2543 sedet
2027 2502 2196 2558 super
2242 2487 2446 2541 nubem
2492 2485 2702 2549 levem;
2735 2504 2755 2535 1
2808 2492 2885 2550 et,
2936 2502 2956 2535 1
2989 2481 3128 2538 Ecce
3160 2479 3428 2535 Dominus

1832 2579 2116 2649 egreditur
2177 2595 2209 2634 e
2269 2578 2397 2633 loco
2446 2592 2583 2642 suo;
2618 2596 2637 2629 1
2701 2585 2794 2642 et,
2870 2594 2888 2627 1
2932 2573 3208 2629 Ascendet
3266 2586 3430 2641 super

1833 2673 2051 2728 excelsa
2085 2683 2267 2728 terrm.
2311 2671 2490 2743 (Psal.
2528 2667 2642 2733 L‘vt,
2679 2672 2751 2736 6;
2797 2685 2964 2734 van,
3003 2668 3273 2733 l9;xv11,
3319 2663 3435 2732 1οτ

1836 2780 2019 2829 cxmv,
2061 2765 2160 2833 l8;
2204 2780 2281 2827 Ix,
2318 2760 2418 2831 22;
2466 2763 2580 2819 ιω.
2615 2778 2730 2826 Xlx,
2767 2764 2783 2815 l
2816 2779 2831 2829 ;
2866 2759 3099 2822 llic/1.1,
3129 2758 3210 2829 5.)

1914 2858 2000 2912 12.
2042 2858 2125 2913 Ab
2163 2857 2529 2921 indumentis,
2572 2856 2758 2911 sicut:
2793 2854 3069 2909 1|n1lutus
3112 2860 3197 2908 est
3244 2851 3431 2905 Domi-

1837 2963 1942 3003 nus
1968 2947 2347 3003 fortitudinem
2372 2957 2427 3003 et
2458 2947 2749 3017 praecinxit
2780 2961 2875 3011 se;
2912 2964 2931 2997 1
2963 2954 3041 3010 et,
3076 2963 3095 2995 1
3122 2944 3429 3015 Accingere

1837 3040 2021 3111 gladio
2072 3050 2168 3095 luo
2224 3056 2391 3111 super
2430 3039 2611 3095 femur
2659 3050 2835 3093 tuum.
2869 3056 2888 3089 1
2925 3036 3026 3101 Et,
3076 3054 3095 3087 1
3129 3034 3429 3091 Accinctus

1838 3133 2118 3202 potentia;
2146 3152 2164 3185 1
2191 3144 2266 3197 et,
2298 3152 2315 3184 1
2341 3132 2592 3187 Amictus
2610 3130 2819 3184 lumine
2844 3130 2987 3183 sicut
3014 3127 3378 3195 vestimento;
3402 3146 3421 3179 1

1840 3233 1914 3291 et,
1971 3242 1989 3276 1
2025 3223 2164 3291 Quis
2210 3234 2299 3279 est
2342 3225 2447 3279 iste
2486 3225 2577 3294 qui
2626 3225 2776 3277 venit
2807 3221 2873 3275 de
2916 3219 3126 3274 Edoni?
3175 3219 3421 3274 Rubrum

1839 3315 2223 3371 indumentum
2259 3317 2380 3387 ejus
2406 3316 2473 3373 de
2498 3315 2694 3381 Bosor,
2727 3313 2832 3368 iste
2866 3310 3143 3367 formosus
3172 3314 3226 3366 in
3286 3311 3429 3368 stola

1832 3422 1955 3462 sua.
1995 3427 2013 3458 1
2060 3405 2249 3479 {PsaL
2301 3423 2432 3475 xcu,
2483 3409 2549 3475 l;
2604 3422 2750 3470 κων,
2785 3404 2854 3470 4;
2894 3418 3044 3468 LXIV,
3078 3403 3152 3466 7;
3194 3419 3313 3469 cm,
3354 3403 3430 3486 Ως

1833 3501 1950 3556 1.1a.
1981 3517 2137 3566 Lxm,
2177 3503 2270 3572 1.)

1906 3594 1995 3650 15.
2039 3596 2085 3647 Α
2114 3595 2408 3649 moribus:
2445 3612 2464 3644 1
2493 3591 2754 3649 Avertisti
2801 3595 2999 3650 faciem
3045 3602 3196 3648 tuam
3248 3598 3305 3645 et
3349 3586 3431 3642 fa-

1832 3695 1957 3742 ctus
2002 3701 2124 3741 sum
2175 3686 2571 3752 conturbatus;
2606 3705 2625 3737 1
2685 3695 2761 3749 et,
2813 3704 2831 3737 1
2866 3685 2937 3739 Ut
2975 3682 3129 3754 quid,
3178 3679 3426 3744 Domine,

1836 3779 2055 3849 repellis
2094 3779 2337 3833 animam
2376 3794 2581 3843 meam,
2618 3780 2824 3833 avertis
2852 3777 3049 3832 faciem
3083 3774 3276 3829 tuam?
3304 3791 3322 3823 1
3351 3780 3427 3836 et,

1840 3885 1859 3919 1
1891 3864 1969 3922 Ne
1996 3866 2243 3921 declines
2270 3867 2338 3919 ‘in
2370 3866 2452 3920 ira
2487 3881 2518 3919 a
2559 3879 2721 3920 servo
2765 3874 2893 3928 tuo;
2928 3883 2947 3915 1
2975 3872 3052 3928 et,
3101 3880 3120 3913 1
3154 3861 3228 3915 be
3260 3858 3431 3930 proji-

1834 3959 1950 4013 cias
2008 3973 2096 4012 me
2145 3972 2174 4010 a
2227 3956 2367 4011 facie
2410 3967 2537 4022 tua;
2575 3975 2593 4007 1
2655 3965 2731 4020 et,
2791 3973 2809 4006 1
2850 3953 2963 4025 Ego
2997 3962 3178 4008 autem
3213 3952 3329 4004 dixi
3371 3950 3427 4003 in

1834 4065 2070 4106 excessu
2121 4065 2243 4104 meo
2287 4048 2621 4119 :Projectus
2668 4063 2790 4104 sum
2849 4062 2881 4100 a
2933 4045 3075 4099 facie
3135 4043 3426 4097 oculorum

1838 4157 2083 4201 tuorum.
2119 4165 2138 4199 1
2175 4145 2371 4212 Qualia
2405 4144 2528 4199 irati
2584 4154 2638 4199 et
2682 4143 2866 4199 amicti
2904 4142 2972 4197 ad
3003 4156 3098 4196 eos
3140 4155 3268 4195 cum
3305 4136 3429 4207 qui-

1836 4240 1940 4293 bus
1951 4237 2235 4293 discordes
2252 4244 2400 4299 sunt,
2421 4245 2651 4289 etsensa
2671 4249 2769 4289 sua
2786 4232 3053 4303 pandunt.
3074 4229 3426 4301 (P10Lxx1x,

1835 4332 1904 4400 8;
1940 4330 2316 4396 Lxxxvlt,15;
2350 4345 2498 4397 xxvr,
2535 4329 2569 4384 9
2594 4346 2609 4397 ;
2633 4344 2688 4393 ι,
2723 4329 2825 4394 15;
2860 4343 2991 4394 xxx,
3020 4324 3139 4394 25.)

1908 4425 1995 4479 M.
2036 4424 2083 4478 A
2103 4421 2265 4487 facie,
2287 4424 2431 4478 sicut
2456 4438 2470 4477 :
2501 4440 2520 4473 1
2552 4420 2624 4476 Ut
2644 4421 2773 4492 quid
2800 4421 3003 4475 avertis
3026 4434 3247 4474 manum
3275 4426 3427 4472 tuam

1835 4524 1889 4570 et
1919 4515 2200 4570 dexteram
2244 4514 2436 4569 tuam?
2464 4535 2483 4565 1
2520 4529 2619 4585 per
2656 4498 3036 4582 metaphoram
3080 4517 3427 4581 assumptam

1765 4620 1806 4675 υ
1836 4608 1905 4663 ab
1939 4608 2023 4663 liis
2052 4608 2147 4679 qui
2188 4608 2554 4663 consolantur
2593 4615 2649 4662 et
2680 4616 2871 4677 postea
2903 4620 3105 4660 manus
3148 4611 3427 4658 avertunt.

1836 4700 1929 4765 Et,
1955 4719 1973 4751 1
2000 4698 2219 4755 Levabo
2247 4699 2313 4754 ad
2340 4700 2543 4755 coelum
2570 4714 2794 4754 manum
2822 4713 3023 4763 meam,
3041 4696 3313 4766 etjurabo
3335 4710 3431 4765 per

1835 4790 2115 4845 dexteram
2173 4806 2391 4856 meam;
2428 4809 2447 4843 1
2497 4797 2553 4844 et
2601 4787 2830 4844 similia.
2868 4784 3042 4857 (Psal.
3085 4799 3282 4846 Lxxm,
3324 4781 3427 4849 ll;

1836 4882 1999 4937 Deut.
2032 4898 2210 4947 xxxii,
2247 4881 2365 4953 40.)

1910 4976 2001 5030 15.
2042 4976 2089 5030 A
2120 4986 2236 5031 toto
2269 4974 2527 5041 animali;
2558 4989 2587 5027 a
2617 4982 2734 5028 toto
2767 4969 2995 5025 animali
3028 4967 3191 5021 modo
3225 4964 3427 5028 diviso,

1837 5082 1985 5123 nunc
2018 5068 2087 5122 ab
2114 5068 2323 5131 anima,
2365 5080 2515 5121 nunc
2545 5080 2577 5119 a
2611 5078 2801 5127 carne,
2853 5064 3037 5117 sicut:
3074 5077 3093 5110 1
3128 5057 3270 5114 Caro
3304 5070 3425 5109 mea

1835 5177 1903 5217 ex
1936 5160 2096 5232 ipsis,
2134 5179 2151 5212 1
2193 5159 2334 5229 apud
2365 5156 2529 5214 Osee.
2584 5156 2668 5211 Ab
2703 5155 2887 5210 anima
2932 5154 3099 5219 sicut,
3149 5168 3167 5200 1
3195 5148 3428 5204 Neome-

1838 5255 1959 5309 nias
1998 5262 2052 5308 et
2082 5252 2321 5307 Sabbata
2350 5261 2535 5308 vestra
2569 5248 2744 5304 odivit
2770 5248 2953 5302 anima
2988 5260 3148 5309 mea;
3183 5263 3200 5295 1
3240 5254 3292 5297 et
3319 5241 3426 5295 ista

1835 5343 2072 5413 exempli
2106 5343 2281 5413 gratia
2326 5340 2475 5397 dicta
2525 5348 2691 5394 erunt
2728 5348 2787 5392 ut
2820 5337 3145 5407 completius
3188 5333 3427 5389 idioma-

1838 5443 1953 5487 tum
2005 5434 2145 5488 ratio
2188 5432 2469 5488 reddatur.
2504 5429 2671 5503 (Osee
2711 5446 2828 5496 xu,
2866 5428 2933 5483 14
2956 5428 3061 5500 (?);
3093 5426 3198 5490 lsa,
3234 5440 3274 5493 ι,
3310 5424 3423 5494 14.)

2144 5656 2452 5726 Explicatio
2478 5654 2745 5708 dictarunt
2770 5654 3115 5708 divisionum.

1912 5795 1961 5860 l,
1999 5793 2048 5846 ‘2.
2096 5792 2251 5858 Quod
2275 5807 2404 5862 ergo
2431 5792 2600 5847 latere
2622 5807 2730 5847 non
2756 5800 2935 5863 potest
2955 5788 3046 5845 Dei
3068 5786 3420 5861 cognitionis.

1840 5887 2029 5943 oculos
2094 5886 2246 5942 norit
2291 5895 2344 5941 ct
2402 5883 2683 5956 palpebras
2750 5893 2804 5941 ct
2882 5884 3131 5939 visionem
3178 5894 3415 5945 vocare;
