3934 6508
549 383 686 449 127]

2015 399 2307 461 ADRIAN
2321 403 2341 461 Ι

3693 410 3820 476 ιέεο

540 514 707 567 super
739 498 941 553 bonum
968 500 1227 569 quidem;
1260 502 1404 558 sicut
1437 522 1449 559 :
1486 524 1502 556 ε
1538 505 1695 561 Oculi
1724 506 1939 564 Domini
1965 525 2110 577 super

2235 511 2331 564 ἐπὶ
2362 512 2463 581 μὲν
2494 512 2648 585 καλῷ
2671 529 2685 545 ⁸
2716 513 2791 577 ὼς
2821 514 2904 577 τὸ,
2948 535 2965 565 ι
2997 516 3310 587 Ὀφθαλμοὶ
3346 519 3561 589 Κυρίου
3601 521 3700 574 ἐπὶ
3741 526 3817 579 διο

536 593 749 659 justus;
785 611 804 642 ι
845 608 1011 661 super
1050 595 1255 649 malum
1289 606 1473 652 autem
1510 616 1523 652 :
1554 619 1572 652 ‹
1608 599 1764 655 Oruli
1793 601 1916 672 ejus
1961 617 2129 672 super

539 694 729 751 gentes
764 686 1088 755 respiciunt.
1129 707 1147 738 ι
1184 687 1361 754 (Psal.
1392 707 1590 755 xxxiii,
1634 693 1736 759 ili;
1780 711 1906 759 va,
1941 694 2019 767 7.)

610 776 665 829 3.
709 775 1142 834 Misericordiam
1172 780 1293 850 ejus
1327 798 1486 837 aures
1509 792 1562 837 et
1593 785 1870 852 auditum;
1895 795 1951 843 et
1979 788 2127 857 quod

541 866 749 922 indicat
792 870 1133 925 voluntatem
1169 874 1312 941 ejus,
1357 874 1621 944 loquelam
1660 886 1714 931 et
1749 895 1840 943 os;
1879 888 1932 933 et
1961 880 2030 934 ab
2060 895 2128 934 eo

539 958 683 1026 quod
716 973 745 1011 a
793 960 954 1013 nobis
988 976 1084 1029 per
1128 977 1193 1017 os
1227 974 1281 1017 et
1318 964 1542 1019 verbum
1578 977 1885 1022 noscuntur
1912 984 2036 1037 quae
2071 970 2125 1023 in

541 1058 721 1104 mente
751 1051 1082 1121 cogitantur,
1118 1054 1247 1109 inde
1284 1067 1336 1110 et
1376 1057 1843 1113 manducutionem
1872 1059 1993 1129 ejus
2023 1076 2126 1115 no-

539 1149 710 1195 stram
740 1154 902 1199 vocat
927 1145 993 1199 ad
1023 1161 1087 1200 ea
1109 1163 1230 1216 qua:
1253 1149 1373 1203 vult
1396 1150 1773 1218 alacritatem;
1800 1168 1866 1208 ex
1889 1168 1955 1209 eo
1979 1156 2124 1224 quod

539 1231 593 1285 in
644 1232 804 1288 nobis
838 1249 931 1301 per
966 1246 1163 1306 gustus
1198 1241 1573 1297 seasationem
1609 1244 1880 1300 naturalis
1919 1247 2121 1302 esuriei

539 1323 633 1377 liat
663 1325 922 1394 expletio.

608 1500 664 1552 4.
722 1500 880 1566 Quod
939 1515 1224 1576 acceptam
1283 1508 1480 1565 habeat
1535 1512 1971 1574 benevolentiam
2024 1536 2123 1576 no-

537 1602 709 1645 stram
743 1608 869 1663 erga
905 1595 1104 1665 ipsum,
1138 1599 1521 1657 odorationem.

609 1685 661 1738 5.
702 1684 781 1739 Ex
815 1688 1074 1756 operibus
1108 1691 1605 1751 manifestationem
1634 1698 1760 1768 ejus
1790 1701 1990 1755 vultum
2022 1719 2121 1759 vo-

535 1781 646 1836 cat,
678 1774 823 1830 sicut
852 1792 975 1831 cum
1008 1794 1174 1849 super
1213 1798 1315 1837 nos
1356 1784 1417 1839 ﬁt
1441 1802 1539 1856 per
1575 1788 1689 1844 haec
1722 1793 2115 1862 manifestatio,

536 1875 649 1920 tum
686 1883 850 1937 super
874 1871 1103 1935 bonum,
1134 1884 1245 1929 tum
1281 1892 1448 1948 super
1478 1882 1706 1947 malum,
1739 1893 1799 1939 ut
1828 1903 1841 1941 :
1874 1906 1893 1937 ι
1925 1887 2118 1945 Vultus
2155 1866 2195 1921 Β

536 1956 754 2014 Domini
791 1976 960 2031 super
983 1962 1250 2021 facientes
1290 1968 1455 2024 mala.
1487 1990 1506 2022 ι
1548 1970 1725 2042 (Psal.
1760 1991 1958 2044 uxr“,
2001 1979 2115 2051 17.)

605 2154 659 2208 6.
701 2154 1010 2215 Ellicaciam
1037 2165 1274 2234 enen-giae
1305 2168 1425 2238 ejus
1452 2209 1466 2234 ,
1498 2188 1695 2229 manus
1728 2187 1886 2233 vocat
1917 2178 2062 2236 sicut
2087 2198 2118 2236 a

535 2246 696 2301 nobis
749 2250 903 2305 utilia
944 2269 1177 2324 quaeque
1225 2273 1320 2327 per
1371 2277 1633 2319 manuum
1669 2270 1949 2341 energiam
1984 2273 2121 2326 diri-

535 2348 770 2403 guntur,
824 2340 944 2395 sive
993 2359 1160 2414 super
1202 2347 1444 2416 bonum,
1494 2354 1609 2409 sive
1664 2372 1828 2427 super
1876 2362 2115 2429 malum,

534 2428 720 2491 sicut,
783 2448 802 2480 ι
847 2429 1050 2488 Emitte
1114 2452 1337 2494 manum
1403 2449 1553 2497 tuam
1620 2446 1688 2500 de
1752 2449 1903 2515 alto;
1941 2470 1959 2503 ι
2020 2428 2115 2521 et,

540 2534 559 2565 ι
589 2514 730 2572 Leva
763 2535 961 2578 manus
994 2534 1117 2581 tuas
1150 2528 1203 2581 in
1241 2532 1529 2599 superbius
1552 2551 1742 2592 eorum
1779 2539 1835 2593 in
1872 2541 2056 2599 tinem.
2088 2563 2109 2597 ι

535 2604 713 2677 (Psal.
746 2626 935 2681 οιιιιιι,
971 2614 1032 2683 7;
1073 2633 1266 2686 Lxxm,
1297 2623 1376 2692 5.)

608 2701 661 2754 7.
704 2702 993 2761 Dexteram
1028 2723 1193 2780 super
1234 2715 1382 2773 solos
1409 2714 1611 2785 justos,
1650 2731 1908 2795 tanquam
1941 2728 2115 2786 bono-

533 2794 797 2849 ratiorem
828 2810 1037 2866 partem
1072 2804 1349 2873 appellare
1377 2815 1684 2868 consuevit.

603 2882 654 2935 8.
702 2884 769 2939 Et
797 2887 1140 2959 diligentiam
1179 2895 1441 2964 majorem
1473 2900 1525 2953 in
1569 2905 1779 2973 agendo
1812 2918 2114 2966 contactum

533 2986 722 3043 vocat;
775 2978 1182 3040 festinationem
1234 2990 1301 3043 ad
1346 2993 1622 3060 egentium
1657 2999 1920 3053 auxilium
1961 3005 2112 3071 pedes

532 3077 587 3121 et
621 3070 880 3125 incessum
921 3087 1101 3141 vocat,
1143 3080 1288 3135 sicut
1336 3100 1354 3133 ι
1387 3082 1672 3141 lnclinavit
1722 3091 1893 3147 caelos
1930 3070 1985 3148 et
2022 3095 2116 3151 de-

533 3162 779 3228 scendit;
812 3182 831 3215 ι
870 3174 945 3230 et,
973 3185 991 3217 ι
1021 3170 1245 3226 Andivit
1269 3174 1439 3227 Adam
1475 3175 1640 3231 Deum
1669 3181 2111 3243 deanibulantem
2140 3213 2184 3270 ο

532 3253 588 3308 in
620 3258 901 3324 paradiso.
935 3277 954 3311 ι
997 3260 1174 3331 (Psal.
1206 3280 1343 3334 xvu,
1378 3267 1478 3336 10;
1515 3269 1643 3327 Gen.
1685 3289 1767 3341 ιιι,
1798 3274 1877 3346 8.)

603 3430 655 3486 9.
698 3433 952 3490 Attamen
988 3447 1041 3492 et
1071 3454 1214 3509 saepe
1244 3458 1340 3511 per
1387 3452 1561 3500 totum
1602 3459 1783 3506 servat
1821 3454 2116 3513 schematis

533 3524 1038 3597 continuationem,
1087 3533 1230 3588 sicut
1265 3535 1318 3589 in
1370 3540 1585 3606 psalmo
1631 3541 1896 3600 describit
1950 3547 2113 3603 Deum

537 3627 795 3687 tanquam
833 3620 1279 3692 descendentem,
1334 3644 1461 3683 mox
1515 3630 1866 3699 clamantem,
1922 3639 2118 3698 deinde

534 3705 641 3759 tela
697 3708 1036 3777 mittentem;
1084 3714 1229 3769 idem
1287 3726 1341 3770 ct
1386 3718 1567 3775 facere
1616 3726 1903 3780 consuevit
1941 3737 1997 3783 et
2048 3730 2116 3785 de

535 3798 872 3865 hominibus.
904 3804 1047 3860 sicut
1077 3824 1089 3861 :
1129 3825 1146 3857 ι
1182 3808 1341 3878 Eripe
1370 3812 1613 3869 animam
1645 3831 1818 3870 meam
1844 3820 1910 3875 de
1936 3823 2113 3879 medio

533 3887 780 3952 leonum,
815 3910 834 3944 ι
879 3901 934 3948 et
959 3911 1080 3964 qua:
1128 3910 1468 3969 sequuntur;
1522 3904 1635 3959 sint
1673 3918 1856 3962 autem
1903 3911 2019 3967 hinc
2049 3914 2114 3969 de

532 3980 799 4037 membris
828 3991 882 4037 et
908 3984 975 4039 de
1002 3988 1279 4044 sensibus.
1306 3990 1483 4060 (Psal.
1512 4010 1646 4060 xvii,
1680 3996 1778 4065 ll;
1813 3997 2006 4057 Ezech.
2035 4019 2110 4070 ix,

532 4071 556 4125 1
583 4089 598 4140 ;
630 4072 782 4129 Psal.
816 4092 926 4141 Lvt,
960 4080 1036 4151 5.)

602 4166 693 4219 lt).
745 4168 973 4225 Consilii
1025 4172 1120 4228 Dei
1173 4178 1581 4246 oppositionem
1635 4187 1903 4243 adversus
1953 4189 2112 4244 mali-

532 4256 685 4325 tiam,
713 4259 851 4313 iram
881 4272 934 4316 et
957 4263 1194 4332 furorem
1240 4271 1513 4337 nominat,
1561 4275 1630 4329 ab
1662 4292 1729 4331 co
1776 4281 1920 4348 quod
1953 4282 2112 4338 nobis

532 4346 587 4400 in
612 4349 740 4404 odio
769 4353 968 4408 accidit
996 4367 1218 4426 propter
1252 4366 1555 4428 contraria,
1591 4368 1732 4422 sicut
1762 4346 1832 4423 τῇ(
1867 4369 1942 4426 Ex
1983 4382 2113 4429 tunc

529 4439 613 4492 ira
639 4449 754 4505 tua,
788 4461 806 4493 ι
846 4459 967 4514 pro,
1005 4465 1023 4497 ι
1052 4448 1134 4502 Ab
1162 4449 1318 4507 initio
1362 4464 1416 4509 et
1448 4470 1685 4527 semper,
1718 4479 1735 4511 ι
1774 4465 2110 4520 contrarium

533 4546 660 4608 esse
710 4538 1044 4593 consucvisti
1075 4544 1257 4609 malo;
1302 4557 1391 4609 et,
1448 4568 1465 4600 ι
1502 4548 1730 4607 Etl‘unde
1776 4554 1910 4608 iram
1958 4564 2108 4612 tuam
2146 4574 2187 4630 ι)

531 4621 586 4676 in
622 4633 810 4694 gentes
841 4644 963 4697 qua:
994 4639 1045 4684 te
1078 4647 1192 4687 ιιυιι
1224 4649 1500 4694 noverunt
1527 4658 1541 4695 :
1577 4660 1594 4694 ι
1632 4644 1743 4698 sint
1774 4644 1889 4701 haec
1914 4647 1981 4702 de
2004 4650 2119 4719 spi-

529 4717 825 4774 ritualibus
851 4723 1114 4779 m0tibus.
1143 4725 1324 4795 (Psal.
1362 4747 1524 4797 Lxxv,
1554 4734 1620 4802 8;
1660 4752 1893 4805 Lxxvm,
1921 4740 2000 4813 6.)

599 4898 690 4952 il.
732 4897 1085 4957 Voluntatem
1116 4904 1168 4957 iu
1196 4921 1481 4962 servorum
1513 4912 1800 4978 auxilium,
1839 4916 2111 4973 adversa-

528 4988 739 5042 riorum
776 5004 905 5044 vero
945 4993 1285 5062 punitionem
1331 4997 1557 5070 Surgere
1605 5012 1658 5057 et
1695 5021 1881 5061 somno
1932 5011 2111 5062 excuti

527 5093 707 5147 vocat,
734 5082 876 5138 sicut
913 5103 931 5136 ι
961 5084 1229 5160 Exsurge,
1258 5089 1511 5158 Domine,
1540 5094 1735 5164 adjuva
1770 5113 1892 5154 nos.
1928 5119 1946 5152 ι
1987 5100 2111 5156 Sint

529 5173 647 5229 haec
677 5176 743 5233 de
774 5178 1015 5235 motibus
1048 5185 1450 5252 corporalibus.
1489 5186 1664 5259 [Psal.
1709 5208 1864 5258 xum,
1896 5192 2011 5262 26.)

568 5354 694 5412 '12.
738 5356 1120 5416 Tentationem
1154 5362 1247 5419 Dei
1288 5379 1469 5432 vocat,
1506 5373 1953 5438 provocationem
1999 5388 2109 5429 scr-

529 5462 722 5502 vorum
755 5451 877 5520 ejus
898 5452 965 5507 ad
998 5468 1135 5521 opus
1160 5456 1592 5514 benevolentiam
1628 5463 2010 5529 manifestans,
2054 5476 2111 5520 ut

532 5541 856 5600 illustriores
880 5555 933 5600 et
965 5547 1405 5606 lmnorabiliorcs
1436 5550 1856 5608 manifestcntur
1891 5564 1946 5610 et
1983 5556 2106 5613 aliis

534 5632 883 5689 admirationi
923 5637 1057 5701 sint,
1099 5648 1157 5693 ut
1186 5656 1199 5693 :
1235 5658 1254 5691 ‹
1286 5640 1538 5697 Tentavit
1571 5642 1716 5701 Deus
1750 5644 2046 5701 Abraham.
2078 5665 2095 5698 ι

534 5720 687 5796 (Gen.
726 5740 874 5790 xxu,
902 5728 978 5795 l.)

620 5816 704 5870 l3.
746 5816 1037 5876 Consuetm
1074 5825 1430 5891 protectiunis
1467 5828 1588 5895 ejus
1625 5844 1852 5895 moram,
1893 5830 2109 5885 oblivio-

2231 601 2452 666 καίους’
2490 623 2509 655 ι
2544 605 2641 658 ἐπὶ
2668 603 2727 658 δὲ
2760 605 2938 677 κακῷ,
2983 626 3001 658 ι
3025 610 3091 661 Οἱ
3115 609 3400 679 ὀφθαλμοὶ
3432 612 3604 667 αὑτοῦ
3639 614 3732 667 ἐπὶ
3753 618 3817 670 τὰ

2231 694 2364 762 ἔθνη
2395 695 2810 751 ἐπιϐλέπουσιν.
2841 717 2860 748 ι

2300 787 2370 856 γ’.
2409 788 2483 842 Τὸ
2502 790 2562 843 δὲ
2590 790 2942 855 ὲξιλεωτικὸν
2968 794 3160 856 αὐτοῦ.
3190 789 3314 849 ὦτα
3357 796 3456 849 καὶ
3491 798 3722 865 ἀκοήν
3758 803 3816 854 τὸ

2229 877 2288 932 δὲ
2337 881 2677 937 ἐνδεικτικὸν
2717 885 2821 953 τῆς
2858 886 3169 957 βουλήσεως
3200 888 3395 954 αὑτοῦ,
3448 893 3683 945 λαλιὰν
3728 896 3815 946 καὶ

2229 974 2429 1041 στόμα
2451 989 2464 1003 ·
2497 974 2608 1028 ἀπὸ
2637 975 2694 1028 δὲ
2721 976 2818 1030 τοῦ
2854 978 2988 1048 παρ’
3020 980 3153 1048 ἡμῖν
3183 980 3273 1033 διὰ
3311 981 3586 1050 στόματος
3612 984 3709 1037 καὶ
3735 986 3813 1038 16-

2226 1081 2341 1132 γων
2374 1066 2746 1136 γνωρίζεσθαι
2772 1069 2842 1123 τὰ
2890 1074 3034 1124 κατὰ
3063 1070 3299 1142 γνώμην
3339 1076 3699 1145 φρονήματα,
3730 1080 3811 1129 ἐν·

2227 1154 2418 1210 τεῦθεν
2455 1159 2553 1212 καὶ
2570 1160 2812 1228 βρῶσιν
2842 1163 3009 1216 αὐτοῦ
3036 1164 3133 1235 τὴν
3166 1166 3456 1235 ἡμετέραν
3490 1168 3655 1221 καλεῖ
3686 1170 3809 1241 πρὸς

2224 1249 2253 1302 ὃ
2289 1249 2542 1319 βούλεται
2582 1254 2925 1328 συνδρομήνο
2979 1259 3043 1311 ἐκ
3073 1256 3169 1310 τοῦ
3222 1259 3357 1329 παρ’
3400 1261 3538 1329 ἡμῖν
3588 1262 3679 1315 διὰ
3718 1265 3807 1333 τῆς

2224 1343 2522 1413 γευστικῆς
2560 1344 2874 1416 αἰσθήσεως
2909 1349 3012 1419 τῆς
3053 1350 3298 1421 φυσικῆς
3347 1351 3566 1416 ἐνδείας
3608 1356 3809 1423 ἐγγίνε-

2226 1432 2355 1487 σθαι
2380 1435 2564 1505 κόρον.

2294 1525 2357 1582 δ’.
2390 1527 2464 1580 Τὸ
2500 1527 2558 1581 δὲ
2614 1529 2979 1585 ἀποδεκτικδν
3020 1532 3119 1602 τῆς
3174 1535 3258 1597 εἰς
3306 1534 3478 1589 αὑτὸν
3512 1537 3675 1607 ἡμῶν
3726 1540 3807 1593 εὑ-

2224 1618 2397 1684 νοίας,
2430 1620 2760 1690 ὄσφρησιν.

2292 1716 2357 1764 ε’.
2392 1712 2503 1783 Τὴν
2536 1713 2594 1766 δὲ
2630 1716 2723 1768 ἐπὶ
2758 1718 3107 1786 πραγμάτων
3132 1718 3371 1785 ἔνδειξιν
3404 1721 3601 1784 αὑτοῦ,
3627 1726 3808 1791 aptio-

2224 1819 2389 1856 ωπον
2419 1805 2603 1873 καλεῖ,
2636 1807 2712 1872 ὡς
2743 1810 2854 1863 ἀπὸ
2889 1809 2987 1864 τοῦ
3023 1812 3158 1879 παρ’
3188 1815 3325 1882 ἡμῖν
3361 1814 3454 1868 διὰ
3484 1816 3682 1872 τούτου
3727 1821 3807 1887 γίο

2223 1893 2560 1968 νεσθαιλτὴν
2612 1899 2955 1968 ἐμφάνειαν·
3010 1902 3122 1955 εἴτε
3165 1904 3263 1956 ἐπὶ
3323 1904 3524 1975 καλῷ,
3571 1908 3682 1961 εἴτε
3721 1912 3807 1964 ἐπὶ

2222 1986 2411 2056 κακῴ’
2463 1988 2560 2051 ὡς.
2599 2008 2619 2043 ι
2648 1991 2953 2067 Πρόσωπον
2995 1992 3053 2047 δὲ
3106 1995 3319 2064 Κυρίου
3365 1997 3463 2050 ἐπὶ
3522 2000 3804 2065 ποιοῦντας

2221 2078 2388 2132 κακά.
2421 2097 2439 2128 ι

2294 2175 2366 2234 ς’.
2415 2170 2489 2222 Τὸ
2519 2170 2814 2226 ἀνυστικὸν
2861 2173 2963 2243 τῆς
2996 2176 3285 2247 ἐνεργείας
3340 2177 3557 2244 αὑτοῦ,
3625 2184 3801 2253 χεῖρας

2218 2262 2501 2333 ὀνομάζει,
2527 2264 2605 2328 ὡς
2627 2266 2742 2319 τῶν
2764 2267 2898 2337 παρ’
2921 2269 3057 2338 ἡμῖν
3084 2268 3153 2322 τὰ
3188 2270 3431 2340 μάλιστα
3453 2274 3700 2344 χρειώδη
3722 2277 3801 2328 ια

2217 2356 2315 2425 τῆς
2356 2356 2466 2410 τῶν
2512 2359 2716 2429 χειρῶν
2771 2361 3055 2430 δνεργείας
3091 2362 3525 2434 κατορθοῦσθαι,
3569 2368 3680 2419 εἴτε
3716 2372 3799 2422 ἐπὶ

2219 2446 2388 2517 καλῷ,
2421 2450 2535 2501 εἴτε
2583 2450 2677 2503 ἐπὶ
2731 2451 2887 2522 κακῷ
2912 2468 2927 2482 ·
2968 2452 3045 2517 ὼς
3084 2454 3165 2519 τὸ,
3199 2474 3217 2508 ι
3249 2454 3676 2520 Ἐξαπόστειλον
3710 2461 3799 2530 τὴν

2218 2540 2379 2608 χεῖρά
2423 2557 2518 2593 σου
2549 2540 2610 2605 ἐξ
2654 2541 2860 2612 ὕψουςο
2891 2562 2912 2596 ι
2949 2545 3065 2609 καὶ,
3114 2566 3132 2598 ι
3174 2548 3425 2618 Ἐπαρον
3472 2551 3580 2613 τὰς
3622 2555 3798 2623 χεῖράς

2219 2646 2314 2682 σου
2332 2630 2424 2683 ἐπὶ
2452 2630 2553 2693 τὰς
2585 2632 2980 2703 ὑπερηφανίας
3011 2635 3195 2688 αὐτῶν
3224 2639 3307 2700 είς
3330 2638 3511 2703 τέλος.
3549 2659 3570 2691 ι

2287 2719 2354 2784 ζ’.
2392 2720 2504 2789 Τὴν
2537 2721 2722 2789 μέντοι
2754 2722 2941 2788 δεξιὰν
2973 2724 3066 2776 ἐπὶ
3126 2724 3308 2793 μόνων
3338 2728 3453 2780 τῶν
3487 2728 3705 2795 αἰσίων,
3732 2730 3799 2795 ὡς

2217 2813 2328 2868 ἀπὸ
2356 2814 2690 2885 τιμιωτέρου
2720 2814 2816 2867 τοῦ
2843 2814 3070 2886 μέρους,
3101 2817 3373 2885 ὲκφωνεῐν
3403 2820 3609 2875 ἔοικεν.

2285 2904 2357 2976 η’.
2389 2906 2503 2959 Καὶ
2535 2906 2599 2959 τὸ
2625 2905 2693 2960 δι’
2722 2906 3017 2977 ἀκριϐείας
3048 2908 3217 2963 αὐτοῦ
3243 2911 3327 2972 εἰς
3353 2912 3668 2982 πρακτικὸν
3689 2916 3798 2966 ἐπι-

2216 2996 2609 3067 τατικώτερον,
2639 2997 3015 3065 ψηλάφησιν
3058 2998 3249 3050 καλεῖ·
3287 2999 3388 3070 τὴν
3419 3000 3478 3052 δὲ
3513 3001 3649 3070 πρὸς
3687 3002 3796 3054 tt:-

2216 3088 2449 3158 κουρίαν
2492 3088 2602 3142 τῶν
2637 3088 2913 3157 δεομένων
2946 3088 3139 3160 ῥοπὴν,
3176 3089 3373 3156 πόδας
3422 3092 3522 3144 καὶ
3554 3091 3796 3156 ,ϐάδισιν

2216 3180 2477 3249 ὀνομάζει
2502 3196 2517 3213 ο
2553 3180 2629 3242 ὡς
2660 3181 2743 3246 τὸ,
2781 3198 2801 3231 ι
2827 3182 2939 3237 Καὶ
2963 3182 3181 3239 ἔκλινεν
3214 3183 3515 3253 οὐρανοὺς,
3550 3184 3645 3236 καὶ
3676 3202 3795 3236 κατ-

2221 3269 2321 3341 έϐη
2347 3285 2360 3296 ·
2386 3289 2405 3321 ι
2435 3271 2551 3335 καὶ,
2596 3289 2613 3321 ι
2641 3272 2916 3326 Ἤκουσεν
2942 3272 3118 3343 Ἀδὰμ
3144 3272 3240 3327 τοῦ
3263 3274 3404 3327 Θεοῦ
3436 3275 3795 3346 περιπατοῦν-

2218 3378 2308 3424 τος
2345 3361 2404 3415 ὲν
2433 3360 2510 3431 τῷ
2536 3362 2874 3433 παραδείσῳ.
2911 3383 2928 3414 ι

2290 3451 2354 3507 θ’,
2392 3453 2661 3522 Μέντοιγε
2688 3455 2784 3508 καὶ
2810 3454 2980 3519 σώζει
3003 3455 3267 3519 πολλάκις
3285 3456 3384 3511 τοῦ
3416 3460 3793 3529 σχηματισμοῦ

2217 3545 2283 3601 δι’
2323 3545 2450 3599 ὅλου
2482 3546 2583 3617 τὴν
2618 3546 2985 3601 ἀκολουθίαν⁸
3021 3550 3098 3613 ὡς
3140 3552 3201 3602 ὲν
3237 3549 3318 3621 τῷ
3346 3550 3554 3622 ψαλμῷ
3584 3553 3789 3622 διαγρά-

2219 3653 2311 3705 φει
2341 3636 2434 3690 τὸν
2464 3637 2601 3690 θεὸν
2653 3637 2729 3702 ὡς
2763 3640 3117 3705 καταϐάντα,
3162 3637 3286 3695 εἶτα
3333 3643 3646 3712 κράξαντα,
3687 3642 3792 3699 εἶτα

2219 3728 2518 3801 πέμψαντα
2542 3729 2673 3801 βέλη
2694 3751 2707 3763 ·
2739 3731 2803 3784 τὸ
2831 3732 2965 3786 αὐτὸ
3004 3732 3061 3786 δὲ
3095 3736 3271 3787 ποιεῖν
3303 3731 3415 3789 οἶδε
3449 3738 3545 3789 καὶ
3583 3739 3672 3791 ἐπὶ
3706 3740 3790 3791 ἀνα

2218 3822 2484 3894 θρώπωψ
2512 3822 2588 3888 ὡς
2618 3823 2702 3886 τὸ,
2735 3844 2753 3875 ι
2784 3824 3039 3896 Ἐῤῥύσω
3059 3826 3156 3899 τὴν
3176 3826 3360 3899 ψυχήν
3396 3847 3501 3900 μου
3539 3831 3603 3884 ὲκ
3639 3832 3789 3900 μέσον

2218 3916 2511 3986 σκύμνων·
2554 3935 2573 3967 δ
2614 3917 2708 3969 καὶ⁵
2746 3917 2817 3970 τὰ
2849 3917 3013 3988 έξῆς’
3060 3919 3146 3991 εἴη
3182 3921 3228 3974 δ’
3267 3921 3337 3974 ἂν
3384 3922 3567 3977 ταῦτα
3613 3925 3717 3977 ém'
3741 3942 3792 3978 τε

2213 4008 2322 4061 τῶν
2355 4008 2539 4077 μελῶν
2573 4009 2801 4064 καὶτῶν
2835 4010 3174 4082 αἰσθήσεων.

2287 4160 2338 4217 ι’.
2380 4161 2492 4233 Τὴν
2520 4162 2660 4233 πρὸς
2692 4161 2795 4233 τὴν
2821 4163 3025 4218 κακίαν
3048 4166 3416 4238 ἐναντιότητα
3440 4168 3545 4237 τῆς
3562 4169 3651 4222 τοῦ
3668 4169 3792 4222 θεοῦ

2216 4251 2413 4324 βουλῆς
2447 4256 2638 4322 θυμὸν
2667 4256 2763 4309 καὶ
2813 4256 3003 4326 ὀργὴν
3037 4257 3323 4329 ὀνομάζει,
3377 4262 3489 4315 ἀπὸ
3527 4262 3624 4315 τοῦ
3670 4264 3793 4336 παρ’

2213 4345 2344 4413 ἡμῖν
2378 4344 2480 4415 τὴν
2524 4344 2827 4416 ἀπέχθειαν
2859 4349 2999 4419 πρὸς
3033 4351 3299 4403 τάναντία
3331 4353 3693 4423 συμϐαίνειν·
3726 4356 3793 4418 ὡς

2212 4435 2293 4502 τὸ,
2327 4453 2345 4487 ι
2371 4436 2510 4489 Ἀπὸ
2548 4438 2672 4490 τότε
2700 4439 2732 4508 ἡ
2764 4438 2905 4512 ὀργή
2938 4458 3034 4494 σου
3056 4458 3069 4471 ·
3106 4461 3124 4492 ι
3162 4443 3308 4506 ἀντὶ,
3350 4463 3369 4494 ‹
3393 4445 3491 4510 Ἐξ
3512 4447 3685 4516 ἀρχῆς
3708 4447 3794 4499 καὶ

2213 4529 2324 4582 αἰεὶ
2356 4548 2374 4578 ι
2411 4528 2673 4593 ἐναντίως
2709 4528 2967 4600 πέφυκας
2997 4532 3144 4604 ἔχειν
3176 4535 3317 4605 προς
3346 4535 3409 4588 τὸ
3447 4540 3619 4590 κακόν
3639 4557 3653 4570 -
3686 4540 3791 4599 ul,

2225 4639 2243 4671 ι
2272 4621 2504 4691 ’Έκχεον
2524 4622 2623 4692 τὴν
2656 4623 2828 4692 ὀργήν
2862 4640 2957 4677 σου
2993 4627 3087 4678 ἐπὶ
3117 4626 3184 4679 τὰ
3222 4625 3353 4698 ἔθνη
3396 4629 3468 4681 τὰ
3515 4631 3592 4700 μὴ
3642 4631 3793 4698 7:912:-

2220 4711 2423 4765 σκοντά
2461 4728 2519 4765 σε
2542 4730 2555 4743 ·
2584 4732 2603 4765 ι
2640 4713 2728 4783 εἴη
2763 4714 2809 4767 δ’
2843 4713 2910 4768 ἂν
2955 4715 3132 4769 ταῦτα
3174 4718 3283 4771 ἀπὸ
3333 4720 3610 4789 κινήσεσιν
3640 4722 3789 4791 ψυχι-

2219 4803 2351 4858 κῶν.

2291 4896 2381 4949 ια’.
2409 4896 2521 4967 Τὴν
2549 4897 2641 4951 ἐπὶ
2673 4898 2774 4969 μὲν
2804 4900 2872 4971 τῇ
2897 4899 3008 4951 τῶν
3030 4900 3253 4953 οἰκείων
3277 4899 3532 4973 βοηθείᾳ,
3564 4908 3788 4977 τιμωρίᾳ

2214 4989 2271 5042 δὲ
2290 4990 2401 5043 τῶν
2422 4991 2659 5061 ἐχθρῶν,
2696 4992 3301 5063 αἴρεσιν,ἀνάστασίν
3327 5013 3388 5047 τε
3417 4998 3515 5050 τοῦ
3548 4998 3680 5051 Θεοῦ
3706 5003 3784 5052 καὶ

2215 5081 2461 5151 ἔγερσιν
2489 5083 2679 5137 καλεῖ·
2702 5085 2777 5149 ὡς
2809 5086 2893 5151 τὸ,
2933 5104 2952 5136 ι
3013 5086 3271 5155 Ἀνάστα,
3299 5089 3504 5160 Κύριε,
3537 5092 3783 5162 βοήθησον

2217 5178 2386 5246 ἡμῖν·
2428 5194 2448 5227 ι
2500 5175 2587 5248 εἴη
2634 5177 2679 5230 δ’
2739 5177 2806 5233 ἂν
2835 5178 3016 5232 ταῦτα
3068 5180 3178 5233 ἀπὸ
3230 5182 3510 5253 κινήσεων
3563 5201 3781 5254 σωματεο

2219 5266 2351 5321 κῶν.

2294 5361 2381 5431 ιβ’.
2416 5363 2621 5434 Πεῖραν
2647 5363 2741 5416 τοῦ
2765 5361 2903 5416 Θεοῦ
2930 5364 3108 5427 καλεῖ,
3139 5364 3240 5433 τὴν
3267 5366 3350 5427 είς
3382 5367 3544 5437 ἔργον
3572 5369 3661 5437 τῆς
3684 5367 3776 5419 τῶν

2217 5453 2439 5507 οἰκείων
2484 5454 2653 5507 αὑτοῦ
2706 5455 2918 5519 ἐννοίας
2953 5455 3239 5525 ἕκκλησιν,
3275 5456 3415 5527 πρὸς
3458 5458 3518 5510 τὸ
3550 5457 3771 5526 λαμπρο·

2215 5548 2411 5617 τέρους
2446 5547 2545 5600 καὶ
2580 5548 3026 5619 ὲπισημοτέρους
3076 5548 3275 5611 αὐτοὺς
3312 5549 3652 5619 καταστῆσαι
3692 5550 3769 5600 καὶ

2216 5638 2783 5710 περιδλεπτοτὲρους·
2815 5639 2893 5703 ὡς
2930 5638 3013 5707 τὸ,
3067 5656 3085 5690 ι
3125 5640 3184 5692 '0
3215 5639 3352 5703 Θεὸς
3402 5640 3653 5710 ὲπείραζε
3690 5640 3767 5690 τὸν

2232 5735 2507 5805 Ἀϐραάμ.
2541 5756 2560 5788 ι

2297 5827 2383 5896 ιγ’.
2442 5830 2555 5899 Τὴν
2590 5829 2687 5899 τῆς
2734 5829 2995 5899 συνήθους
3034 5823 3196 5881 αὑτοῦ
3234 5825 3563 5897 προστασίας
3594 5821 3755 5879 ἀνασοο
