  <div class='ocr_page' id='page_1' title='image "/cluster/home/n/w/nwhite01/storage/ocr_20150623/98/hvd.32044015586951/652.png"; bbox 0 0 3934 6486; ppageno 0'>
   <div class='ocr_carea' id='block_1_1' title="bbox 64 308 215 372">
    <p class='ocr_par' dir='ltr' id='par_1_1' title="bbox 64 308 215 372">
     <span class='ocr_line' id='line_1_1' title="bbox 64 308 215 372; baseline 0 0"><span class='ocrx_word' id='word_1_1' title='bbox 64 308 215 372; x_wconf 80' lang='lat'><strong>1281</strong></span> 
     </span>
    </p>
   </div>
   <div class='ocr_carea' id='block_1_2' title="bbox 1149 299 2295 368">
    <p class='ocr_par' dir='ltr' id='par_1_2' title="bbox 1149 299 2295 368">
     <span class='ocr_line' id='line_1_2' title="bbox 1149 299 2295 368; baseline -0.001 -3"><span class='ocrx_word' id='word_1_2' title='bbox 1149 306 1479 368; x_wconf 72' lang='lat' dir='ltr'><strong>ISAGOGE</strong></span> <span class='ocrx_word' id='word_1_3' title='bbox 1518 305 1601 364; x_wconf 70' lang='lat' dir='ltr'><strong>IN</strong></span> <span class='ocrx_word' id='word_1_4' title='bbox 1641 305 1745 363; x_wconf 88' lang='lat' dir='ltr'><strong>SS.</strong></span> <span class='ocrx_word' id='word_1_5' title='bbox 1776 299 2295 365; x_wconf 28' lang='lat' dir='ltr'><strong>’SCRIPTURAS.</strong></span> 
     </span>
    </p>
   </div>
   <div class='ocr_carea' id='block_1_3' title="bbox 3215 309 3351 376">
    <p class='ocr_par' dir='ltr' id='par_1_3' title="bbox 3215 309 3351 376">
     <span class='ocr_line' id='line_1_3' title="bbox 3215 309 3351 376; baseline 0.022 -2"><span class='ocrx_word' id='word_1_6' title='bbox 3215 309 3351 376; x_wconf 76' lang='lat'><strong>1282</strong></span> 
     </span>
    </p>
   </div>
   <div class='ocr_carea' id='block_1_4' title="bbox 59 420 1690 496">
    <p class='ocr_par' dir='ltr' id='par_1_4' title="bbox 59 421 1672 496">
     <span class='ocr_line' id='line_1_4' title="bbox 59 421 1672 496; baseline 0.006 -29"><span class='ocrx_word' id='word_1_7' title='bbox 59 426 199 496; x_wconf 66' lang='grc' dir='ltr'>λῂν,</span> <span class='ocrx_word' id='word_1_8' title='bbox 244 422 458 491; x_wconf 71' lang='grc' dir='ltr'>λήθην</span> <span class='ocrx_word' id='word_1_9' title='bbox 513 421 813 494; x_wconf 69' lang='grc' dir='ltr'>ὀνιιμὰζειο</span> <span class='ocrx_word' id='word_1_10' title='bbox 853 422 931 487; x_wconf 86' lang='grc' dir='ltr'>ὡς</span> <span class='ocrx_word' id='word_1_11' title='bbox 978 422 1061 486; x_wconf 85' lang='grc' dir='ltr'>τδ,</span> <span class='ocrx_word' id='word_1_12' title='bbox 1101 440 1120 474; x_wconf 84' lang='grc' dir='ltr'><strong>ι</strong></span> <span class='ocrx_word' id='word_1_13' title='bbox 1160 423 1533 494; x_wconf 79' lang='grc' dir='ltr'>Ἐπιλανθάνῃ</span> <span class='ocrx_word' id='word_1_14' title='bbox 1573 423 1672 493; x_wconf 84' lang='grc' dir='ltr'>τῆς</span> 
     </span>
    </p>
   </div>
   <div class='ocr_carea' id='block_1_5' title="bbox 1814 420 3352 496">
    <p class='ocr_par' dir='ltr' id='par_1_5' title="bbox 1814 420 3352 495">
     <span class='ocr_line' id='line_1_5' title="bbox 1814 420 3352 495; baseline 0.007 -20"><span class='ocrx_word' id='word_1_15' title='bbox 1814 435 1892 475; x_wconf 82' lang='lat' dir='ltr'><strong>em</strong></span> <span class='ocrx_word' id='word_1_16' title='bbox 1949 421 2238 486; x_wconf 82' lang='lat' dir='ltr'><strong>nominat,</strong></span> <span class='ocrx_word' id='word_1_17' title='bbox 2298 421 2440 475; x_wconf 87' lang='lat' dir='ltr'><strong>sicut</strong></span> <span class='ocrx_word' id='word_1_18' title='bbox 2482 439 2493 475; x_wconf 91' lang='lat'>:</span> <span class='ocrx_word' id='word_1_19' title='bbox 2536 440 2553 471; x_wconf 82' lang='grc' dir='ltr'><strong>ι</strong></span> <span class='ocrx_word' id='word_1_20' title='bbox 2585 420 2942 480; x_wconf 80' lang='lat' dir='ltr'><strong>Oblivisceris</strong></span> <span class='ocrx_word' id='word_1_21' title='bbox 2990 424 3190 495; x_wconf 71' lang='lat' dir='ltr'><strong>inopiae</strong></span> <span class='ocrx_word' id='word_1_22' title='bbox 3256 445 3352 485; x_wconf 87' lang='lat' dir='ltr'><strong>no-</strong></span> 
     </span>
    </p>
   </div>
   <div class='ocr_carea' id='block_1_6' title="bbox 64 515 643 588">
    <p class='ocr_par' dir='ltr' id='par_1_6' title="bbox 64 515 643 588">
     <span class='ocr_line' id='line_1_6' title="bbox 64 515 643 588; baseline 0 -19"><span class='ocrx_word' id='word_1_23' title='bbox 64 518 377 588; x_wconf 77' lang='grc' dir='ltr'><strong>πτωχείας</strong></span> <span class='ocrx_word' id='word_1_24' title='bbox 406 515 594 587; x_wconf 69' lang='grc' dir='ltr'>ἡμίιν.</span> <span class='ocrx_word' id='word_1_25' title='bbox 625 537 643 569; x_wconf 77' lang='grc' dir='ltr'><strong>ι</strong></span> 
     </span>
    </p>
   </div>
   <div class='ocr_carea' id='block_1_7' title="bbox 150 605 1677 676">
    <p class='ocr_par' dir='ltr' id='par_1_7' title="bbox 150 605 1677 676">
     <span class='ocr_line' id='line_1_7' title="bbox 150 605 1677 676; baseline 0.003 -20"><span class='ocrx_word' id='word_1_26' title='bbox 150 606 241 656; x_wconf 83' lang='grc' dir='ltr'>ιδ’.</span> <span class='ocrx_word' id='word_1_27' title='bbox 294 605 404 675; x_wconf 82' lang='grc' dir='ltr'>Τὴν</span> <span class='ocrx_word' id='word_1_28' title='bbox 452 606 552 676; x_wconf 83' lang='grc' dir='ltr'><strong>τῆς</strong></span> <span class='ocrx_word' id='word_1_29' title='bbox 591 605 910 675; x_wconf 76' lang='grc' dir='ltr'><strong>προθέσεως</strong></span> <span class='ocrx_word' id='word_1_30' title='bbox 938 607 1020 670; x_wconf 87' lang='grc' dir='ltr'><strong>εἰς</strong></span> <span class='ocrx_word' id='word_1_31' title='bbox 1049 605 1211 676; x_wconf 79' lang='grc' dir='ltr'>ἔργον</span> <span class='ocrx_word' id='word_1_32' title='bbox 1240 607 1490 671; x_wconf 80' lang='grc' dir='ltr'>ἔκϐασιν,</span> <span class='ocrx_word' id='word_1_33' title='bbox 1522 609 1677 672; x_wconf 81' lang='grc' dir='ltr'>πλη-</span> 
     </span>
    </p>
   </div>
   <div class='ocr_carea' id='block_1_8' title="bbox 69 698 1673 771">
    <p class='ocr_par' dir='ltr' id='par_1_8' title="bbox 69 698 1673 771">
     <span class='ocr_line' id='line_1_8' title="bbox 69 698 1673 771; baseline 0 -20"><span class='ocrx_word' id='word_1_34' title='bbox 69 701 383 767; x_wconf 61' lang='grc' dir='ltr'>ροφορίαν</span> <span class='ocrx_word' id='word_1_35' title='bbox 409 700 508 768; x_wconf 82' lang='grc' dir='ltr'>τῆς</span> <span class='ocrx_word' id='word_1_36' title='bbox 536 699 630 751; x_wconf 90' lang='grc' dir='ltr'><strong>τοῦ</strong></span> <span class='ocrx_word' id='word_1_37' title='bbox 664 698 801 752; x_wconf 87' lang='grc' dir='ltr'>Θεοῦ</span> <span class='ocrx_word' id='word_1_38' title='bbox 832 699 1111 769; x_wconf 73' lang='grc' dir='ltr'>γνώσεως</span> <span class='ocrx_word' id='word_1_39' title='bbox 1139 701 1429 763; x_wconf 82' lang='grc' dir='ltr'>ἀποκαλεῖ,</span> <span class='ocrx_word' id='word_1_40' title='bbox 1457 700 1531 762; x_wconf 79' lang='grc' dir='ltr'>ὡς</span> <span class='ocrx_word' id='word_1_41' title='bbox 1570 698 1673 771; x_wconf 76' lang='grc' dir='ltr'><strong>[τὸ]</strong></span> 
     </span>
    </p>
   </div>
   <div class='ocr_carea' id='block_1_9' title="bbox 74 791 1673 862">
    <p class='ocr_par' dir='ltr' id='par_1_9' title="bbox 74 791 1673 862">
     <span class='ocr_line' id='line_1_9' title="bbox 74 791 1673 862; baseline 0 -21"><span class='ocrx_word' id='word_1_42' title='bbox 74 791 229 861; x_wconf 70' lang='grc' dir='ltr'>παρ’</span> <span class='ocrx_word' id='word_1_43' title='bbox 254 794 397 861; x_wconf 84' lang='grc' dir='ltr'>ἡμῖν</span> <span class='ocrx_word' id='word_1_44' title='bbox 429 792 855 861; x_wconf 77' lang='grc' dir='ltr'><strong>ἀξιοπιστότερα</strong></span> <span class='ocrx_word' id='word_1_45' title='bbox 884 792 997 843; x_wconf 86' lang='grc' dir='ltr'><strong>τῶν</strong></span> <span class='ocrx_word' id='word_1_46' title='bbox 1040 791 1221 859; x_wconf 85' lang='grc' dir='ltr'>λόγων</span> <span class='ocrx_word' id='word_1_47' title='bbox 1247 792 1316 844; x_wconf 84' lang='grc' dir='ltr'><strong>τὰ</strong></span> <span class='ocrx_word' id='word_1_48' title='bbox 1344 792 1673 862; x_wconf 81' lang='grc' dir='ltr'>πράγματα,</span> 
     </span>
    </p>
   </div>
   <div class='ocr_carea' id='block_1_10' title="bbox 64 882 1675 955">
    <p class='ocr_par' dir='ltr' id='par_1_10' title="bbox 64 882 1675 955">
     <span class='ocr_line' id='line_1_10' title="bbox 64 882 1675 955; baseline -0.001 -20"><span class='ocrx_word' id='word_1_49' title='bbox 64 886 161 944; x_wconf 77' lang='grc' dir='ltr'><strong>ὡς</strong></span> <span class='ocrx_word' id='word_1_50' title='bbox 189 886 280 947; x_wconf 81' lang='grc' dir='ltr'><strong>τὸ,</strong></span> <span class='ocrx_word' id='word_1_51' title='bbox 317 902 336 934; x_wconf 83' lang='grc' dir='ltr'><strong>ι</strong></span> <span class='ocrx_word' id='word_1_52' title='bbox 364 886 623 947; x_wconf 70' lang='grc' dir='ltr'>Καταϐὰς</span> <span class='ocrx_word' id='word_1_53' title='bbox 651 882 746 940; x_wconf 85' lang='grc' dir='ltr'><strong>οὖν</strong></span> <span class='ocrx_word' id='word_1_54' title='bbox 780 884 1011 955; x_wconf 65' lang='grc' dir='ltr'>ὀψομαν</span> <span class='ocrx_word' id='word_1_55' title='bbox 1039 885 1089 937; x_wconf 80' lang='grc' dir='ltr'><strong>εἰ</strong></span> <span class='ocrx_word' id='word_1_56' title='bbox 1122 885 1265 937; x_wconf 82' lang='grc' dir='ltr'><strong>κατὰ</strong></span> <span class='ocrx_word' id='word_1_57' title='bbox 1295 883 1397 953; x_wconf 82' lang='grc' dir='ltr'><strong>τὴν</strong></span> <span class='ocrx_word' id='word_1_58' title='bbox 1423 883 1675 953; x_wconf 82' lang='grc' dir='ltr'>κραυγὴν</span> 
     </span>
    </p>
   </div>
   <div class='ocr_carea' id='block_1_11' title="bbox 80 974 1678 1047">
    <p class='ocr_par' dir='ltr' id='par_1_11' title="bbox 80 974 1678 1047">
     <span class='ocr_line' id='line_1_11' title="bbox 80 974 1678 1047; baseline 0 -22"><span class='ocrx_word' id='word_1_59' title='bbox 80 976 276 1027; x_wconf 73' lang='grc' dir='ltr'>αὐτῶν</span> <span class='ocrx_word' id='word_1_60' title='bbox 300 976 396 1045; x_wconf 77' lang='grc' dir='ltr'><strong>τὴν</strong></span> <span class='ocrx_word' id='word_1_61' title='bbox 440 977 743 1047; x_wconf 75' lang='grc' dir='ltr'><strong>ἐρχομένην</strong></span> <span class='ocrx_word' id='word_1_62' title='bbox 789 976 928 1047; x_wconf 86' lang='grc' dir='ltr'>πρός</span> <span class='ocrx_word' id='word_1_63' title='bbox 971 993 1036 1046; x_wconf 89' lang='grc' dir='ltr'><strong>με</strong></span> <span class='ocrx_word' id='word_1_64' title='bbox 1075 975 1487 1029; x_wconf 82' lang='grc' dir='ltr'>συντελοῦνται”</span> <span class='ocrx_word' id='word_1_65' title='bbox 1531 976 1580 1027; x_wconf 86' lang='grc' dir='ltr'><strong>εἰ</strong></span> <span class='ocrx_word' id='word_1_66' title='bbox 1622 974 1678 1026; x_wconf 65' lang='grc' dir='ltr'><strong>δὲ</strong></span> 
     </span>
    </p>
   </div>
   <div class='ocr_carea' id='block_1_12' title="bbox 88 1065 1677 1137">
    <p class='ocr_par' dir='ltr' id='par_1_12' title="bbox 88 1065 1677 1137">
     <span class='ocr_line' id='line_1_12' title="bbox 88 1065 1677 1137; baseline -0.001 -20"><span class='ocrx_word' id='word_1_67' title='bbox 88 1066 192 1136; x_wconf 79' lang='grc' dir='ltr'><strong>μὴ,</strong></span> <span class='ocrx_word' id='word_1_68' title='bbox 219 1067 311 1119; x_wconf 83' lang='grc' dir='ltr'>ἴνα</span> <span class='ocrx_word' id='word_1_69' title='bbox 340 1066 455 1135; x_wconf 89' lang='grc' dir='ltr'><strong>γνῶ</strong></span> <span class='ocrx_word' id='word_1_70' title='bbox 474 1079 488 1092; x_wconf 74' lang='grc'><strong>⁸</strong></span> <span class='ocrx_word' id='word_1_71' title='bbox 523 1086 541 1119; x_wconf 73' lang='grc' dir='ltr'><strong>ο</strong></span> <span class='ocrx_word' id='word_1_72' title='bbox 571 1067 664 1119; x_wconf 81' lang='grc' dir='ltr'><strong>καὶ</strong></span> <span class='ocrx_word' id='word_1_73' title='bbox 693 1068 777 1130; x_wconf 85' lang='grc' dir='ltr'><strong>τὸ,</strong></span> <span class='ocrx_word' id='word_1_74' title='bbox 814 1086 833 1117; x_wconf 82' lang='grc' dir='ltr'><strong>ι</strong></span> <span class='ocrx_word' id='word_1_75' title='bbox 871 1065 985 1120; x_wconf 86' lang='grc' dir='ltr'>Νῦν</span> <span class='ocrx_word' id='word_1_76' title='bbox 1009 1067 1184 1134; x_wconf 74' lang='grc' dir='ltr'>ἔγνων</span> <span class='ocrx_word' id='word_1_77' title='bbox 1211 1068 1295 1119; x_wconf 82' lang='grc' dir='ltr'>ὅτι</span> <span class='ocrx_word' id='word_1_78' title='bbox 1319 1066 1458 1137; x_wconf 79' lang='grc' dir='ltr'><strong>φοϐῇ</strong></span> <span class='ocrx_word' id='word_1_79' title='bbox 1490 1067 1558 1119; x_wconf 76' lang='grc' dir='ltr'><strong>σὺ</strong></span> <span class='ocrx_word' id='word_1_80' title='bbox 1585 1065 1677 1117; x_wconf 85' lang='grc' dir='ltr'><strong>τὸν</strong></span> 
     </span>
    </p>
   </div>
   <div class='ocr_carea' id='block_1_13' title="bbox 83 1158 317 1209">
    <p class='ocr_par' dir='ltr' id='par_1_13' title="bbox 83 1158 317 1209">
     <span class='ocr_line' id='line_1_13' title="bbox 83 1158 317 1209; baseline -0.009 0"><span class='ocrx_word' id='word_1_81' title='bbox 83 1158 252 1209; x_wconf 78' lang='grc' dir='ltr'>Θεόν.</span> <span class='ocrx_word' id='word_1_82' title='bbox 298 1176 317 1207; x_wconf 75' lang='grc' dir='ltr'><strong>ι</strong></span> 
     </span>
    </p>
   </div>
   <div class='ocr_carea' id='block_1_14' title="bbox 166 1249 1675 1321">
    <p class='ocr_par' dir='ltr' id='par_1_14' title="bbox 166 1249 1675 1321">
     <span class='ocr_line' id='line_1_14' title="bbox 166 1249 1675 1321; baseline 0.001 -21"><span class='ocrx_word' id='word_1_83' title='bbox 166 1255 253 1302; x_wconf 80' lang='grc' dir='ltr'>ιε’.</span> <span class='ocrx_word' id='word_1_84' title='bbox 293 1249 366 1301; x_wconf 81' lang='grc' dir='ltr'><strong>Τὸ</strong></span> <span class='ocrx_word' id='word_1_85' title='bbox 396 1249 642 1318; x_wconf 78' lang='grc' dir='ltr'>ἄφυκτον</span> <span class='ocrx_word' id='word_1_86' title='bbox 677 1249 773 1303; x_wconf 89' lang='grc' dir='ltr'><strong>τοῦ</strong></span> <span class='ocrx_word' id='word_1_87' title='bbox 823 1249 963 1303; x_wconf 86' lang='grc' dir='ltr'>Θεοῦ</span> <span class='ocrx_word' id='word_1_88' title='bbox 994 1250 1173 1321; x_wconf 86' lang='grc' dir='ltr'>δίκης,</span> <span class='ocrx_word' id='word_1_89' title='bbox 1204 1252 1462 1317; x_wconf 71' lang='grc' dir='ltr'>ἔρευναν</span> <span class='ocrx_word' id='word_1_90' title='bbox 1491 1250 1675 1303; x_wconf 81' lang='grc' dir='ltr'>καλεῖ’</span> 
     </span>
    </p>
   </div>
   <div class='ocr_carea' id='block_1_15' title="bbox 88 1342 1680 1414">
    <p class='ocr_par' dir='ltr' id='par_1_15' title="bbox 88 1342 1680 1414">
     <span class='ocr_line' id='line_1_15' title="bbox 88 1342 1680 1414; baseline 0.001 -20"><span class='ocrx_word' id='word_1_91' title='bbox 88 1342 171 1404; x_wconf 79' lang='grc' dir='ltr'>ὡς</span> <span class='ocrx_word' id='word_1_92' title='bbox 204 1343 287 1405; x_wconf 83' lang='grc' dir='ltr'><strong>τὸ,</strong></span> <span class='ocrx_word' id='word_1_93' title='bbox 317 1360 335 1391; x_wconf 82' lang='grc' dir='ltr'><strong>ι</strong></span> <span class='ocrx_word' id='word_1_94' title='bbox 362 1344 473 1395; x_wconf 76' lang='grc' dir='ltr'><strong>Καὶ</strong></span> <span class='ocrx_word' id='word_1_95' title='bbox 506 1343 658 1395; x_wconf 76' lang='grc' dir='ltr'>ἔσται</span> <span class='ocrx_word' id='word_1_96' title='bbox 690 1344 749 1395; x_wconf 80' lang='grc' dir='ltr'>ὲν</span> <span class='ocrx_word' id='word_1_97' title='bbox 779 1344 844 1412; x_wconf 80' lang='grc' dir='ltr'>τῇ</span> <span class='ocrx_word' id='word_1_98' title='bbox 876 1343 1063 1414; x_wconf 77' lang='grc' dir='ltr'>ἡμέρᾳ</span> <span class='ocrx_word' id='word_1_99' title='bbox 1098 1342 1304 1413; x_wconf 77' lang='grc' dir='ltr'>ἐκείνῃ,</span> <span class='ocrx_word' id='word_1_100' title='bbox 1336 1343 1680 1414; x_wconf 79' lang='grc' dir='ltr'>ὲξερευνήσω</span> 
     </span>
    </p>
   </div>
   <div class='ocr_carea' id='block_1_16' title="bbox 88 1434 1679 1505">
    <p class='ocr_par' dir='ltr' id='par_1_16' title="bbox 88 1434 1679 1505">
     <span class='ocr_line' id='line_1_16' title="bbox 88 1434 1679 1505; baseline 0.001 -20"><span class='ocrx_word' id='word_1_101' title='bbox 88 1436 195 1502; x_wconf 73' lang='grc' dir='ltr'>τὴν</span> <span class='ocrx_word' id='word_1_102' title='bbox 236 1434 603 1504; x_wconf 76' lang='grc' dir='ltr'>Ἰερουσαλὴμ.</span> <span class='ocrx_word' id='word_1_103' title='bbox 630 1436 769 1504; x_wconf 82' lang='grc' dir='ltr'>μετὰ</span> <span class='ocrx_word' id='word_1_104' title='bbox 791 1435 1044 1505; x_wconf 78' lang='grc' dir='ltr'><strong>λύχνου.»</strong></span> <span class='ocrx_word' id='word_1_105' title='bbox 1073 1434 1173 1505; x_wconf 83' lang='grc' dir='ltr'><strong>Εῑη</strong></span> <span class='ocrx_word' id='word_1_106' title='bbox 1197 1435 1242 1488; x_wconf 81' lang='grc' dir='ltr'><strong>δ’</strong></span> <span class='ocrx_word' id='word_1_107' title='bbox 1268 1435 1334 1489; x_wconf 84' lang='grc' dir='ltr'><strong>ἂν</strong></span> <span class='ocrx_word' id='word_1_108' title='bbox 1362 1434 1534 1489; x_wconf 81' lang='grc' dir='ltr'>ταῦτα</span> <span class='ocrx_word' id='word_1_109' title='bbox 1570 1435 1679 1489; x_wconf 78' lang='grc' dir='ltr'>ἀπὸ</span> 
     </span>
    </p>
   </div>
   <div class='ocr_carea' id='block_1_17' title="bbox 96 1523 600 1592">
    <p class='ocr_par' dir='ltr' id='par_1_17' title="bbox 96 1523 600 1592">
     <span class='ocr_line' id='line_1_17' title="bbox 96 1523 600 1592; baseline 0.008 -18"><span class='ocrx_word' id='word_1_110' title='bbox 96 1523 293 1575; x_wconf 78' lang='grc' dir='ltr'>παθῶν</span> <span class='ocrx_word' id='word_1_111' title='bbox 323 1524 600 1592; x_wconf 68' lang='grc' dir='ltr'>ψυχικῶν.</span> 
     </span>
    </p>
   </div>
   <div class='ocr_carea' id='block_1_18' title="bbox 172 1615 1680 1689">
    <p class='ocr_par' dir='ltr' id='par_1_18' title="bbox 172 1615 1680 1689">
     <span class='ocr_line' id='line_1_18' title="bbox 172 1615 1680 1689; baseline 0.004 -23"><span class='ocrx_word' id='word_1_112' title='bbox 172 1621 271 1679; x_wconf 80' lang='grc' dir='ltr'>ις’.</span> <span class='ocrx_word' id='word_1_113' title='bbox 310 1615 421 1677; x_wconf 84' lang='grc' dir='ltr'>Τὴν</span> <span class='ocrx_word' id='word_1_114' title='bbox 456 1615 556 1683; x_wconf 80' lang='grc' dir='ltr'><strong>τῆς</strong></span> <span class='ocrx_word' id='word_1_115' title='bbox 585 1615 730 1668; x_wconf 78' lang='grc' dir='ltr'>κατὰ</span> <span class='ocrx_word' id='word_1_116' title='bbox 757 1616 867 1668; x_wconf 90' lang='grc' dir='ltr'><strong>τῶν</strong></span> <span class='ocrx_word' id='word_1_117' title='bbox 907 1615 1118 1688; x_wconf 76' lang='grc' dir='ltr'>ἐχθρῶν</span> <span class='ocrx_word' id='word_1_118' title='bbox 1144 1617 1220 1688; x_wconf 75' lang='grc' dir='ltr'><strong>(ὅ)</strong></span> <span class='ocrx_word' id='word_1_119' title='bbox 1264 1618 1432 1672; x_wconf 80' lang='grc' dir='ltr'>αὐτοῦ</span> <span class='ocrx_word' id='word_1_120' title='bbox 1462 1618 1680 1689; x_wconf 82' lang='grc' dir='ltr'><strong>ἀμύνης</strong></span> 
     </span>
    </p>
   </div>
   <div class='ocr_carea' id='block_1_19' title="bbox 96 1706 1681 1782">
    <p class='ocr_par' dir='ltr' id='par_1_19' title="bbox 96 1706 1681 1782">
     <span class='ocr_line' id='line_1_19' title="bbox 96 1706 1681 1782; baseline 0.004 -26"><span class='ocrx_word' id='word_1_121' title='bbox 96 1706 421 1775; x_wconf 78' lang='grc' dir='ltr'><strong>ὑπέρθεσιν,</strong></span> <span class='ocrx_word' id='word_1_122' title='bbox 445 1708 545 1777; x_wconf 77' lang='grc' dir='ltr'>τήν</span> <span class='ocrx_word' id='word_1_123' title='bbox 565 1724 625 1759; x_wconf 88' lang='grc' dir='ltr'><strong>τε</strong></span> <span class='ocrx_word' id='word_1_124' title='bbox 657 1706 796 1779; x_wconf 84' lang='grc' dir='ltr'>πρὸς</span> <span class='ocrx_word' id='word_1_125' title='bbox 817 1708 945 1771; x_wconf 79' lang='grc' dir='ltr'>τοὺς</span> <span class='ocrx_word' id='word_1_126' title='bbox 968 1709 1206 1774; x_wconf 81' lang='grc' dir='ltr'>οἰκείους</span> <span class='ocrx_word' id='word_1_127' title='bbox 1230 1711 1525 1782; x_wconf 78' lang='grc' dir='ltr'>ἐπίκουρον</span> <span class='ocrx_word' id='word_1_128' title='bbox 1556 1711 1681 1782; x_wconf 91' lang='grc' dir='ltr'>βρα-</span> 
     </span>
    </p>
   </div>
   <div class='ocr_carea' id='block_1_20' title="bbox 1776 513 2533 584">
    <p class='ocr_par' dir='ltr' id='par_1_20' title="bbox 1776 513 2533 584">
     <span class='ocr_line' id='line_1_20' title="bbox 1776 513 2533 584; baseline -0.003 -16"><span class='ocrx_word' id='word_1_129' title='bbox 1776 523 1922 569; x_wconf 72' lang='lat' dir='ltr'><strong>strae.</strong></span> <span class='ocrx_word' id='word_1_130' title='bbox 1961 532 1980 565; x_wconf 75' lang='grc' dir='ltr'><strong>ι</strong></span> <span class='ocrx_word' id='word_1_131' title='bbox 2021 513 2197 582; x_wconf 87' lang='lat' dir='ltr'><strong>(Psal.</strong></span> <span class='ocrx_word' id='word_1_132' title='bbox 2229 529 2386 581; x_wconf 78' lang='lat' dir='ltr'><strong>mu,</strong></span> <span class='ocrx_word' id='word_1_133' title='bbox 2418 514 2533 584; x_wconf 65' lang='grc'>24.)</span> 
     </span>
    </p>
   </div>
   <div class='ocr_carea' id='block_1_21' title="bbox 1846 608 3354 683">
    <p class='ocr_par' dir='ltr' id='par_1_21' title="bbox 1846 608 3354 683">
     <span class='ocr_line' id='line_1_21' title="bbox 1846 608 3354 683; baseline 0.005 -23"><span class='ocrx_word' id='word_1_134' title='bbox 1846 609 1935 663; x_wconf 73' lang='grc'><strong>14.</strong></span> <span class='ocrx_word' id='word_1_135' title='bbox 1976 608 2205 664; x_wconf 86' lang='lat' dir='ltr'><strong>Consilii</strong></span> <span class='ocrx_word' id='word_1_136' title='bbox 2261 611 2670 665; x_wconf 73' lang='lat' dir='ltr'><strong>exsecutionem</strong></span> <span class='ocrx_word' id='word_1_137' title='bbox 2722 610 2775 664; x_wconf 90' lang='lat' dir='ltr'><strong>in</strong></span> <span class='ocrx_word' id='word_1_138' title='bbox 2831 628 3002 680; x_wconf 90' lang='lat' dir='ltr'><strong>opus,</strong></span> <span class='ocrx_word' id='word_1_139' title='bbox 3065 614 3354 683; x_wconf 73' lang='lat' dir='ltr'><strong>perfectam</strong></span> 
     </span>
    </p>
   </div>
   <div class='ocr_carea' id='block_1_22' title="bbox 1777 702 3353 775">
    <p class='ocr_par' dir='ltr' id='par_1_22' title="bbox 1777 702 3353 775">
     <span class='ocr_line' id='line_1_22' title="bbox 1777 702 3353 775; baseline 0.004 -20"><span class='ocrx_word' id='word_1_140' title='bbox 1777 702 1875 756; x_wconf 82' lang='lat' dir='ltr'><strong>Dei</strong></span> <span class='ocrx_word' id='word_1_141' title='bbox 1900 704 2253 772; x_wconf 78' lang='lat' dir='ltr'><strong>cognitionem</strong></span> <span class='ocrx_word' id='word_1_142' title='bbox 2283 714 2459 768; x_wconf 85' lang='lat' dir='ltr'><strong>vocat,</strong></span> <span class='ocrx_word' id='word_1_143' title='bbox 2494 712 2754 773; x_wconf 91' lang='lat' dir='ltr'><strong>tanquam</strong></span> <span class='ocrx_word' id='word_1_144' title='bbox 2795 721 2918 774; x_wconf 63' lang='lat' dir='ltr'><strong>qua:</strong></span> <span class='ocrx_word' id='word_1_145' title='bbox 2942 720 3105 775; x_wconf 81' lang='lat' dir='ltr'><strong>opera</strong></span> <span class='ocrx_word' id='word_1_146' title='bbox 3131 724 3159 761; x_wconf 86' lang='lat' dir='ltr'><strong>a</strong></span> <span class='ocrx_word' id='word_1_147' title='bbox 3195 711 3353 763; x_wconf 90' lang='lat' dir='ltr'><strong>nobis</strong></span> 
     </span>
    </p>
   </div>
   <div class='ocr_carea' id='block_1_23' title="bbox 1772 796 3353 864">
    <p class='ocr_par' dir='ltr' id='par_1_23' title="bbox 1772 796 3353 864">
     <span class='ocr_line' id='line_1_23' title="bbox 1772 796 3353 864; baseline 0.004 -16"><span class='ocrx_word' id='word_1_148' title='bbox 1772 796 1974 849; x_wconf 87' lang='lat' dir='ltr'><strong>melius</strong></span> <span class='ocrx_word' id='word_1_149' title='bbox 2015 796 2196 849; x_wconf 83' lang='lat' dir='ltr'><strong>verbis</strong></span> <span class='ocrx_word' id='word_1_150' title='bbox 2238 797 2359 849; x_wconf 83' lang='lat' dir='ltr'><strong>lidei</strong></span> <span class='ocrx_word' id='word_1_151' title='bbox 2395 798 2795 861; x_wconf 77' lang='lat' dir='ltr'><strong>convenientia,</strong></span> <span class='ocrx_word' id='word_1_152' title='bbox 2847 801 3011 864; x_wconf 89' lang='lat' dir='ltr'><strong>sicut,</strong></span> <span class='ocrx_word' id='word_1_153' title='bbox 3062 820 3080 852; x_wconf 82' lang='grc' dir='ltr'><strong>ι</strong></span> <span class='ocrx_word' id='word_1_154' title='bbox 3113 799 3353 855; x_wconf 86' lang='lat' dir='ltr'><strong>Descen-</strong></span> 
     </span>
    </p>
   </div>
   <div class='ocr_carea' id='block_1_24' title="bbox 1776 886 3355 960">
    <p class='ocr_par' dir='ltr' id='par_1_24' title="bbox 1776 886 3355 960">
     <span class='ocr_line' id='line_1_24' title="bbox 1776 886 3355 960; baseline 0.004 -20"><span class='ocrx_word' id='word_1_155' title='bbox 1776 887 1899 941; x_wconf 86' lang='lat' dir='ltr'><strong>dam</strong></span> <span class='ocrx_word' id='word_1_156' title='bbox 1949 895 2003 940; x_wconf 89' lang='lat' dir='ltr'><strong>et</strong></span> <span class='ocrx_word' id='word_1_157' title='bbox 2031 886 2225 941; x_wconf 85' lang='lat' dir='ltr'><strong>videbo</strong></span> <span class='ocrx_word' id='word_1_158' title='bbox 2272 896 2453 941; x_wconf 91' lang='lat' dir='ltr'><strong>utrum</strong></span> <span class='ocrx_word' id='word_1_159' title='bbox 2490 890 2787 943; x_wconf 88' lang='lat' dir='ltr'><strong>clamorem</strong></span> <span class='ocrx_word' id='word_1_160' title='bbox 2840 893 2931 960; x_wconf 89' lang='lat' dir='ltr'><strong>qui</strong></span> <span class='ocrx_word' id='word_1_161' title='bbox 2968 893 3115 946; x_wconf 91' lang='lat' dir='ltr'><strong>venit</strong></span> <span class='ocrx_word' id='word_1_162' title='bbox 3157 895 3221 945; x_wconf 90' lang='lat' dir='ltr'><strong>ad</strong></span> <span class='ocrx_word' id='word_1_163' title='bbox 3269 908 3355 947; x_wconf 88' lang='lat' dir='ltr'><strong>me</strong></span> 
     </span>
    </p>
   </div>
   <div class='ocr_carea' id='block_1_25' title="bbox 1778 978 3435 1051">
    <p class='ocr_par' dir='ltr' id='par_1_25' title="bbox 1778 978 3435 1051">
     <span class='ocr_line' id='line_1_25' title="bbox 1778 978 3435 1051; baseline 0.006 -21"><span class='ocrx_word' id='word_1_164' title='bbox 1778 992 1943 1046; x_wconf 90' lang='lat' dir='ltr'><strong>opere</strong></span> <span class='ocrx_word' id='word_1_165' title='bbox 1976 978 2389 1047; x_wconf 80' lang='lat' dir='ltr'><strong>compleverint,</strong></span> <span class='ocrx_word' id='word_1_166' title='bbox 2419 994 2601 1033; x_wconf 85' lang='lat' dir='ltr'><strong>annon</strong></span> <span class='ocrx_word' id='word_1_167' title='bbox 2636 988 2741 1035; x_wconf 85' lang='lat' dir='ltr'><strong>&#39;est</strong></span> <span class='ocrx_word' id='word_1_168' title='bbox 2773 983 2866 1047; x_wconf 89' lang='lat' dir='ltr'><strong>ita,</strong></span> <span class='ocrx_word' id='word_1_169' title='bbox 2903 992 2959 1037; x_wconf 91' lang='lat' dir='ltr'><strong>ut</strong></span> <span class='ocrx_word' id='word_1_170' title='bbox 2989 986 3192 1049; x_wconf 86' lang='lat' dir='ltr'><strong>sciam;</strong></span> <span class='ocrx_word' id='word_1_171' title='bbox 3223 1005 3243 1038; x_wconf 80' lang='grc' dir='ltr'><strong>ι</strong></span> <span class='ocrx_word' id='word_1_172' title='bbox 3279 995 3351 1051; x_wconf 88' lang='lat' dir='ltr'><strong>et,</strong></span> <span class='ocrx_word' id='word_1_173' title='bbox 3432 1018 3435 1019; x_wconf 53' lang='grc' dir='ltr'><strong>ν</strong></span> 
     </span>
    </p>
   </div>
   <div class='ocr_carea' id='block_1_26' title="bbox 1785 1068 3352 1145">
    <p class='ocr_par' dir='ltr' id='par_1_26' title="bbox 1785 1068 3352 1145">
     <span class='ocr_line' id='line_1_26' title="bbox 1785 1068 3352 1145; baseline 0.008 -27"><span class='ocrx_word' id='word_1_174' title='bbox 1785 1086 1803 1118; x_wconf 80' lang='grc' dir='ltr'><strong>ι</strong></span> <span class='ocrx_word' id='word_1_175' title='bbox 1840 1068 1995 1123; x_wconf 73' lang='lat' dir='ltr'><strong>Nunc</strong></span> <span class='ocrx_word' id='word_1_176' title='bbox 2030 1069 2260 1140; x_wconf 70' lang='lat' dir='ltr'><strong>cognovi</strong></span> <span class='ocrx_word' id='word_1_177' title='bbox 2304 1070 2452 1139; x_wconf 88' lang='lat' dir='ltr'><strong>quod</strong></span> <span class='ocrx_word' id='word_1_178' title='bbox 2504 1074 2666 1127; x_wconf 88' lang='lat' dir='ltr'><strong>times</strong></span> <span class='ocrx_word' id='word_1_179' title='bbox 2718 1072 2908 1127; x_wconf 89' lang='lat' dir='ltr'><strong>Deum.</strong></span> <span class='ocrx_word' id='word_1_180' title='bbox 2942 1093 2960 1126; x_wconf 81' lang='grc' dir='ltr'><strong>ι</strong></span> <span class='ocrx_word' id='word_1_181' title='bbox 3001 1074 3151 1145; x_wconf 76' lang='lat' dir='ltr'><strong>(Cen.</strong></span> <span class='ocrx_word' id='word_1_182' title='bbox 3196 1092 3352 1141; x_wconf 84' lang='lat' dir='ltr'><strong>xvut,</strong></span> 
     </span>
    </p>
   </div>
   <div class='ocr_carea' id='block_1_27' title="bbox 1776 1159 2206 1229">
    <p class='ocr_par' dir='ltr' id='par_1_27' title="bbox 1776 1159 2206 1229">
     <span class='ocr_line' id='line_1_27' title="bbox 1776 1159 2206 1229; baseline 0.002 -16"><span class='ocrx_word' id='word_1_183' title='bbox 1776 1159 1840 1213; x_wconf 76' lang='grc'><strong>21</strong></span> <span class='ocrx_word' id='word_1_184' title='bbox 1871 1178 1885 1223; x_wconf 91' lang='lat'><strong>;</strong></span> <span class='ocrx_word' id='word_1_185' title='bbox 1919 1177 2056 1223; x_wconf 77' lang='lat' dir='ltr'><strong>xm,</strong></span> <span class='ocrx_word' id='word_1_186' title='bbox 2093 1162 2206 1229; x_wconf 69' lang='grc' dir='ltr'>ιε.)</span> 
     </span>
    </p>
   </div>
   <div class='ocr_carea' id='block_1_28' title="bbox 1856 1252 3357 1329">
    <p class='ocr_par' dir='ltr' id='par_1_28' title="bbox 1856 1252 3357 1329">
     <span class='ocr_line' id='line_1_28' title="bbox 1856 1252 3357 1329; baseline 0.007 -23"><span class='ocrx_word' id='word_1_187' title='bbox 1856 1252 1941 1306; x_wconf 77' lang='grc'><strong>15.</strong></span> <span class='ocrx_word' id='word_1_188' title='bbox 2003 1252 2159 1319; x_wconf 83' lang='lat' dir='ltr'><strong>Quod</strong></span> <span class='ocrx_word' id='word_1_189' title='bbox 2211 1255 2373 1309; x_wconf 84' lang='lat' dir='ltr'><strong>vitari</strong></span> <span class='ocrx_word' id='word_1_190' title='bbox 2428 1254 2521 1310; x_wconf 88' lang='lat' dir='ltr'><strong>Dei</strong></span> <span class='ocrx_word' id='word_1_191' title='bbox 2552 1255 2768 1325; x_wconf 86' lang='lat' dir='ltr'><strong>justitia</strong></span> <span class='ocrx_word' id='word_1_192' title='bbox 2812 1270 3065 1329; x_wconf 86' lang='lat' dir='ltr'><strong>nequeat,</strong></span> <span class='ocrx_word' id='word_1_193' title='bbox 3122 1263 3357 1316; x_wconf 74' lang='lat' dir='ltr'><strong>scrutari</strong></span> 
     </span>
    </p>
   </div>
   <div class='ocr_carea' id='block_1_29' title="bbox 1777 1347 3356 1419">
    <p class='ocr_par' dir='ltr' id='par_1_29' title="bbox 1777 1347 3356 1419">
     <span class='ocr_line' id='line_1_29' title="bbox 1777 1347 3356 1419; baseline 0.006 -22"><span class='ocrx_word' id='word_1_194' title='bbox 1777 1352 1977 1411; x_wconf 77' lang='lat' dir='ltr'><strong>vocat,‘</strong></span> <span class='ocrx_word' id='word_1_195' title='bbox 2004 1347 2166 1409; x_wconf 88' lang='lat' dir='ltr'><strong>sicut,</strong></span> <span class='ocrx_word' id='word_1_196' title='bbox 2211 1365 2228 1397; x_wconf 79' lang='grc' dir='ltr'><strong>ι</strong></span> <span class='ocrx_word' id='word_1_197' title='bbox 2258 1347 2324 1400; x_wconf 88' lang='lat' dir='ltr'><strong>Et</strong></span> <span class='ocrx_word' id='word_1_198' title='bbox 2369 1348 2473 1402; x_wconf 88' lang='lat' dir='ltr'><strong>erit</strong></span> <span class='ocrx_word' id='word_1_199' title='bbox 2520 1348 2572 1401; x_wconf 92' lang='lat' dir='ltr'><strong>in</strong></span> <span class='ocrx_word' id='word_1_200' title='bbox 2621 1357 2863 1419; x_wconf 90' lang='lat' dir='ltr'><strong>tempore</strong></span> <span class='ocrx_word' id='word_1_201' title='bbox 2904 1354 2994 1406; x_wconf 87' lang='lat' dir='ltr'><strong>illo</strong></span> <span class='ocrx_word' id='word_1_202' title='bbox 3021 1394 3035 1413; x_wconf 84' lang='grc'><strong>,</strong></span> <span class='ocrx_word' id='word_1_203' title='bbox 3068 1358 3356 1409; x_wconf 82' lang='lat' dir='ltr'><strong>scrutabor</strong></span> 
     </span>
    </p>
   </div>
   <div class='ocr_carea' id='block_1_30' title="bbox 1778 1435 3353 1513">
    <p class='ocr_par' dir='ltr' id='par_1_30' title="bbox 1778 1435 3353 1513">
     <span class='ocr_line' id='line_1_30' title="bbox 1778 1435 3353 1513; baseline 0.007 -24"><span class='ocrx_word' id='word_1_204' title='bbox 1778 1435 2079 1490; x_wconf 78' lang='lat' dir='ltr'><strong>Jerusalem</strong></span> <span class='ocrx_word' id='word_1_205' title='bbox 2116 1437 2172 1489; x_wconf 91' lang='lat' dir='ltr'><strong>in</strong></span> <span class='ocrx_word' id='word_1_206' title='bbox 2217 1438 2484 1492; x_wconf 90' lang='lat' dir='ltr'><strong>lucernis.</strong></span> <span class='ocrx_word' id='word_1_207' title='bbox 2519 1458 2538 1490; x_wconf 76' lang='grc' dir='ltr'><strong>ι</strong></span> <span class='ocrx_word' id='word_1_208' title='bbox 2585 1439 2707 1494; x_wconf 91' lang='lat' dir='ltr'><strong>Sint</strong></span> <span class='ocrx_word' id='word_1_209' title='bbox 2751 1442 2866 1497; x_wconf 69' lang='lat' dir='ltr'><strong>lucc</strong></span> <span class='ocrx_word' id='word_1_210' title='bbox 2897 1445 2963 1498; x_wconf 90' lang='lat' dir='ltr'><strong>de</strong></span> <span class='ocrx_word' id='word_1_211' title='bbox 3004 1446 3353 1513; x_wconf 86' lang='lat' dir='ltr'><strong>passionibus</strong></span> 
     </span>
    </p>
   </div>
   <div class='ocr_carea' id='block_1_31' title="bbox 1780 1526 2603 1598">
    <p class='ocr_par' dir='ltr' id='par_1_31' title="bbox 1780 1526 2603 1598">
     <span class='ocr_line' id='line_1_31' title="bbox 1780 1526 2603 1598; baseline 0.001 -17"><span class='ocrx_word' id='word_1_212' title='bbox 1780 1527 2183 1595; x_wconf 84' lang='lat' dir='ltr'><strong>spiritualihus.</strong></span> <span class='ocrx_word' id='word_1_213' title='bbox 2208 1526 2393 1598; x_wconf 79' lang='lat' dir='ltr'><strong>(Soph.</strong></span> <span class='ocrx_word' id='word_1_214' title='bbox 2416 1546 2455 1595; x_wconf 90' lang='grc' dir='ltr'><strong>ι,</strong></span> <span class='ocrx_word' id='word_1_215' title='bbox 2491 1529 2603 1596; x_wconf 69' lang='grc'><strong>12.)</strong></span> 
     </span>
    </p>
   </div>
   <div class='ocr_carea' id='block_1_32' title="bbox 1852 1618 3355 1686">
    <p class='ocr_par' dir='ltr' id='par_1_32' title="bbox 1852 1618 3355 1686">
     <span class='ocr_line' id='line_1_32' title="bbox 1852 1618 3355 1686; baseline 0.007 -16"><span class='ocrx_word' id='word_1_216' title='bbox 1852 1618 1939 1671; x_wconf 78' lang='grc'><strong>16.</strong></span> <span class='ocrx_word' id='word_1_217' title='bbox 1984 1618 2161 1686; x_wconf 87' lang='lat' dir='ltr'><strong>Ipsius</strong></span> <span class='ocrx_word' id='word_1_218' title='bbox 2210 1619 2262 1673; x_wconf 92' lang='lat' dir='ltr'><strong>in</strong></span> <span class='ocrx_word' id='word_1_219' title='bbox 2311 1620 2549 1675; x_wconf 89' lang='lat' dir='ltr'><strong>vindicta</strong></span> <span class='ocrx_word' id='word_1_220' title='bbox 2599 1631 2787 1677; x_wconf 89' lang='lat' dir='ltr'><strong>contra</strong></span> <span class='ocrx_word' id='word_1_221' title='bbox 2823 1623 3009 1679; x_wconf 78' lang='lat' dir='ltr'><strong>hostes</strong></span> <span class='ocrx_word' id='word_1_222' title='bbox 3049 1627 3355 1681; x_wconf 87' lang='lat' dir='ltr'><strong>cunctatio-</strong></span> 
     </span>
    </p>
   </div>
   <div class='ocr_carea' id='block_1_33' title="bbox 1785 1708 3359 1779">
    <p class='ocr_par' dir='ltr' id='par_1_33' title="bbox 1785 1708 3359 1779">
     <span class='ocr_line' id='line_1_33' title="bbox 1785 1708 3359 1779; baseline 0.008 -19"><span class='ocrx_word' id='word_1_223' title='bbox 1785 1722 1940 1772; x_wconf 88' lang='lat' dir='ltr'><strong>nem,</strong></span> <span class='ocrx_word' id='word_1_224' title='bbox 1996 1708 2049 1762; x_wconf 93' lang='lat' dir='ltr'><strong>in</strong></span> <span class='ocrx_word' id='word_1_225' title='bbox 2105 1709 2440 1763; x_wconf 77' lang='lat' dir='ltr'><strong>auxiliIudis</strong></span> <span class='ocrx_word' id='word_1_226' title='bbox 2487 1712 2663 1766; x_wconf 88' lang='lat' dir='ltr'><strong>servis</strong></span> <span class='ocrx_word' id='word_1_227' title='bbox 2710 1727 2965 1779; x_wconf 88' lang='lat' dir='ltr'><strong>moram,</strong></span> <span class='ocrx_word' id='word_1_228' title='bbox 3011 1731 3251 1769; x_wconf 84' lang='lat' dir='ltr'><strong>somnum</strong></span> <span class='ocrx_word' id='word_1_229' title='bbox 3302 1727 3359 1772; x_wconf 90' lang='lat' dir='ltr'><strong>et</strong></span> 
     </span>
    </p>
   </div>
   <div class='ocr_carea' id='block_1_34' title="bbox 95 1779 1690 1872">
    <p class='ocr_par' dir='ltr' id='par_1_34' title="bbox 95 1799 1681 1872">
     <span class='ocr_line' id='line_1_34' title="bbox 95 1799 1681 1872; baseline 0.004 -23"><span class='ocrx_word' id='word_1_230' title='bbox 95 1799 335 1867; x_wconf 76' lang='grc' dir='ltr'>δυτῆτα,</span> <span class='ocrx_word' id='word_1_231' title='bbox 388 1800 743 1868; x_wconf 81' lang='grc' dir='ltr'>νυσταγμὸν</span> <span class='ocrx_word' id='word_1_232' title='bbox 788 1801 885 1853; x_wconf 67' lang='grc' dir='ltr'><strong>κα)⁵</strong></span> <span class='ocrx_word' id='word_1_233' title='bbox 932 1800 1134 1855; x_wconf 80' lang='grc' dir='ltr'>ὕπνον</span> <span class='ocrx_word' id='word_1_234' title='bbox 1175 1805 1272 1855; x_wconf 71' lang='grc' dir='ltr'><strong>καὶ</strong></span> <span class='ocrx_word' id='word_1_235' title='bbox 1314 1805 1681 1872; x_wconf 77' lang='grc' dir='ltr'>καρηϐαρίαν</span> 
     </span>
    </p>
   </div>
   <div class='ocr_carea' id='block_1_35' title="bbox 1814 1779 3361 1872">
    <p class='ocr_par' dir='ltr' id='par_1_35' title="bbox 1814 1801 3361 1870">
     <span class='ocr_line' id='line_1_35' title="bbox 1814 1801 3361 1870; baseline 0.008 -20"><span class='ocrx_word' id='word_1_236' title='bbox 1814 1815 2042 1868; x_wconf 89' lang='lat' dir='ltr'><strong>oporem,</strong></span> <span class='ocrx_word' id='word_1_237' title='bbox 2070 1807 2125 1854; x_wconf 91' lang='lat' dir='ltr'><strong>et</strong></span> <span class='ocrx_word' id='word_1_238' title='bbox 2153 1801 2345 1869; x_wconf 78' lang='lat' dir='ltr'><strong>capitis</strong></span> <span class='ocrx_word' id='word_1_239' title='bbox 2374 1802 2709 1870; x_wconf 77' lang='lat' dir='ltr'><strong>gravedinem</strong></span> <span class='ocrx_word' id='word_1_240' title='bbox 2752 1813 2949 1869; x_wconf 84' lang='lat' dir='ltr'><strong>vocat;</strong></span> <span class='ocrx_word' id='word_1_241' title='bbox 2982 1805 3123 1859; x_wconf 85' lang='lat' dir='ltr'><strong>sicut</strong></span> <span class='ocrx_word' id='word_1_242' title='bbox 3145 1845 3160 1869; x_wconf 95' lang='lat'><strong>,</strong></span> <span class='ocrx_word' id='word_1_243' title='bbox 3200 1824 3219 1857; x_wconf 86' lang='grc' dir='ltr'><strong>ι</strong></span> <span class='ocrx_word' id='word_1_244' title='bbox 3248 1806 3361 1861; x_wconf 83' lang='grc' dir='ltr'>Ειι-</span> 
     </span>
    </p>
   </div>
   <div class='ocr_carea' id='block_1_36' title="bbox 97 1889 1683 1960">
    <p class='ocr_par' dir='ltr' id='par_1_36' title="bbox 97 1889 1683 1960">
     <span class='ocr_line' id='line_1_36' title="bbox 97 1889 1683 1960; baseline 0.004 -19"><span class='ocrx_word' id='word_1_245' title='bbox 97 1889 397 1942; x_wconf 76' lang='grc' dir='ltr'>ἁποκαλεῖ·</span> <span class='ocrx_word' id='word_1_246' title='bbox 423 1889 500 1953; x_wconf 81' lang='grc' dir='ltr'>ὡς</span> <span class='ocrx_word' id='word_1_247' title='bbox 537 1890 617 1956; x_wconf 85' lang='grc' dir='ltr'><strong>τὸ,</strong></span> <span class='ocrx_word' id='word_1_248' title='bbox 656 1911 673 1943; x_wconf 82' lang='grc' dir='ltr'><strong>ι</strong></span> <span class='ocrx_word' id='word_1_249' title='bbox 703 1891 1081 1960; x_wconf 79' lang='grc' dir='ltr'>Ἐξεγέρθητι,</span> <span class='ocrx_word' id='word_1_250' title='bbox 1117 1893 1203 1947; x_wconf 81' lang='grc' dir='ltr'><strong>ἵνα</strong></span> <span class='ocrx_word' id='word_1_251' title='bbox 1235 1893 1288 1946; x_wconf 90' lang='grc' dir='ltr'><strong>τί</strong></span> <span class='ocrx_word' id='word_1_252' title='bbox 1329 1894 1540 1957; x_wconf 82' lang='grc' dir='ltr'>ὑπνοῖς,</span> <span class='ocrx_word' id='word_1_253' title='bbox 1571 1893 1683 1947; x_wconf 80' lang='grc' dir='ltr'><strong>Κύ-</strong></span> 
     </span>
    </p>
   </div>
   <div class='ocr_carea' id='block_1_37' title="bbox 101 1981 1681 2056">
    <p class='ocr_par' dir='ltr' id='par_1_37' title="bbox 101 1981 1681 2056">
     <span class='ocr_line' id='line_1_37' title="bbox 101 1981 1681 2056; baseline 0.004 -23"><span class='ocrx_word' id='word_1_254' title='bbox 101 1998 220 2048; x_wconf 81' lang='grc' dir='ltr'>ριε;</span> <span class='ocrx_word' id='word_1_255' title='bbox 255 2000 275 2033; x_wconf 82' lang='grc' dir='ltr'><strong>ι</strong></span> <span class='ocrx_word' id='word_1_256' title='bbox 314 1982 431 2045; x_wconf 75' lang='grc' dir='ltr'>καὶ,</span> <span class='ocrx_word' id='word_1_257' title='bbox 465 2000 482 2033; x_wconf 84' lang='grc' dir='ltr'><strong>ι</strong></span> <span class='ocrx_word' id='word_1_258' title='bbox 511 1984 586 2035; x_wconf 85' lang='grc' dir='ltr'><strong>Οὐ</strong></span> <span class='ocrx_word' id='word_1_259' title='bbox 628 1981 703 2053; x_wconf 83' lang='grc' dir='ltr'>μὴ</span> <span class='ocrx_word' id='word_1_260' title='bbox 760 1984 1001 2054; x_wconf 81' lang='grc' dir='ltr'>νυστάξῃ</span> <span class='ocrx_word' id='word_1_261' title='bbox 1053 1985 1179 2038; x_wconf 78' lang='grc' dir='ltr'><strong>οὐδὲ</strong></span> <span class='ocrx_word' id='word_1_262' title='bbox 1234 1986 1460 2056; x_wconf 81' lang='grc' dir='ltr'>ὑπνώσῃ</span> <span class='ocrx_word' id='word_1_263' title='bbox 1502 1989 1531 2040; x_wconf 85' lang='grc' dir='ltr'>ὁ</span> <span class='ocrx_word' id='word_1_264' title='bbox 1577 2005 1681 2055; x_wconf 85' lang='grc' dir='ltr'><strong>φυ-</strong></span> 
     </span>
    </p>
   </div>
   <div class='ocr_carea' id='block_1_38' title="bbox 97 2071 1683 2145">
    <p class='ocr_par' dir='ltr' id='par_1_38' title="bbox 97 2071 1683 2145">
     <span class='ocr_line' id='line_1_38' title="bbox 97 2071 1683 2145; baseline 0.006 -23"><span class='ocrx_word' id='word_1_265' title='bbox 97 2071 316 2126; x_wconf 79' lang='grc' dir='ltr'>λάσσων</span> <span class='ocrx_word' id='word_1_266' title='bbox 348 2074 439 2127; x_wconf 83' lang='grc' dir='ltr'><strong>τὸν</strong></span> <span class='ocrx_word' id='word_1_267' title='bbox 463 2073 707 2145; x_wconf 82' lang='grc' dir='ltr'>Ἰσραήλ.</span> <span class='ocrx_word' id='word_1_268' title='bbox 748 2093 766 2125; x_wconf 76' lang='grc' dir='ltr'><strong>ι</strong></span> <span class='ocrx_word' id='word_1_269' title='bbox 803 2076 905 2145; x_wconf 67' lang='lat' dir='ltr'><strong>Em</strong></span> <span class='ocrx_word' id='word_1_270' title='bbox 948 2076 994 2128; x_wconf 71' lang='grc' dir='ltr'><strong>δ’</strong></span> <span class='ocrx_word' id='word_1_271' title='bbox 1030 2076 1099 2130; x_wconf 81' lang='grc' dir='ltr'><strong>ἂν</strong></span> <span class='ocrx_word' id='word_1_272' title='bbox 1132 2077 1308 2131; x_wconf 84' lang='grc' dir='ltr'>ταῦτα</span> <span class='ocrx_word' id='word_1_273' title='bbox 1352 2078 1460 2131; x_wconf 83' lang='grc' dir='ltr'>ἀπὸ</span> <span class='ocrx_word' id='word_1_274' title='bbox 1490 2078 1683 2132; x_wconf 85' lang='grc' dir='ltr'>παθῶν</span> 
     </span>
    </p>
   </div>
   <div class='ocr_carea' id='block_1_39' title="bbox 102 2166 463 2235">
    <p class='ocr_par' dir='ltr' id='par_1_39' title="bbox 102 2166 463 2235">
     <span class='ocr_line' id='line_1_39' title="bbox 102 2166 463 2235; baseline 0.011 -18"><span class='ocrx_word' id='word_1_275' title='bbox 102 2166 463 2235; x_wconf 74' lang='grc' dir='ltr'>σωματικῶν.</span> 
     </span>
    </p>
   </div>
   <div class='ocr_carea' id='block_1_40' title="bbox 174 2259 1685 2331">
    <p class='ocr_par' dir='ltr' id='par_1_40' title="bbox 174 2259 1685 2331">
     <span class='ocr_line' id='line_1_40' title="bbox 174 2259 1685 2331; baseline 0.003 -20"><span class='ocrx_word' id='word_1_276' title='bbox 174 2260 263 2323; x_wconf 76' lang='grc' dir='ltr'>ιζ’.</span> <span class='ocrx_word' id='word_1_277' title='bbox 299 2260 416 2330; x_wconf 79' lang='grc' dir='ltr'><strong>Τὴν</strong></span> <span class='ocrx_word' id='word_1_278' title='bbox 438 2259 785 2331; x_wconf 81' lang='grc' dir='ltr'>καταθύμιον</span> <span class='ocrx_word' id='word_1_279' title='bbox 814 2259 890 2331; x_wconf 81' lang='grc' dir='ltr'>τῷ</span> <span class='ocrx_word' id='word_1_280' title='bbox 916 2259 1036 2330; x_wconf 86' lang='grc' dir='ltr'><strong>Θεῷ</strong></span> <span class='ocrx_word' id='word_1_281' title='bbox 1062 2260 1341 2313; x_wconf 79' lang='grc' dir='ltr'>πολιτείαν</span> <span class='ocrx_word' id='word_1_282' title='bbox 1362 2259 1521 2331; x_wconf 81' lang='grc' dir='ltr'>ἡμῶν</span> <span class='ocrx_word' id='word_1_283' title='bbox 1542 2261 1685 2330; x_wconf 77' lang='grc' dir='ltr'><strong>ἀγά-</strong></span> 
     </span>
    </p>
   </div>
   <div class='ocr_carea' id='block_1_41' title="bbox 102 2350 1296 2422">
    <p class='ocr_par' dir='ltr' id='par_1_41' title="bbox 102 2350 1296 2422">
     <span class='ocr_line' id='line_1_41' title="bbox 102 2350 1296 2422; baseline 0 -17"><span class='ocrx_word' id='word_1_284' title='bbox 102 2369 231 2420; x_wconf 76' lang='grc' dir='ltr'>πην</span> <span class='ocrx_word' id='word_1_285' title='bbox 264 2352 436 2406; x_wconf 82' lang='grc' dir='ltr'>αὑτοῦ</span> <span class='ocrx_word' id='word_1_286' title='bbox 472 2353 619 2421; x_wconf 81' lang='grc' dir='ltr'>μάλα</span> <span class='ocrx_word' id='word_1_287' title='bbox 646 2370 710 2419; x_wconf 87' lang='grc' dir='ltr'><strong>γε</strong></span> <span class='ocrx_word' id='word_1_288' title='bbox 742 2353 972 2415; x_wconf 77' lang='grc' dir='ltr'><strong>εἰκότως</strong></span> <span class='ocrx_word' id='word_1_289' title='bbox 1011 2350 1296 2422; x_wconf 76' lang='grc' dir='ltr'>ὀνομάζει.</span> 
     </span>
    </p>
   </div>
   <div class='ocr_carea' id='block_1_42' title="bbox 177 2441 1685 2515">
    <p class='ocr_par' dir='ltr' id='par_1_42' title="bbox 177 2441 1685 2515">
     <span class='ocr_line' id='line_1_42' title="bbox 177 2441 1685 2515; baseline -0.001 -17"><span class='ocrx_word' id='word_1_290' title='bbox 177 2444 272 2515; x_wconf 83' lang='grc' dir='ltr'>ιη’.</span> <span class='ocrx_word' id='word_1_291' title='bbox 315 2447 489 2508; x_wconf 68' lang='lat' dir='ltr'><strong>Mica;</strong></span> <span class='ocrx_word' id='word_1_292' title='bbox 522 2445 598 2510; x_wconf 83' lang='grc' dir='ltr'>δὲ,</span> <span class='ocrx_word' id='word_1_293' title='bbox 638 2445 701 2498; x_wconf 88' lang='grc' dir='ltr'>τὸ</span> <span class='ocrx_word' id='word_1_294' title='bbox 730 2444 830 2515; x_wconf 84' lang='grc' dir='ltr'><strong>τὴν</strong></span> <span class='ocrx_word' id='word_1_295' title='bbox 869 2442 1121 2497; x_wconf 80' lang='grc' dir='ltr'>ἐναντίαν</span> <span class='ocrx_word' id='word_1_296' title='bbox 1141 2444 1240 2514; x_wconf 81' lang='grc' dir='ltr'>τῆς</span> <span class='ocrx_word' id='word_1_297' title='bbox 1261 2442 1424 2498; x_wconf 84' lang='grc' dir='ltr'>αὐτοῦ</span> <span class='ocrx_word' id='word_1_298' title='bbox 1450 2441 1685 2514; x_wconf 78' lang='grc' dir='ltr'>βαδίζειν</span> 
     </span>
    </p>
   </div>
   <div class='ocr_carea' id='block_1_43' title="bbox 107 2537 445 2607">
    <p class='ocr_par' dir='ltr' id='par_1_43' title="bbox 107 2537 445 2607">
     <span class='ocr_line' id='line_1_43' title="bbox 107 2537 445 2607; baseline -0.003 -18"><span class='ocrx_word' id='word_1_299' title='bbox 107 2537 445 2607; x_wconf 80' lang='grc' dir='ltr'>βουλήσεως.</span> 
     </span>
    </p>
   </div>
   <div class='ocr_carea' id='block_1_44' title="bbox 178 2624 1685 2696">
    <p class='ocr_par' dir='ltr' id='par_1_44' title="bbox 178 2624 1685 2696">
     <span class='ocr_line' id='line_1_44' title="bbox 178 2624 1685 2696; baseline -0.003 -16"><span class='ocrx_word' id='word_1_300' title='bbox 178 2628 268 2682; x_wconf 71' lang='grc' dir='ltr'>ιβ’.</span> <span class='ocrx_word' id='word_1_301' title='bbox 304 2628 415 2682; x_wconf 77' lang='grc' dir='ltr'><strong>Καὶ</strong></span> <span class='ocrx_word' id='word_1_302' title='bbox 446 2626 652 2695; x_wconf 69' lang='grc' dir='ltr'><strong>ζῆλον,</strong></span> <span class='ocrx_word' id='word_1_303' title='bbox 683 2625 747 2679; x_wconf 77' lang='grc' dir='ltr'>τὸ</span> <span class='ocrx_word' id='word_1_304' title='bbox 763 2626 892 2689; x_wconf 82' lang='grc' dir='ltr'>τοὺς</span> <span class='ocrx_word' id='word_1_305' title='bbox 917 2624 1155 2689; x_wconf 86' lang='grc' dir='ltr'>οἰκείους</span> <span class='ocrx_word' id='word_1_306' title='bbox 1171 2627 1436 2696; x_wconf 78' lang='grc' dir='ltr'>τιμωρεῖν</span> <span class='ocrx_word' id='word_1_307' title='bbox 1455 2640 1468 2655; x_wconf 88' lang='grc'><strong>·</strong></span> <span class='ocrx_word' id='word_1_308' title='bbox 1500 2624 1577 2687; x_wconf 83' lang='grc' dir='ltr'>ὡς</span> <span class='ocrx_word' id='word_1_309' title='bbox 1603 2624 1685 2690; x_wconf 82' lang='grc' dir='ltr'><strong>τὸ,</strong></span> 
     </span>
    </p>
   </div>
   <div class='ocr_carea' id='block_1_45' title="bbox 112 2714 1689 2789">
    <p class='ocr_par' dir='ltr' id='par_1_45' title="bbox 112 2714 1689 2789">
     <span class='ocr_line' id='line_1_45' title="bbox 112 2714 1689 2789; baseline -0.002 -19"><span class='ocrx_word' id='word_1_310' title='bbox 112 2738 131 2770; x_wconf 77' lang='grc' dir='ltr'><strong>ι</strong></span> <span class='ocrx_word' id='word_1_311' title='bbox 159 2719 442 2789; x_wconf 72' lang='grc' dir='ltr'>Ἐξήλωσε</span> <span class='ocrx_word' id='word_1_312' title='bbox 472 2718 678 2789; x_wconf 80' lang='grc' dir='ltr'>Κύριος</span> <span class='ocrx_word' id='word_1_313' title='bbox 706 2718 804 2789; x_wconf 84' lang='grc' dir='ltr'><strong>τὴν</strong></span> <span class='ocrx_word' id='word_1_314' title='bbox 824 2718 930 2787; x_wconf 72' lang='grc' dir='ltr'><strong>γῆν</strong></span> <span class='ocrx_word' id='word_1_315' title='bbox 959 2716 1151 2771; x_wconf 81' lang='grc' dir='ltr'>αὑτοῦ.</span> <span class='ocrx_word' id='word_1_316' title='bbox 1187 2737 1206 2770; x_wconf 79' lang='lat' dir='ltr'><strong>s</strong></span> <span class='ocrx_word' id='word_1_317' title='bbox 1230 2716 1330 2788; x_wconf 78' lang='grc' dir='ltr'><strong>Εῑη</strong></span> <span class='ocrx_word' id='word_1_318' title='bbox 1359 2716 1406 2771; x_wconf 87' lang='grc' dir='ltr'><strong>δ’</strong></span> <span class='ocrx_word' id='word_1_319' title='bbox 1430 2717 1495 2770; x_wconf 76' lang='grc' dir='ltr'><strong>ἂν</strong></span> <span class='ocrx_word' id='word_1_320' title='bbox 1517 2714 1689 2769; x_wconf 86' lang='grc' dir='ltr'>ταῦτα</span> 
     </span>
    </p>
   </div>
   <div class='ocr_carea' id='block_1_46' title="bbox 109 2810 575 2866">
    <p class='ocr_par' dir='ltr' id='par_1_46' title="bbox 109 2810 575 2866">
     <span class='ocr_line' id='line_1_46' title="bbox 109 2810 575 2866; baseline -0.002 -1"><span class='ocrx_word' id='word_1_321' title='bbox 109 2812 222 2866; x_wconf 79' lang='grc' dir='ltr'>ἀπὸ</span> <span class='ocrx_word' id='word_1_322' title='bbox 254 2810 575 2864; x_wconf 83' lang='grc' dir='ltr'>διαθέσεων.</span> 
     </span>
    </p>
   </div>
   <div class='ocr_carea' id='block_1_47' title="bbox 179 2901 1691 2975">
    <p class='ocr_par' dir='ltr' id='par_1_47' title="bbox 179 2901 1691 2975">
     <span class='ocr_line' id='line_1_47' title="bbox 179 2901 1691 2975; baseline -0.003 -17"><span class='ocrx_word' id='word_1_323' title='bbox 179 2911 251 2959; x_wconf 86' lang='grc' dir='ltr'>κ’.</span> <span class='ocrx_word' id='word_1_324' title='bbox 299 2906 411 2975; x_wconf 84' lang='grc' dir='ltr'>Τὴν</span> <span class='ocrx_word' id='word_1_325' title='bbox 443 2904 542 2973; x_wconf 84' lang='grc' dir='ltr'><strong>τῆς</strong></span> <span class='ocrx_word' id='word_1_326' title='bbox 577 2901 938 2973; x_wconf 78' lang='grc' dir='ltr'>Ἰερουσαλὴμ</span> <span class='ocrx_word' id='word_1_327' title='bbox 975 2902 1069 2956; x_wconf 74' lang='grc' dir='ltr'>καὶ</span> <span class='ocrx_word' id='word_1_328' title='bbox 1102 2902 1204 2973; x_wconf 82' lang='grc' dir='ltr'>τὴν</span> <span class='ocrx_word' id='word_1_329' title='bbox 1246 2903 1343 2971; x_wconf 80' lang='grc' dir='ltr'>τῆς</span> <span class='ocrx_word' id='word_1_330' title='bbox 1373 2901 1691 2974; x_wconf 79' lang='grc' dir='ltr'>Σαμαρείας</span> 
     </span>
    </p>
   </div>
   <div class='ocr_carea' id='block_1_48' title="bbox 111 2994 1686 3066">
    <p class='ocr_par' dir='ltr' id='par_1_48' title="bbox 111 2994 1686 3066">
     <span class='ocr_line' id='line_1_48' title="bbox 111 2994 1686 3066; baseline -0.001 -17"><span class='ocrx_word' id='word_1_331' title='bbox 111 2998 250 3066; x_wconf 65' lang='grc' dir='ltr'>πρὸς</span> <span class='ocrx_word' id='word_1_332' title='bbox 267 2996 360 3050; x_wconf 77' lang='grc' dir='ltr'><strong>τὸν</strong></span> <span class='ocrx_word' id='word_1_333' title='bbox 378 2995 828 3065; x_wconf 70' lang='grc' dir='ltr'>Θεὸνξοίκείωσιν,</span> <span class='ocrx_word' id='word_1_334' title='bbox 853 2996 1192 3062; x_wconf 79' lang='grc' dir='ltr'>μνηστείαν</span> <span class='ocrx_word' id='word_1_335' title='bbox 1212 2994 1320 3048; x_wconf 86' lang='grc' dir='ltr'><strong>τοῦ</strong></span> <span class='ocrx_word' id='word_1_336' title='bbox 1340 2994 1489 3048; x_wconf 80' lang='grc' dir='ltr'>Θεοῦ</span> <span class='ocrx_word' id='word_1_337' title='bbox 1508 2995 1686 3061; x_wconf 81' lang='grc' dir='ltr'>καλεῖ,</span> 
     </span>
    </p>
   </div>
   <div class='ocr_carea' id='block_1_49' title="bbox 1783 1891 3361 1960">
    <p class='ocr_par' dir='ltr' id='par_1_49' title="bbox 1783 1891 3361 1960">
     <span class='ocr_line' id='line_1_49' title="bbox 1783 1891 3361 1960; baseline 0.006 -18"><span class='ocrx_word' id='word_1_338' title='bbox 1783 1905 1967 1958; x_wconf 77' lang='lat' dir='ltr'><strong>surge,</strong></span> <span class='ocrx_word' id='word_1_339' title='bbox 2003 1906 2174 1960; x_wconf 88' lang='lat' dir='ltr'><strong>quare</strong></span> <span class='ocrx_word' id='word_1_340' title='bbox 2207 1891 2510 1953; x_wconf 87' lang='lat' dir='ltr'><strong>obdormis,</strong></span> <span class='ocrx_word' id='word_1_341' title='bbox 2567 1891 2828 1947; x_wconf 84' lang='lat' dir='ltr'><strong>Domine?</strong></span> <span class='ocrx_word' id='word_1_342' title='bbox 2856 1912 2874 1945; x_wconf 77' lang='grc' dir='ltr'><strong>ι</strong></span> <span class='ocrx_word' id='word_1_343' title='bbox 2922 1904 2995 1957; x_wconf 91' lang='lat' dir='ltr'><strong>et,</strong></span> <span class='ocrx_word' id='word_1_344' title='bbox 3035 1914 3052 1945; x_wconf 80' lang='grc' dir='ltr'><strong>ι</strong></span> <span class='ocrx_word' id='word_1_345' title='bbox 3080 1894 3197 1949; x_wconf 86' lang='lat' dir='ltr'><strong>Non</strong></span> <span class='ocrx_word' id='word_1_346' title='bbox 3231 1897 3361 1950; x_wconf 89' lang='lat' dir='ltr'><strong>dor-</strong></span> 
     </span>
    </p>
   </div>
   <div class='ocr_carea' id='block_1_50' title="bbox 1782 1981 3361 2053">
    <p class='ocr_par' dir='ltr' id='par_1_50' title="bbox 1782 1981 3361 2053">
     <span class='ocr_line' id='line_1_50' title="bbox 1782 1981 3361 2053; baseline 0.005 -20"><span class='ocrx_word' id='word_1_347' title='bbox 1782 1981 1998 2035; x_wconf 89' lang='lat' dir='ltr'><strong>mitabit</strong></span> <span class='ocrx_word' id='word_1_348' title='bbox 2047 1996 2221 2051; x_wconf 85' lang='lat' dir='ltr'><strong>neque</strong></span> <span class='ocrx_word' id='word_1_349' title='bbox 2271 1983 2510 2039; x_wconf 88' lang='lat' dir='ltr'><strong>dormiet</strong></span> <span class='ocrx_word' id='word_1_350' title='bbox 2539 1985 2633 2053; x_wconf 90' lang='lat' dir='ltr'><strong>qui</strong></span> <span class='ocrx_word' id='word_1_351' title='bbox 2680 1985 2920 2039; x_wconf 88' lang='lat' dir='ltr'><strong>custodit</strong></span> <span class='ocrx_word' id='word_1_352' title='bbox 2948 1984 3136 2041; x_wconf 81' lang='lat' dir='ltr'><strong>Israel.</strong></span> <span class='ocrx_word' id='word_1_353' title='bbox 3168 2006 3187 2039; x_wconf 75' lang='grc' dir='ltr'><strong>ι</strong></span> <span class='ocrx_word' id='word_1_354' title='bbox 3239 1985 3361 2041; x_wconf 89' lang='lat' dir='ltr'><strong>Sint</strong></span> 
     </span>
    </p>
   </div>
   <div class='ocr_carea' id='block_1_51' title="bbox 1785 2073 3356 2147">
    <p class='ocr_par' dir='ltr' id='par_1_51' title="bbox 1785 2073 3356 2147">
     <span class='ocr_line' id='line_1_51' title="bbox 1785 2073 3356 2147; baseline 0.005 -21"><span class='ocrx_word' id='word_1_355' title='bbox 1785 2073 1900 2126; x_wconf 72' lang='lat' dir='ltr'><strong>haec</strong></span> <span class='ocrx_word' id='word_1_356' title='bbox 1951 2074 2018 2128; x_wconf 88' lang='lat' dir='ltr'><strong>de</strong></span> <span class='ocrx_word' id='word_1_357' title='bbox 2074 2075 2425 2143; x_wconf 88' lang='lat' dir='ltr'><strong>passionibus</strong></span> <span class='ocrx_word' id='word_1_358' title='bbox 2476 2078 2879 2147; x_wconf 87' lang='lat' dir='ltr'><strong>corporalibus.</strong></span> <span class='ocrx_word' id='word_1_359' title='bbox 2938 2077 3128 2147; x_wconf 81' lang='lat' dir='ltr'><strong>(Psal.</strong></span> <span class='ocrx_word' id='word_1_360' title='bbox 3187 2095 3356 2147; x_wconf 84' lang='lat' dir='ltr'><strong>mu,</strong></span> 
     </span>
    </p>
   </div>
   <div class='ocr_carea' id='block_1_52' title="bbox 1782 2164 2431 2229">
    <p class='ocr_par' dir='ltr' id='par_1_52' title="bbox 1782 2164 2431 2229">
     <span class='ocr_line' id='line_1_52' title="bbox 1782 2164 2431 2229; baseline 0.005 -12"><span class='ocrx_word' id='word_1_361' title='bbox 1782 2164 1885 2229; x_wconf 71' lang='lat'><strong>2&#39;5;</strong></span> <span class='ocrx_word' id='word_1_362' title='bbox 1923 2179 2050 2224; x_wconf 81' lang='lat' dir='ltr'><strong>cxx.</strong></span> <span class='ocrx_word' id='word_1_363' title='bbox 2082 2165 2177 2226; x_wconf 74' lang='grc'><strong>4.)</strong></span> <span class='ocrx_word' id='word_1_364' title='bbox 2408 2164 2431 2179; x_wconf 84' lang='grc'><strong>’</strong></span> 
     </span>
    </p>
   </div>
   <div class='ocr_carea' id='block_1_53' title="bbox 1857 2254 3356 2326">
    <p class='ocr_par' dir='ltr' id='par_1_53' title="bbox 1857 2254 3356 2326">
     <span class='ocr_line' id='line_1_53' title="bbox 1857 2254 3356 2326; baseline 0.007 -20"><span class='ocrx_word' id='word_1_365' title='bbox 1857 2255 1943 2307; x_wconf 76' lang='lat' dir='ltr'><strong>l7.</strong></span> <span class='ocrx_word' id='word_1_366' title='bbox 1985 2254 2208 2309; x_wconf 85' lang='lat' dir='ltr'><strong>Gratam</strong></span> <span class='ocrx_word' id='word_1_367' title='bbox 2242 2254 2355 2310; x_wconf 91' lang='lat' dir='ltr'><strong>Deo</strong></span> <span class='ocrx_word' id='word_1_368' title='bbox 2381 2257 2574 2326; x_wconf 81' lang='lat' dir='ltr'><strong>agendi</strong></span> <span class='ocrx_word' id='word_1_369' title='bbox 2604 2259 2871 2313; x_wconf 86' lang='lat' dir='ltr'><strong>rationem</strong></span> <span class='ocrx_word' id='word_1_370' title='bbox 2897 2259 3097 2324; x_wconf 91' lang='lat' dir='ltr'><strong>nostri,</strong></span> <span class='ocrx_word' id='word_1_371' title='bbox 3124 2276 3356 2316; x_wconf 85' lang='lat' dir='ltr'><strong>amorem</strong></span> 
     </span>
    </p>
   </div>
   <div class='ocr_carea' id='block_1_54' title="bbox 1783 2346 2730 2415">
    <p class='ocr_par' dir='ltr' id='par_1_54' title="bbox 1783 2346 2730 2415">
     <span class='ocr_line' id='line_1_54' title="bbox 1783 2346 2730 2415; baseline 0.003 -15"><span class='ocrx_word' id='word_1_372' title='bbox 1783 2346 1906 2415; x_wconf 80' lang='lat' dir='ltr'><strong>ejus</strong></span> <span class='ocrx_word' id='word_1_373' title='bbox 1930 2346 2094 2400; x_wconf 85' lang='lat' dir='ltr'><strong>valde</strong></span> <span class='ocrx_word' id='word_1_374' title='bbox 2129 2347 2520 2401; x_wconf 85' lang='lat' dir='ltr'><strong>convenienter</strong></span> <span class='ocrx_word' id='word_1_375' title='bbox 2549 2358 2730 2403; x_wconf 92' lang='lat' dir='ltr'><strong>vocat.</strong></span> 
     </span>
    </p>
   </div>
   <div class='ocr_carea' id='block_1_55' title="bbox 1859 2436 3363 2512">
    <p class='ocr_par' dir='ltr' id='par_1_55' title="bbox 1859 2436 3363 2512">
     <span class='ocr_line' id='line_1_55' title="bbox 1859 2436 3363 2512; baseline 0.006 -21"><span class='ocrx_word' id='word_1_376' title='bbox 1859 2440 1947 2494; x_wconf 84' lang='lat' dir='ltr'><strong>l8.</strong></span> <span class='ocrx_word' id='word_1_377' title='bbox 1990 2436 2189 2493; x_wconf 89' lang='lat' dir='ltr'><strong>Odium</strong></span> <span class='ocrx_word' id='word_1_378' title='bbox 2236 2439 2376 2509; x_wconf 90' lang='lat' dir='ltr'><strong>ejus,</strong></span> <span class='ocrx_word' id='word_1_379' title='bbox 2408 2444 2743 2495; x_wconf 87' lang='lat' dir='ltr'><strong>contrarium</strong></span> <span class='ocrx_word' id='word_1_380' title='bbox 2787 2441 2908 2512; x_wconf 83' lang='lat' dir='ltr'><strong>ejus</strong></span> <span class='ocrx_word' id='word_1_381' title='bbox 2943 2444 3244 2500; x_wconf 86' lang='lat' dir='ltr'><strong>voluntatis</strong></span> <span class='ocrx_word' id='word_1_382' title='bbox 3278 2446 3363 2500; x_wconf 84' lang='lat' dir='ltr'><strong>in—</strong></span> 
     </span>
    </p>
   </div>
   <div class='ocr_carea' id='block_1_56' title="bbox 1786 2528 2457 2583">
    <p class='ocr_par' dir='ltr' id='par_1_56' title="bbox 1786 2528 2457 2583">
     <span class='ocr_line' id='line_1_56' title="bbox 1786 2528 2457 2583; baseline 0 0"><span class='ocrx_word' id='word_1_383' title='bbox 1786 2528 1998 2583; x_wconf 88' lang='lat' dir='ltr'><strong>cedere.</strong></span> <span class='ocrx_word' id='word_1_384' title='bbox 2446 2540 2457 2547; x_wconf 85' lang='lat'>&#39;</span> 
     </span>
    </p>
   </div>
   <div class='ocr_carea' id='block_1_57' title="bbox 1860 2620 3365 2693">
    <p class='ocr_par' dir='ltr' id='par_1_57' title="bbox 1860 2620 3365 2693">
     <span class='ocr_line' id='line_1_57' title="bbox 1860 2620 3365 2693; baseline 0.006 -20"><span class='ocrx_word' id='word_1_385' title='bbox 1860 2620 1946 2675; x_wconf 82' lang='lat' dir='ltr'><strong>l9.</strong></span> <span class='ocrx_word' id='word_1_386' title='bbox 1993 2621 2057 2674; x_wconf 87' lang='lat' dir='ltr'><strong>Et</strong></span> <span class='ocrx_word' id='word_1_387' title='bbox 2107 2621 2299 2683; x_wconf 64' lang='lat' dir='ltr'><strong>aetum,</strong></span> <span class='ocrx_word' id='word_1_388' title='bbox 2356 2637 2545 2677; x_wconf 88' lang='lat' dir='ltr'><strong>servos</strong></span> <span class='ocrx_word' id='word_1_389' title='bbox 2591 2624 2806 2693; x_wconf 84' lang='lat' dir='ltr'><strong>punire,</strong></span> <span class='ocrx_word' id='word_1_390' title='bbox 2861 2625 3040 2691; x_wconf 89' lang='lat' dir='ltr'><strong>sicut,</strong></span> <span class='ocrx_word' id='word_1_391' title='bbox 3093 2644 3112 2678; x_wconf 85' lang='grc' dir='ltr'><strong>ι</strong></span> <span class='ocrx_word' id='word_1_392' title='bbox 3143 2624 3365 2682; x_wconf 76' lang='lat' dir='ltr'><strong>Zelatus</strong></span> 
     </span>
    </p>
   </div>
   <div class='ocr_carea' id='block_1_58' title="bbox 1787 2712 3362 2784">
    <p class='ocr_par' dir='ltr' id='par_1_58' title="bbox 1787 2712 3362 2784">
     <span class='ocr_line' id='line_1_58' title="bbox 1787 2712 3362 2784; baseline 0.006 -19"><span class='ocrx_word' id='word_1_393' title='bbox 1787 2722 1871 2766; x_wconf 89' lang='lat' dir='ltr'><strong>est</strong></span> <span class='ocrx_word' id='word_1_394' title='bbox 1903 2712 2162 2767; x_wconf 84' lang='lat' dir='ltr'><strong>Dominus</strong></span> <span class='ocrx_word' id='word_1_395' title='bbox 2198 2721 2399 2768; x_wconf 88' lang='lat' dir='ltr'><strong>terram</strong></span> <span class='ocrx_word' id='word_1_396' title='bbox 2438 2714 2578 2784; x_wconf 80' lang='lat' dir='ltr'><strong>ejus.</strong></span> <span class='ocrx_word' id='word_1_397' title='bbox 2608 2734 2630 2768; x_wconf 73' lang='grc' dir='ltr'><strong>ι</strong></span> <span class='ocrx_word' id='word_1_398' title='bbox 2665 2714 2790 2771; x_wconf 82' lang='lat' dir='ltr'><strong>Sint</strong></span> <span class='ocrx_word' id='word_1_399' title='bbox 2821 2717 2935 2772; x_wconf 65' lang='lat' dir='ltr'><strong>haec</strong></span> <span class='ocrx_word' id='word_1_400' title='bbox 2961 2718 3028 2772; x_wconf 91' lang='lat' dir='ltr'><strong>de</strong></span> <span class='ocrx_word' id='word_1_401' title='bbox 3058 2718 3362 2776; x_wconf 79' lang='lat' dir='ltr'><strong>all&#39;ectibus.</strong></span> 
     </span>
    </p>
   </div>
   <div class='ocr_carea' id='block_1_59' title="bbox 1791 2803 2189 2874">
    <p class='ocr_par' dir='ltr' id='par_1_59' title="bbox 1791 2803 2189 2874">
     <span class='ocr_line' id='line_1_59' title="bbox 1791 2803 2189 2874; baseline -0.003 -17"><span class='ocrx_word' id='word_1_402' title='bbox 1791 2804 1931 2873; x_wconf 81' lang='lat' dir='ltr'><strong>(Joet</strong></span> <span class='ocrx_word' id='word_1_403' title='bbox 1981 2820 2045 2868; x_wconf 81' lang='grc' dir='ltr'><strong>ιι,</strong></span> <span class='ocrx_word' id='word_1_404' title='bbox 2072 2803 2189 2874; x_wconf 76' lang='grc'><strong>18.)</strong></span> 
     </span>
    </p>
   </div>
   <div class='ocr_carea' id='block_1_60' title="bbox 1859 2896 3363 2968">
    <p class='ocr_par' dir='ltr' id='par_1_60' title="bbox 1859 2896 3363 2968">
     <span class='ocr_line' id='line_1_60' title="bbox 1859 2896 3363 2968; baseline 0.002 -19"><span class='ocrx_word' id='word_1_405' title='bbox 1859 2896 1951 2951; x_wconf 72' lang='grc'><strong>20.</strong></span> <span class='ocrx_word' id='word_1_406' title='bbox 1992 2896 2300 2951; x_wconf 85' lang='lat' dir='ltr'><strong>Jerusalem</strong></span> <span class='ocrx_word' id='word_1_407' title='bbox 2324 2905 2378 2950; x_wconf 89' lang='lat' dir='ltr'><strong>et</strong></span> <span class='ocrx_word' id='word_1_408' title='bbox 2404 2896 2665 2952; x_wconf 74' lang='lat' dir='ltr'><strong>Samaria:</strong></span> <span class='ocrx_word' id='word_1_409' title='bbox 2692 2913 2819 2968; x_wconf 74' lang='lat' dir='ltr'><strong>erga</strong></span> <span class='ocrx_word' id='word_1_410' title='bbox 2846 2897 3012 2953; x_wconf 91' lang='lat' dir='ltr'><strong>Deum</strong></span> <span class='ocrx_word' id='word_1_411' title='bbox 3043 2898 3363 2965; x_wconf 78' lang='lat' dir='ltr'><strong>amicitiam,</strong></span> 
     </span>
    </p>
   </div>
   <div class='ocr_carea' id='block_1_61' title="bbox 1792 2985 3365 3060">
    <p class='ocr_par' dir='ltr' id='par_1_61' title="bbox 1792 2985 3365 3060">
     <span class='ocr_line' id='line_1_61' title="bbox 1792 2985 3365 3060; baseline 0.004 -21"><span class='ocrx_word' id='word_1_412' title='bbox 1792 2986 2070 3056; x_wconf 86' lang='lat' dir='ltr'><strong>sponsalia</strong></span> <span class='ocrx_word' id='word_1_413' title='bbox 2100 2985 2192 3041; x_wconf 87' lang='lat' dir='ltr'><strong>Dei</strong></span> <span class='ocrx_word' id='word_1_414' title='bbox 2228 2996 2403 3051; x_wconf 85' lang='lat' dir='ltr'><strong>vocat,</strong></span> <span class='ocrx_word' id='word_1_415' title='bbox 2436 2988 2487 3041; x_wconf 90' lang='lat' dir='ltr'><strong>in</strong></span> <span class='ocrx_word' id='word_1_416' title='bbox 2521 2986 2785 3043; x_wconf 82' lang='lat' dir='ltr'><strong>feminina</strong></span> <span class='ocrx_word' id='word_1_417' title='bbox 2815 2990 3365 3060; x_wconf 79' lang='lat' dir='ltr'><strong>enuntiationejuxta</strong></span> 
     </span>
    </p>
   </div>
   <div class='ocr_carea' id='block_1_62' title="bbox 109 3078 1690 3166">
    <p class='ocr_par' dir='ltr' id='par_1_62' title="bbox 109 3086 1690 3157">
     <span class='ocr_line' id='line_1_62' title="bbox 109 3086 1690 3157; baseline -0.004 -14"><span class='ocrx_word' id='word_1_418' title='bbox 109 3091 201 3143; x_wconf 73' lang='grc' dir='ltr'>διὰ</span> <span class='ocrx_word' id='word_1_419' title='bbox 232 3089 294 3142; x_wconf 84' lang='grc' dir='ltr'>τὺ</span> <span class='ocrx_word' id='word_1_420' title='bbox 332 3087 586 3157; x_wconf 83' lang='grc' dir='ltr'>θηλυκῶς</span> <span class='ocrx_word' id='word_1_421' title='bbox 630 3086 772 3139; x_wconf 74' lang='grc' dir='ltr'>κατὰ</span> <span class='ocrx_word' id='word_1_422' title='bbox 818 3087 1171 3156; x_wconf 83' lang='grc' dir='ltr'>μετωνυμίαν</span> <span class='ocrx_word' id='word_1_423' title='bbox 1198 3086 1309 3139; x_wconf 82' lang='grc' dir='ltr'>ἀπὸ</span> <span class='ocrx_word' id='word_1_424' title='bbox 1340 3087 1449 3138; x_wconf 90' lang='grc' dir='ltr'><strong>τῶν</strong></span> <span class='ocrx_word' id='word_1_425' title='bbox 1480 3086 1690 3139; x_wconf 83' lang='grc' dir='ltr'>πόλεων</span> 
     </span>
    </p>
   </div>
   <div class='ocr_carea' id='block_1_63' title="bbox 1814 3078 3365 3166">
    <p class='ocr_par' dir='ltr' id='par_1_63' title="bbox 1814 3078 3365 3147">
     <span class='ocr_line' id='line_1_63' title="bbox 1814 3078 3365 3147; baseline 0.004 -16"><span class='ocrx_word' id='word_1_426' title='bbox 1814 3078 2033 3133; x_wconf 71' lang='lat' dir='ltr'><strong>nominis</strong></span> <span class='ocrx_word' id='word_1_427' title='bbox 2075 3078 2383 3147; x_wconf 82' lang='lat' dir='ltr'><strong>analogiam</strong></span> <span class='ocrx_word' id='word_1_428' title='bbox 2427 3094 2552 3133; x_wconf 90' lang='lat' dir='ltr'><strong>cum</strong></span> <span class='ocrx_word' id='word_1_429' title='bbox 2601 3080 2822 3134; x_wconf 90' lang='lat' dir='ltr'><strong>urbium</strong></span> <span class='ocrx_word' id='word_1_430' title='bbox 2868 3080 3271 3143; x_wconf 86' lang='lat' dir='ltr'><strong>habitatoribus</strong></span> <span class='ocrx_word' id='word_1_431' title='bbox 3298 3099 3365 3137; x_wconf 82' lang='lat' dir='ltr'><strong>ex</strong></span> 
     </span>
    </p>
   </div>
   <div class='ocr_carea' id='block_1_64' title="bbox 108 3177 1694 3249">
    <p class='ocr_par' dir='ltr' id='par_1_64' title="bbox 108 3177 1694 3249">
     <span class='ocr_line' id='line_1_64' title="bbox 108 3177 1694 3249; baseline -0.003 -16"><span class='ocrx_word' id='word_1_432' title='bbox 108 3182 242 3244; x_wconf 75' lang='grc' dir='ltr'>τοὺς</span> <span class='ocrx_word' id='word_1_433' title='bbox 281 3180 578 3249; x_wconf 80' lang='grc' dir='ltr'>οἰκήτορας</span> <span class='ocrx_word' id='word_1_434' title='bbox 611 3177 934 3247; x_wconf 78' lang='grc' dir='ltr'>ὀνομάζειν,</span> <span class='ocrx_word' id='word_1_435' title='bbox 994 3180 1058 3230; x_wconf 83' lang='grc' dir='ltr'>ὲκ</span> <span class='ocrx_word' id='word_1_436' title='bbox 1093 3178 1409 3248; x_wconf 70' lang='grc' dir='ltr'>μεταφορᾶς</span> <span class='ocrx_word' id='word_1_437' title='bbox 1458 3177 1567 3229; x_wconf 89' lang='grc' dir='ltr'><strong>τῶν</strong></span> <span class='ocrx_word' id='word_1_438' title='bbox 1597 3194 1694 3245; x_wconf 81' lang='grc' dir='ltr'>γυ-</span> 
     </span>
    </p>
   </div>
   <div class='ocr_carea' id='block_1_65' title="bbox 112 3265 1693 3337">
    <p class='ocr_par' dir='ltr' id='par_1_65' title="bbox 112 3265 1693 3337">
     <span class='ocr_line' id='line_1_65' title="bbox 112 3265 1693 3337; baseline -0.002 -15"><span class='ocrx_word' id='word_1_439' title='bbox 112 3269 355 3323; x_wconf 85' lang='grc' dir='ltr'>ναικῶν·</span> <span class='ocrx_word' id='word_1_440' title='bbox 393 3267 468 3329; x_wconf 83' lang='grc' dir='ltr'><strong>ὡς</strong></span> <span class='ocrx_word' id='word_1_441' title='bbox 490 3266 573 3334; x_wconf 84' lang='grc' dir='ltr'><strong>τὸ,</strong></span> <span class='ocrx_word' id='word_1_442' title='bbox 613 3284 633 3318; x_wconf 82' lang='grc' dir='ltr'><strong>ι</strong></span> <span class='ocrx_word' id='word_1_443' title='bbox 665 3265 1097 3337; x_wconf 81' lang='grc' dir='ltr'>Μνηστεύσομαί</span> <span class='ocrx_word' id='word_1_444' title='bbox 1139 3283 1198 3319; x_wconf 87' lang='grc' dir='ltr'><strong>σε</strong></span> <span class='ocrx_word' id='word_1_445' title='bbox 1223 3265 1451 3337; x_wconf 74' lang='grc' dir='ltr'>ἐμαυτῷ</span> <span class='ocrx_word' id='word_1_446' title='bbox 1486 3268 1568 3329; x_wconf 85' lang='grc' dir='ltr'><strong>εἰς</strong></span> <span class='ocrx_word' id='word_1_447' title='bbox 1600 3267 1693 3319; x_wconf 81' lang='grc' dir='ltr'><strong>τὸν</strong></span> 
     </span>
    </p>
   </div>
   <div class='ocr_carea' id='block_1_66' title="bbox 117 3361 371 3415">
    <p class='ocr_par' dir='ltr' id='par_1_66' title="bbox 117 3361 371 3415">
     <span class='ocr_line' id='line_1_66' title="bbox 117 3361 371 3415; baseline -0.012 -1"><span class='ocrx_word' id='word_1_448' title='bbox 117 3361 318 3415; x_wconf 83' lang='grc' dir='ltr'>αἰῶνα.</span> <span class='ocrx_word' id='word_1_449' title='bbox 352 3378 371 3411; x_wconf 76' lang='lat' dir='ltr'><strong>s</strong></span> 
     </span>
    </p>
   </div>
   <div class='ocr_carea' id='block_1_67' title="bbox 187 3469 1695 3541">
    <p class='ocr_par' dir='ltr' id='par_1_67' title="bbox 187 3469 1695 3541">
     <span class='ocr_line' id='line_1_67' title="bbox 187 3469 1695 3541; baseline 0 -16"><span class='ocrx_word' id='word_1_450' title='bbox 187 3478 295 3526; x_wconf 83' lang='grc' dir='ltr'>κα⁹.</span> <span class='ocrx_word' id='word_1_451' title='bbox 323 3472 537 3541; x_wconf 81' lang='grc' dir='ltr'>Ὥσπερ</span> <span class='ocrx_word' id='word_1_452' title='bbox 584 3470 678 3523; x_wconf 76' lang='grc' dir='ltr'><strong>καὶ</strong></span> <span class='ocrx_word' id='word_1_453' title='bbox 720 3469 821 3541; x_wconf 80' lang='grc' dir='ltr'><strong>τὴν</strong></span> <span class='ocrx_word' id='word_1_454' title='bbox 874 3469 1012 3540; x_wconf 77' lang='grc' dir='ltr'>πρὸς</span> <span class='ocrx_word' id='word_1_455' title='bbox 1053 3470 1123 3523; x_wconf 80' lang='grc' dir='ltr'><strong>τὰ</strong></span> <span class='ocrx_word' id='word_1_456' title='bbox 1172 3469 1368 3524; x_wconf 81' lang='grc' dir='ltr'>εἴδωλα</span> <span class='ocrx_word' id='word_1_457' title='bbox 1419 3471 1695 3525; x_wconf 78' lang='grc' dir='ltr'>οἰκείωσιν</span> 
     </span>
    </p>
   </div>
   <div class='ocr_carea' id='block_1_68' title="bbox 112 3562 1696 3634">
    <p class='ocr_par' dir='ltr' id='par_1_68' title="bbox 112 3562 1696 3634">
     <span class='ocr_line' id='line_1_68' title="bbox 112 3562 1696 3634; baseline -0.001 -16"><span class='ocrx_word' id='word_1_458' title='bbox 112 3564 396 3634; x_wconf 79' lang='grc' dir='ltr'>μοιχείαν</span> <span class='ocrx_word' id='word_1_459' title='bbox 424 3564 719 3617; x_wconf 78' lang='grc' dir='ltr'>ἀποκαλεῖ·</span> <span class='ocrx_word' id='word_1_460' title='bbox 757 3562 824 3615; x_wconf 84' lang='grc' dir='ltr'><strong>δι’</strong></span> <span class='ocrx_word' id='word_1_461' title='bbox 866 3562 933 3634; x_wconf 73' lang='grc' dir='ltr'>ἣν</span> <span class='ocrx_word' id='word_1_462' title='bbox 976 3564 1072 3616; x_wconf 76' lang='grc' dir='ltr'><strong>καὶ</strong></span> <span class='ocrx_word' id='word_1_463' title='bbox 1117 3562 1322 3633; x_wconf 72' lang='grc' dir='ltr'>βιϐλίον</span> <span class='ocrx_word' id='word_1_464' title='bbox 1360 3564 1696 3618; x_wconf 85' lang='grc' dir='ltr'>ἀποστασίου</span> 
     </span>
    </p>
   </div>
   <div class='ocr_carea' id='block_1_69' title="bbox 118 3654 1267 3726">
    <p class='ocr_par' dir='ltr' id='par_1_69' title="bbox 118 3654 1267 3726">
     <span class='ocr_line' id='line_1_69' title="bbox 118 3654 1267 3726; baseline -0.001 -15"><span class='ocrx_word' id='word_1_465' title='bbox 118 3660 203 3721; x_wconf 86' lang='grc' dir='ltr'><strong>εἰς</strong></span> <span class='ocrx_word' id='word_1_466' title='bbox 231 3658 332 3719; x_wconf 79' lang='grc' dir='ltr'>τὰς</span> <span class='ocrx_word' id='word_1_467' title='bbox 360 3659 553 3726; x_wconf 76' lang='grc' dir='ltr'>χεῖρας</span> <span class='ocrx_word' id='word_1_468' title='bbox 579 3654 849 3724; x_wconf 76' lang='grc' dir='ltr'>λαμϐάνει</span> <span class='ocrx_word' id='word_1_469' title='bbox 883 3654 1267 3726; x_wconf 83' lang='grc' dir='ltr'>Ἰερουσαλήμ.</span> 
     </span>
    </p>
   </div>
   <div class='ocr_carea' id='block_1_70' title="bbox 192 3762 1699 3841">
    <p class='ocr_par' dir='ltr' id='par_1_70' title="bbox 192 3762 1699 3841">
     <span class='ocr_line' id='line_1_70' title="bbox 192 3762 1699 3841; baseline -0.001 -19"><span class='ocrx_word' id='word_1_470' title='bbox 192 3769 301 3841; x_wconf 80' lang='grc' dir='ltr'>κβ’.</span> <span class='ocrx_word' id='word_1_471' title='bbox 339 3769 509 3822; x_wconf 76' lang='grc' dir='ltr'>Οὐδὲν</span> <span class='ocrx_word' id='word_1_472' title='bbox 538 3762 703 3840; x_wconf 77' lang='grc' dir='ltr'>ἦττον</span> <span class='ocrx_word' id='word_1_473' title='bbox 734 3769 827 3821; x_wconf 71' lang='grc' dir='ltr'>καὶ</span> <span class='ocrx_word' id='word_1_474' title='bbox 863 3771 930 3838; x_wconf 86' lang='grc' dir='ltr'>τῇ</span> <span class='ocrx_word' id='word_1_475' title='bbox 960 3768 1053 3821; x_wconf 88' lang='grc' dir='ltr'><strong>τοῦ</strong></span> <span class='ocrx_word' id='word_1_476' title='bbox 1098 3768 1314 3839; x_wconf 65' lang='lat' dir='ltr'><strong>Ila-apo;</strong></span> <span class='ocrx_word' id='word_1_477' title='bbox 1350 3769 1699 3840; x_wconf 78' lang='grc' dir='ltr'>προσηγορίᾳ</span> 
     </span>
    </p>
   </div>
   <div class='ocr_carea' id='block_1_71' title="bbox 119 3857 1694 3931">
    <p class='ocr_par' dir='ltr' id='par_1_71' title="bbox 119 3857 1694 3931">
     <span class='ocr_line' id='line_1_71' title="bbox 119 3857 1694 3931; baseline -0.001 -18"><span class='ocrx_word' id='word_1_478' title='bbox 119 3862 183 3913; x_wconf 74' lang='grc' dir='ltr'>τὸ</span> <span class='ocrx_word' id='word_1_479' title='bbox 219 3861 356 3929; x_wconf 82' lang='grc' dir='ltr'>πρὸς</span> <span class='ocrx_word' id='word_1_480' title='bbox 390 3861 592 3923; x_wconf 72' lang='grc' dir='ltr'>αὐτοὺς</span> <span class='ocrx_word' id='word_1_481' title='bbox 629 3859 724 3913; x_wconf 84' lang='grc' dir='ltr'><strong>τοῦ</strong></span> <span class='ocrx_word' id='word_1_482' title='bbox 766 3859 901 3911; x_wconf 83' lang='grc' dir='ltr'>Θεοῦ</span> <span class='ocrx_word' id='word_1_483' title='bbox 958 3858 1120 3922; x_wconf 86' lang='grc' dir='ltr'>κῦδος</span> <span class='ocrx_word' id='word_1_484' title='bbox 1170 3857 1450 3929; x_wconf 73' lang='grc' dir='ltr'>ἐμφαίνει,</span> <span class='ocrx_word' id='word_1_485' title='bbox 1488 3860 1583 3912; x_wconf 73' lang='grc' dir='ltr'>καὶ</span> <span class='ocrx_word' id='word_1_486' title='bbox 1629 3862 1694 3931; x_wconf 79' lang='grc' dir='ltr'>τῇ</span> 
     </span>
    </p>
   </div>
   <div class='ocr_carea' id='block_1_72' title="bbox 117 3950 1699 4023">
    <p class='ocr_par' dir='ltr' id='par_1_72' title="bbox 117 3950 1699 4023">
     <span class='ocr_line' id='line_1_72' title="bbox 117 3950 1699 4023; baseline -0.001 -19"><span class='ocrx_word' id='word_1_487' title='bbox 117 3951 218 4005; x_wconf 89' lang='grc' dir='ltr'><strong>τοῦ</strong></span> <span class='ocrx_word' id='word_1_488' title='bbox 252 3952 628 4023; x_wconf 84' lang='grc' dir='ltr'>Πρωτοτόκου.</span> <span class='ocrx_word' id='word_1_489' title='bbox 664 3951 765 4021; x_wconf 76' lang='grc' dir='ltr'><strong>Εῖη</strong></span> <span class='ocrx_word' id='word_1_490' title='bbox 810 3951 855 4004; x_wconf 88' lang='grc' dir='ltr'><strong>δ’</strong></span> <span class='ocrx_word' id='word_1_491' title='bbox 910 3952 976 4005; x_wconf 81' lang='grc' dir='ltr'>ἂν</span> <span class='ocrx_word' id='word_1_492' title='bbox 1010 3950 1184 4005; x_wconf 86' lang='grc' dir='ltr'>ταῦτα</span> <span class='ocrx_word' id='word_1_493' title='bbox 1229 3951 1337 4004; x_wconf 85' lang='grc' dir='ltr'>ἀπὸ</span> <span class='ocrx_word' id='word_1_494' title='bbox 1389 3952 1584 4004; x_wconf 88' lang='grc' dir='ltr'>κοινῶν</span> <span class='ocrx_word' id='word_1_495' title='bbox 1612 3950 1699 4004; x_wconf 84' lang='grc' dir='ltr'><strong>δο-</strong></span> 
     </span>
    </p>
   </div>
   <div class='ocr_carea' id='block_1_73' title="bbox 123 4042 367 4109">
    <p class='ocr_par' dir='ltr' id='par_1_73' title="bbox 123 4042 367 4109">
     <span class='ocr_line' id='line_1_73' title="bbox 123 4042 367 4109; baseline 0 -12"><span class='ocrx_word' id='word_1_496' title='bbox 123 4042 253 4109; x_wconf 82' lang='grc' dir='ltr'>ξῶν.</span> <span class='ocrx_word' id='word_1_497' title='bbox 366 4094 367 4097; x_wconf 45' lang='grc' dir='ltr'><strong>η</strong></span> 
     </span>
    </p>
   </div>
   <div class='ocr_carea' id='block_1_74' title="bbox 194 4153 1697 4226">
    <p class='ocr_par' dir='ltr' id='par_1_74' title="bbox 194 4153 1697 4226">
     <span class='ocr_line' id='line_1_74' title="bbox 194 4153 1697 4226; baseline 0 -17"><span class='ocrx_word' id='word_1_498' title='bbox 194 4160 305 4223; x_wconf 81' lang='grc' dir='ltr'>κγ’.</span> <span class='ocrx_word' id='word_1_499' title='bbox 342 4155 415 4208; x_wconf 87' lang='grc' dir='ltr'>Τὸ</span> <span class='ocrx_word' id='word_1_500' title='bbox 439 4156 642 4225; x_wconf 80' lang='grc' dir='ltr'>κράτος</span> <span class='ocrx_word' id='word_1_501' title='bbox 663 4154 758 4208; x_wconf 76' lang='grc' dir='ltr'>καὶ</span> <span class='ocrx_word' id='word_1_502' title='bbox 784 4153 882 4224; x_wconf 77' lang='grc' dir='ltr'>τὴν</span> <span class='ocrx_word' id='word_1_503' title='bbox 905 4153 1065 4221; x_wconf 80' lang='grc' dir='ltr'>δίκην</span> <span class='ocrx_word' id='word_1_504' title='bbox 1086 4153 1181 4207; x_wconf 86' lang='grc' dir='ltr'><strong>τοῦ</strong></span> <span class='ocrx_word' id='word_1_505' title='bbox 1199 4154 1339 4208; x_wconf 87' lang='grc' dir='ltr'>Θεοῦ</span> <span class='ocrx_word' id='word_1_506' title='bbox 1362 4154 1605 4209; x_wconf 81' lang='grc' dir='ltr'>κάθισιν</span> <span class='ocrx_word' id='word_1_507' title='bbox 1622 4155 1697 4226; x_wconf 74' lang='grc' dir='ltr'><strong>(ι)</strong></span> 
     </span>
    </p>
   </div>
   <div class='ocr_carea' id='block_1_75' title="bbox 123 4243 1702 4318">
    <p class='ocr_par' dir='ltr' id='par_1_75' title="bbox 123 4243 1702 4318">
     <span class='ocr_line' id='line_1_75' title="bbox 123 4243 1702 4318; baseline 0.001 -20"><span class='ocrx_word' id='word_1_508' title='bbox 123 4244 291 4298; x_wconf 78' lang='grc' dir='ltr'>αὑτοῦ</span> <span class='ocrx_word' id='word_1_509' title='bbox 328 4246 421 4299; x_wconf 74' lang='grc' dir='ltr'>καὶ</span> <span class='ocrx_word' id='word_1_510' title='bbox 448 4245 665 4312; x_wconf 81' lang='grc' dir='ltr'>θρόνον</span> <span class='ocrx_word' id='word_1_511' title='bbox 695 4243 973 4313; x_wconf 81' lang='grc' dir='ltr'>ὀνομάζει,</span> <span class='ocrx_word' id='word_1_512' title='bbox 1004 4244 1113 4297; x_wconf 81' lang='grc' dir='ltr'><strong>ἀπὸ</strong></span> <span class='ocrx_word' id='word_1_513' title='bbox 1136 4246 1228 4298; x_wconf 87' lang='grc' dir='ltr'><strong>τοῦ</strong></span> <span class='ocrx_word' id='word_1_514' title='bbox 1257 4246 1386 4316; x_wconf 86' lang='grc' dir='ltr'>παρ’</span> <span class='ocrx_word' id='word_1_515' title='bbox 1413 4249 1548 4318; x_wconf 77' lang='grc' dir='ltr'>ἡμῖν</span> <span class='ocrx_word' id='word_1_516' title='bbox 1574 4249 1702 4310; x_wconf 80' lang='grc' dir='ltr'>τοὺς</span> 
     </span>
    </p>
   </div>
   <div class='ocr_carea' id='block_1_76' title="bbox 122 4335 1699 4407">
    <p class='ocr_par' dir='ltr' id='par_1_76' title="bbox 122 4335 1699 4407">
     <span class='ocr_line' id='line_1_76' title="bbox 122 4335 1699 4407; baseline 0.001 -17"><span class='ocrx_word' id='word_1_517' title='bbox 122 4338 226 4407; x_wconf 77' lang='grc' dir='ltr'>τὴν</span> <span class='ocrx_word' id='word_1_518' title='bbox 259 4336 353 4390; x_wconf 85' lang='grc' dir='ltr'><strong>τοῦ</strong></span> <span class='ocrx_word' id='word_1_519' title='bbox 389 4336 600 4407; x_wconf 87' lang='grc' dir='ltr'>κρίνειν</span> <span class='ocrx_word' id='word_1_520' title='bbox 634 4352 692 4389; x_wconf 90' lang='grc' dir='ltr'><strong>τε</strong></span> <span class='ocrx_word' id='word_1_521' title='bbox 737 4335 834 4389; x_wconf 79' lang='grc' dir='ltr'>καὶ</span> <span class='ocrx_word' id='word_1_522' title='bbox 877 4336 1127 4400; x_wconf 80' lang='grc' dir='ltr'>κολάζειν</span> <span class='ocrx_word' id='word_1_523' title='bbox 1180 4335 1403 4407; x_wconf 75' lang='grc' dir='ltr'>ἔχοντας</span> <span class='ocrx_word' id='word_1_524' title='bbox 1430 4338 1699 4405; x_wconf 73' lang='grc' dir='ltr'>ἐξουσίαν,</span> 
     </span>
    </p>
   </div>
   <div class='ocr_carea' id='block_1_77' title="bbox 1794 3170 3367 3242">
    <p class='ocr_par' dir='ltr' id='par_1_77' title="bbox 1794 3170 3367 3242">
     <span class='ocr_line' id='line_1_77' title="bbox 1794 3170 3367 3242; baseline 0.003 -19"><span class='ocrx_word' id='word_1_525' title='bbox 1794 3170 2087 3223; x_wconf 88' lang='lat' dir='ltr'><strong>mulierum</strong></span> <span class='ocrx_word' id='word_1_526' title='bbox 2144 3171 2489 3239; x_wconf 83' lang='lat' dir='ltr'><strong>metaphora,</strong></span> <span class='ocrx_word' id='word_1_527' title='bbox 2536 3170 2702 3233; x_wconf 87' lang='lat' dir='ltr'><strong>sicut,</strong></span> <span class='ocrx_word' id='word_1_528' title='bbox 2751 3189 2770 3223; x_wconf 82' lang='grc' dir='ltr'><strong>ι</strong></span> <span class='ocrx_word' id='word_1_529' title='bbox 2806 3170 3097 3242; x_wconf 86' lang='lat' dir='ltr'><strong>Sponsabo</strong></span> <span class='ocrx_word' id='word_1_530' title='bbox 3142 3182 3195 3229; x_wconf 82' lang='lat' dir='ltr'><strong>te</strong></span> <span class='ocrx_word' id='word_1_531' title='bbox 3230 3174 3367 3229; x_wconf 87' lang='lat' dir='ltr'><strong>mihi</strong></span> 
     </span>
    </p>
   </div>
   <div class='ocr_carea' id='block_1_78' title="bbox 1786 3260 2800 3335">
    <p class='ocr_par' dir='ltr' id='par_1_78' title="bbox 1786 3260 2800 3335">
     <span class='ocr_line' id='line_1_78' title="bbox 1786 3260 2800 3335; baseline 0.003 -21"><span class='ocrx_word' id='word_1_532' title='bbox 1786 3260 1849 3315; x_wconf 84' lang='lat' dir='ltr'><strong>in</strong></span> <span class='ocrx_word' id='word_1_533' title='bbox 1880 3261 2298 3332; x_wconf 81' lang='lat' dir='ltr'><strong>sempiternum.</strong></span> <span class='ocrx_word' id='word_1_534' title='bbox 2335 3282 2354 3313; x_wconf 73' lang='grc' dir='ltr'><strong>ι</strong></span> <span class='ocrx_word' id='word_1_535' title='bbox 2394 3262 2550 3333; x_wconf 77' lang='lat' dir='ltr'><strong>(Osee</strong></span> <span class='ocrx_word' id='word_1_536' title='bbox 2584 3279 2648 3329; x_wconf 88' lang='grc' dir='ltr'><strong>ιι,</strong></span> <span class='ocrx_word' id='word_1_537' title='bbox 2685 3261 2800 3335; x_wconf 83' lang='lat' dir='ltr'><strong>l9.)</strong></span> 
     </span>
    </p>
   </div>
   <div class='ocr_carea' id='block_1_79' title="bbox 1861 3459 3370 3530">
    <p class='ocr_par' dir='ltr' id='par_1_79' title="bbox 1861 3459 3370 3530">
     <span class='ocr_line' id='line_1_79' title="bbox 1861 3459 3370 3530; baseline 0.002 -15"><span class='ocrx_word' id='word_1_538' title='bbox 1861 3460 1952 3515; x_wconf 76' lang='grc'><strong>21.</strong></span> <span class='ocrx_word' id='word_1_539' title='bbox 2008 3459 2163 3515; x_wconf 88' lang='lat' dir='ltr'><strong>Sicut</strong></span> <span class='ocrx_word' id='word_1_540' title='bbox 2224 3467 2280 3513; x_wconf 86' lang='lat' dir='ltr'><strong>et</strong></span> <span class='ocrx_word' id='word_1_541' title='bbox 2325 3472 2451 3530; x_wconf 83' lang='lat' dir='ltr'><strong>erga</strong></span> <span class='ocrx_word' id='word_1_542' title='bbox 2489 3460 2634 3514; x_wconf 85' lang='lat' dir='ltr'><strong>idola</strong></span> <span class='ocrx_word' id='word_1_543' title='bbox 2694 3460 2988 3516; x_wconf 88' lang='lat' dir='ltr'><strong>servitium</strong></span> <span class='ocrx_word' id='word_1_544' title='bbox 3046 3459 3370 3518; x_wconf 78' lang='lat' dir='ltr'><strong>adulterium</strong></span> 
     </span>
    </p>
   </div>
   <div class='ocr_carea' id='block_1_80' title="bbox 1794 3552 3374 3623">
    <p class='ocr_par' dir='ltr' id='par_1_80' title="bbox 1794 3552 3374 3623">
     <span class='ocr_line' id='line_1_80' title="bbox 1794 3552 3374 3623; baseline 0.004 -18"><span class='ocrx_word' id='word_1_545' title='bbox 1794 3561 1955 3607; x_wconf 82' lang='lat' dir='ltr'><strong>vocat</strong></span> <span class='ocrx_word' id='word_1_546' title='bbox 1988 3567 2084 3623; x_wconf 88' lang='lat' dir='ltr'><strong>per</strong></span> <span class='ocrx_word' id='word_1_547' title='bbox 2116 3552 2262 3622; x_wconf 87' lang='lat' dir='ltr'><strong>quod</strong></span> <span class='ocrx_word' id='word_1_548' title='bbox 2302 3562 2356 3606; x_wconf 89' lang='lat' dir='ltr'><strong>et</strong></span> <span class='ocrx_word' id='word_1_549' title='bbox 2390 3552 2633 3607; x_wconf 84' lang='lat' dir='ltr'><strong>libellum</strong></span> <span class='ocrx_word' id='word_1_550' title='bbox 2669 3552 2882 3622; x_wconf 90' lang='lat' dir='ltr'><strong>repudli</strong></span> <span class='ocrx_word' id='word_1_551' title='bbox 2920 3554 2972 3607; x_wconf 89' lang='lat' dir='ltr'><strong>in</strong></span> <span class='ocrx_word' id='word_1_552' title='bbox 3004 3569 3201 3611; x_wconf 89' lang='lat' dir='ltr'><strong>manus</strong></span> <span class='ocrx_word' id='word_1_553' title='bbox 3230 3556 3374 3612; x_wconf 83' lang='lat' dir='ltr'><strong>acci-</strong></span> 
     </span>
    </p>
   </div>
   <div class='ocr_carea' id='block_1_81' title="bbox 1788 3643 2232 3715">
    <p class='ocr_par' dir='ltr' id='par_1_81' title="bbox 1788 3643 2232 3715">
     <span class='ocr_line' id='line_1_81' title="bbox 1788 3643 2232 3715; baseline 0.005 -18"><span class='ocrx_word' id='word_1_554' title='bbox 1788 3646 1873 3715; x_wconf 71' lang='lat' dir='ltr'><strong>pit</strong></span> <span class='ocrx_word' id='word_1_555' title='bbox 1901 3643 2232 3700; x_wconf 81' lang='lat' dir='ltr'><strong>Jerusalem.</strong></span> 
     </span>
    </p>
   </div>
   <div class='ocr_carea' id='block_1_82' title="bbox 1864 3756 3375 3817">
    <p class='ocr_par' dir='ltr' id='par_1_82' title="bbox 1864 3756 3375 3817">
     <span class='ocr_line' id='line_1_82' title="bbox 1864 3756 3375 3817; baseline 0.003 -5"><span class='ocrx_word' id='word_1_556' title='bbox 1864 3760 1958 3812; x_wconf 71' lang='lat'><strong>‘22.</strong></span> <span class='ocrx_word' id='word_1_557' title='bbox 1998 3756 2109 3812; x_wconf 86' lang='lat' dir='ltr'><strong>Nec</strong></span> <span class='ocrx_word' id='word_1_558' title='bbox 2153 3757 2334 3811; x_wconf 92' lang='lat' dir='ltr'><strong>minus</strong></span> <span class='ocrx_word' id='word_1_559' title='bbox 2378 3766 2431 3810; x_wconf 91' lang='lat' dir='ltr'><strong>et</strong></span> <span class='ocrx_word' id='word_1_560' title='bbox 2478 3756 2531 3810; x_wconf 91' lang='lat' dir='ltr'><strong>in</strong></span> <span class='ocrx_word' id='word_1_561' title='bbox 2579 3757 2924 3813; x_wconf 85' lang='lat' dir='ltr'><strong>invocatione</strong></span> <span class='ocrx_word' id='word_1_562' title='bbox 2970 3758 3151 3817; x_wconf 85' lang='lat' dir='ltr'><strong>Patris</strong></span> <span class='ocrx_word' id='word_1_563' title='bbox 3196 3763 3375 3817; x_wconf 88' lang='lat' dir='ltr'><strong>bono-</strong></span> 
     </span>
    </p>
   </div>
   <div class='ocr_carea' id='block_1_83' title="bbox 1799 3847 3374 3915">
    <p class='ocr_par' dir='ltr' id='par_1_83' title="bbox 1799 3847 3374 3915">
     <span class='ocr_line' id='line_1_83' title="bbox 1799 3847 3374 3915; baseline 0.004 -11"><span class='ocrx_word' id='word_1_564' title='bbox 1799 3865 1914 3904; x_wconf 86' lang='lat' dir='ltr'><strong>rem</strong></span> <span class='ocrx_word' id='word_1_565' title='bbox 1964 3847 2061 3904; x_wconf 91' lang='lat' dir='ltr'><strong>Dei</strong></span> <span class='ocrx_word' id='word_1_566' title='bbox 2111 3847 2175 3901; x_wconf 89' lang='lat' dir='ltr'><strong>ad</strong></span> <span class='ocrx_word' id='word_1_567' title='bbox 2226 3847 2373 3915; x_wconf 84' lang='lat' dir='ltr'><strong>ipsos</strong></span> <span class='ocrx_word' id='word_1_568' title='bbox 2423 3847 2778 3915; x_wconf 77' lang='lat' dir='ltr'><strong>manifestat,</strong></span> <span class='ocrx_word' id='word_1_569' title='bbox 2830 3858 2885 3904; x_wconf 88' lang='lat' dir='ltr'><strong>et</strong></span> <span class='ocrx_word' id='word_1_570' title='bbox 2922 3852 2975 3903; x_wconf 90' lang='lat' dir='ltr'><strong>in</strong></span> <span class='ocrx_word' id='word_1_571' title='bbox 3025 3851 3374 3910; x_wconf 86' lang='lat' dir='ltr'><strong>invocatione</strong></span> 
     </span>
    </p>
   </div>
   <div class='ocr_carea' id='block_1_84' title="bbox 1796 3939 3123 4013">
    <p class='ocr_par' dir='ltr' id='par_1_84' title="bbox 1796 3939 3123 4013">
     <span class='ocr_line' id='line_1_84' title="bbox 1796 3939 3123 4013; baseline 0.001 -17"><span class='ocrx_word' id='word_1_572' title='bbox 1796 3941 2183 4013; x_wconf 77' lang='lat' dir='ltr'><strong>Primogeniti;</strong></span> <span class='ocrx_word' id='word_1_573' title='bbox 2226 3940 2337 3994; x_wconf 88' lang='lat' dir='ltr'><strong>sint</strong></span> <span class='ocrx_word' id='word_1_574' title='bbox 2367 3939 2482 3994; x_wconf 72' lang='lat' dir='ltr'><strong>hzec</strong></span> <span class='ocrx_word' id='word_1_575' title='bbox 2513 3939 2584 3994; x_wconf 87' lang='lat' dir='ltr'><strong>de</strong></span> <span class='ocrx_word' id='word_1_576' title='bbox 2616 3941 2894 3995; x_wconf 90' lang='lat' dir='ltr'><strong>communi</strong></span> <span class='ocrx_word' id='word_1_577' title='bbox 2926 3940 3123 4012; x_wconf 77' lang='lat' dir='ltr'><strong>gloria.</strong></span> 
     </span>
    </p>
   </div>
   <div class='ocr_carea' id='block_1_85' title="bbox 1871 4160 3373 4239">
    <p class='ocr_par' dir='ltr' id='par_1_85' title="bbox 1871 4160 3373 4239">
     <span class='ocr_line' id='line_1_85' title="bbox 1871 4160 3373 4239; baseline 0.007 -23"><span class='ocrx_word' id='word_1_578' title='bbox 1871 4163 1961 4216; x_wconf 75' lang='lat'><strong>25.</strong></span> <span class='ocrx_word' id='word_1_579' title='bbox 2003 4160 2308 4215; x_wconf 84' lang='lat' dir='ltr'><strong>Potentiam</strong></span> <span class='ocrx_word' id='word_1_580' title='bbox 2353 4168 2408 4215; x_wconf 89' lang='lat' dir='ltr'><strong>et</strong></span> <span class='ocrx_word' id='word_1_581' title='bbox 2451 4160 2718 4229; x_wconf 90' lang='lat' dir='ltr'><strong>justitiam</strong></span> <span class='ocrx_word' id='word_1_582' title='bbox 2764 4160 2858 4218; x_wconf 89' lang='lat' dir='ltr'><strong>Dei</strong></span> <span class='ocrx_word' id='word_1_583' title='bbox 2908 4166 3191 4221; x_wconf 75' lang='lat' dir='ltr'><strong>sessionem</strong></span> <span class='ocrx_word' id='word_1_584' title='bbox 3250 4170 3373 4239; x_wconf 91' lang='lat' dir='ltr'><strong>ejus</strong></span> 
     </span>
    </p>
   </div>
   <div class='ocr_carea' id='block_1_86' title="bbox 1802 4254 3373 4333">
    <p class='ocr_par' dir='ltr' id='par_1_86' title="bbox 1802 4254 3373 4333">
     <span class='ocr_line' id='line_1_86' title="bbox 1802 4254 3373 4333; baseline 0.007 -25"><span class='ocrx_word' id='word_1_585' title='bbox 1802 4264 1857 4308; x_wconf 89' lang='lat' dir='ltr'><strong>et</strong></span> <span class='ocrx_word' id='word_1_586' title='bbox 1886 4254 2133 4308; x_wconf 77' lang='lat' dir='ltr'><strong>thronum.</strong></span> <span class='ocrx_word' id='word_1_587' title='bbox 2178 4264 2371 4315; x_wconf 84' lang='lat' dir='ltr'><strong>vocat.</strong></span> <span class='ocrx_word' id='word_1_588' title='bbox 2422 4268 2488 4307; x_wconf 81' lang='lat' dir='ltr'><strong>ex</strong></span> <span class='ocrx_word' id='word_1_589' title='bbox 2539 4268 2603 4308; x_wconf 89' lang='lat' dir='ltr'><strong>eo</strong></span> <span class='ocrx_word' id='word_1_590' title='bbox 2655 4255 2800 4323; x_wconf 91' lang='lat' dir='ltr'><strong>quod</strong></span> <span class='ocrx_word' id='word_1_591' title='bbox 2854 4258 2999 4326; x_wconf 88' lang='lat' dir='ltr'><strong>apud</strong></span> <span class='ocrx_word' id='word_1_592' title='bbox 3044 4276 3145 4316; x_wconf 88' lang='lat' dir='ltr'><strong>nos</strong></span> <span class='ocrx_word' id='word_1_593' title='bbox 3184 4262 3238 4316; x_wconf 89' lang='lat' dir='ltr'><strong>bi</strong></span> <span class='ocrx_word' id='word_1_594' title='bbox 3278 4267 3373 4333; x_wconf 89' lang='lat' dir='ltr'><strong>qui</strong></span> 
     </span>
    </p>
   </div>
   <div class='ocr_carea' id='block_1_87' title="bbox 1798 4343 3376 4418">
    <p class='ocr_par' dir='ltr' id='par_1_87' title="bbox 1798 4343 3376 4418">
     <span class='ocr_line' id='line_1_87' title="bbox 1798 4343 3376 4418; baseline 0.004 -17"><span class='ocrx_word' id='word_1_595' title='bbox 1798 4346 2080 4417; x_wconf 89' lang='lat' dir='ltr'><strong>judicandi</strong></span> <span class='ocrx_word' id='word_1_596' title='bbox 2119 4352 2175 4399; x_wconf 90' lang='lat' dir='ltr'><strong>et</strong></span> <span class='ocrx_word' id='word_1_597' title='bbox 2211 4344 2470 4413; x_wconf 88' lang='lat' dir='ltr'><strong>puniendi</strong></span> <span class='ocrx_word' id='word_1_598' title='bbox 2496 4343 2622 4412; x_wconf 89' lang='lat' dir='ltr'><strong>jure</strong></span> <span class='ocrx_word' id='word_1_599' title='bbox 2659 4343 2914 4400; x_wconf 76' lang='lat' dir='ltr'><strong>fruuntur</strong></span> <span class='ocrx_word' id='word_1_600' title='bbox 2954 4363 3121 4418; x_wconf 87' lang='lat' dir='ltr'><strong>super</strong></span> <span class='ocrx_word' id='word_1_601' title='bbox 3146 4352 3376 4407; x_wconf 84' lang='lat' dir='ltr'><strong>thronos</strong></span> 
     </span>
    </p>
   </div>
   <div class='ocr_carea' id='block_1_88' title="bbox 125 4428 1690 4515">
    <p class='ocr_par' dir='ltr' id='par_1_88' title="bbox 125 4428 1690 4501">
     <span class='ocr_line' id='line_1_88' title="bbox 125 4428 1690 4501; baseline 0.001 -19"><span class='ocrx_word' id='word_1_602' title='bbox 125 4432 224 4484; x_wconf 68' lang='grc' dir='ltr'>ἐπὶ</span> <span class='ocrx_word' id='word_1_603' title='bbox 253 4429 458 4501; x_wconf 81' lang='grc' dir='ltr'>θρόνων</span> <span class='ocrx_word' id='word_1_604' title='bbox 489 4428 838 4499; x_wconf 78' lang='grc' dir='ltr'>καθημένους</span> <span class='ocrx_word' id='word_1_605' title='bbox 868 4428 1141 4483; x_wconf 87' lang='grc' dir='ltr'>ποιεῖσθαι</span> <span class='ocrx_word' id='word_1_606' title='bbox 1176 4429 1276 4501; x_wconf 85' lang='grc' dir='ltr'>τὴν</span> <span class='ocrx_word' id='word_1_607' title='bbox 1301 4429 1554 4494; x_wconf 76' lang='grc' dir='ltr'>ἐξέτασιν</span> <span class='ocrx_word' id='word_1_608' title='bbox 1575 4447 1590 4463; x_wconf 78' lang='grc' dir='ltr'><strong>ο</strong></span> <span class='ocrx_word' id='word_1_609' title='bbox 1626 4430 1690 4494; x_wconf 72' lang='grc' dir='ltr'>ὡς</span> 
     </span>
    </p>
   </div>
   <div class='ocr_carea' id='block_1_89' title="bbox 1814 4428 3377 4515">
    <p class='ocr_par' dir='ltr' id='par_1_89' title="bbox 1814 4434 3377 4509">
     <span class='ocr_line' id='line_1_89' title="bbox 1814 4434 3377 4509; baseline 0.004 -16"><span class='ocrx_word' id='word_1_610' title='bbox 1814 4437 2060 4493; x_wconf 80' lang='lat' dir='ltr'><strong>sedentes</strong></span> <span class='ocrx_word' id='word_1_611' title='bbox 2081 4437 2174 4504; x_wconf 91' lang='lat' dir='ltr'><strong>jus</strong></span> <span class='ocrx_word' id='word_1_612' title='bbox 2200 4446 2514 4498; x_wconf 85' lang='lat' dir='ltr'><strong>exerceant,</strong></span> <span class='ocrx_word' id='word_1_613' title='bbox 2549 4434 2709 4503; x_wconf 89' lang='lat' dir='ltr'><strong>sicut,</strong></span> <span class='ocrx_word' id='word_1_614' title='bbox 2755 4456 2774 4488; x_wconf 85' lang='grc' dir='ltr'><strong>ι</strong></span> <span class='ocrx_word' id='word_1_615' title='bbox 2806 4436 3006 4494; x_wconf 88' lang='lat' dir='ltr'><strong>Sedisti</strong></span> <span class='ocrx_word' id='word_1_616' title='bbox 3036 4455 3201 4509; x_wconf 83' lang='lat' dir='ltr'><strong>super</strong></span> <span class='ocrx_word' id='word_1_617' title='bbox 3225 4444 3377 4500; x_wconf 84' lang='lat' dir='ltr'><strong>thro-</strong></span> 
     </span>
    </p>
   </div>
   <div class='ocr_carea' id='block_1_90' title="bbox 127 4520 1690 4597">
    <p class='ocr_par' dir='ltr' id='par_1_90' title="bbox 127 4520 1690 4593">
     <span class='ocr_line' id='line_1_90' title="bbox 127 4520 1690 4593; baseline -0.001 -16"><span class='ocrx_word' id='word_1_618' title='bbox 127 4524 211 4587; x_wconf 73' lang='grc' dir='ltr'>τὸ,</span> <span class='ocrx_word' id='word_1_619' title='bbox 255 4541 273 4574; x_wconf 78' lang='grc' dir='ltr'><strong>ι</strong></span> <span class='ocrx_word' id='word_1_620' title='bbox 296 4522 594 4584; x_wconf 79' lang='grc' dir='ltr'>Ἐκάθισας</span> <span class='ocrx_word' id='word_1_621' title='bbox 629 4521 721 4573; x_wconf 75' lang='grc' dir='ltr'>ἐπὶ</span> <span class='ocrx_word' id='word_1_622' title='bbox 751 4520 942 4592; x_wconf 87' lang='grc' dir='ltr'>θρόνου</span> <span class='ocrx_word' id='word_1_623' title='bbox 970 4522 998 4574; x_wconf 90' lang='grc' dir='ltr'><strong>ό</strong></span> <span class='ocrx_word' id='word_1_624' title='bbox 1032 4520 1234 4593; x_wconf 79' lang='grc' dir='ltr'>κρίνων</span> <span class='ocrx_word' id='word_1_625' title='bbox 1262 4521 1611 4593; x_wconf 86' lang='grc' dir='ltr'>δικαιοσύνην</span> <span class='ocrx_word' id='word_1_626' title='bbox 1632 4540 1647 4556; x_wconf 90' lang='grc'>·</span> <span class='ocrx_word' id='word_1_627' title='bbox 1681 4541 1690 4575; x_wconf 93' lang='grc' dir='ltr'><strong>ι</strong></span> 
     </span>
    </p>
   </div>
   <div class='ocr_carea' id='block_1_91' title="bbox 1814 4520 3378 4597">
    <p class='ocr_par' dir='ltr' id='par_1_91' title="bbox 1814 4526 3378 4597">
     <span class='ocr_line' id='line_1_91' title="bbox 1814 4526 3378 4597; baseline 0.004 -14"><span class='ocrx_word' id='word_1_628' title='bbox 1814 4544 1936 4583; x_wconf 91' lang='lat' dir='ltr'><strong>num</strong></span> <span class='ocrx_word' id='word_1_629' title='bbox 1998 4528 2092 4597; x_wconf 91' lang='lat' dir='ltr'><strong>qui</strong></span> <span class='ocrx_word' id='word_1_630' title='bbox 2137 4526 2356 4595; x_wconf 85' lang='lat' dir='ltr'><strong>judicas</strong></span> <span class='ocrx_word' id='word_1_631' title='bbox 2397 4526 2708 4594; x_wconf 89' lang='lat' dir='ltr'><strong>justitiam;</strong></span> <span class='ocrx_word' id='word_1_632' title='bbox 2741 4547 2759 4580; x_wconf 83' lang='grc' dir='ltr'><strong>ι</strong></span> <span class='ocrx_word' id='word_1_633' title='bbox 2818 4538 2907 4596; x_wconf 85' lang='lat' dir='ltr'><strong>et,</strong></span> <span class='ocrx_word' id='word_1_634' title='bbox 2969 4550 2986 4582; x_wconf 81' lang='grc' dir='ltr'><strong>ι</strong></span> <span class='ocrx_word' id='word_1_635' title='bbox 3020 4530 3165 4588; x_wconf 87' lang='lat' dir='ltr'><strong>Deus</strong></span> <span class='ocrx_word' id='word_1_636' title='bbox 3224 4535 3378 4590; x_wconf 83' lang='lat' dir='ltr'><strong>sedet</strong></span> 
     </span>
    </p>
   </div>
   <div class='ocr_carea' id='block_1_92' title="bbox 126 4611 1705 4683">
    <p class='ocr_par' dir='ltr' id='par_1_92' title="bbox 126 4611 1705 4683">
     <span class='ocr_line' id='line_1_92' title="bbox 126 4611 1705 4683; baseline -0.002 -14"><span class='ocrx_word' id='word_1_637' title='bbox 126 4615 250 4680; x_wconf 76' lang='grc' dir='ltr'>καὶ,</span> <span class='ocrx_word' id='word_1_638' title='bbox 293 4632 311 4665; x_wconf 83' lang='grc' dir='ltr'><strong>ι</strong></span> <span class='ocrx_word' id='word_1_639' title='bbox 346 4614 407 4666; x_wconf 89' lang='grc' dir='ltr'><strong>Ὀ</strong></span> <span class='ocrx_word' id='word_1_640' title='bbox 445 4612 577 4676; x_wconf 83' lang='grc' dir='ltr'>Θεδς</span> <span class='ocrx_word' id='word_1_641' title='bbox 613 4612 848 4678; x_wconf 77' lang='grc' dir='ltr'>κάθηται</span> <span class='ocrx_word' id='word_1_642' title='bbox 888 4612 981 4665; x_wconf 78' lang='grc' dir='ltr'>ἐπὶ</span> <span class='ocrx_word' id='word_1_643' title='bbox 1026 4611 1215 4683; x_wconf 90' lang='grc' dir='ltr'>θρόνου</span> <span class='ocrx_word' id='word_1_644' title='bbox 1257 4613 1416 4680; x_wconf 83' lang='grc' dir='ltr'>ἁγίου</span> <span class='ocrx_word' id='word_1_645' title='bbox 1449 4613 1614 4667; x_wconf 81' lang='grc' dir='ltr'>αὑτοῦ</span> <span class='ocrx_word' id='word_1_646' title='bbox 1637 4630 1650 4644; x_wconf 91' lang='grc'><strong>·</strong></span> <span class='ocrx_word' id='word_1_647' title='bbox 1687 4633 1705 4666; x_wconf 84' lang='grc' dir='ltr'><strong>ι</strong></span> 
     </span>
    </p>
   </div>
   <div class='ocr_carea' id='block_1_93' title="bbox 132 4704 1707 4777">
    <p class='ocr_par' dir='ltr' id='par_1_93' title="bbox 132 4704 1707 4777">
     <span class='ocr_line' id='line_1_93' title="bbox 132 4704 1707 4777; baseline 0 -18"><span class='ocrx_word' id='word_1_648' title='bbox 132 4710 251 4771; x_wconf 78' lang='grc' dir='ltr'>καὶ,</span> <span class='ocrx_word' id='word_1_649' title='bbox 288 4726 307 4758; x_wconf 78' lang='grc' dir='ltr'><strong>ι</strong></span> <span class='ocrx_word' id='word_1_650' title='bbox 356 4705 414 4761; x_wconf 87' lang='lat'><strong>&#39;0</strong></span> <span class='ocrx_word' id='word_1_651' title='bbox 451 4704 639 4777; x_wconf 85' lang='grc' dir='ltr'>θρόνος</span> <span class='ocrx_word' id='word_1_652' title='bbox 672 4723 801 4769; x_wconf 92' lang='grc' dir='ltr'>σου,</span> <span class='ocrx_word' id='word_1_653' title='bbox 853 4707 881 4758; x_wconf 90' lang='grc' dir='ltr'><strong>ὀ</strong></span> <span class='ocrx_word' id='word_1_654' title='bbox 937 4704 1069 4770; x_wconf 79' lang='grc' dir='ltr'>Θεὸς</span> <span class='ocrx_word' id='word_1_655' title='bbox 1092 4745 1107 4769; x_wconf 94' lang='grc'><strong>,</strong></span> <span class='ocrx_word' id='word_1_656' title='bbox 1139 4707 1219 4768; x_wconf 86' lang='grc' dir='ltr'><strong>εἰς</strong></span> <span class='ocrx_word' id='word_1_657' title='bbox 1265 4705 1358 4758; x_wconf 85' lang='grc' dir='ltr'><strong>τὸν</strong></span> <span class='ocrx_word' id='word_1_658' title='bbox 1404 4704 1581 4759; x_wconf 87' lang='grc' dir='ltr'>αἰῶνα</span> <span class='ocrx_word' id='word_1_659' title='bbox 1611 4706 1707 4759; x_wconf 89' lang='grc' dir='ltr'><strong>τοῦ</strong></span> 
     </span>
    </p>
   </div>
   <div class='ocr_carea' id='block_1_94' title="bbox 133 4796 1709 4870">
    <p class='ocr_par' dir='ltr' id='par_1_94' title="bbox 133 4796 1709 4870">
     <span class='ocr_line' id='line_1_94' title="bbox 133 4796 1709 4870; baseline 0 -20"><span class='ocrx_word' id='word_1_660' title='bbox 133 4800 333 4861; x_wconf 84' lang='grc' dir='ltr'>αἰῶνος</span> <span class='ocrx_word' id='word_1_661' title='bbox 355 4815 369 4829; x_wconf 72' lang='grc'><strong><em>⁸</em></strong></span> <span class='ocrx_word' id='word_1_662' title='bbox 407 4817 426 4849; x_wconf 73' lang='grc' dir='ltr'><strong>ι</strong></span> <span class='ocrx_word' id='word_1_663' title='bbox 458 4798 576 4860; x_wconf 72' lang='grc' dir='ltr'>καὶ,</span> <span class='ocrx_word' id='word_1_664' title='bbox 616 4817 634 4849; x_wconf 82' lang='grc' dir='ltr'><strong>ι</strong></span> <span class='ocrx_word' id='word_1_665' title='bbox 669 4798 727 4850; x_wconf 85' lang='grc' dir='ltr'>Ὀ</span> <span class='ocrx_word' id='word_1_666' title='bbox 754 4796 1065 4867; x_wconf 77' lang='grc' dir='ltr'>καθήμενος</span> <span class='ocrx_word' id='word_1_667' title='bbox 1096 4799 1190 4851; x_wconf 75' lang='grc' dir='ltr'>ἐπὶ</span> <span class='ocrx_word' id='word_1_668' title='bbox 1230 4796 1339 4851; x_wconf 85' lang='grc' dir='ltr'><strong>τῶν</strong></span> <span class='ocrx_word' id='word_1_669' title='bbox 1365 4797 1653 4870; x_wconf 80' lang='grc' dir='ltr'>χερουσίμ.</span> <span class='ocrx_word' id='word_1_670' title='bbox 1691 4818 1709 4850; x_wconf 80' lang='grc' dir='ltr'><strong>ι</strong></span> 
     </span>
    </p>
   </div>
   <div class='ocr_carea' id='block_1_95' title="bbox 135 4890 1141 4960">
    <p class='ocr_par' dir='ltr' id='par_1_95' title="bbox 135 4890 1141 4960">
     <span class='ocr_line' id='line_1_95' title="bbox 135 4890 1141 4960; baseline -0.001 -15"><span class='ocrx_word' id='word_1_671' title='bbox 135 4892 237 4960; x_wconf 76' lang='grc' dir='ltr'>Εῐη</span> <span class='ocrx_word' id='word_1_672' title='bbox 277 4891 322 4945; x_wconf 87' lang='grc' dir='ltr'><strong>δ’</strong></span> <span class='ocrx_word' id='word_1_673' title='bbox 354 4890 420 4945; x_wconf 84' lang='grc' dir='ltr'>ἂν</span> <span class='ocrx_word' id='word_1_674' title='bbox 447 4890 619 4945; x_wconf 90' lang='grc' dir='ltr'>ταῦτα</span> <span class='ocrx_word' id='word_1_675' title='bbox 647 4890 757 4944; x_wconf 79' lang='grc' dir='ltr'><strong>ἀπὸ</strong></span> <span class='ocrx_word' id='word_1_676' title='bbox 786 4890 1141 4959; x_wconf 77' lang='grc' dir='ltr'>ἀξιωμάτων.</span> 
     </span>
    </p>
   </div>
   <div class='ocr_carea' id='block_1_96' title="bbox 204 5003 1704 5077">
    <p class='ocr_par' dir='ltr' id='par_1_96' title="bbox 204 5003 1704 5077">
     <span class='ocr_line' id='line_1_96' title="bbox 204 5003 1704 5077; baseline -0.001 -17"><span class='ocrx_word' id='word_1_677' title='bbox 204 5006 305 5060; x_wconf 81' lang='grc' dir='ltr'>κδ’.</span> <span class='ocrx_word' id='word_1_678' title='bbox 347 5006 461 5077; x_wconf 81' lang='grc' dir='ltr'><strong>Τὴν</strong></span> <span class='ocrx_word' id='word_1_679' title='bbox 485 5004 881 5077; x_wconf 79' lang='grc' dir='ltr'>δημιουργικὴν</span> <span class='ocrx_word' id='word_1_680' title='bbox 906 5003 1072 5058; x_wconf 79' lang='grc' dir='ltr'>αὐτοῦ</span> <span class='ocrx_word' id='word_1_681' title='bbox 1103 5004 1414 5074; x_wconf 76' lang='grc' dir='ltr'>ἐνέργειαν,</span> <span class='ocrx_word' id='word_1_682' title='bbox 1439 5004 1570 5059; x_wconf 79' lang='grc' dir='ltr'>ποτὲ</span> <span class='ocrx_word' id='word_1_683' title='bbox 1603 5005 1704 5075; x_wconf 80' lang='grc' dir='ltr'>μὲν</span> 
     </span>
    </p>
   </div>
   <div class='ocr_carea' id='block_1_97' title="bbox 1804 4617 3374 4689">
    <p class='ocr_par' dir='ltr' id='par_1_97' title="bbox 1804 4617 3374 4689">
     <span class='ocr_line' id='line_1_97' title="bbox 1804 4617 3374 4689; baseline 0.003 -17"><span class='ocrx_word' id='word_1_684' title='bbox 1804 4634 1969 4689; x_wconf 88' lang='lat' dir='ltr'><strong>super</strong></span> <span class='ocrx_word' id='word_1_685' title='bbox 2017 4617 2201 4672; x_wconf 90' lang='lat' dir='ltr'><strong>sedem</strong></span> <span class='ocrx_word' id='word_1_686' title='bbox 2258 4626 2506 4671; x_wconf 87' lang='lat' dir='ltr'><strong>sanctam</strong></span> <span class='ocrx_word' id='word_1_687' title='bbox 2557 4631 2750 4683; x_wconf 84' lang='lat' dir='ltr'><strong>suam;</strong></span> <span class='ocrx_word' id='word_1_688' title='bbox 2784 4638 2803 4670; x_wconf 80' lang='grc' dir='ltr'><strong>ι</strong></span> <span class='ocrx_word' id='word_1_689' title='bbox 2860 4628 2935 4684; x_wconf 90' lang='lat' dir='ltr'><strong>et,</strong></span> <span class='ocrx_word' id='word_1_690' title='bbox 2991 4638 3010 4672; x_wconf 78' lang='grc' dir='ltr'><strong>ι</strong></span> <span class='ocrx_word' id='word_1_691' title='bbox 3043 4620 3211 4679; x_wconf 85' lang='lat' dir='ltr'><strong>Sedes</strong></span> <span class='ocrx_word' id='word_1_692' title='bbox 3262 4634 3374 4689; x_wconf 80' lang='lat' dir='ltr'><strong>tua,</strong></span> 
     </span>
    </p>
   </div>
   <div class='ocr_carea' id='block_1_98' title="bbox 1806 4708 3380 4786">
    <p class='ocr_par' dir='ltr' id='par_1_98' title="bbox 1806 4708 3380 4786">
     <span class='ocr_line' id='line_1_98' title="bbox 1806 4708 3380 4786; baseline 0.004 -23"><span class='ocrx_word' id='word_1_693' title='bbox 1806 4710 1970 4774; x_wconf 83' lang='lat' dir='ltr'><strong>Deus,</strong></span> <span class='ocrx_word' id='word_1_694' title='bbox 2010 4708 2066 4762; x_wconf 93' lang='lat' dir='ltr'><strong>in</strong></span> <span class='ocrx_word' id='word_1_695' title='bbox 2104 4708 2363 4764; x_wconf 64' lang='lat' dir='ltr'><strong>saeculum</strong></span> <span class='ocrx_word' id='word_1_696' title='bbox 2394 4709 2616 4774; x_wconf 65' lang='lat' dir='ltr'><strong>saeculi;</strong></span> <span class='ocrx_word' id='word_1_697' title='bbox 2649 4728 2668 4760; x_wconf 70' lang='grc' dir='ltr'><strong>ι</strong></span> <span class='ocrx_word' id='word_1_698' title='bbox 2704 4718 2782 4775; x_wconf 89' lang='lat' dir='ltr'><strong>et,</strong></span> <span class='ocrx_word' id='word_1_699' title='bbox 2823 4729 2840 4761; x_wconf 81' lang='grc' dir='ltr'><strong>ι</strong></span> <span class='ocrx_word' id='word_1_700' title='bbox 2872 4710 2975 4777; x_wconf 84' lang='lat' dir='ltr'><strong>Qui</strong></span> <span class='ocrx_word' id='word_1_701' title='bbox 3015 4713 3175 4769; x_wconf 85' lang='lat' dir='ltr'><strong>sedes</strong></span> <span class='ocrx_word' id='word_1_702' title='bbox 3214 4731 3380 4786; x_wconf 85' lang='lat' dir='ltr'><strong>super</strong></span> 
     </span>
    </p>
   </div>
   <div class='ocr_carea' id='block_1_99' title="bbox 1806 4800 3370 4873">
    <p class='ocr_par' dir='ltr' id='par_1_99' title="bbox 1806 4800 3370 4873">
     <span class='ocr_line' id='line_1_99' title="bbox 1806 4800 3370 4873; baseline 0.002 -16"><span class='ocrx_word' id='word_1_703' title='bbox 1806 4800 2123 4865; x_wconf 89' lang='lat' dir='ltr'><strong>Cherubim,</strong></span> <span class='ocrx_word' id='word_1_704' title='bbox 2157 4819 2177 4852; x_wconf 78' lang='grc' dir='ltr'><strong>ι</strong></span> <span class='ocrx_word' id='word_1_705' title='bbox 2215 4800 2327 4855; x_wconf 90' lang='lat' dir='ltr'><strong>sint</strong></span> <span class='ocrx_word' id='word_1_706' title='bbox 2358 4800 2472 4856; x_wconf 55' lang='lat' dir='ltr'><strong>haec</strong></span> <span class='ocrx_word' id='word_1_707' title='bbox 2495 4801 2562 4854; x_wconf 89' lang='lat' dir='ltr'><strong>de</strong></span> <span class='ocrx_word' id='word_1_708' title='bbox 2589 4801 2964 4871; x_wconf 80' lang='lat' dir='ltr'><strong>dignitatibus.</strong></span> <span class='ocrx_word' id='word_1_709' title='bbox 2995 4801 3169 4873; x_wconf 81' lang='lat' dir='ltr'><strong>(Psal.</strong></span> <span class='ocrx_word' id='word_1_710' title='bbox 3198 4820 3274 4871; x_wconf 81' lang='lat' dir='ltr'><strong>ix,</strong></span> <span class='ocrx_word' id='word_1_711' title='bbox 3299 4806 3370 4869; x_wconf 83' lang='lat'><strong>5;</strong></span> 
     </span>
    </p>
   </div>
   <div class='ocr_carea' id='block_1_100' title="bbox 1806 4892 2668 4963">
    <p class='ocr_par' dir='ltr' id='par_1_100' title="bbox 1806 4892 2668 4963">
     <span class='ocr_line' id='line_1_100' title="bbox 1806 4892 2668 4963; baseline -0.005 -14"><span class='ocrx_word' id='word_1_712' title='bbox 1806 4910 1950 4958; x_wconf 72' lang='grc' dir='ltr'>ιινι,</span> <span class='ocrx_word' id='word_1_713' title='bbox 1981 4893 2049 4960; x_wconf 84' lang='lat'><strong>7;</strong></span> <span class='ocrx_word' id='word_1_714' title='bbox 2087 4909 2232 4959; x_wconf 76' lang='lat' dir='ltr'><strong>XLIV,</strong></span> <span class='ocrx_word' id='word_1_715' title='bbox 2266 4894 2328 4959; x_wconf 86' lang='lat'><strong>8;</strong></span> <span class='ocrx_word' id='word_1_716' title='bbox 2358 4908 2555 4958; x_wconf 78' lang='lat' dir='ltr'><strong>&#39;Lxm,</strong></span> <span class='ocrx_word' id='word_1_717' title='bbox 2584 4892 2668 4963; x_wconf 68' lang='grc' dir='ltr'><strong>ἓ.)</strong></span> 
     </span>
    </p>
   </div>
   <div class='ocr_carea' id='block_1_101' title="bbox 1877 5004 3377 5078">
    <p class='ocr_par' dir='ltr' id='par_1_101' title="bbox 1877 5004 3377 5078">
     <span class='ocr_line' id='line_1_101' title="bbox 1877 5004 3377 5078; baseline -0.007 -17"><span class='ocrx_word' id='word_1_718' title='bbox 1877 5008 1969 5062; x_wconf 75' lang='grc'><strong>24.</strong></span> <span class='ocrx_word' id='word_1_719' title='bbox 2010 5007 2340 5063; x_wconf 88' lang='lat' dir='ltr'><strong>Creatricem</strong></span> <span class='ocrx_word' id='word_1_720' title='bbox 2384 5004 2505 5073; x_wconf 88' lang='lat' dir='ltr'><strong>ejus</strong></span> <span class='ocrx_word' id='word_1_721' title='bbox 2547 5004 2852 5073; x_wconf 79' lang='lat' dir='ltr'><strong>energiam,</strong></span> <span class='ocrx_word' id='word_1_722' title='bbox 2897 5006 3012 5061; x_wconf 88' lang='lat' dir='ltr'><strong>sive</strong></span> <span class='ocrx_word' id='word_1_723' title='bbox 3043 5022 3139 5076; x_wconf 83' lang='lat' dir='ltr'><strong>per</strong></span> <span class='ocrx_word' id='word_1_724' title='bbox 3168 5008 3377 5078; x_wconf 76' lang='lat' dir='ltr'><strong>jussio-</strong></span> 
     </span>
    </p>
   </div>
   <div class='ocr_carea' id='block_1_102' title="bbox 131 5094 1690 5168">
    <p class='ocr_par' dir='ltr' id='par_1_102' title="bbox 131 5094 1690 5168">
     <span class='ocr_line' id='line_1_102' title="bbox 131 5094 1690 5168; baseline -0.001 -16"><span class='ocrx_word' id='word_1_725' title='bbox 131 5099 226 5152; x_wconf 76' lang='grc' dir='ltr'>διὰ</span> <span class='ocrx_word' id='word_1_726' title='bbox 280 5097 732 5168; x_wconf 84' lang='grc' dir='ltr'>προστάγματος,</span> <span class='ocrx_word' id='word_1_727' title='bbox 764 5097 841 5160; x_wconf 82' lang='grc' dir='ltr'><strong>ὡς</strong></span> <span class='ocrx_word' id='word_1_728' title='bbox 886 5096 980 5149; x_wconf 74' lang='grc' dir='ltr'>ἐπὶ</span> <span class='ocrx_word' id='word_1_729' title='bbox 1024 5096 1131 5148; x_wconf 87' lang='grc' dir='ltr'><strong>τῶν</strong></span> <span class='ocrx_word' id='word_1_730' title='bbox 1166 5094 1407 5147; x_wconf 73' lang='grc' dir='ltr'>λοιπῶνο</span> <span class='ocrx_word' id='word_1_731' title='bbox 1471 5096 1603 5149; x_wconf 77' lang='grc' dir='ltr'>ποτὲ</span> <span class='ocrx_word' id='word_1_732' title='bbox 1647 5097 1690 5150; x_wconf 73' lang='grc' dir='ltr'><strong>δί</strong></span> 
     </span>
    </p>
   </div>
   <div class='ocr_carea' id='block_1_103' title="bbox 1814 5094 3377 5168">
    <p class='ocr_par' dir='ltr' id='par_1_103' title="bbox 1814 5094 3377 5167">
     <span class='ocr_line' id='line_1_103' title="bbox 1814 5094 3377 5167; baseline 0.001 -14"><span class='ocrx_word' id='word_1_733' title='bbox 1814 5115 1936 5153; x_wconf 86' lang='lat' dir='ltr'><strong>nem</strong></span> <span class='ocrx_word' id='word_1_734' title='bbox 1968 5099 2111 5153; x_wconf 88' lang='lat' dir='ltr'><strong>sicut</strong></span> <span class='ocrx_word' id='word_1_735' title='bbox 2137 5099 2202 5151; x_wconf 92' lang='lat' dir='ltr'><strong>de</strong></span> <span class='ocrx_word' id='word_1_736' title='bbox 2225 5095 2476 5164; x_wconf 88' lang='lat' dir='ltr'><strong>reliquis,</strong></span> <span class='ocrx_word' id='word_1_737' title='bbox 2509 5094 2623 5149; x_wconf 87' lang='lat' dir='ltr'><strong>sive</strong></span> <span class='ocrx_word' id='word_1_738' title='bbox 2652 5109 2748 5164; x_wconf 88' lang='lat' dir='ltr'><strong>per</strong></span> <span class='ocrx_word' id='word_1_739' title='bbox 2770 5095 2944 5165; x_wconf 89' lang='lat' dir='ltr'><strong>ipsam</strong></span> <span class='ocrx_word' id='word_1_740' title='bbox 2981 5098 3377 5167; x_wconf 83' lang='lat' dir='ltr'><strong>Operationem.</strong></span> 
     </span>
    </p>
   </div>
   <div class='ocr_carea' id='block_1_104' title="bbox 134 5186 1710 5258">
    <p class='ocr_par' dir='ltr' id='par_1_104' title="bbox 134 5186 1710 5258">
     <span class='ocr_line' id='line_1_104' title="bbox 134 5186 1710 5258; baseline -0.001 -15"><span class='ocrx_word' id='word_1_741' title='bbox 134 5191 203 5243; x_wconf 75' lang='grc' dir='ltr'><strong>δι’</strong></span> <span class='ocrx_word' id='word_1_742' title='bbox 233 5188 588 5258; x_wconf 81' lang='grc' dir='ltr'>αὑτουργίας,</span> <span class='ocrx_word' id='word_1_743' title='bbox 618 5187 810 5258; x_wconf 80' lang='grc' dir='ltr'>ὥσπερ</span> <span class='ocrx_word' id='word_1_744' title='bbox 836 5187 920 5256; x_wconf 72' lang='grc' dir='ltr'><strong>ἐφ’</strong></span> <span class='ocrx_word' id='word_1_745' title='bbox 946 5186 1105 5257; x_wconf 78' lang='grc' dir='ltr'>ἡμῶν</span> <span class='ocrx_word' id='word_1_746' title='bbox 1135 5187 1436 5258; x_wconf 84' lang='grc' dir='ltr'>παρίστησι</span> <span class='ocrx_word' id='word_1_747' title='bbox 1477 5187 1572 5241; x_wconf 73' lang='grc' dir='ltr'><strong>καὶ</strong></span> <span class='ocrx_word' id='word_1_748' title='bbox 1604 5187 1710 5252; x_wconf 81' lang='grc' dir='ltr'><strong>ζω-</strong></span> 
     </span>
    </p>
   </div>
   <div class='ocr_carea' id='block_1_105' title="bbox 139 5280 1710 5354">
    <p class='ocr_par' dir='ltr' id='par_1_105' title="bbox 139 5280 1710 5354">
     <span class='ocr_line' id='line_1_105' title="bbox 139 5280 1710 5354; baseline -0.001 -18"><span class='ocrx_word' id='word_1_749' title='bbox 139 5284 374 5354; x_wconf 74' lang='grc' dir='ltr'>γραφεῖν</span> <span class='ocrx_word' id='word_1_750' title='bbox 421 5282 520 5353; x_wconf 79' lang='grc' dir='ltr'><strong>τὴν</strong></span> <span class='ocrx_word' id='word_1_751' title='bbox 560 5280 948 5354; x_wconf 81' lang='grc' dir='ltr'>Ἰερουσαλὴμ,</span> <span class='ocrx_word' id='word_1_752' title='bbox 988 5282 1086 5336; x_wconf 76' lang='grc' dir='ltr'><strong>καὶ</strong></span> <span class='ocrx_word' id='word_1_753' title='bbox 1130 5280 1391 5351; x_wconf 81' lang='grc' dir='ltr'>φράττειν</span> <span class='ocrx_word' id='word_1_754' title='bbox 1428 5280 1527 5352; x_wconf 80' lang='grc' dir='ltr'>τὴν</span> <span class='ocrx_word' id='word_1_755' title='bbox 1570 5281 1710 5347; x_wconf 79' lang='grc' dir='ltr'>ὁδὸν,</span> 
     </span>
    </p>
   </div>
   <div class='ocr_carea' id='block_1_106' title="bbox 1817 5187 3379 5261">
    <p class='ocr_par' dir='ltr' id='par_1_106' title="bbox 1817 5187 3379 5261">
     <span class='ocr_line' id='line_1_106' title="bbox 1817 5187 3379 5261; baseline -0.001 -15"><span class='ocrx_word' id='word_1_756' title='bbox 1817 5193 1963 5246; x_wconf 87' lang='lat' dir='ltr'><strong>sicut</strong></span> <span class='ocrx_word' id='word_1_757' title='bbox 1991 5206 2091 5261; x_wconf 82' lang='lat' dir='ltr'><strong>pro</strong></span> <span class='ocrx_word' id='word_1_758' title='bbox 2131 5190 2289 5242; x_wconf 85' lang='lat' dir='ltr'><strong>nobis</strong></span> <span class='ocrx_word' id='word_1_759' title='bbox 2318 5187 2611 5256; x_wconf 79' lang='lat' dir='ltr'><strong>exprimit;</strong></span> <span class='ocrx_word' id='word_1_760' title='bbox 2642 5196 2695 5241; x_wconf 88' lang='lat' dir='ltr'><strong>et</strong></span> <span class='ocrx_word' id='word_1_761' title='bbox 2719 5188 3026 5243; x_wconf 85' lang='lat' dir='ltr'><strong>describere</strong></span> <span class='ocrx_word' id='word_1_762' title='bbox 3053 5188 3379 5258; x_wconf 82' lang='lat' dir='ltr'><strong>Jerusalem,</strong></span> 
     </span>
    </p>
   </div>
   <div class='ocr_carea' id='block_1_107' title="bbox 1819 5277 3382 5353">
    <p class='ocr_par' dir='ltr' id='par_1_107' title="bbox 1819 5277 3382 5353">
     <span class='ocr_line' id='line_1_107' title="bbox 1819 5277 3382 5353; baseline 0.002 -18"><span class='ocrx_word' id='word_1_763' title='bbox 1819 5289 1872 5335; x_wconf 91' lang='lat' dir='ltr'><strong>et</strong></span> <span class='ocrx_word' id='word_1_764' title='bbox 1912 5277 2256 5335; x_wconf 83' lang='lat' dir='ltr'><strong>circumdare</strong></span> <span class='ocrx_word' id='word_1_765' title='bbox 2302 5277 2469 5341; x_wconf 83' lang='lat' dir='ltr'><strong>viam,</strong></span> <span class='ocrx_word' id='word_1_766' title='bbox 2498 5284 2552 5331; x_wconf 91' lang='lat' dir='ltr'><strong>et</strong></span> <span class='ocrx_word' id='word_1_767' title='bbox 2597 5277 2849 5347; x_wconf 86' lang='lat' dir='ltr'><strong>laqueum</strong></span> <span class='ocrx_word' id='word_1_768' title='bbox 2895 5290 3116 5351; x_wconf 84' lang='lat' dir='ltr'><strong>reteque</strong></span> <span class='ocrx_word' id='word_1_769' title='bbox 3161 5283 3227 5337; x_wconf 89' lang='lat' dir='ltr'><strong>ad</strong></span> <span class='ocrx_word' id='word_1_770' title='bbox 3257 5299 3382 5353; x_wconf 88' lang='lat' dir='ltr'><strong>per-</strong></span> 
     </span>
    </p>
   </div>
   <div class='ocr_carea' id='block_1_108' title="bbox 1288 5396 2235 5453">
    <p class='ocr_par' dir='ltr' id='par_1_108' title="bbox 1288 5396 2235 5453">
     <span class='ocr_line' id='line_1_108' title="bbox 1288 5396 2235 5453; baseline 0 -3"><span class='ocrx_word' id='word_1_771' title='bbox 1288 5396 1518 5452; x_wconf 82' lang='lat' dir='ltr'><strong>DAVID.</strong></span> <span class='ocrx_word' id='word_1_772' title='bbox 1565 5397 1959 5453; x_wconf 73' lang='lat' dir='ltr'><strong>HCESCHELII</strong></span> <span class='ocrx_word' id='word_1_773' title='bbox 2000 5396 2235 5451; x_wconf 73' lang='grc' dir='ltr'><strong>ΝΟΤᾸΞ.</strong></span> 
     </span>
    </p>
   </div>
   <div class='ocr_carea' id='block_1_109' title="bbox 212 5488 3045 5576">
    <p class='ocr_par' dir='ltr' id='par_1_109' title="bbox 212 5488 3045 5576">
     <span class='ocr_line' id='line_1_109' title="bbox 212 5488 3045 5576; baseline -0.001 -28"><span class='ocrx_word' id='word_1_774' title='bbox 212 5495 299 5576; x_wconf 43' lang='grc' dir='ltr'><strong>(ὅ).</strong></span> <span class='ocrx_word' id='word_1_775' title='bbox 340 5491 515 5576; x_wconf 46' lang='lat' dir='ltr'><strong>lter-ba</strong></span> <span class='ocrx_word' id='word_1_776' title='bbox 568 5494 621 5548; x_wconf 89' lang='lat' dir='ltr'><strong>in</strong></span> <span class='ocrx_word' id='word_1_777' title='bbox 672 5508 808 5549; x_wconf 87' lang='lat' dir='ltr'><strong>mss.</strong></span> <span class='ocrx_word' id='word_1_778' title='bbox 860 5495 1230 5564; x_wconf 83' lang='lat' dir='ltr'><strong>transposita,</strong></span> <span class='ocrx_word' id='word_1_779' title='bbox 1280 5493 1381 5561; x_wconf 82' lang='grc' dir='ltr'><strong>τὴν</strong></span> <span class='ocrx_word' id='word_1_780' title='bbox 1427 5492 1567 5545; x_wconf 70' lang='grc' dir='ltr'>κατὰ</span> <span class='ocrx_word' id='word_1_781' title='bbox 1616 5496 1716 5563; x_wconf 82' lang='grc' dir='ltr'><strong>τῆς</strong></span> <span class='ocrx_word' id='word_1_782' title='bbox 1821 5495 1876 5576; x_wconf 67' lang='lat' dir='ltr'><strong>in</strong></span> <span class='ocrx_word' id='word_1_783' title='bbox 1936 5492 2242 5576; x_wconf 52' lang='lat' dir='ltr'><strong>AdamunL</strong></span> <span class='ocrx_word' id='word_1_784' title='bbox 2264 5488 2536 5576; x_wconf 70' lang='lat' dir='ltr'><strong>hostiliter</strong></span> <span class='ocrx_word' id='word_1_785' title='bbox 2586 5488 2859 5576; x_wconf 48' lang='lat' dir='ltr'><strong>&#39;i‘t‘npetum</strong></span> <span class='ocrx_word' id='word_1_786' title='bbox 2896 5490 3045 5576; x_wconf 48' lang='lat' dir='ltr'><strong>facit</strong></span> 
     </span>
    </p>
   </div>
   <div class='ocr_carea' id='block_1_110' title="bbox 134 5564 517 5633">
    <p class='ocr_par' dir='ltr' id='par_1_110' title="bbox 134 5564 517 5633">
     <span class='ocr_line' id='line_1_110' title="bbox 134 5564 517 5633; baseline -0.018 -11"><span class='ocrx_word' id='word_1_787' title='bbox 134 5566 250 5622; x_wconf 76' lang='grc' dir='ltr'><strong>τῶν</strong></span> <span class='ocrx_word' id='word_1_788' title='bbox 284 5564 380 5632; x_wconf 73' lang='grc' dir='ltr'><strong>ὲγθ</strong></span> <span class='ocrx_word' id='word_1_789' title='bbox 391 5564 517 5633; x_wconf 89' lang='grc' dir='ltr'>ρῶν.</span> 
     </span>
    </p>
   </div>
   <div class='ocr_carea' id='block_1_111' title="bbox 217 5632 1531 5703">
    <p class='ocr_par' dir='ltr' id='par_1_111' title="bbox 217 5632 1531 5703">
     <span class='ocr_line' id='line_1_111' title="bbox 217 5632 1531 5703; baseline -0.002 -15"><span class='ocrx_word' id='word_1_790' title='bbox 217 5635 296 5701; x_wconf 63' lang='grc' dir='ltr'><strong>(Δ)</strong></span> <span class='ocrx_word' id='word_1_791' title='bbox 338 5633 444 5687; x_wconf 85' lang='lat' dir='ltr'><strong>Pro</strong></span> <span class='ocrx_word' id='word_1_792' title='bbox 473 5633 689 5687; x_wconf 86' lang='grc' dir='ltr'>κὰθισιν</span> <span class='ocrx_word' id='word_1_793' title='bbox 712 5633 909 5702; x_wconf 71' lang='lat' dir='ltr'><strong>legitur</strong></span> <span class='ocrx_word' id='word_1_794' title='bbox 938 5633 990 5687; x_wconf 90' lang='lat' dir='ltr'><strong>in</strong></span> <span class='ocrx_word' id='word_1_795' title='bbox 1024 5648 1158 5688; x_wconf 87' lang='lat' dir='ltr'><strong>mss.</strong></span> <span class='ocrx_word' id='word_1_796' title='bbox 1189 5632 1531 5703; x_wconf 83' lang='grc' dir='ltr'>καθίστησιν.</span> 
     </span>
    </p>
   </div>
   <div class='ocr_carea' id='block_1_112' title="bbox 216 5702 1707 5772">
    <p class='ocr_par' dir='ltr' id='par_1_112' title="bbox 216 5702 1707 5772">
     <span class='ocr_line' id='line_1_112' title="bbox 216 5702 1707 5772; baseline 0 -15"><span class='ocrx_word' id='word_1_797' title='bbox 216 5705 355 5758; x_wconf 76' lang='lat' dir='ltr'><strong>Mira</strong></span> <span class='ocrx_word' id='word_1_798' title='bbox 403 5703 691 5772; x_wconf 86' lang='lat' dir='ltr'><strong>utriusque</strong></span> <span class='ocrx_word' id='word_1_799' title='bbox 743 5702 948 5757; x_wconf 88' lang='lat' dir='ltr'><strong>codicis</strong></span> <span class='ocrx_word' id='word_1_800' title='bbox 989 5702 1338 5770; x_wconf 83' lang='lat' dir='ltr'><strong>depravatio,</strong></span> <span class='ocrx_word' id='word_1_801' title='bbox 1394 5702 1459 5756; x_wconf 81' lang='lat' dir='ltr'><strong>ex</strong></span> <span class='ocrx_word' id='word_1_802' title='bbox 1511 5717 1707 5757; x_wconf 88' lang='lat' dir='ltr'><strong>sensus</strong></span> 
     </span>
    </p>
   </div>
   <div class='ocr_carea' id='block_1_113' title="bbox 143 5772 1706 5841">
    <p class='ocr_par' dir='ltr' id='par_1_113' title="bbox 143 5772 1706 5841">
     <span class='ocr_line' id='line_1_113' title="bbox 143 5772 1706 5841; baseline -0.001 -12"><span class='ocrx_word' id='word_1_803' title='bbox 143 5773 633 5831; x_wconf 85' lang='lat' dir='ltr'><strong>verisimilitudine</strong></span> <span class='ocrx_word' id='word_1_804' title='bbox 679 5782 799 5829; x_wconf 80' lang='lat' dir='ltr'><strong>orta</strong></span> <span class='ocrx_word' id='word_1_805' title='bbox 833 5789 847 5825; x_wconf 88' lang='lat'><strong>:</strong></span> <span class='ocrx_word' id='word_1_806' title='bbox 886 5788 1010 5826; x_wconf 85' lang='lat' dir='ltr'><strong>nam</strong></span> <span class='ocrx_word' id='word_1_807' title='bbox 1044 5787 1272 5841; x_wconf 84' lang='lat' dir='ltr'><strong>serpens</strong></span> <span class='ocrx_word' id='word_1_808' title='bbox 1323 5773 1413 5828; x_wconf 88' lang='lat' dir='ltr'><strong>ille</strong></span> <span class='ocrx_word' id='word_1_809' title='bbox 1445 5772 1706 5841; x_wconf 85' lang='lat' dir='ltr'><strong>antiquus</strong></span> 
     </span>
    </p>
   </div>
   <div class='ocr_carea' id='block_1_114' title="bbox 1821 5493 3380 5630">
    <p class='ocr_par' dir='ltr' id='par_1_114' title="bbox 1821 5493 3380 5630">
     <span class='ocr_line' id='line_1_114' title="bbox 1821 5493 3377 5558; baseline 0.003 -11"><span class='ocrx_word' id='word_1_810' title='bbox 1821 5495 1876 5547; x_wconf 91' lang='lat' dir='ltr'><strong>in</strong></span> <span class='ocrx_word' id='word_1_811' title='bbox 1936 5493 2205 5548; x_wconf 83' lang='lat' dir='ltr'><strong>Adamum</strong></span> <span class='ocrx_word' id='word_1_812' title='bbox 2264 5493 2536 5543; x_wconf 82' lang='lat' dir='ltr'><strong>hostiliter</strong></span> <span class='ocrx_word' id='word_1_813' title='bbox 2603 5493 2859 5558; x_wconf 90' lang='lat' dir='ltr'><strong>impetum</strong></span> <span class='ocrx_word' id='word_1_814' title='bbox 2918 5493 3045 5545; x_wconf 79' lang='lat' dir='ltr'><strong>fecit</strong></span> <span class='ocrx_word' id='word_1_815' title='bbox 3096 5509 3111 5547; x_wconf 86' lang='lat'><strong>:</strong></span> <span class='ocrx_word' id='word_1_816' title='bbox 3166 5493 3258 5548; x_wconf 79' lang='lat' dir='ltr'><strong>sed</strong></span> <span class='ocrx_word' id='word_1_817' title='bbox 3313 5511 3377 5551; x_wconf 76' lang='lat' dir='ltr'><strong>cx</strong></span> 
     </span>
     <span class='ocr_line' id='line_1_115' title="bbox 1821 5559 3380 5630; baseline 0.001 -12"><span class='ocrx_word' id='word_1_818' title='bbox 1821 5563 1959 5618; x_wconf 85' lang='lat' dir='ltr'><strong>Gen.</strong></span> <span class='ocrx_word' id='word_1_819' title='bbox 2018 5562 2119 5623; x_wconf 68' lang='lat'><strong>49,</strong></span> <span class='ocrx_word' id='word_1_820' title='bbox 2176 5562 2264 5617; x_wconf 89' lang='lat' dir='ltr'><strong>l7.</strong></span> <span class='ocrx_word' id='word_1_821' title='bbox 2300 5560 2406 5630; x_wconf 79' lang='lat' dir='ltr'><strong>leg.</strong></span> <span class='ocrx_word' id='word_1_822' title='bbox 2448 5559 2680 5630; x_wconf 75' lang='grc' dir='ltr'>ἐγενήθη</span> <span class='ocrx_word' id='word_1_823' title='bbox 2717 5561 2829 5630; x_wconf 91' lang='lat' dir='ltr'><strong>(sic</strong></span> <span class='ocrx_word' id='word_1_824' title='bbox 2860 5570 2914 5617; x_wconf 82' lang='lat' dir='ltr'><strong>et</strong></span> <span class='ocrx_word' id='word_1_825' title='bbox 2944 5561 3244 5630; x_wconf 84' lang='lat' dir='ltr'><strong>Procopius</strong></span> <span class='ocrx_word' id='word_1_826' title='bbox 3276 5581 3380 5619; x_wconf 89' lang='lat' dir='ltr'><strong>ms.</strong></span> 
     </span>
    </p>
   </div>
   <div class='ocr_carea' id='block_1_115' title="bbox 1818 5627 3385 5705">
    <p class='ocr_par' dir='ltr' id='par_1_115' title="bbox 1818 5627 3385 5705">
     <span class='ocr_line' id='line_1_116' title="bbox 1818 5627 3385 5705; baseline 0 -18"><span class='ocrx_word' id='word_1_827' title='bbox 1818 5643 1877 5705; x_wconf 84' lang='lat' dir='ltr'><strong>at</strong></span> <span class='ocrx_word' id='word_1_828' title='bbox 1908 5632 2154 5705; x_wconf 77' lang='lat' dir='ltr'><strong>Romana</strong></span> <span class='ocrx_word' id='word_1_829' title='bbox 2182 5627 2375 5705; x_wconf 66' lang='lat' dir='ltr'><strong>editio,</strong></span> <span class='ocrx_word' id='word_1_830' title='bbox 2410 5637 2465 5683; x_wconf 88' lang='lat' dir='ltr'><strong>et</strong></span> <span class='ocrx_word' id='word_1_831' title='bbox 2497 5627 2743 5699; x_wconf 57' lang='lat' dir='ltr'><strong>quaedam</strong></span> <span class='ocrx_word' id='word_1_832' title='bbox 2787 5631 2938 5699; x_wconf 77' lang='lat' dir='ltr'><strong>aliae,</strong></span> <span class='ocrx_word' id='word_1_833' title='bbox 2971 5627 3277 5705; x_wconf 81' lang='grc' dir='ltr'>γενηθήτω)</span> <span class='ocrx_word' id='word_1_834' title='bbox 3306 5634 3385 5705; x_wconf 84' lang='grc' dir='ltr'>τῷ</span> 
     </span>
    </p>
   </div>
   <div class='ocr_carea' id='block_1_116' title="bbox 1814 5698 2373 5772">
    <p class='ocr_par' dir='ltr' id='par_1_116' title="bbox 1814 5698 2373 5772">
     <span class='ocr_line' id='line_1_117' title="bbox 1814 5698 2373 5772; baseline -0.002 -17"><span class='ocrx_word' id='word_1_835' title='bbox 1814 5703 1921 5757; x_wconf 53' lang='lat' dir='ltr'><strong>Adv</strong></span> <span class='ocrx_word' id='word_1_836' title='bbox 1954 5703 2075 5772; x_wconf 73' lang='grc' dir='ltr'>ὄφις</span> <span class='ocrx_word' id='word_1_837' title='bbox 2113 5702 2195 5770; x_wconf 74' lang='grc' dir='ltr'><strong>ἐφ’</strong></span> <span class='ocrx_word' id='word_1_838' title='bbox 2229 5698 2373 5754; x_wconf 81' lang='grc' dir='ltr'>ὁδοῦ.</span> 
     </span>
    </p>
   </div>
  </div>
