4098 6544
561 318 584 382 Ῑ
601 317 699 383 283

2015 300 2333 361 ADRIANI

3705 290 3868 357 128-1.

560 445 849 487 versurum
897 439 1183 500 capturam
1241 426 1464 482 mittere
1505 425 1742 489 dicitur;
1781 422 1893 476 sint
1930 420 2046 474 haec
2077 422 2143 473 de

2264 424 2341 474 (αἱ
2373 421 2591 476 δίκτυον
2617 420 2714 474 καί⁵
2745 416 3167 490 ἀμφίΰληστρον
3198 412 3338 485 πρὸς
3361 411 3462 484 τὴν
3479 411 3590 464 τῶν
3612 409 3868 479 spe-Jama

561 524 900 579 actionibus.

631 701 724 756 25.
767 698 823 753 ln
869 698 1101 754 victoria
1153 708 1208 754 et
1267 706 1600 767 tropaeorum
1651 693 1983 749 formatione
2028 691 2148 760 ejus

562 795 970 863 protectionem
1006 808 1135 862 erga
1179 791 1469 855 bellantes,
1513 787 1980 859 appropinquare,
2027 800 2149 839 sur-

562 902 682 955 gere
725 893 779 937 et
809 884 1043 939 exaltari
1073 891 1267 950 vocat;
1319 882 1484 948 sicut,
1517 900 1535 933 ι
1563 879 1725 934 Juxta
1763 886 1849 932 est
1883 875 2150 930 Dominus

564 978 633 1032 iis
657 976 751 1046 qui
791 977 1056 1029 trihulato
1081 983 1210 1028 sunt
1237 973 1426 1028 corde.
1465 991 1483 1023 I
1523 970 1699 1042 (Psal.
1736 986 1932 1034 xinIII,
1965 967 2078 1036 19.)

629 1067 724 1122 '26.
768 1065 1280 1135 Longinquitatem,
1327 1063 1691 1132 protectionis
1745 1060 1799 1114 in
1841 1060 1983 1114 bello
2029 1073 2149 1112 nio-

563 1174 706 1219 ram,
737 1157 883 1212 sicut
914 1177 926 1211 :
960 1175 978 1206 ι
1015 1155 1260 1225 thuid,
1296 1155 1550 1215 Domine,
1584 1150 1868 1208 recessisti
1903 1150 2094 1220 longe?
2125 1166 2144 1201 ι

565 1254 688 1303 Sint
719 1249 835 1302 haec
866 1247 934 1302 de
966 1247 1126 1302 locis.
1157 1246 1337 1316 (Psal.
1372 1262 1448 1309 Ix,
1482 1244 1600 1315 22.)

633 1341 723 1394 '27.
767 1340 902 1394 Cum
931 1340 985 1393 in
1017 1339 1206 1409 aliquo
1228 1339 1349 1394 loco
1377 1338 1674 1392 auxiliator
1697 1345 1949 1406 apparet,
1979 1335 2153 1390 mani-

566 1433 916 1490 testationem
944 1433 1067 1502 ejus
1109 1432 1481 1485 indumentum
1507 1441 1682 1494 vocat,
1719 1429 1888 1496 sicut,
1918 1448 1936 1480 ι
1969 1428 2155 1484 Domi-

567 1542 674 1581 nus
724 1525 995 1595 regnavit,
1030 1524 1286 1578 decorem
1335 1522 1567 1576 indutus
1618 1530 1738 1587 est;
1770 1540 1788 1572 ›
1839 1529 1914 1586 et,
1947 1540 1964 1572 ι
1999 1521 2153 1574 Ami-

567 1625 692 1670 ctus
732 1614 945 1667 lumine
993 1613 1138 1668 sicut
1173 1614 1538 1677 vestimento;
1580 1631 1598 1663 ι
1638 1611 1761 1665 Sint
1812 1611 1928 1665 haec
1971 1610 2037 1666 de
2070 1610 2154 1664 in-

567 1706 872 1762 dumentis.
912 1703 1087 1776 (Psal.
1119 1720 1251 1769 xcu,
1287 1703 1362 1773 1.)
1623 1731 1654 1764 ο

636 1797 728 1851 28.
753 1797 907 1862 Quod
930 1797 1128 1851 animae
1149 1796 1561 1866 deprecationes
1579 1808 1688 1849 non
1716 1793 1967 1849 admittat
1987 1794 2150 1860 Dens,
2183 1776 2226 1832 Β

568 1889 705 1943 bene
737 1889 1074 1958 rejectionem
1112 1888 1364 1942 nominat
1386 1903 1452 1943 eo
1485 1886 1630 1956 quod
1665 1901 1695 1940 a
1726 1885 1888 1941 malis
1912 1886 2153 1955 jactelur

567 1999 693 2052 qua:
721 1998 910 2052 preces
951 1991 1013 2037 ut
1047 1982 1316 2036 liberetur
1346 1981 1593 2046 adhibet,
1635 1979 1783 2035 sicut
1817 1998 1831 2034 :
1868 1998 1886 2032 ι
1925 1978 1991 2034 Ut
2019 1979 2153 2049 quid

566 2075 790 2144 repellis
841 2075 1086 2128 animam
1141 2073 1357 2128 meam?
1391 2091 1409 2124 ι
1472 2071 1596 2126 Sint
1642 2072 1758 2126 hinc
1817 2071 1884 2126 de
1936 2072 2150 2127 usibus.

569 2167 748 2238 (Ps-al.
778 2183 1024 2229 Lxxxvu,
1059 2166 1172 2237 15.)

634 2260 726 2314 ‘29.
767 2258 1170 2314 Benevolentia:
1201 2259 1319 2328 ejus
1341 2258 1688 2325 dilationem,
1717 2274 1975 2312 manuum
2006 2274 2128 2312 arer

568 2353 810 2416 sionem,
865 2351 1000 2406 dicit
1042 2367 1057 2405 :
1101 2353 1246 2406 sicut
1302 2369 1321 2401 ι
1363 2349 1434 2405 Ut
1493 2350 1624 2419 quid
1678 2350 1878 2404 avertis
1929 2365 2154 2404 manum

568 2452 720 2498 tuam
775 2451 831 2496 et
870 2442 1154 2496 dexteram
1203 2441 1394 2496 tuam?
1433 2461 1452 2494 ι
1510 2441 1634 2495 Sint
1679 2442 1797 2497 haec
1832 2439 1902 2496 de
1950 2442 2152 2512 specie.

569 2533 746 2605 (Psal.
788 2551 982 2600 LxxIII,
1015 2534 1098 2601 4.)

638 2627 730 2684 50.
772 2627 1028 2681 Animam
1056 2635 1110 2682 et
1147 2643 1366 2683 carnem
1399 2627 1493 2682 Dei
1518 2627 1673 2692 dicit,
1700 2629 1923 2698 quando
1952 2643 2063 2683 non
2088 2626 2156 2682 ab

570 2720 765 2774 habitu
800 2727 896 2773 aut
923 2719 1152 2789 energia
1181 2719 1334 2774 circa
1363 2718 1543 2789 ipsum
1571 2719 1664 2773 dat
1694 2734 2026 2784 sermonem,
2061 2720 2156 2774 sed

568 2813 637 2868 de
685 2813 810 2883 ipso
861 2812 1377 2882 particulariorem,
1430 2812 1574 2866 sicut
1613 2830 1626 2866 :
1670 2830 1688 2863 ι
1723 2811 1869 2866 Sana
1914 2813 2156 2866 animam

569 2919 770 2970 meam,
805 2923 824 2956 ι
863 2905 986 2959 loco
1016 2903 1254 2968 dicendi,
1294 2920 1412 2968 me;
1443 2911 1523 2968 et,
1571 2902 1742 2957 «Caro
1767 2919 1890 2958 mea
1933 2903 2154 2973 requie-

570 3007 689 3052 scet
729 2997 784 3052 in
820 3012 938 3067 spe,
972 3015 990 3048 ›
1025 2997 1150 3052 loco
1180 2996 1400 3051 dicendi
1446 3012 1560 3064 ego.
1598 2994 1844 3049 Firmum
1875 3005 1930 3050 et
1964 2995 2160 3051 stabile

2255 514 2520 584 σύλληψιν
2549 512 2798 567 τίθεσθαι
2828 510 3083 578 λέγεται·
3119 506 3206 576 εἴη
3231 506 3274 559 δ’
3307 506 3372 559 ἂν
3391 503 3562 558 ταῦτα
3587 505 3702 558 ἀπὸ
3729 505 3868 555 ὲπιο

2251 607 2418 677 τηδευ
2427 606 2638 677 μάτων.

2324 706 2423 753 κε’.
2458 698 2572 769 Τὴν
2600 697 2695 752 ἐπὶ
2727 696 2854 767 νίκῃ
2881 693 2976 748 καὶ⁵
3008 690 3291 763 τροπαίων
3320 691 3579 745 συστάσει
3613 703 3867 757 συμμα-

2252 792 2377 862 χίαν
2413 790 2582 844 αὑτοῦ
2617 785 2921 860 ἐγγύτητὰ
2957 802 3019 838 τε
3067 784 3162 838 καὶ
3195 783 3507 851 ἀνάληψιν
3544 783 3644 834 καὶ
3674 779 3870 848 ὕψω-

2253 899 2359 937 σαν
2389 883 2548 936 καλεί
2569 898 2582 911 ο
2614 881 2691 945 ὡς
2725 880 2806 946 τὸ,
2843 897 2862 932 ι
2883 877 3089 946 Ἐγγὺς
3124 876 3331 945 Κύριος
3367 877 3480 937 τοῖς
3511 887 3869 940 συντετριμ-

2257 974 2438 1045 μένοις
2476 975 2542 1044 τῇ
2573 970 2789 1044 καρδίᾳ.
2817 989 2836 1023 s

2323 1065 2438 1132 κς’.
2467 1064 2808 1136 Μακρότητα
2837 1062 2918 1128 δὲ,
2940 1060 3041 1132 τὴν
3063 1060 3162 1130 τῆς
3188 1058 3510 1129 συμμαχίας
3530 1056 3829 1126 ἀναϐολήν
3847 1070 3865 1084 ο

2253 1160 2329 1223 ὼς
2357 1159 2441 1222 τὸ,
2495 1177 2513 1210 ι
2543 1159 2661 1212 Ἵνα
2708 1157 2784 1221 τί,
2837 1153 3015 1225 Κύριε
3044 1195 3059 1220 ,
3100 1152 3424 1223 ἀφέστηκας
3466 1151 3802 1223 μακρόθεν;
3842 1167 3861 1198 I

2260 1250 2365 1320 Εῐη
2400 1248 2446 1303 δ’
2477 1249 2544 1302 ἂν
2578 1245 2754 1301 ταῦτα
2790 1244 2902 1299 ἀπὸ
2934 1244 3138 1296 τόπων.

2327 1345 2432 1408 κζ’.
2470 1344 2582 1414 Τὴν
2605 1344 2663 1396 ὲν
2697 1335 2853 1411 ᾧπερ
2882 1337 2950 1392 ἂν
2993 1336 3239 1405 φαίνοιτο
3262 1332 3470 1404 βοηθῶν
3503 1331 3697 1402 τρόπῳ
3727 1333 3862 1386 διά-

2257 1454 2482 1509 πειραν,
2508 1433 2738 1502 ἐσθῆτα
2759 1431 2926 1488 αὐτοῦ
2951 1427 3241 1497 ὀνομάζει,
3277 1428 3343 1479 ὲκ
3381 1425 3476 1478 τοῦ
3512 1428 3649 1497 παρ’
3676 1429 3859 1497 ἡμῖν’

2255 1531 2332 1594 ὡς
2370 1529 2453 1594 τὸ,
2491 1550 2509 1581 ι
2556 1529 2615 1582 Ὀ
2643 1527 2851 1597 Κύριος
2884 1521 3263 1586 ὲεασίλευσεν,
3296 1520 3636 1590 εὐπρέπειαν
3660 1520 3862 1572 ἐνεδύ-

2258 1641 2389 1678 σατο
2409 1640 2422 1655 ·
2451 1641 2472 1675 ι
2507 1621 2604 1676 καὶ
2636 1621 2718 1685 τὸ,
2745 1639 2763 1671 ι
2787 1615 3262 1686 ιῙεριδαλλόμενος
3298 1613 3413 1682 φῶς
3437 1613 3510 1676 ὡς
3544 1614 3801 1682 ἱμάτιον.
3838 1633 3856 1665 ι

2258 1713 2358 1783 Εῐη
2384 1712 2427 1765 δ’
2459 1712 2524 1766 ἂν
2550 1709 2726 1764 ταῦτα
2755 1708 2866 1764 ἀπὸ
2901 1705 3228 1776 πολισμῶν.

2325 1812 2433 1876 κη’.
2466 1804 2541 1858 Τὸ
2577 1803 2650 1873 μὴ
2692 1801 2790 1864 τὰς
2811 1800 2912 1870 τῆς
2945 1798 3126 1870 ψυχῆς
3157 1797 3366 1862 ἱκεσίας
3393 1799 3724 1869 προσίεσθαι
3760 1800 3862 1851 τὸν

2254 1896 2413 1961 Θεὸν,
2445 1895 2673 1957 εἰκότως
2706 1893 3042 1960 ἁπόρῤιψιν
3071 1888 3350 1959 ὀνομάζει,
3380 1890 3470 1943 διὰ
3501 1891 3563 1944 τὸ
3590 1894 3711 1954 τοῖς
3746 1909 3861 1943 κα.

2253 1991 2374 2052 κοῖς
2405 1986 2584 2056 αὐτὴν
2607 1983 3028 2054 ὲνστρέφεσθαι,
3060 1982 3185 2052 ἥτις
3211 1980 3380 2034 πάλιν
3401 1981 3862 2035 ἀπαλλάττεσθαι

2255 2077 2604 2149 παρακαλεῖ·
2652 2075 2730 2138 ὼς
2753 2075 2837 2139 τὺ,
2885 2092 2903 2126 ι
2942 2074 3062 2128 Ἵνα
3111 2073 3164 2126 τί
3211 2072 3456 2136 άπωθεῖς
3517 2074 3616 2146 τὴν
3668 2075 3862 2144 ψυχήν

2257 2187 2396 2243 μου;
2428 2189 2446 2223 I
2485 2168 2586 2238 Εῐη
2617 2170 2662 2222 δ’
2682 2168 2749 2223 ἂν
2783 2166 2961 2221 ταῦτα
2989 2167 3098 2221 ἀπὸ
3136 2166 3296 2220 ἐθῶν.

2327 2264 2430 2318 κδ’.
2470 2261 2583 2334 Τὴν
2632 2260 2905 2332 ἀναϐολὴν
2943 2261 3045 2330 τῆς
3075 2260 3367 2330 εὐμενείας
3400 2258 3593 2322 αὐτοῦ,
3625 2257 3859 2328 χειρῶν

2255 2354 2682 2425 ἀποστροφὴν,
2725 2352 2902 2421 λέγει’
2950 2351 3028 2414 ὡς
3057 2351 3141 2415 τὸ,
3172 2370 3190 2402 ι
3216 2353 3336 2405 Ἵνα
3375 2352 3428 2404 τί
3467 2353 3860 2421 ἀποστρέφεις

2253 2445 2354 2515 τὴν
2378 2445 2537 2516 χεῖρά
2569 2461 2687 2510 σου,
2720 2443 2816 2496 καὶ
2837 2442 2936 2514 τὴν
2962 2441 3144 2508 δεξιάν
3176 2458 3303 2508 σου;
3337 2460 3353 2491 ι
3381 2442 3478 2511 Είη
3503 2442 3549 2495 δ’
3583 2442 3651 2495 ἂν
3676 2441 3857 2494 ταῦτα

2256 2537 2366 2593 ἀπὸ
2399 2536 2725 2607 σχημάτων.

2327 2625 2392 2680 λ’.
2419 2623 2638 2694 Ψυχὴν
2670 2624 2857 2695 μέντοι
2887 2621 2986 2676 καὶ
3005 2621 3206 2692 σάρκα
3232 2622 3326 2676 τοῦ
3355 2622 3493 2676 Θεοῦ
3519 2623 3698 2691 λέγει,
3722 2623 3855 2676 ὅταν

2259 2719 2335 2788 μὴ
2378 2716 2488 2771 ἀπὸ
2525 2718 2769 2787 σχέσεως
2818 2715 2851 2787 ἢ
2905 2716 3014 2770 ἀπὸ
3046 2715 3331 2787 ἐνεργείας
3379 2717 3472 2768 τον
3505 2717 3639 2786 περῖ¹
3679 2717 3857 2768 αὐτοῦ

2258 2813 2505 2864 ποιεῖται
2531 2809 2713 2878 λόγον,
2751 2809 2889 2863 ἀλλὰ
2914 2825 2980 2861 πε
2991 2809 3044 2880 pl
3071 2807 3237 2862 αὑτοῦ
3272 2808 3588 2880 ἰδικώτερον
3607 2825 3623 2842 ο
3655 2809 3734 2872 ὠς
3767 2811 3856 2874 τὸ,

2265 2921 2284 2954 ι
2314 2904 2499 2957 Ἰασαι
2528 2902 2630 2974 τὴν
2655 2902 2837 2972 ψυχήν
2875 2919 3004 2973 μου,
3033 2922 3051 2955 I
3077 2901 3202 2956 ἀντὶ
3227 2902 3346 2966 τοῦ,
3377 2901 3518 2973 Ἕμέ
3536 2918 3551 2933 °
3590 2904 3710 2967 καὶ,
3742 2923 3760 2955 ι
3788 2903 3858 2956 Ἢ

2263 2994 2405 3065 σάρξ
2434 3012 2537 3065 μου
2559 2995 2981 3067 κατασκηνώσει
3001 2995 3088 3048 ἐπ’
3111 2994 3287 3048 ἐλπίδι
3307 3011 3320 3023 ·
3349 3013 3367 3046 I
3395 2995 3518 3049 ἀντὶ
3540 2996 3656 3061 τοῦ,
3683 2997 3854 3065 Ἐγώ.

573 3105 803 3161 regnum
849 3089 972 3159 ejus
1005 3103 1259 3158 paratum
1288 3089 1446 3152 dicit,
1477 3089 1620 3143 sicut
1653 3106 1668 3142 :
1705 3107 1722 3139 ι
1755 3087 1953 3143 Parata
1999 3089 2157 3143 sedes

2264 3086 2339 3138 Τὸ
2373 3086 2595 3156 βέϐαιον
2622 3090 2722 3158 τῆς
2770 3086 3056 3156 βασιλείας
3090 3086 3258 3140 αὑτοῦ
3299 3087 3394 3140 καὶ
3421 3087 3667 3158 ἑδραῖον,
3699 3088 3861 3141 ἑτοι-

572 3193 668 3237 tua
696 3197 760 3236 ex
812 3190 964 3246 tunc,
1002 3197 1032 3236 a
1063 3181 1266 3236 saeculo
1295 3191 1353 3235 tu
1401 3197 1486 3246 es,
1520 3199 1538 3231 ι
1576 3181 1700 3235 loco
1739 3180 1954 3235 dicendi
1985 3199 1998 3235 :
2029 3199 2047 3231 ι
2075 3181 2159 3236 Ab

573 3274 736 3329 initio
789 3273 1009 3336 stabile,
1061 3274 1436 3337 immutabile;
1483 3281 1559 3337 et,
1605 3291 1622 3322 ι
1656 3272 1880 3327 Justitia
1917 3281 1973 3328 et
2009 3272 2160 3342 judi-

571 3368 718 3419 cium
751 3365 1076 3435 prreparatio
1119 3365 1265 3420 sedis
1320 3373 1454 3430 tum;
1489 3383 1506 3415 ι
1553 3374 1629 3428 et,
1672 3384 1689 3415 ι
1723 3365 1781 3418 1η
1828 3364 1986 3421 caelis
2022 3380 2161 3434 pra:-

571 3457 858 3527 parahitur
905 3458 1109 3512 veritas
1155 3468 1280 3523 tua;
1315 3475 1332 3508 ι
1389 3465 1446 3512 et
1493 3471 1759 3524 regnasse
1808 3457 1944 3512 dicit
1987 3456 2158 3511 Deum

571 3566 724 3616 cum,
797 3551 1041 3608 hostium
1084 3551 1425 3614 dominator,
1483 3549 1693 3606 amicos
1740 3551 1946 3606 excitat
1994 3551 2158 3617 sicut,

580 3663 598 3695 ι
634 3642 901 3698 Dominus
941 3643 1211 3713 regnavit,
1253 3642 1566 3698 irascantur
1600 3642 1786 3711 populi
1820 3650 1877 3696 et
1921 3643 2161 3698 exsultet

574 3746 742 3791 terra.
780 3755 799 3788 ι
829 3734 898 3790 Ει
930 3736 1032 3790 ista
1071 3744 1236 3804 prout
1283 3735 1351 3790 de
1379 3734 1491 3788 Deo
1520 3733 1797 3789 disserere
1830 3733 2029 3789 licebat
2075 3735 2162 3789 in-

575 3833 827 3903 cepimus
873 3832 1011 3886 nihil
1060 3832 1204 3887 ultra
1255 3831 1309 3885 in
1359 3831 1605 3902 cogitatu
1656 3829 1964 3897 habentes;
2010 3833 2161 3886 etde

574 3923 772 3978 studiis
805 3922 952 3977 circa
996 3921 1414 3991 intelligentiam
1465 3920 1521 3974 in
1567 3920 1714 3976 istis.
1750 3920 1926 3994 (Psal.
1963 3940 2053 3988 XL,
2087 3924 2156 3991 5;

575 4031 665 4080 xv,
703 4013 774 4080 9;
822 4030 956 4080 xcn,
995 4012 1060 4081 2;
1105 4028 1371 4079 LXXXVIII,
1415 4011 1522 4079 15;
1565 4028 1835 4081 Lxxxvm,
1868 4014 1935 4082 ὃς
1969 4031 2157 4081 xchII,

577 4105 598 4158 1
629 4122 642 4169 ;
683 4119 824 4167 xcvr,
855 4103 930 4174 1.)

1092 4195 1224 4260 Qum
1260 4193 1325 4248 de
1353 4194 1512 4264 style,
1543 4195 1639 4248 sic.

647 4288 698 4343 1.
737 4285 883 4341 Loco
942 4286 1174 4341 actionis
1219 4295 1311 4339 aut
1357 4286 1632 4341 lruitionis
1677 4285 1755 4341 rei
1810 4285 1994 4341 dicere
2045 4296 2158 4342 tum

575 4379 864 4443 audivisse,
929 4385 1042 4430 tum
1071 4376 1285 4440 vidisse,
1325 4385 1437 4431 tum
1470 4393 1641 4431 nosse.
1683 4375 1752 4431 Et
1794 4379 1866 4432 sit
1893 4378 2158 4432 audivisse

2257 3197 2378 3248 μον
2415 3181 2690 3249 ὲκφωνεῖ·
2724 3179 2801 3243 ὡς
2831 3179 2912 3244 τὸ,
2948 3201 2966 3231 ι
3010 3181 3274 3252 Ἕτοιμος
3311 3181 3339 3232 ό
3372 3181 3562 3250 θρόνος
3597 3197 3694 3233 σου
3743 3182 3858 3234 ἀπὸ

2260 3270 2404 3323 τότεο
2442 3288 2461 3321 ι
2495 3270 2620 3324 ἀντὶ
2647 3269 2766 3335 τοῦ,
2812 3288 2830 3321 ι
2860 3269 2983 3323 Ἀπ’
3029 3270 3206 3341 ἀρχῆς
3241 3271 3474 3341 ἑδραῖος,
3506 3272 3856 3342 ἀμετακίνη-

2261 3378 2386 3425 τος·
2421 3381 2441 3413 ι
2491 3362 2607 3426 καὶ,
2644 3379 2664 3414 ι
2701 3361 3033 3432 Δικαιοσύνη
3081 3365 3176 3415 καὶ⁵
3211 3365 3387 3434 κρῖμα
3430 3364 3728 3434 ὲτοιμασία
3759 3365 3853 3417 τοῦ

2264 3451 2457 3522 θρόνου
2485 3467 2602 3504 σου*
2632 3471 2651 3503 I
2685 3452 2829 3516 καὶ,‹
2858 3453 2949 3506 Ἐν
2964 3454 3080 3515 τοῖς
3103 3453 3358 3523 οὐρανοῖς
3387 3453 3852 3526 ὲτοιμασθήσεται

2261 3546 2294 3615 ἡ
2334 3543 2568 3616 ἀλήθειά
2615 3561 2741 3598 σου·
2779 3564 2798 3597 ι
2833 3545 2932 3599 καὶ
2956 3545 3333 3610 βασιλεῦσαι
3365 3545 3512 3615 λέγει
3551 3548 3644 3601 τὸν
3689 3549 3848 3611 θεὸν,

2261 3640 2392 3693 ὅταν
2421 3637 2532 3691 τῶν
2564 3637 2774 3710 ἐχθρῶν
2807 3640 3112 3710 κρατήσας,
3147 3639 3277 3702 τοὺς
3309 3639 3477 3704 ίδίους
3499 3642 3711 3713 ἐγείρει
3733 3659 3747 3671 ·
3776 3642 3850 3703 ὡς

2259 3733 2344 3796 τὸ,
2381 3753 2398 3785 ι
2420 3733 2480 3786 ’0
2513 3733 2718 3805 Κύριος
2750 3733 3126 3801 ἐϐασίλευσεν,
3148 3733 3557 3805 όργιζέσθωσαν
3593 3737 3847 3803 λαοὶ,καὶ

2262 3824 2616 3892 ἀγαλλιάσθω
2639 3825 2789 3897 ἠᾼγῆ.
2840 3843 2858 3875 I
2896 3825 3008 3878 Καὶ
3044 3825 3109 3896 δὴ
3151 3824 3348 3886 ταῦτα,
3383 3825 3570 3889 καθὼς
3612 3821 3683 3896 ἦν
3723 3828 3847 3897 περὶ

2262 3915 2399 3968 Θεοῦ
2423 3892 3236 3986 φιλοσοφεῖν,ὑπεστησάμεθα,
3262 3915 3430 3984 μηδέν
3451 3934 3505 3968 τι
3528 3892 3845 3989 περαιτέρω

2263 4013 2484 4079 φρονεῖν
2510 4009 2762 4080 ἔχοντες·
2793 4008 2888 4061 καὶ
2913 4009 3043 4079 περὶ
3079 4008 3180 4079 μὲν
3214 4008 3323 4062 τῶν
3356 4009 3451 4063 ἐπὶ
3476 4012 3575 4082 τῆς
3604 4012 3844 4076 διανοίας

2261 4101 2718 4172 ἐπιτηδευμάτων
2743 4102 2801 4154 ὲν
2829 4100 3068 4163 τούτοις.
3581 4091 3583 4094 ’

2586 4193 2662 4244 Τὰ
2693 4191 2761 4243 δὲ
2789 4191 2889 4244 ἐπὶ
2916 4189 3029 4258 τῆς
3055 4191 3283 4259 λέξεως
3311 4193 3521 4260 οὕτως.

2332 4289 2402 4338 α’.
2440 4282 2515 4337 Τὸ
2548 4282 2670 4336 ἀντὶ
2697 4286 2798 4354 τῆς
2821 4283 3073 4352 πράξεως
3097 4285 3219 4354 ἤτοι
3247 4287 3348 4357 τῆς
3368 4288 3726 4352 ἀπολαύσεως
3750 4289 3837 4344 τοῦ

2263 4378 2594 4449 πράγματος
2625 4377 2808 4446 λέγειν
2840 4377 2972 4430 ποτὲ
2997 4377 3099 4447 μὲν
3136 4378 3198 4431 τὸ
3226 4378 3505 4445 ἀκοῦσαι,
3540 4382 3674 4434 ποτε
3701 4381 3760 4434 δὲ
3782 4381 3839 4434 τὸ

576 4470 758 4522 sicut:
792 4487 811 4519 ε
851 4467 1071 4522 Auditui
1104 4481 1224 4520 meo
1278 4467 1436 4522 dabis
1473 4468 1730 4538 gaudium
1755 4478 1811 4522 et
1836 4468 2101 4533 laetitiam,
2132 4488 2150 4521 ι

2267 4467 2435 4533 ἰδεῖν,
2468 4467 2599 4521 ποτὲ
2637 4467 2696 4521 δὲ
2717 4467 2778 4520 τὸ
2804 4466 3048 4537 γνῶναι.
3076 4469 3151 4522 Τὸ
3186 4468 3287 4540 μὲν
3313 4468 3406 4524 οὗν
3438 4472 3730 4527 ἀκοῦσαν
3767 4474 3836 4536 ὡς
3930 4466 3941 4473 ’

579 4571 675 4626 pro
701 4556 865 4624 {acies
898 4555 1066 4620 mihi;
1097 4555 1167 4609 sit
1197 4550 1410 4616 vidisse,
1427 4556 1603 4610 sicut:
1628 4573 1646 4606 ι
1679 4554 1760 4608 Ad
1779 4549 2154 4608 videndnmin

579 4647 819 4702 bonitate
873 4646 1169 4700 electorum
1209 4655 1465 4712 tuorum,
1523 4665 1540 4697 ι
1591 4647 1712 4702 loco
1763 4646 2012 4701 dicendi:
2073 4645 2155 4699 Ad

2259 4561 2340 4623 τὸ,
2380 4578 2398 4611 ι
2438 4559 2741 4623 Ἀκουτιεῖς
2777 4577 2867 4631 μοι
2901 4559 3253 4628 ἁγαλλίασιν,
3288 4564 3382 4616 καὶ
3414 4564 3828 4636 εὐφροσύνην»

2259 4652 2403 4715 ἀντὶ,
2436 4650 2673 4724 Πράξεις
2701 4667 2818 4723 μοι.
2846 4651 2919 4705 Τὸ
2942 4652 3000 4705 δὲ
3024 4651 3174 4706 ἰδεῖν
3193 4669 3207 4683 ·
3236 4654 3311 4717 ὼς
3339 4655 3422 4720 τὸ,
3452 4676 3469 4708 ι
3493 4657 3600 4710 Τοῦ
3630 4659 3757 4712 ἰδεῖν
3782 4661 3833 4712 ἐν

578 4733 870 4789 fruendum
903 4741 1276 4802 consequente
1308 4733 1360 4799 in
1398 4748 1497 4788 nos
1526 4733 1770 4788 bonitate
1795 4741 1925 4799 tua;
1962 4753 1980 4785 ι
2005 4734 2076 4789 sit
2102 4742 2157 4787 et

2264 4749 2325 4816 τῇ
2349 4747 2682 4818 χρηστότητι
2707 4747 2815 4801 τῶν
2837 4745 3111 4800 ἐκλεκτῶν
3132 4763 3227 4800 σου
3250 4765 3263 4779 ο
3297 4768 3316 4800 ι
3343 4749 3464 4803 ἀντὶ
3483 4751 3600 4817 τοῦ,
3631 4771 3648 4804 ι
3675 4753 3828 4805 Ἀπο-

580 4844 752 4894 nasse,
783 4829 947 4893 sicut,
991 4846 1009 4879 ε
1035 4823 1204 4880 Notas
1232 4825 1365 4879 mihi
1392 4824 1569 4880 fecisti
1604 4826 1741 4893 vias,
1769 4845 1787 4877 ι
1817 4825 1940 4880 loco
1972 4825 2158 4881 dicen-

579 4923 674 4978 di:
754 4919 878 4976 γεω
939 4919 1047 4974 l'rui
1102 4933 1189 4974 me
1245 4917 1448 4973 fecisti.
1483 4935 1503 4971 ι
1551 4915 1726 4988 (Psal.
1766 4917 2058 4985 I.,10;cv,
2090 4918 2156 4987 5;

581 5032 672 5083 xv,
711 5014 822 5084 Η.)

649 5188 706 5243 2.
738 5188 877 5243 Doce
915 5203 1014 5258 pro
1069 5187 1304 5250 ostende,
1342 5186 1525 5242 sicut:
1587 5205 1605 5238 ι
1646 5183 1790 5242 Doce
1820 5202 1905 5242 me
1935 5189 2063 5259 quia
2102 5199 2157 5244 tu

581 5299 641 5338 es
664 5280 806 5338 Deus
835 5281 1074 5337 salvator
1101 5296 1274 5336 meus.
1315 5298 1334 5332 ι
1374 5278 1550 5347 (Psal.
1611 5296 1759 5346 xxiv,
1795 5279 1874 5351 5.)

656 5377 710 5431 5.
750 5374 990 5429 Locutus
1014 5382 1119 5436 est,
1159 5373 1227 5427 de
1269 5372 1401 5439 Deo,
1438 5388 1579 5442 smne
1637 5388 1735 5442 pro
1775 5373 2158 5442 manifestavit,

587 5467 760 5520 sicut:
787 5481 806 5515 ι
829 5461 972 5519 Deus
997 5462 1209 5518 locutus
1232 5471 1313 5518 est
1342 5462 1394 5516 in
1417 5471 1608 5518 sancto
1638 5479 1760 5518 suo.
1792 5485 1808 5517 ι
1845 5462 2021 5533 (Ρεαι.
2045 5482 2157 5530 ιιι,

584 5555 664 5626 8.)

656 5644 924 5713 4.8εηιει,
967 5647 1034 5702 de
1067 5645 1413 5712 immutabili,
1462 5645 1623 5713 sicut,
1651 5665 1670 5698 ι
1712 5647 1890 5702 Semel
1946 5651 2160 5704 locutus

584 5748 669 5794 est
717 5737 882 5799 Deus,
913 5756 933 5790 ι
987 5748 1060 5805 et,
1091 5756 1110 5790 ι
1146 5735 1326 5792 Semel
1354 5736 1557 5808 jnravi.
1613 5757 1629 5790 ι
1688 5735 1862 5809 (Psal.
1914 5742 2155 5809 in,12;

585 5844 816 5894 xxvaII,
837 5828 948 5900 36.)

2258 4840 2455 4894 λαῦσαι
2485 4841 2585 4910 τῆς
2618 4840 2894 4911 ἑπομένης
2923 4841 3054 4910 περὶ
3077 4842 3229 4912 ἡμᾶς
3263 4858 3355 4894 σου
3377 4846 3775 4916 χρηστότητος·
3808 4865 3825 4897 ›

2262 4933 2336 4985 Τὸ
2369 4931 2426 4984 δὲ
2477 4929 2734 5000 γνῶναν
2787 4931 2863 4994 ὡς
2910 4931 2991 4995 τὺ,
3033 4951 3051 4983 ι
3088 4931 3427 5004 Ἐγνώρισάς
3463 4951 3553 5004 μοι
3586 4937 3736 4999 ὁδούς
3759 4954 3772 4966 ·
3807 4957 3824 4986 ι

2260 5022 2384 5077 ἀντὶ
2463 5019 2599 5084 τοῦ,
2667 5017 3007 5073 Ἀπολαῦσαί
3068 5037 3136 5090 με
3211 5021 3312 5091 τῆς
3393 5020 3539 5092 ζωῆς
3604 5024 3828 5092 πεποίη-

2265 5131 2392 5178 κας.
3026 5106 3038 5116 ’

2335 5209 2399 5280 β’.
2437 5208 2512 5262 Τὸ
2565 5207 2849 5273 δίδαξον,
2883 5207 3008 5262 ἀντὶ
3058 5206 3190 5271 τοῦ,
3235 5208 3590 5276 παράσχου·
3636 5211 3710 5274 ὡς
3743 5210 3824 5274 τὸ,

2269 5323 2286 5354 ι
2323 5303 2433 5355 Καὶ
2462 5302 2676 5368 δίδαξόν
2713 5318 2780 5371 με
2809 5301 2891 5354 ὅτι
2925 5301 2990 5353 σὺ
3027 5295 3079 5352 εἷ
3107 5302 3135 5352 ό
3162 5299 3295 5361 Θεὸς
3322 5301 3350 5351 ό
3376 5299 3567 5369 Σωτήρ
3595 5317 3714 5368 μου.
3743 5320 3760 5350 ι

2336 5392 2405 5463 γ’.
2450 5395 2523 5446 Τὸ
2566 5393 2906 5460 ἐλάλησεν,
2949 5392 3044 5445 ἐπὶ
3079 5390 3174 5444 τοῦ
3223 5392 3359 5445 Θεοῦ
3406 5393 3690 5455 πολλάκις,
3719 5392 3829 5447 ἀντὶ

2263 5487 2382 5549 τοῦ,
2415 5487 2800 5554 ἀπεφήνατοο
2843 5486 2919 5546 ὡς
2941 5484 3023 5550 τὸ,
3055 5503 3072 5535 ι
3104 5483 3165 5537 'U
3194 5484 3327 5549 Θεὸς
3363 5485 3625 5557 ἐλάλησεν
3670 5488 3722 5538 ἐν
3757 5485 3827 5552 τῷ

2264 5581 2408 5650 ἁγίῳ
2441 5580 2628 5634 αὐτοῦ.
2655 5599 2671 5629 ι

2334 5670 2399 5722 δ’.
2435 5670 2507 5722 Τὸ
2534 5668 2828 5733 (inuata-1
2854 5667 2948 5721 τοῦ
2973 5667 3391 5739 ἀμεταϐλήτουθ
3417 5677 3492 5734 ὼς
3519 5671 3597 5736 τὺ,
3633 5669 3824 5735 ("Ai-:15

2270 5762 2532 5835 ἐλάλησεν
2558 5762 2585 5815 ό
2609 5759 2741 5825 Θεός
2773 5777 2789 5824 ί
2826 5778 2848 5812 ι
2885 5761 3004 5830 καὶ,
3037 5783 3055 5815 ε
3084 5762 3270 5828 Ἂτιαξ
3299 5761 3511 5835 ὤμοσα.
3543 5781 3563 5816 ι
