4098 6488
291 312 428 378 12δὸ

1358 311 1688 371 lSAGOGE
1725 311 1804 370 IN
1846 311 1950 371 SS.
1991 312 2488 373 SCRIPTURAS.

3420 322 3556 386 1286

361 433 426 481 ε’.
462 425 536 480 Τὸ
569 421 692 480 κατ’
735 423 1134 493 ἀνταπόκρισιν
1168 420 1299 494 περὶ
1337 422 1433 475 τοῦ
1466 423 1668 487 παντὸς
1715 420 1870 487 λαοῦ,

2047 421 2100 476 5.
2133 422 2596 490 Quoddamjuxla
2636 436 2962 492 responsum
3011 423 3043 477 a
3089 437 3289 483 cuncto
3335 410 3592 501 ροριιιυμ

285 522 390 591 τὴν
420 517 608 586 κοινὴν
649 514 958 586 εὐπραγίαν
989 514 1277 584 σημαίνει·
1313 513 1389 577 ὡς
1417 515 1497 567 τό·
1539 534 1556 567 ι
1578 510 1647 567 *Ω
1672 514 1867 586 Κύριε,

289 615 468 668 σῶσον
519 611 608 680 δὴ,
639 602 684 662 ὦ
730 606 925 679 Κύριε,
984 607 1250 660 εὐόδωσον
1295 606 1391 676 δή·
1437 606 1803 677 εὐλογημένος
1841 606 1870 658 ό

291 705 590 776 ἐρχόμενος
623 702 681 754 ἐν
718 701 947 770 ὀνόματι
979 699 1214 770 Κυρίου.
1251 718 1269 750 s
1301 699 1391 762 Ὠς
1411 699 1648 753 ἑκάστου
1677 698 1784 750 τῶν
1809 699 1872 751 ἐκ

288 796 386 850 τοῦ
424 795 557 849 λαοῦ
590 794 878 862 λέγοντος·
910 787 954 860 ᾧ
995 792 1361 846 ἐπισυνάπτει
1407 792 1500 844 καὶ
1546 791 1627 857 τὸ,
1664 790 1871 842 «Εὐλο-

289 892 550 960 γήκαμεν
576 888 719 957 ὑμᾶς
747 884 808 949 ἐξ
839 885 990 938 οίκου
1019 885 1252 955 Κυρίου.
1285 902 1302 934 s

368 1061 442 1124 ς’.
479 1059 552 1111 Τὸ
596 1059 670 1129 μὴ
700 1060 795 1111 ἐπὶ
834 1059 1002 1112 τόπου
1042 1058 1206 1128 μόνον
1233 1057 1293 1110 τὸ
1323 1057 1475 1122 ἷέκεῒ
1498 1057 1703 1128 λέγειν,
1739 1059 1876 1112 ἀλλὰ

296 1151 393 1205 καὶ
423 1152 518 1204 ἐπὶ
541 1152 826 1222 πράξεων·
860 1151 934 1214 ὼς
966 1150 1048 1215 τὸ,
1086 1170 1105 1202 ι
1126 1151 1275 1204 Ἐκεῖ
1302 1151 1418 1215 όδὸς
1449 1152 1514 1221 ἣν
1547 1153 1705 1218 δείξω
1727 1151 1876 1222 αὐτῷ

296 1245 360 1298 τὸ
388 1243 663 1314 σωτήριόν
705 1261 829 1313 μου,
867 1244 1152 1296 τουτέστιν
1186 1245 1267 1307 είς
1317 1243 1414 1314 τὴν
1442 1244 1635 1296 θυσίαν
1673 1245 1765 1296 ἐπὶ
1797 1261 1877 1296 τι-

303 1332 536 1402 μωρίας·
560 1352 578 1383 s
613 1332 708 1386 καὶ
733 1331 808 1393 ὡς
839 1332 921 1396 τὸ,
957 1331 1138 1384 «Ἐκεῖ
1170 1333 1368 1385 ἔπεσον
1391 1333 1594 1395 πάντες
1617 1335 1664 1385 οί
1706 1334 1878 1403 ἐργα-

300 1425 523 1496 ζόμενοι
551 1424 652 1496 τὴν
676 1424 928 1494 ἀνομίαν.
970 1443 990 1475 s

370 1516 438 1582 ζ’.
475 1517 751 1586 Πολλαχοῦ
782 1514 1129 1582 δικαιοσύνην
1171 1514 1233 1566 τὸ
1257 1514 1366 1567 εἴτε
1392 1513 1478 1584 ἐφ’
1510 1513 1703 1568 ἐαυτοῦ
1731 1515 1879 1583 λέγει

299 1611 396 1664 τοῦ
431 1610 743 1681 ἀνθρώπου,
775 1609 848 1681 μὴ
898 1610 997 1680 τὴν
1038 1611 1103 1662 ὲκ
1142 1609 1236 1662 τοῦ
1274 1610 1393 1679 βίου
1445 1610 1648 1681 ἀρετὴν
1679 1609 1879 1664 ἑαυτοῦ

305 1704 724 1774 μαρτυροῦντα·
753 1704 863 1756 είτε
896 1702 961 1772 δὴ
1012 1702 1108 1755 καὶ
1139 1702 1238 1771 τὴν
1266 1701 1354 1770 ἐφ’
1405 1702 1612 1772 ἐτέρων
1651 1702 1879 1772 ὁμοίως·

1973 531 2318 570 communem
2352 516 2763 571 beneﬁcentiam
2797 517 3095 588 signiﬁcat,
3130 521 3300 576 sicut:
3341 522 3427 578 ιΟ
3455 525 3560 578 Do-

1974 607 2140 671 mine,
2169 607 2375 660 salvum
2411 605 2514 671 fac,
2551 622 2583 660 ο
2616 607 2868 671 Domine,
2905 610 3046 666 bene
3073 613 3304 679 incede;
3339 615 3560 669 benedi-

1979 708 2102 751 ctus
2145 696 2238 765 qui
2277 697 2426 750 venit
2479 697 2531 750 in
2571 699 2792 752 nomine
2852 697 3093 765 Domini,
3136 723 3154 753 ι
3190 705 3348 772 quasi
3387 722 3559 760 unus-

1975 786 2210 856 quisque
2238 801 2268 840 a
2291 789 2491 856 populo
2523 788 2752 842 dixerit:
2785 793 2872 845 cui
2895 796 3226 861 superaddit:
3265 815 3282 848 ι
3314 797 3560 852 Etbene-

1979 877 2222 932 diximus
2245 879 2403 932 vobis
2433 881 2498 934 de
2527 880 2690 934 domo
2727 878 2967 936 Domini.
3010 902 3029 935 ι
3069 886 3242 954 (l’sal.
3275 902 3441 953 cxvn,
3466 889 3556 953 25,

1977 970 2092 1040 26.)

2049 1061 2102 1114 6.
2133 1059 2253 1114 Non
2296 1062 2472 1115 solum
2523 1064 2588 1116 de
2641 1067 2763 1122 loco
2792 1068 2863 1122 ibi
2894 1070 3095 1138 dicere,
3141 1073 3236 1128 sed
3270 1086 3324 1130 et
3374 1076 3440 1131 de
3470 1093 3561 1132 ac-

1981 1151 2242 1216 tionibus,
2272 1151 2447 1206 sicut:
2479 1172 2495 1205 ι
2531 1153 2647 1209 Illic
2704 1158 2808 1212 iter
2838 1177 2950 1229 quo
2979 1166 3262 1219 ostendam
3291 1167 3560 1234 ,illi'salu-

1983 1253 2099 1297 tare
2129 1259 2336 1307 meum,
2371 1263 2389 1294 ι
2420 1245 2471 1297 id
2504 1255 2608 1311 est,
2636 1248 2689 1301 in
2727 1253 3057 1309 sacriﬁcium
3087 1274 3101 1322 ;
3150 1258 3216 1312 de
3263 1275 3418 1327 poena
3456 1276 3556 1314 au-

1986 1342 2112 1397 tem,
2148 1335 2314 1398 sicut,
2343 1355 2362 1386 ι
2405 1335 2484 1390 lbi
2513 1339 2831 1395 ceciderunt
2878 1345 2970 1412 qui
3003 1359 3300 1414 operantur
3350 1351 3558 1421 iniqui-

1984 1435 2174 1481 tatem.
2215 1448 2234 1481 ι
2270 1428 2444 1500 (Psal.
2480 1447 2631 1498 thx,
2666 1433 2773 1499 23;
2812 1452 2971 1502 xxxv,
3008 1439 3120 1508 l3.)

2055 1518 2106 1572 7.
2138 1519 2293 1590 Saepe
2344 1522 2614 1591 justitiam
2653 1530 2767 1582 sive
2803 1528 2871 1584 de
2916 1531 3097 1601 scipso
3137 1535 3268 1590 dicit
3317 1539 3557 1605 homine,

1986 1624 2093 1664 non
2136 1628 2301 1680 quam
2334 1614 2590 1670 virtutem
2636 1633 2667 1672 e
2714 1620 2823 1674 vita
2863 1622 3036 1692 ipsius
3066 1635 3316 1695 testatur,
3350 1631 3461 1687 sive
3493 1651 3558 1689 ex

1985 1702 2220 1756 aliorum
2263 1704 2370 1758 vita
2407 1705 2682 1773 similiter,
2733 1710 2909 1766 sicut:
2979 1732 2998 1764 ι
3054 1713 3282 1785 Exaudi,
3311 1721 3556 1788 Domine,

303 1797 379 1858 ὡς
407 1797 488 1862 τὸ,
527 1815 544 1846 ι
571 1795 930 1859 Είσάκουσον,
972 1794 1165 1864 Κύριε,
1207 1793 1561 1863 δικαιοσύνην
1609 1808 1736 1864 μου·
1786 1793 1877 1847 καὶ

1988 1791 2247 1856 iustitiam
2279 1809 2478 1861 meam,
2519 1815 2537 1846 ι
2573 1807 2629 1852 et
2660 1814 3024 1870 quaecumque
3069 1807 3231 1873 talia;
3258 1813 3413 1878 quasi
3444 1814 3561 1881 ipso

301 1889 406 1941 ὅσα
458 1887 714 1940 τοιαῦτα·
765 1886 840 1949 ὡς
893 1885 1260 1948 ἀπολαύοντος
1311 1884 1537 1947 δικαίως
1581 1886 1679 1956 τῆς
1727 1885 1885 1957 παρά

303 1979 397 2034 τοῦ
428 1978 565 2033 Θεοῦ
593 1977 870 2050 βοηθείας,
899 1977 932 2048 ἢ
957 1979 1052 2031 καὶ
1081 1976 1178 2030 τοῦ
1207 1975 1345 2030 Θεοῦ
1372 1976 1448 2040 ὡς
1476 1977 1702 2042 δικαίως
1738 1994 1883 2049 παρ-

304 2078 524 2146 έχοντος
535 2114 548 2127 .

373 2163 444 2236 η’.
482 2165 556 2218 Τὸ
591 2161 836 2232 ἀγαπᾷν
863 2161 1011 2232 λέγει
1041 2161 1312 2233 πολλαχοῦ
1339 2162 1432 2214 ἐπὶ⁷
1459 2159 1551 2214 τοῦ
1593 2158 1730 2214 Θεοῦ
1761 2161 1882 2214 κατ’

302 2259 556 2311 ἐπίτασιν
578 2273 592 2288 ·
620 2257 694 2319 ὡς
732 2257 814 2321 τὸ,
847 2273 865 2308 ι
895 2255 1116 2326 Ἀγαπᾷ
1155 2254 1530 2326 ἐλεημοσύνην
1555 2253 1651 2307 καὶ
1700 2252 1883 2323 κρίσιν

301 2356 330 2405 ό
382 2352 622 2422 Κύριος·
655 2367 674 2401 s
722 2350 838 2413 καὶ,
876 2367 895 2401 ι
936 2349 1062 2402 Ὅτι
1102 2348 1308 2417 Κύριος
1355 2346 1550 2416 ἀγαπᾷ
1603 2344 1819 2415 κρίσιν·
1858 2363 1876 2395 s

301 2443 420 2505 καὶ,
454 2460 472 2493 ι
504 2440 870 2511 Δικαιοσύνην
899 2440 1212 2510 ἠγάπησεν·
1252 2456 1272 2491 s
1312 2437 1434 2492 ἀντὶ
1470 2434 1638 2510 [τοῦ,]
1676 2456 1693 2488 ι
1725 2436 1881 2490 Μετὰ

300 2535 400 2589 τοῦ
447 2533 676 2596 δικαίως
723 2531 932 2604 κρίνειν
979 2530 1348 2584 ἐσπούδακεν·
1382 2549 1402 2582 ›
1436 2529 1532 2581 καὶ
1570 2529 1651 2596 τὸ,
1687 2546 1705 2580 ι
1747 2527 1881 2582 Ἰδοὺ

302 2630 416 2698 γὰρ
437 2625 699 2696 ἀλήθειαν
728 2624 1050 2695 ἠγάπησας.
1086 2641 1106 2674 s

378 2721 445 2775 θ’.
488 2720 755 2782 Πολλάκις
778 2717 878 2781 τὰς
907 2715 1222 2788 παραϐολὰς
1249 2713 1634 2786 μεταφορικῶς
1661 2714 1880 2784 φράζει,

307 2810 403 2864 ἐπὶ
430 2809 505 2882 τῷ
545 2807 770 2880 μείζονα
799 2806 895 2858 τοῦ
929 2805 1226 2874 λεγομένου
1270 2805 1625 2876 παραστῆσαι
1659 2804 1760 2875 τὴν
1782 2803 1882 2873 έμ-

307 2918 512 2973 φασιν·
556 2900 631 2965 ὡς
670 2899 752 2965 τὸ,
792 2917 810 2950 ι
843 2896 936 2969 Τῷ
962 2896 1318 2968 ἐπιϐεϐηκότι
1371 2898 1466 2949 ἐπὶ
1513 2897 1605 2950 τὸν
1652 2894 1883 2967 οὐρανὸν

308 2996 405 3051 τοῦ
437 2994 672 3064 ούρανοῦ
727 2993 849 3046 κατ’
898 2990 1200 3054 ἀνατολάς·
1236 3008 1255 3041 s
1300 2991 1364 3042 ἐκ
1407 2987 1631 3060 πρώτης
1666 3005 1727 3041 τε
1790 2988 1885 3041 καὶ

308 3091 488 3164 ἀρχῆς
520 3087 712 3150 είπὼν,
738 3088 802 3140 ἐκ
852 3085 1171 3157 μεταφορᾶς
1199 3082 1294 3135 τοῦ
1325 3081 1423 3152 τὴν
1452 3079 1717 3151 ἀνατολὴν
1743 3075 1883 3135 εῖναι

308 3184 483 3257 ἀρχὴν
514 3182 614 3254 τῆς
644 3182 855 3253 ἡμέρας
879 3197 893 3211 ·
925 3180 1022 3234 καὶ
1050 3177 1130 3244 τὸ,
1175 3197 1192 3228 ι
1212 3175 1348 3229 Ἀπὸ
1375 3175 1539 3245 ὕψους
1568 3175 1792 3246 ἡμερῶν
1822 3177 1882 3226 οὐ

310 3276 724 3348 φοϐηθήσομαι·
763 3270 1046 3328 κάνταῦθα
1074 3269 1183 3338 γὰρ
1220 3268 1303 3334 τὸ,
1336 3265 1456 3321 ἀπὸ
1501 3267 1722 3334 ὕψους,
1765 3266 1889 3318 ἀντὶ

311 3369 432 3433 τοῦ,
459 3369 691 3421 ἀνωθεν
715 3364 814 3418 καὶ
833 3359 1096 3432 ὲξαρχῆς
1114 3377 1128 3391 ·
1157 3363 1272 3425 καὶ,
1312 3379 1330 3410 ι
1360 3359 1427 3410 ’11
1459 3356 1753 3426 συναγωγὴ
1777 3355 1888 3408 τῶν

312 3460 552 3530 ταύρων,
588 3474 606 3508 s
645 3455 766 3508 ἀντὶ
791 3452 911 3517 τοῦ,
947 3471 966 3503 ι
998 3449 1394 3520 παμμεγεθῶν.
1427 3465 1446 3499 s

387 3556 439 3603 t'.
480 3549 592 3618 Τὴν
621 3548 703 3611 ὠς
737 3543 1012 3615 συλλαϐὴν
1038 3543 1203 3612 διχῶς
1231 3541 1414 3609 λέγει·
1452 3541 1573 3610 ἦτοι
1609 3539 1752 3594 κατὰ
1786 3556 1891 3591 πα-

319 3642 576 3715 ραϐολὴν,
605 3639 639 3710 ἢ
672 3638 963 3709 βεϐαίωσιν
983 3652 998 3669 ·
1027 3637 1168 3688 κατὰ
1198 3634 1298 3704 μὲν
1319 3633 1640 3704 παραϐολήν
1661 3649 1675 3664 ·
1705 3632 1780 3695 ὡς
1805 3633 1890 3698 τὸ,

323 3757 342 3788 ι
374 3733 480 3788 Θοῦ
511 3731 706 3793 αὐτοὺς
726 3729 802 3792 ὼς
833 3727 1028 3800 τροχὸν
1049 3765 1065 3790 ,
1103 3725 1179 3788 ὼς
1211 3723 1500 3794 καλάμην·
1533 3724 1676 3779 κατὰ
1709 3724 1767 3777 δὲ
1801 3723 1893 3793 βε..

315 3827 576 3884 ϐαίωσιν·
615 3823 690 3882 ὡς
732 3822 812 3886 τὸ,
853 3839 869 3871 ι
893 3819 980 3880 Ὠς
1013 3816 1219 3886 ἀγαθὸς
1245 3817 1273 3869 ὁ
1315 3817 1446 3879 Θεὸς
1488 3815 1565 3885 τῷ
1596 3817 1836 3887 Ἰσραήλ·
1869 3834 1886 3866 ι

318 3922 446 3979 ἀντὶ
472 3918 568 3972 τοῦ
617 3916 814 3978 εἰπεῖν,
887 3911 1103 3980 Σφόδρα
1149 3908 1392 3978 ἀγαθός·
1430 3908 1527 3962 καὶ
1550 3908 1633 3975 τὸ,
1685 3925 1703 3958 ι
1741 3909 1894 3976 Ἐγε-

317 4015 567 4086 νήθημεν
617 4006 749 4062 ὡσεὶ
791 4003 1315 4076 παρακεκλημένοι·
1353 4020 1373 4063 s.
1412 4001 1529 4066 καὶ,
1585 4019 1602 4052 ι
1631 3999 1892 4053 Ἐθεασά-

320 4105 464 4178 μεθα
499 4103 598 4173 τὴν
629 4099 789 4166 δόξαν
819 4095 1010 4161 αὑτοῦ,
1052 4094 1214 4160 δόξαν
1253 4092 1330 4156 ὡς
1364 4090 1706 4160 Μονογενοῦς
1741 4091 1894 4160 παρὰ

320 4196 562 4269 Πατρός·
594 4193 718 4247 ἀντὶ
744 4189 865 4252 τοῦ,
895 4185 1188 4254 ἀληθοῦς.

393 4296 482 4342 ια’.
519 4284 785 4356 Σημαίνει
812 4280 937 4336 τινὰ
955 4273 1029 4332 ὧν
1060 4276 1309 4348 βούλεται
1330 4275 1427 4328 καὶ
1453 4275 1564 4329 ἀπὸ
1593 4274 1700 4329 τῶν
1723 4291 1896 4346 προσ-

319 4382 523 4436 όντων·
569 4372 682 4431 οἶον
723 4373 798 4438 ὡς
831 4373 914 4437 τὸ,
956 4390 974 4421 ι
1013 4368 1418 4440 Παροικὴσουσι
1473 4366 1571 4420 καὶ
1618 4366 1895 4441 κατακρύ-

317 4474 512 4544 ψουσιν
534 4486 549 4501 ·
591 4488 609 4521 s
649 4468 738 4522 ἵνα
775 4466 932 4536 εἴπῃ,
969 4483 987 4515 ι
1012 4462 1350 4530 Συνάγονται
1378 4459 1471 4512 καὶ
1498 4457 1888 4530 ἐνεδρεύουσιν,

317 4562 430 4619 ἀπὸ
453 4561 659 4614 τούτων
681 4560 761 4622 είς
792 4557 978 4626 ἕτερον
1005 4554 1240 4607 ἀπιόντα
1273 4551 1438 4606 τόπον
1463 4551 1644 4604 ἐκεῖσε
1675 4551 1893 4613 πάντως

321 4654 634 4725 παροικεῖν,
662 4648 772 4703 τῶν
801 4647 1019 4700 οἰκείων
1049 4641 1416 4713 ἐκδημοῦντα.
1453 4660 1472 4694 s

396 4743 487 4815 ιβ’.
527 4742 693 4811 Λέγει
739 4740 802 4793 τὸ
830 4739 1058 4807 κρύψαι
1100 4735 1196 4789 καὶ
1244 4733 1339 4786 ἐπ)⁹
1390 4731 1484 4786 τοῦ
1533 4732 1669 4785 Θεοῦ
1733 4730 1897 4786 αὐτὸν

321 4833 628 4906 φυλάξαι·
678 4831 754 4892 ὼς
795 4828 875 4892 τὸ,
915 4844 934 4878 ι
967 4821 1356 4893 Κατακρύψεις
1401 4821 1600 4883 αὐτοὺς
1646 4821 1704 4873 ἐν
1761 4821 1896 4873 ἁπο-

321 4927 520 4999 κρύφῳ
558 4921 653 4977 τοῦ
699 4919 994 4992 προσώπου
1028 4931 1156 4969 σου·
1187 4935 1207 4968 s
1248 4913 1370 4969 ἀντὶ
1419 4912 1538 4977 τοῦ,
1570 4911 1897 4983 φυλάξεις·

322 5020 423 5074 καλ⁸
466 5017 549 5083 τδ,
601 5033 620 5066 ι
666 5010 913 5083 Ἐκρυψέ
962 5027 1030 5079 με
1071 5009 1130 5060 ἐν
1165 5009 1339 5076 σκηνῇ
1375 5005 1574 5059 αὐτοῦ·
1615 5023 1634 5055 s
1673 5006 1768 5058 καὶ
1818 5004 1897 5068 τὸ,

328 5129 351 5164 ι
384 5110 473 5171 Ὠς
505 5106 641 5160 πολὺ
677 5104 738 5157 τὺ
768 5100 973 5172 πλῆθος
1016 5101 1114 5169 τῆς
1146 5097 1516 5168 χρηστότητός
1545 5113 1661 5161 σου,
1701 5094 1897 5164 Κύριε,

325 5197 396 5274 ἦς
427 5198 672 5268 ἔκρυψας
706 5196 820 5257 τοῖς
852 5191 1207 5262 φοϐουμένοις
1237 5204 1326 5241 σε·
1361 5206 1378 5239 ι
1425 5187 1511 5240 ἵνα
1545 5188 1694 5258 εἴπῃ,
1745 5205 1764 5238 ι
1798 5187 1902 5239 Ἢν

328 5292 630 5363 φυλάσσεις
677 5289 789 5351 τοῖς
840 5284 1199 5355 φοϐουμένοις
1235 5298 1324 5334 σε·
1358 5299 1376 5333 s
1426 5281 1548 5346 καὶ,
1583 5299 1601 5331 ι
1641 5280 1763 5332 Τῶν
1808 5297 1904 5334 κε-

327 5383 666 5456 κρυμμένων
690 5396 813 5435 σου·
857 5398 875 5430 ι
913 5377 1137 5441 ὡσανεὶ,
1179 5396 1198 5429 ι
1226 5377 1349 5430 Τῶν
1378 5376 1531 5446 παρὰ
1569 5373 1664 5428 σοῦ
1699 5374 1905 5444 φυλατ-

328 5478 603 5548 τομένων·
641 5493 660 5527 s
697 5473 794 5527 καὶ
842 5474 926 5540 ἐφ’
954 5470 1144 5542 ἡμῶν·
1201 5470 1276 5533 ὡς
1309 5468 1389 5536 τὸ,
1425 5486 1442 5520 ι
1469 5467 1559 5521 Ἐν
1595 5469 1663 5538 τῇ
1707 5466 1904 5537 καρδίᾳ

334 5588 439 5644 μου
479 5568 692 5640 ἔκρυψα
730 5567 800 5620 τὰ
830 5565 990 5636 λόγιά
1028 5581 1142 5617 σου.
1179 5583 1198 5616 s

407 5684 497 5752 ιγ’.
537 5682 700 5749 Λέγει
730 5680 824 5735 καί⁵
856 5676 1170 5746 κοιμᾶσθαι
1195 5674 1280 5745 ἐφ’
1309 5672 1465 5746 ἡμῶν
1486 5671 1547 5726 τὸ
1568 5670 1904 5726 καταπαύε-

332 5778 506 5830 σθιιι·
549 5773 623 5837 ὡς
657 5770 739 5838 τὸ,
781 5788 799 5821 ι
824 5767 952 5823 Ἐὰν
982 5763 1282 5838 κοιμηθῆτε
1315 5763 1417 5818 ἀνὰ
1449 5761 1615 5832 μέσον
1640 5760 1746 5814 τῶν
1777 5759 1905 5830 κλή-

1985 1885 2057 1939 ob
2103 1885 2376 1954 justitiam
2422 1886 2637 1944 fruente
2696 1893 2903 1947 auxilio
2957 1910 2987 1949 a
3043 1894 3172 1963 Deo,
3209 1910 3304 1954 aut
3341 1911 3395 1956 et
3452 1905 3560 1958 Deo

1987 1985 2246 2047 tanquam
2271 1978 2428 2049 justo
2455 1995 2514 2035 se
2540 1984 2870 2041 attendente.
2919 1986 3093 2057 (Psal.
3128 2006 3239 2056 xvi,
3272 1993 3346 2064 1.)

2056 2148 2108 2202 8.
2161 2151 2356 2204 Amare
2373 2151 2505 2206 dicit
2535 2167 2676 2222 Saepe
2699 2153 2766 2209 de
2789 2153 2902 2211 Deo
2934 2173 3030 2226 per
3052 2161 3421 2218 extensionem
3443 2203 3458 2230 ,
3489 2167 3561 2218 si-

1984 2251 2110 2296 cut:
2143 2261 2160 2292 ι
2195 2241 2832 2315 Diligitmisericordiam
2856 2251 3188 2322 etjudicium
3219 2256 3502 2322 Dominus,
3536 2279 3555 2311 ι

1983 2344 2056 2398 et,
2088 2354 2105 2386 ι
2131 2335 2270 2400 Quia
2293 2337 2558 2394 Dominus
2577 2341 2752 2411 diligit
2775 2343 3068 2412 justitiam,
3107 2367 3127 2401 υ
3152 2357 3206 2404 et
3240 2367 3257 2401 ι
3283 2348 3559 2406 Justitiam

1985 2425 2246 2482 dilexisti.
2280 2448 2299 2480 ι
2328 2431 2504 2499 (Ρεαι.
2543 2445 2715 2496 xxxii,
2748 2433 2814 2492 5:
2842 2449 2893 2500 L,
2923 2436 3001 2488 8.\

2056 2692 2108 2746 9.
2144 2689 2299 2761 Smpe
2330 2691 2702 2762 metaphorice
2745 2692 3040 2762 parabolas
3063 2692 3196 2748 dicit
3221 2703 3276 2748 ut
3298 2695 3560 2765 majorem

1986 2784 2128 2838 dicta
2157 2783 2465 2853 producant
2497 2783 2786 2853 ﬁguratam
2814 2784 2944 2848 vim,
2970 2784 3136 2850 sicut,
3167 2803 3185 2836 ι
3227 2785 3339 2842 Deo
3358 2789 3450 2856 qui
3471 2803 3562 2842 as-

1985 2874 2166 2929 cendit
2195 2889 2364 2943 super
2421 2875 2768 2930 cmlumcceli
2821 2875 2886 2928 ad
2919 2877 3211 2941 orientem,
3254 2896 3274 2929 s
3316 2893 3345 2932 a
3379 2881 3556 2948 prima

1984 2977 2040 3021 et
2069 2966 2137 3020 ab
2172 2967 2330 3020 initio
2364 2967 2580 3033 dicens,
2610 2979 2642 3021 a
2684 2968 3000 3038 metaphora
3023 2980 3235 3041 sumpta
3267 2973 3336 3028 ab
3353 2972 3563 3029 oriente

1986 3060 2132 3131 quod
2161 3071 2241 3117 est
2276 3062 2380 3116 diei
2415 3060 2648 3116 initium.
2674 3059 2773 3128 Et,
2811 3083 2829 3114 ι
2864 3065 2946 3118 Ab
2980 3065 3268 3121 altitudine
3291 3067 3396 3122 diei
3455 3084 3561 3122 non

1912 3137 1956 3197 (ἶ
1990 3155 2191 3210 timebo
2210 3193 2227 3220 ,
2256 3156 2330 3210 ibi
2387 3157 2557 3222 enim,
2585 3164 2647 3210 ab
2677 3157 2960 3212 altitudine
2982 3159 3198 3229 ponitur
3226 3175 3326 3229 pro
3361 3177 3426 3214 ex
3453 3161 3563 3214 ulla

1985 3257 2039 3302 et
2073 3248 2139 3302 ab
2193 3250 2368 3305 initio.
2418 3248 2505 3312 Et,
2575 3266 2594 3300 ι
2631 3250 2990 3320 Congregatio
3046 3261 3353 3319 taurorum,
3392 3273 3412 3307 s
3463 3269 3564 3324 pro

1993 3359 2011 3391 ι
2050 3341 2206 3396 valde
2226 3355 2575 3412 magnorum.
2610 3359 2629 3392 ›
2661 3341 2832 3411 (Psal.
2860 3358 3029 3409 vau,
3053 3343 3156 3410 34;
3179 3359 3267 3410 LV,
3287 3345 3356 3412 4;
3393 3361 3562 3413 van,

1989 3431 2103 3500 δι.)

2060 3523 2148 3577 10.
2170 3522 2262 3577 Bis
2287 3523 2551 3592 syllabam
2605 3540 2680 3586 ως
2728 3523 2887 3578 dicit:
2916 3531 3029 3577 tum
3091 3540 3188 3594 per
3221 3526 3561 3595 parabolam,

1990 3627 2101 3671 tuin
2159 3632 2255 3686 per
2296 3617 2792 3670 conﬁrmationem.
2846 3614 2943 3668 Per
2993 3618 3330 3685 parabolam,
3384 3619 3561 3674 sicut:
3609 3668 3623 3682 ,

1995 3727 2015 3762 ι
2055 3708 2205 3763 Pone
2234 3708 2356 3762 illos
2407 3718 2465 3762 ut
2513 3719 2709 3769 rotam,
2748 3718 2806 3760 ut
2857 3707 3149 3776 stipulam;
3191 3728 3210 3761 s
3235 3725 3329 3777 per
3364 3712 3565 3763 contir-

1993 3803 2312 3864 mationem,
2353 3802 2526 3854 sicut:
2564 3817 2583 3851 ι
2630 3800 2805 3865 Quam
2831 3799 3002 3853 bonus
3028 3799 3191 3853 Israel
3216 3802 3376 3865 Deus,
3420 3819 3439 3851 s
3469 3816 3566 3869 pro

1993 3893 2231 3947 dictione
2296 3889 2466 3944 Valde
2539 3889 2752 3942 bonus:
2827 3896 2946 3953 et”
2995 3888 3148 3943 FaCti
3195 3905 3386 3944 sumus
3445 3900 3565 3943 tan-

1993 4000 2158 4053 quam
2188 3981 2484 4046 consolati;
2517 3999 2537 4032 ι
2572 3991 2646 4044 et,
2683 3999 2700 4031 ι
2731 3980 2986 4035 Vidimus
3011 3981 3238 4050 gloriam
3270 3982 3408 4048 ejus,
3446 3983 3562 4052 glo-

1995 4076 2130 4128 riam
2183 4072 2341 4143 quasi
2395 4070 2656 4141 unigeniti
2703 4085 2735 4123 a
2791 4068 2975 4136 Patre,
3028 4090 3046 4122 ι
3082 4087 3179 4140 pro
3209 4074 3341 4127 veri.
3373 4073 3553 4141 (Psal.

1994 4178 2226 4224 Lxxxnl,
2252 4161 2356 4227 ‘14;
2390 4176 2565 4225 Lxxtt,
2601 4159 2857 4226 l;cxxv,
2889 4161 2912 4213 l
2945 4175 2960 4221 ;
2989 4159 3149 4216 Joan.
3175 4176 3214 4225 t,
3240 4161 3353 4232 14.)

2069 4255 2158 4308 11.
2190 4252 2450 4323 Designat
2489 4252 2780 4321 quemdam
2808 4251 2876 4306 de
2895 4251 3096 4323 quibus
3123 4253 3239 4307 vult
3257 4263 3312 4308 et
3334 4256 3400 4310 de
3434 4269 3569 4325 pra:-

1996 4349 2242 4404 sentibus
2260 4347 2444 4410 talem,
2470 4355 2558 4400 ut:
2593 4362 2612 4397 ι
2650 4347 3029 4400 Inhabitabunt
3052 4354 3106 4401 et
3132 4347 3508 4415 abscondent;
3540 4366 3560 4400 s

2000 4448 2058 4492 ut
2085 4439 2265 4494 dicat:
2307 4436 2726 4507 Congregantur
2763 4446 2817 4491 et
2875 4437 3107 4492 insidias
3138 4449 3355 4508 parant,
3388 4441 3567 4495 dehis

1998 4531 2053 4585 in
2100 4529 2270 4584 alium
2332 4530 2630 4583 abeuntem
2668 4528 2868 4593 locum,
2905 4528 3015 4583 illic
3045 4530 3285 4598 penitius
3321 4531 3570 4588 habitare

1997 4623 2064 4677 de
2091 4621 2329 4691 propriis
2358 4621 2826 4691 peregrinantem.
2851 4619 3027 4691 (Psal.
3061 4637 3150 4688 LV,
3178 4622 3258 4694 6.)

2069 4712 2158 4767 12.
2194 4711 2693 4766 Dicitabscondisse
2726 4718 2780 4764 et
2821 4711 2888 4765 de
2917 4709 3025 4766 Deo
3060 4712 3238 4782 ipsum
3265 4713 3568 4778 servavisse,

2000 4804 2164 4869 sicut,
2206 4821 2226 4854 ι
2276 4803 2593 4859 Abscondes
2630 4817 2723 4857 eos
2781 4803 3180 4857 inabscondito
3202 4802 3359 4858 faciei
3378 4813 3503 4867 tuae,
3547 4824 3565 4855 ›

1999 4912 2098 4968 pro
2127 4895 2377 4951 servabis.
2446 4895 2533 4959 Et,
2583 4912 2602 4944 ι
2650 4892 2957 4947 Abscondit
2993 4907 3078 4945 me
3128 4892 3180 4945 in
3219 4893 3572 4946 tabernaculo

2003 5005 2125 5056 suo;
2165 5007 2182 5039 ι
2215 4988 2330 5052 Ει,‹
2359 4985 2534 5052 Quam
2567 5000 2760 5052 magna
2791 4983 3081 5037 multitudo
3107 4982 3412 5037 dulcedinis
3443 4995 3568 5047 tua,

2003 5082 2252 5144 Domine,
2278 5093 2443 5148 quam
2478 5076 2816 5131 abscondisti
2858 5074 3174 5128 timentibus
3209 5083 3296 5141 te;
3331 5093 3351 5126 ι
3405 5086 3464 5127 ut
3491 5075 3574 5128 di-

2003 5183 2122 5226 cat:
2161 5173 2336 5236 Quam
2380 5182 2568 5224 servas
2595 5167 2914 5221 timentibus
2955 5173 3054 5232 te;
3093 5174 3182 5227 et,
3239 5183 3258 5216 ι
3313 5165 3561 5220 Abscon-

2005 5269 2244 5321 ditorum
2301 5273 2542 5324 tuorum,
2607 5277 2625 5309 ι
2700 5258 2880 5328 quasi,
2930 5259 2976 5310 A
3051 5268 3102 5312 te
3154 5258 3572 5312 custoditorum.

2007 5355 2072 5409 Et
2099 5355 2164 5408 de
2187 5352 2344 5407 nobis
2370 5369 2384 5408 :
2410 5369 2428 5401 ι
2463 5351 2519 5405 1η
2549 5349 2711 5403 corde
2736 5363 2858 5402 meo
2880 5347 3140 5404 abscondi
3163 5347 3377 5416 eloquia
3405 5359 3512 5401 tua.
3550 5366 3569 5400 ι

2008 5445 2180 5517 (Psal.
2217 5459 2348 5508 xxx,
2382 5443 2484 5507 21;
2516 5455 2664 5508 xxvi,
2705 5440 2776 5506 5;
2803 5455 2933 5505 xxx,
2972 5438 3072 5505 20;
3099 5453 3287 5503 cxvm,
3324 5439 3434 5508 Η.)

2087 5665 2169 5717 l5.
2202 5663 2340 5720 Dicit
2387 5669 2440 5716 et
2491 5659 2720 5715 dormire
2770 5660 2835 5714 de
2863 5659 3013 5715 nobis
3044 5675 3138 5730 pro
3160 5674 3379 5721 cessare,
3406 5658 3573 5713 sicut:

2019 5777 2036 5809 ι
2076 5756 2131 5812 Si
2160 5754 2444 5813 dormiatis
2484 5753 2620 5808 inter
2652 5753 2861 5808 medios
2897 5751 3095 5816 cleros,
3145 5770 3163 5804 ›
3193 5761 3264 5815 ct,
3309 5769 3326 5800 ι
3365 5748 3422 5803 In
3449 5762 3579 5818 pace
