4098 6510
550 289 689 354 1287

2024 282 2343 342 ADRIANI

3694 275 3841 339 1298

547 410 603 461 in
638 404 876 474 idipsum
916 402 1183 457 dormiam
1214 409 1266 457 et
1299 401 1661 472 requiescam.
1694 421 1713 455 ι
1756 400 1932 473 (Psal.
1957 416 2123 469 uvn,

2249 416 2374 454 νων·
2402 419 2420 453 ι
2451 401 2564 466 καὶ,
2614 419 2631 451 ι
2657 399 2746 453 Ἑν
2764 399 2955 471 εἰρήνῃ
2987 398 3080 451 ἐπὶ
3110 397 3171 451 τὺ
3200 397 3330 451 αῦτδ
3363 398 3796 468 κοιμηϐήσομαι
3816 440 3833 463 ,

550 499 646 564 14ς
684 513 754 563 Ιν,
796 494 877 563 9.)

520 596 521 599 ‘
624 589 710 643 14.
735 587 923 640 Sinam
944 601 1088 656 saepe
1110 594 1166 643 et
1197 586 1267 644 de
1298 586 1653 655 inseparabili
1687 584 1854 640 dicit:
1890 603 1909 637 ι
1948 584 2133 639 Redde

550 676 750 732 vicinis
776 676 981 731 nostris
1004 677 1314 747 septuplum
1337 678 1390 731 in
1408 678 1528 731 sinu
1559 692 1805 741 eorum,»
1839 692 1958 745 pro,
1983 676 2132 731 Inse-

550 770 847 837 parabilem
907 770 1016 823 illis
1082 769 1217 824 aﬂ‘er
1280 770 1639 839 multiplicem
1719 784 1973 837 pmnam;
2044 777 2131 832 et,

558 879 577 911 ‹
612 858 763 925 Quod
784 861 1108 916 continuisti
1128 862 1180 915 in
1200 862 1321 916 sinu
1345 878 1466 917 meo
1499 862 1795 916 multarum
1827 862 2128 932 gentium»

550 963 625 1015 et,
687 969 704 1001 ι
746 948 936 1005 Oratio
989 966 1108 1004 mea
1162 952 1216 1004 in
1266 952 1386 1006 sinu
1422 967 1544 1006 meo
1572 957 1961 1026 jconvertetur;
2008 970 2028 1000 ι
2060 959 2132 1016 et,

550 1043 629 1098 De
665 1043 842 1097 medio
872 1042 996 1097 sinu
1064 1052 1157 1095 tuo
1222 1041 1275 1095 in
1335 1046 1542 1110 linem;
1584 1063 1603 1095 ι
1637 1053 1709 1108 et,
1751 1064 1769 1097 ι
1818 1043 2136 1114 Uuigenilus

551 1132 733 1187 Filius
754 1131 847 1199 qui
870 1140 955 1185 est
983 1131 1035 1183 in
1066 1131 1188 1184 sinu
1213 1131 1410 1198 Patris,
1438 1133 1554 1202 ipse
1580 1133 1875 1187 enarravit.
1911 1152 1929 1184 ι
1962 1131 2135 1201 (Ρεαι.

552 1239 783 1285 LXXVIII,
818 1222 919 1287 l2;
986 1237 1254 1287 Lxxxvnt,
1291 1224 1393 1290 51;
1453 1241 1641 1293 xxxiv,
1682 1226 1999 1290 l'5;t.xxnt,
2026 1223 2085 1277 11
2112 1260 2141 1287 ,

550 1316 717 1371 Joau.
751 1331 789 1377 ι,
820 1313 935 1384 18.)

623 1407 715 1462 15.
768 1405 1112 1458 Mendacium
1154 1414 1314 1460 vocat
1340 1406 1486 1475 quod
1541 1422 1648 1461 non
1684 1408 1931 1472 ﬁrmum,
1965 1417 2058 1462 aut
2085 1416 2140 1463 et

553 1497 898 1557 mendacem,
936 1493 1109 1547 sicut:
1145 1513 1163 1544 ι
1194 1493 1382 1550 Omnis
1414 1496 1577 1549 homo
1611 1496 1865 1550 mendax.
1904 1515 1923 1548 ι
1956 1494 2133 1567 (Psal.

555 1604 678 1651 ειν,
709 1588 788 1657 2.)

630 1686 716 1739 16.
748 1685 831 1739 Sit
863 1685 1268 1755 coagmentatio
1318 1685 1721 1741 misericordiae
1767 1686 1860 1741 Dei
1894 1703 2016 1741 cum
2046 1703 2139 1741 ve.

2235 491 2330 544 καὶ
2368 489 2625 544 ὑπνώσω.
2652 508 2671 542 ι

2308 581 2392 637 ιδ’.
2430 581 2532 633 Τὸν
2563 582 2782 635 Κόλπον
2813 578 3085 650 πολλαχοῦ
3123 582 3221 634 καὶ⁵
3249 581 3343 634 ἐπὶ
3369 582 3464 636 τοῦ
3507 583 3836 653 ἀχωρίστου

2234 676 2416 743 λέγει·
2453 675 2529 739 ὡς
2570 675 2655 740 τὸ,
2698 694 2717 726 ‹
2742 674 2971 736 Ἀπόδος
3010 676 3126 737 τοῖς
3164 673 3406 742 γείτοσιν
3450 675 3612 746 ἡμῶν
3660 677 3837 728 tma-

2235 765 2509 819 πλασίονα
2533 768 2617 830 είς
2642 766 2735 820 τὸν
2758 765 2961 818 κόλπον
2989 764 3171 819 αὐτῶν
3187 782 3201 795 ·
3239 784 3257 818 ι
3280 767 3402 821 ἀντί
3423 766 3542 830 τοῦ,
3584 766 3835 837 Ἀχώρι-

2238 875 2363 912 στον
2395 859 2581 923 αὐτοῖς
2609 859 2895 929 παράσχου
2924 858 3023 930 τὴν
3064 859 3480 914 πολυπλασίονά
3518 877 3615 913 σου
3652 877 3838 925 τιμω-

2241 951 2364 1023 ρίαν
2389 968 2403 983 ·
2437 954 2556 1015 καὶ,
2590 970 2609 1003 t
2637 946 2711 1004 Οὒ
2747 952 2986 1025 ὑπέσχου
3018 952 3080 1004 ὲν
3117 951 3198 1022 τῷ
3243 952 3431 1023 κόλπῳ
3474 969 3577 1022 μου
3607 951 3835 1003 πολλῶν

2238 1041 2408 1095 ἐθνῶν
2432 1056 2445 1070 ·
2490 1061 2511 1095 ι
2548 1043 2665 1108 καὶ,
2702 1062 2720 1095 ι
2755 1042 2821 1095 Ἦ
2860 1044 3144 1115 προσευχή
3183 1060 3285 1113 μου
3333 1045 3413 1105 είς
3458 1043 3668 1096 κόλπον
3728 1058 3831 1111 μου

2238 1137 2752 1207 ἀποστραφήσεταιο
2789 1154 2810 1187 ι
2840 1134 2959 1200 καὶ,
2999 1152 3018 1185 t
3044 1135 3141 1189 Ἐκ
3170 1135 3338 1205 μέσου
3365 1134 3460 1188 τοῦ
3487 1135 3703 1189 κόλπου
3738 1151 3832 1186 σου

2239 1226 2321 1288 εἰς
2348 1225 2538 1288 τέλοςο
2578 1243 2597 1276 ι
2630 1226 2744 1291 καὶ,
2782 1243 2802 1276 t
2843 1225 2903 1277 Ὀ
2938 1225 3239 1296 μονογενὴς
3275 1225 3405 1288 Υἱὸς
3435 1227 3465 1277 ό
3490 1224 3567 1278 ὣν
3611 1226 3704 1287 είς
3741 1223 3833 1277 τὸν

2243 1315 2447 1371 κόλπον
2479 1316 2574 1370 τοῦ
2604 1316 2839 1387 Πατρός,
2872 1317 3083 1378 ἐκεῖνος
3117 1315 3449 1386 ἐξηγήσατο.
3476 1333 3497 1366 ι

2315 1416 2397 1460 ιε’.
2440 1407 2653 1471 Ψεῦδος
2694 1406 2852 1461 καλεῖ
2897 1407 2958 1460 τὸ
2988 1406 3268 1473 ἀῦἐὸαιον,
3304 1407 3337 1477 ἢ
3393 1407 3489 1459 καὶ
3539 1406 3828 1476 ψεύστην·

2240 1499 2316 1561 ὡς
2343 1501 2427 1566 τὸ,
2463 1519 2482 1551 ι
2504 1502 2620 1564 Πᾶς
2644 1501 2935 1571 ἄνθρωπος
2962 1499 3225 1570 ψεύστης.
3266 1518 3284 1552 ι

2302 1685 2398 1743 ις’.
2420 1679 2493 1733 Τὸ
2510 1679 2588 1750 τῷ
2601 1679 2735 1750 ἐλέῳ
2747 1678 2842 1733 τοῦ
2859 1678 2995 1733 Θεοῦ
3010 1680 3109 1749 τὴν
3126 1680 3386 1751 ἀλήθειαν
3396 1681 3750 1736 ὲπισυνάπτε
3760 1698 3831 1745 ιν,

556 1777 741 1840 ritate,
792 1778 843 1831 id
894 1790 1122 1847 propter
1155 1778 1346 1832 harum
1389 1781 1741 1833 securitatem
1762 1791 1818 1834 et
1849 1781 2136 1837 infallibile

2249 1771 2327 1825 5ιά
2355 1772 2416 1825 τὸ
2440 1774 2682 1840 ἀσφαλὲς
2716 1773 2899 1827 αὐτῶν
2926 1774 3022 1829 καὶ
3069 1773 3411 1827 ἀδιάπτωτον
3447 1773 3605 1827 τοῦτο
3639 1776 3830 1827 ποιεῖ·

559 1867 709 1933 facit,
743 1868 886 1923 sicut
916 1887 929 1922 :
968 1888 986 1919 ι
1044 1868 1417 1925 Misericordia
1445 1880 1497 1924 et
1527 1873 1730 1927 veritas
1777 1872 2137 1927 obviaverunt

2249 1866 2317 1929 ὡς
2345 1865 2428 1928 τὸ,
2487 1883 2506 1915 ‹
2549 1864 2740 1928 Ἔλεος
2773 1865 2873 1918 καὶ
2930 1866 3161 1935 ἀλήθεια
3215 1868 3594 1938 συνήντησαν·
3642 1886 3663 1918 ι
3712 1868 3831 1929 καὶ,

560 1962 666 2015 sibi
692 1976 707 2025 ;
759 1981 778 2013 ι
807 1976 898 2028 et,
939 1962 1347 2018 «Misericordia
1373 1972 1464 2019 tua
1492 1974 1546 2018 et
1569 1966 1771 2020 veritas
1802 1977 1891 2021 tua
1923 1982 2138 2036 semper

2249 1976 2271 2009 ‹
2306 1957 2379 2010 Τὸ
2413 1956 2560 2020 ἔλεός
2592 1974 2685 2011 σου
2716 1956 2871 2028 κα.ὶὴ
2903 1956 3141 2027 ἀλήθειά
3173 1976 3269 2013 σου
3295 1959 3385 2012 διὰ
3424 1960 3630 2021 παντὸς
3675 1960 3831 2011 ἀντι-

559 2053 862 2123 snscipiant
894 2070 1010 2120 me;
1054 2074 1072 2106 ι
1109 2062 1196 2116 et,
1239 2073 1256 2104 ι
1283 2054 1486 2111 Potens
1543 2072 1625 2124 es,
1679 2058 1927 2125 Domine,
1966 2068 2021 2113 et
2048 2074 2139 2113 ve-

2249 2050 2492 2104 λάὅοιντό
2529 2067 2630 2120 μου
2651 2066 2665 2082 ο
2684 2068 2705 2101 ι»
2742 2051 2858 2114 καὶ,
2882 2067 2900 2100 t
2923 2051 3157 2114 Δυνατὸς
3186 2045 3256 2115 εί,
3286 2051 3483 2120 Κύριε,
3503 2050 3602 2103 καὶ
3625 2052 3660 2120 ἡ
3693 2049 3831 2118 ἀλή-

560 2147 696 2200 ritas
758 2157 847 2201 tua
877 2148 931 2201 in
973 2149 1201 2203 circuitu
1239 2158 1359 2215 tuo;
1404 2169 1422 2202 ι
1458 2160 1531 2214 et,
1569 2169 1589 2202 ι
1624 2150 2047 2206 Misericordiam
2085 2162 2140 2206 et

2249 2143 2365 2198 θειά
2416 2160 2508 2197 σου
2535 2143 2721 2213 κύκλῳ
2778 2159 2903 2197 σου·
2928 2164 2950 2195 ι
2986 2144 3103 2211 καὶ,
3138 2163 3161 2196 ι
3205 2146 3395 2207 Ἔλεος
3430 2144 3527 2197 καὶ
3565 2142 3831 2214 ἀλήθειαν

557 2241 843 2294 veritatem
878 2240 996 2310 ejus
1027 2240 1153 2309 quis
1184 2242 1470 2311 requiret?
1507 2260 1525 2292 ›
1568 2241 1741 2312 (Psal.
1775 2259 1997 2308 uxxrv,
2031 2244 2091 2297 11
2119 2260 2135 2309 ;

558 2346 751 2393 xxxix,
788 2330 892 2394 1‘2;
930 2346 1197 2396 Lxxxvm,
1228 2332 1260 2386 9
1290 2348 1304 2397 ;
1330 2348 1423 2395 ιχ,
1454 2332 1535 2402 8.)

655 2421 740 2472 17.
801 2419 1008 2475 Lavare
1053 2437 1271 2487 Inanus,
1348 2422 1469 2477 loco
1532 2422 1831 2489 dictionis,
1878 2440 1996 2479 non
2084 2424 2136 2478 in

559 2512 797 2580 quodam
871 2514 1089 2582 negotio
1137 2530 1249 2566 rem
1306 2514 1545 2581 habere;
1615 2515 1886 2584 siquidem
1923 2516 1973 2568 id
2009 2517 2139 2587 legis

560 2614 642 2658 est
669 2604 809 2673 apud
836 2606 1279 2670 veteres;sicut,
1320 2624 1338 2657 ‹
1386 2605 1603 2661 Lavabo
1640 2608 1784 2661 inter
1823 2608 2141 2662 innocentes

560 2711 755 2750 manus
797 2711 980 2761 meas;
1022 2715 1039 2746 ι
1097 2707 1171 2761 et,
1213 2717 1231 2748 ι
1270 2697 1465 2753 Manus
1527 2714 1657 2753 suas
1685 2700 1888 2754 lavabit
1922 2700 1974 2753 in
2016 2716 2144 2754 san-

561 2789 726 2857 guine
754 2788 1095 2857 peccatoris;
1128 2808 1147 2841 ι
1183 2804 1283 2860 pro
1305 2831 1321 2855 ,
1387 2791 1736 2846 lnnocentem
1776 2793 2013 2863 seipsum
2040 2793 2142 2846 ltu—

557 2882 649 2950 jus
684 2881 764 2936 rei
828 2895 1004 2951 pwnae
1062 2882 1351 2949 ostendet;
1425 2883 1507 2938 sic
1549 2894 1604 2938 et
1655 2884 1863 2940 Pilatus
1920 2883 2067 2939 fecit.
2136 2903 2143 2912 ι

563 2968 738 3039 (Ρεαι.
776 2986 901 3036 xxv,
933 2971 1000 3037 6;
1033 2986 1166 3038 Lvu,
1205 2972 1306 3039 ii;
1363 2971 1558 3025 Matth.
1592 2974 1785 3043 xxvii.)

636 3063 724 3115 18.
757 3063 1181 3117 Similitudinem
1237 3063 1370 3118 dicit
1418 3079 1563 3133 saepe
1632 3064 1752 3120 loco
1808 3065 1908 3130 rei,
1966 3064 2138 3120 sicut:

2244 2235 2412 2289 αὐτοῦ
2451 2236 2534 2300 τίς
2567 2236 2897 2308 ὲκζητήσει;
2933 2256 2954 2288 ι

2325 2415 2412 2481 ιζ’.
2465 2417 2577 2481 Τὸ,
2613 2436 2632 2470 ι
2671 2417 2953 2489 Νίψασθαι
2994 2418 3097 2483 τὰς
3147 2421 3369 2491 χεῖρας,
3402 2438 3421 2470 ι
3462 2418 3561 2473 ὲπὶ
3598 2416 3696 2473 τοῦ
3741 2420 3829 2489 Μὴ

2245 2510 2573 2581 κοινωνῆσαί
2601 2528 2748 2574 τινος
2769 2511 3096 2582 πράγματος
3115 2527 3130 2541 ο
3161 2531 3179 2562 ι
3204 2512 3391 2582 ἐπειδὴ
3420 2511 3581 2565 τοῦτο
3608 2528 3831 2581 νενομο-

2250 2601 2479 2672 θέτηται
2523 2604 2637 2664 τοῖς
2669 2602 2918 2666 παλαιοῖς
2938 2620 2952 2633 ·
2982 2604 3058 2666 ὡς
3087 2603 3168 2667 τὸ,
3205 2622 3225 2654 ε
3253 2604 3499 2673 Νίψομαι
3540 2607 3600 2657 ἐν
3630 2604 3829 2666 ἀθώοις

2249 2694 2349 2756 τάς
2379 2694 2569 2764 χεῖράς
2593 2712 2695 2765 μου
2717 2709 2730 2722 ⁸
2759 2715 2777 2747 ι
2804 2695 2921 2759 καὶ,
2955 2716 2973 2747 ι
2994 2696 3101 2757 Τάς
3123 2698 3312 2766 χεῖρας
3335 2696 3503 2749 αὐτοῦ
3535 2698 3753 2767 νίφεται
3770 2698 3827 2749 ἐν

2247 2783 2324 2855 τῷ
2352 2786 2547 2854 αἵματι
2567 2785 2663 2839 τοῦ
2683 2787 3033 2857 ἁμαρτωλοῦ·
3058 2807 3076 2839 ι
3098 2790 3220 2841 ἀντὶ
3238 2788 3357 2852 τοῦ,
3379 2788 3613 2842 ι’Δθῶον
3638 2789 3828 2842 ἑαυτὸν

2244 2878 2347 2947 τῆς
2366 2878 2579 2931 ἐκείνου
2610 2879 2888 2950 τιμωρίας
2906 2878 3183 2945 ἀποδείξει
3207 2896 3219 2908 ·
3250 2898 3269 2932 ι
3300 2878 3442 2932 οὕτω
3465 2880 3563 2934 καὶ⁵
3593 2880 3827 2942 Ηιλάτος

2246 2970 2495 3040 ἐποίησε.

2321 3065 2413 3128 ιη’.
2454 3059 2564 3127 Τὴν
2584 3058 2883 3130 ὁμοιότητα
2925 3060 3077 3128 λέγει
3113 3059 3375 3124 πολλάκις
3405 3061 3526 3117 ἀντὶ
3554 3058 3649 3113 τοῦ
3684 3059 3826 3130 πρά-

567 3173 590 3207 ι
619 3154 981 3209 Αιεεὶιηίιοὺοι·
1018 3156 1481 3212 descendentibus
1506 3158 1561 3211 in
1595 3158 1800 3223 lacum,
1844 3177 1862 3209 ι
1899 3172 1997 3227 pro
2051 3159 2144 3212 de-

2249 3167 2493 3221 γματοςο
2525 3151 2601 3215 ὡς
2626 3152 2710 3215 τὸ,
2750 3171 2769 3203 ι
2814 3153 2925 3206 Καὶ
2954 3150 3377 3224 όμοιωθήσομαι
3411 3155 3525 3216 τοῖς
3563 3152 3829 3206 καταϐαί-

561 3246 830 3301 scendam.
854 3245 1038 3313 .(Psal.
1062 3262 1233 3312 xxvu,
1261 3247 1334 3317 1.)

635 3340 724 3393 19.
757 3339 965 3393 Caelum
1008 3353 1156 3407 saepe
1210 3341 1381 3394 caelos
1429 3349 1613 3402 vocat,
1641 3340 1805 3405 sicut,
1842 3357 1861 3392 ι
1890 3339 2147 3405 :Laudate

565 3428 856 3483 Dominum
890 3430 955 3483 de
977 3431 1154 3483 caelis.
1190 3448 1209 3480 ι
1248 3429 1427 3499 (Ρδαι.
1455 3447 1681 3496 chvlu,
1710 3419 1787 3503 1.)

636 3519 727 3573 20.
759 3518 1058 3573 Parabolas
1092 3520 1209 3574 sine
1258 3538 1355 3583 ως,
1387 3524 1552 3587 sicut,
1600 3537 1742 3593 saepe
1766 3523 1935 3591 dicit;
1969 3523 2145 3577 sicut:

574 3630 593 3661 ι
631 3609 833 3664 Eduxit
869 3626 955 3664 me
979 3611 1045 3664 de
1074 3610 1196 3664 lacu
1219 3611 1492 3679 miseriae;
1528 3633 1548 3665 ›
1587 3623 1662 3681 et,
1698 3633 1718 3666 ι
1760 3614 1861 3681 Qui
1895 3614 2027 3670 facit
2052 3631 2151 3670 an-

569 3704 721 3772 gelos
743 3716 876 3756 suos
901 3703 1144 3771 spiritus,
1172 3712 1226 3757 et
1256 3704 1542 3759 ministros
1606 3722 1733 3762 suos
1779 3707 1959 3778 ignem
1994 3724 2152 3763 uren-

570 3806 719 3859 tem;
757 3810 777 3843 ›
815 3803 890 3858 et,
922 3810 941 3844 ‹
988 3791 1373 3849 Transivimus
1404 3810 1502 3864 per
1538 3796 1720 3865 ignem
1764 3807 1821 3853 et
1850 3813 2083 3869 aquam;
2125 3819 2143 3852 ι

568 3896 646 3951 et,
669 3883 1019 3939 «Ascendunt
1042 3895 1316 3951 montesp
1344 3895 1448 3948 et,t
1476 3886 1700 3943 Catulus
1730 3889 1900 3944 leonis
1926 3889 2099 3959 Juda;
2126 3911 2144 3943 ι

568 3985 648 4039 et,
683 3994 701 4027 ι
740 3973 942 4030 Factus
973 3976 1292 4030 estAdamo
1311 3977 1536 4032 coluber
1580 3980 1636 4033 in
1669 3981 1785 4046 via;
1831 3998 1850 4032 ›
1878 3990 1953 4045 et,
1996 4001 2015 4033 ι
2062 3983 2151 4037 Si-

572 4069 686 4123 mul
719 4076 1014 4137 pascentur
1061 4068 1220 4138 lupus
1246 4083 1370 4122 cum
1401 4084 1577 4139 agno;
1610 4087 1630 4121 ι
1659 4081 1732 4136 et,
1772 4089 1791 4123 ι
1832 4070 2152 4142 Egredietur

571 4161 725 4227 virga
763 4158 831 4212 de
865 4157 1048 4213 radice
1074 4156 1262 4220 Jesse;
1308 4177 1329 4211 ι
1364 4170 1439 4226 ct,
1476 4178 1494 4211 ι
1534 4160 1672 4216 Ecce
1712 4177 1814 4233 ego
1836 4164 2151 4233 praeparabo

574 4251 810 4319 lapidem
832 4258 988 4304 tuum
1024 4252 1465 4320 carbunculum;
1509 4271 1527 4304 ι
1558 4262 1651 4320 et,
1700 4271 1719 4305 ι
1769 4254 1908 4322 Equi
1942 4265 2151 4311 amato-

573 4357 664 4395 res
690 4358 706 4407 ;
747 4360 767 4393 ι
798 4351 874 4406 et,
902 4360 923 4394 ‹
953 4341 1092 4408 Quia
1122 4344 1262 4414 ignis
1291 4347 1528 4401 comedit
1549 4348 1799 4418 speciosa
1821 4350 2053 4417 deserti;
2076 4359 2148 4414 et,

578 4453 599 4485 ι
645 4434 878 4503 Liguum
907 4436 1036 4490 vita
1058 4445 1175 4500 est;
1215 4455 1235 4490 ι
1266 4447 1341 4501 et,
1380 4457 1397 4488 ‹
1431 4438 1615 4508 Spinae
1645 4443 2014 4496 nascanturin
2037 4457 2152 4496 ma-

2248 3258 2431 3295 νουσιν
2454 3243 2533 3307 είς
2571 3243 2774 3297 λάκκον
2796 3259 2810 3272 '
2855 3262 2875 3295 ι
2911 3244 3035 3298 ἀντὶ
3068 3243 3187 3307 τοῦ,
3223 3244 3645 3314 Καταϐήσομαι.

2320 3334 2409 3389 ιϐ’.
2448 3335 2553 3389 Τὸν
2579 3337 2809 3407 οὐρανὸν
2842 3338 3106 3400 πολλάκις
3129 3338 3395 3408 οὐρανοὺς
3424 3336 3616 3390 καλεῖ·
3646 3338 3723 3400 ὡς
3750 3336 3827 3403 τὸ,

2252 3445 2273 3478 ι
2306 3430 2516 3481 Αἰνεῖτε
2548 3429 2641 3481 τὸν
2672 3428 2881 3500 Κύριον
2914 3430 2979 3481 ὲκ
3006 3428 3116 3483 τῶν
3148 3429 3415 3499 οὐρανῶν.
3452 3446 3473 3480 ι

2321 3518 2393 3573 κ’.
2430 3520 2542 3583 Τὰς
2578 3520 2901 3591 παραϐολὰς
2928 3519 3059 3573 ἄνευ
3090 3519 3185 3573 τοῦ
3215 3520 3297 3585 ὡς
3336 3519 3485 3587 λέγει
3526 3518 3825 3584 πολλάκις·

2250 3610 2326 3674 ὡς
2355 3612 2439 3676 τὸ,
2476 3631 2494 3662 t
2523 3612 2634 3665 Καὶ
2664 3612 2913 3682 ἀνήγαγέ
2943 3629 3009 3682 με
3040 3613 3107 3665 ὲκ
3120 3612 3329 3667 λάκκου
3357 3612 3740 3682 ταλαιπωρίας
3763 3628 3777 3640 ·
3806 3631 3823 3663 ι

2252 3704 2367 3767 καὶ,
2404 3723 2422 3754 ι
2458 3703 2516 3757 '0
2546 3703 2719 3758 ποιῶν
2746 3704 2872 3766 τοὺς
2904 3703 3175 3772 ἀγγέλους
3200 3704 3363 3757 αὑτοῦ
3394 3704 3710 3775 πνεύματα,
3741 3708 3829 3759 καὶ

2250 3799 2378 3860 τοὺς
2408 3796 2763 3866 λειτουργοὺς
2801 3794 2971 3848 αὑτοῦ
3001 3794 3115 3866 πῦρ
3141 3794 3340 3864 φλέγον
3360 3811 3373 3823 ·
3409 3814 3427 3846 ι
3460 3797 3577 3859 καὶ,
3622 3815 3642 3847 ι
3669 3796 3828 3865 Διήλ-

2253 3893 2421 3959 θομεν
2450 3888 2539 3943 διὰ
2567 3887 2743 3958 πυρὸς
2773 3887 2869 3941 καὶ
2901 3886 3093 3950 ὓδατος
3111 3902 3126 3917 ο
3163 3905 3181 3939 ι
3216 3888 3334 3954 καὶ,
3374 3907 3395 3939 t
3419 3886 3830 3941 Ἀναδαίνουσιν

2252 3981 2353 4053 ὅρη
2375 3997 2389 4012 ο
2423 3981 2539 4046 καὶ,
2578 3999 2598 4032 ι
2641 3979 2891 4050 Σκύμνος
2916 3980 3132 4042 λέοντος
3157 3979 3330 4034 Ἰούδα
3350 3995 3367 4013 ·
3401 3999 3420 4032 ι
3452 3982 3569 4046 καὶ,
3622 4000 3642 4032 ι
3678 3981 3832 4049 Ἐγε-

2252 4072 2391 4144 νήθη
2426 4072 2502 4142 (5)
2532 4070 2611 4142 τῷ
2643 4071 2818 4141 Ἀδὰμ
2849 4070 2972 4141 ὄφις
2996 4071 3227 4140 ὲφόδουυ
3259 4090 3280 4123 ι
3313 4071 3430 4140 καὶ,
3467 4090 3485 4123 ‹
3520 4072 3833 4145 Συμὸοσκηο

2254 4165 2482 4235 Θήσεται
2530 4162 2697 4225 λύκος
2763 4162 2882 4232 μετ’
2928 4163 3128 4233 ἀρνός*
3164 4182 3183 4216 ι
3223 4164 3341 4228 καὶ,
3394 4182 3412 4214 t
3452 4162 3831 4230 Ἐξελεύσεται

2254 4257 2448 4327 ῥάϐδος
2497 4256 2563 4309 ὲκ
2608 4254 2709 4325 τῆς
2767 4254 2925 4327 ῥίζης
2973 4255 3211 4308 Ἰεσσαί”
3252 4273 3272 4307 ι
3319 4255 3437 4320 καὶ,
3490 4257 3672 4310 (Ἰδοὺ
3722 4256 3831 4325 ἐγὼ

2252 4346 2531 4417 ἐτοιμάζω
2580 4346 2673 4399 τὸν
2719 4344 2865 4399 λίθον
2910 4362 3006 4399 σου
3050 4346 3335 4418 ἄνθρακα·
3380 4366 3399 4399 ι
3438 4348 3555 4413 καὶ,
3595 4366 3616 4399 t
3645 4349 3831 4402 Ἱπποι

2254 4440 2622 4512 θηλυμανείς·
2659 4458 2679 4492 ι
2720 4441 2836 4506 καὶ,
2874 4460 2893 4492 t
2919 4440 3043 4496 ’Ότι
3096 4440 3212 4512 πῦρ
3254 4441 3503 4496 ἀνάλωσε
3540 4441 3613 4495 τὰ
3655 4443 3832 4512 ὡραῖα

577 4541 650 4578 nu
699 4524 1014 4592 temulenti;
1047 4544 1066 4577 ι
1099 4535 1175 4591 et,
1233 4545 1252 4577 ι
1286 4528 1597 4583 Conversus
1660 4545 1783 4584 sum
1827 4532 1880 4585 in
1906 4547 2144 4587 aerumna

2250 4534 2351 4604 τῆς
2400 4534 2643 4605 ἐρήμουο
2697 4552 2717 4586 ι
2773 4533 2892 4598 καὶ,
2948 4549 2968 4583 t
3019 4531 3192 4585 Ξύλον
3246 4532 3393 4603 ζωῆς
3454 4534 3606 4587 ἐστι*
3658 4552 3677 4586 ι
3719 4533 3830 4597 καὶ,

578 4618 706 4671 dum
751 4617 884 4673 milii
934 4618 1225 4687 conﬁgitur
1271 4619 1463 4690 spina;
1496 4638 1516 4671 ι
1575 4630 1661 4688 et,
1730 4641 1749 4675 ι
1786 4623 2053 4679 Bibebant
2089 4625 2157 4680 de

2254 4625 2528 4680 ’Δκανθαι
2552 4625 2781 4695 φύονται
2807 4628 2865 4680 ὲν
2892 4624 3038 4696 χειρὶ
3067 4623 3335 4694 μεθύσου·
3361 4644 3379 4678 ι
3403 4625 3519 4691 καὶ,
3549 4643 3568 4675 ι
3600 4624 3831 4695 Ἐστρά-

578 4707 813 4775 spiritali
857 4718 1233 4778 consequente
1288 4725 1384 4765 eos
1418 4720 1592 4780 petra,
1638 4725 1794 4783 petra
1827 4724 2009 4770 autem
2036 4727 2144 4772 eral

2252 4736 2361 4791 φην
2395 4720 2475 4782 εἰς
2510 4718 2893 4788 ταλαιπωρίαν
2933 4719 2991 4771 ὲν
3034 4718 3112 4788 τῷ
3146 4718 3469 4789 ἐμπαγῆναι
3524 4735 3620 4789 μοι
3666 4720 3830 4772 ἀκαν-

576 4798 857 4855 Christus.
900 4820 920 4852 ι
956 4801 1042 4865 Et,
1069 4800 1349 4856 «Flumina
1372 4802 1440 4857 de
1457 4814 1645 4859 ventre
1671 4805 1790 4875 ejus
1812 4804 1983 4861 ﬂuent
2001 4824 2158 4879 aqua:

578 4890 737 4944 vivae.
767 4908 788 4942 ι
822 4890 998 4961 (Psal,
1033 4907 1222 4958 χχιιι,
1248 4892 1282 4947 5
1303 4908 1325 4946 '.
1373 4907 1495 4959 Lm,
1527 4893 1597 4961 4;
1649 4910 1772 4961 va,
1802 4895 1900 4964 42;
1934 4911 2051 4963 CIII,
2082 4900 2148 4967 8;

564 4978 709 5036 Gen.
739 4997 887 5047 ηις,
911 4984 966 5046 9,
990 4984 1122 5050 etc.)

644 5158 741 5212 2|.
764 5159 1087 5216 Amembris
1112 5163 1385 5217 actionem
1413 5164 1762 5222 manifestat:
1794 5168 1938 5225 sicut
1962 5188 1975 5227 :
2002 5192 2020 5223 ι
2044 5173 2155 5228 lni-

578 5252 765 5320 quitas
794 5253 1034 5308 caleanci
1070 5256 1179 5309 mei
1208 5255 1574 5312 circumdabit
1613 5275 1720 5328 me,
1762 5280 1789 5315 ›
1828 5262 1969 5329 loco,
2000 5284 2020 5316 ι
2065 5282 2157 5322 ac-

581 5342 749 5397 tionis
775 5359 929 5411 mea-;
954 5355 1057 5411 et,t
1090 5346 1472 5417 Supplantavit
1505 5365 1593 5405 me
1615 5351 1753 5422 jam,
1785 5373 1804 5405 ι
1833 5370 1953 5425 pro,
1985 5356 2157 5413 Frau-

581 5433 651 5487 de
683 5448 769 5489 tne
794 5436 957 5505 cepit.
985 5434 1067 5501 Et,
1114 5455 1134 5487 ε
1167 5437 1577 5497 Confundamus
1628 5458 1819 5497 eorum
1859 5445 2095 5516 linguas,
2129 5468 2147 5500 ι

2253 4811 2352 4865 θαν
2376 4826 2389 4841 θ
2421 4828 2440 4861 ›
2479 4809 2595 4874 καὶ,
2630 4827 2649 4861 t
2676 4809 2903 4863 Ἐπινον
2930 4809 2996 4861 ὲκ
3018 4807 3404 4877 πνευματικῆς
3429 4808 3831 4878 ἀκολουθούσης

2257 4899 2501 4970 πέτρας
2533 4901 2566 4968 ἡ
2594 4898 2663 4951 δὲ
2697 4899 2878 4970 πέτρα
2906 4894 2976 4968 ἦν
3001 4899 3030 4951 ό
3063 4898 3331 4969 Χριστός·
3371 4916 3390 4950 ι
3434 4900 3554 4963 καὶ,
3600 4917 3620 4950 t
3659 4900 3829 4953 Ποτα-

2262 4993 2353 5063 μοὶ
2398 4994 2464 5045 ὲκ
2503 4993 2609 5063 τῆς
2658 4991 2868 5054 κοιλίας
2914 4990 3082 5045 αὑτοῦ
3131 4990 3418 5061 ῥεύσουσιν
3456 4991 3655 5058 ὓδατος
3702 4992 3829 5057 ζῶν-

2258 5102 2371 5149 τος.

2330 5182 2439 5230 κα’.
2486 5174 2623 5231 ’Λπὺ
2653 5175 2852 5246 μέλους
2878 5175 2982 5248 τὴν
3009 5176 3212 5248 πρᾶξιν
3242 5178 3532 5249 ἐμφαίνειο
3561 5172 3697 5242 οἷον,
3732 5196 3752 5231 t
3771 5176 3826 5230 Ἦ

2259 5269 2461 5341 ἀνομία
2515 5268 2618 5340 τῆς
2645 5270 2888 5341 πτέρνης
2932 5287 3034 5341 μου
3085 5270 3361 5327 κυκλώσει
3415 5286 3484 5342 με
3507 5288 3521 5302 ·
3549 5272 3694 5336 ἀντὶ,
3726 5270 3827 5338 Τῆς

2260 5361 2516 5435 πράξεώς
2543 5379 2647 5433 μου
2669 5377 2684 5392 ·
2729 5380 2748 5414 ι
2786 5362 2905 5428 καὶ,
2941 5382 2961 5414 ‹
2984 5365 3151 5417 Αὐτοὶ
3177 5364 3279 5433 τὴν
3324 5365 3565 5436 πτέρναν
3604 5379 3704 5433 μου
3737 5377 3824 5430 cpu-

2262 5453 2515 5518 λάξουσισ
2548 5472 2568 5505 ι
2606 5455 2721 5520 καὶ,
2761 5471 2781 5506 t
2813 5454 3136 5526 Ἐπτέρνισὲ
3193 5473 3261 5528 με
3311 5457 3445 5528 ήδη·
3478 5475 3500 5509 ι
3529 5455 3657 5509 ἀντὶ
3700 5449 3818 5515 τοῦ.

1744 5581 1833 5637 DA
1846 5582 1952 5639 VID
1990 5585 2387 5644 llOESCliELIl
2437 5588 2671 5647 NOTAE.

653 5684 734 5756 (ὅ)
788 5684 1141 5753 Ἐπτὲρνισέ
1177 5707 1271 5758 με.
1324 5692 1660 5763 Πτερνιστὴς
1709 5697 1833 5753 inde
1880 5698 2061 5757 dictus
2100 5720 2111 5755 :

2249 5704 2379 5760 mim
2412 5702 2656 5761 ilebra‘is
2684 5708 2711 5760 ό
2738 5704 2958 5772 Ἰακὼϐ,
2997 5705 3173 5777 inquit
3205 5705 3385 5762 Philo.
