4098 6530
279 356 421 425 1289

1336 360 1663 423 lSAGOGE
1731 360 1813 422 IN
1848 360 1955 421 SS.
1996 358 2492 423 SCRIPTURAS.

3418 356 3562 421 1:290.

281 489 305 522 «
333 467 768 543 ὲρῤᾳδιούργησε
786 484 801 499 ·
835 487 855 521 ι
892 469 989 523 καὶ
1015 470 1078 524 τό
1100 486 1117 501 ·
1158 488 1177 522 ι
1214 470 1548 543 Συγχέωμεν
1565 470 1745 525 αὐτῶν
1766 469 1867 531 τὰς

1981 483 2087 538 pro,
2107 469 2362 539 loquelas.
2410 468 2476 523 Et
2519 486 2533 523 :
2577 488 2594 520 «
2632 467 2896 541 Apposuit
2926 468 3060 524 Inibi
3111 482 3321 535 aurem,
3357 488 3373 520 ι
3431 470 3554 525 loco

275 563 563 633 γλώσσας·
599 582 619 616 ι
648 562 769 616 ἀντὶ
797 560 917 625 τοῦ,
943 563 1053 629 τὰς
1079 562 1286 633 φωνάς
1306 580 1322 596 ο
1355 563 1470 618 καί·
1501 581 1520 615 ι
1548 560 1865 634 Προσέθηκέ

281 673 377 727 μοι
407 654 599 709 ὠτίον·
627 674 646 708 ι
675 654 797 707 ἀντὶ
826 652 944 719 τοῦ,
964 655 1248 722 ὑπακοήν
1270 673 1285 688 ·
1312 676 1331 707 ι
1358 657 1471 710 καί·
1504 675 1523 708 «
1553 657 1619 709 Ἦ
1644 653 1869 724 γλῶσσα

277 749 394 803 τῶν
432 747 615 803 κυνῶν
668 762 825 800 σου·›
861 747 984 802 ἀντὶ
1036 748 1158 813 τοῦ,
1212 748 1252 818 ἡ
1295 747 1518 817 λάψις·
1558 768 1578 801 ι
1642 749 1734 802 καὶ
1781 746 1866 814 τὸ,

286 860 307 894 «
342 838 601 893 Γλῶσσαν
629 839 695 909 ἣν
719 838 822 890 οὐκ
849 835 995 905 ἔγνω
1019 838 1276 909 ἤκουσεν.
1312 856 1332 889 ι

353 931 461 1003 κβ¹.
503 930 617 1002 Τὴν
652 928 799 985 ὁδὸν
829 928 1096 993 πολλάκις
1125 930 1248 983 ἀντὶ
1282 929 1536 1001 πράξεως
1571 930 1754 1000 λέγει·
1787 930 1865 996 ὡς

281 1025 368 1090 τὸ,
403 1041 423 1077 ι
453 1022 737 1093 Μακάριοι
766 1023 815 1074 oi
842 1021 1067 1092 ἄμωμοι
1095 1021 1154 1076 ὲν
1192 1021 1319 1093 ὁδῷ,
1342 1024 1391 1075 oi
1425 1023 1816 1095 πορευόμενοι·
1839 1042 1861 1077 ι

284 1115 403 1177 καὶ.
438 1134 458 1166 «
487 1109 775 1184 Ἐκρυψαν
805 1111 972 1182 ἱερεῖς
999 1110 1119 1166 ὀδόν
1143 1129 1159 1145 ·
1194 1110 1282 1167 ἵνα
1332 1113 1486 1185 εἴπῃ,
1515 1113 1617 1185 τὴν
1658 1113 1869 1168 ἑαυτῶν

284 1205 489 1278 πρᾶξιν
512 1221 526 1235 ·
568 1224 587 1257 ι
621 1204 738 1270 καὶ,
780 1224 799 1256 ι
832 1201 1045 1268 Τάξατε
1076 1204 1178 1269 τὰς
1207 1204 1439 1277 καρδίας
1477 1204 1632 1276 ὑμῶν
1661 1206 1742 1271 εἰς
1770 1206 1871 1272 τάς

286 1299 440 1362 ὁδοὺς
472 1298 660 1369 ὑμῶν·
697 1316 715 1349 ι
746 1297 863 1363 καὶ,
898 1315 917 1349 ι
947 1295 1064 1349 Ἵνα
1099 1295 1152 1348 τί
1193 1294 1507 1367 ὲπλάνησας
1563 1298 1710 1368 ἡμᾶς
1761 1296 1870 1351 ἀπὸ

285 1390 388 1461 τῆς
411 1388 532 1443 ὁδοῦ
565 1406 692 1457 σούς
729 1407 746 1439 ι
775 1388 894 1452 καὶ,
926 1405 945 1439 «
981 1386 1047 1442 Ai
1090 1386 1199 1441 ὁδοί
1237 1403 1332 1440 σου
1358 1388 1453 1441 καὶ
1481 1386 1549 1441 τά
1588 1387 1872 1458 ἐπιτηδεύ-

288 1483 440 1555 ματά
466 1498 563 1536 ’σου
607 1481 873 1552 ἐποίησάν
914 1496 998 1533 σοι
1033 1479 1238 1534 ταῦτα·
1267 1497 1287 1532 ι
1322 1480 1438 1545 καὶ,
1485 1500 1504 1531 ι
1539 1480 1731 1544 Ὅπως
1773 1480 1869 1535 ἐάν

1968 561 2229 616 dictionis
2257 563 2501 616 auditum
2527 580 2546 627 ;
2578 573 2667 619 ct:
2700 582 2718 614 «
2749 562 3017 633 Linguam
3049 577 3246 618 canum
3273 571 3492 617 tuorum
3534 588 3549 613 ι

1969 667 2091 723 pro,
2122 656 2450 721 putationem
2475 672 2490 721 ;
2520 664 2573 711 et
2604 671 2617 707 :
2653 654 2954 727 «Linguam
2990 669 3157 727 quam
3196 670 3304 710 non
3328 664 3558 709 noverat

1969 744 2199 798 audivit.
2247 764 2266 795 ο
2308 742 2482 813 (Ρδαι.
2539 760 2729 811 XLVIII,
2763 744 2827 808 5;
2884 743 3015 799 Gen.
3060 757 3229 808 xxvu,
3282 742 3387 808 56;
3436 739 3553 795 Isa.

1970 849 2023 899 1.,
2052 836 2120 899 4;
2153 835 2305 890 Psal.
2345 852 2515 904 vau,
2544 836 2647 902 24;
2681 853 2846 901 Lux,
2890 836 2990 906 6.)

2037 925 2133 981 Ἡ.
2168 926 2324 981 Viam
2348 943 2490 999 saepe
2549 930 2670 985 loco
2721 930 2962 985 actionis
3011 928 3176 984 dicit:
3219 948 3238 981 «
3279 926 3426 984 Beati
3457 927 3559 985 ivn-

1972 1020 2227 1075 maculati
2259 1021 2313 1074 in
2365 1022 2475 1087 via,
2526 1024 2619 1093 qui
2668 1024 2971 1079 ambulant.
2996 1044 3014 1076 ι
3048 1022 3113 1078 Et
3153 1039 3166 1074 :
3211 1023 3561 1078 «Altscondc-

1969 1122 2101 1167 runt
2120 1106 2437 1169 sacerdotes
2457 1114 2624 1183 viam,
2651 1133 2671 1168 ι
2702 1124 2763 1170 ιιι
2786 1116 2965 1173 dicat«
3001 1130 3194 1172 eorum
3208 1115 3504 1183 actionem;
3535 1134 3554 1165 ι

1971 1205 2086 1262 Et:
2135 1224 2153 1257 «
2193 1204 2387 1262 Ponite
2412 1207 2580 1263 corda
2629 1217 2810 1262 vestra
2849 1223 3015 1279 super
3066 1211 3185 1264 vias
3236 1217 3486 1276 vestias;
3534 1227 3554 1258 ι

1969 1310 2027 1355 et
2066 1318 2080 1354 :
2119 1320 2137 1351 «
2174 1300 2353 1367 Quare
2385 1315 2573 1355 errare
2619 1316 2719 1356 nos
2754 1301 2929 1357 iecisti
2978 1303 3045 1357 de
3075 1302 3178 1357 viis
3209 1302 3354 1369 tuis;
3393 1321 3412 1354 ι
3456 1310 3511 1357 et
3545 1321 3557 1355 :

1978 1410 1998 1443 «
2034 1390 2147 1447 Viae
2171 1403 2278 1447 tua:
2324 1401 2377 1447 et
2410 1394 2777 1463 cogitationes
2818 1404 2923 1448 tua:
2953 1396 3202 1449 iecerunt
3228 1394 3346 1450 lucc
3375 1394 3497 1461 tibi;
3537 1413 3559 1446 ι

1970 1493 2028 1538 et
2056 1500 2072 1539 :
2112 1501 2131 1535 «
2168 1481 2235 1538 Ut
2261 1485 2305 1538 si
2337 1500 2474 1553 quos
2506 1486 2805 1541 invenisset
2834 1486 2997 1556 hujus
3024 1487 3124 1541 via:
3158 1487 3310 1541 vivos
3340 1504 3355 1554 ;
3411 1506 3430 1538 ι
3459 1498 3512 1541 et
3546 1506 3560 1541 :

284 1591 438 1638 τινας
466 1573 604 1644 εὕρῃ
636 1571 739 1642 τῆς
761 1570 881 1625 ὁδοῦ
913 1570 1077 1633 ὄντας
1097 1586 1113 1600 ·
1158 1588 1176 1623 ι
1207 1568 1324 1633 καὶ,
1367 1588 1386 1620 «
1425 1569 1514 1632 Ὠς
1542 1568 1748 1639 ταύτην
1772 1571 1871 1641 τὴν

284 1665 407 1720 ὁδὸν
454 1663 682 1728 ἐδίωξα·
722 1681 742 1716 ι
776 1661 894 1728 καὶ,
936 1679 955 1712 «
993 1658 1153 1715 Κατὰ
1192 1660 1295 1732 τὴν
1343 1659 1465 1715 ὁδὸν
1504 1659 1575 1732 ἢν
1619 1660 1870 1731 λέγουσιν

288 1759 528 1832 αἰρεσιν,
554 1755 706 1809 οὕτω
732 1751 1007 1825 λατρεύω.
1040 1771 1060 1806 ι

1976 1590 1996 1624 «
2027 1572 2133 1638 Qui
2165 1573 2306 1628 hanc
2329 1575 2471 1629 viam
2497 1585 2819 1645 persecutus
2848 1590 2969 1632 sum
2994 1590 3009 1644 ;
3037 1595 3055 1629 ι
3091 1587 3165 1641 et,
3195 1596 3214 1628 «
3249 1577 3565 1633 Secundum

1971 1664 2116 1720 viam
2156 1681 2323 1736 quam
2370 1666 2562 1722 dicunt
2612 1668 2889 1732 haeresim,
2940 1669 3021 1725 sic
3042 1669 3312 1725 deservio.
3344 1669 3562 1738 :(Psal.

1972 1768 2163 1820 cxvut,
2198 1755 2250 1819 1,
2276 1757 2344 1823 5;
2376 1772 2583 1823 cxxvu,
2615 1759 2635 1811 l
2662 1775 2677 1824 ;
2705 1756 2838 1814 Osee
2873 1774 2948 1826 vn,
2992 1760 3065 1826 9;
3106 1762 3237 1831 Agg.
3263 1775 3313 1828 ι,
3355 1760 3422 1826 5;
3448 1756 3563 1814 Im.

1901 1834 1944 1891 Β
1976 1861 2132 1909 um,
2184 1847 2290 1914 i7;
2335 1847 2535 1904 Jerem.
2595 1867 2671 1918 iv,
2727 1853 2834 1918 18;
2892 1852 3012 1906 Act.
3074 1867 3151 1920 Ix,
3206 1852 3283 1920 2;
3326 1853 3564 1919 xxu,4;

1970 1936 2213 2009 24,14.)

361 2028 471 2094 κγ’.
510 2023 623 2092 Τὴν
662 2020 983 2090 ὑπομονὴν
1020 2017 1284 2084 πολλάκις
1339 2020 1463 2075 ἀντὶ
1521 2020 1620 2091 τῆς
1677 2033 1869 2089 προσ·-

2041 2027 2132 2083 25.
2171 2027 2636 2100 Exspectatt'onem
2669 2048 2814 2103 saepe
2848 2033 2967 2089 loco
2993 2036 3103 2103 spei
3134 2034 3290 2100 dicit,
3324 2043 3439 2102 aut,
3470 2050 3567 2091 exn

289 2120 501 2185 ὃοκιάς
538 2117 711 2186 λέγει,
744 2116 778 2186 ἢ
808 2116 904 2168 καὶ
943 2114 1005 2167 τὸ
1032 2113 1363 2183 ὑπομένειν
1402 2114 1525 2169 ἀντὶ
1567 2110 1663 2167 τοῦ
1696 2130 1871 2183 προσο

1981 2132 2210 2186 spectare
2241 2137 2340 2192 pro
2380 2138 2614 2193 sperare,
2638 2124 2781 2179 sicut
2820 2140 2833 2179 :
2872 2144 2891 2175 «
2926 2125 2990 2180 Et
3023 2141 3169 2180 nunc
3196 2141 3318 2195 qua:
3358 2136 3443 2181 est
3470 2140 3569 2181 ex-

288 2211 482 2281 δοκᾷν·
522 2209 597 2273 ὡς
624 2208 707 2273 τὸ,
746 2224 764 2257 ι
800 2206 912 2260 Καὶ
944 2203 1040 2258 νῦν
1085 2204 1172 2270 τίς
1204 2207 1237 2275 ή
1274 2204 1525 2277 ὑπομονὴ
1570 2221 1709 2275 μου;
1751 2204 1875 2275 οὐχὶ

1981 2212 2239 2280 spectatio
2272 2229 2415 2282 mea,
2473 2230 2658 2270 nonne
2682 2215 2989 2272 Dominus?
3026 2236 3044 2268 ι
3081 2217 3337 2285 utdicat,
3372 2236 3389 2268 «
3431 2216 3568 2286 Spes

292 2300 537 2370 Κύριος;
592 2317 611 2350 ι
649 2298 738 2351 ἴνα
785 2296 951 2368 εἴπῃ,
994 2313 1014 2347 «
1062 2293 1130 2348 Ἠ
1181 2294 1478 2367 προσδοκία
1534 2311 1637 2364 μου
1690 2294 1786 2348 καὶ
1834 2293 1870 2365 ή

1981 2318 2097 2358 mea
2124 2314 2180 2358 et
2212 2306 2543 2360 conlidentia
2570 2322 2585 2372 ;
2613 2326 2632 2358 ι
2670 2319 2724 2362 ct
2744 2308 2888 2376 apud
2949 2306 3243 2363 Jercmiatn
3268 2324 3284 2362 :
3316 2327 3333 2358 «
3356 2306 3567 2378 Exsped

291 2392 448 2456 ἐλπίς
469 2408 484 2423 ·
514 2410 533 2443 ι
563 2389 660 2444 καὶ
685 2388 747 2442 τὸ
789 2388 945 2459 παρὰ
983 2386 1250 2458 Ἱερεμίᾳ,
1284 2405 1302 2439 ι
1326 2385 1606 2457 ’Υπομονὴ
1630 2384 1872 2456 Ἰσραὴλ,

1981 2394 2139 2450 ctatio
2182 2392 2371 2461 Israel,
2430 2396 2679 2465 Domine;
2712 2418 2731 2451 ι
2777 2407 2832 2454 et
2862 2418 2875 2453 :
2912 2412 2957 2450 ιι
2988 2399 3234 2454 Sustinui
3267 2400 3361 2470 qui
3400 2399 3569 2454 simul

291 2485 503 2557 Κύριε·
550 2503 568 2537 ι
615 2484 729 2549 καὶ,
767 2499 787 2533 «
837 2480 1140 2552 ’Υπὲμεινα
1178 2478 1620 2550 συλλυπούμενον
1646 2496 1661 2510 ·
1689 2498 1709 2530 ι
1752 2480 1874 2544 καὶ,

1981 2488 2434 2555 contristaretur;
2484 2509 2502 2542 ι
2536 2499 2613 2555 et,
2656 2509 2675 2542 «
2718 2491 2988 2562 Exspecta
3040 2492 3369 2559 Dominum;
3420 2511 3439 2545 ι
3488 2504 3565 2557 et,

297 2597 318 2629 «
355 2577 682 2647 ’Υπόμεινον
721 2574 816 2627 τὸν
852 2571 1091 2643 Κύριον·
1126 2590 1147 2624 ι
1190 2571 1304 2636 καὶ,
1355 2589 1374 2623 ι
1404 2570 1729 2641 ’Υπὸμεινόν
1782 2586 1875 2639 με,

1982 2596 2002 2631 «
2029 2579 2291 2649 Exspecta
2310 2596 2426 2655 tne,
2453 2582 2584 2637 dicit
2607 2585 2899 2649 Dominus;
2927 2603 2945 2636 ι
2971 2596 3045 2646 et,
3074 2604 3092 2636 «
3116 2584 3567 2655 Exspcctautiunt

289 2668 446 2736 λέγει
521 2665 756 2738 Κύριος·
814 2683 836 2716 ι
907 2663 1043 2728 καὶ,
1110 2680 1130 2715 «
1187 2657 1629 2733 Ὑπομεινάντων
1694 2661 1877 2717 αὐτῶν

1981 2684 2167 2724 eorum
2192 2671 2390 2726 lucem.
2423 2690 2441 2724 ι
2498 2672 2670 2742 (Paul.
2736 2692 2966 2739 XXXVIII,
3004 2676 3070 2743 8;
3108 2675 3308 2733 Jerem.
3355 2693 3467 2740 xw,
3491 2678 3565 2742 8;

291 2762 433 2833 φῶς.
464 2779 484 2813 ι
860 2750 861 2753 η

1981 2758 2131 2817 Ρδαί.
2161 2777 2347 2827 vaut,
2378 2763 2483 2832 25;
2525 2781 2675 2832 sxw,
2724 2766 2816 2831 20,
2854 2768 2947 2834 56,
2987 2768 3097 2837 34;
3149 2768 3309 2839 Sapit.
3369 2785 3425 2823 tu
3450 2769 3567 2835 ,8;

1978 2849 2093 2906 13a.
2120 2868 2234 2918 ιιιι,
2268 2855 2351 2921 9.)

366 2965 468 3019 κδ’.
508 2962 591 3019 τὰ
614 2959 838 3017 ἀναίτια
874 2955 1140 3025 πολλάκις
1170 2957 1247 3024 ὡς
1281 2960 1434 3015 αῐτια
1477 2959 1628 3029 λέγει
1648 2974 1666 2994 ·
1696 2959 1773 3023 ὡς
1793 2957 1875 3024 τὸ,

2050 2938 2142 2994 24.
2186 2940 2318 3005 Quae
2367 2956 2549 2997 causa:
2608 2959 2718 2999 non
2786 2956 2915 3002 sunt
2975 2958 3155 3002 rerum
3214 2962 3361 3019 smpe
3405 2951 3567 3019 quasi

302 3078 325 3111 ι
355 3060 545 3122 Ὅπως
574 3056 640 3111 ἂν
672 3054 822 3126 βαφῇ
847 3054 877 3108 ὁ
913 3051 1052 3117 ποῦς
1080 3068 1175 3105 σου
1209 3052 1268 3104 ὲν
1297 3053 1528 3123 αἵματι·
1560 3070 1581 3104 ι
1615 3051 1738 3106 ἀντὶ
1758 3050 1876 3116 τοῦ,

1981 3048 2163 3091 causae
2190 3048 2378 3092 essent
2408 3038 2568 3104 dicit,
2598 3041 2744 3095 sicut
2767 3060 2780 3095 :
2806 3060 2825 3093 «
2851 3041 2922 3096 Ut
2953 3043 3294 3114 intinguatur
3320 3058 3418 3124 pes
3440 3053 3570 3101 tuus

302 3108 325 3205 ᾇ
357 3108 823 3218 ’Ᾱ-Ᾱιᾮξςὲινπέσέιῗ
854 3164 873 3197 ι
909 3145 1006 3198 καὶ
1030 3108 1118 3208 τὸ,
1162 3162 1183 3194 «
1206 3143 1299 3197 Σοὶ
1355 3108 1502 3214 μόνῳ
1542 3143 1818 3215 ἥμαρτον⁸

1984 3122 2036 3175 in
2068 3123 2355 3191 sanguine,
2398 3143 2417 3178 ι
2451 3141 2553 3195 pro
2576 3146 2595 3178 «
2631 3129 2932 3186 necessitas
2976 3108 3193 3198 omnis;
3244 3150 3264 3182 ι
3298 3108 3353 3187 εἰ
3384 3151 3407 3184 «
3447 3132 3571 3189 Tibi

296 3247 416 3307 καὶ,
452 3214 675 3305 «Ὅπως
706 3241 774 3294 ἂν
796 3238 1121 3307 ἐνδείξωμαι
1143 3237 1203 3289 ὲν
1224 3235 1309 3289 σοὶ
1328 3234 1427 3307 τὴν
1459 3234 1693 3306 δύναμίν
1716 3249 1840 3306 μου·
1856 3254 1875 3287 ι

1984 3214 2085 3268 soli
2152 3217 2394 3285 peccavi,
2430 3237 2450 3267 ι
2488 3227 2563 3282 et,
2600 3236 2620 3271 «
2682 3217 2756 3274 Ut
2798 3220 3085 3277 ostendam
3132 3224 3187 3278 in
3223 3232 3275 3279 te
3307 3224 3570 3281 virtutem

299 3338 419 3401 καὶ,
450 3352 470 3387 «
494 3335 686 3395 Ὅπως
722 3328 790 3385 ἂν
833 3327 1050 3401 γνωσθῇ
1086 3329 1120 3399 ὴ
1140 3326 1460 3397 δικαιοσύνη
1492 3327 1590 3381 τοῦ
1614 3327 1874 3397 Κυρίου.»

1984 3322 2198 3374 meam;
2238 3328 2257 3360 ι
2300 3318 2374 3375 et,
2408 3330 2427 3362 «
2470 3309 2541 3366 Ut
2573 3314 2792 3383 cognita
2822 3315 3132 3385 sitjustitia
3153 3315 3410 3383 Domini;
3436 3334 3459 3371 ι
3492 3327 3569 3382 et,

298 3400 419 3489 καὶ.
454 3447 473 3481 «
495 3424 639 3495 Ἐγὼ
668 3424 750 3488 είς
786 3424 965 3493 κρῖμα
995 3400 1078 3484 είς
1108 3419 1203 3473 τὸν
1240 3420 1447 3489 κόσμον
1479 3415 1669 3491 ἦλθον,
1702 3417 1790 3473 ἵνα
1832 3420 1881 3473 οἱ

1990 3417 2009 3449 «
2049 3400 2107 3452 ln
2137 3400 2404 3470 judicium
2468 3420 2570 3476 ego
2624 3406 2677 3461 in
2711 3407 2859 3463 hunc
2926 3408 3195 3464 mundum
3234 3410 3356 3464 veni
3391 3418 3452 3466 ut
3477 3409 3574 3481 qui

304 3520 383 3589 μὴ
416 3492 710 3589 βλέποντες
749 3492 1020 3585 βλέπωσι·
1062 3530 1084 3565 ι
1118 3509 1215 3565 καὶ
1248 3508 1332 3573 τὸ,
1363 3529 1382 3562 «
1414 3510 1601 3580 Νόμος
1636 3510 1695 3564 δὲ
1738 3526 1881 3581 παρ.

1986 3506 2092 3545 nou
2122 3492 2308 3548 vident
2358 3495 2610 3564 videant;
2651 3516 2669 3550 ι
2738 3508 2815 3563 et,
2882 3517 2901 3550 «
2965 3497 3080 3554 va
3129 3500 3464 3556 subiutravit
3515 3512 3578 3557 ut

300 3607 580 3678 εισῆλθεν,
612 3605 700 3659 ἵνα
724 3602 998 3673 πλεονάσῃ
1022 3599 1083 3653 τὸ
1113 3599 1472 3669 παράπτωμα
1492 3615 1507 3630 ·
1538 3618 1557 3649 ι
1587 3598 1705 3666 καὶ,
1734 3599 1881 3653 ι”Ινα

1985 3583 2612 3656 abundarctdelictum;
2654 3608 2672 3640 ι
2724 3594 2800 3654 et‘,
2850 3609 2868 3641 «
2916 3589 3175 3647 Utomue
3218 3608 3283 3650 os
3319 3594 3575 3651 obstrua-

301 3672 431 3757 πᾶν-
447 3700 622 3770 στόμα
664 3698 891 3769 φραγῇ·
939 3672 1118 3761 ικαὶ,
1164 3710 1183 3745 «
1227 3693 1347 3746 Ἵνα
1398 3692 1476 3764 μὴ
1509 3691 1545 3746 ἃ
1576 3692 1644 3747 ἂν
1691 3691 1881 3764 θέλητε

1986 3681 2116 3739 ιυι·;
2155 3693 2175 3727 ι
2212 3685 2287 3739 et,
2329 3695 2347 3727 «
2381 3672 2454 3730 Ut
2487 3693 2595 3732 non
2618 3694 2964 3749 quaecunque
3020 3681 3210 3747 vultis,
3255 3682 3347 3738 illa
3403 3685 3575 3739 facia-

300 3792 483 3848 ταῦτα
513 3789 726 3859 ποιῆτε.
755 3806 776 3841 ι

1989 3763 2082 3817 tis.
2116 3783 2134 3814 ι
2174 3762 2352 3834 (Psal.
2414 3784 2587 3835 um,
2613 3768 2718 3835 2i;
2762 3786 2816 3835 ι..
2845 3772 2912 3837 6;
2946 3769 3101 3827 Rom.
3163 3788 3238 3837 Ix,
3280 3773 3573 3839 l7;Mich.

1989 3872 2066 3921 τι,
2101 3856 2134 3911 5
2156 3873 2170 3921 ;
2190 3856 2351 3911 Joan.
2377 3875 2452 3925 ix,
2477 3859 2581 3925 59;
2608 3859 2757 3913 Rom.
2787 3878 2842 3926 v,
2867 3862 2936 3918 20
2959 3880 2974 3926 ;
2995 3879 3079 3928 ιιι,
3102 3862 3205 3929 19;
3236 3862 3360 3919 Gal.
3390 3866 3577 3931 ν,17.

2057 3947 2150 4002 ἳὸ.
2177 3949 2462 4006 Actionem
2480 3967 2574 4021 per
2596 3954 2917 4010 societatem
2947 3954 3242 4025 signiﬁcat,
3266 3956 3438 4012 sicut:
3466 3976 3485 4009 «
3511 3958 3581 4013 Et

1990 4056 2114 4096 cum
2145 4041 2330 4111 iniqua
2366 4047 2683 4112 getentibus
2732 4062 2841 4101 non
2890 4047 3154 4109 iutroibo,
3182 4068 3205 4099 ι
3259 4064 3357 4118 pro
3406 4068 3426 4102 «
3454 4050 3574 4106 Non

1990 4131 2161 4203 legem
2191 4135 2602 4205 transgrediar;
2641 4155 2660 4187 ι
2698 4147 2791 4191 et:
2833 4137 3063 4194 «Beatus
3090 4140 3173 4194 vir
3209 4140 3305 4210 qui
3342 4156 3451 4195 non
3478 4141 3580 4197 ab-

1991 4225 2055 4279 iit
2122 4225 2176 4279 in
2239 4228 2472 4283 consilio
2553 4228 2934 4301 impiorum“
2999 4246 3120 4301 pro,
3166 4250 3186 4285 «
3230 4231 3349 4288 Non
3410 4234 3581 4304 impie

1991 4317 2130 4388 egit;
2167 4338 2185 4370 ι
2216 4329 2269 4375 et
2298 4338 2310 4373 :
2350 4338 2367 4370 «
2398 4318 2516 4374 Non
2543 4322 2657 4376 sedi
2697 4322 2751 4376 iu
2784 4323 3020 4379 concilio
3046 4324 3383 4393 ludentium;
3409 4346 3431 4380 ι
3474 4337 3531 4383 et
3560 4345 3574 4382 :

2000 4429 2018 4461 «
2064 4411 2118 4465 In
2173 4411 2473 4468 consilium
2521 4429 2715 4468 eorum
2749 4430 2858 4469 non
2911 4416 3094 4472 veniat
3139 4418 3322 4472 anima
3372 4434 3516 4475 mea.
3551 4439 3574 4473 ι

379 3971 480 4021 κε’.
519 3962 631 4035 Τὴν
668 3958 871 4033 πρᾶξιν
899 3961 1011 4016 ἀπὸ
1044 3961 1332 4027 κοινωνίας
1380 3961 1670 4032 σημαίνει·
1702 3962 1779 4027 ὡς
1800 3963 1884 4027 τὸ,

311 4078 335 4111 «
367 4058 480 4112 Καὶ
518 4054 656 4127 μετὰ
690 4053 1157 4126 παρανομούντων
1193 4054 1256 4106 ού
1291 4053 1367 4126 μὴ
1399 4055 1661 4108 εἰσέλθω·
1696 4074 1716 4108 ι
1767 4057 1891 4110 ἀντὶ

302 4150 429 4213 τοῦ,
466 4167 484 4201 ι
505 4148 579 4202 Οὐ
611 4146 686 4219 μὴ
722 4146 1133 4216 παρανομήσω·
1172 4164 1192 4198 ι
1228 4145 1343 4209 καὶ,
1378 4164 1397 4197 «
1425 4146 1714 4217 Μακάριος
1747 4147 1890 4220 ἀνὴρ

303 4240 371 4307 ὃς
418 4241 520 4294 οὑκ
566 4237 839 4310 ἐπορεύθη
892 4237 951 4290 ὲν
1000 4236 1162 4309 βουλῇ
1214 4235 1470 4290 ἀσεϐῶν·
1523 4256 1543 4290 ι
1595 4238 1717 4292 avri
1767 4238 1886 4303 τοῦ,

313 4356 334 4388 «
365 4333 481 4386 Οὐκ
525 4329 790 4402 ἠσέϐησε·
831 4347 852 4382 ι
902 4329 1019 4392 καὶ,
1056 4347 1075 4379 «
1114 4327 1229 4381 Ούκ
1256 4327 1489 4382 ἐκάθισα
1533 4330 1593 4384 ὲν
1629 4328 1892 4401 συνεδρίῳ

304 4425 651 4490 παιζόντων·
686 4440 706 4474 ι
742 4420 864 4488 καὶ,
906 4439 926 4473 «
954 4418 1053 4483 Είς
1083 4418 1283 4492 βουλὴν
1319 4418 1502 4475 αὐτῶν
1541 4421 1618 4495 μὴ
1652 4422 1890 4477 εἰσέλθοι

305 4516 346 4587 ἡ
379 4513 530 4584 ψυχή
556 4528 683 4581 tm-
722 4529 743 4563 ι

382 4611 498 4672 κς’.
554 4603 660 4658 Τὸν
706 4603 869 4674 ὅρκον
912 4602 1009 4656 ἐπὶ
1056 4599 1153 4657 τοῦ
1210 4602 1429 4674 βεϐαίου
1476 4604 1663 4673 λέγει·
1699 4604 1777 4670 ὡς
1804 4605 1890 4672 τὸ,

313 4718 335 4752 «
362 4702 581 4770 Ὠμοσα
607 4695 775 4751 Δαυτδ
802 4696 883 4767 τῷ
913 4696 1085 4767 δούλῳ
1116 4715 1219 4769 μου
1236 4715 1250 4729 ·
1282 4716 1302 4751 ι
1344 4700 1461 4765 καὶ,
1498 4718 1517 4751 «
1543 4700 1748 4771 Ὠμοσε
1775 4698 1891 4754 Κύ-

312 4809 431 4863 ριος
480 4790 559 4861 τῷ
604 4788 768 4843 Δαυίδ
813 4787 1101 4860 ἀλήθειαν·
1156 4808 1176 4843 ι
1225 4790 1341 4854 καὶ,
1401 4811 1421 4843 «
1460 4790 1601 4845 Κατ’
1648 4791 1890 4862 ἐμαυτοῦ

308 4879 529 4953 ὤμοσα,
559 4879 708 4948 λέγει
738 4878 975 4951 Κύριος·
1001 4899 1021 4933 ι
1046 4881 1162 4947 καὶ,
1185 4899 1207 4935 «
1236 4879 1461 4952 Ὀμνύει
1498 4877 1706 4953 Κύριος
1749 4883 1893 4938 κατὰ

307 4972 412 5045 τῆς
444 4970 818 5043 ὑπερηφανίας
849 4969 1073 5028 Ἰακώϐ.
1108 4990 1130 5026 ι

383 5143 488 5207 κζ’.
519 5143 633 5216 Τὴν
654 5143 893 5199 διάθεσιν
913 5144 1176 5210 πολλάκις
1200 5144 1310 5200 ἀπὸ
1339 5144 1603 5217 ῥημάτων
1630 5145 1889 5201 δεικνύει·

310 5237 391 5301 ὡς
418 5237 500 5303 τὸ,
530 5256 549 5288 «
580 5232 776 5301 Εἶπον,
796 5238 839 5290 Τ
845 5235 892 5301 ίς
922 5237 1113 5307 ὄψεται
1142 5232 1377 5301 αύτούςς
1402 5256 1420 5288 ι
1447 5237 1569 5290 ἀντὶ
1588 5236 1708 5303 τοῦ,
1742 5257 1760 5290 ι
1787 5236 1894 5291 Οὖ-

308 5348 426 5394 τως
455 5330 725 5401 ἔπραττον
764 5330 982 5385 ἅπαντα
1023 5350 1042 5383 ι
1074 5331 1279 5390 ὡσανεὶ
1300 5333 1402 5387 οὐκ
1429 5332 1581 5396 ὄντος
1621 5333 1770 5396 τινὸς
1798 5332 1893 5386 τοῦ

311 5418 626 5490 ἐφορῶντος
649 5434 664 5449 ·
693 5419 810 5484 καὶ,
839 5438 858 5470 ι
896 5416 1032 5473 Eius
1061 5420 1170 5492 γὰρ
1198 5422 1257 5473 ὲν
1296 5420 1496 5491 καρδίᾳ
1541 5418 1706 5473 αὑτοῦ
1724 5455 1739 5480 .
1780 5418 1895 5473 Ούκ

311 5509 431 5562 εστι
460 5509 625 5573 Θεὸς·
658 5528 678 5563 ι
708 5510 824 5575 καὶ,
857 5529 875 5562 «
901 5506 1095 5578 Εἶπον,
1148 5511 1317 5566 Δεῦτε
1357 5512 1454 5565 καὶ
1500 5509 1896 5582 ὲξολοθρεύσωο

312 5616 418 5671 μεν
451 5600 650 5665 αὐτοὺς
695 5601 755 5668 ἐξ
794 5602 1011 5666 ἔθνους·
1060 5622 1079 5655 ι
1118 5596 1253 5667 καὶ,
1311 5623 1330 5655 ι
1373 5600 1891 5675 Κληρονομήσωμεν

310 5692 529 5756 ἑαυτοῖς
556 5693 617 5747 τὸ
642 5695 999 5766 άγιαστήριον
1028 5695 1119 5750 τοῦ
1153 5696 1290 5751 Θεοῦ
1314 5709 1327 5726 ·
1362 5714 1382 5746 ι
1409 5695 1526 5761 καὶ,
1564 5715 1584 5748 ι
1625 5691 1796 5751 Εἶπον
1834 5699 1895 5751 ἐν

312 5786 384 5854 τῇ
411 5784 612 5857 καρδίᾳ
641 5785 821 5841 αὐτῶν
841 5787 897 5840 ai
922 5788 1235 5857 συγγένειαι
1264 5788 1445 5843 αὐτῶν
1467 5787 1558 5844 ἐπὶ
1581 5787 1642 5844 τὸ
1668 5790 1804 5844 αὐτό
1828 5809 1840 5821 ·
1866 5811 1885 5846 ι

679 5905 949 5972 ΡΛἸἨΟῙ..
995 5910 1109 5969 Gn.
1143 5905 1430 5971 XCVIII.

1920 4509 1970 4568 ι)
1995 4500 2166 4574 (Paul.
2203 4519 2332 4567 xxv,
2356 4503 2426 4569 4;
2457 4520 2492 4569 I,
2547 4503 2834 4570 hlerém.
2878 4521 2971 4572 xv,
3016 4508 3117 4574 17;
3151 4507 3281 4564 Gen.
3323 4525 3472 4576 xux,
3499 4511 3580 4581 6.)

2067 4593 2158 4649 26.
2194 4594 2586 4666 Jusjurandum
2624 4598 2692 4653 de
2739 4600 2897 4654 ﬁrmo
2930 4600 3083 4668 dicit,
3116 4602 3290 4657 sicut:
3343 4622 3363 4654 «
3390 4602 3579 4658 Juravi

1996 4680 2167 4739 David
2196 4701 2352 4741 servo
2372 4702 2529 4751 meo;
2574 4705 2594 4739 ι
2630 4698 2722 4743 et:
2754 4686 2967 4745 Juravit
2986 4690 3252 4747 Dominus
3287 4691 3456 4746 David
3488 4708 3583 4748 ve-

2000 4778 2246 4845 ritatem;
2286 4797 2305 4829 ι
2327 4789 2423 4853 εις
2463 4798 2482 4831 «
2518 4778 2617 4836 Per
2652 4783 3034 4854 memetipsum
3070 4784 3273 4853 juravi,
3307 4785 3441 4840 dicit
3469 4785 3582 4840 Do-

2000 4873 2208 4939 minus;
2235 4881 2290 4929 et
2311 4890 2324 4925 :
2347 4892 2365 4926 «
2390 4872 2603 4929 Juravit
2624 4873 2894 4931 Dominus
2925 4876 2978 4931 in
3013 4874 3525 4945 superbiamJacolt.
3554 4898 3575 4929 ι

2000 4963 2178 5033 (I’sal.
2208 4980 2473 5032 Lxxxvut,
2505 4967 2539 5021 4
2562 4985 2576 5034 ;
2601 4982 2786 5034 cxxxn,
2818 4968 2915 5036 il;
2945 4965 3075 5022 Gen.
3108 4982 3245 5034 χχιι,
3270 4966 3367 5033 16ς
3419 4969 3581 5023 Amos

1999 5069 2118 5119 vui,
2156 5055 2240 5110 l7.
2272 5058 2292 5125 )

2069 5144 2161 5202 9.7.
2189 5147 2613 5218 Dispositionem
2640 5152 2786 5218 saepe
2802 5164 2901 5219 per
2922 5148 3087 5205 verba
3105 5150 3366 5217 ostendit,
3390 5151 3535 5206 sicut
3564 5166 3581 5201 :

2006 5257 2026 5291 «
2061 5239 2365 5294 Dixerunt:
2406 5239 2544 5306 Quis
2573 5241 2781 5297 videbit
2811 5242 2948 5298 eos?
2974 5260 2995 5295 ι
3032 5257 3154 5312 pro,
3195 5261 3215 5295 «
3258 5242 3351 5298 Sic
3378 5254 3583 5301 cuncta

2002 5329 2274 5385 faciebant
2307 5342 2566 5401 tanquam
2608 5333 2655 5388 si
2715 5348 2877 5388 nemo
2913 5344 3060 5390 esset
3098 5335 3194 5404 qui
3252 5334 3504 5404 videret;
3558 5355 3577 5388 ι

2000 5433 2090 5475 et:
2127 5442 2145 5472 «
2179 5421 2324 5478 Dixit
2350 5423 2495 5477 enim
2526 5424 2578 5479 in
2611 5425 2777 5481 corde
2808 5441 2933 5494 suo,
2962 5425 3083 5481 Non
3107 5436 3193 5482 est
3216 5426 3393 5495 Deus;
3435 5446 3455 5479 ι
3487 5438 3579 5484 et:

2008 5533 2025 5564 «
2066 5512 2362 5569 Dixerunt:
2402 5515 2596 5572 Venite
2623 5527 2678 5572 et
2706 5518 3091 5588 disperdamus
3124 5535 3222 5578 eos
3242 5521 3312 5576 de
3337 5530 3528 5591 gente;
3557 5540 3577 5571 ι

2000 5614 2055 5660 et
2086 5624 2100 5662 :
2140 5626 2158 5657 «
2200 5604 2524 5673 [hereditate
2555 5611 2935 5679 possideamus
2981 5616 3354 5672 sanctuarium
3392 5613 3524 5679 Dei;
3556 5628 3578 5665 ο

2001 5705 2056 5751 et
2080 5715 2095 5752 :
2134 5697 2432 5754 «Dixerunt
2461 5700 2514 5756 iu
2538 5701 2704 5758 corde
2736 5719 2839 5759 suo
2858 5707 3115 5775 cognatio
3138 5721 3331 5763 eorum
3350 5705 3535 5772 simul;
3559 5721 3581 5757 ι

2001 5800 2086 5848 et:
2129 5809 2151 5846 «
2187 5790 2437 5861 Dixistis,
2464 5793 2521 5851 in
2548 5810 2660 5868 quo
2693 5797 3088 5869 despeximus?
3123 5820 3143 5855 ι
3174 5798 3264 5865 Ει,
3302 5815 3319 5851 ι
3368 5793 3582 5864 Dixisti,

3193 5911 3264 5977 ιιι
