4098 6480
266 368 407 437 1233

1274 374 1601 465 ISAGOGE
1662 373 1744 435 IN
1803 373 1910 437 ss.
1949 373 2442 439 SCRIPTURAS.

3407 374 3544 453 129i
3570 399 3574 403 ‘

228 540 239 551 ,
332 488 429 545 λδ⁸.
454 488 531 543 Τὸ
556 487 727 558 πρωῒ,
747 487 840 542 ἐπὶ
861 486 1169 559 ταχυτῆτος
1199 490 1540 553 ἐκλαμὸἀνει
1571 490 1837 554 πολλάκις

2041 488 2135 546 34.
2176 488 2334 545 Mane
2386 490 2454 545 de
2500 486 2794 560 rapiditate
2825 504 2970 562 saepe
3035 493 3291 562 assumit,
3359 497 3544 554 sicut:

257 580 337 644 ὡς
367 581 451 644 τὸ,
490 598 509 631 ε
533 578 803 650 Βοηθήσει
824 581 965 651 αὐτῇ
985 580 1013 632 ό
1043 578 1175 643 Θεὸς
1205 579 1266 634 τὸ
1300 580 1437 651 πρὸς
1460 581 1607 652 πρωϊ
1631 582 1796 653 πρωΐ·
1824 601 1844 637 ι

257 672 359 727 καὶ
390 672 475 733 τὸ.
504 691 523 725 ε
547 670 723 743 Πρωῒ,
745 670 913 742 πρωῒ,
950 670 1112 726 δώσει
1139 671 1201 726 τὸ
1232 675 1405 745 κρῖμα
1430 673 1594 729 αὑτοῦ
1615 691 1662 726 ἰ
1694 691 1852 729 τουτ-

260 766 432 831 έστιν,
467 766 563 819 ἐκ
584 764 680 819 τοῦ
713 765 1032 836 παραυτίκα
1057 782 1070 797 ·
1104 765 1223 833 καὶ,
1252 785 1271 820 ι
1304 751 1395 831 Ὠς
1422 766 1662 837 ὄρθρον·
1688 779 1849 823 τουτ-

256 857 431 923 έστιν,
483 858 726 931 Ἀθρόον.
770 877 789 912 ι

329 948 426 1002 λε’.
461 950 575 1020 Τὴν
601 950 777 1022 χαρὰν
804 951 925 1024 ἢτοι
951 947 1099 1026 ζωὴν
1119 953 1248 1024 φῶς
1267 952 1418 1024 λέγει
1443 953 1729 1020 πολλάκις,
1754 954 1851 1009 καὶ

254 1041 357 1112 τὴν
390 1034 570 1113 λύπην
598 1044 717 1113 ἤτοι
742 1043 835 1098 τδν
877 1044 1107 1099 θάνατον
1132 1048 1357 1114 σκότος
1377 1062 1392 1078 ·
1418 1046 1528 1101 ἀπὸ
1559 1037 1707 1120 [τοῦ]’
1723 1046 1849 1110 τοὺς

258 1134 361 1205 μὲν
393 1131 499 1206 [ὲν]
523 1134 763 1209 εὐθυμία
795 1136 1087 1205 διάγοντας
1111 1137 1701 1211 προϐλεπτικωτέρους
1729 1154 1849 1201 πως

239 1220 401 1278 εἶναι
435 1226 491 1278 ἐν
519 1228 632 1290 τοῖς
666 1227 983 1299 πράγμασι,
1010 1230 1139 1294 τοὺς
1165 1229 1225 1283 δὲ
1252 1229 1309 1283 ὲν
1330 1228 1540 1301 ἀθυμία
1569 1229 1849 1285 καθεστῶ-

253 1332 356 1380 τας
379 1316 515 1389 μηδὲ
541 1318 612 1371 τὰ
640 1318 699 1372 ὲν
723 1319 853 1373 ποσὶ
897 1321 1137 1393 καθορᾷν
1170 1320 1432 1377 δύνασθαι
1450 1339 1466 1356 ·
1496 1322 1721 1377 καὶτῶν
1749 1321 1848 1393 μὲν

255 1408 479 1473 ζώντων
505 1404 650 1463 εἶναι
680 1410 744 1463 τὸ
774 1409 997 1480 βλέπειν
1041 1411 1104 1465 τὸ
1132 1411 1283 1481 φῶς,
1327 1412 1456 1476 τοὺς
1496 1411 1555 1466 δὲ
1605 1411 1848 1483 ἀποθνή-

256 1519 489 1566 σκοντας
516 1504 576 1557 ὲν
608 1502 792 1557 σκότει
838 1502 1140 1561 διατελεῖν·
1194 1503 1293 1576 τὴν
1325 1503 1425 1574 μὲν
1457 1498 1552 1558 οῦν
1580 1502 1776 1575 χαρὰν,
1810 1502 1845 1573 ἢ

254 1593 405 1665 ζωὴν
423 1591 618 1667 [λέγει]
641 1594 768 1665 φῶς
787 1612 802 1628 ·
826 1594 903 1659 ὡς
922 1596 1005 1661 es,
1030 1616 1049 1649 ‹
1075 1595 1195 1660 Φῶς
1213 1595 1455 1651 ἀνέτειλε
1478 1596 1557 1667 τῷ
1579 1595 1793 1667 δικαίῳ·
1820 1614 1839 1648 ι

253 1689 374 1754 καὶ,
410 1707 428 1741 ι
475 1689 534 1743 '0
568 1688 700 1753 Θεός
730 1707 855 1761 μου,
889 1692 1115 1760 φωτιεῖς
1150 1690 1212 1743 τὸ
1257 1690 1451 1753 σκότος
1480 1706 1582 1761 μου
1609 1706 1622 1720 ·
1667 1707 1687 1741 ι
1723 1689 1847 1743 ἀντὶ

249 1785 373 1851 τοῦ,
402 1805 419 1838 ι
451 1786 563 1858 Τὴν
620 1786 800 1858 λύπην
835 1804 937 1858 μου
985 1787 1067 1850 είς
1095 1784 1270 1859 χαρὰν
1321 1784 1785 1854 μετασκευάσεις·
1818 1802 1838 1836 ›

252 1876 352 1931 καὶ
379 1875 462 1942 τὸ,
495 1896 514 1929 ι
554 1877 753 1931 Ἔσται
783 1875 846 1930 τὸ
887 1875 1004 1945 φῶς
1028 1877 1128 1947 τῆς
1162 1876 1395 1948 σελήνης
1420 1875 1497 1941 ὡς
1513 1874 1575 1929 τὸ
1604 1873 1720 1946 φῶς
1749 1873 1842 1928 τοῦ

250 1964 407 2041 ἡλίου
425 1985 436 1998 ⁸
454 1989 474 2023 ι
506 1970 599 2025 καὶ
629 1989 647 2023 ι
676 1970 939 2036 Φωτίζου,
959 1971 1222 2040 φωτίζου,
1263 1970 1651 2043 Ἰερουσαλήμ·
1677 1988 1697 2022 ι
1725 1969 1841 2034 καὶ.

256 2080 279 2113 ε
334 2063 459 2119 Ἐὰν
491 2062 746 2133 πορευθῶ
801 2063 859 2117 ὲν
909 2063 1117 2128 σκότει,
1171 2062 1377 2134 Κύριος
1412 2065 1604 2131 φωτιεῖ
1648 2077 1775 2134 μοι·
1815 2082 1836 2115 ι

247 2153 521 2217 τουτέστι,
544 2154 892 2217 ἰ“ούναντίον,
916 2154 1051 2225 ἐμοῦ
1078 2154 1364 2225 συμφορὰν
1388 2154 1483 2209 καὶ
1513 2154 1691 2225 θλῖψιν
1745 2155 1844 2226 09-

1960 598 1979 631 ι
2011 580 2447 651 Adjuvabiteam
2467 579 2611 636 Deus
2645 596 2806 635 mane
2826 580 3071 637 diluculo
3096 600 3112 649 ;
3142 602 3162 634 ι
3201 592 3278 647 et,
3312 602 3330 636 ι
3366 583 3547 653 Mane,

1955 687 2140 736 triane,
2196 671 2470 742 judicium
2499 686 2661 728 suum
2689 672 2862 741 dabit,
2897 692 2915 726 ι
2962 673 3014 729 id
3046 687 3152 744 est,
3203 676 3499 734 confestim
3532 697 3548 749 ;

1953 771 2029 827 ct,
2083 762 2357 831 Diluculo,
2389 763 2443 819 id
2471 774 2579 829 σει,
2630 764 2840 821 statim.
2882 764 3058 835 (Psal.
3091 784 3216 837 ων,
3264 770 3343 835 6;
3378 769 3545 841 Soph.

1872 916 1877 919 λ
1953 869 2035 915 III.
2067 854 2147 923 5-)

2020 942 2391 999 53.Lretitiam
2416 956 2507 1002 aut
2528 949 2694 1005 vitam
2726 950 2902 1006 lunten
2953 965 3097 1021 saepe
3135 951 3292 1021 dicit,
3319 962 3375 1011 et
3410 940 3578 1013 afui:

1951 1035 2190 1092 ctionem
2220 1053 2235 1103 ;
2273 1048 2527 1105 mortem,
2569 1043 2809 1097 tenebras
2837 1060 2857 1109 ;
2884 1059 2951 1100 ex
2976 1061 3043 1100 eo
3071 1047 3218 1115 quod
3246 1048 3298 1102 hi
3345 1050 3440 1119 qui
3486 1051 3543 1106 in

1950 1126 2138 1184 laetitia
2168 1129 2376 1199 degunt
2415 1133 2852 1203 perspicaciores
2882 1137 3121 1208 quodam
3147 1140 3312 1195 modo
3344 1143 3458 1197 sint
3487 1143 3541 1197 in

1950 1222 2210 1291 negotiis,
2238 1223 2323 1279 isti
2358 1240 2489 1280 vero
2540 1227 2637 1297 qui
2680 1228 2734 1284 in
2778 1230 2951 1285 animi
3002 1232 3345 1291 demissione
3391 1246 3543 1294 stant

1954 1329 2057 1369 nec
2092 1330 2215 1386 qute
2271 1316 2429 1373 obvia
2462 1328 2592 1374 sunt
2644 1322 2921 1392 respicere
2984 1327 3240 1396 possint;
3288 1339 3346 1385 et
3389 1332 3541 1401 quod

1950 1405 2250 1465 viventium
2277 1409 2350 1465 sit
2382 1411 2566 1467 lumen
2595 1413 2801 1479 videre,
2831 1416 2963 1472 dum
2985 1420 3288 1478 morientes
3310 1423 3365 1478 in
3390 1433 3540 1481 tene—

1950 1496 2064 1554 bris
2122 1510 2624 1571 consummantur;
2700 1504 2944 1585 laetitiam
2997 1523 3130 1581 ergo
3196 1521 3292 1567 aut
3346 1514 3538 1583 vitam,

1950 1589 2131 1664 [dicit]
2182 1594 2395 1663 lumen,
2431 1596 2596 1659 sicut.
2653 1617 2673 1651 ι
2705 1596 2825 1655 Lux
2870 1611 2992 1657 orta
3037 1611 3124 1659 est
3172 1602 3346 1673 justo,
3377 1624 3396 1659 ι
3456 1617 3534 1671 ει.

1956 1696 1974 1731 ι
2011 1678 2156 1737 Deus
2205 1698 2384 1747 meus,
2437 1684 2777 1743 illuminabis
2830 1690 3087 1748 tenebras
3150 1707 3323 1758 meas,
3364 1713 3382 1745 ι
3439 1705 3541 1766 pro

1957 1788 1976 1825 ι
2013 1771 2378 1830 Aﬂlictionem
2412 1791 2594 1832 meam
2622 1778 2675 1833 in
2703 1778 2951 1835 laetitiam
2985 1782 3188 1837 mutari
3214 1784 3436 1854 parabis
3467 1802 3484 1852 ;
3515 1805 3534 1838 ι

1947 1873 2044 1920 et:
2083 1884 2102 1918 ι
2139 1864 2257 1921 Erit
2287 1866 2383 1921 lux
2418 1868 2564 1925 lunae
2587 1871 2732 1926 sicut
2762 1872 2852 1927 lux
2891 1872 3024 1929 solis
3053 1890 3067 1940 ;
3100 1892 3118 1926 ι
3155 1884 3230 1941 et,
3270 1896 3288 1928 ι
3323 1876 3537 1933 lllumi-

1945 1971 2098 2025 nare,
2137 1958 2470 2029 illuminare,
2501 1961 2847 2033 Jerusalem;
2887 1984 2907 2018 ι
2947 1974 3021 2033 et,
3054 1984 3071 2017 ι
3099 1963 3235 2025 Cum
3262 1964 3541 2026 incessero

1945 2052 2209 2119 tenebris,
2236 2054 2503 2111 Dominus
2523 2056 2616 2111 lux
2642 2072 2760 2112 mea
2795 2064 2898 2127 est,
2938 2078 2954 2111 ι
2986 2059 3037 2116 id
3058 2069 3164 2127 est,
3195 2079 3212 2112 ι
3248 2060 3290 2117 E
3318 2073 3537 2118 contrao

1945 2146 2031 2201 rio
2074 2160 2162 2202 me
2202 2147 2257 2203 in
2307 2145 2714 2207 calamitatibds
2737 2161 2793 2211 et
2838 2152 3161 2209 infortuniis
3213 2167 3535 2226 apparente,

247 2247 557 2317 ορωμένου,
577 2248 722 2319 χαρά
750 2264 834 2311 τις
866 2249 963 2301 καὶ
988 2247 1195 2317 εὐωχία
1216 2248 1281 2301 ὲκ
1311 2246 1617 2319 παραδόξου
1643 2247 1841 2320 συνήν-

1946 2233 2135 2293 ιαξιὶιῑα
2161 2240 2436 2309 quoidam,
2457 2240 2844 2299 etconrivium
2876 2258 2941 2296 ex
2973 2241 3206 2298 adverso
3239 2243 3532 2300 obviavita

244 2355 419 2410 τησε·
458 2339 558 2409 τὴν
602 2339 661 2393 δὲ
701 2338 881 2409 λύπην
924 2339 1021 2392 καὶ
1054 2337 1308 2403 θάνατον,
1351 2339 1606 2406 σκότος·
1637 2338 1714 2403 ὡς
1753 2340 1837 2408 τὸ,

1945 2304 2310 2386 Adlictionem
2367 2304 2430 2386 et
2477 2341 2745 2396 mortem,
2807 2332 3068 2401 tenebras,
3152 2334 3329 2398 sicut,
3408 2355 3426 2388 ι
3474 2336 3539 2394 Et

250 2451 273 2483 ι
308 2432 422 2485 Καὶ
447 2427 601 2494 εἶπα,
637 2432 779 2502 Ἄρα
805 2430 995 2494 σκότος
1029 2431 1410 2500 καταπατήσει
1447 2447 1516 2502 με
1538 2446 1552 2460 ·
1592 2448 1609 2483 ι
1640 2431 1839 2499 καὶτὸ,

1943 2422 2097 2479 dixi:
2142 2418 2396 2480 Forsitan
2450 2426 2685 2481 tenebras
2757 2427 3164 2483 conculcabunt
3223 2444 3405 2496 me;»
3459 2441 3534 2497 ct,

251 2543 272 2575 ι
314 2523 434 2588 Νὺξ
464 2524 746 2592 φωτισμὸς
795 2524 854 2576 ὲν
886 2525 955 2593 τῇ
988 2525 1170 2600 τρυφῇ
1213 2538 1353 2593 μου·
1391 2541 1411 2575 ι
1459 2524 1576 2587 καὶ,
1609 2542 1628 2576 ι
1668 2523 1839 2590 Φόϐος

1949 2534 1967 2567 ι
1996 2513 2111 2571 Nox
2172 2517 2501 2573 illuminatio
2546 2517 2600 2573 in
2631 2518 2844 2575 deliciis
2875 2520 3043 2588 meis;
3079 2540 3099 2573 ι
3156 2530 3233 2587 et,
3292 2541 3310 2575 ι
3349 2521 3539 2579 Timor

246 2616 344 2668 καὶ
369 2616 572 2687 τρόμος
600 2611 766 2686 ἦλθεν
795 2616 881 2671 ἐπ’
907 2612 1031 2684 ἐμὲ,
1064 2611 1158 2668 καὶ
1180 2612 1421 2684 ὲκάλυψέ
1457 2630 1526 2685 με
1559 2615 1749 2678 σκότος
1770 2632 1783 2645 ·
1810 2634 1830 2667 ι

1943 2612 1998 2658 et
2028 2613 2235 2660 tremor
2266 2615 2537 2661 venerunt
2567 2623 2735 2680 super
2801 2624 2887 2664 me
2918 2619 2973 2665 ΘΙ.
3033 2620 3402 2668 contexerunt
3448 2629 3538 2670 me

244 2710 369 2770 καὶ,
406 2728 423 2759 ι
458 2709 682 2767 Ἐθεντό
710 2726 779 2779 με
800 2710 857 2762 ὲν
882 2708 1073 2779 λάκκῳ
1105 2709 1427 2780 κατωτάτω,
1461 2710 1520 2763 ὲν
1544 2711 1840 2776 σκοτεινοῖς

247 2800 346 2857 καὶ
380 2802 440 2855 ἐν
472 2800 603 2872 σκιᾷ
633 2799 889 2859 θανάτου.
928 2820 947 2852 ι

324 3076 435 3147 λς’.
471 3076 790 3134 Συντέλειαν
832 3078 946 3135 τῶν
1004 3077 1292 3153 στοιχείων
1314 3079 1558 3154 ὁρίζεται
1604 3079 1835 3136 ἐπὶτῶν

1944 2696 2225 2764 tenebrae;
2263 2715 2282 2750 ι
2321 2708 2398 2763 et,
2462 2718 2480 2751 ι
2514 2697 2824 2755 Posuerunt
2856 2717 2943 2756 me
2986 2701 3039 2757 in
3096 2702 3217 2759 lacu
3261 2704 3535 2769 infcriori.

1953 2787 2007 2841 in
2039 2789 2340 2844 tenebrosis
2385 2801 2439 2846 et
2486 2792 2541 2845 in
2586 2792 2781 2847 umbra
2838 2793 3051 2850 mortis.
3080 2814 3099 2849 ι
3166 2795 3348 2861 (Psal.
3385 2813 3533 2863 xc",

1950 2878 2009 2930 11
2046 2893 2062 2941 ς
2094 2895 2226 2945 xvn,
2254 2880 2360 2948 29;
2394 2880 2511 2937 Ita.
2553 2900 2685 2948 xxx,
2724 2884 2831 2951 26;
2874 2903 2964 2955 ως,
2994 2889 3021 2943 1
3054 2906 3070 2956 ;
3115 2888 3282 2947 Mich.
3324 2909 3427 2960 ru,
3450 2895 3532 2961 8;

1944 2969 2039 3026 Ps.
2078 2989 2350 3041 cxxxvm,
2393 2977 2495 3043 ll;
2532 2978 2739 3047 uv,6;
2778 2996 3023 3048 Lxxxvu,
3060 2985 3140 3057 7.)

2008 3063 2099 3119 36.
2129 3064 2321 3121 Finem
2357 3066 2757 3125 elementorum
2784 3071 2979 3128 definit
3010 3090 3108 3145 per
3144 3076 3436 3133 obscurata
3478 3090 3533 3136 et

250 3172 694 3246 ἀμαυρουμένων
720 3172 817 3227 καὶ
850 3172 1092 3245 καθορᾷν
1121 3173 1198 3247 μὴ
1232 3171 1733 3246 συγχωρουμένων·
1762 3172 1835 3240 ὡς

1943 3172 2002 3212 ea
2048 3158 2250 3228 quibus
2307 3158 2493 3215 videre
2521 3176 2630 3216 non
2662 3161 2851 3231 datur,
2887 3165 3036 3221 sicut
3075 3184 3089 3222 :
3127 3186 3145 3220 ι
3188 3168 3283 3223 Sol
3311 3180 3364 3225 et
3400 3172 3528 3226 luna

250 3267 335 3333 τὸ,
376 3287 395 3321 ι
443 3268 503 3320 '0
549 3267 703 3338 ἥλιος
752 3265 853 3321 καὶ
881 3268 916 3339 η
950 3261 1151 3339 σελήνη
1214 3267 1632 3334 συσκοτάσουσι,
1666 3267 1762 3321 κα)⁸
1789 3266 1840 3322 οί

250 3361 487 3433 ἀστέρες
542 3362 603 3414 ού
660 3358 897 3417 δώσουσι
944 3353 1020 3433 (6)
1070 3354 1132 3414 τὸ
1168 3356 1374 3430 φέγγος
1413 3354 1628 3414 αὐτῶν·
1667 3380 1687 3414 ι
1723 3355 1839 3427 καὶ,

256 3474 279 3508 ι
321 3455 529 3525 Κύριος
554 3452 717 3507 δώσει
752 3447 937 3528 φωνὴν
962 3453 1071 3509 ἀπὸ
1104 3453 1402 3525 προσώπου
1430 3449 1714 3525 δυνάμεως
1740 3447 1841 3508 αύ-

249 3539 373 3603 τοῦ,
403 3541 487 3594 ὅτι
515 3536 686 3611 πολλή
716 3542 837 3594 ὲστι
867 3540 1076 3612 σφόδρα
1109 3540 1491 3615 ἡπαρεμδολὴ
1520 3539 1711 3599 αὑτοῦ.
1743 3560 1765 3594 ›

325 3632 424 3697 λζ’.
448 3633 562 3703 Τὴν
596 3631 823 3686 ἐπὶτῶν
855 3631 1219 3704 ἀνθρωπίνων
1256 3634 1444 3690 κακῶν
1493 3634 1840 3707 συγχώρησιν

248 3724 350 3778 τοῦ
381 3725 541 3791 Θεοῦ,
574 3725 652 3789 ὡς
693 3725 897 3799 πρᾶξιν
948 3725 1118 3781 αὑτοῦ
1144 3725 1326 3796 λέγει·
1378 3722 1566 3797 ἐπειδὴ
1594 3722 1840 3782 κωλῦσαι

249 3817 575 3887 δυνάμενος,
599 3815 759 3871 τοῦτο
782 3820 845 3872 ού
866 3820 1040 3875 ποιεῖ·
1076 3816 1154 3881 ὡς
1175 3818 1258 3881 τὸ,
1288 3834 1307 3869 t
1348 3814 1441 3888 Μὴ
1462 3815 1714 3891 ἐκκλίνῃς
1738 3819 1839 3889 τὴν

206 3933 219 3944 ·
246 3896 487 3981 καρδίαν
525 3927 626 3981 μου
660 3911 743 3973 είς
780 3909 972 3979 λόγους
998 3911 1263 3983 πονηρίας
1284 3927 1298 3940 ·
1342 3928 1363 3963 ι
1398 3912 1529 3975 καὶ,
1571 3930 1589 3963 ι
1632 3910 1722 3980 Μὴ
1748 3907 1841 3965 ἑκ-

249 4000 443 4074 κλίνῃς
463 4004 521 4055 ὲν
536 4002 675 4073 όργῇ
698 3996 806 4055 ἁπδ
834 3996 928 4055 τοῦ
950 3996 1141 4055 δούλου
1172 4019 1270 4059 σου
1289 4018 1303 4033 ·
1341 4021 1359 4053 ι
1391 4002 1507 4066 καὶ,
1537 4020 1556 4053 ι
1605 3996 1840 4069 Ἐξέκλι-

245 4108 350 4155 νας
372 4092 476 4156 τὰς
492 4092 711 4162 τρίδους
737 4088 893 4163 ἡμῶν
914 4091 1022 4144 ἀπὸ
1039 4090 1139 4161 τῆς
1165 4087 1286 4144 όδοῦ
1307 4105 1399 4143 σου
1423 4106 1436 4121 ·
1470 4109 1488 4143 ι
1512 4086 1625 4154 καί,
1650 4108 1668 4143 ι
1707 4090 1837 4145 Ἰδοὺ

247 4182 367 4251 ἐγὼ
424 4177 616 4239 πλανῶ
670 4182 864 4254 αὐτὴν,
902 4182 1033 4253 περὶ
1082 4183 1183 4255 τῆς
1219 4179 1609 4254 Ἰερουσαλήμ·
1655 4197 1674 4234 ι
1718 4182 1834 4249 καὶ,

250 4295 271 4329 ι
314 4274 382 4328 Τί
430 4275 746 4346 ἑπλάνησας
794 4275 962 4351 ἡμᾶς,
999 4271 1197 4347 Κύριε,
1241 4271 1352 4331 ἀπὸ
1380 4271 1477 4347 τῆς
1531 4272 1651 4329 ὁδοῦ
1706 4292 1835 4345 σούς

244 4366 593 4438 ὲσκλήρυνας
621 4368 718 4435 τὰς
750 4366 983 4438 καρδίας
1018 4366 1178 4438 ἡμῶν
1202 4361 1296 4422 τοῦ
1329 4368 1403 4439 μὴ
1434 4360 1717 4438 φοϐεῖσθαί
1752 4386 1833 4423 σε·

242 4459 367 4522 καὶ.
395 4477 413 4510 ι
447 4457 773 4533 Σκληρύνων
803 4456 1094 4530 σκληρυνῶ
1120 4458 1222 4530 τὴν
1246 4456 1476 4531 καρδίαν
1500 4455 1703 4530 Φαραὼ
1739 4454 1833 4514 καὶ

238 4550 356 4606 τῶν
391 4525 740 4621 θεραπόντων
777 4548 979 4605 αὑτοῦ·
1015 4566 1036 4602 ι
1071 4549 1186 4616 καὶ,
1227 4566 1246 4602 ι
1285 4549 1611 4621 Παρέδωκεν
1634 4550 1832 4615 αὐτοὺς
1864 4525 1909 4585 D

239 4643 271 4697 ὀ
302 4636 436 4702 Θεὸς
465 4643 544 4704 είς
575 4640 835 4706 ἀδόκιμον
866 4639 1015 4696 νοῦν.
1060 4658 1080 4693 ›

314 4731 422 4801 λη’.
454 4731 528 4784 Τὸ
547 4731 771 4785 δυνατὸν
794 4729 889 4783 τοῦ
918 4730 1055 4784 Θεοῦ
1080 4729 1173 4784 διὰ
1199 4730 1300 4801 τῆς
1331 4730 1586 4801 πράξεως
1626 4730 1830 4789 πολλά-

245 4843 334 4889 κις
362 4817 545 4893 λέγει·
580 4824 654 4887 ὡς
688 4823 767 4887 τὸ,
806 4842 825 4875 ι
869 4822 929 4878 '0
951 4821 1262 4877 ἐπιϐλέπων
1289 4818 1385 4877 ἐπὶ
1421 4823 1521 4896 τὴν
1562 4818 1687 4896 γῆν,
1733 4828 1831 4882 καὶ

240 4918 421 4972 ⁴μεοιῶν
452 4917 624 4987 αὐτὴν
652 4916 912 4987 τρέμειν·
949 4935 969 4969 ι
1011 4916 1141 4982 καὶ,
1180 4935 1199 4968 ι
1250 4916 1308 4968 ’0
1352 4913 1591 4973 ἀπειλῶν
1626 4915 1695 4991 τῇ
1733 4919 1829 4973 θα-

241 5012 442 5084 λάσσῃ,
472 5013 567 5067 καὶ
598 5010 867 5081 ξηραίνων
894 5007 1087 5080 αὐτὴν,
1114 5010 1211 5064 καὶ
1237 5007 1448 5075 πάντας
1490 5011 1621 5075 τοὺς
1658 5029 1821 5067 ποτα-

243 5107 383 5177 μοὺς
410 5103 726 5177 ὲξερημῶν·
772 5122 792 5155 ι
832 5103 949 5167 καὶ,
988 5122 1006 5154 ι
1046 5100 1239 5174 [Κατὰ
1268 5102 1436 5166 πόδας
1473 5098 1668 5177 αὑτοῦ]
1694 5104 1825 5180 ἔστη

238 5196 338 5252 καὶ
369 5193 639 5265 ἐσαλεύθη
664 5196 698 5264 ἡ
729 5192 835 5262 γῆ·
883 5190 1173 5261 ὲπέὸλεψε,
1209 5190 1306 5246 καλ⁵
1340 5191 1512 5262 ἐτάκη
1548 5190 1697 5264 ἔθνη.
1729 5210 1748 5243 ι

311 5373 411 5427 λον.
445 5370 723 5441 Πολλαχοῦ
762 5370 862 5441 τὴν
900 5367 1101 5438 σάρκα
1148 5368 1320 5437 λέγει,
1365 5363 1487 5439 ἦτοι
1531 5360 1623 5422 έπ⁶
1656 5365 1828 5440 αὐτῆς

234 5460 340 5536 τῆς
374 5460 631 5534 φύσεως·
665 5465 740 5526 ὡς
768 5465 854 5527 τὸ,
879 5481 897 5514 ι
925 5461 1151 5519 Ἔθεντο
1176 5462 1275 5529 τὰς
1298 5454 1509 5530 σάρκας
1532 5459 1640 5514 τῶν
1667 5458 1831 5513 ὁσίων

236 5578 338 5614 σου
368 5561 481 5621 τοῖς
509 5558 721 5627 θηρίοις
753 5557 853 5628 τῆς
887 5540 1020 5626 γῆς·
1075 5549 1108 5626 ἧ
1150 5550 1245 5608 ἐπὶ
1287 5546 1661 5623 φαυλότητος·
1700 5569 1718 5603 ι
1752 5547 1830 5615 ὡς

233 5650 322 5715 τὸ,
361 5668 379 5700 ι
419 5649 493 5701 Ob
529 5649 605 5719 μὴ
637 5652 947 5721 καταμείνῃ
996 5646 1058 5699 τὸ
1090 5644 1311 5716 πνεῦμά
1364 5660 1464 5714 μου
1496 5644 1554 5696 έν
1595 5644 1710 5706 τοῖς
1732 5643 1829 5696 ἀν-

1944 3249 2285 3308 obtenehrati
2324 3262 2451 3308 sunt
2482 3264 2537 3309 et
2575 3255 2751 3310 stellas
2785 3266 3142 3314 retraxerunt
3180 3262 3529 3333 splendorem

1943 3355 2128 3407 suum,
2159 3361 2177 3392 ι
2232 3352 2327 3398 ct:
2366 3362 2385 3394 ε
2425 3343 2694 3401 Dominus
2726 3345 2879 3401 dedit
2938 3362 3132 3404 vocem
3186 3366 3344 3407 suam
3405 3363 3533 3408 ante

1942 3428 2139 3488 faciem
2170 3434 2429 3502 potentia;
2451 3450 2586 3502 suae,
2620 3436 2751 3507 quia
2787 3438 2960 3493 multa
2993 3450 3125 3496 sunt
3147 3441 3313 3500 nimis
3344 3454 3531 3503 castra

1938 3522 2081 3593 ejus.
2114 3542 2134 3576 ι
2166 3522 2309 3579 Joel.
2339 3542 2421 3591 tu,
2448 3526 2558 3591 l5;
2589 3543 2649 3594 ιι,
2684 3528 2773 3584 ll.

2010 3616 2100 3671 37.
2136 3615 2193 3672 ln
2220 3617 2509 3674 hominum
2552 3622 2712 3678 malis
2766 3624 3184 3694 permissionem
3213 3643 3245 3684 a
3277 3628 3388 3685 Deo
3411 3641 3532 3686 tan-

1886 3730 1889 3731 ν
1928 3720 2107 3777 quam
2153 3710 2433 3766 actionem
2480 3712 2602 3783 ejus
2633 3714 2788 3780 dicit,
2822 3732 2946 3771 cum
3000 3719 3267 3789 impedire
3314 3723 3527 3791 valens,

1940 3797 2076 3854 illud
2107 3815 2218 3857 non
2261 3802 2416 3871 facit,
2448 3805 2630 3860 sicut:
2680 3826 2699 3859 ι
2737 3807 2815 3864 Ne
2843 3810 3089 3869 declines
3114 3800 3219 3870 cor
3258 3831 3441 3872 meum
3468 3819 3525 3875 in

1938 3894 2104 3948 verba
2136 3895 2399 3961 malitiaz;
2438 3916 2457 3949 ι
2511 3908 2585 3961 et,
2626 3920 2644 3951 ι
2678 3900 2756 3955 Ne
2788 3903 3037 3961 declines
3085 3907 3138 3960 in
3187 3908 3267 3962 ira
3301 3924 3330 3964 a
3365 3924 3526 3965 servo

1941 3992 2034 4038 tuo
2065 4000 2080 4050 ;
2119 4004 2139 4037 ι
2163 3996 2235 4049 et,
2272 4004 2293 4038 ι
2334 3986 2633 4043 Declinasti
2655 3990 2883 4047 semitas
2916 4002 3134 4050 nostras
3162 4010 3193 4050 α
3220 3996 3309 4052 via
3332 4006 3466 4066 tua;
3497 4018 3519 4054 ι

1936 4086 2011 4137 et,
2041 4073 2216 4131 «Ecce
2242 4091 2343 4147 ego
2378 4094 2565 4134 errare
2581 4080 2723 4135 facio
2752 4097 2898 4156 eam,
2930 4102 2950 4136 ι
2989 4085 3056 4140 de
3076 4083 3379 4144 Jerusalem
3401 4105 3417 4156 ;
3443 4095 3523 4156 et,

1943 4183 1963 4217 ι
1987 4164 2172 4232 Quare
2200 4184 2392 4225 errare
2450 4186 2550 4227 nos
2580 4171 2783 4240 fecisti,
2826 4147 3084 4243 homine,
3116 4176 3186 4235 de
3217 4180 3321 4238 viis
3354 4183 3469 4239 tuis
3496 4184 3524 4238 ?

1936 4256 2207 4314 lndurasti
2234 4275 2331 4315 cor
2356 4272 2605 4318 nostrum
2634 4282 2699 4320 ne
2719 4267 3041 4326 timeremus
3063 4282 3113 4327 te
3138 4289 3153 4340 ;
3181 4292 3200 4326 ι
3228 4283 3302 4342 et,
3328 4273 3523 4333 c-lndu-

1935 4363 2065 4407 rans
2099 4352 2354 4409 induravi
2386 4370 2481 4410 cor
2522 4357 2829 4417 Pharaonis
2857 4368 2912 4417 et
2959 4378 3249 4423 servorum
3300 4369 3456 4441 ejus;
3492 4391 3516 4426 υ

1935 4453 2011 4507 et,
2047 4463 2067 4495 ι
2097 4443 2349 4502 Tradidit
2379 4448 2501 4504 illos
2547 4450 2693 4508 Deus
2740 4452 2794 4508 in
2852 4455 3144 4531 reprobum
3205 4475 3455 4521 sensum.
3492 4484 3516 4519 ι

1937 4535 2110 4607 (Psal.
2136 4553 2258 4606 (ιιι,
2294 4541 2369 4607 4;
2406 4557 2555 4606 xxvr,
2584 4543 2617 4599 9
2648 4561 2663 4611 ;
2713 4557 2871 4612 XLIII,
2898 4546 2994 4616 l9;
3055 4549 3170 4613 Ita.
3222 4569 3379 4623 Lxm,
3407 4558 3515 4625 i7;

1932 4644 1990 4685 ι.
2028 4631 2091 4699 1;
2124 4642 2233 4698 xw,
2267 4632 2324 4699 4,
2358 4632 2468 4703 f7;
2505 4634 2662 4692 Rom.
2694 4655 2734 4705 ι,
2761 4639 2877 4713 28.)

1938 4720 1939 4723 “
2125 4724 2283 4790 Quod
2316 4726 2425 4783 Deo
2474 4732 2739 4801 possibile
2795 4743 2879 4790 est
2910 4748 3007 4805 per
3043 4739 3319 4797 actionem
3370 4759 3521 4817 saepe

1930 4814 2086 4881 dicit,
2108 4817 2250 4875 sicut
2280 4835 2294 4876 :
2322 4838 2341 4873 ‹
2368 4819 2471 4888 Qui
2502 4824 2724 4894 respicit
2756 4834 2957 4882 terram
2992 4838 3046 4884 et
3096 4829 3226 4887 facit
3252 4848 3373 4889 eam
3406 4814 3517 4892 tre-

1931 4920 2121 4975 mere;
2156 4926 2175 4960 ι
2209 4918 2283 4977 ct,
2350 4929 2368 4962 ι
2406 4910 2702 4981 lucrepans
2749 4928 2900 4970 mare
2945 4925 3001 4971 et
3055 4919 3344 4977 exsiccans
3378 4923 3515 4979 illud

1927 5005 1983 5050 et
2032 4997 2217 5052 omnia
2273 4999 2502 5057 ﬂurtiina
2549 5002 2617 5055 ad
2676 5003 2958 5058 desertum
3021 5006 3346 5078 deducens;
3383 5029 3403 5064 ι
3460 5016 3515 5068 et

1932 5102 1952 5140 ι
1990 5085 2149 5161 [Ante
2174 5090 2335 5159 pedes
2357 5090 2503 5163 ejus]
2535 5093 2686 5149 stetit
2710 5105 2763 5149 et
2787 5097 2991 5167 agitata
3021 5108 3106 5154 est
3156 5108 3321 5171 terra,
3362 5114 3515 5174 aspe-

1926 5179 2009 5234 xit
2060 5190 2114 5235 et
2168 5182 2456 5267 dissoluta:
2498 5193 2631 5239 sunt
2680 5196 2937 5255 gentes.»
2993 5189 3168 5260 (Psal.
3214 5208 3349 5259 cur,
3397 5192 3510 5267 32;

1930 5268 2148 5325 Nalmm
2182 5286 2219 5336 ι,
2253 5274 2287 5328 4
2319 5291 2334 5345 ;
2378 5264 2585 5328 Habac.
2618 5290 2702 5341 III,
2739 5277 2794 5342 5,
2823 5278 2906 5350 6.)

2000 5364 2089 5419 39.
2118 5364 2272 5436 Saepe
2299 5376 2511 5422 carnem
2540 5367 2681 5423 dixit
2714 5371 2797 5424 vel
2828 5373 2894 5426 de
2925 5372 3042 5442 ipsa
3075 5384 3291 5444 natura,
3314 5377 3461 5433 sicut
3492 5390 3510 5435 3

1937 5473 1956 5506 ι
1996 5455 2305 5511 Posuerunt
2377 5470 2573 5513 carnes
2653 5471 2971 5518 sanctorum
3037 5475 3257 5522 tuarum
3319 5469 3515 5527 bestiis

1931 5557 2129 5616 terrae;
2163 5567 2182 5600 ι
2220 5551 2305 5605 vel
2340 5551 2407 5607 de
2448 5552 2677 5619 tilitate,
2714 5555 2900 5612 sicut:
2954 5576 2971 5609 ι
3004 5557 3125 5615 Non
3170 5566 3515 5632 permanebit

1929 5640 1984 5695 in
2008 5644 2274 5698 :eternu'm
2293 5645 2530 5717 Spiritus
2547 5656 2699 5707 meus
2719 5648 2773 5705 in
2799 5649 3020 5711 bemiue
3038 5655 3166 5728 quia
3190 5666 3320 5714 caro
3343 5669 3426 5717 est
3446 5677 3461 5730 ;
3483 5671 3510 5716 r

1407 5759 1491 5814 DA
1504 5758 1639 5815 VlD.
1672 5756 2074 5819 llCESCllELIl
2102 5757 2337 5819 NOTAE.

310 5882 388 5956 (6)
418 5885 502 5941 Οὐ
533 5882 804 5939 δώσουσι
843 5880 963 5939 Lib.
996 5880 1152 5949 editi,
1184 5879 1435 5935 δύσουσιε
