4098 6492
548 437 557 441 ι
582 380 722 446 1295

1964 372 2291 436 ADRIANI

3687 356 3853 424 1296

577 504 636 550 et
658 497 727 549 de
756 491 921 548 morti
982 489 1355 556 obnoxietate,
1405 489 1598 547 sicut:
1668 507 1687 541 ι
1720 486 1788 545 Ει
1841 486 2165 545 recordatus

2269 483 2528 555 θρώποις,
2558 483 2648 539 διὰ
2673 481 2735 538 τὸ
2763 476 2906 536 εῐναι
2939 478 3140 543 αὐτοὺς
3169 477 3381 549 σάρκας
3402 490 3418 507 ’
3461 474 3555 529 καὶ
3599 474 3692 527 ἐπὶ
3718 473 3893 543 θείη-.

583 596 667 643 est
695 585 826 655 quia
854 598 986 639 caro
1018 592 1168 646 sunt,
1198 582 1427 653 spiritus
1461 581 1670 638 vadens
1699 598 1714 647 ;
1751 600 1770 633 ι
1800 589 1876 646 ct,
1910 599 1928 632 ι
1965 578 2158 635 Omnis

2269 578 2527 649 πιότητος·
2570 595 2590 629 ι
2629 575 2706 639 ὡς
2754 574 2856 641 τὸ,
2895 593 2913 626 ι
2943 573 3057 626 Καὶ
3103 568 3351 642 ἐμνήσθη
3394 568 3481 621 ὅτι
3530 565 3666 637 σάρξ
3710 564 3870 626 εἱσι,

580 694 712 734 caro
738 677 961 742 fenum;
996 696 1015 729 ι
1050 684 1106 731 et
1142 676 1480 745 Apostolus:
1519 693 1538 727 ¢
1576 672 1787 729 Etenim
1824 674 1868 728 si
1900 673 2156 744 cognovi-

524 817 530 823 .
580 786 706 826 mus
731 769 1033 826 secundum
1065 783 1289 824 carnem
1324 766 1631 832 Christum,
1659 786 1679 818 ι
1720 774 1780 821 ιιι
1808 766 1978 831 dicat,
2004 780 2157 820 mor-

577 863 736 918 talem
768 879 782 927 ;
816 869 890 926 et,
930 880 946 911 ι
987 859 1043 914 ln
1068 860 1261 915 diebus
1291 859 1475 914 carnis
1506 868 1656 925 sua};
1705 878 1724 911 ι
1762 867 1837 925 et,
1867 877 1886 911 ι
1922 858 2062 914 Caro
2103 865 2158 912 et
2216 908 2227 915 .

574 952 797 1024 sanguis
821 966 1046 1022 regnum
1103 952 1196 1005 Dei
1241 950 1522 1021 possidere
1558 965 1665 1004 non
1695 957 1968 1020 possunt;
2009 968 2028 1004 ι
2079 960 2156 1015 οι,

577 1060 611 1100 ιι
634 1046 787 1114 Quod
820 1056 1003 1099 autem
1036 1058 1183 1099 nunc
1205 1043 1331 1098 vivo
1373 1043 1426 1097 in
1466 1058 1651 1110 carne,
1720 1043 1774 1097 in
1811 1042 1915 1098 [ide
1944 1044 2101 1108 vivo;
2135 1061 2154 1095 ι

582 1144 649 1196 de
692 1139 1026 1210 cognatione
1056 1151 1207 1201 vero,
1252 1136 1394 1191 sicut
1433 1136 1611 1192 Osee:
1673 1155 1692 1188 ι
1726 1135 1869 1191 Caro
1924 1152 2045 1192 mea
2092 1153 2156 1192 ex

573 1233 743 1303 ipsis;
785 1251 803 1283 ι
843 1240 918 1294 et,
950 1248 970 1282 ι
1010 1228 1148 1284 Ecce
1186 1242 1251 1283 os
1281 1239 1435 1284 tuum
1454 1238 1509 1283 et
1537 1243 1669 1284 caro
1699 1237 1791 1283 tua
1822 1243 2019 1284 sumus
2044 1229 2158 1284 heri

512 1374 520 1380 .
574 1332 629 1375 et
656 1321 856 1375 nudius
908 1318 1107 1374 tertius
1140 1335 1154 1385 ;
1195 1336 1213 1368 ι
1250 1326 1324 1382 et,
1378 1336 1398 1370 ι
1428 1317 1648 1373 Fratres
1697 1319 1801 1373 mei
1835 1333 1929 1374 vos
1957 1361 1972 1385 ,
2008 1338 2026 1371 ι
2080 1326 2158 1384 et,

581 1430 600 1465 ι
631 1411 821 1467 Nonne
849 1426 913 1467 os
939 1426 1119 1465 meum
1150 1419 1205 1464 et
1246 1424 1376 1465 caro
1402 1425 1522 1465 mea
1568 1410 1675 1465 es?
1709 1430 1727 1461 ι
1766 1410 1832 1464 ad
1872 1410 2165 1478 Amasam;

583 1523 602 1556 ι
642 1504 707 1558 Et
733 1505 780 1559 si
806 1503 1084 1574 quomodo
1107 1501 1174 1556 ad
1202 1501 1568 1556 aemulandum
1612 1516 1904 1571 provocem
1942 1518 2163 1558 carnem

576 1611 779 1650 meam.
810 1614 829 1647 ι
870 1593 1043 1665 (Psal.
1066 1610 1298 1655 Lxxvm,
1325 1594 1361 1647 2
1386 1611 1403 1661 ;
1436 1592 1567 1648 Geta.
1590 1610 1666 1659 vt,
1696 1595 1750 1649 ὃς
1776 1593 1925 1648 Psal.
1959 1610 2167 1659 Lxxvn,

2265 670 2485 739 πνεῦμα
2512 667 2882 739 πορευόμενον
2901 681 2915 695 ·
2951 682 2974 717 ι
3000 662 3119 728 καὶ,
3156 680 3175 713 ι
3206 660 3362 714 Πᾶσα
3396 656 3532 726 σὰρξ
3560 657 3758 727 χόρτος
3784 671 3804 686 ο
3844 672 3869 702 s

2266 766 2360 818 καὶ
2387 766 2416 817 ὀ
2472 759 2795 821 Ἀπόστολος
2818 798 2835 824 ,
2872 776 2890 810 ι
2940 757 3003 810 Εί
3040 754 3152 825 γὰρ
3188 752 3286 806 καὶ
3337 749 3655 819 ἐγνώκαμεν
3705 744 3874 799 κατὰ

2269 854 2449 926 σάρκα
2477 852 2712 923 Χριστόν
2736 865 2751 879 ·
2791 868 2809 901 ι
2856 847 2945 901 ἵνα
2974 846 3129 917 εῐπῃ,
3166 843 3388 914 θνητόν·
3423 840 3539 901 καὶ,
3565 858 3583 890 ι
3618 839 3706 890 Ἐν
3734 838 3876 926 Eni;

2265 921 2503 1016 ἡμέραις
2528 921 2630 1011 ﬁt;
2664 940 2869 1012 σαρκὸς
2896 936 3066 992 αὑτοῦ
3091 953 3105 969 ο
3143 954 3161 989 ι
3198 936 3315 1001 καὶ,
3352 954 3371 985 ι
3410 932 3556 1003 Σὰρξ
3582 931 3680 984 καὶ
3708 921 3873 995 αἷμα

2266 1034 2546 1107 βασιλείαν
2591 1032 2728 1087 Θεοῦ
2756 1032 2817 1085 οὐ
2864 1028 3373 1100 κληρονομήσουσιο
3421 1044 3439 1077 ι
3476 1024 3593 1088 καὶ,
3630 1041 3650 1072 ι
3695 1024 3770 1073 Ὀ
3808 1019 3875 1071 δὲ

2264 1128 2361 1184 νῦν
2394 1126 2471 1193 ζῶ
2497 1127 2554 1181 ὲν
2581 1125 2770 1196 σαρκὶ,
2801 1126 2860 1176 ὲν
2889 1123 3070 1176 πίστει
3104 1118 3184 1183 ζῶ
3207 1136 3219 1148 ·
3255 1138 3273 1171 ι
3310 1118 3405 1170 ἐπὶ
3427 1115 3751 1185 συγγενείας
3779 1112 3871 1164 δέ-

2264 1224 2342 1286 ὼς
2374 1219 2529 1291 παρὰ
2562 1217 2641 1290 τῷ
2701 1217 2881 1286 Ὠσηὲ,
2923 1234 2941 1266 ι
2982 1211 3128 1285 Σάρξ
3180 1228 3282 1283 μου
3318 1210 3379 1277 ἐξ
3413 1209 3630 1265 αὑτῶνο
3672 1226 3689 1259 ι
3736 1204 3874 1264 καὶ.

2279 1317 2413 1370 Ἰδοὺ
2445 1314 2582 1367 ὀστᾶ
2613 1329 2707 1366 σου
2743 1310 2837 1364 καὶ
2869 1310 3072 1380 σάρκες
3112 1322 3206 1359 σου
3235 1306 3398 1375 ήμείς
3441 1302 3567 1373 χθὲς
3600 1300 3699 1353 καὶ
3736 1297 3877 1369 τρί-

2267 1427 2367 1481 την
2406 1405 2651 1478 ἡμέραν⁸
2714 1421 2734 1456 s
2790 1402 2906 1465 καὶ,
2952 1419 2970 1452 ι
3024 1397 3269 1465 Ἀδελφοί
3302 1413 3406 1467 μου
3448 1394 3643 1464 ὑμεῖς’
3681 1409 3702 1442 s
3738 1390 3877 1481 καὶ,

2274 1523 2293 1555 ι
2323 1480 2464 1571 ίοῦχὶ
2517 1496 2711 1551 ὀστοῦν
2767 1512 2869 1565 μου
2918 1493 3017 1546 καὶ
3074 1489 3211 1561 σάρξ
3239 1506 3344 1559 μου
3372 1486 3474 1553 σύ;
3514 1505 3533 1536 s
3587 1484 3727 1551 πρὸς
3772 1480 3881 1533 tim

2279 1592 2541 1665 Ἀμεσσά·
2562 1590 2679 1652 καὶ,
2709 1608 2726 1639 ι
2747 1588 2813 1640 Εἰ
2826 1603 2941 1649 πως
2967 1582 3351 1654 παραζηλώσω
3374 1597 3476 1650 μου
3497 1578 3597 1647 τὴν
3617 1577 3833 1643 σάρκα.
3852 1593 3873 1624 s

576 1687 694 1755 39;
748 1687 862 1742 Isa.
902 1687 993 1751 48,
1042 1686 1072 1741 6
1105 1704 1120 1752 ;
1156 1685 1215 1740 11
1256 1685 1380 1740 Cor.
1405 1701 1456 1749 v,
1514 1685 1622 1753 16;
1691 1685 1855 1742 Hebr.
1908 1703 1962 1755 v,
1994 1689 2068 1755 7;
2107 1687 2155 1744 I.
2198 1689 2324 1746 Cor.
2389 1703 2483 1754 xv,
2540 1683 2650 1751 58;
2684 1679 2866 1736 Galat.
2900 1695 2963 1743 ιι,
2994 1676 3108 1744 28;
3141 1676 3290 1731 Osee.
3335 1692 3413 1739 ιχ,
3454 1672 3561 1739 i2;
3599 1667 3689 1734 II,
3725 1666 3878 1736 Reg-

577 1796 631 1844 v,
669 1779 744 1845 2;
779 1778 1007 1842 x1x,l2,
1044 1780 1146 1844 l3;
1188 1776 1341 1830 Rom.
1379 1792 1456 1843 XI,
1481 1777 1595 1846 Η.)

649 1916 743 1970 40.
767 1912 968 1967 Filium
1003 1927 1100 1981 pro
1123 1911 1276 1966 homo
1307 1911 1439 1967 dicit
1467 1930 1480 1967 :
1519 1932 1535 1964 ι
1559 1912 1697 1978 Quid
1722 1922 1806 1969 est
1837 1915 1999 1970 homo
2016 1916 2163 1987 quod

2341 1912 2416 1979 μ’.
2448 1905 2556 1958 Τὸν
2592 1902 2722 1957 Υίδν
2741 1900 2862 1956 ἀντὶ
2888 1898 2983 1953 τοῦ
3010 1898 3324 1967 ἅνθρωπος
3342 1896 3519 1964 λέγει·
3560 1916 3579 1947 ι
3611 1896 3681 1949 Τί
3708 1895 3879 1949 ἐστιν

580 2024 790 2064 memor
823 2023 883 2061 es
931 2005 1094 2076 ejus?
1126 2016 1222 2058 aut
1256 2005 1401 2060 lilius
1458 2004 1696 2061 hominis
1724 2007 1747 2060 ?
1784 2028 1803 2060 ι
1851 2024 1949 2078 pro
1973 2010 2168 2074 homo;

580 2113 684 2166 rt,r
718 2100 816 2154 Fili
855 2100 1132 2164 hominis;
1155 2118 1172 2149 ι
1204 2114 1302 2169 pro
1319 2099 1473 2152 homo
1500 2116 1515 2164 ;
1539 2108 1611 2162 et,
1644 2117 1663 2151 ι
1687 2098 1913 2155 Catulus
1936 2102 2163 2167 leonis,»

583 2194 831 2264 proleo;
893 2200 969 2252 et,
1017 2212 1035 2244 ‹
1071 2192 1227 2246 Sicut
1260 2191 1378 2246 ovis
1431 2191 1497 2245 ad
1575 2192 1909 2248 occisionem
1968 2195 2168 2249 ductus

581 2297 664 2341 est
698 2303 715 2352 ;
753 2304 771 2336 ι
809 2294 884 2349 et,
914 2303 931 2333 ι
965 2282 1133 2349 Quasi
1172 2297 1349 2352 agnus
1379 2298 1563 2337 coram
1600 2284 1856 2338 tondente
1889 2300 1948 2340 se
1971 2286 2169 2340 obmu-

584 2386 807 2432 tescet.»
864 2373 1037 2442 (Psal.
1062 2374 1267 2442 γιιι,5;
1303 2373 1497 2428 Ezech.
1528 2389 1588 2429 tt.
1615 2375 1680 2442 6;
1712 2375 1927 2430 Nahum
1958 2394 2019 2446 ιι,
2055 2378 2112 2433 ll
2149 2395 2165 2445 ;

584 2469 699 2524 Isa.
735 2483 855 2531 LIII,
883 2465 965 2535 Ἰ.)

652 2603 744 2656 41.
780 2601 936 2671 Saepe
970 2601 1143 2655 utitur
1187 2601 1409 2668 spiritus
1440 2603 1683 2669 nomine,
1731 2612 1848 2659 tum
1902 2619 2001 2676 pro
2042 2622 2168 2660 con-

585 2694 732 2757 silio,
767 2703 881 2748 tum
916 2708 1016 2762 pro
1039 2694 1376 2759 charismate,
1409 2702 1523 2748 tum
1550 2710 1647 2765 pro
1678 2696 1887 2767 angelo,
1921 2705 2036 2751 tum
2070 2712 2167 2769 pro

585 2787 789 2851 anima,
837 2793 950 2837 tum
982 2798 1081 2853 pro
1127 2799 1270 2849 voce,
1314 2793 1427 2838 tum
1464 2801 1563 2856 pro
1588 2803 1746 2852 aere,
1798 2803 1898 2857 pro
1947 2790 2167 2844 consilio

2272 2000 2578 2071 ἄνθρωπος,
2607 1997 2689 2049 ὅτι
2716 1994 3002 2065 μιμνήσκῃ
3032 1991 3235 2056 αὐτοῦς
3263 1990 3296 2061 ἢ
3330 1990 3456 2053 Υίδς
3484 1988 3813 2058 ἀνθρώπου,
3850 2006 3871 2036 s

2269 2093 2391 2146 ἀντὶ
2420 2090 2536 2151 τοῦ,
2570 2089 2884 2154 ἅνθρωπος
2906 2100 2921 2115 °
2958 2083 3075 2146 καὶ,
3117 2101 3136 2134 ι
3177 2082 3273 2135 Υίὲ
3319 2079 3645 2150 ὰνθρὼπου’
3682 2098 3702 2131 ι
3735 2080 3878 2132 ἀντὶ

2269 2182 2385 2247 τοῦ,
2411 2182 2713 2248 ἄνθρωπε·
2755 2175 2882 2239 καὶ,
2919 2192 2937 2225 ι
2973 2173 3222 2244 Σκύμνος
3263 2172 3475 2235 λέοντος
3510 2191 3529 2222 ι
3567 2172 3692 2226 ἀντὶ
3737 2169 3873 2233 τοῦ,

2266 2273 2460 2326 λέων·
2493 2271 2611 2331 καὶ,
2651 2268 2742 2330 Ὦς
2769 2265 3043 2337 πρόϐατον
3073 2264 3169 2317 ἐπὶ
3197 2263 3411 2333 σφαγήν
3458 2261 3624 2331 ήχθη,
3685 2278 3703 2312 s
3739 2261 3874 2323 καὶ,

2275 2384 2294 2418 ι
2345 2364 2433 2428 Ὡς
2454 2362 2627 2434 ἀμνὸς
2666 2359 2907 2415 ἐναντίον
2932 2351 3027 2411 τοῦ
3054 2357 3332 2428 κείροντος
3367 2356 3528 2409 αὑτὸν
3560 2355 3807 2426 ἄφωνος.
3845 2372 3869 2407 s

2342 2583 2453 2649 μα’.
2484 2574 2772 2646 Πολλαχῶς
2802 2574 3066 2644 κέχρηται
3094 2573 3160 2642 τῇ
3182 2571 3279 2624 τοῦ
3314 2573 3664 2640 Πνεύιιατος
3688 2588 3875 2642 προσ-

2266 2667 2488 2740 ηγορίᾳ,
2521 2668 2640 2737 ήτοι
2675 2664 2766 2717 ἐπὶ
2793 2662 3217 2731 προαιρέσεως,
3249 2661 3284 2731 ἢ
3315 2660 3410 2713 ἐπὶ
3436 2661 3810 2732 χαρίσματος,
3837 2660 3874 2730 ἦ

2268 2760 2363 2811 ἐπὶ
2386 2756 2721 2827 ἁγγέλου,ῆ
2746 2755 2839 2808 ἐπὶ
2864 2752 3096 2823 ψυχῆς,
3120 2753 3153 2824 ἢ
3190 2752 3285 2805 ἐπὶ
3308 2749 3533 2821 φωνῆς,
3567 2750 3601 2822 ἢ
3637 2753 3731 2804 ἐπὶ
3758 2750 3877 2805 ἀὲ·-

587 2876 704 2941 Dei',
731 2876 911 2931 sicut:
951 2873 1215 2931 «Fecistis
1243 2877 1535 2953 consilium
1569 2888 1624 2933 et
1655 2894 1762 2933 non
1794 2895 1887 2949 per
1912 2880 2164 2948 spiritum

2269 2866 2370 2917 ρος
2388 2865 2403 2880 θ
2438 2848 2530 2901 ἐπὶ
2551 2848 2648 2917 μὲν
2669 2843 3072 2914 προαιρέσεως
3093 2840 3187 2895 τοῦ
3205 2840 3342 2895 Θεοῦ
3360 2859 3372 2872 ι
3392 2841 3467 2903 ὼς
3484 2840 3565 2905 τὸ,
3592 2861 3609 2892 ι
3634 2840 3877 2909 Ἐποιή-

586 2984 808 3033 meum;
849 2987 867 3021 ι
899 2983 997 3039 pro
1041 2970 1340 3024 consilium.
1384 2969 1471 3034 Et,
1511 2988 1530 3021 ι
1562 2972 1856 3027 Convertet
1910 2975 2163 3044 spirituum

590 3077 773 3125 suum,
810 3080 828 3113 ι
866 3076 963 3131 pro
991 3062 1292 3116 consilium.
1316 3061 1398 3127 Et,
1428 3063 1495 3117 de
1520 3064 1700 3129 nobis,
1719 3065 1861 3119 sicut
1886 3082 1900 3121 :
1934 3085 1952 3118 ι
1994 3065 2167 3136 Spiri-

590 3162 705 3208 tum
738 3163 944 3207 rectum
979 3151 1177 3205 innova
1227 3152 1280 3205 in
1318 3151 1665 3220 visceribus;
1698 3172 1716 3205 ι
1761 3155 1927 3219 idest,
1979 3159 2161 3211 consi-

591 3243 764 3305 lium;
809 3252 884 3306 «τι,
927 3259 944 3293 ι
989 3240 1105 3298 Nor
1164 3251 1250 3296 est
1296 3242 1542 3297 creditus
1599 3258 1724 3297 cum
1776 3242 1888 3297 Deo
1936 3247 2163 3316 spiritus
2191 3263 2234 3321 (ς

591 3332 732 3401 ejus,
763 3350 782 3381 ι
823 3345 1015 3398 nempe
1044 3331 1352 3385 consilium.
1417 3332 1501 3393 Et.
1540 3352 1558 3383 ι
1588 3332 1646 3387 In
1697 3333 1893 3403 spiritu
1944 3336 2179 3394 fornica-

595 3424 763 3479 tionis
812 3431 1176 3488 erraverunt;
1212 3441 1231 3475 ι
1275 3432 1350 3486 et,
1422 3441 1442 3474 ι
1477 3422 1738 3492 Ephraim
1796 3430 1971 3483 malus
2018 3430 2179 3498 spiri-

597 3523 726 3576 tus;
766 3529 785 3562 ι
822 3518 896 3575 et,
935 3527 954 3561 ι
986 3511 1125 3577 Quia
1157 3525 1264 3565 non
1330 3512 1590 3569 inventus
1642 3525 1724 3570 est
1754 3517 1983 3585 spiritus
2034 3520 2176 3576 alius

596 3600 651 3655 in
674 3614 739 3655 eo
766 3616 781 3666 ;
808 3619 826 3652 ι
849 3609 923 3665 et,
951 3618 969 3651 ‹
996 3597 1152 3655 Nunc
1175 3614 1302 3655 ecce
1329 3601 1579 3673 alligatus
1600 3618 1699 3674 ego
1727 3607 1922 3676 spiritu
1950 3608 2090 3663 vado
2121 3611 2173 3665 in

593 3689 892 3745 Jerusalem
920 3710 935 3757 ;
963 3708 981 3742 ι
1021 3699 1074 3745 et
1120 3689 1429 3747 Dominus:
1505 3711 1525 3745 ι
1563 3693 1712 3751 Beati
1753 3711 2023 3767 pauperes
2063 3701 2176 3771 spi-

597 3783 726 3837 ritu.
755 3800 773 3833 ι
814 3779 880 3835 Ει
910 3790 1008 3851 pro
1031 3782 1391 3849 charismate,
1422 3783 1598 3841 sicut:
1635 3805 1654 3839 ι
1698 3786 1762 3842 Et
1800 3791 1993 3859 spiritu
2024 3793 2176 3861 prin-

595 3872 757 3942 cipali
814 3872 1075 3927 conlirma
1104 3888 1233 3940 mc;
1272 3892 1289 3925 ι
1325 3882 1400 3941 et,
1430 3893 1450 3927 ι
1504 3876 1742 3946 Spiritus
1787 3881 2068 3950 sapientia:
2116 3890 2176 3937 et

593 3964 927 4028 intellectus,
948 3964 1177 4034 spiritus
1204 3965 1424 4021 consilii
1459 3975 1516 4022 et
1543 3966 1907 4038 fortitudinis,
1945 3974 2173 4043 spiritus

532 4090 535 4093 ‹
595 4056 833 4113 scientia:
852 4063 906 4110 et
962 4052 1204 4125 pietatis,
1236 4056 1464 4125 spiritus
1533 4058 1749 4116 timoris
1798 4060 1894 4117 Dei
1943 4065 2174 4134 replebit

592 4162 766 4213 eum;
806 4162 825 4200 ι
868 4156 921 4202 et
954 4162 970 4200 :
1025 4165 1044 4200 ι
1078 4140 1285 4217 Βυριᾶ
1329 4149 1423 4203 liat
1469 4149 1697 4220 spiritus
1723 4163 1851 4208 tuus
1885 4153 2058 4210 inme
2091 4173 2106 4223 ;
2145 4175 2166 4209 ι

594 4246 651 4294 et
686 4237 981 4308 Apostolus
1009 4239 1257 4306 spiritum
1289 4238 1561 4295 charisma
1597 4255 1743 4310 saepe
1784 4241 1954 4309 dicit,
1987 4244 2168 4300 sicut:

603 4344 623 4379 ι
645 4326 907 4397 Spiritum
936 4326 1104 4380 nolite
1116 4327 1485 4395 exstinguere.
1518 4345 1538 4379 ι
1564 4326 1631 4380 Et
1650 4341 1750 4398 pro
1767 4329 2168 4397 angelo,sicut:

602 4439 624 4471 ι
661 4420 728 4473 lit
758 4418 1044 4488 ingressus
1070 4425 1156 4473 est
1192 4418 1247 4471 in
1277 4433 1364 4475 me
1390 4419 1618 4489 spiritus
1646 4429 1701 4475 et
1727 4420 1930 4475 levavit
1971 4436 2080 4486 me,
2115 4431 2171 4477 et

598 4510 897 4580 assumpsit
927 4523 1032 4564 me.
1069 4528 1088 4561 ι
1126 4507 1232 4564 Pro
1259 4511 1463 4574 anima,
1503 4511 1689 4566 sicut:
1740 4532 1759 4563 ‹
1791 4511 1972 4568 Exibit
2008 4513 2171 4583 spiri-

2269 2957 2400 2993 σατε
2431 2938 2730 3009 συνθήκας,
2780 2937 2842 2990 οὐ
2870 2937 2959 2990 διὰ
2994 2934 3090 2989 τοῦ
3142 2934 3454 3005 πνεύματός
3484 2950 3586 3003 μου
3611 2950 3623 2963 ο
3664 2952 3684 2983 s
3717 2933 3874 2997 ἀντὶ,

2266 3029 2690 3098 προαιρέσεως·
2715 3028 2809 3081 καὶ
2824 3026 2905 3091 τὸ,
2937 3025 3280 3080 (Μεταὸαλεί
3301 3025 3363 3078 τὺ
3381 3024 3598 3094 πνεῦμα
3628 3022 3833 3077 αὑτοῦ·
3849 3042 3870 3074 s

2265 3122 2406 3190 ἀντὶ,
2422 3121 2788 3190 προαίρεσιν⁸
2806 3119 2903 3189 τῆς
2917 3117 2974 3171 δὲ
2990 3118 3074 3187 ἐφ’
3092 3116 3268 3188 ήμῶν·
3285 3118 3360 3180 ὡς
3378 3117 3461 3183 τὸ,
3481 3134 3500 3169 ι
3512 3117 3620 3170 Kal.
3639 3115 3877 3187 πνεῦμα

2266 3212 2422 3274 esse;
2442 3211 2752 3279 ὲγκαίνισον
2784 3209 2843 3261 ὲν
2868 3209 2983 3271 τοῖς
3014 3208 3297 3276 ὲγκάτοιςο
3331 3226 3349 3260 ι
3387 3207 3635 3260 τουτέστι
3660 3223 3677 3238 ’
3713 3221 3875 3275 προ-

2277 3304 2548 3371 αίρεσινο
2596 3300 2692 3352 καὶ
2716 3338 2730 3363 ,
2771 3315 2788 3349 ι
2824 3296 2938 3351 Οὐκ
2990 3295 3270 3366 ὲπιστώθη
3324 3295 3461 3366 μετὰ
3493 3294 3588 3349 τοῦ
3631 3297 3773 3348 Θεοῦ
3805 3296 3875 3348 τὸ

2278 3397 2496 3468 πνεῦμα
2530 3397 2729 3467 αὐτῆς·
2760 3414 2778 3446 ι
2803 3397 2993 3466 ήγουν,
3024 3396 3058 3465 ή
3084 3394 3432 3463 προαίρεσις
3452 3407 3464 3421 ⁸
3494 3392 3609 3456 καὶ,
3646 3410 3666 3441 ι
3693 3389 3846 3443 Πνεΰ

2280 3509 2411 3563 ματι
2444 3490 2699 3561 πορνείας
2731 3486 3143 3560 ἐπλανήθησαν·
3187 3507 3205 3540 ι
3247 3486 3373 3552 καὶ,
3423 3504 3441 3537 ι
3485 3483 3733 3554 Ἐφραὶμ
3763 3500 3871 3535 πο-

2276 3582 2438 3653 νηρὸν
2483 3580 2737 3652 πνεῦμαο
2786 3600 2805 3631 ι
2868 3581 2984 3647 καί,
3023 3599 3041 3630 ι
3082 3577 3209 3633 Ὀτι
3266 3579 3340 3648 μὴ
3393 3575 3591 3648 εὐρεθῇ
3640 3574 3871 3644 πνεῦμα

2274 3676 2460 3747 ἕτερον
2487 3677 2545 3729 ἐν
2579 3675 2759 3745 αὐτῷ’
2797 3695 2815 3726 ι
2848 3674 2966 3740 καὶ,
2995 3694 3013 3727 ι
3044 3671 3159 3727 Νῦν
3181 3672 3463 3742 δεδεμένος
3486 3670 3564 3739 τῷ
3586 3669 3865 3739 πνεύματι

2274 3769 2578 3840 πορεύομαι
2617 3770 2696 3831 είς
2741 3765 3132 3838 Ἰερουσαλήμ
3168 3785 3186 3817 ι
3226 3765 3319 3818 καὶ
3345 3764 3385 3829 ὁ,
3415 3764 3642 3833 Κύριος,
3677 3782 3698 3815 ι
3736 3765 3865 3819 M2-

2274 3861 2455 3932 κάριοι
2480 3861 2528 3914 οί
2557 3861 2767 3929 πτωχώ⁴
2811 3858 2889 3930 τῷ
2920 3862 3192 3929 πνεύματι
3214 3873 3228 3888 ·
3284 3875 3303 3909 ι
3348 3858 3439 3909 ἐπὶ
3466 3856 3524 3909 δὲ
3563 3858 3867 3925 χαρίσμα-

2272 3967 2410 4018 τος*
2439 3952 2515 4015 ὡς
2568 3951 2649 4015 τὸ,
2692 3971 2709 4002 ι
2753 3950 2865 4005 Kal.
2915 3947 3192 4020 πνεύματι
3233 3947 3548 4019 ἡγεμονικῷ
3601 3948 3865 4017 στήριξᾰν

2275 4060 2344 4114 με
2366 4059 2381 4074 ο
2415 4061 2433 4095 ι
2478 4042 2595 4105 καὶ,
2638 4060 2656 4094 ι
2694 4041 2922 4111 Πνεῦμα
2962 4041 3155 4111 σοφίας
3185 4040 3279 4093 καὶ
3309 4038 3601 4102 συνέσεως,
3633 4038 3862 4107 πνεῦμα

2274 4135 2473 4207 βουλῆς
2503 4133 2598 4189 καὶ
2635 4131 2840 4204 ίσχύος,
2876 4131 3097 4202 πνεῦμα
3134 4130 3389 4200 γνώσεως
3419 4130 3514 4183 καὶ
3548 4129 3863 4195 εὐσεϐείας,

2271 4226 2489 4297 πνεῦμα
2524 4225 2691 4295 φόϐου
2717 4221 2854 4277 Θεοῦ
2884 4223 3156 4294 ἐμπλήσει
3178 4222 3340 4276 αὐτόν
3359 4239 3373 4252 θ
3413 4241 3432 4272 ι
3459 4222 3573 4285 καὶ,
3602 4241 3622 4273 ι
3644 4222 3816 4274 Δισσιῖ
3831 4238 3865 4285 ς

2270 4317 2472 4371 ἐλθέτω
2496 4316 2558 4369 τὸ
2609 4314 2831 4385 πνεῦμά
2859 4331 2952 4367 σου
2978 4313 3065 4365 ἐπ’
3097 4312 3227 4385 ὲμέ·
3266 4330 3286 4364 ι
3333 4313 3428 4365 καὶ
3461 4312 3489 4364 ό
3524 4310 3864 4374 Ἀπόστολος

2272 4406 2496 4478 Πνεῦμα
2536 4406 2598 4459 τὸ
2654 4404 2918 4476 χάρισμα
2971 4402 3241 4474 τωλλαχοῠ
3295 4418 3494 4471 φησιν·
3541 4397 3678 4462 οἷον.
3723 4418 3744 4452 ι
3779 4401 3864 4453 Τὸ

2271 4494 2492 4566 πνεῦμα
2542 4495 2619 4566 μὴ
2666 4495 2962 4548 σδέννυτεο
3014 4511 3033 4545 ι
3070 4493 3163 4546 ἐπὶ
3218 4492 3273 4546 δὲ
3320 4491 3618 4561 ἀγγέλου·
3662 4491 3742 4555 ὡς
3768 4490 3863 4557 τὺ,

598 4610 688 4655 tus
718 4600 837 4670 ejus
866 4612 921 4655 et
949 4611 1256 4655 revertetur
1302 4603 1354 4657 in
1416 4611 1621 4657 terram
1677 4619 1855 4659 suam.
1892 4626 1912 4659 ι
1976 4582 2051 4661 Et
2069 4621 2168 4677 pro

2276 4606 2294 4640 ι
2337 4588 2451 4641 Καὶ
2474 4582 2638 4658 ἦλθεν
2671 4586 2760 4639 ἐπ’
2798 4586 2897 4657 ἐμὲ
2934 4584 3147 4655 πνεῦμα
3172 4622 3189 4648 ,
3222 4583 3317 4637 καὶ
3356 4582 3587 4635 ἀνέλαϐέ
3632 4600 3723 4651 με,
3758 4585 3863 4635 καὶ

598 4706 718 4743 voce
763 4690 949 4745 sicut:
995 4708 1013 4741 ι
1056 4689 1233 4745 Verbo
1264 4688 1481 4745 Domini
1536 4692 1659 4747 σαιιί
1714 4693 1914 4748 lirmati
1944 4704 2075 4750 sunt
2115 4704 2171 4749 et

596 4782 792 4855 spiritu
830 4785 942 4839 oris
965 4784 1084 4855 ejus
1115 4784 1296 4840 omnis
1327 4784 1499 4841 virtus
1529 4799 1719 4839 eorum
1751 4803 1766 4852 ;
1810 4805 1829 4838 ι
1854 4798 1903 4841 et
1929 4790 2168 4859 Aposto-

596 4875 683 4929 lus
713 4892 727 4928 :
767 4895 785 4926 ι
818 4872 1001 4929 Orabo
1035 4874 1254 4944 spiritu.
1286 4875 1456 4930 orabo
1484 4884 1537 4930 et.
1567 4884 1774 4931 mente.
1812 4895 1830 4927 ι
1872 4876 1980 4932 Pro
2017 4895 2163 4945 aere,

596 4967 779 5021 sicut:
820 4984 838 5017 ι
872 4964 929 5019 ιιι
957 4965 1153 5035 spiritu
1180 4966 1485 5021 vehementi
1520 4976 1773 5022 conteres
1795 4983 1961 5023 naves
1993 4970 2169 5024 Thar-

595 5056 713 5123 sis;
755 5075 773 5108 ι
808 5066 884 5122 et,
920 5074 938 5108 ι
976 5056 1223 5110 EmisiSti
1259 5057 1511 5125 spiritum
1556 5066 1710 5111 tuum
1743 5068 1797 5112 et
1827 5060 2165 5128 operuiteos

594 5162 786 5213 mare;
816 5166 835 5199 ι
876 5156 950 5211 et,
988 5166 1006 5198 ι
1044 5147 1085 5200 Α
1118 5156 1356 5216 quatuor
1405 5146 1692 5216 spiritibus
1717 5149 1919 5203 veniat.
1962 5168 1981 5200 ι
2044 5147 2163 5206 Isa.

593 5254 725 5303 xxx,
759 5240 783 5293 1
819 5255 833 5302 ;
867 5236 1017 5292 Psal.
1053 5254 1105 5300 ι..
1130 5239 1239 5305 l2;
1277 5254 1482 5305 Lxxvu,
1511 5239 1584 5306 8;
1625 5239 1756 5294 Osee
1803 5255 1876 5305 v1,
1922 5240 2024 5307 i2;
2051 5257 2160 5309 stt,

596 5334 618 5386 l
657 5349 674 5399 ;
736 5330 903 5386 Num.
963 5345 1072 5394 xw,
1104 5330 1216 5395 24;
1271 5331 1391 5384 Act.
1431 5347 1521 5398 xx,
1569 5330 1687 5398 22;
1746 5330 1941 5386 Matth.
1978 5348 2033 5397 v,
2084 5334 2163 5396 ὃς

594 5421 744 5477 Psal.
782 5438 832 5485 ι.,
870 5421 978 5488 Ης
1016 5421 1128 5476 lsu.
1160 5438 1220 5485 ιι,
1246 5421 1315 5487 2;
1347 5419 1433 5475 IV
1489 5421 1617 5492 Reg.
1655 5437 1719 5486 ιι,
1753 5422 1829 5488 9;
1886 5420 1916 5475 Ι
1978 5421 2160 5480 Thess.

592 5515 774 5580 v,l9;
813 5511 1003 5567 Ezech.
1033 5529 1092 5577 ιι,
1126 5512 1220 5575 24,
1291 5528 1373 5575 ιιι,
1407 5512 1485 5578 2;
1516 5512 1617 5579 ll;
1672 5510 1826 5568 Psal.
1883 5526 2045 5580 οων,
2079 5514 2159 5582 5;

593 5621 769 5668 xxxu,
808 5605 879 5670 6;
930 5603 959 5660 Ι
992 5604 1115 5660 Cor.
1148 5620 1259 5670 xw,
1316 5603 1424 5669 15;
1473 5601 1623 5658 Psal.
1654 5617 1830 5660 xtvu.
1861 5602 1894 5658 8
1928 5620 1942 5671 ;
1985 5602 2157 5661 Exod.

593 5713 687 5764 xv,
718 5699 786 5753 ll)
817 5716 830 5765 ;
869 5697 1060 5752 Ezech.
1095 5711 1303 5761 xxxv",
1336 5693 1416 5766 9.)

2268 4676 2490 4747 ἐξῆρενο
2524 4694 2543 4728 ι
2585 4676 2679 4729 ἐπὶ
2707 4675 2766 4729 δὲ
2791 4673 3034 4743 ψυχῆς-⁸
3074 4674 3150 4736 ὡς
3188 4673 3271 4739 τὸ,
3318 4691 3337 4723 ι
3387 4671 3761 4738 Ἐξελεύσεται
3792 4674 3861 4726 τὸ

2268 4766 2489 4836 πνεῦμα
2516 4765 2682 4820 αὐτοῦ
2707 4804 2723 4831 ,
2757 4765 2852 4818 καὶ
2878 4764 3198 4834 ἐπιστρέψει
3231 4765 3311 4828 είς
3340 4763 3438 4835 τὴν
3467 4764 3571 4835 γῆν
3599 4764 3763 4817 αὑτοῦ
3782 4780 3802 4794 ο
3830 4783 3852 4815 s

2266 4858 2360 4911 ἐπὶ
2378 4858 2435 4912 δὲ
2462 4856 2671 4926 φωνῆς
2692 4874 2707 4889 ’
2736 4856 2813 4920 ὡς
2837 4854 2923 4921 τὸ,
2956 4875 2975 4907 ι
3013 4855 3104 4925 Τῷ
3133 4854 3276 4925 λόγῳ
3314 4855 3519 4925 Κυρίου
3552 4857 3603 4907 οί
3631 4857 3860 4925 οὐρανοὶ

2263 4948 2683 5019 ἐστερεώθησαν
2704 4988 2719 5013 ,
2744 4947 2841 5002 καὶ
2866 4945 2944 5017 τῷ
2972 4945 3243 5015 πνεύματι
3270 4944 3365 4997 τοῦ
3388 4945 3657 5015 στόματος
3685 4946 3857 4999 αὐτοῦ

2267 5040 2424 5096 πᾶσα
2454 5040 2489 5110 ή
2515 5038 2748 5108 δύναμις
2775 5037 2959 5091 αὐτῶν
2980 5053 2993 5070 ·
3032 5055 3050 5088 ι
3084 5035 3179 5090 καὶ
3200 5037 3229 5088 ὀ
3270 5035 3611 5098 Ἀπὸστολος,
3632 5058 3650 5088 ι
3676 5038 3857 5106 [lpos-

2267 5126 2497 5197 εύξομαι
2536 5126 2614 5199 τῷ
2648 5127 2943 5198 πνεύματι,
2978 5126 3345 5197 προσεύξομαι
3371 5125 3429 5179 δὲ
3455 5127 3551 5180 καὶ
3574 5128 3651 5198 τῷ
3682 5129 3763 5180 νοΐ
3782 5144 3799 5157 ·
3826 5145 3848 5181 s

2267 5220 2363 5274 ἐπὶ
2392 5218 2450 5273 δὲ
2475 5218 2649 5288 ἀέρος
2672 5235 2686 5250 ⁶
2722 5220 2798 5283 ὡς
2820 5219 2901 5286 τὸ,
2942 5236 2961 5270 ι
3005 5218 3095 5271 Ἐν
3119 5217 3394 5288 πνεύματι
3437 5218 3598 5289 βιαίῳ
3628 5235 3751 5272 συντ
3764 5219 3855 5290 pi-

2265 5311 2388 5382 ψεις
2410 5312 2571 5367 πλοῖα
2606 5312 2841 5382 Θαρσεῖς
2862 5328 2876 5343 ⁸
2909 5330 2927 5364 ι
2956 5313 3069 5376 καὶ,
3103 5328 3121 5363 ι
3168 5310 3522 5376 Ἀπέστειλας
3542 5312 3605 5366 τὸ
3625 5312 3854 5383 πνεῦμὰ

2266 5420 2384 5469 σου,
2415 5403 2685 5475 ἐκάλυψεν
2732 5403 2928 5467 αὐτοὺς
2984 5402 3261 5458 θάλασσα·
3307 5423 3328 5458 s
3366 5405 3483 5474 καὶ,
3544 5423 3564 5459 ι
3611 5404 3705 5460 Ἐκ
3730 5404 3853 5458 τῶν

2263 5493 2546 5571 τεσσάρων
2569 5496 2893 5569 πνευμάτων
2924 5494 3145 5552 ἐλθέτω.
3182 5515 3204 5551 s
