4098 6494
237 418 373 483 1297

1277 422 1603 483 ISAGOGE
1632 421 1717 483 IN
1739 421 1841 481 SS.
1871 417 2364 480 SCRIPTURAS.

3359 413 3495 477 1298
3557 393 3560 397 ’

301 528 414 597 μβ’.
442 525 517 580 To
566 526 679 594 ἕως
728 527 998 599 πολλαχοῦ
1051 528 1129 600 (7)
1160 530 1260 584 οὐκ
1305 533 1396 584 ὲπὶ
1421 533 1614 603 χρόνου
1641 531 1811 599 λέγει,

1989 527 2080 580 42.
2114 525 2291 578 Donec
2348 537 2490 594 δίοιδε
2519 535 2627 576 non
2668 520 2736 576 de
2788 528 3035 592 tempore
3083 519 3239 584 dicit,
3280 519 3375 573 sed
3431 522 3496 573 de

222 619 342 672 ἀλλ’
362 620 455 671 επ).
480 618 574 672 τοῦ
607 619 773 671 αὑτοῦ
804 622 1128 691 πράγματος
1150 638 1165 651 ·
1197 621 1274 684 ὡς
1312 621 1394 688 τὸ,
1435 641 1452 672 1
1503 623 1613 676 Kal.
1661 623 1718 672 ὲν
1741 622 1809 692 τῇ

224 713 357 782 σκιᾷ
382 711 492 763 τῶν
513 710 799 780 πτερύγων
817 728 912 764 σου
938 710 1112 765 ὲλπιῶ
1137 711 1242 778 ἕως
1268 707 1331 767 οὗ
1355 713 1603 788 παρέλθῃ
1634 713 1812 784 ὴάνο-

227 803 351 873 μία.
389 822 407 854 1
449 803 524 857 Οὐ
575 803 685 874 γὰρ
724 803 863 874 μετά
910 805 1071 857 τοῦτο
1100 806 1200 876 τῆς
1243 805 1378 877 πρὸς
1425 805 1557 860 Θεὸν
1597 805 1812 867 ἐλπίδος

227 894 457 962 ἔμελλεν
510 895 991 949 ἀπαλλάττεσθαι·
1050 898 1169 960 καὶ,
1231 917 1248 950 1
1287 899 1429 962 Ἕως
1461 898 1527 952 ἂν
1572 896 1651 950 θῶ
1686 897 1813 960 τοὺς

225 986 459 1056 εχθρούς
493 1004 586 1039 σου
617 988 906 1042 ὑποπόδιον
936 989 1045 1044 τῶν
1072 989 1247 1043 ποδῶν
1273 1007 1366 1042 σου
1387 1006 1402 1020 ·
1435 1009 1452 1041 1
1484 990 1598 1054 καὶ,
1631 1009 1648 1041 1
1673 987 1811 1058 Ἑγώ

227 1081 346 1147 εἰμι
381 1079 484 1140 ἕως
515 1077 581 1130 ἂν
613 1078 1063 1150 καταγηράσητε.
1121 1099 1138 1131 1
1182 1081 1315 1145 Kal,
1366 1101 1385 1132 1
1437 1079 1813 1149 Ἔκζητήσατε

225 1171 321 1222 τὸν
344 1168 550 1239 Κύριον
571 1168 676 1231 ἕως
700 1169 794 1222 τοῦ
822 1170 997 1224 ἐλθεῖν
1021 1171 1150 1240 ὑμῖν
1181 1171 1498 1241 γεννήματα
1535 1169 1813 1222 δικαιοσύ-

225 1276 330 1329 νης
352 1276 367 1291 ·
401 1279 419 1311 1
453 1259 571 1323 καὶ,
610 1277 628 1309 1
657 1260 731 1312 Οὐ
756 1259 1054 1331 προσέθετο
1079 1259 1332 1331 Σαμουὴλ
1367 1261 1495 1314 ἰδεῖν
1523 1259 1613 1312 τὸν
1644 1255 1816 1310 Σαοὺλ

227 1351 337 1414 ’ἕως
377 1349 594 1421 ἡμέρας
645 1350 877 1404 θανάτου
909 1351 1077 1404 αὑτοῦ
1102 1366 1118 1381 ⁶
1174 1369 1192 1403 1
1229 1352 1429 1417 καὶτὸ,
1486 1369 1505 1403 1
1541 1349 1671 1404 Ἰδοὺ
1704 1349 1816 1419 ἐγὼ

233 1441 356 1512 μεθ’
389 1440 544 1512 ὑμῶν
582 1442 698 1511 εἰμι
753 1442 935 1506 πάσας
962 1442 1328 1515 τάςῂὴμέρας,
1371 1443 1476 1506 ito;
1498 1443 1598 1513 τῆς
1629 1459 1817 1497 συντε-

230 1532 384 1596 λείας
414 1532 510 1586 τοῦ
567 1533 763 1596 αἰῶνος
787 1548 800 1561 ·
843 1552 860 1584 1
895 1536 1024 1599 καὶ,
1089 1552 1108 1586 1
1149 1534 1264 1588 υὺκ
1289 1535 1587 1602 ἐγίνωσκεν
1622 1532 1814 1604 αὐτὴν,

229 1625 337 1689 ἕως
367 1620 428 1679 οὗ
451 1625 606 1678 ἔτεκε
640 1624 733 1678 τὸν
765 1625 880 1678 υἰδν
904 1625 1077 1696 αὐτῆς
1118 1626 1211 1678 τὸν
1249 1627 1610 1697 πρωτότοκον.
1649 1644 1668 1678 1

313 1718 426 1788 μετ’.
451 1720 531 1788 Τῇ
563 1717 671 1770 τῶν
695 1718 904 1788 χρόνων
933 1718 1200 1791 ἐναλλαγῇ
1230 1719 1496 1790 κέχρηται
1555 1718 1814 1790 συνεχῶς.

235 1811 494 1885 μέλλοντι
527 1811 625 1881 μὲν
654 1812 774 1864 ἀντὶ
799 1811 1270 1881 παρεληλυθότος·
1308 1811 1381 1875 ὼς
1419 1811 1516 1879 τὸ,
1566 1830 1584 1863 1
1625 1811 1818 1867 Λούσω

231 1901 360 1957 καθ’
412 1901 650 1972 ἑκάστην
709 1901 884 1955 νύκτα
936 1903 1038 1972 τὴν
1086 1902 1274 1972 κλίνην
1306 1917 1440 1973 μου·
1485 1920 1504 1955 1
1554 1904 1673 1958 ἀντὶ
1699 1904 1816 1969 τοῦ,
1852 1878 1894 1936 Β

230 1993 504 2047 ἔλουσα·
560 1992 678 2053 καὶ,
720 2011 737 2044 1
784 1993 874 2046 'Ev
921 1993 1156 2064 ποταμῷ
1189 1993 1553 2048 διελεύσονται
1598 1995 1752 2048 ποδί·
1796 2014 1816 2048 1

232 2085 360 2139 ἀντὶ
390 2083 506 2146 τοῦ,
527 2082 812 2152 διῆλθον·
865 2085 982 2152 καὶ,
1023 2103 1043 2138 1
1097 2085 1186 2148 Ὠς
1217 2085 1441 2157 χελιδὼν
1463 2085 1606 2142 οὕτω
1637 2087 1821 2159 φωνή-

234 2191 339 2226 σω.
377 2193 395 2225 1
427 2175 535 2226 Καὶ
563 2173 963 2244 παρεληλυθότι
1034 2176 1157 2229 ἀντ)⁵
1223 2175 1543 2242 μέλλοντος·
1602 2175 1678 2240 ὡς
1737 2177 1819 2243 τὸ,

240 2284 260 2318 1
312 2265 453 2332 Ἐγὼ
488 2265 628 2335 πρὸς
665 2263 756 2319 τὸν
787 2265 920 2318 Θεὸν
972 2267 1270 2339 ἐκέκραξα,
1306 2270 1400 2323 καὶ
1430 2271 1458 2321 ό
1483 2268 1684 2340 Κύριος
1711 2270 1824 2322 εἰσ-

232 2354 440 2426 ήκουσέ
470 2368 607 2423 μου·
665 2372 684 2405 1
713 2354 838 2407 ἀντὶ
875 2353 994 2420 τοῦ,
1035 2357 1460 2411 εἰσακούσεταί
1501 2374 1648 2427 μου·
1703 2359 1820 2424 καὶ,

240 2463 262 2496 1
301 2444 437 2496 Τότε
487 2443 761 2498 ἔσπευσαν
811 2445 1079 2515 ἡγεμόνες
1120 2445 1320 2517 Ἐδώμ.
1360 2465 1378 2498 1
1425 2447 1537 2500 Kal.
1574 2446 1822 2518 μέλλοντι

233 2539 362 2594 ἀντὶ
412 2539 712 2601 ἐνεστῶτος
735 2552 751 2569 ⁸
796 2538 872 2602 ὡς
913 2539 994 2606 τὸ,
1038 2558 1056 2590 1
1095 2541 1498 2612 Παροικήσουσι
1524 2543 1618 2594 καὶ
1652 2558 1823 2595 κατα-

237 2630 572 2702 κρύψουσιν·
613 2649 632 2682 1
668 2631 790 2684 ἀντὶ
818 2630 914 2684 τοῦ
941 2670 958 2698 ,
1012 2631 1401 2702 παριικοῦσι·
1444 2633 1560 2700 καὶ,
1597 2651 1616 2685 1
1651 2631 1824 2703 Φθέγ-

235 2722 423 2792 ξονται
448 2723 545 2776 καὶ
567 2720 915 2792 λαλήσουσιν.
948 2740 968 2776 1

314 2924 419 2995 μδν.
449 2924 553 2978 Τὸν
577 2925 750 2979 αἰῶνα
789 2923 995 2996 τριχῶς
1032 2924 1214 2994 λέγει·
1261 2926 1381 2998 ἦτοι
1425 2925 1516 2980 τὸν
1546 2925 1644 2997 τῆς
1678 2925 1824 2998 ζωῆς

237 3018 478 3071 ἑκάστου
510 3017 720 3088 χρόνον,
748 3018 782 3087 ἢ
805 3018 904 3089 τὴν
923 3018 1020 3071 τοῦ
1063 3020 1256 3090 χρόνου
1290 3018 1517 3073 καθόλου
1542 3019 1825 3090 παρέκτα-

240 3127 350 3174 σιν,
391 3109 424 3178 ἦ
458 3109 522 3162 τὸ
551 3110 799 3180 διηνεκές
829 3126 889 3161 τε
927 3111 1023 3162 καὶ
1049 3110 1437 3180 ἀτελεύτητον·
1468 3113 1562 3164 ἐπὶ
1587 3112 1686 3181 μὲν
1730 3110 1824 3165 οὖν

239 3201 338 3256 τοῦ
376 3203 474 3272 τῆς
523 3202 646 3256 καθ’
679 3201 914 3255 ἕκαστον
954 3202 1105 3271 ζωῆς
1159 3203 1388 3274 χρόνου·
1423 3203 1500 3268 ὡς
1528 3205 1610 3270 τὸ,
1659 3223 1677 3256 1
1714 3205 1825 3257 Kal.

237 3295 534 3350 ἐκοπίασεν
564 3297 644 3357 εἰς
672 3295 764 3347 τὸν
811 3294 1006 3362 αἰῶνα,
1041 3295 1137 3349 καὶ
1185 3295 1412 3366 ζήσεται
1467 3299 1546 3361 εἰς
1579 3296 1760 3360 τέλος·
1798 3316 1820 3350 1

241 3386 361 3449 καὶ,
399 3404 418 3436 1
452 3383 702 3447 Ἐδωκας
734 3383 884 3454 αὑτῷ
924 3385 1251 3457 μακρότητα
1291 3386 1512 3458 ἡμερῶν
1554 3389 1632 3451 εἰς
1654 3387 1826 3443 αἰῶνα

239 3475 470 3538 αἰῶνος·
509 3492 528 3526 1
563 3474 680 3537 καὶ,
716 3493 734 3525 1
773 3475 867 3537 Εξς
893 3474 986 3528 τὸν
1013 3475 1188 3529 αἰῶνα
1225 3475 1692 3550 ἑξομολογήσομαί
1719 3495 1823 3532 σοι·

240 3569 406 3636 ἄχρις
427 3566 494 3619 ἀν
519 3566 598 3630 ζῶ
630 3567 725 3620 καὶ
754 3566 908 3636 εἰμί·
946 3585 965 3617 ›
996 3567 1111 3630 καὶ,
1167 3587 1186 3618 1
1221 3569 1297 3622 Οὐ
1329 3569 1722 3640 σαλευθήσεται
1745 3571 1826 3634 εἰς

240 3657 341 3709 τὸν
362 3655 535 3710 αἰῶνα
561 3658 589 3708 ό
622 3656 893 3710 κατοικῶν
933 3656 1294 3730 Ἰερουσαλήμ
1314 3674 1328 3689 ·
1355 3677 1373 3710 1
1404 3660 1519 3725 καὶ,
1560 3678 1579 3710 1
1599 3660 1828 3715 Δουλεύ-

243 3764 334 3800 σει
379 3764 461 3799 σοι
491 3749 569 3810 είς
597 3747 686 3799 τὸν
718 3747 926 3800 αἰῶνα·
967 3767 987 3799 1
1027 3749 1156 3813 καὶ,
1210 3765 1231 3799 1
1263 3749 1338 3801 Οὐ
1381 3750 1457 3820 μὴ
1503 3748 1664 3822 νίψῃς
1697 3751 1826 3815 τοὺς

241 3838 416 3902 πόδας
441 3856 542 3909 μου
569 3839 647 3901 είς
669 3837 759 3891 τὸν
791 3838 991 3894 αἰῶνα·
1033 3857 1054 3892 1
1090 3840 1204 3904 καὶ,
1240 3859 1258 3892 1
1287 3841 1364 3894 Οὐ
1399 3841 1474 3911 μὴ
1507 3842 1667 3909 φάγω
1690 3841 1828 3912 κρέα

243 3935 329 3995 εἰς
381 3932 474 3984 τὸν
532 3932 734 3986 αἰῶνα·
781 3950 801 3983 1
857 3932 997 4002 καὶ,
1047 3950 1066 3984 1
1119 3932 1192 3986 υὺ
1244 3932 1320 4004 μὴ
1370 3931 1570 4005 διψήσῃ
1622 3932 1702 3997 εἰς
1734 3933 1828 3987 τὸν

242 4025 442 4080 αἰῶνα.
479 4041 499 4076 1

330 4209 460 4265 Ἐπὶ
492 4209 548 4263 δὲ
567 4208 669 4280 τῆς
690 4209 786 4262 τοῦ
808 4208 1004 4281 χρόνου
1032 4208 1261 4263 καθόλου
1296 4207 1688 4280 παρεκτάσεως
1705 4223 1720 4239 ·
1751 4207 1827 4272 ὡς

242 4303 332 4370 τὸ,
365 4321 382 4353 1
424 4299 805 4354 Εἰσελεύσεται
827 4301 932 4362 ἕως
965 4302 1161 4369 γενεᾶς
1194 4301 1447 4372 πατέρων
1490 4297 1683 4365 αὑτοῦ,
1723 4299 1829 4362 ἕως

245 4395 453 4458 αἰῶνος
481 4394 582 4447 οὐκ
613 4393 803 4464 ὄψεται
855 4391 1005 4461 φῶς·
1047 4411 1067 4444 1
1123 4393 1245 4446 ἀντὶ
1307 4393 1424 4459 τοῦ,
1459 4395 1652 4465 Ἀχρις
1683 4393 1751 4446 ἂν
1794 4393 1829 4463 ἡ

247 4486 509 4558 παροῦσα
563 4485 700 4558 μένῃ
755 4486 1128 4549 κατάστασις·
1177 4486 1237 4537 οὐ
1277 4485 1388 4556 γὰρ
1423 4487 1510 4539 ἐπ’
1550 4486 1830 4557 ἀναιρέσει

1853 3222 2034 3290 Cque
2104 3206 2174 3262 de
2240 3217 2493 3276 tempore
2571 3206 2847 3276 cujusque
2893 3205 3041 3269 vitae,
3105 3207 3309 3260 sicut:

1913 618 2104 674 eadem
2139 634 2219 683 re,
2253 617 2437 672 sicut:
2497 635 2515 667 1
2547 614 2613 669 Et
2664 615 2718 668 in
2772 615 2966 669 umbra
3005 613 3216 668 alarum
3273 623 3495 668 tuarum

1914 711 2169 782 sperabo,
2229 711 2409 765 donec
2465 717 2714 764 transeat
2776 707 3083 778 iniquitas;
3130 725 3148 757 1
3196 722 3304 760 non
3346 706 3494 760 enim

1915 814 2037 874 post
2071 804 2173 856 hoc
2204 818 2232 856 a
2261 818 2359 872 spe
2410 802 2464 856 in
2503 802 2671 857 Deum
2700 802 2983 857 immutari
3011 800 3222 868 debuit;
3243 808 3318 864 et,
3349 817 3368 851 1
3395 799 3500 856 Do-

1915 911 2014 950 nec
2029 896 2503 965 ponam-inimicos
2518 906 2640 954 tuos
2658 897 2956 953 scabellum
2986 896 3182 966 pedum
3208 904 3447 951 tuorum.
3475 915 3493 948 1

1914 987 2002 1053 Et,
2041 1007 2059 1038 1
2093 989 2205 1058 Ego
2262 990 2399 1058 ipse,
2428 991 2602 1045 donec
2632 995 2964 1048 sencscatis.
2999 1009 3016 1040 1
3054 988 3140 1056 Et,
3200 1007 3218 1040 1
3253 989 3496 1056 Quaerite

1918 1080 2209 1134 Dominum
2235 1080 2410 1135 donec
2446 1081 2667 1135 veniant
2697 1082 2855 1137 vobis
2883 1081 3161 1152 genimina
3181 1081 3409 1151 iustitiae
3433 1096 3448 1146 ;
3476 1099 3495 1130 1

1917 1184 1992 1235 ct,
2029 1189 2047 1224 1
2077 1171 2194 1226 Non
2230 1172 2517 1242 proposuit
2547 1171 2768 1227 Samuel
2819 1173 3005 1228 videre
3053 1173 3183 1227 Saul
3228 1187 3403 1242 usque
3431 1173 3502 1225 ad

1920 1264 2064 1319 diem
2107 1265 2299 1318 mortis
2347 1279 2503 1329 suae;
2543 1281 2561 1315 1
2598 1272 2674 1329 et,
2705 1282 2723 1315 1
2760 1265 2901 1320 Ecce
2922 1281 3022 1335 ego
3059 1266 3347 1320 vobiscum
3376 1279 3502 1319 sum

1917 1357 2174 1411 omnibus
2186 1356 2379 1412 diebus
2396 1371 2570 1425 usque
2586 1356 2652 1410 ad
2671 1356 3197 1410 consummationem
3236 1356 3452 1421 saeculi;
3479 1373 3499 1406 1

1917 1457 1991 1512 et,
2027 1466 2046 1500 1
2073 1446 2190 1502 Non
2226 1447 2598 1518 cognoscebat
2635 1461 2754 1501 eam
2792 1446 2969 1500 donec
2999 1446 3209 1516 peperit
3251 1448 3444 1500 ﬁlium.
3479 1465 3499 1498 1

1922 1539 2092 1610 (Psal.
2142 1538 2345 1604 “1,2;
2386 1554 2496 1604 crx,
2536 1539 2560 1591 1
2598 1554 2614 1605 ;
2666 1536 2782 1591 lsa.
2819 1553 2972 1603 var,
3012 1537 3048 1591 4
3079 1555 3094 1603 ;
3130 1541 3275 1600 Osee
3301 1554 3358 1604 x,
3392 1537 3502 1604 ιε,

1916 1631 1946 1686 I
1975 1631 2105 1701 Reg.
2141 1647 2232 1695 xv,
2269 1630 2379 1696 35;
2417 1629 2614 1683 Matth.
2644 1642 2836 1698 xxvm,
2872 1628 2945 1684 20
2971 1646 2989 1697 ;
3020 1646 3059 1693 ι,
3093 1630 3213 1699 24.)

1989 1725 2080 1779 45.
2111 1723 2446 1794 Temporum
2521 1723 2913 1778 immutatione
2967 1723 3233 1778 continuo
3285 1722 3502 1778 utitur:

1922 1815 2109 1870 futuro
2147 1816 2365 1886 quidem
2412 1831 2510 1886 pro
2535 1817 2837 1886 praeterito,
2865 1815 3010 1872 sicut
3039 1834 3052 1871 :
3088 1835 3108 1869 1
3153 1815 3372 1872 Lavabo
3409 1831 3505 1888 per

1923 1908 2166 1978 singulas
2214 1917 2408 1964 noctes
2455 1907 2654 1962 lectum
2691 1922 2896 1972 meum,
2934 1925 2953 1959 1
2983 1923 3082 1978 pro
3114 1907 3238 1962 lavi.
3271 1905 3359 1975 Et,
3395 1924 3414 1959 1
3445 1904 3506 1962 lu

1924 1993 2612 2070 ﬂumine'pertransibuut
2651 2000 2809 2070 pede,
2845 2018 2862 2051 1
2923 2015 3021 2071 pro
3047 2001 3502 2070 pertransierunt.

1925 2089 2010 2166 Et,
2047 2109 2064 2140 1
2092 2088 2247 2144 Sicut
2277 2091 2459 2160 pullus
2487 2089 2800 2145 hirundinis
2827 2089 2906 2144 sic
2931 2090 3219 2156 clamabo;
3251 2109 3269 2142 1
3299 2100 3353 2146 et
3369 2107 3507 2161 prae-

1924 2182 2089 2236 terito
2113 2197 2212 2253 pro
2243 2181 2454 2246 futuro,
2489 2182 2634 2238 sicut
2666 2199 2679 2236 :
2745 2201 2763 2234 1
2803 2181 2917 2252 Ego
2971 2191 3154 2237 autem
3213 2180 3281 2236 ad
3330 2181 3505 2236 Deum

1924 2276 2176 2341 clamavi,
2207 2284 2264 2330 et
2307 2274 2574 2330 Dominus
2605 2275 2885 2331 exaudivit
2924 2290 3031 2340 me,
3073 2277 3092 2326 1
3131 2288 3231 2344 pro
3253 2273 3503 2329 etaudiet

1925 2386 2032 2426 me.
2065 2370 2152 2436 Et,
2188 2390 2207 2422 1
2242 2371 2396 2427 Tunc
2425 2372 2736 2427 conturbati
2790 2371 3218 2442 suntprincipes
3246 2371 3442 2426 Edom.
3482 2391 3500 2424 1

1925 2467 1993 2521 Et
2033 2467 2219 2522 futuro
2274 2467 2399 2524 loco
2432 2469 2743 2537 pra’seutis,
2797 2469 2943 2524 sicut
2979 2486 2992 2522 :
3057 2484 3077 2519 1
3116 2467 3508 2523 lnhabitabuut

1923 2570 1981 2616 et
2014 2560 2376 2626 abscondent,
2410 2579 2428 2612 1
2465 2574 2564 2630 pro
2595 2560 2903 2614 inhabitant
2930 2576 2951 2625 ;
3011 2566 3090 2623 et,
3127 2577 3145 2610 1
3181 2558 3503 2614 Eﬁ'abuutur

1923 2660 1978 2707 et
2009 2652 2331 2722 loquentur.
2369 2671 2386 2704 1
2425 2650 2578 2706 Psal.
2614 2666 2689 2717 ιν,
2727 2651 2792 2718 7;
2843 2665 2970 2714 va,
3002 2651 3076 2717 6;
3128 2650 3246 2704 11a.
3272 2665 3504 2711 xxxvm,

1925 2749 1993 2804 M
2023 2765 2038 2814 ;
2072 2747 2224 2804 Ρδαί.
2289 2763 2401 2814 LIV,
2433 2746 2498 2801 17
2532 2762 2547 2813 ;
2605 2745 2780 2802 Exod.
2811 2763 2902 2812 xv,
2945 2746 3052 2812 i5;
3108 2745 3262 2800 Psat.
3305 2760 3394 2811 ιν,
3425 2744 3456 2797 7
3488 2759 3505 2809 ;

1924 2854 2076 2901 xcul,
2104 2839 2184 2908 4.)

1993 2933 2084 2986 44.
2122 2932 2544 3002 Perpetuitatcm
2574 2930 2778 3002 triplici
2819 2930 2983 2986 modo
3011 2929 3167 2995 dicit,
3209 2937 3326 2984 tum
3368 2935 3509 2982 tem-

1925 3024 2081 3095 poris
2123 3024 2396 3094 cujusque
2433 3025 2582 3092 vitae,
2636 3033 2752 3080 tum
2793 3025 3056 3093 temporis
3087 3023 3256 3078 totius
3316 3029 3510 3076 exten-

1925 3116 2160 3180 siouem,
2239 3123 2356 3170 tum
2447 3115 2771 3170 continuum
2847 3123 2904 3170 et
2992 3113 3335 3178 inﬁnitum;
3405 3112 3509 3166 ita-

3393 3201 3511 3256 1Et

1929 3299 2193 3354 laboravit
2247 3297 2302 3352 in
2328 3307 2592 3353 aeternum
2644 3306 2698 3352 et
2721 3297 2872 3352 vivet
2913 3295 3101 3350 adhuc
3149 3294 3205 3349 in
3266 3293 3452 3348 tinem.
3485 3310 3505 3343 1

1927 3390 2014 3456 Et,
2064 3409 2082 3442 1
2108 3389 2376 3445 Tribuisti
2411 3390 2460 3444 ei
2480 3387 2878 3459 longitudinem
2915 3390 3126 3443 dierum
3167 3386 3222 3440 in
3251 3385 3511 3440 saeculum

1927 3484 2114 3540 szeculi
2147 3499 2162 3549 ;
2194 3502 2212 3536 1
2245 3491 2322 3548 et,
2363 3501 2382 3534 1
2420 3481 2482 3536 In
2524 3490 2789 3536 aeternum
2850 3479 3157 3535 conﬁtebor
3209 3477 3329 3542 tibi,
3379 3477 3508 3530 dum

1925 3577 2050 3631 vivo
2073 3587 2124 3630 et
2146 3591 2289 3629 sum.
2326 3593 2344 3627 1
2375 3573 2465 3638 Et,
2499 3571 2645 3628 1Nou
2675 3571 3113 3628 commovebitur
3145 3571 3201 3626 in
3243 3579 3508 3624 aeternum

1925 3668 2022 3738 qui
2055 3668 2265 3722 habitat
2285 3665 2340 3720 in
2369 3663 2678 3721 Jerusalem
2709 3681 2724 3730 ;
2760 3682 2779 3716 1
2802 3672 2878 3728 el,
2910 3680 2928 3714 1
2966 3660 3180 3718 Serviet
3208 3659 3304 3715 tibi
3332 3674 3505 3728 usque

1927 3758 1982 3812 in
2013 3768 2277 3812 aeternum
2309 3795 2325 3822 ,
2370 3774 2390 3807 1
2426 3766 2501 3820 et,
2564 3773 2582 3806 1
2615 3754 2737 3810 Non
2796 3753 3007 3808 lavabis
3063 3754 3193 3806 mihi
3255 3751 3421 3820 pedes
3454 3757 3509 3804 iu

1926 3859 2215 3906 aeternum.
2255 3867 2275 3901 1
2341 3846 2429 3910 Et,
2492 3865 2512 3898 1
2554 3846 2671 3900 Non
2742 3845 3094 3900 manducabo
3163 3858 3386 3898 carnem
3453 3843 3506 3896 in

1929 3948 2214 3996 aeternum.
2256 3957 2275 3990 1
2355 3955 2374 3989 1
2411 3935 2530 3989 Non
2592 3936 2740 3990 sitiet
2792 3935 2844 3990 in
2908 3943 3195 3990 aeternum.
3235 3953 3254 3986 1
3313 3932 3510 4002 (Paul.

1930 4031 2208 4096 XLVIII,9;
2242 4045 2337 4095 xx,
2367 4029 2434 4096 5;
2479 4029 2776 4091 “111,15;
2819 4026 3228 4092 iu;6;cxxv1,
3267 4023 3509 4090 hbeat.

1930 4140 2000 4179 xv
2029 4122 2130 4188 ,17
2161 4119 2362 4189 ;Joan.
2385 4134 2514 4183 xm,
2547 4116 3358 4186 8;]Cor.vm,15;loan.lv,
3396 4113 3510 4183 15.)

2002 4213 2080 4269 De
2111 4211 2377 4282 temporis
2416 4211 2586 4266 totius
2609 4209 2955 4274 extensione,
2983 4208 3126 4264 sicut
3156 4225 3169 4260 :
3207 4227 3224 4260 1
3263 4207 3514 4262 Introibit

1932 4320 2109 4377 usque
2157 4305 2210 4360 in
2245 4304 2537 4375 progenies
2579 4310 2800 4371 patrum
2860 4315 3112 4362 suorum,
3147 4309 3201 4354 et
3249 4313 3426 4369 usque
3458 4299 3510 4353 iu

1931 4405 2197 4451 aeternum
2231 4409 2340 4448 non
2379 4393 2584 4448 videbit
2612 4393 2816 4458 lumen,
2845 4411 2862 4444 1
2884 4407 3004 4462 pro,
3033 4410 3051 4444 1
3078 4390 3328 4458 Quandiu
3353 4407 3511 4447 mau-

1933 4488 2066 4544 serit
2110 4500 2292 4541 rerum
2324 4484 2459 4540 ordo
2488 4499 2763 4554 przesens;
2793 4503 2810 4535 1
2845 4500 2953 4539 non
2999 4483 3146 4538 enim
3181 4484 3248 4539 de
3276 4483 3509 4554 abroga~

245 4580 354 4651 τῆς
389 4578 736 4642 ἀναστάσεως
758 4578 1081 4648 ἀπεράντως
1103 4576 1403 4647 ἐφθέγξατο
1421 4594 1434 4610 ·
1464 4577 1578 4642 καὶ,
1603 4597 1622 4630 1
1656 4579 1824 4631 Ὄνει-

1937 4582 2087 4634 tione
2127 4576 2548 4634 resurrectionis
2576 4577 2630 4630 in
2674 4577 2950 4631 inﬁnitum
2990 4577 3209 4632 locutus
3262 4588 3386 4641 est;
3433 4584 3506 4640 et,

246 4673 343 4735 δος
374 4671 590 4725 αἰώνιον
619 4669 819 4723 ἔδωκεν
842 4669 1025 4731 αὐτοῖς
1043 4686 1055 4698 ·
1093 4669 1186 4720 ἐπὶ
1214 4669 1323 4722 τῶν
1368 4668 1701 4740 ἀλλοφύλων,
1743 4668 1830 4722 ἵνα

249 4766 384 4833 εἴπῃ
432 4762 644 4832 χρόνιον
669 4800 683 4824 ,
719 4761 859 4813 ὥστε
907 4760 1000 4813 καὶ
1047 4759 1152 4813 ὑπὸ
1181 4759 1292 4812 τῶν
1340 4757 1495 4824 αὖθις
1533 4760 1830 4830 αἰσχίστων

253 4850 732 4926 μνημονεύεσθαι·
771 4869 790 4902 1
821 4851 918 4903 κα)⁸
945 4850 1030 4916 τὸ,
1065 4869 1084 4900 1
1117 4851 1209 4913 Εἰς
1237 4850 1578 4920 μνημόσυνον
1613 4849 1832 4902 αἰώνιον

248 4946 410 4997 ἔσται
440 4943 650 5006 δίκαιος
672 4956 687 4971 ·
718 4960 739 4994 1
769 4942 886 5006 καὶ,
925 4960 944 4993 1
987 4939 1206 5012 Ἰσραὴλ
1240 4939 1472 5005 σώζεται
1501 4940 1606 4993 ὑπὸ
1623 4941 1830 5009 Κυρίου

251 5033 538 5105 σωτηρίαν
589 5033 842 5087 αἰώνιον·
892 5051 912 5084 1
947 5033 1082 5096 καὶ,
1123 5051 1141 5084 1
1193 5032 1330 5085 Οὐδὲ
1363 5032 1440 5104 μὴ
1484 5032 1833 5100 ὲντραπῶσιν

249 5127 362 5190 ἕως
394 5127 473 5196 (8)
501 5125 596 5178 τοῦ
618 5125 812 5188 αἰῶνος
843 5127 902 5179 ὲν
929 5125 1046 5195 δρει
1079 5125 1239 5189 Σιὼν,
1259 5124 1369 5177 ἀπὸ
1396 5125 1492 5178 τοῦ
1518 5123 1613 5177 νῦν
1638 5124 1734 5179 καὶ
1752 5125 1834 5188 εἰς

244 5217 349 5270 τὸν
403 5215 614 5270 αἰῶνα·
649 5235 669 5267 1
735 5214 883 5268 Ἀντὶ
932 5215 1050 5282 τοῦ,
1104 5217 1198 5269 ἐπὶ
1227 5215 1394 5268 πολὺν
1440 5215 1654 5288 χρόνον.
1699 5215 1831 5286 Καὶ,

259 5328 282 5362 1
334 5307 568 5362 Ἰουδαία
597 5307 678 5372 είς
715 5308 808 5361 τὸν
831 5306 1004 5361 αἰῶνα
1032 5307 1528 5379 κατοικισθήσεται.
1560 5326 1581 5361 1

1943 4689 1962 4722 1
1990 4668 2358 4740 Opprobrium
2383 4669 2784 4738 sempiternum
2815 4666 2967 4722 dedit
3000 4666 3127 4732 illis,
3161 4685 3184 4721 1
3231 4667 3298 4721 de
3319 4666 3511 4721 alieni-

1937 4761 2114 4831 genis,
2155 4770 2219 4817 ut
2245 4761 2393 4818 dicat
2426 4761 2778 4826 diuturnum,
2808 4759 2884 4814 ita
2914 4769 2972 4812 ut
3005 4768 3061 4814 et
3099 4775 3129 4814 a
3159 4768 3508 4828 posterorum

1936 4851 2318 4910 infamissimis
2340 4853 2604 4907 memoria
2636 4859 2923 4915 servetur;
2956 4858 3033 4914 et,
3095 4869 3114 4901 1
3150 4849 3208 4902 lu
3243 4848 3506 4902 memoria

1938 4955 2141 4998 aeterna
2168 4941 2269 4998 erit
2294 4942 2518 5013 justus;
2561 4961 2581 4994 1
2615 4950 2689 5008 et,
2725 4959 2744 4993 1
2770 4939 2936 4996 Israel
2965 4939 3207 4996 salvatus
3223 4938 3374 4992 estin
3401 4937 3512 4990 Do~

1939 5034 2091 5091 mino
2122 5034 2300 5090 salute
2321 5043 2568 5099 aeterna;
2612 5052 2630 5085 1
2670 5041 2745 5096 et,
2782 5050 2801 5082 1
2840 5029 2959 5084 Non
2978 5028 3515 5098 coufundantusque

1938 5126 1996 5181 in
2027 5134 2292 5181 :eternum
2345 5125 2398 5179 in
2436 5132 2621 5178 monte
2685 5121 2822 5176 Sion
2881 5136 2948 5175 ex
2983 5121 3089 5176 hoc
3147 5135 3296 5174 nunc
3353 5128 3408 5175 et
3461 5120 3519 5174 in

1931 5222 2252 5279 mternum,1
2288 5227 2386 5282 pro
2417 5211 2470 5265 iu
2498 5211 2731 5264 multum
2787 5219 3001 5281 tempus
3031 5227 3046 5276 ;
3099 5209 3215 5275 Et,1
3250 5207 3435 5263 Judaea
3462 5210 3518 5264 in

1940 5314 2206 5361 aeternum
2227 5302 2585 5360 salvabitura
2606 5299 2761 5357 Psal.
2793 5317 2986 5367 xavm,
3015 5300 3084 5356 20
3111 5318 3126 5367 ;
3156 5317 3363 5367 Lxxvu,
3396 5301 3466 5356 66
3499 5315 3517 5366 ς

1946 5412 2031 5463 ιιι,
2060 5396 2130 5464 7;
2161 5393 2276 5453 Ira.
2301 5409 2427 5461 va,
2459 5394 2526 5448 17
2552 5411 2568 5463 ;
2606 5393 2723 5450 Joel
2754 5409 2836 5460 ιιι,
2865 5393 2980 5466 50.)

1425 5530 1655 5589 DAVID.
1682 5527 2090 5589 HCESCHELII
2116 5529 2352 5586 NOTAE.

333 5645 413 5716 (7)
459 5648 531 5700 Τὸ
589 5647 746 5712 ’Ἕως
797 5648 1137 5716 πολλαχοῦ,
1185 5646 1247 5700 τὸ
1301 5648 1446 5710 Ἕως
1493 5647 1556 5701 οὑ
1618 5645 1841 5709 πάντως

259 5715 677 5785 ἀντιδιαιρείται
726 5717 805 5787 τῷ
869 5715 1179 5788 μέλλοντι
1221 5717 1356 5770 ἀλλά
1405 5717 1483 5788 τὸί
1514 5716 1833 5788 μέχρι-μὲν

261 5788 420 5839 τοῦδε
446 5788 758 5858 τίθησιμτὸ
780 5785 930 5858 μετά
954 5787 1113 5858 τοῦτο
1139 5785 1195 5838 δὲ
1222 5788 1324 5840 οὐκ
1343 5785 1828 5858 ἀναίνεταιημδῑ.

265 5805 420 5839 τουοε
446 5805 648 5856 τιυησι,
695 5805 758 5840 το
794 5805 930 5858 μετα
954 5805 1112 5839 τουτο
1139 5805 1195 5838 οε
1222 5805 1324 5840 ουκ
1360 5805 1662 5849 αναινεται,
1697 5805 1828 5841 naz.

265 5858 416 5914 Orat.
442 5857 507 5911 ll.
532 5857 608 5913 De
635 5857 800 5913 Filio.
831 5858 1041 5914 Similia
1070 5856 1190 5912 vide
1213 5857 1356 5928 apud
1381 5855 1544 5912 Basil.
1569 5857 1642 5912 Μ.
1667 5855 1829 5912 llum.

1936 5643 1990 5715 in
2037 5642 2160 5698 Nat.
2205 5643 2451 5715 Christi,
2497 5658 2554 5715 p.
2600 5644 2738 5708 25:1,
2772 5653 2845 5715 et
2894 5644 3034 5714 apud
3088 5643 3282 5701 lsidor.
3332 5643 3515 5702 Peius.

1936 5714 2035 5768 lib.
2068 5732 2107 5778 ι,
2135 5714 2297 5784 epist.
2323 5714 2411 5777 18,
2441 5713 2514 5768 ἰιί
2560 5731 2625 5768 ua
2658 5713 2881 5785 σφάλμα
2915 5713 3212 5785 reponatur
3242 5718 3270 5769 ό
3302 5714 3474 5788 κόραξ
3501 5732 3514 5747 ο

1936 5785 2174 5841 denique
2212 5786 2357 5841 apud
2406 5783 2470 5841 Ι).
2516 5731 2749 5841 august.
2796 5786 2876 5841 De
2914 5801 3152 5841 sermone
3199 5785 3411 5841 Domini
3460 5786 3514 5841 in

1936 5783 2182 5854 denique
2212 5786 2357 5852 apud
2406 5783 2470 5842 Ι).
2516 5783 2749 5857 August.
2796 5783 2876 5844 De
2914 5783 3152 5842 sermone
3199 5783 3411 5842 Domitii
3460 5786 3518 5842 in

1939 5864 2134 5924 monte,
2172 5871 2219 5910 ε.
2252 5854 2341 5912 21.
