4098 6488
277 374 410 440 13M

1333 378 1656 441 ISAGOGE
1697 380 1779 440 IN
1831 381 1936 443 SS.
1975 375 2468 442 SCRIPTURAS.

3401 363 3535 428 13θὲ
3581 415 3586 419 .

271 490 303 544 ὁ
328 487 570 560 πτωχὸς,
599 489 683 542 ὅτι
713 487 1022 544 ὲπαινεέται
1049 490 1078 544 ὁ
1107 490 1463 564 ἁμαρτωλός·
1499 509 1519 545 ι
1537 507 1852 562 παρεγκειδ

1971 488 2104 542 tiam
2149 488 2406 543 laudatur
2458 490 2750 556 peccator;
2793 477 3120 547 interposita
3172 473 3360 545 phrasi
3389 489 3534 526 com-

274 582 442 653 μένου
483 580 579 635 τοῦ
609 582 1185 652 συλλαμϐάνονταιο
1241 585 1357 650 καὶ,
1412 603 1432 638 ι
1469 586 1594 638 Ὅτι
1637 584 1856 656 ἡμέρας

271 675 374 730 καὶ
394 673 585 739 νυκτὸς
612 673 886 747 ἐϐαρύνθη
930 677 1018 730 ἐπ’
1053 676 1156 748 ἐμὲ
1179 678 1214 748 ἠ
1244 677 1364 749 χείρ
1412 678 1620 745 seu,“
1647 676 1727 749 τῷ
1753 679 1857 747 έμ-

271 767 524 838 παγῆναί
577 785 669 838 μοι
720 768 999 824 ἄκανθανο
1043 789 1061 822 ι
1101 769 1163 823 τὸ
1194 771 1323 842 γάρ,
1363 789 1382 823 ι
1411 769 1724 841 Ἐστράφην
1775 771 1857 834 είς

271 858 675 931 ταλαιπωρίαν,
699 857 778 930 τῷ
803 858 911 913 ἀπὸ
939 860 1038 914 τοῦ
1069 862 1296 932 κράζειν
1327 878 1395 933 με
1426 861 1558 934 ὃλην
1585 861 1686 934 τὴν
1717 861 1859 934 ἠμέ-

275 969 429 1020 ραν,ι
465 951 694 1016 είκότως
745 953 1086 1008 ἀποδίδοται⁶
1127 973 1147 1006 ι
1185 955 1282 1008 καὶ
1310 954 1392 1020 τὸ,
1431 973 1450 1007 ι
1485 955 1568 1009 Τά
1601 954 1730 1027 βέλη
1762 972 1857 1010 σου

272 1044 618 1115 ἠκονημένα,
649 1044 873 1099 δυνατέο
907 1045 1350 1116 παρεγκειμένου
1380 1046 1476 1101 τοῦ
1497 1047 1660 1102 .laal.
1695 1065 1713 1100 ι

349 1137 488 1190 Κατ’
513 1137 768 1191 ιπίτασιν
800 1137 862 1190 τὸ
879 1137 1013 1192 αὐτὸ
1047 1137 1232 1208 λέγει·
1265 1139 1343 1202 ὼς
1376 1137 1438 1192 τὸ
1461 1180 1477 1203 ,
1518 1157 1536 1191 t
1579 1139 1860 1194 Barbationi

275 1230 569 1284 έπαίδευσέ
594 1249 663 1302 με
688 1233 717 1285 ό
738 1230 972 1302 Κύριος·
1003 1251 1024 1286 ι
1044 1233 1161 1298 καὶ,
1193 1252 1213 1284 ι
1247 1232 1568 1302 ’Υπομένων
1591 1233 1862 1304 ὑπέμεινα

273 1324 370 1376 τὸν
392 1321 618 1392 Κύριον.
642 1334 646 1340 ‘
668 1341 687 1374 ι
718 1323 848 1394 Καί,
875 1342 895 1375 ι
930 1318 1006 1377 ἾΙ
1036 1321 1410 1394 μὴν-εὐλογῶν
1437 1322 1717 1394 εὐλογήσω
1741 1341 1856 1379 σε.»

349 1502 426 1555 Τὸ
447 1501 581 1558 ἰδοὺ
611 1503 754 1558 κατά
801 1503 1126 1575 περισσείαν
1167 1503 1429 1568 πολλάκις
1470 1503 1622 1573 λέγει
1641 1522 1656 1538 ο
1681 1505 1757 1570 ὡς
1779 1505 1862 1570 τὸ,

285 1613 304 1646 ι
355 1595 486 1648 Ἰδοὺ
512 1594 622 1666 γάρ
646 1594 906 1666 ἀλήθειαν
927 1595 1223 1666 ἠγάπησας
1242 1614 1256 1629 ο
1295 1616 1314 1647 ι
1349 1625 1417 1637 -
1443 1615 1464 1649 ι
1512 1597 1646 1651 Ἰδοὺ
1667 1598 1700 1668 ἡ
1725 1599 1866 1668 ιιαρ·

278 1685 432 1749 θένος
463 1689 524 1740 ὲν
581 1686 780 1759 γαστρὶ
825 1685 960 1752 ἕξει.
997 1707 1016 1740 ι
1074 1689 1182 1740 Καὶ
1211 1687 1272 1740 τὸ
1319 1687 1510 1756 πλὴν,
1541 1689 1695 1743 οὐδὲν
1727 1689 1864 1754 ὅλως

279 1777 730 1850 συμϐαλλόμενον
753 1795 771 1810 ο
802 1779 879 1844 ὡς
899 1780 983 1845 τὸ,
1019 1799 1038 1832 ι
1065 1779 1213 1850 Πλὴν
1245 1780 1425 1851 μάτην
1455 1782 1811 1852 ταράσσεται.
1841 1801 1861 1834 ι

1958 579 2372 650 preltenduntur.
2406 579 2493 642 Et,
2532 594 2550 629 ι
2589 573 2864 641 Quoniam
2897 570 2986 625 die
3018 585 3082 623 ac
3118 577 3280 623 nocte
3308 575 3532 636 gravata
3597 572 3604 579 ‘

1959 681 2044 725 est
2074 685 2238 739 super
2282 684 2369 724 me
2394 682 2592 722 manus
2621 675 2714 720 tua
2753 663 2886 719 dunt
2937 661 3234 732 conﬁgitur
3263 659 3423 728 spina
3460 674 3472 708 :
3514 675 3532 708 ο

1960 777 2129 826 nam,
2191 782 2209 812 α
2255 775 2554 816 conversus
2602 774 2724 814 smn
2767 759 2820 811 in
2871 769 3137 818 aerumna,
3179 772 3198 805 ι
3259 751 3540 807 evidenter

1961 856 2260 927 separatim
2310 855 2470 910 datur
2502 871 2532 909 a
2561 873 2580 906 ι
2605 853 2744 908 Dum
2777 853 3076 908 clamarem
3109 857 3222 903 tota
3252 847 3374 913 die;
3407 864 3426 898 ι
3464 855 3538 909 et,

1967 967 1988 999 ι
2033 947 2254 1017 sagittae
2287 955 2393 1002 tua:
2429 955 2625 1012 acutae,
2655 956 2875 1016 potens.
2921 965 2940 998 ι
2986 940 3312 1012 interposito
3350 939 3537 1009 phrasi

1960 1039 2143 1110 populi
2180 1037 2353 1108 (Ρεαί.
2389 1053 2466 1102 ιι,
2505 1039 2598 1102 25,
2631 1037 2738 1103 είς
2776 1053 2928 1102 uxr,
2961 1037 3019 1102 4,
3048 1037 3118 1104 '5;
3153 1049 3301 1097 xmv,
3335 1032 3418 1102 7.)

2034 1131 2138 1188 Per
2167 1130 2545 1186 extensionem
2583 1129 2725 1185 idem
2758 1129 2916 1194 dicit,
2961 1129 3150 1185 sicut:
3195 1147 3214 1181 ι
3253 1127 3543 1197 Castigatus

1963 1223 2257 1294 castigavit
2287 1237 2375 1278 me
2414 1220 2701 1286 Dominus,
2737 1240 2757 1273 ι
2796 1229 2874 1285 et,
2915 1240 2934 1273 ι
2974 1219 3313 1292 Exspectans
3351 1233 3541 1287 exspe-

1963 1315 2110 1372 Ctavi
2167 1314 2501 1378 Dominum,
2540 1333 2558 1365 ι
2622 1320 2715 1379 ct,
2772 1331 2791 1364 ι
2832 1312 3173 1368 Benedicens
3227 1310 3542 1366 benedicam

1967 1407 2085 1462 tibi.
2128 1426 2148 1460 ι
2200 1407 2371 1478 (Ρειιι.
2411 1422 2580 1471 cxvu,
2615 1405 2721 1472 18;
2758 1419 2951 1471 χχχιι,
2982 1403 3054 1471 2;
3091 1401 3224 1458 Gen.
3260 1417 3395 1464 ml,
3431 1400 3542 1464 l7.)

2040 1498 2175 1554 Ecce
2224 1517 2320 1569 per
2364 1500 2739 1569 pleonasmum
2789 1512 2934 1569 stepe
2980 1496 3137 1560 dicit,
3188 1505 3295 1550 ut:
3339 1514 3357 1547 ι
3406 1493 3544 1549 Ecce

1966 1589 2116 1643 enim
2176 1588 2460 1643 veritatem
2513 1586 2787 1654 dilexisti;
2820 1617 2890 1630 --
2924 1585 3067 1641 Ecce
3111 1585 3266 1656 virgo
3299 1583 3352 1637 in
3386 1594 3544 1637 utero

1967 1680 2212 1737 habebit.
2257 1701 2276 1732 ι
2335 1679 2401 1736 Et
2452 1691 2692 1736 attamen
2745 1695 2856 1734 non
2910 1679 3138 1734 omnino
3191 1676 3544 1735 servientem,

1969 1767 2148 1822 sicut:
2174 1786 2192 1818 ι
2230 1769 2485 1823 Attamen
2506 1767 2710 1824 frustra
2733 1769 3120 1824 conturbatur.
3170 1785 3188 1818 ι
3225 1764 3291 1820 Et
3311 1765 3545 1826 cum,si-

279 1873 394 1925 Καὶ
417 1871 478 1926 τὸ
504 1871 662 1927 σύνο
694 1870 770 1935 ὡς
798 1870 882 1936 τὺ,
936 1890 954 1923 ι
991 1870 1200 1943 Κύριος
1243 1869 1488 1939 ἐξετάζει
1538 1871 1637 1926 σὺν
1659 1871 1752 1924 τὸν
1783 1871 1862 1925 δί-

1971 1867 2060 1914 cut
2082 1876 2095 1913 :
2120 1876 2141 1910 ι
2167 1858 2429 1914 Dominus
2448 1859 2750 1930 interrogat
2773 1874 2899 1914 cum
2922 1859 3134 1929 justum
3155 1868 3208 1913 et
3238 1856 3492 1925 impium;
3522 1876 3542 1908 ι

279 1981 440 2018 καιον
471 1965 567 2017 καὶ
593 1963 692 2018 σῦν
737 1963 830 2016 τὸν
857 1963 1067 2034 ἀσεϐἧ’
1109 1983 1127 2015 ι
1166 1964 1282 2024 καὶ,
1325 1983 1342 2015 ι
1382 1963 1490 2019 Σὺν
1533 1963 1628 2017 τὸν
1655 1962 1863 2017 δίκαιον

281 2056 382 2109 καὶ
405 2055 504 2110 σὺν
519 2055 612 2110 τὸν
631 2054 803 2126 ἀσεϐῆ
840 2057 1073 2126 κρινεῖὺ
1117 2057 1270 2121 Θεός.
1292 2074 1310 2107 ι
1349 2056 1458 2110 Καὶ
1498 2055 1561 2109 τὸ
1606 2054 1753 2126 γάρ’
1788 2056 1865 2119 ὡς

279 2148 366 2212 τὸ,
393 2167 411 2201 ι
433 2149 624 2218 Φωνὴν
653 2149 864 2204 ἔδωκαν
894 2151 952 2204 at
981 2148 1225 2219 νεφέλαι,
1255 2149 1352 2204 καὶ
1379 2149 1490 2221 γὰρ
1518 2148 1586 2203 τὰ
1609 2148 1736 2222 βέλη
1770 2154 1863 2205 σου

278 2238 722 2312 διαπορεύονταιο
765 2260 784 2294 ι
819 2241 913 2294 καὶ
937 2281 956 2308 ,
1007 2259 1030 2293 ι
1065 2242 1176 2294 Καὶ
1227 2241 1334 2312 γὰρ
1378 2239 1742 2305 ἀπειθοῦντας
1767 2241 1864 2296 τοῦ

281 2333 746 2402 κατασκηνῶσαιο
784 2351 806 2384 ι
837 2333 954 2397 καὶ,
995 2350 1015 2385 ι
1061 2333 1184 2386 Ὀτι
1209 2333 1317 2404 γὰρ
1348 2332 1576 2402 ἀδελφός
1609 2349 1713 2404 μου
1739 2329 1808 2388 εἷ.
1840 2352 1860 2386 ι

281 2425 400 2478 Καὶ
422 2424 488 2495 δὴ
522 2425 617 2477 καὶ
645 2423 744 2494 τὴν
767 2424 874 2479 τοῦ
902 2441 967 2493 γε
989 2464 1004 2486 ,
1044 2424 1111 2495 ἢν
1145 2424 1386 2493 μάλιστα
1428 2423 1582 2495 παρά
1616 2425 1715 2494 μὲν
1755 2428 1868 2488 τοίς

284 2514 560 2577 πλείστοις
587 2515 768 2568 αὐτῶν
798 2515 859 2568 οὐ
893 2514 1188 2578 σπανιάκις
1217 2513 1366 2568 ἔστιν
1403 2517 1616 2586 εὑρεῖν·
1654 2516 1869 2588 ἐξαιρέ-

280 2621 394 2667 τως
421 2604 478 2657 δὲ
504 2604 657 2675 παρά
688 2622 747 2658 τε
776 2607 842 2677 τῇ
867 2604 976 2659 τῶν
999 2604 1301 2659 Βασιλειῶν
1337 2605 1528 2677 βίϐλῳ,
1555 2607 1650 2660 καὶ
1667 2606 1749 2678 τῷ
1773 2608 1868 2660 Σο-

280 2692 552 2764 λομῶντι·
576 2697 605 2748 ὁ
637 2694 738 2765 μέν
769 2711 853 2748 τοι
884 2695 1156 2767 μακάριος
1203 2694 1367 2750 Δαυῒδ
1392 2698 1461 2768 τῇ
1499 2696 1571 2750 ἐν
1613 2697 1736 2751 ἀντὶ
1769 2701 1869 2770 τῆς

283 2783 392 2837 Σὺν
417 2785 724 2856 κέχρηται*
763 2786 842 2850 ὡς
892 2787 976 2852 τὸ,
1011 2805 1031 2840 ι
1076 2787 1190 2840 Καὶ
1243 2787 1630 2858 μετατίθεσθαι
1659 2789 1760 2861 ὅρη
1811 2792 1871 2845 ὲν

281 2876 536 2948 καρδίαις
564 2877 882 2933 θαλασσῶν·
920 2898 940 2930 ι
971 2879 1089 2946 καὶ,
1122 2897 1143 2932 ι
1192 2879 1280 2934 Ἐν
1319 2880 1804 2954 ὁλοκαυτώμασιν,
1843 2901 1862 2934 ι

181 3007 190 3012 .
282 2969 429 3033 ἀντὶ,
464 2970 568 3023 Σὺν
603 2970 1087 3042 ὁλοκαυτώμασιν·
1118 2973 1235 3038 καὶ,
1271 2989 1291 3024 ι
1341 2973 1432 3028 Ἐν
1464 2975 1660 3046 είρήνῃ
1687 2974 1782 3027 ὲπὶ
1812 2975 1871 3028 τὸ

284 3060 458 3114 αὐτὸο
493 3081 512 3114 ι
548 3065 665 3129 καὶ,
697 3081 718 3116 ι
763 3049 907 3134 Ἐγὼ
934 3066 993 3120 δὲ
1023 3066 1080 3120 ὲν
1111 3065 1321 3138 ἀκακία
1351 3083 1452 3138 μου
1488 3065 1812 3138 ἐπορεύθηνο
1846 3087 1865 3120 ι

283 3153 403 3216 καὶ,
435 3172 455 3206 ι
507 3154 702 3226 Ἀνέϐη
725 3158 754 3211 ὑ
785 3157 919 3222 Θεὸς
951 3159 1010 3212 ἐν
1032 3158 1368 3230 ἀλαλαγμῷο
1413 3178 1432 3212 ›
1470 3159 1566 3212 καὶ
1585 3202 1602 3226 ,
1643 3179 1662 3211 ι
1687 3161 1866 3232 Φωνὴ,

1964 1959 2038 2016 et,
2053 1969 2070 2001 ι
2095 1948 2230 2006 Cum
2247 1951 2460 2020 justum
2483 1959 2538 2005 et
2557 1950 2783 2020 impiqu
2800 1949 3071 2018 iudicabit
3091 1948 3255 2004 Deus.
3271 1967 3288 2000 ι
3314 1945 3547 2011 Etenim,

1967 2043 2116 2100 sicut
2152 2061 2165 2097 :
2212 2062 2230 2094 ι
2271 2043 2475 2100 Vocem
2525 2044 2794 2099 dederunt
2830 2042 3041 2109 nubes;
3084 2040 3286 2097 etenim
3335 2041 3549 2112 sagittm

1967 2145 2074 2190 tuae
2111 2144 2418 2191 transeunt.
2466 2155 2484 2188 ι
2525 2136 2609 2202 Et,
2659 2153 2678 2186 ι
2720 2135 2935 2189 Etenim
2979 2149 3089 2189 non
3131 2132 3420 2189 credentes
3460 2131 3547 2185 in-

1969 2227 2258 2294 habitare;
2299 2247 2318 2280 ι
2358 2237 2434 2294 et,
2476 2245 2495 2278 ι
2533 2227 2674 2294 Quia
2717 2228 2864 2282 enim
2908 2225 3080 2280 frater
3112 2239 3266 2280 meus
3297 2239 3377 2279 es.
3419 2243 3437 2274 ι
3483 2221 3550 2277 Et

1969 2307 2198 2376 verbum
2232 2321 2377 2375 illius
2411 2331 2580 2385 certe,
2611 2335 2778 2390 quam
2811 2318 3115 2390 praesertim
3145 2319 3288 2388 apud
3328 2318 3545 2372 illorntn

1968 2413 2157 2483 plures
2194 2428 2305 2467 non
2343 2428 2472 2468 raro
2515 2412 2764 2468 invenire
2795 2419 2904 2479 est,
2940 2413 2993 2466 in
3024 2411 3218 2482 primis
3247 2411 3301 2465 in
3337 2412 3544 2480 ltegum

1971 2505 2114 2560 libro
2145 2514 2200 2560 et
2246 2504 2567 2559 Salomone.
2613 2503 2814 2559 Beatus
2860 2503 3029 2558 David
3072 2503 3451 2575 propositione
3494 2504 3550 2557 in

1968 2614 2070 2670 pro
2103 2615 2222 2652 cum
2260 2599 2454 2663 utitur,
2502 2598 2671 2663 sicut,
2720 2615 2739 2648 ι
2779 2594 3213 2653 Transferentur
3243 2609 3458 2652 montes
3495 2597 3548 2650 in

1969 2708 2067 2748 cor
2113 2691 2321 2756 maris;
2368 2710 2387 2745 ι
2433 2700 2508 2756 et,
2563 2689 2679 2744 tln
2728 2689 3331 2754 hauloeautomatibns;
3379 2707 3398 2741 ι
3451 2687 3583 2758 pro'

1976 2803 1994 2836 ι
2019 2782 2158 2840 Cum
2177 2783 2741 2850 holocautomatibus;
2769 2802 2788 2836 ι
2814 2791 2891 2847 et,
2911 2782 3006 2838 (111
3027 2797 3160 2853 pace
3183 2781 3510 2853 inidipsum.
3526 2802 3543 2832 ι

1973 2875 2060 2942 Et,
2122 2893 2140 2928 ι
2187 2874 2244 2928 In
2302 2874 2616 2933 innocentia
2681 2890 2800 2929 mea
2850 2874 3138 2945 ingressus
3193 2889 3338 2930 stult.
3379 2893 3402 2926 ι
3463 2873 3548 2936 Et,

1978 2986 1998 3020 ι
2046 2969 2309 3025 Ascendit
2341 2969 2489 3024 Deus
2513 2968 2566 3022 in
2593 2966 2815 3037 iubilo;
2852 2987 2873 3022 ι
2908 2976 2983 3033 et,
3023 2987 3041 3022 ι
3086 2967 3198 3023 Vox
3238 2967 3455 3024 Domini
3497 2969 3550 3021 in

1975 3059 2417 3131 tnagnilleentia.
2460 3077 2481 3112 ι
2536 3060 2726 3130 Itaque
2761 3059 2999 3115 studiosi
3040 3059 3381 3116 elocutiones
3423 3059 3551 3114 inde

1980 3160 2327 3208 assumentes
2354 3151 2498 3206 viam
2535 3153 2827 3220 quamdam
2859 3159 2915 3207 et
2943 3151 3144 3207 ostiqu
3184 3151 3467 3206 invenient
3498 3153 3550 3206 in

283 3245 519 3316 Κυρίου,
552 3249 610 3300 έν
642 3215 806 3318 ἰσχύϊ,
830 3215 986 3320 φωνὴ
1018 3215 1231 3322 Κυρίου
1249 3215 1324 3306 ἐὖ
1358 3215 1869 3322 μεγαλοπρεπείᾳίί

1974 3241 2225 3297 scientia:
2253 3256 2444 3297 amore
2475 3215 2922 3314 ad‘dirigendum
2963 3244 3017 3298 in
3048 3259 3219 3299 sacrae
3253 3242 3554 3314 Scriptura:

285 3338 353 3392 υἱ
378 3339 660 3393 σπουδαῖοι
689 3339 784 3394 οῦν
812 3342 913 3405 τὰς
943 3342 1199 3414 ἀφορμὰς
1235 3341 1492 3397 ἐντεῦθεν
1538 3342 1869 3412 δανεισάμε-

291 3448 468 3503 pavor,
498 3431 619 3488 ὁδόν
647 3450 770 3486 τινα
796 3433 891 3488 καὶ
914 3434 1091 3506 πύλην
1127 3436 1195 3504 τῇ
1237 3432 1538 3506 φιλομαθίᾳ
1574 3433 1870 3506 εὑρήσουσι

287 3525 432 3597 πρὸς
457 3525 558 3596 τὴν
593 3525 695 3597 τῆς
727 3527 880 3597 ίερᾶς
921 3526 1146 3598 Γραφῆς
1174 3526 1511 3598 ὁδηγηθῆναι
1534 3526 1797 3582 διάνοιαν.

355 3707 493 3762 Εἰσὶ
528 3707 599 3762 δὲ
630 3709 729 3763 real
755 3709 964 3780 τρόποι
985 3709 1578 3781 αὑτῆςὟεν-ικώτατοι
1609 3705 1798 3768 οὗτοι.

361 3797 522 3852 Κατά
549 3799 890 3870 μεταφορὰν,
921 3800 1065 3854 κατά
1095 3801 1434 3872 παραϐολὴν,
1476 3800 1620 3855 κατά
1644 3801 1872 3872 σύγκρι-

288 3905 402 3953 σιν,
426 3889 568 3943 κατά
597 3891 947 3963 συνεκδοχὴν,
979 3891 1121 3945 κατά
1151 3891 1479 3960 ὑπόδειγμα,
1515 3890 1660 3944 κατά
1697 3906 1876 3960 μετω-

287 3979 527 4050 νυμίαν,
561 3979 705 4032 κατά
753 3979 1105 4051 ἀντίφρασιν.
1137 3981 1282 4035 κατά
1320 3979 1678 4052 περίφρασιν,
1733 3977 1875 4032 κατά

287 4071 773 4140 ἀνακεφαλαίωσιν
799 4072 896 4126 εἴτ’
925 4067 1020 4126 οῦν
1055 4070 1420 4141 ὲπανάληψιν,
1453 4070 1599 4124 κατά
1622 4070 1876 4141 ἀπόχρη·-

291 4179 406 4227 σιν,
435 4161 576 4216 κατά
605 4163 1076 4234 προσωποποιίαν,
1115 4162 1260 4216 κατὰ
1295 4162 1699 4232 σχηματισμὸν,
1733 4160 1877 4215 κατά

291 4253 663 4326 ἀλληγορίαν,
703 4255 847 4310 κατά
901 4253 1229 4328 ὑπερϐολὴν,
1284 4253 1410 4308 κατ’
1465 4252 1874 4325 ὲπιτωθασμὺν,

292 4344 441 4399 κατά
481 4346 765 4418 εἰρωνείαν
793 4388 810 4412 ,
849 4345 990 4400 κατά
1042 4345 1384 4419 σαρκασμὺν,
1430 4345 1573 4404 κατά
1621 4345 1874 4416 αἴνιγμα,

291 4435 438 4490 κατά
460 4437 711 4508 ἀπειλὴν,
745 4435 886 4490 κατά
931 4435 1228 4505 ἀπόφασιν,
1284 4435 1427 4492 κατά
1466 4433 1875 4505 ἀποσιώπησιν,

292 4523 442 4579 κατά
464 4525 814 4596 παραίνεσιν,
846 4524 1120 4597 παρεκτὸς
1155 4523 1400 4596 δηλονότι
1424 4523 1534 4578 τῶν
1569 4523 1878 4596 ἰδιωμάτων

289 4616 487 4686 αὐτῆς.

1973 3332 2356 3402 intelligentia.
2378 3331 2549 3404 (Psat.
2576 3348 2626 3398 L,
2649 3333 2720 3398 8;
2747 3332 2939 3411 Matth.
2966 3333 3122 3399 I,‘25;
3148 3333 3293 3388 Psal.
3322 3350 3549 3397 xxxvnt.

1970 3424 2002 3478 7
2026 3440 2051 3491 ,'
2077 3441 2132 3492 ι,
2166 3424 2232 3487 6;
2259 3423 2433 3480 Eccle.
2470 3426 2638 3490 In,”
2661 3425 2846 3492 ;Psal.
2896 3443 3078 3494 LxxVI,
3113 3427 3218 3494 18;
3252 3445 3421 3494 uvtt,
3454 3429 3552 3493 19;

1973 3515 2104 3572 Gen.
2169 3533 2321 3586 nix,
2370 3518 2474 3587 15;
2529 3517 2685 3576 Psal.
2744 3534 2887 3586 λιν,
2941 3519 3011 3588 2;
3047 3536 3135 3589 tv,
3193 3521 3261 3588 9;
3299 3538 3446 3588 xxv,
3489 3525 3552 3588 l;

1973 3626 2116 3677 τινι,
2149 3610 2215 3679 6;
2249 3628 2444 3679 xxvm,
2473 3613 2554 3682 4.)
2609 3644 2615 3650 ι

2186 3702 2322 3760 Sunt
2354 3716 2404 3761 et
2447 3705 2610 3775 Tropi
2647 3706 2762 3776 ejus
2800 3707 3186 3779 generalisrimi
3220 3709 3330 3764 isti.

2049 3793 2364 3852 Secundum
2402 3799 2786 3869 metaphoram
2807 3839 2823 3865 ,
2858 3799 3162 3855 secundum
3192 3800 3507 3869 parabo'am
3536 3840 3552 3864 ,

1977 3889 2280 3946 secundum
2329 3892 2842 3962 comparationem,
2918 3892 3223 3948 secundum
3294 3895 3553 3964 synecdo-

1974 3981 2138 4046 chen,
2187 3982 2493 4038 secuudum
2555 3983 2908 4052 exemplum,
2959 3982 3260 4038 secundum
3306 3994 3555 4057 metony~

1977 4073 2143 4127 miam
2176 4111 2192 4136 ,
2251 4073 2555 4129 secundum
2597 4072 2998 4143 antiphrasim,
3065 4075 3365 4132 secundum
3415 4079 3557 4147 peri-

1978 4161 2252 4234 phrasim,
2292 4162 2595 4218 secundum
2633 4162 3158 4231 recapitulationem,
3197 4171 3293 4217 aut
3323 4164 3554 4224 reditum

1977 4253 2046 4308 ad
2086 4253 2331 4319 initium,
2381 4253 2682 4309 secundum
2717 4254 2977 4322 abusum,
3027 4255 3328 4311 secundum
3361 4270 3557 4325 proso-

1978 4343 2280 4416 popteiam,
2315 4344 2620 4400 secundum
2661 4345 2952 4416 ﬁguratam
2991 4347 3322 4411 orationem,
3355 4363 3558 4403 secun—

1979 4435 2112 4490 dum
2147 4436 2488 4507 allegoriam,
2525 4437 2834 4493 secundum
2864 4439 3218 4510 hyperbolen,
3254 4442 3556 4498 secundum

1980 4525 2451 4597 obiurgationem,
2477 4529 2782 4584 secundum
2812 4530 3070 4596 ironiam,
3095 4533 3396 4588 secundum
3429 4548 3562 4590 acu-

1911 4612 1956 4667 D
1985 4618 2186 4673 leatum
2222 4619 2458 4688 dictum,
2492 4623 2794 4678 secundum
2825 4624 3082 4696 aenigma,
3122 4626 3424 4706 secundum
3460 4627 3563 4682 mi-

301 4725 428 4773 nas,
508 4710 812 4767 secundum
885 4711 1336 4784 explicationem,
1384 4711 1687 4767 secundum
1757 4709 2122 4778 reticentiam,
2173 4712 2478 4769 secundum
2530 4715 2951 4784 correctionem,
2999 4718 3244 4790 exceptis
3309 4719 3561 4776 videlicet

292 4803 653 4861 idiomatibus
685 4803 880 4877 ipsius.

370 4901 529 4954 Κατά
575 4901 672 4971 μὲν
731 4905 1074 4976 μεταφορὰν,
1124 4903 1258 4957 ὅταν
1299 4901 1370 4957 τά
1403 4900 1614 4975 ἑτέροις
1659 4900 1693 4972 ἢ
1734 4899 1878 4955 κατὰ

293 4989 500 5063 πρᾶξιν
544 4992 578 5062 ἢ
618 4994 762 5048 κατά
799 4994 963 5063 φύσιν
1002 4994 1193 5049 ἐνόντα
1237 4995 1318 5058 είς
1357 4993 1523 5064 ἕτερα
1555 4991 1873 5063 μεταφέρῃ·

291 5077 410 5135 οἷον
429 5084 509 5146 είς
539 5085 690 5154 ἡμᾶς
715 5103 776 5139 τε
807 5085 902 5139 καὶ
925 5086 1021 5140 τὸν
1048 5084 1184 5140 Θεόν
1206 5102 1221 5116 ·
1255 5084 1332 5149 ὡς
1359 5083 1444 5150 τὸ,
1475 5102 1493 5136 ι
1529 5083 1734 5155 Κύριος
1762 5098 1882 5135 ποι-

297 5175 484 5245 μαίνει
525 5192 631 5245 με·
673 5196 694 5230 ι
728 5177 845 5244 καὶ,
894 5196 912 5228 ι
955 5177 1274 5250 Ποιμαίνειν
1329 5175 1524 5231 Ἰακὼϐ
1561 5177 1654 5230 τὸν
1694 5173 1880 5229 δοῦλον

292 5266 466 5320 αὑτοῦ
487 5285 502 5298 ο
550 5286 570 5320 ι
604 5268 722 5335 καὶ,
756 5287 775 5321 ι
802 5269 894 5340 Μὴ
925 5268 1193 5340 βόσκωσιν
1211 5271 1262 5324 oi
1294 5269 1555 5340 ποιμένες
1591 5265 1874 5330 ἑαυτούς’»

293 5359 418 5423 καὶ,
447 5377 467 5411 ι
508 5361 790 5432 Διεσπάρη
826 5362 896 5416 τὰ
926 5361 1179 5433 πρόϐατά
1209 5379 1336 5434 μου,
1383 5361 1472 5415 διὰ
1523 5360 1586 5415 τδ
1620 5359 1696 5432 μὴ
1737 5353 1882 5414 εἶναι

294 5451 566 5521 ποιμένας
591 5468 608 5485 ο
650 5471 670 5506 ι
709 5457 826 5518 καὶ,
871 5470 892 5506 ι
932 5453 1099 5510 Δεῦτε
1131 5455 1308 5509 ὀπίσω
1362 5471 1489 5526 μου,
1528 5455 1624 5508 καὶ
1665 5453 1883 5523 ποιήσω

292 5542 444 5612 ὑμᾶς
468 5541 639 5605 ἁλιεῖς
671 5541 996 5614 ἀνθρώπων.
1038 5563 1057 5597 ι
1096 5545 1319 5599 Δίκτυα
1350 5544 1457 5615 γὰρ
1495 5544 1758 5608 πολλάκις
1786 5544 1882 5598 καὶ

290 5630 722 5703 ἀμφίϐληστρα
753 5633 854 5697 τάς
878 5652 938 5704 χε
949 5632 1168 5705 ιρὼσεις
1192 5635 1293 5704 τῆς
1319 5634 1414 5688 τοῦ
1443 5633 1580 5688 Θεοῦ
1604 5634 1761 5706 δίκης
1790 5635 1883 5689 λέ-

292 5743 386 5804 ⁴γει
405 5742 418 5754 ·
449 5723 583 5792 οἷον,
623 5747 643 5780 ι
693 5729 1014 5784 Ἐκπετάσω
1037 5730 1099 5783 es
1125 5729 1343 5783 δίκτυόν
1371 5747 1476 5801 μου
1506 5731 1595 5782 ἐπ’
1621 5729 1784 5784 αὐτόν
1802 5745 1816 5760 ⁶
1858 5749 1877 5782 ι

297 5822 400 5880 καὶ
428 5823 873 5895 Κατακλυσμόν
897 5824 955 5881 δὲ
980 5822 1078 5897 τὴν
1106 5823 1410 5895 ἐρήμωσιν
1445 5824 1556 5880 τῶν
1607 5823 1880 5897 πολεμίων

2057 4898 2377 4956 Secundum
2412 4899 2816 4972 metaphoram,
2851 4916 2975 4957 cum
3021 4918 3144 4972 quae
3170 4903 3286 4956 sive
3319 4904 3372 4956 in
3406 4903 3561 4972 praxi

1986 4989 2103 5046 sive
2137 4990 2190 5046 in
2217 5001 2415 5048 natura
2448 4991 2684 5047 aliorum
2716 5001 2874 5059 sunt,
2910 4993 3028 5048 haec
3057 4997 3124 5048 ad
3148 4994 3253 5048 alia
3283 4994 3564 5061 transfert,

1987 5083 2140 5138 verbi
2171 5083 2347 5155 gratia
2381 5098 2512 5154 erga
2545 5100 2647 5140 nos
2678 5094 2733 5140 et
2760 5101 2890 5154 erga
2932 5085 3126 5151 Deum,
3161 5087 3307 5142 sicut
3338 5105 3352 5141 :
3394 5107 3412 5139 ι
3455 5087 3566 5144 Do-

1988 5175 2175 5231 minus
2221 5175 2400 5245 pascit
2431 5191 2553 5242 me;
2601 5195 2619 5228 ›
2671 5186 2747 5244 et,
2784 5195 2803 5229 ι
2837 5179 3068 5235 Pascere
3117 5177 3290 5235 Jacob
3340 5195 3567 5239 servum

1983 5282 2182 5332 suum;
2223 5286 2243 5320 ι
2298 5277 2372 5332 et,
2407 5263 2442 5319 ἰ
2472 5265 2585 5323 Nec
2625 5279 2858 5338 pascant
2901 5271 3140 5340 amplius
3180 5282 3431 5344 pastores
3479 5291 3568 5332 se-

1933 5389 1939 5393 -
1984 5359 2293 5429 metipsos;
2337 5378 2358 5413 ι
2413 5369 2508 5427 et,
2554 5379 2573 5413 ι
2610 5359 2884 5432 Dispersa
2941 5373 3072 5419 sunt
3127 5381 3262 5423 oves
3315 5383 3451 5424 meae
3501 5386 3569 5425 eo

1985 5451 2133 5522 quod
2170 5465 2280 5506 non
2312 5460 2461 5508 esset
2497 5461 2723 5523 pastor;
2763 5472 2784 5506 ι
2817 5462 2894 5519 et,
2929 5472 2948 5507 ι
2988 5453 3189 5515 Venite
3221 5470 3346 5530 post
3389 5477 3477 5516 me
3516 5473 3573 5516 et

1987 5543 2185 5600 faciam
2215 5559 2315 5602 vos
2346 5545 2464 5600 tieri
2497 5546 2801 5617 piscatores
2828 5548 3144 5608 hominum.
3182 5573 3202 5608 ι
3238 5554 3396 5610 Retia
3421 5557 3570 5612 enim

1989 5650 2045 5696 et
2079 5641 2341 5696 verricula
2383 5657 2527 5713 saepe
2566 5642 2977 5701 dominationes
3014 5645 3112 5703 Dei
3148 5647 3382 5718 iustitia!
3411 5651 3568 5718 dicit,

1989 5732 2136 5788 sicut
2172 5750 2186 5786 :
2227 5751 2247 5786 ι
2287 5734 2592 5793 Extendam
2644 5745 2758 5792 rete
2802 5753 2982 5793 meum
3026 5755 3194 5811 super
3220 5757 3382 5810 eum;
3424 5763 3442 5794 ι
3494 5753 3572 5811 et,

1987 5821 2396 5883 qunaationem
2423 5836 2478 5886 et
2516 5827 2896 5886 desolationem
2942 5831 3272 5891 bellatorum
3315 5839 3566 5907 exponit,
