4098 6488
1806 276 1893 307 η’.

585 368 608 436 1
622 371 725 435 303

2048 375 2375 441 ADRIANI

3705 379 3869 448 1304

516 558 522 565 _
582 488 769 545 sicut:
829 510 847 542 ι
888 485 1155 544 Dominus
1228 490 1496 547 diluvium
1547 492 1856 550 inhabitare
1920 492 2089 557 facit;
2135 511 2155 544 ι

2268 496 2552 565 ἀποφαίνει
2574 515 2587 529 ο
2627 500 2703 565 ὡς
2734 500 2817 567 τὸ,
2854 518 2873 551 ι
2918 498 3129 572 Κύριος
3153 500 3243 555 τὸν
3287 498 3677 571 κατακλυσμὸν
3707 519 3866 555 κατ-

583 590 662 647 et,
703 594 727 634 ι
761 582 865 649 Qui
911 594 1071 637 vorat
1110 599 1285 654 aquas
1316 586 1530 650 maris;
1570 602 1590 638 ι
1625 595 1687 640 ιιι
1716 585 1867 641 dicat
1908 585 2162 657 Assyrios

584 687 639 730 et
688 676 1131 741 multitudinem,
1185 687 1271 739 et,
1334 697 1353 729 ‹
1397 678 1680 734 Protector
1736 689 1924 734 noster
1980 678 2164 749 aspice

584 768 767 837 Deus;
817 787 836 821 ι
872 780 946 834 et,
994 791 1011 822 ι
1054 771 1167 825 Sub
1209 771 1403 826 umbra
1438 773 1649 827 alarum
1686 784 1903 828 tuarum
1940 784 2163 843 protege

583 877 704 925 tne,
744 880 763 913 ι
794 870 868 923 et,
909 880 927 913 ι
970 863 1302 932 Expendens
1331 864 1447 919 alas
1470 880 1623 932 suas,
1658 866 1960 935 assumpsit
1985 880 2101 923 eos,
2138 883 2157 916 ι

581 964 634 1008 ot
661 963 971 1023 perseverat
1003 954 1054 1007 iu
1084 955 1332 1009 oratione
1363 955 1613 1025 ﬁgurata.
1640 955 1821 1026 (Psal.
1857 973 1993 1018 xxu,
2020 956 2159 1022 3,1;

584 1062 792 1108 uxvn,
827 1047 926 1111 7|;
972 1044 1168 1102 Ezrclt.
1202 1062 1388 1109 xxxiv,
1420 1047 1473 1111 8,
1505 1047 1606 1113 10;
1637 1063 1823 1111 xxxrv,
1850 1046 1919 1114 5;
1967 1046 2160 1102 Matth.

582 1154 659 1203 IV,
692 1138 795 1203 i9;
840 1136 1036 1191 Ezeclt.
1073 1152 1170 1202 xu,
1207 1139 1315 1203 15;
1349 1137 1500 1195 Psal.
1541 1154 1734 1205 xxvttt,
1764 1140 1835 1205 9;
1878 1140 2038 1192 Amos
2081 1154 2158 1203 ιχ,

583 1228 657 1293 6;
694 1226 845 1281 Psal.
888 1244 1124 1294 vaxm,
1162 1230 1262 1295 10;
1301 1246 1413 1295 xvr,
1446 1232 1519 1298 8;
1560 1230 1715 1286 Deut.
1758 1248 1935 1299 xxx",
1974 1232 2087 1301 Η.)

658 1315 975 1371 Secundum
1000 1319 1345 1387 parabolam,
1376 1321 1521 1375 sicut
1548 1339 1560 1375 :
1596 1341 1615 1373 ι
1649 1318 1874 1391 Vigilavi
1903 1330 1957 1375 et
1987 1321 2163 1376 factus

584 1422 705 1460 sum
741 1407 886 1463 sicut
933 1422 1145 1474 passer,
1179 1426 1198 1460 ι
1241 1420 1315 1473 οι,
1357 1428 1375 1461 ι
1417 1410 1572 1465 Sicut
1605 1410 1742 1465 ovis.
1781 1430 1799 1463 ι
1845 1408 2035 1481 (Ρεαι.
2084 1426 2158 1476 οι,

582 1498 653 1570 8,;
695 1497 806 1554 lsa.
843 1516 959 1564 LIII,
992 1501 1071 1572 7.)

658 1592 972 1648 Secundum
1000 1594 1491 1663 comparationem,
1522 1594 1671 1649 verbi
1702 1595 1897 1664 gratia,
1928 1608 2164 1664 praesen-

581 1682 662 1736 tia
699 1682 941 1753 antiquis
968 1698 1032 1738 ex
1062 1684 1339 1738 similibus
1372 1684 1487 1739 vult
1520 1685 1830 1739 assimilare
1862 1684 2163 1755 baptisma-

585 1774 659 1830 tis
692 1776 948 1846 gratiam,
991 1776 1127 1829 mari
1161 1776 1387 1840 Rubro;
1433 1785 1488 1830 et
1516 1777 1829 1832 divinorum
1875 1777 2164 1850 mysterio-

583 1882 706 1920 rum
765 1865 1285 1936 participationem,
1334 1883 1550 1924 manna;
1593 1877 1648 1923 et
1709 1884 1867 1939 aquae
1910 1886 1941 1925 e
1989 1879 2165 1941 petra.

581 1957 648 2025 (Ι
684 1954 808 2011 Cor.
854 1970 907 2020 Χ,
940 1955 1031 2024 5.)

658 2047 973 2103 Secundum
1032 2048 1415 2119 synecdochen
1476 2065 1600 2105 cum
1666 2066 1732 2107 ex
1788 2059 1942 2122 parte
1994 2058 2166 2107 totum

583 2142 845 2204 ostendit,
894 2140 1083 2195 sicut:
1134 2160 1153 2192 ι
1192 2142 1445 2196 Animam
1490 2158 1666 2197 meam
1714 2144 2004 2209 convertit,
2044 2164 2063 2197 ι
2107 2153 2169 2199 ut

583 2232 733 2286 dicat
764 2248 865 2286 me.
901 2232 982 2297 Et,
1020 2252 1040 2284 ι
1078 2232 1304 2303 insuper
1333 2243 1387 2288 et
1431 2249 1562 2289 caro
1622 2250 1741 2290 mea
1777 2236 2080 2307 requiescet
2111 2238 2164 2291 in

582 2338 702 2394 spe,
736 2340 755 2375 ι
785 2337 885 2392 pro
909 2340 1037 2396 ego;
1070 2332 1148 2389 et,
1188 2344 1205 2375 ι
1242 2323 1321 2380 Ex
1349 2335 1505 2379 utero
1533 2337 1659 2381 ante
1685 2326 1973 2383 luciferum
2002 2328 2164 2399 genui

582 2426 657 2479 te,
688 2433 706 2466 ι
745 2430 869 2485 pro,
902 2435 920 2468 ι
954 2425 1083 2470 ante
1111 2430 1329 2470 onmem
1357 2417 1714 2473 creationem.
1762 2436 1781 2469 ι
1818 2417 2005 2489 (Ρεαι.
2029 2434 2164 2486 ιλιι,

583 2505 657 2572 5;
691 2521 781 2566 xv,
823 2506 891 2571 9;
929 2521 1055 2571 etx;
1091 2506 1181 2575 3.)

664 2593 979 2650 Secundum
1035 2595 1397 2665 exemplum,
1455 2596 1683 2667 quando
1739 2612 1863 2668 qua;
1915 2596 2166 2654 facienda

588 2694 723 2741 sunt
751 2701 848 2756 per
871 2686 1073 2741 similia
1104 2688 1355 2758 quaedam
1383 2699 1758 2759 exponuntur,
1787 2690 1930 2746 sicut
1958 2709 1971 2745 :
2005 2709 2024 2743 ι
2058 2691 2166 2747 Co-

583 2788 775 2847 gnovtt
811 2782 910 2834 hos
956 2793 1334 2849 possessorem
1378 2796 1541 2836 suum
1575 2799 1589 2835 :
1631 2799 1652 2835 ι
1683 2791 1771 2849 et,
1823 2799 1841 2834 ι
1880 2782 2074 2839 Milvus
2111 2784 2164 2839 in

583 2871 726 2926 cmlo
776 2874 1036 2944 eugnovit
1088 2883 1305 2943 tempus
1347 2889 1547 2939 suum;
1587 2892 1607 2927 ι
1658 2881 1734 2940 et,
1784 2892 1805 2926 ι
1838 2874 2013 2930 Homo
2051 2886 2169 2930 erat

581 2971 739 3031 pater
775 2960 1047 3030 familias;
1080 2982 1101 3018 ι
1133 2976 1208 3030 et,
1247 2981 1265 3015 ι
1298 2963 1550 3019 Ilominis
1573 2963 1859 3032 cujusdam
1904 2967 2110 3022 divitis.
2142 2988 2160 3020 ι

583 3052 740 3123 (13a.
783 3072 823 3119 ι,
856 3056 928 3122 5;
981 3056 1182 3113 Jerem.
1226 3071 1345 3124 νιιι,
1381 3056 1446 3124 7,
1496 3054 1694 3111 Matth.
1730 3073 1841 3124 ut,
1880 3059 1988 3126 '55;
2030 3059 2161 3114 Luc.

582 3162 681 3211 xtl,
721 3147 846 3216 16.)
1762 3148 1765 3151 ⁷

655 3236 972 3295 Secundum
1009 3244 1403 3314 metonymiam
1455 3247 1678 3317 quando
1725 3246 1810 3302 vel
1857 3260 1889 3301 a
1918 3246 2160 3301 circum-

580 3330 848 3387 dantibus
899 3334 1267 3399 circumdata,
1320 3338 1405 3392 vel
1438 3353 1537 3407 pro
1582 3339 1977 3395 habitationem
2021 3355 2163 3410 prae-

584 3423 849 3478 bentibus
884 3426 1189 3482 habitantia
1221 3429 1507 3495 nominat;
1545 3439 1601 3486 et
1632 3447 1661 3485 a
1693 3432 2164 3488 circumdantibus

580 3514 946 3584 circumdata,
978 3518 1163 3573 sicut:
1200 3536 1218 3570 ι
1254 3518 1321 3574 Et
1344 3520 1482 3575 calix
1514 3537 1671 3577 meus
1695 3522 1972 3578 inebrians
1998 3537 2161 3592 quam

581 3608 915 3676 przeclarus;
943 3629 961 3662 ι
1001 3622 1073 3675 et,
1108 3631 1126 3664 ι
1163 3612 1401 3677 Ululate,
1437 3629 1606 3671 naves
1637 3615 1801 3686 Tyri;
1841 3631 1862 3668 ι
1899 3623 1974 3681 et,
2008 3633 2029 3667 ‹
2056 3615 2163 3669 Ca-

588 3700 748 3755 licem
788 3703 1000 3758 sororis
1046 3713 1152 3761 tua:
1187 3704 1358 3761 bibes.
1397 3725 1416 3758 ι
1463 3707 1546 3762 Ab
1580 3708 1981 3767 habitationem
2028 3722 2167 3777 pra:-

583 3794 847 3849 bentibus
898 3795 1245 3864 habitantia,
1294 3797 1439 3853 sicut
1468 3818 1503 3855 .:
1551 3818 1571 3850 ι
1612 3800 1915 3855 Advocabit
1963 3800 2162 3856 caelum

583 3886 914 3954 desursum;
946 3905 965 3940 ι
1008 3894 1084 3953 et,
1123 3886 1502 3956 «Jerusalem,
1534 3889 1867 3956 Jerusalem,
1906 3906 2031 3962 quae
2064 3906 2164 3947 oc-

581 3978 723 4034 cidis
754 3981 1094 4050 prophetas;
1132 4000 1151 4034 ι
1189 3990 1268 4047 et,
1305 3999 1324 4032 ι
1359 3981 1637 4037 Lartentur
1670 3983 1863 4039 insulae
1895 3984 2100 4041 multae.
2139 4004 2158 4038 ι

580 4070 778 4138 (Psal.
824 4090 963 4139 xxn,
1000 4075 1071 4141 6;
1121 4074 1235 4129 Isa.
1272 4092 1435 4138 xxm,
1478 4078 1551 4142 ‘1;
1610 4076 1802 4132 Ezech.
1854 4094 2015 4142 χχιιι,
2056 4078 2161 4145 '52;

580 4165 737 4221 Psal.
777 4182 928 4230 ηις,
968 4169 1032 4235 4;
1070 4167 1270 4222 Matth.
1303 4185 1463 4233 χχιιι,
1500 4170 1600 4236 57,
1637 4169 1788 4225 Psal.
1823 4185 1967 4237 xcvi,
2002 4171 2094 4240 1.)

657 4257 978 4314 Secundum
1014 4260 1408 4329 autiphrasim,
1441 4261 1662 4332 quando
1692 4276 1791 4331 per
1822 4262 2166 4316 contrarium

581 4352 849 4417 ostendit,
881 4352 1036 4408 verbi
1068 4352 1245 4422 gratia
1278 4370 1292 4407 :
1337 4372 1357 4404 ‹
1392 4350 1506 4408 Nisi
1541 4353 1594 4408 in
1625 4352 1825 4407 faciem
1870 4354 2167 4410 benedixc-

580 4443 655 4498 rit
680 4443 804 4506 tibi,
842 4462 860 4495 ι
890 4458 990 4515 pro
1018 4444 1483 4514 blusphemaverit.
1513 4444 1600 4508 Et,
1634 4464 1651 4494 ι
1682 4444 1963 4500 Benedixit
1992 4444 2161 4501 Deum

2263 590 2455 642 οικιεϊ·
2494 607 2512 641 ι
2561 589 2680 657 καὶ,
2734 608 2754 642 ι
2815 589 2875 642 '0
2924 590 3409 662 προσκαλούμενος
3462 592 3524 646 τὸ
3561 592 3706 665 ὕδωρ
3752 591 3867 661 τῆς

2264 679 2544 752 Θαλάσσης
2565 699 2579 713 ο
2614 700 2633 733 ι
2667 681 2754 736 ἵνα
2782 683 2912 755 εἴπῃ
2958 685 3088 748 τοὺς
3128 685 3453 750 Ἀσσυρίους
3498 686 3592 739 καὶ
3620 686 3680 739 τὸ
3712 685 3867 752 πλῆ-

2265 772 2357 835 θος
2379 787 2394 802 ⁶
2423 776 2537 839 καὶ,
2578 791 2597 824 ι
2650 773 3070 846 ’Υπερασπιστά
3097 777 3257 848 ἡμῶν
3292 779 3415 833 ῐδεό
3449 779 3580 843 Θεός
3604 795 3619 807 ’
3665 798 3685 832 ι
3718 778 3861 842 καὶ,

2269 881 2290 915 ι
2340 864 2429 917 Ἦν
2449 867 2517 935 τῇ
2547 866 2725 939 σκέπῃ
2750 867 2861 921 τῶν
2882 867 3171 939 πτερύγων
3200 886 3293 922 σου
3346 870 3639 934 σκεπάσεις
3673 884 3752 940 με
3774 885 3793 900 ·
3836 885 3861 919 ι

2266 957 2381 1022 καὶ,
2417 977 2437 1009 ι
2475 958 2619 1023 Διεὶς
2643 959 2744 1023 τὰς
2767 959 3051 1031 πτέρυγας
3093 960 3258 1014 αὑτοῦ
3291 961 3507 1027 ἐδέξατο
3550 963 3798 1025 αὐτούς’
3837 979 3862 1013 ι

2264 1049 2360 1105 καὶ
2394 1050 2719 1123 ὲναπυμένει
2755 1050 2832 1122 τῷ
2861 1050 3253 1123 σχηματισμῷ.

2336 1319 2493 1373 Κατὰ
2518 1319 2577 1373 δὲ
2605 1319 2921 1391 παραϐολήν
2957 1335 2973 1351 ⁸
3003 1319 3081 1383 ὡς
3106 1319 3188 1387 τὸ,
3242 1339 3264 1373 «ι
3311 1320 3698 1392 Ἦγρύπνησα,
3755 1320 3863 1374 καὶ

2266 1407 2534 1479 εγενόμην
2564 1407 2641 1473 ὡς
2682 1409 2984 1480 στρουθίον.
3016 1428 3034 1463 ι
3056 1409 3174 1474 καὶ,
3205 1428 3224 1462 ι
3260 1410 3348 1476 Ὦς
3368 1410 3669 1482 πρόϐατον.
3707 1431 3731 1465 ι

2333 1588 2494 1643 Κατά
2527 1588 2835 1660 σύγκρισιν,
2864 1585 2979 1642 οἷον
3028 1588 3099 1643 τά
3136 1588 3381 1660 παρόντα
3433 1590 3547 1653 τοῖς
3589 1588 3865 1651 παλαιοῖς

2262 1680 2331 1733 ὲκ
2365 1677 2476 1732 τῶν
2503 1678 2705 1748 ὁμοίων
2737 1676 2912 1731 ἐθέλει
2941 1676 3183 1741 εἰκάζειν
3212 1693 3227 1707 ο
3261 1677 3360 1750 τὴν
3390 1678 3484 1731 τοῦ
3531 1678 3867 1748 βαπτίσμαο

2265 1788 2359 1835 τος
2390 1770 2574 1841 χάριν,
2601 1772 2668 1841 τῇ
2702 1768 2947 1840 Ἐρυθρᾷ
2975 1768 3222 1842 θαλάσσῃ
3245 1782 3261 1799 ⁸
3294 1769 3389 1823 καὶ
3416 1770 3517 1838 τὴν
3541 1768 3657 1821 τῶν
3684 1769 3866 1822 θείων

2272 1862 2592 1934 μυστηρίων
2622 1861 2951 1933 μετάληψιν,
2989 1863 3057 1933 τῇ
3084 1879 3143 1915 τε
3176 1860 3271 1915 τοῦ
3301 1861 3478 1932 μάννα
3527 1860 3725 1931 καὶτῷ
3794 1862 3866 1915 ἐκ

2266 1954 2474 2024 πέτρας
2503 1952 2679 2007 ὕδατι.

2335 2047 2495 2103 Κατά
2517 2045 2868 2117 σννεκδοχὴν,
2900 2045 3031 2100 ὅταν
3068 2046 3177 2100 ἀπὸ
3208 2046 3408 2116 μέρους
3434 2045 3497 2098 τδ
3524 2045 3648 2099 ὅλον
3676 2044 3861 2111 δηλοῖο

2263 2139 2340 2202 ὡς
2367 2136 2449 2204 τὺ,
2481 2155 2501 2190 ι
2532 2137 2645 2208 Τὴν
2671 2137 2855 2208 ψυχήν
2909 2154 3015 2208 μου
3068 2136 3402 2207 ἐπέστρεψεν
3426 2153 3441 2167 ·
3478 2155 3500 2188 ι
3570 2136 3663 2189 ἵνα
3720 2135 3863 2206 εἴπῃ

2264 2231 2370 2301 ἐμέ
2400 2250 2415 2265 ·
2454 2230 2572 2295 καὶ,
2615 2250 2634 2282 ι
2673 2231 2796 2284 Ἐτι
2820 2230 2877 2283 δὲ
2909 2229 3024 2292 καὶ,
3050 2230 3084 2298 ὴ
3108 2228 3246 2300 σάρξ
3277 2245 3379 2299 μου
3423 2226 3862 2297 κατασκηνώσει

2266 2322 2355 2379 ἐπ’
2389 2322 2567 2377 ὲλπίδι
2592 2337 2608 2352 ’
2651 2339 2671 2373 ι
2704 2321 2828 2387 ἀντὶ
2848 2320 2967 2384 τοῦ,
3009 2318 3125 2390 ἐγώ
3160 2336 3177 2352 ·
3207 2320 3322 2383 καὶ,
3357 2338 3378 2369 ι
3458 2319 3555 2373 Ἐκ
3604 2318 3861 2388 γαστρὸς

2268 2414 2375 2485 πρὸ
2403 2412 2684 2482 ἑωσφόρον
2722 2410 2994 2481 ἐγέννησα
3044 2427 3105 2465 σε
3134 2426 3150 2442 ·
3186 2429 3207 2463 ι
3266 2410 3409 2478 ἀντὶ,
3444 2428 3464 2461 ι
3506 2408 3617 2480 πρὸ
3670 2409 3861 2480 πάσης

2265 2506 2365 2576 τῆς
2394 2506 2649 2565 κτίσεως.
2699 2524 2718 2556 ι
2886 2532 2891 2537 -

2336 2597 2495 2651 Κατά
2530 2596 2855 2667 ὑπόδειγμα,
2903 2595 3035 2660 ὅταν
3093 2596 3165 2649 τὰ
3203 2593 3455 2666 πρακτέα
3523 2594 3594 2647 δι’
3646 2593 3861 2665 ὁμοίων

2265 2689 2428 2742 τινῶν
2455 2687 2808 2742 ὑποτίθεται·
2848 2683 2981 2753 οἷον,
3009 2706 3029 2738 ι
3070 2688 3250 2757 Ἔγνω
3280 2685 3406 2757 βοῦς
3435 2686 3526 2740 τὸν
3552 2687 3859 2757 κτησάμεσ

2266 2799 2357 2835 νον
2383 2798 2397 2813 ·
2438 2799 2457 2833 ι
2495 2782 2611 2843 καὶ,
2641 2799 2661 2832 ι
2703 2780 2771 2834 Ἦ
2807 2780 2969 2834 ἀσίδα
2998 2780 3057 2831 ὲν
3078 2778 3156 2848 τῷ
3203 2777 3417 2849 ούρανῷ
3444 2777 3589 2846 ἔγνω
3614 2779 3857 2831 τδνκαιο

2270 2873 2365 2944 ρὸν
2404 2874 2574 2944 αὐτῆς
2607 2889 2622 2906 ο
2644 2891 2664 2925 ι
2696 2872 2813 2939 καὶ,
2845 2891 2864 2925 ι
2905 2870 3226 2943 Ἄνθρωπός
3253 2886 3339 2933 τις
3366 2869 3763 2957 οἰκοδεσπότης
3786 2884 3804 2898 °
3833 2886 3855 2923 ι

2252 2961 2386 3027 καὶ,
2421 2980 2440 3013 ι
2479 2959 2801 3033 Ἀνθρώπου
2830 2960 2977 3024 τινὸς
3002 2960 3282 3015 πλουσίου.
3324 2979 3345 3013 ι

2336 3244 2496 3305 Κατὰ
2521 3246 2886 3316 μετωνυμίαν,
2914 3243 3043 3301 ὅταν
3065 3243 3100 3315 ἦ
3120 3244 3228 3299 ἀπὸ
3246 3243 3355 3298 τῶν
3375 3241 3744 3313 περιεχόντων
3792 3240 3861 3294 τά

2265 3337 2652 3409 περιεχόμενα,
2670 3338 2704 3408 ἢ
2724 3336 2951 3392 ἀώτῶν
2965 3337 3258 3391 οἰκούντων
3282 3337 3350 3391 τὰ
3388 3336 3690 3407 οίκούμενα
3725 3351 3858 3403 μετε-

2271 3428 2531 3499 ονομάζει
2553 3428 2649 3482 καὶ
2663 3428 2771 3482 ἀπὸ
2794 3428 2895 3498 μὲν
2921 3428 3033 3482 τῶν
3053 3428 3416 3499 περιεχόντων
3437 3427 3505 3481 τὰ
3528 3425 3858 3498 περιεχόμε-

2267 3535 2337 3572 να
2365 3535 2381 3549 °
2399 3517 2475 3582 ὡς
2504 3519 2589 3583 τὸ,
2619 3536 2641 3570 ι
2687 3520 2799 3572 Καὶ
2828 3518 2891 3577 τὸ
2913 3520 3174 3590 ποτήριόν
3195 3536 3289 3572 σου
3316 3518 3588 3589 μεθύσκον
3628 3534 3701 3587 με
3726 3516 3857 3567 ὡσεὶ

2267 3610 2562 3682 κράτιστον
2585 3627 2601 3641 θ
2648 3629 2667 3663 ι
2702 3610 2817 3675 καὶ,
2854 3628 2873 3661 ι
2920 3611 3233 3675 Ὀλολύςετε
3268 3611 3428 3663 πλοῖα
3464 3604 3852 3679 Καρχηδόνος’

2268 3707 2365 3761 καὶ
2395 3725 2413 3759 ι
2447 3706 2522 3760 Τὸ
2554 3706 2815 3776 ποτήριον
2837 3704 2939 3775 τῆς
2994 3704 3233 3775 ἀδελφῆς
3264 3721 3359 3756 σου
3397 3703 3586 3755 πίεσαι
3618 3717 3636 3731 ο
3678 3718 3699 3751 ι
3750 3699 3855 3756 ἀπὸ

2267 3800 2325 3854 δὲ
2348 3799 2457 3853 τῶν
2483 3796 2777 3852 οἰκούντων
2811 3795 2881 3850 τὰ
2913 3796 3209 3867 οἰκούμενα
3234 3812 3249 3827 ·
3289 3794 3366 3858 ὡς
3404 3793 3489 3858 τὸ,
3554 3809 3574 3843 ι
3601 3791 3853 3861 [lpos-xa-

2268 3890 2491 3943 λέσεται
2531 3888 2624 3942 τὸν
2680 3886 2909 3957 οὐρανὸν
2971 3886 3124 3941 ἄνω·
3163 3905 3183 3938 ι
3210 3886 3324 3949 καὶ,
3400 3902 3420 3935 ι
3469 3880 3848 3953 Ἰερουσαλὴμ,

2282 3980 2666 4053 Ἰερουσαλὴμ,
2694 3982 2729 4049 ἡ
2754 3979 3166 4034 ἀποκτείνουσα
3192 3977 3322 4043 τοὺς
3349 3975 3706 4051 προφήταςί
3739 3974 3850 4036 καὶ,

2277 4091 2316 4144 ι,
2330 4072 2719 4141 ’Δγαλλιᾶσθε,
2739 4072 2897 4142 νῆσοι
2916 4070 3135 4126 πολλαί.
3162 4088 3183 4124 ι

2341 4276 2504 4333 Κατά
2537 4276 2863 4347 ἀντίφρασιν
2893 4274 2997 4345 (9),
3036 4275 3169 4329 ὅταν
3198 4273 3266 4328 δι’
3296 4271 3543 4328 ἐναντίου
3582 4270 3646 4323 τὸ
3701 4270 3850 4323 tim.

2272 4370 2384 4423 τίον
2404 4368 2555 4440 δηλοῖ
2582 4382 2598 4403 ο
2625 4360 2756 4433 οἷον,
2789 4366 2851 4421 Ei
2875 4367 2982 4438 μὴν
3014 4367 3094 4431 είς
3118 4364 3482 4438 πρόσωπόνσε
3503 4360 3807 4431 εύλογήσει.
3827 4378 3844 4412 ι

2274 4460 2396 4515 ἀντὶ
2427 4458 2547 4525 τοῦ,
2573 4458 3019 4533 ,βλασφημήσει
3049 4475 3063 4490 ·
3104 4459 3224 4521 καὶ,
3254 4474 3275 4509 ι
3308 4455 3588 4526 Εύλόγησε
3611 4452 3747 4506 Θεὸν
3760 4451 3849 4505 καὶ

578 4544 637 4588 οι
691 4549 899 4603 regem,
949 4553 969 4587 ι
1031 4549 1130 4603 pro
1187 4534 1599 4599 contumeliose,
1656 4534 1794 4588 male
1850 4534 2023 4600 di\it;
2076 4543 2163 4601 et,

2277 4549 2542 4622 βασιλέα*
2570 4569 2605 4602 -ι
2645 4550 2767 4603 ἀντὶ
2822 4547 2943 4612 τοῦ,
2997 4548 3268 4616 ὕϐρισεν,
3332 4545 3691 4599 ἐκάκωσενο
3736 4544 3845 4606 καὶ,

586 4650 607 4682 ι
643 4629 784 4697 Quia
814 4630 1121 4685 celebratus
1161 4648 1179 4681 ι
1230 4640 1309 4685 est
1343 4645 1479 4694 rex;
1514 4638 1587 4693 et,
1649 4647 1668 4680 ι
1707 4628 2038 4687 Benedictus
2092 4632 2167 4686 sit

581 4722 750 4777 homo
783 4722 892 4777 ille.
933 4740 952 4774 ι
993 4720 1129 4792 (Job
1162 4738 1203 4785 ι,
1237 4720 1336 4787 Il;
1394 4737 1455 4785 ιι,
1491 4719 1556 4787 5;
1615 4719 1705 4773 III
1736 4720 1864 4793 Reg.
1901 4724 2163 4792 “1,10;

578 4811 782 4870 Jerem.
816 4830 910 4878 xx,
945 4813 1073 4882 16.)

655 4902 971 4959 Secundum
1003 4902 1398 4971 periphrasim,
1434 4901 1659 4973 quando
1684 4902 1752 4956 de
1787 4902 1855 4957 iis
1882 4916 2005 4972 quae
2032 4917 2168 4973 pau-

579 4997 664 5053 eis
689 4997 874 5052 verbis
898 4996 1134 5066 exprimi
1160 5005 1416 5066 possunt,
1441 4995 1694 5064 pluribus
1721 5010 1811 5050 res
1839 5006 2122 5066 exponunt
2150 5014 2164 5050 :

581 5088 725 5144 sicut
770 5105 784 5142 :
844 5106 863 5139 ι
898 5085 1041 5143 Ecce
1094 5087 1420 5159 alienigena:
1470 5096 1526 5143 et
1579 5085 1760 5157 Tyrus
1817 5094 1872 5142 et
1932 5087 2167 5157 populus

580 5179 906 5250 {Ethiopum
934 5179 989 5234 hi
1029 5179 1251 5235 fuerunt
1286 5179 1420 5235 illic.
1463 5197 1481 5230 ι
1528 5178 1715 5251 (Ρεαι.
1747 5196 1971 5244 Lxxxvt,
2003 5179 2096 5252 4.)

657 5271 972 5327 Secundum
1020 5272 1541 5341 recapitulationem
1571 5280 1666 5329 aut
1696 5272 1928 5327 reditum
1962 5272 2027 5327 ad
2062 5273 2169 5329 ini-

480 5384 484 5389 ·
585 5360 728 5417 tium
754 5362 981 5433 quando
1013 5378 1136 5433 quae
1170 5378 1269 5433 per
1300 5365 1459 5433 plura
1490 5364 1641 5419 varie
1680 5376 2001 5429 narrantur,
2042 5383 2167 5434 pro-

582 5461 706 5523 μοι’
753 5455 1125 5512 dimcultatem
1164 5470 1289 5527 quae
1332 5456 1509 5511 oritur
1551 5470 1582 5510 a
1630 5456 2037 5528 digressionum
2077 5460 2163 5516 in-

2279 4663 2298 4696 ι
2330 4643 2455 4698 Ὅτι
2484 4641 2799 4707 δεδόξασται
2836 4642 2865 4694 ὁ
2919 4639 3207 4710 βασιλεύς·
3245 4656 3265 4691 ι
3306 4637 3421 4705 καὶ,
3487 4655 3507 4689 ι
3548 4634 3850 4707 Εὐφραινόο

2277 4750 2437 4804 μενος
2467 4731 2609 4785 έστω
2636 4732 2665 4785 ό
2689 4730 2974 4802 ἄνθρωπος
3004 4729 3233 4793 ἐκεῖνος.
3275 4746 3295 4779 ι

2340 4910 2500 4964 Κατά
2530 4907 2882 4979 περίφρασιν,
2912 4908 3043 4961 ὅταν
3070 4908 3185 4971 τοῖς
3215 4906 3284 4961 δι’
3330 4904 3530 4975 ὀλίγων
3592 4905 3852 4974 ἐκφωνεῖ-

2272 5001 2399 5055 σθαι
2430 5001 2752 5071 δυναμένοις
2775 5000 2874 5072 τὴν
2899 5000 2987 5053 διά
3016 5000 3284 5053 πλείονων
3316 4999 3519 5068 φράσιν
3560 4996 3844 5067 περιτίθη-

2270 5111 2355 5147 σιν
2374 5110 2389 5126 ·
2415 5088 2549 5153 οἷον,
2584 5111 2603 5142 ι
2642 5092 2754 5146 Καὶ
2787 5092 2899 5145 ίδοὺ
2929 5091 3238 5161 ἀλλόφυλοι,
3260 5092 3354 5144 καὶ
3381 5089 3585 5162 Τύρος,
3611 5089 3710 5143 ita).
3732 5088 3849 5151 λαὸς

2266 5184 2375 5240 τῶν
2425 5184 2723 5249 Αἰθιόπων,
2759 5174 2904 5237 οὗτοι
2933 5184 3307 5254 ἐγεννήθησαν
3339 5184 3474 5236 ἐκεῖ.
3512 5200 3532 5235 ι

2340 5277 2498 5333 Κατά
2525 5275 3007 5345 ἀνακεφαλαίωσιν
3035 5278 3136 5333 εῖτ·
3168 5272 3267 5330 οὖν
3290 5274 3584 5343 ἐπανάληψ
3595 5291 3667 5337 ιν,
3723 5272 3847 5325 ὅταν

2273 5369 2342 5424 τὰ
2369 5368 2460 5422 διὰ
2493 5366 2755 5420 πλειόνων
2782 5365 3044 5429 ποικίλως
3074 5363 3461 5435 εἰσηγηθέντα,
3488 5361 3578 5415 διὰ
3613 5361 3718 5431 τὴν
3750 5356 3851 5412 ἀπὸ

2274 5463 2374 5533 τῆς
2404 5460 2513 5515 τῶν
2576 5457 2975 5531 παρεκὸάσεων
3032 5453 3353 5526 ἀνωμαλίας
3416 5453 3745 5525 δυσχέρειαν
3792 5450 3849 5501 ὲν

1743 5613 1973 5672 DAVID.
2008 5614 2407 5677 HGSSCHELII
2451 5615 2687 5675 NOTAE.

661 5775 915 5853 (9)7Kaz'
944 5774 1326 5846 ἀντίφριισιν.
1366 5770 1623 5848 Exempla
1659 5775 1815 5848 plura
1864 5776 2146 5850 suppedita
2191 5775 2252 5833 D.
2291 5778 2522 5853 August.
2555 5777 2652 5835 lib.
2679 5774 2877 5834 Contra
2909 5770 3256 5838 mendacium,
3324 5768 3391 5825 ad
3471 5764 3837 5823 Consentium.

588 5862 709 5915 Cap.
750 5852 827 5902 l0.
