4098 6488
212 342 353 409 13θὸ

1294 352 1620 414 ISAGOGF.
1660 351 1743 413 IN
1778 351 1883 414 SS.
1910 351 2408 415 SCRIPTURAS.

206 455 408 523 ὀλίγοις
441 445 600 515 αὖθις
647 448 989 524 διεξέρχεται
1025 473 1040 487 ο
1091 456 1168 521 ὡς
1228 458 1257 512 ὁ
1315 460 1525 529 Μωσῆς
1589 474 1781 531 φησιν,

1897 458 2216 529 equalitate,
2252 474 2347 530 per
2375 455 2633 529 pauciora
2672 458 2870 514 iterum
2904 466 3283 530 exponuntur,
3322 460 3469 518 sicut

216 565 235 598 ι
266 546 417 615 Αὑτη
459 547 493 615 ή
529 542 713 614 βίϐλος
758 546 1030 612 γενέσεως
1085 549 1315 621 ούρανοῦ
1352 568 1412 604 τε
1461 552 1557 605 καὶ
1591 552 1719 622 γῆς.
1761 569 1781 605 ο

208 636 447 689 Τοιαῦτα
476 635 569 689 καὶ
596 636 655 689 ἐν
681 636 803 698 ταῖς
847 636 1183 707 Βασιλείαις,
1247 641 1344 695 καὶ
1391 642 1450 695 ὲν
1500 640 1579 713 τῷ
1620 642 1785 696 Ἀπο-

209 728 410 798 στόλῳ.

276 819 438 874 Κατὰ
482 820 814 894 ἀπόχρησιν,
879 822 1012 877 ὅταν
1082 826 1151 895 τῇ
1193 822 1397 895 ἑτέρων
1443 826 1791 897 προσηγορίᾳ

209 913 303 965 καὶ
330 913 390 964 ἐν
417 912 627 984 ἑτέροις
641 914 995 984 καταχρᾶται
1020 930 1034 945 ⁸
1074 912 1230 987 [οἶονΙ
1261 916 1337 980 ὡς
1366 917 1448 977 τὸ.
1489 936 1507 969 ι
1545 917 1789 984 Φύλαξόν

211 1001 598 1071 με.Κύριε,ὠς
626 1004 799 1076 κόρην
832 1004 1115 1076 ὀφθαλμοῦ
1142 1022 1157 1037 ⁸
1183 1026 1202 1058 ι
1226 1008 1337 1073 καὶ,
1365 1026 1384 1059 ‹
1415 1009 1507 1064 Ἐν
1539 1010 1622 1061 σοὶ
1661 1011 1792 1073 τοὺς

209 1094 435 1166 ἐχθροὺς
458 1094 617 1166 ήμῶν
645 1096 1009 1168 κερατιοῦμεν
1031 1114 1049 1132 ο
1097 1116 1117 1150 I
1154 1100 1269 1159 καὶ,
1288 1120 1307 1151 ι
1338 1100 1397 1154 '0
1424 1099 1701 1169 στεγάζιιιν
1734 1101 1792 1154 ἐν

210 1185 366 1241 ὕδασι
390 1186 455 1241 τά
480 1186 706 1258 ὑπερῷα
729 1189 899 1243 αὑτοῦ
923 1205 939 1223 ο
967 1209 988 1241 I
1025 1191 1145 1258 καὶ,
1169 1208 1190 1244 t
1237 1192 1329 1255 Ὠς
1356 1192 1557 1264 ὄρθρος
1617 1192 1791 1265 χυθή-

212 1294 367 1331 σεται
396 1277 488 1330 ὲπὶ
524 1277 595 1331 τὰ
628 1277 732 1349 ὅρη
784 1277 915 1344 λαδς
946 1279 1115 1347 πολὺς
1173 1281 1273 1339 καὶ
1300 1282 1521 1357 ἰσχυρός
1552 1301 1567 1318 ο
1610 1302 1629 1338 ι
1662 1284 1793 1357 περὶ

210 1371 308 1440 τῆς
339 1370 562 1442 ἅκρίδος
590 1371 792 1441 λέγων.

278 1549 437 1604 Κατὰ
462 1551 914 1620 προσωποποιίαν
928 1552 1061 1608 ὅταν
1075 1554 1189 1609 τισὶ
1216 1552 1327 1609 τῶν
1351 1553 1598 1625 ἀψύχων,
1620 1554 1793 1609 ὲνίοτε

210 1641 267 1695 δὲ
303 1641 401 1696 καὶ
428 1643 842 1710 ἁνυποστάτων,
878 1645 1152 1716 πρόσωπά
1176 1663 1239 1700 τε
1287 1646 1383 1700 καὶ
1412 1647 1609 1715 λόγους
1658 1647 1794 1701 ὑπο-

208 1733 415 1788 τίθεται
447 1750 463 1765 ο
531 1735 629 1788 ἐπὶ
671 1735 772 1805 μὲν
828 1735 1086 1807 ἀψύχων
1137 1738 1216 1799 ὡς
1264 1737 1349 1802 τὸ,
1414 1756 1433 1790 ι
1487 1739 1791 1810 Ἐπάρθητε

1890 546 2094 619 Moysis
2151 548 2287 604 dicit
2334 567 2350 603 :
2413 566 2431 598 ι
2466 546 2568 602 Hic
2627 547 2767 603 liber
2814 549 3185 619 generationis
3233 550 3357 605 caeli
3415 560 3477 608 ct"

1891 648 2073 699 teme.
2112 660 2131 693 ι
2169 640 2323 697 Talia
2359 649 2415 697 et
2446 641 2503 697 in
2543 640 2702 697 libris
2731 639 2966 712 Regum,
2995 650 3050 697 et
3086 642 3141 696 in
3170 644 3459 713 Apostolo.

1890 730 1908 799 (
1934 727 2063 784 Gen.
2104 746 2167 796 ιι,
2203 729 2299 800 4.)

1963 819 2279 877 Secundum
2320 823 2555 881 abusum
2602 839 2729 881 cum
2780 824 3019 880 aliorum
3067 840 3269 882 nomen
3311 835 3367 881 et
3415 827 3472 882 in

1890 912 2013 967 aliis
2044 912 2268 968 adhibet
2292 913 2468 984 [verbi
2491 914 2694 987 gratia]
2723 928 2740 971 :
2775 933 2794 967 ι
2825 916 3051 971 Custodi
3080 930 3188 981 me,
3221 917 3473 979 Domine,

1893 1014 1955 1061 ut
1994 1005 2258 1075 pupillam
2294 1007 2485 1066 oculi:
2526 1025 2545 1057 ι
2594 1019 2669 1071 et,
2715 1025 2735 1056 ι
2774 1007 2829 1061 In
2881 1017 2933 1063 tc
2967 1009 3223 1064 inimicos
3257 1017 3476 1064 nostros

1892 1096 2285 1153 ventila‘bimus
2322 1112 2529 1163 cornu;
2578 1115 2598 1150 ι
2636 1106 2713 1161 et,
2754 1115 2774 1149 ι
2808 1098 2913 1164 Qui
2947 1099 3083 1167 tegis
3118 1100 3278 1169 aquis
3306 1113 3474 1169 supe-

1892 1187 2041 1243 riora
2090 1187 2250 1257 ejus;
2292 1207 2310 1240 ι
2342 1198 2416 1252 et,
2456 1206 2475 1239 ι
2509 1187 2677 1254 Quasi
2724 1204 2886 1244 mane
2914 1191 3263 1259 expandetur
3308 1205 3478 1261 super

1894 1288 2110 1336 montes
2140 1281 2375 1349 populus
2404 1280 2613 1334 multus
2651 1288 2707 1335 et
2738 1279 2919 1341 fortis.
2978 1299 2998 1332 ι
3033 1280 3102 1336 de
3134 1280 3362 1337 locustis
3392 1282 3478 1335 lo-

1893 1386 2088 1443 quens.
2150 1371 2341 1443 (Psaf.
2394 1386 2508 1439 XVI,
2558 1370 2629 1438 8;
2684 1386 2845 1437 XLIII,
2898 1370 2971 1437 6;
3026 1388 3159 1438 cm,
3217 1373 3292 1439 3;
3354 1371 3477 1428 lae!

1894 1479 1958 1529 II,
1989 1462 2083 1534 2.)

1971 1557 2288 1614 Secundum
2318 1556 2762 1629 prosopopoeiam
2793 1556 3019 1627 quando
3050 1557 3390 1627 quibusdam
3411 1572 3480 1613 eX

1896 1647 2239 1712 iuanimatis,
2284 1648 2621 1718 quandoque
2665 1656 2721 1703 et
2750 1662 2816 1701 ex
2865 1648 2935 1703 iis
2980 1663 3106 1718 qua:
3137 1663 3233 1717 per
3263 1648 3482 1719 excogi-

1898 1741 2051 1795 tandi
2092 1741 2203 1794 vim
2252 1750 2464 1795 tantum
2512 1740 2829 1804 exsistunt,
2878 1754 3174 1810 personam
3222 1748 3278 1795 et
3318 1739 3480 1795 verba

208 1827 380 1880 πύλαι
410 1825 622 1879 αίὼνιοι
660 1843 675 1859 ο
718 1845 738 1878 I
769 1827 888 1890 καὶ,
912 1846 931 1879 ι
979 1827 1048 1881 Oi
1101 1827 1325 1899 οὑρανοὶ
1376 1828 1692 1899 διηγοῦνται
1717 1843 1732 1858 ·
1768 1848 1786 1879 ι

1897 1834 2196 1903 supponit;
2231 1834 2300 1888 de
2330 1832 2671 1897 inanimatis,
2707 1833 2894 1887 sicut:
2936 1850 2952 1883 ι
2995 1831 3320 1891 Elevamini.
3354 1844 3483 1901 por-

209 1917 305 1974 καὶ
339 1936 359 1969 ι
391 1918 742 1990 Πορευόμενα
771 1917 1047 1990 ἐπορεύθη
1075 1917 1145 1972 τὰ
1176 1919 1313 1986 ξύλα
1344 1935 1359 1949 ’
1394 1938 1413 1971 ι
1450 1919 1546 1973 ἐπὶ
1597 1919 1655 1972 δὲ
1685 1920 1795 1974 τῶν

206 2010 597 2064 ἁνυποστάτων
622 2024 637 2040 ⁶
678 2008 756 2073 ὡς
784 2009 846 2063 τὸ
880 2028 899 2061 ι
932 2008 1263 2081 Δικαιοσύνη
1292 2010 1390 2064 καί¹
1440 2010 1634 2082 εἰρήνη
1660 2028 1797 2064 κατ-ν

208 2101 473 2171 εφίλησαν
502 2115 518 2131 ο
580 2119 601 2152 ι
665 2102 780 2167 καὶ,
823 2118 843 2152 ι
894 2100 1155 2155 Ἐκάλεσε
1198 2101 1299 2171 τὴν
1342 2101 1502 2172 δίκην
1558 2102 1616 2156 ὲν
1664 2102 1799 2173 πυρὶ

207 2194 415 2265 Κύριος
442 2209 459 2226 ο
500 2210 519 2245 I
558 2194 690 2259 καὶ,
719 2212 738 2244 ι
777 2191 1013 2265 Ἐῥριψε
1058 2194 1154 2248 τὸν
1206 2192 1351 2247 λίθον
1397 2194 1478 2257 εἰς
1510 2193 1572 2246 τὸ
1624 2194 1800 2263 στόμα

203 2287 303 2355 τῆς
332 2285 569 2357 ἀνομίας
592 2302 608 2318 θ
653 2304 673 2338 I
701 2287 819 2350 καὶ,
863 2306 881 2337 ι
923 2281 1149 2357 Εἶπενή
1178 2286 1362 2356 σοφία,
1394 2286 1603 2360 Κύριος
1634 2287 1796 2341 ἐκτι-

208 2376 269 2429 σέ
309 2392 405 2444 με·
443 2392 464 2427 I
494 2373 611 2443 καὶ,
645 2391 665 2425 ι
708 2373 852 2441 Ἐγὼ
877 2372 1026 2445 ήμην
1055 2366 1089 2447 ᾖ
1118 2374 1452 2444 προσέχαιρε
1479 2373 1603 2427 καθ’
1660 2373 1796 2445 ήμέ-

208 2481 309 2534 ραν
328 2481 345 2495 ’
390 2483 410 2517 s
436 2465 552 2530 καὶ,
582 2482 603 2515 ι
652 2462 1020 2535 ᾭκοδόμησεν
1050 2465 1218 2536 ἑαυτῇ
1259 2458 1430 2517 οἶκον.
1466 2481 1485 2514 I

1899 1932 1966 1976 ta:
1994 1922 2313 1990 mternales;
2350 1941 2369 1973 ι
2398 1932 2474 1984 et.
2506 1940 2525 1972 ι
2560 1922 2701 1977 lei
2729 1930 3029 1987 enarrant;
3064 1940 3084 1973 ι
3117 1931 3190 1985 et,
3225 1940 3243 1972 ι
3277 1920 3483 1976 Euutcs

1900 2011 2082 2067 ierunt
2115 2014 2285 2083 ligna.
2325 2032 2344 2065 ι
2409 2012 2485 2067 De
2543 2013 2613 2069 iis
2646 2028 2769 2083 qua:
2819 2028 2919 2083 per
2966 2012 3313 2083 excogitandi
3368 2011 3481 2067 vim

1901 2112 2112 2159 tantum
2148 2104 2452 2167 exsistunt,
2496 2104 2684 2160 sicut:
2724 2124 2743 2157 ι
2779 2102 3003 2159 Justitia
3038 2112 3094 2158 et
3127 2119 3228 2173 pax
3258 2102 3479 2156 oscula-

1902 2203 2162 2263 taasunt;
2204 2214 2222 2247 ι
2267 2204 2343 2261 et,
2394 2215 2411 2247 ι
2447 2195 2692 2251 Vocabat
2725 2195 2997 2266 judicium
3045 2194 3111 2247 ad
3164 2193 3341 2262 ignem
3378 2193 3483 2246 Do-

1902 2283 2122 2348 minus;
2166 2302 2184 2336 ι
2220 2293 2296 2351 et,
2335 2301 2356 2336 ι
2395 2283 2545 2339 Misit
2591 2283 2827 2354 lapidem
2876 2283 2931 2337 in
2978 2297 3042 2337 os
3090 2279 3414 2351 impietatis.
3452 2298 3473 2332 ι

1901 2373 1989 2443 Ει,
2040 2393 2060 2427 ι
2100 2376 2247 2431 Dixit
2300 2375 2616 2447 sapientia:
2652 2374 2919 2430 Dominus
2965 2374 3215 2446 possedit
3263 2386 3391 2439 me;
3454 2388 3475 2424 ι

1897 2474 1972 2531 et,
2000 2484 2019 2517 ι
2048 2466 2163 2535 Ego
2196 2482 2347 2522 erant
2375 2466 2464 2522 cui
2487 2465 2859 2521 delectabatur
2882 2480 2978 2535 per
3002 2463 3252 2535 singulos
3275 2462 3427 2527 dies;
3456 2477 3477 2513 ι

204 2570 279 2625 et,
360 2580 381 2613 ι
416 2559 731 2617 Ᾰίιιίίὶωνίι
782 2561 887 2617 sibi
938 2562 1187 2617 domum.
1220 2580 1240 2613 ι
1299 2560 1494 2631 (Psal.
1542 2576 1703 2626 XXIII,
1741 2559 1775 2614 7

1897 2577 2007 2625 Vill.
2070 2563 2140 2635 εἷς
2174 2562 2361 2621 ludio.
2410 2578 2488 2629 IX,
2534 2562 2601 2629 8;
2638 2578 2860 2629 LXXXIV,
2901 2561 3001 2627 H;
3071 2560 3227 2613 Amos
3266 2575 3364 2623 VII,
3406 2558 3478 2623 ις

208 2657 377 2713 ΖαεΙι.
409 2672 463 2723 v,
492 2656 560 2723 8;
593 2654 757 2710 Prov.
790 2669 907 2721 νιιι,
941 2654 1031 2722 12,
1064 2654 1177 2721 22;
1212 2671 1291 2721 IX,
1326 2655 1422 2715 i.)

274 2750 441 2804 Κατὰ
465 2748 868 2820 σχηματισμὸν,
921 2748 1052 2802 ὅταν
1103 2748 1173 2802 τὰ
1219 2746 1361 2801 αὑτὰ
1414 2750 1792 2819 σχηματοποιῇ

205 2841 345 2912 πρὸς
375 2840 475 2911 τὴν
500 2840 610 2894 τῶν
637 2839 982 2910 πραγμάτων
1012 2839 1294 2910 ὑφήγησιν
1319 2853 1335 2869 ο
1362 2838 1438 2904 ὡς
1460 2840 1544 2906 τὸ,
1585 2860 1603 2891 ι
1639 2842 1794 2912 Παρ-

208 2931 342 3000 έστη
410 2932 445 3001 ή
470 2930 771 2999 βασίλισσα
821 2931 886 2983 ὲκ
916 2929 1109 2997 δεξιῶν
1146 2947 1239 2983 σου
1266 2943 1281 2957 ⁸
1322 2949 1341 2981 I
1378 2931 1494 2998 καὶ,
1561 2950 1579 2983 I
1615 2932 1791 2986 Ποτα-

207 3023 302 3094 μοὶ
345 3024 682 3095 κροτήσουσι
710 3023 856 3095 χειρὶ
896 3022 991 3078 ἐπὶ
1016 3022 1079 3076 τὸ
1119 3023 1253 3076 αὑτό
1276 3038 1293 3055 ο
1325 3040 1346 3073 ι
1391 3023 1508 3086 καὶ,
1531 3040 1551 3075 ι
1585 3024 1651 3077 Oi
1699 3038 1798 3095 μα-

206 3114 325 3168 σθοί
358 3132 453 3168 σου
492 3114 927 3186 άνωρθὼοησαν,
969 3115 1067 3171 καὶ
1125 3117 1159 3187 ή
1191 3114 1314 3187 θρίξ
1365 3131 1458 3168 σου
1512 3116 1792 3169 ἀνέτειλε·

207 3206 273 3260 σὺ
322 3205 386 3259 δὲ
411 3202 558 3277 ἦσθα
601 3206 783 3278 γυμνὴ
845 3206 936 3260 καὶ
977 3207 1367 3278 ἀσχημονοῦσα
1392 3222 1408 3240 ⁸
1435 3228 1455 3261 I
1482 3207 1754 3279 μασθοὺς
1778 3224 1792 3238 ’

206 3297 670 3368 καταχρηστικῶς
699 3298 769 3351 τὰ
799 3297 907 3367 ὄρη
938 3297 1194 3366 λέγουσα,
1223 3299 1331 3352 ἀπὸ
1356 3299 1455 3353 τοῦ
1484 3298 1799 3369 σχήματος

203 3389 373 3460 τρίχα
402 3390 481 3453 δὲ,
504 3390 605 3461 τὴν
628 3390 728 3460 τῆς
742 3389 847 3460 γῆς
870 3390 1131 3461 εὐφορίαν
1158 3408 1171 3421 ·
1204 3392 1609 3456 κατασκευάζει
1629 3391 1799 3446 δὲκαὶ

203 3484 314 3539 ἀπὸ
349 3482 697 3557 πραγμάτων
739 3481 1144 3553 σχηματισμὸν,
1179 3482 1255 3547 ὡς
1302 3484 1361 3536 ὲν
1390 3487 1455 3554 τῇ
1520 3485 1663 3539 κατὰ
1705 3484 1797 3538 τὸν

209 3575 490 3645 μακάριον
531 3570 651 3627 Ἰὼϐ
679 3573 936 3626 ὑποθέσει
960 3588 975 3603 ο
1004 3568 1119 3627 οἷον
1146 3573 1229 3639 τὸ,
1267 3593 1287 3627 I
1323 3574 1679 3647 Παραστῆναι
1707 3575 1797 3629 τὸν

202 3668 461 3722 διάϐολον
488 3666 728 3733 ,ἐνώπιον
773 3664 871 3719 τοῦ
901 3663 1065 3719 Θεοῦ.
1107 3683 1128 3717 ι

279 3758 444 3813 Κατὰ
461 3757 816 3828 άλληγορὶαν,
847 3757 978 3811 ὅταν
1005 3757 1074 3810 τὰ
1102 3755 1312 3827 ἄπειρα
1336 3756 1517 3828 πλήθη
1552 3756 1796 3828 συνεχῶς

209 3852 424 3905 Ἵδατα
454 3850 614 3923 λέγῃ,
647 3850 743 3903 καὶ
771 3848 872 3921 τὴν
903 3848 1112 3903 τούτων
1136 3849 1327 3918 ἔφοδον
1354 3849 1760 3920 Κατακλυσμόν
1778 3866 1792 3880 ⁶

205 3946 303 3999 καὶ
341 3945 427 4007 τὸ,
459 3963 479 3998 ι
514 3946 709 3998 Ἔσται
739 3944 815 4008 ὡς
842 3944 904 4000 τὸ
930 3945 1087 4011 ξύλον
1117 3944 1210 4001 τὸν
1274 3945 1687 4017 πεφυτευμένον
1718 3961 1734 3976 ⁶
1771 3963 1791 3997 I

206 4035 353 4090 κο.ὶὸ
391 4035 713 4100 Ἀπόστολος
744 4034 844 4107 τὴν
873 4036 1054 4107 ’Ᾱγαρ
1090 4035 1406 4109 ἀλληγορεῖ.

276 4213 424 4268 Καθ’
454 4212 763 4285 ὑπερϐολὴν
791 4212 928 4286 (Ιθ),
963 4213 1095 4268 ὅταν
1123 4213 1205 4278 είς
1242 4213 1415 4268 πολλὰ
1442 4214 1655 4282 μείζονι
1704 4215 1798 4270 κέ-

206 4325 414 4380 χρηται
436 4305 513 4377 τῷ
533 4308 631 4378 τῆς
651 4306 980 4379 ὑφηγήσεως
1008 4307 1235 4379 μεγέθει
1262 4308 1416 4379 παρὰ
1438 4307 1507 4361 τὰ
1533 4307 1797 4379 γινόμενα

204 4399 242 4472 ἢ
296 4400 599 4472 προσόντα,
624 4399 658 4469 ἢ
690 4399 1019 4470 ἐνδεχόμενα
1043 4414 1058 4429 ⁶
1106 4399 1181 4462 ὡς
1204 4400 1286 4465 τὸ,
1326 4418 1342 4446 σ
1385 4400 1795 4455 Ἀναϐαίνουσιν

1977 2746 2293 2804 Secundum
2325 2746 2614 2816 ﬁguratam
2657 2746 2984 2811 orationem,
3033 2744 3253 2814 quando
3282 2742 3479 2798 eadem

1903 2838 2102 2910 ﬁgurat
2143 2848 2339 2909 praeter
2369 2853 2553 2892 rerum
2586 2838 2983 2901 narrationem,
3015 2836 3194 2891 sicut:
3233 2853 3252 2886 ι
3291 2833 3482 2889 Astitit

1904 2930 2093 3001 regina
2143 2945 2174 2984 a
2222 2930 2435 2984 dextris
2483 2929 2631 2995 tuis;
2671 2948 2690 2981 ι
2740 2935 2814 2993 et,
2866 2946 2884 2979 ι
2923 2926 3176 2981 Flumina
3224 2926 3485 2997 plaudcut

1903 3038 2073 3078 manu
2106 3023 2171 3077 de
2213 3023 2428 3085 eodem,
2470 3039 2489 3073 ι
2542 3030 2617 3086 et,
2672 3040 2691 3073 ι
2726 3020 2909 3076 Ubera
2946 3029 3036 3074 tua
3074 3019 3481 3080 intumuerunt,

1900 3123 1956 3169 et
2001 3114 2143 3185 pilus
2190 3123 2317 3167 tuus
2346 3112 2710 3183 germinavit;
2756 3120 2814 3166 et
2841 3126 2967 3165 eras
3011 3110 3157 3164 nuda
3190 3116 3247 3164 et
3289 3108 3485 3163 confu-

1850 3200 1866 3217 ’
1901 3207 2058 3263 siouc
2088 3204 2243 3275 plena
2277 3222 2289 3261 :
2334 3223 2353 3256 ›
2389 3203 2550 3259 ubera
2580 3220 2675 3273 per
2703 3194 3066 3258 cataclnresitn
3098 3210 3298 3255 montes
3327 3198 3481 3265 dicit,

1900 3312 1931 3352 a
1968 3295 2167 3362 forma,
2199 3296 2366 3364 pilum
2396 3310 2525 3350 vero
2558 3295 2900 3350 fertilitatem
2938 3305 3098 3350 terra:
3126 3312 3139 3347 :
3179 3302 3238 3347 et
3267 3303 3483 3363 parata

1902 3386 2070 3441 rebus
2103 3386 2393 3456 figuratam
2426 3385 2765 3452 orationem,
2798 3386 2947 3442 sicut
2972 3386 3028 3441 in
3056 3394 3383 3454 argumento
3414 3384 3484 3438 du

1901 3481 2059 3536 beato
2088 3477 2212 3540 Job.
2245 3493 2464 3548 nempe,
2508 3497 2526 3529 ι
2569 3478 2831 3533 Astitisse
2862 3476 3031 3532 Satan
3071 3492 3259 3533 coram
3294 3476 3484 3530 Domi-

1899 3591 1991 3629 nu.
2032 3593 2051 3626 ι
2099 3572 2294 3641 (Psal.
2345 3587 2493 3636 XLIv,
2544 3572 2648 3641 10;
2702 3588 2872 3639 XCVII,
2906 3574 2978 3640 8;
3030 3571 3223 3626 Exerit.
3258 3586 3376 3635 XVI,
3414 3569 3483 3637 7;

1897 3665 2001 3721 Job
2039 3682 2078 3729 I,
2111 3664 2208 3735 6.)

1932 3806 1935 3807 ν
1971 3758 2287 3813 Secundum
2311 3756 2630 3826 allegoriam
2653 3797 2669 3822 ,
2700 3756 2924 3826 quando
2957 3755 3202 3811 inﬁnitas
3230 3753 3486 3809 multitu-

1898 3850 2058 3905 dines
2090 3858 2354 3919 perpetuo
2392 3862 2567 3918 aquas
2593 3858 2751 3903 vocat
2775 3888 2790 3911 ,
2836 3857 2892 3901 ct
2936 3847 3131 3901 borqu
3190 3844 3482 3899 transitum

1899 3939 2360 3995 inundationem:
2392 3950 2448 3995 et
2469 3978 2485 4003 ,
2527 3957 2546 3990 ι
2581 3938 2699 3993 Erit
2730 3940 2876 3994 sicut
2908 3939 3115 4009 lignum
3155 3937 3301 4005 quod
3328 3937 3484 4005 plans

1898 4038 2075 4087 tatum
2122 4038 2226 4086 est.
2260 4049 2280 4082 ι
2348 4029 2415 4084 Et
2478 4029 2778 4099 Apostolus
2821 4030 2969 4098 Agar
3030 4043 3127 4097 per
3163 4025 3483 4097 allegoriam

1898 4123 2057 4179 citat.
2085 4124 2103 4194 (
2131 4120 2284 4176 Psal.
2322 4139 2377 4187 I,
2418 4124 2480 4187 3;
2515 4120 2696 4176 Galat.
2739 4136 2813 4186 Iv,
2843 4119 2960 4191 24.)

1971 4213 2288 4270 Secundum
2328 4213 2667 4284 hyperbolen
2708 4211 2932 4282 quando
2975 4209 3029 4265 in
3064 4208 3255 4263 multis
3288 4206 3483 4277 majori

1896 4308 2069 4365 utitur
2113 4323 2228 4380 prae
2276 4307 2614 4362 narrationis
2674 4305 2947 4377 gravitate
2998 4319 3099 4374 pro
3153 4301 3314 4358 factis
3366 4301 3486 4357 sive

1897 4402 2326 4467 excedentibus,
2374 4400 2492 4455 sive
2536 4398 2935 4469 possibilibus;
2982 4398 3171 4452 sicut:
3208 4414 3228 4448 ι
3269 4394 3484 4450 Ascen-

204 4491 315 4557 ιως
347 4492 461 4545 τῶν
493 4492 743 4563 οὐρανῶν
777 4508 793 4525 ⁸
836 4493 967 4563 περὶ
993 4492 1103 4547 τῶν
1130 4492 1595 4564 ναυτιλλομένωνο
1633 4513 1653 4547 ι
1677 4496 1792 4561 καὶ,

1901 4496 2038 4551 dunt
2065 4510 2241 4565 usque
2268 4493 2337 4549 ad
2368 4492 2560 4557 ctelos,
2590 4491 2658 4547 de
2686 4489 3151 4562 navigantibusp
3184 4496 3240 4544 et
3263 4525 3281 4553 ,
3327 4507 3346 4539 ι
3377 4483 3484 4541 Ve-

210 4603 231 4636 r
264 4586 418 4657 Πλὴν
451 4587 477 4639 ὁ
507 4585 640 4649 Θεὸς
673 4585 966 4639 συνθλάσει
1015 4584 1259 4655 κεφαλὰς
1286 4586 1500 4659 ὲχθρῶν
1535 4587 1701 4642 αὑτοῦ
1722 4606 1736 4620 ·
1768 4609 1787 4642 I

204 4678 329 4743 καὶ,
365 4696 385 4729 ι
421 4677 613 4732 Δούσω
642 4677 768 4732 καθ’
799 4678 1038 4750 ἑκάστην
1055 4677 1226 4732 νύκτα
1253 4678 1353 4750 τήν
1375 4679 1563 4750 κλίνην
1598 4698 1700 4751 μου
1722 4698 1738 4713 θ
1767 4702 1787 4736 I

205 4769 325 4834 καὶ,
370 4787 389 4821 ι
423 4768 505 4821 Τὰ
528 4768 631 4839 ὅρη
661 4769 996 4841 ἐσκίρτησαν
1025 4769 1157 4823 ὡσεὶ
1204 4769 1389 4840 κριοί·
1422 4788 1445 4823 δ
1479 4772 1595 4837 καὶ,
1632 4790 1650 4823 ι
1710 4771 1793 4827 Τὰ

206 4860 345 4925 ξύλα
384 4860 478 4914 τοῦ
516 4859 692 4933 ἀγροῦ
756 4863 1121 4934 ἑπικροτήσει
1159 4865 1271 4927 τοῖς
1303 4863 1552 4929 κλάδοις⁹
1598 4882 1619 4918 ι
1672 4867 1791 4931 καὶ,

209 4975 229 5007 ι
265 4953 669 5026 Εὐκοπώτερον
704 4955 822 5009 ἐστι
863 4957 1145 5027 κάμηλονσ
1183 4956 1313 5009 »καὶ
1342 4956 1469 5025 περὶ
1505 4956 1606 5025 τῆς
1629 4957 1790 5029 ἀκρί-

200 5048 317 5112 δος,
352 5046 480 5101 Ὀτι
512 5046 665 5111 ἔθνος
708 5047 879 5116 ἀνέϐη
906 5048 1000 5100 ἐπὶ
1028 5046 1126 5118 τὴν
1159 5046 1262 5117 γῆν
1294 5064 1396 5117 μου
1448 5049 1689 5119 ἰσχυρὸν,
1741 5050 1793 5103 oi

203 5140 424 5204 ὀδόντες
454 5137 621 5193 αὑτοῦ
643 5140 857 5203 ὀδόντες
886 5140 1101 5203 λέοντος
1126 5154 1142 5169 ·
1185 5158 1204 5192 I
1274 5138 1395 5204 καὶ,
1452 5157 1472 5191 ι
1522 5142 1790 5211 Ἀπηλλοο

202 5231 525 5303 τριώθησαν
549 5232 600 5285 οἱ
630 5231 951 5303 ἁμαρτωλοὶ
980 5232 1090 5287 ἀπὸ
1122 5233 1342 5303 μήτρας
1368 5246 1382 5261 ⁸
1433 5248 1453 5283 ι
1492 5234 1606 5299 καὶ,
1649 5251 1667 5285 I
1698 5233 1791 5306 Μὴ

204 5322 410 5391 γνώτω
460 5323 494 5393 ἠ
523 5323 791 5393 ἀριστερά
820 5339 914 5377 σου
944 5322 998 5376 τί
1032 5325 1235 5393 ποιεῖή
1259 5320 1411 5388 δεξιά
1449 5341 1543 5377 σου
1569 5342 1583 5356 ο
1624 5344 1643 5377 ι
1676 5326 1793 5389 καὶ,

210 5433 231 5466 α
266 5416 333 5468 Εἰ
363 5416 394 5469 ὁ
422 5414 704 5486 οφθαλμὸς
732 5417 762 5470 ὁ
793 5414 969 5482 δεξιὸς
995 5415 1346 5481 σκανδαλίζει
1394 5434 1477 5481 σε,
1516 5417 1667 5486 ἔξελε
1696 5419 1797 5476 αὑ·

202 5505 335 5565 τόγ’
374 5526 395 5559 ι
430 5506 548 5573 καὶ,
585 5526 604 5561 ι
638 5506 767 5563 Ἐὰν
798 5506 959 5579 ὑμεῖς
991 5510 1329 5581 σιωπήσητε,
1363 5510 1568 5566 οῑλίθοι
1592 5513 1796 5584 κεκρά-

1902 4595 2210 4641 rumtamen
2241 4583 2384 4640 Deus
2409 4583 2718 4655 confringet
2772 4582 2950 4653 capita
2983 4581 3334 4637 inimicorum
3360 4593 3488 4636 suo-

1900 4692 2061 4743 rum;
2092 4697 2111 4729 ι
2160 4686 2255 4744 et,
2305 4695 2323 4729 ι
2359 4675 2579 4732 Lavabo
2622 4691 2718 4746 per
2751 4674 3006 4745 singulas
3050 4683 3243 4729 noctes
3280 4674 3484 4728 lectum

1900 4786 2105 4837 meum,
2136 4789 2155 4822 ι
2190 4779 2265 4831 et.
2290 4787 2308 4822 ι
2333 4767 2548 4825 Montes
2568 4768 2989 4825 exsultaverunt
3016 4778 3077 4822 ut
3106 4767 3331 4829 arietes,
3358 4782 3377 4817 ι
3406 4772 3482 4828 et,

1904 4883 1922 4917 ι
1945 4864 2114 4934 Ligna
2145 4862 2384 4933 regionis
2411 4862 2673 4932 plaudent
2703 4861 2897 4924 ramis,
2925 4878 2943 4912 ι
2980 4867 3055 4924 ct,
3092 4877 3111 4909 ι
3139 4858 3374 4912 Facilius
3400 4866 3486 4911 est

1895 4957 2200 5022 camelum;
2251 4974 2270 5008 ι
2332 4964 2387 5010 et
2419 4957 2485 5010 de
2531 4955 2781 5018 locusta,
2823 4971 2842 5004 ι
2874 4951 3014 5019 Quia
3062 4965 3195 5020 gens
3233 4947 3485 5004 accendit

1895 5064 2062 5120 super
2086 5056 2287 5103 terram
2318 5062 2496 5100 meam
2521 5086 2537 5111 ,
2581 5044 2741 5100 fortis
2763 5083 2779 5107 .
2811 5044 3005 5098 dentes
3036 5041 3157 5112 ejus
3198 5050 3259 5096 ut
3287 5040 3484 5095 dentes

1897 5143 2112 5207 leonis;
2139 5160 2157 5194 ι
2199 5150 2291 5203 et,
2332 5158 2351 5191 ι
2381 5138 2617 5193 Alienati
2649 5145 2779 5194 sunt
2823 5143 3142 5206 peccatores
3181 5149 3213 5189 a
3241 5134 3423 5190 vulva.
3457 5152 3477 5186 ι

1899 5235 1991 5299 Ει,
2024 5254 2043 5288 ι
2072 5232 2289 5289 Nesciat
2317 5231 2542 5287 sinistra
2575 5240 2667 5285 tua
2697 5231 2830 5301 quid
2866 5229 3268 5286 faciatdextera
3296 5238 3426 5294 tua;
3457 5245 3479 5280 ι

1900 5338 1981 5394 et,
2021 5345 2047 5380 ἰ
2082 5326 2139 5382 Si
2181 5324 2377 5381 oculus
2425 5330 2554 5379 tuus
2591 5324 2783 5379 dexter
2826 5322 3161 5381 scandalizat
3209 5331 3301 5387 te,
3349 5334 3484 5376 erue

1899 5435 2060 5486 eum;
2091 5437 2112 5472 ι
2134 5426 2210 5483 et,
2248 5435 2267 5468 ι
2291 5416 2346 5472 Si
2372 5430 2473 5471 vos
2504 5417 2808 5484 tacueritis,
2842 5416 3048 5487 lapides
3070 5414 3427 5481 clamabunt;
3457 5431 3478 5465 ι

1901 5521 1977 5579 et,
2012 5530 2030 5564 ι
2056 5511 2171 5567 lota
2214 5524 2387 5566 unum
2435 5517 2532 5566 aut
2574 5526 2719 5567 unus
2752 5526 2927 5584 apex;
2964 5529 2984 5565 ι
3013 5516 3103 5581 et,
3140 5527 3160 5561 ι
3188 5507 3398 5566 Οωίυιη
3428 5513 3485 5563 ct

1378 5668 1603 5727 DAVID.
1629 5668 2043 5744 [IICESCHELII
2090 5669 2328 5728 NOTAE.

293 5774 411 5843 (10)
456 5774 600 5835 Καθ’
648 5778 1016 5850 ὑπερϐολήν.
1054 5778 1130 5839 De
1160 5780 1264 5839 hac
1313 5783 1428 5856 agit
1478 5786 1623 5845 idem
1669 5789 1792 5859 Aug

1897 5790 2090 5862 xposit.
2125 5802 2250 5861 cap.
2287 5787 2386 5846 ult.
2420 5786 2627 5860 Evang.
2658 5784 2818 5844 Joan.

3334 346 3578 427 1306.
