4098 6556
461 821 479 919 ἱ

558 375 693 438 1307

2042 376 2335 447 ADRIAN
2344 385 2369 446 Ι

3703 383 3857 449 1⁸308

553 498 702 545 terra
726 485 1060 541 transibunt.
1087 504 1106 539 ι
1143 486 1316 556 (Ρεαι.
1345 503 1458 555 etv,
1486 487 1584 555 26;
1621 501 1790 556 van,
1817 489 1922 555 2‘2;
1958 506 2033 558 vi,
2066 494 2138 560 7;

2269 513 2462 558 ,ονταιο
2506 496 2667 561 ικαὶ,
2699 515 2718 548 ι
2768 496 2922 550 ’ἰῶτα
2975 494 3071 561 ἓν,
3123 493 3158 565 ἦ
3214 493 3312 566 μία
3367 495 3603 569 περιιία⁹
3647 514 3665 547 ι
3728 500 3857 551 καὶ.

553 598 710 645 ultr.
745 579 815 647 4;
852 579 969 634 Ιεα.
998 596 1086 645 Lv,
1120 581 1216 648 l2;
1257 581 1452 637 Matth.
1485 598 1580 636 χιι
1604 623 1620 647 ,
1650 582 1761 644 εις
1801 581 1939 638 Joel.
1970 602 2011 650 ι,
2046 586 2153 651 l6;

558 671 712 727 l’aal.
758 686 864 725 Lvn
890 710 907 734 ,
954 672 1025 734 ὃς
1068 671 1266 725 Matth.
1303 689 1390 734 γι,
1427 674 1500 739 5;
1538 671 1735 726 Matth.
1778 688 1844 739 v,
1873 674 1980 743 29;
2021 674 2151 729 Luc.

559 775 673 825 xu,
706 761 813 826 40;
853 758 1052 813 Matth.
1087 777 1139 828 v,
1168 761 1271 828 l8;
1306 777 1419 829 xlv,
1452 761 1585 833 35.)

627 852 942 908 Secundum
981 852 1433 923 obiurgationem
1461 897 1476 921 ,
1509 855 1731 926 quando
1781 856 1851 912 de
1901 857 2154 913 inimico-

558 958 681 999 rum
714 943 983 1000 dedecore
1014 944 1148 1000 dicit
1185 963 1200 1000 :
1233 965 1252 997 ι
1287 945 1468 1018 Euge,
1517 963 1677 1019 euge,
1709 948 1968 1004 viderunt
2011 947 2155 1005 oculi

562 1038 773 1102 nostri;
804 1054 823 1088 ι
865 1046 959 1102 et,
999 1055 1019 1089 ι
1047 1038 1217 1091 Sume
1256 1038 1553 1105 citharam,
1590 1039 1783 1101 circui.
1815 1041 1953 1095 bene
1984 1056 2153 1109 cane;

558 1125 759 1178 etenim
786 1139 954 1181 naves
987 1141 1094 1180 non
1130 1127 1370 1197 amplius
1404 1130 1631 1184 veniunt
1681 1146 1713 1186 e
1745 1130 1930 1203 Tyro;
1962 1133 2158 1189 civitas

561 1217 816 1285 speciosa
852 1226 907 1270 et
941 1228 1094 1285 grata
1134 1228 1188 1274 et
1225 1219 1298 1273 du
1313 1236 1447 1276 cens
1477 1232 1778 1293 unguenta.
1830 1223 1888 1278 In
1926 1224 2158 1279 Domino

562 1322 671 1361 non
698 1316 782 1362 est
808 1309 1052 1376 conlisa;
1084 1329 1101 1360 ι
1134 1318 1224 1375 οι,
1256 1329 1275 1363 ι
1316 1311 1642 1382 Prophetisa
1674 1314 1835 1369 nobis
1858 1354 1873 1379 ,
1907 1315 2153 1383 Christe,

565 1401 695 1469 quis
729 1410 813 1456 est
839 1401 934 1473 qui
964 1409 1018 1458 te
1045 1404 1343 1472 percussit.
1373 1424 1392 1458 ι
1429 1404 1604 1476 (Paul.
1649 1422 1815 1461 xxxtv
1842 1447 1858 1473 ,
1896 1408 2000 1475 εἰς
2043 1408 2154 1464 Im.

563 1508 721 1555 ιιιιιιι,
750 1491 817 1547 ιο
841 1504 895 1547 et
926 1494 1021 1561 10;
1061 1494 1272 1558 Nalmm
1300 1512 1361 1552 ιιι
1402 1536 1420 1565 ,
1443 1497 1512 1567 ις
1548 1497 1715 1569 Saph.
1745 1515 1839 1566 ιιι,
1863 1501 1931 1568 3;
1961 1499 2155 1557 Matth.

572 1603 728 1651 xxvn,
761 1587 852 1642 68.

641 1679 953 1736 Secundum
993 1680 1255 1745 ironiam,
1286 1682 1512 1752 quando
1546 1681 1810 1738 vilitatem
1836 1698 1936 1754 per
1963 1684 2159 1741 laudes

568 1770 781 1836 irridet,
805 1774 985 1827 sicut:
1022 1790 1043 1825 ι
1070 1775 1411 1845 Congregate
1438 1775 1517 1829 illi
1555 1787 1779 1831 sanctos
1815 1776 1961 1846 ejus.
1990 1794 2008 1828 ι
2053 1776 2155 1845 Ει,

2261 606 2280 642 t
2316 591 2379 644 Οί
2411 588 2632 662 ούρανοί⁵
2666 589 2761 643 καὶ
2792 588 2826 659 ή
2862 588 2933 658 γῆ
2966 585 3418 658 παρελεύσονται.
3450 606 3469 638 ι

2328 856 2464 911 Κατ’
2496 855 2901 927 ἐπιτωθασμδν,
2953 857 3087 910 ὅταν
3138 856 3233 910 ἐπὶ
3288 857 3406 919 ταῖς
3458 855 3572 909 τῶν
3626 854 3855 926 ἐχθρῶν

2255 948 2545 1018 αἰσχύναις
2573 948 2729 1022 λέγῃ,
2775 968 2794 1002 ι
2832 944 2998 1017 Εὖγε,
3049 943 3199 1017 εὖγε,
3260 943 3401 1001 εἶδον
3454 949 3505 1001 οἰ
3566 947 3854 1017 ὀφθαλμοὶ

2255 1040 2413 1111 ἡμῶν
2442 1057 2457 1072 ·
2498 1059 2516 1092 ι
2566 1042 2681 1104 καὶ,
2730 1058 2749 1092 ι
2785 1039 2933 1095 Λάϐε
2988 1039 3242 1109 κιθάραν,
3291 1039 3621 1111 ρἐσευσον,
3660 1038 3852 1100 καλῶς

2256 1133 2538 1203 κιθάρισον
2566 1148 2581 1162 °
2619 1132 2731 1186 Καὶ
2759 1130 2868 1203 γὰρ
2894 1131 3056 1185 πλοῖα
3075 1133 3176 1185 ούκ
3206 1131 3288 1185 ἔτι
3314 1132 3568 1202 ἔρχονται
3590 1133 3658 1185 ἐκ
3686 1132 3850 1201 Καρο

2256 1223 2507 1294 χηδόνος·
2545 1224 2705 1289 Πόλις
2735 1224 2879 1294 καλὴ
2921 1223 3037 1289 (Η)
3071 1224 3169 1277 καὶ
3216 1222 3497 1294 ἐπίχαρις,
3552 1223 3849 1294 ἡγουμένη

2258 1314 2572 1385 φαρμάκων
2594 1328 2610 1344 ⁸
2659 1314 2784 1367 Ἐπὶ
2831 1314 2911 1383 τῷ
2938 1313 3145 1383 Κυρίῳ
3175 1312 3278 1365 οὐκ
3307 1310 3589 1365 ἐπεποίθει
3608 1328 3622 1341 ο
3664 1332 3683 1363 ι
3718 1312 3849 1373 καὶ,

2263 1426 2282 1458 ι
2337 1406 2727 1476 Προφήτευσον
2780 1406 2936 1477 ἡμῖν,
3008 1404 3239 1475 Χριστὲ,
3277 1404 3363 1467 τίς
3415 1405 3566 1457 ἐστιν
3623 1404 3656 1457 ὁ
3706 1402 3853 1456 παί-

2259 1516 2358 1561 σας
2398 1515 2487 1564 σε;
2520 1516 2539 1551 ι

2329 1681 2490 1735 Κατά
2522 1681 2828 1753 εἰρωνείαν,
2854 1680 2984 1734 ὅταν
3011 1680 3113 1750 τὴν
3138 1678 3417 1733 εὐτέλειαν
3481 1678 3549 1732 δι’
3596 1677 3857 1732 ἐπαίνων

2262 1773 2491 1845 σκώπτῃ
2517 1791 2531 1805 ’
2567 1774 2643 1836 ὡς
2691 1772 2772 1838 τὸ,
2808 1792 2827 1825 t
2868 1772 3222 1841 Συναγάγετε
3276 1770 3425 1841 αύτῷ
3476 1770 3603 1833 τοὺς
3656 1770 3857 1829 ὁσίους

572 1879 592 1913 ι
627 1860 765 1917 Vitis
801 1861 1060 1920 frondosa
1089 1863 1434 1936 Jerusalem},
1482 1885 1503 1918 ι
1536 1874 1612 1933 et,
1646 1884 1666 1919 ι
1695 1865 1798 1922 Ubi
1833 1876 1921 1923 est
1948 1869 2161 1923 habita-

2269 1866 2426 1921 αὐτοῦ
2452 1882 2467 1898 ο
2498 1884 2516 1917 ι
2550 1864 2664 1931 καὶ,
2696 1883 2715 1917 ι
2755 1865 3036 1935 ’Δμπελος
3091 1861 3516 1936 εύκληματούσα
3566 1861 3859 1933 Ίερουσαυ

566 1953 752 2009 culum
782 1954 997 2011 leonum
1024 1965 1078 2011 et
1100 1956 1321 2013 catulus
1347 1956 1567 2013 leonis?
1604 1976 1623 2009 ι
1673 1968 1761 2024 et,
1800 1978 1819 2011 ι
1849 1959 2082 2029 Aspides
2107 1970 2162 2015 et

2269 1957 2376 2029 λήμ
2402 1974 2416 1988 ο
2454 1976 2473 2009 ι
2510 1956 2623 2022 καὶ,
2665 1974 2684 2007 ι
2731 1954 2840 2009 1ιοῦ
2874 1957 2993 2009 ἐστι
3012 1954 3074 2008 τὸ
3102 1954 3529 2025 κατοικητήριον
3554 1952 3662 2007 τῶν
3690 1952 3855 2005 λεὸνο

567 2045 852 2114 progenies
884 2047 1136 2116 aspidum
1166 2049 1233 2104 ad
1266 2049 1555 2121 Egyptios
1588 2053 1983 2119 accurrebant;
2010 2071 2028 2103 ι
2052 2061 2107 2108 et
2127 2092 2143 2118 ,

2269 2066 2393 2115 των,
2423 2047 2519 2102 καὶ
2547 2047 2789 2118 σκύμνος
2805 2047 3054 2113 λέοντοςς
3090 2065 3109 2099 ι
3140 2047 3260 2110 καὶ,
3296 2064 3316 2099 ι
3356 2045 3612 2107 Ἀσπίδες
3639 2046 3735 2098 καὶ
3754 2045 3857 2109 ἐγο

572 2151 592 2185 ι
624 2135 875 2193 lnl'ernns
924 2139 1115 2193 subter
1172 2142 1367 2195 annuit
1416 2141 1471 2195 in
1525 2157 1831 2198 occursum
1893 2141 2163 2198 adventus

2269 2163 2396 2216 γονα
2448 2145 2696 2200 ἀσπίδων
2748 2143 3076 2213 Αἰγυπτίοις
3159 2141 3586 2214 προσέδραμονο
3651 2157 3670 2190 ι
3728 2139 3854 2204 καὶ,

568 2226 678 2293 tui;
710 2245 728 2277 ι
777 2240 866 2290 et,
914 2247 933 2279 ‹
973 2227 1305 2285 Vulneratus
1344 2246 1406 2285 es
1447 2232 1627 2298 sicut;
1660 2250 1679 2283 ι
1729 2242 1813 2297 et,
1864 2251 1883 2285 ι
1917 2232 2164 2289 Detracta

2269 2257 2288 2290 ι
2310 2238 2367 2291 '0
2394 2236 2529 2308 ᾅδης
2548 2235 2794 2289 κάτωθεν
2827 2234 3132 2307 ἐπικράνθη
3151 2235 3491 2303 συναντήσας
3533 2246 3645 2285 σοι’
3682 2249 3701 2282 ι
3730 2231 3852 2293 καὶ,

567 2327 654 2373 cst
689 2320 997 2377 adinl‘cros
1031 2324 1289 2390 superbia
1335 2333 1449 2389 tua,
1481 2327 1674 2382 subter
1705 2332 1758 2381 te
1787 2334 2037 2382 sterncnt
2062 2343 2164 2398 pu-

571 2412 857 2468 tredincm.
885 2433 904 2467 ι
935 2414 1112 2484 (Paul.
1145 2433 1292 2482 mx,
1323 2418 1396 2485 5;
1426 2418 1558 2474 Osee
1605 2435 1635 2473 x
1658 2460 1673 2485 ,
1707 2420 1733 2472 1
1759 2437 1775 2488 ;
1818 2418 2039 2473 Naltum
2084 2436 2122 2476 ιι
2148 2466 2165 2494 ,

573 2501 673 2570 ll;
708 2500 827 2558 Ita.
861 2520 990 2571 xxx,
1025 2506 1100 2573 6;
1139 2522 1251 2572 xw,
1285 2506 1465 2573 9,10,
1508 2509 1631 2573 ll.)

644 2596 962 2652 Secundum
994 2599 1306 2655 aculeatutn
1335 2601 1573 2667 dictum,
1607 2602 1834 2672 quando
1864 2618 1977 2674 prie
2002 2602 2167 2656 nimia

572 2688 780 2743 vilitate
810 2690 1035 2745 laudare
1062 2692 1182 2746 vult
1205 2734 1220 2758 ,
1257 2693 1433 2747 sicut:
1472 2710 1491 2744 ι
1529 2693 1643 2763 Ego
1668 2703 1853 2749 autem
1890 2710 2012 2750 sum
2045 2711 2168 2749 ver-

573 2781 681 2835 mis
706 2790 761 2836 ct
788 2798 896 2837 non
927 2784 1092 2837 homo
1117 2802 1132 2851 ;
1165 2803 1183 2835 ι
1224 2794 1299 2847 et,
1330 2804 1349 2837 ι
1379 2784 1552 2840 Avem
1578 2788 1956 2857 persequeris,
1988 2788 2122 2841 rex?
2145 2806 2162 2838 ι

579 2888 600 2923 ι
650 2871 887 2926 Pulicem
936 2889 1106 2927 unum
1163 2883 1218 2927 et
1267 2889 1459 2928 canem
1518 2882 1844 2939 mortuum,
1899 2892 1917 2927 ι
1977 2884 2032 2929 ct
2095 2875 2171 2930 si-

574 2963 746 3019 milia.
784 2963 959 3033 (Psal.
991 2981 1102 3031 tm,
1136 2965 1200 3031 7;
1244 2965 1418 3037 lReg.
1451 2982 1600 3032 xxw,
1635 2967 1749 3036 15.)

646 3056 959 3112 Secundum
989 3060 1220 3129 aenigma
1248 3098 1265 3125 ,
1304 3059 1527 3130 quando
1562 3060 2046 3117 disconvenienter
2085 3061 2171 3115 Ιιίρ

2272 2348 2291 2381 ι
2340 2327 2546 2392 Ἐάλως
2572 2327 2764 2397 ὥσπερ
2790 2341 2808 2357 ο
2856 2344 2875 2378 ι
2909 2326 3025 2390 καὶ,
3065 2343 3084 2377 ι
3128 2323 3355 2393 Κατέϐη
3386 2325 3467 2387 εἰς
3506 2322 3635 2393 ᾅδου
3674 2324 3710 2393 ὴ
3757 2320 3855 2375 δύο

2267 2420 2334 2487 ξα
2364 2437 2459 2474 σου
2478 2436 2492 2451 ο
2528 2420 2789 2474 ὑποκάτω
2816 2434 2909 2471 σου
2936 2417 3243 2489 στρώσουσι
3271 2415 3456 2489 σῆψιν.
3494 2433 3512 2466 ι

2339 2597 2497 2652 Κατά
2525 2595 2871 2667 σαρκασμδν,
2908 2595 3040 2649 ὅταν
3087 2593 3180 2647 διὰ
3219 2593 3322 2662 τῆς
3364 2594 3510 2661 ἄγαν
3571 2592 3856 2654 εὐτελείας

2269 2693 2514 2746 ἐπαινεῖν
2537 2690 2749 2743 ἐθέλοι·
2780 2688 2857 2752 ὡς
2885 2688 2966 2755 τὸ,
2995 2705 3015 2740 ι
3060 2686 3203 2756 Ἑγώ
3257 2687 3377 2756 εἰμι
3442 2685 3687 2755 σκώληξ,
3760 2685 3859 2737 καὶ

2269 2790 2369 2842 ούκ
2405 2785 2692 2857 ἄνθρωπος
2725 2799 2740 2812 °
2773 2802 2792 2836 ι
2818 2783 2933 2849 καὶ,
2964 2801 2984 2835 ι
3028 2781 3239 2835 Ὀπίσω
3278 2780 3426 2844 τίνος
3478 2762 3726 2841 διώκεις,
3753 2778 3857 2846 βα-

2272 2881 2421 2935 σιλεῦ
2442 2898 2456 2945 ;
2481 2880 2657 2932 ὀπίσω
2681 2878 2800 2941 ἐνὸς
2827 2876 3053 2947 ψύλλου,
3088 2874 3186 2930 καὶ
3212 2872 3387 2928 ὀπίσω
3444 2874 3608 2936 κυνὸς
3656 2872 3858 2941 τεθνη-

2154 3020 2159 3025 .
2272 2972 2428 3033 κότος
2455 2986 2469 3000 ·
2514 2988 2533 3022 ι
2570 2969 2665 3021 καὶ
2710 2969 2813 3022 ὅσα
2842 2968 3027 3038 ὅμοια.

2343 3061 2501 3116 Κοιτὰ
2531 3060 2787 3131 αἴνιγμα,
2839 3061 2969 3114 ὅταν
3023 3057 3373 3128 ἀσυμφώνως
3427 3055 3748 3109 ὑποτίθεται
3795 3054 3863 3107 τὸ

575 3149 799 3203 storiam
827 3151 1072 3221 exponit,
1107 3151 1289 3206 sicut:
1329 3172 1348 3203 ι
1381 3153 1683 3218 Argentum
1722 3162 1964 3209 vestrum
1990 3154 2164 3208 scoria

2275 3154 2525 3224 διήγημα
2553 3170 2568 3183 '
2602 3150 2736 3218 οἷον,
2762 3172 2780 3204 ι
2815 3152 2891 3206 Τδ
2930 3152 3193 3223 ἀργύριον
3258 3150 3411 3220 ὑμῶν
3449 3147 3739 3218 ἀδόκιμον.
3808 3148 3862 3199 οἰ

579 3237 833 3303 ntlstum;
861 3239 1231 3308 negotiatores
1256 3245 1335 3295 tui
1362 3242 1546 3296 vinum
1568 3258 1713 3314 aqua
1737 3244 2114 3305 miscuerunt;
2147 3262 2164 3295 ι

2276 3246 2512 3317 κάπηλοί
2542 3263 2635 3299 σου
2670 3245 2928 3315 μίσγουσι
2960 3245 3051 3297 τὸν
3088 3240 3234 3297 οἶνον
3264 3241 3417 3295 ὕδατι
3450 3259 3465 3272 ο
3516 3260 3535 3293 ι
3572 3241 3691 3303 καὶ,
3724 3256 3743 3290 t
3771 3236 3863 3292 Εἶ-

578 3336 666 3393 ct,
701 3345 720 3379 ι
753 3327 847 3381 Dic
882 3329 1036 3382 omni
1086 3329 1339 3396 volucri,
1381 3334 1713 3401 cunctisque
1747 3334 1941 3388 bestiis
1963 3334 2114 3405 agri;
2146 3352 2165 3385 ι

579 3426 673 3480 ct,
711 3436 730 3468 ι
756 3416 953 3473 Mittite
994 3418 1190 3473 falcem
1236 3422 1500 3488 quoniam
1533 3421 1711 3475 adfuit
1744 3421 1981 3477 messis:
2014 3440 2033 3472 ι
2082 3431 2171 3485 et.

589 3528 610 3561 ι
632 3507 752 3563 Jam
781 3509 997 3565 securis
1015 3510 1081 3564 ad
1107 3511 1343 3567 radicem
1368 3513 1628 3567 arborum
1659 3515 1838 3582 posita
1864 3523 1968 3568 est.
1986 3533 2003 3565 ι
2031 3512 2170 3583 (lsa.

583 3616 640 3669 ι,
683 3600 801 3667 22;
850 3600 1289 3670 Ezech.xxx1x,
1350 3605 1453 3673 l7;
1529 3604 1650 3660 Joel
1706 3622 1809 3671 ιιι,
1873 3607 1980 3674 ἰός
2043 3606 2171 3661 Luc.

586 3706 689 3756 ιιι,
720 3693 819 3763 9.)

661 3783 981 3839 Secundum
1022 3784 1203 3841 minas
1228 3824 1244 3848 ,
1274 3785 1511 3857 ;quando
1548 3786 1791 3841 minatur
1831 3786 1991 3856 jussu
2036 3788 2175 3856 Dei,

588 3876 774 3933 sicut:
814 3895 834 3929 ι
867 3877 985 3932 Nisi
1021 3877 1274 3933 conversi
1314 3876 1564 3944 l'neritis,
1604 3878 1841 3949 gladium
1888 3894 2050 3934 suum
2094 3880 2177 3935 vi-

591 3969 772 4024 brabit
806 3986 821 4034 ;
860 3989 879 4023 ι
924 3980 1009 4037 et,
1058 3989 1077 4022 ι
1114 3969 1301 4025 Facite
1349 3971 1587 4024 fructum
1638 3971 1865 4040 dignum
1903 3972 2177 4041 paeniten-

590 4063 678 4118 tize
715 4080 743 4131 ;
772 4082 791 4116 ι
835 4078 930 4129 et,
966 4083 986 4115 ι
1019 4062 1094 4117 Ibi
1144 4064 1253 4119 erit
1300 4062 1459 4120 ﬂetus
1500 4072 1556 4119 et
1600 4065 1806 4119 stridor
1850 4064 2117 4120 dentium.
2152 4085 2171 4119 ι

591 4155 778 4228 (Ρεαι.
805 4174 901 4224 vn,
930 4158 1037 4225 13;
1071 4157 1268 4213 Matth.
1299 4174 1381 4223 ιιι,
1415 4159 1483 4224 8;
1515 4172 1659 4225 xxtt,
1690 4157 1822 4227 l3.)

665 4249 983 4306 Secundum
1016 4250 1440 4321 explicationem
1462 4292 1479 4316 ,
1510 4250 1734 4320 quando
1763 4249 1971 4319 absque
2012 4264 2179 4305 causa

592 4345 820 4414 speciali
872 4346 1145 4401 bonorum
1192 4355 1245 4400 et
1293 4344 1563 4399 malorum
1616 4330 1876 4400 eventum
1944 4342 2174 4408 delinit,

594 4437 968 4504 captivitatem
1008 4447 1062 4492 et
1096 4438 1356 4493 reditum.

2276 3354 2377 3391 πον
2417 3337 2580 3391 παντὶ
2622 3336 2792 3407 ὀρνέῳ
2844 3337 2939 3389 καὶ
2983 3335 3121 3389 πᾶσι
3174 3336 3289 3397 τοῖς
3353 3332 3603 3405 θηρίοιςο
3654 3351 3675 3383 ι
3731 3334 3857 3393 κα“,

2292 3449 2309 3481 ι
2366 3429 2820 3496 Ἐξαποστείλατε
2876 3426 3142 3498 δρέπανα,
3173 3425 3258 3478 ὃτι
3302 3423 3651 3493 παρέστηκεν
3674 3424 3704 3474 ὁ
3731 3439 3863 3491 τρυ-

2275 3520 2440 3592 γητός
2466 3534 2482 3550 ·
2522 3520 2637 3584 καὶ,
2668 3536 2687 3570 ι
2742 3518 2874 3573 Ἰδοὺ
2916 3519 2951 3588 ἠ
2985 3516 3141 3588 ἀξίνη
3211 3515 3316 3569 ὑπὸ
3362 3513 3463 3588 τὴν
3524 3513 3685 3587 ῥίζαν
3754 3512 3861 3566 τῶν

2274 3612 2511 3684 δένδρων
2552 3616 2749 3666 κεῖται.
2791 3631 2810 3664 ι

2349 3789 2509 3847 Κατά
2546 3788 2803 3861 ἀπειλὴν,
2830 3788 2960 3842 ὅταν
3012 3785 3214 3857 ἀπειλῇ
3264 3782 3353 3838 διά
3415 3782 3510 3836 τοῦ
3548 3781 3726 3835 Θεοῦ·
3784 3782 3861 3844 ιὶς

2276 3882 2360 3946 τὸ,
2427 3901 2447 3934 ι
2500 3882 2628 3934 Ἐὰν
2654 3880 2731 3951 μὴ
2784 3877 3183 3948 ἐπιπραφῆτε,
3219 3875 3319 3947 τὴν
3359 3875 3636 3945 ῥομφαίαν
3690 3873 3861 3927 αὐτοῦ

2280 3974 2567 4028 πιλὸώσει
2587 3989 2603 4006 ο
2632 3994 2651 4026 ι
2688 3973 2805 4038 καὶ,
2843 3991 2861 4023 ι
2902 3970 3181 4039 Ποιήσατε
3208 3969 3426 4040 καρπὸν
3455 3966 3610 4032 ἀξιον
3636 3966 3738 4036 τῆς
3763 3982 3864 4034 μευ

2277 4069 2499 4131 τανοίας
2525 4085 2541 4099 ο
2575 4087 2595 4121 ι
2623 4067 2739 4133 καὶ,
2772 4085 2791 4118 ι
2829 4065 2974 4119 Ἑκεῖ
3001 4062 3158 4117 ἔσται
3186 4065 3216 4117 ὁ
3248 4060 3526 4132 κλαυθμὸς
3554 4060 3650 4111 καὶ
3676 4060 3707 4111 ὁ
3730 4056 3866 4128 βρυο

2280 4160 2422 4233 γμδς
2455 4159 2565 4215 τῶν
2596 4159 2848 4213 ὀδόντων.
2888 4177 2907 4209 ι

2352 4252 2513 4305 Κατά
2545 4251 2846 4323 ἀπόφασιν,
2884 4251 3015 4305 ὅταν
3046 4248 3311 4319 αὐτοτελῆ
3349 4246 3449 4318 τὴν
3470 4246 3583 4301 τῶν
3644 4245 3869 4314 ἀγαθῶν

2282 4346 2377 4399 καὶ
2414 4344 2516 4416 τὴν
2566 4344 2676 4397 τῶν
2712 4343 2901 4397 κακῶν
2954 4341 3258 4413 ἐπαγωγὴν
3301 4339 3593 4413 ὁρίζηται,
3633 4340 3733 4410 τήν
3804 4356 3866 4392 τε

2284 4437 2669 4509 αἰχμαλωσίαν
2700 4438 2797 4491 καί⁸
2825 4437 2924 4509 τὴν
2954 4435 3237 4490 ἐπάνοδον.

669 4530 981 4586 Secundum
1027 4531 1369 4585 reticentiam
1394 4570 1408 4594 ,
1444 4529 1666 4599 quando
1698 4528 2110 4584 renovationem
2143 4545 2164 4584 ιι

2351 4530 2510 4585 Κατὰ
2545 4529 2947 4600 ἀποσιώπησιν,
2978 4531 3109 4585 ὅταν
3149 4528 3500 4583 ἀνακαίνισιν
3547 4527 3701 4599 δηλοῖ
3734 4528 3869 4597 πρὸς

601 4623 713 4678 Deo
748 4623 989 4679 ostendit
1011 4664 1027 4689 ,
1062 4624 1243 4678 sicut:
1279 4642 1298 4675 ι
1324 4623 1387 4677 Et
1407 4624 1515 4678 erit
1534 4622 1840 4677 Jerusalem
1876 4630 2089 4686 sancta,
2122 4631 2179 4677 et

601 4715 769 4770 alieni
801 4730 908 4770 non
949 4717 1264 4771 transibunt
1304 4731 1398 4784 per
1440 4731 1562 4770 eam
1605 4715 1879 4784 amplius;
1919 4733 1939 4767 ι
1979 4709 2178 4770 distin-

2281 4625 2378 4681 τοῦ
2405 4625 2541 4680 Θεοῦ
2574 4642 2590 4658 ·
2631 4624 2709 4688 ὡς
2744 4623 2827 4689 τὸ,
2869 4643 2888 4675 ι
2926 4623 3038 4677 Καὶ
3093 4623 3247 4678 ἔσται
3294 4622 3650 4693 Ἰερουσαλὴμ
3712 4621 3866 4689 ἀγία,

2262 4720 2383 4775 ’καὶ
2420 4718 2714 4791 ἀλλογενὴς
2748 4718 2808 4771 ού
2838 4717 3173 4771 διελεύσεται
3199 4716 3268 4769 δι’
3305 4716 3480 4783 αὐτῆς
3534 4716 3638 4768 οὐκ
3692 4715 3775 4767 ἔτι
3796 4731 3810 4743 ·
3844 4733 3862 4764 ι

601 4808 872 4873 rtionem;
916 4827 935 4859 ι
966 4806 1076 4863 Nisi
1109 4807 1249 4861 forte
1279 4807 1608 4876 transgressi
1652 4806 1890 4870 fuerint,
1927 4806 2125 4872 tacuit;
2156 4825 2164 4859 ι

2287 4810 2557 4882 διαίρεσιν
2590 4810 2689 4879 τὴν
2720 4827 2740 4861 t
2782 4809 2844 4861 Εἰ
2884 4809 2957 4878 μή
2994 4824 3097 4861 που
3126 4808 3598 4879 παρανομήσειαν,
3630 4805 3870 4857 ἀπεσιώ-

600 4907 677 4961 ct,
723 4917 742 4950 ι
777 4897 888 4952 Nisi
940 4898 1067 4967 quis
1105 4909 1328 4953 renatns
1369 4895 1535 4950 fuerit
1579 4912 1645 4950 ex
1690 4911 1831 4964 aqua
1879 4904 1936 4950 et
1974 4896 2164 4965 Spiritt

2292 4918 2438 4974 πησε
2464 4917 2480 4933 ο
2512 4919 2531 4953 ι
2564 4901 2681 4967 καὶ,
2722 4918 2742 4952 ι
2789 4899 2917 4953 Ἐάν
2947 4900 3022 4970 μή
3056 4918 3139 4963 τις
3163 4899 3403 4969 γεννηθῇ
3435 4897 3494 4964 ἐξ
3543 4897 3740 4961 ὓδατος
3776 4898 3871 4949 καὶ

601 5003 822 5059 sancto;
858 5012 874 5045 ι
920 4992 1366 5058 distinctionem,
1415 5007 1481 5046 ex
1532 4990 1801 5062 sanguine
1858 4990 2159 5046 reservavit

2293 4995 2608 5068 πνεύματος
2627 5010 2642 5025 ·
2690 5013 2710 5046 ι
2744 4992 2845 5065 τὴν
2872 4992 2942 5046 δι’
2974 4992 3210 5063 αἵματος
3236 4990 3622 5061 ἐταμιεύσατο.

606 5084 766 5156 (Jocl
795 5100 883 5153 ·ιι,
916 5087 1018 5154 l7;
1051 5085 1214 5141 Joan.
1250 5102 1336 5151 ιιι,
1368 5085 1503 5156 l7.)

676 5178 994 5234 Secundum
1026 5179 1452 5243 correctionem,
1488 5176 1711 5248 quando
1743 5185 1945 5233 cuncta
1976 5175 2164 5247 paritet

2362 5175 2522 5230 Κατά
2557 5174 2902 5247 παραίνεσιν,
2930 5172 3061 5227 ὅταν
3090 5170 3273 5226 πάντα
3338 5167 3475 5237 ὁμοῦ
3516 5169 3589 5223 τὰ
3622 5167 3721 5237 τῆς
3753 5166 3867 5219 θεο-

603 5267 907 5341 Scriptura:
936 5285 1109 5326 sacra:
1147 5270 1262 5327 sive
1303 5285 1401 5340 per
1431 5269 1595 5325 verba
1617 5312 1632 5338 ,
1670 5269 1785 5326 sive
1827 5283 1925 5340 per
1960 5268 2104 5324 facta
2132 5269 2164 5324 ἰι

2296 5269 2561 5325 πνεύστου
2596 5266 2965 5340 Γραφῆς,εῐτε
3018 5263 3108 5320 διὰ
3128 5262 3457 5333 λόγων,εῐτε
3494 5260 3587 5315 διὰ
3622 5259 3868 5330 πραγμά-

607 5362 855 5417 eamdem
885 5362 1181 5419 convenire
1210 5362 1325 5417 visa
1357 5370 1507 5419 sunt.
2062 5372 2065 5373 '

2295 5380 2426 5427 των,
2446 5364 2527 5426 εἰς
2584 5361 2792 5432 ταύτην
2822 5358 3096 5414 συντελεῖν
3119 5357 3299 5411 ἔοικεν
3321 5355 3566 5417 εἰκότως.

682 5449 983 5525 Scriptura:
1027 5468 1198 5512 sacra:
1239 5453 1457 5525 species
1490 5455 1612 5510 dua:
1658 5462 1823 5523 sunt,
1867 5452 2164 5526 prapbetic:

2368 5454 2497 5527 Εῐδη
2526 5455 2712 5527 μέντοι
2739 5454 2841 5525 τῆς
2879 5452 3032 5516 θείας
3060 5449 3291 5523 Γραφῆς
3316 5448 3436 5503 ἐστι
3480 5444 3598 5511 δύο,
3658 5458 3862 5515 προφης

1770 5657 1997 5718 υΑνιι).
2042 5654 2443 5717 ιιοιιδειιιειιι
2483 5651 2694 5710 ΝΟΤΕ
2709 5692 2723 5707 .

695 5814 807 5885 (li)
849 5813 1024 5882 Πόλις
1061 5813 1244 5885 καλὴ,
1276 5815 1451 5887 πόρνη
1482 5816 1641 5890 καλὴ,
1670 5816 1796 5874 libri
1824 5815 1979 5885 editi,
2007 5815 2145 5872 ibid.

2277 5829 2368 5870 ut.
2410 5811 2517 5871 Pro
2544 5810 2788 5880 διώκεις,
2824 5809 2987 5866 iidem
3022 5804 3324 5878 ὲκπορεύη.
