4098 6548
324 375 346 445 ί
360 377 465 441 309

1385 351 1709 447 ιεΑσοοΕ
1755 385 1837 447 IN
1878 386 1984 450 ss.
2026 387 2521 452 scnmunas.

3451 392 3589 462 1310
3661 465 3664 470 .

314 485 477 546 τικὸν
513 489 605 541 καὶ
662 489 934 561 ἰστορικόν
966 508 979 523 ο
1009 493 1074 547 ἐκ
1101 492 1268 565 τριῶν
1296 494 1354 549 δὲ
1387 496 1538 566 ὅμως
1568 497 1776 573 χρόνων
1835 497 1894 551 ἓν

2002 513 2127 569 pars
2158 508 2213 555 et
2254 501 2515 559 historica
2541 518 2555 569 ;
2589 500 2769 557 tribus
2797 508 2981 557 autem
3011 500 3352 571 temporibus
3385 502 3581 561 borum

320 579 558 631 ἕκαστον
579 579 760 641 αὐτῶν
789 584 1110 656 συνέστηκε,
1146 588 1894 665 παρῳχηκότος,ἐνεστῶτος,

320 670 419 723 καὶ
479 670 766 740 μέλλοντος
797 690 814 706 ·
862 675 1261 749 παρῳχηκότος
1309 676 1430 747 μὲν,
1473 677 1549 740 ὡς
1579 676 1613 743 ἡ
1645 678 1739 733 τοῦ
1768 679 1899 732 Μω-

320 761 461 824 σέως
524 762 653 838 περὶ
673 760 768 815 τοῦ
797 764 997 827 παντὸς
1030 766 1344 832 συστάσεως
1362 784 1378 800 ο
1406 769 1702 833 ἐνεστῶτος
1726 769 1803 835 δὲ,
1824 769 1901 834 ὡς

317 847 353 919 ἡ
382 849 475 903 τοῦ
497 853 919 925 μακαριωτάτου
967 854 1273 909 Ἐλισσαίου
1297 857 1435 928 πρὸς
1462 859 1553 911 τὸν
1580 859 1740 930 Γιεζῆ
1776 858 1898 937 περὶ

318 941 417 995 τοῦ
461 943 871 1016 δοθέντοςαύτῷ
901 947 1128 1017 χρυσίου
1152 963 1168 977 ⁸
1204 948 1486 1017 μέλλοντος
1511 952 1589 1015 δὲ,
1620 951 1695 1015 ὡς
1728 954 1760 1021 ἡ
1792 953 1901 1008 τῶν

322 1032 642 1103 προφητῶν,
676 1036 747 1087 τὰ
778 1052 845 1087 πε
857 1037 911 1107 ρὶ
940 1037 1048 1089 τῶν
1102 1036 1371 1109 Ἐϐραίων
1405 1042 1498 1092 καὶ
1528 1041 1630 1110 τῆς
1657 1042 1899 1117 Χριστοῦ

320 1123 649 1194 παρουσίας,
685 1126 752 1202 ἣν
778 1127 868 1180 διά
896 1146 955 1181 τε
989 1128 1163 1198 λόγων
1192 1132 1286 1184 καὶ
1346 1132 1624 1189 ὀπτασιῶν
1676 1134 1768 1187 καὶ
1810 1135 1900 1208 ἔρ-

318 1232 434 1284 γων
469 1217 926 1294 παρειλήφαμεν
972 1224 1067 1277 καὶ
1130 1223 1219 1276 διὰ
1242 1223 1416 1295 λόγων
1476 1225 1574 1296 μὲν
1604 1244 1616 1256 ·
1683 1227 1758 1289 ὡς
1816 1227 1899 1299 τὸ,

328 1328 349 1360 ι
395 1308 523 1364 Ἰδοὺ
553 1312 759 1386 ἡμέραι
790 1312 1065 1389 ἔρχονται,
1095 1314 1243 1384 λέγει
1270 1316 1493 1391 Κύριος,
1522 1319 1617 1376 καὶ
1658 1319 1901 1391 διαθήσω

266 1426 277 1437 -ν
320 1400 400 1473 τῷ
424 1403 558 1474 οἴκῳ
600 1404 813 1476 Ἰσραὴλ
847 1406 943 1459 καὶ
982 1406 1059 1477 τῷ
1090 1409 1224 1483 οἴκῳ
1258 1408 1427 1463 Ἰούδα
1457 1409 1723 1480 διαθήκην
1777 1428 1901 1467 και-

321 1497 421 1564 νήν
448 1512 462 1526 ·
502 1514 521 1548 ι
558 1496 627 1549 δι’
657 1498 931 1557 όπτασιῶν
975 1499 1032 1555 δὲ
1056 1541 1072 1565 ,
1101 1501 1177 1565 ὡς
1208 1502 1287 1565 τὸ,
1321 1522 1339 1556 ι
1378 1502 1489 1556 Καὶ
1542 1502 1758 1575 ἐγένετο
1812 1504 1901 1557 ἐπ’

322 1588 426 1661 ἐμὲ
457 1591 581 1667 χεὶρ
623 1592 872 1665 Κυρίου·
910 1613 929 1649 ι
982 1591 1100 1656 καὶ,
1160 1611 1179 1646 t
1229 1591 1649 1666 Ἀναστήσονται
1708 1598 1757 1650 οἰ
1813 1615 1901 1650 νεν-

324 1681 450 1751 κροί
477 1698 490 1710 ·
532 1701 551 1734 ι
587 1683 700 1748 καὶ,
734 1702 753 1737 ι
804 1681 1106 1756 Ἐθεώρουν
1165 1686 1270 1751 ἓως
1318 1689 1442 1742 ὅτου
1486 1689 1660 1760 θρόνοι
1710 1692 1902 1762 ἐτέθη-

324 1791 425 1826 σαν
450 1792 464 1805 ο
497 1792 516 1825 ι
548 1774 660 1838 καὶ,
700 1793 718 1828 ι
774 1775 905 1837 Ἰδοὺ
935 1778 1073 1846 μετὰ
1105 1779 1214 1832 τῶν
1252 1779 1491 1848 νεφελῶν
1521 1781 1596 1845 ὼς
1634 1783 1756 1845 Υἱὸς
1805 1785 1901 1837 άν-

2008 591 2380 666 quodcunque
2408 605 2660 657 constat,
2708 594 2987 663 praeterito
3010 634 3023 655 ,
3050 594 3302 662 prazsenti
3328 635 3342 657 ,
3374 594 3582 658 futuro,

2006 680 2289 744 Praeterito
2319 685 2573 754 quidem,
2621 686 2764 746 sicut
2802 685 2938 739 liber
2983 684 3185 755 Moysis
3227 686 3295 740 de
3341 687 3586 748 universi

2006 773 2441 842 constitutione;
2504 776 2800 846 praesenti,
2856 776 3003 832 sicut
3049 776 3353 833 beatissimi
3400 777 3583 841 Elisazi

2007 863 2143 921 liber
2171 866 2236 921 ad
2268 865 2417 923 Giesi
2448 869 2514 923 de
2538 868 2665 924 dato
2691 869 2791 938 ipsi
2818 884 2982 935 auro;
3016 867 3224 933 futuro,
3257 868 3403 924 sicut
3436 869 3586 928 Scri-

2006 962 2165 1023 plura
2198 955 2613 1024 prophetarum,
2650 956 2717 1010 de
2745 954 3098 1011 Hebraeorum
3133 966 3187 1011 et
3215 956 3420 1015 Christi
3447 973 3586 1027 pree-

2008 1045 2204 1110 sentia,
2229 1060 2392 1114 quam
2419 1064 2512 1119 per
2534 1050 2696 1106 verba
2722 1059 2779 1104 et
2812 1049 3080 1104 mirabilia
3106 1058 3160 1103 et
3191 1065 3357 1119 opera
3392 1065 3586 1105 susce-

2008 1138 2224 1207 pimus;
2247 1154 2341 1209 per
2364 1140 2551 1202 verba,
2583 1142 2726 1201 sicut
2757 1158 2770 1201 :
2801 1160 2819 1194 t
2857 1141 2996 1200 Ecce
3024 1142 3142 1199 dies
3173 1143 3421 1205 veniunt,
3452 1142 3586 1201 dicit
3618 1204 3621 1205 ν

2012 1228 2312 1299 Dominus,
2348 1240 2403 1286 et
2448 1233 2639 1291 feriam
2679 1234 2867 1288 domui
2914 1235 3078 1290 Israel
3120 1242 3175 1288 et
3223 1236 3412 1289 domui
3441 1234 3582 1295 Juda

2010 1320 2186 1377 fmdus
2211 1339 2409 1381 novum
2437 1341 2451 1390 ;
2488 1341 2505 1379 ι
2538 1340 2635 1392 per
2662 1325 2954 1389 mirabilia,
2981 1326 3147 1388 sicut,
3187 1344 3205 1376 t
3238 1326 3302 1379 Et
3329 1325 3470 1381 facta
3500 1336 3585 1381 est

2007 1428 2179 1483 super
2215 1430 2302 1469 me
2336 1430 2531 1472 manus
2571 1413 2822 1479 Domini;
2855 1434 2873 1467 ι
2903 1425 2991 1479 et,
3033 1434 3052 1467 ι
3090 1416 3399 1486 Resurgent
3434 1433 3585 1471 mor-

2006 1496 2121 1569 tui;
2153 1521 2172 1554 ι
2204 1511 2293 1569 et,
2330 1520 2348 1558 t
2375 1503 2717 1572 Aspiciebam
2746 1504 2922 1559 donec
2954 1504 3133 1558 throni
3158 1506 3322 1575 positi
3353 1516 3478 1561 sunt
3507 1524 3522 1572 ;
3556 1524 3576 1558 ι

2006 1603 2080 1660 et,
2105 1613 2122 1649 ι
2150 1586 2286 1649 Ecce
2312 1611 2438 1652 cum
2472 1596 2708 1655 uultibus
2730 1595 2892 1665 quasi
2923 1594 3099 1651 Filius
3128 1595 3366 1651 hominis
3396 1596 3583 1652 venir.

2007 1685 2133 1747 bat;
2174 1703 2193 1736 ι
2232 1702 2327 1758 per
2356 1702 2553 1761 opera,
2585 1686 2728 1743 sicut
2757 1686 2825 1741 de
2860 1687 3167 1750 Abraham.
3201 1705 3219 1738 t
3254 1684 3421 1744 Sume
3449 1687 3581 1741 mihi

2006 1792 2226 1835 vacCam
2264 1777 2532 1830 triennem
2576 1788 2629 1832 et
2676 1794 2897 1849 capram
2944 1778 3164 1832 trimam
3194 1818 3210 1843 ,
3260 1786 3314 1832 et
3348 1777 3579 1838 arietem

323 1866 542 1936 θρώπου
571 1868 863 1941 ἐρχόμενος
882 1886 898 1902 ⁸
927 1891 944 1923 ι
967 1872 1218 1943 δι’ἒργων
1234 1874 1311 1939 δὲ,
1331 1875 1405 1938 ὡς
1422 1877 1515 1929 ἐπὶ
1535 1875 1629 1933 τοῦ
1656 1877 1902 1948 Ἀϐραὰμ

2005 1884 2274 1925 annorum
2301 1869 2464 1929 trium
2498 1878 2553 1922 et
2588 1879 2853 1925 turturem
2883 1880 2935 1924 et
2965 1869 3295 1933 columbam,
3327 1888 3344 1920 ι
3376 1878 3433 1924 et
3459 1884 3582 1938 qua:

326 1978 347 2012 ι
376 1961 523 2014 Λάϐε
552 1978 643 2031 μοι
685 1962 918 2034 δάμαλιν
974 1965 1350 2036 τριετίζουσαν
1384 1982 1398 2003 ν
1460 1968 1552 2025 καὶ
1609 1964 1740 2039 αἶγα
1793 1986 1903 2032 τρι-

320 2054 609 2119 ετίζουσαν
636 2056 730 2109 καὶ
758 2056 915 2128 κριὸν
958 2058 1320 2130 τριετίζοντα,
1370 2058 1464 2117 καὶ
1506 2060 1766 2131 τρυγόνα,
1807 2061 1901 2115 καὶ

319 2147 674 2218 περιστερὰν,
711 2167 730 2201 ι
763 2150 859 2203 καὶ
900 2151 971 2205 τά
1007 2150 1177 2220 ἑξῆς·
1214 2154 1331 2219 καὶ,
1390 2171 1411 2206 ι
1447 2152 1593 2209 Λάϐε
1628 2153 1721 2207 τὸν
1779 2155 1898 2209 υἱόν

321 2256 418 2292 σου
446 2239 541 2291 τὸν
566 2240 849 2310 ἀγαπητὸν
883 2238 942 2292 ὃν
977 2240 1293 2311 ἠγάπησας,
1332 2242 1424 2295 τὸν
1467 2242 1678 2301 Ἰσαάκ.

391 2329 611 2384 Τούτων
640 2330 697 2383 δὲ
725 2331 898 2395 οὕτως
924 2332 1178 2402 ἐχόντων,
1210 2324 1478 2403 προσήκει
1547 2335 1898 2405 προηγουμέ-

316 2439 427 2484 νως
463 2424 585 2485 ταῖς
606 2422 717 2475 τῶν
745 2424 960 2494 ῥήσεων
1008 2424 1297 2477 ὑποθέσεσι
1340 2425 1440 2495 τὴν
1483 2425 1723 2479 διάνοιαν
1798 2429 1897 2497 ἐφ-

324 2513 484 2583 ιστᾷν
515 2513 641 2576 τοὺς
670 2513 1101 2584 μαθητεύοντας,
1134 2510 1234 2568 εἷθ’
1258 2513 1429 2579 οὕτως
1446 2516 1631 2580 αὐτοῖς
1647 2516 1897 2587 τὴνκατά

316 2604 466 2668 λέξιν
486 2604 783 2677 ἑρμηνείαν
807 2606 1026 2669 οἰκείως
1072 2606 1275 2678 ταύτην
1325 2607 1637 2677 προσάγειν
1661 2624 1679 2639 θ
1710 2608 1783 2671 ὡς
1806 2608 1891 2673 ἂν,

314 2695 557 2760 διανοίας
598 2696 676 2768 μὴ
703 2697 1187 2769 προϋπαρχούσης,
1235 2701 1268 2768 ή
1296 2697 1385 2751 διὰ
1412 2698 1523 2750 τῶν
1546 2699 1719 2769 λόγων
1763 2700 1897 2754 πλά-

318 2789 470 2865 ζοιτο
512 2790 767 2853 σύστασις
795 2806 811 2821 ο
862 2790 1117 2861 καθάπερ
1144 2790 1255 2862 γάρ
1289 2792 1382 2844 ἐπὶ
1426 2791 1536 2844 τῶν
1582 2794 1652 2846 τὰ
1710 2794 1894 2863 σκάφη

317 2880 849 2953 πηδαλιουχούντων,
880 2882 929 2934 εἰ
976 2882 1049 2952 μή
1078 2883 1181 2934 πού
1219 2898 1308 2943 τις
1354 2883 1538 2946 αὐτοῖς
1590 2883 1895 2955 ὡρισμένος

314 2974 414 3039 τοῦ
445 2974 649 3040 σκοποῦ
685 2974 978 3045 προκέοιτο
1004 2975 1191 3040 τόπος,
1217 2978 1297 3040 εἰς
1319 2976 1378 3029 ὃν
1405 2976 1628 3029 ἃπασαν
1656 2978 1757 3049 τὴν
1786 2978 1895 3031 τῶν

321 3066 532 3119 οἰάκων
558 3066 730 3136 ῥοπὴν
761 3063 1007 3119 εὐθύνειν
1036 3063 1303 3135 μέλλοιεν,
1336 3066 1500 3119 παντὶ
1520 3066 1599 3137 τῷ
1624 3067 1893 3138 πνεύματι

314 3159 419 3228 τὴν
456 3157 662 3211 ἑαυτῶν
698 3157 896 3228 τέχνην
921 3158 1194 3229 διαφόρως
1243 3157 1594 3228 ἐμπιστεύειν
1625 3161 1889 3215 συνελαυ-
1923 3197 1965 3253 C

317 3251 558 3321 νόμενοι,
590 3250 657 3303 δι’
678 3250 801 3304 ὅλου
839 3250 1097 3321 φέρονται
1138 3249 1235 3311 τοῦ
1281 3251 1571 3323 πελάγους,
1616 3252 1692 3316 ὼς
1739 3255 1893 3325 ὅρμῳ

316 3346 386 3414 τῇ
429 3343 531 3414 ἄλῃ
584 3343 1064 3414 προσφεύγοντες·
1094 3342 1270 3408 οὕτως
1314 3346 1423 3417 ἄρα
1477 3347 1575 3399 καὶ
1637 3348 1730 3400 ἐπὶ
1783 3348 1895 3401 τῶν

317 3436 420 3504 τῆς
442 3434 795 3498 διδασκαλίας
836 3432 1150 3505 ἐξηγήσεων
1175 3434 1235 3499 ἐξ
1260 3436 1508 3507 ἀνάγκης
1532 3437 1892 3509 συμϐήσεται,

320 3525 545 3591 ἐπειδὰν
625 3525 703 3596 μὴ
763 3525 1241 3596 καθυποκειμένης
1296 3526 1440 3603 τινὸς
1514 3533 1898 3606 πραγματείας

320 3617 678 3690 προϐάλλοιτο
701 3633 715 3648 ·
741 3617 859 3681 πῶς
886 3616 997 3689 γὰρ
1020 3618 1120 3670 οὐκ
1148 3617 1216 3671 ἃν
1246 3618 1330 3690 εἴη
1368 3619 1477 3672 τῶν
1505 3621 1893 3690 ἀτοπωτάτων,

321 3712 373 3764 εἰ
408 3710 507 3774 τὰς
564 3709 667 3780 μὲν
724 3710 1025 3781 ῥαψῳδίας,
1079 3709 1376 3782 πλάσματα
1438 3714 1533 3767 καὶ
1570 3715 1673 3769 οὐκ
1717 3716 1896 3789 ἀληθῆ

321 3803 629 3873 πράγματα
656 3801 1038 3873 περιεχούσας,
1082 3804 1185 3856 οὐκ
1267 3803 1478 3859 ἔνεστιν
1535 3807 1735 3879 ἑτέρως
1786 3811 1902 3862 εἰσ-

323 3888 807 3961 ηγήσαςθαιιτοὺς
828 3890 1217 3961 ἐπιστήμονας,
1237 3891 1312 3964 μὴ
1341 3893 1608 3965 πρότερον
1642 3896 1740 3967 τὴν
1770 3898 1900 3953 ἐκά-

321 3996 456 4051 στης
495 3980 672 4033 αὐτῶν
719 3980 983 4033 ὑπόθεσιν
1041 3983 1123 4049 εἰς
1175 3984 1399 4053 γνῶσιν
1447 3987 1900 4058 ἐνεγκαμένους’

320 4073 399 4135 ὡς
432 4072 499 4126 ἂν
524 4072 658 4145 πρὸς
691 4073 896 4145 ταύτην
927 4074 1175 4140 εἰκότως,
1212 4077 1306 4129 καὶ
1348 4076 1424 4149 μὴ
1480 4080 1615 4152 πρὸς
1659 4081 1900 4152 ἀνέμους

322 4162 427 4232 τὴν
452 4161 563 4214 τῶν
595 4162 773 4229 λόγων
800 4167 1000 4235 χρῆσιν
1032 4166 1356 4237 ἐκφέροιεν*
1385 4168 1454 4221 τὰ
1489 4169 1548 4222 δὲ
1588 4173 1691 4242 τῆς
1751 4171 1903 4238 θείας

322 4253 485 4324 ἡμῶν
522 4254 947 4324 ύποθημοσύνης
976 4256 1376 4320 ἀνυποστάτοις
1402 4260 1512 4313 τισὶ
1573 4268 1902 4334 στοχασμοίς

324 4343 752 4414 ύποόάλλοιμεν,
788 4346 1006 4410 εἰκαίας
1039 4348 1223 4411 αὐτοῖς
1255 4350 1350 4402 καί
1379 4350 1786 4425 ἀσυναρτήτους
1803 4356 1903 4420 τὰς

324 4434 631 4506 ἑρμηνείας
666 4436 952 4506 ἐπιφέρειν
982 4438 1043 4490 ού
1080 4439 1543 4511 δυσωπούμενοι*
1578 4443 1789 4518 διόπερ,
1840 4448 1901 4502 ὃν

2001 1970 2345 2033 Sequuntur;
2412 1972 2508 2027 et,
2564 1981 2581 2012 t
2612 1961 2763 2016 Tolle
2814 1963 2984 2016 ﬁlium
3036 1974 3189 2015 tuum
3242 1962 3578 2031 unigenitum

2000 2066 2165 2120 quem
2203 2052 2386 2123 diligis
2425 2053 2593 2107 Isaac.
2629 2052 2751 2121 (ιγ
2790 2054 2923 2125 Reg,
2952 2069 3013 2117 ν,
3052 2054 3153 2117 19;
3184 2052 3380 2108 Jerem.
3416 2070 3577 2119 XXXI,

1997 2142 2060 2201 51
2093 2161 2108 2209 ;
2149 2143 2341 2202 Ε.τ,ιέΙι.
2373 2162 2453 2207 ιιι,
2476 2145 2580 2212 22;
2625 2144 2650 2197 1
2686 2145 2866 2201 Thess.
2900 2164 2973 2211 tv,
3013 2145 3116 2213 16;
3151 2145 3293 2199 Dan.
3332 2162 3447 2213 xu,
3480 2147 3576 2217 i5;

2000 2234 2131 2293 Gen.
2160 2253 2247 2302 xv,
2286 2236 2355 2297 9;
2396 2254 2542 2301 χλιι,
2583 2239 2675 2307 1.)

2071 2330 2167 2387 llis
2213 2331 2284 2390 ita
2334 2347 2392 2387 se
2434 2332 2798 2395 habentibus,
2825 2330 2892 2384 ad
2925 2330 3220 2387 verborum
3255 2339 3577 2403 argumenta

2000 2419 2335 2476 Intellectum
2372 2421 2528 2478 decet
2570 2422 2847 2493 applleare
2884 2423 3194 2487 discentes,
3251 2423 3447 2477 deinde
3498 2424 3578 2479 sic

1998 2514 2128 2583 ip~is
2187 2514 2690 2584 interpretationem
2754 2515 3057 2570 secundum
3122 2516 3322 2586 stylnm
3372 2532 3575 2570 conve-

1998 2608 2208 2661 nienter
2229 2606 2463 2662 aﬂerre:
2497 2608 2569 2661 ita
2601 2617 2659 2662 ut
2685 2608 3040 2678 intelligentia
3072 2625 3177 2661 non
3213 2610 3574 2678 przecetlentc,

1996 2699 2063 2753 de
2091 2699 2273 2753 verbis
2317 2699 2537 2754 collatio
2579 2698 2728 2753 varie
2769 2709 3052 2755 tractaret.
3099 2700 3572 2766 Quemadmodum

1997 2791 2143 2845 enim
2176 2792 2242 2848 de
2280 2793 2347 2846 iis
2396 2792 2488 2862 qui
2526 2792 2682 2847 navis
2722 2791 3155 2861 gubernaculum
3200 2802 3420 2856 tenent,
3468 2791 3573 2845 nisi

1997 2884 2121 2952 quis
2160 2884 2296 2953 ipsis
2346 2885 2610 2953 specialis
2662 2885 2761 2938 via:
2795 2884 3059 2939 terminus
3094 2893 3464 2954 proponatur,
3504 2884 3574 2936 ad

1996 2992 2158 3045 quem
2231 2986 2396 3031 totam
2444 2976 2800 3047 gubernaculi
2847 2978 2955 3029 vim
3006 2976 3284 3029 motricem
3339 2976 3576 3045 dirigere

1997 3068 2249 3129 debeant,
2288 3067 2436 3120 omni
2468 3078 2627 3120 vento
2661 3082 2849 3121 eorum
2905 3075 3075 3119 artem
3115 3066 3266 3120 varie
3305 3064 3578 3119 conlidere

1998 3160 2249 3214 ardentes
2279 3174 2375 3228 per
2405 3169 2576 3213 totum
2600 3158 2847 3213 feruntur
2878 3173 3055 3224 mare,
3086 3159 3229 3213 sicut
3268 3158 3446 3227 portui
3480 3172 3576 3226 pe-

2000 3251 2359 3317 regrinationi
2420 3266 2540 3307 sese
2587 3251 2783 3305 dantes
2825 3270 2837 3304 :
2878 3252 2956 3305 sic
2992 3268 3121 3319 ergo
3170 3252 3237 3304 de
3278 3249 3577 3318 disciplina:

1997 3344 2275 3398 auditione
2301 3344 2614 3398 neceSsario
2633 3345 2866 3404 eveniet,
2896 3343 3168 3411 siquidem
3203 3359 3309 3394 non
3337 3358 3569 3411 pensum

1996 3436 2269 3505 quoddam
2302 3444 2562 3489 statutum
2608 3443 2943 3504 proponatur
2983 3452 2996 3488 :
3033 3434 3391 3487 accommodo
3429 3433 3576 3486 enim

1997 3541 2106 3582 non
2154 3536 2299 3581 esset
2336 3526 2828 3593 stultissitnorum,
2884 3526 2929 3581 si
2979 3526 3032 3580 iu
3075 3541 3206 3593 epos
3253 3524 3482 3578 fallaciis
3524 3533 3579 3577 et

1996 3617 2321 3678 commentis
2352 3633 2382 3669 ιι
2414 3619 2640 3672 veritate
2669 3618 2861 3673 alienis
2892 3618 3090 3671 referta
3120 3615 3274 3670 nefas
3302 3625 3388 3670 est
3412 3615 3573 3669 aliter

1999 3709 2347 3764 introducere
2381 3710 2621 3778 peritos,
2661 3710 2765 3764 nisi
2804 3709 2956 3780 prius
3002 3708 3431 3778 mmmquodquc
3476 3706 3579 3760 ho-

2001 3818 2120 3855 rum
2157 3812 2542 3872 argumentum
2579 3801 2645 3855 ad
2690 3802 2936 3855 notitiam
2975 3801 3268 3875 inducant,
3309 3799 3381 3853 ita
3415 3807 3474 3852 ut
3510 3798 3579 3851 ad

2000 3894 2148 3948 illam
2203 3894 2593 3948 convenienter
2640 3903 2694 3947 et
2725 3888 2859 3946 non
2911 3894 2965 3946 in
3016 3902 3238 3945 ventum
3288 3892 3576 3943 verborum

1956 4006 1961 4009 τ
2000 4000 2160 4039 usum
2190 3984 2518 4057 proferant;
2562 3984 2725 4042 verba
2766 3992 2948 4039 autem
2982 3983 3181 4036 divinm
3218 3981 3580 4037 institutionis

2004 4086 2203 4133 nostra:
2236 4078 2289 4131 in
2325 4078 2685 4147 incomposita
2719 4078 2965 4146 quaadam
3008 4078 3236 4146 injicere
3274 4073 3577 4139 stomacho,

2002 4171 2319 4226 temerarias
2359 4171 2465 4224 illis
2512 4180 2567 4224 et
2617 4170 2757 4223 male
2795 4180 3060 4223 coeuntes
3090 4168 3574 4236 interpretationes

2003 4262 2196 4319 afferre
2250 4277 2357 4316 non
2414 4264 2831 4316 erubescentes.
2882 4260 3070 4329 Itaque
3117 4258 3579 4330 quemadmodum

2005 4354 2180 4424 iisqui
2218 4352 2270 4406 io
2308 4354 2557 4423 ignotam
2588 4352 2815 4408 omnino
2848 4355 3052 4407 vadunt
3082 4352 3376 4422 regionem,
3417 4365 3581 4419 oper»

2005 4451 2081 4498 tet
2114 4442 2291 4511 potius
2329 4455 2426 4495 eos
2459 4439 2555 4509 qni
2594 4440 2757 4509 hujus
2795 4441 3187 4509 experientiam
3231 4439 3431 4492 habent
3468 4452 3581 4507 prae

321 4527 529 4598 τρόπον
556 4530 669 4591 τοῖς
693 4529 774 4592 εἰς
804 4531 1084 4598 ἄγνωστον
1112 4532 1290 4604 πάντη
1352 4535 1731 4606 στελλομένοις
1785 4540 1895 4610 χώ-

2002 4533 2257 4589 omnibus
2290 4532 2433 4586 viam
2462 4531 2591 4588 illuc
2620 4532 2907 4587 ducentem
2942 4532 3206 4596 indicare,
3239 4546 3347 4601 qua
3392 4538 3578 4585 trans-

324 4637 431 4691 ραν
457 4620 563 4690 χρὴ
592 4621 796 4691 μᾶλλον
826 4624 954 4686 τοὺς
983 4624 1043 4678 ἐν
1076 4625 1244 4698 πείρᾳ
1280 4626 1490 4698 ταύτης
1532 4630 1905 4701 τυγχάνοντας

322 4712 437 4783 πρό
474 4730 538 4781 γε
574 4713 795 4768 πάντων
833 4714 931 4787 τὴν
975 4716 1301 4787 ἁπάγουσαν
1360 4721 1609 4790 ἀτραπὸν
1650 4740 1905 4797 καταμη-

321 4805 501 4869 νύειν,
535 4806 602 4859 δι’
660 4801 729 4878 ἦς
761 4808 1103 4880 πορεύοιντο,
1132 4810 1281 4866 οὕτω
1305 4829 1364 4865 τε
1404 4809 1471 4867 αὖ
1500 4814 1567 4871 τὰ
1600 4816 1743 4879 κατὰ
1773 4818 1905 4873 ταύ-

322 4915 430 4969 την
467 4899 653 4963 αὐτοῖς
685 4902 980 4972 γνωρίζειν
1013 4905 1245 4983 σημεῖα,
1284 4898 1366 4968 οἷς
1416 4906 1905 4983 ἐξακολουθοῦντες

326 4992 605 5063 μηδαμῶς
626 4992 728 5063 τῆς
767 4995 988 5059 εὐθείας
1012 4997 1452 5066 άποσφάλλοιντο
1473 5017 1487 5032 ο
1520 5002 1614 5055 τὸν
1640 5003 1809 5058 αὑτὸν
1841 5005 1907 5059 ἄν

323 5099 413 5147 τις
434 5085 532 5137 καὶ
560 5085 653 5137 ἐπί⁸
678 5086 786 5139 τῶν
803 5086 1083 5143 παιδεύειν
1114 5091 1608 5163 ἐπαγγελλομένων
1628 5095 1898 5166 ὁρίσαιτο,

324 5178 767 5250 προηγουμένως
825 5180 925 5250 μέν
981 5181 1080 5252 τὴν
1137 5182 1245 5237 τῶν
1293 5185 1640 5257 πραγμάτων
1707 5188 1908 5253 αὐτοὺς

325 5271 613 5336 ὑπόθεσιν,
641 5272 932 5345 γνωρίμην
965 5276 1164 5347 χρῆναι
1194 5277 1460 5351 καθιστᾷν
1487 5283 1602 5343 τοῖς
1652 5281 1908 5335 παιδευοη

330 5361 519 5431 μένοις
552 5363 635 5426 εἰς
660 5363 728 5434 ἢν
758 5365 1076 5433 ἀναγκαίως
1104 5366 1279 5438 ἔχοιεν
1309 5370 1410 5441 τὴν
1439 5370 1541 5440 τῆς
1571 5370 1911 5425 ἐαυτῶνδια-

325 5451 481 5516 νοίας
515 5453 794 5508 ἐπιδοῦναι
811 5457 985 5527 ῥοπήν
1011 5474 1024 5487 ·
1063 5454 1184 5510 εἶτα
1214 5460 1313 5529 τὴν
1342 5459 1451 5513 τῶν
1471 5461 1760 5531 γραφικῶν
1781 5459 1913 5513 ἰδιωτ

332 5544 525 5614 μάτων
560 5544 788 5614 εἴδησιν,
824 5547 926 5617 τήν
985 5564 1045 5600 τε
1097 5549 1206 5601 τῶν
1245 5550 1545 5620 σχημάτων
1595 5549 1909 5617 διάγνωσιν,

327 5632 431 5689 καὶ
455 5632 555 5703 τὴν
585 5636 695 5688 τῶν
722 5636 946 5706 τρόπων
977 5638 1259 5710 διάκρισιν
1289 5656 1304 5671 ο
1337 5640 1436 5709 οὐχ
1464 5640 1664 5709 ἥκιστα
1722 5639 1779 5692 δέ
1815 5639 1913 5709 τὴν

330 5728 434 5794 τῆς
465 5726 611 5781 κατὰ
640 5728 743 5798 τὴν
780 5728 929 5794 λέξιν
972 5731 1273 5801 ἐρμηνείας
1330 5733 1652 5802 σαφήνειαν,
1710 5726 1799 5784 οἷα
1843 5730 1909 5801 δή

332 5834 463 5886 τινα
495 5822 699 5893 σημεῖα
730 5820 831 5894 τῆς
861 5822 1174 5895 ὁδοιπορίας
1208 5823 1734 5903 προσυποδεικνύναι
1757 5838 1770 5852 ⁸
1840 5823 1910 5876 δι’

2005 4633 2353 4688 meaverunt;
2390 4623 2471 4679 sic
2500 4623 2669 4677 etiam
2712 4623 2780 4677 ad
2825 4622 2965 4676 viam
3034 4624 3188 4693 signa
3232 4621 3367 4693 ipsis
3403 4629 3585 4681 osten-

2005 4718 2136 4773 dere
2174 4731 2410 4786 quorum
2443 4733 2544 4788 ope
2577 4717 2884 4787 gradientes
2921 4730 3202 4784 nunquam
3247 4730 3277 4767 a
3315 4720 3461 4768 recta
3493 4711 3581 4770 via

2006 4809 2283 4865 declinent
2313 4826 2326 4863 :
2369 4808 2444 4864 ita
2483 4818 2537 4864 et
2571 4808 2665 4878 qui
2701 4808 2842 4863 alios
2879 4806 3076 4861 docere
3118 4807 3438 4875 proﬁtentur
3467 4812 3581 4856 sta-

2008 4911 2184 4966 tuant,
2220 4901 2271 4954 in
2305 4901 2494 4970 primis
2518 4900 2736 4970 quidem
2766 4914 2949 4955 rerum
2979 4908 3360 4969 argumentum
3391 4902 3579 4952 notum

2008 4992 2235 5048 reddere
2263 5008 2322 5047 se
2356 4992 2555 5046 debere
2590 4990 2900 5060 discipulis,
2934 4990 3134 5058 quibus
3162 4988 3324 5043 rebus
3353 4998 3581 5045 necesse

2010 5085 2212 5141 habent
2251 5085 2494 5153 ipsorum
2539 5082 2740 5152 ingenii
2770 5096 2996 5134 acumen
3039 5080 3339 5150 applicare;
3386 5074 3583 5131 deinde

2010 5179 2329 5233 idiomatum
2368 5175 2664 5244 Scriptune
2689 5172 3075 5245 cognitionem,
3109 5172 3406 5239 figurarum
3440 5167 3584 5225 neti-o

2011 5272 2174 5337 tiam,
2214 5280 2493 5339 troporum
2529 5266 2968 5331 distinctionem,
3023 5280 3122 5319 nec
3163 5264 3345 5318 minus
3384 5275 3585 5319 seettn.

1994 5356 2138 5415 dum
2173 5360 2369 5430 stylum
2402 5348 2872 5426 interpretationis
2910 5355 3378 5409 elucubrationem
3420 5348 3584 5405 simi-

2012 5453 2194 5522 liaque
2238 5450 2340 5504 vite
2381 5450 2582 5504 indicia
2626 5462 2962 5519 proponere,
3006 5463 3100 5516 per
3147 5460 3267 5515 qum
3313 5450 3489 5496 tntum
3529 5449 3586 5497 et

2011 5555 2216 5601 certum
2251 5542 2358 5598 illis
2388 5550 2658 5612 preponat
2694 5542 2759 5593 ad
2803 5540 3157 5593 destinatum.
3203 5535 3413 5590 Etenim
3456 5549 3585 5603 per-

2013 5636 2264 5706 spicuum
2296 5640 2380 5687 est
2400 5631 2553 5701 quod
2594 5630 2660 5685 iis
2689 5630 2782 5701 qui
2814 5632 3016 5695 volare,
3055 5628 3147 5684 sed
3178 5642 3283 5680 non
3318 5640 3413 5695 per
3437 5624 3582 5677 viam
3670 5678 3675 5681 Α

2014 5726 2166 5798 gradi
2195 5725 2405 5789 volunt,
2428 5739 2568 5778 vana
2593 5734 2648 5778 et
2677 5721 2887 5777 inutilis
2910 5721 2982 5775 sit
3006 5728 3272 5775 metarum
3301 5716 3581 5772 iudicatio.

2015 5820 2245 5896 Oportet
2270 5825 2453 5880 autem
2476 5814 2701 5875 omnino
2724 5813 3001 5875 animosos
3024 5825 3148 5872 esse
3174 5809 3228 5867 in
3252 5807 3539 5882 disciplina
3563 5821 3581 5863 :
