4098 6530
307 340 450 409 1313

1510 346 1769 410 SERMO
1813 345 2376 439 LAUDATORIUS.

3435 349 3572 419 1314
3633 453 3637 457 η

326 481 3578 510 mm

1264 617 1632 706 ΛΟΓΟΣ
1686 615 2609 707 ΕΓΚΩΜΙΑΣΤΙΚΟΣ

1362 822 1458 893 Ti}
1487 822 1649 894 ᾹΓΙᾼ
1678 819 2205 875 ΠΡΟΣΦΩΝΗΘΕΙΣ
2260 821 2532 892 ΣΥΝΟΔῼ

809 921 994 976 ΠΑΡΑ
1039 918 1416 974 ΕΠΙΦΑΝΙΟΥ
1449 917 1806 974 ΔΙΑΚΟΝΟΥ
1836 916 2168 971 ΚΑΤΑΝΑΣ
2201 917 2339 969 ΤΗΣ
2384 918 2688 973 ΣΙΚΕΛΩΝ
2718 918 3088 992 ΕΠΛΡΧΙΛΣ,

846 1014 968 1066 ΚΑΙ
1007 1009 1529 1066 ΤΟΠΟἸῊΡΗΤΟΥ
1552 1010 1745 1067 ΘΩΜΑ
1779 1006 2356 1066 ΑΡΧΙΕΠΙΣΚΟΠΟΥ
2409 1008 2717 1082 ΣΛΡΔῼΩΝ
2766 1013 3019 1069 ΝΗΣΟΥ.

1276 1382 1407 1471 SE
1432 1377 1678 1473 [ἰΜο
1750 1378 2596 1475 LAUDATORIUS

1382 1595 1497 1642 ΒΑΝ
1506 1597 1634 1642 (ΞΤΛΕ
1688 1597 1857 1643 PRON
1866 1601 1898 1643 U
1907 1598 2176 1643 NTIATUS
2248 1597 2497 1643 SYNODO

847 1695 930 1739 AB
963 1693 1299 1739 EPIPIIANIO
1338 1695 1613 1741 DIACONO
1633 1696 1938 1742 ECCLESLE
1966 1696 2226 1742 CATANE
2256 1697 2612 1742 SICULORUM
2652 1696 3029 1754 PROVINCIE,

892 1797 971 1841 AC
999 1797 1138 1841 LOCI
1166 1798 1537 1843 SERVATORE
1578 1800 1812 1844 ἸἪΟΜΛΕ
1839 1800 2311 1845 ARCHIEPISCOPI
2332 1799 2674 1845 SARDORUM
2704 1800 2967 1845 INSULE.

1432 1943 1654 2016 (Malm,
1686 1945 1896 2003 Concil.
1936 1962 1976 2002 t.
2022 1945 2167 2015 thl,
2203 1961 2260 2017 p.
2294 1945 2448 2019 44f.)

384 2275 444 2330 Ὀ
469 2278 736 2348 μακάριος
761 2278 1048 2349 προφήτης
1095 2276 1325 2343 Ἡσαΐας
1355 2278 1485 2351 θείῳ
1536 2281 1883 2353 καταλαμπό·

2068 2281 2270 2336 Beatus
2310 2281 2572 2350 propheta
2629 2276 2800 2333 Isaias
2850 2275 3033 2331 divino
3077 2286 3299 2346 accepto
3352 2273 3555 2347 Spiritu

296 2386 466 2439 μενος
510 2369 816 2438 Πνεύματι,
841 2370 940 2439 τὴν
979 2369 1069 2422 διὰ
1103 2370 1340 2440 Χριστοῦ
1371 2378 1747 2443 γεγενημένην
1781 2374 1883 2427 τῶν

1995 2374 2194 2429 factam
2226 2373 2471 2444 gentium
2501 2388 2598 2443 per
2626 2369 2908 2426 Christum
2951 2371 3379 2438 redemptionem
3414 2369 3569 2423 valde

292 2461 472 2514 ἐθνῶν
517 2460 897 2530 ἀπολύτρωσιν
947 2457 1005 2514 εὖ
1049 2460 1196 2531 μάλα
1237 2461 1764 2532 προαναθεωρησας,
1795 2464 1891 2516 καὶ

290 2554 408 2605 τῶν
446 2553 516 2605 δι’
550 2552 714 2605 αὐτοῦ
762 2551 1123 2621 σεσωσμένων
1169 2551 1269 2622 τὴν
1304 2552 1514 2622 πληθὺν
1557 2553 1658 2607 οὐκ
1692 2558 1891 2624 ἠγνοη-

290 2644 411 2709 κὼς
456 2644 889 2717 προσπεφώνηκέ
920 2662 1023 2697 που
1063 2643 1137 2706 ὡς
1177 2646 1242 2697 ὲκ
1291 2643 1591 2715 προσώπου
1626 2645 1720 2698 τοῦ
1752 2645 1887 2699 Θεοῦ

289 2737 409 2799 τοῖς
438 2738 579 2789 κατᾶ
613 2736 838 2807 καιροὺς
868 2735 974 2787 τῶν
1011 2735 1177 2806 ἱερῶν
1205 2734 1429 2805 λαχοῦσι
1459 2733 1729 2805 ποιμνίων
1758 2737 1885 2789 ἑπιο

295 2829 521 2878 στατεῖν
547 2826 723 2879 τοιάδε
750 2841 763 2854 ·
799 2846 817 2877 ι
841 2826 1149 2897 Πορεύεσθε
1182 2826 1269 2881 διὰ
1295 2827 1404 2880 τῶν
1436 2826 1621 2879 πυλῶν
1645 2846 1767 2897 μου.
1794 2828 1888 2882 καί⁵

289 2915 658 2985 ὀδό-ποιήσατε
706 2916 783 2987 τῷ
827 2917 944 2987 λαῴ
980 2934 1082 2988 μου
1106 2934 1119 2949 ·
1152 2918 1246 2971 καὶ
1289 2920 1416 2982 τοὺς
1462 2918 1645 2981 λίθους
1683 2922 1748 2973 ὲκ
1786 2921 1883 2990 τῆς

290 3006 419 3061 ὁδοῦ
449 3008 793 3080 διαρρίψατε.
836 3028 853 3060 ι
903 3011 1061 3074 Τίνες
1103 3012 1149 3065 δ’
1180 3011 1244 3066 ἂν
1278 3016 1488 3066 νοοῖντο
1530 3015 1587 3068 αί
1621 3013 1809 3075 πύλαι,
1848 3016 1882 3086 ἢ

280 3094 398 3165 *τῆς
424 3096 787 3150 θεοπνεύστου
831 3099 1053 3171 Γραφῆς
1093 3103 1189 3154 καὶ
1228 3102 1345 3155 τῶν
1381 3102 1554 3171 ἁγίων
1589 3106 1885 3175 προφητῶν

290 3190 347 3241 οῖ
377 3188 526 3254 λόγοι
554 3206 568 3253 ;
596 3189 688 3252 οὓς
715 3188 905 3263 ὥσπερ
929 3194 1083 3255 τινας
1113 3193 1312 3264 νοητὰς
1341 3188 1747 3259 ἀναπτύσοντες
1780 3198 1882 3250 πύο

290 3279 393 3344 λας
426 3284 494 3351 τῇ
531 3281 801 3353 ἑρμηνείᾳ
845 3284 894 3336 οἱ
929 3282 1037 3336 τῶν
1070 3283 1305 3352 λογικῶν
1330 3285 1663 3356 θρεμμάτων
1689 3288 1883 3359 ποιμέ-

292 3387 409 3433 νες,
444 3372 617 3434 οὕτως
668 3373 810 3427 αὐτὰ
852 3374 947 3427 ἐπὶ.
985 3371 1088 3446 τὴν
1135 3376 1352 3446 εύρεῖάν
1399 3394 1460 3430 τε
1501 3379 1594 3432 καὶ
1624 3379 1882 3451 ἀληθινὴν

290 3464 633 3534 ἀποφέρουσι
654 3465 856 3538 Θύραν,
879 3468 968 3521 τὸν
990 3469 1193 3537 Κύριον
1210 3471 1241 3540 ὴ
1249 3469 1367 3540 μῶν
1401 3470 1605 3541 Ἰησοῦν
1622 3474 1878 3543 Χριστὸν,

287 3558 383 3610 τὸν
404 3557 575 3621 ὅντως
606 3559 743 3627 πρὸς
788 3559 882 3612 τδν
916 3561 1137 3631 Πατέρα
1190 3562 1479 3633 γινόμενον
1513 3566 1642 3634 ἡμῖν
1668 3565 1874 3636 θύραν·

287 3647 477 3713 καθὼς
494 3648 656 3712 αὑτός
684 3650 789 3702 πού
821 3667 1039 3720 (mo-th
1072 3651 1211 3721 Ἐγώ
1241 3656 1355 3724 είμι
1381 3657 1414 3723 ἡ
1442 3653 1633 3727 θύρα.ι
1654 3656 1806 3710 Λίθοι
1826 3656 1882 3711 δὲ

289 3742 458 3796 πάλιν
486 3745 612 3797 οἱέν
631 3746 698 3815 τῇ
726 3743 830 3815 όδῴ
886 3746 1384 3817 προσριπτούμενοι
1418 3748 1486 3801 τὰ
1507 3748 1567 3813 ἐξ
1598 3749 1883 3819 αἱρετικῆς

286 3834 458 3905 τυχὸν
486 3837 795 3907 συμμορίας
827 3838 894 3891 ἂν
920 3834 1032 3891 εἷεν
1060 3838 1354 3902 σκάνδαλα,
1386 3839 1423 3893 ἀ
1463 3840 1715 3912 καθάπερ
1739 3840 1882 3905 τινὲς

289 3925 433 3980 λίθοι
451 3930 518 3998 τῇ
540 3929 787 4001 ἡμετέρᾳ.
815 3930 914 3999 τῆς
938 3931 1174 3995 πίστεως
1211 3932 1625 4002 παρατιθέμενα
1667 3932 1841 4002 τρίϐῳ
1865 3973 1881 3997 ,

292 4020 420 4083 τοὺς
449 4021 585 4091 πρὸς
612 4021 714 4092 τὴν
744 4021 914 4085 ὅντως
942 4019 1109 4077 οὖσαν
1133 4023 1251 4076 ὁδὸν
1280 4024 1420 4077 ἱέναι
1463 4023 1716 4087 θέλοντας
1761 4024 1884 4077 δυσ-

291 4110 471 4173 σεϐῶς
490 4113 858 4181 προσκόπτειν
877 4117 1308 4185 παρασκευάζεν
1322 4117 1384 4169 τὸ
1409 4118 1533 4170 ὅσον
1558 4118 1644 4185 ἐφ’
1669 4118 1883 4181 ἑαυτοῖς

287 4204 397 4272 τὴν
420 4203 536 4257 όδὺν
566 4206 746 4269 αὐτοῖς
767 4205 1079 4260 ἀποκλείειν
1108 4207 1503 4272 σπουδάζοντες
1526 4225 1539 4239 ⁸
1560 4209 1678 4272 όδὸς
1706 4208 1764 4263 δὲ
1779 4210 1883 4262 πά-

288 4310 378 4349 Αιν
401 4295 431 4347 ό
451 4294 652 4367 Κύριος
681 4297 841 4367 ἡμῶν
880 4298 1093 4369 Ἰησοῦς
1118 4299 1559 4373 Χριστὸς,ταύτῃ
1586 4301 1652 4354 ἂν
1686 4304 1879 4368 νοοῖτο,

287 4386 481 4451 καθώς
497 4405 660 4458 φησιν
678 4389 843 4452 αὑτός
861 4406 875 4421 ·
896 4390 978 4443 ὅτι
1000 4410 1019 4442 (
1042 4389 1182 4459 Ἐγώ
1201 4393 1315 4461 είμι
1336 4392 1371 4461 ἡ
1389 4390 1527 4463 ζωὴ,
1545 4394 1638 4445 καὶ
1654 4395 1688 4464 ἡ
1705 4393 1842 4457 ὁδός.
1858 4414 1877 4446 ι

291 4477 409 4541 Οῦς
434 4495 587 4542 τινας
624 4479 689 4551 δὴ
729 4482 1042 4550 αίρετικοὺς
1085 4481 1268 4545 λίθους
1309 4483 1358 4536 οἱ
1387 4482 1496 4536 τῶν
1540 4484 1734 4555 ἱερέων
1761 4486 1884 4537 ἐπι-

292 4570 566 4641 στήμονες
594 4572 891 4640 προσφυῶς
912 4589 970 4625 τε
994 4575 1087 4626 καὶ
1111 4573 1253 4644 μάλα
1284 4575 1550 4645 εὐτέχνως
1576 4576 1674 4628 σὺν
1693 4576 1883 4649 όδηγίᾳ

288 4661 392 4713 τοῦ
425 4660 741 4731 Πνεύματος
770 4663 873 4733 τῆς
900 4664 1177 4735 ἡμετέρας
1201 4665 1346 4731 ὁδοῦ,
1382 4667 1501 4736 ἤτοι
1526 4665 1620 4719 τοῦ
1656 4667 1753 4737 τῆς
1790 4668 1883 4721 πί-

294 4770 473 4817 στεως
503 4755 973 4826 ἀποκαθαίροντες
1006 4755 1188 4825 λόγου,
1220 4757 1501 4825 πέμπουσι
1552 4757 1651 4828 μὲν
1685 4759 1882 4822 αὐτοὺς

290 4844 438 4914 πρὸς
478 4844 578 4909 τάς
604 4846 713 4899 τῶν
756 4847 1030 4918 ῥιψάντων
1058 4849 1333 4917 κεφαλάςο
1371 4846 1594 4903 εὔκολον
1631 4848 1689 4903 δὲ
1738 4848 1882 4903 οῦτω

292 4936 396 4991 καὶ
424 4938 793 5008 τετριμμένην
838 4940 952 5001 τοῖς
986 4939 1091 4991 ὑπὸ
1122 4940 1282 5009 χεῖρα
1328 4940 1480 5004 λαοῖς
1511 4940 1612 5012 τὴν
1655 4942 1735 5005 είς
1778 4941 1879 5012 τὴν

288 5027 417 5080 όδδν
449 5027 632 5080 ίοῦσαν
664 5029 849 5100 τρίϐον
877 5030 1314 5102 ἀπεργάζονται·
1348 5032 1425 5095 ὡς
1448 5031 1706 5087 δύνασθαι
1743 5050 1879 5105 φρο-

290 5120 408 5171 νεῖν
434 5137 495 5172 τε
523 5122 616 5173 καὶ
661 5121 842 5190 λέγειν
864 5137 881 5153 ο
918 5141 937 5174 (
972 5122 1041 5176 Ἥ
1070 5124 1217 5195 ψυχὴ
1262 5124 1423 5195 ἡμῶν
1465 5124 1541 5188 ὡς
1597 5126 1885 5197 στρουθίον

291 5208 539 5281 ἐῤῥύσθη
568 5213 632 5265 ὲκ
661 5213 759 5282 τῆς
788 5214 1017 5282 παγίδος
1059 5214 1169 5268 τῶν
1203 5214 1546 5286 θηρευόντων
1572 5230 1586 5245 ο
1634 5216 1666 5287 ή
1721 5217 1888 5285 παγίς

294 5303 618 5373 συνετρίϐη,
650 5306 747 5358 καὶ
774 5307 934 5375 ἡμεῖς
965 5306 1342 5379 ὲρῤύσθημεν.
1380 5308 1445 5361 Ἦ
1480 5307 1702 5379 βοήθεια
1731 5310 1887 5381 ἡμῶν

292 5393 357 5445 ἑν
393 5393 619 5464 ὀνόματι
669 5397 895 5467 Κυρίου.
932 5418 950 5451 ι
1006 5399 1139 5453 Ἰδοὺ
1186 5399 1479 5473 τοιγαροῦν
1524 5403 1559 5472 ἡ
1606 5401 1727 5455 θεία
1774 5402 1887 5456 τῶν

296 5483 491 5555 ιερέων
519 5488 795 5559 ὁμήγυρις
824 5490 1096 5545 ἀκόλουθα
1122 5491 1232 5545 τῶν
1263 5491 1424 5547 θείων
1452 5493 1704 5559 ἐντολῶν,
1740 5509 1888 5565 παρ-

292 5573 511 5647 άγουσα
532 5579 769 5634 ἐνταῦθα
798 5582 1101 5656 συνέδραμε
1122 5583 1185 5637 τὸ
1218 5584 1416 5640 σεπτὸν
1449 5585 1549 5650 sic
1571 5584 1887 5653 οἰκονομίας

372 5764 391 5799 ¹
427 5765 535 5826 lsa.
571 5782 718 5838 un,
756 5770 843 5824 :0.
919 5772 940 5805 '
972 5767 1126 5829 Joan.
1168 5785 1199 5826 ι
1225 5813 1240 5842 ,
1277 5770 1332 5826 7.
1411 5771 1431 5806 ⁸
1472 5769 1629 5830 Joan.
1662 5787 1794 5843 xw,
1833 5771 1889 5830 ϐ.

1992 2465 2130 2519 bene
2166 2463 2493 2535 praevidens,
2538 2473 2593 2517 et
2628 2476 2817 2517 eorum
2851 2456 2945 2530 q'ui
2977 2475 3075 2530 per
3115 2461 3291 2531 ipsum
3323 2459 3567 2514 salvandi

1990 2565 2153 2612 erant
2183 2555 2598 2610 multitudinem
2634 2569 2746 2609 non
2791 2554 3084 2624 ignorans,
3121 2562 3180 2608 ut
3221 2568 3285 2607 ex
3330 2566 3569 2624 persona

1991 2643 2087 2700 Dei
2166 2646 2367 2701 alicubi
2462 2645 2840 2717 pronuntiavit
2906 2645 2992 2699 his
3037 2644 3130 2715 qui
3194 2660 3289 2716 per
3349 2643 3572 2713 singula

1990 2745 2240 2807 tempora
2286 2752 2570 2793 sacrorum
2625 2736 2936 2790 sortiuntur
2981 2736 3397 2805 prmposituram
3450 2734 3571 2787 ovi-

1990 2828 2150 2892 lium,
2185 2830 2301 2883 haec
2338 2845 2353 2883 :
2392 2846 2409 2879 ι
2439 2827 2732 2882 Ambulate
2759 2843 2856 2897 per
2881 2836 3068 2897 portas
3098 2841 3272 2889 meas,
3302 2836 3355 2880 et
3384 2825 3569 2879 ducite

1987 2919 2248 2990 populum
2278 2934 2480 2983 meum,
2501 2928 2553 2973 et
2578 2917 2788 2988 lapides
2819 2932 2849 2970 a
2878 2917 2964 2970 via
2997 2917 3248 2987 projicite
3276 2916 3316 2971 ¹.
3345 2933 3364 2968 ›
3404 2916 3567 2981 Qua:-

1988 3023 2114 3062 nam
2150 3006 2534 3077 intelliguntur
2569 3014 2769 3076 portae,
2825 3005 2931 3060 nisi
2976 3006 3241 3059 divinitus
3288 3003 3568 3072 inspirata:

1988 3102 2305 3173 Scriptum.
2327 3111 2758 3175 sanctorumque
2783 3099 3179 3169 prophetarum
3210 3095 3413 3151 verba?
3433 3094 3567 3161 Qtne

1985 3193 2250 3247 nimirum
2296 3193 2454 3263 quasi
2495 3192 2764 3261 quasdam
2812 3191 3212 3245 intellectualcs
3251 3198 3437 3258 portas
3477 3203 3559 3242 ra-

1985 3284 2333 3340 tionabitium
2368 3292 2621 3354 pastores
2667 3282 2937 3353 pecudum
2989 3280 3399 3351 interpretando
3439 3293 3567 3349 ape-

1984 3379 2210 3443 rientes,
2230 3378 2311 3432 sic
2328 3391 2422 3431 eas
2444 3376 2509 3431 ad
2541 3376 2712 3431 latum
2739 3385 2794 3431 et
2813 3390 2999 3430 verum
3024 3374 3305 3429 adducunt
3327 3372 3553 3437 ostium,

1982 3468 2235 3523 videlicet
2269 3467 2461 3521 Domin
2488 3481 2579 3520 um
2616 3474 2867 3520 nostrum
2906 3462 3092 3519 Jesum
3126 3462 3443 3527 Christum,
3469 3459 3565 3530 qui

1981 3576 2111 3615 vere
2133 3559 2199 3613 ad
2220 3559 2431 3613 Patrem
2460 3558 2619 3614 nobis
2644 3556 2823 3613 factus
2846 3564 2930 3614 est
2948 3555 3177 3620 ostium,
3202 3551 3566 3624 quemadmo-

1917 3635 2113 3705 Bdum
2164 3651 2294 3720 ipse
2345 3651 2418 3705 ait
2448 3690 2462 3712 ,
2501 3650 2629 3720 quia
2681 3667 2699 3701 ι
2745 3663 2845 3718 ego
2888 3663 3008 3704 sum
3068 3647 3337 3702 ostium.»
3395 3641 3566 3698 l’orro

1907 4972 1949 5030 C

1984 3743 2192 3813 lapides
2220 3743 2311 3813 qui
2345 3743 2399 3797 in
2429 3742 2513 3796 via
2538 3741 2765 3812 projecti
2797 3748 2948 3805 sunt,
2973 3737 3234 3794 scandala
3270 3735 3412 3791 forte
3436 3743 3567 3789 sunt

1984 3835 2255 3890 haeretica.
2289 3833 2562 3899 factionis,
2596 3848 2719 3902 qua:
2744 3832 2913 3886 veluti
2942 3830 3166 3900 quidam
3198 3828 3409 3898 lapides
3438 3826 3563 3881 fidei

1987 3936 2189 3981 nostra:
2218 3927 2427 3979 semita:
2457 3924 2740 3994 apposita,
2777 3938 2873 3977 eos
2913 3922 3007 3991 qui
3049 3921 3115 3975 ad
3147 3920 3427 3975 Christum
3466 3917 3564 3988 qui

1985 4035 2114 4076 vera
2164 4027 2249 4073 est
2285 4018 2372 4071 via
2398 4058 2412 4082 ,
2461 4030 2761 4084 properare
2803 4013 3037 4077 volunt,
3086 4012 3252 4080 impie
3297 4011 3565 4078 impedire

1983 4122 2324 4184 procurant,
2379 4116 2640 4179 quantum
2698 4107 2752 4160 in
2807 4120 2866 4159 se
2917 4112 3043 4169 est,
3097 4103 3203 4157 iter
3251 4101 3331 4158 eis
3367 4101 3563 4157 salutis

1990 4206 2248 4261 claudere
2287 4203 2633 4259 festinantes.
2674 4199 2998 4269 Rursusque
3028 4199 3114 4251 via
3148 4196 3265 4252 haec
3296 4194 3562 4252 Dominus

1983 4302 2176 4371 utique
2210 4308 2400 4354 noster
2433 4295 2595 4351 Jesus
2622 4293 2880 4349 Christus
2909 4291 3223 4362 conjicitur,
3266 4291 3409 4346 sicut
3444 4290 3564 4359 ipse

1982 4397 2097 4450 ait:
2142 4392 2273 4463 quia
2324 4409 2342 4443 ι
2379 4405 2479 4459 ego
2514 4403 2634 4443 sum
2677 4386 2786 4440 vita
2818 4394 2873 4439 et
2912 4389 2996 4439 vta
3022 4384 3064 4440 ⁸.
3105 4405 3125 4437 ›
3163 4381 3559 4438 [hereticorum

1981 4500 2111 4554 ergo
2139 4482 2441 4548 seandalis,
2479 4495 2543 4535 ac
2593 4482 2637 4535 si
2672 4477 2997 4548 quibusdam
3028 4475 3304 4547 lapidibus
3326 4516 3341 4542 ,
3373 4489 3560 4530 sacer-

1986 4577 2175 4632 dotum
2223 4573 2567 4645 peritissimi,
2631 4572 2913 4641 ingeniose
2962 4570 3097 4625 satis
3149 4576 3203 4624 et
3262 4567 3562 4623 artificiose

1984 4672 2214 4725 ductore
2252 4666 2459 4736 Spiritu
2512 4681 2540 4719 a
2575 4665 2660 4718 via
2704 4676 2924 4730 nostra,
2973 4662 3025 4717 id
3058 4670 3143 4718 est
3188 4661 3311 4716 fidei
3345 4660 3562 4714 ratione

1984 4759 2233 4831 purgatis
2254 4800 2267 4823 ,
2304 4774 2411 4812 non
2442 4757 2618 4812 solum
2672 4756 2775 4812 hos
2803 4764 2995 4811 contra
3035 4757 3217 4825 capita
3243 4769 3434 4809 eorum
3467 4751 3561 4822 qui
3648 4804 3649 4807 η

1986 4851 2110 4906 illos
2151 4851 2435 4920 iecerant,
2481 4849 2742 4914 mittunt,
2789 4863 2978 4903 verum
3025 4847 3188 4902 etiam
3247 4847 3351 4901 hoc
3398 4846 3563 4900 modo
3648 4886 3657 4899 .

1986 4944 2238 4998 semitam
2273 4958 2396 5011 quae
2452 4941 2605 4996 ducit
2658 4940 2724 4995 ad
2772 4940 2919 4994 viam
2961 4938 3042 5013 [Ῑ.
3074 4940 3243 4994 vitam
3266 4938 3285 5011 Vl
3307 4943 3336 5003 ',
3378 4937 3564 5008 subje-

1983 5034 2087 5089 ctis
2145 5035 2395 5105 plebibus
2440 5032 2653 5087 facilem
2713 5040 2766 5086 et
2817 5033 3001 5086 tritam
3053 5031 3324 5097 eﬂlciunt;
3381 5032 3452 5085 ita
3504 5038 3566 5085 nt

1985 5127 2201 5197 possint
2248 5141 2441 5197 sapere
2480 5141 2545 5181 ac
2595 5125 2821 5180 dicere:
2878 5143 2896 5175 σ
2931 5124 3128 5179 Anima
3181 5135 3369 5179 nostra
3418 5124 3564 5179 sicut

1986 5234 2177 5289 passer
2212 5228 2399 5288 erepta
2450 5230 2533 5285 est
2578 5218 2645 5272 de
2690 5218 2886 5288 laqueo
2929 5216 3267 5272 venantium.
3307 5215 3565 5287 Laqueus

1987 5311 2259 5366 contritus
2298 5324 2418 5377 est,
2467 5320 2522 5366 et
2564 5325 2667 5366 nos
2712 5310 2926 5365 liberati
2978 5326 3188 5365 sumus.
3218 5309 3566 5380 Adjutorinm

1990 5414 2241 5459 nostrum
2292 5403 2348 5458 in
2399 5403 2622 5459 nomine
2676 5403 2916 5461 Domini.
2958 5423 2977 5457 ι
3020 5402 3101 5459 Εη
3142 5403 3311 5474 igitur
3348 5403 3567 5459 divinus

1987 5495 2336 5552 sacerdotum
2379 5506 2683 5551 conventus
2734 5494 3147 5551 Dominicorum
3179 5494 3566 5551 mandatorum

1986 5602 2192 5660 sequax
2217 5630 2233 5657 ,
2283 5589 2392 5643 huc
2432 5603 2497 5644 ac
2540 5589 2857 5647 venerabile
2896 5588 3325 5662 dispensationis
3364 5584 3568 5646 Christi

2001 5772 2022 5806 ⁸
2054 5771 2201 5832 Psal.
2235 5788 2428 5842 cxxnt,
2455 5772 2510 5843 7,
2544 5772 2599 5829 8.
