4098 6556
535 375 674 446 ιτιιε,
1521 369 1926 433 EPIPHANII
1960 369 2430 437 CATANENSIS
2478 374 2790 438 DIACONI
3659 379 3823 445 1316

522 490 847 564 mysterium
873 485 1121 558 paternis
1152 483 1419 541 doctrinis
1455 483 1826 539 ordinandum
1875 489 1930 537 et
1968 495 2102 537 enu-
2132 535 2134 542 ,

2238 484 2441 555 ῐριστοῦ
2492 488 2613 551 ταῖς
2659 486 2954 559 πατρικαῖς
3011 484 3381 553 διδασκαλίαις
3441 486 3834 561 διατρανῶσαι

525 583 815 640 cleandum
841 578 1142 635 concurrit.
1180 576 1295 632 Non
1335 575 1499 646 quasi
1527 574 1633 629 hoc
1663 573 1843 643 ipsum
1872 573 2114 643 primum

2238 580 2522 648 ιυστήριον
2544 593 2558 606 ·
2592 577 2689 648 οὐχ
2712 577 2787 641 ὡς
2817 580 2876 631 ὲν
2901 576 3142 649 πρώτοις
3167 579 3299 632 αὐτὸ
3328 576 3487 632 τοῦτο
3514 582 3627 642 τοῖς
3657 580 3835 642 λαοῖς

527 676 778 745 plebibus
803 668 1241 742 praedicaverint,
1269 684 1394 724 cum
1426 678 1554 722 ante
1576 666 1922 735 octingentos
1948 663 2121 719 ferme

2238 670 2603 742 ιηρυττόντων
2623 685 2638 699 ·
2675 673 2809 724 ὅπου
2840 688 2904 741 γε
2937 671 3045 742 πρὸ
3087 671 3427 725 ὀκτακοσίων
3458 672 3591 725 ἑτῶν
3637 672 3838 740 ἐγγύς

529 782 707 821 annos
759 765 812 818 in
854 763 987 817 orbe
1032 770 1146 816 toto
1186 760 1352 815 fuerit
1398 759 1757 830 praedicatum
1792 776 1807 812 :
1842 757 1936 812 sed
1972 756 2117 826 quod

2238 781 2327 817 του
2376 766 2445 835 τῇ
2495 764 2793 836 οἰκουμένῃ
2824 765 2975 837 πάσῃ
3000 764 3343 835 κεκήρυκται
3363 780 3377 793 ·
3405 764 3495 817 τὸν
3536 765 3603 818 δι’
3636 761 3841 819 αὒτοῦ

531 867 742 912 tantum
789 854 1028 909 salutare
1096 852 1430 916 consilium,
1475 850 1622 920 quod
1674 866 1770 920 per
1821 863 1945 904 eum
1984 864 2120 903 con-

2238 857 2276 909 5.2.
2311 855 2472 925 μόνον
2503 857 2773 926 σωτήριον
2825 857 3028 909 σκοπὸν
3082 855 3406 910 τελεσθέντα
3448 859 3565 921 ταῖς
3598 874 3802 930 γριφι
3834 892 3840 897 ~

531 955 862 1004 summatum
878 956 962 999 est
980 986 997 1009 ,
1014 943 1212 997 divina:
1240 941 1539 1010 Scriptura:
1574 937 2119 1008 interpretationibus

2238 945 2346 1012 ιαῒς
2371 948 2692 1021 ἑρμηνείαις
2722 948 3185 1020 τηλαυγεστάτως
3233 951 3346 1013 τοῖς
3391 949 3536 1012 λαοῖς
3563 952 3840 1003 dventu-

533 1039 874 1095 lucidissime
912 1034 1132 1108 populis
1168 1035 1608 1103 adaperueruut,
1650 1042 1704 1084 ct
1736 1030 2022 1085 hmreticos
2051 1031 2121 1085 ab

532 1135 652 1204 ipso
684 1130 704 1204 [
727 1131 895 1202 patris
922 1131 1112 1185 allisos
1136 1127 1371 1198 Spiritu.
1408 1143 1501 1181 seu
1528 1134 1771 1180 stercora
1806 1124 1960 1178 valde
1987 1138 2121 1178 con-

454 1229 470 1239 '
532 1242 667 1296 grue
697 1220 1109 1295 reputaverint]
1148 1222 1319 1292 petris
1352 1220 1542 1274 allisos
1583 1218 1811 1287 Spiritus
1840 1233 1935 1271 seu
1972 1224 2123 1271 ster-'

535 1334 665 1373 cora
700 1317 762 1389 (f
786 1316 1040 1380 stercori,
1060 1318 1137 1368 vel
1161 1330 1259 1368 ceu
1292 1310 1599 1382 stercora].
1630 1310 1786 1364 valde
1808 1324 2118 1378 congruere

537 1411 872 1482 putaverint.
904 1404 1186 1463 Noverunt
1216 1407 1362 1459 enim
1396 1405 1777 1475 propheticum
1804 1417 1993 1458 vocent
2018 1402 2123 1458 sibi

538 1503 696 1574 quasi
755 1518 821 1556 ex
872 1515 1103 1571 persona
1147 1499 1241 1553 Dei
1283 1499 1446 1552 etiam
1502 1497 1555 1550 in
1609 1496 1710 1549 hoc
1750 1495 2122 1549 clamantem:

544 1613 563 1646 ι
618 1593 970 1656 Sacerdotes,
1046 1591 1270 1654 audite,
1343 1598 1399 1643 et
1472 1587 1857 1641 contestamini
1934 1586 2123 1640 domui

544 1687 711 1741 Israel
746 1688 766 1717 ⁵
799 1703 812 1739 :
853 1703 872 1737 ι
920 1683 1063 1738 haud
1091 1682 1322 1738 dubium
1367 1680 1501 1750 quin
1541 1679 1801 1749 spiritali.
1829 1680 2041 1745 Quibus
2071 1686 2125 1732 et

544 1795 645 1835 nos
678 1792 901 1849 quoque
931 1783 1343 1837 concurrentes,
1376 1780 1566 1844 utpote
1600 1771 1746 1841 quod
1788 1773 1843 1826 in
1877 1771 2012 1841 ipsis
2041 1779 2127 1826 est

2222 1042 2445 1107 σόντων,
2476 1042 2570 1095 καὶ
2615 1043 2742 1106 τοὺς
2772 1043 3177 1113 προσριφέντας
3203 1042 3353 1113 αὐτῷ
3390 1044 3707 1113 αἱρετικοῦς
3741 1040 3836 1112 τῷ

2222 1133 2497 1205 πνεύματι
2524 1134 3078 1198 ἀποσκυϐαλιζόντων
3106 1134 3309 1199 λίθους.
3339 1136 3447 1189 Καὶ
3475 1136 3621 1204 μάλα
3646 1152 3719 1202 γε
3751 1138 3837 1187 εἰ.

2222 1227 2418 1289 κὸτως.
2460 1225 2635 1279 Ἰσασι
2662 1226 2771 1297 γὰρ
2792 1227 2892 1298 τὴν
2926 1228 3274 1297 προφητικὴν
3310 1227 3492 1299 φωνὴν
3520 1230 3714 1293 αὐτοῖς
3743 1228 3837 1290 ὡς

2222 1323 2287 1372 ὲκ
2315 1315 2609 1388 προσώπου
2651 1316 2747 1373 τοῦ
2788 1316 2948 1383 Θεοῦ,
2982 1318 3078 1372 καὶ
3112 1320 3169 1371 ὲν
3192 1318 3366 1386 τούτῳ
3400 1317 3633 1387 βοῶσαν.
3686 1336 3711 1368 ς
3754 1318 3831 1370 Oi

2224 1414 2389 1484 ἱερεῖς
2437 1413 2726 1476 ἀκούσατε,
2778 1414 2872 1465 καὶ
2920 1411 3369 1482 ὲπιμαρτύρασθε
3418 1411 3496 1482 τῷ
3531 1413 3665 1481 οἴκῳ
3709 1411 3834 1464 Ἰσ-

2226 1504 2386 1576 ραήλ·
2424 1524 2440 1555 ι
2473 1504 2629 1572 δῆλον
2664 1504 2721 1557 δὲ
2768 1504 2851 1557 ὅτι
2896 1503 2975 1572 τῷ
3024 1502 3403 1572 Μευματικῷ.
3454 1496 3549 1565 Οίς
3594 1502 3661 1571 δὴ
3716 1501 3835 1554 καὶ

2224 1599 2386 1668 ἡμεῖς
2436 1595 2939 1666 συνδεδραμηκότες
2968 1595 3043 1657 ὡς
3080 1596 3176 1648 καὶ
3211 1594 3395 1657 αὐτοῖς
3429 1591 3835 1664 συμφρονοῦν·

2223 1706 2315 1752 τες
2368 1691 2435 1759 τῇ
2490 1688 2691 1758 φαιδρᾷ
2740 1685 2916 1758 ταύτῃ
2964 1685 3283 1755 γαννύμεθα
3315 1684 3542 1754 χορείᾳ·
3580 1683 3677 1736 καὶ
3724 1680 3836 1750 ὑφ’

2224 1782 2418 1851 ἡδονῆς
2446 1783 2547 1851 τῆς
2580 1778 2817 1842 διανοίας
2860 1779 3060 1844 πτερὸν
3106 1775 3541 1846 ἀνακινούμενοι,
3570 1775 3644 1828 τὰ
3670 1774 3837 1827 κατὰ

541 1842 749 1941 pariter
778 1842 1077 1923 sentientes
1099 1905 1114 1927 ,
1152 1842 1449 1934 splendido
1468 1863 1597 1917 huic
1626 1862 1796 1917 choro
1823 1869 2120 1929 congratu-

2238 1842 2458 1944 iuvap—tv
2481 1842 2630 1943 αὐτῷ
2659 1842 3062 1926 συνεισϐάλλειν
3093 1842 3523 1941 προθυμούμεθα
3544 1885 3559 1899 ·
3584 1868 3682 1920 xui.
3700 1867 3838 1928 τοῖς

551 1964 755 2027 lamur,
791 1971 846 2016 et
877 1976 988 2031 pra:
1017 1958 1291 2013 desiderio
1319 1957 1519 2011 mentis
1541 1969 1777 2026 pennam
1803 1962 2086 2011 moventes
2114 1992 2132 2020 ,

2238 1967 2306 2037 τῷ
2336 1965 2515 2038 καιρῷ
2549 1963 2824 2034 πρέπουσι
2860 1962 3042 2031 λόγοις
3086 1961 3148 2013 τὸ
3175 1961 3349 2033 παρὸν
3390 1959 3547 2012 τοῦτο
3578 1973 3837 2027 συγκρο-

544 2054 692 2124 quod
736 2051 999 2123 possibile
1043 2059 1127 2105 est
1170 2050 1218 2104 ei
1251 2049 1507 2104 conferre
1541 2048 1841 2119 satagimus
1874 2082 1889 2111 ,
1919 2056 1974 2102 et
1999 2062 2135 2101 ver-

547 2147 629 2199 bis
662 2156 879 2214 tempus
944 2139 1271 2195 decenlibus
1299 2154 1541 2209 praesens
1575 2139 1875 2201 celebrare,
1898 2153 1963 2193 ac
1993 2153 2136 2208 prae-

548 2236 833 2289 coniorum
861 2234 962 2286 hoc
984 2231 1211 2287 ﬂoribus
1235 2246 1505 2284 coronare
1530 2231 1817 2285 studemus
1843 2241 2131 2299 spectacu-

549 2325 694 2393 lum:
728 2327 864 2380 nihil
890 2326 1036 2381 enim
1089 2324 1384 2393 prohibet:
1414 2324 1539 2378 licet
1570 2324 1635 2377 ad
1672 2324 1722 2378 id
1746 2322 1984 2396 perfecte
2010 2338 2121 2393 pra:

551 2417 737 2486 inopia
790 2416 1045 2471 fortassis
1096 2423 1151 2469 et
1194 2413 1518 2477 inﬁrmitate
1567 2429 1765 2469 sensus
1821 2416 2134 2486 pertingere

550 2522 909 2578 nequeamus,
936 2523 1057 2576 qua:
1087 2515 1266 2562 tamen
1306 2506 1463 2562 nobis
1517 2521 1582 2562 su
1604 2515 1664 2559 nt
1693 2506 1973 2577 possibilia
1997 2523 2132 2561 con-

2230 2060 2395 2129 στῆσαι
2419 2056 2669 2127 θέατρον,
2700 2055 2795 2109 καὶ
2824 2056 2939 2117 τοῖς
2968 2052 3077 2106 τῶν
3106 2052 3400 2121 ἐγκωμίων
3430 2050 3652 2105 ἄνθεσιν
3684 2048 3835 2101 αὐτο

2234 2148 2577 2218 στεφανῶσαι
2594 2162 2607 2175 ⁸
2635 2147 2787 2200 οὐδὲν
2806 2144 2915 2217 γὰρ
2938 2144 3160 2209 κωλύει,
3190 2144 3238 2195 εί
3265 2143 3360 2196 καὶ
3384 2141 3477 2194 τοῦ
3504 2140 3628 2193 λίαν
3656 2140 3836 2207 ὑπερ-

2233 2241 2421 2305 τελοῦς
2456 2240 2544 2295 διὰ
2575 2238 2771 2301 πενίας
2806 2238 2935 2301 ἴσως
2985 2237 3080 2290 καὶ⁴
3117 2237 3235 2298 νοὸς
3270 2232 3556 2294 ἀσθενείας
3586 2232 3689 2284 οὐκ
3721 2232 3832 2297 ὲφο

2236 2331 2530 2405 ικνούμεθα
2556 2346 2568 2358 ·
2609 2329 2679 2382 τὰ
2720 2328 2779 2382 δέ
2817 2345 2881 2397 γε
2933 2328 3067 2398 ἡμῖν
3121 2325 3321 2395 ἐφικτὰ
3373 2321 3828 2391 συνεισηνέγκαι.

2232 2426 2499 2487 Πολλάκις
2525 2423 2635 2493 γὰρ
2660 2421 2716 2474 δὲ
2751 2420 2925 2491 μικρὰ
2952 2420 3125 2491 ψηφὶς
3152 2417 3408 2489 μεγάλοις
3441 2412 3835 2482 ὑποδληθείσα

2229 2518 2418 2581 λίθοις,
2447 2515 2508 2568 τὸ
2532 2516 2656 2568 ὅσον
2685 2510 2771 2566 ἐπ’
2794 2511 2957 2583 αὐτῇ,
2988 2509 3052 2564 τὸ
3079 2509 3378 2565 ἀσάλευτον
3404 2506 3619 2569 τούτοις
3650 2516 3833 2574 προσ-

553 2600 697 2656 fcrre
744 2611 1107 2655 maturamus.
1149 2599 1305 2669 Saepe
1352 2610 1594 2669 namque
1645 2613 1846 2669 parvus
1885 2598 2130 2655 calculus

2238 2612 2538 2682 εποιήσατο.

553 2690 768 2761 magnis
811 2692 1146 2747 commissus
1184 2690 1482 2761 lapidibus,
1519 2700 1786 2761 quantum
1825 2691 1877 2743 in
1907 2704 1967 2744 se
1999 2688 2125 2755 fuit,

554 2814 640 2870 his
673 2813 1114 2867 immobilitatem
1148 2827 1208 2868 ac
1235 2811 1543 2868 contulisse
1576 2811 1877 2866 simulavit.

624 2905 761 2972 Quis
787 2914 969 2960 autem
1007 2914 1194 2960 noster
1216 2904 1288 2958 sit
1320 2918 1524 2968 sermo,
1556 2902 1612 2957 in
1657 2904 1895 2957 medium
1934 2901 2121 2972 prole-

552 3006 730 3060 ratur,
778 3012 809 3051 a
843 2997 1046 3052 divinis
1074 2997 1234 3052 vobis
1277 2995 1558 3065 trapezitis
1593 2995 1925 3065 benignitate
1956 2998 2127 3052 multa

554 3088 954 3151 discutiendus,
983 3099 1035 3142 et
1066 3088 1329 3143 divinitus
1374 3088 1637 3157 inspirata
1677 3088 1958 3157 Scriptura
2006 3104 2130 3158 pro-

557 3179 793 3235 bandus.
828 3179 892 3251 [Α
927 3179 1108 3234 verbis
1145 3180 1381 3247 Domini,
1418 3195 1541 3249 qua:
1583 3180 1821 3235 citantur
1846 3195 1877 3235 a
1904 3181 2131 3235 vetustis

556 3261 836 3333 I’atribus,
866 3285 967 3323 nec
994 3280 1123 3324 sunt
1158 3270 1299 3340 apud
1328 3270 1693 3341 evangelistas
1728 3288 1742 3324 :
1771 3268 1955 3324 Estole
1980 3269 2131 3339 probi

558 3363 830 3431 trapezita:
853 3377 872 3415 .'
901 3359 922 3431 ]
956 3358 1000 3415 Ο
1055 3361 1435 3417 sacratissima
1481 3361 1667 3428 statio,
1712 3378 1931 3416 sursum
1967 3372 2136 3432 atque

558 3454 815 3509 deorsum
855 3454 1132 3507 hominem
1165 3452 1232 3507 ad
1268 3452 1561 3522 imaginem
1597 3451 1690 3506 Dei
1716 3452 1919 3507 factum
1952 3455 2016 3508 ad
2047 3471 2137 3508 re-

559 3541 885 3596 ctitudinem
927 3543 1122 3596 iterato
1152 3543 1394 3608 salvate;
1426 3552 1480 3596 et
1519 3544 1754 3597 reditum
1792 3544 1857 3597 ad
1894 3545 2136 3615 origina-

562 3632 668 3687 lem
697 3632 1188 3702 pulchritudinem,
1213 3649 1338 3702 qua).
1363 3649 1458 3702 per
1486 3634 1753 3688 incuriam
1788 3636 2001 3692 sublata
2032 3648 2135 3702 est,

565 3739 759 3779 rursus
788 3738 886 3793 per
917 3738 1107 3779 curam
1143 3725 1192 3778 ei
1224 3724 1545 3778 mercamini
1600 3724 1989 3799 [tnerramini].
2026 3727 2139 3783 Hoc

562 3816 710 3872 enim
771 3818 886 3871 sive
947 3816 1367 3872 observationes
1421 3817 1676 3888 legalium
1729 3819 2131 3886 mandatorum,

564 3908 679 3963 sive
733 3907 1030 3962 relationes
1071 3907 1379 3972 hominum,
1411 3910 1503 3978 qui
1543 3923 1697 3963 more
1733 3909 1974 3965 historiae
2006 3912 2140 3967 bene

564 4001 791 4055 aliterve
822 4000 878 4054 in
913 4001 1117 4055 saeculo
1137 4000 1448 4056 conversati
1479 4011 1630 4067 sunt,
1659 4002 1776 4056 sive
1799 4018 1956 4060 sacra
1992 4006 2141 4075 psal-

566 4090 1050 4161 morumcloquia,
1077 4091 1192 4146 sive
1224 4092 1598 4161 proverbiales
1645 4092 1912 4149 doctrinae
1952 4111 2138 4150 mora-

567 4183 671 4237 lem
717 4183 874 4238 nobis
930 4192 1222 4238 narrantes
1278 4183 1710 4254 philosophiam,
1758 4201 1854 4255 per
1913 4187 2139 4243 multam

566 4261 1441 4344 sollicitudinemexposuerunt.
1496 4274 1603 4328 Sed
1642 4276 1979 4347 impossibile
2024 4287 2143 4333 erat

571 4363 730 4419 facile
758 4365 964 4436 lapsam
1006 4374 1339 4434 peccatoque
1369 4365 1706 4420 subntissam
1742 4377 1995 4421 naturam
2044 4384 2140 4422 no-

569 4466 737 4510 stram
762 4456 815 4510 in
841 4472 899 4511 se
922 4457 1395 4527 antiquissimam,
1417 4473 1484 4511 ex.
1504 4474 1608 4527 qua
1637 4458 1833 4513 cecidit
1855 4459 1906 4512 in
1941 4458 2137 4525 Adam,

570 4549 814 4617 recipere
846 4549 1191 4618 dignitatem.
1220 4547 1354 4615 Qua:
1390 4551 1639 4605 videlicet
1665 4552 1848 4621 potius
1868 4552 2017 4622 eguit
2038 4553 2142 4609 alia

570 4640 806 4709 quadam
846 4642 1070 4696 robusta
1115 4650 1168 4696 et
1200 4642 1618 4713 inexpugnabili
1655 4644 1867 4698 meliori
1915 4646 2140 4712 virtute,

568 4746 691 4800 qua:
725 4731 867 4785 illaut
897 4748 959 4787 ex
986 4732 1205 4787 inﬁrmo
1233 4734 1480 4787 ulcerum
1507 4734 1612 4788 sibi
1642 4736 1977 4805 turgenlium
2012 4753 2143 4806 pro-

570 4823 750 4889 posito
805 4832 1045 4885 sanaret,
1094 4832 1150 4877 et
1213 4823 1279 4877 ad
1337 4823 1705 4880 robustiorem
1773 4826 2142 4882 valetudinem

569 4926 696 4965 cum
728 4913 965 4981 quodam
1000 4908 1215 4967 liberali
1240 4923 1540 4983 augmento
1566 4914 1870 4970 reduceret.
1902 4914 2013 4970 Hoc
2044 4917 2146 4986 igi-

566 5012 661 5075 tur
700 5017 825 5056 cum
874 5000 1038 5058 sciret
1067 5003 1254 5057 divino
1290 5004 1502 5068 Spiritu
1544 5016 1727 5059 motus
1757 5007 2143 5075 prophetarum

569 5094 794 5159 chorus,
827 5096 957 5149 alibi
1006 5096 1273 5165 aliterque
1331 5097 1520 5150 talium
1556 5096 1603 5151 ei
1648 5096 1914 5150 bonorum
1955 5098 2145 5152 nuntia

571 5188 817 5255 protulit,
870 5187 925 5240 in
980 5203 1082 5241 suo
1117 5197 1366 5258 tempore
1407 5188 1789 5257 unusquistlue
1840 5189 2145 5258 praedicens

572 5278 1075 5347 consempiternum
1135 5288 1193 5333 et
1243 5268 1767 5335 consubstantialem
1825 5281 1921 5336 Dei
1963 5281 2146 5337 Patris

574 5364 769 5425 Filium
807 5381 860 5426 et
903 5368 1146 5429 Verbum
1190 5374 1400 5429 divitiis
1444 5375 1709 5430 bonitatis
1765 5392 1877 5430 sua:
1931 5377 1997 5430 ad
2041 5393 2140 5431 no-

572 5472 742 5516 stram
796 5464 1201 5519 extremitatem
1262 5464 1588 5535 profectum,
1629 5476 1871 5521 uestram
1901 5467 2140 5537 perfecte

570 5549 814 5608 induisse
870 5565 1144 5621 naturam,
1197 5564 1251 5610 ct
1304 5556 1443 5610 hanc
1486 5555 1745 5610 invisibili
1777 5566 1830 5611 ct
1876 5559 1969 5628 qui
2023 5560 2141 5614 sine

570 5643 798 5697 materia
833 5653 934 5708 est,
968 5647 1092 5714 igne
1138 5643 1440 5702 divinitatis
1484 5663 1598 5701 suae
1649 5649 1701 5701 in
1748 5650 2132 5718 antiquitatem

568 5731 925 5789 reformasse.
958 5737 1118 5792 Alius
1148 5738 1369 5806 quidem
1399 5739 1682 5809 innuptam
1730 5742 2141 5809 conceptionem

570 5834 625 5879 ct
653 5826 1062 5883 immaculatum
1094 5845 1159 5885 ac
1192 5830 1510 5900 virginalem
1546 5842 1760 5902 partum
1794 5832 2097 5903 praedicans
2128 5850 2141 5887 :

652 5960 674 5991 '
702 5958 868 6014 Amos
893 5995 907 6020 ς
946 5972 1041 6021 ιιι.
1078 5959 1165 6018 15.

2157 3137 2203 3198 C

2175 4504 2221 4561 Ι)

2304 2900 2401 2963 Τίς
2419 2898 2597 2953 τοίνυν
2620 2894 2767 2950 ἐστὶν
2787 2894 2817 2949 δ
2836 2891 3101 2966 ἡμέτερος
3120 2890 3277 2959 λόγος
3302 2890 3360 2943 ἐν
3392 2887 3546 2960 μέσῳ
3575 2888 3828 2959 προΐτω,

2232 2994 2346 3056 τοῖς
2379 2991 2546 3055 θείοις
2566 2990 2700 3059 ἡμῖν
2728 2984 3083 3058 τραπεζίταις
3114 2983 3211 3036 σὺν
3242 2981 3501 3052 εὐμενείᾳ
3537 2980 3711 3050 πολλῇ
3733 2980 3832 3033 δο-

2234 3084 2623 3156 κιμαζόμενος.
2684 3078 2894 3143 Σκοπὸς
2956 3079 3022 3148 τῇ
3081 3074 3427 3143 θεοπνεύστῳ
3485 3072 3702 3144 Γραφῇ,
3772 3063 3829 3123 ὦ

2238 3173 2533 3246 ἱερώτατον
2587 3172 2865 3242 σύστημα,
2925 3170 3039 3224 ἄνω
3092 3185 3155 3220 τε
3216 3168 3313 3221 καὶ
3358 3167 3512 3220 κάτω
3550 3165 3647 3219 τὸν
3692 3165 3830 3218 κατ’

2236 3267 2421 3322 εἰκόνα
2477 3263 2613 3317 Θεοῦ
2672 3261 3039 3332 γεγενημένον
3088 3259 3397 3331 ἄνθρωπον,
3443 3259 3525 3321 είς
3563 3256 3627 3311 τδ
3660 3255 3832 3319 sese;

2237 3355 2662 3415 ἁντισὼσασθαι.
2690 3355 2802 3409 Καὶ
2829 3354 2931 3424 τὴν
2952 3356 3032 3417 εἰς
3057 3353 3118 3408 τὸ
3145 3353 3438 3425 ἀρχέγονον
3461 3350 3659 3413 κάλλος
3693 3349 3831 3402 tiva-

2238 3453 2509 3523 φοίτησιν,
2542 3448 2572 3501 ὃ
2598 3447 2686 3501 διὰ
2718 3446 3047 3518 ἁπροσεξίας
3069 3445 3347 3517 ἀφῄρηται
3369 3460 3382 3478 '
3416 3445 3581 3502 πάλιν
3604 3444 3674 3495 δι’
3700 3445 3829 3496 tm-

2240 3544 2458 3615 μελείας
2488 3543 2623 3597 αὐτὸ
2652 3538 3205 3614 πραγματεύσασθαι.
3242 3537 3412 3591 Τοῦτο
3442 3536 3504 3590 αἴ
3530 3552 3593 3589 τε
3630 3552 3825 3605 παρα-

2239 3634 2483 3705 φυλακαὶ
2535 3632 2645 3687 τῶν
2690 3632 2935 3702 νομικῶν
2987 3629 3357 3700 ἑνταλμάτων,
3412 3630 3475 3681 αἴ
3502 3645 3564 3682 τε
3624 3627 3705 3691 ὼς
3760 3630 3825 3681 ὲν

2242 3728 2483 3798 ίστορίας
2521 3725 2712 3797 τρόπῳ
2754 3724 2862 3780 τῶν
2902 3718 2963 3777 εὖ
3004 3722 3038 3794 ἢ
3068 3723 3272 3794 ἑτέρως
3304 3722 3381 3792 τῷ
3414 3721 3513 3792 βίῳ
3543 3720 3825 3790 συμπολι-

2237 3819 2589 3889 τευσαμένων
2631 3816 2937 3889 ἀνθρώπων
2980 3815 3319 3887 ὑφηγήσειςο
3365 3815 3424 3868 αῖ
3451 3831 3510 3867 τε
3540 3812 3827 3881 ψαλμικαὶ

2242 3912 2558 3983 ίερολογίαι,
2586 3910 2645 3963 αῖ
2672 3927 2731 3963 τε
2764 3907 3155 3980 παροιμιώδεις
3188 3906 3528 3963 διδασκαλίαι
3562 3906 3664 3976 τὴν
3697 3904 3825 3974 158t-

2240 4001 2344 4073 κὴν
2368 4003 2500 4072 ημῖν
2526 3998 2964 4071 ὲπεξηγούμεναι
2985 3995 3303 4067 φιλοσοφίαν
3324 3996 3413 4055 διὰ
3431 3993 3636 4063 πολλῆς
3666 4010 3829 4063 φρον-

2241 4094 2384 4157 τίδος
2430 4090 2763 4145 τεθείκασιν.
2826 4088 2965 4142 Ἀλλ’
3009 4089 3109 4158 οὐχ
3162 4089 3251 4140 οἷα
3296 4104 3358 4141 τε
3409 4088 3632 4155 γέγονεν
3681 4084 3827 4155 αὑτὴ

2242 4183 2440 4254 ἑαυτὴν
2465 4185 2498 4253 ἡ
2529 4181 2808 4243 εὐόλισθος
2840 4180 2996 4251 ἡμῶν
3023 4182 3119 4233 καὶ
3142 4182 3207 4250 τῇ
3238 4178 3485 4250 ἁμαρτίᾳ
3511 4177 3826 4231 ὑπελθοῦσα

2243 4275 2406 4346 φύσις
2443 4276 2523 4339 είς
2558 4276 2617 4331 τὸ
2646 4274 2706 4339 ἐξ
2739 4269 2911 4344 οὗπερ
2950 4274 3244 4326 πέπτωκεν
3282 4274 3340 4325 ὲν
3372 4272 3544 4340 Ἀδὰμ
3575 4270 3827 4341 ἀρχικώο

2242 4385 2403 4423 τατον
2454 4366 2894 4437 ἀνακομίσασθαι
2942 4366 3182 4436 ἀξίωμα.
3230 4365 3488 4436 Δεδὲηται
3519 4364 3577 4416 δὲ
3621 4363 3828 4433 μᾶλλον

2246 4461 2409 4532 ἄλλης
2438 4461 2581 4526 τινος
2612 4458 2897 4522 εύσθενοῦς
2923 4458 3019 4511 καὶ
3045 4459 3479 4527 ἀκαταμαχήτου
3514 4456 3827 4526 κρείττονος

2247 4556 2547 4625 δυνάμεως,
2576 4554 2699 4623 ἥτις
2721 4553 2890 4623 αὐτὴν
2918 4552 3027 4605 τῶν
3066 4551 3127 4614 ἐξ
3157 4548 3418 4612 ἀσθενοῦς
3448 4548 3827 4619 προαιρέσεως

2247 4643 2559 4716 ἂμφυεισῶν
2586 4645 2723 4714 αὐτῇ
2755 4641 2987 4712 κηλίδων
3016 4641 3312 4707 ὲξιάσοιτο,
3341 4641 3434 4693 καὶ
3467 4640 3605 4708 πρὸς
3632 4639 3694 4692 τὸ
3716 4641 3828 4708 ῥω-

2251 4736 2591 4807 μαλεώτερον
2637 4733 2775 4804 μετά
2816 4749 2961 4796 τινος
2991 4732 3279 4801 φιλοτίμου
3328 4729 3671 4801 προσθήκης,
3700 4731 3827 4783 ἁνθο

2249 4827 2631 4897 υπονοστήσει.
2662 4823 2835 4878 Τοῦτο
2870 4823 3161 4895 τοιγαροῦν
3209 4823 3383 4876 είδυῑα
3418 4824 3451 4891 ἡ
3481 4823 3606 4875 θεία
3632 4838 3691 4874 τε
3730 4824 3827 4873 καὶ

2247 4916 2748 4990 πνευματοκίνητος
2774 4915 2883 4967 τῶν
2908 4912 3208 4985 προφητῶν
3230 4914 3438 4984 χορεία,
3459 4912 3622 4973 ἄλλος
3643 4912 3825 4971 ἄλλοθί

2245 5024 2349 5060 που
2390 5006 2497 5058 τῶν
2541 5004 2797 5058 τοιούτων
2846 5004 2981 5074 αὐτῇ
3034 5004 3257 5072 ἀγαθῶν
3301 5003 3400 5066 τὰς
3428 5001 3694 5070 ἀγγελίας
3730 5001 3826 5070 φέ-

2244 5115 2415 5170 ρουσα
2445 5100 2502 5150 ὲν
2529 5102 2647 5161 τοῖς
2676 5097 2886 5150 ἑαυτῶν
2911 5099 3142 5158 ἱκαστος
3173 5097 3388 5166 καιροῖς
3410 5094 3699 5165 διηγόρευε
3732 5092 3824 5145 τὸν

2246 5190 2517 5244 συναῖδιον
2552 5191 2649 5244 καὶ
2674 5188 2964 5260 ὀμοούσιον
2995 5187 3089 5241 τοῦ
3116 5187 3252 5240 Θεοῦ
3303 5187 3397 5239 καὶ
3444 5185 3657 5255 [ἰατρὸς
3694 5184 3823 5236 Υίὸν

2244 5287 2340 5337 καὶ
2385 5282 2581 5351 Λόγον,
2618 5282 2910 5352 περιουσίᾳ
2944 5279 3280 5350 ἁγαθότητος
3305 5280 3385 5341 είς
3412 5277 3510 5348 τὴν
3547 5276 3823 5346 ἡμετέραν

2248 5376 2505 5446 ἐσχατιὰν
2540 5374 2840 5445 ἁφιχθέντα
2876 5373 2973 5445 τὴν
3002 5373 3159 5444 ἡμῶν
3190 5373 3403 5425 τελείαν
3444 5370 3825 5441 ἁμφιάσασθαι

2250 5467 2432 5536 φύσιν,
2474 5466 2567 5518 καὶ
2608 5466 2814 5535 ταύτην
2851 5465 2929 5535 τῷ
2963 5464 3113 5533 ἁΰλῳ
3154 5465 3250 5517 καὶ
3292 5463 3509 5532 ἀοράτῳ
3548 5462 3682 5532 πυρὶ
3722 5459 3823 5529 τῆς

2250 5557 2414 5612 αὑτοῦ
2444 5557 2693 5627 θεότητος
2722 5559 2799 5620 εἰς
2829 5557 2890 5610 τὸ
2922 5558 3151 5627 ἀρχαῖον
3190 5555 3598 5625 ἀναχαλκῶσαι.
3635 5554 3822 5617 Ἄλλος

2256 5652 2354 5721 μὲν
2400 5653 2497 5721 τὴν
2532 5651 2880 5721 ἀνύμφευτον
2918 5650 3201 5718 σύλληψιν,
3247 5651 3341 5700 καὶ
3384 5648 3483 5717 τὴν
3522 5646 3819 5716 ἀμώμητον

2254 5744 2349 5799 καὶ
2393 5742 2724 5813 παρθενικὸν
2756 5742 2977 5795 τοκετὸν
3028 5740 3462 5811 ἀνακηρύττων·
3493 5742 3680 5810 ἕτερος
3724 5738 3819 5804 τὴν

2254 5834 2352 5905 τῆς
2381 5836 2838 5907 ἐπικρατησάσης
2867 5834 2976 5888 ἀπὸ
3007 5833 3104 5905 τῆς
3142 5835 3199 5886 ἐν
3234 5830 3403 5903 Ἀδὰμ
3440 5831 3818 5902 παραϐάσεως,
