4098 6484
193 338 218 404 1
242 339 332 405 ηπ

1384 330 1644 395 SERMO
1689 327 2256 392 LAUDATORIUS.
3110 368 3142 387 κ

190 453 291 506 κιὶ
321 450 487 523 μέχρι
516 449 613 503 τοῦ
648 449 814 520 νόμου
844 448 1143 520 σατανικῆς
1176 444 1563 519 πλημμελείας
1593 443 1790 497 ἀδυνα-

1907 438 2036 494 ilius
2054 455 2183 494 vero
2200 448 2539 510 potentatum
2557 440 2622 514 [ι’.
2644 442 3048 513 potentatuum]
3068 444 3473 512 onzuintodum,

196 548 331 618 μίαν
363 542 602 615 παντελῆ
626 544 942 615 ὁλὸθρευσίν
969 560 1029 597 τε
1058 543 1154 595 καὶ
1186 541 1433 611 μείωσιν.
1462 538 1654 601 Ἀλλος
1683 538 1785 609 τὴν

192 637 365 691 αὑτοῦ
389 635 482 689 τοῦ
513 636 728 689 Σατανᾶ
752 633 893 705 μετά
922 631 1145 687 καὶτῶν
1186 630 1785 700 συναποστατησάντων

192 730 348 804 αὐτῷ
385 730 659 801 δαιμόνων
690 727 945 799 ὀλεθρίαν
987 726 1304 779 ὑπόπτωσιν
1337 722 1447 776 ἀπὸ
1485 720 1785 792 προσώπου

193 822 292 878 τοῦ
333 821 717 894 φανησομένου
746 818 909 881 Θεοῦ,
944 820 1039 872 καὶ
1072 817 1171 888 τὴν
1203 814 1312 869 τῶν
1355 814 1787 884 λελυτρωμένων

196 916 357 987 ἡμῶν
378 914 520 985 ὑπὲρ
544 914 655 967 τῶν
684 915 765 975 είς
790 913 941 981 ἡμᾶς
969 908 1438 980 πραχθησομένων
1463 905 1789 975 δαψιλεστά·

195 1026 309 1063 των
340 1006 564 1078 ἀγαθῶν
595 1005 962 1075 ἀναφαίρετον
986 1002 1363 1073 εὐχαριστίαν,
1388 999 1469 1072 τῷ
1507 998 1791 1070 λυτρωσα-

202 1105 355 1175 μένῳ
379 1100 885 1173 κομισθησομένην.
911 1096 1142 1170 Ἕτερος
1168 1095 1232 1150 τὸ
1251 1095 1501 1149 ἑκούσιον
1523 1092 1621 1147 τοῦ
1654 1109 1790 1164 σαρ-

199 1200 472 1262 κωθέντος
494 1195 633 1250 Θεοῦ
658 1194 854 1261 πάθος,
891 1195 988 1248 καὶ
1015 1195 1115 1264 τὴν
1150 1194 1232 1256 είς
1260 1192 1387 1264 ᾅδου
1415 1191 1663 1255 κάθοδον,
1695 1188 1791 1243 καὶ

201 1291 365 1357 αὖθις
405 1291 503 1364 τὴν
546 1290 609 1356 ἐξ
652 1288 780 1362 ᾅδου
832 1287 1063 1359 εὐσθενῆ
1111 1284 1477 1357 ἀνακομιδὴν,
1517 1281 1791 1355 μετὰτῶν

200 1390 319 1449 τοῖς
351 1385 619 1454 ἀφύκτοις
652 1382 862 1436 ἐκείνου
903 1382 1126 1451 δεσμοῖς
1163 1378 1550 1449 κατεχομένων
1577 1375 1789 1448 ψυχῶν.

206 1476 408 1539 ’Δλλος
437 1478 536 1546 τὴν
571 1473 665 1543 ἀφ’
700 1472 860 1544 ἡμῶν
902 1472 1043 1542 πρὸς
1086 1470 1180 1523 τὸν
1223 1471 1284 1523 tv
1327 1468 1579 1537 οὐρανοῖς
1624 1464 1791 1519 αὐτοῦ

203 1572 430 1643 Πατέρα
464 1568 674 1636 ἔνδοξον
698 1565 1078 1636 ἀναφυίτησιν,
1117 1563 1213 1617 καὶ
1241 1562 1341 1633 τὴν
1371 1561 1514 1633 ἀμφὶ
1543 1560 1611 1613 τὰ
1641 1557 1794 1626 δεξιὰ

203 1664 303 1718 τοῦ
349 1661 554 1732 πατρὸς
589 1660 819 1731 ἵδρυσιν.
855 1657 1087 1727 Ἕτερος
1121 1654 1223 1726 τὴν
1257 1654 1315 1718 ἐξ
1354 1651 1587 1724 ούρανοῦ
1620 1667 1792 1704 κατα-

205 1756 427 1810 πτᾶσαν
449 1754 583 1824 ἡμῖν
615 1752 727 1814 τοῖς
756 1750 837 1811 είς
869 1747 1031 1801 αύτδν
1055 1744 1412 1799 πιστεύσασιν
1434 1741 1669 1812 ἄφθονον
1697 1739 1792 1794 τοῦ

1891 531 2305 597 exterminium,
2327 540 2382 586 et
2407 532 2851 589 imminutionem
2869 536 3341 605 praevaricationis
3355 554 3479 608 qua:

1890 618 2130 673 oblittuit
2170 624 2239 674 ab
2268 622 2465 686 Adam,
2503 633 2558 677 et
2608 623 2664 677 in
2688 623 2865 678 Adam
2902 622 3047 679 facta
3080 634 3167 681 est
3198 642 3374 698 usque
3407 629 3477 683 ad

1894 714 2092 783 legem,
2128 723 2293 785 atque
2328 716 2589 774 diabolici
2630 719 2799 775 simul
2839 719 3047 775 delicti.
3092 721 3251 778 Alius
3294 733 3480 780 autem

1893 805 2141 875 ejusdem
2177 807 2397 864 Satana:
2443 824 2507 864 ac
2553 810 2867 866 dzemouum
2894 852 2908 877 ,
2945 812 3039 883 qui
3085 828 3211 868 cum
3246 829 3314 870 eo
3346 831 3482 886 apo-

1895 907 2052 952 stata:
2089 897 2219 953 facti
2254 910 2404 964 sunt,
2437 902 2717 958 exitialem
2777 907 2989 959 ruinam
3049 921 3081 960 a
3135 905 3281 963 facie
3311 924 3481 979 appa-

1898 990 2069 1046 reutis
2102 990 2219 1056 Dei,
2255 1001 2424 1062 atque
2455 994 2943 1065 incomparabilem
2978 998 3278 1068 gratiarum
3306 1001 3481 1055 aetio-
3572 979 3576 984 ’

1896 1098 2022 1137 nem
2082 1083 2415 1154 redemptori
2447 1085 2785 1145 aﬂ'ereudam
2813 1104 2843 1143 a
2892 1090 3055 1145 nobis
3080 1092 3176 1161 qui
3214 1092 3482 1163 redempti
3587 1070 3594 1085 ’

1896 1190 2115 1241 sumus,
2159 1194 2328 1249 super
2360 1179 2691 1245 largissimis
2728 1181 2890 1237 bonis
2934 1199 3058 1254 qua:
3092 1184 3145 1239 in
3189 1187 3347 1242 nobis
3383 1190 3485 1256 pa-

1898 1276 2039 1323 trata
2096 1279 2245 1322 sunt.
2282 1269 2383 1323 Ast
2416 1268 2563 1323 alius
2616 1270 2984 1325 voluntariam
3045 1272 3315 1329 incarnati
3384 1274 3482 1330 Dei

1899 1362 2238 1432 passionem,
2265 1372 2319 1417 et
2358 1363 2416 1416 iu
2466 1362 2744 1417 infernum
2787 1362 3209 1419 descensionem
3230 1407 3242 1427 ,
3274 1376 3330 1421 et
3358 1381 3487 1421 rur-

1897 1469 1995 1510 sus
2046 1470 2115 1508 ex
2179 1454 2399 1510 inferno
2447 1452 2701 1510 validum
2731 1455 2969 1512 reditum
3005 1473 3130 1512 eum
3172 1460 3484 1527 animabus,

1899 1563 2023 1615 qua:
2051 1548 2461 1605 iueritabilibus
2507 1549 2618 1605 illis
2654 1548 2842 1621 [lorte,
2875 1550 2989 1605 illic
3019 1549 3217 1624 Hard.]
3253 1554 3487 1609 vinculis

1902 1641 2249 1696 tenebantur.
2292 1642 2449 1695 Alius
2479 1657 2611 1696 vero
2652 1643 2960 1713 gloriosum
2991 1660 3021 1699 a
3085 1646 3247 1700 nobis
3281 1645 3349 1700 ad
3380 1646 3487 1701 Pa-

1902 1744 2062 1798 trem,
2112 1735 2208 1804 qui
2264 1734 2320 1789 in
2360 1735 2518 1792 etelis
2550 1744 2657 1800 est,
2703 1751 3041 1806 regressum,
3078 1748 3133 1793 et
3188 1740 3254 1792 ad
3310 1736 3491 1795 Patris

204 1812 532 1915 Πνεύματος
567 1812 939 1911 ἐπιφοίτησιν,
972 1839 1066 1893 καὶ
1096 1838 1196 1909 τὴν
1244 1839 1324 1899 είς
1355 1835 1535 1890 πάντα
1566 1834 1636 1888 τά
1665 1833 1794 1905 ἔθνη

1907 1827 2180 1882 dexteram
2231 1828 2540 1883 sessionem
2576 1846 2589 1883 :
2625 1828 2768 1883 alius
2815 1839 3001 1883 autem
3054 1829 3486 1886 descendentem

204 1938 306 1992 τοῦ
354 1934 717 2005 εὐαγγελικοῦ
770 1934 1131 2004 κηρύγματος
1175 1931 1489 2001 ταχυτάτην
1521 1928 1796 2000 περίοδον,

206 2032 309 2084 καὶ
348 2032 449 2101 τὴν
484 2028 735 2082 ἐντεῦθεν
771 2025 1151 2097 γεγενημένην
1184 2023 1292 2076 τῶν
1329 2022 1433 2075 ἀνά
1473 2022 1569 2092 τὴν
1616 2021 1798 2073 οίκου-

212 2121 387 2191 μένην
417 2118 651 2172 εἰδώλων
682 2116 921 2187 παντελῆ
954 2114 1298 2186 ὀλόθρευσιν,
1322 2112 1411 2166 διά
1445 2110 1548 2181 τῆς
1582 2108 1800 2180 πρῶτον

208 2215 312 2268 ἕνα
344 2215 438 2265 καὶ
475 2213 637 2281 μόνον
664 2210 918 2281 ἀληθινὸν
941 2207 1077 2260 Θεὸν
1099 2207 1255 2277 ἡμῶν
1289 2204 1539 2275 καθαρᾶς
1572 2201 1800 2255 ἀνανεύ-

212 2324 380 2371 σιως,
428 2306 521 2359 καὶ
562 2305 662 2376 τῆς
697 2302 979 2357 ἀνενδότου
1030 2300 1127 2353 καὶ⁵
1164 2296 1451 2368 διηνεκοῦς
1491 2294 1629 2366 πρὸς
1664 2293 1800 2348 ὅλων

210 2394 667 2468 ἀναστησομένης
701 2391 849 2460 αὐτῷ
874 2389 1019 2443 κατά
1045 2390 1229 2458 πάσης
1253 2386 1353 2456 τῆς
1383 2385 1487 2455 γῆς
1520 2385 1713 2450 νοερᾶς
1741 2401 1801 2436 τε

211 2485 312 2539 καὶ
355 2482 734 2553 πνευματικῆς
781 2479 1078 2551 λατρείας⁶
1112 2476 1272 2531 ἅτινα
1301 2476 1479 2529 πάντα
1518 2475 1633 2537 τοῖς
1677 2475 1802 2526 tau-

210 2579 327 2633 τῶν
354 2578 569 2648 καιροῖς
610 2577 677 2646 τῇ
708 2572 935 2644 ἀληθείᾳ
968 2568 1475 2641 ωνεπεράνθησαν,
1506 2567 1604 2620 καὶ
1648 2566 1804 2630 τέλος

213 2670 610 2726 εὐκλεέστατον
632 2666 898 2731 ἐδέξαντο.
928 2665 1198 2717 ’Ἄκουσον
1212 2659 1512 2732 τοιγαροῦν
1534 2658 1631 2712 τοῦ
1657 2656 1805 2712 Παύ-

215 2764 313 2818 λου
343 2759 745 2833 μεγαλοφώνως
779 2756 1111 2828 ἐμὸοῶντος,
1146 2754 1241 2809 καὶ
1268 2754 1368 2825 τὴν
1391 2752 1654 2824 ἀλήθειαν
1677 2751 1803 2805 τούς

212 2873 335 2921 τοις
370 2851 885 2925 ἐπισφραγίζοντοςο
925 2866 944 2901 r
974 2847 1109 2911 Θεὸς
1139 2844 1462 2917 ἐφανερώθη
1508 2846 1569 2897 tv
1616 2844 1805 2915 σαρκὶ,

218 2955 519 3026 ἐδικαιώθη
547 2957 605 3007 tv
638 2952 935 3023 πνεύματι,
964 2949 1122 3020 ὤφθη
1149 2947 1427 3018 ἀγγέλοις,
1450 2944 1728 3017 ἐκηρύχθη
1750 2944 1808 2997 ἐν

220 3064 459 3127 ἔθνεσιν,
491 3056 789 3129 ἐπιστεύθη
820 3057 877 3111 ἐν
915 3055 1130 3126 κόσμῳ,
1164 3053 1442 3126 ἀνελήφθη
1492 3052 1549 3106 ἐν
1591 3049 1740 3122 δόξῃ.
1784 3068 1802 3100 ι

226 3170 297 3222 Ὢ
323 3168 423 3235 τῆς
451 3162 546 3218 τοῦ
576 3161 907 3217 διδασκάλου
957 3154 1370 3230 μεγαληγορίας
1396 3152 1410 3207 ί
1446 3150 1601 3215 Θεδς,
1637 3150 1803 3221 φησιν
1837 3157 1883 3219 c

220 3258 546 3333 ἐφανερώθη
577 3259 637 3313 ἐν
667 3256 853 3328 σαρκὶ,
879 3254 939 3307 τὸ
966 3256 1183 3306 πάντων
1214 3248 1322 3302 τῶν
1359 3244 1579 3316 ἀγαθῶν
1616 3243 1811 3306 αἴτιον,

221 3358 263 3430 ὴ
313 3352 667 3413 ἀνέκλειπτος
714 3346 913 3416 δωρεὰ,
966 3346 994 3398 ὁ
1042 3340 1431 3411 διαυγέστατος
1481 3335 1730 3430 πλοῦτος,

220 3427 450 3513 ἀένναος
517 3444 625 3499 τῶν
683 3428 1060 3510 ἀναφαιρέτων
1116 3432 1471 3505 χαρισμάτων
1531 3429 1717 3501 πηγὴ,
1777 3427 1812 3497 ή

222 3545 526 3613 ἀκόρεστος
581 3536 691 3589 τῶν
768 3530 1078 3589 πεινώντων
1135 3524 1331 3597 τροφὴ,
1373 3524 1401 3577 δ
1460 3520 1521 3587 ἐξ
1580 3516 1811 3589 ούρανοῦ

223 3633 489 3703 ζωοποιδς
533 3631 719 3701 ἄρτος,
754 3626 817 3679 τὸ
847 3623 1068 3677 ἀένναον
1102 3618 1210 3672 τῶν
1253 3615 1528 3685 διψώντων
1573 3614 1811 3703 ῥεῖθρον,

224 3698 288 3795 ἐξ
326 3746 390 3782 ου
420 3729 449 3778 ὁ
489 3698 657 3777 πίνων
701 3719 763 3773 ού
792 3716 881 3789 μὴ
914 3714 1116 3784 διψήσῃ
1164 3713 1243 3772 είς
1282 3709 1374 3761 τὸν
1418 3708 1609 3761 αἰῶνα.
1645 3698 1813 3768 Οὗτος

222 3817 548 3892 ἐφανερώθη
621 3816 680 3867 tv
725 3809 890 3881 σαρκί
913 3825 926 3839 α
968 3805 1106 3861 ἀλλά
1147 3803 1244 3858 καὶ
1289 3800 1368 3856 τῶ
1411 3800 1601 3870 κόσμῳ
1647 3798 1813 3869 φησὶν

222 3908 546 3979 ἐπιστεύθη.

296 4160 428 4222 Πῶς
456 4151 754 4222 ἐπιστεύθη
787 4153 844 4205 ἐν
869 4148 1095 4219 κόσμῳς
1138 4140 1280 4206 sint,
1326 4135 1370 4195 ὦ
1422 4136 1812 4210 μακαριώτατε

224 4253 435 4314 Παῦλε,
472 4246 679 4319 μύησον
722 4244 816 4297 καὶ
848 4241 995 4311 ἡμᾶς
1037 4240 1101 4291 ἐκ
1140 4236 1249 4289 τῶν
1293 4235 1545 4303 ἀρρήτων
1584 4232 1812 4284 ἐκείνων

227 4344 448 4417 φωνῶν,
477 4336 552 4394 ὢν
586 4342 644 4392 tv
674 4338 785 4398 τοῖς
811 4331 1076 4400 ἀφύκτοις
1127 4327 1222 4382 τοῦ
1274 4324 1607 4417 παραδείσου
1642 4323 1813 4394 ἐμυή-

227 4409 365 4510 θης·
400 4431 669 4506 πρόστηθι
695 4428 793 4483 καὶ
822 4426 915 4481 νῦν
940 4423 1035 4477 τοῦ
1065 4420 1444 4491 κηρύγματος,
1477 4409 1538 4471 οὗ
1564 4414 1812 4469 ’ἐπιστεύ-

1898 1921 1967 1973 de
1993 1921 2134 1976 etelo
2175 1921 2336 1977 nobis
2357 1922 2644 1987 collatum,
2678 1922 2773 1992 qui
2800 1922 2854 1976 in
2877 1921 3034 1976 illum
3063 1918 3341 1977 credimus
3371 1924 3493 1978 sine

1900 2013 2131 2079 invidia,
2159 2014 2402 2085 Spiritus
2443 2015 2778 2080 adventum;
2816 2023 2869 2069 et
2930 2015 2983 2068 in
3043 2029 3234 2069 omnes
3295 2025 3489 2085 gentes

1899 2108 2233 2178 evangelica:
2260 2107 2673 2178 praedicationis
2706 2107 3006 2161 circuitum
3032 2107 3442 2163 velocissimum
3473 2125 3488 2164 :

1900 2207 1954 2253 et
1990 2198 2138 2269 quod
2171 2199 2301 2254 hinc
2334 2198 2540 2253 factum
2580 2207 2665 2253 est
2695 2212 2792 2267 per
2836 2197 3025 2252 orbem
3060 2206 3332 2253 terrarum
3368 2199 3491 2254 ido-

1903 2291 2077 2346 lorum
2135 2291 2514 2346 omnimodum
2564 2290 3007 2354 exterminium,
3072 2305 3170 2361 per
3231 2292 3492 2347 mundam

1901 2383 2270 2438 reversionem
2301 2383 2368 2437 ad
2410 2398 2579 2437 unum
2618 2391 2673 2437 et
2696 2381 2872 2437 solum
2902 2396 3093 2437 verum
3152 2382 3323 2437 Deum
3388 2399 3492 2439 no-

1905 2484 2078 2527 strum
2130 2472 2415 2537 eﬂ‘ectam,
2451 2483 2618 2544 atque
2653 2473 3162 2544 impraetermissam
3209 2484 3265 2529 et
3308 2473 3492 2545 jugem

1906 2565 2145 2628 latriam,
2181 2580 2305 2633 qua:
2357 2564 2500 2619 illia
2533 2563 2696 2619 nobis
2763 2579 2861 2634 per
2917 2563 3234 2621 universam
3291 2574 3494 2619 terram

1907 2655 2329 2725 intelligibiliter
2353 2661 2408 2709 et
2429 2654 2753 2724 spiritaliter
2791 2653 3104 2709 exhibetur.
3130 2654 3266 2722 Qua:
3309 2656 3497 2711 omnia

1907 2749 2139 2805 writate
2185 2749 2528 2818 temporibus
2570 2748 2692 2804 suis
2723 2749 3023 2803 terminata
3061 2760 3212 2814 sunt,
3240 2759 3294 2805 et
3328 2749 3495 2805 linem

1908 2840 2375 2909 gloriosissimum
2419 2850 2807 2910 susceperunt.
2853 2840 2996 2896 Audi
3046 2841 3215 2913 igitur
3264 2840 3497 2898 Paulum

1911 2945 2105 3001 magna
2150 2916 2667 2996 voce-clamantem,
2694 2940 2750 2987 et
2780 2934 3065 2988 veritatem
3101 2934 3260 2988 istam
3295 2949 3499 2989 corro-

1913 3023 2197 3078 borantern
2228 3040 2243 3077 :
2279 3043 2299 3075 ι
2341 3023 2484 3079 Deus
2520 3023 2910 3079 amanil'estatus
2936 3035 3021 3080 εει
3044 3025 3098 3079 in
3122 3040 3308 3092 carne,
3335 3025 3501 3096 justi-

1916 3120 2111 3170 licatus
2145 3125 2229 3171 est
2271 3116 2328 3170 iu
2368 3115 2587 3186 spiritu,
2623 3117 2875 3185 apparuit
2906 3116 3136 3186 angelis,
3171 3117 3501 3187 praedicatus

1913 3221 1995 3263 est
2020 3209 2299 3279 gentibus,
2331 3207 2575 3263 creditus
2603 3217 2688 3263 est
2718 3207 2771 3262 in
2801 3207 3029 3274 mundo,
3070 3220 3390 3279 assumptus
3415 3219 3502 3265 est

1915 3301 1969 3356 iu
1999 3302 2170 3372 gloria
2199 3304 2239 3357 ⁸.
2278 3321 2295 3353 ι
2330 3302 2375 3356 Ο
2405 3300 2589 3372 magni
2617 3299 2865 3355 doctoris
2887 3301 3144 3356 allectum
3187 3300 3499 3375 [allatum]!

1914 3392 2083 3458 Deus,
2132 3393 2330 3462 inquit,
2375 3392 2760 3447 manifestatus
2803 3400 2888 3446 est
2920 3392 2975 3445 in
3015 3406 3203 3459 carne,
3235 3395 3381 3463 quod
3418 3402 3506 3449 est

1914 3485 2159 3539 omnium
2199 3484 2470 3537 bonorum
2512 3496 2699 3546 causa,
2743 3481 3067 3539 indelieiens
3103 3483 3347 3551 donatio,
3383 3484 3504 3540 suf-

1913 3574 2308 3630 ﬂeieutissima:
2336 3572 2560 3634 divitiae,
2610 3572 2864 3642 perennis
2906 3588 3017 3628 non
3072 3572 3502 3630 auferendorum

1913 3667 2312 3723 charismatqu
2368 3665 2513 3731 l‘ous,
2571 3665 2900 3719 insatiabilis
2947 3665 3307 3721 esurientium
3353 3683 3503 3733 esca,

1876 3805 1885 3811 .
1912 3758 2167 3813 vitulicus
2194 3756 2263 3811 de
2291 3756 2431 3811 coelo
2475 3757 2652 3825 panis,
2681 3756 2830 3826 jugis
2883 3756 3188 3811 sitientiqu
3225 3758 3402 3824 rivus,
3426 3773 3498 3814 ex

1913 3865 2023 3921 quo
2050 3850 2145 3919 qui
2190 3847 2411 3912 biberit,
2452 3861 2565 3899 non
2612 3846 2759 3901 sitiet
2807 3846 2860 3899 iu
2893 3855 3157 3900 aeternum
3187 3847 3230 3900 ⁷.
3263 3846 3360 3901 liis
3386 3862 3505 3901 mae

1913 3941 2203 3999 uilestatus
2232 3946 2318 3993 est
2356 3936 2411 3991 in
2442 3950 2606 3990 carne
2645 3953 2660 3990 :
2705 3936 2800 3990 sed
2838 3944 2894 3990 et
2922 3935 3151 4003 mundo,
3182 3937 3280 4003 ait,
3320 3938 3502 3993 credi-

1910 4046 2002 4092 ωε
2038 4042 2144 4090 est.

1910 4152 1915 4155 -
1985 4122 2274 4193 Quomodo
2340 4121 2582 4180 creditus
2632 4129 2719 4176 est
2778 4120 2833 4173 in
2890 4120 3132 4176 mundo?
3182 4121 3293 4187 dic,
3346 4122 3506 4179 beate

1912 4216 2116 4281 Paule;
2143 4213 2330 4273 imbue
2355 4220 2410 4266 et
2430 4226 2532 4265 nos
2553 4224 2620 4263 ex
2643 4210 2861 4265 areanis
2890 4209 2997 4264 illis
3020 4211 3274 4277 vocibus,
3300 4213 3502 4282 quibus

1914 4312 1972 4367 in
2008 4309 2208 4365 abditis
2247 4304 2487 4378 paradisi
2524 4303 2773 4358 imbutus
2805 4317 2896 4370 es;
2940 4303 3127 4358 imbue
3155 4304 3320 4358 etiam
3353 4321 3503 4361 nunc

1912 4398 2323 4474 pmdieatioue,
2379 4395 2538 4464 cujus
2567 4391 2811 4448 creditus
2864 4408 2925 4448 es
2974 4392 3029 4446 in
3080 4408 3272 4450 omnes
3311 4407 3503 4465 gentes

699 4480 929 4589 satqu
959 4480 1346 4587 xqpééat,'aat
1376 4480 1673 4573 ἀπόστολος
1724 4524 1805 4577 γε·

1921 4494 2248 4565 ριίειίίριιιυι·
2278 4498 2332 4544 et
2360 4484 2645 4558 apostolus
2673 4484 2811 4539 ﬁeri.
2850 4480 3083 4540 lnl'unde
3109 4487 3362 4556 praesenti
3396 4487 3501 4544 Ec-

1955 4589 1964 4600 -
2035 4586 2046 4597 -
2422 4577 2647 4600 _-_.._M
2711 4576 2992 4600 --....:..._-...
3026 4577 3293 4600 -,ε-,ε.-ι--
3332 4579 3469 4600 ...-Δ

224 4624 443 4677 νέσθαι.
492 4619 750 4688 Πήγασον
806 4615 874 4683 τῇ
931 4607 1183 4679 παρούσῃ
1230 4604 1532 4675 Ἐκκλησία
1579 4602 1671 4656 τὸν
1716 4602 1819 4672 τῆς

228 4714 488 4784 ἀληθείας
506 4710 687 4777 λόγον,
710 4706 803 4761 καὶ
826 4702 1020 4759 σϐέσον
1040 4698 1137 4762 τάς
1168 4696 1366 4768 νοητὰς
1389 4695 1498 4748 τῶν
1517 4690 1817 4764 αίρετιζόν-

224 4823 339 4862 των
384 4802 540 4873 ὕψεις
564 4817 576 4829 ·
616 4798 692 4862 ῶς
732 4812 866 4851 ποτε
906 4791 1114 4863 Ἐλύμα
1143 4788 1238 4844 τοῦ
1274 4788 1474 4859 μάγου.
1520 4785 1815 4857 Τράνωσον

231 4899 379 4969 μετά
406 4890 723 4964 παρρησίας
756 4888 819 4941 τὸ
851 4886 950 4956 τῆς
981 4882 1298 4952 οἰκονομίας
1345 4878 1669 4950 μυστήριον.
1701 4878 1813 4931 Δα-

228 4993 345 5055 λεῖς
379 4989 490 5059 γάρ
518 4986 613 5040 καί
650 4982 789 5055 μετά
819 4980 1072 5042 θάνατον,
1109 4972 1295 5051 φωνῆς
1331 4971 1684 5044 ὑψηλότερον,
1719 4971 1823 5037 καὶ,

230 5080 482 5154 ἐνεργεῖς
508 5076 587 5147 τῷ
617 5071 890 5142 πνεύματι
935 5071 1036 5125 ὅσα
1066 5067 1160 5121 καλ⁸
1197 5062 1397 5138 βούλει.
1433 5061 1564 5127 Καὶ,
1594 5064 1758 5154 φησὶν
1787 5063 1818 5116 ὁ

227 5152 579 5231 διδάσκαλος,
611 5183 629 5216 ι
662 5163 820 5235 Ἐμοὶ⁵
847 5161 930 5232 τῷ
959 5154 1359 5228 ἐλαχιστοτέρῳ
1394 5154 1611 5208 πάντων
1644 5152 1816 5221 ἁγίων

228 5261 391 5331 ἐδόθη
440 5259 476 5330 ἡ
521 5257 683 5328 χάρις
718 5251 859 5321 αὕτη
889 5252 947 5305 ἐν
971 5250 1087 5311 τοῖς
1109 5246 1326 5301 ἔθνεσιν
1355 5242 1816 5312 εὐαγγελίσασθαι

227 5356 325 5408 τον
359 5336 769 5421 ἀνεξιχνίαστον
794 5343 1023 5398 πλοῦτον
1048 5341 1142 5393 τοῦ
1170 5336 1429 5410 Χριστοῦ,
1461 5336 1555 5389 καὶ
1584 5334 1816 5405 φωτίσαι

229 5448 469 5509 πάντας,
502 5444 590 5506 τίς
628 5443 662 5512 ἡ
699 5435 987 5508 οἰκονομία
1015 5434 1111 5489 τοῦ
1144 5430 1445 5504 μυστηρίου
1484 5427 1578 5483 τοῦ
1613 5429 1821 5481 ἀποκεέ

229 5537 562 5612 κρυμμένου
591 5533 700 5589 ἀπὸ
723 5530 831 5586 τῶν
854 5529 1069 5586 αίώνων
1098 5528 1157 5581 tv
1184 5524 1263 5597 τῷ
1284 5522 1424 5612 Θεῷ,
1445 5519 1524 5591 τῷ
1640 5520 1816 5612 πάντα

228 5603 510 5681 κτίσαντι.
546 5642 568 5676 ι
611 5621 908 5690 Τοιγαρτοι
946 5615 1239 5673 ἀκούσατε.
1284 5631 1304 5666 ι
1339 5608 1683 5682 Έπιστεύθη,
1735 5603 1816 5663 εἷ-

305 5806 371 5860 ‘l
400 5802 645 5861 Timotb.
681 5815 767 5868 ιιι,
802 5798 890 5856 16.

1920 4586 2100 4642 clesize
2137 4581 2384 4637 veritatis
2422 4577 2672 4638 verbum,
2707 4576 2994 4645 exstingue
3024 4577 3296 4647 spiritales
3332 4579 3498 4636 hanc.

1920 4679 2155 4733 ticorum
2211 4674 2380 4737 visus,
2432 4679 2490 4724 ut
2537 4669 2812 4739 quondam
2866 4666 3069 4738 Etyma:
3109 4670 3253 4740 magi
3288 4671 3311 4702 ⁸
3351 4688 3365 4725 :
3403 4687 3504 4726 ex-

1919 4770 2097 4842 prime
2134 4781 2257 4822 cum
2301 4763 2499 4818 ﬁducia
2544 4760 2968 4831 dispensationis
3001 4762 3342 4831 mysterium.
3390 4761 3499 4818 Lo-

1917 4863 2102 4933 queris
2125 4861 2269 4915 enim
2305 4859 2467 4912 etiam
2496 4863 2619 4925 post
2657 4862 2889 4909 mortem
2927 4868 3091 4909 voces
3120 4855 3497 4920 excellentius,

1916 4964 1971 5012 et
2009 4952 2255 5024 operaria
2294 4951 2348 5003 iu
2378 4948 2569 5019 spiritu
2599 4960 2938 5016 quaecunque
2966 4944 3072 4999 vis.
3110 4943 3286 5000 Etiam
3323 4946 3503 5014 inquit

1915 5047 2111 5103 doctor
2135 5059 2151 5098 :
2190 5061 2210 5095 ι
2239 5041 2371 5096 Mihi
2398 5039 2628 5094 minimo
2650 5034 2896 5091 oruuium
2928 5044 3243 5091 sanctorum
3267 5036 3392 5090 data
3415 5050 3502 5092 est

1913 5141 2090 5213 gratia
2122 5138 2238 5191 haec
2278 5136 2331 5188 in
2375 5130 2652 5203 gentibus,
2696 5128 3108 5197 evangelizandi
3140 5130 3391 5184 videlicet
3416 5129 3503 5184 in-

1912 5230 2266 5302 vestigabiles
2296 5224 2519 5281 divitias
2548 5221 2775 5286 Christi,
2806 5229 2862 5274 et
2908 5220 3251 5275 illuminandi
3280 5236 3499 5283 omnes,

1925 5343 1990 5384 ac
2040 5321 2299 5385 docendi,
2341 5334 2465 5390 qua:
2502 5316 2573 5371 sit
2605 5311 2945 5384 dispensatio
2990 5314 3234 5384 mysterii
3270 5313 3502 5368 abscon-

1925 5420 2023 5474 diti
2064 5434 2094 5472 a
2129 5413 2342 5471 saeculis
2392 5426 2423 5465 a
2482 5407 2733 5472 Domino,
2785 5406 2878 5476 qui
2933 5406 3115 5461 omnia
3186 5405 3440 5462 ‘creavit’.
3474 5423 3496 5459 ι

1926 5511 2270 5578 Quapropter
2300 5500 2522 5571 audite;
2554 5518 2571 5550 ι
2602 5497 2857 5554 Creditus
2877 5506 2980 5564 est,
3004 5495 3163 5562 dixit,
3185 5496 3239 5550 in
3272 5495 3500 5560 mundo,

1926 5597 2294 5661 reconcilians
2320 5593 2506 5649 omnia
2542 5592 2599 5647 in
2638 5588 2955 5660 semetipso,
2995 5598 3049 5645 et
3082 5587 3377 5662 paciﬁcans
3408 5602 3505 5659 per
3542 5640 3545 5643 γ

986 5799 1005 5831 ⁷
1035 5795 1198 5853 Joau.
1222 5810 1296 5863 tv,
1323 5794 1377 5851 ’5.
1455 5795 1477 5828 ⁸
1506 5796 1626 5852 Act.
1662 5809 1783 5852 xm.
1810 5791 1866 5847 8.
1943 5788 1965 5821 ³
1994 5783 2194 5857 Ephes.
2227 5790 2309 5846 Ill,
2345 5775 2400 5845 3.
2431 5773 2485 5831 9-

3336 334 3477 403 1318
3584 407 3588 411 .
