4098 6486
656 303 795 371 1319

1649 312 2054 375 EPIPHANII
2085 312 2562 378 CATANENSIS
2580 311 2897 376 DIACONI
2962 298 2979 311 "

3795 316 3921 383 1320

653 418 974 490 sanguinem
1005 418 1186 476 crucis
1214 434 1350 487 suae,
1381 422 1498 478 sive
1526 435 1650 491 qua:
1683 422 1739 477 in
1772 432 1941 486 terra,
1966 422 2083 478 sive
2109 439 2206 494 qua

2306 474 2309 486 ,
2337 441 2462 488 πον,
2488 426 2549 479 ἐν
2577 423 2792 496 κόσμῳ,
2819 423 3281 493 ἀποκαταλλάξας
3310 425 3381 481 τά
3411 427 3594 483 πάντα
3626 429 3709 492 είς
3740 429 3927 486 ἐαυτὸν

651 511 707 566 in
739 510 893 567 costis
939 519 1070 567 sunt
1104 511 1170 566 “.
1217 529 1237 562 ι
1280 510 1325 566 0
1359 512 1652 568 sublimem
1707 515 1850 567 lianc
1885 514 2234 582 praedicatio-

2338 514 2436 569 καὶ
2462 515 2894 585 εἰρηνοποιήσας
2924 515 3013 570 διὰ
3043 515 3139 570 τοῦ
3174 517 3410 587 αἵματος
3434 519 3532 574 τοῦ
3558 521 3805 592 σταυροῦ
3836 524 3926 579 ab-

650 603 814 659 nem!
856 602 901 657 0
936 603 1359 659 inenarrabilem
1394 604 1555 661 istam
1590 605 2064 661 misericordiam!
2103 605 2206 662 Uni

2335 604 2454 671 τοῦ,
2479 608 2591 660 εἴτε
2616 607 2685 661 τά
2720 609 2815 661 ἐπὶ
2844 608 2947 677 τῆς
2979 602 3084 680 γῆς
3123 610 3234 663 είτε
3263 610 3333 664 τὰ
3361 612 3420 665 ἐν
3449 614 3563 675 τοῖς
3594 613 3873 684 οὐρανοῖς.
3902 635 3919 668 ι

646 697 865 766 genitus
891 695 1064 751 Filius
1092 695 1189 751 Dei
1219 698 1405 752 omnia
1440 700 1494 753 in
1521 699 1704 769 seipse
1744 700 2108 756 reconcilians
2134 717 2233 770 pa-

646 784 882 840 ciﬁcavit
918 799 1016 855 per
1057 786 1380 857 sanguinem
1430 788 1609 842 crucis
1659 802 1795 845 suae.
1841 788 1908 845 Et
1956 790 2232 860 quomodo

643 877 870 947 quidam
910 886 1033 946 post
1072 886 1278 933 tantam
1336 877 1668 933 ineli‘abilem
1724 882 2229 938 reconciliationem

643 983 748 1024 nos
786 968 903 1023 ﬁeri
944 968 1189 1038 priorum
1246 968 1640 1025 seditiosorum
1685 971 2035 1028 inimicorum
2079 972 2229 1029 alIir-

642 1058 829 1115 mant?
893 1058 1178 1125 Quomodo
1243 1069 1365 1129 post
1423 1061 1588 1117 unius
1643 1072 1698 1118 ct
1744 1065 1922 1121 solius
1960 1066 2073 1121 veri
2136 1067 2228 1122 Dei

640 1150 976 1220 agnitionem
1016 1153 1246 1206 adorare
1288 1151 1434 1206 idola
1478 1153 1831 1212 Christianos
1879 1156 2066 1212 dicere
2103 1160 2225 1214 ausi

642 1254 774 1297 sunt
795 1243 818 1296 ?
838 1243 1148 1297 Praesertim
1174 1259 1298 1298 cum
1331 1246 1597 1315 propheta
1619 1248 1996 1305 omnimodam
2026 1250 2224 1308 lterum

640 1334 1131 1389 comminutionem
1173 1336 1580 1405 quodammodo
1638 1339 1875 1408 clamet,
1926 1353 1983 1398 et
2026 1344 2172 1400 dicat
2207 1364 2222 1403 :

643 1445 664 1479 ι
710 1425 770 1481 ιιι
803 1427 892 1482 die
928 1428 1019 1481 illa
1073 1428 1359 1497 apparebit
1412 1429 1697 1496 Dominus,
1732 1440 1788 1487 et
1839 1437 2226 1494 cxterminabit

636 1518 770 1575 deos
808 1520 1051 1589 gentium
1088 1529 1245 1574 terra)
1276 1538 1288 1572 :
1320 1528 1376 1574 et.
1404 1520 1656 1576 adorabit
1687 1538 1814 1579 eum
1844 1527 2223 1599 unusquisque

637 1610 705 1665 de
730 1610 856 1675 loco
884 1625 1007 1674 suo,
1040 1625 1232 1664 omnes
1260 1610 1455 1665 insulae
1476 1614 1721 1682 gentium
1751 1616 1819 1670 ¹¹.
1867 1634 1885 1666 ι
1928 1616 2065 1674 Ecce
2089 1620 2221 1676 sub-

636 1700 947 1755 versionem
975 1700 1271 1764 idolorum,
1302 1710 1357 1756 et
1386 1701 1497 1757 Deo
1528 1705 1915 1762 celebrandam
1943 1710 2219 1767 adoratio-

2341 694 2406 748 Ὢ
2450 696 2548 751 τοῦ
2589 697 2797 770 ὑψηλοῦ
2832 699 3027 754 τοὺτου
3072 702 3459 773 κηρύγματοςί
3489 697 3536 758 ὦ
3564 704 3667 773 τῆς
3714 706 3921 758 ἀνεκδιο

2334 787 2547 857 ηγήτου
2596 787 2804 859 ταύτης
2851 790 3293 862 φιλανθρωπίας.
3351 793 3411 849 Ὀ
3459 796 3763 867 μονογενὴς
3811 796 3921 862 Υἱὸς

2331 877 2427 931 τοῦ
2457 878 2592 933 Θεοῦ
2623 881 2692 935 τὰ
2729 882 2905 935 πάντα
2934 884 3018 947 είς
3052 884 3249 937 ἐαυτὸν
3285 884 3747 951 ἁποκαταλλάξας
3778 888 3917 959 sipr-

2332 968 2594 1040 νοποίησε
2639 970 2731 1025 διά
2761 971 2856 1025 τοῦ
2889 973 3127 1043 αἵματος
3173 972 3270 1028 τοῦ
3307 974 3546 1044 σταυροῦ
3579 974 3751 1028 αὐτοῦ
3773 990 3788 1002 ·
3835 981 3918 1031 καὶ

2331 1061 2449 1126 πῶς
2491 1080 2638 1126 τινες
2678 1063 2817 1134 μετά
2856 1064 2956 1135 τὴν
2984 1066 3256 1136 τοσαύτην
3299 1066 3678 1138 ἀνέκφραστον
3727 1069 3916 1121 καταλ-

2330 1154 2523 1228 λαγὴν,
2586 1158 2693 1211 ὑπὸ
2738 1161 2898 1231 χεῖρα
2944 1159 3056 1212 τῶν
3099 1160 3270 1215 πάλαι
3323 1163 3668 1217 στασιαστῶν
3715 1163 3915 1235 ἐχθρῶν

2328 1252 2478 1322 ἡμᾶς
2502 1251 2760 1320 γενέσθαι
2783 1253 3247 1326 διῖσχυρίζονται;
3280 1256 3399 1320 πῶς
3423 1257 3563 1327 μετά
3592 1258 3697 1328 τὴν
3726 1260 3809 1321 είς
3832 1257 3914 1313 τὸν

2326 1340 2424 1394 ἕνα
2480 1344 2578 1396 καὶ
2627 1342 2791 1414 μόνον
2837 1344 3093 1416 ἀληθινὸν
3136 1344 3273 1399 Θεὸν
3323 1344 3622 1415 ἐπίγνωσιν
3684 1347 3914 1413 εἰδώλοις

2325 1432 2455 1495 τοὺς
2486 1433 2851 1502 Χριστιανοὺς
2883 1436 3267 1507 προσκυνῆσαι
3296 1439 3473 1491 εἰπεῖν
3509 1437 3910 1508 τετολμήκασις

2325 1521 2505 1576 καίτοι
2532 1521 2626 1575 τοῦ
2652 1524 2933 1595 προφήτου
2962 1522 3062 1595 τὴν
3091 1525 3330 1597 παντελῆ
3356 1527 3564 1581 τούτων
3592 1529 3910 1598 ἐκμείωσιν,

2323 1612 2519 1685 ὥσπερ
2570 1614 2913 1681 ἀναϐοῶντος
2953 1618 3049 1671 καὶ
3097 1616 3348 1687 λέγοντος
3373 1637 3386 1651 ο
3428 1640 3446 1672 ι
3493 1621 3582 1674 Ἐν
3617 1626 3686 1691 τῇ
3728 1623 3910 1693 ἡμέρα

2323 1704 2510 1779 ἐκείνῃ
2544 1705 2943 1778 ἐπιφανήσεται
2991 1709 3223 1780 Κύριος,
3265 1714 3359 1765 καὶ
3385 1711 3765 1786 ἐξολοθρεὺσει
3790 1716 3910 1779 τοὺς

636 1807 761 1847 nem
791 1792 860 1847 ab
910 1807 1243 1864 unoquoque
1279 1795 1347 1849 de
1386 1794 1508 1851 loco
1560 1812 1663 1852 suo
1699 1801 2032 1858 audivimus.
2069 1804 2206 1871 Quo-

2324 1796 2483 1860 θεοὺς
2508 1796 2619 1852 τῶν
2650 1797 2823 1853 ἐθνῶν
2851 1800 2949 1870 τῆς
2982 1801 3119 1871 γῆς*
3153 1804 3248 1856 καὶ
3294 1807 3778 1877 προσκυνήσουσιν
3818 1809 3910 1861 at):

632 1883 799 1938 modo
854 1883 1021 1954 igitur
1081 1900 1180 1940 nos
1219 1885 1313 1954 qni
1383 1887 1489 1942 ltoc
1540 1888 1797 1959 agimus,
1853 1893 2219 1953 idololatriam

631 1989 889 2030 exercere
919 1977 1281 2030 accusantur?
1310 1977 1445 2044 Quis
1471 1989 1657 2036 autem
1697 1992 1752 2038 et
1778 1986 2006 2042 omnino
2035 2002 2220 2059 posset

629 2065 685 2119 in
712 2063 1093 2134 antiquitatem
1135 2066 1403 2122 idolorum
1455 2086 1700 2128 errorem
1739 2091 2008 2133 renovare
2054 2096 2219 2151 super

632 2159 879 2211 terram?
908 2155 965 2211 Si
999 2158 1144 2211 enim
1185 2160 1509 2229 nequissimi
1546 2163 1825 2223 daatnones
1852 2171 1945 2239 qui
1976 2186 2073 2239 per
2102 2174 2218 2231 haec

630 2251 940 2321 placantur,
983 2250 1087 2306 hoc
1119 2249 1299 2307 facere
1337 2266 1590 2323 possunt,
1641 2261 1916 2327 quomodo
1971 2278 2080 2318 non
2119 2266 2216 2321 de-

625 2353 871 2400 struetur
928 2352 1102 2398 totum
1161 2344 1588 2414 dispensationis
1642 2353 1988 2420 mysterium,
2025 2366 2213 2414 sancta

624 2436 916 2493 manifeste
967 2437 1240 2492 clamante
1297 2436 1579 2508 Scriptura
1621 2456 1636 2495 :
1682 2458 1701 2491 (
1746 2442 1883 2509 Quia
1941 2448 2213 2514 percussit

624 2527 881 2582 inimicos
910 2542 1043 2582 suos
1081 2527 1136 2581 in
1166 2528 1578 2598 posteriora“?
1616 2550 1635 2584 ι
1682 2529 1740 2585 ln
1777 2548 1888 2602 quo
1937 2534 2207 2604 innuitur,

622 2619 750 2688 quia
777 2618 1222 2684 Cltristusptiam
1250 2621 1605 2689 opprobrium
1635 2624 2032 2693 sempiternum
2058 2629 2210 2686 dedit

620 2707 723 2763 eis.
761 2706 865 2773 Qui
914 2708 1062 2761 enim
1118 2716 1297 2776 potest
1353 2708 1560 2780 aliquid
1618 2717 1858 2782 operari,
1889 2733 1998 2772 non
2066 2719 2208 2777 inter

621 2811 892 2866 mortuos,
943 2801 1038 2857 sed
1100 2799 1242 2855 inter
1288 2799 1534 2859 viventes
1582 2803 1767 2862 adhuc
1812 2811 1999 2878 procul
2036 2811 2205 2870 dubio

618 2893 995 2949 constituitur.
1070 2890 1358 2959 Quomodo
1411 2905 1595 2950 autem
1661 2906 1715 2953 et
1775 2901 1892 2969 ipse
1951 2906 2204 2974 proprios

617 2986 936 3039 confortans
964 2984 1288 3054 discipulos,
1327 2994 1381 3041 et
1409 2986 1478 3041 ad
1504 3003 1696 3045 onutes
1737 2992 1823 3046 vel
1874 2995 2203 3063 qualescun-

618 3089 725 3144 que
762 3072 1104 3128 dillicultates
1135 3073 1366 3127 viriliter
1396 3074 1714 3131 subeundas
1753 3078 2078 3148 adhortans,
2107 3098 2199 3137 ve-
2227 3112 2270 3168 ο

615 3166 838 3222 ritatem
872 3165 1036 3233 dicet,
1068 3181 1193 3221 cum
1252 3176 1464 3221 asserat
1497 3185 1512 3223 :
1554 3188 1571 3220 ι
1611 3168 1905 3238 Contidite,
1951 3191 2054 3245 ego
2096 3177 2199 3232 νίιεὶ

616 3258 885 3314 mundum
920 3259 1007 3312 “2
1041 3278 1059 3309 ι
1104 3257 1161 3313 Si
1187 3258 1336 3314 enim
1367 3260 1510 3330 quod
1544 3261 1632 3317 hic
1682 3263 1880 3320 vicisse
1914 3281 1973 3320 se
2008 3283 2197 3338 repro-

615 3349 804 3416 mittit,
846 3351 953 3404 hoc
1004 3349 1080 3404 illi
1122 3350 1413 3406 valuerunt
1455 3368 1647 3409 rursus
1693 3370 1788 3425 per
1842 3358 2194 3417 rebellionem

614 3438 854 3503 auferre,
885 3454 995 3493 non
1030 3440 1218 3508 utique
1248 3440 1353 3496 tale
1381 3441 1512 3511 quid
1545 3442 1775 3498 victoria
1802 3448 2194 3517 nominabitur,

613 3547 718 3586 nec
753 3530 897 3584 inter
928 3529 1090 3583 fortia
1121 3529 1265 3586 faeta
1308 3537 1816 3592 connumerabitttr.
1867 3537 2003 3594 Nam
2055 3558 2195 3612 quo-

614 3621 780 3701 modo
813 3621 1041 3678 victoria
1070 3623 1198 3689 erit,
1233 3622 1280 3678 si
1314 3623 1576 3680 liberator
1605 3624 1913 3701 [liberatos]
1945 3632 2001 3686 in
2034 3633 2193 3689 linem

613 3694 842 3771 minime
871 3715 1200 3782 lucrifaciat,
1236 3716 1329 3772 sed
1382 3694 1659 3774 similibus
1689 3721 1759 3776 ab
1797 3694 2010 3795 bis-qui
2044 3728 2196 3796 prius

612 3807 859 3879 superati
894 3806 1134 3873 fuerant,
1176 3808 1570 3867 luctaminibus
1601 3813 1879 3884 redigatur
1910 3816 2193 3890 [redigan-

611 3899 766 3972 tur]?
802 3916 995 3955 verum
1035 3916 1138 3956 nec
1170 3901 1468 3969 similibus,
1504 3905 1598 3960 sed
1649 3906 2008 3967 fortioribus?
2055 3912 2192 3970 Nam

609 3988 896 4059 possidere
931 3988 1063 4058 quid
1116 3998 1170 4044 et
1218 3990 1468 4059 perdere,
1522 3993 1641 4063 plus
1687 3997 1842 4062 milii,
1878 4015 2044 4068 quam
2082 4019 2193 4059 non

605 4079 939 4148 acquisitum
974 4094 1083 4133 non
1119 4080 1425 4149 possidere,
1456 4082 1511 4136 in
1552 4086 1817 4142 rationem
1844 4089 2193 4149 imbecillita-

609 4168 680 4222 tis
733 4152 1100 4238 reputabitur,
1152 4168 1328 4225 Porro
1372 4172 1464 4227 ubi
1499 4185 1659 4244 putas
1697 4177 1968 4236 idolorum
2016 4192 2193 4242 status

608 4251 905 4335 [stratus]?
933 4257 1027 4327 qui
1054 4257 1157 4313 hoc
1184 4258 1430 4317 dicentes
1460 4264 1741 4333 posuistis,
1775 4269 1953 4328 aiunt.
1988 4271 2106 4330 Etsi
2135 4277 2188 4333 in

576 4348 849 4428 ~antiquis
891 4349 1326 4406 dmmonicorum
1366 4354 1701 4425 templorum
1743 4360 1986 4431 sedibus,
2046 4382 2189 4424 non-

2322 1887 2399 1958 τῷ
2428 1888 2660 1954 ἕκαστος
2706 1891 2771 1943 ἐκ
2798 1890 2893 1944 τοῦ
2932 1892 3099 1947 τόπου
3133 1894 3303 1949 αὑτοῦ
3334 1899 3504 1952 πᾶσαι
3535 1900 3589 1953 αἱ
3612 1900 3773 1969 νῆσοι
3806 1900 3908 1954 τῶν

2320 1977 2514 2033 ἐθνῶν.
2557 1998 2577 2030 ι
2654 1979 2903 2043 Ἀκούεις
2950 1980 3051 2053 τὴν
3102 1983 3300 2056 ἡλίκην
3341 1986 3451 2040 τῶν
3507 1988 3721 2042 πολλῶν
3775 1990 3907 2043 θεῶν

2319 2058 2728 2144 καταστροφὴν,
2763 2076 2859 2129 καὶ
2879 2075 2978 2147 τὴν
3008 2076 3069 2141 ἐξ
3093 2078 3312 2150 ἀπάσης
3333 2080 3431 2145 τῆς
3458 2082 3560 2152 γῆς
3587 2084 3822 2138 ἕκαστον
3847 2089 3905 2138 ἐκ

2314 2165 2413 2219 τοῦ
2443 2168 2611 2219 τόπου
2640 2168 2809 2221 αὑτοῦ
2836 2167 2915 2239 τῷ
2940 2168 3057 2239 Θεῷ
3088 2170 3460 2226 ἀποτελοῦντα
3493 2176 3903 2247 προσκύνησιν;

2315 2256 2434 2322 πῶς
2464 2258 2646 2311 τοίνυν
2672 2257 2721 2311 oi
2742 2257 2901 2313 τοῦτο
2928 2261 3262 2331 πράττοντες
3292 2263 3700 2337 εἰδωλολατρεῖν
3728 2270 3903 2321 αξτιὼ-

2318 2350 2495 2421 μεθα;
2548 2351 2635 2415 τίς
2682 2351 2739 2405 δὲ
2770 2352 2906 2416 ὅλως
2941 2354 3036 2407 καὶ
3062 2354 3284 2426 ἴσχυσεν
3330 2359 3411 2421 είς
3446 2359 3507 2412 τὸ
3541 2363 3777 2431 ἀρχαῖον
3806 2364 3897 2435 τὴν

2311 2440 2424 2495 τῶν
2460 2440 2694 2496 εἰδώλων
2723 2442 2934 2516 πλάνην
2967 2445 3063 2498 ἐπὶ
3097 2446 3203 2517 γῆς
3231 2448 3688 2518 ἐπανακαινίσαι;
3723 2455 3773 2506 εἰ
3807 2455 3899 2523 μὲν

2311 2533 2418 2605 γὰρ
2459 2535 2508 2587 οί
2539 2533 2627 2588 διὰ
2663 2531 2869 2590 τούτων
2916 2536 3348 2611 θεραπευόμενοι
3386 2545 3752 2613 πονηρότατοι
3781 2547 3895 2600 δαί-

2312 2641 2475 2694 μονες
2496 2624 2655 2680 τοῦτο
2684 2627 2910 2699 ποιῆσαι
2931 2628 3200 2699 δέδυνται,
3230 2633 3348 2697 πῶς
3378 2636 3479 2689 οὐκ
3504 2637 3897 2711 ἀνατραπήσε-

2307 2734 2398 2773 ται
2422 2718 2543 2772 ὅλον
2559 2718 2622 2773 τδ
2640 2720 2740 2791 τῆς
2756 2721 3070 2792 οἰκονομίας
3095 2728 3418 2797 μυστήριον,
3439 2730 3536 2799 τῆς
3553 2731 3721 2798 ἁγίας
3738 2733 3897 2806 διαρ-

2308 2810 2478 2882 ρήδην
2518 2811 2730 2884 βοὼσης
2773 2813 3019 2887 Γραφῆςο
3048 2835 3067 2869 t
3096 2818 3222 2871 Ὀτι
3247 2821 3481 2888 ἐπάταξε
3510 2825 3635 2886 τοὺς
3658 2825 3895 2897 ἐχθροὺς

2304 2900 2470 2954 αὑτοῦ
2515 2904 2597 2967 είς
2644 2903 2705 2957 τὸ
2758 2903 2965 2971 euicto;
2998 2925 3018 2959 ι
3050 2908 3223 2978 Δῆλον
3282 2911 3339 2963 δέ
3387 2913 3467 2968 ὅτι
3510 2916 3751 2986 Χριστὸς
3803 2922 3895 2974 καὶ

2302 2992 2505 3057 ὄνειδος
2537 2994 2758 3049 αἰώνιον
2787 2996 2988 3053 ἔδωκεν
3008 3003 3213 3065 αὐτοῖς.
3241 3004 3464 3071 Πάντως
3493 3007 3600 3081 γάρ
3626 3010 3717 3063 ὅτι
3744 3013 3774 3065 ὁ
3803 3013 3893 3067 δυ·-

2302 3086 2536 3155 νάμενός
2569 3105 2624 3141 τι
2653 3089 2898 3158 ἐνεργεῖν
2944 3091 3045 3145 οὐκ
3093 3092 3151 3146 ἐν
3196 3100 3310 3160 τοῖς
3341 3098 3652 3165 τεθνεῶσιν,
3682 3104 3805 3158 ἀλλ’
3834 3108 3892 3160 ὲν

2302 3178 2416 3239 τοῖς
2444 3175 2611 3240 ζῶσιν
2636 3177 2717 3231 ἔτι
2741 3182 3171 3241 κατατέτακται.
3209 3187 3332 3251 Πῶς
3353 3190 3409 3243 δὲ
3443 3194 3536 3246 καὶ
3565 3195 3735 3260 αὐτὸς
3762 3200 3890 3263 τοὺς

2304 3268 2472 3333 ίδίους
2522 3271 2909 3344 ἐπιθαρῤὑνων
2952 3275 3207 3348 μαθητὰς
3252 3282 3513 3353 καὶπρὸς
3562 3289 3669 3341 πᾶν
3706 3292 3887 3345 ὁτιοῦν

2297 3360 2407 3415 τῶν
2444 3362 2722 3434 δυσχερῶν
2758 3366 3031 3438 ἀνδρικῶς
3062 3371 3197 3425 ἱέναι
3232 3376 3757 3449 παρακελευόμενος
3787 3386 3886 3437 ἐπ-

2297 3451 2589 3522 αληθεύσει
2621 3453 2796 3522 λέγων
2818 3473 2833 3487 ·
2867 3477 2885 3508 ι
2917 3456 3205 3531 Θαρσεῖτε,
3240 3461 3353 3531 ἐγὼ
3378 3466 3637 3537 νενίκηκα
3668 3472 3765 3525 τὸν
3798 3476 3884 3527 x6-

2303 3558 2460 3613 σμον.
2494 3563 2513 3594 ι
2549 3546 2611 3598 Et
2636 3546 2745 3617 γὰρ
2767 3546 2861 3612 οὓς
2885 3551 3107 3620 νικῆσαι
3134 3554 3341 3620 ἐκεῖνος
3368 3557 3709 3629 ἐπήγγελται
3730 3565 3884 3619 τοῦτο

2297 3636 2495 3689 ἐκεῖνοι
2530 3637 2778 3707 ἴσχυσαν,
2805 3640 2896 3694 διὰ
2915 3641 3015 3711 τῆς
3051 3636 3128 3698 ὧν
3150 3646 3513 3719 ἀφῃρέθησαν
3538 3654 3883 3730 ἀπαναρρήο

2298 3743 2455 3793 σεως,
2480 3730 2591 3783 οὐδ’
2617 3730 2684 3785 ἂν
2704 3731 2763 3785 τὸ
2785 3733 3028 3789 τοιοῦτον
3049 3737 3483 3811 όνομασθήσεται
3510 3746 3659 3819 νίκη,
3684 3751 3796 3804 οὐδ’
3817 3753 3882 3806 ἀν

2293 3821 2413 3884 ταῖς
2456 3822 2538 3884 είς
2579 3820 2831 3895 ἀνδρείαν
2876 3825 3183 3898 ἀριστείαις
3225 3837 3686 3902 κατατετάξεται.
3756 3843 3881 3909 Πῶς

2293 3910 2404 4007 γὰρ
2449 3910 2574 3985 νίκη
2602 3916 2641 4007 νή
2672 3917 2797 3980 τοὺς
2822 3916 3202 3989 λυτρωθέντας
3244 3926 3326 3988 είς
3348 3928 3505 3993 τέλος
3530 3932 3607 4002 μὴ
3632 3934 3881 4007 ἀποκερ-

2292 4002 2527 4074 δήσασα,
2562 4006 2699 4060 ἀλλά
2728 4011 2838 4073 τοῖς
2869 4012 3080 4080 ὁμοίοις
3112 4014 3220 4068 ὑπὸ
3252 4017 3363 4071 τῶν
3401 4022 3667 4092 πρότερον
3712 4002 3881 4101 ἡττη-

2295 4094 2479 4163 μένων
2505 4096 2878 4168 ὑποδληθεῖσα
2911 4102 3261 4174 παλαίσμασι
3286 4123 3301 4172 ;
3332 4110 3576 4182 καίτοιγε
3608 4094 3739 4170 οὐδέ
3768 4094 3883 4185 toi;

2290 4185 2496 4255 ὁμοίοις
2521 4187 2717 4241 πολλοῦ
2747 4206 2810 4258 γε
2836 4193 2932 4244 καὶ
2960 4192 3041 4245 δεῖ
3065 4210 3080 4260 ;
3110 4195 3173 4248 τὸ
3203 4199 3313 4268 γὰρ
3355 4203 3664 4272 κτήσασθαί
3689 4226 3743 4262 τι
3778 4212 3877 4263 καὶ

2289 4274 2555 4330 ἀπολέσαι
2607 4277 2768 4332 πλέον
2808 4282 3000 4352 ἔμοιγε
3028 4286 3123 4340 τοῦ
3146 4327 3161 4352 ,
3219 4290 3280 4343 τὸ
3316 4292 3693 4366 ἀφῃρημένων
3730 4302 3884 4357 ἀντι-

2291 4369 2611 4459 κατασχεῐν,
2644 4372 2725 4434 εἰς
2760 4371 3088 4446 ἀνανδρείας
3133 4385 3652 4457 κατηγορηθήσεται
3694 4391 3881 4459 λόγον.

601 4439 730 4494 dum
757 4441 860 4495 hoc
885 4440 1212 4498 Christianis
1248 4442 1303 4498 in
1350 4461 1575 4503 causam
1620 4451 1871 4510 criminis
1909 4456 2183 4530 irrogabi-

2306 4457 2399 4511 1οὖ
2434 4458 2492 4512 δὲ
2523 4461 2618 4515 καὶ
2646 4460 2757 4533 ἀρα
2790 4464 2892 4529 τάς
2918 4439 3027 4521 τῶν
3055 4439 3304 4526 έιδώλωῖ
3329 4439 3883 4545 ἑτέισὲιςίᾷιξὲἇᾷ

602 4539 716 4582 tur.
750 4528 1011 4585 Videmus
1041 4532 1189 4585 cnim
1250 4534 1514 4601 reliquias
1562 4539 1615 4593 in
1670 4543 1994 4611 quibusdam
2030 4528 2182 4606 locis

599 4619 908 4688 priscorum
957 4621 1385 4679 daemonicorum
1444 4631 1770 4701 templorum
1824 4650 1857 4690 a
1903 4641 2182 4697 veteribus

597 4713 908 4779 derelictas,
939 4717 1007 4771 ad
1037 4733 1315 4789 pompam,
1348 4730 1409 4776 ut
1448 4738 1592 4787 reor,
1625 4742 1816 4784 eorum
1856 4734 1952 4803 qui
2005 4736 2062 4790 in
2095 4736 2181 4794 bis

597 4805 1050 4877 immolaverunt;
1079 4810 1161 4864 vel
1193 4812 1357 4868 etiam
1391 4815 1457 4868 ad
1495 4819 1841 4886 memoriam,
1882 4828 2029 4894 quod
2076 4845 2180 4887 nos

596 4898 857 4970 redempti
888 4916 1100 4968 sumus,
1128 4913 1184 4958 et
1205 4904 1259 4959 in
1299 4908 1598 4977 gratiarum
1626 4912 1870 4971 actiones
1889 4920 2178 4979 ducentem

595 5004 683 5058 per
720 4993 965 5049 visibiles
1008 4993 1365 5067 infit-masque
1414 5000 1770 5061 formationes
1812 5008 1934 5083 :jex
1980 5015 2181 5083 quibus

594 5080 1033 5140 Christianorum
1070 5087 1462 5146 abominabiles
1490 5092 1647 5150 facta:
1691 5108 1822 5155 sunt
1846 5080 2114 5171 culturae,
2148 5123 2180 5163 a

592 5173 790 5243 quibus
824 5191 918 5245 per
962 5177 1237 5235 Christum
1294 5185 1465 5255 erepti
1497 5201 1712 5254 sumus,
1784 5192 1890 5250 nisi
1930 5195 1984 5250 in
2015 5197 2176 5255 Chri°

591 5265 947 5323 stianissimis
1014 5269 1151 5337 inec,
1202 5272 1479 5348 inquiunt,
1540 5281 1790 5341 ecclesiis
1847 5289 2054 5347 nostris
2092 5288 2212 5348 in?

588 5356 931 5415 venit-eatur.

653 5722 699 5760 “
720 5726 934 5788 Coloss.
958 5748 994 5802 ι,
1021 5733 1112 5791 20.
1193 5738 1233 5770 “
1260 5737 1424 5801 Zacb.
1453 5761 1609 5818 xxiii,
1651 5746 1704 5806 9.

1815 5752 1857 5786 ¹¹
1896 5752 2039 5812 Psal.
2089 5773 2291 5831 Lxxrtt,
2331 5761 2420 5817 66.

2287 4641 2397 4694 τῶν
2425 4642 2757 4713 δαιμονικῶν
2785 4650 3031 4719 τεμενῶν
3054 4654 3352 4727 ἱδρύμασιν
3383 4661 3536 4717 οὔπω
3568 4667 3730 4720 τοῦτο
3768 4673 3882 4735 τοῖς

2286 4726 2652 4825 {fma-navet;-
2673 4734 2756 4825 είς
2798 4734 2956 4825 λόγον
2986 4726 3337 4816 ἐγκλήματος
3385 4726 3878 4825 προσ-τριϐήσεταιζ

2305 4813 2557 4887 Ὀρῶμεν
2593 4818 2704 4891 γὰρ
2736 4820 2966 4891 λείψανά
3006 4844 3111 4882 που
3144 4813 3362 4904 ἐνιαχοῦ
3390 4813 3500 4893 τῶν
3524 4813 3695 4896 πάλαί
3730 4846 3880 4899 εἰδω-

2286 4908 2457 4963 λικῶν
2487 4914 2746 5009 τεμενῶν
2773 4919 2926 4988 παρὰ
2953 4921 3065 5009 ¹τῶν
3095 4924 3343 4982 παλαιῶν
3375 4932 3881 5009 ἐγκαταλελειμμέο

2282 5017 2370 5092 να,
2405 5002 2559 5092 πρὸς
2593 5005 2883 5077 θρίαμϐον,
2925 5006 3081 5083 οἶμαί
3116 5032 3241 5087 που,
3271 5022 3381 5075 τῶν
3420 5024 3481 5078 ἐν
3507 5002 3877 5092 τούτοις-επις

2284 5089 2726 5189 θυᾏσάντωνοικαὶ
2763 5098 2948 5170 μέντοι
2994 5106 3258 5179 καὶπρὸς
3303 5114 3530 5187 μνήμην
3573 5089 3731 5189 ήμῶν
3767 5122 3877 5175 τῶν

2280 5182 2711 5277 λελυτρωμένων
2753 5193 2835 5256 είς
2874 5194 3229 5267 εὐχαριστίαν
3256 5182 3429 5276 ήμᾶξ
3451 5182 3757 5277 ἐνάγοῡυσαν
3788 5213 3875 5266 διὰ

2281 5276 2392 5331 τῶν
2422 5278 2720 5351 ὁρωμένων
2752 5280 3018 5357 ἐξιτήλων
3050 5298 3441 5366 μορφωμάτων
3464 5316 3477 5331 ·
3510 5276 3577 5355 ἐκ
3610 5305 3785 5357 ποίων
3817 5307 3875 5359 τὸ

2283 5371 2827 5471 Χριστιανῶν-γένος
2862 5379 3169 5450 βδελυκτῶν
3210 5389 3572 5463 σεϐασμάτων
3608 5392 3693 5452 διὰ
3735 5396 3875 5471 Χρι-

2285 5460 2425 5556 στοῦ,
2466 5463 2904 5539 ἐκλελύτρωται·
2965 5474 3015 5527 εί
3062 5472 3121 5529 δέ
3179 5477 3244 5550 δὴ
3289 5482 3348 5535 ἐν
3385 5460 3507 5547 ταῖς
3555 5460 3874 5556 Χριστιανιο

2282 5554 2559 5622 κωτάταις
2609 5558 2770 5631 ήμῶν
2829 5561 3152 5636 ἐκκλησίαις
3192 5570 3369 5630 ταῦτά
3417 5592 3583 5645 φασιν
3611 5554 3871 5650 -εὐρηκέο

2281 5665 2391 5705 ναι.

2530 5762 2572 5795 ¹³
2601 5758 2760 5823 Joan.
2816 5784 2926 5840 XVI,
2956 5772 3047 5831 53.
