3934 6484
10 428 163 493 12:21

1233 425 1479 488 SERMO
1545 422 2101 487 LAUDATORIUS.

3159 420 3294 491 1112:?

102 546 174 597 Ὠ
248 547 344 613 τῆς
402 542 647 595 ἐντεῦθεν
707 542 975 604 ἀτοπίαςῐ
1050 543 1094 593 ῶ
1158 546 1252 607 τῆς
1321 541 1614 605 παγκάλου

1790 538 1834 592 Ο
1885 540 2202 606 pravitatem
2244 554 2365 607 quae
2415 540 2539 593 hinc
2604 534 2866 594 elﬁcitur!
2926 560 2957 593 υ
2999 542 3289 609 pessimam

10 636 389 705 βλασφημίας
420 636 432 689 l
463 635 585 697 Πῶς
614 634 723 703 γὰρ
756 633 883 687 ἔνθα
912 634 1143 703 Χριστὸς
1174 633 1383 701 κεφαλὴ
1415 632 1508 685 καὶ
1538 630 1624 682 θε-

13 726 222 794 μέλιος
249 727 385 787 ἐστι,
415 724 554 775 κατά
583 723 673 775 τὸν
700 722 1010 789 σοφώτατον
1035 721 1265 781 Παῦλον,
1288 720 1445 772 τοῦτο
1465 720 1621 785 γενέ-

14 817 158 868 σθαι
200 815 512 884 δεδύνηται,
543 813 915 882 Ἐψεύσθημεν
955 814 1123 875 ὅντως
1145 810 1464 882 Χριστιανοὶ
1507 809 1622 877 ’τῆς

13 908 287 971 ἐλπίδος·
328 906 775 976 πεφενακίσμεθα
812 906 866 959 δὲ
910 906 1002 958 καὶ
1040 907 1160 967 ταῖς
1201 904 1309 955 τῶν
1360 901 1624 972 κηρύκων

18 1003 272 1068 φωναῖς.
308 999 361 1051 οἵ
390 1015 455 1065 γε
494 998 628 1050 Θεὸν
657 1000 789 1067 ἡμῖν
834 1000 930 1066 τῆς
966 996 1073 1048 τῶν
1120 996 1386 1064 δαιμόνων
1432 993 1623 1045 πλεον-

19 1093 187 1155 εξῐας
219 1093 365 1159 ἡμᾶς
387 1090 797 1143 ἀπαλλάττοντα
822 1088 1275 1157 ἐπιδεδημηκέναι
1301 1085 1379 1154 τῷ
1409 1084 1510 1155 βίῳ
1534 1101 1622 1137 κε-

22 1181 340 1250 κηρύχασι.
370 1182 489 1242 Πῶς
514 1180 568 1233 δὲ
591 1181 723 1242 ὅλως
744 1178 901 1231 τοῦτο
929 1182 1017 1231 καὶ
1035 1178 1291 1247 ίσχυσαν;
1318 1173 1465 1245 Ἀρα
1491 1176 1620 1243 γὰρ,

25 1275 277 1342 ἐροίμην
306 1271 370 1324 ἂν
400 1272 520 1335 τοὺς
559 1271 701 1324 οὕτω
736 1270 1086 1341 φρονοῦντας,
1112 1269 1187 1332 ὡς
1215 1268 1374 1321 τοῦτο
1405 1268 1505 1336 τῆς
1531 1282 1615 1318 κε·

28 1365 225 1432 φαλῆς
255 1364 410 1433 ημῶν
445 1363 882 1434 παραχωρούσης
913 1362 1225 1431 γεγένηται,
1258 1362 1289 1431 ἣ
1332 1359 1497 1428 τυχὸν
1535 1358 1624 1410 θε-

28 1454 249 1525 λούσης
273 1456 371 1521 μὲν
398 1455 469 1524 μὴ
498 1453 765 1520 γίνεσθαι,
794 1454 867 1522 μὴ
894 1452 1197 1522 δυναμένης
1223 1452 1279 1503 δὲ
1312 1450 1623 1519 ὲπαμύναις

33 1547 140 1598 καὶ
166 1546 287 1608 πῶς
325 1548 424 1598 οὐκ
456 1546 709 1597 ἐπέκεινα
747 1546 899 1597 τοῦτὸ
933 1561 995 1611 γε
1021 1544 1201 1614 πάσης
1232 1543 1624 1612 βλασφημίας;

35 1637 108 1687 El
144 1636 258 1704 γάρ
302 1636 448 1686 ἐστιν
488 1633 693 1703 ἀληθὴς
740 1635 767 1686 ὁ
798 1631 1091 1701 ἱερώτατος
1133 1631 1340 1693 Παῦλος
1392 1632 1627 1700 Χριστὸν

36 1727 184 1778 Θεὸν
222 1725 449 1794 δύναμιν
494 1724 589 1777 καὶ
620 1723 754 1775 Θεοῦ
787 1724 979 1791 σοφίαν
1017 1718 1298 1790 ὀνομάζων
1335 1720 1428 1773 τὸν
1459 1720 1586 1771 rem
1611 1763 1625 1784 ,

42 1819 171 1879 217;;
202 1813 313 1886 ἆρα
356 1817 449 1867 κα)⁹
484 1816 669 1883 ἴσχυσε
704 1814 802 1883 τὴν
829 1812 922 1865 τοῦ
955 1814 1166 1881 Πατρὸς
1196 1811 1626 1879 ἀκαταμάχητον

42 1908 283 1975 δύναμίν
304 1923 362 1957 τε
397 1908 492 1958 καὶ
515 1904 724 1971 σοφίαν,
751 1905 848 1975 τὴν
882 1905 1015 1955 πᾶσι
1047 1903 1107 1953 τὸ
1139 1897 1279 1953 εἶναι
1303 1900 1499 1952 δοῦσαν
1521 1902 1627 1951 τῶν

44 1999 222 2050 ὄντων
273 1995 746 2063 κατευμεγεθῆσαί
790 2011 879 2058 τι;
927 1992 1093 2061 Δῆλον
1130 1994 1239 2061 γὰρ
1276 1992 1358 2043 ὅτι
1393 1994 1441 2043 εἰ
1473 1990 1630 2043 τοῦτο

43 2089 227 2159 ταύτῃ
258 2085 757 2157 συμϐέϐηκεν,οὑδὲ
785 2085 874 2136 τὸν
898 2079 958 2137 οὗ
983 2086 1096 2135 ἐστι
1124 2082 1297 2134 ταῦτα
1322 2081 1429 2135 τῶν
1459 2082 1632 2133 τοιούο

45 2180 163 2232 τῶν
216 2177 687 2247 κατηγορημάτων
745 2176 1097 2245 ὲξωθήσουσι.
1149 2172 1273 2236 Πῶς
1337 2174 1446 2242 γάρ
1502 2174 1631 2235 Θεὸς

48 2272 455 2339 παντοκράτωρ
483 2268 702 2330 δυνατός
727 2285 783 2319 τε
820 2267 915 2319 καὶ
940 2266 1155 2335 ἰσχυρὸς
1182 2268 1209 2317 ὁ
1240 2263 1427 2335 Πατὴρ
1450 2265 1529 2316 ἔτι
1554 2264 1632 2315 λέο

46 2380 229 2431 γοιτο,
263 2363 365 2431 τῆς
404 2361 539 2423 ἰδίας
579 2361 767 2428 ῶσπερ
798 2360 1149 2431 ἀφῃρημένος
1184 2357 1489 2427 δυνάμεως,
1540 2356 1634 2408 καὶ

49 2459 158 2511 ὑπὸ
199 2460 363 2528 χεῖρα
393 2458 497 2509 τῶν
530 2457 680 2525 σφῶν
718 2456 927 2527 ἐχθρῶν
977 2457 1380 2527 γεγενημένος;
1432 2457 1543 2518 πῶς
1578 2455 1634 2507 δὲ

49 2550 147 2603 καὶ
194 2552 336 2612 ὅλως
380 2548 818 2619 παρακεχώρηκε
857 2550 955 2618 τὴν
984 2548 1062 2617 τῷ
1094 2549 1207 2618 ίδίῳ
1234 2548 1400 2601 αὑτοῦ
1442 2550 1635 2617 αἵματι

48 2643 435 2713 ἁρμοσθεῖσαν
474 2643 621 2713 αὐτῷ
644 2641 969 2711 Ἐκκλησίαν
1000 2644 1109 2704 τοίς
1135 2642 1346 2711 ἀγρίοις
1374 2641 1517 2695 οὕτω
1543 2643 1636 2694 καὶ

48 2736 504 2805 ἀφιλοικτίρμοσι
564 2734 1038 2804 καταδουλωθῆναι
1079 2733 1391 2801 πνεύμασι;
1446 2734 1637 2787 Καίτοι

46 2828 148 2879 τοῦ
192 2827 580 2897 ’Υμνογράφου
609 2826 856 2893 λέγοντος
876 2840 889 2855 ⁸
932 2844 948 2875 ι
967 2826 1089 2878 Ὅτι
1124 2825 1264 2878 κατά
1289 2823 1348 2875 τὸ
1380 2824 1513 2893 ὕψος
1544 2825 1637 2876 τοῦ

47 2917 299 2987 οὖρανοῦ
347 2918 455 2969 ἀπὸ
498 2917 597 2985 τῆς
642 2918 743 2985 γῆς
786 2915 1125 2985 ὲκραταίωσε
1171 2915 1372 2985 Κύριος
1406 2916 1467 2967 τὸ
1493 2916 1638 2975 ἕλεος

48 3008 231 3059 αὐτοῦ
282 3008 377 3058 ἐπὶ
426 3008 551 3069 τοὺς
596 3006 962 3076 φοϐουμένους
1012 3007 1195 3060 αὐτόν.
1228 3026 1246 3057 ι
1301 3007 1362 3059 Ei
1399 3008 1507 3077 γὰρ
1548 3008 1641 3059 ἐπὶ

49 3098 223 3150 τοῦτο
262 3098 623 3167 σεσάρκωται,
648 3097 787 3149 ὥστε
813 3098 910 3164 τῆς
939 3097 1141 3150 τούτων
1164 3098 1309 3167 ἡμᾶς
1336 3098 1639 3161 ἀπαλλάξαι

1666 1873 1703 1925 Β

1725 629 2154 697 blasphemiam!
2190 628 2475 694 Quomodo
2510 630 2677 693 enim,
2710 630 2799 685 ubi
2853 630 3103 685 Christus
3130 643 3295 701 caput

1724 732 1778 775 et
1839 721 2252 775 fundamentum
2295 733 2397 785 est,
2457 723 2755 776 secundum
2822 722 3289 790 sapientissimum

1724 812 1955 866 Paulum
1988 813 2051 875 ",
2093 812 2198 866 hoc
2242 811 2358 865 ﬁeri
2389 812 2623 879 poterit?
2651 809 2904 865 Fraudati
2938 826 3065 865 vere
3102 828 3294 868 sumus

1726 918 1821 971 spe
1853 917 1953 957 nos
1976 900 2278 958 Christiani
2311 920 2324 956 :
2366 903 2575 971 decepti
2615 918 2809 958 sumus
2846 902 3008 957 etiam
3035 904 3297 972 ιιι-πώρου

1725 1007 1903 1049 torum
1925 994 2171 1053 vocibus.
2199 994 2291 1063 qui
2336 995 2499 1048 etiam
2531 994 2699 1048 Deum
2734 995 2892 1049 nobis
2920 1010 2951 1049 a
3000 995 3295 1051 daemonio-

1728 1098 1847 1137 rum
1908 1082 2297 1152 superstitione
2362 1097 2464 1135 nos
2514 1083 2870 1135 liberaturum
2924 1083 2978 1136 in
3031 1084 3291 1138 mundum

1726 1175 1943 1229 venisse
1980 1173 2437 1241 praedicaverunt.
2472 1173 2757 1238 Quomodo
2793 1173 2957 1227 etiam
3007 1174 3111 1229 hoc
3146 1176 3297 1239 penis

1728 1277 1817 1321 tus
1839 1267 2022 1320 dicere
2060 1266 2387 1335 potuerunt?
2433 1264 2567 1319 Nam
2598 1267 3071 1333 interrogaverunt
3110 1266 3175 1338 [f.
3217 1268 3299 1319 in-

1727 1357 2090 1429 terrogemus]
2128 1374 2224 1414 eos
2257 1360 2347 1426 qui
2383 1358 2465 1411 sic
2500 1359 2739 1427 sapiunt,
2782 1371 2962 1413 utrum
2991 1360 3093 1414 hoc
3122 1360 3299 1427 capite

1728 1460 1916 1503 nostro
1942 1450 2292 1518 permittente
2320 1448 2525 1503 factum
2550 1450 2643 1511 sit,
2678 1464 2744 1501 an
2775 1448 2913 1504 forte
2943 1450 3153 1504 volente
3179 1453 3300 1519 qui-

1727 1542 1849 1594 dem
1907 1556 1975 1594 ne
2022 1540 2194 1602 ﬁeret,
2248 1556 2354 1594 non
2413 1541 2623 1595 valente
2674 1549 2850 1594 tamen
2912 1541 3164 1595 auxiliari
3200 1558 3215 1594 ;
3248 1550 3303 1594 et

1728 1633 2005 1701 quomodo
2034 1633 2432 1701 subsequenter
2471 1632 2573 1686 hoc
2615 1648 2723 1686 non
2756 1634 2827 1687 sit
2859 1635 3025 1688 totius
3048 1633 3302 1701 blasphe-

1731 1725 1873 1778 miae.
1923 1724 1978 1777 Si
2008 1725 2153 1777 enim
2181 1740 2345 1778 verax
2381 1734 2465 1777 est
2493 1724 2895 1779 sacratissimus
2925 1723 3149 1786 Paulus,
3174 1730 3300 1776 dum

1731 1817 2009 1869 Christum
2044 1814 2240 1869 Filium
2277 1814 2395 1879 Dei,
2437 1815 2689 1869 virtutem
2739 1824 2793 1869 et
2841 1816 2931 1888 Dei
2981 1817 3300 1885 sapientiam

1733 1910 1983 1961 nominat
2007 1908 2071 1970 η,
2103 1907 2403 1975 quomodo,
2426 1922 2636 1975 qumso,
2664 1908 2833 1961 valuit
2860 1906 3038 1961 Patris
3073 1908 3303 1973 inexpn-

1733 2000 2001 2069 gnabilem
2030 1999 2284 2052 virtutem
2310 2007 2362 2051 et
2383 1999 2727 2066 sapientiam,
2759 2014 2877 2066 qua:
2902 1999 3158 2052 omnibus
3180 2014 3303 2053 esse

1735 2092 1947 2156 tribuit,
1985 2092 2285 2160 quidquam
2339 2106 2526 2143 eorum
2578 2107 2700 2158 quae
2751 2101 2877 2144 sunt
2927 2093 3301 2158 exsuperare?

1734 2183 2088 2250 Perspicuum
2122 2183 2269 2237 enim
2318 2193 2420 2246 est,
2453 2185 2580 2251 quia
2611 2185 2654 2237 si
2706 2184 2846 2237 istud
2900 2185 3029 2238 huic
3077 2184 3299 2242 accidit.

1735 2282 1832 2321 nec
1860 2269 1909 2321 id
1944 2269 2087 2337 quod
2136 2285 2241 2323 non
2273 2282 2354 2324 est
2403 2273 2537 2334 lmc,
2567 2287 2596 2323 a
2630 2271 2826 2327 talibus
2857 2274 3301 2328 accusationibus

1736 2359 1957 2427 pellent.
1989 2358 2277 2425 Quomodo
2303 2361 2446 2415 enim
2478 2362 2619 2416 Deus
2646 2364 3012 2432 omnipotens.
3044 2374 3230 2433 potens
3250 2375 3305 2419 et.

1739 2450 1894 2507 fortis
1923 2451 2083 2507 Pater
2108 2453 2285 2507 adhuc
2318 2453 2550 2518 dicatur,
2585 2457 2629 2510 si
2657 2473 2778 2525 quae
2805 2472 2904 2512 sua
2936 2459 3147 2512 sublata
3178 2470 3307 2513 sunt

1735 2541 1957 2608 virtute,
1988 2543 2205 2598 subdita
2235 2543 2473 2598 inimicis
2497 2555 2623 2599 sunt
2648 2546 2876 2601 ellecta?
2902 2546 2993 2603 Vel
3018 2564 3127 2617 quo
3152 2557 3309 2618 pacto

1740 2634 1910 2691 Filius
1950 2636 2179 2691 indulsit
2230 2638 2283 2691 in
2328 2637 2648 2699 Ecclesiam.
2706 2655 2868 2708 quam
2910 2640 3130 2707 proprio
3183 2654 3310 2693 Sull-

1741 2728 1904 2797 guine
1936 2742 2036 2781 suo
2090 2728 2193 2782 sibi
2226 2730 2596 2798 desponsavit,
2644 2730 2975 2784 immanibus
3027 2732 3204 2784 taliter
3257 2742 3311 2785 et

1743 2818 2269 2873 immisericordibus
2299 2835 2491 2873 rursus
2520 2819 2798 2873 deservire
2825 2820 3143 2888 spiritibus?
3169 2838 3309 2890 pne-

1742 2908 1930 2963 sertim
1954 2924 2079 2963 cum
2113 2908 2566 2979 llymnographus
2589 2911 2773 2963 dicat:
2805 2930 2822 2962 ι
2847 2910 2983 2975 Quia
3006 2918 3309 2967 secundum

1743 3002 2084 3055 altitudinem
2125 3003 2248 3057 (εαξιί
2293 3021 2322 3056 a
2357 3011 2495 3055 terra
2538 3002 2882 3056 conﬁrmavit
2917 3000 3180 3058 Dominus
3210 3005 3313 3058 mi-

1744 3095 2097 3149 sericordiam
2125 3111 2278 3150 suam
2305 3111 2467 3163 super
2496 3097 2751 3151 timentes
2779 3112 2905 3151 eum
2930 3097 2993 3150 ".
3026 3115 3045 3147 ι
3076 3095 3132 3151 Si
3163 3099 3311 3152 enim

54 3194 271 3263 χειρδς,
315 3192 458 3243 κατά
490 3191 587 3254 τάς
622 3191 965 3262 προφητικάς
1015 3181 1452 3261 πρωναρῤήσεις
1476 3207 1487 3219 ·
1535 3194 1640 3242 ἀπ-

1748 3192 1801 3246 in
1833 3194 1937 3247 hoc
1972 3197 2284 3247 lucarnatus
2316 3201 2419 3255 est,
2449 3201 2507 3245 ut
2534 3191 2599 3245 de
2628 3206 2819 3245 eorum
2848 3208 2947 3248 nos
2979 3208 3143 3246 manu
3181 3194 3314 3247 Iibe-

56 3281 391 3353 τ,λλάγμεθα
421 3282 497 3346 δὲ,
534 3281 607 3345 ῶς
640 3298 794 3350 φασι,
820 3280 953 3352 πρὸς
982 3280 1154 3351 βραχύ
1173 3298 1186 3312 ο
1215 3282 1298 3343 τίς
1337 3280 1520 3349 ὄνησις
1548 3282 1645 3349 τῆς

62 3378 206 3445 πρὸς
259 3375 471 3444 βραχὺ,
518 3375 617 3428 οῦκ
656 3374 821 3445 οῠσης
880 3374 1000 3443 μὲν,
1046 3372 1307 3441 δοκούσης
1345 3374 1401 3425 δὲ
1432 3374 1644 3425 ἐλευθε-

69 3470 195 3539 ρίας
213 3485 228 3532 ἓ
258 3468 333 3519 Ub
366 3468 473 3537 γάρ
498 3484 579 3519 τοι
602 3467 798 3536 χαρᾶς,
831 3465 966 3519 ἁλλά
996 3464 1239 3524 πλείονος
1261 3465 1353 3516 καὶ
1387 3464 1642 3533 δυσχερε-

68 3559 271 3624 στέρας
299 3556 543 3619 δουλείας
572 3557 830 3625 πρόξενον
853 3559 984 3625 ἡμῖν
1008 3553 1221 3622 γέγονε,
1240 3553 1493 3607 τοσοῦτον
1520 3556 1647 3614 τοὺς

68 3652 195 3703 καθ’
238 3649 396 3719 ἡμῶν
443 3649 670 3718 ἐχθροὺς
719 3647 1087 3718 ἀγριωτέρους
1145 3645 1641 3718 παρασκευάσασα,

69 3746 196 3797 ὅσον
225 3742 455 3803 ἐκείνοις
485 3743 647 3808 ἡμεῖς
674 3740 1075 3807 ἀπαλλαγέντες
1116 3739 1343 3810 ᾠόμεθα
1372 3754 1645 3805 κατεκαγ-

73 3835 337 3903 χάζομεν.
366 3832 477 3885 Ποῦ
508 3834 571 3902 δὴ
591 3829 683 3886 οὖν
706 3835 767 3885 τὸ
797 3833 1041 3899 διηνεκὲς
1063 3831 1225 3884 αὑτοῦ
1255 3832 1401 3892 ἕλεος
1431 3829 1511 3881 ἔτι
1538 3828 1643 3880 σώ-

74 3927 222 3988 ζοιτο
247 3924 334 3987 ἂν,
361 3925 497 3994 ὅπερ
521 3925 661 3977 κατά
682 3926 744 3977 τὸ
762 3924 877 3977 ἀπὸ
890 3924 989 3988 τῆς
1015 3924 1115 3991 γῆς
1141 3922 1279 3992 πρὸς
1311 3920 1371 3972 τὸ
1394 3918 1645 3988 οὐράνιον

75 4018 210 4085 ὕψος
232 4016 522 4086 διάμετρον
550 4017 887 4086 κραταιῶσαι
913 4016 997 4082 ἐφ’
1022 4016 1168 4083 ἡμᾶς
1202 4012 1589 4082 ἐπηγγείλατο,
1619 4010 1648 4062 δ

73 4111 229 4179 δηλοί
254 4110 313 4160 τὸ
341 4111 445 4160 ἀπε
455 4109 750 4177 ριόριστον;
782 4108 897 4171 πῶς
917 4108 973 4160 δὲ
997 4107 1089 4159 κα)⁸
1116 4106 1215 4167 τάς
1240 4103 1469 4175 ἀνομίας
1491 4103 1648 4173 ήμῶν

78 4202 222 4253 κατά
252 4202 311 4251 τὸ
332 4200 431 4268 τῆς
464 4198 725 4268 ἀνατολῆς
748 4198 841 4252 ἐπὶ
865 4197 926 4250 τὸ
943 4197 1157 4251 δυτικδν
1185 4196 1355 4265 κλίμα
1378 4194 1650 4264 διάστημα

79 4293 175 4361 ἀφ’
206 4291 362 4361 ἡμῶν
393 4291 663 4360 νακρύναι
691 4290 930 4356 λέγεται,
953 4290 1089 4359 ὅπερ
1120 4288 1217 4359 τὴν
1247 4287 1486 4357 παντελῆ
1516 4287 1651 4339 ἁπο-

79 4384 350 4455 λύτρωσιν
379 4384 653 4453 σημαίνει,
680 4383 728 4434 εἰ
756 4382 836 4434 έτι
872 4380 1157 4443 τοσαύταις
1189 4380 1484 4450 ὲνεχόμεθα
1514 4378 1651 4431 πλά-

83 4493 231 4541 ναις;
257 4475 362 4527 Καὶ
377 4475 503 4542 γοῦν
531 4476 745 4544 ὁρῶμεν
764 4476 888 4537 τοὺς
911 4474 1017 4525 τῶν
1043 4472 1241 4543 ἰατρῶν
1259 4473 1647 4543 ἐπιστήμονας,

81 4570 131 4619 οἳ
165 4566 383 4618 ἐπειδάν
418 4582 539 4617 τινα
575 4566 681 4617 τῶν
723 4564 963 4627 ἀσθενῶς
1001 4564 1062 4617 τὸ
1097 4566 1255 4633 σῶμα
1296 4564 1651 4634 διακειμένων

82 4662 195 4721 τοῖς
239 4660 306 4710 ὲκ
356 4658 455 4727 τῆς
505 4658 695 4727 τέχνης
744 4658 1109 4727 ἀκριὸασμοῖς
1155 4658 1532 4727 ὲπαμύναντες
1572 4659 1651 4719 εἰς

86 4752 278 4820 ὑγείαν
313 4750 653 4815 ὲπανάξωσιν
672 4791 685 4813 ,
715 4749 811 4819 οὐχ
840 4750 986 4812 ὅπως
1018 4751 1116 4819 μὲν
1139 4750 1302 4802 αὑτὸν
1331 4749 1423 4802 τοῦ
1455 4748 1656 4816 παρόν-

84 4862 176 4906 τος
194 4843 545 4908 ἀπαλλάξωσι
586 4842 813 4906 πάθους,
850 4841 947 4910 τὴν
981 4842 1189 4895 ἑαυτῶν
1219 4840 1532 4909 είσφέρουσι
1562 4857 1653 4891 τε-

86 4938 278 5005 χνικὴν
324 4934 637 5004 ἐμπειρίαν,
684 4934 819 4987 ἀλλά
870 4950 933 5001 γε
981 4934 1077 4985 καὶ
1121 4933 1213 5002 τὴν
1246 4932 1373 4999 ἑξῆς
1415 4930 1505 4983 τοῦ
1539 4930 1655 5000 βίου

89 5026 336 5095 περίοδον
360 5025 771 5095 ἀσφαλεστέραν
799 5024 944 5093 αὐτῷ
977 5024 1066 5077 διά
1094 5040 1256 5075 τινων
1289 5021 1657 5092 προφυλακτι-

89 5118 202 5171 κῶν
254 5116 613 5186 βοηθημάτων
654 5115 1163 5185 πραγματεύονται·
1202 5113 1276 5177 ὡς
1319 5114 1385 5165 ἂν
1421 5114 1496 5183 μὴ
1547 5116 1659 5175 τοῖς

90 5210 274 5269 αὐτοῖς
310 5208 470 5277 τυχὸν
519 5206 578 5271 ἐξ
622 5208 876 5277 ἀπειρίας
928 5207 1178 5276 ὁχληροῑς
1238 5206 1397 5258 πάλιν
1443 5222 1661 5258 συνενε-

89 5301 270 5368 χθείη.
304 5299 365 5350 Εἰ
392 5299 450 5351 δὲ
482 5298 545 5369 δὴ
590 5299 752 5352 πάλιν
780 5299 977 5366 ἀληθές
1010 5300 1177 5361 ἐστιν,
1208 5297 1397 5367 ῶσπερ
1431 5296 1524 5350 οῦν
1568 5297 1660 5349 καὶ

89 5391 377 5452 δέδεικται,
402 5391 482 5442 ὅτι
510 5389 608 5459 τὴν
633 5392 905 5461 ἡμετέραν
926 5393 953 5443 ὁ
977 5391 1272 5459 μονογενὴς
1294 5389 1388 5441 τοῦ
1410 5388 1545 5441 Θεοῦ
1567 5388 1662 5440 καὶ

94 5479 305 5547 [ἰατρὸς
336 5481 465 5544 Υἱὸς
494 5482 769 5551 πεφόρεκε
804 5482 985 5550 φύσιν,
1012 5481 1170 5551 δῆλον
1197 5483 1279 5534 ὅτι
1316 5480 1422 5533 τῶν
1447 5478 1662 5531 οἰκείων

92 5571 264 5638 αὐτὴν
291 5570 667 5641 πεπλούτηκεν
687 5573 926 5640 ἀγαθῶν,
952 5574 1045 5625 καὶ
1078 5572 1186 5625 τῶν
1215 5572 1309 5626 τοῦ
1344 5574 1664 5643 Πνεύματος

92 5662 386 5731 ὲξαιρέτων
430 5662 693 5733 ἐνέπλησε
747 5663 1071 5734 θησαυρῶν·
1117 5664 1192 5726 ὡς
1228 5665 1423 5734 μηκέτι
1457 5664 1663 5731 ταύτην

92 5756 173 5816 εἰς
234 5752 293 5805 τὸ
344 5752 466 5823 ἑξῆς
516 5754 774 5823 δευτέρας
836 5755 1138 5807 ὲπιδέεσθαί
1195 5773 1339 5817 τινος
1389 5755 1658 5825 βοηθείας,

174 5890 215 5920 ’⁵
249 5885 268 5941 Ι
301 5886 425 5943 Cor.
456 5906 537 5952 ιιι,
585 5891 666 5943 ll.
771 5890 857 5943 Η’1
897 5891 1025 5945 Cor.
1062 5907 1099 5953 ι,
1141 5890 1232 5943 24.

464 5984 730 6043 ΡΛτσιιοι..
766 5984 809 6041 C
824 6003 881 6041 ιι.
933 5983 1195 6042 XCVIII.

1685 4534 1728 4589 D

1316 5892 1356 5921 ’⁸
1392 5890 1538 5945 Psal.
1564 5909 1658 5956 mi,
1703 5895 1784 5947 ll.

1749 3293 1893 3338 raret
1922 3283 2219 3339 secundum
2246 3284 2593 3352 proplieticas
2622 3284 3027 3353 prolocntiones
3058 3303 3070 3337 :
3099 3285 3314 3339 liberati

1744 3383 1925 3429 autem
1964 3391 2175 3433 sumus,
2209 3383 2269 3427 ut
2309 3376 2485 3439 aiunt,
2518 3375 2583 3429 ad
2636 3375 2910 3431 modicum
2962 3394 2976 3429 :
3037 3392 3147 3431 non
3190 3377 3312 3442 fuit,

1747 3468 1839 3521 sed
1869 3476 2055 3536 putata
2082 3474 2186 3520 est.
2215 3464 2332 3520 Non
2378 3467 2521 3520 enim
2553 3467 2716 3535 gladii
2746 3465 2999 3540 [gaudii],
3022 3468 3116 3523 sed
3143 3469 3317 3523 abun—

1746 3558 2013 3613 dantioris
2039 3566 2093 3611 et
2123 3556 2444 3612 dillicilioris
2492 3557 2773 3612 servitutis
2820 3558 2976 3613 nobis
3022 3558 3201 3614 factus
3233 3571 3318 3616 est

1747 3665 1936 3712 causa,
1960 3658 2112 3702 tanto
2141 3648 2394 3703 inimicos
2411 3659 2631 3704 nostros
2656 3649 2951 3706 ferociores
2972 3661 3315 3717 construens,

1747 3749 1953 3810 quanto
2006 3742 2126 3796 illos
2163 3756 2262 3795 nos
2292 3742 2531 3806 liberati,
2566 3752 2627 3795 ut
2675 3744 2984 3811 opinamur,
3019 3745 3311 3800 irrisimns.

1754 3835 1855 3889 Ubi
1914 3844 2090 3888 autem
2165 3836 2426 3887 continua
2499 3834 2871 3889 misericordia
2937 3847 3315 3897 conservatur.

1748 3942 1909 3995 quam
1935 3927 2239 3979 secundum
2271 3925 2617 3979 altitudinem
2658 3926 2935 3981 caelestem
2972 3942 3001 3980 a
3037 3936 3179 3982 terra
3212 3928 3315 3981 im-

1751 4032 1937 4072 mensa
1970 4014 2342 4088 [immensam]
2388 4030 2552 4084 super
2590 4030 2690 4071 nos
2720 4016 3075 4072 conﬁrmasse
3120 4034 3180 4073 se
3231 4036 3315 4074 ree

1752 4109 2023 4178 promisit,
2076 4109 2219 4178 quod
2272 4107 2477 4163 indicat
2529 4108 2841 4162 inﬁnitum?
2897 4109 2988 4163 Vel
3044 4114 3317 4180 quomodo

1753 4202 2068 4270 iniquitates
2099 4211 2316 4256 nostras
2342 4201 2627 4269 elongasse
2655 4215 2683 4253 a
2719 4200 2875 4254 nobis
2902 4201 3123 4266 dicitur,
3147 4218 3321 4271 quan—

1754 4300 1867 4345 tum
1900 4293 2065 4346 distat
2113 4293 2182 4345 ab
2223 4292 2429 4346 oriente
2475 4306 2645 4359 usque
2686 4290 2752 4345 ad
2788 4292 3177 4348 occidentalem
3211 4295 3323 4362 pla-

1755 4400 1898 4454 gain,
1928 4384 2072 4454 quod
2121 4384 2489 4437 omnimodam
2544 4383 2968 4454 redemptionem
3022 4386 3221 4456 signat,
3276 4386 3322 4440 si

1757 4475 1936 4529 adhuc
1965 4474 2172 4529 eisdem
2216 4474 2559 4543 implicamur
2587 4475 2911 4530 erroribus?
2941 4475 3008 4530 Et
3046 4485 3193 4532 certe
3243 4478 3327 4529 vi-

1758 4569 1950 4621 demus
1981 4566 2315 4620 medicorum
2363 4565 2749 4634 peritissimos,
2780 4582 2905 4621 cum
2954 4568 3189 4637 aliquem
3238 4568 3325 4621 in-

1761 4659 1918 4711 tirmo
1951 4672 2181 4727 corpore
2221 4658 2496 4727 jacentem
2529 4659 2665 4713 artis
2697 4673 2809 4712 sua:
2844 4658 3138 4730 diligentiis
3168 4660 3326 4728 adju-

1759 4750 1952 4814 verint,
1980 4759 2032 4803 et
2058 4749 2124 4803 ad
2154 4748 2442 4804 sanitatem
2468 4750 2807 4813 reduxerim,
2845 4765 2953 4805 non
2984 4766 3106 4803 cum
3136 4766 3260 4803 mox
3293 4766 3322 4802 a

1759 4842 2011 4909 praesenti
2061 4842 2406 4897 liberaverint
2472 4844 2771 4913 passione,
2824 4842 3145 4895 subtrahere
3192 4842 3325 4895 artis

1758 4935 2172 5003 experientiam.
2198 4935 2290 4990 sed
2310 4944 2455 4990 certe
2479 4933 2549 5005 [Ῑ.
2575 4943 2734 4989 certa:
2760 4932 2957 5005 Hann.)
2982 4935 3103 4988 vita:
3127 4935 3221 4988 Cll‘t
3243 4934 3327 4987 ui-

1760 5036 1874 5080 tum
1903 5028 2201 5081 cautiorem
2236 5030 2283 5081 ei
2340 5042 2433 5096 per
2462 5025 2707 5095 qumdam
2740 5025 2943 5078 auxilia
2976 5026 3324 5095 praemunire,

1762 5110 1993 5170 valentia
2018 5117 2311 5171 sollicitum
2340 5116 2554 5185 operari
2600 5132 2613 5167 :
2659 5124 2932 5183 quatenus
2973 5131 3080 5168 non
3120 5115 3326 5169 eisdem

1761 5205 1899 5260 forte
1932 5222 2028 5275 per
2074 5204 2394 5273 imperitiam
2442 5202 2637 5256 iterum
2675 5204 2937 5258 molestiis
2966 5204 3327 5273 opprimatur.

1762 5296 1858 5348 Ast
1880 5310 2073 5350 rursus
2096 5295 2139 5347 si
2170 5306 2353 5345 verum
2381 5300 2484 5354 est,
2515 5292 2970 5358 quemadmodum
3003 5300 3056 5344 et
3078 5302 3331 5357 compro-

1764 5386 1951 5440 batum
1986 5392 2107 5446 est,
2146 5382 2273 5452 quia
2305 5392 2545 5436 nostram
2576 5381 2888 5451 unigenitus
2921 5379 3012 5434 Dei
3053 5388 3108 5433 et
3152 5378 3332 5433 Patris

1763 5476 1933 5531 Filius
1967 5476 2144 5531 induit
2176 5484 2426 5530 naturam
2455 5492 2468 5527 :
2498 5472 2847 5527 manifestum
2879 5480 2982 5538 est,
3027 5471 3171 5541 quod
3207 5486 3332 5540 pro-

1764 5570 1897 5639 priis
1923 5584 2041 5623 eam
2061 5568 2221 5622 bonis
2239 5567 2510 5632 ditaverit,
2535 5575 2584 5619 et
2605 5565 2889 5634 praecipuis
2909 5564 3144 5634 Spiritus
3170 5565 3331 5621 donis

1764 5665 2069 5735 repleverit,
2112 5679 2179 5717 ne
2200 5661 2266 5716 de
2287 5671 2483 5717 cretero
2502 5663 2683 5716 saeculi
2711 5661 2980 5733 [secundi]
3006 5662 3330 5731 cujusquam

1766 5761 1945 5821 egeret
1977 5751 2201 5813 auxilio,
2232 5752 2397 5806 semel
2431 5750 2585 5805 abeo
2613 5751 2803 5805 robore
2832 5751 2922 5819 qui
2952 5755 3090 5805 hanc
3122 5768 3335 5805 assum-

1867 5891 1906 5921 ιτ
1936 5888 2089 5942 Joan.
2129 5904 2166 5951 ι,
2198 5887 2287 5941 32.

2900 5981 2972 6039 ιε
