4098 6486
646 426 781 489 1323

1630 422 2029 482 EPIPHANII
2079 424 2544 486 CATANENSIS
2597 428 2900 489 DlACONl

3775 428 3909 491 1324

643 539 755 607 psit
782 541 1027 605 accepto.
1059 530 1172 587 Hoc
1199 531 1364 595 enim,
1396 547 1541 598 reor,
1571 540 1626 586 et
1661 532 1857 586 beatus
1888 532 2217 600 evangelista

2329 534 2478 597 ἅπαξ
2502 537 2562 587 τὸ
2596 536 2848 598 εὐσθενὲς
2878 537 3029 607 παρὰ
3058 536 3151 589 τοῦ
3181 536 3385 608 ταύτην
3418 537 3775 608 ἀνειληφότας
3814 544 3904 594 λα-

642 629 908 689 insinuat,
929 640 1052 679 cum
1073 632 1315 693 tempore
1339 623 1683 693 baptismatis
1703 624 1948 678 omnium
1970 632 2220 677 nostrum

643 718 948 774 Salvatoris
977 716 1177 772 Christi
1209 732 1269 771 se
1293 716 1493 771 vidisse
1522 716 1653 770 dicit
1682 716 1945 785 Spiritum
1969 723 2219 771 sanctum

641 812 709 864 de
742 808 899 864 ctelis
947 807 1367 863 descendentem
1402 815 1458 860 et
1512 817 1822 861 manentem
1872 822 2036 876 super
2061 822 2217 873 eum;

641 900 956 971 significans
985 914 1109 953 eum
1142 911 1392 953 naturam
1428 899 1494 953 de
1545 907 1740 954 caetero
1769 899 1887 954 sine
1916 898 2223 969 adjectione

644 992 999 1065 [abjectione]
1029 994 1255 1047 ditasse.

712 1173 924 1226 Etenim
951 1187 1057 1226 non
1087 1170 1277 1241 egebat
1307 1170 1395 1225 ille
1423 1171 1516 1240 qui
1547 1186 1640 1241 per
1690 1171 1877 1227 omnia
1931 1172 2077 1227 Patri
2140 1183 2221 1226 est

642 1264 957 1334 coaequalis,
1004 1262 1242 1332 Spiritus
1271 1263 1336 1317 de
1378 1265 1532 1319 cmlis
1563 1262 1821 1324 adventu,
1856 1275 2122 1333 quantum
2155 1265 2220 1318 ad

643 1356 873 1426 propria:
903 1365 1110 1409 natume
1140 1356 1373 1424 pertinet
1399 1357 1689 1410 rationem.
1730 1354 2119 1425 Nunquidnam
2166 1358 2220 1411 in

644 1459 1081 1520 se-augmentum
1134 1449 1438 1504 sanctitatis
1470 1450 1796 1514 :zequireret,
1828 1450 1923 1518 qui
1966 1460 2221 1519 paternos

644 1544 697 1595 in
735 1542 1029 1609 semetipso
1076 1539 1179 1594 fert
1214 1541 1578 1603 characteres,
1608 1549 1662 1594 et
1712 1540 1951 1609 Spiritus
1982 1543 2222 1595 consub-

644 1633 994 1689 stantialitate
1042 1633 1356 1688 nullatenus
1387 1634 1804 1688 commutatur?
1837 1633 1939 1689 Sed
1972 1643 2219 1689 nostram

646 1729 697 1779 in
739 1743 796 1781 se
846 1726 1229 1796 praefigurabat
1277 1725 1554 1796 gratiam:
1607 1727 1870 1796 quoniam
1905 1741 1970 1781 eo
2003 1742 2112 1797 quo
2166 1728 2219 1781 in

644 1818 813 1871 Adam
864 1833 1058 1872 sumus
1090 1817 1306 1887 privati,
1340 1832 1436 1886 per
1463 1818 1639 1885 ipsum
1687 1826 1741 1873 et
1777 1818 1830 1871 in
1880 1818 1998 1887 ipso
2029 1834 2219 1873 sumus

645 1913 841 1963 iterum
874 1910 1206 1979 locupletati,
1238 1918 1291 1965 et
1320 1920 1531 1965 natura:
1578 1912 1804 1981 antiqua
1850 1910 2090 1980 dignitas
2136 1927 2219 1965 re-

642 2002 761 2057 diit.
794 2002 848 2055 Si
881 2004 1044 2073 igitur
1070 2002 1308 2073 Spiritus
1340 2004 1509 2073 gratia
1537 2019 1700 2073 super
1729 2019 1853 2057 eum
1880 2003 2219 2058 descendens

646 2096 943 2150 mansissse
985 2096 1211 2165 legitur;
1244 2105 1297 2150 et
1326 2096 1429 2151 hoc
1459 2097 1677 2166 quidem
1716 2113 1820 2150 non
1852 2106 1935 2152 est
1968 2097 2220 2165 rejicien-

645 2190 796 2255 ιιιιιιι,
829 2197 1081 2243 naturam
1133 2188 1341 2244 scilicet
1380 2190 1634 2259 deinceps
1686 2205 2043 2245 conservasse
2088 2190 2191 2243 Ver

645 2283 805 2345 bum;
836 2281 1108 2350 apparuit,
1141 2282 1268 2349 quia
1314 2281 1562 2352 profecto
1607 2282 1921 2350 hujusmodi
1955 2282 2127 2350 gratia
2167 2282 2217 2334 in

644 2390 806 2427 omne
829 2389 1000 2443 genus
1031 2374 1365 2443 pertransiit.
1416 2374 1702 2441 Quomodo
1737 2390 1867 2445 ergo
1905 2374 2220 2443 perhibetur

648 2468 1005 2539 [perhibent],
1040 2485 1140 2523 nos
1173 2470 1439 2524 veraciter
1491 2470 1797 2540 ignorantia
1844 2484 2120 2538 peccasse,
2165 2478 2220 2523 et

644 2561 799 2630 quasi
834 2561 1094 2615 honorem
1124 2562 1217 2630 qui
1248 2577 1375 2631 erga
1402 2561 1572 2616 Deum
1605 2572 1686 2618 est
1711 2562 2068 2626 exercendus,
2099 2562 2218 2616 ido-

646 2654 712 2706 lis
741 2652 1091 2707 exhibuisse?
1124 2651 1258 2706 Nam
1314 2654 1624 2723 hujusmodi
1671 2654 1889 2724 quidem
1926 2670 2021 2725 per
2066 2654 2223 2709 Chri-

644 2756 784 2799 stum
813 2746 986 2810 gratia
1013 2760 1203 2799 sumus
1230 2746 1406 2800 dilati.
1439 2746 1533 2802 His
1556 2747 1847 2802 dicendum
1874 2755 1956 2803 est
1983 2749 2077 2818 qui
2105 2764 2219 2801 om-

643 2839 731 2891 nia
768 2846 1124 2908 praasumunt.
1163 2836 1334 2891 Porro
1362 2840 1405 2892 si
1441 2840 1675 2895 confessi
1720 2840 1940 2905 fuerint,
1973 2840 2089 2895 hmc
2121 2856 2218 2894 nos

644 2946 765 2997 qua:
790 2945 952 3000 super
993 2930 1218 2984 verbum
1270 2939 1401 2985 sunt
1434 2932 1597 2995 bona,
1634 2948 1729 3001 per
1780 2932 2056 2986 Christum
2115 2949 2219 2985 me-

645 3024 842 3085 ruisse,
893 3022 986 3076 sed
1038 3030 1163 3091 post
1221 3022 1323 3076 hoc
1371 3023 1647 3091 prioribus
1693 3023 1875 3077 denuo
1912 3023 2218 3078 submissos

643 3129 765 3168 esse
792 3114 1114 3168 erroribus:
1148 3113 1419 3168 infirmata
1451 3123 1535 3167 est
1561 3129 1689 3183 ergo
1730 3116 2028 3169 secundum
2069 3115 2217 3185 ipsos

644 3206 815 3273 gratia
858 3222 981 3275 qua:
1022 3222 1120 3276 per
1153 3205 1417 3275 Spiritum
1459 3207 1581 3259 data
1618 3216 1720 3271 est,
1778 3222 1843 3261 ne
1888 3205 2217 3261 sufficienter

644 3312 818 3367 usque
845 3299 895 3350 in
921 3298 1083 3352 linem
1117 3313 1238 3352 cum
1268 3298 1353 3350 his
1379 3299 1469 3367 qui
1500 3298 1666 3351 semel
1692 3298 1831 3351 hanc
1858 3300 2033 3352 sortiti
2068 3310 2214 3359 sunt.

644 3396 1010 3456 permaneret.
1049 3387 1115 3442 Et
1144 3388 1275 3457 quid
1326 3387 1398 3441 ita
1445 3402 1636 3456 sapere
1663 3390 1835 3457 magis
1868 3390 2096 3458 impium
2133 3391 2219 3445 vel

648 3482 960 3538 infelicius?
993 3481 1087 3538 Vel
1116 3482 1393 3552 quomodo
1440 3482 1486 3536 is
1532 3482 1625 3551 qui
1679 3497 1775 3551 per
1808 3484 1992 3537 omnia
2036 3485 2219 3553 justus

646 3583 750 3637 est,
782 3584 835 3629 et
862 3577 1076 3629 eunetis
1102 3572 1370 3627 vivificam
1412 3576 1618 3643 praebet
1662 3574 1938 3636 virtutem,
1971 3576 2215 3629 omnium

646 3668 894 3724 videlicet
916 3668 1192 3738 inspector
1208 3677 1372 3737 atque
1395 3667 1740 3736 omnipotens
1763 3668 1934 3723 Patris
1954 3670 2214 3738 Spiritus,

646 3772 839 3815 natura
874 3776 969 3814 sua
1024 3759 1257 3823 deficiet,
1306 3768 1361 3813 et
1410 3759 1683 3813 mensuris
1731 3759 2063 3817 infirmitatis
2091 3778 2218 3816 suc-

644 3852 997 3909 cumbct?Aut
1017 3852 1294 3923 quomodo
1317 3852 1446 3906 illud
1466 3852 1609 3923 quod
1630 3853 1863 3908 dicitur:
1893 3873 1910 3904 ι
1925 3853 2215 3910 Vobiscum

644 3960 762 3998 sum
800 3945 1058 3999 omnibus
1115 3943 1310 3999 diebus
1359 3959 1531 4014 usque
1582 3944 1648 3998 ad
1687 3948 2216 4003 consummationem

644 4038 830 4093 saeculi
875 4036 920 4069 ¹¹¹
948 4077 963 4101 ,
1024 4057 1043 4089 ι
1080 4052 1269 4092 verum
1305 4037 1558 4091 salutaris
1610 4036 1867 4091 fatebitur
1888 4053 2015 4104 vox,
2065 4041 2109 4095 si
2142 4057 2219 4095 re-

643 4129 1070 4198 promissionum
1105 4129 1223 4198 ejus
1272 4145 1357 4184 res
1392 4144 1486 4197 per
1526 4143 1687 4196 opera
1722 4130 1775 4182 in
1808 4130 1968 4184 linem
2002 4146 2220 4199 proces-
2266 4192 2276 4197 ,

644 4220 783 4275 sisse
840 4235 948 4276 non
1004 4220 1286 4275 cernitur?
1338 4220 1549 4274 Etenim
1588 4220 1790 4275 talibus
1844 4230 1971 4275 tunc
2030 4238 2215 4277 secum

644 4312 1035 4367 exsistentibus
1078 4312 1282 4367 sanctis
1328 4310 1591 4379 apostolis
1624 4311 1786 4366 talem
1842 4316 2218 4381 repromissio-

648 4418 771 4458 nem
797 4402 1040 4458 donavit.
1073 4402 1358 4471 Quomodo
1385 4403 1529 4457 enim
1564 4416 1738 4472 usque
1767 4402 1835 4456 ad
1868 4418 2219 4460 consumma-

646 4494 851 4547 tionem
878 4494 933 4547 hi
963 4495 1019 4547 in
1061 4509 1225 4549 carne
1253 4504 1695 4564 permanserunt,
1725 4493 1818 4562 qui
1843 4495 2007 4549 etiam
2044 4498 2217 4551 modi-

2324 626 2546 679 ϐοῦσαν.
2567 627 2739 680 Τοῦτο
2760 628 2889 698 γὰρ,
2917 624 3094 697 οἶμαι,
3132 630 3223 682 καὶ
3251 631 3281 681 ὁ
3317 630 3590 699 μακάριος
3620 630 3908 697 εὐαγγελι-

2326 717 2455 787 στὴς
2486 718 2780 771 αἰνίττεται
2800 734 2816 751 ο
2848 719 2906 772 ὲν
2944 719 3023 789 τῷ
3053 718 3229 790 καιρῷ
3259 720 3353 772 τοῦ
3394 720 3779 791 βαπτίσματος
3817 723 3911 775 τοῦ

2326 807 2543 860 πάντων
2605 809 2765 878 ἡμῶν
2827 809 3078 880 Σωτῆρος
3130 810 3366 880 Χριστοῦ
3424 812 3555 865 ἰδεῖν
3610 812 3791 879 λέγων
3852 830 3910 864 το

2323 898 2549 969 Πνεῦμα
2575 901 2633 952 τὸ
2664 901 2819 969 ἆγιον
2847 901 2904 965 ἐξ
2931 901 3181 972 οὐρανῶν
3210 902 3474 966 καταϐὰν,
3500 904 3595 955 καί
3630 905 3795 972 μένον
3826 906 3909 957 ἐπ’

2323 991 2483 1043 αὐτόν
2504 1009 2519 1023 ·
2555 993 2693 1061 ὅπερ
2724 992 2820 1044 τοῦ
2851 993 3225 1063 ἀναπόϐλητον
3251 995 3382 1047 αὐτὸ
3408 994 3504 1065 τὴν
3536 996 3705 1064 φύσιν
3745 998 3825 1057 είς
3857 997 3907 1047 τὸ

2322 1083 2449 1151 ἑξῆς
2479 1083 2876 1136 καταπλουτεῖν
2904 1084 3141 1153 ἔμφασιν
3167 1085 3301 1154 ἔχει.

2394 1178 2502 1230 Καὶ
2551 1178 2659 1246 γάρ
2688 1194 2770 1229 τοι
2799 1178 2898 1229 οὐκ
2926 1178 3104 1231 ἐδέετο
3150 1180 3177 1230 ὁ
3225 1180 3366 1231 κατά
3393 1178 3572 1232 πάντα
3620 1178 3701 1244 τῷ
3734 1179 3907 1246 [largi

2326 1270 2630 1331 ἰσοστάσιος
2657 1269 2757 1339 τῆς
2778 1269 2879 1321 τοῦ
2905 1269 3221 1339 Πνεύματος
3262 1271 3321 1334 ἐξ
3347 1271 3595 1341 οὐρανῶν
3621 1273 3904 1341 ἐπιφοιτή-

2323 1380 2458 1423 σεως
2484 1379 2497 1392 '
2531 1363 2654 1415 ὅσον
2702 1379 2763 1429 γε
2809 1365 2887 1425 εἰς
2925 1362 3017 1416 τὸν
3051 1364 3150 1431 τῆς
3196 1363 3331 1425 ἰδίας
3363 1365 3581 1431 φύσεως
3616 1364 3799 1429 λόγον.
3847 1365 3906 1416 Τί

2322 1454 2428 1519 γὰρ
2456 1453 2521 1507 ἂν
2550 1454 2697 1524 αὐτῷ
2730 1455 3050 1525 προσθήκην
3079 1457 3363 1526 ἁγιότητος
3396 1460 3671 1528 ἐμποιήσῃ
3690 1458 3769 1527 τῷ
3787 1460 3907 1520 τοὶες

2322 1550 2623 1620 πατρικοὺς
2649 1552 2705 1603 ὲν
2734 1550 2913 1621 ἑαυτῷ
2941 1555 3163 1623 φέροντι
3194 1557 3572 1624 χαρακτῆρας,
3602 1556 3697 1607 καὶ
3724 1558 3789 1623 τῇ
3818 1554 3903 1605 τοῦ

2323 1641 2635 1711 Πνεύματος
2691 1644 3072 1712 ὁμοουσιότητι
3126 1643 3391 1713 μηδαμῶς
3435 1644 3902 1714 παραλλάττοντι;

2322 1734 2455 1785 ἀλλὰ
2487 1734 2585 1801 τῆν
2616 1735 2890 1805 ἡμετέραν
2914 1736 2970 1788 ὲν
3000 1736 3179 1805 ἑαυτῷ
3210 1736 3680 1805 προδιεξωγράφει
3705 1738 3865 1806 χάριν
3890 1755 3901 1766 ν

2321 1826 2401 1876 ὅτι
2426 1843 2481 1877 τε
2505 1825 2531 1879 ὅ
2555 1828 2613 1879 ὲν
2653 1826 2823 1895 Ἀδὰμ
2848 1826 3202 1897 ἀφῃρήμεθα,
3227 1828 3294 1879 δι’
3324 1827 3490 1879 αὑτοῦ
3517 1845 3574 1879 τε
3604 1830 3701 1880 καὶ
3727 1830 3787 1879 ὲν
3812 1830 3902 1879 αὑ-

2324 1918 2400 1985 τῷ
2434 1917 2595 1969 πάλιν
2626 1917 3108 1988 πεπλουτήκαμεν,
3150 1920 3245 1971 καὶ
3288 1922 3351 1989 τῇ
3392 1919 3549 1987 φύσει
3583 1920 3641 1971 τὸ
3677 1921 3902 1988 ἀρχαῖον

2323 2011 2627 2080 ἐπανῆλθεν
2650 2010 2885 2080 ἀξίωμα.
2920 2013 2981 2064 El
3016 2012 3191 2064 τοίνυν
3225 2014 3257 2081 ἡ
3285 2011 3378 2063 τοῦ
3406 2010 3722 2080 Πνεύματος
3746 2012 3902 2081 χάρις

2323 2104 2409 2154 ἐπ’
2440 2103 2602 2156 αὐτὸν
2632 2105 2958 2156 καταπτᾶσα
2987 2104 3354 2173 μεμενηκέναι
3383 2104 3597 2171 λέγεται
3617 2120 3632 2135 ο
3660 2103 3823 2155 τοῦτο
3848 2103 3899 2155 δὲ

2321 2194 2382 2245 τὸ
2412 2194 2786 2262 ἀναπόϐλητον
2813 2194 2901 2247 ἀεὶ
2928 2194 3024 2264 τὴν
3050 2195 3212 2261 φύσιν
3231 2197 3310 2256 εἰς
3337 2194 3397 2245 τὸ
3417 2194 3542 2264 ἑξῆς
3562 2193 3852 2257 διασώζειν
3874 2194 3901 2244 ὁ

2322 2287 2494 2354 Λόγος
2516 2286 2852 2356 ἀποδέδειχε·
2880 2285 3038 2356 δῆλον
3065 2288 3147 2339 ὅτι
3174 2288 3205 2355 ἡ
3230 2286 3451 2355 τοιαύτη
3488 2288 3646 2356 χάρις
3680 2289 3763 2350 εἰς
3786 2286 3901 2337 ελον

2321 2378 2583 2431 διαϐαίνει
2633 2378 2693 2431 τὸ
2754 2377 2929 2446 γένος.
2982 2378 3105 2439 Πῶς
3158 2374 3253 2431 οὖν
3304 2395 3464 2446 φασιν
3511 2380 3657 2448 ἡμᾶς
3707 2379 3903 2447 ἀγνοῐᾳ

2321 2470 2591 2541 τάληθοῦς
2617 2470 3016 2542 ἡμαρτηκέναι,
3048 2472 3138 2524 καὶ
3168 2472 3437 2541 προφάσει
3481 2471 3639 2541 δῆθεν
3672 2470 3781 2539 τῆς
3826 2474 3901 2532 εἰς

2321 2564 2451 2615 Θεὸν
2476 2564 2643 2634 τιμῆς
2673 2562 2911 2623 εἰδώλοις
2947 2566 3108 2617 πάλιν
3141 2564 3678 2633 προσκεκυνηκέναι;
3707 2565 3773 2615 Εἰ
3806 2563 3900 2631 μὲν

2323 2654 2429 2723 γὰρ
2462 2652 2616 2706 οὔπω
2662 2653 2803 2706 οὕτω
2833 2653 2923 2706 διά
2964 2655 3201 2723 Χριστοῦ
3238 2655 3337 2725 τήν
3370 2656 3620 2723 τοιαύτην
3658 2654 3901 2706 πεπλου-

2319 2746 2570 2815 τήκαμεν
2600 2746 2800 2815 χάριν
2840 2744 2955 2798 ἔστι
3005 2744 3166 2798 τοῦτο
3210 2746 3389 2813 λέγειν
3446 2750 3554 2809 τοῖς
3600 2746 3673 2799 τὰ
3724 2747 3901 2797 πάντα

2320 2836 2618 2907 τολμῶσιν.
2666 2836 2728 2890 Εἰ
2758 2837 2814 2890 δὲ
2840 2836 2905 2909 δὴ
2950 2837 3347 2907 ὁμολογήσουσι
3386 2836 3584 2889 τούτων
3615 2837 3720 2906 μὲν
3749 2839 3901 2905 ἡμεῖς

2319 2930 2428 2983 τῶν
2459 2930 2599 3000 ὑπὲρ
2623 2928 2779 2998 λόγον
2808 2928 3031 2997 ἀγαθῶν
3060 2927 3326 2998 ἠξιῶσθαι
3351 2929 3438 2982 διὰ
3464 2928 3723 3000 Χριστοῦ⁸
3763 2929 3901 2998 μετά

2320 3022 2475 3076 τοῦτο
2499 3022 2557 3075 δὲ
2588 3024 2737 3093 ἡμᾶς
2773 3025 2893 3085 ταῖς
2926 3023 3221 3093 προτέραις
3252 3021 3719 3090 ἀνθυπενεχθῆναι
3759 3023 3899 3074 πλά-

2319 3130 2475 3175 ναις·
2510 3113 2780 3182 ἡσθένησε
2830 3112 3039 3164 λοιπὸν¹
3070 3112 3191 3163 κατ’
3231 3111 3428 3173 αὐτοὺς
3472 3112 3504 3180 ἠ
3542 3111 3762 3163 δοθεῖσα
3806 3112 3895 3164 τοῦ

2320 3205 2639 3275 Πνεύματος
2657 3205 2837 3275 χάρις,
2872 3202 2965 3256 τοῦ
2997 3204 3071 3273 μὴ
3101 3203 3340 3274 διαρκῶς
3378 3202 3537 3273 μέχρι
3570 3203 3763 3265 τέλους
3791 3207 3900 3267 τοῖς

2324 3295 2472 3362 ἅπαξ
2505 3296 2684 3358 αὐτοῖς
2714 3292 3189 3366 μεταλελο[γ]χόσι
3214 3298 3568 3363 παραμεῖναι.
3595 3296 3710 3347 Καὶ
3739 3292 3897 3346 τίτοῦ

2320 3388 2495 3451 οὓτως
2547 3390 2762 3459 φρονεῖν
2804 3387 3254 3456 δυσσεϐέστερον,
3297 3386 3329 3457 ῆ
3377 3386 3739 3455 ἀθλιώτερον;
3786 3389 3895 3448 πῶς

2320 3479 2428 3549 γὰρ
2454 3477 2516 3531 τὸ
2544 3477 2633 3531 διὰ
2667 3478 2886 3532 πάντων
2925 3476 3112 3548 διῆκον
3148 3479 3241 3530 καὶ
3292 3480 3427 3531 πᾶσι
3476 3478 3571 3547 τὴν
3625 3478 3895 3542 ζωοχόνιν

2322 3570 2562 3643 παρέχον
2589 3570 2843 3642 δύναμιν,
2874 3571 2937 3624 τὸ
2968 3571 3414 3624 παντεπίσκοπον
3446 3572 3538 3623 καὶ
3561 3570 3894 3623 παντοδύναο

2323 3682 2424 3734 μον
2455 3664 2551 3717 τοῦ
2583 3663 2798 3734 Πατρὸς
2836 3663 3064 3733 Πνεῦμα
3092 3664 3191 3734 τῆς
3226 3664 3362 3727 ἰδίας
3402 3664 3620 3732 ἐκσταίη
3657 3662 3892 3732 φύσεως,

2320 3756 2415 3807 κοιλ⁸
2443 3756 2552 3818 τοῖς
2578 3756 2676 3824 τῆς
2705 3754 2991 3816 ἀσθενείας
3020 3754 3370 3807 ὑποκείσεται
3404 3754 3655 3823 μέτροιςς
3694 3757 3813 3816 mli;
3844 3757 3893 3807 δὲ

2321 3849 2414 3901 καὶ
2442 3847 2502 3900 τὸ
2536 3865 2555 3896 ι
2588 3847 2805 3901 ἔσεσθαι
2843 3846 2961 3917 μεθ’
2994 3846 3152 3918 ἡμῶν
3184 3847 3361 3909 πάσας
3402 3847 3500 3909 τὰς
3535 3848 3760 3916 ἡμερας
3798 3850 3894 3906 ἕως

2320 3940 2419 4008 τῆς
2448 3938 2755 4000 συντελείας
2778 3937 2872 3991 τοῦ
2901 3938 3114 4002 αἰῶνος,
3146 3956 3163 3989 ι
3200 3940 3232 4008 ὴ
3261 3940 3523 4009 σωτήριος
3547 3938 3895 4011 ἐπαληθεύσῃ

2321 4031 2474 4101 φωνὴ
2496 4072 2511 4093 ,
2542 4031 2590 4083 εί
2622 4030 2683 4083 τὸ
2708 4030 2817 4083 τῶν
2853 4030 2997 4083 ἰδίων
3034 4030 3381 4099 ὑποσχέσεων
3410 4030 3595 4101 χρῆμα
3619 4030 3692 4082 δι’
3721 4032 3892 4101 ἔργων

2322 4123 2400 4184 εἰς
2424 4121 2598 4191 πέρας
2624 4120 2928 4191 ἐκϐεϐηκὸς
2946 4120 3048 4191 οὐχ
3069 4122 3297 4190 opime;
3326 4122 3430 4174 Καὶ
3460 4123 3567 4190 γάρ
3589 4138 3671 4173 τοι
3696 4124 3755 4173 οὐ
3788 4126 3893 4185 τοῖς

2318 4213 2440 4266 τότε
2474 4212 2622 4282 αὐτῷ
2656 4212 2910 4266 συνοῦσιν
2946 4212 3121 4279 ἁγίοις
3150 4212 3467 4275 ἀποστόλοις
3512 4214 3607 4281 τὴν
3637 4214 3894 4280 τοιαύτην

2319 4306 2653 4375 ἐπαγγελίαν
2678 4305 2999 4378 δεδώρηται.
3026 4304 3149 4367 Πῶς
3179 4305 3288 4375 γὰρ
3320 4305 3423 4367 ἕως
3454 4305 3553 4374 τῆς
3584 4308 3896 4368 συντελείας

2319 4394 2464 4453 οῦτοι
2494 4400 2658 4468 σαρκὶ
2689 4398 3066 4469 μεμενήκασιν
3088 4413 3105 4429 ·
3130 4397 3186 4449 οἵ
3204 4413 3267 4465 γε
3297 4396 3491 4469 μικρὸν
3520 4397 3659 4466 μετά
3685 4400 3789 4467 τὴν
3819 4402 3895 4459 εἰς

2318 4490 2583 4561 οὐρανοὺς
2612 4489 2778 4542 αὑτοῦ
2813 4490 3170 4559 ἀναφοίτησιν
3210 4488 3287 4559 τῷ
3318 4488 3418 4559 βίῳ
3457 4490 3895 4559 παραμείναντες

645 4600 770 4639 cum
794 4592 918 4655 post
940 4600 1251 4655 regressum
1272 4585 1393 4654 ejus
1417 4585 1483 4639 ad
1507 4585 1682 4640 caelos
1704 4585 1757 4639 in
1782 4586 1891 4641 vita
1912 4598 2213 4656 manentes,

2320 4582 2397 4653 τῷ
2428 4581 2591 4653 κοινῷ
2622 4581 2722 4651 τῆς
2750 4581 2967 4649 φύσεως
2997 4579 3419 4651 ἐλειτούργησαν
3443 4580 3612 4649 νόμῳ,
3640 4580 3791 4649 ζωὴν
3823 4580 3895 4648 τῷ

644 4676 924 4730 communi
951 4685 1159 4730 naturae
1188 4674 1363 4731 functi
1404 4685 1533 4731 sunt
1555 4676 1690 4744 lege,
1723 4678 1884 4731 vitam
1926 4691 2101 4735 morte
2126 4681 2219 4736 de-

643 4769 923 4824 serentes?
958 4767 1156 4823 Verum
1210 4769 1266 4824 in
1311 4783 1413 4824 nos
1441 4767 1753 4837 hujusmodi
1799 4770 2216 4841 Evangeliorum

644 4878 847 4916 munus
898 4861 1240 4931 pertransit:
1273 4860 1368 4931 qui
1426 4860 1681 4914 videlicet
1730 4875 1916 4915 eorum
1954 4866 2218 4933 praedica-

642 4953 775 5006 tioni
810 4952 1070 5008 submissi
1123 4966 1346 5017 sumus,
1400 4959 1455 5006 et
1497 4950 1779 5005 Christum
1832 4954 2078 5023 quicum
2134 4959 2215 5014 eis

642 5052 997 5099 conversatus
1014 5050 1117 5109 est,
1150 5042 1432 5097 nobiseum
1461 5040 1812 5097 exsistentem
1846 5044 1899 5098 in
1934 5046 2126 5116 spiritu
2157 5060 2211 5104 et

639 5152 734 5206 per
772 5147 939 5191 totam
989 5138 1153 5191 vitam
1206 5138 1490 5191 habemus.
1542 5133 1774 5206 Expedit
1812 5137 1976 5208 igitur
2019 5141 2072 5194 in
2126 5140 2212 5197 his

640 5230 855 5297 plorare
888 5228 1267 5282 haereticorum
1297 5243 1567 5294 errorem,
1597 5228 1690 5297 qui
1727 5229 1841 5284 haec
1869 5231 2048 5286 taliter
2087 5250 2213 5287 con-

642 5326 1005 5386 tempserunt,
1038 5316 1131 5386 qui
1164 5329 1271 5371 tam
1304 5318 1615 5373 manifestis
1643 5318 1992 5388 dogmatibus
2020 5323 2211 5392 objur-

638 5418 856 5477 gantur,
905 5416 957 5461 et
994 5414 1104 5465 tam
1148 5408 1257 5463 Deo
1291 5409 1555 5465 decibiles
1601 5410 1784 5466 irritas
1813 5413 2208 5481 promissiones

638 5498 896 5552 Ecclesia:
943 5497 1224 5553 catholica:
1258 5499 1487 5563 faciunt,
1538 5500 1625 5556 his
1654 5500 1820 5570 impie
1863 5504 2204 5574 derogantes.

638 5586 963 5644 Nullatenus
1012 5590 1158 5644 enim
1196 5591 1308 5644 haec
1340 5606 1369 5644 a
1413 5591 1613 5645 tradita
1663 5593 1767 5647 sibi
1811 5605 2083 5650 commota
2126 5606 2209 5651 est

634 5672 741 5728 fide
766 5690 779 5724 :
808 5676 1009 5730 mansit
1031 5684 1207 5731 autem
1235 5677 1380 5734 sicut
1406 5679 1557 5749 virgo
1578 5694 1751 5745 eaSta,
1782 5681 1922 5736 sicut
1944 5684 2203 5753 scriptum

706 5850 750 5881 ⁸⁸
778 5847 963 5901 “uilli.
1010 5866 1201 5917 xxvltt,
1239 5851 1327 5905 20.

2320 4674 2533 4744 θανάτῳ
2566 4672 2961 4738 ἀπολιπόντες;
3015 4670 3176 4724 Ἀλλά
3208 4687 3271 4739 γε
3309 4672 3392 4734 είς
3422 4672 3568 4741 ἡμᾶς
3604 4672 3635 4740 ῆ
3669 4672 3894 4740 τοιαύτη

2316 4765 2425 4818 τῶν
2452 4764 2803 4833 Εὑαγγελίων
2831 4765 3010 4834 δωρεά
3034 4763 3297 4816 διαϐαίνει
3336 4763 3463 4826 τοὺς
3491 4764 3550 4815 τὸ
3580 4764 3766 4816 αὐτῶν
3795 4766 3893 4816 ὐπ-

2317 4856 2568 4920 ελθόνδτας
2589 4858 2872 4927 κήρυγμα,
2903 4855 2998 4910 καὶ
3023 4855 3113 4908 τὸν
3141 4855 3257 4925 μετ’
3278 4855 3454 4907 αὐτῶν
3476 4856 3892 4924 ἀναστραφέντα

2316 4950 2553 5021 Χριστὸν
2598 4950 2824 5004 συνόντα
2869 4952 3001 5021 ἡμῖν
3042 4951 3100 5002 ὲν
3133 4948 3407 5020 πνεύματι
3436 4948 3523 5002 διὰ
3552 4950 3759 5012 παντὸς
3803 4948 3888 4999 τοῦ

2318 5043 2434 5113 βίου
2465 5043 2707 5113 ἔχοντας.
2762 5041 2980 5107 Ἔξεστι
3007 5040 3298 5112 τοιγαροῦν
3324 5042 3382 5093 ἐν
3408 5040 3615 5103 τούτοις
3655 5041 3759 5109 τῆν
3791 5039 3889 5092 τῶν

2315 5134 2459 5189 οὕτω
2487 5136 2911 5206 πεφρονηκότων
2934 5135 3228 5206 αἱρετικῶν
3254 5132 3632 5205 ἀποδακρῦσαι
3664 5132 3887 5199 πλάνην

2313 5227 2397 5279 ὅτι
2427 5229 2537 5290 τοῖς
2559 5226 2700 5280 οὕτω
2730 5226 2981 5295 ἐναργέσι
3011 5226 3369 5295 διαμάχονται
3394 5226 3645 5295 δόγμασι,
3676 5223 3778 5275 καὶ
3801 5224 3889 5284 τὰς

2315 5317 2456 5372 οὕτω
2477 5320 2800 5387 θεοπρεπεῖς
2825 5318 3106 5371 ἀθετοῦσιν
3131 5317 3459 5385 ἐπαγγελίας
3482 5318 3579 5386 τῆς
3601 5316 3891 5385 καθολικῆς

2317 5409 2647 5479 Ἐκκλησίας
2678 5409 2956 5473 δυσσεϐῶς
2976 5408 3466 5479 καταγορεύοντες.
3496 5408 3762 5478 Οὐδαμῶς
3791 5408 3892 5477 γὰρ

2315 5499 2455 5570 αὕτη
2490 5500 2556 5553 ὲκ
2587 5502 2686 5571 τῆς
2712 5499 3112 5571 παραδοθείσης
3146 5502 3282 5571 αὑτῇ
3339 5501 3765 5570 μετακεκίνηται
3808 5500 3890 5549 πί-

2318 5609 2489 5655 στεως
2510 5608 2524 5622 ·
2563 5592 2839 5662 μεμένηκε
2873 5591 2931 5645 δὲ
2956 5591 3145 5662 ὥσπερ
3178 5593 3445 5663 παρθένος
3475 5592 3633 5663 ἁγνὴ,
3656 5594 3803 5643 κατά
3835 5592 3891 5641 τι

2315 5683 2721 5756 γεγραμμένον,
2784 5681 2880 5735 τοῦ
2913 5683 3110 5751 ἑαυτῆς
3167 5683 3403 5751 νυμφίου
3457 5683 3552 5736 τὸν
3595 5681 3889 5754 ἀρραϐῶνα
