3934 6542
71 478 210 543 1325

1271 468 1525 531 SERMO
1566 460 2124 525 LAUDATORIUS.

3172 450 3314 514 1326

61 590 258 643 ἄσυλον
285 585 622 651 διασώσασα,
652 585 771 655 ἢτοι
814 583 911 652 τὴν
946 582 1191 634 δοθεῖσαν
1230 580 1315 632 ἐπ’
1345 576 1514 645 αὐτὴν
1543 573 1637 625 τοῦ

1771 581 1826 623 st
1857 569 1923 631 ".
1952 567 2158 623 Christi
2194 566 2382 636 sponsi
2417 566 2500 621 sui
2537 565 2756 619 arrham
2793 562 3156 618 inviolabilem
3205 579 3312 619 ser~

63 680 379 750 Πνεύματος
409 677 587 749 χάριν.
645 675 934 745 Τοιγάρτοι
965 674 1058 727 καὶ
1086 675 1115 725 ό
1151 673 1293 735 θεῖος
1319 672 1483 725 Δαϐὶδ
1514 670 1640 722 πολ-

61 772 184 832 λαῖς
236 770 499 840 πρότερον
540 770 759 836 γενεαῖς
802 768 864 820 τὸ
910 767 1046 837 πρὸς
1092 766 1191 836 τὴν
1230 766 1413 818 πίστιν
1468 763 1641 831 αὐτῆς

62 863 276 931 ἑδραῖον
303 859 691 929 ἀνακηρύττων
720 859 907 926 ἔλεγεν
932 873 946 887 θ
986 876 1003 908 ι
1037 856 1095 909 ὐ
1121 856 1254 918 Θεὸς
1282 857 1339 907 ἐν
1365 856 1513 923 μέσῳ
1540 854 1639 906 αύ-

64 956 185 1021 τῆς,
217 954 307 1005 καὶ
321 951 383 1003 ού
418 950 811 1020 σαλευθήσεται
835 967 849 980 ·
880 969 897 1000 ι
928 949 1021 1001 καὶ
1051 947 1213 1001 πάλιν
1234 964 1246 976 ·
1280 945 1641 1014 ιἘστερέωσε

65 1044 165 1112 τὴν
190 1039 517 1110 οἰκουμένην
549 1040 669 1109 ἥτις
693 1040 753 1092 ού
775 1039 1168 1108 σαλευθήσεται
1189 1052 1202 1067 ⁶
1227 1056 1246 1089 ι
1271 1039 1391 1098 ταῖς
1425 1052 1644 1088 σατανι-

68 1136 192 1196 καίς
217 1133 455 1203 δηλονότι
498 1130 933 1199 πολιορκουμένη
966 1130 1254 1199 μηχαναῖς.
1292 1127 1393 1179 Ἂν
1423 1127 1532 1196 γάρ
1560 1142 1645 1177 τι-

68 1243 160 1288 νες
183 1224 245 1277 τὸ
278 1223 566 1293 στερέωμα
597 1222 691 1274 τοῦ
724 1222 805 1284 είς
842 1220 1013 1291 αὐτὴν
1044 1218 1380 1281 διαδοθέντος
1416 1217 1646 1284 εὐαγγε-

69 1317 226 1370 λικοῦ
259 1314 617 1387 κηρύγματος
640 1314 747 1366 τῶν
780 1313 948 1366 πάλαι
997 1312 1029 1381 ἢ
1059 1310 1169 1364 τῶν
1209 1309 1304 1363 νῦν
1350 1306 1646 1375 αἱρετικῶν

70 1411 396 1461 κατασείσαι
430 1406 811 1475 τεθελήκασιν,
842 1404 1075 1462 ἐκείνοις
1121 1402 1220 1473 μὲν
1261 1402 1323 1455 τὸ
1352 1399 1647 1471 μελετηθὲν

72 1503 154 1563 είς
186 1500 344 1569 ἔργον
374 1498 664 1567 ἐκϐέϐηκε.

145 1676 332 1748 Ταύτῃ
370 1678 424 1728 δὲ
463 1676 598 1745 μόνῃ
645 1676 705 1727 τὸ
755 1674 1051 1727 ἀσάλευτον
1099 1679 1179 1733 είς
1209 1670 1382 1724 αἰῶνα
1415 1670 1651 1739 τετήρη-

73 1786 185 1833 ται,
232 1770 372 1821 κατὰ
415 1766 512 1835 τὴν
559 1766 765 1834 ἀψευδῆ
816 1764 910 1817 τοῦ
955 1764 1229 1832 φήσαντος
1281 1759 1647 1827 ἐπαγγελίαν*

83 1878 102 1909 ι
141 1860 202 1912 El
235 1857 549 1926 ὲπιλήσ;ται
587 1856 723 1925 γυνὴ
756 1854 847 1906 τοῦ
882 1853 1092 1905 παιδίου
1124 1851 1311 1920 αὐτῆς,
1348 1848 1380 1920 ἢ
1429 1848 1523 1901 τοῦ
1577 1849 1651 1919 μὴ

1742 673 1899 724 vans,
1930 658 1981 711 id
2015 666 2118 719 est,
2163 655 2347 710 datam
2398 656 2451 709 in
2488 670 2547 710 se
2587 654 2821 723 Spiritus
2850 654 3103 724 gratiam.
3148 651 3318 721 Cujus

1740 744 1819 804 rei
1845 751 2018 820 gratia
2054 759 2109 803 et
2140 749 2360 803 divinus
2415 747 2582 802 David
2638 748 2826 802 multis
2859 746 3009 815 prius
3063 746 3319 817 gentibus

1742 843 2178 897 immobilitatem
2217 840 2330 895 ﬁeri
2375 838 2547 911 [ﬁdei]
2587 839 2659 894 ab
2704 839 2793 893 illa
2837 838 3094 894 exhibita:
3126 838 3322 908 praedi-

1741 950 1876 989 cans
1906 933 2185 988 asserebat
2219 950 2233 986 :
2264 952 2281 983 ‹
2317 931 2459 986 Deus
2492 931 2546 985 in
2580 932 2761 985 medio
2787 931 2908 998 ejus
2937 945 3047 984 non
3084 944 3326 985 commo-

1742 1025 1996 1090 vebitur;
2029 1024 2230 1078 etenim
2280 1022 2357 1095 [et
2386 1022 2606 1094 iterum]
2643 1022 2881 1078 ﬁrmavit
2925 1021 3111 1077 orbem
3144 1030 3320 1085 terra,

1745 1118 1838 1187 qui
1885 1133 1994 1173 non
2038 1118 2471 1173 commovebitur
2522 1118 2605 1184 ³ος
2649 1136 2668 1169 ι
2729 1116 3014 1172 diabolicis
3072 1115 3326 1171 videlictt

1746 1212 2097 1279 impugnatus
2127 1209 2599 1263 machinamentis.
2622 1207 2760 1263 Nam
2788 1208 2889 1263 etsi
2918 1208 3325 1262 ﬁrmamentum

1747 1301 2074 1372 evangelicae
2105 1300 2507 1370 praedicationis
2531 1315 2654 1370 qua:
2681 1301 2733 1353 iu
2765 1316 2885 1354 eam
2915 1300 3040 1355 data
3066 1309 3172 1364 est,
3211 1299 3331 1369 qui-

1748 1393 1874 1447 dam
1907 1393 2259 1460 antiquorum
2296 1391 2379 1445 vel
2427 1391 2747 1445 instantium
2782 1392 3167 1446 haereticorum
3204 1404 3330 1443 con-

1750 1496 1937 1541 cutere
1966 1487 2281 1547 voluerunt,
2337 1483 2443 1539 illis
2477 1494 2657 1539 tamen
2689 1484 2836 1553 quod
2892 1483 3135 1537 meditati
3177 1492 3329 1545 sunt,

1750 1578 1803 1631 in
1839 1593 1978 1646 opus
2010 1587 2322 1645 reputatum
2362 1585 2465 1631 est.

1824 1670 1963 1723 lluic
2012 1678 2197 1723 autem
2246 1669 2345 1724 soli
2400 1667 2756 1723 immobilitas
2804 1667 2857 1722 in
2899 1678 3162 1724 aeternum
3210 1685 3331 1726 ser-

1772 1771 1898 1816 vata
1936 1770 2020 1815 est
2048 1761 2197 1830 jucta
2228 1758 2713 1829 repromissioncm
2742 1758 2890 1812 illius
2915 1760 3007 1827 qui
3038 1776 3145 1814 non
3175 1777 3332 1817 men--

1757 1855 1913 1919 titur,
1951 1854 2182 1907 dicens:
2224 1867 2242 1901 ι
2284 1849 2341 1904 Si
2384 1850 2553 1903 oblita
2587 1848 2751 1903 fuerit
2790 1850 2989 1904 mulier
3023 1853 3178 1921 pueri
3222 1855 3329 1916 sui,

77 1948 297 2017 ἐλεῆσαι
323 1948 389 1997 τὰ
414 1947 609 2012 ἔκγονα
637 1946 735 2014 τῆς
765 1943 970 2003 κοιλίας
998 1943 1200 2010 αύτῆς;
1240 1941 1302 1993 Εἰ
1328 1939 1384 1992 δὲ
1411 1941 1505 1992 καὶ
1535 1940 1654 1991 ὲπι-

1771 1956 1819 1999 ut
1858 1960 1967 1999 non
1999 1944 2329 1998 misereatur
2366 1941 2572 1996 sobolis
2614 1941 2822 1997 ventris
2860 1942 2987 1997 sui?
3022 1948 3169 2013 quod
3202 1947 3249 2001 si
3279 1957 3334 2001 et

76 2040 301 2108 λήσεται
331 2037 503 2091 ταῦτα
540 2037 699 2105 γυνὴ,
729 2034 844 2089 ἀλλ’
873 2035 985 2103 ἐγὼ
1021 2035 1121 2088 οὐκ
1162 2030 1493 2103 ἐπιλήσομαί
1533 2047 1653 2093 σου,

74 2131 219 2197 λέγει
247 2128 472 2199 Κύριος.
510 2147 528 2180 ι
582 2128 869 2191 Ἑάσαντες
904 2124 1192 2195 τοιγαροῦν
1228 2124 1326 2187 τὰς
1362 2125 1418 2176 ὲν
1444 2122 1657 2185 τούτοις

75 2224 255 2275 αὐτῶν
279 2220 390 2274 τῶν
422 2220 595 2288 λόγων
633 2220 893 2289 στροφὰς,
925 2219 1020 2272 καὶ
1051 2217 1239 2288 μακρὰ
1273 2219 1392 2277 ταῖς
1420 2214 1659 2285 φλυαρηο

78 2313 343 2384 μοσύναις
394 2313 571 2365 αὐτῶν
619 2313 830 2382 χαῖρειν
877 2310 1144 2372 εἰπόντες,
1175 2310 1296 2370 ταῖς
1344 2308 1453 2360 τῶν
1488 2305 1659 2375 ἁγίων

73 2408 342 2478 Πατέρων
376 2405 940 2473 ἀνθυπονοστήσωμεν
975 2402 1173 2467 δόξαις.
1210 2400 1341 2453 Θεὸν
1370 2397 1660 2468 τοιγαροῦν

70 2500 321 2561 ἅπαντες
344 2499 402 2549 ὲν
424 2495 737 2567 ἀνθρωπεία
760 2497 941 2565 μορφῇ
970 2493 1048 2563 τῷ
1076 2491 1177 2563 βίῳ
1200 2490 1413 2561 ἐπιδεδη
1425 2488 1658 2559 μηκότα,

70 2592 172 2660 τῆς
198 2591 314 2642 τῶν
340 2589 574 2642 εἰδώλων
613 2588 957 2658 πολυτρόπου
998 2585 1210 2653 πλάνης
1255 2584 1400 2653 ἡμᾶς
1433 2578 1662 2648 ἠλευθε-

78 2684 320 2754 ρωκέναι
361 2683 691 2751 δεδείχασιν·
736 2679 910 2742 οὕτως
954 2680 1009 2733 αἱ
1042 2676 1378 2748 προφητικαὶ
1424 2690 1660 2746 προαγο-

78 2774 302 2844 ρεύσεις
354 2772 760 2835 τεθεσπίκασιν,
815 2769 988 2831 οὕτως
1038 2771 1071 2839 ὴ
1118 2765 1453 2836 ἀποστολικὴ
1505 2767 1663 2835 χάρις

78 2869 382 2936 ὲτράνωσε.
411 2864 627 2933 Ταύτην
660 2866 823 2935 ἡμεῖς
855 2861 953 2932 τὴν
972 2859 1322 2914 διδασκαλίαν
1345 2860 1445 2909 οὐκ
1464 2860 1521 2909 ὲν
1542 2874 1663 2909 πει-

77 2960 195 3021 θοῖς
241 2958 436 3025 σοφίας
480 2956 825 3025 ἀνθρωπίνης
871 2955 1083 3023 λόγοις,
1126 2952 1241 3007 ἀλλ’
1302 2955 1359 3005 ὲν
1398 2951 1665 3012 διδακτοῖς

80 3049 534 3120 Πνεύματος,ὠς
556 3050 885 3121 γέγραπται,
940 3046 1372 3117 ὲϐεϐαιὼθημεν.
1424 3045 1500 3097 Ού
1557 3044 1667 3113 γὰρ

80 3145 234 3212 ἡμᾶς
266 3144 323 3194 αἱ
364 3142 472 3194 τῶν
497 3142 670 3210 λόγων
701 3141 966 3210 κομψείαι
1005 3138 1179 3201 οὕτως
1219 3139 1365 3208 ἔχειν
1399 3136 1668 3190 πεπείκα-

84 3253 172 3288 σιν
200 3252 214 3265 ·
256 3234 530 3305 Ἑλλήνων
559 3234 669 3303 γὰρ
697 3233 853 3285 τοῦτο
874 3247 885 3261 ·
923 3232 1039 3285 ἀλλ’
1067 3229 1231 3299 ἡτῶν
1265 3227 1666 3299 συμπερασμά-

80 3344 199 3379 των
233 3325 417 3377 αὑτῶν
459 3326 707 3395 ἀλήθεια.
756 3324 866 3378 Ποῦ
898 3330 1007 3395 γάρ
1035 3324 1116 3376 ἔτι
1147 3323 1208 3374 τὸ
1238 3320 1344 3374 τῶν
1370 3320 1664 3390 δαιμονίων

80 3416 337 3485 ὀλέθριον
369 3415 588 3483 στίφοςς
622 3412 726 3467 ποῦ
772 3416 827 3467 αί
869 3414 1104 3467 διάκενοι
1143 3414 1240 3466 καὶ
1279 3409 1532 3481 βδελυραὶ
1558 3409 1666 3461 τῶν

82 3509 331 3562 εἰδώλων
355 3508 603 3574 τελεταί;
638 3507 740 3560 ποῦ
770 3508 825 3561 αἱ
850 3506 958 3558 τῶν
983 3504 1351 3575 ψευδωνύμων
1377 3503 1515 3556 θεῶν
1544 3505 1666 3555 ἐπι-

85 3601 327 3669 σφαλεῖς
356 3601 449 3653 καὶ
482 3600 813 3670 ψυχοςθόροι
852 3602 1132 3668 μαντεῖαι;
1170 3596 1271 3649 ποῦ
1314 3598 1369 3648 αἱ
1416 3595 1669 3665 βακχεῖαι

82 3694 191 3760 τῆς
233 3692 576 3761 Ἀφροδίτης,
606 3692 702 3744 καὶ
746 3692 814 3745 τὰ
861 3691 1023 3761 ὄργια
1072 3691 1172 3757 τῆς
1226 3690 1544 3758 Δημήτρας,
1577 3689 1671 3740 καὶ

83 3789 191 3852 τῆς
226 3782 544 3853 Ἀρτέμιδος
581 3784 634 3836 αἱ
669 3782 999 3846 ξενοκτονίαι
1027 3797 1041 3845 ;
1077 3781 1181 3833 ποῦ
1209 3780 1264 3831 αἱ
1295 3778 1387 3831 τοῦ
1415 3778 1669 3830 Διονύσου

86 3876 408 3945 παράφοροι
456 3874 660 3945 ἑορταὶ,
700 3874 837 3945 μετὰ
879 3876 978 3944 τῆς
1008 3874 1248 3941 ἀθέσμου
1283 3869 1670 3941 ἁνδρομανίας,

84 3969 246 4036 καὶιὴ
276 3966 369 4018 τοῦ
393 3965 683 4036 λεγομένου
720 3965 930 4036 Μίθρου
965 3965 1169 4026 ἔνδικος
1202 3964 1437 4033 μύησις;
1484 3959 1586 4013 ποῦ
1617 3962 1672 4012 αἱ

86 4057 369 4124 ὑπόγειοι,
404 4056 497 4109 καὶ
525 4056 829 4126 ὑπέργειοι,
867 4058 963 4109 καὶ
996 4057 1176 4126 ἀέριοι
1202 4051 1674 4123 ἁνθρωποκτονίαι

84 4149 203 4200 τῶν
245 4147 563 4218 λεγομένων
612 4148 751 4203 θεῶν
805 4148 976 4212 οὕτως
1022 4146 1506 4218 ἐπιτερπομένων;
1555 4144 1676 4214 οὐχὶ

86 4242 277 4294 πάντα
320 4245 385 4312 τῇ
424 4241 691 4313 ἐπιδημίᾳ
737 4240 830 4295 τοῦ
865 4240 1187 4311 μονογενοῦς
1232 4239 1363 4293 Υίοῦ
1397 4237 1492 4291 τοῦ
1538 4236 1675 4290 Θεοῦ

82 4334 358 4393 ῶλλυντο,
388 4333 483 4386 καὶ
512 4333 664 4396 τέλος
687 4335 795 4387 πᾶν
823 4333 1049 4403 βέϐηλον
1077 4331 1356 4398 ὲδέξαντο;
1386 4331 1506 4401 ούχὶ
1530 4331 1597 4383 τὰ
1618 4331 1677 4382 ὲν

85 4426 291 4481 κάλλει
318 4424 603 4495 δομήσεών
635 4442 764 4477 ποτε
794 4424 1208 4494 ὲκπεποιημένα
1251 4421 1430 4475 αὐτῶν
1476 4420 1674 4491 τεμένη

86 4518 191 4569 νῦν
220 4517 523 4585 ὴρίπωται,
567 4518 778 4587 καὶοείς
812 4516 917 4585 γῆν
950 4514 1371 4586 καταϐέϐληται,
1405 4514 1677 4583 αὐτοκρα-

1756 2038 1926 2093 oblita
1955 2036 2121 2091 fuerit
2159 2034 2323 2106 hujus
2349 2035 2568 2093 mulier.
2612 2034 2704 2088 sed
2747 2048 2848 2103 ego
2889 2050 2999 2089 non
3035 2037 3335 2091 obliviscar

1760 2128 1859 2193 tui,
1894 2127 2029 2182 dicit
2060 2125 2332 2181 Dominus
2355 2128 2422 2179 ¹¹.
2457 2144 2475 2176 ι
2512 2124 2767 2180 Dimissis
2797 2127 2981 2196 itaque
3007 2142 3331 2183 sermonum

1758 2235 1949 2275 eorum
2003 2218 2358 2284 tortionibus,
2411 2217 2615 2288 quibus
2662 2218 2714 2271 in
2760 2218 2845 2275 his
2891 2218 2974 2274 usi
3013 2228 3163 2287 sunt,
3208 2231 3263 2275 et
3301 2236 3332 2276 a

1761 2314 1920 2377 longe
1993 2310 2229 2381 garrulis
2295 2310 2851 2366 sermocinationibus
2923 2312 3170 2381 ipsorum
3237 2328 3336 2370 ave

1760 2404 1941 2467 dicto,
2010 2411 2326 2456 sanctorum
2378 2399 2603 2455 Patrum
2655 2403 2940 2472 saporis"
2994 2404 3335 2460 delectemur

1762 2495 2139 2564 Opinionibus.
2182 2494 2351 2548 Deum
2396 2494 2560 2564 igitur
2600 2508 2788 2548 omnes
2823 2495 2979 2551 nobis
3010 2497 3063 2551 in
3095 2497 3333 2553 humana

1763 2586 1937 2642 forma
1970 2587 2024 2641 in
2053 2586 2315 2640 mundum
2345 2585 2648 2655 profectum
2679 2600 2709 2640 a
2743 2587 3063 2642 multimodo
3092 2604 3192 2645 nos
3214 2590 3337 2645 ido-

1765 2680 1942 2734 lorum
2002 2692 2190 2733 errore
2235 2677 2497 2733 liberasse
2539 2687 3026 2737 monstraverunt:
3068 2683 3147 2736 sic
3207 2698 3337 2753 pro-

1769 2774 2002 2842 phetica:
2051 2771 2467 2842 prolocutiones
2512 2772 3031 2841 promulgaverunt,
3083 2775 3164 2830 sic
3202 2790 3337 2845 apo-

1769 2865 1967 2918 stolica
1996 2864 2170 2934 gratia
2207 2863 2543 2932 explanavit.
2580 2862 2693 2918 Hae
2729 2878 2829 2917 nos
2858 2864 3106 2920 doctrina
3137 2881 3243 2920 non
3281 2864 3337 2921 in

1768 2956 2229 3028 persuasibilibus
2280 2955 2533 3010 humanae
2573 2957 2852 3025 sapientia:
2894 2956 3091 3021 verbis,
3142 2957 3235 3013 sed
3282 2959 3339 3013 in

1767 3050 2085 3104 ostensione
2126 3049 2382 3118 Spiritus,
2422 3049 2565 3103 sicut
2597 3048 2859 3118 scriptum
2895 3058 2995 3113 est,
3053 3051 3338 3106 certilieati

1770 3156 1981 3194 sumus.
2033 3140 2152 3194 Non
2190 3140 2335 3193 enim
2394 3153 2498 3193 nos
2536 3153 2852 3194 sermonum
2915 3140 3200 3195 suasiones
3257 3140 3339 3196 sic

1772 3234 1969 3288 habere
2024 3232 2304 3296 fecerunt;
2372 3246 2706 3303 paganorum
2747 3233 2890 3286 enim
2936 3244 3019 3288 est
3072 3235 3207 3300 hoc;
3243 3235 3337 3289 sed

1772 3328 2011 3396 ipsarum
2062 3341 2242 3380 rerum
2308 3340 2429 3393 quae
2470 3323 2806 3379 conﬁrmata:
2867 3324 3340 3402 [consummath

1774 3428 1922 3483 sunt,
1960 3416 2185 3471 veritas.
2240 3416 2371 3469 Nam
2408 3417 2499 3469 ubi
2550 3424 2634 3470 est
2680 3416 2994 3485 perniciosa
3037 3419 3341 3474 daemonio-

1776 3526 1894 3563 rum
1927 3508 2111 3564 acies?
2133 3508 2221 3562 ubi
2253 3508 2446 3563 inanes
2475 3516 2531 3563 et
2557 3509 2907 3563 exsecranda:
2939 3508 3207 3565 idolorum
3239 3511 3343 3566 im-

1778 3600 2148 3656 molationes?
2181 3600 2271 3654 ubi
2310 3599 2431 3654 falsi
2479 3599 2720 3654 nominis
2752 3599 2979 3654 deorum
3017 3601 3345 3671 deceptoria:

1775 3695 2193 3761 animarumque
2246 3692 2618 3761 corruptrices
2645 3691 3054 3748 divinationes?
3110 3693 3211 3749 Ubi
3246 3696 3344 3750 de-

1780 3785 2167 3839 baechationes
2212 3782 2461 3847 Veneris,
2513 3791 2563 3836 et
2620 3797 2777 3836 sacra
2812 3785 3071 3854 mysteria
3122 3784 3345 3842 Cereris

1777 3887 1940 3945 atque
1985 3874 2169 3929 Diana:
2218 3873 2607 3942 hospiticidia?
2640 3872 2741 3928 Ubi
2776 3872 3021 3944 Dionysii
3050 3873 3175 3945 [pro
3214 3875 3347 3931 Dio-

1778 3966 1916 4035 nysi.
1956 3962 2180 4035 Hum],
2212 3976 2429 4017 vesanae
2487 3961 2810 4017 festivitates
2859 3976 2984 4016 cum
3031 3962 3220 4018 illicita
3260 3965 3346 4018 vi-

1777 4072 1968 4110 rorum
1999 4054 2243 4121 vesania,
2292 4062 2345 4108 et
2385 4053 2682 4122 nuncupati
2732 4052 2942 4106 Mithrae
2976 4052 3120 4122 justa
3169 4055 3348 4109 imbu-

1782 4146 1897 4200 tio?
1945 4143 2050 4200 Ubi
2091 4144 2288 4199 subtus
2329 4153 2529 4197 terram
2576 4150 2629 4197 et
2675 4158 2839 4211 supra
2874 4151 3073 4197 terram
3121 4144 3263 4199 facta
3295 4158 3348 4199 et

1781 4235 1932 4289 aeria
1972 4233 2270 4288 homicidia
2322 4244 2644 4288 vocatorum
2695 4234 2919 4287 deorum
2974 4233 3156 4291 taliter
3201 4236 3350 4290 dele-

1780 4323 2094 4379 ctantium?
2148 4322 2339 4377 Nonne
2388 4321 2574 4375 omnia
2618 4321 2886 4391 unigeniti
2937 4319 3058 4375 Filii
3112 4321 3208 4376 Dei
3250 4322 3347 4376 ad-

1786 4424 1951 4470 ventu
1984 4414 2284 4483 perierunt,
2316 4422 2370 4468 et
2404 4413 2566 4467 ﬁnem
2597 4411 3048 4482 profanissimum
3092 4429 3350 4485 suscepe-

1784 4506 1953 4559 runt?
2004 4503 2197 4559 Nonne
2246 4504 2473 4573 pulchre
2521 4503 2803 4572 quondam
2858 4504 3105 4559 dedicata
3157 4521 3350 4561 eorum

85 4610 341 4676 τορικοίς
378 4606 831 4676 παρακελεύμασι
878 4606 1037 4659 τοῦτο
1078 4607 1261 4659 αὐτῶν
1291 4604 1664 4667 πεπονθότων;

1785 4599 2008 4667 templa,
2064 4613 2207 4652 nunc
2256 4597 2628 4666 imperatoriis
2672 4597 2805 4652 elisa
2844 4597 3023 4667 jussis
3060 4606 3116 4653 et
3148 4598 3216 4653 ad
3249 4608 3355 4653 ter-

86 4699 235 4768 Οὐχὶ
263 4700 329 4749 ὲκ
358 4698 456 4766 τῆς
478 4698 733 4750 ἁπάντων
766 4698 1105 4767 Χριστιανῶν
1134 4697 1360 4768 καρδίας
1386 4698 1440 4748 al
1470 4695 1672 4748 τούτων

89 4792 292 4858 μνείαι
320 4786 784 4858 ὲξηφανίσθησαν,
803 4788 897 4839 καλ¹
921 4787 981 4840 τὸ
1005 4790 1103 4857 τῆς
1130 4786 1464 4857 προφητείας
1491 4785 1675 4847 αὐτοῖς

89 4879 400 4948 πράγμασι
429 4877 813 4947 περατωμένον
835 4880 1049 4947 ὁρᾶται,
1085 4878 1143 4930 τὸ
1178 4896 1197 4928 ι
1226 4876 1503 4946 Ἐπλήσθη
1529 4878 1677 4929 πᾶσα

86 4969 122 5036 ἡ
160 4968 239 5036 γῆ
272 4965 367 5019 τοῦ
391 4966 594 5034 γνῶναι
614 4968 706 5021 τὸν
734 4967 958 5038 Κύριον,
990 4972 1064 5030 ὼς
1095 4966 1237 5038 ὕδωρ
1270 4967 1403 5020 πολὺ
1438 4984 1679 5020 κατακα-

86 5058 310 5111 λύπτον
358 5057 672 5122 θαλάσσας;
717 5078 734 5110 ι
803 5059 1278 5127 Προσκυνήσωμεν
1346 5059 1525 5111 τοίνυν
1586 5058 1678 5110 τὸν

89 5148 443 5215 ἐπιφανέντα
481 5148 703 5219 Κύριον,
740 5150 833 5201 καὶ
864 5149 965 5218 τῆς
993 5149 1194 5201 τούτων
1223 5151 1367 5220 ἡμᾶς
1408 5149 1682 5219 λελυτρω-

88 5242 241 5293 κότα
302 5240 658 5308 παγχαλέπου
709 5240 939 5310 πλάνης.
998 5241 1363 5311 Ὑμνήσωμεν
1416 5241 1581 5296 αὑτοῦ
1624 5243 1684 5294 τὸ

87 5330 495 5399 ἁπεριόριστον
528 5331 627 5401 τῆς
660 5330 1072 5402 φιλανθρωπίας
1096 5347 1108 5361 ·
1141 5331 1469 5401 κηρύξωμεν
1510 5335 1566 5384 ὲν
1605 5333 1683 5399 τῷ

84 5424 197 5489 τῆς
216 5424 253 5490 ἠ
265 5419 393 5488 μετέ
401 5419 708 5489 ραςἘκκλη
718 5422 839 5484 σίας
858 5420 1178 5492 ὑψηλοτάτῳ
1195 5423 1312 5491 ὄρει
1330 5424 1427 5491 τὴν
1450 5423 1684 5493 φρικτὴν

85 5516 192 5567 καὶ
232 5514 620 5583 ἀνέκφραστον
649 5514 814 5567 αὐτοῦ
847 5514 947 5583 τῆς
992 5516 1301 5583 οἰκονομίας
1336 5518 1685 5582 συγκατάϐα-

86 5620 181 5655 σιν
205 5620 222 5634 ⁸
257 5603 568 5672 ὑψώσωμεν
606 5604 704 5667 τὰς
736 5604 917 5673 φωνὰς
958 5607 1015 5656 ὲν
1048 5606 1213 5674 ίσχΰι,
1247 5607 1339 5658 καὶ
1376 5608 1450 5677 μὴ
1484 5608 1684 5675 φεισώ-

87 5694 249 5763 μεθα
282 5693 385 5762 τὴν
417 5692 895 5762 μεγαλοπρέπειαν
938 5696 1032 5765 τῆς
1063 5695 1221 5766 δόξης
1260 5698 1448 5757 αὑτοῦ,
1480 5700 1681 5769 δηλαδὴ

167 5850 215 5885 ³⁸
251 5846 293 5900 ll
326 5845 455 5901 Cor.
487 5857 636 5915 “,2.
735 5851 780 5881 ¹⁰
810 5848 957 5906 Psal.
999 5866 1123 5917 XLV,
1182 5850 1250 5912 6;
1300 5867 1429 5913 και,
1471 5855 1519 5906 l.

1617 5854 1659 5884 ²¹
1694 5854 1795 5908 lsa.
1846 5870 1990 5918 χιιι,
2027 5853 2112 5907 15.

1783 4706 1900 4743 ram
1935 4698 2209 4759 prostrata
2242 4689 2411 4744 sunt?
2444 4689 2636 4745 Nonne
2683 4690 2963 4745 memoriae
3004 4690 3247 4760 ipsorum
3285 4693 3353 4745 ab

1786 4781 2034 4835 omnium
2067 4781 2235 4835 corde
2273 4780 2717 4837 Christianorum
2748 4784 3161 4854 disparuerunt,
3204 4794 3255 4839 et
3292 4786 3355 4838 il-

1788 4875 1879 4929 lud
1914 4875 2213 4944 prophetia:
2246 4876 2382 4944 ipsis
2416 4878 2582 4931 rebus
2626 4875 2831 4930 factum
2861 4876 3149 4945 aspicitur,
3202 4877 3355 4932 vide-

1789 4968 1917 5023 licet
1950 4986 1962 5022 :
2007 4987 2025 5018 ι
2064 4967 2287 5037 Repleta
2330 4976 2413 5023 est
2463 4977 2606 5021 terra
2642 4966 3006 5037 c0gnoscendi
3041 4966 3351 5031 Dominum,

1790 5059 1946 5128 quasi
1995 5074 2136 5127 aqua
2187 5059 2357 5112 multa
2403 5074 2523 5126 qua:
2567 5059 2742 5127 operit
2785 5072 2938 5111 mare
2959 5056 3047 5109 ”?
3084 5077 3100 5108 ι
3146 5058 3346 5113 Adore-

1791 5166 1915 5205 mus
1951 5150 2119 5220 igitur
2154 5149 2447 5203 Dominum
2480 5150 2571 5217 qui
2622 5149 2895 5218 apparuit,
2932 5157 2985 5201 et
3017 5149 3087 5203 ab
3119 5149 3219 5203 hoc
3251 5165 3354 5205 nos

1786 5241 2089 5295 suavissimo
2154 5240 2407 5294 liberavit
2465 5254 2673 5293 errore.
2759 5240 3033 5309 Hymnum
3105 5240 3355 5295 dicamus

1788 5332 1963 5401 ipsius
1993 5331 2217 5385 inﬁnitae
2251 5330 2664 5394 misericordiae,
2699 5331 3061 5400 praedicamus
3095 5331 3356 5388 Ecclesia:

1790 5433 1990 5477 nostra!
2032 5423 2303 5489 altissimo
2349 5425 2520 5476 monti
2575 5423 2888 5477 horribilem
2932 5431 2985 5477 et
3031 5424 3357 5478 lneﬂ'ahilem

1788 5513 2218 5585 dispensationis
2270 5513 2390 5583 ejus
2446 5512 2879 5568 condescensum
2950 5513 3355 5589 [consensum].

1789 5608 2104 5662 Exaltemus
2154 5622 2317 5661 voces
2354 5606 2407 5660 in
2448 5604 2805 5673 fortitudine,
2848 5620 2901 5660 et
2952 5622 3017 5662 ne
3066 5624 3359 5677 pareamus

1799 5699 2258 5770 magnificentiam
2307 5699 2609 5767 majestatis
2660 5698 2776 5765 ejus
2828 5699 3354 5771 incomprehensibi-

2190 5854 2233 5883 η
2268 5851 2307 5921 ί,
2337 5850 2562 5918 επρὶόίε.
2591 5849 2655 5904 ν.
2684 5867 2733 5905 c.
2775 5850 2912 5922 Jolyi
2970 5853 3105 5908 nihil
3162 5862 3361 5921 mutat,

83 5934 287 5987 neque
351 5933 479 5973 vero
547 5937 771 5976 necesse
802 5919 907 5975 fuit
953 5936 1078 5974 cum
1122 5937 1346 5989 saporus
1388 5923 1652 5991 adjeCIive
1676 5926 1892 5978 dicatur
1924 5940 2028 5978 non
2063 5940 2222 5977 secus
2264 5919 2325 5975 ac
2355 5922 2575 5990 sapidis.
2652 5924 2697 5953 ’³
2734 5922 2836 5976 lsa.
2866 5919 2949 5988 ιιι,
2983 5923 3034 5977 9.
