4098 6490
564 436 698 502 1327

1572 435 1969 496 ΞΡΙΡΙΙΛΝΙΙ
2012 436 2474 497 CATANENS'IS
2516 438 2821 499 DIACOXI

3709 442 3854 507 1328

568 550 695 612 lem,
748 547 959 603 scilicet
1012 544 1279 599 alfectum
1333 560 1493 614 quem
1543 560 1671 614 erga
1726 560 1827 599 nos
1878 544 2145 606 exhibuit,

2264 546 2350 615 τὴν
2400 549 2528 618 περὶ
2568 550 2715 617 ἡμᾶς
2763 547 2930 602 αὐτοῦ
2984 549 3373 621 ἀκατάληπτον
3423 553 3851 624 ἐκδιηγούμενοι

568 648 913 694 enarrantcs.
976 636 1230 691 Dicamus
1287 638 1352 689 ad
1409 652 1532 690 eum
1581 646 1637 689 ct
1691 652 1790 690 nos
1841 651 1964 688 eum
2018 651 2147 704 pro-

571 733 735 802 pheta
774 748 787 784 :
831 752 847 783 ι
890 730 1024 797 Quis
1056 730 1202 785 Deus
1233 730 1375 784 sicut
1407 739 1484 797 tu,
1515 727 1773 783 auferens
1806 728 2144 797 iniquitates,

570 833 624 877 et
659 823 941 877 occultans
973 830 1198 891 peccata
1235 822 1473 875 residuis
1505 820 1842 875 lnereditatis
1878 820 2085 874 tum“?
2125 839 2143 871 ι

571 916 840 970 Praeterea
898 915 1101 969 choros
1160 915 1430 968 ducamus
1492 929 1615 967 cum
1669 915 1925 985 prmscnti
1992 930 2149 967 sacro

571 1006 927 1070 commercio,
966 1020 1066 1059 ave
1096 1006 1170 1057 illi
1202 1004 1346 1058 allati
1380 1013 1637 1074 tanquam
1691 1006 1870 1076 gaudii
1905 1008 2147 1060 bravinm

572 1098 893 1153 tribuentes.
917 1094 1106 1150 Gaude
1138 1095 1326 1164 igitur,
1378 1095 1814 1150 sacratissimum
1859 1097 2149 1166 collegium

571 1189 741 1244 divini
796 1204 861 1243 ac
905 1188 1107 1241 sacrati
1157 1197 1481 1241 conventus.
1515 1185 1781 1252 Gaudete,
1834 1198 2149 1240 sanctorum

572 1283 793 1337 Patrum
849 1279 1190 1336 sanctissimi
1263 1288 1723 1348 prapngnatores.
1782 1276 1995 1339 Gaude,
2034 1279 2152 1333 sine

572 1374 862 1429 mendacio
892 1372 1264 1441 congregatio,
1302 1372 1354 1423 in
1386 1371 1547 1439 cujus
1582 1369 1761 1424 medio
1791 1368 1936 1425 Deus
1975 1370 2151 1423 inam-

574 1468 742 1532 bulat,
778 1466 919 1520 sicut
950 1465 1215 1534 scriptum
1252 1472 1335 1516 est
1362 1464 1430 1515 ”.
1462 1462 1671 1527 Gaude,
1714 1463 2009 1517 concilium
2044 1463 2154 1532 spi-

575 1560 720 1614 ritali
752 1558 1093 1628 apparitione
1115 1554 1379 1610 refertum
1420 1574 1432 1608 :
1466 1571 1529 1608 ex
1556 1570 1663 1623 qua
1696 1555 1788 1623 qui
1823 1555 2153 1616 illustratur,

576 1668 685 1708 non
723 1650 959 1705 offendet
993 1650 1058 1704 ad
1104 1647 1335 1717 lapidem
1389 1648 1655 1701 haeretica!
1706 1646 1964 1717 falsaeque
1998 1648 2149 1702 locu-

580 1745 749 1801 tionis
797 1743 1071 1812 spiritales
1117 1740 1315 1794 animae
1364 1739 1547 1808 pedes.
1582 1739 1793 1806 Gaude,
1845 1741 2157 1811 speculator

580 1838 890 1893 divinartun
937 1833 1390 1903 iudagationum;
1444 1846 1605 1900 quem
1649 1832 1744 1901 qui
1792 1834 2035 1888 modeste
2068 1849 2155 1887 se-

2257 640 2515 709 στοργήν.
2554 640 2817 710 Εἴπωμεν
2874 642 3012 710 μετὰ
3065 642 3159 693 τοῦ
3208 645 3490 713 προφήτου
3537 648 3633 699 καὶ
3682 649 3857 716 ἡμεῖς

2256 728 2390 798 πρὸς
2422 730 2616 782 αὐτόν’
2650 748 2669 781 ι
2704 730 2800 793 Τίς
2826 730 2959 793 Θεὸς
2984 730 3174 801 ῶσπερ
3208 733 3293 795 σὺ,
3324 732 3558 805 ἐξαιρῶν
3585 737 3852 804 ἀνομίας,

2256 819 2349 872 καὶ
2375 820 2745 891 ἀποκρύπτων
2772 821 3050 891 ἁμαρτίας
3075 823 3187 884 τοῖς
3211 823 3559 885 καταλοίποις
3591 826 3691 893 τῆς
3721 824 3857 892 κλη-

2258 910 2517 978 ρονομίας
2550 928 2686 976 σου;
2727 931 2744 962 ι
2780 912 3247 982 Συγχορεύσωμεν
3276 913 3330 967 δὲ
3363 916 3457 967 καὶ
3484 919 3551 986 τῇ
3588 916 3857 987 παρούσῃ

2261 1002 2607 1072 ἱερᾷπανηγύ
2620 1019 2723 1072 ρει,
2743 1002 2822 1068 τὺ,
2844 1004 3036 1072 Χαῖρε,
3054 1004 3192 1073 αὐτῇ
3211 1005 3741 1075 προσφθεγγόμενοι,
3774 1007 3857 1067 ὡς

2256 1094 2354 1161 τῆς
2387 1095 2563 1164 χαρᾶς
2608 1094 3029 1166 βραόευτήριον.
3067 1098 3296 1167 Χαίροις
3342 1098 3543 1163 τοίνυν,
3588 1092 3632 1151 ὦ
3688 1098 3859 1161 ἱερώ-

2256 1204 2387 1240 τατε
2422 1187 2648 1257 σύλλογε
2683 1188 2835 1251 Θείας
2867 1189 2962 1242 καὶ
3001 1190 3282 1259 ἱερατικῆς
3322 1190 3672 1260 ὁμηγύρεως.
3707 1192 3857 1242 Χαί-

2261 1294 2397 1348 ροις,
2427 1272 2604 1345 ἀγίων
2645 1278 2908 1348 Πατέρων
2964 1279 3233 1346 ἀγιώτατε
3271 1281 3542 1349 πρόμαχε.
3592 1282 3854 1350 Χαίροις,

2258 1367 2394 1421 Θεοῦ
2448 1369 2849 1438 ἀψευδέστατον
2902 1370 3198 1442 ἄθροισμα,
3242 1373 3299 1423 ἐν
3329 1365 3372 1438 ᾧ
3422 1372 3552 1434 Θεὸς
3594 1375 3653 1425 ἐν
3695 1374 3860 1442 μέσῳ

2261 1461 2632 1532 περιπολεύει,
2659 1463 2733 1524 ὡς
2749 1463 3085 1533 γέγραπται.
3109 1464 3358 1535 Χαίροις,
3391 1468 3577 1534 χορεία
3606 1482 3861 1534 πνευμα-

2259 1555 2419 1623 τικῆς
2450 1553 2737 1625 δᾳδουχίας
2779 1554 3042 1618 ἀνάπλεε,
3075 1555 3133 1620 ἐξ
3173 1552 3243 1628 ἦς
3282 1558 3310 1608 6
3350 1557 3862 1627 καταλαμπόμενος

2260 1647 2322 1700 οὐ
2349 1645 2652 1715 προσκόψει
2678 1646 2813 1715 πρὸς
2834 1646 2981 1699 λίθον
3014 1648 3301 1717 αἱρετικῆς
3328 1648 3695 1718 ψευδοδοξίας,
3721 1652 3862 1710 τοὺς

2261 1738 2486 1807 νοητοὺς
2533 1738 2635 1808 τῆς
2684 1737 2862 1807 ψυχῆς
2907 1740 3092 1803 πόδας.
3124 1741 3372 1811 Χαίροις,
3423 1742 3451 1793 6
3488 1742 3689 1804 σκοπὶς
3736 1742 3863 1793 τῶν

2262 1833 2422 1886 θείων
2463 1829 2770 1901 δηλώσεων,
2812 1826 2856 1900 ᾧ
2900 1835 2927 1886 6
2969 1834 3259 1904 εὐρύθμως
3300 1835 3562 1905 ἑπόμενος
3611 1833 3711 1902 τῆς
3742 1837 3861 1888 ἀπο

575 1929 785 1997 quitur,
820 1942 848 1980 a
877 1927 1165 1980 minitante
1185 1924 1500 1992 rhomplnea
1534 1925 1763 1978 eruitur.
1794 1924 2003 1991 Gaude,
2027 1942 2158 1981 sem-

2266 1926 2518 1995 ειλούσης
2559 1926 2834 1996 ῥομφαίας
2869 1926 3146 1997 ἐκρύεται.
3174 1928 3423 1997 Χαίροις,
3457 1926 3859 1980 ἀειθαλέστατε

575 2035 672 2091 per
707 2018 897 2072 lloride
929 2016 1206 2086 paradise,
1246 2016 1299 2069 in
1340 2016 1501 2085 cujus
1554 2018 1734 2072 medio
1781 2018 1903 2072 vita:
1944 2020 2152 2088 lignum

578 2113 877 2180 plantatum
925 2119 1029 2176 est,
1077 2125 1179 2180 per
1232 2110 1696 2179 quadripartitum
1742 2111 2156 2182 Evangeliorum

578 2205 791 2258 laticem
850 2217 1157 2272 aspersum.
1220 2201 1430 2266 Gaude,
1462 2216 1628 2257 aurea
1665 2203 1939 2273 ignitaque
1963 2205 2166 2258 colum-

579 2312 671 2363 na,
728 2310 927 2349 novum
995 2294 1091 2349 Dei
1146 2292 1334 2356 Israel,
1380 2294 1577 2350 lucidis
1610 2296 1924 2366 dogmatum
1956 2298 2165 2351 doctri—

578 2389 666 2443 nis
713 2387 780 2442 ab
830 2385 1155 2458 Egyptiaca
1206 2402 1414 2445 manu.
1475 2387 1525 2440 id
1585 2397 1668 2441 est
1718 2387 2155 2443 haeretizantium

579 2493 768 2533 errore
804 2479 1080 2540 liberans,
1117 2488 1169 2532 ct
1218 2479 1284 2533 ad
1340 2489 1541 2533 terram
1578 2481 2022 2549 repromissionis
2063 2480 2159 2534 Pa-

582 2582 725 2624 trum
760 2572 1087 2625 orlhodoxia
1124 2572 1418 2627 deducens.
1455 2571 1729 2626 Audacter
1761 2574 1812 2626 in
1839 2574 2160 2629 ostensione

583 2666 831 2719 veritatis
866 2672 921 2718 et
950 2664 1276 2719 liducialiter
1310 2679 1431 2734 age.
1472 2663 1733 2718 Revelata
1761 2665 1900 2719 facie
1930 2666 2156 2735 gloriam

580 2773 750 2814 sacrm
774 2767 826 2812 ct
855 2757 1140 2812 catholicae
1166 2755 1429 2812 Ecclesiae
1454 2758 1711 2827 prtedica.
1743 2757 1919 2829 Supra
1953 2769 2161 2828 petram

580 2850 792 2905 stabilis
817 2850 1257 2906 conversationis
1287 2851 1575 2907 versati!es
1608 2852 1971 2921 quorumdam
2004 2867 2153 2906 men-

590 2954 672 2998 tes
704 2942 975 2997 doctrinis
1011 2942 1299 2997 conﬁrma.

2265 2020 2586 2087 παράδεισε,
2614 2022 2671 2073 ἐν
2705 2016 2747 2088 ᾧ
2785 2020 2884 2088 τῆς
2922 2021 3071 2089 ζωῆς
3107 2024 3162 2074 ἐν
3195 2023 3347 2093 μέσῳ
3385 2023 3447 2076 τὸ
3476 2022 3631 2089 ξύλον
3671 2022 3860 2090 7.53:6-

2262 2129 2469 2176 τευται,
2500 2112 2587 2165 διὰ
2612 2114 2711 2183 τῆς
2730 2113 3102 2185 τετραστόμου
3142 2115 3249 2165 τῶν
3266 2114 3613 2182 Είιαγγελίων
3642 2113 3862 2175 vatim

2264 2201 2645 2272 ἀρδευόμενον.
2684 2202 2935 2273 Χαίροις,
2980 2202 3446 2272 χριστοπύρσευτε
3488 2203 3669 2265 οτύλε,
3709 2204 3862 2256 ὀτὸν

2266 2294 2385 2347 νέον
2419 2294 2513 2347 τοῦ
2545 2294 2682 2348 Θεοῦ
2726 2294 2945 2365 Ἰσραὴλ
2982 2298 3102 2357 ταῖς
3133 2297 3445 2365 φωτοφαέσι
3487 2296 3595 2349 τῶν
3635 2296 3859 2363 δογμά-

2265 2405 2373 2441 των
2391 2386 2767 2449 διδασκαλίαις
2790 2387 2889 2456 τῆς
2908 2388 3290 2458 Αἰγυπτιακῆς
3307 2389 3488 2458 χειρὸς
3504 2390 3860 2457 ἀπαλλάξας,

2265 2478 2365 2546 τῆς
2392 2476 2504 2530 τῶν
2534 2477 2923 2547 αἱρετιζόντων
2953 2476 3427 2547 περιπλανήσεως,
3461 2482 3555 2531 καὶ
3582 2480 3723 2549 πρὸς
3749 2482 3860 2551 τὴν

2266 2568 2373 2637 γῆν
2400 2568 2498 2639 τῆς
2528 2567 2861 2636 ἐπαγγελίας
2892 2570 2956 2639 τῇ
2988 2566 3094 2620 τῶν
3125 2569 3385 2638 Πατέρων
3414 2569 3692 2640 όρθοδοξίᾳ
3716 2574 3861 2623 καθ-

2266 2661 2565 2731 οδηγήσας.
2599 2659 2895 2731 Εύτόλμως
2924 2661 3017 2713 ἐπί
3047 2663 3112 2729 τῇ
3148 2660 3412 2725 ἀναδείξει
3448 2662 3543 2732 τῆς
3586 2662 3860 2733 ἀληθείας

2270 2753 2743 2826 παῤῥησιάσθητι.
2814 2752 3347 2825 ’Δνακεκαλυμμένῳ
3413 2755 3695 2826 προσώπῳ
3750 2757 3861 2827 τὴν

2266 2849 2427 2916 δόξαν
2482 2847 2583 2917 τῆς
2643 2847 2795 2916 ἱερᾶς
2827 2847 2921 2899 καὶ
2964 2845 3260 2916 καθολικῆς
3293 2846 3618 2917 Ἐκκλησίας
3672 2849 3858 2918 κήρυ-

2286 2944 2398 3009 ξον,
2425 2942 2520 2995 ἐπὶ
2555 2941 2656 3008 τὴν
2699 2939 2904 3010 πέτραν
2932 2938 3034 3007 τῆς
3099 2940 3327 3010 στερεᾶς
3393 2940 3686 3011 ὁμολογίας
3748 2942 3862 2999 τὰς

579 3035 989 3106 εὐμεταφόρους
1015 3036 1125 3089 τῶν
1152 3053 1312 3089 τινων
1341 3036 1580 3100 διανοίας
1613 3040 1734 3100 ταῖς
1778 3037 2154 3102 διδασκαλίαις
2176 3036 2576 3105 ὑποστηρίζων.

650 3126 843 3196 Tuque
878 3126 1185 3197 praecipue,
1226 3142 1259 3179 o
1302 3137 1620 3183 sanctorum
1662 3128 1884 3182 Patrum
1925 3144 2152 3184 concors

2333 3126 2405 3179 Σύ
2441 3142 2497 3179 τε
2529 3124 2652 3178 κατ’
2686 3124 2986 3192 ἐξαίρετον,
3022 3117 3067 3176 ῶ
3098 3123 3261 3194 ἱερῶν
3302 3125 3558 3194 Πατέρων
3594 3126 3858 3196 σύστοιχε

580 3229 635 3275 et
668 3220 1043 3275 sacratissime
1090 3234 1291 3289 pratro,
1338 3228 1503 3290 atque
1539 3219 1796 3275 instantis
1839 3220 2011 3273 nostri
2049 3234 2160 3275 c03-

582 3323 670 3365 tus
718 3308 979 3373 exarehe,
1026 3309 1122 3378 qui
1176 3310 1469 3363 sublimem
1521 3310 1682 3364 nobis
1732 3324 1829 3379 per
1880 3309 2158 3365 Christum

581 3404 841 3457 thronum
871 3401 1133 3463 adornas,
1166 3402 1344 3470 magni
1377 3411 1432 3455 et
1460 3400 1621 3469 primi
1655 3399 1898 3455 Pastoris
1928 3402 2162 3471 diligen-

586 3494 857 3550 tissimum
886 3492 1192 3561 speculum,
1219 3490 1456 3561 Spiritus
1487 3491 1911 3547 mundissimum
1946 3492 2161 3547 habita-

584 3585 793 3649 culum,
830 3582 1135 3639 rectisslma
1188 3581 1625 3636 orthodoxorum
1669 3581 1985 3651 dogmatum
2027 3598 2164 3652 pon-

585 3677 817 3741 deratio,
853 3674 1133 3745 politaque
1165 3674 1220 3728 in
1249 3673 1469 3729 Christo
1498 3673 1938 3728 conversationis
1966 3674 2164 3728 habitae

589 3772 798 3842 regula,
833 3768 1281 3824 nominatissima
1314 3766 1562 3831 lucerna,
1609 3776 1663 3821 et
1707 3775 1913 3836 septem
1964 3766 2163 3823 cande-

585 3866 863 3919 labrorum
893 3860 1195 3916 luminibus
1240 3868 1354 3914 tota
1387 3858 1769 3930 fulgidissima.
1798 3857 2165 3929 Resplendcre

587 3959 674 4013 fac
710 3956 871 4011 nobis
903 3962 1166 4024 tanquam
1199 3967 1265 4008 ex
1305 3951 1569 4007 invisibili
1611 3952 1947 4007 candelabro
1995 3967 2165 4008 sacrae

586 4050 865 4105 cathedrae
911 4045 1457 4100 cvidentissimorum
1508 4043 1801 4097 verborum
1859 4043 2162 4114 perspicui-

586 4152 748 4197 tates.
804 4136 1083 4192 Distribue
1128 4143 1311 4189 autem
1360 4141 1416 4188 et
1463 4134 1839 4189 esurientibus
1885 4134 2162 4189 viviﬁcum

586 4229 756 4284 divini
811 4223 1115 4297 magisterii
1170 4237 1409 4293 panem,
1464 4229 1517 4276 ct
1565 4222 1712 4277 nutri
1783 4222 2043 4294 populum
2108 4223 2163 4277 in

585 4332 851 4375 extranea
911 4327 1055 4371 terra
1127 4329 1323 4385 vagum
1388 4313 1648 4370 effectum
1706 4314 1950 4371 haaretici
2016 4315 2166 4369 inco-

588 4416 752 4468 latus.

2263 3218 2580 3290 ίεροκῆρυξ,
2610 3218 2704 3270 καὶ
2730 3216 2825 3269 τοῦ
2854 3218 3121 3287 παρόντος
3148 3217 3309 3286 ἡμῶν
3338 3218 3594 3286 συλλόγου
3622 3219 3857 3288 ἐξαρχε,

2261 3315 2289 3366 6
2350 3311 2441 3364 τὸν
2498 3310 2791 3380 μετάρσιον
2835 3310 2965 3378 ἡμῖν
3007 3307 3095 3359 διά
3136 3306 3375 3377 Χριστοῦ
3413 3312 3859 3373 κατασκευάζων

2262 3405 2471 3475 θρόνον,
2503 3403 2563 3457 τὸ
2598 3401 2691 3454 τοῦ
2733 3401 2971 3471 μεγάλου
3008 3400 3103 3453 καὶ
3141 3399 3359 3470 πρώτου
3393 3401 3653 3469 Ποιμένος
3686 3404 3856 3470 ἀκρι-

2263 3498 2523 3550 ϐέστατον
2560 3496 2844 3565 ἔσοπτρον,
2878 3493 2939 3545 τὸ
2964 3492 3061 3545 τοῦ
3094 3492 3411 3561 Πνεύματος
3456 3495 3860 3564 καθαρώτατον

2263 3589 2611 3659 ἐνδιαίτημα,
2660 3589 2694 3656 ἡ
2749 3585 3018 3655 εύθυτάτη
3060 3584 3169 3637 τῶν
3212 3585 3509 3655 όρθοδόξων
3553 3585 3858 3655 δογμάτων

2265 3681 2502 3752 στάθμη,
2549 3680 2578 3732 6
2623 3678 2992 3748 άπεξεσμένος
3038 3676 3139 3746 τῆς
3184 3678 3241 3729 ἐν
3297 3676 3518 3747 Χριστῷ
3569 3678 3853 3741 πολιτείας

2264 3773 2466 3838 κανὼν,
2515 3771 2545 3823 6
2593 3771 2942 3843 περιώνυμος
2975 3770 3070 3823 καὶ
3115 3769 3439 3838 ἐπταφώτου
3473 3770 3696 3838 λυχνίας
3726 3771 3857 3822 ὀλο-

2264 3865 2682 3937 λαμπρέστατος
2706 3864 2926 3933 λύχνος·
2965 3863 3207 3933 πύρσευε
3234 3864 3368 3933 ἡμῖν
3398 3862 3473 3926 ὡς
3504 3864 3563 3927 ἐξ
3594 3865 3855 3915 ἀπόπτου

2264 3957 2487 4027 λυχνίας
2530 3957 2630 4027 τῆς
2678 3956 2828 4026 ἱερᾶς
2869 3954 3137 4024 καθέδρας
3164 3953 3274 4006 τῶν
3304 3955 3637 4023 φανωτάτων
3670 3955 3855 4022 λόγων

2264 4048 2363 4110 τάς
2392 4047 2698 4115 διαυγείας.
2732 4046 3038 4117 Διάθρυπτε
3083 4045 3139 4098 δὲ
3175 4046 3268 4098 καὶ
3318 4048 3431 4107 τοῖς
3472 4045 3700 4101 πεινῶσι
3752 4048 3855 4098 τὸν

2265 4138 2643 4202 ζωτικώτατον
2671 4137 2773 4207 τῆς
2800 4138 2952 4199 θείας
2981 4136 3329 4199 διδασκαλίας
3359 4137 3522 4207 ἄρτον
3547 4156 3561 4168 ·
3598 4140 3691 4191 καὶ
3720 4140 3855 4206 θρέο

2263 4228 2367 4299 ψον
2394 4228 2522 4282 λαὸν
2553 4230 2610 4281 ἐν
2642 4228 2771 4298 ξένῃ
2794 4230 2888 4299 γῇ,
2922 4227 3129 4298 ἀλήτην
3162 4229 3530 4298 γεγενημένον
3561 4229 3656 4298 τῆς
3688 4232 3856 4299 αἶρε.

2265 4320 2421 4390 τικῆς
2445 4319 2787 4382 ἀποικεσίας.

658 4500 883 4555 Elﬁcerc
928 4498 1090 4553 nobis
1124 4510 1301 4550 novus
1337 4494 1540 4563 Joseph
1584 4494 1848 4551 frumenti
1888 4498 2064 4560 dator,
2109 4504 2158 4550 et

2336 4494 2501 4548 Γενοῦ
2526 4497 2657 4565 ἡμῖν
2688 4496 2806 4558 νέος
2852 4495 3055 4566 ’Ῑωσὴφ
3085 4496 3367 4566 σιτοδότης
3412 4501 3535 4561 ταῖς
3586 4499 3856 4569 ἀπορίαις

588 4592 976 4663 ambiguitates
1006 4588 1417 4658 scripturalium
1452 4587 1754 4656 explanans
1784 4588 2158 4657 aenigmatum,

587 4688 791 4757 opimis
844 4698 943 4737 nos
983 4690 1037 4735 et
1073 4679 1415 4750 spiritalibus
1457 4678 2011 4749 interpretationibus
2059 4696 2163 4734 nu-

591 4787 679 4840 tri.
716 4782 879 4837 Eleva
908 4779 1100 4834 oculos
1145 4787 1293 4843 tuos,
1342 4782 1397 4830 et
1444 4773 1567 4828 vide
1610 4789 1775 4844 super
1823 4785 1873 4828 te
1903 4774 2163 4829 collectos

594 4878 735 4932 filius
774 4886 920 4939 tuos,
962 4870 1053 4941 qui
1102 4870 1354 4939 luporum
1396 4865 1891 4935 congressionibus
1930 4864 2163 4935 dispersi

591 4980 739 5027 sunt.
788 4968 1015 5023 Plenum
1066 4962 1162 5018 tibi
1207 4975 1330 5015 esse
1370 4973 1536 5014 omne
1576 4957 2017 5013 sacratissimum
2059 4956 2161 5011 hoc

591 5065 774 5118 divino
802 5060 1021 5115 decreto
1056 5052 1318 5123 templum
1346 5049 1706 5119 conspicitur.
1752 5047 1960 5103 Crebro
2003 5062 2164 5101 men-

592 5160 663 5214 tis
701 5166 806 5210 tum
855 5151 995 5207 saltu
1046 5146 1348 5203 bestiarum
1395 5155 1719 5214 prteoccupa
1775 5140 2012 5210 impetus
2040 5179 2054 5201 ,
2112 5149 2166 5194 et

594 5254 695 5305 hos
747 5240 1083 5317 prteveniens
1143 5236 1415 5307 sapientia
1470 5243 1563 5289 tua
1612 5231 1861 5287 exclude.
1937 5231 2167 5299 Semper

594 5342 721 5399 ovili
756 5349 848 5394 tuo
875 5330 1327 5405 tranquillitatem
1361 5328 1619 5383 concilia.
1652 5324 1927 5380 Praemuni
1977 5330 2161 5377 autem

595 5438 701 5492 hoc
752 5427 1132 5500 frequentibus
1182 5438 1245 5478 ac
1289 5422 1429 5476 bene
1492 5418 1818 5475 sonantibus
1872 5415 1939 5470 ad
1995 5415 2163 5469 Deum

594 5527 812 5586 emissis
850 5520 1217 5578 orationibus,
1268 5523 1326 5568 ut
1359 5513 1457 5567 tibi
1504 5513 1557 5566 in
1607 5510 2013 5565 multitudinem
2064 5524 2163 5561 au-

597 5631 786 5691 geatur
847 5613 1147 5670 secundum
1203 5606 1662 5677 repromissiones
1732 5619 1853 5671 qua:
1909 5610 2039 5655 sunt
2111 5601 2163 5652 in

595 5710 870 5768 Abraham
921 5707 1094 5760 instar
1148 5709 1420 5755 astrorum
1479 5696 1692 5750 numeri
1744 5695 1915 5748 factae.
1981 5691 2165 5745 Gaude

598 5818 726 5857 vero
756 5811 809 5855 ct
842 5808 922 5862 tu,
958 5792 1316 5849 Nicaeensium
1346 5788 1544 5857 inclyta
1602 5787 1752 5848 urbs,
1778 5786 1918 5838 inter
1967 5794 2165 5836 metro-

669 5915 715 5947 ³¹⁵
752 5911 913 5969 Mich.
950 5924 1047 5973 vn,
1080 5906 1165 5959 18.
1243 5902 1287 5935 "
1319 5900 1463 5956 Psal.
1496 5915 1545 5965 c,
1578 5899 1631 5952 2.

2266 4587 2372 4640 τῶν
2416 4586 2711 4657 Γραφικῶν
2757 4586 3099 4656 αἰνιγμάτων
3142 4589 3266 4652 ταῖς
3312 4589 3654 4658 εὐπορίστοις
3712 4592 3855 4642 ἀνα-

2264 4680 2493 4746 πτύξεσι
2541 4680 2649 4733 τῶν
2690 4679 3080 4749 πνευματικῶν
3125 4681 3438 4752 ἐρμηνειῶν
3476 4683 3623 4751 ἡμᾶς
3652 4684 3857 4752 ἐκτρέ-

2264 4791 2402 4841 φων.
2430 4768 2597 4845 Ἀρον
2623 4771 2808 4841 κύκλῳ
2842 4772 2970 4835 τοὺς
3006 4771 3322 4843 ὀφθαλμούς
3362 4790 3457 4826 σου
3485 4814 3498 4835 ,
3531 4776 3625 4827 καὶ
3646 4774 3727 4826 ῐδε
3757 4777 3859 4827 ἐπὶ

2268 4866 2329 4919 σὲ
2360 4864 2676 4935 συνηγμένα
2714 4864 2783 4918 τά
2820 4863 2986 4916 τέκνα
3022 4880 3115 4916 σου
3139 4904 3154 4928 ,
3181 4863 3216 4918 ἃ
3238 4867 3358 4929 ταῖς
3400 4864 3509 4917 τῶν
3535 4866 3721 4918 λύκων
3752 4869 3859 4930 ἐφ-

2265 4957 2407 5019 όδοις
2456 4956 2843 5026 διεσκόρπιστο
2872 4972 2883 4983 ·
2922 4953 3141 5024 πλήρης
3192 4971 3276 5007 σοι
3329 4956 3439 5017 πᾶς
3477 4956 3505 5008 6
3551 4955 3858 5025 ἱερώτατος

2265 5043 2422 5110 οὗτος
2475 5046 2568 5100 τοῦ
2614 5046 2761 5099 θείου
2825 5048 3210 5116 συντάγματος
3234 5047 3371 5112 νεὼς
3397 5050 3613 5118 ὁρᾶται.
3651 5052 3861 5120 Πυκνῷ

2268 5159 2360 5193 σου
2408 5140 2507 5209 τῆς
2550 5140 2789 5202 διανοίας
2826 5139 3029 5208 ἅλματι
3068 5140 3169 5204 τὰς
3222 5140 3334 5192 τῶν
3368 5140 3553 5211 θηρῶν
3598 5142 3861 5213 προλάμ-

2268 5233 2397 5282 ϐανε
2448 5230 2692 5298 ἐφόδους,
2728 5231 2821 5283 καὶ
2870 5230 3077 5291 ταύτας
3123 5232 3191 5301 τῇ
3252 5234 3319 5301 σῇ
3385 5232 3548 5302 σοφίᾳ
3602 5249 3861 5301 προαποο

2269 5320 2479 5374 κλείων.
2526 5320 2639 5372 Ἀεί
2677 5336 2770 5371 σου
2802 5322 2867 5389 τῇ
2911 5318 3117 5389 ποίμνῃ
3147 5319 3208 5371 τὸ
3251 5320 3527 5389 ἀτάραχον
3570 5323 3863 5391 προξενεῖ..

2267 5410 2616 5482 Προσοχύρου
2648 5428 2713 5479 γε
2759 5410 2939 5471 τοῦτο,
2979 5412 3075 5463 καὶ
3129 5413 3250 5471 ταῖς
3308 5416 3545 5475 πυκναῖς
3602 5413 3720 5466 τῶν
3762 5417 3864 5468 εύ-

2268 5506 2416 5575 ήχων
2449 5507 2528 5565 είς
2551 5504 2683 5556 Θεὸν
2710 5503 3028 5574 προσευχῶν
3066 5521 3160 5555 σου
3188 5504 3499 5571 ἐπάλξεσιν
3536 5507 3623 5558 ἵνα
3658 5524 3748 5558 σοι
3783 5511 3868 5571 εἰς

2270 5596 2473 5666 πλῆθος
2496 5594 2705 5666 ἐπιδοίη
2730 5595 2875 5648 κατά
2904 5597 3001 5658 τὰς
3035 5598 3092 5647 ἐν
3116 5596 3192 5666 τῷ
3234 5596 3486 5666 Ἀϐραάμ
3511 5600 3867 5665 ἐπαγγελίας

2268 5691 2381 5751 τοῖς
2399 5687 2618 5757 ἄστρων
2643 5690 2826 5756 χοροῖς
2853 5688 3275 5757 παραπλησίως.
3308 5689 3533 5758 Χαίροις
3554 5688 3611 5740 δὲ
3646 5690 3747 5743 καὶ
3769 5694 3868 5750 σὺ,

2270 5780 2523 5832 Νικαέων
2556 5779 2883 5848 περίκλυτον
2910 5778 3072 5842 ἄστυ,
3097 5780 3159 5831 τὸ
3190 5781 3246 5832 ἐν
3283 5779 3654 5849 μητροπόλεσι
3700 5784 3871 5852 περί-
