4098 6484
241 323 377 387 1329

1454 324 1707 385 SEHMO
1742 326 2302 389 LAUDATORIUS.

241 450 448 489 πυστον
476 434 669 503 ὄνομα,
700 435 798 503 τῆς
830 434 1071 487 Βιθυνῶν
1102 435 1373 505 ἐπαρχίας
1419 436 1480 488 τὸ
1512 435 1834 489 εὐκλεέστα-

1951 439 2092 506 poles
2141 438 2589 509 Opinatissimum
2643 456 2865 509 nomen,
2917 442 3354 514 Bithyniensium
3390 460 3519 514 pro-

241 540 333 575 τον
394 522 747 591 ἀκροθίνιον·
785 524 1114 595 ήπρότερον
1174 526 1274 595 μὲν
1320 526 1444 588 ταῖς
1496 525 1608 579 τῶν
1657 525 1830 594 ἁγίων

240 615 620 668 ὀκτωκαίδεκα.
690 615 786 667 καὶ
835 616 1171 686 τριακοσίων
1240 614 1517 686 θεοφόρων
1570 616 1833 687 Πατέρων

242 710 452 778 ἰχνεσιν
494 708 844 775 ἀγιασθεῖσα,
895 708 993 761 νῦν
1046 708 1103 761 δὲ
1145 709 1258 772 τοῖς
1318 708 1528 763 τούτων
1561 709 1833 779 διαδόχοις

242 802 412 871 τριῶν
458 802 835 854 ὲκατοντάδων
877 802 976 855 σὺν
1022 802 1185 854 πέντε
1211 801 1442 855 δεκάσιν
1468 802 1707 873 ἀριθμὸν
1741 803 1836 855 ὲκ-

244 890 583 961 πληροῦσινο
616 889 865 943 εὐλαὸῶν
905 906 967 942 τε
1001 888 1253 959 μοναχῶν
1303 889 1407 942 οὐκ
1446 888 1836 959 εὐαριθμήτων

245 982 469 1051 πλήθει,
498 984 621 1045 ταῖς
665 983 861 1044 αὑταῖς
905 982 1015 1035 τῶν
1048 980 1316 1049 εὐλογιῶν
1356 978 1837 1052 περικυκλουμένη

247 1076 489 1145 χάρισιν.
536 1074 624 1127 Ἐν
667 1075 753 1127 σοὶ
786 1074 895 1145 γάρ
942 1075 1042 1143 τῆς
1087 1073 1315 1147 ὁρθόξου
1346 1072 1586 1135 πίστεως
1615 1072 1645 1123 ό
1675 1071 1832 1141 θεμέ-

246 1163 362 1225 λιος
387 1162 491 1215 ὑπό
520 1179 669 1225 τινος
700 1163 1008 1231 Σατανικῆς
1040 1163 1376 1235 δυστροπίας
1413 1162 1695 1233 σεισθῆναι
1724 1178 1840 1215 κιν-

246 1256 490 1310 δυνεύων
519 1257 812 1327 ἑδραίωσιν
862 1256 1167 1327 ἀκλόνητον
1221 1256 1468 1328 εἴληφεν.
1511 1256 1601 1309 Ἐν
1636 1256 1721 1309 σοὶ
1746 1254 1840 1308 τὸν

249 1350 446 1420 ἄγριον
479 1354 690 1405 ἐκεῖνον
729 1352 827 1405 καὶ
853 1352 1147 1405 ἀτίθασσον
1197 1351 1343 1423 θῆρα
1389 1352 1610 1422 Ἀρειον
1634 1351 1662 1403 ό
1697 1350 1841 1414 θεῖος

250 1446 462 1508 ἐκεῖνος
518 1445 627 1499 τῶν
650 1446 914 1513 Πατέρων
967 1446 1128 1516 χορὸς
1172 1445 1242 1499 τὰ
1298 1446 1419 1516 ἱερὰ
1471 1446 1580 1499 τῶν
1606 1445 1646 1497 Γ
1652 1444 1841 1514 ραφῶν

252 1535 679 1603 ὲιραπλώσαντες
732 1536 857 1591 λίνα
913 1536 1237 1607 ἐζώγρησαν
1260 1577 1275 1602 ,
1304 1537 1399 1589 καὶ
1448 1538 1561 1601 τοῖς
1587 1538 1843 1607 φοὸεροῖς

255 1630 661 1700 κατηκόντισαν
719 1631 1029 1701 ἀναθέμασι
1054 1649 1066 1663 ο
1102 1630 1411 1684 κάντεῦθεν
1454 1631 1545 1683 τὸν
1579 1630 1708 1683 Υἰὸν
1746 1629 1842 1683 τοῦ

254 1722 394 1774 θεοῦ
448 1723 545 1775 καὶ
592 1723 806 1794 Πατρδς
843 1722 1130 1791 όμοούσιον
1179 1722 1259 1793 τῷ
1300 1723 1655 1793 γεγεννηκότι
1692 1724 1843 1777 πᾶσα

257 1816 422 1885 φύσις
450 1815 753 1888 ἀνθρώπων
796 1816 1069 1885 θεολογεῖν
1098 1818 1597 1889 ὲκμεμαθήκαμεν.
1631 1817 1731 1871 Διά
1757 1835 1840 1870 τοι
1875 1805 1915 1861 Β

256 1906 422 1960 τοῦτο
439 1908 533 1961 καὶ
569 1908 628 1961 τὸ
656 1909 830 1979 παρὸν
861 1907 1165 1980 ἱερώτατον
1196 1909 1484 1980 σύνταγμα
1534 1910 1633 1980 τῆς
1658 1911 1838 1979 ἰσαρί-

260 1997 401 2065 ομου
433 1999 639 2069 ταύτης
680 2001 901 2071 χορείας
936 2001 1071 2064 δυὰς
1104 2002 1350 2055 εύσεὸῶν
1381 2001 1650 2072 βασιλέων
1673 2002 1734 2055 ὲν
1760 2003 1841 2054 σοὶ

260 2092 707 2163 συγκροτηθῆναι
748 2093 1091 2156 τεθέσπικεν,
1120 2095 1325 2166 Εἰρήνη
1381 2096 1479 2148 νέα
1530 2094 1712 2166 Ἑλένη
1747 2095 1844 2148 σὺν

262 2184 366 2254 ιιίῷ
425 2186 639 2255 γνησίῳ
697 2185 801 2255 νέῳ
859 2185 1279 2255 Κωνσταντίνῳ,
1316 2183 1412 2248 οὓς
1451 2185 1484 2257 ἡ
1534 2186 1594 2238 ὲν
1638 2186 1720 2238 σοὶ
1746 2185 1841 2238 τοῦ

262 2273 591 2345 ῐΙνεύματος
624 2276 787 2345 χάρις
834 2277 950 2337 τοίς
997 2275 1123 2327 τότε
1152 2277 1249 2328 καὶ
1281 2273 1379 2327 νῦν
1409 2275 1589 2343 ἁγίοις
1618 2275 1847 2345 ἐπιλάμ-

259 2365 414 2435 ψασα
452 2367 720 2439 Πατράσι,
751 2367 981 2437 φυλάξοι
1032 2367 1283 2436 δαψιλέσι
1322 2367 1539 2438 χρόνοις
1572 2367 1847 2439 ἀτάραχον

1935 532 2127 587 vinciae
2156 532 2572 602 gloriosissima:
2610 534 2908 603 primitiae:
2946 551 3069 601 qua:
3100 542 3255 604 prius
3296 538 3517 607 quidem
3584 519 3611 565 θ’

1935 635 2249 679 sanctorum
2284 627 2474 682 decem
2506 634 2561 680 et
2600 635 2730 681 octo
2762 637 3250 698 trecentorumque
3285 628 3520 683 deifero-

1936 731 2056 770 rum
2094 715 2318 771 Patrum
2351 718 2609 789 vestigiis
2652 719 2995 774 sanctiﬁcata
3032 735 3114 785 es,
3147 733 3294 773 nunc
3336 728 3521 774 autem

1940 808 2131 861 horum
2165 823 2550 865 successorum
2588 825 2745 880 aeque
2784 818 3158 866 trecentorum
3199 825 3325 865 cum
3361 808 3524 879 quin-

1937 912 2049 968 que
2094 898 2397 955 decadibus
2438 916 2731 957 numerum
2781 901 3201 972 complenlium,
3254 917 3319 956 ac
3364 915 3525 957 reve-

1940 989 2236 1043 rendorum
2300 991 2711 1047 monachorum
2762 991 2856 1061 qui
2920 1006 3058 1063 pene
3106 989 3524 1046 innumerabilis

1941 1090 2076 1135 sunt
2121 1080 2517 1147 multitudinis,
2569 1081 2779 1138 eisdem
2823 1082 3303 1139 benedictionibus
3336 1081 3527 1154 [bene-

1944 1172 2280 1247 dictionum]
2311 1173 2654 1231 circumdata
2682 1191 2742 1231 es
2777 1177 2989 1245 gratiis.
3021 1174 3083 1230 In
3121 1182 3172 1230 te
3202 1171 3403 1245 quippe
3435 1188 3526 1229 or-

1946 1266 2221 1323 thodoxiaa
2268 1264 2614 1339 [orthodoxae
2669 1267 2817 1339 ﬁdei]
2863 1268 3281 1324 fundamentum
3320 1282 3349 1321 a
3391 1281 3527 1338 qua-

1943 1360 2068 1413 dam
2102 1359 2358 1415 Satanica
2382 1358 2745 1415 subversione
2774 1374 3107 1416 concussum
3134 1360 3525 1431 perecliturum

1946 1450 2429 1524 [periclitaturum,
2493 1450 2630 1521 forte
2660 1453 2804 1507 deest
2855 1454 2949 1507 sed
2987 1450 3143 1523 non},
3187 1451 3528 1506 stabilimen-

1946 1556 2060 1600 tum
2093 1545 2212 1600 sine
2255 1544 2672 1615 perturbatione
2699 1546 2963 1615 percepit.
2999 1544 3056 1598 In
3090 1554 3142 1597 te
3176 1542 3346 1597 feram
3383 1542 3527 1596 illam

1945 1648 1998 1691 et
2041 1636 2308 1691 immitem
2342 1636 2601 1701 bestiam,
2652 1636 2843 1690 Arium
2891 1635 3123 1702 scilicet,
3169 1634 3392 1689 divinus
3440 1633 3534 1688 ille

1947 1728 2172 1783 Patrum
2217 1729 2425 1784 chorus
2459 1728 2633 1784 sacris
2676 1726 3092 1798 Scripturarum
3140 1725 3403 1796 expansis
3440 1738 3533 1780 ca-

1947 1820 2120 1888 ptavit
2171 1818 2409 1883 retibus,
2448 1828 2505 1873 et
2537 1816 2880 1873 terribilibus
2926 1816 3374 1871 anathematibus
3409 1830 3533 1886 per-

1949 1909 2107 1971 culit,
2157 1916 2213 1963 et
2256 1909 2386 1964 hinc
2420 1907 2621 1964 Filium
2667 1907 2764 1963 Dei
2798 1917 2854 1963 et
2901 1907 3103 1972 Patris,
3148 1905 3446 1976 Dominum
3478 1912 3534 1961 et

1948 2002 2490 2057 consubstantialem
2544 2002 2815 2072 gignenti,
2870 2002 3055 2056 omnis
3106 2008 3305 2056 natura
3355 2000 3533 2055 homi-

1950 2111 2080 2150 num
2120 2094 2417 2163 praedicare
2469 2093 2783 2150 didicimus
2833 2106 2885 2149 et
2922 2095 3133 2151 idcirco
3166 2108 3410 2165 prazsens
3446 2108 3533 2148 sa-

1950 2187 2320 2242 cratissimum
2348 2196 2701 2257 compactum
2732 2185 2898 2257 huius
2925 2186 3205 2242 numerosi
3229 2193 3532 2241 conventus

1942 2278 2183 2331 dualitas
2232 2278 2452 2347 piorum
2516 2277 2914 2348 imperatorum
2959 2278 3315 2333 consolidans
3348 2275 3532 2347 colligi

1946 2369 2151 2432 sanxit,
2194 2368 2353 2424 [rene
2380 2369 2639 2425 videlicet
2688 2385 2827 2426 nova
2859 2368 3064 2426 Helena
3099 2385 3225 2424 cum
3258 2368 3370 2423 ﬁlio
3405 2383 3533 2439 pro-

262 2459 449 2521 αὐτοῖς
487 2459 547 2511 τὸ
579 2461 783 2529 κράτος
821 2460 1142 2531 δωρουμένη
1167 2502 1181 2524 ,
1214 2464 1310 2512 καὶ
1367 2461 1476 2512 τῶν
1523 2459 1737 2529 ἐχθρῶν
1780 2459 1850 2513 τὰ

1951 2462 2069 2531 prio
2103 2461 2470 2518 Constantino
2502 2477 2669 2529 novo,
2703 2476 2844 2533 quos
2876 2463 2929 2517 in
2966 2471 3021 2518 te
3060 2461 3302 2533 Spiritus
3334 2461 3530 2533 gratia,

263 2548 406 2617 φῦλα
440 2550 546 2619 πρὸ
578 2551 755 2604 ποδῶν
778 2551 1131 2622 καταστρώσι
1158 2568 1171 2581 ο
1191 2551 1265 2615 ὡς
1284 2551 1348 2605 ἂν
1376 2553 1509 2622 ἡμῖν
1533 2552 1694 2623 ἡτῶν
1714 2553 1852 2621 ἀγα-

264 2640 374 2693 θῶν
409 2642 485 2712 μὴ
522 2642 759 2697 διαλίποι
784 2644 1045 2713 χορηγία.

1948 2571 2072 2624 qua:
2106 2565 2239 2610 tunc
2269 2566 2322 2611 et
2359 2572 2505 2611 nunc
2538 2559 2749 2612 sanctis
2779 2556 2960 2611 illuxit
2997 2554 3279 2619 Patribus,
3311 2569 3534 2609 conscr-

1950 2655 2041 2700 vet
2074 2662 2169 2718 per
2194 2647 2501 2720 largissima
2533 2659 2802 2720 tempora,
2833 2648 3293 2719 imperturbabile
3320 2646 3535 2702 donans

263 2736 345 2789 eis
401 2736 733 2805 imperium,
788 2738 1145 2807 hostiumque
1208 2740 1462 2793 nationes
1507 2745 1634 2793 ante
1685 2735 1852 2806 pedes
1892 2748 2244 2807 prosternat,
2301 2750 2578 2810 quatenus
2646 2740 2809 2797 nobis
2866 2741 3136 2796 honorum
3215 2740 3372 2811 copia
3427 2753 3534 2793 non

262 2832 504 2887 deliciat.

337 2927 568 2997 Χαίροις
588 2926 793 2989 τοίνυν,
813 2920 855 2979 ὦ
886 2926 1277 2997 μητροπόλεων
1311 2927 1594 2998 περίδοξον
1625 2926 1845 2991 κάλλος,

263 3020 324 3071 ἐν
362 3018 572 3081 τούτοις
594 3060 607 3083 ,
643 3019 723 3071 ὅτι
752 3021 809 3071 ὲν
844 3021 929 3071 σοί⁵
967 3020 1028 3072 τὸ
1068 3019 1286 3090 πρῶτον
1316 3022 1455 3090 ἡμῖν
1484 3021 1591 3073 τῶν
1626 3019 1849 3089 ἀγαθῶν

262 3111 459 3179 ἀνέφυ,
496 3113 553 3162 ἐν
591 3110 678 3162 σοὶ
722 3110 787 3181 δὴ
817 3111 913 3163 καλ⁸
956 3110 1017 3163 τὸ
1061 3111 1239 3175 τέλος,
1272 3113 1371 3183 οὐχ
1404 3112 1480 3176 ὡς
1516 3112 1655 3183 πρὸς
1691 3111 1850 3178 ἀξίαν

265 3203 406 3275 πρὸς
435 3202 675 3274 ἀριθμὸν
704 3202 761 3255 δὲ
792 3202 915 3272 ἥτις
949 3202 1068 3255 ἐστὶ
1112 3202 1221 3257 τῶν
1244 3204 1594 3257 σεπτοτάτων
1624 3202 1849 3257 εἰκόνων

265 3299 366 3367 τῆς
386 3296 684 3367 καθολικῆς
699 3297 855 3367 ήμῶν
892 3298 1273 3368 Ἐκκλησίαςή
1296 3297 1502 3369 ἀρχαία
1525 3297 1849 3368 παράδοσις,

266 3390 327 3440 ὲν
357 3391 472 3451 τοῖς
503 3388 653 3451 ἰδίοις
677 3389 1378 3460 ἀποκατασταθεῖσαὸροις.
1426 3390 1541 3442 Νῦν
1570 3390 1739 3452 ὅντως
1770 3389 1853 3441 εύ-

267 3482 525 3549 φαίνεται
569 3482 880 3554 όούρανὺς,
948 3487 1044 3535 καὶ
1104 3482 1161 3534 at
1216 3482 1440 3549 νεφέλαι
1503 3480 1855 3551 δικαιοσύνην

268 3574 646 3636 ἀποστάζουσι
669 3590 682 3603 ·
716 3576 809 3628 καὶ
833 3574 895 3628 τὸ
942 3574 1262 3644 μεσότοιχον
1288 3574 1384 3626 τοῦ
1414 3573 1675 3646 φραγμοῦ
1700 3574 1855 3626 λέλυ-

268 3684 361 3719 ται
392 3670 455 3737 τῇ
481 3666 675 3720 ένώσει
713 3668 811 3737 τῆς
858 3665 1195 3729 διαστάσεως
1220 3666 1732 3737 παραχωρησάσης,
1761 3665 1855 3717 καὶ

270 3763 350 3823 εἰς
385 3759 515 3829 μίας
548 3758 931 3830 ὁμοφροσύνης
979 3759 1291 3829 σύμπνοιαν
1328 3761 1360 3829 ὴ
1401 3758 1601 3827 τετρὰς
1643 3758 1743 3827 τῆς
1774 3759 1853 3810 οἰ·-

272 3855 552 3922 κουμένης
591 3853 943 3922 συνήνεκται.
987 3852 1102 3905 Νῦν
1131 3854 1183 3905 αἱ
1211 3852 1402 3905 πολλαὶ
1441 3852 1548 3903 τῶν
1581 3850 1856 3920 διαφὸρως

272 3945 664 4016 ὑποσυρέντων
696 3948 775 4008 εἰς
810 3945 870 3998 ἓν
913 3944 1312 4017 συνεληλύθασι
1352 3944 1541 4009 δόξαι·
1574 3946 1668 3996 καὶ
1715 3941 1856 4013 σύμ-

272 4053 451 4103 φωνος
511 4035 680 4105 ὕμνος
736 4036 844 4089 ἀπὸ
902 4037 1157 4107 περάτων
1207 4038 1307 4106 γῆς
1362 4037 1467 4097 ἕως
1502 4035 1755 4106 περάτων
1779 4032 1856 4104 τῷ

270 4127 393 4195 Θεῴ
451 4128 860 4197 ἀναπέμπεται.
914 4130 1141 4199 Χαίροις
1171 4128 1486 4198 τοιγαροῦν,
1525 4130 1619 4181 κα)⁵
1657 4128 1855 4198 σκίρτα

273 4220 369 4271 ἐπὶ
395 4218 605 4281 τούτοις
634 4220 728 4272 καὶ
760 4222 847 4282 σὺ,
896 4220 1197 4290 Ἐκκλησία
1228 4220 1514 4289 καθολικὴ,
1551 4222 1583 4289 ἡ
1615 4221 1673 4271 ὲν
1702 4220 1856 4290 πάσῃ

271 4314 341 4381 τῇ
367 4312 667 4385 οἰκουμένῃ
695 4328 709 4344 ο
741 4312 936 4382 χόρευε
972 4312 1360 4382 ἀγαλλιωμένη
1380 4312 1473 4363 ἐπὶ
1504 4315 1569 4382 τῇ
1590 4311 1697 4364 τῶν
1724 4310 1857 4363 υἰῶν

276 4420 374 4454 σου
408 4402 796 4455 ὲπανελεύσειο
830 4403 1039 4457 ἀπόθου
1088 4404 1150 4457 τὸ
1189 4405 1289 4474 τῆς
1331 4403 1631 4464 διαλύσεως
1665 4402 1855 4475 ῥάκος,

2030 2923 2221 2977 Gaude
2254 2923 2441 2993 itaque
2474 2921 2527 2976 in
2558 2922 2664 2988 his,
2700 2936 2733 2977 ο
2768 2923 3146 2992 metropoleon
3175 2920 3376 2993 inclyta
3410 2937 3537 2991 spc~

1954 3017 2104 3082 cies;
2162 3017 2422 3086 quoniam
2485 3016 2537 3069 in
2593 3025 2643 3069 te
2698 3015 2857 3071 nobis
2916 3016 3202 3085 et.primo
3262 3016 3535 3070 bonorum

1878 3142 1923 3201 ε
1957 3110 2271 3173 exordium,
2309 3121 2364 3163 et
2392 3124 2539 3163 nunc
2571 3107 2695 3163 ﬁnis
2726 3118 2954 3163 exortus
2986 3120 3088 3173 est,
3142 3108 3538 3162 venerabilium

1958 3203 2215 3256 nimirum
2246 3201 2548 3271 imaginum
2580 3199 2866 3255 catholicae
2908 3198 3170 3255 Ecclesia:
3199 3200 3383 3269 prisca
3426 3208 3538 3254 tra-

1956 3296 2091 3350 ditio
2122 3295 2175 3349 in
2209 3296 2327 3351 suis
2364 3293 2617 3349 terminis
2650 3294 2925 3350 restituta.
2968 3292 3125 3348 Nunc
3159 3306 3289 3347 vero
3324 3292 3540 3347 laetatur

1956 3387 2179 3453 cmlum,
2218 3397 2273 3442 et
2310 3386 2485 3441 nubes
2519 3386 2730 3441 stillant
2774 3385 3069 3455 justitiam.
3118 3384 3280 3441 Nunc
3325 3385 3541 3439 medius

1954 3480 2139 3550 paries
2173 3478 2427 3533 maceria:
2456 3478 2767 3553 dissolutus
2820 3487 2906 3533 est
2941 3478 3191 3532 unitione
3234 3478 3541 3533 dissmisio-

1958 3575 2044 3630 nis
2075 3588 2362 3638 concessa,
2403 3579 2459 3628 et
2500 3572 2558 3626 in
2602 3571 2767 3625 unius
2798 3571 3145 3627 assensionis
3180 3571 3543 3640 conspiratio-

1961 3682 2085 3720 nem
2145 3666 2490 3736 quaternitas
2539 3664 2693 3720 orbis
2749 3673 2909 3719 terrae
2960 3664 3187 3717 collecta
3228 3673 3333 3718 est.
3385 3662 3542 3715 Nunc

1959 3759 2146 3811 multm
2208 3774 2328 3827 quae
2386 3758 2439 3812 in
2499 3757 2718 3811 diversa
2781 3756 3093 3821 trahebant,
3166 3766 3537 3810 convenerunt

1957 3852 2271 3921 opiniones,
2331 3859 2387 3904 et
2426 3865 2708 3905 consonus
2751 3852 2989 3921 hymnus
3040 3864 3071 3902 a
3123 3848 3327 3902 ﬁnibus
3381 3858 3542 3903 terra:

1960 3961 2134 4015 usque
2163 3946 2230 4001 ad
2271 3945 2406 3999 ﬁnes
2457 3953 2617 3998 terra:
2667 3942 2774 3996 Deo
2822 3941 3104 4011 dirigitur.
3146 3940 3340 3995 Gaude
3376 3940 3543 4009 igitur

1960 4040 2268 4109 tripudians
2316 4052 2478 4107 super
2524 4036 2612 4091 his
2643 4045 2697 4089 et
2732 4042 2810 4097 tu,
2842 4034 3115 4088 catholica
3163 4032 3431 4094 Ecclesia,
3486 4034 3539 4086 iu

1962 4144 2075 4189 toto
2112 4142 2384 4188 terrarum
2417 4131 2549 4186 orbe
2579 4129 2799 4186 diﬁ‘usa.
2855 4129 2971 4183 Duc
3014 4128 3215 4182 choros
3258 4127 3544 4181 exsultans

1963 4243 2131 4297 super
2164 4225 2402 4279 ﬁliorum
2450 4233 2669 4278 tuorum
2703 4230 2976 4277 conventu
3013 4237 3026 4274 :
3065 4221 3280 4290 depone
3313 4218 3543 4273 divisio-

1963 4320 2049 4375 nis
2083 4334 2318 4389 pannos,
2361 4327 2416 4371 et
2462 4315 2692 4370 induere
2732 4314 2943 4385 integra
2984 4312 3304 4367 orthodoxa:
3355 4312 3543 4365 tunica

1964 4411 2212 4468 unitatis.
2268 4408 2387 4463 Jam
2443 4424 2550 4462 non
2609 4405 3243 4477 poneristopprobrium
3304 4401 3545 4458 inimicis

276 4496 373 4547 καὶ
407 4494 625 4548 ἔνδυσαι
674 4496 766 4549 τὸν
804 4496 1102 4567 ὀλόκληρον
1151 4495 1250 4567 τῆς
1272 4496 1555 4566 όρθοδόξου
1609 4496 1850 4559 ὲνώσεως

1964 4505 2096 4571 tuis,
2143 4502 2510 4558 subsannalio
2541 4510 2595 4556 et
2625 4500 2832 4555 tlerisio
2856 4499 3073 4570 populis
3098 4499 3194 4569 qui
3225 4498 3278 4552 in
3306 4497 3541 4552 circuitu

276 4587 504 4657 χιτῶνα.
539 4586 739 4639 Οὐκέτι
768 4587 973 4658 τεθήσῃ
998 4586 1200 4649 ὄνειδος
1227 4589 1338 4649 τοῖς
1368 4586 1577 4652 γείτοσί
1614 4603 1731 4647 σου,
1765 4604 1861 4655 μυ-

273 4679 585 4750 κτηρισμδς
642 4680 734 4733 καὶ
790 4678 1101 4748 χλευασμὸς
1158 4680 1273 4741 τοῖς
1320 4678 1505 4748 κύκλῳ
1553 4695 1646 4730 σου
1684 4677 1855 4740 λαοῖς.

274 4770 482 4822 Οὐκέτι
525 4768 816 4840 φοὸηθήσῃ
861 4766 1243 4833 ὲξουδενώσεις
1271 4766 1445 4819 ἀθέων
1478 4767 1567 4818 καὶ
1598 4767 1860 4835 ἀμυήτων

275 4860 376 4915 ἀνθ
388 4860 609 4931 ρώπων,
642 4857 914 4929 Ἐϐραίων
959 4856 1023 4927 δὴ
1054 4856 1197 4922 λέγω
1215 4858 1309 4908 καὶ
1326 4855 1641 4926 Ἀγαρηνῶν
1663 4873 1676 4888 ·
1697 4858 1771 4918 ὼς
1796 4856 1857 4926 δή

278 4968 364 5005 σοι
404 4952 479 5022 μὴ
528 4949 624 5003 τοῦ
667 4950 874 5002 τελείου
928 4950 1026 5019 τῆς
1060 4951 1297 5012 πίστεως
1326 4953 1444 5011 ταῖς
1473 4940 1860 5015 ἀποστόλικαῖς

276 5042 685 5114 παραδοθέντος
721 5042 1115 5104 διδασκαλίαις.
1157 5042 1355 5094 Οὐκέτι
1386 5040 1483 5109 τὴν
1520 5045 1583 5093 ἐκ
1620 5042 1713 5094 τοῦ
1742 5042 1861 5105 ἐνὸς

273 5135 415 5189 Θεοῦ
466 5134 827 5205 ἀναφοίτησιν
872 5133 961 5187 διὰ
1017 5134 1118 5204 τὴν
1148 5133 1284 5203 πρὸς
1315 5134 1439 5194 τοὺς
1483 5132 1649 5185 αὐτοῦ
1675 5134 1860 5201 φίλους

277 5228 747 5298 πρεπωδεστάτην
775 5229 942 5296 τιμὴν
959 5230 1068 5289 τοῖς
1091 5226 1200 5277 τῶν
1230 5225 1524 5296 αίρετικῶν
1546 5225 1862 5297 ὲγκληθήσῃ

280 5322 569 5388 στόμασιν.
596 5320 795 5371 Οὐκέτι
830 5322 940 5381 τοῖς
970 5320 1079 5370 τῶν
1108 5317 1345 5370 εἰδώλων
1387 5318 1640 5385 τεμένεσι
1671 5319 1729 5369 ἐν
1764 5317 1862 5387 ἴσῳ

278 5411 728 5483 καταλογισθήσῃ
757 5450 772 5473 ,
808 5412 896 5463 διὰ
946 5410 1045 5480 τὴν
1074 5413 1131 5462 ὲν
1172 5411 1257 5463 σοὶ
1296 5410 1405 5464 τῶν
1433 5410 1741 5481 ίερωτάτων
1769 5410 1862 5462 καὶ

280 5503 500 5557 σεπτῶν
529 5503 702 5569 ἁγίων
730 5504 956 5557 εἰκόνων
980 5504 1375 5572 ἀναστήλωσιν.

354 5594 575 5665 Πρέπον
628 5596 735 5665 γάρ
796 5612 879 5648 σοι
908 5594 984 5658 ώς
1031 5594 1108 5664 τῷ
1142 5594 1352 5664 βασιλεῖ
1384 5594 1488 5645 τῶν
1512 5591 1725 5647 αἰώνων
1749 5594 1863 5665 Υίῷ

281 5690 377 5740 καὶ
411 5686 570 5756 Λόγῳ
598 5688 692 5739 τοῦ
724 5688 863 5741 Θεοῦ
893 5687 1288 5759 νυμφευθείσῃ,
1319 5686 1419 5757 τὴν
1461 5687 1564 5756 τῆς
1594 5687 1861 5757 ὲνσάρκου

284 5779 455 5835 αὑτοῦ
484 5781 796 5852 οἰκονομίας
826 5782 1294 5853 ἀνθρωπόμορφον
1322 5780 1502 5834 εἰκόνα
1532 5781 1618 5834 διὰ
1644 5784 1861 5851 γραφῆς

1964 4609 2056 4653 tuo
2092 4605 2240 4652 sunt.
2276 4593 2397 4649 Non
2431 4595 2543 4665 jam
2587 4594 2806 4648 timebis
2845 4603 3193 4664 contemptus
3236 4593 3541 4654 hominum,

1962 4690 2319 4744 Hebraeorum
2368 4688 2573 4743 scilicet
2618 4694 2671 4740 et
2705 4687 3104 4757 Agarenorum,
3141 4686 3237 4756 qui
3285 4686 3402 4739 sine
3434 4683 3543 4737 Deo

1962 4790 2015 4835 et
2053 4796 2210 4835 sacra
2244 4780 2555 4836 initiatione
2584 4780 2923 4844 consistunt,
2963 4778 3121 4849 quasi
3157 4780 3251 4832 tibi
3292 4794 3397 4831 non
3430 4777 3545 4830 fue-

1964 4874 2033 4927 rit
2064 4874 2334 4943 perlectio
2366 4872 2491 4927 lidei
2527 4872 2794 4927 doctrinis
2819 4871 3138 4941 apostolicis
3168 4870 3386 4923 tradita.
3421 4867 3539 4923 Jam

1962 4981 2070 5020 non
2118 4968 2187 5020 ab
2236 4966 2617 5020 haereticorum
2656 4979 2750 5017 ore
2799 4963 3205 5026 criminaberis,
3247 4962 3403 5030 quasi
3456 4977 3540 5014 re-

1964 5061 2201 5116 cesseris
2234 5060 2304 5113 ab
2341 5074 2450 5113 uno
2490 5058 2600 5113 Deo
2632 5067 2853 5126 propter
2885 5055 3335 5110 decentissimum
3371 5054 3543 5107 hono-

1964 5171 2078 5208 rem
2122 5169 2253 5223 erga
2288 5151 2462 5221 ipsius
2492 5152 2699 5206 amicos
2729 5150 3045 5205 exhibitum.
3090 5147 3208 5202 Jam
3239 5164 3348 5202 nou
3383 5164 3542 5217 repu-

1967 5247 2174 5301 taheris
2214 5246 2486 5300 idolorum
2532 5246 2732 5299 similis
2769 5245 2986 5313 templis
3022 5253 3243 5312 propter
3280 5244 3541 5297 sacratis-

1965 5339 2231 5393 simarum
2265 5338 2319 5391 in
2359 5345 2409 5392 te
2442 5336 2742 5408 imaginum
2777 5336 3112 5391 crectionem
3138 5334 3409 5389 eﬁectam.

2038 5594 2203 5648 Decet
2233 5595 2377 5648 enim
2414 5604 2465 5648 te
2495 5603 2753 5663 tanquam
2802 5591 2911 5661 regi
2951 5589 3278 5645 saeculorum
3308 5585 3447 5641 Filio
3487 5596 3539 5639 et

1967 5688 2145 5743 Verbo
2183 5686 2277 5741 Dei
2320 5695 2567 5756 nuptam,
2606 5686 2659 5740 in
2702 5701 2865 5739 carne
2898 5683 3073 5755 ipsius
3114 5680 3539 5751 dispensationis

1968 5780 2263 5834 humanam
2324 5778 2555 5833 formam
2616 5777 2903 5832 habentem
2995 5770 3536 5844 antln‘opomorphou

3382 342 3520 397 1330
3608 402 3611 405 _
