4098 6496
592 310 723 376 1331

1273 311 1667 373 ΕΡΙΡΗΑΝῘΙ
1706 309 2162 371 CATANENSIS

2268 310 2526 371 IACONI
2565 311 2705 373 SER
2716 312 2791 373 M.
2806 310 2815 313 ’
2832 313 3137 375 LAUDAT

3722 310 3849 377 D32

589 425 883 496 imaginem
929 440 1024 495 per
1066 426 1335 495 p‘c1uram
1376 426 1538 489 ferre,
1588 435 1646 480 ut
1677 427 1987 481 innotescat
2018 425 2161 494 quod

2272 429 2483 498 φέρειν,
2533 429 2620 482 ἵνα
2664 429 2909 500 γνωρίζῃ
2957 426 3215 498 βασιλικὴ
3269 424 3597 498 ὑπάρχουσα
3638 427 3825 496 νύμφη

583 526 733 589 regia
769 534 969 588 sponsa
1004 518 1106 573 sis.
1146 517 1311 571 Decet
1344 519 1493 572 enim
1525 517 1619 572 Dei
1647 518 1929 587 genitricis
1960 517 2156 573 Matris

583 610 789 666 Christi
840 612 934 679 qui
978 618 1028 665 te
1064 610 1443 681 desponsavit,
1491 611 1785 681 imaginem
1831 612 1938 667 tuis
1975 626 2163 666 sacra-

584 702 815 758 tissimis
864 701 1167 771 parietibus
1214 700 1417 756 factam
1456 703 1509 755 in
1557 703 1769 771 pictura
1809 712 1859 758 et
1910 703 2155 758 musivo-

583 809 705 848 rum
742 807 905 861 opere
948 792 1095 848 ferre
1126 791 1204 863 [in
1248 793 1461 863 pictura
1511 791 1651 846 facta
1702 809 1767 848 ex
1817 793 2154 848 musivorum

584 884 775 957 opere]
807 902 820 939 :
853 894 1127 954 quatenus
1159 884 1334 953 gratia
1365 900 1487 955 qua:
1513 885 1609 939 tibi
1648 899 1743 955 per
1776 884 1918 939 haue
1950 884 2154 945 illuxit,

586 978 750 1033 tacita
793 976 1186 1047 praedicatione
1242 976 1612 1032 communiter
1664 977 1878 1032 cunctis
1938 975 2158 1045 populis

583 1068 936 1138 praedicetur.
973 1067 1086 1122 Nisi
1131 1066 1279 1121 enim
1312 1082 1374 1121 ex
1421 1068 1521 1122 hac
1565 1068 1965 1133 incarnaretur,
2017 1082 2157 1136 quo-

584 1158 749 1213 modo
804 1166 911 1212 tam
964 1157 1214 1228 specioso
1274 1173 1477 1229 sponso
1535 1168 1592 1213 tu
1663 1158 1895 1228 spiritali
1963 1158 2159 1228 copula

581 1247 945 1318 jungereris?
982 1250 1148 1306 Decet
1198 1251 1342 1306 enim
1377 1264 1428 1306 te
1452 1260 1507 1306 et
1553 1252 1796 1306 omnium
1840 1260 2157 1306 sanctorum

587 1342 986 1409 apostolorum,
1032 1350 1089 1398 et
1132 1343 1549 1413 prophetarum,
1608 1341 2017 1409 confessorum,
2064 1358 2161 1412 pa-

587 1431 991 1499 triarcharum,
1040 1446 1095 1489 et
1145 1442 1459 1489 sanctorum
1510 1432 1757 1500 Patrum,
1805 1431 2157 1505 [ascetarum,

584 1522 888 1579 solitariam
930 1525 1096 1580 vitam
1132 1524 1471 1596 degentium]
1511 1525 1879 1582 studiosorum
1933 1524 2008 1598 [in
2037 1527 2181 1582 cod.-

584 1615 692 1673 Jol.
725 1617 778 1673 id
817 1627 900 1673 est
933 1617 1352 1690 confcssorum]
1386 1633 1604 1687 quoque
1644 1633 1709 1673 ac
1742 1628 2065 1690 martyrum,
2110 1628 2165 1674 et

586 1708 758 1767 totius
804 1710 879 1780 pii
926 1710 1141 1779 collegii
1196 1709 1463 1765 formatas
1513 1710 1783 1783 imagines
1830 1712 2061 1768 interius
2110 1714 2162 1767 in

2269 523 2475 593 Πρέπει
2508 539 2589 574 σοι
2623 522 2723 592 τῆς
2757 521 2852 573 τοῦ
2876 519 3340 590 νυμφευσαμένου
3364 535 3422 588 σε
3452 516 3697 589 Χριστοῦ
3722 518 3844 570 Θεο-

2270 614 2511 685 μήτορος
2569 613 2664 666 καὶ
2716 610 3109 683 Ἀειπαρθένου
3181 610 3404 680 Μητρθις
3446 608 3846 679 ὲμμουσούργε)

2266 708 2454 777 γραφῇ
2512 704 2611 775 τὴν
2651 703 2835 757 εἰκόνα
2891 705 3005 765 σοῖς
3059 702 3342 770 πανιέροις
3391 702 3598 769 τοίχοις
3625 701 3871 775 φέρειν·⁸

2268 798 2343 862 ὼς
2368 798 2492 868 ἂνῆ
2521 797 2607 850 διὰ
2638 796 2845 866 ταύτης
2888 811 2973 847 σοι
3018 793 3391 863 ἁναλάμψασα
3422 793 3593 863 χάρις
3626 792 3843 859 σιγῶντι

2267 888 2586 962 κηρύγματι
2610 888 2803 951 κοινῶς
2827 889 2941 950 τοῖς
2962 886 3112 949 λαοῖς
3132 884 3508 954 διαγγέληται.
3549 884 3611 935 Εἰ
3641 884 3715 952 μὴ
3741 884 3841 951 γὰρ
3864 890 3895 943 ί,

2267 984 2332 1036 ἐκ
2378 981 2583 1052 ταύτης
2618 980 2955 1051 σεσάρκωτο,
2994 978 3112 1039 πῶς
3164 976 3228 1029 σὺ
3277 975 3355 1045 τῷ
3398 974 3631 1045 τοιούτῳ
3660 974 3844 1044 ὡραίῳ

2268 1075 2487 1145 νυμφίῳ
2537 1076 2595 1127 ὲν
2655 1074 3001 1141 πνευματικῇ
3068 1067 3335 1138 συναφείᾳ
3382 1066 3839 1138 προσεπέλασας;

2269 1167 2483 1239 Πρέπει
2519 1182 2603 1219 σοι
2639 1165 2734 1218 καὶ
2776 1162 2882 1216 τῶν
2937 1162 3162 1214 πάντων
3226 1160 3397 1227 ἁγίων
3441 1156 3762 1211 ἀποστόλων
3786 1174 3841 1208 τε

2268 1260 2363 1312 καὶ
2425 1254 2723 1328 προφητῶν
2747 1292 2764 1318 ,
2801 1250 3188 1323 πατριαρχῶν,
3241 1250 3333 1301 καὶ
3362 1248 3526 1300 ὁσίων
3559 1247 3837 1317 Πατέρων,

2267 1348 2527 1421 ἀσκητῶν
2572 1364 2633 1400 τε
2683 1345 3004 1417 μαρτύρων,
3047 1344 3141 1395 καὶ
3176 1341 3377 1403 παντὸς
3423 1339 3684 1402 εὐσεϐοῦς
3715 1339 3840 1392 συλ-

2269 1439 2430 1509 λόγου
2452 1437 2551 1501 τὰς
2584 1435 2800 1498 εἰκόνας
2832 1434 2980 1487 ἔνδον
3005 1434 3125 1495 ταῖς
3153 1432 3454 1501 γραφικαῖς
3476 1432 3840 1491 κατασκευαῖς

2272 1527 2681 1598 ὲντυτιουμένας
2733 1524 2921 1596 φέρειν
2946 1563 2960 1587 ,
2994 1522 3069 1586 ὼς
3103 1522 3167 1575 ἄν
3207 1538 3289 1573 σοι
3323 1521 3384 1574 τὸ
3420 1521 3625 1574 τέλειον
3658 1520 3762 1589 τῆς
3785 1520 3839 1585 ἐξ

2270 1620 2443 1690 ὕψους
2501 1636 2559 1673 σε
2615 1615 3039 1688 περιλαμψάσης
3093 1612 3382 1682 ἀνατολῆς,
3418 1613 3567 1684 πάσῃ
3597 1614 3666 1681 τῇ
3720 1611 3841 1681 Osi;

2270 1712 2604 1766 καταστάσει
2642 1710 2798 1780 μένῃ.
2831 1708 2953 1761 Τῶν
2982 1708 3083 1777 μὲν
3111 1706 3209 1778 τὴν
3230 1706 3351 1777 σὴν,
3382 1705 3567 1776 ὥσπερ
3596 1721 3837 1775 προαναο

584 1800 933 1871 picturarum
991 1802 1430 1859 confectionibus
1476 1802 1619 1859 ferre
1658 1822 1672 1858 :
1714 1814 1991 1875 quatenus
2042 1804 2162 1874 ipsa

2268 1805 2592 1876 φωνούντων
2625 1778 2776 1875 ἰεράν
2828 1801 3196 1873 πρόσκλησιν,
3227 1800 3321 1853 καὶ
3342 1801 3453 1861 τοῖς
3481 1797 3571 1851 τοῦ
3599 1816 3661 1850 νυ
3672 1798 3841 1867 μφίω

586 1892 979 1963 perfectionem
1009 1894 1240 1950 orientis
1277 1894 1370 1965 qui
1418 1902 1469 1948 te
1510 1894 1579 1948 ab
1609 1894 1722 1949 alto
1765 1893 2161 1959 circumfulsit,

589 1984 741 2039 omni
793 1985 1007 2040 visione
1053 1994 1317 2041 ostentes.
1373 1984 1507 2039 Aliis
1557 1985 1775 2055 quidem
1820 1992 1973 2039 tuam
2026 2000 2164 2056 quo.

588 2077 883 2136 dammodo
935 2077 1432 2148 praenuntiantibus
1491 2077 1868 2145 vocationem,
1925 2086 1980 2133 et
2031 2094 2163 2147 pro-

589 2170 795 2241 phetiis
859 2170 977 2226 suis
1042 2185 1244 2240 sponso
1316 2170 1476 2239 quasi
1546 2170 1874 2239 quibusdam
1946 2169 2164 2224 dotibus

590 2268 751 2317 antea
784 2259 1269 2330 desponsantibus.
1315 2260 1455 2315 Aliis
1488 2274 1618 2314 vero
1652 2260 2030 2330 evangelicum
2068 2260 2161 2315 tibi

591 2351 1043 2412 ministrantibus
1083 2353 1334 2418 verbum,
1382 2362 1436 2408 et
1466 2368 1562 2422 per
1606 2352 1919 2409 universam
1963 2363 2163 2409 terram

592 2443 840 2513 dispersa
879 2443 1227 2499 rationabilia
1267 2443 1365 2497 tibi
1393 2442 1559 2498 ovilia
1588 2444 1998 2515 colligentibus.
2031 2446 2165 2500 Aliis

592 2546 777 2591 autem
808 2538 923 2593 suis
951 2538 1109 2607 quasi
1142 2537 1439 2592 sudoribus
1464 2551 1559 2605 per
1584 2537 1832 2591 eamdem
1860 2537 1914 2590 in
1938 2537 2165 2608 dogma-

592 2628 742 2685 tibus
770 2628 1112 2699 diligentiam
1154 2628 1721 2698 incorruptibilitatem
1767 2630 2024 2698 gregibus
2059 2631 2168 2686 tuis

597 2721 999 2780 mercantibus.
1035 2719 1212 2775 Porro
1252 2720 1376 2775 aliis
1409 2720 1770 2790 sanguinibus
1803 2721 1918 2776 suis
1946 2736 2070 2791 erga
2116 2731 2169 2777 te

596 2815 872 2869 sinceram
937 2813 1279 2869 affectionem
1343 2814 1507 2868 etiam
1568 2828 1746 2883 usque
1812 2814 1877 2868 ad
1937 2822 2168 2871 mortem

595 2904 1082 2967 conservantibus,
1137 2914 1190 2959 et
1238 2903 1343 2959 hoc
1385 2903 1547 2959 modo
1588 2903 1974 2959 certitudinem
2019 2905 2073 2958 in
2117 2913 2173 2961 te

2269 1917 2329 1953 σε
2361 1895 2931 1970 προμνηστευομένων
2964 1889 3261 1964 προικῲοις
3284 1893 3403 1955 ταῖς
3438 1888 3801 1961 προφητείαις
3826 1905 3838 1916 ·

2264 1991 2373 2045 τῶν
2398 1989 2456 2043 δὲ
2484 1988 2563 2060 τῷ
2594 1985 2942 2057 εὐαγγελικῷ
2975 2002 3059 2039 σοι
3111 1982 3510 2038 διακονούντων
3550 1982 3721 2052 λόγῳ,
3752 1986 3840 2034 καὶ

2265 2085 2336 2139 τὰ
2382 2082 2662 2154 πανταχοῦ
2688 2082 2793 2151 γῆς
2828 2080 3242 2150 ὲσκορπισμὲνα
3290 2095 3371 2131 σοι
3402 2077 3839 2145 ὲπισυναγόντων

2266 2177 2465 2246 λογικά
2493 2176 2720 2246 ποίμνια
2748 2190 2762 2204 ⁸
2799 2173 2986 2226 τῶνδὲ
3021 2175 3137 2235 τοῖς
3173 2172 3362 2235 ἰδίοις,
3400 2170 3585 2240 ῶσπερ
3628 2169 3839 2239 ἱδρῶσι,

2266 2270 2355 2325 διὰ
2374 2270 2473 2339 τῆς
2492 2270 2547 2321 ὲν
2570 2266 2804 2336 δόγμασι
2820 2263 3222 2334 ταυτομολόγου
3244 2262 3550 2331 συμπνοίας
3565 2261 3622 2313 τὸ
3655 2260 3842 2331 ἀδιάρ-

2270 2365 2474 2434 ῥηκτον
2500 2362 2609 2423 τοῖς
2641 2360 2753 2419 σοῖς
2797 2357 3075 2426 ποιμνίοις
3114 2354 3661 2426 πραγματευομένων
3686 2372 3700 2383 ·
3737 2353 3842 2405 τῶν

2268 2453 2326 2507 δὲ
2356 2454 2468 2516 τοῖς
2498 2448 2708 2505 ἑαυτῶν
2741 2448 2937 2518 αἵμασι
2970 2448 3031 2499 τὸ
3051 2446 3187 2519 πρὸς
3224 2445 3285 2499 σὲ
3309 2447 3525 2515 γνήσιον
3547 2446 3637 2498 καὶ
3678 2444 3840 2515 μέχρι

2270 2546 2504 2601 θανάτου
2561 2540 3028 2611 διαφυλαξάντων,
3060 2539 3153 2592 καὶ
3208 2537 3380 2608 ταύτῃ
3406 2536 3467 2589 τὸ
3502 2535 3721 2605 βέϐαιον
3744 2535 3842 2605 τῆς

2270 2643 2329 2694 ἐν
2357 2639 2440 2692 σοὶ
2495 2633 2961 2703 ἐπιδεικνυμένων
3012 2629 3274 2700 ἀληθείας
3301 2646 3316 2660 °
3346 2623 3428 2692 οἷς
3456 2631 3551 2681 σὺν
3578 2628 3842 2697 μυριάσιν

2271 2723 2620 2794 ἐπουρανίων
2662 2720 2909 2790 ἀγγέλων
2976 2718 3381 2788 στεφανηφόρος
3440 2718 3842 2787 πομπεύοντα,

2273 2817 2567 2888 ἐξάγγελλε
2590 2816 2687 2877 τὰς
2717 2814 2917 2886 ἀρετὰς
2948 2811 3042 2865 τοῦ
3075 2814 3140 2865 ὲκ
3173 2813 3401 2875 σκότους
3431 2829 3489 2864 σε
3515 2811 3845 2879 τῆςείδωλο-

2272 2912 2471 2982 λάτρου
2506 2908 2717 2978 πλάνης
2755 2904 3087 2966 καλέσαντος
3132 2904 3211 2966 είς
3241 2902 3302 2955 τὸ
3338 2903 3646 2972 Θαυμαστὸν
3677 2901 3842 2954 αὺτοῦ

595 2997 849 3052 veritatis
878 2995 1405 3079 demonstrantibus.
1440 2994 1655 3062 Quibus
1695 3011 1818 3049 cum
1850 2997 2007 3053 denis
2035 3000 2162 3054 mil-

2276 2996 2431 3075 φῶςέ
2466 3002 2609 3070 λέγω
2654 3000 2718 3070 δὴ
2749 2998 2849 3068 τὴν
2885 2998 2964 3059 εἰς
3016 2997 3180 3050 αὐτόν
3222 3011 3282 3047 τε
3328 2994 3422 3046 καὶ
3472 2994 3562 3047 τὸν
3606 2994 3845 3062 ἄναρχον

600 3091 745 3147 libus
792 3088 1099 3147 ccelestium
1156 3090 1479 3160 angelorum
1531 3103 1795 3144 coronam
1848 3088 2052 3158 ferens,
2118 3102 2162 3148 el

2277 3093 2443 3152 αὑτοῦ
2476 3092 2715 3163 Πατέρα,
2740 3092 2835 3143 καὶ
2864 3090 2927 3141 τὸ
2952 3088 3217 3141 πναῖδιον
3248 3087 3342 3140 κα¹ι
3370 3085 3652 3155 ὁμοούσιον
3679 3084 3844 3137 αὐτοῦ

601 3183 942 3252 amplissime
990 3182 1317 3252 praedicans,
1364 3180 1591 3236 enuntia
1640 3180 1873 3237 virtutes
1908 3182 2029 3253 ejus
2076 3187 2162 3255 qui

2283 3185 2508 3256 Πνεῦμα
2533 3200 2547 3215 ο
2572 3182 2672 3253 τὴν
2709 3180 2838 3252 μίαν
2862 3178 3239 3249 ύπεραρχικὴν
3291 3177 3478 3245 φύσιν,
3519 3178 3724 3237 πίστιν.
3752 3178 3847 3230 καὶ

602 3276 669 3331 de
716 3274 957 3331 tenebris
988 3284 1039 3330 te
1067 3273 1394 3331 idololatrici
1422 3273 1629 3329 erroris
1659 3276 1872 3329 vocavit
1900 3275 1955 3330 in
1986 3277 2162 3333 admi-

2278 3276 2593 3350 ὁμολογίαν,
2628 3268 2673 3343 ᾧ
2702 3274 2737 3342 ὴ
2757 3272 2883 3339 δόξα
2915 3274 3008 3324 καὶ
3033 3272 3095 3323 τὸ
3122 3270 3327 3340 κράτος
3353 3269 3449 3323 νῦν
3475 3270 3567 3322 καὶ
3605 3271 3683 3335 εἰς
3720 3268 3847 3331 τοῦς

605 3366 777 3422 rabile
826 3365 1009 3421 lumen
1055 3380 1239 3432 suum,
1292 3364 1345 3420 id
1381 3372 1489 3431 est,
1538 3364 1594 3418 in
1624 3379 1683 3419 se
1716 3381 1781 3420 ac
1824 3364 2041 3423 Patrem
2080 3371 2162 3440 qui

2281 3371 2604 3441 σύμπαντας
2642 3365 2843 3428 αἰῶνας
2881 3364 2988 3417 τῶν
3028 3360 3263 3417 αἰώνων.
3300 3362 3495 3430 Ἀμήν.

608 3457 728 3511 sine
791 3456 948 3512 initio
986 3465 1090 3521 est,
1143 3465 1305 3527 atque
1354 3455 1408 3509 in
1473 3456 1978 3525 consempiteruum
2028 3470 2084 3515 et
2140 3459 2662 3521 consubstantialem
2711 3456 2976 3526 Spiritum
3029 3471 3231 3519 suum,
3287 3453 3340 3506 in
3406 3467 3569 3507 unam
3643 3450 3846 3505 scilicet

608 3558 729 3615 qua:
766 3554 848 3598 est
885 3559 1051 3614 super
1089 3559 1307 3600 omnem
1351 3542 1737 3614 principatum,
1790 3554 2065 3616 naturam,
2116 3552 2275 3611 ﬁdem
2307 3562 2360 3609 et
2390 3549 2812 3608 confessionem.
2846 3544 2947 3601 Cui
2976 3545 3147 3617 gloria
3178 3555 3230 3601 et
3275 3543 3563 3613 imperium
3614 3558 3755 3595 nunc
3791 3549 3844 3595 et

614 3642 665 3700 in
703 3639 954 3695 universa
988 3639 1188 3696 saecula
1217 3638 1565 3697 saeculorum.
1597 3638 1793 3695 Amen.
