3934 6492
70 350 3348 410 ΙΕΞΞΞΞΞΞΞΞΞΞΞΞΞΞΞΞΞΞΞΞΞΞΞΞΞΞΞΞΞΞΞΞΞΞΞΞΞΞΞΞΞΞΞΞΞΞΞΕΞΞΞΞΞΞΞΞΞΞΞΞΕΞΕΞΞΞΞΞΞΞΒ

1466 552 1636 596 ANNO
1669 552 1967 598 INCERTO.

557 664 1669 885 PACHOMIUS

1780 720 2884 897 MONAGHUS.

875 1083 1728 1261 IIAXOMIOY
1800 1086 2580 1204 MONAXOY

368 1310 628 1396 ΠΕΡΙ
699 1308 918 1396 ΤΗΣ
993 1309 1146 1394 ΕΚ
1218 1309 1445 1401 ΤΩΝ
1518 1308 1867 1398 ΘΕΙΩΝ
1961 1309 2403 1399 ΓΡΑΦΩΝ
2480 1311 3076 1402 ΩΦΕΛΕΙΑΣ⁶

238 1495 362 1548 ΚΑΙ
402 1495 515 1549 ΟΤΙ
555 1493 698 1549 οΥΚ
736 1492 943 1548 AITIOI
986 1492 1049 1546 01
1083 1492 1356 1545 ΤΔΥΤΑΣ
1395 1490 1987 1546 ΣΥΓΓΡΑΨΑΜΕΝΟΙ
2024 1493 2163 1546 ΤΗΣ
2202 1494 2568 1549 ΑΣΑΦΕΙΑΣο
2610 1496 2766 1551 ΔΛΛ⁹
2802 1498 2846 1549 H
2888 1496 3217 1552 ΗΜΕΤΕΡΛ

902 1584 1166 1640 ΑΜΑΘΙΑ
1204 1584 1324 1638 ΚΑΙ
1363 1583 1712 1639 AMEAEIA'
1753 1585 1876 1639 ΚΑΙ
1916 1585 2078 1638 ΠΕΡΙ
2115 1587 2570 1648 ΔΙΔΑΣΚᾹΛΩΝ.

979 1916 1680 2034 PACHOMII
1762 1918 2415 2035 MONACHI
2444 1910 2478 1943 ⁸

404 2159 584 2254 DE.
628 2156 1325 2251 DIVINARUM
1383 2158 2317 2250 SCRIPTURABUM
2403 2161 3061 2253 UTILITATE

95 2394 369 2449 QUARUM
400 2386 531 2435 NON
564 2386 925 2435 TRIBUENDA
956 2384 1111 2430 ILLIS
1140 2384 1248 2439 QUI
1271 2381 1692 2428 SCRIPSERUNT
1720 2382 2118 2441 OBSCURITAS,
2183 2385 2301 2430 SED
2355 2384 2757 2434 IGNORANTIB
2811 2388 2889 2435 ET
2930 2389 3365 2443 NEGLIGENTIB

1229 2462 1509 2508 NOSTBE.
1542 2461 1691 2506 ITEM
1724 2462 1806 2507 DE
1832 2463 2247 2509 DOCENTIBUS.

1440 2617 1596 2687 (Coo.
1629 2616 1758 2670 Nm.
1786 2631 1841 2686 p.
1888 2616 2042 2688 26l.)

174 2906 394 2972 Ὠσπερ
441 2903 491 2954 οἱ
546 2900 655 2952 τῶν
709 2898 909 2968 ίατρῶν
950 2894 1139 2957 παῖδες
1186 2892 1531 2963 χειρουργεῖν
1565 2902 1729 2948 τιναλ

1865 2890 1934 2946 Ut
1961 2891 2204 2959 chirurgi
2235 2891 2387 2959 gravi
2425 2892 2620 2948 morbo
2649 2894 2903 2950 allectum
2935 2898 3178 2952 curaturi
3205 2936 3219 2960 ,
3258 2915 3368 2954 non

106 3001 422 3072 μέλλοντες,
465 2994 628 3048 πάθει
656 2991 814 3062 δεινῷ
844 2988 1225 3059 συνεχόμενον,
1272 2986 1373 3039 οὐκ
1399 2984 1564 3047 εὐθὺς
1595 2981 1689 3047 ξυ-

104 3094 200 3165 ρὸν
222 3092 321 3144 καὶ
350 3088 671 3157 καυστῆρας
700 3085 792 3137 καὶ
820 3082 1143 3152 ἔμπλαστρα
1178 3078 1506 3146 ἐπάγουσινο
1531 3076 1579 3128 εί
1614 3075 1690 3146 μὴ

104 3185 420 3253 σκέψωνται
455 3180 577 3234 ὅθεν
602 3179 728 3248 ἔσχε
759 3176 821 3230 τὸ
861 3173 1030 3237 πάθος
1055 3175 1155 3236 τὰς
1186 3172 1361 3244 ἀρχάς
1380 3188 1395 3203 ο
1427 3169 1618 3223 τούτου
1645 3168 1692 3221 δ’

103 3274 485 3345 ἐγνωσμένου,
517 3270 684 3343 βοηθή
695 3288 827 3342 μασι
854 3268 1117 3339 χρῶνται,
1165 3266 1537 3327 καταποτίοις,
1562 3264 1692 3332 φλε-

106 3369 416 3439 ϐοτομίαις,
449 3367 713 3437 λουτροῖς,
752 3363 1007 3427 διαίταις’
1048 3360 1139 3415 καὶ
1165 3359 1308 3413 οὓτω
1340 3358 1435 3413 τοῦ
1461 3357 1693 3413 πλεονά-

108 3467 301 3531 ζοντος
326 3461 499 3533 χυμοῦ
524 3459 901 3523 συσταλέντος,
922 3456 1109 3510 λοιπὸν
1136 3455 1362 3518 καὶτοῖς
1391 3451 1697 3507 ἅπουλωτι-

109 3562 232 3620 κοῖς
267 3557 504 3627 χρῶνται
532 3552 847 3622 φαρμάκοις
877 3551 956 3626 είς
982 3550 1147 3603 ῐασινο
1178 3547 1320 3601 οὕτω
1360 3545 1516 3615 κάγὼ
1546 3546 1696 3616 ἡμᾶς

111 3650 315 3711 αὐτοὺς
345 3647 487 3717 ὁρῶν
519 3645 796 3715 διαφόροις
830 3640 1084 3703 ἀτοπίαις
1111 3637 1512 3710 περιπεσόντας
1531 3678 1545 3703 ,
1583 3633 1697 3689 οἷον

111 3739 430 3805 ἀσεϐείαις,
478 3737 731 3806 ἀνομίαις
755 3774 770 3799 ,
819 3733 1093 3795 ἀδικίαις,
1131 3731 1414 3795 ἀταξίαις,
1448 3728 1541 3783 καὶ
1582 3730 1698 3791 τοῖς

111 3832 401 3895 τοιούτοις,
446 3830 546 3882 οὐκ
586 3826 893 3898 ἠϐουλήθην
946 3823 1086 3887 τέως
1130 3824 1259 3895 περὶ
1300 3820 1418 3884 ἑνὸς
1461 3820 1699 3873 ἑκάστου

114 3925 249 3995 ὑμῖν
294 3922 520 3988 ἐπάγειν
557 3916 649 3972 τὸν
676 3917 917 3987 ἔλεγχον,
969 3914 1167 3985 μήπως
1203 3914 1283 3975 είς
1314 3910 1469 3964 κενὸν
1499 3908 1701 3979 διαχέω

115 4016 248 4080 τοὺς
284 4013 510 4082 λόγους·
561 4011 661 4080 τῆς
712 4006 1046 4080 πρωταιτίου
1086 4002 1359 4076 ἁμαρτίας
1404 4002 1561 4073 δίκην
1600 4000 1701 4069 τῆς

124 4109 363 4183 μυθικῆς
406 4106 569 4177 ὕδρας
614 4103 808 4173 ἑτέρας
865 4100 1214 4171 ἀναφυούσης
1256 4096 1497 4166 κεφαλάς
1523 4112 1536 4126 ·
1587 4096 1702 4149 ἀλλ’

118 4201 433 4272 ἐξαγγεῖλαι
472 4198 595 4254 ὅθεν
631 4198 661 4250 ὀ
691 4195 859 4267 ἑσμὸς
895 4194 1003 4248 τῶν
1038 4193 1225 4247 κακῶν
1252 4208 1264 4223 ·
1293 4189 1451 4244 τοῦτο
1490 4189 1535 4243 δ’
1570 4190 1705 4242 ἁπο-

116 4293 447 4366 δειχθέντος,
483 4292 619 4362 πρὸς
651 4283 767 4344 ὦτα
795 4287 937 4341 δοκῶ
964 4286 1146 4354 λέγειν
1178 4286 1505 4339 ἀκουόντων.

204 4385 368 4439 Ἀλλὰ
414 4384 498 4448 τίς
547 4385 583 4454 ἡ
628 4382 779 4438 αἰτία
824 4381 926 4451 τῆς
978 4378 1303 4449 διαμαρτίας
1345 4376 1439 4430 τοῦ
1494 4376 1699 4438 milex");

123 4478 319 4532 πολλαὶ
352 4476 451 4548 μὲν
484 4476 580 4529 καὶ
616 4474 862 4545 διάφοροι
885 4489 900 4503 ο
936 4471 1035 4543 μία
1079 4472 1137 4524 δὲ
1171 4469 1391 4523 πάντων
1427 4469 1631 4539 μήτηρ,
1666 4470 1699 4537 ὴ

121 4574 317 4639 ἄγνοια
335 4586 350 4601 ⁸
380 4568 552 4649 αρτῆς
575 4566 686 4636 γὰρ
708 4562 1160 4635 κατακρατούσης
1186 4563 1243 4617 ἐν
1265 4564 1329 4633 τῇ
1357 4560 1526 4631 ψυχῇ,
1550 4560 1703 4613 οὐδὲν

125 4668 191 4723 ἂν
221 4662 432 4733 γένοιτό
465 4677 597 4715 ποτε
639 4659 843 4729 ἀγαθὸν
888 4660 947 4712 ὲν
975 4658 1112 4728 αὐτῇ
1138 4674 1152 4687 ·
1208 4656 1398 4717 σκότος
1445 4654 1553 4725 γάρ
1586 4654 1703 4706 ἐστι

121 4757 315 4827 νοητόν
332 4772 347 4786 ο
375 4750 443 4826 ἦς
467 4750 709 4807 ἐναντίον
739 4752 773 4822 ἡ
805 4750 1009 4820 γνῶσις
1035 4749 1149 4819 φῶς
1176 4748 1292 4801 ἐστι
1313 4763 1326 4777 ·
1364 4746 1507 4798 θεῖον
1534 4744 1705 4815 δῶρον

122 4849 235 4910 τοῖς
267 4844 598 4915 εὐγνώμοσι.
631 4841 838 4896 Γνῶσιν
877 4840 935 4895 δὲ
970 4840 1070 4911 τὴν
1098 4838 1273 4909 ἀληθῆ
1305 4837 1482 4905 λέγω,
1519 4837 1578 4890 οὐ
1607 4835 1706 4905 τὴν

125 4939 422 5009 κοσμικήν.
469 4936 618 5006 Αὕτη
658 4935 766 5006 γάρ
813 4935 962 4987 ἐστιν
995 4932 1072 4988 ὅτ’
1109 4935 1167 4986 ὲν
1201 4931 1417 4993 πολλοῖς
1450 4929 1708 5001 ἁμαρτά-

126 5048 325 5085 νουσα·
376 5031 471 5083 καὶ
514 5027 732 5082 εἴδωλον
767 5025 899 5099 φαίη
953 5028 1017 5082 ἄν
1061 5044 1145 5089 τις
1190 5020 1331 5078 εἶναι
1361 5024 1567 5095 ταύτην
1609 5022 1710 5092 τῆς

128 5124 361 5197 ἀληθοῦς
390 5124 484 5177 καὶ
513 5123 588 5194 μὴ
618 5122 1034 5190 διαπιπτούσης,
1067 5119 1162 5199 καὶ
1190 5114 1299 5173 οἷον
1329 5118 1707 5189 θεραπαινίδα’

126 5219 244 5269 εστι
275 5216 326 5269 δ’
352 5214 561 5285 ἀληθὴς
603 5214 824 5283 γνῶσις,
859 5213 893 5283 ἡ
926 5212 1014 5267 διὰ
1057 5211 1169 5265 τῶν
1206 5211 1366 5264 θείων
1410 5210 1506 5264 καὶ
1539 5210 1711 5279 ἁγίων

126 5306 365 5376 Γραειςῶν
394 5305 771 5376 χορηγουμένη
800 5306 912 5367 τοῖς
934 5303 1232 5374 ὁλοψύχως,
1273 5302 1370 5357 καὶ
1398 5302 1535 5371 μετὰ
1565 5301 1711 5354 θείου

124 5398 301 5468 φόϐου
352 5398 411 5450 ὲν
440 5396 721 5467 εἰλικρινεῖ
774 5396 1003 5466 διανοίᾳ,
1065 5395 1140 5467 μὴ
1189 5396 1372 5463 μέντοι
1427 5410 1712 5463 πειραστι-

126 5490 267 5555 κῶς,
329 5489 464 5560 μηδὲ
506 5488 771 5560 ἐμπαθῶς
820 5504 881 5541 τε
945 5487 1042 5541 καὶ
1083 5486 1368 5557 κακοήθως
1416 5484 1711 5555 ἐρευνῶσιν

1794 2983 1903 3038 cito
1931 2983 2228 3052 scalprum,
2255 2987 2499 3040 cauteria
2533 2996 2587 3041 et
2616 2987 2904 3055 emplastra
2941 2990 3222 3053 inducunt.
3262 2992 3368 3047 nisi

1794 3076 1939 3130 unde
1961 3075 2127 3132 fuerit
2155 3077 2330 3131 morbi
2362 3078 2688 3148 principium
2729 3081 3224 3149 consideraverint,
3267 3086 3369 3140 hoc

1794 3176 1977 3223 autem
2028 3169 2272 3239 cognito,
2303 3169 2719 3228 medicamentis
2748 3181 2998 3239 utuntur,
3030 3175 3369 3244 potionibus,

1794 3258 2205 3328 phlebotomiis,
2254 3259 2489 3324 balneis,
2535 3260 2726 3330 sicque
2778 3276 3028 3332 repressa
3078 3263 3371 3318 humnrunt

1796 3348 2182 3414 redundantia,
2214 3360 2495 3419 postremo
2533 3353 2827 3421 pharmaca
2856 3352 3172 3410 cicatricem
3206 3355 3373 3411 indu-

1797 3443 1975 3498 centia
2011 3444 2305 3514 applicant,
2337 3455 2396 3501 ut
2424 3446 2609 3502 redeat
2636 3448 2885 3504 sanitas:
2925 3451 2997 3503 ita
3027 3458 3083 3505 et
3109 3465 3232 3521 ego,
3272 3468 3375 3507 nos

1799 3536 1950 3606 ipsos
1989 3538 2180 3593 videns
2207 3540 2390 3594 varios
2437 3540 2490 3595 in
2540 3556 2757 3597 errores
2802 3543 3116 3613 prolapsos,
3166 3545 3378 3600 scilicet

1800 3631 1919 3684 sine
1950 3631 2166 3700 pietate,
2199 3633 2321 3686 sine
2354 3632 2489 3701 lege,
2517 3635 2637 3688 sine
2661 3634 2877 3703 justitia
2898 3675 2913 3699 ,
2948 3636 3069 3691 sine
3099 3637 3285 3706 regula
3321 3647 3377 3691 ct

1800 3721 1925 3776 aliis
1960 3722 2192 3791 hujusce
2223 3735 2435 3778 natura:
2482 3725 2791 3782 rationibus
2823 3727 3067 3784 viventes
3093 3768 3107 3792 ,
3144 3729 3295 3783 nolui
3347 3748 3376 3784 a

1801 3812 1993 3881 primis
2021 3812 2088 3866 de
2121 3827 2456 3883 unoquoque
2482 3828 2671 3868 errore
2703 3814 2857 3869 vobis
2887 3814 3134 3887 inﬂigere
3167 3816 3378 3886 vitupe-

1802 3903 1967 3965 rium,
2020 3918 2090 3957 ne
2131 3903 2385 3959 fortassis
2437 3904 2491 3957 in
2540 3920 2778 3960 vacuum
2832 3907 3001 3960 verba
3074 3905 3375 3973 etlundam,

1803 3993 2073 4063 siquidem
2109 3991 2429 4063 primarium
2460 4004 2769 4063 peccatum,
2790 3994 2975 4065 hydrae
3004 3997 3056 4049 in
3076 3995 3383 4053 fabulisde-

1804 4093 2039 4140 cantatae
2082 4084 2278 4149 instar,
2312 4100 2525 4155 semper
2550 4100 2688 4141 nova
2725 4087 3036 4157 reproducit
3059 4088 3256 4157 capita,
3285 4090 3380 4142 sed

1807 4176 2237 4232 undemalorum
2263 4191 2494 4231 examen
2520 4177 2783 4247 eruperit,
2812 4178 3117 4233 enuntiare.
3140 4179 3261 4245 Quo
3289 4179 3384 4232 de-

1736 4241 1779 4297 Β
1810 4276 2137 4332 monstrato,
2150 4266 2368 4322 contldo
2383 4281 2471 4321 me
2484 4267 2552 4321 ad
2569 4274 2731 4321 aures
2747 4267 3033 4322 audientes
3050 4268 3382 4321 locuturum.

1876 4359 1982 4417 Sed
2013 4377 2268 4432 quamam
2307 4363 2468 4432 longe
2497 4363 2568 4416 ab
2597 4362 2829 4417 honesto
2875 4360 3181 4415 diverteudi
3217 4375 3385 4415 causa

1806 4456 1946 4510 fuit?
1990 4455 2172 4511 Multae
2219 4455 2441 4526 quidem
2490 4464 2621 4511 sunt
2648 4469 2715 4508 ac
2748 4454 3002 4510 diversae.
3046 4452 3167 4509 Una
3202 4462 3387 4507 autent

1805 4558 2128 4621 ceterarum
2162 4560 2339 4604 mater
2369 4548 2702 4620 ignorantia,
2736 4563 2843 4619 qua
2874 4558 2931 4602 ut
2958 4547 3200 4618 primum
3234 4562 3388 4601 mens

1806 4642 1975 4699 fuerit
2002 4651 2268 4713 occupata
2301 4642 2441 4696 nihil
2475 4641 2608 4696 boni
2654 4640 2946 4711 concipiet.
2980 4640 3097 4694 Nox
3122 4640 3267 4694 enim
3300 4639 3387 4692 in-

1808 4736 2135 4792 tellectualis
2186 4734 2503 4806 ignorantia
2533 4743 2639 4798 est,
2674 4734 2768 4788 lux
2795 4742 2987 4787 contra
3018 4731 3272 4798 scientia,
3304 4731 3389 4784 di-

1808 4827 1996 4881 vinum
2020 4826 2360 4896 sapientibus
2383 4826 2589 4881 donum
2615 4825 2984 4895 (concessum)
3008 4840 3022 4876 :
3050 4836 3235 4877 veram
3267 4821 3390 4875 dico

1811 4920 2124 4985 scientiam,
2151 4935 2261 4973 non
2296 4920 2658 4985 mundanam,
2680 4932 2803 4987 qua:
2839 4917 2890 4968 in
2925 4914 3115 4969 multis
3136 4912 3389 4984 quando-

1811 5028 1920 5083 que
1952 5020 2101 5066 crrat
2134 5020 2301 5081 atque
2342 5025 2485 5064 verm
2533 5017 2589 5064 et
2639 5023 2748 5062 non
2796 5006 3095 5061 dillluentis
3147 5004 3393 5059 scientia:

1810 5106 1993 5174 imago
2021 5114 2075 5159 et
2100 5103 2255 5173 quasi
2288 5102 2483 5156 ancilla
2528 5100 2714 5154 haberi
2768 5107 2997 5168 posset:
3036 5111 3164 5152 vera
3204 5106 3388 5151 autem

1812 5195 2042 5252 scientia
2078 5212 2170 5265 per
2199 5194 2415 5249 divinas
2449 5207 2747 5262 sacrasque
2778 5189 3094 5260 Scripturas
3133 5189 3255 5243 illos
3280 5187 3387 5241 du-

1814 5305 1947 5346 cens
1980 5289 2073 5358 qui
2120 5303 2214 5342 eas
2266 5296 2377 5342 tota
2416 5287 2600 5341 anima
2626 5324 2641 5350 ,
2691 5300 2821 5341 cum
2853 5284 3043 5339 divino
3079 5282 3297 5346 timore,
3332 5280 3386 5334 in

1814 5382 2049 5453 simplici
2083 5381 2384 5446 intellectu,
2410 5394 2587 5450 neque
2613 5378 2957 5435 contentiose
2987 5390 3166 5446 neque
3197 5372 3394 5429 arden-

1814 5477 1921 5531 tius
1949 5484 2046 5530 aut
2069 5474 2361 5545 malignius
2382 5480 2823 5544 perscrutautur.
2844 5468 2952 5525 Illae
2975 5468 3121 5525 enim
3158 5468 3211 5522 in
3237 5466 3395 5521 auxi-

202 5626 235 5657 *
254 5625 394 5680 Cum
422 5633 613 5681 auctor
645 5628 747 5680 istc
778 5626 859 5680 vel
892 5625 993 5695 ipsi
1018 5623 1267 5679 Fabricio
1298 5623 1515 5695 ignotus
1535 5621 1707 5677 fuisse
1737 5621 2007 5695 videatur,
2037 5617 2257 5695 nonulla
2290 5616 2466 5672 visum
2495 5625 2659 5672 estex
2688 5614 2941 5684 praesenti
2969 5612 3157 5669 codice
3182 5609 3272 5666 hic
3298 5623 3397 5663 ex-

130 5698 401 5762 scribere,
431 5713 553 5765 qua:
590 5696 887 5752 lectoribus
912 5688 1112 5751 limere
1140 5688 1343 5763 liugum'
1360 5693 1547 5761 peritis
1571 5702 1726 5758 grata
1762 5692 1879 5749 fore
1915 5706 2025 5747 non
2062 5688 2251 5744 dubito
