3934 6488
573 278 706 344 1335

1814 302 2183 366 PACHOMII
2222 307 2565 371 MONACIII

3691 310 3808 374 1.1%

569 395 702 451 lium
727 396 866 450 data:
889 407 1016 451 sunt
1037 399 1350 458 hominibus
1371 423 1382 458 :
1407 404 1611 461 idcirco
1645 407 1729 463 lex
1757 425 1854 480 per
1875 411 2114 484 Moysen:

2245 422 2447 485 αὐτὰς·
2497 418 2659 478 αὗται
2711 425 2818 496 γὰρ
2870 427 2949 490 είς
2985 424 3236 496 βοήθειαν
3285 424 3558 495 ἐδόθησαν
3587 427 3699 486 rei;
3727 429 3805 477 ἁν-

570 486 733 550 Deus,
750 503 782 538 ο
796 490 1115 544 miraculum
1136 494 1148 546 l
1174 509 1338 564 super
1358 504 1556 553 terram
1572 517 1694 555 cum
1709 518 1960 574 corpore,
1979 523 2138 572 crux,

571 577 945 645 apostolorum
1001 591 1417 654 martyrumque
1479 589 1815 657 praedicatio,
1873 591 2136 659 Patrum,

569 682 707 735 quos
775 669 997 726 divinus
1059 674 1311 731 sumebat
1385 679 1657 748 Spiritus,
1727 684 1982 749 concilia,
2051 686 2140 756 pia

569 773 782 814 morum
817 763 956 816 ratio
987 779 1052 818 ac
1096 769 1302 836 regula.
1336 767 1473 826 Vere
1509 773 1740 830 istarum
1775 777 2004 833 scientia
2029 779 2138 833 vita

566 863 668 917 est,
704 854 1010 924 ignorantia
1039 871 1219 917 autem
1266 881 1454 936 mors;
1489 880 1673 940 atque,
1727 882 1787 926 ut
1817 875 1978 928 homo
2016 889 2140 929 cor-

569 954 761 1012 ruptus
810 949 1184 1021 perdilusque,
1231 957 1277 1009 si
1333 959 1621 1029 cujusdam
1675 963 1750 1032 pii
1794 964 1965 1018 lilium
2007 965 2140 1020 velit

567 1046 810 1093 avertere
844 1049 898 1094 et
927 1043 1028 1098 sibi
1059 1049 1380 1113 conciliare,
1407 1067 1516 1106 non
1549 1055 1658 1110 cito
1693 1072 1816 1125 quae
1845 1066 1974 1110 sunt
2017 1057 2136 1113 sui-

569 1138 676 1182 met
721 1131 894 1199 ipsius
926 1133 1132 1200 laudat,
1191 1141 1371 1197 sciens
1403 1158 1468 1198 ea
1505 1145 1576 1198 ab
1607 1146 1954 1201 adolescente
1989 1147 2135 1202 bona

564 1221 734 1288 patris
783 1223 1031 1282 doctrina
1075 1230 1284 1285 imbnlo
1317 1248 1424 1286 non
1464 1233 1580 1290 fore
1627 1237 1997 1301 admittenda,
2039 1239 2132 1293 sed

565 1311 798 1378 primum
836 1331 957 1384 qua:
983 1329 1112 1373 sunt
1143 1322 1316 1390 patris
1338 1324 1557 1382 vellicat
1587 1327 1745 1395 quasi
1775 1327 1910 1385 nihil
1941 1344 2132 1396 puero,

566 1403 752 1459 deliris
773 1421 900 1462 vero
931 1412 1158 1466 senibus
1178 1416 1578 1485 convenientia,
1599 1420 1788 1490 sicque
1813 1421 2131 1476 dociliorem

563 1495 829 1564 arripiens
862 1515 1021 1554 suum
1073 1503 1126 1557 in
1155 1506 1413 1576 abyssum
1449 1510 1790 1580 praecipitat:
1823 1511 1897 1564 ita
1931 1520 1985 1565 et
2009 1511 2130 1566 dia-

562 1585 958 1659 bolus,quippe
983 1593 1075 1661 qui
1108 1594 1325 1652 diverso
1344 1599 1688 1657 Christianos
1719 1617 1814 1673 per
1844 1612 2128 1673 tyrannos,

561 1689 655 1742 prr
689 1675 1083 1737 haeresiarchas
1115 1695 1168 1740 et
1195 1702 1291 1757 per
1322 1689 1563 1758 seipsum
1593 1707 1884 1762 aggressus
1914 1701 2021 1748 est.
2048 1694 2130 1748 ln-

2243 507 2498 577 θρώποις.
2520 511 2619 565 Διά
2640 513 2798 572 τοῦτο
2823 514 2984 585 νόμος
3009 514 3098 567 διὰ
3119 514 3379 576 Μωσέως
3403 515 3498 567 διὰ
3517 512 3701 577 τοῦτο,
3724 514 3805 580 βα-

2242 601 2353 665 ϐαὶ,
2385 601 2516 666 Θεὸς
2540 603 2632 656 ἐπὶ
2657 605 2761 673 γῆς
2789 605 2922 675 μετά
2959 606 3235 674 σώματος·
3253 605 3340 657 διὰ
3368 604 3539 657 τοῦτο
3573 607 3802 674 σταυρόςο

2239 691 2327 745 διὰ
2336 692 2494 748 τοῦτο
2509 695 2820 749 ἀποστόλων
2831 697 3091 767 κήρυγμα
3104 698 3200 749 καὶ
3213 695 3387 768 μαρτύ
3396 711 3534 767 ρων·
3560 695 3651 747 διὰ
3663 695 3804 750 τοῦτο

2239 783 2541 839 θεσπεσίων
2568 786 2825 857 Πατέρων
2851 786 3086 841 σύνοδοι·
3118 787 3207 841 διὰ
3238 788 3396 841 τοῦτο
3422 788 3647 841 τούτων
3672 788 3806 839 εύσεο

2239 876 2340 946 θὴς
2374 877 2620 932 πολιτεία
2651 879 2747 932 καὶ
2775 879 3018 950 εὐνομία.
3047 881 3256 941 Ὄντως
3285 881 3318 950 ή
3352 881 3569 932 τούτων
3598 877 3802 944 γνῶςις.
3826 921 3850 937 ε

2238 961 2350 1033 ζωή
2377 978 2390 993 ’
2424 961 2650 1027 θάνατος
2693 963 2737 1016 δ’
2767 965 2800 1034 ἡ
2831 964 3054 1032 ἄγνοιαο
3088 967 3182 1018 καὶ
3211 965 3400 1034 ὥσπερ
3451 983 3544 1024 τις
3590 964 3804 1034 φθορεὺς

2237 1052 2332 1105 καὶ
2374 1052 2591 1122 λυμεὼν
2619 1053 2908 1123 ἄνθρωπος
2948 1055 3087 1108 ἐπὰν
3121 1054 3408 1126 βουληθείη
3439 1053 3804 1121 ἀποϐουκοὶῆ-

2237 1142 2328 1196 σαί
2352 1161 2474 1198 τινα
2505 1143 2670 1197 παῖδα
2693 1145 2900 1216 πατρὸς
2925 1143 3207 1210 εὐσεὸοῦς,
3255 1146 3349 1199 καὶ
3379 1143 3571 1213 ἑαυτῷ
3603 1145 3802 1196 οἰκειῶο

2238 1255 2362 1301 σαι,
2390 1238 2488 1291 οὐκ
2517 1238 2679 1302 εὐθὺς
2711 1239 2925 1292 ἐπαινεῖ
2947 1239 3017 1292 τὰ
3047 1237 3270 1290 ἑαυτοῦο
3294 1238 3386 1290 καὶ
3420 1236 3543 1305 γὰρ
3573 1231 3708 1287 οἶδεν
3733 1236 3800 1287 ὅτι

2233 1329 2294 1382 ού
2324 1325 2685 1398 παραδέξεται
2708 1329 2737 1381 ό
2769 1327 3016 1390 νεανίας·
3061 1327 3200 1397 ἔχων
3235 1329 3293 1380 ὲν
3338 1327 3529 1397 ἐαυτῷ
3559 1327 3658 1390 τὰς
3686 1328 3802 1393 ἀγαο

2234 1419 2331 1484 θάς
2353 1419 2444 1474 τοῦ
2476 1420 2682 1490 πατρὸς
2715 1419 3091 1490 παραγγελίας
3113 1440 3129 1455 ο
3160 1419 3294 1473 ἀλλά
3328 1419 3555 1490 πρῶτον
3599 1417 3799 1470 6:16:1-

2232 1512 2314 1565 λει
2338 1512 2407 1566 τὰ
2435 1511 2526 1566 τοῦ
2562 1511 2769 1583 πατρὸς
2799 1510 2874 1574 ὡς
2903 1511 3053 1564 οὐδὲν
3081 1511 3207 1565 δντα
3236 1510 3371 1580 πρὸς
3394 1510 3571 1563 αὐτὸν
3589 1548 3606 1572 ,
3630 1524 3800 1577 χρονο-

2232 1604 2419 1676 λήροις
2445 1604 2500 1658 δὲ
2537 1603 2738 1675 μᾶλλον
2762 1605 2958 1668 οἰκεία,
3006 1604 3102 1657 καὶ
3131 1602 3304 1665 οὕτως
3338 1602 3508 1654 αὐτὸν
3538 1601 3799 1668 πειθήνιον

2231 1696 2431 1761 λαϐὼν,
2467 1697 2698 1764 κατάγει
2727 1697 2806 1759 είς
2835 1695 2895 1749 τδ
2921 1696 3121 1748 οἰκεῖον
3147 1693 3444 1765 βάραθρον
3484 1690 3636 1745 οὕτω
3664 1692 3750 1743 καὶ
3773 1694 3798 1744 ὁ

559 1766 806 1836 tclligens
844 1774 990 1827 enim
1037 1790 1096 1831 se
1145 1779 1382 1849 undique
1409 1779 1631 1838 Litteris
1662 1783 1866 1842 divinis
1897 1786 2120 1853 victum,

2233 1788 2473 1851 διάϐολος
2496 1805 2509 1820 ·
2543 1787 2664 1841 ἐπεὶ
2702 1787 2811 1856 γὰρ
2853 1786 3122 1857 διαφόρως
3161 1783 3508 1855 παρετάξατο
3538 1785 3655 1844 tot;
3681 1783 3798 1851 Χρι-

559 1858 683 1913 illas
732 1863 1059 1922 orthodoxis
1107 1879 1200 1924 aut
1232 1873 1435 1941 rapuit,
1469 1883 1565 1929 aut
1600 1876 1874 1947 negligere
1899 1892 2129 1948 persuav

557 1951 647 2012 sit,
679 1962 738 2006 ut
772 1954 852 2008 sic
886 1954 1156 2014 haereticis
1189 1961 1330 2016 vinci
1367 1962 1552 2020 faciles
1584 1964 1784 2028 forent.
1838 1979 1893 2024 et
1941 1969 2130 2026 existi.-

556 2054 766 2100 inantcs
815 2063 874 2102 se
907 2052 1242 2110 orthodoxos
1275 2057 1408 2111 nihil
1453 2059 1523 2112 ab
1561 2059 1911 2119 heterodoxis
1933 2063 2120 2118 differ-

551 2145 688 2192 rent.
723 2139 877 2208 Quod
903 2153 959 2197 et
983 2145 1130 2202 fecit.

551 2247 634 2286 τοι
679 2225 780 2286 ὦσι
826 2239 938 2301 τοῖς
985 2237 1311 2310 αἱρετικοῖς·

551 2322 678 2395 ποίη
687 2342 801 2381 κεν.

627 2417 826 2474 Verum
863 2420 1010 2477 enim
1049 2439 1178 2480 vero
1209 2428 1675 2495 particulatim,ut
1691 2434 1824 2495 dixi,
1848 2433 1934 2489 hic
1952 2448 2119 2502 expo-

548 2527 678 2564 nere
698 2527 917 2568 errores
937 2529 1362 2585 supervacuum,
1383 2522 1485 2576 nisi
1510 2525 1658 2591 prius
1679 2539 1866 2579 sacras
1881 2523 2122 2594 Scriptu-

548 2617 638 2656 vas
667 2604 973 2659 omnimodi
1040 2607 1093 2661 in
1155 2611 1312 2665 nobis
1345 2611 1469 2666 l-oni
1498 2613 1676 2668 fontes
1713 2631 1835 2670 esse
1861 2617 2121 2671 ostende-

546 2697 673 2757 rim.
718 2695 836 2762 Qua
872 2707 1057 2753 autem
1104 2701 1171 2756 de
1200 2719 1255 2756 re
1283 2702 1538 2772 incipiam
1577 2707 1754 2761 velitis
1779 2708 2000 2762 dicere?
2040 2716 2120 2764 De

546 2787 846 2842 charitate?
897 2789 970 2844 De
1015 2794 1456 2849 communitate?
1490 2812 1558 2850 an
1608 2797 1676 2852 de
1726 2799 1830 2852 alia
1873 2800 2119 2868 qualibet

548 2878 782 2933 virtute?
812 2879 924 2950 Ego
952 2883 1172 2952 quidem
1199 2898 1398 2940 censeo
1431 2888 1607 2953 primo
1636 2889 1755 2944 loco
1779 2891 1844 2944 de
1865 2905 2118 2945 commu-

546 2971 633 3026 nis
665 2972 788 3026 vitze
823 2971 1165 3029 institutione
1211 2976 1526 3040 dicendum,
1580 2995 1689 3049 qua
1738 2981 1950 3036 ratione
1980 2996 2115 3036 con-

546 3071 651 3117 stet
683 3066 884 3132 etquid
904 3067 1032 3121 boni
1056 3083 1122 3123 ex
1149 3083 1214 3124 ea
1246 3072 1445 3134 veniat.
1477 3071 1605 3128 dein
1631 3072 1699 3128 de
1723 3075 1844 3128 vitae
1860 3089 2114 3129 commu-

2237 1881 2502 1942 στιανοῖς,
2549 1877 2637 1932 διά
2677 1878 2994 1950 τυράννων,
3043 1876 3108 1929 δι’
3154 1874 3566 1946 αίρεσιαρχῶν,
3607 1874 3698 1926 καὶ
3739 1858 3796 1926 δι’

2234 1970 2426 2026 ἑαυτοῦ
2446 1987 2460 2004 ο
2495 1968 2636 2037 Ξγνω
2665 1968 2724 2022 δὲ
2752 1968 2918 2022 αὐτὸν
2946 1969 3247 2038 ἡττημένον
3277 1966 3553 2021 πάντοθεν
3593 1963 3680 2018 διὰ
3701 1962 3796 2015 τῶν

2234 2060 2392 2114 θείων
2425 2058 2680 2129 Γραφῶν,
2721 2058 2925 2121 ταύτας
2964 2058 3156 2126 ἀφεῖλε
3195 2058 3303 2110 τῶν
3344 2055 3689 2127 όρθοδόξων·
3715 2055 3794 2106 καὶ

2232 2152 2480 2223 παρορᾷν
2507 2149 2676 2213 αὑτὰς
2702 2149 2922 2213 τούτους
2957 2149 3204 2202 ἔπεισεν·
3239 2148 3304 2202 ἵν’
3336 2146 3519 2208 οὕτως
3552 2146 3795 2214 εὐχείρω-

1399 2262 1494 2298 και
1547 2249 1828 2317 δοκοῦντες
1917 2247 2058 2309 εἶναι
2117 2247 2410 2324 ὀροόδοξοι,
2483 2245 2649 2318 μηδὲν
2705 2245 2985 2314 διαφέρειν
3030 2243 3141 2298 τῶν
3198 2242 3440 2311 ἀλόγων·
3494 2243 3528 2295 ὃ
3568 2242 3664 2295 καὶ
3706 2255 3793 2292 πε-

2309 2428 2470 2484 ’Δλλά
2512 2427 2574 2480 τὸ
2605 2426 2747 2480 κατὰ
2781 2426 2967 2496 μέρος.
3003 2425 3078 2488 ὡς
3127 2423 3283 2494 ἔφην,
3327 2420 3572 2476 ἐνταῦθα
3604 2421 3790 2489 διηγεῖ-

2229 2522 2350 2578 σθαι
2398 2521 2495 2583 τὰς
2537 2518 2789 2582 ἀτοπίας,
2843 2517 3135 2587 περιττόν·
3185 2517 3234 2568 εί
3302 2514 3377 2584 μὴ
3423 2514 3791 2582 ἀποδείξωμεν

2228 2613 2442 2683 πρῶτον
2481 2611 2689 2671 αἰτίους
2725 2605 2864 2660 εἶναι
2905 2607 3002 2668 τὰς
3045 2606 3204 2674 ἀγίας
3240 2605 3461 2676 Γραφάς
3514 2604 3714 2666 παντὸς
3743 2605 3793 2656 ὲν

2227 2707 2358 2776 ἡμῖν
2402 2701 2631 2772 ἀγαθοῦ.
2673 2700 2834 2754 Ἀλλά
2873 2700 2924 2751 τί
2963 2697 3215 2768 βούλεσθε
3255 2696 3472 2767 πρῶτον
3524 2698 3677 2764 ἡμᾶς
3727 2695 3793 2746 ci-

2227 2801 2391 2862 πεῖν;
2427 2794 2556 2865 περὶ
2589 2793 2846 2863 ἀγάπηςς
2878 2791 3006 2860 περὶ
3052 2787 3371 2853 κοινωνίας;
3408 2787 3440 2858 ἢ
3487 2787 3624 2856 περί
3663 2800 3792 2846 τινος

2225 2886 2391 2956 ἄλλης
2440 2883 2670 2960 ἀρετῆςς
2723 2882 2939 2948 Ἔγωγε
2994 2874 3151 2948 οἶμαι
3203 2878 3416 2950 πρῶτον
3456 2877 3588 2930 δέον
3632 2876 3792 2927 εἰπεῖν

2225 2980 2352 3050 περὶ
2399 2977 2745 3046 κοινοϐιακῆς
2788 2974 3211 3034 καταστάσεως·
3262 2972 3357 3028 καὶ
3403 2971 3560 3032 ὅπως
3611 2970 3677 3022 ἂν
3708 2984 3792 3018 suo

2224 3075 2412 3144 σταίη·
2451 3073 2545 3124 καὶ
2587 3070 2641 3123 τί
2677 3068 2739 3121 τὺ
2785 3071 2850 3121 ἐκ
2874 3067 3080 3136 ταύτης
3113 3064 3528 3134 ἀποϐησόμενον
3558 3062 3786 3130 ἀγαθον·

547 3155 632 3214 nis
673 3155 1148 3215 administratione
1174 3163 1517 3234 rationeque,
1550 3165 1689 3220 etde
1727 3167 1851 3221 aliis
1878 3167 2113 3236 quibus~

2229 3161 2336 3220 εἶτα
2355 3163 2484 3235 περὶ
2512 3163 2598 3232 τῆς
2627 3163 2684 3213 ὲν
2701 3158 2866 3229 κοινῷ
2895 3157 3170 3220 πολιτείας
3193 3173 3253 3210 τε
3273 3156 3367 3209 καὶ
3379 3155 3684 3224 διαγωγῆς·
3705 3154 3792 3207 καὶ

544 3249 670 3302 dam
720 3251 862 3318 apud
911 3268 1046 3316 nos,
1081 3269 1398 3323 quanquam
1434 3259 1784 3322 necessariis,
1825 3259 2113 3330 neglectis.

616 3339 945 3411 Magnopere
983 3345 1130 3398 enim
1179 3347 1400 3415 prodest
1453 3349 1611 3404 nobis
1665 3351 1792 3406 talis
1838 3351 2118 3408 institutio

547 3431 776 3487 scientia
830 3436 1048 3501 comite,
1099 3438 1151 3491 in
1183 3440 1506 3494 charitatem
1539 3443 1876 3510 spiritualem
1903 3453 1958 3498 et
1983 3459 2118 3498 con-

545 3525 786 3578 cordiani
825 3526 1113 3591 inducens,
1143 3531 1344 3601 quippe
1374 3534 1473 3587 ista
1504 3534 1563 3587 tit
1595 3536 1700 3588 vita
1735 3536 1943 3604 absque
1975 3535 2118 3606 peri-

545 3616 688 3677 culo.
709 3617 858 3670 salus
875 3628 1043 3681 certa,
1066 3622 1300 3696 vitaeque
1326 3624 1637 3680 institutum
1653 3635 2114 3692 consentaneum,

544 3722 778 3764 concors
817 3719 875 3764 et
912 3711 1055 3766 sicut
1091 3712 1230 3768 inter
1275 3716 1496 3786 angelos
1535 3719 1914 3773 coordinatum
1943 3760 1956 3782 ,
2014 3736 2116 3774 an~

545 3797 756 3864 tiquum
807 3801 1018 3856 scilicet
1051 3803 1333 3860 hominum
1358 3822 1498 3876 quos
1537 3819 1824 3864 vocaverat
1860 3809 2114 3867 Christus

545 3888 782 3958 felixque
809 3891 932 3947 vita:
959 3909 1154 3962 genus,
1205 3896 1400 3953 futurae
1446 3900 1626 3970 imago
1679 3911 1736 3956 et
1779 3902 1993 3957 initium
2030 3919 2119 3957 re-

544 3983 921 4049 staurationis,
945 3986 997 4039 in
1028 4001 1134 4056 qua
1156 4003 1336 4059 neque
1366 3991 1586 4056 invidia,
1613 4009 1789 4064 neque
1817 3995 2112 4061 discordia,

541 4087 723 4140 neque
771 4075 958 4144 gloriae
1001 4079 1255 4145 aviditas,
1302 4093 1397 4136 aut
1437 4084 1557 4152 plus
1603 4085 1836 4140 habendi
1885 4087 2116 4140 ambitio

543 4164 773 4219 salutem
811 4170 1124 4222 consecutis
1149 4210 1163 4234 ,
1194 4171 1353 4242 longe
1385 4175 1583 4229 amotis
1613 4177 2116 4243 perturbationibus

543 4269 666 4320 qua;
710 4257 953 4311 animum
1003 4270 1193 4315 contra
1242 4271 1490 4320 naturam
1540 4269 1858 4337 exagitant,
1911 4270 1963 4323 in
2005 4285 2112 4338 qua

544 4346 677 4399 nihil
707 4348 813 4401 nisi
864 4350 1151 4406 honestum
1183 4364 1237 4408 et
1259 4356 1484 4417 decens,
1519 4360 1662 4428 quod
1696 4361 1882 4416 divino
1920 4363 2111 4416 Davidi

541 4445 597 4488 et
637 4437 843 4494 veritati
893 4454 1080 4495 aroma
1114 4457 1332 4498 sacrum
1359 4485 1375 4510 ,
1426 4463 1720 4518 roremque
1765 4451 2110 4520 spiritualetn

2226 3256 2426 3327 ἑτέρων
2446 3255 2509 3324 δή
2526 3269 2686 3308 τινων
2703 3251 3038 3320 ἀναγκαίων,
3061 3247 3445 3318 ἀμελουμένων
3470 3247 3607 3316 παρ’
3623 3244 3786 3315 ἡμῶν.

2297 3351 2404 3404 Καὶ
2450 3349 2560 3420 γάρ
2599 3345 2734 3401 πολύ
2783 3365 2838 3400 τι
2895 3344 3264 3414 ωμὸἀλλεται
3314 3344 3443 3414 ἡμῖν
3492 3343 3531 3412 ἡ
3579 3339 3788 3407 τοιαύτη

2226 3443 2556 3505 κατάστασις
2579 3439 2720 3511 μετά
2749 3438 3000 3507 γνώσεως
3021 3438 3392 3493 ἀποϐαίνουσα
3412 3452 3426 3469 ’
3458 3436 3546 3498 εἱς
3582 3436 3617 3487 ἀ
3633 3434 3790 3503 {dum

2226 3532 2602 3602 πνευματικὴν
2649 3533 2744 3585 καὶ
2784 3529 3036 3601 ὁμόνοιαν
3072 3529 3302 3597 ἄγουσα.
3334 3527 3648 3589 ’Δκίνδυνος
3690 3525 3786 3592 γάρ

2224 3629 2340 3678 ἐστι
2368 3625 2482 3696 ζωή
2507 3641 2522 3659 ο
2555 3624 2802 3693 ἀσφαλὴς
2835 3621 3079 3693 σωτηρία
3099 3637 3114 3652 ο
3145 3618 3486 3691 ὁμογνώμων
3533 3619 3628 3670 καὶ
3667 3615 3784 3685 σύμ.

2224 3733 2390 3780 πνους
2447 3717 2540 3770 καὶ
2574 3715 2981 3784 συντεταγμένη
3020 3713 3096 3776 ὡς
3135 3712 3194 3765 ὲν
3227 3710 3476 3780 ἀγγέλοις
3511 3708 3748 3777 διαγωγή
3769 3721 3780 3733 ·

2222 3806 2428 3877 ἀρχαία
2455 3806 2564 3859 τῶν
2597 3806 2706 3860 ἀπὺ
2745 3803 2983 3876 Χριστοῦ
3010 3802 3365 3871 καλουμένων
3398 3801 3490 3854 καὶ
3523 3800 3783 3869 εὐδαίμων

2225 3897 2412 3967 βιοτή·
2448 3895 2613 3950 είκὼν
2643 3897 2739 3949 καὶ
2769 3895 2991 3965 ἀπαρχὴ
3035 3893 3136 3963 τῆς
3170 3891 3472 3962 μελλούσης
3518 3891 3783 3942 ἀποκατα-

2223 3989 2464 4050 στάσεως
2482 4005 2497 4020 ο
2528 3987 2653 4041 καθ’
2679 3989 2764 4058 ἣν,
2792 3987 2852 4039 ού
2883 3986 3101 4053 φθόνος,
3129 3987 3229 4037 ούκ
3255 3987 3392 4052 ἔρις,
3433 3983 3498 4034 οὐ
3527 3980 3784 4049 φιλόδοξον

2219 4077 2350 4151 ἦθος
2371 4121 2386 4145 ,
2418 4081 2478 4133 ού
2511 4079 2890 4141 πλεονεκτικός
2918 4081 2974 4131 ὲν
2995 4082 3107 4140 τοῖς
3135 4076 3466 4145 σωζομένοις
3491 4075 3646 4127 ἔσται
3672 4074 3783 4141 τρό-

2220 4189 2320 4235 πος
2341 4188 2354 4202 ·
2389 4171 2603 4243 μακρὰν
2631 4171 2738 4224 τῶν
2768 4170 2921 4242 παρὰ
2945 4170 3105 4238 φύσιν
3125 4167 3367 4235 ἀπεληλα
3378 4166 3557 4236 μένων
3585 4164 3778 4218 παθῶν·

2219 4265 2279 4316 τὸ
2312 4263 2471 4333 μόνον
2499 4266 2556 4318 έν
2579 4263 2753 4334 ἅπασι
2775 4263 2945 4337 ¹καλόν
2975 4279 3036 4315 τε
3068 4266 3160 4314 καὶ
3192 4261 3426 4332 τερπνόν
3445 4274 3458 4287 ·
3495 4259 3573 4321 ὡς
3608 4257 3686 4327 τῷ
3729 4273 3782 4309 τε

2221 4357 2348 4426 θείῳ
2376 4355 2535 4410 Δαυῖδ
2564 4356 2659 4408 καὶ
2691 4359 2756 4427 τῇ
2785 4356 3012 4426 ἀληθείᾳ
3032 4356 3202 4408 δοκεῖ’
3235 4355 3264 4406 ὃ
3305 4355 3401 4407 καὶ
3443 4353 3614 4424 μύρον
3650 4351 3783 4420 ἱερὸν

2219 4449 2511 4517 ὀνομάζει,
2558 4448 2652 4506 καὶ
2685 4448 2876 4518 δρόσον
2907 4449 3318 4518 πνευματικήνο
3367 4448 3403 4515 ἡ
3443 4446 3782 4514 ἐναρμόνειος

542 4527 828 4582 nominare
858 4529 1053 4596 placet.
1088 4548 1300 4588 necnon
1354 4538 1556 4594 chorus
1603 4541 1977 4605 harmonicus.
2015 4562 2110 4598 cu-

2229 4541 2401 4611 (όρεια
2425 4557 2439 4571 ⁶
2474 4535 2542 4610 ἧς
2584 4541 2746 4609 μέσος
2779 4540 2977 4608 ἕστηκε
3007 4539 3149 4596 κατὰ
3192 4541 3291 4610 τὴν
3331 4538 3663 4608 ἐπαγγελίαν
3696 4552 3781 4587 κο-

537 4617 632 4686 jus
668 4619 723 4672 in
750 4619 930 4677 medio
963 4633 1093 4690 stat,
1125 4633 1185 4678 ut
1233 4631 1543 4684 nuntiatum
1573 4643 1675 4699 est,
1706 4637 2029 4707 coryplneus
2063 4649 2114 4693 et

541 4709 812 4780 choregus
842 4711 1095 4770 Christus
1124 4719 1302 4772 omnis
1335 4720 1460 4775 boni
1498 4721 1643 4779 fons.

619 4801 770 4857 Unde
801 4803 969 4873 igitur
999 4807 1098 4862 ista
1145 4811 1327 4865 omnia
1362 4828 1662 4882 possumus
1692 4817 1936 4874 indicare
1960 4862 1975 4884 ,
2005 4823 2112 4874 nisi

493 4889 496 4892 ’
540 4907 606 4946 ex
649 4893 851 4949 divinis
887 4897 1210 4966 Scripturis,
1238 4911 1371 4956 utet
1397 4905 1640 4972 quiante
1681 4920 1781 4960 nos
1808 4907 2110 4980 (vixerunt)

540 4983 708 5037 divini
748 4987 978 5042 Patres?
1018 4989 1314 5061 Antiquam
1363 5009 1488 5049 esse
1539 4996 1698 5050 talem
1732 4998 2108 5068 disciplinam,

537 5073 855 5146 Christique
881 5081 1056 5136 servis
1078 5072 1396 5149 eciivenire,
1417 5087 1584 5141 Actus
1614 5090 1987 5156 apostolorum
2016 5092 2110 5144 de-

540 5169 1084 5229 monstrant.Dicitur
1101 5175 1246 5228 enim
1265 5177 1403 5231 illic:
1423 5177 1750 5234 Multitudini
1769 5183 2107 5236 credentium

537 5272 635 5314 cor
690 5275 880 5324 unum,
943 5263 1124 5319 anima
1172 5282 1301 5331 una,
1352 5278 1408 5323 et
1455 5271 1588 5325 nihil
1639 5272 1908 5326 honorum
1965 5273 2108 5329 ullus

539 5351 820 5419 proprium
852 5353 956 5408 sibi
993 5355 1230 5422 dicebat,
1278 5359 1372 5413 sed
1407 5372 1605 5416 cuncta
1636 5363 1776 5417 inter
1819 5379 1913 5419 eos
1960 5380 2112 5419 com-

535 5443 747 5496 munia.
782 5441 947 5501 Vides
980 5433 1258 5516 quomodo
1286 5451 1622 5525 (constabat)
1658 5456 1969 5510 communis
1999 5457 2109 5512 vita

540 5546 650 5586 non
681 5537 855 5605 magis
886 5541 1185 5606 corporalis
1241 5558 1401 5611 quam
1441 5547 1742 5616 spiritualis
1769 5564 1784 5614 ;
1809 5564 1930 5602 cum
1981 5565 2109 5604 vero

542 5622 694 5677 inter
720 5639 820 5677 nos
851 5628 1023 5697 magis
1052 5643 1114 5683 ex
1148 5635 1522 5700 corporalibus
1546 5638 1822 5707 (constet),
1851 5656 2013 5710 quam
2043 5657 2106 5696 cx

544 5711 919 5783 spiritualtbus
952 5757 965 5782 ,
1007 5719 1098 5772 alii
1141 5720 1262 5776 aliis
1303 5723 1637 5789 invidemus;
1673 5727 1900 5784 alllictos
1933 5741 1984 5783 ct
2028 5732 2106 5785 in-

2218 4637 2443 4703 ρυςραῖος
2469 4634 2563 4688 καὶ
2584 4635 2815 4705 χορηγῶ
2855 4634 2882 4688 ό
2905 4632 3156 4703 Χριστὸς,
3185 4633 3218 4701 ἡ
3242 4631 3350 4684 τῶν
3374 4630 3602 4700 ἀγαθῶν
3623 4629 3782 4682 ἀπάν-

2213 4740 2320 4775 των
2357 4723 2530 4791 πηγή.

2284 4812 2451 4864 Πόθεν
2482 4811 2575 4864 οὖν
2605 4811 2776 4864 ταῦτα
2828 4811 3003 4863 πάντα
3029 4809 3224 4880 ἔχομεν
3269 4809 3578 4873 ἀποδεῖξαι,
3614 4809 3659 4859 εξ
3709 4804 3776 4874 μὴ

2211 4903 2276 4956 ἐκ
2322 4902 2430 4954 τῶν
2482 4901 2640 4954 θείων
2684 4902 2938 4972 Γραφῶν,
2971 4901 3044 4964 ὡς
3095 4902 3190 4955 καὶ
3217 4903 3266 4956 οἱ
3316 4903 3423 4970 πρὸ
3463 4901 3621 4973 ἡμῶν
3659 4900 3777 4951 θεῖοι

2218 4994 2497 5064 [Ιατέρεςς
2550 4994 2645 5046 καὶ
2689 4995 2768 5047 ὅτι
2804 4996 3006 5065 ἀρχαία
3039 4995 3182 5047 ἐστὶν
3215 4996 3246 5064 ἠ
3295 4994 3522 5064 τοιαύτη
3553 4991 3773 5046 πολιτεία

2215 5085 2310 5145 καὶ
2332 5085 2567 5156 Χριστοῦ
2589 5084 2794 5148 δούλοις
2819 5085 3157 5155 ἁρμόζουσα,
3179 5088 3238 5139 αἱ
3267 5085 3504 5154 Πράξεις
3532 5085 3639 5136 τῶν
3657 5087 3777 5134 tam.

2217 5176 2416 5229 στόλων
2443 5175 2692 5246 δηλοῦσι·
2725 5170 2948 5247 φέρεται
2969 5178 3077 5246 γὰρ
3099 5179 3299 5230 ἐκεῖσε.
3334 5177 3443 5228 Τοῦ
3469 5176 3527 5229 δὲ
3555 5175 3772 5244 πλήθους

2213 5267 2320 5318 τῶν
2355 5267 2757 5320 πιστευσάντων
2786 5263 2852 5336 ἦν
2877 5268 2911 5336 ἠ
2936 5269 3134 5336 καρδία
3165 5269 3255 5320 καὶ
3282 5269 3316 5338 ἡ
3346 5267 3494 5338 ψυχὴ
3526 5267 3625 5335 μία
3647 5282 3658 5294 ·
3692 5265 3775 5317 καὶ

2210 5358 2332 5412 οὐδὲ
2359 5353 2438 5421 εἷς
2466 5376 2518 5411 τι
2549 5358 2656 5412 τῶν
2685 5357 3040 5430 ὑπαρχόντων
3072 5360 3219 5428 αὺτῴ
3249 5359 3440 5426 ἔλεγεν
3472 5360 3602 5410 ἴδιον
3627 5353 3770 5408 εἶναι’

2208 5454 2322 5508 ἀλλ’
2353 5449 2422 5524 ἦν
2458 5455 2639 5518 αὐτοῖς
2671 5456 2885 5509 ἅπαντα
2915 5456 3093 5509 κοινά..
3125 5457 3316 5526 ··⁹Ορᾷς
3355 5455 3506 5516 ὅπως
3538 5457 3565 5507 ὁ
3594 5470 3773 5504 κοινω-

2206 5546 2353 5607 νικὸς
2404 5545 2516 5616 βίος
2555 5547 2616 5598 ού
2666 5548 2979 5615 σωματικὸς
3039 5547 3239 5617 μᾶλλον
3279 5547 3313 5615 ἢ
3376 5543 3767 5615 πνευματικός;

2207 5637 2324 5688 ἀλλ’
2346 5640 2477 5706 ἡμῖν
2504 5639 2563 5690 ὲν
2587 5637 2700 5701 τοῖς
2735 5641 3066 5708 σωματικοῖς
3112 5638 3317 5708 μᾶλλον
3340 5639 3372 5708 ἡ
3400 5636 3649 5690 κοινωνία
3673 5651 3686 5662 ·
3713 5630 3766 5683 ού

2206 5726 2459 5784 τοσοῦτον
2501 5727 2556 5780 δὲ
2602 5729 2660 5781 ἐν
2707 5728 2819 5792 τοῖς
2864 5732 3284 5797 πνευματικοῖς
3354 5729 3617 5798 ἀλλήλους
3671 5723 3767 5794 γὰρ
