3934 6484
101 293 244 357 I337

1156 309 1249 367 DE
1282 309 1409 368 DIV
1417 309 1520 370 IN.
1557 311 1844 371 SCRIPT.
1877 311 2306 374 UTILlTATE.

3221 303 3355 371 1338

95 408 449 478 φθονοῦμενο
505 413 838 483 παρορῶμεν
900 416 959 468 ἐν
1015 416 1192 486 θλίψει
1249 422 1342 473 καὶ
1393 421 1675 492 ἀσθενείαι

1785 421 1967 476 ﬁrmos
1997 424 2386 493 despicientes,
2418 424 2470 477 in
2501 424 2760 493 operibus
2796 423 3144 477 altercantes.
3176 423 3356 488 Quare

96 499 491 572 φιλονικοῦμεν
521 507 581 556 ἐν
609 508 720 569 τοῖς
742 505 946 576 ἔργοις.
975 509 1097 584 Πῶς
1122 506 1216 563 οὖν
1240 513 1411 565 ταῦτα
1437 531 1680 567 κοινωνι-

93 590 200 643 κοῦ
236 592 391 661 βίου;
440 595 563 648 οὐδὲ
596 597 705 665 γὰρ
755 597 916 667 σῶμα
963 602 1240 667 στασιάζει
1275 605 1398 656 καθ’
1423 605 1582 658 αὑτόο
1621 605 1681 658 οὐ

93 683 255 750 λέγει
295 686 325 736 6
368 687 611 758 ἀντίχειρ
642 689 903 754 δάκτυλος
943 693 1020 761 τῷ
1049 694 1296 748 ἐλάσσονι
1317 711 1330 726 ’
1365 697 1552 749 Πλεῖόν
1586 715 1680 751 σου

96 777 284 828 κοπιῶ
307 794 321 808 ⁸
352 780 472 831 οὐδὲ
502 779 561 832 τὸ
589 780 740 848 ὑγιὲς
767 784 926 851 μέλος
962 788 1114 850 μισεῖ
1153 787 1248 839 καὶ
1281 789 1683 859 ἀποστρέφεται

95 865 160 917 τὸ
192 866 438 930 ἀσθενὲς,
464 869 598 922 ἀλλά
631 870 830 939 μᾶλλον
864 871 1155 941 θεραπεύει
1196 877 1290 928 καὶ
1321 878 1680 949 συναντιλαμο

96 956 361 1010 ϐάνεται·
409 960 543 1028 φησὶ
589 961 696 1031 γὰρ
743 963 879 1032 πρὸς
917 965 1219 1034 Ῥωμαίους
1257 969 1286 1020 6
1324 970 1681 1037 Ἀπόστολοςδ

107 1067 127 1096 ε
168 1048 438 1120 Καθάπερ
472 1053 528 1102 ὲν
555 1052 636 1104 ἑνὶ
669 1053 879 1124 σώματι
909 1056 1044 1126 μέλη
1077 1058 1246 1123 πολλὰ
1278 1059 1503 1130 ἔχομεν’
1528 1063 1594 1116 τά
1625 1064 1681 1117 δὲ

104 1138 246 1208 μέλη
283 1141 463 1194 πάντα
514 1144 573 1196 οὐ
618 1145 718 1213 τὴν
763 1146 931 1216 αὐτὴν
976 1148 1086 1217 ἔχει
1133 1150 1361 1220 πρᾶξιν,
1413 1152 1586 1217 οὓτως
1630 1157 1680 1207 οἱ

101 1230 295 1282 πολλοὶ
325 1231 384 1283 ἓν
410 1231 570 1302 σῶμά
592 1234 761 1303 ἐσμεν
791 1238 848 1287 ἐν
876 1237 1098 1306 Χριστῷ
1119 1252 1131 1266 ·
1164 1241 1192 1292 6
1221 1241 1279 1292 δὲ
1303 1241 1488 1306 καθεὶς
1512 1243 1682 1314 ἀλλή-

99 1321 210 1374 λων
242 1322 408 1392 μέλη.
436 1344 453 1373 ι
487 1326 597 1378 Καὶ
628 1326 790 1379 πάλιν
809 1345 822 1358 ο
871 1347 888 1378 ι
932 1330 1246 1400 Ὀφείλομεν
1272 1334 1431 1402 ἡμεῖς
1452 1337 1501 1387 οί
1522 1336 1680 1389 δυνα-

99 1415 186 1464 τοὶ
217 1415 280 1467 τὰ
308 1416 663 1486 ἀσθενήματα
686 1417 791 1470 τῶν
818 1419 1094 1473 ἀδυνάτων
1124 1421 1416 1490 βαστάζειν
1440 1439 1454 1452 °
1486 1427 1580 1479 καὶ
1603 1427 1678 1498 μὴ

107 1506 322 1568 ἑαυτοῖς
349 1507 644 1575 ἀρέσκεινο
679 1508 906 1572 ἕκαστος
949 1511 1057 1580 γὰρ
1113 1515 1269 1581 ἡμῶν
1314 1517 1390 1586 τῷ
1451 1517 1678 1586 πλησίον

102 1596 388 1657 ἀρεσκέτω
439 1600 518 1660 εἰς
563 1599 626 1650 τὸ
661 1600 864 1667 ἀγαθὸν
905 1603 1043 1670 πρὸς
1088 1605 1375 1676 οἰκοδομήν
1399 1625 1411 1637 ·
1447 1609 1540 1661 καὶ
1571 1610 1678 1680 γάρ

103 1686 194 1736 καὶ
231 1688 258 1737 ὀ
281 1685 519 1757 Χριστός
546 1689 644 1757 οὐχ
670 1689 848 1758 ἑαυτῷ
871 1692 1086 1761 ἤρεσεν.
1121 1713 1139 1744 ι
1183 1696 1343 1748 Ἀλλὰ
1375 1697 1556 1762 καθὼς
1582 1700 1673 1766 γέ-

1786 513 1888 568 ista
1924 514 1976 566 in
2012 515 2124 568 vita
2157 516 2466 570 communi?
2499 514 2616 568 Non
2646 515 2792 568 enim
2829 529 3032 583 corpus
3071 523 3258 568 contra
3299 530 3356 568 so

1783 605 2069 672 dissentit;
2094 622 2198 660 non
2223 607 2393 676 pollex
2429 606 2625 660 minori
2658 606 2828 675 digito
2856 605 3026 658 dicit:
3059 603 3353 673 Plusquam

1785 708 1840 750 tu
1875 699 2174 767 defatigor;
2203 715 2382 770 neque
2408 701 2715 754 membrum
2749 713 2946 753 sanum
2978 713 3183 765 aegrum
3217 697 3352 760 odit,

1785 789 1911 844 huic
1948 791 2150 859 potius,
2183 791 2380 844 nedum
2415 790 2607 861 fugiat.
2639 805 2968 845 succurrens
2997 804 3060 842 ac
3086 788 3351 843 serviens.

1783 877 2012 933 Dicitad
2038 879 2314 936 Romanos
2341 881 2633 950 (scribens)
2671 879 2964 950 Apostolus
2996 894 3010 930 :
3055 897 3073 929 ι
3119 879 3268 931 Sicut
3301 879 3350 929 in

1785 987 1894 1025 uno
1918 987 2148 1040 corpore
2181 973 2348 1026 multa
2380 973 2620 1026 membra
2651 973 2934 1034 habemus,
2965 969 3146 1026 omnia
3172 979 3350 1022 autem

1783 1064 2026 1117 membra
2076 1079 2182 1117 non
2230 1066 2479 1118 eumdem
2541 1075 2719 1118 actum
2781 1063 3012 1126 habent,
3073 1061 3144 1115 ita
3196 1060 3351 1114 multi

1785 1171 1952 1209 unum
2010 1171 2214 1224 corpus
2265 1171 2459 1210 sumus
2513 1156 2565 1208 in
2623 1155 2864 1217 Christo,
2914 1152 3112 1223 singuli
3171 1161 3350 1205 autem

1781 1248 1918 1301 alter
1966 1249 2191 1301 alterius
2241 1249 2550 1301 membra‘.
2609 1246 2881 1300 Debemus
2926 1261 3029 1299 nos
3085 1244 3351 1297 ﬁrmiores

1781 1339 2183 1394 imbecillitales
2219 1339 2562 1392 inlirmorum
2597 1339 2870 1393 sustinere
2899 1378 2914 1401 ,
2948 1345 3001 1390 et
3050 1351 3158 1398 non
3194 1337 3350 1390 nobis

1782 1431 2016 1502 placere.
2044 1431 2433 1500 Unusquisque
2464 1439 2709 1483 nostrum
2737 1428 2986 1498 proximo
3018 1443 3116 1482 suo
3144 1428 3350 1497 placeat

1784 1521 1838 1575 in
1889 1522 2087 1573 bonum
2120 1520 2186 1573 ad
2225 1518 2668 1573 aediﬁcationem.
2703 1516 2917 1571 Etenim
2957 1517 3210 1572 Chrisws
3239 1532 3347 1570 nou

1785 1612 1886 1667 sibi
1923 1613 2154 1682 placuit;
2196 1613 2309 1677 sed,
2347 1612 2488 1665 sicut
2548 1612 2806 1680 scriptum
2843 1618 2925 1664 est
2963 1625 2976 1660 :
3021 1609 3351 1679 lmpropcria

1783 1704 2274 1774 improperantium
2301 1705 2621 1759 ceciderunt
2646 1718 2810 1771 super
2837 1719 2939 1756 ine.
2967 1702 3190 1770 Propter
3208 1701 3354 1770 quod

97 1794 347 1846 γραπται
368 1795 381 1808 ο
414 1797 431 1828 ι
463 1781 523 1832 Οἱ
552 1779 844 1850 ὀνειδισμοὶ
870 1784 979 1836 τῶν
1011 1786 1377 1850 ὀνειδιζόντων
1409 1765 1676 1844 ἐπέπεσον

1781 1797 2041 1866 suscipite
2071 1797 2327 1862 invicem,
2360 1797 2503 1851 sicut
2531 1805 2584 1849 et
2609 1795 2862 1848 Christus
2895 1795 3135 1861 suscepit
3160 1795 3346 1846 νων.»

94 1867 186 1916 ἐπ’
214 1868 238 1919 ὲ
248 1867 341 1936 μέ.
366 1871 459 1920 Διὸ
486 1871 968 1942 προσλαμϐάνεσθε
991 1875 1252 1947 ἀλλήλους
1270 1894 1283 1907 '
1320 1880 1502 1944 καθὼς
1536 1883 1632 1936 καὶ
1651 1885 1680 1935 6

95 1957 338 2026 Χριστὸς
372 1962 741 2029 προσελάϐετο
770 1966 937 2036 ημᾶς.
971 1987 988 2016 ›
1026 1969 1137 2021 Καὶ
1177 1968 1313 2040 πρὸς
1340 1972 1676 2042 Κορινθίουςο

100 2070 117 2098 ι
167 2049 542 2118 ’Ᾱπρόσκοποι
591 2053 805 2120 γίνεσθε
856 2057 950 2108 καὶ
990 2057 1262 2122 Ἰουδαίοις
1315 2061 1408 2112 καὶ
1451 2061 1678 2134 Ἕλλησι

96 2139 192 2189 καὶ
225 2142 293 2209 τῇ
323 2140 620 2212 Ἐκκλησία
648 2144 740 2196 τοῦ
768 2145 901 2197 Θεοῦ
926 2161 940 2175 ⁸
971 2147 1151 2212 καθὼς
1184 2149 1340 2216 κάγὼ
1372 2153 1551 2206 πάντα
1576 2155 1679 2207 7:5-

96 2247 183 2280 σιν
217 2231 462 2300 ἀρέσκω,
515 2234 588 2303 μὴ
615 2234 792 2303 ζητῶν
832 2238 892 2290 τὸ
918 2239 1157 2308 ἐμαυτοῦ
1189 2244 1491 2313 συμφέρον,
1542 2245 1678 2298 ἀλλὰ

92 2321 153 2372 τὸ
200 2323 313 2374 τῶν
363 2323 594 2390 πολλῶν,
625 2327 712 2379 ἵνα
757 2327 990 2383 σωθῶσι.
1025 2348 1043 2380 ι
1077 2332 1184 2383 Καὶ
1229 2333 1364 2404 πρὸς
1395 2335 1637 2400 Γαλάτας
1659 2354 1674 2368 ο

100 2431 116 2458 ι
163 2413 435 2480 ’Δδελφοὶ,
492 2415 587 2466 ἐὰν
641 2417 733 2468 καὶ
785 2418 1109 2490 προσληφθῇ
1155 2421 1442 2491 ἄνθρωπος
1487 2424 1544 2476 ἔν
1570 2443 1677 2478 τινι

95 2502 535 2572 πιεραπτώματι,
591 2505 747 2575 ὑμεῖς
798 2509 844 2559 oi
909 2511 1268 2577 πνευματικοὶ
1323 2515 1676 2584 καταρτίζετε

91 2593 187 2645 τὸν
211 2595 454 2648 τοιοῦτον
478 2597 534 2648 ὲν
562 2598 834 2668 πνεύματι
867 2603 1169 2672 πραότητος
1195 2620 1208 2634 ο
1238 2605 1456 2658 σκοπῶν
1488 2606 1562 2678 μὴ
1586 2610 1679 2661 καὶ

94 2693 159 2742 σὺ
195 2693 502 2764 πειρασθῇς
521 2712 534 2725 ·
566 2694 809 2765 ἀλλήλων
840 2697 907 2749 τὰ
943 2698 1083 2770 βάρη
1115 2698 1413 2769 βαστάζετε
1437 2721 1452 2734 ’
1480 2706 1572 2757 καὶ
1594 2703 1679 2757 οὔ·

93 2801 202 2844 τως
237 2784 678 2854 ἀναπληρώσατε
714 2787 804 2840 τὸν
836 2788 999 2857 νόμον
1029 2791 1122 2842 τοῦ
1152 2792 1412 2862 Χριστοῦ.
1452 2812 1469 2844 ι
1510 2797 1620 2849 Καὶ
1650 2798 1678 2851 6

107 2875 404 2939 Ἰάκωϐος·
438 2896 455 2927 ι
488 2877 662 2930 Ὅπου
708 2877 870 2948 ζῆλος
910 2882 1003 2933 καὶ
1049 2883 1278 2951 ὲρὶθεια,
1309 2886 1426 2937 ἐκεῖ
1467 2888 1676 2939 ἀκατα·

95 2968 300 3019 στασία
347 2970 440 3022 καί
484 2971 590 3022 πᾶν
623 2969 828 3038 φαῦλον
869 2974 1129 3042 πρᾶγμα.
1169 2994 1185 3023 ι
1237 2976 1559 3047 Λελήθαμεν
1585 2977 1677 3033 οὖν

94 3061 154 3108 ἐν
203 3058 312 3110 τίνι
357 3060 797 3130 συνεληλύθαμεν
823 3078 836 3090 ο
884 3063 947 3114 οὐ
990 3065 1326 3118 κοινοϐιάται
1359 3069 1672 3137 γενόμενοιο

91 3147 210 3200 ἀλλ’
247 3147 543 3219 ίδιόρυθμοι
568 3149 660 3202 καὶ
688 3153 1130 3222 πραγματευταί.
1175 3156 1315 3206 Οταν
1335 3159 1443 3227 γὰρ
1472 3159 1499 3208 6
1527 3160 1676 3227 ισχυ-

93 3241 187 3310 ρὸς
220 3242 316 3292 καὶ
349 3239 620 3312 εὔρωστος
644 3242 705 3294 οὐ
731 3243 1074 3313 κοινωνεῖτῷ
1106 3246 1364 3317 πάσχοντι
1401 3250 1495 3302 καὶ
1516 3250 1678 3302 ἀσθε-

90 3329 278 3382 νοῦντι
300 3369 315 3393 ,
339 3329 600 3384 διακονῶν
628 3333 684 3384 ὲν
709 3335 820 3396 τοῖς
847 3334 1196 3402 ἀναγκαίοις,
1223 3338 1358 3392 ἀλλὰ
1381 3341 1518 3410 μετά
1539 3346 1677 3415 παρ-

95 3421 296 3491 ρτσίας
328 3421 475 3489 λέγει
503 3439 517 3451 ·
550 3424 811 3478 Κοπιάτω
840 3426 915 3488 ὡς
955 3427 1064 3495 ἐγώ
1087 3445 1100 3458 ο
1147 3430 1372 3482 ἐσθιέτω
1414 3434 1482 3484 τὰ
1512 3435 1672 3496 αὐτὰ,

92 3513 216 3575 πῶς
238 3513 338 3566 οὐκ
360 3515 724 3584 ἀσπλαγχνία,
753 3519 844 3568 καὶ
890 3519 1218 3588 ἀναλγησία,
1279 3523 1373 3576 καὶ
1416 3525 1677 3598 διαίρεσις

89 3601 188 3657 τοῦ
216 3604 587 3672 πνευματικοῦ
615 3606 710 3657 καὶ
733 3608 910 3659 κοινοῦ
943 3609 970 3676 β

171 3693 522 3765 [Ινευματικὴ
563 3695 671 3767 γὰρ
699 3699 884 3769 ἀγάπη
915 3703 1050 3765 ἐστὶ,
1086 3703 1146 3754 τὸ
1177 3703 1382 3756 τιθέναι
1425 3706 1524 3774 τὴν
1569 3708 1674 3777 ψυ-

93 3785 201 3854 χὴν
263 3785 405 3854 ὑπὲρ
456 3787 550 3838 τοῦ
595 3788 826 3856 ἀδελφοῦ
869 3794 920 3843 εί
949 3791 1078 3845 δέει.
1113 3794 1280 3848 Ὅταν
1319 3791 1413 3849 οὖν
1442 3798 1560 3851 οὐδὲ
1599 3799 1676 3868 τῷ

93 3877 316 3948 σώματι
351 3879 793 3950 ὑπερκοπιῶμεν,
827 3884 1094 3938 κοινόὸιον
1127 3885 1344 3956 ἔχομεν.
1384 3889 1469 3941 ἵνα
1499 3891 1554 3942 αί
1581 3891 1674 3942 τοῦ

92 3969 341 4037 Χριστοῦ
376 3969 586 4022 ἐντολαὶ
613 3974 668 4024 ὲν
698 3973 830 4042 ἡμῖν
865 3973 1202 4043 πληρῶνται,
1230 3978 1260 4047 ἧ
1295 3978 1383 4032 ἵνα
1412 3997 1676 4050 περιφρο-

92 4061 334 4124 νῶνταις
365 4061 493 4132 μένε
521 4063 704 4116 λοιπον
732 4065 876 4127 ίδίως
899 4081 912 4095 ⁸
957 4067 1031 4137 μὴ
1062 4069 1312 4136 κιϐδήλου
1340 4070 1430 4123 τὸν
1453 4073 1672 4140 ἀγγελι-

94 4151 194 4203 κὸν
229 4150 345 4220 βίον
363 4167 375 4179 ·
404 4154 477 4222 μὴ
504 4157 797 4226 κατηγόρει
831 4159 1103 4229 Χριστοῦ·
1130 4160 1302 4229 λέγων
1323 4180 1337 4193 ·
1371 4164 1484 4217 Οὐκ
1509 4167 1676 4236 ἐσμὲν

92 4243 169 4303 ῶς
205 4245 234 4294 6
257 4243 511 4313 Χριστὸς,
552 4246 636 4299 ἵνα
665 4250 1020 4320 κατορθῶμεν
1047 4251 1144 4313 τὰς
1166 4253 1366 4322 ἀρετὰς
1411 4255 1484 4318 ὡς
1517 4257 1677 4319 αὐτὸς

93 4335 341 4405 ἐπλήρου
367 4351 380 4364 ⁸
439 4337 630 4391 ἑαυτὸν
683 4340 1044 4412 ἀποχωρίζων
1094 4336 1282 4400 αὑτοῦ.
1321 4349 1458 4416 Φησὶ
1501 4350 1609 4418 γὰρ
1650 4353 1676 4404 ὁ

980 3610 1056 3661 ίου
1079 3627 1092 3674 ;

1701 3111 1745 3169 C

1779 1887 1840 1942 Et
1866 1890 1931 1942 ad
1963 1887 2284 1941 Corinthios
2315 1904 2328 1940 :
2365 1904 2384 1938 ι
2421 1884 2552 1940 Siue
2590 1885 2895 1940 offensione
2925 1893 3099 1938 estote
3124 1881 3350 1944 Jndzeis,

1776 1989 1831 2036 et
1858 1981 2132 2050 gentibus,
2163 1990 2218 2034 et
2251 1980 2508 2035 Ecclesiae
2536 1978 2648 2043 llei,
2685 1980 2825 2031 sicut
2854 1984 2906 2030 et
2931 1991 3030 2046 ego
3056 1992 3148 2045 per
3167 1976 3351 2028 omnia

1779 2073 1831 2126 in
1862 2072 2120 2125 omnibus
2145 2072 2358 2140 placere
2385 2070 2600 2132 studeo,
2623 2084 2732 2122 non
2764 2083 3019 2136 qum-eus
3044 2067 3188 2136 quod
3218 2065 3351 2120 inihi

1779 2165 1906 2218 utile
1933 2174 2039 2229 est,
2078 2163 2170 2218 sed
2208 2162 2353 2232 quod
2392 2161 2597 2226 multis,
2630 2169 2689 2214 ut
2714 2160 2848 2214 salvi
2881 2158 3015 2213 fiant
3033 2158 3076 2214 '.
3139 2176 3156 2209 ι
3195 2157 3257 2211 Et
3283 2157 3348 2210 ad

1777 2255 2001 2310 Galatas
2035 2274 2049 2309 :
2093 2274 2113 2306 ‹
2146 2253 2202 2307 Si
2245 2261 2660 2322 przeoccupatus
2692 2249 2857 2304 fuerit
2887 2251 3052 2303 homo
3080 2249 3132 2302 in
3167 2249 3351 2318 aliquo

1776 2347 1994 2410 delicto,
2031 2330 2131 2400 vos
2174 2346 2265 2414 qui
2302 2345 2436 2398 estis
2476 2344 2808 2412 spirituales.
2841 2340 3156 2410 hujusmodi
3190 2341 3352 2395 iusti-

1777 2438 1911 2491 tnite
1948 2438 2000 2490 in
2028 2437 2222 2505 spiritu
2255 2433 2517 2498 lenitatis,
2544 2433 2902 2485 considerans
2928 2431 3186 2499 teipsum,
3209 2445 3275 2484 ne
3297 2443 3350 2484 et

1777 2539 1833 2584 tu
1869 2529 2112 2584 tenteris.
2150 2529 2297 2581 Alter
2333 2527 2560 2580 alterius
2585 2538 2756 2579 “onera
2796 2531 3029 2593 portate.
3062 2532 3115 2576 et
3147 2525 3226 2578 sic
3258 2525 3354 2575 ad-

1777 2619 2072 2688 implehitis
2128 2619 2298 2688 legem
2352 2615 2619 2670 Christi‘.
2659 2635 2676 2667 ι
2735 2615 2803 2668 Ει
2857 2613 3146 2670 Jacobus:
3196 2633 3212 2663 ι
3249 2611 3350 2667 Ubi

1777 2711 2040 2781 zelotypia
2071 2719 2125 2763 et
2167 2708 2518 2776 disceptatio,
2556 2707 2626 2759 ibi
2661 2705 2964 2759 destructio
2989 2714 3041 2758 et
3067 2704 3352 2773 quodcun-

1777 2818 1882 2871 que
1913 2802 2114 2854 malum
2133 2801 2177 2854 ⁸.
2210 2819 2229 2852 ι
2273 2798 2383 2853 Nos
2427 2797 2565 2867 fugit
2597 2799 2648 2850 in
2681 2813 2788 2867 qua
2827 2794 3182 2865 (conditione)
3212 2809 3352 2848 con-

1777 2894 2049 2957 venimus,
2099 2907 2206 2946 non
2266 2891 2555 2945 co'nobita:
2589 2888 2739 2953 facti,
2776 2889 2868 2942 sed
2899 2888 3130 2957 quisque
3161 2901 3256 2955 pro
3295 2897 3354 2939 se

1779 2988 2154 3055 satagitantes.
2178 2985 2408 3051 Quando
2437 2983 2582 3038 enim
2611 2984 2872 3037 robustus
2900 2992 2952 3035 et
2975 2981 3190 3034 validus
3217 2979 3352 3033 nihil

1779 3094 1898 3133 sese
1914 3093 2058 3146 aegro
2085 3091 2139 3132 et
2170 3077 2407 3132 invalido
2428 3077 2825 3139 communicat,
2849 3076 2900 3128 in
2937 3073 3353 3129 necessitatibus

1778 3172 2042 3235 serviens,
2066 3172 2278 3240 (nimia)
2306 3186 2434 3225 vero
2463 3186 2585 3224 cum
2617 3171 2868 3224 libertate
2897 3169 3028 3222 dicit
3058 3186 3072 3222 :
3114 3165 3356 3221 Fatiscat

1776 3275 1837 3318 ut
1873 3280 1995 3335 ego,
2027 3273 2278 3318 vescatur
2316 3272 2374 3316 ut
2413 3280 2514 3331 ego
2545 3281 2558 3317 :
2592 3263 2867 3333 quomodo
2901 3277 3007 3315 non
3039 3270 3221 3315 essent
3251 3261 3354 3313 du-

1777 3358 1900 3411 ritia
1925 3367 1979 3412 et
2003 3357 2458 3412 immisericordia
2483 3397 2497 3422 ,
2533 3357 2954 3426 communisque
2985 3355 3112 3409 vitae
3143 3369 3206 3408 ac
3239 3354 3352 3422 spi-

1779 3447 1992 3504 ritualis
2037 3447 2370 3503 dissolutio?

1851 3708 2167 3778 Spiritualis
2203 3709 2349 3763 enim
2379 3706 2620 3762 charitas
2645 3715 2729 3760 est
2759 3707 2925 3758 vitam
2956 3721 3053 3773 pro
3089 3703 3280 3764 fratre,
3307 3706 3352 3755 si

1779 3802 2081 3855 necessitas
2129 3799 2294 3860 adsit.
2342 3813 2562 3868 ponere.
2613 3797 2846 3862 Quando
2911 3797 3073 3864 igitur
3125 3812 3359 3864 corpore

1778 3913 1884 3950 non
1911 3896 2297 3965 defatigamur,
2338 3903 2594 3948 utrumne
2631 3893 2945 3947 emnobium
2981 3902 3253 3953 tenemus,
3300 3901 3358 3946 ut

1777 3989 1978 4042 Christi
2011 3988 2262 4041 mandata
2295 3986 2346 4039 in
2386 3986 2541 4040 nobis
2565 3985 2983 4052 adimpleantnr,
3028 4001 3095 4037 an
3137 3994 3192 4036 nt
3221 4000 3354 4038 con-

1778 4080 2410 4138 trmnantur?C:nterum
2442 4080 2689 4147 privatus
2713 4092 3066 4146 permaneas:
3098 4094 3162 4131 ne
3187 4081 3352 4130 vitam

1779 4173 2079 4242 angelicam
2112 4186 2458 4239 corrumpas,
2491 4184 2557 4223 ne
2595 4169 2874 4222 Christum
2924 4169 3241 4236 redarguas,
3271 4169 3358 4222 di.

1778 4280 1906 4318 cens
1935 4279 1945 4315 :
1976 4261 2090 4315 Non
2125 4277 2315 4316 sumus
2341 4259 2558 4314 ChriSfo
2588 4259 2815 4319 similes,
2853 4259 2944 4326 qui
3003 4257 3232 4311 virtutes
3274 4274 3358 4310 re-

1779 4361 2092 4416 stituamus,
2128 4362 2186 4406 ut
2218 4363 2270 4406 et
2312 4352 2428 4421 ipse
2476 4349 2723 4418 perfecit,
2761 4359 2813 4403 te
2843 4349 2912 4402 ab
2944 4349 3037 4400 illo
3069 4362 3354 4415 separatis.

93 4427 396 4492 ἀπόστολος
437 4432 693 4503 Ἰωάννης
717 4452 730 4465 ·
771 4456 789 4488 ι
828 4438 884 4490 Ὀ
925 4437 1099 4505 λέγων
1151 4441 1208 4493 ὲν
1263 4441 1414 4512 αὐτῷ
1467 4444 1670 4513 μένειν,

1783 4449 1920 4502 Dicit
1943 4447 2087 4500 enim
2115 4444 2354 4499 Joannes
2385 4444 2669 4513 apostolus
2700 4459 2713 4496 :
2760 4461 2778 4494 ι
2813 4441 2920 4508 Qui
2951 4457 3011 4496 se
3048 4442 3101 4495 in
3133 4441 3361 4496 Christo

92 4521 304 4586 ὀφείλει
335 4523 511 4587 καθὼς
535 4527 739 4592 ἐκεῖνος
773 4531 1166 4602 περιεπάτησε,
1197 4536 1289 4587 καὶ
1314 4536 1478 4599 αὐτὸς
1503 4537 1674 4600 οὕτως

94 4618 444 4682 περιπατεῖν.
475 4636 493 4667 ι
541 4619 648 4671 Καὶ
679 4621 872 4674 πάλιν*
916 4641 934 4672 ι
964 4623 1077 4687 Πᾶς
1116 4627 1144 4677 6
1181 4627 1355 4694 μισῶν
1388 4628 1478 4680 τὸν
1521 4629 1677 4681 ἁδελ-

95 4705 194 4772 φὸν
224 4705 413 4770 αὑτοῦ,
448 4709 896 4779 ἀνθρωποκτόνος
929 4715 1046 4767 ἐστί
1070 4731 1083 4744 ·
1114 4717 1207 4768 καὶ
1235 4717 1411 4769 οἴδατε
1457 4719 1538 4770 ὅτι
1568 4721 1676 4782 πᾶς

92 4799 546 4870 ἀνθρωποκτόνος
579 4806 677 4858 οὐκ
725 4807 838 4876 ἔχει
874 4807 1019 4879 ζωὴν
1047 4810 1264 4865 αἰώνιον
1310 4813 1367 4864 ὲν
1399 4813 1546 4883 αὐτῷ
1575 4813 1674 4882 μέ-

92 4909 296 4945 νουσαν
323 4908 334 4920 ·
363 4895 422 4945 ἐν
455 4895 632 4967 τούτῳ
656 4898 978 4970 ἐγνώκαμεν
1007 4901 1108 4971 τὴν
1137 4903 1360 4973 ἀγάπην
1382 4921 1396 4934 ·
1431 4906 1510 4959 ὅτι
1535 4908 1676 4960 ὲκεῖο

93 5000 182 5043 νος
217 4984 362 5054 ὑπὲρ
391 4986 546 5054 ήμῶν
576 4987 674 5058 τὴν
703 4989 878 5060 ψυχὴν
926 4992 1090 5045 αὐτοῦ
1138 4993 1337 5063 ἔθηκε·
1376 4998 1472 5049 καὶ
1513 5001 1678 5068 ἡμεῖς

91 5073 389 5143 ὀφείλομεν
438 5077 578 5149 ὑπὲρ
607 5080 715 5133 τῶν
748 5081 992 5151 ἀδελφῶν
1034 5091 1133 5148 τάς
1163 5086 1340 5156 ψυχάς
1387 5089 1613 5144 τιθέναι.
1653 5111 1671 5143 ι

94 5168 206 5220 Καὶ
233 5168 399 5230 αὐτὸς
428 5171 707 5240 όΧριστός
733 5189 745 5202 °
786 5192 804 5223 ι
834 5175 895 5226 Ei
919 5171 1011 5227 οὖν
1040 5175 1149 5244 ἐγὼ
1179 5178 1334 5247 ἔνιψα
1368 5180 1522 5249 ὑμῶν
1551 5185 1677 5246 τοὺς

92 5259 294 5322 πόδας,
317 5260 343 5310 6
371 5261 576 5331 Κύριος
607 5266 700 5316 καὶ
723 5265 750 5316 ὁ
779 5264 1121 5330 διδάσκαλος,
1136 5269 1230 5322 καὶ
1249 5271 1406 5340 ὑμεῖς
1427 5273 1673 5341 ὀφείλετε

86 5350 345 5418 ἀλλήλων
379 5353 591 5406 νίπτειν
627 5356 755 5419 τοὺς
781 5357 967 5422 πόδας.
1009 5359 1347 5431 ’Υπόδειγμα
1370 5363 1476 5433 γὰρ
1499 5363 1675 5418 ἔδωκα

87 5444 227 5511 ὑμῖν
249 5485 264 5508 ,
301 5444 387 5497 ἵνα
417 5446 596 5510 καθὼς
631 5449 742 5516 ἐγὼ
770 5451 1002 5520 ἐποίησα
1031 5453 1179 5521 ὑμῖν,
1209 5457 1303 5508 καὶ
1327 5455 1487 5524 ὑμεῖς
1512 5457 1674 5526 ποιῆ-

1780 4552 2098 4608 permanere
2143 4535 2375 4590 aﬂirmat
2399 4574 2415 4599 ,
2449 4535 2599 4588 ἰΙΙιιιιι
2648 4543 2869 4604 oportet
2897 4533 3180 4586 ambulare
3216 4533 3360 4586 sicut

1777 4642 1830 4683 et
1861 4629 2110 4684 Christus
2135 4628 2492 4682 amhulavit'.
2538 4646 2556 4680 ι
2593 4626 2658 4681 Et
2683 4628 2881 4682 iterum
2922 4641 2937 4680 ε
2975 4645 2992 4677 ι
3029 4625 3359 4691 Quicunque

1778 4723 2000 4777 fratrem
2033 4737 2196 4776 suum
2229 4721 2363 4786 odit,
2394 4720 2671 4774 homicida
2701 4729 2818 4785 cst;
2869 4727 2924 4773 et
2953 4717 3154 4772 scitote
3212 4714 3358 4784 quod

1780 4816 1963 4870 nullus
1993 4814 2265 4869 homicida
2290 4814 2459 4867 vitam
2489 4823 2747 4868 :eternam
2787 4813 2839 4866 in
2873 4827 2931 4866 se
2965 4811 3148 4863 habet.
3170 4809 3227 4861 ln
3253 4809 3359 4861 hoc

1781 4908 2102 4963 charitatem
2135 4909 2491 4977 cognovimus
2515 4949 2529 4970 ,
2594 4906 2738 4974 quod
2783 4903 3033 4957 Christus
3073 4918 3168 4970 pro
3197 4900 3357 4952 nobis

1779 5003 2019 5057 animam
2056 5016 2211 5056 suam
2240 5000 2442 5069 posuit.
2474 4998 2539 5052 Et
2580 5015 2681 5052 nos
2715 5013 2812 5066 pro
2841 4996 3107 5049 fratribus
3137 4993 3354 5046 animas

1781 5101 2000 5146 nostras
2052 5107 2253 5160 ponere
2297 5090 2620 5143 debemus".
2661 5107 2678 5138 ι
2735 5087 2854 5156 Ipse
2897 5087 3152 5140 Christus
3188 5104 3199 5137 :
3239 5104 3257 5134 ι
3300 5083 3357 5142 Si

1780 5184 1956 5253 igitur
1984 5184 2137 5237 vobis
2169 5183 2332 5250 pedes
2377 5181 2481 5234 lavi
2531 5198 2632 5249 ego
2678 5180 2941 5234 Dominus
2973 5187 3028 5231 et
3073 5176 3353 5244 Magister,

1781 5275 1992 5329 debetis
2041 5286 2093 5328 et
2150 5288 2244 5325 vos
2279 5271 2434 5324 vobis
2457 5272 2687 5325 invicem
2721 5271 2884 5339 pedes
2911 5270 3116 5332 lavare,
3153 5267 3358 5336 quippe

1782 5366 2091 5433 exemplum
2126 5363 2246 5417 dedi
2283 5365 2458 5425 vobis,
2495 5374 2573 5426 ut,
2608 5365 2751 5417 sicut
2777 5378 2876 5431 ego
2925 5360 3026 5415 l'cei
3066 5361 3238 5423 vobis,
3284 5361 3356 5412 ita

1782 5467 1835 5509 et
1862 5472 1957 5509 vOs
1990 5455 2254 5509 faciatis".
2301 5476 2317 5506 ι
2355 5457 2416 5508 Et
2447 5457 2641 5509 iterum
2673 5472 2684 5506 :
2733 5474 2750 5504 ι
2797 5437 3110 5509 Mandatum
3153 5467 3355 5505 novum
3384 5460 3400 5474 '

163 5559 180 5633 ί
219 5558 390 5633 Βοηὶο
425 5576 521 5622 XII,
553 5561 607 5623 4,
637 5561 690 5615 5.
771 5565 797 5633 ’ί
835 5563 991 5617 Rom.
1023 5581 1110 5627 xv,
1152 5567 1267 5628 1-4,
1303 5566 1352 5620 7.
1431 5567 1451 5599 ⁸
1485 5567 1502 5621 l
1563 5569 1669 5623 Cor

1827 5568 1916 5633 39.,
1970 5568 2059 5622 '55.
2176 5567 2196 5595 ⁸
2240 5569 2414 5622 Calai.
2480 5585 2554 5631 γι,
2619 5569 2663 5632 l,
2723 5569 2776 5622 εὶ.
2891 5570 2909 5598 δ
2950 5566 3062 5620 Jac.
3133 5581 3210 5628 ιιι,
3272 5563 3358 5620 16.

88 5628 110 5660 ⁸
147 5627 168 5680 l
210 5626 372 5681 Joan.
427 5647 484 5691 ιι,
534 5633 587 5684 6.
665 5633 683 5662 ⁷
724 5632 928 5688 lJoan.
963 5651 1049 5698 xv,
1086 5626 1170 5690 l6.
1245 5626 1266 5668 ⁸
1301 5636 1458 5692 Joan.
1488 5655 1603 5703 xm,
1639 5639 1676 5691 li

1802 5640 1818 5691 l
1833 5639 1879 5692 5.

166 5745 244 5812 (ι)
276 5741 331 5797 In
365 5745 609 5813 margine
646 5763 660 5801 ;
698 5748 925 5817 σχόλιον.
956 5751 1030 5805 Οὐ
1075 5752 1183 5819 γὰο
1217 5749 1368 5808 εἶπεν
1397 5752 1453 5807 ἓν
1487 5755 1664 5821 σῶμα,
1705 5753 1818 5808 ἀλλ’
1850 5751 2221 5824 ἡκαρόίακαὶ
2253 5757 2285 5822 ἡ
2311 5755 2455 5823 ψυχὴ
2491 5755 2608 5824 μία.
