4098 6490
609 294 742 361 1⁷39

1853 306 2223 367 PACIIOMII
2264 308 2619 368 .MONACIII

3712 307 3825 370 1350

604 407 722 460 dedi
754 405 930 470 vobis,
970 416 1029 461 ut
1070 423 1167 463 vos
1202 407 1431 465 invicem
1466 411 1708 481 diligatis
1746 430 1760 466 :
1803 424 1860 467 ut
1884 428 1985 483 ego
2010 413 2172 466 dilexi
2204 464 2207 472 ι

2312 431 2358 468 ε.
2389 434 2407 466 ι
2448 417 2557 468 Καὶ
2586 415 2777 469 πάλιν
2818 434 2837 467 ι
2884 415 3132 485 Ἑντολὴν
3164 412 3354 484 καινὴν
3376 413 3565 483 δίδωμι
3594 414 3732 483 ὑμῖν,
3754 417 3827 468 ἵνα

603 511 722 561 vos,
750 497 822 550 ita
862 505 915 551 et
942 513 1038 551 vos
1062 497 1295 553 invicem
1329 501 1588 570 diligatis.
1628 502 1682 556 In
1710 503 1813 557 hoc
1839 514 2176 573 cognoscent

608 604 803 643 omnes
847 606 945 644 vos
975 606 1124 643 meos
1163 606 1285 647 esse
1315 592 1634 663 discipulos,
1684 598 1827 664 quod
1857 596 2175 649 charitatem

609 680 699 734 alii
729 696 854 750 erga
880 681 1019 736 alios
1054 684 1411 739 exerceatis”.
1453 704 1470 735 ι
1509 684 1585 739 Ne
1612 686 1779 753 igitur
1840 685 1978 740 falso
2017 684 2180 739 Chri-

609 781 750 825 stum
782 774 1019 834 incuses.
1054 789 1179 828 cum
1216 783 1435 845 propter
1479 786 1531 831 te
1560 778 1723 831 homo
1749 787 1909 831 natus
1940 777 2037 841 sit;
2085 792 2179 829 ne-

609 876 715 930 que
743 861 1020 916 diabolum
1069 878 1167 933 pro
1194 863 1413 920 Christo
1446 866 1766 935 magistrum
1797 866 2055 935 accipias.
2106 863 2183 919 Ne

611 952 966 1007 ccenobialem
1000 962 1185 1025 typum
1232 963 1286 1010 et
1334 957 1576 1026 regulam
1618 966 1859 1012 ostentes
1904 958 2059 1011 make
2092 973 2184 1011 vo-

614 1044 840 1099 luntatis
877 1053 931 1099 et
958 1045 1175 1101 duritia:
1211 1047 1389 1102 cordis
1422 1048 1705 1111 auxilium,
1756 1064 1875 1120 quae
1906 1065 2006 1104 nos
2037 1062 2187 1101 acce-

614 1136 794 1205 pimus
829 1145 887 1191 ut
922 1137 1078 1191 nobis
1107 1138 1337 1192 invicem
1368 1140 1777 1195 subveniamus.
1817 1140 1973 1206 Quod
2001 1140 2185 1209 sequi-

618 1238 705 1282 tur
733 1228 970 1283 historiaa
992 1229 1265 1299 iutellige:
1293 1246 1489 1301 magna
1522 1248 1645 1285 cum
1674 1234 1911 1301 potentia
1948 1234 2185 1302 apostoli

616 1321 684 1374 de
729 1320 1132 1375 resurrectione
1159 1318 1373 1374 Domini
1420 1320 1549 1376 Jesu
1592 1323 1967 1375 testimonium
2003 1323 2186 1391 perhi-

618 1414 874 1479 buerunt,
907 1414 1189 1484 gratiaque
1237 1430 1431 1484 magna
1464 1430 1630 1483 super
1664 1430 1760 1469 eos
1792 1415 1970 1480 venit;
2009 1416 2190 1469 nullus

619 1504 762 1557 enim
795 1520 860 1557 ex
894 1504 974 1559 cis
1021 1503 1201 1573 inopia
1249 1504 1617 1573 premebatur.
1655 1505 1883 1559 Videsne
1922 1506 2062 1559 unde
2096 1522 2193 1575 po-

622 1597 845 1651 tentiam
896 1598 1235 1667 gratiamque
1286 1598 1604 1666 prmdicatio
1651 1599 1944 1654 habuerit?
2005 1599 2081 1652 Ex
2130 1616 2194 1653 eo

623 1690 769 1759 quod
824 1706 1015 1747 onmes
1069 1693 1353 1746 credentes
1416 1693 1467 1745 in
1530 1693 1861 1747 abundantia
1918 1693 2191 1747 vivebant.

624 1783 910 1849 Quomodo
962 1787 1063 1839 hoc
1117 1784 1328 1853 (fuerit)
1391 1785 1620 1839 historia
1674 1786 1842 1840 addit.
1916 1786 2198 1854 Quotquot
2230 1772 2272 1830 Β

629 1886 893 1930 terrarum
922 1886 977 1929 et
1001 1876 1288 1931 domorum
1325 1892 1665 1946 possessores
1684 1889 1861 1944 erant,
1892 1880 2201 1934 vendebant

628 1980 683 2022 et
716 1968 944 2022 vendita:
973 1970 1047 2022 rei
1079 1969 1314 2039 pretium
1347 1970 1570 2023 allatum
1622 1980 1748 2025 ante
1781 1976 1943 2040 pedes
1978 1981 2198 2040 aposto-

629 2058 803 2123 lorum
851 2060 1217 2128 deponebant.
1267 2061 1423 2128 Quod
1474 2063 1790 2131 unicuique,
1848 2074 2010 2132 prout
2065 2078 2202 2131 opus

629 2160 777 2215 erat,
846 2149 1305 2217 distribuebatur,
1381 2170 1557 2224 neque
1613 2154 1872 2209 omnibus
1960 2163 2202 2207 tantum-

631 2245 754 2299 dem
806 2243 1182 2306 aﬂerentibus,
1232 2262 1408 2315 neque
1446 2247 1696 2315 portione
1744 2262 1900 2315 a'qua
1945 2247 2203 2300 omnibus

632 2337 783 2401 data,
815 2336 906 2391 sed
941 2344 1205 2405 quantum
1251 2337 1484 2407 quisque
1538 2337 1792 2398 habebat,
1846 2347 2115 2406 quantum
2152 2346 2206 2389 et

635 2430 834 2497 cuique
863 2444 1022 2496 Opus.

712 2520 784 2571 De
830 2518 1077 2572 oratione
1132 2527 1185 2571 et
1241 2517 1541 2586 psalmodia
1593 2518 1703 2585 jam
1760 2517 2048 2572 dicendum
2102 2530 2205 2573 est.

639 2600 714 2656 De
737 2604 1000 2659 oratione.
1064 2604 1350 2675 Martyres.
1407 2607 1685 2674 prophetae
1712 2615 1767 2660 et
1797 2608 2032 2675 apostoli
2077 2624 2207 2662 ora-

640 2697 790 2758 bant,
820 2697 911 2765 qui
945 2697 1100 2751 nohis
1129 2697 1432 2751 orationem
1467 2698 1835 2761 tradiderunt;
1884 2712 1986 2753 nos
2024 2707 2207 2752 autem

641 2788 694 2842 iu
732 2790 1152 2845 necessitatibus
1197 2792 1446 2845 oratione
1493 2792 1736 2857 utimur;
1774 2792 1867 2845 sed
1914 2791 2210 2862 perfectius

641 2883 754 2950 ipse
781 2883 1031 2937 Christus
1060 2883 1152 2951 qui
1206 2898 1312 2936 nou
1346 2883 1524 2937 solum
1556 2898 1740 2951 opere,
1778 2882 1831 2936 in
1875 2883 2089 2938 deserta
2117 2885 2211 2939 de-

2283 509 2533 574 ἀγαπᾶτε
2563 508 2853 579 ἀλλήλους·
2903 507 3085 570 καθὼς
3129 507 3392 576 ἠγάπησα
3424 508 3587 575 ὑμᾶς,
3632 507 3713 558 ἵνα
3749 511 3827 561 καὶ

2286 597 2439 664 ὑμεῖς
2474 598 2725 665 ἀγαπᾶτε
2752 596 3012 667 ἀλλήλους
3036 611 3050 623 ·
3103 597 3159 647 ὲν
3183 595 3360 664 τούτῳ
3390 593 3687 661 γνώσονται
3713 598 3826 648 πάνυ

2285 704 2396 750 τες,
2450 689 2530 740 ὅτι
2589 688 2712 757 ἐμοὶ
2772 686 3009 755 μαθηταί
3067 686 3215 748 ὲστε,
3265 684 3361 736 ὲάν
3420 683 3642 751 ἀγάπην
3692 684 3828 751 ἔχητε

2287 782 2344 830 ὲν
2374 779 2646 849 ἀλλήλοις.
2685 797 2704 829 ›
2756 777 2849 848 Μὴ
2905 777 2998 830 οὑν
3049 774 3389 841 καταψεύδου
3442 773 3698 843 Χριστοῦ,
3732 776 3831 825 ἐπεὶ

2288 870 2570 939 ἄνθρωπος
2619 869 2808 936 γέγονε
2840 868 2927 920 διὰ
2964 867 3023 919 σέ
3046 883 3061 896 ’
3108 866 3244 936 μηδὲ
3302 863 3550 933 μαθητὴς
3586 864 3729 929 γίνου
3755 863 3831 914 τοῦ

2288 962 2556 1025 διαϐόλου,
2586 962 2710 1015 ἀντὶ
2760 961 2853 1013 τοῦ
2893 957 3161 1030 Χριστοῦ’
3212 956 3347 1027 μηδὲ
3394 956 3485 1009 τὸν
3524 955 3833 1007 κοινοϐιακδν

2291 1056 2460 1109 τύπον
2497 1071 2557 1108 τε
2592 1055 2686 1107 καὶ
2738 1054 2941 1109 κανόνα
2970 1050 3278 1122 προϐάλλου
3318 1048 3607 1119 σύμμαχον
3634 1046 3726 1116 τῆς
3754 1048 3834 1116 σῆς

2293 1147 2651 1210 κακοϐουλίας
2680 1163 2741 1199 τε
2766 1147 2860 1198 καὶ
2888 1143 3293 1213 ἀσπλαγχνίαςο
3326 1142 3495 1211 ὅνπερ
3531 1141 3610 1201 εἰς
3640 1141 3834 1191 ἐπικου-

2295 1244 2417 1315 ρίαν
2452 1241 2695 1311 ἀλλήλων
2721 1239 2987 1308 ἐλάϐομεν
3008 1254 3023 1269 ο
3062 1236 3157 1290 καὶ
3181 1234 3337 1296 σύνες
3365 1233 3425 1285 τὸ
3448 1230 3729 1285 ἀκόλουθον
3755 1231 3835 1299 τῆς

2298 1333 2535 1405 ἱστορίας
2558 1349 2572 1365 ’
2595 1332 2690 1385 καὶ
2718 1331 2947 1400 δυνάμει
2987 1326 3200 1399 μεγάλῃ
3229 1324 3515 1378 ἀπεδίδουν
3556 1324 3605 1375 οί
3635 1322 3837 1375 ἀπόστο-

2296 1432 2376 1482 λοι
2401 1430 2463 1482 τὸ
2491 1426 2791 1498 μαρτύριον
2810 1425 2908 1493 τῆς
2935 1421 3283 1484 ἀναστάσεως
3307 1418 3402 1472 τοῦ
3428 1418 3637 1490 Κυρίου
3669 1415 3835 1486 Ἰησοῦν

2298 1522 2459 1592 χάρις
2504 1536 2561 1572 τε
2599 1516 2811 1589 μεγάλη
2856 1511 2924 1586 ἦν
2957 1514 3052 1566 ἐπὶ
3083 1512 3293 1574 πάντας
3322 1509 3554 1573 αὑτούς·
3592 1508 3707 1561 οὑδὲ
3752 1508 3839 1576 γὰρ

2302 1613 2485 1681 ἐνδεής
2515 1629 2597 1674 τις
2632 1605 2699 1680 ἦν
2726 1610 2783 1660 ὲν
2813 1608 3021 1669 αὑτοῖς.
3061 1605 3227 1675 Ὁρᾷς
3268 1602 3390 1655 ὅθεν
3417 1601 3544 1671 ἔσχε
3589 1600 3683 1668 τὴν
3710 1598 3843 1651 δύνει·

2305 1703 2396 1774 μίν
2420 1719 2479 1755 τε
2511 1702 2605 1754 καὶ
2632 1699 2793 1770 χάριν
2824 1698 2887 1752 τὸ
2915 1696 3210 1768 κὺρυγμα;
3249 1694 3345 1747 Ἐκ
3368 1692 3462 1746 τοῦ
3494 1693 3621 1754 τοὺς
3647 1691 3842 1744 πιστεύ-

2300 1812 2458 1858 οντας
2503 1795 2751 1855 ἃπαντας
2782 1786 2918 1843 εἶναι
2960 1788 3254 1849 ἀνενδεεῖς.
3286 1785 3412 1848 Πῶς
3457 1785 3513 1837 δὲ
3549 1784 3723 1847 τοῦτο,
3766 1786 3845 1836 ἐπι

2302 1885 2427 1952 άγει
2450 1900 2463 1914 ο
2498 1884 2613 1937 ὅσοι
2638 1882 2747 1951 γὰρ
2778 1881 3041 1951 κτήτορες
3074 1877 3293 1949 χωρίων
3323 1876 3356 1946 ἢ
3383 1874 3573 1928 οἰκιῶν
3605 1874 3845 1943 ὑπῆρχον,

2302 1978 2612 2040 πωλοῦντες
2655 1976 2850 2045 ἔφερον
2894 1974 2993 2036 τὰς
3023 1971 3192 2041 τιμάς
3240 1970 3349 2023 τῶν
3376 1969 3845 2039 πιπρασκομένων,

2302 2069 2398 2122 καὶ
2420 2067 2632 2121 ἐτίθουν
2666 2064 2817 2136 παρά
2849 2065 2975 2126 τοὺς
3010 2062 3177 2125 πόδας
3204 2060 3314 2113 τῶν
3343 2058 3689 2113 ἀποστόλων
3713 2055 3846 2108 διεδίο

2303 2160 2424 2213 δοτο
2460 2158 2519 2211 δὲ
2567 2156 2784 2226 ἑκάστῳ
2825 2152 2951 2207 καθ’
2975 2153 3055 2205 ὅτι
3102 2150 3168 2205 άν
3212 2167 3295 2213 τις
3325 2148 3516 2219 χρείαν
3549 2143 3709 2217 εἶχεν.
3755 2146 3848 2197 Οὔκ

2305 2251 2364 2316 ἐξ
2394 2252 2507 2304 ίσου
2544 2249 2745 2311 πάντες
2790 2248 2872 2309 είς
2907 2244 2967 2297 τὸ
3017 2243 3184 2313 μέσον
3242 2240 3499 2294 ἔϐαλλον·
3544 2237 3665 2292 οὑδὲ
3709 2238 3849 2289 πᾶσιν

2305 2342 2505 2412 ὁμοίως
2552 2340 2752 2394 ἐδίδοτο
2778 2354 2789 2366 ·
2829 2336 2945 2391 ἀλλ’
2972 2336 3108 2404 ὅπερ
3138 2335 3369 2395 ἕκαστος
3396 2327 3535 2400 εἶχε,
3571 2329 3666 2384 καὶ
3697 2328 3850 2381 κσθ“δ

2308 2435 2497 2507 χρείαν
2523 2431 2693 2503 εἶχεν.

2390 2527 2680 2596 Ἐχόμενον
2711 2522 2804 2576 οὖν
2831 2525 2979 2575 ἐστιν
3018 2521 3196 2573 είπεῖν
3222 2520 3351 2587 περὶ
3382 2516 3550 2586 εὐχῆς
3578 2515 3669 2568 καί⁵
3698 2514 3851 2583 ψαλμ-

2308 2616 2472 2688 ῳδίας
2492 2632 2504 2644 ⁸
2540 2615 2635 2667 καὶ
2660 2614 2788 2683 περὶ
2821 2612 2920 2681 μὲν
2942 2611 3129 2679 εὐχῆς,
3155 2609 3453 2679 μάρτυρες,
3484 2605 3753 2676 προφῆται
3777 2605 3853 2656 καὶ

2309 2707 2597 2763 ἀπόστολοι
2622 2706 2903 2776 εὐχόμενοι
2928 2721 2940 2733 ·
2971 2705 3021 2755 οί
3055 2703 3150 2754 καὶ
3179 2700 3381 2769 ταύτην
3415 2701 3494 2763 είς
3523 2700 3669 2769 ἡμᾶς
3700 2715 3853 2768 παρα-

2309 2800 2491 2860 δόντες
2511 2813 2524 2827 ⁶
2552 2797 2644 2849 καὶ
2667 2796 2829 2864 ἡμεῖς
2852 2793 3009 2847 αὐτοὶ
3050 2793 3106 2844 ὲν
3135 2789 3494 2859 περιστάσεσι
3528 2789 3697 2859 ταύτῃ
3732 2788 3855 2858 χρώ-

2316 2910 2463 2963 μενοι
2485 2908 2499 2923 ο
2535 2890 2734 2960 μᾶλλον
2764 2888 2821 2941 δὲ
2853 2887 3017 2948 αὑτὸς
3053 2886 3080 2936 ό
3108 2883 3341 2953 Χριστὸς
3364 2923 3379 2946 ,
3418 2883 3479 2936 οὑ
3514 2884 3673 2952 μόνον
3705 2883 3766 2935 δι’
3787 2882 3859 2950 ἔρ-

638 2974 842 3029 cedens
898 2982 950 3029 et
989 2990 1237 3029 seorsum
1285 2990 1472 3040 orans,
1518 2991 1617 3029 nos
1666 2976 1843 3041 docet,
1896 2977 1990 3032 sed
2043 2978 2207 3033 etiam

2312 2998 2423 3049 γων
2451 2980 2717 3033 διδάσκων
2747 2978 2914 3047 ήμᾶς,
2955 2973 3255 3044 ἀναχωρῶν
3282 2974 3340 3025 ὲν
3368 2974 3488 3034 ταῖς
3514 2973 3753 3043 ἐρήμοις.
3780 2972 3858 3023 καὶ

642 3066 824 3119 verbis
853 3068 1129 3134 quomodo
1164 3068 1468 3122 orationem
1519 3069 1866 3137 perﬁciamus
1890 3109 1904 3132 ,
1942 3083 1996 3125 et
2042 3071 2094 3124 in
2147 3087 2207 3125 ea

2314 3072 2560 3126 κατιδίαν
2586 3070 2898 3140 εὐχόμενος,
2916 3068 3054 3122 ἀλλά
3079 3068 3175 3119 καὶ
3200 3066 3288 3119 διὰ
3320 3065 3515 3133 λόγων,
3550 3064 3627 3126 ὡς
3654 3064 3730 3116 δεῖ
3755 3062 3861 3115 tad-

643 3177 749 3214 non
786 3160 1102 3216 deﬁciamus
1127 3201 1142 3228 ,
1171 3163 1533 3233 proponitque
1564 3164 1616 3216 iu
1652 3166 1969 3234 exemplum
1999 3166 2207 3221 amicos

2318 3182 2418 3236 την
2448 3164 2647 3228 τελεῖν,
2676 3162 2769 3214 καὶ
2796 3160 2870 3231 μὴ
2899 3161 3157 3214 ὲκκακεῖν
3178 3172 3192 3188 ⁸
3221 3158 3489 3228 παράγων
3521 3157 3602 3217 είς
3629 3155 3859 3220 ὑπόδειγ-

643 3254 893 3323 ﬁliosque
949 3267 1199 3323 petentes
1254 3265 1308 3309 et
1356 3255 1709 3324 accipientes,
1765 3266 1932 3327 atque
1990 3259 2210 3312 viduam

644 3347 896 3415 precibus
927 3346 1242 3410 instantem,
1275 3346 1451 3401 donec
1466 3348 1558 3415 jus
1602 3348 1862 3401 violatura
1903 3350 2209 3403 restitutum

647 3435 833 3488 fuerit.
902 3435 969 3489 Et
1031 3434 1200 3488 multa
1261 3436 1408 3490 talia.
1467 3436 1544 3490 De
1617 3438 1932 3505 psalmodia:
1987 3438 2215 3510 hymno-

652 3541 882 3594 rumque
915 3526 1281 3595 spiritualium
1308 3565 1323 3590 ,
1352 3537 1406 3581 et
1433 3543 1555 3597 quae
1583 3528 1635 3581 in
1670 3530 1871 3582 mundo
1905 3530 2041 3584 ﬁunt
2080 3547 2213 3584 can-

648 3617 934 3672 tilenarum
974 3617 1206 3672 utilitate
1233 3618 1416 3673 videre
1445 3627 1548 3674 est.
1584 3618 1640 3674 Si
1671 3621 1990 3676 cantoribus
2029 3623 2215 3676 mundi

649 3726 907 3779 proceres
938 3712 1177 3782 praebent
1207 3712 1429 3781 praemia
1456 3752 1470 3776 ,
1500 3713 1671 3766 multo
1707 3712 1849 3767 Deus
1893 3714 2169 3767 liberalior
2202 3732 2216 3769 :

651 3810 815 3855 testes
846 3802 1037 3872 (sunt),
1058 3816 1124 3855 ex
1152 3816 1304 3855 sacra
1335 3799 1641 3871 Scriptura,
1673 3803 1777 3858 ﬁde
1804 3803 1953 3873 digni
1981 3802 2217 3874 Moyses,

654 3893 846 3954 David,
873 3891 1154 3957 Salomon,
1186 3900 1240 3947 et
1269 3901 1534 3962 quotquot
1562 3893 1653 3946 alii
1689 3894 1920 3964 hymnos
1959 3894 2012 3948 in
2047 3897 2220 3950 houo-

654 4003 767 4041 rem
804 3986 893 4040 Dei
923 3992 1234 4041 cantarunt.
1274 3986 1319 4037 A
1372 3986 1572 4055 quibus
1614 3988 1890 4056 quomodo
1938 3988 2218 4059 sigillatim

658 4090 752 4133 aut
783 4080 833 4131 iu
863 4079 1038 4133 choro
1072 4078 1314 4141 canitur,
1349 4077 1695 4141 discendum,
1731 4088 1788 4134 et
1824 4095 1932 4134 non
1968 4081 2129 4135 modo
2155 4081 2223 4134 de

656 4170 981 4237 psalmodia,
1020 4169 1115 4224 sed
1164 4177 1218 4225 et
1261 4168 1328 4223 de
1376 4169 1588 4224 caeteris
1634 4170 1819 4239 templi
1880 4172 2221 4226 ministeriis.

659 4264 869 4316 Etenim
899 4262 1113 4317 Levitas
1134 4262 1271 4317 alios
1295 4261 1349 4316 in
1377 4261 1526 4316 aliud
1556 4261 1789 4316 oﬂicium
1814 4261 2219 4332 diSposuerunt,

658 4363 713 4407 rt
748 4356 799 4407 in
836 4354 1137 4426 psalmodia
1189 4354 1436 4409 diversos
1470 4355 1670 4409 choros
1719 4354 2096 4417 instituerunt,
2139 4356 2223 4408 al-

2324 3276 2399 3329 μα
2460 3255 2660 3325 φίλους
2714 3254 2808 3307 καὶ
2841 3254 2995 3315 υἱοὺς
3030 3249 3322 3311 αἰτοῦντας
3359 3250 3454 3302 καὶ
3484 3246 3859 3317 λαμϐάνοντας·

2321 3349 2413 3404 καί
2442 3366 2545 3401 που
2575 3346 2669 3399 καὶ
2699 3347 2877 3415 χήραν
2901 3341 3265 3412 ἀδικουμένην
3287 3341 3381 3394 καὶ
3414 3340 3490 3411 μὴ
3514 3336 3864 3407 ἀφισταμένην

2321 3443 2419 3513 τῆς
2458 3441 2747 3509 αἰτήσεως,
2784 3435 2912 3488 ὥστ’
2951 3433 3329 3503 ἐκδικηθῆναι,
3373 3432 3469 3485 καὶ
3515 3429 3686 3483 πολλὰ
3711 3425 3865 3480 τοιαῦ-

2320 3551 2409 3588 τα.
2435 3534 2571 3602 Περὶ
2593 3530 2650 3583 δὲ
2678 3526 2999 3598 ψαλμῳδίας
3027 3526 3121 3579 καλ⁸
3148 3523 3335 3594 ὓμνων
3362 3519 3763 3592 πνευματικῶν,
3789 3516 3867 3569 καὶ

2324 3629 2387 3679 ὲκ
2413 3627 2509 3696 τῆς
2543 3622 2817 3693 κοσμικῆς
2846 3620 2988 3691 ᾠδῆς
3020 3618 3251 3672 συνιδεῖν
3281 3617 3429 3670 ἐστιν
3456 3616 3637 3669 αὑτῶν
3666 3613 3724 3666 τὸ
3746 3611 3867 3680 ὠφέ-

2324 3718 2502 3787 λιμον.
2530 3716 2591 3768 El
2621 3717 2729 3784 γάρ
2751 3716 2864 3775 τοῖς
2884 3711 3103 3782 ᾄδουσιν
3128 3710 3313 3774 αὑτοῖς
3346 3709 3394 3761 οί
3419 3710 3474 3761 ὲν
3499 3708 3685 3776 κόσμῳ
3707 3706 3869 3775 ἄρχον·

2322 3826 2415 3873 τες
2460 3806 2759 3876 παρέχουσι
2788 3803 3035 3873 μισθοὺς,
3065 3802 3247 3872 πολλῷ
3280 3801 3482 3870 μᾶλλον
3525 3802 3553 3853 ὁ
3582 3798 3712 3861 Θεὸς
3742 3794 3868 3865 φιλό-

2326 3902 2497 3971 δωρος
2525 3898 2599 3951 ὢν
2623 3915 2636 3928 ·
2676 3896 2815 3967 πλὴν
2869 3896 3145 3966 μάρτυρες
3202 3895 3311 3948 κάκ
3355 3895 3455 3962 τῆς
3492 3893 3713 3960 Γραφῆς
3751 3888 3871 3952 ἀξιό-

2327 4009 2493 4063 χρεῳ,
2518 3992 2780 4059 Μωῦσῆς,
2808 3988 2903 4041 καὶ
2957 3986 3141 4049 Δαυτδ,
3165 3987 3258 4040 καὶ
3303 3985 3552 4053 Σολομῶν
3574 4022 3591 4047 ,
3619 3984 3711 4035 καὶ
3748 3980 3871 4033 ἄλλοι

2327 4086 2441 4137 ὅσοι
2484 4080 2623 4153 ᾖσαν
2665 4081 2807 4151 ᾠδὰς
2849 4078 2929 4149 τῷ
2967 4079 3176 4150 Κυρίῳ.
3210 4077 3332 4139 Πῶς
3371 4076 3453 4128 δεῖ
3489 4074 3635 4136 ἰδίως
3662 4070 3873 4132 καὶπῶς

2334 4174 2474 4245 μετὰ
2505 4173 2765 4244 πλήθους,
2790 4173 2849 4237 ἐξ
2877 4172 3056 4225 αὑτῶν
3086 4172 3200 4223 ἐστι
3234 4169 3428 4239 μαθεῖν
3450 4184 3462 4196 ⁶
3514 4169 3611 4220 καὶ
3647 4167 3706 4219 οὑ
3742 4165 3874 4233 μόνον

2331 4268 2462 4336 περὶ
2510 4266 2854 4337 ψαλμῳδίας,
2905 4264 3041 4318 ἀλλὰ
3121 4264 3215 4317 καὶ
3257 4264 3356 4332 τῆς
3397 4261 3590 4330 λοιπῆς
3636 4258 3727 4311 τοῦ
3766 4254 3875 4308 ναοῦ

2332 4360 2636 4431 ὑπηρεσίας
2660 4374 2673 4386 ο
2704 4358 2831 4421 τοὺς
2874 4358 2979 4426 γὰρ
3008 4356 3242 4418 Λευίτας
3274 4354 3618 4419 διετάξαντο·
3652 4353 3768 4412 τοὺς
3796 4347 3877 4416 μὲν

662 4447 913 4501 ternatim
945 4456 1225 4511 canentes,
1255 4456 1312 4501 ut
1334 4447 1452 4501 vice
1476 4449 1711 4517 quadam
1748 4447 1903 4501 labor
1931 4448 2201 4501 levaretur

2331 4452 2410 4513 είς
2429 4449 2587 4519 τήνδε
2618 4448 2715 4515 τὴν
2755 4446 3080 4517 ὑπουργίαν,
3110 4446 3235 4507 τοὺς
3262 4444 3319 4497 δὲ
3354 4446 3432 4506 είς
3456 4442 3615 4512 τήνδε
3633 4457 3648 4471 ·
3672 4443 3727 4492 ἐν
3752 4438 3800 4489 δὲ
3824 4438 3877 4505 τῇ

660 4548 717 4592 ct
742 4554 847 4590 non
881 4546 1138 4592 cessaret.
1171 4536 1437 4591 Praeterea
1480 4538 1656 4607 angeli
1693 4537 1832 4606 apud
1883 4538 2077 4591 Isaiam
2111 4538 2228 4606 pul-

664 4631 854 4685 chrum
886 4629 1136 4683 licclesiw
1163 4631 1411 4683 ordinem
1446 4629 1756 4699 siguilicant
1780 4666 1794 4691 ,
1831 4644 1937 4681 non
1975 4629 2026 4681 hi
2072 4630 2227 4699 hym-

668 4724 898 4787 uientes,
948 4723 1023 4776 illi
1051 4732 1233 4776 autem
1277 4723 1523 4787 silentes,
1569 4723 1661 4777 sed
1708 4723 1845 4777 alter
1873 4723 1938 4776 ad
1970 4723 2225 4786 alterum,

665 4816 822 4884 quasi
867 4815 1006 4868 alter
1050 4814 1278 4869 alterius
1323 4813 1598 4883 adjutorio
1639 4813 1691 4867 in
1744 4824 1903 4868 cantu
1952 4814 2227 4883 indigeat;

668 4908 778 4959 imo
828 4905 985 4961 nobis
1038 4914 1211 4960 metra
1272 4903 1592 4975 psalmodia:
1647 4913 2031 4972 suggerentes,
2084 4904 2228 4957 circa

2329 4539 2620 4610 ψαλμῳδίᾳ
2642 4537 2931 4607 διαφόρους
2962 4534 3320 4606 χοροστασίας
3344 4532 3622 4596 ἀνέδειξαν
3646 4547 3659 4563 ’
3696 4532 3756 4581 ἐκ
3784 4527 3880 4579 δια-

2331 4630 2493 4701 δοχῆς
2530 4627 2861 4699 ψαλλούσας,
2898 4626 2983 4678 διὰ
3014 4624 3076 4677 τὸ
3108 4624 3383 4693 κουφίζειν
3417 4622 3662 4689 ἀλλήλων
3693 4619 3776 4671 τὸν
3798 4616 3880 4668 πό-

2329 4738 2418 4775 νον
2437 4735 2449 4749 ’
2486 4720 2580 4773 καὶ
2609 4719 2815 4782 πάντας
2854 4716 3237 4787 εὐφραίνεσθαι
3267 4716 3364 4784 τὴν
3396 4715 3452 4766 ὲν
3479 4713 3669 4781 Κυρίῳ
3709 4710 3880 4775 εὖφρο-

2335 4810 2534 4880 σὺνην’
2598 4810 2692 4862 καὶ
2757 4807 2831 4878 μὴ
2894 4806 3143 4877 ἀκῆδιᾷν.
3189 4805 3262 4857 Οὑ
3302 4804 3463 4875 μόνον
3506 4802 3586 4866 δὲ,
3636 4800 3764 4854 ἀλλά
3806 4794 3884 4848 καὶ

2340 4902 2561 4971 ἄγγελοι
2606 4900 2755 4970 παρὰ
2783 4899 2860 4969 τῷ
2894 4898 3093 4967 Ἡσαΐᾳ
3121 4896 3221 4965 τὴν
3250 4893 3507 4957 εὐταξίαν
3547 4894 3682 4961 ἡμῖν
3711 4890 3885 4953 ὑποσηο

669 4994 838 5049 Demn
888 5012 1013 5050 cum
1056 5004 1204 5050 metu
1242 5006 1297 5050 et
1346 5004 1582 5049 tremore
1616 5002 1857 5058 stantes,
1900 5010 2005 5047 non
2042 4994 2147 5048 huc
2180 5010 2207 5047 e

2344 4992 2593 5064 μαίνουσι
2636 4991 2735 5059 τῆς
2772 4986 3131 5056 Ἐκκλησίαςο
3176 4986 3238 5039 οὑ
3277 4985 3476 5045 πάντες
3515 4980 3652 5049 ὁμοῦ
3677 4996 3691 5011 ο
3727 4975 3825 5030 οὐδ’
3847 4975 3886 5026 oi

670 5089 801 5144 illuc
854 5090 1180 5157 aspicientes
1225 5100 1321 5142 aut
1370 5087 1720 5157 gradientes,
1771 5095 1825 5139 ut
1873 5101 1974 5140 nos
2007 5085 2143 5154 (qui)
2179 5085 2232 5137 in

672 5180 872 5247 templo
908 5179 1002 5233 Dei
1028 5182 1388 5248 exagitantur.

2344 5084 2444 5156 μὲν
2477 5082 2769 5153 κράζοντες
2802 5080 2893 5131 τὸν
2920 5079 3107 5148 ὕμνον,
3140 5078 3190 5130 οἱ
3224 5076 3268 5129 δ’
3295 5074 3355 5129 οὔ
3376 5092 3389 5105 ·
3420 5074 3532 5127 ἀλλ’
3562 5073 3747 5143 ἔτερος
3774 5067 3886 5137 πρὸς

2340 5176 2432 5229 τὸν
2460 5175 2646 5243 ἕτερον
2673 5174 2749 5240 ('2)
2770 5188 2783 5203 °
2818 5172 3018 5223 ὡσανεὶ
3040 5169 3227 5239 ἔτερος
3254 5167 3347 5220 τοῦ
3376 5165 3562 5235 ἑτέρου
3581 5163 3822 5230 δεόμενος
3843 5157 3887 5207 ὲν

671 5278 750 5347 τῷ
780 5274 960 5348 ὓμνφ⁹
994 5276 1087 5331 καὶ
1119 5276 1291 5347 μέτρα
1327 5278 1455 5347 ἡμῖν
1485 5275 1893 5341 ὑποδεικνύντες
1927 5275 2026 5348 τῆς
2084 5274 2438 5347 ψαλμῳδίας·
2490 5270 2675 5341 κύκλῳ
2704 5267 2937 5331 ἑστῶτες
2983 5264 3113 5335 περὶ
3191 5264 3283 5317 τὸν
3350 5262 3490 5316 θεῖον
3554 5259 3738 5327 θρόνον
3774 5251 3889 5325 μετά

744 5487 765 5519 ’
795 5483 952 5541 Joau.
982 5499 1100 5548 xui,
1135 5484 1222 5538 55.

750 5669 826 5732 (9.)
860 5671 916 5721 ιιι
943 5669 1187 5737 margine
1218 5669 1481 5724 scholiqu
1525 5668 1625 5722 hoc
1665 5666 1877 5721 additur
1909 5685 1921 5719 :
1954 5664 2039 5718 διὰ
2070 5665 2127 5737 τὺ
2162 5666 2237 5716 εἰς

1209 5739 1228 5753 ΙΙ

682 5742 803 5792 πεῖν
831 5738 1024 5802 ἑνικῶς
1056 5735 1173 5807 μὲν,
1209 5739 1391 5809 ἕτερος
1427 5740 1558 5807 πρὸς
1599 5738 1687 5791 τὸν
1710 5738 1911 5807 ἕτερον’
1951 5735 2240 5803 πληθυντι-

2350 5664 2459 5786 garb;
2489 5662 2566 5728 δὲ,
2603 5662 2695 5717 καὶ
2727 5660 2930 5731 ἔλεγον,
2964 5658 3113 5731 δηλοῖ
3153 5658 3236 5711 ὅτι
3282 5656 3519 5718 ἅπαντες
3569 5654 3627 5706 ἐκ
3669 5641 3892 5715 διαδοχῆς

2351 5751 2382 5786 r.
2416 5750 2493 5786 ον.

2351 5750 2493 5806 ῃοον.
