3934 6490
40 302 194 367 1341
1120 320 1218 378 DE
1259 321 1494 381 DIVIV.
1531 322 1668 382 SCB

1773 324 1815 383 Γ.
1879 327 2313 392 UTlLlTATE.
3208 337 3341 401 1342

41 420 214 567 830:;
252 424 345 477 καὶ
374 423 617 494 θάμϐους
646 428 753 499 (ὗ),
792 429 867 500 μὴ
895 430 1047 485 ἔνθεν
1077 434 1329 487 κάκεῖθεν
1355 436 1590 507 ὁρῶντες
1620 438 1651 507 ἧ
1694 441 2111 508 μεταϐαίνοντες
2145 446 2242 515 (4),
2273 445 2346 509 ὡς
2414 449 2576 515 ἡμεῖς
2641 448 2982 519 ἀτακτοῦμεν
3016 452 3074 503 ὲν
3109 451 3185 522 τῷ
3216 453 3345 522 θείῳ

42 530 163 567 τευ.
199 532 307 567 νει.

42 530 307 583 τεμενει.

146 611 293 663 Ἀλλ’
328 611 499 666 (ὐτωῖ
534 616 879 682 ἀποδιδόντες
911 622 1071 691 ἡμῶν
1105 624 1205 687 τάς
1235 624 1400 694 εὐχὰς
1425 626 1503 695 τῷ
1540 627 1653 678 Κυ-

1834 629 1970 684 Dum
2001 648 2127 687 vero
2162 635 2243 689 sic
2283 635 2511 689 Domino
2552 646 2675 691 vota
2705 638 3005 700 reddimus,
3039 656 3148 694 non
3181 639 3344 694 debe-

54 703 187 772 ρίῳ,
248 704 384 774 μηδὲ
429 707 525 760 τοῦ
563 709 876 781 ὲργοχείρου
901 713 982 765 δεῖ
999 716 1220 784 ἀμελεῖν
1243 733 1257 747 ’
1298 717 1367 770 δι’
1395 710 1455 770 οὗ
1495 719 1663 771 εὐπο-

1771 734 1895 773 mus
1928 722 2166 778 laborem
2211 741 2473 780 manuum
2525 728 2837 797 negligere,
2882 745 2992 799 quo
3023 746 3204 784 escam
3246 748 3342 784 ne-

57 798 347 865 ρήσαιμεν
380 800 479 866 τὴν
503 800 808 867 ἀναγκαίαν
830 808 1036 876 τροφήν
1068 825 1126 859 τε
1157 809 1249 860 καὶ
1270 809 1499 877 σκέπην,
1528 809 1663 879 πρὸς

1767 812 2061 866 cessa‘riam
2094 824 2147 868 et
2176 816 2559 870 vestimentum
2602 832 3005 888 comparemus,
3038 821 3342 874 neminem-

54 885 123 935 τὸ
154 886 233 955 μὴ
265 888 605 958 ἐπιϐαρῆσαί
626 908 749 944 τινα
779 897 1051 964 προφάσει
1075 897 1174 966 τῆς
1200 898 1416 969 εὐχῆςῆ
1445 899 1542 967 τῆς
1565 901 1663 970 ἀρ-

56 978 214 1041 γίας.
251 980 344 1051 Μὴ
371 980 430 1033 δὲ
456 982 548 1035 τὸν
571 983 797 1053 ἀδελφὸν
829 989 1076 1059 παριδεῖν
1097 990 1404 1060 κάμνοντα,
1437 990 1534 1043 καὶ
1564 991 1663 1060 τῆς

62 1070 127 1135 ἐξ
160 1072 322 1141 ἡμῶν
350 1073 605 1144 δεόμενον
651 1076 934 1147 βοηθείας·
974 1085 1231 1152 κρεῖσσον
1279 1083 1388 1153 7&9
1427 1083 1658 1137 καταλι-

62 1166 193 1215 πεῖν
234 1167 441 1238 μικρὰν
472 1169 694 1241 ἀρετὴν,
742 1172 773 1243 ἢ
808 1172 1111 1226 καταλῦσαι
1162 1177 1404 1246 μεγάλην
1442 1177 1663 1246 ἐντολὴν

65 1256 434 1326 Δεσποτικήν.
483 1258 571 1309 Ἑν
614 1259 724 1329 7&9
775 1260 853 1329 τῷ
909 1261 1247 1331 πληροῦσθαι
1284 1264 1382 1333 τὴν
1419 1264 1661 1333 ἐντολὴν,

66 1346 165 1397 καὶ
197 1347 229 1416 ἡ
258 1347 359 1415 τῆς
385 1349 760 1420 προαιρέσεως
788 1352 1179 1424 εὐγνωμοσύνη
1210 1354 1661 1427 συμπληροῦσθαι

68 1438 323 1506 πέφυκεν
346 1454 359 1467 ⁸
383 1441 443 1493 οὐ
474 1442 533 1494 τὸ
558 1442 827 1496 ἀνάπαλιν
844 1461 857 1474 ·
883 1445 963 1497 διὸ
992 1446 1086 1498 καὶ
1114 1446 1468 1501 ἀποκλείεται
1505 1448 1538 1517 ἡ
1568 1446 1661 1500 τοῦ

68 1530 370 1599 νυμφῶνος
393 1532 599 1596 εἴσοδος
620 1537 735 1598 τοῖς
757 1536 1085 1606 ἀδιακρίτως
1119 1540 1538 1609 μετερχομένοις
1564 1537 1662 1601 τάς

70 1622 298 1691 ἀρετάς.
324 1622 640 1695 Γέγραπται
669 1628 779 1696 γάρ
809 1628 867 1680 ἒν
889 1630 954 1698 τῇ
987 1627 1095 1681 τῶν
1124 1628 1419 1681 Βασιλειῶν
1444 1627 1660 1698 πρώτῃ·

76 1731 93 1762 ι
121 1714 201 1765 υύ
256 1713 404 1767 θέλει
451 1714 653 1785 Κύριος
699 1718 1095 1781 ὁλοκαυτώσεις
1127 1720 1221 1773 καὶ
1245 1718 1458 1782 θυσίας,
1488 1720 1566 1783 ὡς
1601 1720 1662 1773 τὸ

71 1805 313 1860 ἀκοῦσαι
352 1807 450 1877 τῆς
476 1810 656 1879 φωνῆς
687 1811 853 1864 αὐτοῦ
879 1829 894 1843 °
939 1830 958 1861 ι
996 1811 1103 1864 ίδού
1135 1814 1245 1882 γὰρ
1302 1812 1438 1882 ἀκοὴ
1482 1813 1660 1884 ἀγαθὴ

74 1897 220 1967 ὑπὲρ
248 1897 441 1951 θυσίαν
461 1914 475 1928 ο
501 1900 594 1953 καὶ
629 1901 893 1970 ἀκρόασις
916 1902 1057 1973 ὑπὲρ
1085 1902 1251 1973 στέαρ
1282 1903 1481 1974 ἀρνῶν.
1502 1904 1663 1956 Καθά

1766 914 1873 968 que
1901 901 2009 955 sub
2038 914 2297 971 praetextu
2324 908 2591 960 orationis
2621 914 2715 961 aut
2746 908 2995 976 srgniliei
3024 925 3338 977 gravemus.

1766 988 2119 1061 Nequaquam
2170 992 2391 1049 fratrem
2425 996 2871 1065 derelinquamus
2914 1008 3101 1053 nostro
3132 1002 3341 1053 auxilio

1765 1082 2099 1158 indigentem
2129 1104 2144 1140 :
2176 1088 2370 1143 melius
2400 1092 2541 1142 enim
2573 1090 2833 1144 minorem
2887 1092 3145 1145 virtutem
3176 1094 3341 1146 omit-

1767 1192 1909 1244 tere,
1944 1195 2107 1250 quam
2147 1195 2315 1234 unum
2348 1196 2412 1232 ex
2443 1183 2653 1248 magnis
2690 1180 2903 1235 Domini
2936 1183 3206 1236 mandatis
3233 1184 3343 1236 vio-

1766 1276 1901 1340 lare,
1965 1274 2019 1327 in
2069 1288 2180 1342 quo
2208 1273 2559 1341 adimplendo
2592 1273 2850 1326 meritum
2899 1275 3108 1343 perlicit
3134 1275 3340 1331 delibe-

1766 1378 1880 1420 rata
1914 1366 2185 1430 voluntas,
2221 1365 2349 1420 dum
2401 1375 2591 1421 contra
2628 1367 2897 1421 clauditur
2926 1367 3049 1421 lecti
3082 1368 3340 1437 nuptialis

1766 1458 2026 1514 introitus
2079 1459 2186 1514 illis
2237 1460 2328 1529 qui
2382 1462 2501 1514 sine
2536 1461 2869 1516 discretione
2914 1462 3141 1517 virtutes
3182 1477 3339 1515 exer-

1764 1559 1909 1603 cent.
1931 1549 2208 1619 Scriptum
2240 1560 2323 1603 est
2353 1550 2405 1603 in
2440 1551 2613 1619 primo
2634 1551 2839 1620 Regum
2870 1552 3035 1607 libro:
3056 1551 3203 1606 «Non
3231 1564 3337 1606 tam

1763 1645 1913 1691 amat
1962 1637 2103 1692 Deus
2151 1638 2471 1694 holocausta
2528 1649 2581 1694 et
2633 1641 2937 1704 sacrilicia,
2988 1658 3149 1711 quant
3190 1643 3342 1696 vocis

1763 1730 1883 1798 ejus
1902 1730 2238 1784 auditionem
2261 1732 2302 1762 ¹⁰
2326 1747 2372 1783 ε»
2409 1747 2533 1785 ecce
2556 1732 2762 1787 auditio
2783 1733 2922 1787 bona
2947 1749 3111 1803 super
3129 1734 3341 1788 sacrili-

1763 1823 1991 1886 cium,et
2006 1822 2216 1875 attrium
2236 1824 2463 1876 attentio
2476 1839 2912 1894 superagnorum
2930 1826 3338 1893 pinguedinem.

1762 1912 1951 1983 Itaque
1982 1914 2283 1982 Apostolus
2335 1914 2387 1966 in
2444 1912 2687 1983 Epistola
2722 1915 2785 1968 ad
2816 1914 3072 1970 Hebraeos
3101 1916 3292 1970 scribit
3323 1936 3338 1971 :

71 1988 137 2058 δὴ
186 1988 283 2047 καὶ
315 1990 343 2042 6
388 1989 709 2056 Ἀπόστολος
761 1995 818 2046 ὲν
853 1997 921 2065 τῇ
970 1994 1108 2065 πρὸς
1160 1993 1447 2065 Ἐϐραίους
1496 1996 1660 2065 φησί’

1773 2025 1791 2058 ι
1828 2004 1907 2060 Ne
1941 2005 2347 2059 obliviscamini
2394 2005 2533 2059 bene
2568 2021 2749 2075 agere,
2796 2014 2849 2059 et
2899 2006 3165 2061 fratribus
3207 2022 3343 2062 con-

80 2096 97 2127 ι
127 2078 244 2147 Ἰἧς
277 2077 336 2131 δὲ
366 2077 616 2143 εὐποιίας
646 2083 743 2134 καὶ
768 2082 1055 2145 κοινωνίας
1093 2081 1168 2153 μὴ
1202 2083 1657 2139 ἐπιλανθάνεσθε·

75 2169 363 2233 τοιαύταις
392 2170 502 2241 γάρ
532 2170 743 2236 θυσίαις
772 2173 1149 2243 εὐαρεστεῖται
1177 2177 1205 2228 6
1226 2174 1378 2239 Θεός.
1411 2196 1429 2228 ι
1465 2178 1574 2229 Καὶ
1605 2179 1662 2230 ὲν

76 2264 143 2330 τῇ
178 2261 318 2330 πρὸς
359 2262 639 2330 Ἐφεσίους
663 2260 817 2328 αὖθις
840 2279 855 2293 '
893 2283 911 2316 ι
956 2265 1012 2318 '0
1044 2266 1290 2319 κλέπτων
1318 2268 1518 2336 μηκέτι
1543 2269 1665 2322 κλε-

77 2352 287 2416 πτέτω,
323 2353 525 2423 μᾶλλον
555 2354 611 2406 δὲ
642 2355 910 2419 κοπιάτω,
960 2356 1328 2427 ἐργαζόμενος
1363 2356 1424 2410 τὸ
1461 2356 1665 2426 ἀγαθὸν

76 2448 201 2508 ταῖς
230 2445 421 2516 χερσίν
438 2463 452 2478 ο
490 2446 576 2499 ἵνα
600 2446 698 2518 ἔχῃ
738 2447 1074 2517 μεταδιδόναι
1101 2448 1178 2517 τῷ
1202 2449 1391 2518 χρείαν
1416 2449 1612 2520 ἔχοντι.
1639 2469 1658 2501 ο

79 2536 312 2606 Κλοπὴν
346 2536 391 2589 δ’
430 2537 497 2591 ἀν
526 2538 704 2607 ἔγωγε
734 2540 1027 2611 καλέσαιμι
1067 2543 1162 2594 καὶ
1188 2541 1286 2612 τὴν
1313 2542 1665 2615 ὁπωσδήποτε

84 2629 229 2696 μετά
276 2629 430 2681 δόλου
468 2629 577 2683 τῶν
612 2631 910 2701 χρημάτων
950 2632 1245 2703 συλλογήνο
1280 2633 1359 2696 ὡς
1392 2635 1519 2687 ὅταν
1564 2652 1665 2688 πο-

83 2720 375 2790 ρευόμενοι
424 2721 562 2792 πρὸς
609 2722 894 2787 πλουσίους
944 2724 1039 2777 καὶ
1068 2724 1327 2793 πένητας,
1361 2725 1667 2796 ὀδυρόμεθα

81 2813 256 2882 ψευδῆ
290 2814 481 2867 πενίαν
508 2832 566 2867 τε
596 2816 691 2869 καὶ
714 2816 987 2886 πτωχείαν
1008 2832 1022 2846 ο
1045 2818 1138 2870 καὶ
1168 2817 1311 2871 ναῶν
1334 2817 1666 2888 ἀναλώματα

84 2907 184 2958 καὶ
240 2907 643 2977 ἀναθημάτων·
704 2909 1005 2978 κειμηλίων
1055 2926 1115 2962 τε
1174 2909 1271 2962 καὶ
1332 2910 1666 2981 ἀγαλμάτων

84 2996 436 3060 κατασκευάς
458 3012 469 3025 ·
498 2996 664 3066 ἱερῶν
693 2998 1003 3068 ἐνδυμάτων
1029 2997 1257 3063 ἔνδειαν,
1287 2999 1380 3053 καὶ⁴
1418 2999 1667 3071 ἱστοριῶν

84 3086 395 3155 ἀφανισμόν
423 3103 436 3117 ·
475 3088 562 3141 ἵνα
596 3087 772 3140 πάντα
804 3086 1016 3157 ἔχωμεν
1052 3088 1171 3157 μετ’
1197 3088 1479 3158 εὐπορίας,
1524 3087 1667 3160 ἅπερ

84 3177 210 3229 οὐδὲ
248 3177 507 3246 κοσμικοὶ
539 3176 692 3240 ὄντες
730 3177 950 3247 εἴχομεν
971 3193 984 3207 -
1018 3177 1269 3230 ἐντεῦθεν
1300 3177 1458 3247 ἡμῶν
1491 3178 1669 3232 πάντα

84 3266 487 3337 εὐπορούντων,
537 3266 686 3320 ἄλλοι
733 3266 1001 3338 ἀποροῦσι
1041 3266 1137 3319 καὶ
1165 3266 1473 3336 ὀδύρονται·
1508 3268 1602 3320 καὶ
1635 3268 1667 3337 ἡ

85 3360 265 3431 ἀρετὴ
293 3361 450 3431 ἡμῶν
475 3360 678 3432 ματαία
706 3360 1062 3427 καθίσταται,
1090 3358 1177 3413 ἵνα
1203 3359 1278 3430 μὴ
1301 3358 1445 3428 λέγω
1469 3358 1673 3429 βλάϐης

88 3451 374 3519 πρόξενος.

163 3546 312 3615 Πρὸς
341 3543 551 3609 τούτοις
572 3543 669 3598 καὶ
692 3544 820 3613 περὶ
843 3542 1074 3614 ἐκλογῆς
1089 3542 1393 3612 ἡγουμένου
1417 3541 1671 3609 ληπτέονο

89 3638 190 3691 καὶ
218 3639 401 3690 ὁποῖον
430 3632 568 3689 εἶναι
588 3636 694 3707 χρὴ
723 3635 814 3690 τὸν
840 3635 1047 3705 ἑτέροις
1073 3634 1505 3705 καθηγούμενον·
1541 3636 1674 3704 μήτι

90 3730 421 3801 τοπαράπαν
477 3730 542 3781 ὲκ
593 3727 804 3791 κοιλίας
850 3727 1060 3781 ἑαυτῶν
1102 3727 1523 3795 ἀποφαίνοντες·
1558 3726 1675 3778 ἀλλ’

89 3822 220 3873 ὅσον
252 3821 317 3873 ὲκ
345 3818 454 3871 τῶν
485 3818 643 3872 θείων
671 3816 923 3887 Γραφῶν,
979 3816 1014 3886 ἢ
1052 3815 1161 3868 τῶν
1189 3815 1448 3883 Πατέρων
1477 3813 1677 3884 ἐμάθο-

97 3930 200 3981 μεν
218 3927 237 3944 ⁶
271 3912 353 3965 δεῖ
377 3912 434 3965 δὲ
463 3910 560 3965 καὶ
588 3908 777 3963 τοῦτον
805 3908 948 3980 μετά
975 3907 1398 3978 παρακλήσεως,
1444 3907 1521 3977 μὴ
1554 3908 1677 3976 μὲν-

91 4022 178 4056 τοι
216 4002 357 4073 μετά
391 4002 514 4072 βίας
548 4000 797 4067 ὲφέλκειν
835 3999 931 4052 ἐπὶ
980 4000 1080 4069 τὴν
1136 3997 1465 4067 ἡγουμενίαν
1493 4012 1506 4027 ·
1561 3997 1677 4050 ἀλλ’

93 4074 224 4148 οὐδὲ
256 4093 496 4156 εὐκόλως
528 4093 657 4146 ἄνευ
696 4089 1018 4160 δοκιμασίας
1052 4089 1301 4159 δέχεσθαι
1321 4104 1334 4118 ·
1363 4088 1499 4142 ἀλλά
1542 4089 1678 4157 μετά

93 4188 197 4257 τῆς
245 4186 383 4256 πρὸς
410 4185 544 4238 Θεὸν
578 4184 786 4248 ἱκεσίας
835 4184 1083 4250 ἐκλέγειν
1132 4183 1229 4237 ἕνα
1272 4182 1374 4253 τῆς
1404 4181 1676 4244 συνοδίας*

96 4280 291 4348 ὥσπερ
324 4279 372 4330 οἱ
411 4277 505 4330 τοῦ
536 4277 771 4346 Χριστοῦ
801 4276 1088 4329 ἀπόστολοι
1110 4278 1202 4329 τὸν
1237 4276 1523 4330 Ματθίαν·
1568 4274 1679 4328 ὦσ-

100 4388 210 4440 περ
249 4370 344 4423 τὸν
402 4369 688 4439 Βαρνάϐαν
738 4368 832 4421 καὶ
860 4367 1070 4421 Παῦλον
1094 4382 1107 4395 '
1156 4366 1345 4437 ὧσπερ
1387 4365 1515 4429 τοὺς
1544 4365 1684 4418 ἑπτὰ

99 4461 385 4523 διακόνους
406 4476 421 4491 ο
446 4460 538 4513 τὸν
566 4459 674 4530 7&9
704 4458 795 4527 ἀφ’
829 4458 1027 4512 ἑαυτοῦ
1062 4457 1327 4526 ζητοῦντά
1349 4474 1472 4510 τινα
1502 4456 1683 4520 ἀξίαν,

101 4550 547 4623 ἀποστρέφεσθαι
569 4551 649 4603 δεῖ
668 4566 681 4579 ’
711 4550 787 4613 ὼς
820 4552 848 4603 6
876 4550 1081 4620 Πέτρος
1106 4549 1197 4600 τὸν
1222 4548 1470 4618 Σιμῶνα’
1507 4546 1540 4617 ἢ
1567 4564 1687 4599 νου-

102 4646 280 4698 θετεῖν
317 4645 477 4713 εἴπερ
504 4644 730 4705 οἰκεῖος⁹
759 4644 834 4705 ὡς
867 4644 896 4696 6
943 4640 1148 4710 Κύριος
1190 4641 1348 4711 ἡμῶν
1378 4644 1506 4703 τοὺς
1535 4639 1684 4700 υἱοὺς

1765 2098 1969 2152 sentire
2007 2115 2021 2151 :
2055 2097 2259 2151 talibus
2295 2097 2520 2152 enimin
2548 2097 2832 2153 sacriliciis
2877 2098 2981 2152 sibi
3018 2098 3159 2153 Deus
3193 2115 3344 2154 com-

1765 2190 2038 2262 placet“;
2079 2208 2098 2243 ι
2130 2198 2184 2246 et
2220 2192 2271 2243 in
2308 2190 2557 2259 Epistola
2585 2191 2651 2243 ad
2683 2189 2948 2259 Ephesios
2982 2208 2995 2244 :
3037 2210 3055 2242 ι
3093 2191 3201 2245 Fur
3233 2207 3343 2246 non

1762 2283 1875 2353 jam
1911 2280 2146 2347 furetur,
2201 2281 2386 2351 potius
2446 2298 2576 2335 vero
2634 2281 2865 2348 laboret,
2903 2282 3105 2337 bonum
3162 2285 3343 2337 mani-

1768 2376 1871 2429 bus
1906 2389 2173 2443 operans,
2209 2382 2267 2428 ut
2298 2373 2491 2428 habeat
2528 2373 2671 2428 unde
2716 2373 2863 2445 inopi
2911 2376 3280 2430 subveniat”.
3321 2395 3339 2425 ι

1769 2466 1996 2522 Furtum
2033 2483 2133 2537 ego
2163 2483 2414 2521 vocat-em
2475 2469 2635 2523 istam
2672 2470 2917 2537 qualibet
2946 2470 3161 2523 ratione
3194 2469 3347 2523 dolo-

1769 2576 1885 2615 sam
1919 2561 2188 2614 bonornm
2218 2563 2707 2629 camparationem,
2750 2562 2959 2616 scilicet
3000 2571 3079 2625 ut,
3115 2578 3238 2616 cum
3269 2562 3347 2615 di-

1770 2652 1908 2704 vites
1938 2666 2274 2720 pauperesve
2303 2650 2566 2720 aggressi,
2594 2651 2829 2720 inopiam
2856 2661 3097 2705 nostram
3130 2661 3183 2703 et
3214 2666 3347 2719 pau-

1770 2751 2033 2812 pertatem
2067 2742 2416 2809 deploramus
2442 2782 2457 2806 ,
2493 2743 2819 2812 templorum
2876 2745 3212 2813 (arguentes)
3247 2745 3348 2795 im-

1771 2850 1970 2904 pensas
2004 2843 2057 2889 et
2099 2834 2479 2897 oblationum,
2527 2834 2885 2903 supellectilis
2934 2844 2989 2889 et
3036 2844 3346 2889 statuarum

1771 2925 2214 2995 acquisitionem,
2248 2938 2535 2979 sacrorum
2566 2924 3015 2978 indumentorum
3058 2925 3344 2993 penuriam

1772 3015 2235 3083 historiarumque
2280 3013 2631 3080 deletionem,
2684 3023 2743 3067 ut
2802 3015 2985 3066 omnia
3020 3013 3177 3067 facile
3209 3013 3349 3066 obti-

1775 3124 2004 3163 neamus
2033 3123 2176 3176 qum,
2226 3108 2355 3162 dum
2392 3109 2445 3161 in
2484 3108 2689 3163 mundo
2720 3123 3082 3173 versaremur,
3113 3124 3217 3160 non
3256 3108 3351 3159 lia-

1772 3203 2057 3267 bebamus,
2083 3211 2138 3256 et
2170 3216 2297 3255 cum
2343 3201 2709 3262 obtineamus,
2746 3200 2839 3254 alii
2868 3215 2975 3253 non
3013 3200 3265 3253 obtinent
3296 3208 3351 3252 et

1776 3302 2020 3365 gemunt,
2052 3293 2257 3347 virtute
2287 3300 2472 3347 nostra
2506 3294 2572 3346 ad
2605 3308 2809 3347 vanum
2844 3292 3063 3347 redacta
3085 3330 3100 3353 ,
3160 3302 3218 3345 ut
3282 3307 3352 3347 ue

1699 3356 1745 3417 ο
1776 3388 1982 3453 dicam,
2020 3387 2249 3443 exitiosa
2286 3385 2451 3440 facta.

1852 3522 2011 3580 Nunc
2037 3523 2105 3579 de
2129 3522 2424 3592 hegumeni
2457 3521 2719 3590 (abbatis)
2743 3520 3009 3575 electione
3038 3520 3351 3582 dicendum,

1775 3624 1828 3670 et
1876 3615 2094 3685 qualem
2136 3629 2259 3669 esse
2299 3612 2515 3679 debeat,
2567 3612 2659 3678 qui
2702 3610 2915 3664 caeteris
2969 3609 3346 3677 pra-ponitur:

1775 3705 1872 3776 qui
1904 3706 2056 3759 nullo
2087 3704 2251 3758 modo
2284 3706 2351 3758 de
2378 3702 2604 3773 proprio
2648 3708 2837 3754 nostro
2863 3699 3070 3767 judicio
3105 3698 3352 3751 indican-

1777 3796 1913 3859 dus,
1972 3795 2065 3850 sed
2104 3793 2404 3848 secundum
2433 3789 2578 3859 quod
2615 3805 2684 3844 ex
2714 3789 2887 3843 sacris
2925 3787 3223 3856 Seripturis
3262 3797 3356 3839 aut

1777 3900 1846 3940 ex
1897 3883 2157 3938 Patribus
2200 3881 2517 3937 didicimus.
2552 3880 2646 3934 llle
2700 3894 2855 3933 vero.
2882 3894 2978 3947 per
3016 3877 3352 3939 suasionem,

1780 3992 1891 4032 non
1926 3991 2019 4046 per
2042 3976 2175 4039 vim,
2210 3971 2584 4036 adducendus,
2625 3979 2680 4023 ut
2699 3969 2905 4039 praesit,
2935 3984 3034 4023 nec
3056 3967 3213 4022 facile
3240 3969 3357 4023 sine

1780 4070 2103 4143 probatione
2133 4065 2518 4135 accipiendus,
2550 4064 2667 4126 sed,
2704 4069 2994 4132 postquam
3032 4062 3199 4115 Deum
3233 4076 3357 4129 pre-

1781 4164 1888 4221 cati
1920 4162 2188 4218 fuerimus
2213 4200 2228 4225 ,
2262 4173 2330 4215 ex
2366 4167 2556 4212 nostra
2599 4153 3023 4225 congregatione
3052 4153 3357 4223 eligendus,

1783 4256 1928 4312 sicut
1955 4269 1985 4308 a
2007 4252 2210 4308 Christi
2245 4249 2509 4320 apostolis
2535 4245 3133 4311 Matthias,Barnabas,
3156 4244 3361 4299 Paulus

1783 4360 1837 4403 et
1865 4357 2077 4417 septem
2118 4343 2363 4399 diaconi.
2391 4342 2480 4396 Ille
2513 4342 2608 4411 qui
2639 4356 2706 4395 ex
2736 4355 2793 4395 se
2820 4339 2992 4393 ambit
3038 4338 3359 4408 dignitatem

1786 4438 2125 4495 recusandus
2150 4446 2254 4503 est,
2275 4448 2335 4490 ut
2353 4434 2541 4489 Simon
2560 4450 2588 4488 a
2613 4432 2805 4498 Petro;
2838 4445 2951 4496 aut,
2975 4432 3020 4486 si
3053 4430 3213 4485 fuerit
3233 4448 3262 4484 e
3284 4428 3364 4482 fa-

1785 4532 2116 4596 miliaribus,
2139 4528 2517 4585 admonendus
2535 4536 2645 4580 uta
2669 4526 2899 4581 Domino
2924 4535 3113 4578 nostro
3146 4524 3237 4577 lilii
3265 4521 3365 4578 Ζυ-

1786 4626 1979 4681 ὺοιιτξί.
2003 4624 2060 4679 Si
2078 4625 2223 4679 enim
2250 4637 2410 4694 reges
2430 4620 2616 4676 mundi
2640 4635 2735 4675 eos
2752 4620 2840 4689 qui
2863 4634 2927 4671 ex
2959 4634 3017 4673 se
3043 4617 3363 4688 dignitatem

104 4736 417 4792 Ζεϐεδαίου.
447 4707 528 4789 *Εἰ
561 4740 670 4805 γάρ
700 4736 957 4805 κοσμικοὶ
994 4707 1244 4804 βασιλεῖς*
1271 4736 1399 4796 τοὺς
1426 4735 1518 4800 ἀφ’
1552 4734 1668 4785 ἑαυ-

1789 4719 2037 4773 ambiunt
2070 4716 2230 4786 quasi
2252 4715 2579 4771 rebellantes
2608 4712 2945 4775 existimant,
2965 4718 3173 4780 quanto
3192 4707 3365 4776 magis

104 4829 213 4881 τῶν
234 4847 286 4881 τι
308 4798 608 4897 ζητοῦντας
640 4798 860 4898 ἀξίωμα
880 4798 1153 4897 ἀντάρτας
1180 4798 1506 4893 λογίζονται,
1532 4824 1668 4893 πόσιε.

1793 4811 1970 4865 Deus?
1997 4809 2137 4864 Dicit
2158 4807 2362 4864 Paulus
2384 4808 2439 4861 in
2463 4806 2707 4877 Epistola
2731 4805 2797 4859 ad
2823 4803 3111 4857 Hebraeos:
3132 4819 3149 4851 ι
3171 4798 3367 4853 Omnis

110 4920 314 4990 μᾶλλον
348 4891 533 4981 seed;
564 4935 581 4986 ;
610 4891 749 4988 ψηξτι
784 4891 893 4989 γάρ
936 4919 995 4969 ὲν
1024 4891 1101 4987 ’τῇ
1138 4891 1276 4985 πρὸς
1316 4913 1601 4982 Ἑϐραίους
1657 4891 1668 4965 ὲ

1794 4903 2039 4975 pontifex
2081 4920 2149 4957 ex
2183 4902 2502 4957 hominibus
2551 4905 2868 4967 assumptus
2916 4909 3016 4964 pro
3050 4891 3366 4947 hominibus

108 4982 325 5072 ίΙαῦλος
346 5024 360 5037 ·
401 5027 418 5059 ι
457 4982 576 5071 [Ιὰἶς⁷
598 4982 888 5078 ἀρχιερεὺς
920 5007 980 5072 ἐξ
1006 4982 1309 5077 ἀνθρώπων
1339 5004 1668 5075 λαμϐανόμει

1792 4994 2149 5053 constituitur
2181 4995 2236 5049 in
2268 4994 2335 5049 iis
2362 5007 2482 5063 qua:
2517 5000 2647 5045 sunt
2675 4989 2741 5043 ad
2780 4987 3048 5053 Deum”;
3070 5004 3088 5036 ι
3121 4992 3175 5038 et
3203 4982 3367 5051 paulo

106 5117 220 5163 νος,
243 5100 388 5169 ὑπὲρ
421 5072 725 5169 ἀνθρώπων
758 5072 1082 5153 καθίσταται
1109 5072 1177 5151 τά
1207 5099 1343 5169 πρὸς
1366 5072 1456 5150 τδν
1479 5072 1631 5151 Θεόν.
1663 5116 1668 5146 ι

1796 5098 1959 5155 post:
2000 5104 2018 5137 ι
2053 5083 2169 5139 Non
2219 5088 2514 5152 quisquam
2556 5078 2725 5134 sumit
2773 5077 2879 5131 sibi
2916 5076 3216 5137 honorem,
3268 5072 3363 5127 sed

106 5193 223 5247 Καὶ
271 5164 389 5262 μετ’
418 5164 577 5258 ὀλίγα
597 5208 611 5220 ·
646 5209 665 5241 ι
704 5190 818 5261 Οὐχ
857 5190 1037 5262 ἑωυτῷ
1066 5207 1148 5254 τις
1183 5164 1450 5260 λαμϐάνει
1481 5188 1576 5258 τὴν
1605 5205 1668 5241 τι-

1794 5184 1890 5255 qui
1928 5193 2165 5238 vocatur
2199 5192 2230 5231 a
2268 5175 2400 5240 Deo,
2430 5182 2692 5241 tanquam
2721 5168 2927 5224 Aaron.
2959 5167 3056 5224 Sic
3104 5175 3160 5221 et
3207 5164 3369 5221 Clu-i-

200 5348 244 5377 ¹⁸
288 5346 304 5399 1
341 5344 472 5414 Reg.
512 5361 601 5412 xv,
633 5344 725 5398 22.
806 5346 847 5376 “
891 5343 1055 5400 Hebr.
1100 5342 1334 5407 xm,16.
1424 5343 1470 5373 ³³
1508 5339 1668 5409 Eplte:

1773 5354 1818 5404 ν,
1847 5337 1936 5391 ‘28.
2014 5334 2056 5365 ¹³
2094 5334 2257 5391 Hebr.
2296 5354 2348 5399 ν,
2384 5335 2433 5389 l.

182 5491 262 5559 (ὅ)
293 5486 574 5559 δι-Ιιοιίιιιιι
596 5490 652 5559 in
684 5485 952 5559 marg._T6
977 5484 1083 5554 γὰρ
1112 5485 1232 5546 ταῖς
1264 5481 1490 5553 πτέρυξι
1525 5498 1664 5534 κεκα

1799 5476 2006 5559 αὐτῶν·
2034 5480 2094 5529 οὐ
2129 5476 2236 5559 μὴν
2267 5477 2396 5559 περὶ
2423 5475 2514 5559 τοῦ
2545 5474 2912 5559 κανονάρχου·
2941 5462 3257 5559 οὗτοςὶγάίζ.
3288 5458 3368 5527 εἷς

109 5538 323 5627 λύξρνόαί
345 5538 771 5627 τ“ἧν”εὐ)ξά6ἓαν
799 5538 999 5627 δηλοῖ.’
1053 5538 1064 5554 ’
1304 5622 1327 5627 _
1374 5538 1483 5627 ἀἱ
1578 5620 1621 5627 Α.
1798 5549 1893 5611 ὢν,
1941 5549 2000 5598 ὲν
2043 5538 2286 5627 μεγίστῃ-
2320 5538 3061 5627 Ἐκκλησίᾳωύβύνατηξν
3089 5538 3369 5627 exorre???

188 5607 826 5698 ἰὼν-εοίῖοιίιιιιιεξΐοῦτο
852 5607 1088 5698 εἴρηται,
1114 5622 1442 5698 περὶ-τῴνὲξ
1463 5620 1691 5698 ἀκηδίας
1798 5607 2151 5698 κανοναρχεῖν
2202 5607 2314 5698 τρῖς
2366 5607 2666 5698 χοροῖςηὲὶ.
2690 5614 2764 5683 μὴ
2811 5612 3018 5698 μειταὸᾔ
3042 5627 3053 5639 ’
3086 5607 3369 5698 ἔλπει

115 5679 392 5769 προφάσει
422 5679 584 5764 δῆθεν
607 5696 850 5763 κάρφους
883 5679 977 5746 τόύ
1023 5679 1086 5745 ὲν
1126 5679 1202 5769 τῷ
1240 5679 1445 5769 ἐδάφει,
1462 5692 1513 5769 ﬁ
1547 5679 1689 5769 τινος
1795 5679 2133 5769 δυνατδν,”οὐ
2175 5687 2331 5767 μόνον
2367 5679 2602 5769 ’περιττὴ
2646 5679 2700 5753 ὴ⁷
2726 5679 3044 5754 μετάϐασις,
3099 5679 3233 5733 ἀλλά
3280 5679 3371 5726 καὶ

115 5755 312 5839 ἑτέρου
357 5767 431 5838 μὴ
468 5755 878 5833 κατεπείγοντος
922 5755 1251 5832 κινουμένων
1296 5755 1357 5815 ἐκ
1392 5755 1688 5815 τοῦτόπου
1794 5755 2022 5828 ὀχληρὸν
2052 5758 2144 5811 καὶ
2176 5756 2440 5825 ἀπρεπές.
