4098 6488
605 281 742 346 1343

1860 297 2234 357 ΡΛΟΗΟΜΙΙ
2264 298 2607 358 MONACIII

3736 297 3872 359 13M

601 407 722 448 stus
760 411 866 448 non
897 400 1251 468 semetipsum
1275 401 1602 469 glorificavit
1633 411 1692 458 ut
1723 406 1965 474 pontifex
1996 407 2173 472 ﬁeret,

2290 408 2419 477 μήν·
2454 407 2572 460 ἀλλ’
2608 406 2638 458 ό
2675 407 3007 476 καλούμενος
3041 404 3145 459 ὑπὸ
3167 401 3261 458 τοῦ
3289 403 3448 458 Θεοῦ.
3481 404 3754 474 Καθάπερ
3775 407 3869 457 καὶ

601 484 695 537 sed
741 486 835 554 qui
885 487 1101 543 locutus
1127 491 1305 544 estad
1337 508 1461 546 eum
1500 510 1512 545 :

601 592 702 642 ego
750 577 911 631 hodie
961 581 1125 649 genui
1181 593 1232 636 te
1259 581 1321 636 ⁸³.
1358 604 1376 634 ι
1415 589 1636 654 Oportet
1683 589 1838 644 illiilli
1884 595 2179 660 probatum

600 683 723 721 esse
769 670 820 722 in
854 671 1005 724 omni
1039 688 1118 738 re,
1149 674 1221 728 ita
1255 685 1314 730 ut
1344 676 1606 734 fratribus
1642 682 1827 736 anima
1867 695 1921 738 ct
1951 703 2183 757 corpore

603 762 826 823 serviat,
879 779 1004 817 cum
1055 766 1258 822 idcirco
1289 769 1545 840 eligatur,
1592 783 1651 826 ut
1687 773 1822 828 dicit
1866 784 2179 848 propheta:

607 869 626 902 ι
667 851 920 910 Pastores
956 872 1065 911 non
1114 860 1367 929 seipsos,
1422 864 1516 918 sed
1565 881 1732 933 oves,
1786 876 2117 940 pascunt”;
2159 895 2176 926 ι

601 943 746 1010 quod
795 944 906 1009 ﬁet,
958 949 1001 1001 si
1057 949 1369 1018 intellectu,
1418 955 1512 1024 qui
1553 973 1618 1011 ex
1683 975 1879 1031 magna
1948 966 2183 1022 scientia

603 1035 1042 1109 longevitateque
1119 1043 1386 1108 nascitur,
1441 1056 1524 1100 est
1579 1061 1824 1106 ornatus.
1923 1053 2023 1110 llle
2074 1073 2182 1113 non

603 1128 710 1181 sibi
760 1132 1121 1200 complaceat,
1166 1145 1228 1189 ut
1274 1137 1482 1192 dictum
1541 1150 1648 1207 est,
1704 1144 1867 1199 sicuti
1924 1149 2184 1220 theologo

603 1218 867 1290 Gregorio
898 1224 1146 1293 videtur,
1179 1239 1466 1299 postquam
1498 1247 1694 1290 contra
1725 1236 1965 1294 Maximu
1986 1257 2035 1294 m
2073 1244 2184 1312 (in-

601 1325 795 1368 vectus
825 1319 940 1383 est)
974 1319 1173 1374 dicenti
1209 1337 1223 1373 :
1260 1342 1278 1374 ε
1314 1323 1525 1389 Quibus
1553 1337 1637 1383 est
1668 1335 1981 1388 communis
2021 1336 2186 1404 spiri-

1570 493 1744 551 Filius
1779 513 1934 553 meus
1978 513 2038 552 es
2084 507 2138 552 tu
2164 538 2179 562 ,

500 1405 509 1414 '
601 1414 713 1470 tus,
766 1408 873 1463 illis
934 1414 1246 1469 communis
1303 1419 1517 1486 passio;
1574 1421 1774 1488 quibus
1835 1436 2020 1480 autem
2072 1430 2182 1498 pati

602 1516 917 1568 commune,
966 1504 1074 1558 illis
1138 1507 1366 1563 credere
1416 1526 1740 1580 commune;
1832 1520 1980 1586 quod
2038 1523 2182 1578 enim

603 1594 768 1645 homo
815 1594 927 1663 ipse
977 1612 1084 1650 non
1135 1614 1329 1666 passus
1377 1613 1480 1664 est,
1525 1605 1678 1658 alteri
1734 1623 1837 1661 non
1898 1613 2116 1679 credet;
2161 1634 2179 1667 ι

602 1684 695 1752 qui
729 1697 910 1742 autem
944 1706 1140 1759 passus
1170 1702 1275 1758 est,
1300 1694 1391 1750 ille
1422 1696 1486 1749 ad
1520 1703 1960 1768 compassionem
2003 1719 2186 1773 prom-

603 1775 747 1841 ptior
776 1794 789 1830 :
825 1778 991 1846 (quod
1019 1781 1122 1836 nisi
1157 1781 1339 1855 fuerit)
1387 1766 1676 1844 invisibilis
1706 1793 1981 1860 passionis
2003 1766 2169 1852 testis
2217 1766 2258 1822 Β

601 1883 778 1922 ειεοιιε
839 1871 1050 1941 (esset),
1099 1875 1293 1931 alienae
1345 1876 1502 1933 faciei
1557 1883 1838 1952 proprium
1890 1886 1996 1942 sibi
2055 1905 2182 1960 spe-

599 1960 808 2016 culum.
858 1983 876 2014 ι

674 2054 776 2119 Qui
807 2056 952 2111 enim
989 2075 1094 2112 non
1131 2058 1212 2115 sic
1246 2062 1459 2130 probati
1491 2075 1651 2130 sunt,
1689 2071 2090 2142 superbientes,
2124 2076 2181 2132 in

598 2145 805 2202 diaboli
839 2151 1214 2218 probatiimem
1248 2156 1490 2224 retiaque
1529 2159 1800 2226 incidunt,
1836 2163 1982 2234 leges
2013 2183 2182 2226 novas

603 2239 965 2307 invenientrs,
1011 2245 1217 2314 priscas
1259 2249 1610 2320 abrOgantes,
1663 2255 1872 2317 omnia,
1908 2265 1969 2311 ut
2003 2261 2182 2316 oculis

603 2334 841 2401 propriis
867 2335 1064 2404 placet,
1099 2337 1382 2406 facientes,
1416 2345 1562 2399 unde
1595 2347 1897 2404 eversionis
1925 2361 2185 2410 auctores

605 2423 761 2490 tiunt,
794 2435 848 2480 et
877 2428 1234 2496 divisionum,
1257 2434 1561 2506 eademque
1591 2441 1877 2507 patiuntur
1899 2457 2023 2513 qum
2051 2445 2180 2501 olim

606 2515 872 2572 [{oboam.
893 2519 1147 2577 Fratrum
1177 2526 1373 2596 jugum
1406 2542 1726 2599 aggravant,
1756 2550 1896 2602 quos
1917 2553 1984 2590 ne
2011 2538 2184 2608 digito

604 2611 822 2678 quidem
852 2623 1110 2685 tangunt;
1144 2619 1408 2689 subjectis
1439 2639 1566 2685 non,
1605 2627 1744 2680 sicut
1779 2631 1954 2685 sancti
1991 2635 2181 2702 prisci,

603 2703 1030 2771 compatiuntur,
1076 2706 1295 2775 plenum
1349 2727 1659 2782 purumque
1711 2715 2039 2787 obsequium
2073 2721 2186 2774 exi-

606 2803 817 2860 gentes,
855 2795 957 2865 ipsi
992 2798 1200 2853 nemini
1238 2817 1479 2872 unquam
1512 2806 1823 2873 reddentes,
1861 2809 2183 2881 ignorantes

605 2883 770 2950 quod.
824 2887 869 2940 si
914 2901 1107 2943 omnes
1163 2903 1361 2945 natura
1392 2894 1600 2952 dociles
1622 2905 1676 2951 et
1705 2904 2062 2958 consentanei
2095 2919 2184 2958 es-

607 2985 750 3039 scnt,
797 2977 931 3030 nihil
981 2979 1090 3035 illis
1141 2984 1432 3052 praeposito
1482 3002 1624 3056 opus
1653 2999 1819 3046 esset.
1869 2993 1996 3048 Illos
2047 2993 2185 3066 fugit

608 3065 821 3138 Moyses
869 3085 969 3135 pro
1011 3074 1212 3142 populo
1258 3091 1488 3144 precans
1516 3120 1531 3144 ,
1567 3080 1911 3154 Dominoque
1943 3065 2133 3141 dicens
2167 3107 2182 3144 :

614 3179 632 3208 ι
667 3157 722 3212 Si
759 3161 867 3216 illis
903 3175 1186 3232 peccatum
1233 3167 1480 3224 dimittas
1504 3209 1518 3234 ,
1554 3171 1806 3241 dimitte;
1844 3177 1927 3230 sin
1971 3187 2185 3245 contra,

610 3268 694 3304 me
721 3268 784 3306 ex
823 3253 963 3310 libro
992 3256 1146 3311 abole
1186 3259 1239 3311 in
1273 3275 1382 3328 quo
1431 3263 1698 3330 scripsiSti
1728 3267 1816 3332 ¹⁶ς
1859 3286 1876 3319 ι
1909 3279 1964 3322 et
1995 3267 2184 3336 David,

607 3344 699 3411 qui
734 3360 763 3398 e
795 3347 968 3402 tribus
1015 3350 1117 3402 sibi
1167 3352 1434 3407 nuntiatis
1475 3356 1651 3423 poenis
1687 3367 1912 3427 propter
1961 3377 2186 3418 censum

609 3435 790 3504 populi
825 3437 1048 3503 factum,
1099 3456 1277 3511 neque
1327 3443 1525 3498 famem
1564 3463 1736 3517 neque
1770 3450 1981 3506 bellum
2020 3456 2187 3510 voluit

607 3527 830 3596 eligere,
881 3545 946 3582 ne
993 3530 1108 3600 ipse
1145 3542 1204 3586 ut
1257 3550 1350 3588 rex
1395 3535 1513 3590 istis
1559 3551 1807 3596 servatus
1842 3558 1951 3596 non
1985 3548 2190 3615 periret

607 3637 730 3672 cum
768 3623 988 3689 populo,
1036 3624 1128 3678 sed
1180 3635 1385 3694 pestem
1422 3629 1582 3699 elegit
1627 3634 1833 3700 pariter
1863 3650 2056 3691 omnes
2089 3654 2186 3708 ag-

606 3727 920 3780 gressurum
952 3754 967 3775 ,
998 3725 1051 3769 et
1081 3717 1147 3770 ad
1182 3716 1473 3774 Dominum
1525 3723 1792 3786 clamans.
1829 3727 1957 3780 dum
1990 3730 2058 3782 ab
2091 3746 2191 3784 an-

607 3807 727 3872 gelo
780 3805 1044 3862 inflictum
1088 3811 1299 3866 videret
1348 3813 1651 3882 populum:
1694 3835 1711 3867 ι
1753 3817 1890 3873 Ecce
1936 3835 2034 3890 ego
2065 3838 2189 3891 pec-

603 3898 755 3962 cavi;
793 3899 975 3954 veniat
1005 3901 1059 3954 in
1094 3918 1179 3957 me
1203 3919 1400 3960 manus
1429 3917 1518 3960 tua
1547 3915 1599 3961 et
1623 3908 1674 3962 in
1710 3910 1933 3965 domum
1972 3931 2144 3969 meam
2173 3933 2186 3970 :

605 3993 724 4044 ista:
745 4007 876 4046 oves
894 3993 1021 4062 quid
1047 3993 1261 4050 fecere?
1280 3995 1539 4052 Vertatur
1559 4017 1753 4057 manus
1771 4011 1860 4057 tua
1875 4015 2061 4060 contra
2084 4022 2188 4074 me,

604 4095 869 4140 ctcomra
890 4085 1111 4142 domum
1136 4091 1312 4159 patris
1333 4093 1438 4146 mei
1462 4093 1526 4147 ".
1555 4112 1575 4146 ι
1609 4093 1736 4150 Illos
1772 4095 1910 4166 fugit
1939 4098 2190 4154 Christus

603 4176 674 4230 ad
700 4193 795 4232 eos
821 4179 913 4247 qui
939 4179 1117 4249 ipsum
1151 4184 1694 4253 comprehendebant
1722 4189 1946 4246 dicens:
1973 4210 1991 4243 ‹
2018 4190 2073 4246 Si
2105 4207 2190 4246 me

604 4270 874 4337 quaeritis,
897 4271 1156 4326 dimittite
1175 4273 1311 4330 istos
1331 4275 1483 4330 abire
1505 4276 1575 4343 '8;
1600 4295 1616 4326 ι
1638 4278 2183 4350 εοίιίεοιάἰεείρυιοε,

608 4359 782 4430 Magis
817 4371 999 4416 autem
1037 4364 1406 4436 dedignantur
1453 4368 1700 4425 infirmos
1749 4379 1804 4425 et
1847 4372 2078 4428 irrident
2109 4375 2191 4428 di-

2295 499 2529 570 Ἀαρὼν,
2552 498 2696 552 οὕτω
2723 500 2818 552 καὶ
2839 501 2866 551 ὁ
2891 497 3126 568 Χριστός
3143 515 3155 527 ο
3186 497 3284 567 οὐχ
3312 497 3506 550 ἑαυτὸν
3531 495 3750 560 ἐδόξατε
3779 513 3870 562 γε-

2282 591 2514 662 νηθῆναι
2544 591 2824 662 ἀρχιερέα·
2851 589 2967 643 ἀλλ’
2991 592 3018 642 ὁ
3047 587 3288 659 λαλήσας
3311 587 3446 659 πρὸς
3471 588 3636 641 αὑτόν
3653 601 3667 614 ·
3699 607 3717 637 ε
3744 587 3869 650 Υἱός

2285 697 2388 750 μου
2420 676 2472 734 εἴ
2495 680 2558 732 σύ
2580 698 2591 710 ·
2626 679 2738 748 ἐγώ
2767 680 3007 750 σήμερον
3050 678 3358 747 γεγέννηκά
3388 694 3468 730 σε.
3509 698 3527 729 ι
3568 679 3661 729 Δεῖ
3687 677 3746 729 δὲ
3775 679 3870 729 καὶ

2284 770 2688 840 πεπειραμένον
2732 765 2874 822 εἶναι
2923 768 3067 822 κατά
3120 768 3320 834 πάντα,
3353 767 3496 821 ῶστε
3538 767 3869 838 θεραπεύειν

2284 859 2411 922 τοὺς
2459 859 2726 928 ἀδελφοὺς
2775 860 2922 929 ψυχῇ
2957 875 3016 912 τε
3063 857 3159 912 καί
3203 858 3452 928 σώματιο
3487 859 3614 910 ἐπεὶ
3657 860 3757 911 καὶ
3784 859 3870 910 διὰ

2283 951 2444 1005 τοῦτο
2485 952 2788 1020 ἐκλέγεται.
2833 953 2944 1004 Καὶ
2986 952 3117 1022 γάρ,
3145 951 3220 1015 ῶς
3251 968 3416 1022 φησιν
3457 953 3487 1004 ὁ
3535 953 3830 1023 προφήτης
3854 994 3870 1015 ,

2293 1061 2312 1094 ‹
2344 1044 2406 1096 Οἱ
2447 1043 2702 1112 ποιμένες
2732 1043 2831 1113 οὑχ
2860 1044 3088 1106 ἑαυτοὺς
3121 1042 3431 1112 βόσκουσιν,
3466 1042 3606 1096 ἀ).λά
3632 1047 3704 1096 τά
3734 1045 3871 1114 πρύ-

2289 1135 2447 1188 6ατα.
2488 1153 2506 1186 ι
2542 1133 2711 1188 Τοῦτο
2751 1133 2808 1186 δὲ
2863 1134 3061 1202 γένοιτ’
3105 1135 3194 1199 ἂν,
3227 1134 3384 1204 εἴπερ
3425 1135 3640 1188 συνέσει
3687 1139 3759 1205 τῇ
3808 1136 3873 1189 ἐκ

2287 1227 2630 1298 πολυμαθίας
2661 1227 2757 1280 καὶ⁹
2785 1226 3078 1290 πολυετίας
3104 1229 3384 1298 κοσμεῖτο.
3419 1227 3531 1281 Καὶ
3571 1227 3651 1297 μὴ
3687 1227 3872 1296 ἑαυτῷ

2286 1319 2564 1393 ἀρέσκειν,
2589 1320 2666 1383 ὡς
2697 1319 2938 1391 εἴρηταιο
2964 1319 3107 1373 καθά
3127 1318 3193 1391 δὴ
3221 1319 3318 1374 καὶ
3347 1318 3425 1390 τῷ
3447 1318 3703 1390 Θεολόγῳ
3735 1319 3875 1390 Γρη-

2287 1414 2457 1484 γορίῳ
2494 1413 2646 1465 δοκεῖ
2683 1411 2896 1480 λέγοντι
2940 1411 3083 1482 μετά
3108 1414 3176 1465 τά
3205 1413 3346 1466 κατά
3379 1412 3635 1484 Μάξιμον
3661 1429 3676 1444 ·
3713 1431 3735 1464 ι
3773 1407 3874 1466 Ὧν

2287 1506 2467 1558 κοινὸν
2515 1505 2576 1558 τὸ
2622 1504 2860 1575 πνεῦμα,
2913 1505 3090 1558 κοινὸν
3121 1504 3183 1558 τὸ
3226 1505 3394 1567 πάθος
3417 1519 3432 1535 ⁸
3459 1500 3542 1568 οἷς
3570 1505 3631 1558 δὲ
3660 1505 3726 1558 τὸ
3763 1507 3872 1559 πά-

2291 1614 2440 1668 σχειν
2468 1598 2604 1660 ἴσον,
2643 1596 2754 1650 ἴσον
2786 1599 2879 1650 καὶ
2917 1597 2980 1650 τὸ
3007 1596 3285 1651 πιστεύειν
3308 1613 3322 1626 ’
3356 1597 3386 1649 ὃ
3416 1597 3526 1668 γὰρ
3564 1599 3734 1669 μήτις
3773 1599 3872 1650 πέ-

2292 1688 2514 1755 πονθεν,
2543 1689 2655 1742 οὐδ’
2715 1688 2782 1743 ἀν
2821 1689 2996 1760 ἑτέρῳ
3041 1689 3406 1745 πιστεύσειεν.
3474 1691 3532 1744 ’0
3559 1691 3620 1744 δὲ
3653 1691 3868 1758 παθῶν,

2289 1783 2369 1844 εἰς
2447 1781 2848 1849 συγκατάθεσιν
2913 1781 3292 1852 ἑτοιμότερος·
3359 1782 3568 1853 μάρτυς
3634 1784 3873 1854 ἀόρατος

2288 1873 2522 1943 ἀοράτου
2589 1873 2829 1938 πάθους,
2878 1873 3094 1945 μορφῆς
3147 1873 3432 1946 ἀλλοτρίας
3489 1876 3696 1929 οἰκεῖον
3746 1877 3871 1930 ἔσο-

2289 1981 2479 2037 πτρον.
2514 1985 2534 2016 ι

2361 2064 2424 2115 Οἱ
2458 2061 2567 2133 γὰρ
2599 2060 2675 2132 μὴ
2699 2059 2844 2114 οὕτω
2873 2060 3175 2133 κριθέντες,
3196 2061 3564 2130 τυφωθέντες,
3597 2062 3681 2124 είς
3703 2063 3874 2134 κρῖμα

2290 2155 2386 2208 καὶ
2406 2154 2610 2222 παγίδα
2633 2152 2726 2206 τοῦ
2749 2152 2998 2206 διαϐόλου
3021 2151 3356 2222 ἐμπίπτουσι
3380 2168 3394 2181 °
3425 2153 3626 2220 νόμους
3654 2154 3874 2221 ἑτέρους

2291 2247 2724 2318 ἐξευρίσκοντες,
2745 2244 2841 2299 καὶ
2869 2245 2999 2307 τοὺς
3029 2244 3292 2307 παλαιοὺς
3314 2245 3639 2308 ἀθετοῦντες
3661 2261 3676 2274 ·
3708 2244 3874 2298 ἃπαν-

2290 2357 2360 2393 τα
2395 2338 2538 2394 κατά
2571 2339 2634 2391 τὸ
2667 2337 2901 2409 ἀρεστὸν
2929 2338 2987 2390 ἐν
3017 2336 3318 2406 ὀφθαλμοῖς
3344 2337 3524 2391 αὐτῶν
3553 2337 3836 2400 ποιοῦντες
3856 2354 3873 2369 ·

2290 2432 2371 2486 διὸ
2403 2432 2496 2484 καὶ
2525 2430 2940 2493 ἀκαταστασίας
2973 2430 3137 2483 αἴτιοι
3163 2432 3402 2496 γίνονται
3434 2431 3528 2482 καὶ
3554 2433 3876 2500 σχισμάτων

2292 2524 2386 2577 καὶ
2409 2522 2482 2575 τά
2507 2523 2670 2592 ὃμοια
2698 2521 2967 2590 πάσχουσι
2996 2519 3073 2589 τῷ
3102 2519 3268 2574 πάλαι
3308 2518 3574 2589 Ῥοὸοάμ·
3609 2520 3873 2591 βαρύνον-

2290 2632 2382 2678 re;
2405 2615 2498 2668 τὸν
2528 2613 2692 2683 ζυγὸν
2717 2612 2838 2667 ’τῶν
2872 2612 3138 2679 ἀδελφῶν,
3185 2611 3263 2683 τῷ
3300 2611 3358 2665 δὲ
3405 2612 3658 2684 δακτύλῳ
3694 2614 3872 2667 αὐτῶν

2294 2706 2372 2778 μὴ
2414 2706 2744 2775 ἀπτόμενον
2781 2705 2854 2775 μὴ
2879 2704 2937 2756 δὲ
2969 2704 3385 2775 συμπάσχοντες
3417 2708 3531 2768 τοῖς
3560 2707 3871 2761 ὑποτασσο-

2295 2798 2477 2868 μένοις
2498 2795 2574 2859 ὡς
2600 2797 2651 2849 οἱ
2681 2795 2848 2850 πάλαι
2879 2795 3024 2862 ἀγιοι
3046 2812 3060 2825 ο
3090 2796 3259 2865 μόνην
3279 2796 3335 2850 δὲ
3355 2796 3454 2865 τὴν
3479 2798 3768 2869 ὑποταγὴν
3793 2799 3881 2868 ζη-

2292 2888 2444 2942 τοῦσι
2477 2887 2762 2959 καθαράν
2811 2886 2968 2940 αὑτοὶ
3000 2887 3272 2957 μηδέποτε
3299 2888 3460 2941 τοῦτο
3493 2888 3706 2957 ἑτέροις
3734 2892 3878 2942 ἀπο-

2292 2979 2564 3043 δώσαντες
2590 2995 2604 3010 ⁸
2661 2979 2738 3049 μὴ
2805 2978 3166 3047 γινώσκοντες
3195 3018 3210 3042 ,
3257 2979 3339 3054 ὅςτι
3389 2981 3440 3032 εί
3501 2978 3677 3042 οὕτως
3736 2977 3883 3050 ἦσαν

2293 3069 2533 3133 ἅπαντες
2575 3068 2845 3138 πειθήνιοι
2888 3067 2982 3120 καὶ
3007 3065 3411 3136 ὁμογνώμονες,
3441 3066 3544 3119 οὑκ
3567 3064 3637 3120 ἂν
3666 3065 3885 3119 ἐδέοντο

2290 3161 2655 3234 προεστῶτος.
2689 3160 2802 3212 Ούκ
2834 3157 3094 3211 ἀκούουσι
3115 3157 3390 3220 Μωῦσέως
3423 3157 3564 3226 ὑπὲρ
3589 3157 3702 3209 τῶν
3738 3173 3886 3226 συμο

2289 3253 2538 3325 φυλετῶν
2563 3251 2822 3323 δεομένου
2868 3251 2966 3303 καὶ
2998 3250 3251 3318 λέγοντος
3291 3249 3429 3321 πρὸς
3473 3248 3680 3319 Κύριον
3705 3266 3722 3281 ·
3759 3267 3780 3300 ι
3821 3250 3886 3301 Et

2292 3349 2391 3420 μὲν
2422 3348 2568 3417 ἀφῇς
2609 3347 2795 3408 αὐτοῖς
2841 3345 2942 3416 τὴν
2973 3341 3251 3414 ἁμαρτίαν
3283 3342 3482 3408 αὐτῶν,
3513 3343 3680 3412 ἄφες·
3730 3344 3787 3394 εί
3826 3342 3886 3396 δὲ

2293 3439 2390 3509 μὴ,
2427 3436 2714 3507 ἐξάλειψόν
2749 3453 2817 3507 με
2857 3439 2922 3490 ὲκ
2947 3436 3046 3506 τῆς
3083 3434 3268 3504 βίϐλου
3298 3428 3363 3506 ἧς
3391 3433 3657 3504 ἔγραψας.
3682 3453 3701 3485 ι
3739 3435 3886 3488 Οὑδέ

2289 3547 2352 3598 γε
2368 3529 2463 3583 τοῦ
2481 3529 2669 3582 Δαυῖδο
2695 3529 2844 3591 ὅστις
2865 3527 3031 3599 τριῶν
3059 3525 3212 3596 αὐτῷ
3242 3529 3677 3597 προτεινομένων
3700 3543 3887 3594 τιμω-

2292 3622 2424 3694 ριῶν
2454 3622 2545 3675 διά
2575 3621 2636 3674 τὸ
2668 3620 2975 3692 ἀριθμῆσαι
3014 3618 3107 3672 τὸν
3139 3617 3288 3682 λαὸν,
3314 3619 3414 3670 οὑκ
3457 3617 3720 3687 ἠθέλησεν
3752 3617 3885 3672 οὔτε

2289 3716 2478 3786 λιμὸν,
2515 3714 2640 3768 οὔτε
2694 3713 2934 3784 διωγμὸν
2977 3713 3302 3782 προκρῖναι⁸
3350 3711 3440 3764 ἴνα
3473 3712 3547 3781 μὴ
3590 3711 3758 3774 αὐτὸς
3803 3712 3884 3776 ὡς

2290 3806 2547 3878 βασιλεὺς
2602 3805 2810 3858 τούτων
2862 3802 3150 3865 διασωθεὶς
3177 3842 3193 3865 ,
3237 3803 3298 3856 οὑ
3361 3802 3732 3872 συναπολεσθῇ
3797 3802 3881 3873 τῷ

2288 3898 2403 3969 λαῷ
2420 3914 2434 3928 ·
2467 3897 2606 3952 ἀλλά
2625 3897 2718 3952 τὸν
2743 3896 2971 3950 θάνατον
2995 3893 3304 3961 ἐξελέξατο,
3342 3894 3542 3963 ὁμοίως
3563 3899 3676 3957 τοῖς
3697 3897 3882 3947 πᾶσιν

2289 3991 2680 4062 ἐπερχόμενον.
2726 3988 2946 4057 ’Δμέλει
2977 3988 3076 4042 καὶ
3108 3987 3248 4058 πρὸς
3284 3987 3490 4060 Κύριον
3519 3983 3674 4039 εἶπεν
3705 3987 3773 4039 ἐν
3802 3987 3889 4056 τῷ

2293 4084 2421 4137 ἰδεῖν
2451 4083 2614 4137 αὑτὸν
2644 4082 2876 4151 ἄγγελον
2898 4081 2990 4135 τὸν
3016 4080 3291 4134 τύπτοντα
3315 4081 3374 4132 ὲν
3401 4080 3477 4149 τῷ
3498 4079 3608 4150 λαῷ
3631 4096 3645 4110 ·
3680 4100 3699 4131 ι
3744 4079 3893 4133 Ἰδοὺ

2290 4175 2403 4244 ἑγὼ
2434 4175 2672 4246 ἠδίκησα
2695 4190 2708 4203 ’
2754 4175 2850 4228 καὶ
2883 4173 2994 4242 ἐγὼ
3021 4175 3050 4226 ό
3082 4173 3285 4243 ποιμὴν
3319 4174 3691 4242 ἐκακοποίησα
3716 4188 3737 4204 ο
3786 4174 3896 4225 καὶ

2287 4263 2436 4321 οὗτοι
2466 4267 2536 4320 τά
2570 4265 2819 4336 πρόϐατα
2848 4263 2899 4319 τί
2928 4265 3220 4335 ὲποίησαν;
3285 4264 3532 4317 Γενέσθω
3558 4263 3622 4334 δὴ
3668 4266 3700 4333 ἡ
3753 4266 3895 4334 χείρ

2290 4377 2386 4413 σου
2423 4361 2480 4412 ὲν
2517 4361 2641 4430 ἐμοὶ
2670 4359 2764 4412 καὶ
2805 4361 2863 4411 ὲν
2903 4357 2981 4426 τῷ
3009 4357 3144 4426 οἴκῳ
3176 4356 3269 4409 τοῦ
3299 4357 3507 4426 πατρός
3539 4373 3638 4425 μου
3663 4368 3678 4383 ·
3715 4373 3736 4405 ι
3765 4355 3894 4408 οὐδ’

605 4462 837 4507 centes:
875 4453 1124 4523 Aigrotet
1151 4497 1165 4519 ,
1201 4459 1336 4512 nihil
1389 4459 1540 4515 illius
1575 4460 1742 4516 refert
1791 4461 1858 4516 ad
1890 4464 2182 4518 sanitatem

2291 4452 2461 4506 αὑτοῦ
2492 4453 2586 4506 τοῦ
2617 4451 2856 4522 Χριστοῦ
2888 4449 3135 4518 λέγοντος
3165 4449 3302 4519 πρὸς
3326 4449 3450 4511 τοὺς
3483 4447 3895 4518 συλλήψοντας·

608 4544 844 4598 restitui.
875 4544 1011 4611 Quis
1051 4563 1289 4616 unquam
1336 4560 1562 4606 sanctus
1590 4552 1670 4608 sic
1701 4554 1916 4610 locutus
1945 4567 2029 4610 est
2051 4597 2065 4619 ,
2098 4567 2192 4611 aut

611 4651 718 4688 non
754 4638 934 4705 potius
977 4640 1196 4695 infirmo
1230 4659 1354 4696 cum
1406 4645 1785 4701 misericordia
1820 4647 2046 4702 serviit?
2095 4647 2188 4703 Isti

601 4730 746 4782 'liunt
774 4745 840 4783 ex
878 4724 1133 4801 superbia
1180 4743 1324 4788 torto
1358 4735 1587 4804 judicio.
1636 4735 1914 4808 Indignam
1940 4738 2191 4808 judicant

609 4824 714 4876 sub
746 4825 1052 4879 monastica
1087 4828 1271 4895 regula
1307 4827 1543 4882 viventis
1595 4830 1936 4882 curationem
1961 4869 1976 4894 ,
2030 4830 2190 4884 dum-

609 4915 774 4970 modo
806 4917 909 4984 ipsi
942 4918 1080 4972 bene
1110 4919 1346 4984 valeant,
1397 4935 1584 4973 verum
1614 4920 1946 4976 animalibus
1980 4921 2183 4989 pOIiori

605 5008 730 5078 jure
780 5013 1214 5067 convenientem.
1269 5012 1382 5069 Etsi
1433 5012 1580 5067 cnim
1642 5027 1819 5082 neque
1864 5013 2184 5068 animalium

611 5100 752 5154 mala
780 5101 1074 5169 patiantur,
1103 5121 1276 5176 neque
1314 5121 1499 5161 vocem
1545 5106 1803 5168 audiant,
1847 5107 2096 5160 morbum
2122 5123 2188 5160 ex

609 5192 982 5258 recubatione,
1018 5205 1163 5251 tactu
1194 5207 1526 5266 aspectuque
1557 5207 1917 5268 augurantur,
1948 5197 2189 5251 medica-

611 5286 926 5356 tionemque
950 5304 1248 5358 congruam
1278 5290 1587 5361 proferunt,
1640 5304 1816 5360 neque
1848 5289 2060 5358 inopes,
2091 5303 2187 5341 ne-

610 5393 718 5446 que
770 5394 940 5448 reges,
991 5396 1166 5450 neque
1209 5383 1379 5437 ullum
1429 5392 1745 5438 sanctorum
1804 5380 2184 5444 recordantes,

611 5469 702 5536 qui
735 5470 966 5525 infirmis
996 5485 1408 5528 succurrerunt.

2298 4567 2316 4599 ι
2349 4548 2411 4601 Εἰ
2444 4541 2539 4599 οὖν
2573 4545 2676 4615 ἐμὲ
2709 4543 2945 4612 ζητεῖτε,
2979 4543 3146 4611 ἄφετε
3178 4543 3400 4606 τούτους
3431 4541 3682 4608 ὑπάγειν,
3718 4557 3739 4590 ι
3789 4541 3900 4608 δη-

2289 4639 2467 4692 λονότι
2502 4637 2631 4700 τοὺς
2683 4634 2956 4706 μαθητάς.
3012 4634 3232 4688 Μᾶλλον
3267 4633 3322 4686 δὲ
3357 4633 3453 4686 καὶ
3500 4631 3899 4698 κατεπεμὸαί-

2287 4746 2440 4785 νουσι
2488 4728 2750 4790 πολλάκις
2789 4724 2898 4778 τῶν
2924 4725 3201 4787 ἀσθενῶν,
3235 4725 3333 4777 καὶ⁵
3370 4721 3712 4792 ὲπιχαίρουσι
3751 4723 3899 4775 τού-

2285 4841 2422 4888 τοις,
2448 4821 2795 4891 Κακωθήτω,
2822 4818 3096 4886 λέγοντες,
3131 4817 3192 4868 οὐ
3223 4814 3494 4884 συμφέρει
3516 4812 3666 4882 αύτῷ
3702 4815 3900 4883 spem.

2296 4917 2454 4985 μένον
2512 4910 2676 4967 εἶναι.
2730 4911 2825 4974 Τίς
2869 4911 3024 4979 ἅγιος
3065 4904 3188 4962 εἷπε
3239 4907 3398 4960 τοῦτό
3453 4920 3614 4958 ποτε·
3673 4908 3778 4958 καὶ
3832 4909 3897 4960 ού

2298 5007 2496 5080 μᾶλλον
2533 5005 2733 5075 ἠλέησε
2777 5003 2874 5056 καὶ
2904 5000 3240 5068 ἐθεράπευσε
3267 5017 3281 5064 ;
3305 4999 3544 5066 γίνονται
3584 4996 3643 5049 δὲ
3694 4998 3803 5050 καὶ
3841 4999 3899 5062 ἐξ

2294 5098 2598 5170 ὑπεροψίας
2638 5100 2733 5151 καὶ
2780 5094 3157 5167 στρεϐλολόγοι
3182 5107 3194 5122 ·
3241 5092 3335 5144 καὶ
3369 5090 3594 5156 ἀναξίαν
3628 5090 3898 5159 κρίνουσι

2295 5195 2394 5261 τὴν
2441 5187 2684 5260 ἰατρείαν
2727 5187 2806 5256 τῷ
2861 5183 3168 5254 μοναδικῶς
3214 5179 3639 5250 πολιτευομένῳ,
3677 5182 3736 5232 ὲν
3778 5182 3901 5250 ὅσῳ

2298 5284 2454 5339 αὑτοὶ
2484 5284 2657 5352 ὑγιεῖς
2686 5281 2795 5333 εἰσι
2817 5295 2830 5306 ·
2869 5281 2980 5339 τοῖς
3013 5277 3233 5344 ἀλόγοις
3256 5274 3463 5344 ταύτην
3500 5272 3702 5341 μᾶλλον
3750 5274 3900 5326 ἴδιον

2297 5372 2436 5429 εἶναι
2490 5372 2841 5441 νομίζοντεςο
2906 5371 3001 5422 καὶ
3076 5368 3187 5437 γὰρ
3266 5367 3422 5420 αὐτοὶ
3470 5365 3538 5418 τά
3588 5365 3702 5416 τῶν
3755 5365 3900 5418 ἁλό-

2300 5485 2411 5538 γων
2449 5466 2523 5537 μὴ
2557 5465 2883 5532 πάσχοντες,
2926 5463 3061 5532 μήτε
3097 5459 3282 5530 φωνὴν
3336 5457 3520 5510 αὐτῶν
3561 5457 3896 5520 ἀκούοντες,

610 5563 760 5631 ὅμως
815 5566 880 5617 ἐκ
929 5566 1028 5634 τῆς
1085 5567 1484 5635 κατακλίσεως,
1559 5569 1620 5621 ἐκ
1671 5571 1768 5641 τῆς
1813 5571 1986 5640 ἁφῆς,
2024 5572 2088 5623 ὲκ
2123 5570 2222 5640 τῆς
2255 5569 2528 5640 ὁράσεως,
2566 5562 2919 5634 στοχάζονται
2947 5560 3045 5629 τὴν
3073 5559 3246 5622 νόσον,
3289 5557 3383 5610 καὶ
3411 5573 3509 5624 την
3576 5555 3896 5624 θεραπείαν

685 5743 729 5778 ίδ
767 5743 928 5798 Hebr.
963 5760 1009 5808 v,
1050 5745 1091 5807 ί,
1129 5747 1179 5799 Si.
1260 5749 1299 5778 ⁸³
1343 5745 1534 5800 Ezech.
1573 5762 1755 5810 xxxiv,
1790 5746 1841 5798 2.

1903 5749 1964 5794 ,³⁵
2007 5746 2178 5802 Exod.
2213 5758 2388 5804 mut,
2414 5742 2500 5796 3‘2.

2584 5741 2621 5772 ¹⁷
2665 5739 2707 5795 11
2735 5739 2864 5808 Ιὶι-κ.
2903 5754 3047 5802 sxw,
3091 5735 3170 5790 l7.
3253 5735 3292 5766 ’⁸
3332 5732 3492 5788 Joan.
3524 5749 3683 5797 xvnt,
3722 5738 3775 5788 8.
