3934 6524
86 423 263 488 1315
1180 421 1276 480 DE
1310 421 1545 481 DlVlN.
1592 422 1873 481 SCRIPT.
1911 423 2358 484 :UTILITATE.
3242 428 3377 492 13i6

82 540 462 610 κατάλληλον
506 540 693 602 αὐτοῖς
744 538 1144 608 προφέρουσιν·
1206 537 1327 590 οὔτε
1379 536 1742 607 ἁναργύρους,
1783 536 1906 590 οὕτε
1967 540 2255 608 βασίλειον,
2288 540 2409 593 οὔτε
2436 543 2560 595 τινὰ
2589 544 2695 597 τῶν
2724 544 2894 613 ἁγίων
2942 544 3099 598 ἄλλον
3141 550 3215 610 είς
3255 550 3378 601 νοῦν

84 634 514 702 λαμϐάνοντες,
546 633 658 691 τοῖς
684 628 1002 683 ἀσθενοῦσιν
1034 628 1451 698 ἐπικουροῦντα.

175 731 408 798 Ὥσπερ
451 728 507 780 δὲ
558 728 649 778 ἐπὶ
685 725 797 777 τῶν
836 724 1165 794 σωματικῶν
1191 723 1402 787 τούτοις
1427 725 1486 776 ού
1526 724 1688 795 μέλει,

1878 724 1948 778 Ut
1995 726 2199 778 nullam
2249 729 2493 795 corporis
2539 744 2726 781 curam
2762 729 3003 794 habent,
3042 731 3119 783 sic
3173 731 3376 784 nullam

84 820 258 871 οὕτω
296 818 369 883 δὴ
403 818 496 870 καὶ
538 817 630 869 ἐπὶ
667 818 775 868 τῶν
814 814 1082 885 ψυχικῶν,
1123 815 1525 882 Ἀδοκιμάστως
1563 818 1688 869 ἀπο·

1806 814 2021 867 animm.
2056 816 2395 871 Accedenu-s
2424 818 2489 869 ad
2522 835 2579 871 se
2611 819 2726 873 sine
2766 821 3085 887 probatione
3130 823 3375 884 tondent,

89 911 370 978 κείρουσι
400 911 527 970 τοὺς
564 908 1036 979 προσερχομένους
1056 924 1069 939 ·
1103 904 1221 963 εἶτα
1252 908 1587 979 ἑξορίζουσιν
1624 912 1688 973 είς

1806 923 2009 976 perque
2070 909 2214 961 mille
2284 910 2399 964 ioca
2470 910 2612 963 invia
2677 920 2948 975 amovcnt,
3004 912 3252 981 (scilicet)
3307 916 3376 968 ad

94 1001 325 1069 μυρίας
385 1000 634 1062 ἀνοδίας·
694 1001 751 1051 ἑν
798 999 1096 1070 βουκολίοις
1153 1001 1248 1053 καί
1294 1000 1556 1064 αἰπολίοις
1609 1002 1688 1054 καἸ

1802 998 1990 1063 boum,
2022 1014 2330 1069 caprarum,
2360 1003 2650 1071 oviumque
2680 1018 2901 1071 pascua,
2938 1006 3003 1058 ad
3039 1008 3369 1071 molendina,

92 1091 394 1158 ποιμνίοις
427 1090 519 1142 καὶ
553 1088 778 1158 μύλωσι,
812 1090 906 1141 καὶ
944 1092 1057 1151 τοῖς
1088 1091 1312 1160 ὁμοίοις,
1374 1092 1517 1163 ἆπερ
1550 1094 1688 1146 αύτο¹

1803 1091 2020 1158 aliaque
2047 1092 2244 1146 similia
2274 1094 2341 1145 ab
2366 1094 2494 1161 ipsis
2524 1102 2577 1147 et
2607 1095 2848 1161 ipsorum
2898 1099 3134 1151 consciis
3168 1098 3219 1151 in
3248 1114 3370 1167 per-

92 1185 201 1236 καὶ
240 1184 293 1234 οἱ
335 1182 550 1244 τούτοις
582 1182 1002 1250 συμφράδμονες
1036 1180 1263 1252 ἐφεῦρον
1291 1183 1369 1244 είς
1396 1200 1688 1253 καταστρο-

1800 1183 2062 1237 ditionem
2099 1184 2405 1237 animarum
2444 1186 2682 1240 inventa.
2730 1188 2795 1241 Et
2842 1190 3167 1258 adimpletur
3199 1192 3251 1244 in
3293 1192 3372 1244 eis

96 1276 212 1344 φὴν
241 1274 360 1327 τῶν
388 1273 575 1344 ψυχῶν
602 1273 802 1327 αὐτῶν.
847 1274 954 1326 Καὶ
990 1274 1349 1342 πεπλήρωται
1400 1276 1485 1326 ἐπ’
1517 1276 1688 1337 αὐτοῖς

1801 1278 2023 1328 verbum
2078 1276 2289 1327 Domini
2322 1278 2388 1328 ad
2421 1278 2641 1331 Scribas
2702 1289 2754 1331 et
2791 1279 3131 1334 l'hariszeos:
3171 1300 3188 1332 ι
3228 1281 3372 1335 Mare

93 1372 159 1417 τὸ
187 1366 293 1419 τοῦ
332 1366 539 1436 Κυρίου
569 1366 703 1438 πρὸς
729 1366 852 1427 τοὺς
879 1366 1234 1435 Γραμματεῖς
1258 1368 1348 1419 καὶ
1374 1368 1688 1438 Φαρισαίους

1800 1374 1854 1419 ct
1888 1376 2063 1420 terras
2092 1366 2412 1434 percurritis
2445 1367 2510 1419 ad
2550 1383 2716 1420 unum
2750 1370 3077 1439 proselytam
3118 1386 3369 1438 quaeren-

93 1459 413 1529 εἰρημένον
438 1474 452 1489 ⁶
492 1480 508 1509 ι
541 1459 660 1511 ὐτι
694 1460 1017 1529 περιάγουσι
1053 1458 1148 1528 τὴν
1178 1458 1452 1512 Θάλασσαν
1480 1461 1572 1511 καὶ
1599 1460 1688 1531 τὴι

1798 1458 1950 1521 dum,
1997 1474 2183 1527 quem,
2230 1473 2354 1511 cum
2394 1458 2712 1524 invenistis,
2750 1459 2961 1514 cliicitis
2991 1462 3250 1529 gehennae
3301 1464 3367 1517 ll-

93 1550 309 1618 ξηράν,
347 1550 573 1618 ποιῆσαι
614 1550 709 1602 ’ἐνα
751 1549 1107 1620 προσήλυτον,
1141 1550 1234 1602 καὶ
1278 1551 1405 1603 ὃταν
1448 1551 1688 1621 γένηται,

1798 1551 1952 1612 lium,
2005 1551 2171 1618 duplo
2220 1565 2382 1617 quam
2438 1553 2615 1605 vos”.
2656 1571 2673 1602 ι
2710 1552 2813 1605 Sed
2853 1554 2922 1605 ita
2993 1570 3080 1608 res
3142 1570 3200 1609 se
3266 1557 3366 1609 ha-

93 1642 368 1695 ποιοῦσιν
426 1643 587 1696 αὑτὸν
631 1642 746 1694 υἱὸν
784 1643 1029 1711 γεέννης,
1078 1642 1392 1713 διπλότερον
1439 1643 1688 1696 αύτῶν.ι

1796 1642 1943 1696 bcnt.
1973 1643 2111 1708 Quid
2145 1644 2294 1697 dictu
2326 1660 2473 1697 nunc
2502 1645 2813 1713 reliquum?
2840 1645 3117 1699 Continuo
3147 1647 3212 1701 de
3239 1663 3369 1702 con-

104 1734 261 1787 Ἀλλ’
300 1734 446 1788 οὕτω
495 1735 595 1804 μὲν
625 1736 824 1788 ταῦτα.
857 1736 921 1787 Τί
969 1736 1025 1788 δὲ
1078 1737 1156 1788 ἔτι
1194 1736 1441 1788 λείπεται
1484 1736 1688 1798 είπεῖν;

1797 1734 2032 1789 fessione
2055 1744 2108 1788 et
2128 1736 2444 1804 poenitentia
2471 1736 2777 1804 loquamur.
2803 1735 2955 1790 Unde
2987 1738 3144 1792 nobis
3164 1739 3230 1790 de
3251 1738 3371 1792 istis

94 1824 379 1891 Εἴπωμεν
405 1822 589 1892 ἀκμὴν
622 1826 748 1892 περὶ
778 1824 1213 1894 ἑξομολογήσεως
1254 1826 1346 1877 καὶ
1379 1826 1688 1894 μετανοίας·

1798 1825 1930 1879 iides
1954 1826 2135 1879 venit?
2161 1826 2235 1878 Ex
2268 1842 2421 1880 sacra
2451 1826 2734 1893 Scriptura
2767 1826 3012 1880 omnino.
3040 1825 3092 1878 In
3128 1826 3366 1880 medium

94 1915 279 1966 πόθεν
312 1914 369 1967 δὲ
410 1916 501 1968 καὶ
538 1914 709 1968 ταῦτα
750 1916 947 1986 ἔχομεν
995 1918 1411 1981 πιστώσασθαις
1462 1919 1554 1970 Ἐκ
1597 1918 1688 1987 τῆς

1796 1918 2119 1970 inducamus
2153 1918 2440 1986 antiquum
2477 1916 2732 1979 Lamech,
2765 1931 2889 1970 cum
2942 1920 2992 1969 in
3050 1918 3143 1970 tali
3198 1933 3367 1971 causa

94 2007 271 2073 ἁγίας
317 2007 538 2077 Γραφῆς
569 2008 787 2072 πάντως
809 2025 823 2039 '
854 2010 946 2061 καὶ
974 2013 1053 2073 εἰς
1091 2012 1256 2078 μέσον
1284 2012 1579 2079 ἀγάγωμεν
1604 2010 1688 2063 τὸν

1797 2023 1970 2075 usque
2015 2009 2080 2060 ad
2131 2024 2254 2061 cum
2308 2007 2621 2075 genealogia
2677 2005 3022 2073 (repetatur),
3081 2007 3364 2073 quomodo

94 2097 281 2150 πάλαι
309 2097 518 2167 Λάμεχ·
548 2098 671 2152 ἐπεὶ
696 2100 791 2152 καὶ
822 2098 907 2151 διὰ
933 2077 1099 2152 τοῦτο
1123 2100 1311 2171 μέχρις
1336 2077 1505 2155 αὐτοῦ
1535 2103 1565 2171 ἡ
1598 2120 1688 2169 γε-

1803 2098 1957 2150 Caini
2004 2099 2249 2166 exemplo
2282 2099 2347 2150 ad
2388 2098 2710 2163 sapientiam
2743 2106 3046 2156 revocatus,
3079 2096 3365 2164 factusque

95 2189 393 2256 νεαλογία·
423 2190 570 2252 ὅπως
611 2190 700 2243 διὰ
741 2189 833 2242 τοῦ
876 2190 1014 2243 Κάῖν
1057 2184 1211 2254 οὗτος
1263 2193 1647 2261 σωφρονισθείς
1674 2211 1688 2225 ·

1795 2193 2082 2261 poeuiteus,
2102 2193 2299 2244 vulnus
2325 2206 2352 2242 a
2390 2205 2448 2244 se
2481 2189 2741 2241 inﬂictnm
2779 2188 3132 2243 homicidium
3170 2189 3363 2242 existi-

100 2280 418 2349 μετανοῶν,
445 2280 640 2333 ἑαυτοῦ
670 2281 892 2352 τραῦμα
919 2282 1132 2351 ἡγεῖται
1158 2282 1248 2334 τὸν
1284 2282 1466 2350 φόνον.
1500 2284 1688 2336 Πολλα-

1795 2299 1973 2346 maus,
2003 2284 2239 2337 debitam
2276 2283 2376 2335 sibi
2414 2297 2629 2351 pinnam
2659 2281 2981 2348 multiplicat
3020 2280 3231 2347 proavi,
3280 2279 3364 2332 rli-

98 2372 406 2435 πλασιάζει
440 2376 548 2442 γὰρ
584 2372 761 2442 ἑαυτῷ
785 2373 884 2443 τὴν
906 2372 1177 2442 τιμωρίαν
1202 2373 1292 2426 τοῦ
1325 2375 1688 2445 προπάτορος·

1795 2392 1922 2429 Ceus
1951 2394 1963 2428 :
2005 2395 2023 2425 ι
2067 2376 2200 2440 Quia
2234 2390 2391 2444 poena
2437 2390 2465 2427 e
2494 2374 2664 2426 Caino
2698 2373 2897 2441 septies
2957 2382 3167 2436 exacta,
3200 2388 3229 2425 e
3256 2371 3361 2424 La-

99 2461 201 2512 καί
232 2477 432 2530 φησιν·
468 2481 485 2511 ι
524 2461 647 2512 Ὅτι
683 2462 910 2524 ἑπτάκις
942 2461 1285 2531 ἑκδεδίκηται
1315 2464 1379 2514 ἑκ
1421 2463 1590 2515 Κὰῖν·
1628 2464 1688 2514 ἐκ

1795 2465 1946 2519 mer
2002 2464 2371 2533 scptuagesies
2430 2464 2631 2532 septies
2691 2464 3038 2532 exigetur";
3074 2482 3091 2512 ι
3155 2463 3362 2516 Cainus

98 2553 160 2605 δὲ
196 2553 395 2623 Λάμεχ
460 2553 916 2623 ἑϐδομηκοντάκις
952 2555 1108 2607 ἑπτά.
1150 2574 1169 2606 ι
1216 2556 1374 2607 ’Πτοι
1411 2556 1561 2626 παρὰ
1594 2556 1688 2624 μὲν

1795 2554 2032 2624 quidem,
2070 2555 2161 2624 qui
2192 2568 2520 2622 niagqucre
2551 2553 2811 2621 peccavit,
2847 2552 3117 2606 homicida
3162 2555 3362 2620 septies

100 2644 203 2698 τοῦ
236 2646 380 2699 Κάῖν
418 2644 493 2708 ὠς
534 2646 745 2714 μεγάλα
780 2646 1221 2716 ἁμαρτήσαντος,
1263 2646 1492 2708 ἑπτάκις
1524 2647 1688 2711 ἐξεδι-

1795 2647 2017 2715 punitus
2050 2646 2181 2707 fuit;
2214 2662 2312 2715 ego
2344 2658 2545 2707 autem,
2580 2645 2670 2713 qui
2703 2645 2876 2698 multo
2910 2644 3110 2713 magis,
3146 2652 3363 2711 septua-

102 2736 255 2806 κήθη
304 2740 331 2790 ὁ
365 2738 522 2804 φόνος
546 2754 560 2767 ·
610 2739 668 2802 ἑξ
706 2738 837 2808 ἐμοῦ
883 2740 939 2792 δὲ
981 2740 1058 2801 ὼς
1090 2741 1370 2793 καταπολὺ
1405 2741 1687 2809 μειζόνως,

1795 2738 1967 2801 gcsies
1994 2739 2213 2806 septies.
2247 2736 2616 2809 (lnducamus)
2655 2745 2703 2789 ct
2741 2735 3001 2789 Davidem
3044 2751 3074 2789 a
3115 2734 3362 2788 Nathaue

102 2830 572 2898 ἑῦδομηκοντάκις
627 2832 765 2885 ἑπτά
822 2831 1241 2902 ἑκδικηθήσεται
1273 2851 1287 2863 ·
1349 2834 1430 2885 ἔτι
1485 2834 1543 2886 δὲ
1600 2834 1688 2886 τὸν

1795 2830 2206 2897 reprehensum,
2238 2830 2427 2882 Achab
2452 2829 2522 2881 ab
2559 2826 2697 2890 Elia,
2731 2826 3017 2881 Manassen
3066 2842 3094 2880 a
3144 2826 3361 2895 propria

104 2922 280 2973 Δαυῒδ
308 2921 664 2992 ἐλεγχόμενον
696 2923 800 2976 ὑπὸ
837 2924 929 2976 τοῦ
954 2924 1142 2977 Νάθαν
1162 2940 1176 2955 ·
1202 2926 1293 2978 τὸν
1331 2926 1555 2994 Ἀχαά6,
1586 2926 1688 2979 ὑπὸ

1795 2921 2148 2983 conscientia,
2183 2919 2471 2983 Ninivitas,
2502 2920 2722 2972 Petrum
2746 2960 2759 2984 ,
2792 2918 2883 2987 qui
2913 2919 3228 2986 penitentia
3259 2919 3363 2971 mi-

118 3011 308 3063 Ἰίλίου
327 3028 341 3043 ο
376 3012 466 3065 τὸν
495 3014 726 3083 Μανασῆ
750 3014 854 3066 ὑπὸ
877 3014 969 3068 τοῦ
992 3016 1193 3068 οἰκείου
1220 3016 1538 3080 συνειδότος·
1566 3019 1691 3081 τοὺς

108 3101 408 3167 Νινευίτας
433 3119 445 3133 ·
475 3104 564 3157 τὸν
593 3105 814 3174 Πέτρον.
847 3107 1057 3169 Οῖτινες
1081 3107 1387 3179 ἠλεήθησαν
1410 3108 1497 3161 διά
1524 3127 1690 3179 μετα-

106 3193 265 3256 νοίας
284 3210 297 3222 ·
331 3192 521 3261 ὥσπερ
552 3197 879 3259 τούναντίον,
910 3199 959 3251 οἱ
991 3197 1064 3268 μὴ
1094 3201 1541 3270 μετανοήσαντες.
1569 3202 1690 3255 Ὅτι

105 3284 168 3337 δὲ
215 3288 284 3355 τῇ
330 3286 586 3357 μετανοίᾳ
627 3289 719 3340 καὶ
750 3288 1133 3359 ἐξομολογήσει
1167 3291 1262 3344 καὶ
1294 3293 1418 3354 τοὺς
1446 3293 1692 3361 καρποὺς

1792 3013 2173 3072 sericordiam.
2207 3011 2675 3080 impmuitentihus
2724 3020 2972 3079 negatam
3009 3018 3136 3065 sunt
3164 3025 3361 3063 conse-

1791 3103 1925 3157 cuti.
1950 3101 2288 3156 Prenitentia:
2312 3117 2440 3156 vero
2468 3111 2521 3155 et
2542 3100 2873 3155 confessioni
2906 3116 3036 3155 suos
3067 3102 3363 3155 succedere

1792 3192 2004 3247 fructus
2068 3194 2345 3247 discemus
2377 3209 2442 3245 ex
2478 3193 2636 3246 modo
2698 3193 2886 3255 dictis,
2919 3192 3012 3247 sed
3047 3194 3264 3261 planius
3293 3206 3362 3245 ex

1794 3300 1941 3338 nunc
1986 3284 2204 3337 citaudo
2238 3284 2553 3353 evangelico
2579 3284 2645 3337 de
2672 3282 2881 3337 Joanne
2910 3285 3075 3337 verbo
3104 3302 3116 3336 :
3150 3303 3169 3333 ι
3198 3282 3362 3346 Τυιιι,

107 3375 293 3429 αὐτῶν
325 3377 555 3431 ἔπεσθαι
587 3378 685 3441 δεῖ,
721 3380 987 3449 μάθοιμεν
1014 3382 1079 3435 ἂν
1133 3383 1225 3435 καὶ
1265 3382 1373 3435 ἀπὸ
1404 3384 1513 3435 τῶν
1539 3385 1688 3452 εἰρηο

1795 3376 2015 3435 dicitnr,
2054 3386 2322 3428 venerunt
2350 3377 2415 3429 ad
2452 3392 2577 3429 cum
2613 3375 2795 3429 omnis
2824 3374 3150 3438 Jerusalem,
3183 3376 3364 3429 omnis

112 3466 323 3535 μένων·
356 3468 557 3538 μᾶλλον
588 3469 641 3523 δὲ
672 3473 735 3523 ἐκ
773 3471 863 3524 τοῦ
898 3472 995 3524 νῦν
1027 3472 1405 3543 ῥηθησομένου
1451 3475 1688 3542 εὐαγγε-

109 3558 265 3611 ὶικοῦ
308 3559 470 3631 ῥητοῦ
522 3563 649 3631 περὶ
680 3562 772 3614 τοῦ
803 3563 1050 3617 Ἰωάννου
1077 3580 1090 3594 ·
1134 3583 1152 3616 ι
1189 3565 1346 3629 Τότε,
1387 3566 1573 3636 φησὶν,
1603 3565 1688 3630 ἑξ-

110 3650 403 3720 επορεύετο
436 3652 573 3722 πρὸς
613 3653 775 3705 αὐτὸν
830 3656 981 3709 πᾶσα
1021 3655 1368 3727 Ἰεροσόλυμα
1416 3657 1511 3709 καὶ
1542 3659 1690 3711 πᾶσα

125 3742 378 3805 Ἰουδαία,
420 3744 515 3797 καὶ
542 3745 690 3796 πᾶσα
721 3746 752 3813 ἡ
790 3746 1097 3816 περίχωρος
1128 3746 1223 3800 τοῦ
1261 3748 1557 3816 Ἰορδάνου·
1595 3751 1691 3802 κα)⁸

114 3832 468 3896 ἑὸαπτίζοντο
512 3835 570 3887 ἐν
596 3835 671 3905 τῷ
712 3837 950 3908 Ἰορδάνῃ
982 3838 1073 3890 ὑπ’
1097 3838 1259 3890 αὐτοῦ
1284 3855 1297 3870 ο
1330 3838 1686 3907 ἐξομολογού-

117 3939 273 3989 μενοι
319 3922 417 3985 τὰς
470 3924 744 3993 ἁμαρτίας
796 3927 999 3979 αὐτῶν.
1043 3925 1186 3980 Ἰδὼν
1220 3927 1277 3980 δὲ
1311 3928 1538 3990 πολλοὺς
1580 3928 1689 3980 τῶν

114 4014 425 4085 Φαρισαίων
466 4018 563 4069 καὶ
602 4016 973 4072 Σαδδουκαίων
998 4018 1327 4088 ἐρχομένους
1360 4020 1453 4073 ἐπὶ
1494 4020 1554 4073 τὸ
1587 4020 1687 4089 βά-

118 4123 326 4174 πτισμα
372 4106 561 4171 αὑτοῦ,
617 4103 771 4162 εἶπεν
818 4112 1033 4173 αὐτοῖς·
1079 4112 1398 4181 Γεννήματα
1442 4113 1686 4181 ἐχιδνῶν·

116 4199 201 4257 τίς
231 4196 506 4261 ὑπέδειξεν
531 4199 660 4268 ὑμῖν
684 4204 874 4269 φυγεῖν
905 4202 1012 4254 ἀπὸ
1033 4204 1129 4271 τῆς
1154 4203 1454 4273 μελλούσης
1485 4205 1685 4275 ὀργῆςς

120 4289 375 4355 ποιήσατε
404 4284 496 4342 οὖν
528 4293 776 4361 καρποὺς
802 4293 987 4358 ἀξίους
1009 4295 1108 4363 τῆς
1141 4297 1428 4364 μετανοίας
1448 4313 1463 4328 ο
1484 4298 1578 4349 καὶ
1617 4297 1689 4369 μὴ

120 4376 304 4444 δόξητε
365 4377 544 4445 λέγειν
608 4383 665 4432 ἐν
728 4383 981 4446 ἑαυτοῖς,
1053 4386 1272 4455 Πατέρα
1332 4386 1529 4455 ἔχομεν
1597 4388 1690 4441 τὸν

135 4464 400 4537 Ἀὃραάμ.
440 4487 459 4519 ι
490 4469 675 4522 Ταῦτα
701 4472 766 4523 ἑκ
792 4473 1002 4525 πολλῶν
1051 4475 1213 4544 χάριν
1247 4478 1689 4547 παραδείγματος

124 4558 458 4628 προύθέμην,
516 4561 591 4624 ὡς
621 4564 898 4632 καταρχὰς
922 4566 1189 4635 είρήκειν,
1234 4567 1321 4620 ἵνα
1348 4567 1519 4635 γνῶτε
1551 4570 1627 4632 ὡς
1652 4572 1684 4640 ἡ

125 4649 241 4702 θεία
302 4651 492 4723 Γραφή
562 4656 708 4706 ἑστιν
772 4658 804 4725 ή
870 4656 1180 4723 φωτίζουσα
1218 4661 1389 4729 ἡμᾶς.
1438 4662 1546 4714 Καὶ
1600 4661 1688 4715 διὰ

1791 3466 1997 3528 Jndaea,
2024 3482 2325 3535 omnesque
2359 3468 2503 3521 circa
2531 3466 2823 3520 Jordanem
2859 3466 3192 3528 habitantes,
3214 3476 3265 3520 et
3297 3468 3365 3520 ab

1790 3573 1855 3613 eo
1893 3559 1944 3611 in
1980 3557 2220 3612 Jordaue
2268 3558 2730 3625 baptizabantur,
2781 3558 3098 3611 conlitentes
3147 3567 3363 3623 peccata

1791 3666 1911 3705 sua.
1948 3650 2149 3705 Videns
2195 3659 2377 3704 autem
2412 3651 2613 3703 multos
2644 3649 2953 3704 Pharisaeos
2982 3659 3035 3703 et.
3070 3649 3366 3703 Saducmos

1790 3742 1882 3809 qui
1914 3740 1981 3794 ad
2015 3740 2345 3808 baptismum
2379 3749 2660 3802 venerant,
2690 3741 2830 3793 dixit
2863 3741 2970 3794 illis
2998 3760 3011 3793 :
3040 3738 3365 3809 Viperarum

1793 3833 2031 3895 soboles,
2056 3831 2179 3900 quis
2212 3845 2307 3883 vos
2337 3828 2525 3883 docuit
2547 3846 2577 3883 ιι
2611 3831 2791 3884 futura
2822 3830 2901 3883 ira
2931 3829 3364 3899 fugereH‘acite

1790 3938 1920 3992 ergo
1945 3923 2140 3991 dignos
2172 3919 2387 3974 fructus
2425 3920 2780 3986 poenitentiae,
2826 3934 3003 3987 neque
3033 3920 3363 3987 superbiatis

1789 4014 2036 4070 dicentes
2080 4027 2095 4063 :
2142 4010 2351 4064 Patrem
2386 4010 2649 4064 habemus
2681 4010 2955 4063 Abraham
2979 4011 3043 4064 ⁸¹.
3084 4029 3103 4061 ι
3138 4011 3240 4064 Ista
3294 4027 3363 4065 ex

1790 4104 1980 4159 multis
2009 4102 2237 4171 exempli
2270 4115 2434 4155 causa
2466 4100 2664 4169 protuli
2694 4140 2708 4163 ,
2741 4100 2883 4155 sicut
2912 4114 2942 4152 a
2972 4099 3242 4169 principio
3275 4102 3362 4155 di-

1791 4211 2002 4258 xeram,
2035 4204 2096 4249 ut
2127 4193 2315 4249 sciatis
2345 4207 2553 4248 sacram
2588 4191 2926 4260 Scripturam
2958 4207 3082 4247 esse
3112 4192 3273 4248 nobis
3304 4194 3361 4248 in

1790 4288 1989 4352 lucem,
2047 4288 2278 4355 ideoque
2328 4285 2655 4355 diligendos,
2692 4284 3117 4354 amplectendos,
3169 4288 3363 4357 acqui-

1790 4380 1991 4435 rendos
2019 4393 2209 4433 sacros
2247 4378 2437 4441 libros,
2465 4392 2768 4446 eorumque
2797 4379 2960 4431 verba
2992 4389 3244 4433 accurate
3279 4380 3360 4434 le-

1790 4472 1964 4541 genda
1991 4479 2155 4540 atque
2191 4470 2245 4523 in
2275 4477 2452 4523 mente
2484 4468 2819 4537 reponenda,
2855 4479 3027 4533 utea,
3061 4486 3184 4525 cum
3222 4486 3362 4541 opus

1789 4564 1973 4627 fuerit,
2024 4565 2076 4617 in
2125 4563 2331 4617 auxilio
2386 4561 2705 4615 habeamus.
2737 4561 2792 4614 Si
2823 4562 2966 4615 enim
3000 4563 3156 4617 libris
3188 4566 3362 4619 sacris

1793 4658 2047 4715 Christus
2074 4665 2131 4711 et
2196 4655 2451 4724 discipuli
2506 4663 2756 4720 utuntur,
2795 4656 2969 4708 nmlto
3004 4658 3175 4726 magis
3205 4660 3362 4711 nobis

123 4740 276 4794 τοῦτο
324 4743 545 4815 ἀγαπᾷν
591 4745 673 4798 δεῖ
719 4745 818 4813 τὰς
868 4748 1022 4817 ἱερὰς
1073 4748 1327 4818 βίϐλους·
1362 4752 1459 4804 καὶ
1510 4752 1688 4805 ἀσπά-

1796 4750 2029 4807 inlirmis
2054 4757 2136 4804 est
2162 4747 2448 4803 utendum.

124 4831 329 4901 ζεσθαι,
373 4839 465 4892 καὶ
487 4841 738 4905 κτάσθαι,
770 4843 864 4895 καὶ
904 4846 1141 4913 συνεχῶς
1204 4846 1591 4908 ἀναπτύσσειν,
1658 4850 1754 4901 καὶ
1790 4848 1859 4901 τὰ
1918 4847 1978 4898 ἑν
2021 4845 2211 4905 αὐταῖς
2269 4842 2516 4913 ἀκριϐῶς
2567 4842 2895 4911 διέρχεσθαι,
2936 4847 3030 4896 καὶ
3076 4846 3133 4897 ἐν
3175 4844 3255 4912 τῷ
3286 4844 3361 4912 νῷ

126 4929 471 4984 ἀποτίθεσθαι
494 4947 509 4961 ·
536 4933 600 4984 ἵν’
630 4934 756 4985 ὅταν
782 4933 874 5005 δέῃ
906 4935 1118 5004 ἔχωμεν
1140 4936 1280 4989 αὐτὰ
1337 4936 1417 5001 είς
1478 4939 1748 5010 βοήθειαν.
1790 4940 1855 4992 Εἰ
1890 4938 2000 5009 γὰρ
2042 4939 2071 4990 ὁ
2100 4935 2353 5007 ,Χριστὸς
2404 4935 2500 4987 καὶ
2541 4937 2589 4987 οί
2622 4935 2811 4987 τούτου
2855 4936 3094 5006 μαθηταὶ
3136 4938 3361 4991 ταύταις

127 5025 383 5095 χρῶνται,
412 5026 588 5097 πολλῷ
622 5028 820 5097 μᾶλλον
857 5030 1003 5098 ἡμᾶς
1025 5032 1147 5092 τοὺς
1180 5030 1424 5095 ἀσθενεῖς
1453 5035 1687 5103 χρᾶσθαι
1724 5035 1825 5088 δεῖ.

206 5120 364 5174 Ἀλλά
418 5138 617 5191 φησιν·
666 5123 1099 5190 Ἀναγινώσκων,
1159 5126 1218 5177 οὐ
1280 5128 1501 5199 συνίημι
1550 5130 1692 5201 ἅπερ

130 5212 493 5279 ἀναγινώσκω.
544 5215 722 5284 Μήτις
764 5216 954 5284 Αἰθίοψ
990 5213 1057 5277 εἷ,
1086 5218 1207 5271 είπέ
1254 5235 1375 5287 μοι·
1418 5221 1450 5290 ἢ
1485 5222 1687 5291 Ἀραψ·

130 5306 207 5357 ὅτι
234 5305 292 5356 ού
329 5303 622 5371 γινώσκεις
651 5306 751 5376 τὴν
783 5306 892 5359 τῶν
932 5309 1181 5378 Γραικῶν
1218 5310 1533 5377 διάλεκτον;
1569 5314 1690 5365 τίνα

131 5397 233 5464 γὰρ
283 5394 566 5449 δυσκολίαν
592 5397 734 5465 ἔχει·
766 5417 784 5448 ι
811 5398 997 5463 Βίϐλος
1024 5401 1289 5468 γενέσεως
1331 5402 1504 5473 Ἰησοῦ
1555 5405 1687 5474 Χρι-

134 5485 417 5546 στοῦ,υἱοῦ
455 5487 635 5553 Δαυῒδ,
668 5488 784 5542 υίοῦ
825 5489 1108 5559 Ἀϐραάμς
1149 5510 1166 5543 ι
1192 5493 1359 5546 Οὐδὲν
1400 5495 1459 5545 ὲν
1504 5495 1684 5557 αὐτοῖς

135 5578 332 5631 σκολιὸν
358 5578 476 5632 οὐδὲ
505 5581 943 5649 στραγγαλιῶδες
971 5583 1113 5635 κατά
1137 5584 1226 5636 τὸν
1252 5586 1683 5654 Παροιμιαστήν·

136 5670 297 5723 πάντα
339 5670 503 5725 εὐθέα
546 5674 663 5725 ἐστὶ
692 5674 806 5733 τοῖς
836 5673 1034 5735 νοοῦσι,
1073 5676 1168 5727 καὶ
1198 5676 1335 5745 ὀρθὰ
1376 5679 1487 5739 τοῖς
1539 5678 1687 5747 εὑρί-⁸

134 5775 312 5814 σκουσι
342 5761 577 5829 γνῶσιν·
612 5762 672 5814 ού
710 5762 819 5833 γὰρ
864 5762 1277 5835 εὐληπτοτέρως
1319 5768 1496 5819 εἰπεῖν
1532 5767 1688 5820 τοῦτο

222 5873 263 5906 ⁸³
300 5872 484 5929 Matth.
520 5891 674 5937 xxiu,
709 5876 794 5928 15.
873 5876 918 5906 ὀ
956 5875 1092 5929 Gcn.
1124 5892 1194 5940 iv,
1227 5876 1315 5931 Ἠ.

1872 5129 1977 5184 Sed
2013 5128 2195 5197 (forte)
2226 5126 2422 5195 aliquis
2444 5126 2640 5179 dixerit
2670 5143 2684 5178 :
2718 5126 3078 5195 l.egens,qua3
3106 5128 3224 5197 lego
3252 5143 3358 5182 non

1796 5221 2058 5290 intelligo.
2107 5218 2371 5273 Utrumne
2428 5217 2682 5286 AEthiops
2731 5234 2821 5280 es,
2878 5234 2946 5272 an
2993 5220 3196 5284 Arabs,
3264 5219 3357 5289 qui

1796 5311 2114 5366 Graecorum
2170 5310 2458 5363 dialectum
2512 5310 2762 5376 ignores?
2786 5309 3087 5375 Quamnam
3120 5314 3357 5379 praebent

1793 5402 2157 5457 diﬂicnltatem
2221 5401 2479 5471 (verba):
2543 5420 2560 5452 ι
2600 5400 2760 5455 Liber
2810 5404 3170 5471 generationis
3226 5401 3360 5457 Iesu

1792 5495 2021 5560 Christi,
2053 5494 2145 5548 ﬁlii
2214 5494 2402 5557 David,
2443 5493 2538 5548 lilii
2569 5495 2841 5549 Abraham
2863 5495 2941 5547 ἠ
2972 5514 2991 5545 ι
3023 5494 3167 5548 Nihil
3216 5496 3363 5565 apud

1794 5598 2069 5642 auctorem
2121 5587 2536 5641 Proverhiorum
2593 5596 2794 5640 tortum
2844 5598 2938 5642 aut
2986 5588 3363 5657 implicatum;

1794 5681 1974 5734 oinuia
2021 5679 2449 5748 intelligentibus
2496 5680 2677 5748 plana,
2714 5688 2970 5749 rectaque
3005 5696 3227 5736 sensum
3278 5682 3361 5735 in-

1798 5772 2174 5837 venientibus;
2212 5784 2369 5824 nemo
2402 5772 2638 5827 lucidius
2691 5783 2873 5842 posset
2904 5775 3104 5828 dicere.
3145 5773 3358 5829 Etenim

1412 5880 1453 5911 ²¹
1493 5880 1649 5936 Joan.
1684 5898 1763 5948 ιιι,
1794 5884 1910 5937 5-9.
1988 5886 2031 5915 "
2072 5884 2259 5940 Matth.
2291 5899 2336 5945 ι,
2368 5884 2419 5941 1.
