3994 6546
500 429 634 495 1347

1740 428 2076 488 PACllOMl
2092 429 2113 486 Ι
2183 427 2523 486 MONACHI

3680 422 3827 483 1343

498 551 541 603 si
582 545 679 601 tibi
710 546 890 600 dicam
940 544 1315 615 genealogiam
1370 543 1665 615 signiﬁcari
1712 545 1797 598 his
1849 544 2069 596 verbis:

2206 541 2474 611 ἱυνήσεταί
2520 559 2602 603 τις
2628 558 2641 572 ·
2690 542 2737 592 εί
2776 540 2885 611 γὰρ
2914 539 3052 593 ετπω
3093 556 3214 592 σοι·
3266 540 3379 607 Τὴν
3423 536 3826 607 γενεαλογίας

501 639 663 692 Liber
696 636 1100 707 generationis,
1139 637 1269 690 mihi
1308 637 1525 705 reponis
1560 653 1573 689 :
1606 633 1746 700 Quid
1771 644 1854 688 est
1887 648 2083 703 genea-

502 732 682 801 logia?
736 729 846 785 lloc
887 740 973 784 est
1021 728 1178 797 quasi
1244 710 1548 795 interroges
1592 727 1723 796 quid
1780 727 1853 781 sit
1916 728 2081 796 ἄρτος

505 823 750 894 (panis),
783 822 917 876 mihi
965 830 1145 875 autem
1189 821 1537 891 respondenti
1569 840 1582 875 :
1632 821 1829 890 Ἀρτος
1855 828 1938 874 est
1969 818 2083 887 ψω-

506 916 649 982 μίον,
675 915 857 968 denuo
884 914 1129 968 diceres:
1153 912 1291 979 Quid
1319 923 1400 967 est
1422 912 1672 983 ψωμίονῖ
1696 911 1825 966 Illud
1856 911 2082 965 verbum

506 1008 651 1061 unde
698 1015 879 1061 ortum
926 1021 1253 1060 conaremur
1286 1005 1580 1074 explicare,
1626 1014 1685 1057 ut
1728 1004 1911 1059 ferunt
1949 1004 2079 1056 olim

508 1102 621 1170 regi
658 1100 976 1169 EthiOpum
1032 1098 1404 1169 speculatores
1446 1097 1723 1167 Cambysi.
1772 1097 1983 1152 Pariter
2039 1094 2083 1148 si

511 1193 642 1246 mihi
701 1192 902 1246 dicenti
960 1190 1218 1244 Davidem
1257 1189 1461 1244 Christi
1523 1204 1784 1258 proavum
1834 1203 1977 1245 esse.
2033 1198 2087 1240 et

512 1286 884 1338 Abrahamum
940 1282 1183 1344 Davidis,
1236 1279 1779 1350 respondeas:Quis
1832 1288 1914 1333 est
1965 1278 2089 1331 hic?

513 1378 636 1447 quis
670 1389 751 1430 est
780 1375 907 1429 ille?
932 1374 1196 1444 quando?
1225 1372 1355 1426 ubi?
1386 1373 1534 1442 quali
1570 1372 1804 1442 genere?
1833 1385 1951 1440 qua:
1978 1386 2085 1424 non

514 1476 749 1539 possunt
800 1468 853 1520 in
912 1467 1102 1519 eodem
1141 1474 1380 1532 tempore
1415 1464 1701 1533 explicari,
1736 1463 1963 1517 historia
2004 1463 2089 1515 hi-

516 1562 745 1615 storiam
800 1558 1157 1629 praecedente,
1192 1557 1529 1625 longumque
1563 1562 1823 1609 conatum
1880 1554 2089 1608 deside-

518 1661 660 1704 rant.
691 1648 806 1704 Non
840 1650 937 1703 ista
973 1649 1267 1713 dicuntur;
1300 1648 1394 1701 sed
1428 1663 1440 1695 :
1478 1647 1583 1699 alia
1632 1644 1930 1714 Scriptum
1976 1645 2092 1698 dia-

518 1740 691 1793 lectus
718 1746 824 1801 est,
869 1746 921 1791 et
953 1737 1098 1790 illius
1147 1736 1501 1790 obscuritatis
1546 1745 1801 1788 auctores
1832 1744 1957 1788 sunt
1997 1734 2090 1804 qui

522 1831 667 1884 illam
699 1831 1060 1897 scripserunt.
1098 1825 1214 1882 Non
1248 1827 1359 1890 isti,
1390 1836 1447 1881 nt
1468 1827 1623 1890 dicis,
1662 1837 1914 1880 auctores
1939 1834 2088 1889 sunt,

522 1924 615 1977 sed
665 1920 991 1990 negligentia
1038 1929 1246 1985 nostra,
1282 1936 1347 1973 ex
1405 1935 1471 1975 eo
1504 1920 1647 1988 quod
1676 1919 1934 1973 nolumus
1966 1934 2087 1989 pro-

524 2016 695 2083 priam
735 2014 977 2083 tinguant
1028 2013 1257 2067 discere.
1303 2011 1533 2081 Suscipe
1580 2012 1726 2081 quod
1777 2011 1874 2066 tibi
1921 2011 2095 2065 dico:

523 2103 835 2158 Gmcorum
868 2103 1135 2158 dialectus
1158 2118 1265 2157 una
1296 2102 1530 2171 primum
1557 2103 1813 2158 onmibus
1831 2112 1968 2167 erat,
1989 2120 2095 2157 non

524 2195 862 2263 discrepans,
917 2194 968 2247 id
1010 2204 1115 2260 est,
1168 2195 1499 2249 communis.
1553 2195 1657 2249 Sed
1702 2204 1823 2264 post
1858 2196 2097 2249 tribuum

526 2287 947 2356 dispersionem,
999 2286 1277 2355 separatio
1329 2286 1755 2355 discrepantiam
1803 2286 2097 2356 quamdam

527 2379 737 2443 attulit,
772 2388 825 2432 et
854 2394 919 2432 eo
949 2378 1212 2446 majorem
1243 2393 1354 2447 quo
1386 2377 1805 2433 distantioribus
1838 2378 2097 2446 tempori-

529 2470 634 2524 bus
666 2469 955 2538 migratum
992 2469 1084 2524 sit.
1122 2466 1304 2523 Prima
1340 2469 1392 2522 in
1424 2470 1635 2538 origine
1670 2470 1871 2538 (crant)
1916 2469 2096 2531 Iones,

530 2560 758 2627 Eoles,
797 2559 946 2614 Dorii
981 2569 1035 2614 et
1072 2560 1259 2625 Attici,
1290 2575 1522 2629 quorum
1560 2560 1650 2613 alii
1683 2561 1824 2613 intra
1870 2558 2101 2628 Pelopo-

532 2668 746 2716 nesum,
772 2651 861 2706 alii
892 2661 1046 2705 extra
1080 2651 1398 2705 habitabant
1423 2691 1438 2715 ,
1473 2650 1649 2705 Doriis
1706 2660 1888 2704 autem
1916 2651 2101 2704 orien-

532 2743 719 2807 talem,
736 2742 957 2796 lonibus
976 2741 1391 2805 occidentalem,
1412 2740 1664 2796 Eolibus
1681 2757 1802 2811 quae
1828 2741 1971 2795 circa
2002 2739 2105 2795 Co-

530 2834 861 2889 rinthiacum
886 2835 1064 2889 sinum
1099 2835 1591 2906 tenentibus,quod
1612 2835 1873 2889 Achaiam
1887 2843 2101 2899 vocant,

532 2927 725 2982 Atticis
756 2943 887 2981 vero
917 2928 1458 2998 Atheniensibusque
1488 2929 1787 2993 Atthidem,
1818 2944 1940 2998 quae
1975 2942 2103 2996 pars

536 3018 775 3073 llelladis
801 3029 902 3074 est.
930 3018 1125 3074 Postea
1150 3018 1339 3075 IEoles
1369 3021 1422 3074 in
1436 3020 1623 3074 Asiam
1660 3018 1975 3073 inferiorem
2006 3017 2107 3070 mi-

534 3118 761 3178 grarunt
792 3149 808 3173 ,
857 3109 1005 3165 Durii
1054 3112 1106 3164 in
1158 3112 1386 3177 insulas,
1437 3112 1579 3180 quod
1630 3124 1684 3165 et
1734 3110 1920 3164 Attici.
1975 3108 2108 3174 Quae

2182 635 2339 686 τοῦτο
2363 634 2513 703 δηλοί
2532 646 2544 659 ³
2572 633 2632 685 τὸ
2656 632 2850 694 Βίϐλος
2880 633 3167 698 γενέσεως,
3198 631 3602 703 ἀνθυπενέγκε
3614 645 3673 690 ις
3708 642 3827 694 μοι·

2182 726 2293 778 Καὶ
2318 727 2369 777 τί
2409 729 2525 779 ἐστι
2555 724 2875 793 γενεαλογία
2901 741 2917 789 ;
2944 723 3133 791 ὥσπερ
3170 723 3235 776 ἂν
3271 726 3319 775 εί
3371 724 3741 794 ἠρώτησας.
3764 718 3833 769 ΤΞ

2186 818 2337 869 ἐστιν
2367 818 2562 886 ἄρτος;
2595 815 2729 885 ἐμοῦ
2760 816 2818 868 δὲ
2850 815 3093 877 εἰπόντος
3118 833 3132 843 ·
3167 816 3243 867 Τὸ
3288 817 3491 878 κοινῶς
3548 814 3830 881 ψωμίον,

2189 904 2354 971 εἶπες
2377 908 2465 961 ἄν’
2492 909 2559 960 Τί
2586 907 2822 978 ψωμίον;
2857 908 2961 961 κᾶν
2988 908 3147 960 τοῦτο
3163 908 3523 977 ἐπειρώμεθα
3569 906 3831 960 ἀποδεῖ-

2189 1000 2298 1065 ξαι,
2338 999 2461 1052 ὅθεν
2485 999 2692 1067 γίνεται
2718 1015 2732 1029 °
2779 1000 2854 1061 ὥς
2884 998 3015 1051 ποτέ
3057 1016 3189 1067 φασι
3212 999 3340 1062 τοὺς
3391 998 3833 1058 κατασκόπους

2187 1092 2486 1163 Καμϐύσου
2531 1092 2609 1161 τῷ
2641 1092 2852 1161 βασιλεί
2885 1092 3181 1157 Αἰθιόπων,
3225 1092 3496 1153 ὡσαύτως
3530 1092 3618 1145 ἄν
3682 1090 3833 1141 alma

2189 1200 2270 1235 σοι
2299 1224 2313 1247 ,
2358 1183 2439 1236 ὃτι
2486 1182 2650 1234 Δαυῖδ
2690 1184 2787 1252 μὲν
2812 1179 2879 1251 ἧν
2903 1183 3164 1253 πρόγονος
3198 1183 3475 1255 Χριστοῦ·
3530 1181 3834 1251 Ἀὅραὰμ

2186 1275 2262 1339 δὲ,
2312 1275 2407 1327 τοῦ
2449 1274 2634 1336 Δαυῒδ,
2683 1274 2855 1335 εἴποις
2899 1275 2985 1328 ἄν’
3023 1274 3117 1338 Τίς
3142 1277 3289 1327 ἐστιν
3329 1271 3533 1339 οὗτος;
3574 1275 3696 1326 καὶ
3744 1272 3836 1333 τίς

2188 1370 2335 1421 ἐστιν
2366 1372 2568 1431 ἐκεῖνος
2592 1386 2605 1430 ;
2639 1370 2730 1421 καὶ
2758 1370 2910 1431 πότε;
2939 1370 3033 1422 καὶ
3062 1370 3183 1435 ποῦ;
3212 1373 3305 1424 καὶ
3334 1374 3632 1434 ποῖαι-τοῖς
3668 1373 3833 1439 ἄτερ

2188 1462 2448 1515 ἀδύνατον
2494 1462 2631 1531 ὁμοῦ
2663 1464 3077 1531 ἀφηγήσασθαι,
3108 1464 3197 1516 διὰ
3228 1464 3291 1516 τὸ
3336 1465 3603 1533 ἱστορίαν
3666 1466 3831 1514 irc-

2191 1553 2312 1622 ρίας
2340 1552 2581 1619 ἔχεσθαι,
2611 1554 2708 1604 καὶ
2738 1553 2931 1621 πείρας
2965 1553 3181 1606 δέεσθαι
3212 1554 3385 1607 ταῦτα
3416 1554 3677 1621 πολλῆς.
3722 1552 3831 1613 0-3,

2192 1642 2379 1710 φησιν.
2421 1642 2561 1695 Ἀλλ’
2586 1642 2720 1712 ἄλλη
2756 1646 2787 1712 ἡ
2820 1643 3099 1706 διάλεκτος
3128 1644 3227 1714 τῆς
3250 1645 3498 1715 Γραφῆς,
3534 1646 3653 1698 καὶ
3686 1646 3837 1697 ταύ-

2190 1754 2288 1805 της
2320 1737 2481 1789 αἴτιοι
2518 1738 2617 1808 τῆς
2662 1737 2923 1805 ἀσαφίας,
2966 1740 3015 1790 οἱ
3048 1738 3251 1807 ταύτην
3299 1740 3829 1809 συγγραψάμενοι.

2206 1830 2345 1884 Ἀλλ’
2370 1831 2469 1884 οὐκ
2496 1831 2659 1884 αἴτιοι
2684 1827 2848 1893 οὗτοι,
2879 1831 2954 1894 ὼς
2985 1833 3110 1901 φής’
3142 1835 3174 1901 ἠ
3193 1833 3235 1884 δ’
3256 1835 3501 1903 ἡμετέρα
3528 1834 3828 1902 ἀμέλεια,

2197 1921 2277 1991 τῷ
2303 1921 2375 1991 μὴ
2394 1920 2572 1973 θέλειν
2608 1921 2906 1991 μανθάνειν
2935 1923 3033 1992 τὴν
3059 1923 3194 1976 ἰδίαν
3222 1925 3426 1993 φωνήν·
3456 1926 3563 1975 καὶ
3590 1924 3773 1985 stiva;
3799 1923 3827 1976 ὅ

2197 2010 2342 2076 λέγω
2394 2028 2497 2064 σοι·
2535 2013 2567 2081 ἡ
2610 2011 2722 2064 τῶν
2765 2012 3029 2080 Ἑλλήνων
3060 2012 3357 2076 διάλεκτος,
3396 2015 3429 2082 η
3472 2016 3631 2081 αὑτὴ
3703 2015 3830 2075 τοῖς

2199 2105 2365 2156 πᾶσιν
2393 2101 2458 2171 ἦν
2481 2102 2737 2173 ὲξαρχῆς,
2769 2104 2932 2174 μηδὲν
2953 2104 3281 2174 διαφέρουσα
3302 2145 3318 2165 ,
3347 2107 3520 2175 ἤγουν
3548 2108 3585 2174 ἡ
3620 2109 3822 2174 κοινή·

2200 2195 2322 2248 ἐπεὶ
2370 2195 2425 2248 δὲ
2472 2195 2844 2265 διεσπάρησαν
2878 2196 3017 2249 κατὰ
3050 2195 3245 2265 φυλὰς,
3289 2196 3349 2248 τὸ
3381 2198 3823 2266 ,ἀκοινώνητσὴ

2201 2287 2295 2341 καί
2324 2305 2445 2339 τινα
2473 2287 2700 2351 διένεξιν
2728 2289 2927 2357 ἤνεγκε
2954 2304 2968 2320 ο
2999 2289 3095 2341 καὶ
3135 2287 3372 2358 τοσούσῳ
3416 2288 3663 2357 μᾶλλον,
3700 2289 3823 2356 ὅσῳ

2201 2381 2296 2433 καὶ
2333 2381 2667 2450 μετανάσται
2722 2382 2861 2433 κατὰ
2904 2382 3189 2450 διαφόρους
3239 2382 3467 2451 καιροὺς
3508 2383 3818 2448 ἐγένοντο.

2202 2473 2427 2545 Πρῶτον
2464 2474 2560 2543 μὲν
2584 2476 2692 2540 γὰρ
2726 2474 2914 2535 Ἴωνές
2951 2492 3010 2526 τε
3045 2475 3141 2527 καὶ
3175 2474 3381 2536 Αἰολεῖς
3418 2475 3512 2526 καὶ
3556 2476 3815 2541 Δωριεξ

2202 2566 2297 2618 καὶ
2339 2565 2596 2617 Ἀττικοί·
2629 2566 2678 2617 οἱ
2714 2566 2810 2635 μὲν
2832 2566 3028 2629 αὐτῶν,
3061 2567 3119 2617 ὲν
3156 2566 3547 2635 Πελοπονησίῳ
3586 2564 3813 2635 ᾤκουν,

2202 2651 2248 2702 oi
2277 2650 2354 2713 δὲ,
2385 2651 2543 2714 ἐκτὸς
2571 2652 2778 2722 ταύτης
2799 2668 2811 2680 ·
2842 2657 2935 2706 καὶ
2959 2656 3183 2723 Δωριεῖς
3223 2654 3341 2724 μὲν,
3364 2656 3436 2707 τὰ
3469 2655 3623 2723 :95;
3666 2656 3816 2708 dva-

2202 2742 2477 2813 τολὰςμνοι
2500 2745 2785 2816 ἀνατολὴν)
2812 2747 3212 2817 Πελοπονήσου,
3240 2748 3426 2810 Ἴωνες
3446 2746 3523 2806 δὲ.
3550 2748 3633 2799 τὰ
3668 2748 3821 2812 πρὸς

2203 2833 2433 2903 δυσμὰς,
2468 2834 2680 2898 Δίολείς
2709 2837 2787 2897 δὲ,
2823 2838 2949 2906 περὶ
2974 2837 3063 2889 τὸν
3097 2838 3459 2907 Κορινθιακδν
3493 2840 3748 2899 κόλπον,
3787 2837 3819 2890 δ

2205 2924 2300 2975 καὶ
2347 2924 2538 2992 Ἀχαΐα
2571 2925 2809 2991 λέγεται.
2844 2927 2979 2980 Μεθ’
3010 2928 3105 2990 οὓς
3142 2930 3373 2981 Ἀττικοὶ
3412 2932 3462 2982 oi
3494 2933 3601 2983 καὶ
3639 2931 3816 3000 Ἀθη-

2206 3019 2366 3077 ναῖοι.
2404 3017 2549 3070 κατὰ
2576 3017 2674 3089 τὴν
2709 3019 2950 3080 ’Λτθίδα,
2984 3023 3147 3089 μέρος
3176 3020 3275 3088 τῆς
3317 3020 3596 3085 Ἑλλάδος.
3637 3025 3812 3077 Μετὰ

2207 3108 2264 3161 δὲ
2309 3110 2482 3162 ταῦτα
2545 3109 2728 3172 Ἴωνές
2791 3128 2851 3163 τε
2912 3113 3009 3163 καὶ
3072 3112 3279 3175 Αἰολεῖς
3327 3114 3675 3184 μετῴκησαν
3726 3118 3813 3178 εἰς

537 3203 956 3256 communitatis
987 3205 1224 3257 cessatio
1261 3219 1423 3257 unam
1458 3204 1750 3257 dialecmm
1784 3204 1836 3255 in
1869 3211 2102 3270 quatuor

2222 3202 2405 3254 Ἀσίαν
2440 3202 2539 3273 τὴν
2569 3204 2747 3255 κάτωο
2785 3206 3014 3275 Δωριεῖς
3058 3205 3113 3257 δὲ
3154 3207 3249 3258 καὶ
3286 3208 3364 3268 είς
3396 3208 3501 3268 τὰς
3547 3208 3807 3277 νήσους

535 3293 779 3357 divulsit,
829 3292 1106 3346 communi
1154 3292 1387 3347 dialecto
1419 3301 1653 3357 servata,
1707 3291 1803 3347 sed
1850 3292 1922 3344 ita
1958 3300 2016 3343 ut
2051 3289 2103 3341 in

536 3387 725 3439 multis
751 3385 1012 3439 differret»
1059 3386 1188 3439 lude
1220 3386 1463 3455 quinque
1490 3384 1703 3438 dialecti
1737 3383 1893 3438 nobis
1923 3399 1952 3435 a
1981 3397 2108 3451 poe-

538 3482 609 3534 tis
658 3480 1008 3547 historiaeque
1036 3480 1399 3547 scriptoribus
1427 3478 1658 3540 traditaa,
1690 3476 1955 3530 dialectus
1985 3475 2107 3543 qui-

537 3570 661 3625 dcm
711 3573 779 3625 ab
833 3571 988 3623 initio
1036 3572 1376 3635 communis;
1426 3569 1612 3623 Ionica
1663 3576 1865 3626 autem.
1906 3567 2103 3625 Attica.

538 3664 737 3719 Dorica
773 3672 828 3718 et
853 3663 1087 3728 Eolica,
1132 3677 1163 3716 e
1197 3662 1398 3731 quibus
1429 3662 1708 3731 antiquior
1734 3662 2108 3730 valentiorque

538 3757 753 3812 videtur
786 3756 991 3822 Ionica,
1021 3772 1127 3809 non
1152 3757 1329 3811 solum
1358 3758 1484 3827 quia
1516 3772 1580 3811 ea
1616 3756 1696 3810 usi
1732 3766 1860 3811 sunt
1894 3756 2105 3826 antiqui

539 3858 731 3917 poetae,
761 3848 950 3916 quales
994 3848 1217 3918 Sibylla,
1270 3845 1538 3917 Orpheus,
1580 3845 1871 3909 Homerus,
1911 3846 2105 3902 Hesio-

538 3941 663 4004 dus,
710 3940 933 4008 aliique,
967 3938 1060 3994 sed
1104 3940 1233 4008 quia
1265 3940 1453 3994 eadem
1487 3940 1628 4007 apud
1658 3938 1990 3993 recentiores
2013 3954 2109 3991 va-

541 4031 635 4093 let,
689 4031 831 4083 sicut
878 4028 1057 4083 Attica
1108 4029 1249 4098 apud
1295 4038 1563 4093 oratores,
1617 4028 1808 4097 quales
1852 4027 2108 4097 Gorgias,

540 4121 858 4185 ASschines,
894 4120 1288 4176 Demosthenes
1323 4128 1377 4173 et
1410 4121 1613 4174 caueri.
1663 4118 1758 4174 liae
1799 4135 1947 4174 nunc
1994 4120 2110 4173 dia-

542 4216 666 4270 lecti
697 4213 1290 4269 communicationibus
1322 4214 1650 4276 immutatae,
1684 4209 1945 4279 factaeque
1979 4218 2110 4264 sunt

540 4305 768 4361 omnino
801 4305 1062 4373 temporis
1091 4318 1255 4359 cursu
1310 4304 1594 4368 barbam;
1632 4304 1775 4357 unde
1812 4302 2110 4372 Scriptum

542 4400 683 4450 inter
734 4411 836 4450 nos
890 4396 1222 4464 ignorantia,
1275 4397 1475 4465 quibus
1505 4397 1817 4449 communis
1846 4396 2110 4449 dialectus

543 4487 787 4563 artisque
821 4501 953 4539 usus
1006 4486 1168 4538 simul
1206 4485 1434 4553 perdita.
1470 4483 1622 4539 Unde
1656 4484 1711 4537 in
1749 4485 1863 4552 ipsa
1892 4484 1994 4538 ista
2029 4500 2112 4539 re-

2206 3296 2378 3347 ταυτὰ
2405 3296 2468 3366 δὴ
2494 3297 2587 3348 καὶ
2623 3296 2858 3350 Ἀττικοὶ
2882 3298 3230 3351 πεπόνθασιν.
3270 3300 3355 3366 Ἐξ
3383 3294 3445 3352 οὗ
3474 3302 3692 3368 συνέϐη
3718 3302 3810 3353 διὰ

2206 3387 2268 3439 τὸ
2310 3386 2687 3457 ἀνεπίμικτον,
2718 3389 2817 3457 τὴν
2851 3392 2981 3460 μίαν
3008 3390 3287 3444 διάλεκτον
3320 3391 3681 3461 διαιρεθῆναι
3722 3395 3806 3453 είς

2206 3479 2477 3549 τέσσαρας
2501 3497 2515 3511 ·
2548 3480 2645 3550 τὴν
2674 3482 2856 3550 κοινὴν
2892 3482 3011 3552 μὲν,
3045 3484 3137 3536 καὶ
3157 3482 3299 3537 οὕτω
3320 3485 3669 3555 κρατοῦντες
3693 3504 3709 3515 ·
3746 3487 3807 3538 ὲν

2208 3567 2478 3630 πλείστοις
2501 3568 2557 3620 δὲ
2585 3569 2963 3640 διαφερόμενοι
2984 3588 2997 3602 ο
3028 3575 3121 3624 καὶ
3144 3572 3285 3626 οὕτω
3316 3575 3478 3626 πέντε
3510 3574 3805 3628 διάλεκτοι

2208 3656 2360 3727 παρὰ
2392 3660 2506 3720 τοῖς
2538 3662 2791 3728 ποιηταῖς
2824 3660 2920 3713 καὶ
2956 3661 3366 3731 συγγραφεῦσιν
3414 3662 3798 3734 ἐξεδόθησαν·

2209 3753 2344 3823 αὐτή
2374 3770 2433 3805 τε
2467 3755 2500 3822 ἡ
2534 3756 2845 3825 καταρχὰς,
2877 3757 3043 3825 ἤγουν
3074 3760 3106 3826 ἡ
3140 3759 3313 3829 κοινὴ,
3346 3760 3440 3812 καὶ
3488 3761 3625 3824 Ἰὰς,
3673 3763 3800 3814 ’Δτο

2210 3841 2317 3908 θἰς,
2350 3843 2547 3912 Δωρὶς,
2583 3844 2799 3907 Αἰολίς·
2832 3844 3187 3916 διαφέρουσαι
3220 3850 3359 3902 κατά
3385 3866 3507 3901 τινα
3535 3852 3643 3920 τῆς
3685 3870 3806 3905 κοι-

2208 3934 2341 4003 νῆς·
2377 3928 2452 3986 ὧν
2492 3937 2825 4007 ἀρχαιοτέρα
2852 3954 2911 3989 τε
2942 3946 3035 3990 και
3060 3940 3497 4010 ὲπικρατεστέρα
3536 3942 3732 3995 ἔοικεν
3767 3946 3802 4015 ἡ

2207 4026 2317 4079 τῶν
2346 4024 2559 4079 Ἰώνων
2593 4029 2653 4080 οὐ
2687 4030 2846 4097 μόνον
2873 4030 2954 4083 ὃτι
2978 4031 3126 4100 παρὰ
3150 4032 3253 4085 τῶν
3277 4032 3521 4085 παλαιῶν
3545 4037 3805 4103 ποιητῶν

2209 4117 2469 4187 φέρεταισ
2503 4112 2615 4171 οἷον
2656 4120 2924 4190 Σιϐύλλης
2972 4123 3065 4174 καὶ
3106 4123 3366 4192 Ὀρφέως,
3420 4124 3677 4195 Ὁμήρου
3744 4145 3804 4180 τε

2213 4209 2309 4260 καὶ⁸
2354 4208 2625 4273 Ἡσιόδου,
2671 4211 2898 4264 καὶτῶν
2927 4211 3205 4278 τοιούτων,
3239 4213 3352 4266 ἀλλ’
3377 4215 3455 4267 ὅτι
3506 4215 3603 4266 καὶ
3644 4220 3807 4285 παρᾶ

2209 4299 2319 4353 τῶν
2348 4300 2487 4353 νέων
2517 4300 2655 4369 αὕτη
2687 4303 3005 4373 ἐπικρατεῖ*
3033 4303 3223 4374 ὥσπερ
3257 4308 3290 4374 ἡ
3323 4305 3523 4368 ’Δτθὶς,
3557 4308 3657 4359 ἐπὶ
3690 4308 3808 4359 τῶν

2213 4394 2458 4464 ῥητόρων
2483 4411 2498 4424 '
2526 4388 2639 4447 οἷον
2667 4395 2919 4464 Γοργίου,
2950 4397 3220 4465 Αἰσχίνου,
3255 4398 3661 4467 Δημοσθένους,
3708 4403 3809 4453 καὶ

2212 4485 2319 4537 τῶν
2352 4485 2581 4541 λοιπῶν.
2620 4486 2733 4540 Νῦν
2763 4488 2821 4541 δὲ
2869 4490 2925 4540 αἱ
2969 4489 3214 4542 τοιαῦται
3246 4490 3517 4543 διάλεκτοι
3568 4492 3811 4561 queui..-

541 4578 724 4645 gione,
772 4577 898 4632 licet
934 4576 1002 4630 de
1051 4576 1284 4644 quadam
1338 4576 1561 4644 antiqua
1618 4574 1915 4644 Scriptum
1946 4578 2102 4629 tradi-

2218 4579 2395 4646 θησαν
2424 4579 2766 4648 ὲπιμιγείσαι
2788 4596 2800 4608 ·
2836 4580 2928 4632 καὶ
2953 4582 3231 4644 παντελῶς
3264 4582 3813 4655 ἐξεϐαρϐαρώθησαν

546 4667 695 4720 ιὶοοςο
750 4666 1184 4729 consentiamus,
1240 4664 1331 4717 alii
1390 4666 1550 4717 aliam
1619 4664 1905 4730 habemus,
1964 4666 2106 4733 quod

541 4758 907 4828 quorumdam
949 4756 1269 4810 rusticitatis
1299 4771 1456 4809 causa
1481 4758 1720 4811 conabor
1742 4758 2036 4825 explicare.

2218 4668 2297 4738 τῷ
2328 4669 2505 4739 ῥέοντι
2527 4670 2619 4722 τοῦ
2647 4670 3038 4740 χρόνου.”υθεν
3064 4673 3157 4723 καὶ
3184 4673 3243 4724 τὸ
3271 4675 3439 4725 αῐτιον
3454 4674 3554 4742 τῆς
3572 4676 3813 4741 ἀγνοίας

2217 4758 2317 4829 τῆς
2361 4760 2485 4813 καθ’
2524 4762 2671 4831 ἡμᾶς
2706 4761 2949 4833 Γραφῆς,
2981 4763 3358 4817 ἀπολεσάντων
3384 4764 3542 4834 ἡμῶν
3572 4769 3675 4817 καὶ
3708 4769 3813 4836 τὴν

542 4851 729 4921 κοινὴν
776 4851 1055 4903 διάλεκτον
1110 4847 1249 4918 μετὰ
1303 4846 1396 4899 τοῦ
1442 4847 1712 4916 τεχνικοῦ.
1762 4848 1925 4901 Ὅθεν
1972 4848 2119 4901 ἔστιν
2162 4848 2310 4916 ἰδεῖν,
2375 4852 2434 4904 ὲν
2462 4852 2589 4922 τῇδε
2651 4852 2747 4920 μὲν
2774 4855 2838 4922 τῇ
2874 4852 3027 4923 χώρᾳ
3061 4853 3203 4906 κατά
3230 4855 3329 4923 τὴν
3355 4857 3525 4910 πάλαι
3562 4860 3816 4927 παράδο-

543 4950 627 5000 σίν
657 4963 779 4999 τινα
810 4944 908 5013 τῆς
936 4942 1158 5014 Γραφῆς
1194 4941 1613 5010 ὁμολογοῦντας,
1644 4943 1701 4995 ὲν
1732 4944 1895 5013 ἑτέρᾳ
1918 4943 1975 4995 δὲ
2000 4943 2186 5014 ἕτερα,
2254 4946 2352 5000 καὶ
2411 4948 2470 4999 ὲν
2540 4947 2673 5016 ἄλλῃ
2714 4947 2849 5001 ἄλλα
2875 4967 2887 4978 ·
2921 4948 3060 5020 ὅπερ
3095 4949 3180 5001 διὰ
3211 4951 3308 5018 τὴν
3371 4953 3672 5022 ἀγροικίαν
3726 4972 3808 5006 τι-

543 5041 648 5092 νῶν
681 5038 1016 5105 πειράσομαι
1043 5034 1342 5096 ἀποδεῖξαι.

614 5131 794 5198 Φρέαρ
831 5126 1086 5196 tputeum)
1113 5126 1335 5194 quidam
1368 5124 1553 5178 Achmi
1580 5124 1771 5179 dicunt
1800 5125 2124 5195 ὀρωρυγμέ-

545 5240 642 5292 νην
674 5222 856 5291 πηγὴν
893 5219 1164 5289 (e/fossam
1194 5219 1602 5287 scaturiginem)
1631 5258 1644 5282 ,
1691 5229 1744 5273 et
1792 5218 1996 5288 λέϐητα
2032 5219 2127 5270 καὶ

546 5314 835 5383 κακκάϐην
864 5312 1099 5379 (lebetem
1128 5320 1174 5363 et
1205 5310 1413 5379 ollam),
1437 5311 1645 5380 χαλκῆν
1669 5311 1874 5381 χύτραν
1904 5312 2125 5377 (teneam

547 5405 828 5471 scutram),
880 5420 1001 5471 qua:
1026 5419 1055 5456 a
1082 5402 1470 5457 Macedonibus
1506 5404 1851 5471 ignorantur,
1886 5412 1944 5456 ut
1971 5417 2121 5470 qua:-

548 5498 675 5550 dam
708 5495 1061 5549 Macedonum
1097 5493 1165 5545 ab
1191 5493 1429 5556 Achaeis,
1453 5494 1635 5562 qualia
1668 5494 1827 5562 στιϐὴ
1863 5493 2123 5561 (pruina),

548 5586 750 5647 κόνυζα
799 5587 934 5653 (fera
989 5582 1217 5652 cunila),
1269 5593 1323 5637 et
1360 5584 1596 5654 μυρσίνη
1634 5585 1904 5653 (myrtus).
1937 5584 2124 5639 Cretes

550 5690 733 5734 autem
772 5678 937 5731 multa
974 5678 1124 5742 talia,
1153 5689 1372 5746 pr0pter
1406 5679 1795 5731 commercium
1828 5678 2121 5731 latinizan-

551 5780 657 5836 tes,
692 5770 941 5839 ignorant
966 5808 981 5831 ,
1030 5769 1239 5823 scilicet
1297 5768 1566 5822 στενωπὸν
1597 5770 1899 5838 (angustam
1934 5770 2119 5833 viam),

554 5862 736 5934 ῥύμην
804 5862 1044 5931 (vicum),
1094 5870 1259 5930 atque
1303 5862 1444 5916 inter
1489 5861 1636 5915 olera
1680 5859 1881 5913 δαῦκον
1928 5862 2119 5929 (ferum

2291 5126 2472 5196 Φρέαρ
2518 5127 2660 5188 τινὲς
2696 5128 2753 5177 ἐν
2779 5129 2845 5196 τῇ
2877 5127 3068 5197 ’Λχαῖᾳ
3103 5127 3319 5194 λέγουσι
3349 5129 3451 5198 τὴν
3479 5131 3810 5203 ὀρωρυγμέ-

2225 5234 2322 5285 νην
2364 5217 2581 5285 πηγήν⁶
2617 5218 2712 5269 καὶ
2742 5218 2947 5288 λέὸητα
2986 5218 3080 5271 καὶ
3106 5218 3416 5289 κακκάϐην,
3451 5222 3556 5291 τὴν
3594 5225 3809 5295 χαλκῆν

2223 5308 2431 5377 χύτραν
2455 5323 2467 5335 ·
2499 5307 2534 5360 ἂ
2568 5308 2721 5377 παρὰ
2765 5308 2873 5361 τῶν
2918 5311 2976 5361 ὲν
3004 5310 3318 5381 Μακεδονίᾳ
3356 5313 3669 5380 ἀγνοεῖταισ
3702 5318 3808 5370 ὦσ-

2223 5416 2330 5468 περ
2364 5399 2485 5451 τινὰ
2529 5399 2734 5451 τούτων
2765 5401 3042 5465 ἀγνοεῖται
3088 5403 3218 5472 παρ’
3252 5403 3524 5469 ἐκείνοις,
3551 5400 3666 5459 οἷον
3693 5425 3805 5460 στι-

2225 5492 2293 5562 ϐὴ
2315 5532 2329 5555 ,
2360 5492 2591 5556 κόνυζα,
2623 5495 2878 5563 μυρσίνη.
2915 5496 2977 5546 Οἱ
3006 5494 3064 5547 δὲ
3098 5495 3317 5565 Κρῆτες
3344 5498 3599 5564 ἀγνοοῦσι
3632 5504 3802 5554 πολλά

2223 5583 2451 5636 τοιαῦτα
2470 5602 2484 5616 ο
2514 5584 2818 5648 Λατινικῶς
2856 5586 3108 5653 λέγοντες
3135 5588 3223 5640 διὰ
3249 5588 3349 5658 τὴν
3372 5591 3582 5643 τούτων
3616 5595 3803 5663 empt-

2233 5674 2352 5739 ξίαν
2373 5715 2388 5738 ,
2424 5676 2543 5745 ἦτοι
2568 5676 2659 5727 τὸν
2683 5677 2962 5728 στενωπὸν
2982 5716 2997 5740 ,
3033 5677 3132 5747 τὴν
3170 5677 3352 5749 ῥύμην
3372 5696 3385 5709 ·
3423 5682 3517 5733 καὶ
3550 5684 3609 5734 ὲν
3640 5684 3802 5754 laxi-

2230 5781 2373 5827 vatg°
2409 5764 2630 5827 δαῦκον,
2672 5765 2908 5834 κρόκον,
2946 5766 3324 5834 βούγλωσσον,
3379 5771 3798 5839 μακεδονήσιον.

2232 5855 2491 5927 σάψυχον.
2521 5856 2626 5907 Καὶ
2656 5856 2746 5907 τὸν
2765 5857 2967 5928 λέϐητα
2999 5858 3289 5927 κατολιγον
3326 5860 3794 5933 βαρϐαρώσαντες,
