4098 6490
264 379 418 443 1349
1328 384 1422 443 DE
1464 384 1701 444 DIVIN.
1740 384 2030 445 SCRIPT.
2072 388 2505 449 UTILITATE.
3403 389 3539 454 13.30

255 494 493 558 λασένζι
538 494 811 563 λέγουσιν.
864 493 1099 565 Ὁμοίως
1130 497 1225 549 καὶ
1258 498 1315 549 ὲν
1356 500 1589 566 ἑτέροις.
1628 498 1784 552 Ἐστι
1811 498 1854 551 δ’

1920 531 1931 557 ι
1960 500 2235 568 (raucum),
2266 502 2464 573 κρόκον
2498 503 2775 574 (crocum),
2796 501 3142 574 βούγλωσσον
3172 503 3538 573 (buglossam),

255 581 361 640 οὖν
404 588 554 657 ὁμῶς
600 588 636 640 ἃ
685 585 795 638 τῶν
822 586 1103 657 ὀνομάτων
1136 589 1231 640 καὶ
1277 588 1735 661 Ἑλληνικώτερον
1760 591 1854 642 ὲκ-
1967 591 2394 663 μακεδονήσιον[
2416 591 2472 665 ?]
2508 603 2562 647 et
2592 594 2836 663 σάψυκον
2857 594 2911 666 [?
2938 596 2954 666 ι
2985 596 3224 667 Λέϐητα,
3256 597 3539 667 paululum

257 680 533 749 φέρουσιν
561 680 701 750 ὑπὲρ
723 681 848 741 τοὺς
872 683 929 733 ὲν
952 682 1074 744 ταῖς
1102 680 1292 743 ἄλλαις
1318 682 1524 752 χώραις
1542 701 1553 714 ·
1578 677 1709 744 οἷον,
1743 683 1857 752 ἔρι-

1962 680 2390 748 barbarizantes,
2408 684 2631 750 λαϐἐνζι
2653 686 2876 753 dicunt;
2901 697 3142 742 attamen
3166 690 3383 742 nomina
3400 705 3541 759 quie-

259 790 391 841 ιρον,
444 770 610 841 αἶγα,
656 772 901 837 κολοιὸν,
964 772 1296 844 κορυδαλὸν,
1332 774 1627 844 στρύχνον,
1680 774 1857 845 βρύω-

1962 770 2086 823 dam
2124 774 2301 841 magis
2331 773 2608 830 llellenice
2644 790 2807 845 quam
2843 777 2937 831 alii
2978 779 3319 848 exprimunt,
3352 781 3534 849 qualia

260 869 414 919 νῐαν.
459 866 692 935 Ὁμοίως
715 864 808 918 καί
837 882 958 917 τινα
990 867 1212 935 ῥήματα
1253 864 1397 935 ἆπερ
1431 866 1531 918 ούκ
1564 866 1768 919 οῐδασιν
1798 867 1855 920 ὲν

1962 861 2150 933 ἔριφος
2185 866 2434 936 (hazdus),
2468 867 2557 932 αἲξ
2584 869 2816 938 (capra),
2856 869 3063 933 κολοιὸς
3097 871 3409 941 (graculus),
3439 890 3532 924 κο-

262 958 487 1031 ὲτέραις
515 958 741 1027 χώραις.
780 957 921 1010 Ἀλλ’
954 958 1089 1011 ἄλλα
1130 956 1254 1010 τινὰ
1294 959 1373 1020 εἰς
1403 957 1562 1011 ἄλλον
1605 958 1730 1011 νοῦν
1766 958 1856 1011 πί-

1965 955 2192 1024 ρυὸαλδς
2245 958 2515 1029 (gulerita)
2542 1000 2556 1025 ,
2594 961 2857 1032 στρύχνος
2899 964 3245 1033 (strychnus),
3297 964 3537 1035 βρυωνία

264 1067 475 1101 πτοντα
495 1066 510 1081 ·
541 1044 652 1101 οἷον
673 1050 985 1121 ἀδημονεῖν,
1018 1050 1435 1119 εἰρωνεύεσθαι·
1466 1050 1559 1105 καὶ
1585 1052 1633 1103 oi
1658 1054 1714 1104 ὲν
1736 1055 1856 1116 ταῖς

1963 1047 2103 1116 (fera
2153 1050 2478 1119 cucurbita),
2522 1052 2735 1122 aliaque
2767 1054 2901 1109 alias
2936 1055 3223 1125 igntn'ata;
3262 1060 3354 1111 sed
3388 1074 3535 1127 quaa-

263 1139 571 1209 ἡμετέραις
605 1140 833 1210 χώραις,
872 1141 971 1193 οὐκ
1008 1140 1184 1192 οἴδασι
1222 1140 1487 1212 διαφορὰν
1534 1142 1718 1210 πηγῆς
1760 1142 1855 1195 καὶ

1962 1139 2087 1193 dam
2120 1141 2226 1193 alia
2256 1141 2307 1193 in
2341 1142 2509 1195 alium
2545 1159 2768 1199 sensum
2802 1157 3078 1213 avertunt,
3109 1150 3289 1213 qualia
3332 1150 3537 1219 ἀδημο-

263 1233 503 1302 κρουνοῢ
526 1250 537 1260 ·
561 1234 677 1285 ἀλλ’
704 1234 917 1286 ἅπαντα
953 1232 1146 1303 βρύσιν
1184 1233 1440 1287 καλοῦσιν
1467 1250 1480 1263 ·
1512 1235 1559 1286 οἱ
1589 1234 1644 1287 δὲ
1676 1236 1733 1287 ἐν
1756 1236 1856 1287 Κε-

1960 1235 2072 1287 νεῖν
2104 1232 2426 1303 (desperare)
2477 1244 2531 1287 et
2576 1236 2962 1306 εἰρωνεύεσθαι
2993 1240 3303 1309 (cavillari).
3340 1241 3534 1295 Nostra

264 1326 533 1396 φαληνία,
565 1326 678 1379 ἐσθ’
702 1328 838 1379 ὅπου
882 1328 977 1380 καὶ
1009 1330 1214 1397 πηγήν.
1247 1329 1354 1380 Καὶ
1385 1329 1433 1380 οί
1464 1329 1519 1381 ὲν
1548 1328 1853 1393 Σωζοπόλει

1962 1323 2016 1377 in
2062 1325 2284 1394 regione
2325 1324 2577 1379 nesciunt
2606 1328 2883 1394 quomodo
2912 1330 3063 1399 πηγὴ
3109 1345 3139 1384 a
3187 1330 3400 1400 κρουνῷ
3431 1332 3537 1399 (sa-

263 1419 335 1484 τῇ
370 1419 509 1468 κατὰ
543 1417 765 1476 Πόντον,
799 1417 1031 1487 κρουνόν
1067 1434 1168 1469 που
1195 1434 1207 1447 ·
1243 1419 1335 1470 καὶ
1368 1419 1416 1470 οἱ
1448 1421 1504 1471 ὲν
1544 1418 1852 1487 ’Λδριανου-

1960 1417 2120 1470 liente
2162 1417 2333 1481 unda)
2397 1417 2633 1482 dill‘erat,
2672 1418 2965 1489 fontesque
2996 1436 3188 1477 omnes
3223 1422 3411 1491 βρύσιν
3442 1439 3536 1475 νο-

266 1509 429 1560 πό).ει
464 1511 612 1579 ἰκρία
634 1510 850 1576 λέγουσί
882 1526 1002 1562 τινα
1036 1510 1287 1580 ἐπιμήκη
1326 1510 1479 1575 ξύλα.
1508 1509 1765 1578 Στάϐαρα
1796 1510 1852 1561 δὲ

1961 1517 2108 1560 eaut.
2143 1506 2377 1571 Quidam
2430 1523 2461 1561 e
2505 1506 2894 1576 Cephalonieis
2944 1508 3127 1580 πηγὴν
3179 1513 3449 1575 retinent,
3483 1521 3536 1566 et

263 1598 395 1651 ἁθτὶ
442 1597 536 1650 τοῦ
571 1598 839 1669 σταυροὺς
878 1602 934 1651 ὲν
958 1599 1292 1670 Μακεδονία,
1338 1600 1407 1652 τὰ
1442 1602 1499 1653 ἐν
1526 1602 1639 1662 τοῖς
1673 1616 1851 1668 φραγ-

1961 1596 2189 1665 κρουνὸν
2221 1597 2315 1664 qui
2359 1595 2729 1664 Sozopolitani
2770 1597 2927 1667 juxta
2981 1598 3213 1653 Pontum
3267 1602 3530 1656 habitant.

268 1692 417 1758 μοῖς.
449 1689 699 1743 Διατόνια
731 1690 787 1741 δὲ
823 1690 872 1742 ot
939 1690 1226 1743 Ζακύνθιοι
1257 1694 1323 1743 τὰ
1369 1690 1614 1758 πλαγίως
1646 1690 1852 1743 τούτων

1958 1686 2429 1755 Adrianopolitani
2467 1689 2616 1758 ἰκρία
2647 1689 2836 1742 dicunt
2867 1690 3057 1760 longas
3104 1691 3317 1753 trabes;
3364 1692 3536 1746 Macr:-

264 1783 532 1853 τιθέμενα
586 1785 855 1853 ἐπιμήκη.
893 1785 1003 1836 Καὶ
1060 1785 1109 1835 οἱ
1154 1785 1251 1853 μὲν
1296 1785 1552 1854 ἡμέτεροι
1600 1785 1719 1836 ἀντὶ
1758 1785 1851 1836 τοῦ

1959 1777 2132 1830 dones
2164 1786 2345 1831 autem
2373 1778 2625 1850 στάὸαρα
2663 1795 2762 1848 pro
2783 1784 3008 1853 σταυροὶ
3025 1783 3331 1853 (vallorum)
3356 1787 3449 1854 qui
3481 1786 3534 1839 in

266 1878 501 1935 ἀνάστα,
545 1876 825 1947 σηκώθητι
869 1877 1150 1943 λέγουσιν·
1189 1878 1369 1940 οἱονεὶ,
1402 1877 1761 1946 κουφίσθητι·
1803 1878 1851 1928 οἱ

1915 1862 1927 1912 l
1958 1871 2181 1938 sepibus
2212 1872 2563 1937 adhibentur,
2588 1883 2639 1926 et
2664 1872 2949 1944 Zacynthii
2982 1876 3225 1929 διατόνια
3244 1878 3411 1932 vallos
3444 1879 3533 1945 qui

264 1968 324 2021 δὲ
381 1969 640 2038 Κύπριοι,
706 1967 1084 2031 ἐλλειπτικώς,
1116 1968 1248 2020 άνα·
1283 1967 1376 2018 καὶ
1422 1968 1470 2018 οί
1522 1969 1854 2036 Κερκυραῖοι

1962 1963 2015 2015 in
2050 1974 2454 2017 transversum.
2496 1962 2682 2018 Nostri
2716 1981 2815 2034 pro
2848 1968 3054 2021 ἀνάστα
3076 1969 3410 2037 (sta)dicunt
3440 1987 3533 2037 ση-

264 2060 473 2129 ὁμοὶως
514 2059 575 2112 τὸ
605 2059 752 2127 ἑξῆς,
786 2059 948 2113 ἇστα.
985 2058 1257 2121 Ὡσαύτως
1304 2060 1541 2127 Κύπριοι
1574 2060 1667 2110 καὶ
1702 2059 1855 2127 Κρῆ-

1958 2053 2165 2123 κώθητι
2186 2062 2278 2107 aut
2302 2054 2646 2125 κουφίσθητι,
2667 2055 2850 2125 Cyprii
2878 2058 3115 2126 elliptice
3148 2061 3531 2131 cim,Coreyrii

266 2168 363 2212 τες
399 2151 685 2220 γραφικῶς
717 2150 933 2217 λέγουσι
964 2151 1023 2202 τὸ
1054 2152 1228 2219 χαμαὶ
1273 2149 1367 2204 καὶ
1408 2151 1704 2221 ἀριστερά·
1740 2150 1856 2202 ἓτε⁴

1959 2154 2139 2197 autem
2170 2145 2330 2197 ἀστα.
2365 2144 2549 2214 Cyprii
2587 2154 2639 2198 et
2667 2146 2856 2201 Cretes
2893 2150 3069 2216 χαμαὶ
3106 2150 3297 2217 (humi)
3330 2158 3383 2203 et
3407 2151 3530 2220 ἀρι-

272 2260 358 2311 ροι
387 2242 442 2293 δὲ
471 2242 949 2312 βαρδαρικώτερον
983 2242 1154 2295 ταῦτα
1193 2242 1411 2309 λέγουσι
1438 2260 1448 2272 ο
1480 2243 1574 2295 καλ⁸
1607 2242 1726 2295 ἀντὶ
1762 2241 1854 2295 τοῦ

1960 2236 2127 2306 στερά
2155 2236 2421 2303 (sinistra)
2452 2237 2723 2301 scribunt,
2748 2254 2869 2307 quce
2900 2240 2993 2292 alii
3023 2241 3197 2309 magis
3227 2242 3532 2303 barbarica,

267 2338 451 2404 χαμαὶ
493 2339 641 2389 κάτω
670 2335 919 2403 λέγουσι·
952 2336 1014 2387 τὸ
1044 2336 1099 2389 δὲ
1141 2336 1313 2398 κάτω,
1351 2338 1535 2406 σχέσιν
1565 2337 1679 2407 ἔχει
1718 2337 1856 2407 πρὸς

1957 2336 2011 2380 et
2037 2341 2134 2396 pro
2168 2327 2342 2396 χαμαὶ
2368 2366 2383 2386 ,
2421 2327 2574 2379 κάτω
2606 2328 2940 2399 (deorsum),
2973 2330 3240 2385 referente
3276 2334 3427 2383 κάτω
3464 2332 3529 2384 ad

266 2432 331 2481 τὸ
381 2429 516 2483 ἂνω.
562 2429 671 2481 Καὶ
715 2432 762 2481 oi
803 2430 943 2481 κατὰ
991 2432 1091 2497 τὴν
1127 2428 1417 2482 Ἀπουλίαν
1462 2430 1557 2482 καὶ⁵
1603 2428 1856 2483 Σικελίαν

1957 2419 2069 2473 ἄνω
2106 2419 2386 2489 (sursum).
2416 2418 2577 2487 Apuli
2608 2420 2885 2490 Siculique
2907 2423 3151 2490 quaedam
3189 2424 3255 2476 ad
3288 2424 3529 2493 regulam

265 2522 397 2573 τινὰ
432 2522 571 2574 κατὰ
615 2522 703 2574 τὸν
735 2522 894 2590 νόμον
921 2521 1019 2590 τῆς
1051 2521 1272 2591 Γραφῆς
1300 2520 1668 2591 προφέρουσιν
1696 2537 1709 2551 ·
1743 2514 1855 2574 οἷον

1959 2511 2243 2581 scripturae
2282 2509 2602 2581 proferunt,
2639 2513 2823 2581 qualia
2856 2512 3051 2565 ἔκλασε
3087 2512 3179 2566 τὸν
3210 2515 3371 2583 ἄρτον
3399 2513 3531 2583 (fre-

268 2611 475 2662 ἕκλασε
502 2611 591 2663 τὸν
621 2610 784 2681 άρτον
806 2652 820 2675 ,
853 2612 948 2662 καὶ
973 2612 1097 2679 ἄρτι
1120 2611 1496 2680 παραγέγονά.

1958 2604 2034 2671 git
2063 2602 2295 2671 partem),
2321 2602 2447 2673 άρτι
2480 2603 2834 2673 παραγέγονά
2867 2604 3027 2669 (nunc
3062 2606 3298 2675 adsum).

347 2703 460 2755 Καὶ
490 2702 797 2773 Καρπάθιοι
823 2703 972 2773 ἢμην
1003 2700 1276 2769 λέγουσιν,
1312 2703 1434 2754 ἀντὶ
1460 2702 1552 2756 τοῦ
1581 2704 1849 2775 ὑπῆρχον·

2027 2695 2309 2765 Carpathii
2365 2697 2513 2765 ήμην
2566 2712 2665 2766 pro
2716 2697 2965 2767 ὑπῆρχον
3012 2697 3225 2769 (eram).
3268 2701 3535 2758 Artacesii

270 2795 350 2856 ὡς
410 2794 467 2847 δὲ
500 2793 849 2864 Ἀρτακήσιοι
888 2796 980 2848 καὶ
1015 2794 1318 2865 Κυζικηνοὶ
1368 2795 1637 2867 ὲδάρθηνα
1666 2798 1854 2865 λέγου-

1957 2788 2323 2860 Cysicenique
2367 2789 2639 2859 ὲδάρθηνα
2694 2789 2883 2843 dicunt
2932 2804 3034 2859 pro
3068 2791 3285 2846 dialecti
3337 2807 3535 2850 nostra:

275 2904 363 2938 σιν
441 2888 577 2957 ὅπερ
607 2889 656 2939 οἱ
692 2888 834 2939 κατά
876 2889 974 2957 τὴν
1005 2888 1283 2958 ἡμετέραν
1317 2888 1595 2942 διάλεκτον
1624 2890 1855 2963 ἐδὰρθη-

1959 2886 2124 2936 verbo
2158 2881 2436 2953 ὲδάρθηκα
2485 2881 2785 2950 (dormivi);
2833 2880 2991 2935 Ponti
3037 2881 3231 2937 incola:
3277 2884 3531 2956 ὲδάρθην,

273 2995 348 3029 κα
401 2978 649 3045 λέγουσιν
674 2995 687 3008 ·
724 2978 773 3030 οί
816 2978 871 3031 δὲ
907 2978 1139 3043 [Ιόντιοι,
1174 2978 1426 3049 ὲδάρθην.
1480 2979 1714 3049 Ὁμοίως
1762 2982 1856 3033 καὶ⁹

1957 2974 2051 3041 qui
2082 2982 2137 3027 et
2162 2973 2406 3035 λεπάδας
2432 2982 2635 3027 vocant
2662 2982 2876 3027 ostreas
2906 2974 3172 3042 quasdam
3203 2983 3258 3028 et
3298 2976 3535 3045 piscintn

271 3068 516 3130 λεπάδας
584 3068 783 3137 ὄστρεά
824 3085 942 3122 τινα
1007 3069 1104 3121 καὶ
1148 3068 1381 3138 βραγχία
1409 3070 1475 3121 τὰ
1507 3069 1599 3122 τοῦ
1638 3070 1849 3139 ίχθύος·

1956 3066 2269 3131 branchias,
2301 3066 2444 3121 sicut
2473 3074 2529 3120 et
2556 3065 2645 3134 qui
2677 3066 2825 3119 circa
2858 3065 3270 3135 Hellespontum
3312 3084 3537 3123 versan-

272 3160 429 3212 ὡσπε
440 3176 469 3228 ρ
496 3160 629 3229 δῆτα
661 3163 752 3214 καὶ
769 3160 1197 3231 Ἑλλησπόντιοι.
1220 3159 1461 3232 Εὕρηται
1486 3162 1542 3214 δὲ
1564 3162 1734 3215 ταῦτα
1760 3163 1854 3214 ού·
1886 3227 1890 3232 Α

1915 3216 1925 3232 _
1960 3171 2069 3212 tur.
2090 3159 2195 3212 lsta
2228 3158 2391 3211 verba
2420 3158 2473 3211 in
2500 3159 2673 3227 poetis
2702 3173 2909 3213 necnon
2934 3159 2986 3212 in
3020 3159 3361 3228 philosophis
3378 3174 3533 3228 repe-

271 3269 355 3303 τω
408 3214 500 3303 καὶ
549 3214 701 3321 παρὰ
747 3214 999 3321 ποιηταῖς
1051 3270 1109 3304 τε
1166 3214 1260 3305 καὶ
1300 3214 1629 3321 ξριλοσόφοις.
1684 3214 1747 3307 ὀί
1797 3228 1889 3306 δὲ1

1917 3216 1926 3274 ⁵
1964 3252 2094 3305 rias.
2121 3250 2334 3321 Saepius
2366 3251 2419 3304 in
2452 3214 2639 3305 nostra
2688 3253 2911 3319 regione
2940 3214 3039 3320 pro
3076 3214 3256 3319 ὕπαγε
3283 3214 3535 3320 (discede)

272 3342 499 3405 τλείους
533 3344 590 3395 ἐν
631 3347 698 3414 τῇ
732 3344 851 3397 καθ’
879 3346 1025 3414 ἡμᾶς
1055 3346 1207 3417 χώρᾳ
1252 3346 1379 3416 σύρε
1424 3346 1697 3415 λέγουσιν,
1733 3348 1855 3400 ἀντὶ

1963 3343 2175 3407 audias,
2208 3343 2339 3414 σύρε
2399 3343 2619 3412 (trahe),
2658 3343 2895 3412 elliptice
2924 3358 3022 3412 pro
3052 3344 3181 3413 σύρε
3216 3343 3343 3405 τοὺς
3370 3344 3538 3407 πόδας

272 3430 375 3483 τοῦ
410 3431 584 3499 ὕπαγε
606 3448 619 3461 ·
654 3433 767 3486 ἔστι
797 3434 853 3486 δὲ
880 3435 1245 3495 ὲλλειπτικὸν,
1302 3438 1425 3490 ἀντὶ
1448 3436 1543 3491 τοῦ
1574 3437 1705 3508 σύρε
1730 3440 1855 3502 τοὺς

1963 3436 2135 3505 (trahe
2172 3437 2371 3504 pedes),
2398 3446 2494 3489 aut
2523 3435 2649 3487 ἓλκε
2686 3434 2785 3506 τὴν
2811 3435 2931 3487 ὁδόν
2960 3436 3187 3504 (corripe
3215 3438 3360 3505 iter).
3398 3438 3534 3503 Qui-

276 3525 483 3588 πόδας·
518 3525 550 3595 ἢ
592 3526 716 3579 ἕλκε
762 3528 859 3595 τὴν
899 3528 1017 3581 ὁδόν
1045 3528 1145 3597 (5).
1189 3529 1345 3592 Τινὲς
1382 3530 1442 3582 τὸ
1474 3529 1585 3583 ἄνω
1614 3532 1709 3583 καὶ
1746 3530 1855 3583 ἔσω

1963 3528 2089 3583 dam
2121 3543 2184 3581 ex
2218 3529 2446 3597 antiquo
2482 3542 2583 3582 usu
2612 3527 2726 3580 ἀνω
2756 3536 2809 3580 et
2840 3528 2947 3579 ἔσω
2975 3528 3234 3592 clamant,
3274 3530 3437 3583 boves
3464 3529 3539 3581 in-

274 3618 424 3671 κατά
470 3617 566 3687 τὴν
599 3619 830 3690 ἀρχαίαν
865 3621 1150 3691 συνήθειαν
1193 3622 1286 3674 ἐπὶ
1327 3622 1437 3675 τῶν
1480 3623 1855 3694 ἀροτριώντων

1962 3619 2239 3689 crepando
2279 3627 2532 3683 arantes,
2568 3620 2879 3674 nescientes
2924 3620 3035 3672 haec
3066 3620 3231 3674 verba
3274 3620 3325 3675 in
3367 3622 3536 3675 alium

278 3708 423 3779 βοῶν
455 3710 706 3779 λέγουσι·
743 3712 817 3782 μὴ
848 3713 1203 3781 ἐπιστάμενοι
1230 3713 1389 3766 τοῦτο
1436 3715 1494 3779 ἐξ
1524 3716 1764 3783 ἀμαθίας
1797 3718 1854 3768 ὲν

1963 3728 2190 3768 sensum
2234 3713 2431 3782 accipi,
2480 3712 2769 3780 solumque
2814 3712 2986 3765 bobus
3016 3712 3396 3766 convenientia
3437 3715 3538 3765 du-

276 3801 491 3870 ἑτὲροις
541 3801 806 3871 χρᾶσθαι·
855 3803 1186 3873 νομίζοντες,
1225 3806 1305 3857 ὅτι
1344 3808 1455 3868 τοῖς
1501 3806 1655 3875 βουσὶ
1696 3806 1856 3860 τοῦτο

1962 3815 2166 3869 centes,
2219 3804 2320 3872 ipsi
2375 3804 2547 3857 bobus
2601 3804 2867 3857 rudiores.
2930 3802 3185 3858 Mulieres
3233 3814 3415 3857 autem
3469 3820 3536 3857 ex

277 3892 438 3955 ἴδιον,
473 3893 520 3944 oi
565 3892 700 3962 βοῶν
728 3893 1076 3965 ἀλογώτεροι.
1118 3895 1279 3949 Ἀλλὰ
1305 3899 1399 3948 καὶ
1427 3898 1579 3967 παρά
1610 3898 1855 3966 γυναιξὶν

1964 3897 2300 3965 antiquitate
2370 3892 2752 3947 lamentabiles
2808 3894 3006 3947 habent
3060 3895 3486 3949 exclamationes
3519 3935 3535 3959 ,

277 3984 402 4035 ἐστι
430 3984 553 4036 τινα
576 3985 915 4057 ἐκφερόμενα
940 3987 1323 4056 σχετλιαστικά
1345 3989 1696 4060 ἐπιρρήματα
1716 3990 1855 4043 κατὰ

1962 3988 2161 4057 quales
2198 3987 2301 4051 ἰοὺ,
2340 3984 2488 4039 αἰϐοί
2519 3985 2714 4055 (eheu).
2741 3984 2953 4037 Pariter
2988 3992 3038 4037 et
3066 3983 3266 4039 Lesbii.
3300 3985 3536 4039 Verbum

274 4078 409 4139 τοὺς
459 4076 717 4141 παλαιούς
739 4094 753 4108 ·
786 4073 898 4131 οἷον
931 4080 991 4131 τὸ
1033 4080 1111 4131 ἰού
1134 4097 1147 4110 ·
1193 4080 1252 4131 τὸ
1292 4081 1457 4132 αἰδοί.
1499 4080 1729 4149 Ὁμοίως
1761 4082 1855 4135 καὶ

1963 4072 1998 4129 ἆ
2020 4116 2034 4140 ,
2082 4075 2226 4145 quod
2259 4076 2327 4129 ad
2376 4082 2638 4128 terrorem
2672 4073 3027 4142 injiciendum
3062 4074 3114 4126 in
3142 4089 3243 4127 usu
3277 4083 3362 4128 est
3409 4088 3539 4144 poe-

277 4167 439 4236 παρὰ
481 4169 732 4232 Λεσϐίοις
789 4170 850 4222 τὸ
902 4166 935 4223 ἆ
984 4171 1351 4239 ἐκπληκτικὸν
1383 4167 1523 4243 ὃν,ἦ
1558 4174 1855 4242 ποιητικῶς

1965 4169 2070 4223 tice
2092 4164 2128 4237 ἦ
2156 4167 2453 4237 profertur.
2487 4165 2664 4219 Verbo
2695 4167 2833 4228 τέως
2867 4166 3181 4234 temporalis
3203 4177 3284 4220 est
3320 4182 3536 4229 sensus.

278 4260 641 4331 προφέρεται,
690 4262 785 4313 καὶ⁴
815 4260 877 4313 τὸ
903 4262 1044 4324 τέως
1081 4263 1354 4332 χρονικόν.
1395 4264 1772 4335 Ἐπαρώμενοι
1796 4265 1853 4317 δέ

1963 4260 2057 4329 qui
2104 4259 2334 4312 invicem
2372 4259 2761 4327 imprecantur,
2792 4258 3121 4326 prmvalente
3148 4257 3370 4327 antiqua
3402 4273 3536 4312 cun‘

278 4367 418 4402 ποτε
449 4350 730 4420 ἀλλήλους,
757 4356 1011 4422 καρκῖνος
1044 4352 1283 4422 λέγουσι,
1330 4356 1471 4408 κατὰ
1496 4357 1856 4428 ἐπικράτησιν

1963 4350 2273 4410 suetudine,
2308 4347 2610 4401 nescientes
2653 4355 2834 4399 autem
2870 4361 3064 4414 quare,
3115 4347 3354 4400 clamant
3402 4365 3538 4419 καρ-

278 4442 525 4496 παλαιάν
545 4460 558 4473 ·
588 4444 687 4496 ούκ
712 4443 886 4496 οἴδασι
906 4444 983 4508 δὲ,
1006 4444 1193 4514 διόπερ
1220 4445 1379 4499 τοῦτο
1404 4446 1668 4513 λέγουσιν.
1699 4450 1854 4501 Ἔστι

1964 4444 2111 4494 κῖνον
2142 4441 2475 4509 (cancerem),
2511 4440 2655 4508 quod
2687 4438 2831 4508 apud
2864 4438 3104 4493 medicos
3134 4439 3357 4509 quidam
3392 4456 3537 4495 mor-

277 4536 336 4588 δὲ
370 4533 529 4586 τοῦτο
560 4537 689 4605 παρ’
719 4538 944 4605 ἰατροῖς,
994 4535 1163 4598 πάθος
1191 4553 1243 4588 τι
1280 4538 1576 4607 συμϐαῖνον
1601 4540 1856 4603 πολλάκις
1891 4567 1895 4589 ι

1921 4571 1934 4615 ,
1967 4534 2069 4588 bus
2096 4548 2365 4587 mammas
2402 4532 2693 4585 mulierum
2730 4531 3014 4595 invadens,
3053 4541 3107 4584 et
3140 4532 3280 4599 apud
3312 4545 3414 4586 nos
3442 4535 3539 4585 κά-

277 4632 341 4680 ὲν
377 4631 488 4690 τοῖς
519 4626 629 4679 τῶν
656 4629 928 4696 γυναικῶν
963 4625 1152 4697 μαζοῖς
1177 4646 1190 4658 ·
1225 4631 1319 4682 καὶ
1368 4631 1395 4682 ὁ
1432 4631 1561 4700 παρ’
1594 4634 1727 4701 ἡμῖν
1759 4634 1856 4685 κά-

1966 4626 2149 4695 δειρος
2180 4633 2427 4678 vocatur.
2456 4622 2696 4678 Verbum
2720 4622 2899 4676 κοινὸν
2918 4622 3233 4695 (commune)
3266 4625 3537 4692 ignorant,

282 4720 475 4788 εειρος
496 4733 511 4747 ⁸
542 4719 637 4771 καὶ
673 4719 733 4771 τὸ
762 4720 862 4788 μὲν
895 4720 1074 4772 κοινὸν
1107 4708 1207 4772 οὐκ
1243 4721 1437 4773 οἴδασι⁸
1465 4722 1527 4773 τὸ
1556 4721 1613 4774 δὲ
1630 4722 1862 4789 πάγκοιι

1968 4717 2262 4784 πάγκοινον
2296 4724 2478 4771 autem
2511 4715 2836 4784 jamdudum
2868 4717 2988 4771 sine
3017 4732 3185 4771 causa
3220 4716 3270 4769 in
3308 4732 3406 4769 usu
3446 4717 3543 4768 ha-

282 4830 378 4865 νον
408 4812 547 4873 τέως
576 4809 936 4879 γινώσκουσιν
985 4812 1234 4880 ἀλόγως·
1282 4812 1427 4864 καθὰ
1469 4812 1534 4882 δὴ
1582 4813 1676 4865 καὶ
1722 4815 1771 4865 οἱ
1806 4816 1862 4866 ὲν

1968 4809 2183 4863 bentes.
2214 4807 2427 4862 Pariter
2474 4809 2567 4878 qui
2599 4807 2828 4861 Pontum
2878 4808 3121 4862 incolunt
3152 4806 3377 4877 ήλάριον
3408 4824 3542 4876 καρο

283 4905 477 4973 Πόντῳ
542 4902 766 4973 ήλάριον
819 4903 916 4973 μὲν
956 4903 1102 4956 ἴσασι
1138 4903 1199 4956 τὸ
1231 4905 1463 4974 καρφίον
1485 4920 1500 4936 ·
1540 4901 1668 4977 ἧλον
1703 4906 1745 4959 δ’
1770 4905 1862 4959 οὔ·

1971 4902 2091 4969 φίον
2126 4909 2398 4964 noscunt,
2434 4900 2526 4953 sed
2558 4916 2667 4954 non
2696 4896 2825 4971 ἧλον
2855 4899 3128 4968 (clavum).
3163 4898 3345 4969 Cyprii
3381 4899 3545 4950 ίππά-

282 4995 387 5048 καὶ
433 4993 484 5046 οί
523 4995 581 5045 ὲν
608 4992 838 5063 Κύπρῳ,
869 4993 1100 5062 ἱππάριν
1130 4993 1251 5061 μὲν,
1293 4993 1416 5062 ούχὶ
1445 4993 1500 5044 δὲ
1533 4997 1626 5045 καὶ
1661 4994 1825 5048 ἵππον
1845 5010 1860 5026 '

1974 5010 2078 5063 ριν,
2134 5006 2239 5046 non
2284 4992 2449 5044 ἵππον
2487 4991 2765 5061 (equum),
2801 4990 2949 5043 sicut
2996 4997 3051 5043 et
3095 5003 3232 5054 nos;
3268 4990 3540 5060 δοκάριον,

282 5090 364 5152 ὡς
392 5088 567 5157 δήπου
595 5086 688 5138 καὶ
721 5086 768 5138 οί
795 5086 852 5138 ὲν
901 5086 968 5155 τῇ
1002 5085 1254 5155 ἡμεδαπῇ
1296 5085 1545 5156 δοκάριον
1578 5086 1676 5155 μὲν
1706 5086 1864 5155 γινώ·

1974 5100 2079 5138 non
2104 5083 2261 5136 δοκόν
2297 5082 2543 5152 (trabem)
2572 5100 2587 5148 ;
2620 5082 2873 5137 similiter
2903 5091 3084 5136 autem
3118 5081 3271 5146 ξύλον
3298 5082 3542 5152 (lignum)

287 5196 509 5242 σκουσι,
552 5179 708 5231 δοκὸν
737 5177 780 5230 δ’
811 5178 1013 5248 ἥκιστα
1036 5193 1050 5206 ·
1086 5178 1261 5230 καίτοι
1288 5178 1473 5247 ὅμοιον
1504 5179 1660 5231 τοῦτο
1690 5179 1763 5242 ὡς
1792 5181 1868 5230 εἴ·

1970 5188 2023 5231 et
2062 5178 2317 5246 ξυλάριον
2354 5176 2621 5229 dicerent.
2654 5173 2967 5245 Νησσάριον
2997 5172 3277 5243 (anatem),
3314 5189 3418 5228 non
3450 5190 3547 5228 au-

286 5288 385 5324 ποι
406 5286 491 5332 τις
521 5269 673 5334 ξύλον
696 5270 790 5323 καὶ
817 5270 1097 5339 ξυλάριον·
1133 5272 1223 5322 καὶ
1253 5270 1549 5340 νησσάριον
1574 5270 1746 5323 οἴδασι
1769 5273 1865 5340 τὴν

1972 5276 2080 5321 tein
2109 5270 2333 5337 νῆσσαν,
2371 5273 2567 5319 vocant
2598 5266 2891 5333 palustrem
2924 5282 3103 5320 avem.
3136 5267 3451 5338 Παρίππιον
3479 5283 3544 5321 ex

291 5362 552 5432 λιμναίαν
583 5363 753 5433 δρνιν,
794 5362 998 5431 νῆσσαν
1037 5360 1331 5425 δὀύδόλως
1356 5375 1370 5390 ·
1420 5362 1513 5413 καὶ
1564 5363 1866 5432 παρίππιον

1972 5357 2369 5427 compositione
2396 5357 2842 5426 derivationeque
2871 5358 3089 5424 habent,
3112 5374 3217 5412 non
3250 5366 3430 5412 tamen
3459 5359 3546 5411 ἴπ-

294 5454 569 5516 συνθέτως
598 5455 693 5508 καὶ
722 5452 1067 5523 παραγώγως
1088 5470 1101 5484 ·
1130 5454 1306 5506 εῑτουν
1331 5452 1756 5523 παρασυνθέτως
1785 5470 1868 5520 γι-

1975 5467 2095 5514 πον,
2120 5450 2214 5504 sed
2246 5449 2437 5517 ἄλογον
2469 5448 2752 5517 (animal);
2791 5448 2984 5516 ἄλογον
3018 5458 3198 5504 autem
3230 5464 3336 5503 non
3369 5451 3546 5503 solum

292 5546 601 5601 νώσκουσιν
627 5563 640 5577 ·
672 5547 734 5599 ού
769 5548 875 5617 μὴν
902 5546 958 5599 δὲ
988 5546 1080 5599 καὶ
1112 5546 1277 5598 ἵππον
1304 5563 1318 5576 ·
1354 5544 1469 5598 ἀλλ’
1498 5544 1719 5613 ἄλογον·
1750 5545 1871 5597 ἄλο-

1975 5557 2199 5611 equum,
2250 5541 2342 5595 sed
2372 5541 2533 5595 etiam
2587 5542 2800 5607 bovem,
2831 5542 3071 5610 asinum,
3115 5551 3169 5599 et
3216 5543 3399 5599 omnia
3429 5559 3550 5615 qua:

293 5656 396 5707 γον
425 5639 505 5703 δὲ,
538 5640 600 5691 οὑ
635 5638 794 5708 μόνον
819 5639 983 5701 ἵππος
999 5653 1014 5668 ·
1051 5638 1185 5692 ἀλλά
1210 5638 1303 5691 καὶ
1329 5636 1455 5708 βοῦς
1481 5638 1576 5692 καὶ
1598 5637 1717 5701 όνος
1738 5656 1751 5671 ·
1781 5638 1871 5690 καὶ

1399 5638 1455 5701 ῦς
1481 5638 1576 5692 καὶ
1598 5637 1717 5701 ὄνος
1738 5656 1751 5671 ·
1781 5638 1871 5690 καὶ
1979 5633 2188 5689 ratione
2218 5642 2408 5689 carent
2441 5633 2700 5699 animalia
2728 5633 3017 5703 signiﬁcat.

296 5732 403 5783 ὅσα
431 5728 589 5798 λόγον
611 5729 711 5783 οὐκ
741 5729 945 5799 ἔχουσι.

375 5885 454 5957 (5)
482 5885 758 5942 Scholium
782 5885 834 5941 in
870 5886 1112 5954 margine
1137 5903 1152 5941 :
1182 5884 1274 5955 Τῷ
1306 5884 1487 5955 σύρειν
1504 5884 1623 5939 ἀντὶ
1647 5883 1741 5938 τοῦ
1769 5882 1993 5953 ἀπέρχει

1269 5908 1274 5932 ι
1306 5884 1487 5955 σύρειν
1504 5884 1623 5939 ἀντὶ
1647 5883 1741 5938 τοῦ
1769 5879 2127 5953 ἀπέρχεσθαι,
2158 5877 2250 5932 καὶ
2282 5874 2572 5945 Θεόκριτος
2603 5871 2887 5942 κέχρηται.
