4098 6486
615 383 744 452 1351

1851 387 2216 446 ΡΑΟΠΟΜΙΙ
2261 387 2602 448 MONACHI

3731 388 3858 452 1352

682 493 890 549 Ψιλοῦν
923 492 1152 562 (radere)
1178 503 1231 548 et
1255 493 1476 560 ἑξυλοῦν
1503 495 1672 564 (ligno
1709 497 1956 565 purgare)
1979 495 2176 549 dicunt

2367 500 2475 550 Καὶ
2522 497 2712 566 ψιλοῦν
2742 498 2960 564 λέγουσι
3002 498 3092 550 τὸν
3127 499 3292 566 ἀγῴν
3327 501 3419 552 καὶ
3449 497 3708 563 ἑενλοῦν·
3731 502 3862 570 ὅπερ

613 593 758 662 quod
777 591 866 645 alii
885 590 1479 658 ἑλοκοπεῖν(ε.τιι’ῖεαιέ)
1501 608 1516 654 ;
1543 590 1635 644 sed
1655 605 1829 658 neque
1853 590 1905 643 hi
1925 606 2098 659 neque
2113 590 2185 643 illi

614 686 794 739 sciunt
823 683 950 751 quid
984 682 1056 735 sit
1074 681 1252 750 ψιλὸν,
1271 680 1399 750 quid
1422 683 1494 736 sit
1525 681 1646 752 ὕλη,
1665 691 1719 736 et
1741 680 1882 746 ἓλος,
1901 696 1962 734 ex
1985 681 2186 750 quibus

620 777 888 846 originem
921 775 1121 829 habent
1149 774 1312 827 verba
1345 775 1485 840 apud
1516 775 1664 842 ipsos
1694 784 1975 844 usurpata.
1995 774 2190 828 lncola:

611 865 844 920 Athonis
871 905 886 929 ,
922 880 1045 918 cum
1082 863 1230 928 ἅπαξ
1269 863 1469 935 (semel)
1506 865 1824 919 adverbium
1868 866 2186 936 quantitatis

611 958 868 1020 habeant,
901 965 956 1011 et
980 956 1035 1010 hi
1067 957 1334 1025 multique
1361 957 1452 1010 alii
1479 956 1562 1019 δὶς
1590 957 1732 1026 (bis),
1764 967 1822 1010 nt
1846 973 1966 1012 cum
2001 958 2189 1012 dicunt

609 1049 696 1102 bis
734 1049 788 1102 in
828 1050 998 1111 hora,
1035 1045 1082 1102 si
1119 1058 1300 1102 tamen
1333 1047 1523 1102 eadem
1572 1049 1626 1101 in
1677 1047 1847 1102 Biblia
1891 1048 2183 1117 reperiam,

529 1181 532 1184 .
611 1155 720 1193 non
766 1139 1096 1207 intelligunt.
1131 1139 1315 1208 Cyprii
1347 1153 1413 1192 ex
1450 1139 1808 1193 similitudine
1850 1139 1981 1201 ἴσως
2005 1139 2184 1192 czeteri

609 1231 752 1299 τάχα
783 1230 1081 1300 (fortasse)
1116 1230 1327 1284 dicunt.
1375 1229 1605 1296 Quidam
1655 1230 1706 1282 in
1744 1229 1938 1284 insulis
1990 1247 2186 1299 στοχα-

611 1322 752 1392 σμὸν
801 1320 1208 1390 (conjecturam)
1245 1329 1498 1383 noscunt,
1552 1320 1733 1373 caeteri
1770 1321 2043 1389 ignorant.
2079 1319 2185 1373 Alii

608 1417 920 1470 vocativum
975 1414 1294 1469 adverbium
1354 1408 1400 1466 ὦ
1457 1415 1690 1476 habent,
1749 1415 1838 1468 alii
1890 1423 2068 1468 autem
2136 1414 2182 1468 ἑ.

611 1507 716 1560 Alii
747 1521 844 1576 pro
871 1506 1091 1576 βλέπειν
1129 1505 1405 1575 (aspicere)
1438 1507 1650 1575 τηρεῖν,
1677 1505 1768 1558 alii
1793 1504 2042 1575 θεωρεῖν,
2065 1522 2186 1573 qua:

609 1601 664 1655 in
702 1602 866 1655 alium
897 1615 1115 1654 sensum
1143 1599 1372 1652 veniunt
1416 1599 1516 1651 etsi
1580 1598 1814 1666 quadam
1861 1599 2184 1667 cognatione

605 1688 815 1758 juncta.
851 1689 953 1741 Alii
989 1688 1241 1750 κυτάζειν
1281 1702 1310 1740 a
1345 1683 1644 1750 κυπτάζειν
1688 1687 1956 1757 (morari).
1997 1687 2182 1757 Cyprii

608 1779 826 1846 quidem
858 1778 1142 1848 participia
1199 1776 1252 1829 in
1298 1792 1398 1830 usu
1435 1775 1654 1838 habent,
1690 1776 1779 1828 alii
1815 1785 1998 1830 autem
2033 1791 2180 1838 raro,

2289 589 2523 658 ἀλλαχοῦ
2556 591 2834 643 ἑλοκοπεῖν
2854 607 2867 620 ο
2895 591 3010 642 ἀλλ’
3029 589 3154 644 οὔτε
3187 585 3330 643 οῦτοι
3351 630 3365 652 ,
3391 591 3517 642 οὔτε
3551 593 3744 643 ἐκεῖνοι
3780 609 3862 657 γι-

2289 685 2556 739 νώσκουσι
2600 687 2652 738 τί
2710 688 2827 738 ἑστι
2857 686 3032 755 ψιλὸν,
3057 686 3150 739 καὶ
3182 686 3236 738 τί
3269 686 3390 755 ῦλη,
3423 687 3516 739 καὶ
3549 689 3602 738 τί
3628 686 3776 749 ἕλος·
3803 691 3863 740 ἑκ

2287 777 2492 830 τούτων
2541 778 2649 847 γὰρ
2693 779 2763 830 τά
2811 779 2940 848 παρ’
2970 777 3156 840 αὐτοῖς
3204 779 3445 847 ῥήματα.
3490 777 3727 846 Ὁμοίως
3773 783 3861 830 καὶ

2302 869 2584 922 Ἀοωνῖται
2611 885 2624 898 ·
2670 870 2732 922 τὸ
2763 869 2911 932 ἅπαξ
2951 869 3239 938 ἐπίρρημα
3282 870 3618 936 ποσότητος’
3651 873 3743 922 καὶ
3785 871 3859 932 Et;

2287 961 2504 1030 λέγουσι
2531 965 2626 1017 καὶ
2655 958 2798 1017 οὗτοι
2827 963 2919 1015 καὶ
2944 963 2994 1015 οἱ
3021 962 3262 1015 πλεῖστοι
3285 978 3301 993 ’
3335 962 3410 1026 ῶς
3439 963 3572 1015 ὅταν
3601 961 3820 1031 λέγουσι
3842 979 3857 994 ⁸

2286 1053 2370 1116 δὶς
2414 1054 2514 1125 τὴν
2549 1054 2726 1126 ὤραν’
2759 1056 2825 1109 ἂν
2853 1055 2898 1108 δ’
2931 1055 3206 1108 ἀκούσωσι
3244 1054 3401 1108 τοῦτο
3437 1056 3496 1108 ἑν
3537 1055 3726 1124 βιϐλίῳ
3747 1095 3763 1117 ,
3802 1058 3856 1106 οὐ

2289 1145 2568 1199 συνιοῦσι·
2601 1148 2695 1200 καὶ
2723 1147 2771 1199 οί
2801 1149 2899 1218 μὲν
2923 1146 3161 1217 Κύπριοι
3190 1149 3280 1201 ἐπὶ
3305 1147 3604 1218 είκασμοῦ,
3638 1149 3763 1209 ῖσως
3788 1149 3858 1199 λέ-

2285 1253 2474 1305 γουσιν
2502 1253 2516 1268 ο
2544 1239 2591 1290 οί
2621 1237 2676 1290 δὲ
2707 1237 2903 1299 λοιποὶ,
2935 1239 3106 1308 τάχαο
3134 1239 3226 1292 καί
3255 1256 3399 1302 τινες
3434 1241 3492 1291 ὲν
3528 1242 3650 1300 ταῖς
3684 1240 3858 1307 νήσοις

2285 1332 2378 1384 τὸν
2407 1333 2712 1401 στοχασμὸν
2741 1329 3100 1399 γινώσκουσιν
3119 1346 3130 1360 ·
3165 1332 3340 1396 ἑτεροι
3366 1330 3425 1383 δὲ
3455 1328 3730 1398 οὐδαμῶς.
3754 1330 3854 1380 Καὶ

2285 1422 2432 1477 ἄλλοι
2468 1423 2567 1493 μὲν
2599 1424 2661 1476 τὸ
2705 1418 2750 1476 ὦ
2797 1423 3055 1491 κλητικδν
3094 1421 3398 1492 ἑπίρρημα,
3446 1421 3597 1473 ἄλλοι
3639 1419 3696 1470 δὲ
3743 1420 3858 1471 ἀντὶ

2283 1513 2498 1579 τούτου,
2534 1514 2594 1566 τὸ
2625 1513 2667 1566 ἑ.
2699 1515 2809 1565 Ka).
2838 1513 2984 1568 ἄλλοι
3016 1514 3135 1565 ἀντὶ
3165 1511 3260 1564 τοῦ
3292 1511 3532 1580 βλέπειν,
3567 1510 3756 1577 τηρεῖν
3778 1509 3858 1558 λέ-

2284 1620 2492 1669 γουσιν,
2534 1602 2681 1656 ἄλλοι
2728 1601 2954 1671 θεωρεῖν
2977 1618 2991 1632 °
3041 1601 3185 1671 ἅπερ
3213 1601 3291 1662 είς
3318 1599 3478 1652 ἄλλον
3515 1597 3638 1650 νοῦν
3671 1597 3858 1667 ἔρχον-

2284 1713 2397 1760 ται,
2421 1699 2468 1748 εἰ
2497 1695 2590 1749 καί
2619 1713 2739 1748 τινα
2764 1695 3072 1764 οἰκειότητα
3098 1693 3310 1762 ἔχουσιν
3333 1709 3348 1723 ·
3378 1693 3546 1754 ἄλλοι,
3577 1688 3857 1751 κυτάζειν,

2285 1788 2414 1851 ἴσως
2447 1789 2553 1840 ἀπὸ
2594 1787 2690 1841 τοῦ
2717 1787 3051 1852 κυπτάζειν·
3083 1787 3177 1838 καὶ
3224 1787 3272 1838 οἱ
3321 1785 3418 1853 μὲν
3457 1784 3724 1852 Κυθήριοι
3763 1783 3859 1844 τὰς

608 1879 664 1922 et
693 1885 802 1923 non
830 1847 994 1921 recte.
1024 1868 1126 1919 Alii
1161 1867 1326 1920 verba
1363 1867 1558 1938 ἰδίωμα
1589 1867 1894 1935 (dialectus)
1929 1877 1983 1921 et
2005 1867 2176 1928 ποσῶς

2288 1847 2522 1950 μετοχὰς
2549 1879 2765 1948 ἔχουσιν
2796 1881 2853 1930 ἑν
2882 1847 3160 1946 συνηθείᾳ,
3191 1847 3342 1930 ἄλλοι
3371 1876 3427 1928 δὲ
3471 1847 3737 1935 σπανίως,
3767 1873 3858 1924 καὶ

609 1963 860 2032 (quadam
883 1961 1202 2029 quantitate)
1228 1959 1534 2026 proferunt,
1553 1959 1644 2012 alii
1677 1959 1807 2011 ἴδιον
1839 1958 2179 2027 (proprium),

607 2049 700 2102 alii
734 2047 922 2109 ποσὸν,
963 2047 1280 2116 ignorantes
1332 2055 1513 2100 tamen
1543 2050 1693 2100 ποιὸν
1723 2047 1974 2117 (quadam
2003 2048 2181 2118 quali-

609 2138 736 2206 tate)
761 2178 776 2202 ,
808 2145 862 2192 et
888 2140 1163 2206 quomodo
1191 2139 1342 2188 ποῖον
1367 2136 1491 2206 (qua
1524 2137 1803 2207 qualitate)
1836 2137 1989 2190 ποιὸν
2022 2137 2180 2191 inde-

607 2231 760 2284 ﬁnito
807 2245 969 2283 sensu
1017 2229 1145 2292 ﬁat,
1195 2228 1340 2282 sicut
1377 2236 1432 2282 et
1477 2229 1641 2281 πόσον
1691 2229 1815 2299 (qua
1860 2231 2179 2298 quantitate)

607 2323 792 2378 ποσόν.
825 2321 1109 2393 Zacynthii
1171 2322 1516 2390 peculiariter
1550 2321 1754 2374 σκοπὸν
1796 2321 2052 2392 (scopum)
2083 2338 2178 2376 vo-

605 2429 733 2468 care
769 2421 957 2466 amant
991 2410 1285 2480 quamdam
1336 2409 1479 2478 apud
1539 2409 1663 2464 illos
1709 2409 1940 2462 σκοπιάν
1972 2409 2180 2478 (specu-

605 2505 770 2574 lam);
803 2503 1115 2574 Methytnnii
1143 2501 1383 2572 λειμῶνα
1405 2503 1638 2571 (pratum
1669 2501 2180 2571 inaquosum)omne

605 2596 842 2649 λιὸἀὸιον
861 2596 1092 2664 (pratum
1126 2594 1234 2646 rivo
1265 2591 1594 2662 irrigatum).
1626 2593 1922 2647 Ventorum
1957 2593 2179 2648 nomina

604 2688 801 2742 melius
844 2694 1090 2740 noscunt.
1120 2685 1364 2746 Pontici,
1399 2685 1494 2740 sed
1534 2687 1636 2738 οὐκ
1679 2685 1789 2755 ἔχω
1832 2687 1958 2754 (ηοιι
1994 2685 2178 2751 habeo)

602 2779 812 2843 dicunt,
847 2777 937 2830 alii
968 2784 1151 2829 autem
1203 2775 1290 2828 δὲν
1323 2775 1452 2845 ἔχω.
1483 2774 1672 2831 Cretes
1713 2777 1832 2828 ῖντα
1863 2776 1954 2836 θὲς
1995 2792 2092 2844 pro
2129 2775 2180 2826 τί

603 2869 814 2930 θέλεις;
848 2865 1011 2937 (quid
1044 2868 1116 2918 vis
1139 2869 1202 2922 Υ)
1246 2866 1338 2918 alii
1375 2866 1426 2918 τί
1455 2867 1543 2928 ).ὲς
1585 2881 1684 2935 pro
1711 2865 1766 2918 τί
1804 2866 1982 2934 λέγεις
2033 2865 2178 2934 (quid

601 2957 836 3026 dicis?).
884 2957 1016 3020 Quae
1053 2953 1216 3008 verba
1265 2969 1360 3022 per
1403 2953 1863 3019 abstractiouem,
1913 2968 2007 3007 seu
2029 2947 2180 3020 "apu-

602 3065 774 3118 copen
803 3057 852 3101 et
883 3061 1158 3118 syncopen
1187 3044 1517 3116 syllabarum
1566 3044 1695 3097 talia
1725 3046 1880 3097 tiunt.
1910 3042 2067 3097 Certe
2092 3041 2178 3095 δὲν

603 3139 674 3192 ab
705 3139 886 3192 Attico
915 3135 1071 3188 οὐδὲν
1107 3135 1363 3190 trahitur.
1393 3131 1500 3187 Pro
1529 3132 1646 3196 τοῦ,
1673 3132 1732 3185 οὗ
1761 3133 1972 3195 dicunt,
2000 3145 2100 3199 pro
2125 3127 2176 3182 τί

605 3228 684 3281 ἔνι
729 3227 790 3280 τὸ
822 3226 970 3296 (quid
1019 3229 1116 3278 hoc
1151 3223 1252 3292 est)
1287 3233 1342 3277 et
1379 3223 1430 3276 τί
1473 3223 1552 3275 ἔνι
1590 3222 1658 3276 τὰ
1694 3223 1841 3292 (quid
1872 3223 1980 3275 IttBC
2006 3220 2171 3290 sunt),

602 3321 751 3372 τίντο
773 3327 828 3371 et
853 3317 1032 3381 τίντα,
1061 3315 1206 3371 sicut
1234 3315 1374 3383 apud
1407 3313 1668 3380 Lesbios;
1705 3314 1846 3368 unde
1873 3312 2014 3382 apud
2039 3311 2173 3366 Cre-

606 3418 688 3464 tes
717 3409 966 3476 aliosque
995 3421 1188 3474 segnes
1220 3405 1359 3458 ίντα.

673 3498 896 3552 Nullum
931 3497 1042 3552 fere
1071 3513 1241 3552 saera:
1270 3496 1569 3564 Scripturae
1598 3498 1845 3561 verbum,
1882 3497 2028 3566 quod
2064 3511 2173 3552 non

604 3603 700 3659 per
731 3596 904 3642 totum
932 3585 1118 3638 orbem
1157 3584 1209 3637 in
1235 3599 1338 3638 usu
1365 3583 1650 3638 habeatur.
1685 3584 1780 3637 Sin
1812 3593 1992 3637 autem
2021 3597 2174 3652 quas-

603 3683 728 3736 dam
779 3694 887 3733 non
939 3677 1274 3740 habeantur,
1337 3693 1444 3730 non
1494 3685 1579 3730 est
1625 3676 1955 3730 mirandum.
2007 3675 2172 3730 Multa

601 3771 753 3828 enim
799 3770 851 3822 in
887 3766 1216 3822 oblivionem
1253 3777 1347 3820 aut
1403 3766 1859 3821 adulteratiouem
1908 3776 2175 3821 venerunt

603 3872 823 3934 prepter
869 3858 1275 3931 negligentiam.
1332 3867 1426 3912 aut
1464 3859 1822 3913 barbarorum
1881 3859 2173 3914 immistio-

603 3971 751 4019 nem,
810 3963 869 4008 ut
932 3955 985 4007 in
1041 3953 1300 4006 brevibus
1343 3953 1505 4008 dictis
1553 3952 1738 4007 verbis
1783 3962 2172 4008 monstratum.

603 4048 750 4115 Quot
770 4057 952 4101 autem
977 4045 1307 4107 volatilium,
1339 4045 1698 4113 serpentium,
1730 4044 2171 4114 quadrupedum,

605 4141 939 4210 plantarum,
977 4137 1212 4206 piscium
1249 4136 1645 4206 zouphytarum
1678 4174 1693 4198 ,
1733 4144 2004 4201 ceterum,
2033 4136 2172 4192 alio-

601 4248 836 4303 rumque
892 4231 1234 4295 animalium,
1288 4245 1411 4299 quze
1460 4231 1517 4282 in
1574 4231 1708 4284 orbe
1750 4237 1900 4292 sunt,
1949 4230 2172 4284 numina

601 4325 954 4395 ignoramus!
991 4321 1279 4388 Quomodo
1311 4320 1488 4384 illa,si
1517 4319 1574 4374 in
1603 4317 1892 4387 Scriptura
1923 4319 2173 4376 invenia-

600 4433 747 4477 mus,
785 4413 1251 4485 intelligeretnus?
1287 4412 1393 4466 Sua
1421 4412 1714 4482 unicuique
1741 4428 1923 4468 rerum
1956 4422 2170 4468 creata-

2283 1973 2381 2040 οὺχ
2415 1971 2489 2032 ώς
2517 1971 2596 2022 δεῖ
2619 1988 2631 1999 °
2659 1971 2752 2022 καὶ
2780 1970 2928 2023 ἄλλοι
2949 1970 3010 2022 τὸ
3035 1970 3228 2038 ἰδίωμα
3260 1967 3436 2029 ποσῶς
3472 1966 3856 2034 ἀναφέρουσιν·

2283 2063 2431 2116 ἄλλοι
2464 2064 2525 2114 τὸ
2560 2062 2712 2127 ἴδιον,
2751 2063 2846 2115 xal.
2875 2061 3024 2115 ἄλλοι
3067 2062 3128 2113 τὸ
3157 2060 3354 2112 ποσόν·
3395 2058 3470 2128 μὴ
3499 2057 3858 2124 γινώσκοντες

2282 2155 2338 2206 δὲ
2365 2155 2424 2207 τὸ
2454 2155 2639 2207 ποιόν·
2693 2154 2869 2206 καίτοι
2913 2152 3104 2222 ῶσπερ
3148 2151 3206 2205 τὸ
3243 2155 3390 2203 ποῖον
3436 2148 3858 2218 ἀοριστούμενον

2282 2245 2490 2312 γίνεται
2522 2243 2696 2306 ποιὸν,
2727 2242 2870 2295 οὕτω
2899 2242 2994 2294 καὶ
3023 2242 3082 2294 τὸ
3121 2243 3308 2302 πόσον,
3342 2240 3524 2292 ποσόν.
3567 2238 3858 2290 Ζακύνθιοι

2281 2336 2337 2387 δὲ
2377 2333 2620 2403 φιλοῦσιν
2685 2334 2826 2397 ίδίως
2859 2334 3047 2386 καλεῖν
3093 2332 3312 2391 σκοπὸν,
3346 2333 3466 2383 τινὰ
3507 2333 3636 2400 παρ’
3679 2331 3859 2391 αὐτοῖς

2285 2429 2535 2480 σκοπιάν.
2570 2426 2682 2479 Καὶ
2726 2426 3119 2495 Μηθυμναῖοι,
3177 2424 3442 2492 λειμῶνα,
3493 2423 3738 2474 λιϐἀδιόν
3783 2441 3855 2476 τι.

2283 2517 2528 2588 Ἀνέμων
2554 2519 2596 2571 δ’
2625 2519 2863 2588 ὀνόματα
2887 2517 3212 2588 κρειττόνως
3240 2517 3411 2570 οἴδασι
3439 2517 3672 2568 Πόντιοι.
3698 2508 3856 2566 Οὗτοι

2280 2615 2381 2665 οὐκ
2407 2613 2516 2680 ἔχω
2545 2611 2792 2678 λέγουσιν
2816 2627 2830 2640 ·
2866 2609 3002 2678 ὅπερ
3036 2610 3212 2678 ἕτεροι
3254 2608 3342 2661 δὲν
3384 2608 3509 2677 ἔχω.
3550 2609 3663 2661 Καὶ
3695 2607 3854 2678 Κρῆ-

2280 2723 2399 2770 τεςο
2430 2707 2550 2759 ῖντα
2580 2703 2670 2764 θές
2696 2720 2708 2733 ·
2742 2703 2862 2756 ἀντῖ⁵
2893 2702 2986 2754 τοῦ
3010 2701 3062 2754 τί
3091 2702 3295 2763 θέλειςο
3333 2702 3426 2754 καὶ
3452 2701 3502 2752 τί
3525 2701 3612 2763 λὲς
3642 2701 3854 2769 ἕτεροιο

2280 2800 2400 2852 ἀντὶ
2432 2798 2528 2850 τοῦ
2561 2798 2612 2851 τί
2647 2797 2846 2865 λέγεις.
2877 2797 3059 2866 Ἀπερ
3083 2793 3228 2848 κατά
3255 2795 3562 2864 ἀφαίρεσιν,
3586 2795 3620 2862 ἢ
3660 2795 3863 2846 ἀποκει-

2281 2892 2388 2961 πήν
2419 2907 2478 2941 τε
2525 2889 2619 2942 καὶ
2664 2888 2944 2958 συγκοπὴν
2979 2887 3089 2940 τῶν
3122 2885 3403 2939 συλλαϐῶν
3435 2885 3575 2938 οῦτω
3599 2885 3856 2954 φέρετον

2279 2983 2398 3050 ἦτοι
2429 2978 2539 3032 ἀπὸ
2564 2977 2660 3031 τοῦ
2687 2979 2840 3031 οὐδὲν
2875 2976 3126 3032 Ἀττικοῦ
3170 2977 3279 3039 δὲν,
3329 2977 3452 3028 ἀντὶ
3480 2976 3588 3039 τοῦ,
3619 2975 3686 3026 οὗ
3713 2991 3727 3004 ο
3763 2975 3860 3026 καὶ

2278 3073 2387 3126 ἀπὺ
2416 3071 2509 3125 τοῦ
2551 3073 2604 3126 τί
2632 3071 2710 3124 ἔνι
2741 3072 2802 3124 τὸ
2827 3110 2842 3135 ,
2887 3072 2978 3123 καὶ
3012 3070 3066 3122 τί
3112 3069 3191 3122 ἑνι
3222 3069 3313 3132 τά,
3341 3069 3488 3121 τίντο
3507 3109 3521 3132 ,
3551 3068 3646 3121 καὶ
3675 3068 3856 3129 τίντα,

2201 3187 2242 3244 C
2278 3165 2353 3227 ώς
2384 3164 2538 3234 ποιρά
2571 3163 2840 3226 Λεσϐίοις.
2886 3163 2981 3226 Ἐξ
3014 3156 3075 3216 οὗ
3121 3161 3277 3232 παρά
3312 3161 3494 3232 Κρησὶ
3530 3163 3621 3214 καὶ
3669 3160 3858 3221 ἄλλοις

2281 3257 2567 3329 ῥᾳθύμοις,
2597 3255 2660 3308 τὸ
2689 3256 2826 3309 ῐντα.

2348 3503 2460 3556 Kal.
2491 3501 2696 3572 σχεδὸν,
2738 3501 2893 3553 οὐδὲν
2926 3501 3022 3568 τῆς
3060 3499 3278 3569 Γραφῆς
3305 3497 3475 3568 ῥῆμα.
3509 3495 3644 3564 ὅπερ
3686 3493 3766 3564 μὴ
3799 3496 3856 3546 ἑν

2277 3598 2341 3665 τῇ
2374 3593 2671 3664 οἰκουμένῃ
2716 3592 2961 3661 φέρεται.
3017 3593 3076 3644 El
3117 3591 3174 3644 δὲ
3209 3590 3302 3642 καί
3342 3607 3462 3641 τινα
3506 3589 3563 3640 οὐ
3594 3589 3853 3658 φέρεται,

2275 3686 2426 3740 οὐδὲν
2467 3685 2777 3755 θαυμαστόν
2797 3699 2809 3712 ⁶
2846 3681 3017 3736 πολλὰ
3043 3683 3152 3752 γὰρ
3187 3683 3245 3732 ἑν
3269 3680 3405 3750 λήθῃ
3440 3679 3531 3732 καὶ
3560 3679 3852 3732 ἀλλοιώσει

2275 3778 2590 3846 γεγόνασιν,
2619 3776 2678 3842 ἑξ
2701 3775 2965 3846 ἀμελείας
2997 3775 3092 3827 καὶ
3122 3774 3220 3843 τῆς
3258 3772 3538 3842 ἐπιμιξίας
3565 3772 3678 3824 τῶν
3711 3772 3852 3841 βαρα-

2276 3870 2492 3940 6άρων’
2542 3868 2618 3931 ώς
2666 3870 2725 3921 ὲν
2771 3869 2882 3929 τοῖς
2925 3867 3023 3936 ἤδη
3060 3865 3272 3935 ῥηθεῖσι
3329 3863 3553 3934 βραχέσι
3599 3865 3853 3932 ῥήμασιν

2275 3961 2671 4015 ἀποδέδεικται·
2698 3960 2838 4012 πόσα
2865 3957 2974 4028 γὰρ
3003 3957 3244 4026 ὀνόματα
3270 3957 3548 4017 πετεινῶν,
3572 3955 3850 4022 ἑρπετῶν,

2275 4051 2641 4123 τετραπόδων,
2663 4050 2865 4119 φυτῶν,
2883 4049 3103 4119 ἰχθύων,
3139 4047 3395 4115 ζωῦςρίων
3417 4065 3476 4100 τε
3507 4048 3598 4099 καὶ
3630 4047 3853 4100 κνωδὰ-

2274 4143 2402 4207 λων,
2429 4143 2526 4196 καὶ⁵
2555 4141 2661 4196 τῶν
2691 4141 2892 4195 λοιπῶν
2921 4141 3028 4193 τῶν
3055 4141 3114 4192 ἑν
3145 4138 3222 4209 τῷ
3245 4139 3434 4206 κόσμῳ
3459 4138 3556 4191 οὐκ
3586 4137 3848 4207 οἴδαμενι

2276 4232 2398 4295 Πῶς
2422 4228 2515 4285 οὖν
2541 4231 2875 4292 ἀκούσαντες
2922 4231 2980 4282 ἑν
3008 4232 3072 4299 τῇ
3109 4229 3296 4299 Γραφῇ
3323 4227 3492 4282 ταῦτα
3519 4229 3809 4298 νοήσωμεν
3837 4246 3852 4291 ;

2273 4324 2370 4377 καὶ
2391 4325 2499 4394 γὰρ
2520 4321 2798 4392 καταρχὰς
2821 4321 2890 4375 τά
2911 4321 3151 4390 ὀνόματα
3178 4320 3438 4389 ἑτέθησάν
3462 4335 3520 4370 τε
3548 4319 3639 4371 καὶ
3661 4319 3856 4386 διωρί-

2276 4415 2481 4486 σθησαν
2507 4416 2722 4484 ἑκάστῳ
2751 4414 2880 4466 εῖδει
2907 4414 3013 4466 τῶν
3043 4413 3357 4482 κτισμάτων
3377 4429 3391 4444 ο
3422 4411 3507 4464 διά
3527 4412 3622 4480 τὴν
3651 4411 3856 4480 χρῆσιν

602 4523 724 4561 rum
764 4506 963 4576 speciei
993 4522 1021 4558 a
1058 4504 1326 4574 principio
1354 4504 1573 4557 nomina
1601 4504 1853 4572 imposita
1885 4519 1950 4560 ac
1983 4505 2168 4560 deter-

2278 4509 2370 4561 xal.
2398 4507 2665 4576 ὠφέλειαν
2697 4507 2793 4578 τὴν
2815 4507 2873 4571 ἑξ
2903 4506 3104 4572 αὐτῶν,
3134 4505 3347 4568 καὶτὰς
3381 4505 3672 4575 διαφόρους
3693 4506 3857 4574 ἐνερ-

603 4601 809 4655 minata
848 4597 1020 4663 fuere,
1077 4597 1375 4652 secundum
1411 4611 1593 4658 usum,
1626 4599 2029 4666 adjumentum,
2077 4607 2172 4653 aut

601 4689 783 4743 varias
831 4688 1086 4741 virtutes.
1138 4686 1349 4740 Dicitur
1393 4686 1638 4741 Adamns
1686 4702 1878 4743 omnes
1912 4689 2167 4758 pecudes,

601 4795 794 4836 omnes
823 4780 946 4835 cteli
973 4779 1246 4841 volucres,
1293 4793 1597 4848 omnesque
1649 4788 1804 4834 terra:
1833 4781 2036 4836 bestias
2071 4797 2172 4835 no-

601 4872 845 4928 minibus
872 4885 1118 4935 vocasse,
1153 4869 1298 4926 sicut
1331 4877 1386 4924 et
1419 4871 1685 4925 Solomon
1719 4881 1994 4927 astrorum
2025 4873 2173 4942 posi-

555 4953 559 4956 ’
601 4977 714 5030 tus,
767 4965 1074 5036 plantarum
1125 4962 1546 5032 graminumque
1597 4974 1846 5019 naturas.
1893 4963 2168 5020 Interdum

603 5069 788 5114 autem
828 5058 920 5128 qui
956 5057 1118 5126 longe
1149 5057 1201 5110 in
1233 5056 1380 5126 agris
1408 5056 1659 5111 habitant
1692 5059 1866 5127 magis
1895 5059 2170 5114 Hcllenice

604 5151 956 5219 techniceque
984 5164 1148 5218 quam
1177 5149 1269 5218 qui
1301 5147 1486 5213 urbes,
1519 5158 1738 5218 propter
1767 5149 2168 5217 simplicitatem

600 5242 900 5311 loquuntur
931 5259 944 5294 :
974 5239 1230 5308 oppidani
1276 5239 1424 5293 enim
1468 5254 1534 5294 ex
1567 5255 1709 5294 vana
1762 5241 1935 5310 gloria
1967 5242 2170 5312 stylum

604 5344 876 5388 tentantes
935 5333 987 5386 in
1049 5331 1439 5400 speciosiorem
1505 5341 1739 5394 mutare,
1791 5342 2168 5401 corrumpunt,

601 5438 954 5494 paganosque
985 5434 1041 5477 et
1070 5432 1319 5486 agrestes
1366 5421 1691 5476 cavillantur
1719 5431 1774 5477 et
1809 5423 2169 5488 subsannaut,

602 5523 791 5589 sicque
827 5519 1164 5588 alienigenas
1221 5517 1470 5581 irrident,
1512 5525 1571 5570 ut
1600 5530 1734 5586 gens
1769 5526 2008 5584 gentem,
2043 5515 2171 5570 urbs

601 5611 791 5664 urbem
815 5648 830 5673 ,
881 5625 947 5664 ex
988 5624 1054 5664 eo
1087 5609 1232 5678 quod
1268 5624 1376 5663 non
1426 5609 1588 5664 verba
1616 5609 1806 5663 eadem
1854 5609 2167 5676 loquantur,

600 5698 750 5770 quod
781 5697 1050 5752 amrmaut
1082 5699 1411 5753 nescientes.
1443 5698 1518 5752 Ita
1548 5714 1635 5752 res
1663 5707 1788 5751 sunt
1811 5713 1874 5752 ex
1917 5699 2170 5766 ignoran-

603 5787 701 5851 tia,
749 5797 804 5840 ut
851 5785 1056 5840 dictum
1087 5795 1190 5841 est.
1233 5785 1372 5840 Deus
1422 5786 1474 5839 in
1527 5785 1820 5854 principio,
1855 5795 1910 5840 nt
1945 5785 2169 5839 demon-

2274 4599 2450 4667 γείας.
2493 4599 2751 4652 Ἐκάλεσε
2800 4601 2926 4667 γὰρ,
2969 4600 3155 4667 φησὶν,
3195 4597 3368 4666 ’Δδάμ
3426 4597 3666 4666 ὀνόματα.
3716 4599 3858 4647 πᾶσι

2273 4695 2386 4755 τοῖς
2426 4693 2687 4760 κτήνεσι,
2720 4693 2812 4744 καὶ
2844 4693 2978 4744 πᾶσι
3018 4693 3131 4752 τοῖς
3163 4691 3428 4751 πετεινοῖς
3467 4687 3556 4740 τοῦ
3590 4687 3856 4756 οὐρανοῦ,

2274 4787 2368 4840 καὶ
2409 4788 2544 4839 πᾶσι
2571 4789 2683 4849 τοῖς
2723 4785 2928 4856 θηρίοις
2960 4785 3059 4854 τῆς
3089 4785 3210 4854 γῆς.
3251 4785 3413 4837 Ἀλλὰ
3449 4783 3542 4836 καὶ
3592 4784 3860 4851 Σολομῶν

2273 4873 2414 4930 οἶδεν
2428 4877 2673 4946 ἀστέρων
2695 4876 2894 4940 θέσεις,
2921 4876 3015 4928 καὶ
3038 4875 3222 4944 φυτῶν
3247 4875 3438 4942 φὺσεις
3465 4873 3554 4926 καὶ
3579 4871 3854 4942 βοτανῶν.

2277 4971 2432 5022 Ἐστι
2461 4968 2505 5021 δ’
2534 4969 2622 5021 ὅτε
2651 4971 2747 5021 καὶ
2773 4971 2821 5020 οἱ
2848 4970 3012 5038 τηλοῦ
3038 4967 3148 5020 τῶν
3193 4965 3382 5038 ἀγρῶν
3407 4964 3682 5028 οἰκοῦντες
3733 4966 3857 5017 Ἐλο

2273 5057 2638 5130 ληνικώτερόν
2696 5075 2756 5111 τε
2810 5059 2906 5112 καὶ
2951 5056 3342 5128 τεχνικώτερον
3406 5054 3701 5119 λαλοῦντες
3747 5056 3857 5106 τῶν

2273 5149 2523 5205 ἀστυκῶν
2549 5150 2607 5217 ἑξ
2645 5150 2943 5220 ἁπλότητος
2965 5166 2979 5182 ο
3013 5151 3061 5202 οἱ
3095 5147 3204 5217 γὰρ
3239 5147 3380 5200 κατά
3407 5145 3506 5209 τὰς
3541 5145 3755 5208 πόλεις,
3793 5148 3858 5196 ἐκ

2273 5240 2600 5308 κενοδοξίας,
2637 5245 2717 5306 είς
2751 5241 2813 5295 τὸ
2838 5240 3336 5311 εὐσχημονέστερον
3363 5239 3675 5308 βουλόμενοι
3721 5255 3859 5305 μετ-

2273 5332 2500 5396 αγαγεῖν
2527 5330 2624 5392 τάς
2655 5327 2852 5394 λέξεις,
2884 5329 3084 5399 μᾶλλον
3116 5327 3398 5397 φθείρουσι
3418 5342 3431 5355 ·
3466 5327 3557 5380 καὶ
3582 5327 3710 5388 τοὺς
3745 5345 3858 5379 κω-

2277 5422 2453 5491 μήτας
2479 5421 2574 5474 καὶ
2606 5421 2895 5491 ἀγροίκους
2919 5419 3128 5488 ἀλόγως
3161 5419 3474 5472 σκώπτουσι
3501 5419 3595 5470 καὶ
3633 5435 3857 5486 μυκτη-

2276 5514 2508 5584 ρίζουσι,
2543 5513 2747 5582 ὁμοίως
2778 5515 2870 5567 καὶ
2907 5516 3020 5577 τοῖς
3047 5511 3365 5573 ἀλλοδαποῖς
3404 5509 3724 5576 ἐπιγελῶσι,
3760 5511 3857 5561 καὶ

2273 5605 2445 5669 ἔθνος,
2482 5605 2624 5658 ἔθνει
2657 5607 2849 5677 ἑτέρῳ,
2905 5606 2996 5659 καὶ
3030 5605 3210 5669 πόλις,
3245 5604 3421 5667 πόλει,
3455 5604 3536 5655 ὅτι
3575 5603 3635 5655 οὐ
3667 5603 3854 5655 ταύτὰ

2273 5696 2524 5748 λαλοῦσι·
2562 5698 2635 5767 μὴ
2661 5699 2859 5760 εἰδότες
2893 5697 2928 5751 ἃ
2955 5696 3413 5750 διαόεΰαιοῦνται.
3446 5694 3629 5749 Ταῦτα
3649 5694 3711 5747 δὲ
3747 5698 3857 5748 πά-

2274 5805 2492 5855 σχουσιν
2536 5789 2598 5857 ἑξ
2628 5789 2866 5857 ἀμαθίας
2906 5789 2981 5853 ώς
3017 5790 3251 5860 εἴρηται.
3317 5786 3374 5840 '0
3415 5787 3525 5856 γὰρ
3567 5786 3697 5848 Θεὸς
3757 5786 3851 5850 ἐξ·
