4098 6516
196 456 342 517 1πᾶςῖ

1244 449 1340 512 DE
1377 453 1613 513 DIVIN.
1649 453 1934 513 SCRIPT.
1967 457 2402 520 UTILITATE.

3301 463 3434 529 135$

191 570 368 639 αρχῆς
396 565 605 628 τελείας
642 564 735 617 καὶ
767 563 1021 633 τεχνικὰς
1065 563 1300 633 διένειμε
1331 565 1427 628 τὰς
1460 565 1770 629 διαλέκτους

1875 577 2099 623 stratum
2129 580 2240 634 est,
2265 572 2528 627 dialectos
2560 588 2682 626 cum
2719 583 2832 627 arte
2865 574 3136 643 perfectas
3171 578 3311 632 inter
3343 597 3438 633 na-

191 663 252 710 ὲν
283 663 399 721 τοῖς
434 659 663 721 ἔθνεσιν,
698 656 773 718 ὡς
807 655 1098 708 δέδεικται.
1129 657 1283 708 Μετὰ
1324 656 1378 708 δὲ
1407 655 1599 719 ταῦτα,
1627 654 1769 709 οὕτω

191 748 615 816 κατεστάθησαν
641 763 655 780 ο
684 747 743 798 οὐ
791 745 950 814 μόνον
995 745 1103 814 γὰρ
1150 747 1181 813 ἡ
1213 747 1455 814 ἡμετέρα
1494 745 1772 809 διάλεκτος

189 837 369 898 οὕτως
393 837 699 904 ἠλάττωται
723 834 816 886 καὶ
843 833 1150 900 ἠλλοίωται,
1173 833 1307 885 ἀλλὰ
1329 834 1421 885 καὶ
1444 833 1549 886 τῶν
1569 835 1769 887 λοιπῶν

192 927 390 980 ἐθνῶν.
427 927 538 980 Καὶ
565 926 770 978 τούτων
798 923 914 993 μὲν,
948 924 1147 992 μᾶλλον
1173 922 1503 992 ἠλάττωται·
1540 925 1768 994 ἠλλοίω-

191 1036 285 1070 ται
319 1019 376 1070 δὲ
454 1017 652 1087 μᾶλλον
683 1019 715 1085 ἡ
750 1015 1033 1085 ἡμετέρα,
1072 1015 1160 1068 διὰ
1221 1013 1320 1085 τὴν
1344 1015 1644 1088 διασπορὰν
1673 1019 1769 1088 τὴν

206 1109 495 1176 (ενομένην
526 1109 601 1169 εἰς
630 1106 919 1174 διαφόρους
945 1106 1164 1168 τόπους.

265 1196 352 1252 Τὰ
377 1202 488 1269 γὰρ
516 1199 679 1252 λοιπὰ
732 1199 856 1270 ἔθνη
905 1199 1004 1250 οὐκ
1040 1201 1175 1252 εἰσιν
1206 1199 1380 1263 οὕτως
1414 1201 1771 1271 ἐξηπλωμένα

191 1293 275 1355 είς
310 1292 604 1361 διαφόρους
631 1291 900 1361 ἐπαρχίας
931 1307 989 1342 τε
1023 1291 1118 1343 καὶ
1149 1293 1411 1361 πατριάς·
1443 1292 1564 1344 ὅθεν
1610 1294 1705 1346 καὶ⁸
1739 1296 1770 1364 ἡ

190 1385 388 1454 γραφὴ
437 1384 562 1454 παρ’
597 1384 782 1447 αὐτοῖς
809 1383 1178 1454 ἁπλουστέρα·
1212 1383 1477 1454 ἀλλ”ούχὶ
1526 1386 1620 1438 καὶ
1656 1403 1772 1439 ποις

193 1477 323 1544 κίλη
363 1477 455 1537 καὶΙ
478 1475 709 1544 δαψιλὴς
741 1477 797 1526 ὲν
827 1478 946 1536 ταῖς
975 1475 1152 1540 λέξεσι
1175 1493 1187 1506 ο
1230 1475 1318 1528 διὰ
1359 1476 1417 1527 τὸ
1452 1477 1636 1528 στενὸν
1672 1480 1771 1548 τῆς

191 1563 481 1633 γλώσσηςο
517 1566 652 1634 ὅπερ
680 1564 876 1631 συνέϐη
901 1563 1084 1626 αὐτοῖς
1118 1563 1206 1614 διὰ
1236 1564 1294 1616 τὸ
1316 1564 1422 1615 τῶν
1453 1565 1644 1635 χωρῶν
1676 1566 1768 1618 άν-

190 1656 528 1725 επιτήδειονι
561 1654 799 1722 Οὒδεμία
841 1653 895 1704 δὲ
955 1655 986 1723 ἡ
1043 1653 1292 1705 ἐντεῦθεν
1328 1654 1522 1724 βλάϐη,
1552 1655 1652 1708 κᾶν
1706 1655 1771 1705 ἐκ

188 1746 291 1812 τῆς
351 1744 581 1814 μερι-κῆς
641 1743 800 1814 εἴπῃς
856 1742 1177 1811 ὲναλλαγῆς,
1230 1743 1335 1795 κᾶν
1393 1746 1455 1795 ὲκ
1505 1741 1606 1809 τῆς
1676 1759 1769 1809 γε-

189 1833 428 1901 νομένης
471 1833 697 1884 καθόλου
739 1832 830 1882 ἐπὶ
860 1830 960 1900 τῆς
1005 1831 1390 1899 πυργοποιίας.
1419 1829 1632 1899 Ὥσπερ
1662 1831 1769 1898 γὰρ

184 1927 281 1978 διὰ
300 1925 409 1977 τῶν
432 1925 706 1994 διαφόρων
728 1923 892 1977 αὐτοῦ
918 1925 1237 1992 ποιημάτων
1257 1922 1536 1985 δοξάζεται
1566 1925 1592 1974 ὁ
1617 1923 1767 1986 Θεὸς,

1875 659 2052 712 tiones
2081 662 2364 716 distribuit
2397 683 2408 716 :
2445 663 2772 735 dialectiqnc
2825 667 2904 720 sic
2947 670 3278 725 constitutae.
3319 670 3437 726 Non

1874 751 2050 804 Solum
2084 762 2272 806 nostra
2303 755 2568 808 diminuta
2597 765 2648 808 et
2676 756 2961 810 immutata
2997 759 3125 825 fuit;
3155 761 3247 814 sed
3275 763 3438 815 etiam

1874 845 2210 912 reliquarum
2268 849 2547 901 nationum
2583 851 2866 916 dialectus,
2901 868 3021 920 qua:
3076 855 3247 924 magis
3280 855 3440 909 dimi—

1876 942 2235 995 nu:a,nostra
2256 949 2435 988 autem
2474 937 2646 1003 magis
2696 938 2999 1004 immutata,
3036 940 3164 1009 quia
3192 941 3437 995 diversos

1877 1023 1931 1076 in
1963 1025 2108 1078 locos
2141 1025 2344 1080 fuimus
2372 1027 2622 1096 dispersi.

1949 1209 2190 1279 Reliqua:
2249 1224 2435 1280 gentes
2494 1229 2600 1266 non
2644 1215 2694 1267 in
2748 1225 2826 1268 tot
2873 1217 3184 1285 provincias
3213 1216 3440 1282 patrias-

1875 1317 1981 1368 que
2020 1302 2210 1354 divisze
2255 1312 2402 1367 sunt,
2453 1305 2596 1361 unde
2647 1305 2788 1370 apud
2837 1319 2929 1356 cas
2959 1306 3262 1373 simplicior
3301 1309 3438 1362 scri-

1874 1400 2053 1457 ptura,
2108 1405 2206 1443 nec
2260 1393 2315 1443 in
2380 1389 2713 1443 lectionibus
2748 1402 2970 1458 praptcr
3029 1395 3274 1448 strictam
3337 1397 3441 1451 Iin-

1875 1497 2036 1550 guam
2068 1479 2409 1532 abundanter
2441 1481 2627 1540 varia,
2667 1483 2809 1549 quod
2856 1483 2962 1536 illis
2989 1499 3050 1536 ex
3081 1484 3325 1539 locorum
3357 1489 3445 1546 iu-_

1873 1573 2257 1625 commoditate
2286 1573 2480 1627 evenit.
2511 1573 2728 1626 Nullum
2765 1575 2890 1629 inde
2925 1578 3442 1647 ilatnnum,quando

1871 1663 2056 1722 etiam,
2090 1678 2184 1716 seu
2218 1663 2545 1729 peculiarem
2581 1664 2805 1724 alicubi,
2836 1681 2932 1718 seu
2967 1666 3279 1720 universam
3312 1677 3436 1736 post

1873 1751 2041 1804 turris
2095 1751 2506 1804 aniificationcm
2564 1756 2919 1806 mutationem
2986 1739 3321 1810 intende-res.
3374 1755 3445 1812 Ut.

1871 1837 2012 1889 enim
2049 1837 2188 1891 Deus
2225 1839 2458 1892 diversis
2493 1839 2666 1907 ipsius
2688 1843 2945 1909 operibus
2972 1845 3328 1913 glorificatur,
3368 1845 3442 1900 ita

1872 1937 1925 1981 et
1959 1929 2190 1984 diversis
2223 1930 2489 1985 dialectis.
2523 1931 2819 1987 Diversitas
2881 1935 3043 1988 rebus
3092 1938 3443 1992 mutabilibus

185 2017 341 2069 οὕτω
367 2015 432 2085 δὴ
464 2017 557 2067 καὶ
589 2017 653 2068 ὲκ
680 2014 789 2067 τῶν
817 2015 1088 2084 διαφόρων
1115 2011 1436 2066 διαλέκτων’
1465 2015 1554 2065 καὶ
1576 2015 1684 2083 γὰρ
1711 2014 1771 2066 τὸ

1875 2021 2090 2087 propria
2126 2028 2228 2074 est.
2265 2021 2488 2075 Errarct
2539 2038 2670 2077 sane
2703 2024 2794 2093 qui
2840 2023 3094 2093 frequent
3120 2041 3146 2078 a
3196 2027 3334 2080 bella
3375 2043 3442 2081 ex

188 2107 555 2178 πολύτροπον,
591 2107 700 2159 τῶν
743 2106 993 2176 τρεπτῶν
1032 2105 1182 2158 ἴδιον.
1227 2106 1288 2157 Ei
1318 2105 1374 2156 δέ
1400 2123 1485 2167 τις
1518 2105 1653 2174 ἐρεῖ,
1685 2106 1765 2158 ὅτι

187 2205 279 2256 διὰ
310 2204 374 2256 τὸ
402 2205 655 2274 διάφορον
680 2203 778 2270 τῆς
801 2200 1074 2269 γλώσσης,
1101 2201 1157 2252 αἱ
1181 2199 1572 2269 ἁλλεπάλληλοι
1600 2203 1768 2270 μάχαι

187 2296 290 2348 καὶ
349 2295 400 2346 οῖ
451 2294 698 2361 πόλεμοι,
747 2291 940 2360 ψεῦδος
985 2293 1099 2359 ἐρεῖ
1138 2289 1407 2359 δήπουθεν
1432 2307 1446 2323 ο
1487 2293 1586 2343 οὐκ
1617 2291 1768 2354 εἰδὼς

186 2385 302 2438 τῶν
351 2384 616 2454 Ἑλλήνων
649 2383 777 2445 τοὺς
826 2380 1123 2450 ἐμφυλίους
1171 2381 1462 2450 πολέμους,
1511 2383 1771 2446 ὡσαύτως

187 2481 288 2530 καὶ
322 2477 432 2529 τῶν
461 2475 752 2545 ϐαρϐάρων
775 2489 788 2504 ⁸
819 2473 1020 2542 μᾶλλον
1048 2471 1102 2524 δὲ
1128 2472 1216 2524 διὰ
1237 2472 1298 2523 τὸ
1323 2473 1597 2541 διαφέρειν
1627 2476 1771 2544 ἡμᾶς

187 2571 336 2621 κατὰ
362 2569 464 2637 τὴν
488 2566 788 2631 διάλεκτον,
819 2564 1046 2626 ἕκαστος
1073 2565 1129 2615 ὲν
1162 2565 1272 2624 τοῖς
1302 2563 1446 2634 ὅροις
1480 2565 1630 2632 μένει
1661 2567 1771 2627 τοῖς

189 2662 375 2722 ἰδίοις,
437 2658 607 2727 μισῶν
661 2657 758 2725 τὴν
809 2655 1134 2724 ἀλλοδαπήν.
1176 2655 1290 2706 Πᾶν
1327 2649 1419 2706 οὖν
1460 2654 1662 2722 ἀγαθὸν
1707 2657 1773 2708 ὲκ

183 2752 352 2813 θεοῦ,
383 2750 572 2819 ὥσπερ
597 2749 658 2801 τὸ
689 2748 931 2800 ἐναντίον
966 2750 1030 2799 ὲκ
1069 2746 1161 2798 τοῦ
1201 2747 1604 2815 ἀντικειμένου.
1632 2747 1771 2799 Οὐκ·

181 2843 287 2896 οὖν
316 2842 610 2912 μανθάνειν
633 2841 740 2911 χρὴ
757 2839 851 2908 τὴν
879 2839 1014 2891 ἰδίαν
1049 2837 1327 2890 διάλεκτον
1365 2839 1463 2890 καὶ
1496 2838 1569 2906 μὴ
1626 2838 1774 2905 ὀλιγ-

183 2937 360 3004 ωρεῖν
401 2950 415 2964 ⁶
467 2934 561 2986 καὶ
618 2931 928 3003 μέμφεσθαι
972 2931 1078 2984 τῶν
1130 2931 1509 2999 συγγραφέων,
1546 2931 1772 3001 ἐπείπερ

185 3030 295 3078 οὐκ
324 3022 394 3096 ἦν
418 3025 592 3088 ἄλλως
619 3027 872 3095 γράφειν,
916 3025 964 3075 εί
1005 3023 1078 3092 μὴ
1105 3022 1247 3074 κατὰ
1269 3023 1366 3090 τὴν
1397 3021 1630 3091 ἀρχαίαν
1656 3021 1765 3074 διά-

188 3119 408 3170 λεκτον.
428 3117 539 3169 Καὶ
563 3117 671 3185 γάρ
693 3118 870 3182 εἰπερ,
895 3115 969 3178 ώς
997 3115 1046 3166 οἱ
1075 3113 1305 3182 ἀμαθεῖς
1335 3114 1665 3182 νομίζουσιν,
1689 3113 1775 3178 ἐξ.

188 3211 409 3262 έδωκαν
443 3208 504 3259 τὸ
536 3207 860 3274 Εὑαγγέλιον
896 3205 990 3258 καὶ
1021 3205 1208 3268 τάλλα,
1240 3203 1383 3257 κατὰ
1411 3205 1509 3275 τὴν
1538 3205 1773 3272 ἑκάστης

191 3301 386 3371 χώρας
414 3300 509 3352 καὶ
535 3299 742 3360 πόλεως
767 3297 1041 3349 διάλεκτον
1062 3337 1076 3359 ,
1109 3294 1248 3346 ὥστε
1276 3299 1415 3347 νοεῖν
1442 3294 1580 3347 αὐτὰ
1604 3296 1774 3348 άπανο

191 3409 319 3455 τας,
362 3392 422 3444 τὸ
461 3391 517 3443 ἓν
570 3389 918 3456 Εὐαγγέλιον,
969 3386 1110 3438 κατὰ
1161 3385 1460 3456 ἐναλλαγὴν
1504 3386 1611 3437 τῶν
1661 3385 1773 3438 δια-

188 3486 429 3548 λέκτων,
471 3485 692 3552 γέγονεν
722 3482 785 3535 ἂν
817 3482 1044 3534 ἑκατόνο
1079 3476 1200 3532 εἷτα
1248 3479 1386 3549 μετὰ
1421 3479 1611 3548 χρόνον
1653 3479 1772 3532 τινὰ

188 3577 306 3629 τῶν
339 3576 634 3629 διαλέκτων
672 3573 1182 3644 μεταϐαλλομένων,
1219 3570 1383 3640 ἐχρῆν
1419 3571 1512 3622 καὶ
1542 3569 1611 3622 τά
1654 3569 1772 3620 Εὑ-

189 3669 434 3736 αγγέλια
478 3665 943 3736 μεταϐάλλεσθαι·
978 3664 1072 3717 καὶ
1110 3662 1184 3732 μὴ
1215 3661 1468 3730 δέχεσθαι
1511 3661 1674 3713 τόπον
1708 3661 1770 3713 ὲκ

1872 2112 2509 2181 diversitatelinguarum
2544 2115 2690 2183 gigni
2716 2116 3067 2176 diceret,non
3099 2119 3284 2172 videns
3313 2118 3444 2172 Bar-

1873 2202 2037 2255 baros
2070 2202 2211 2256 baud
2257 2218 2416 2258 secus
2447 2220 2512 2257 ac
2543 2202 2762 2259 Graecos
2797 2205 2975 2258 civilia
3006 2207 3137 2260 bella
3165 2207 3441 2262 invadere.

1869 2291 1980 2346 Nos
2009 2302 2189 2346 autem
2241 2294 2497 2349 stabilius
2548 2305 2770 2365 prOpter
2804 2297 3023 2350 dialecti
3077 2297 3441 2354 differentiam

1872 2383 2015 2436 intra
2049 2393 2261 2438 montes
2296 2400 2707 2455 permanemus,
2758 2393 3014 2440 externos
3062 2386 3116 2440 in
3166 2388 3292 2441 odio
3341 2388 3442 2440 ba-

1872 2474 2080 2528 bentes.
2143 2475 2317 2531 Omne
2370 2477 2578 2531 bonum
2635 2491 2663 2529 a
2726 2475 2857 2542 Deo,
2907 2477 3048 2531 sicut
3103 2479 3441 2533 contrarium

1873 2565 2122 2635 (malum)
2160 2567 2228 2618 ab
2274 2568 2599 2622 adversante
2636 2567 2935 2639 (diabolo);
3004 2584 3134 2638 ergo
3163 2571 3441 2640 propriam

1873 2655 2162 2708 dialectum
2195 2657 2409 2712 discere
2456 2666 2556 2721 est,
2592 2667 2645 2711 et
2689 2674 2796 2711 non
2828 2659 2979 2727 parvi
3010 2659 3206 2724 facere,
3244 2662 3440 2716 nedum

1873 2746 2168 2813 scriptores
2219 2762 2533 2816 arguamus,
2568 2763 2690 2802 cum
2751 2748 2858 2802 illis
2894 2764 3113 2804 necesse
3142 2762 3288 2804 esset
3332 2767 3442 2805 nun

1877 2837 2121 2890 scribere
2144 2838 2249 2891 nisi
2280 2845 2333 2890 in
2366 2839 2589 2907 antiqua
2617 2840 2870 2894 dialecto.
2903 2839 2960 2893 Si
2988 2841 3156 2905 enim,
3177 2853 3234 2894 ut
3258 2842 3446 2896 volunt

1875 2926 2107 2992 indocti,
2160 2927 2355 2980 tradita
2389 2927 2622 2983 fuissent
2653 2930 3007 3004 Evangelium
3045 2932 3247 2998 aliique
3277 2935 3442 2999 (sacri

1877 3017 2024 3088 libri)
2061 3018 2114 3072 in
2157 3018 2595 3087 uniuscujusque
2641 3019 2879 3087 regionis
2929 3029 2982 3073 et
3010 3021 3160 3075 urbis
3186 3021 3441 3085 dialecto,

1875 3109 1947 3162 ita
2001 3117 2059 3162 ut
2107 3125 2298 3164 omnes
2347 3110 2733 3179 intelligerent,
2787 3111 3078 3180 Evangelia
3110 3121 3331 3166 centum
3372 3127 3440 3164 ex

1879 3215 1987 3254 uno
2020 3199 2378 3254 dialectorum
2416 3200 2722 3256 differentia
2756 3203 3094 3265 evasissent,
3143 3203 3267 3266 dein
3321 3213 3446 3272 post

1879 3290 2100 3359 aliquod
2127 3302 2357 3360 tempus,
2388 3293 2611 3346 mutatis
2637 3292 2906 3358 dialectis,
2929 3294 3188 3348 mutanda
3216 3293 3448 3349 fuissent

1878 3382 2191 3453 Evangelia,
2244 3384 2497 3452 nullaque
2531 3387 2678 3452 regio
2710 3384 2778 3437 ab
2810 3384 2915 3438 alia
2955 3384 3304 3454 Evangelium
3335 3400 3445 3438 non

1878 3475 2208 3543 accepisset,
2271 3474 2315 3526 si
2362 3489 2425 3527 ea
2457 3489 2577 3542 quae
2608 3474 2854 3528 continet
2887 3475 2941 3527 in
2969 3483 3224 3528 extranea
3263 3474 3445 3543 lingua

1878 3566 2077 3634 scripta
2139 3565 2420 3629 fuissent;
2479 3565 2622 3619 unde
2683 3567 3080 3634 scripturarum
3143 3567 3196 3620 in
3256 3567 3443 3620 decem

1878 3657 2050 3713 millia
2083 3655 2381 3710 formarum
2415 3657 2634 3720 scissio,
2685 3657 3098 3725 promptiorque
3122 3657 3442 3711 destructio.

186 3765 365 3813 τόπου
417 3759 768 3827 Εύαγγέλιον,
817 3762 866 3810 εἰ
914 3757 988 3828 μὴ
1038 3756 1366 3825 δια-τραφείη
1429 3756 1573 3824 ἅπερ
1622 3752 2049 3821 ἐγγεγραμμένα
2093 3753 2150 3802 ὲν
2199 3749 2350 3817 αὐτῷ
2390 3751 2511 3802 καθ’
2535 3751 2727 3820 ἑτέραν
2750 3750 3062 3804 διάλεκτον·
3129 3752 3221 3804 καὶ
3275 3751 3446 3814 οὕτως

187 3855 276 3917 εἰς
324 3853 496 3923 μυρία
544 3852 655 3922 εῐδη
711 3852 985 3922 τμηθῆναι
1043 3854 1142 3919 τὴν
1183 3853 1438 3924 Γραφὴν,
1472 3849 1747 3920 μᾶλλονδὲ
1776 3845 2158 3915 ἀφανισθῆναι.

268 3944 382 3996 Καὶ
403 3943 518 4005 πῶς
541 3943 641 4005 ενι,
665 3944 820 4010 φησὶ,
848 3943 1038 4011 μαθεῖν
1066 3961 1164 4012 με;
1190 3943 1423 3996 Δυνατόν
1444 3959 1456 3972 ⁸
1481 3943 1555 4004 ὡς
1579 3939 1776 4010 ἔμαθες

185 4034 350 4102 παρὰ
384 4032 478 4085 τοῦ
528 4033 728 4095 εἰδότος
760 4033 1177 4099 ἀναγινώσκειν,
1204 4033 1346 4085 οὕτω
1380 4032 1443 4102 δὴ
1473 4033 1569 4082 καὶ
1599 4030 1658 4081 τὸ
1691 4045 1778 4096 γιο

186 4122 432 4175 νώσκειν
455 4139 468 4151 ο
499 4123 592 4174 καὶ
617 4122 724 4192 γὰρ
751 4123 1169 4192 ἁναγνωρισμός
1195 4123 1276 4185 τίς
1305 4123 1502 4192 ἐστινὴ
1532 4119 1778 4186 ἀνάγνω-

189 4231 301 4274 σις.
351 4212 512 4264 Ἀλλὰ
561 4213 777 4282 χρόνου,
811 4214 962 4282 φησὶ,
993 4213 1203 4282 δέομαι,
1236 4213 1371 4265 ἀλλὰ
1417 4212 1678 4281 δαπάνης.
1713 4209 1776 4262 Τί

185 4301 318 4369 οὗνς
350 4306 410 4356 ὲν
443 4303 676 4365 παιδιαῖς
706 4303 910 4372 βέλτιον
965 4305 1278 4355 ἀναλίσκειν
1331 4303 1421 4355 cev
1464 4303 1673 4372 χρόνον,
1714 4303 1771 4356 ὲν

189 4396 416 4463 μέθαις,
451 4396 509 4447 ὲν
536 4395 940 4463 αἰσχρολογίαις
970 4395 1061 4446 καὶ
1089 4394 1449 4463 ἀργολογῐαις,
1477 4395 1530 4444 ὲν
1559 4391 1766 4458 ὕπνοις,

186 4491 251 4538 ἐν
279 4486 641 4556 ὀρχήστραις,
673 4487 729 4537 ὲν
758 4484 1005 4554 θεάτροις
1031 4499 1046 4548 ;
1078 4484 1142 4537 Τί
1174 4484 1229 4536 δὲ
1254 4484 1346 4535 καὶ
1379 4485 1446 4535 τὰ
1476 4485 1768 4552 χρήματα;

1950 3935 2076 3998 Sed,
2113 3933 2387 4002 inquiunt,
2443 3933 2722 4001 quomodo
2757 3934 3068 3988 discemus?
3096 3935 3308 3991 Poteris
3339 3955 3351 3989 :
3387 3948 3447 3993 ut

1876 4044 1905 4081 a
1959 4027 2166 4080 sciente
2210 4025 2388 4093 legere
2417 4024 2683 4087 didicisti,
2723 4025 2794 4076 ita
2825 4035 2876 4076 et
2917 4039 3247 4094 cognosces;
3286 4028 3446 4082 lectio

1877 4120 2022 4172 enim
2057 4126 2139 4170 est
2163 4116 2320 4185 quasi
2354 4114 2674 4182 recognitio.
2706 4113 2809 4167 Sed
2845 4125 3058 4183 tempus
3086 4116 3261 4182 deest,
3294 4117 3446 4173 deest

1876 4211 2130 4279 pecunia.
2185 4207 2324 4271 Quid
2386 4206 2613 4275 igitur?
2663 4204 2800 4257 Num
2851 4205 3042 4260 melius
3092 4216 3176 4260 est
3231 4217 3444 4277 tempus

1875 4299 2104 4368 perdere
2138 4299 2192 4350 in
2231 4297 2411 4365 nugis,
2457 4298 2508 4349 in
2558 4295 2940 4359 ebrietatibus,
2973 4298 3026 4350 in
3060 4298 3314 4354 obscenis
3350 4314 3444 4352 aut

1880 4389 2140 4443 inanibus
2204 4387 2570 4453 sermonibus,
2624 4388 2676 4440 in
2733 4403 2948 4448 somno,
3003 4388 3056 4442 in
3100 4389 3335 4454 choreis,
3388 4391 3442 4444 in

1875 4481 2134 4536 theatris?
2169 4480 2249 4533 Ad
2275 4480 2403 4549 quid
2436 4488 2614 4533 autem
2644 4481 2915 4549 pecunia?
2959 4497 3084 4534 num
3122 4482 3444 4538 effundenda

187 4576 249 4625 ὲν
281 4572 363 4641 τῷ
397 4571 802 4641 καταχωννύειν
847 4573 880 4641 ἢ
921 4573 1164 4642 δαπανᾷν
1200 4573 1258 4622 ὲν
1287 4571 1512 4641 κώμοις,
1546 4573 1600 4626 ἐν
1633 4570 1771 4640 βρώ-

1877 4571 2360 4638 ronsumendaque
2399 4570 2453 4623 in
2499 4569 2672 4635 festis,
2728 4571 2782 4623 in
2830 4572 3123 4639 exquisitis
3170 4573 3333 4637 cibis,
3387 4574 3445 4628 in

190 4679 335 4732 μασι
363 4664 659 4731 περιττοῖς,
692 4664 748 4714 ἐν
775 4662 1032 4730 ἱματίοις,
1057 4665 1114 4713 ὲν
1141 4662 1358 4731 τοίχοις,
1379 4664 1438 4713 ἐν
1462 4662 1648 4722 ἵπποις
1681 4660 1776 4712 καὶ

189 4752 398 4815 κυσίν;
443 4753 665 4813 Ἀπόδος
693 4770 746 4804 τι
781 4751 943 4822 μέρος
975 4752 1066 4804 καὶ
1095 4755 1159 4821 τῇ
1189 4753 1332 4822 ψυχῇ
1355 4769 1370 4783 ο
1406 4753 1466 4804 οὐ
1497 4752 1640 4820 λέγω
1672 4765 1773 4803 σοι·

188 4845 298 4907 Δὸς
335 4843 554 4897 ἅπαντα
582 4843 672 4894 τὸν
703 4843 816 4912 βίον
842 4843 919 4911 τῷ
944 4843 1251 4913 διδασκάλῳ
1270 4859 1283 4873 ’
1322 4843 1410 4906 δὺς
1434 4843 1494 4895 τὺ
1513 4844 1735 4895 δέκατον
1759 4859 1773 4873 ·

191 4933 411 5003 μᾶλλον
444 4932 732 4985 πολλοστὸν
762 4950 813 4984 τι
841 4931 1056 4985 τούτου.
1089 4933 1251 4984 Ὅσον
1282 4932 1348 4984 ἂν
1378 4932 1690 5002 δαπανήσῃς
1720 4931 1778 4982 ὲν

191 5023 406 5094 ἱματίῳ
434 5021 695 5090 νυμφικῷ
715 5061 730 5084 ,
762 5021 1014 5073 τοσοῦτον
1038 5025 1094 5074 ἐν
1115 5022 1331 5092 ψυχικῷ
1353 5039 1364 5052 ·
1395 5024 1455 5074 οὐ
1481 5023 1585 5092 γὰρ
1620 5022 1780 5091 πένη-

191 5131 286 5176 τες
321 5113 604 5174 ἅπαντες·
638 5111 738 5163 οὐκ
767 5111 1031 5181 ἔμποροι·
1059 5114 1119 5164 ού
1158 5112 1415 5182 βοηλάται
1455 5113 1548 5165 και
1587 5113 1779 5182 ὀνηλά-

190 5222 312 5269 ται,
343 5205 431 5256 ἵνα
453 5203 723 5273 λέγωμεν·
751 5203 824 5255 Οὐ
855 5203 1151 5272 δυνάμεθα,
1184 5203 1393 5256 πολλῶν
1421 5202 1669 5272 ἐμποδὼν
1696 5204 1781 5256 ὅν-

189 5315 305 5349 των
330 5312 344 5325 ο
381 5294 455 5364 μὴ
503 5295 612 5363 γὰρ
654 5293 748 5346 νῦν
790 5293 1102 5364 ἐπληθύνθη
1149 5295 1180 5363 ἡ
1223 5294 1505 5362 πτωχεία;
1545 5293 1782 5364 ἐξαρκῆς

1876 4663 2138 4726 vestibus,
2175 4662 2226 4715 in
2259 4661 2525 4725 :ediiiciis,
2555 4663 2606 4714 in
2638 4663 2794 4730 equis
2841 4671 2894 4716 et
2947 4664 3213 4719 canibus?
3237 4664 3440 4730 Quam-

1876 4753 1998 4805 dani
2045 4765 2254 4821 partem
2300 4753 2537 4806 concede
2573 4753 2790 4806 animae.
2825 4751 2942 4806 Non
2990 4753 3156 4822 jubeo
3190 4763 3240 4808 te
3273 4763 3440 4808 totam

1875 4844 2040 4896 vitam
2091 4843 2352 4910 magistro
2403 4843 2661 4916 tradere:
2695 4843 2845 4896 trade
2889 4843 3158 4897 decimam
3212 4853 3443 4912 partem,

1877 4943 1971 4988 aut
2005 4934 2240 5003 aliquam
2272 4935 2562 4987 minorem.
2620 4932 2897 4998 Quantum
2931 4933 2985 4985 in
3023 4941 3169 4986 veste
3213 4934 3444 5002 nuptiali

1879 5026 2240 5094 impen-lercs,
2286 5033 2496 5077 tantum
2555 5024 2610 5076 in
2672 5023 2946 5090 spirituali
3002 5023 3269 5092 impende.
3321 5023 3442 5077 Non

1878 5129 2069 5169 sumus
2098 5115 2239 5166 enim
2270 5128 2462 5165 omnes
2507 5125 2799 5180 pauperes,
2835 5117 2930 5162 aut
2975 5111 3239 5174 viatores,
3273 5113 3441 5166 boum

1879 5215 1973 5259 aut
2020 5205 2301 5258 asinorum
2335 5202 2608 5264 ductores,
2672 5209 2731 5253 ut
2779 5208 2999 5269 propter
3053 5201 3443 5270 impedimenta

1879 5299 2232 5365 denegeinus.
2272 5292 2388 5346 Non
2425 5301 2714 5362 aggravata
2767 5301 2850 5347 est
2887 5293 2938 5345 in
2986 5307 3087 5346 nos
3132 5303 3445 5370 paupertas,

189 5382 374 5444 οὕτως
417 5377 507 5451 ἦν.
538 5383 654 5434 Οὐκ
697 5381 947 5451 Ἰωάννης
995 5383 1023 5434 ὁ
1067 5383 1425 5454 Δαμασκηνὸς
1467 5383 1596 5454 παρ’
1621 5386 1783 5452 αίχμ-

192 5472 400 5542 αλώτῳ
431 5472 744 5543 διδασκάλῳ
769 5473 962 5541 ἐφοίτα
988 5489 1002 5534 ;
1031 5473 1090 5525 οὐ
1122 5473 1273 5542 παρὰ
1308 5475 1441 5543 μονῇ
1473 5473 1604 5543 ᾤκει
1633 5473 1784 5543 παρὰ

190 5564 309 5617 τῶν
380 5561 677 5633 βαρϐάρων
754 5561 1168 5633 ἐμπρησθείσῃ;
1233 5565 1292 5615 οὺ
1363 5563 1627 5634 βάρϐαροι
1689 5565 1783 5616 καὶ

195 5653 469 5709 ἄσπονδοι
515 5653 614 5723 τὴν
638 5653 822 5722 χώραν
860 5657 1152 5721 κατεῖχον;
1187 5655 1354 5708 Πόθεν
1389 5649 1514 5724 εὗρε
1545 5654 1782 5707 τοσαῦτα

190 5747 385 5816 βιϐλία
424 5745 524 5812 τῆς
565 5744 670 5808 ἔξω
713 5747 806 5796 καὶ
844 5744 944 5813 τῆς
979 5743 1104 5796 καθ’
1135 5747 1280 5813 ἡμᾶς
1326 5746 1546 5813 σοφίας,
1575 5741 1650 5799 ὧν
1683 5747 1772 5816 μέ-

1881 5759 2193 5803 cxtraneam
2259 5757 2616 5816 nostramque
2677 5747 3007 5816 sapientiam
3071 5761 3446 5818 exponentes,

190 5853 405 5908 μνηται
440 5837 498 5888 ἐν
532 5838 647 5896 τοῖς
690 5834 857 5887 αὑτοῦ
893 5835 1354 5904 συγγράμμασιν;
1386 5839 1452 5890 Ἥ
1479 5838 1663 5908 δῆλον,
1700 5841 1772 5893 ὅτι

1882 5855 2115 5909 quorum
2145 5839 2197 5893 in
2240 5837 2460 5908 scriptis
2508 5837 2622 5894 suis
2658 5838 2949 5892 meminit?
2980 5839 3323 5894 Mauif'eslum
3366 5852 3450 5897 est

523 5949 791 6007 Paruoc.
825 5947 939 6005 Gn.
980 5946 1261 6008 XCVIII.
3004 5948 3080 6008 £3

1879 5388 2022 5441 sicut
2056 5387 2106 5437 in
2150 5383 2443 5454 principio.
2501 5384 2697 5437 Nonne
2745 5381 2986 5436 Joannes
3020 5383 3388 5440 Damascenus
3417 5403 3449 5440 e

1882 5479 2143 5546 magistro
2179 5475 2393 5543 captivo
2423 5473 2688 5528 edidicit?
2731 5474 2923 5528 Nonne
2978 5475 3031 5528 in
3082 5477 3368 5531 mansione
3416 5493 3445 5532 a

1882 5569 2134 5622 Baibaris
2184 5570 2401 5620 incznsa
2439 5566 2604 5618 vitam
2638 5565 2892 5632 degebat,
2946 5566 3200 5621 Barbaris
3238 5568 3450 5622 infidis-

1884 5677 1991 5730 que
2028 5660 2302 5729 regiunem
2352 5657 2698 5712 tenentibus?
2730 5655 2883 5711 Unde
2937 5667 3014 5711 tot
3046 5659 3213 5713 libros
3246 5661 3451 5717 invenit
