4088 6498
648 403 792 469 1355

1891 402 2260 461 PAClIOMII
2319 404 2664 464 MONACHI

3782 408 3902 475 135:6

584 512 587 515 ⁷
652 521 957 571 litterarum
1024 508 1265 565 studium
1318 518 1448 563 tunc
1514 508 1775 580 ﬂagrans,
1832 527 1978 566 nunc
2034 502 2223 565 centra

2336 514 2497 586 πολλὴ
2534 511 2603 586 ἦν
2634 517 2666 585 ἡ
2703 515 2905 587 σπουδὴ
2938 515 3088 587 παρά
3132 520 3243 581 τοῖς
3270 521 3389 571 κατ’
3420 519 3604 574 ἐκεῖνο
3626 526 3819 594 καιροῦ
3851 532 3899 579 ὲν

648 610 882 663 nullum.
918 604 1123 658 Discite
1152 618 1217 656 ex
1245 602 1470 671 antiqua
1498 602 1614 673 lege
1638 603 1954 658 sacerdotes
1980 612 2033 658 et
2066 603 2226 657 Levi-

614 709 732 750 'tas
787 694 889 764 legi
943 693 1295 757 servientes,
1353 691 1566 747 scilicet
1624 694 1829 762 templo
1887 701 1943 747 et
2005 692 2224 758 litteris,

647 789 831 842 omnia
868 802 899 841 e
928 784 1199 839 fratribus
1247 785 1563 839 necessaria
1606 785 1917 841 obtinentes
1964 785 2085 841 sine
2119 785 2227 839 ulla

646 878 969 932 difﬁcultate
994 891 1090 946 per
1121 874 1388 940 decimas,
1418 876 1627 944 primos
1653 870 1975 929 animalium
2014 883 2224 944 partus,

652 968 946 1037 primitias,
987 964 1258 1020 sacriﬁcia
1291 964 1566 1033 donaque.
1603 963 1756 1019 Nunc
1782 965 1968 1019 omnia
1997 964 2053 1018 iu
2090 978 2227 1017 con-

648 1058 880 1112 trarium
912 1070 1094 1109 versa.
1127 1054 1230 1120 Qui
1266 1055 1464 1110 litteris
1499 1060 1725 1110 student
1767 1056 1820 1110 in
1855 1055 1945 1109 vili
1976 1065 2119 1109 statu
2148 1054 2231 1123 ja-

648 1160 800 1215 cettt;
855 1148 1171 1215 quicunque
1199 1161 1335 1200 vero
1381 1147 1681 1201 circulator
1732 1154 1786 1200 et
1820 1145 2127 1215 versipellis
2175 1145 2229 1198 in

648 1238 884 1292 sublime
934 1234 1205 1302 evehitur,
1259 1237 1592 1308 divitiasque
1630 1238 1874 1307 undique
1923 1237 1979 1290 in
2032 1251 2228 1290 vanum

646 1333 1010 1388 thesaurizat.
1058 1330 1278 1386 Nullum
1325 1332 1689 1402 philosophim
1736 1332 2015 1387 addictum
2050 1329 2232 1387 videre

648 1425 792 1488 \ult,
832 1425 986 1477 illum
1037 1422 1345 1492 iniquitatis
1376 1438 1489 1477 suae
1517 1421 2005 1492 exprobrationem
2041 1426 2231 1481 existi-

650 1533 829 1581 mans,
878 1499 1260 1583 hujuscemodi
1322 1523 1503 1569 autem
1550 1515 1699 1569 viros
1749 1526 2047 1586 nugatores
2077 1516 2229 1583 dicit,

650 1610 1047 1670 tumultuosos,
1097 1606 1385 1668 indociles,
1435 1607 1683 1668 insanos,
1727 1607 1855 1676 quia
1908 1623 2016 1661 non
2058 1609 2232 1678 ipsius

649 1699 1029 1754 deliramentis
1060 1697 1459 1765 obsequantur.
1511 1695 1629 1749 Non
1680 1699 1813 1751 satis
1845 1706 1930 1752 est
1975 1698 2085 1752 illis
2119 1714 2235 1751 am-

650 1794 840 1846 bulare
889 1794 941 1844 in
999 1789 1388 1853 tenebris,-sed
1417 1797 1472 1843 et
1503 1788 1643 1843 alios
1674 1790 1962 1844 ambulare
1995 1799 2230 1860 cogunt.

2328 607 2441 669 τοῖς
2475 605 2655 673 λόγοις
2680 621 2693 634 ·
2727 606 2842 659 ἀλλ’
2876 608 2998 677 οὐχὶ
3054 606 3171 662 νῦν.
3222 610 3525 679 Κατάμαθε
3578 612 3645 663 ἐκ
3678 613 3770 666 τοῦ
3811 632 3903 667 πι-

2330 696 2484 750 λαιοῦ
2521 697 2709 764 νόμου,
2745 697 2892 760 ὅπως
2933 700 2982 750 ot
3022 699 3186 769 ἱερεῖς
3226 701 3321 752 καὶ
3349 701 3400 753 οἱ
3430 699 3682 764 Λευῖται,
3717 703 3904 774 ύπηρέυ

2330 809 2420 845 ται
2441 791 2594 856 ὄντες
2628 791 2722 846 τοῦ
2749 792 2936 863 νόμου,
2956 793 3076 862 ἦτοι
3107 791 3201 846 τοῦ
3224 793 3386 860 λόγου
3421 793 3638 847 καὶτοῦ
3670 796 3817 859 ναοῦ,
3850 799 3903 849 ἐκ

2328 882 2436 935 τῶν
2469 883 2714 953 ἀδελφῶν
2742 883 2921 936 αὐτῶν
2953 884 3073 953 μετ’
3101 884 3363 954 εὐπορίας
3387 881 3536 955 εἶχον
3561 885 3783 939 ἃπασαν
3813 886 3904 949 ζω-

2331 975 2561 1046 ἀρκειαν
2586 991 2601 1006 ·
2634 975 2699 1028 ἐκ
2729 992 2790 1028 τε
2815 975 2925 1030 τῶν
2957 974 3199 1029 δεκατῶν
3221 975 3445 1046 δηλαδὴ,
3470 977 3535 1028 ὲκ
3565 977 3677 1029 τῶν
3707 995 3904 1046 πρωτο-

2330 1064 2526 1129 τόκων,
2560 1065 2623 1116 ἐκ
2649 1066 2758 1117 τῶν
2788 1064 3080 1135 ἀπαρχῶν,
3114 1066 3179 1116 ὲκ
3207 1066 3320 1117 τῶν
3349 1064 3572 1130 θυσιῶν,
3604 1067 3671 1118 ὲκ
3691 1067 3798 1119 τῶν
3820 1067 3907 1120 δὼ-

2336 1173 2462 1226 ρων.
2505 1155 2767 1208 Ἐνταῦθα
2798 1154 2855 1209 δὲ
2906 1155 3219 1208 τούναντίον
3262 1156 3411 1209 ἅπαν
3443 1157 3681 1224 γίνεται.
3702 1157 3780 1229 ,οί
3821 1159 3907 1225 μὲν

2332 1243 2492 1313 λόγου
2521 1245 2864 1315 μετέχοντες,
2893 1246 3161 1315 ἑστήκασι
3196 1245 3371 1310 κάτω,
3405 1247 3630 1300 πάντων
3653 1247 3905 1315 ἀποροῦν-

2331 1353 2424 1399 τες
2444 1352 2458 1367 ο
2491 1337 2606 1390 ὅσοι
2638 1336 2682 1390 δ’
2715 1336 2952 1408 ἀγύρται
2995 1336 3090 1389 καὶ
3128 1335 3544 1407 δουλοπρεπεῖς,
3575 1338 3661 1399 είς
3702 1336 3907 1407 θρόνους

2333 1427 2628 1495 ἀνάγονται
2650 1444 2661 1457 ·
2696 1429 2788 1499 καὶ
2811 1430 3070 1499 χρήματα
3098 1426 3364 1481 πάντοθεν
3387 1427 3909 1497 ἀποθησαυρίζουσιν

2333 1523 2413 1584 είς
2474 1520 2593 1574 δέον
2636 1520 2821 1573 οὐδέν’
2874 1520 2935 1572 ού
2985 1504 3232 1572 θέλουσιν
3266 1544 3267 1547 η
3298 1519 3428 1572 ἰδεῖν
3482 1519 3907 1588 φιλοσοφοῦντα*

2333 1606 2555 1679 ἔλεγχον
2594 1608 2753 1663 τοῦτο
2784 1609 3099 1680 νομίζοντες
3147 1609 3249 1678 τῆς
3280 1598 3490 1661 ἑαυτῶν
3520 1610 3755 1678 ἀνομίας
3774 1627 3788 1638 ·
3822 1609 3908 1681 λη-

2336 1716 2463 1770 ρους
2493 1700 2829 1754 ἀποκαλοῦσι
2858 1701 2990 1763 ,τοὺς
3015 1688 3321 1765 τοιούτους,
3357 1701 3795 1763 ἀκαταστάτους,
3828 1702 3913 1753 ἀν-

2335 1787 2699 1852 υποτάκτους,
2741 1790 3121 1861 ὀλιγοψύχους,
3167 1792 3250 1869 δτι
3283 1790 3499 1854 τούτοις
3543 1792 3646 1860 οὐχ
3693 1792 3912 1844 ὑποτασ-

656 1882 713 1936 Si
764 1882 905 1937 forte
952 1879 1077 1951 quis
1111 1879 1451 1947 hegumenus
1503 1895 1636 1932 sana
1683 1893 1863 1935 mente
1908 1882 2233 1949 reperiatur,

2341 1896 2524 1933 σονται
2574 1881 2633 1934 ὲν
2681 1882 2803 1944 ταῖς
2861 1883 3094 1954 μωριαις
3137 1884 3341 1939 αὐτῶν.
3389 1884 3504 1961 Οὐκ
3539 1885 3703 1954 ἀρκεῖ
3745 1884 3913 1945 αὐτοῖς

658 1975 751 2045 qui
790 1974 918 2029 velit
948 1972 1236 2043 quemdam
1273 1971 1465 2041 majori
1499 1972 1727 2026 scientia
1775 1984 2034 2026 ornatum
2080 1974 2233 2043 quie-

2338 1970 2664 2039 περιπατεῖν
2695 1970 2755 2022 ὲν
2789 1969 2988 2039 σκότῳ,
3034 1969 3175 2023 ἀλλά
3216 1969 3577 2039 καὶμέτέρους
3623 1969 3911 2038 βιάζονται.

649 2080 828 2129 scere,
880 2064 933 2117 in
968 2063 1072 2118 hoc
1100 2073 1297 2130 praeter
1329 2062 1515 2116 omnia
1542 2076 1737 2116 omnes
1768 2062 2232 2128 seandalizantur,

655 2157 809 2209 illum
864 2155 1259 2226 aggrediuntur
1307 2154 1614 2207 temerariis
1669 2152 1918 2222 iudiciis,
1976 2154 2233 2220 oderunt,

649 2250 996 2318 perturbant,
1030 2246 1277 2301 dicentes
1306 2264 1319 2300 ι
1357 2246 1468 2301 Cur
1511 2244 1651 2299 ista?
1700 2247 1754 2299 In
1802 2262 1914 2315 quo
1944 2246 2045 2302 istc
2078 2246 2233 2303 nobis

651 2338 842 2390 melior
886 2346 989 2399 est,
1021 2338 1111 2406 qui
1147 2336 1227 2391 sic
1258 2335 1311 2389 in
1364 2335 1634 2406 dignitate
1675 2335 1972 2390 habeatur?
1997 2337 2145 2392 Talis
2183 2345 2237 2391 et

651 2431 782 2483 talis
814 2437 918 2482 est.
971 2426 1195 2497 Seipsos
1227 2426 1656 2491 obliviscuntur,
1691 2434 1750 2480 ut
1780 2426 1928 2482 illius
1956 2428 2122 2481 vitam
2156 2436 2236 2481 to-

652 2533 761 2576 tam
795 2529 1245 2591 perscruteutur;
1300 2518 1529 2572 mendas
1556 2518 1640 2572 vel
1675 2519 1933 2572 minimas
1968 2528 2025 2573 ut
2056 2520 2233 2588 phan-

651 2621 889 2666 tasmata
917 2610 1290 2681 speculantur,
1322 2609 1510 2679 illique
1542 2611 1702 2678 quasi
1733 2609 1939 2664 dillicili
1981 2611 2236 2681 hostique

652 2704 1010 2758 insidiantur.
1044 2700 1454 2770 Nonnunquam
1491 2709 1683 2770 aperte
1730 2700 1882 2755 illum
1920 2701 2236 2756 incusantes

651 2796 833 2848 omnia
886 2795 1144 2858 miscent,
1178 2800 1237 2847 ut
1265 2808 1296 2847 e
1321 2793 1591 2862 dignitate
1617 2802 1893 2855 evertant,
1933 2802 2235 2862 posteaque

651 2887 885 2942 irrident
929 2886 1222 2941 dicentes:
1270 2882 1431 2939 Vides
1476 2883 1631 2937 illum
1656 2899 1697 2957 We
1734 2882 2020 2938 domicilio
2060 2882 2231 2938 desti-

651 2989 851 3044 tutum,
900 2978 1032 3048 quia
1077 2977 1203 3032 talis
1240 2983 1297 3031 et
1343 2974 1471 3030 talis
1509 2976 1633 3038 luit,
1677 2990 1786 3045 quo
1817 2976 1963 3029 enim
2016 2976 2231 3039 abierit,

651 3071 858 3126 nullum
922 3070 1034 3124 illic
1074 3069 1125 3124 ei
1172 3067 1277 3123 erit
1316 3066 1685 3122 domicilium.
1738 3067 1894 3123 Alius
1964 3082 2091 3121 vero
2135 3066 2232 3119 he-

2338 2063 2403 2116 Εί
2433 2062 2491 2116 δέ
2521 2061 2626 2114 πού
2668 2078 2755 2124 τις
2794 2060 2890 2114 καὶ
2920 2061 3029 2113 τῶν
3059 2061 3384 2131 ἡγουμένων
3422 2060 3679 2131 εὑρεθείη
3715 2060 3912 2127 εὐγνώ-

2340 2170 2495 2226 μων’
2524 2153 2623 2207 καὶ
2648 2151 3015 2224 προθυμεῖται
3059 2152 3377 2207 ἀναπαῦσαι
3422 2171 3547 2207 τινα
3587 2154 3682 2206 τὸν
3725 2150 3913 2222 μᾶλλον

2337 2246 2536 2309 εἰδότα,
2589 2246 2790 2308 πάντες
2828 2243 3279 2309 σκανδαλίζονται
3323 2246 3418 2298 ἐπὶ
3453 2243 3614 2298 τοῦτο
3646 2244 3848 2316 μᾶλλον
3883 2244 3915 2313 ἢ

2336 2338 2425 2392 ἐπ’
2458 2337 2585 2391 ἄλλο
2618 2354 2704 2391 τιο
2738 2336 3009 2409 κρίνουσι,
3038 2336 3317 2406 φθονοῦσι,
3348 2338 3695 2407 συγχέονται·
3728 2336 3844 2390 Ἵνα
3868 2338 3913 2387 τί

2337 2430 2495 2484 τοῦτο
2516 2447 2530 2495 ;
2554 2429 2827 2499 λέγοντες·
2853 2429 2906 2482 τί
2936 2423 3095 2493 οὗτος
3126 2430 3285 2499 ἡμῶν
3316 2428 3608 2499 ῦπερέχει;
3636 2430 3718 2482 ὅτι
3754 2426 3914 2489 οὕτως

2338 2522 2619 2588 ἀξιοῦται;
2672 2520 2918 2586 τοιοῦτός
2976 2522 3095 2575 ἐστι
3147 2522 3243 2575 καὶ
3293 2520 3553 2583 τοιοῦτος.
3602 2521 3683 2574 Τά
3714 2519 3915 2573 ἑαυτῶν

2338 2611 2569 2678 ἀφέντες
2621 2610 2861 2675 ἀπάντα,
2910 2609 3071 2678 μόνον
3110 2610 3180 2663 τὰ
3216 2608 3410 2663 τούτου
3444 2609 3915 2679 περιεργάζονται,

2335 2704 2404 2755 τὰ
2436 2700 2605 2754 αὑτοῦ
2634 2701 3000 2770 φαντάζονται
3029 2700 3409 2772 ἐλαττώματα,
3449 2700 3827 2771 ἐνεδρεύουσιν
3849 2699 3918 2762 ὡς

2334 2793 2677 2863 δύσχρηστον
2712 2792 2898 2855 αὐτοῖς
2938 2792 3033 2845 καὶ
3072 2792 3316 2846 ἐναντίον
3341 2808 3353 2820 °
3398 2791 3511 2845 ἐσθ’
3543 2792 3631 2845 ὅτε
3678 2793 3785 2843 καὶ
3840 2791 3921 2843 ὲν-

2336 2884 2504 2937 ώπιον
2535 2882 2702 2937 αὑτοῦ
2735 2884 3125 2955 κατηγοροῦσι,
3149 2884 3244 2938 καὶ
3269 2884 3448 2938 πάντα
3466 2883 3698 2949 ποιοῦσι,
3731 2882 3921 2952 μέχρις

2334 2975 2503 3029 αὑτὸν
2535 2975 2841 3029 ἀνάστατον
2875 2976 3213 3046 ποιήσουσιν.
3249 2971 3384 3030 Εἶτα
3416 2974 3710 3043 ὲπιγελῶσι
3741 2974 3921 3042 λέγον-

2334 3083 2425 3127 τες
2447 3083 2460 3096 °
2500 3066 2662 3136 Ὁρᾷς
2687 3065 2779 3119 τὸν
2802 3068 3198 3138 ἀκατοίκητον;
3226 3067 3372 3120 οῦτω
3399 3067 3489 3120 διά
3508 3066 3567 3119 τὸ
3591 3063 3741 3119 εἶναι
3768 3066 3919 3118 αὑτὸν

651 3177 919 3231 gntnenus
965 3176 1074 3216 non
1128 3159 1274 3215 dicet
1328 3175 1342 3212 :
1386 3145 1613 3213 Utinam
1669 3158 1784 3213 isti”
1813 3157 2056 3227 requiem
2105 3157 2233 3211 dare

2336 3157 2580 3211 τοιοῦτον
2609 3157 2704 3210 καὶ
2731 3158 2995 3223 τοιοῦτον,
3038 3160 3286 3230 ὅπουπερ
3325 3159 3392 3213 ἂν
3423 3159 3656 3230 ἀπέλθῃ,
3687 3161 3753 3211 οῦ
3794 3176 3919 3211 κατ-

651 3252 886 3324 possiml
930 3252 1024 3308 sed
1056 3265 1182 3305 cum
1226 3249 1306 3304 ira
1335 3264 1349 3301 :
1375 3248 1598 3304 Utinam
1632 3249 1861 3304 habeam
1896 3248 1949 3302 in
1981 3248 2234 3312 vinculis,

654 3351 708 3401 in
738 3345 969 3415 remigio
994 3385 1009 3409 ,
1045 3343 1098 3396 in
1129 3332 1386 3396 carcere!
1426 3340 1471 3396 si
1504 3340 1656 3394 illum
1690 3340 1744 3393 in
1775 3348 2041 3409 potestate
2070 3339 2239 3394 hahe-

643 3454 789 3503 «rem,
821 3439 874 3491 in
907 3445 1051 3492 statu
1088 3447 1418 3505 permanere
1446 3434 1720 3490 docerem.
1756 3432 1906 3488 Eheu
1948 3432 2148 3487 duritia
2181 3444 2236 3487 et

656 3528 1055 3586 inhumanitas!

2339 3252 2563 3320 οικῆσαι
2598 3250 2732 3322 ἔχει.
2777 3252 2887 3304 Καὶ
2917 3253 3039 3305 ἀντὶ
3063 3251 3156 3305 τοῦ
3190 3254 3367 3305 εἰπεῖν
3398 3252 3575 3307 αὐτῶν
3603 3268 3767 3305 τίνα’
3802 3251 3918 3304 Εἴθε

2337 3343 2625 3415 ἠδυνάμην
2658 3343 2823 3398 αὐτὸν
2856 3343 3204 3398 ἀναπαῦσαι·
3237 3343 3372 3414 φησὶ
3421 3345 3536 3413 μετ’
3562 3343 3919 3414 ἐμϐριμήμα-

2334 3452 2459 3499 eo,”
2512 3437 2637 3490 Εἴθε
2695 3433 2837 3506 εἶχον
2895 3436 3058 3490 αὑτὸν
3120 3437 3179 3489 ὲν
3234 3436 3506 3506 σιδήροις,
3544 3436 3602 3503 ἐν
3650 3436 3919 3504 κώπη,ἐν

2335 3526 2560 3596 είρκτῇί
2589 3526 2749 3597 εἴπερ
2774 3525 3090 3592 ἑξουσίαζον
3119 3525 3309 3593 αὑτοῦ,
3337 3526 3483 3597 εἶχον
3515 3526 3577 3580 ἂν
3603 3526 3775 3579 αὑτὸν
3801 3542 3916 3579 παι-

648 3624 837 3679 δεῦσαι
874 3621 949 3693 μὴ
982 3619 1352 3693 μεταϐαίνειν.
1382 3618 1488 3673 Φεῦ
1518 3617 1621 3688 τῆς
1653 3618 1961 3689 ἀποτομίας
2000 3619 2095 3673 καὶ
2126 3620 2556 3691 ἀπανθρωπίαςι

722 3714 857 3781 Quis
892 3712 1018 3766 talia
1063 3710 1291 3766 audiens
1329 3724 1441 3764 non
1500 3708 1605 3764 erit
1650 3708 1869 3764 tristis?
1920 3709 2048 3764 ideo
2104 3709 2239 3766 viles

651 3819 706 3863 et
745 3808 943 3865 misera
999 3814 1147 3861 sorte
1182 3813 1312 3860 sunt
1356 3804 1448 3874 qui
1481 3803 1737 3859 videntur
1786 3814 1968 3873 partes
2010 3805 2239 3861 rationis

652 3900 829 3971 sequi.
862 3898 967 3953 Sed
995 3897 1330 3967 quihusdam
1366 3895 1419 3950 in
1450 3895 1804 3950 monasteriis
1837 3896 2070 3951 mutilati
2096 3897 2239 3951 acci-

658 3994 881 4064 piuntur
928 4000 1321 4058 curanturque,
1377 3995 1432 4043 et
1488 3986 1543 4041 itt
1606 3987 1944 4055 mutilatum,
1990 4003 2115 4043 cum
2168 3987 2239 4045 sit

653 4100 817 4151 unus,
850 4083 1183 4139 auxiliorum
1221 4078 1560 4156 collatio‘ﬁl;
1589 4080 1912 4150 magistrum
1936 4095 2086 4145 vero,
2105 4096 2229 4137 cum

653 4190 800 4231 unus
850 4188 1069 4245 quoque
1122 4172 1211 4238 sit,
1263 4170 1520 4240 illiusque
1567 4185 1695 4239 erga
1753 4172 1956 4226 multos
2012 4180 2234 4241 prOptcr

653 4265 942 4321 scientiam
978 4262 1270 4317 utilitatem
1305 4273 1651 4329 nequaquam
1682 4269 1966 4328 curant,et
1987 4261 2233 4331 quidem,

653 4372 778 4412 eum
810 4355 1019 4409 nullum
1055 4353 1241 4407 labore
1275 4364 1368 4406 aut
1401 4352 1655 4407 molestia
1684 4351 1903 4419 alliciat,
1936 4354 2085 4407 nulla
2117 4355 2233 4408 vin-

652 4449 800 4501 dicta
851 4454 1301 4516 persequuntur;
1337 4454 1578 4499 attamen
1625 4445 1784 4515 quasi
1825 4445 1879 4498 itt
1927 4445 2231 4517 apologiam

653 4545 906 4607 proterve
977 4535 1168 4589 dicunt
1215 4548 1231 4588 :

657 4626 1051 4695 grammaticos
1107 4625 1469 4695 rhctoresque
1504 4624 1694 4681 fuisse.
1738 4626 1843 4681 Sed
1896 4626 2038 4682 istud
2073 4626 2234 4681 intel-

658 4722 786 4791 lige,
817 4733 850 4773 0
879 4717 1199 4772 animalium
1231 4718 1747 4787 prudentissimum,
1775 4733 1898 4774 cum
1925 4718 1979 4774 in
2005 4735 2237 4777 numero

659 4816 891 4869 istorum
939 4810 1235 4881 adjunctus
1278 4810 1403 4867 sis:
1444 4809 1671 4880 quinam
1712 4818 1871 4865 erant
1918 4810 2012 4881 qui
2058 4811 2234 4866 barre-

656 4902 891 4958 siarcbis
922 4899 1169 4956 obsecuti
1198 4908 1349 4966 sunt,
1373 4906 1429 4953 et
1452 4898 1547 4968 qui
1578 4899 1702 4953 illos
1734 4899 2109 4970 redarguendo
2141 4901 2237 4956 de-

652 4992 937 5066 iecerunt?
967 4992 1345 5058 Quorumnam
1386 4999 1516 5044 sunt
1547 4990 1943 5045 commentaria
1980 5004 2011 5045 e
2033 4991 2235 5059 quibus

655 5087 803 5157 quod
854 5086 993 5140 dicis
1046 5082 1318 5139 hausisti?
1377 5082 1617 5149 Quinam
1667 5091 1796 5137 sunt
1838 5083 1931 5151 qui
1988 5082 2236 5151 quotidie

656 5182 937 5235 tlhristum
960 5177 1223 5247 ‘abjuran’t
1253 5186 1307 5231 et
1351 5174 1703 5231 Mohametho
1730 5173 2045 5230 adhan'ent?
2071 5174 2235 5241 Quis-

656 5284 782 5323 nam
817 5268 997 5337 potius
1047 5265 1136 5320 ille
1181 5264 1326 5335 ipse?
1382 5264 1688 5331 Quamnam
1720 5265 2025 5320 doctrinam
2056 5274 2111 5320 et
2143 5280 2236 5319 sa-

657 5359 914 5428 pientiam
942 5357 1190 5422 sortitus,
1213 5364 1273 5410 ut
1308 5355 1433 5410 talis
1457 5362 1727 5424 tantaeque
1752 5357 2019 5411 haereseos
2046 5364 2238 5409 auctor

658 5454 836 5505 lactus
867 5445 1191 5504 sit?Utrum
1228 5447 1425 5501 melius
1454 5446 1629 5502 bonos
1661 5461 1727 5501 ne
1754 5462 1875 5502 esse
1898 5463 1962 5503 ac
1982 5446 2235 5512 miseros,

660 5560 729 5594 an
762 5540 990 5595 miseros
1019 5549 1074 5594 et
1119 5540 1333 5601 atheos,
1389 5539 1533 5593 sicut
1562 5538 1811 5607 quaedam
1848 5538 2086 5609 gentium
2116 5554 2239 5608 quae

661 5635 713 5687 in
740 5632 998 5686 extremis
1028 5641 1189 5686 terra:
1216 5630 1460 5700 partibus
1480 5629 1666 5699 jacent
1686 5669 1700 5692 ,
1731 5630 2000 5692 barbartr,
2028 5630 2240 5684 stolida:

660 5726 1077 5793 litterarumque
1106 5722 1322 5777 inscite?
1353 5722 1408 5775 Si
1442 5722 1665 5792 pulchra
1702 5736 1791 5777 res
1812 5722 2120 5791 ignorantia
2144 5725 2236 5789 sit,

663 5832 760 5875 cur
792 5831 922 5872 sane
960 5816 1160 5875 discis?
1199 5816 1255 5871 Si
1289 5814 1434 5869 enim
1470 5812 1758 5883 pulchrum
1793 5816 1864 5871 sit
1896 5830 1957 5872 ea
2012 5829 2134 5884 quae
2167 5814 2237 5870 fe-

2412 3712 2507 3777 Τίς
2531 3712 2593 3766 οὑ
2621 3710 3019 3784 μελαγχολήσει
3043 3710 3262 3766 ἀκούων
3275 3712 3476 3777 ταύτας
3502 3711 3597 3765 Διά
3620 3711 3801 3765 ταῦτα
3820 3711 3912 3765 όλί·

2338 3821 2424 3873 γοι
2477 3804 2572 3858 καὶ
2616 3805 2778 3881 κακοί
2822 3806 2959 3857 εἰσιν
3002 3805 3051 3857 οί
3092 3802 3377 3866 δοκοῦντες
3429 3803 3685 3874 μετέχειν
3737 3803 3912 3871 λόγου.

2350 3897 2513 3951 Ἀλλά
2568 3898 2661 3952 καί
2718 3914 2842 3952 τινα
2898 3896 3007 3951 τῶν
3072 3898 3453 3968 μοναστηρίων
3502 3896 3914 3966 λελωεημὲνους

2336 3987 2677 4059 λαμϐάνουσι
2708 3987 2801 4041 καὶ
2830 3985 3189 4056 νοσοκομοῦσι
3208 4002 3224 4018 ο
3269 3986 3446 4039 καίτοι
3476 3986 3590 4049 ἐνὸς
3619 3985 3781 4049 ὄντος
3829 3982 3915 4036 τοῦ

2338 4079 2745 4150 λελωϐημένου,
2773 4081 2854 4143 είς
2887 4080 2983 4133 ἕνα
3014 4077 3285 4131 διαϐαίνει
3313 4077 3408 4131 καὶ
3451 4079 3482 4147 ἡ
3516 4076 3783 4145 ὠφέλεια.
3817 4074 3917 4128 Τοῦ

2340 4172 2397 4225 δὲ
2426 4171 2746 4224 διδασκάλου
2776 4168 2895 4233 ἐνὸς
2928 4168 3028 4239 μὲν
3058 4168 3233 4232 ὄντος,
3254 4170 3334 4231 είς
3364 4166 3589 4230 πολλοὺς
3616 4167 3678 4220 δὲ
3704 4166 3915 4219 διαϐαι-

2340 4262 2536 4332 νούσης
2567 4264 2669 4331 τῆς
2698 4259 2965 4330 ὡφελείας
2991 4258 3079 4312 διὰ
3106 4259 3208 4329 τῆς
3239 4257 3607 4320 διδασκαλίας,
3638 4257 3702 4309 οῦ
3735 4256 3915 4327 κήδον-

2341 4370 2427 4407 ται
2454 4369 2467 4382 ·
2498 4352 2590 4406 καὶ
2615 4350 2791 4406 ταῦτα
2817 4350 3009 4404 οὐδένα
3030 4350 3193 4403 πόνον
3213 4350 3247 4420 ἢ
3274 4349 3429 4419 ὄχλον
3450 4348 3792 4419 παρέχοντος
3812 4350 3917 4408 τοίς

2342 4446 2727 4517 συμπαροῦσιν
2746 4458 2760 4473 ⁸
2797 4443 3054 4513 οὐδεμίαν
3081 4440 3286 4512 ζημίαν
3305 4457 3321 4474 ο
3354 4440 3491 4495 ἀλλά
3522 4451 3617 4494 και
3647 4437 3765 4493 οἷον
3796 4441 3917 4493 ἀπο·

1279 4534 1495 4589 Scimus
1568 4548 1759 4589 omnes
1832 4534 2227 4591 haeresiarchas

2336 4537 2665 4611 λο,οῦν[ται]
2682 4535 2991 4609 ὑδρίξοντες
3007 4552 3020 4566 ·
3045 4534 3302 4605 Οἴδαμεν,
3332 4535 3518 4604 φασὶν,
3540 4535 3621 4587 ὅτι
3638 4532 3847 4594 πάντες
3874 4532 3919 4582 ot

2337 4632 2690 4703 αίρεσιάρχαι
2731 4628 3109 4701 γραμματικοὶ
3149 4628 3245 4680 καὶ
3292 4629 3522 4699 ῥήτορες
3550 4622 3716 4697 ἦσαν.
3765 4626 3917 4679 Ἀλλά

2336 4723 2430 4776 καὶ
2464 4721 2623 4775 τοῦτο
2653 4720 2832 4786 σύνες,
2862 4713 2907 4772 ὦ
2933 4718 3141 4786 ἀλόγων
3183 4717 3461 4787 σοφώτατε
3485 4757 3503 4782 ,
3545 4719 3668 4770 ἐπεὶ
3710 4718 3813 4770 καὶ
3849 4715 3919 4785 τῷ

2340 4813 2496 4885 μέρει
2542 4812 2748 4866 τούτων
2794 4811 3084 4882 προστίθῃ·
3125 4809 3283 4872 Τίνες
3320 4805 3461 4881 ἦσαν
3503 4811 3554 4862 οί
3604 4808 3916 4876 πειθόμενοι

2337 4906 2447 4966 τοῖς
2480 4903 2863 4975 αίρεσιάρχαις
2890 4918 2905 4967 ;
2948 4901 3043 4955 καὶ
3076 4900 3222 4962 τίνες
3268 4901 3319 4952 οἱ
3348 4902 3406 4952 ὲν
3434 4897 3613 4966 λόγοις
3644 4896 3918 4950 καταϐάλ-

2336 4995 2549 5058 λοντες;
2597 4993 2759 5047 τίνων
2785 4992 2855 5047 τά
2877 4994 3247 5063 ὑπομνήματα
3272 5032 3286 5057 ,
3317 4990 3385 5043 δι’
3415 4983 3492 5045 ὧν
3531 4990 3712 5043 ταῦτα
3763 4987 3918 5056 γινὼ-

2340 5102 2488 5147 σκεις
2527 5084 2563 5139 ἃ
2596 5086 2737 5155 φήςς
2783 5083 2931 5146 τίνες
2963 5083 3021 5137 δὲ
3056 5084 3149 5137 καὶ
3178 5084 3230 5135 οἱ
3259 5082 3381 5135 καθ’
3414 5082 3655 5149 ἑκάστην
3676 5079 3916 5148 ,ἐξομνύ-

2342 5193 2493 5246 μενοι
2549 5175 2806 5248 Χριστὸν,
2866 5176 2960 5229 καὶ
3008 5174 3085 5245 τῷ
3123 5173 3371 5244 Μωάμεθ
3413 5160 3914 5243 προσκολλώμενοις

2338 5265 2558 5319 Μᾶλλον
2594 5265 2650 5318 δὲ
2680 5258 2838 5327 οὗτος
2886 5263 3048 5328 αὐτὸς
3111 5264 3271 5325 ποίας
3300 5262 3637 5324 παιδεύσεως
3692 5264 3795 5315 καὶ
3838 5280 3917 5314 σς-

2340 5357 2469 5425 φίας
2496 5356 2842 5428 μετείληχεν,
2873 5358 2956 5410 ὅτι
2982 5355 3234 5426 τοιαύτης
3274 5357 3369 5408 καὶ
3395 5354 3738 5425 τηλικαύτης
3775 5355 3916 5422 nip--

2341 5467 2478 5512 σεως
2503 5449 2726 5518 γέγονεν
2758 5449 3039 5520 ἀρχηγός;
3074 5449 3138 5500 Τί
3160 5448 3217 5501 δὲ
3247 5450 3529 5518 κρεῖσσον;
3561 5444 3705 5499 εἶναι
3733 5446 3921 5505 καλοὺς

2343 5545 2436 5596 καὶ
2476 5543 2702 5608 κακοὺς,
2738 5542 2773 5612 ἢ
2799 5541 3043 5603 ἅπαντας
3074 5540 3279 5602 κακοὺς
3306 5541 3402 5593 καὶ
3431 5539 3661 5602 ἀθέουςς
3698 5539 3781 5600 ὥς
3812 5556 3919 5589 τινα

2342 5633 2471 5705 ἔθνη
2508 5633 2636 5703 περί
2667 5650 2769 5685 που
2806 5633 2875 5685 τὰ
2907 5632 3111 5702 ἔσχατα
3139 5632 3236 5701 τῆς
3268 5632 3369 5701 γῆς
3397 5647 3411 5662 ·
3445 5631 3700 5701 βάρϐαρα
3732 5632 3918 5699 κομιδῇ

2341 5726 2432 5778 καὶ
2473 5725 2665 5793 ἄλογα,
2716 5726 2811 5777 καὶ
2853 5723 3199 5794 γραμμάτων
3243 5722 3545 5792 ἀδαήμονα.
3580 5723 3637 5774 Et
3674 5723 3845 5773 καλὸν
3889 5726 3916 5787 ή

2342 5814 2573 5885 ἀμαθία,
2614 5816 2667 5869 τί
2702 5816 2795 5869 καὶ
2826 5815 2964 5882 ὅλως
3006 5815 3308 5886 γράμματα
3346 5813 3671 5884 μανθάνεις;
3714 5815 3779 5866 Et
3819 5815 3915 5878 γὰρ
