3994 6492
96 387 248 455 ῙΕΞΓῘ

1168 391 1262 454 DE
1297 390 1532 458 I)l\'l.\’.
1571 397 1852 458 SCRIPT.
1906 398 2330 458 UTILITATE.

3233 397 3369 466 1358

90 502 162 552 τὸ
192 501 272 572 μὴ
296 501 590 570 γινώσκειν
621 502 686 557 τὰ
714 503 801 556 διὰ
833 503 1034 556 τούτων
1068 504 1334 574 λεγόμενα
1359 544 1373 568 ,
1413 509 1574 558 καλον
1594 520 1610 536 ο
1642 501 1688 556 τί

1808 515 1936 560 runt
1972 507 2221 576 ignorare
2245 547 2260 572 ,
2298 520 2431 561 sane
2481 519 2586 559 non
2631 504 2841 560 discere
2890 505 3317 576 pulcherrimum
3353 525 3366 557 :

95 593 182 664 μὴ
217 594 518 658 μανθάνειν
549 595 705 658 ὅλως,
742 595 1058 647 κάλλιστον’
1086 593 1179 646 τοῦ
1208 598 1315 665 γάρ
1354 594 1524 647 κακοῦ
1557 594 1692 663 μᾶλο

88 687 193 738 λον
241 687 547 757 ἀπέχεσθαι
593 688 1020 757 ἀσφαλέστερον.
1070 687 1180 739 Καὶ
1219 688 1268 738 εί
1309 686 1470 739 τοῦτο
1525 678 1696 750 οὕτως

91 777 242 846 ἔχει,
281 778 402 841 πῶς
436 779 537 831 οὐκ
560 779 744 831 ἄδικόν
780 796 840 831 σε
873 778 1064 848 κρινῶ,
1085 779 1171 831 δτι
1200 776 1461 841 πολλάκις
1489 777 1696 848 κρίνεις

96 869 467 936 μεμφόμενος
498 868 737 937 Κολχοὺς
765 867 860 921 καὶ
893 867 1213 934 Ἀϐασγοὶρς,
1243 867 1325 919 ὅτι
1367 867 1428 918 οὐ
1475 867 1694 936 γραικί-

93 957 314 1020 ζουσιν,
341 958 708 1025 ἀλλόγλωσσοί
737 959 889 1020 ὄντες
908 975 920 988 °
953 958 1141 1026 ὥσπερ
1165 961 1230 1011 ἂν
1256 960 1304 1010 εί
1329 955 1578 1028 ἐμέμφου
1602 958 1696 1011 καὶ

108 1047 477 1117 Ἑλληνιστάς
505 1088 520 1110 ,
565 1050 651 1102 ὅτι
697 1050 759 1102 οὐ
813 1049 1254 1121 βαρϐαρίζουσιν.
1297 1048 1456 1103 Ἀλλά
1491 1049 1598 1102 τίνι
1634 1066 1694 1101 σε

92 1137 470 1206 παρεικάσω,
525 1139 574 1190 εί
622 1137 698 1207 μὴ
730 1137 938 1208 πίθηξι,
973 1137 1067 1189 καὶ
1092 1137 1302 1206 ὀρνέοις
1331 1135 1492 1202 τισὶν,
1535 1137 1571 1190 ὃ.
1604 1137 1695 1190 καὶ

93 1227 416 1298 ἀνθρώπων
445 1224 575 1299 ἦθός
601 1241 659 1280 τε
690 1229 782 1280 καὶ
812 1229 996 1299 φωνὴν
1023 1229 1348 1298 μιμοῦνται,
1388 1229 1488 1281 οὐκ
1521 1229 1694 1281 οἴδασι

92 1317 156 1369 δὲ
187 1319 259 1370 τά
282 1318 538 1389 δρώμενα
570 1336 586 1384 ;
616 1305 709 1370 Ᾱιὸ
736 1320 830 1372 καὶ
859 1318 1164 1372 ἁλίσκονται
1190 1320 1445 1382 πολλάκις
1463 1321 1566 1372 ὑπὸ
1588 1320 1694 1372 τῶν

93 1406 460 1478 πανούργων,
489 1411 601 1470 τοῖς
646 1408 802 1470 ἰδίοις
833 1409 1134 1477 μιμήμασι.
1168 1409 1277 1459 Καὶ
1319 1408 1427 1477 γὰρ
1468 1407 1562 1459 καὶ
1593 1407 1692 1460 αὐ-

92 1498 194 1559 τὸς
233 1497 542 1567 γράμματα
600 1497 696 1567 μὲν
747 1497 1037 1567 μανθάνεις
1066 1512 1078 1526 ’
1101 1497 1202 1549 οὐκ
1231 1494 1378 1560 οἶδας
1419 1497 1475 1550 δὲ
1513 1498 1688 1550 διατί·

91 1588 229 1641 ὃθεν
263 1588 361 1642 καὶ
381 1588 608 1659 γράφων
639 1588 734 1642 καὶ
761 1587 1173 1656 ἀναγινώσκων,
1208 1587 1406 1659 ἁλίσκῃ
1437 1585 1692 1656 ἁμαρτά»

93 1698 212 1741 νων
240 1664 374 1733 ’ὑπὸ
401 1679 510 1733 τῶν
534 1679 804 1748 τυχόντων
823 1695 837 1710 ·
876 1678 963 1731 ἴνα
995 1678 1070 1748 μὴ
1093 1677 1256 1742 εἴπω,
1305 1677 1409 1730 ὑπὸ
1437 1677 1690 1730 σεαυτοῦ.

95 1769 346 1840 Ποίησον
371 1768 589 1838 γραφὰς
624 1769 780 1831 ίδίας,
805 1768 926 1821 ἐπεὶ
952 1768 1051 1832 τὰς
1076 1767 1310 1830 παλαιὰς
1337 1766 1569 1833 ἀθετεῖς,
1601 1768 1691 1838 ἔχε

97 1859 430 1914 διδάσκαλον
461 1860 552 1914 τὸν
581 1859 862 1930 Καρτάνον
881 1875 895 1890 ο
927 1859 1004 1921 ὡς
1033 1860 1126 1912 καὶ
1160 1857 1324 1929 ἔχεις.

173 1951 452 2015 Πολλάκις
505 1951 564 2004 δὲ
617 1950 712 2004 καὶ
765 1950 1160 2021 μυκτηρίζουσι
1211 1951 1334 2013 τοὺς
1373 1966 1693 2020 γραμματι-

95 2044 262 2106 κοὺς,
289 2042 647 2103 διδάσκοντας
679 2043 804 2105 τοὺς
828 2041 1025 2104 παῖδας
1057 2040 1156 2104 τὰς
1196 2041 1403 2104 κλίσεις
1440 2042 1549 2093 τῶν
1580 2041 1696 2094 ὀνο-

98 2135 299 2204 μάτων
343 2151 404 2188 τε
457 2135 550 2188 καὶ
585 2134 881 2206 ῥημάτων·
908 2133 973 2185 Τί
1004 2132 1194 2199 τοῦτο;
1242 2132 1520 2201 λέγοντεςο
1562 2132 1694 2187 ἄλλα

96 2229 451 2300 γράμματα;
484 2229 590 2282 Ναί
613 2244 627 2257 ⁸
665 2228 799 2284 ἄλλα
838 2228 1136 2300 γράμματα
1157 2243 1172 2258 ·
1205 2227 1326 2280 ἐπεὶ
1367 2230 1460 2281 καὶ
1485 2227 1610 2282 ἄλλο
1632 2228 1694 2282 τὸ

96 2319 324 2388 ἀλόγως
354 2318 643 2391 γνωρίζειν
666 2337 680 2350 υ
718 2320 812 2373 καὶ
834 2319 962 2374 ἄλλο
993 2319 1054 2371 τὸ
1085 2319 1180 2372 σὺν
1205 2319 1483 2391 ἐπιστήμη
1526 2319 1692 2388 γινώ-

99 2429 265 2466 σκειν
295 2413 456 2466 αὑτά.
486 2413 560 2466 Οὐ
588 2413 696 2481 γὰρ
723 2411 975 2466 τοσοῦτον
1003 2412 1360 2482 θαυμάζομεν
1385 2413 1475 2466 τὸν
1509 2414 1690 2467 είδότα

98 2503 345 2572 βοτάνην
381 2501 586 2565 ἁπλῶς,
624 2502 700 2564 ὡς
719 2501 808 2554 τὸν
839 2501 1014 2554 είδότα
1039 2502 1134 2554 καὶ
1166 2502 1264 2571 τὴν
1295 2502 1575 2572 ἐνέργειαν
1595 2504 1691 2555 αὑ-

94 2598 240 2667 τῆς·
281 2595 402 2648 οὐδὲ
442 2595 536 2647 τὸν
589 2592 918 2657 σαλπίζοντα
963 2591 1190 2663 ἀδήλως,
1227 2591 1362 2646 ἀλλὰ
1401 2592 1494 2647 τὸν
1531 2593 1692 2664 εὐσή-

99 2701 250 2754 μως,
283 2682 678 2753 ἀποδεχόμεθα.
711 2682 846 2734 Εἰπέ
877 2698 999 2748 μοι,
1037 2682 1086 2733 εί
1117 2681 1396 2752 παιδίον,ἥ
1425 2682 1581 2746 ἄλλος
1606 2699 1689 2746 τις

97 2776 217 2828 τῶν
245 2775 322 2846 μὴ
350 2776 726 2844 γινωσκόντων
753 2775 1077 2844 γράμματα,
1113 2768 1232 2826 εῐπέ
1264 2789 1378 2825 σοι·
1403 2774 1468 2826 Τί
1497 2776 1609 2827 ἐστι
1630 2774 1691 2828 τὸ

98 2869 256 2936 ἄλφα
288 2868 424 2938 ὅπερ
453 2884 542 2937 μοι
576 2866 788 2934 λέγεις’
814 2867 909 2918 καὶ
935 2864 987 2916 τί
1013 2865 1074 2917 τὸ
1095 2864 1232 2934 βῆτα
1256 2881 1270 2930 ;
1299 2864 1437 2916 Ξὲνα
1460 2865 1567 2934 γάρ
1598 2881 1688 2934 μοι

101 2960 260 3012 δοκεί
295 2957 366 3011 τὰ
393 2958 654 3028 ὀνόματα.
697 2957 762 3009 Τί
793 2955 937 3027 εἶχες
977 2957 1376 3026 άποκριθῆναι;
1418 2958 1467 3010 εί
1508 2957 1582 3028 μὴ
1606 2959 1688 3010 ὅτι

97 3051 211 3104 οὐκ
247 3052 364 3104 ἐστι
409 3049 599 3121 καιρὸς
643 3049 740 3103 νῦν
773 3049 901 3119 περὶ
930 3049 1137 3102 τούτων
1160 3065 1173 3078 ·
1199 3048 1387 3101 πείθου
1436 3048 1492 3102 δὲ
1528 3051 1688 3119 μόνον

100 3141 346 3196 ἁκούων.
376 3139 532 3194 Οὕτω
555 3140 636 3194 δεῖ
659 3144 802 3194 νοεῖν
829 3142 923 3193 καὶ
952 3140 1046 3192 ἐπὶ
1077 3139 1256 3209 πάσης
1275 3139 1489 3209 τέχνης,
1518 3156 1684 3209 προσο

99 3231 289 3284 ελθιῖν
317 3231 400 3302 δεῖ
425 3230 502 3300 τῷ
531 3232 797 3302 ἐπιστάτῃ
818 3247 833 3261 ·
873 3231 966 3283 καὶ
1001 3231 1343 3300 πειθόμενον,
1368 3230 1685 3300 καταϐραχὺ

105 3321 444 3392 μανθάνεινο
479 3321 572 3377 ἐὰν
612 3322 912 3391 προσέλθῃς
967 3319 1360 3390 γραμματικῷ,
1397 3319 1567 3396 δεῖξαί
1606 3337 1687 3372 σοι

101 3414 246 3482 ἔχει,
268 3412 357 3466 διὰ
386 3413 436 3464 τί
462 3413 522 3466 οὐ
549 3412 779 3466 πάντοτε
807 3411 1058 3480 λέγομεν,
1079 3411 1336 3476 Παῦλος·
1367 3411 1495 3463 ὅταν
1521 3411 1615 3482 δέῃ
1635 3428 1688 3464 τι

104 3506 241 3572 περὶ
275 3505 463 3556 τούτου
496 3506 669 3556 εἰπεῖν
692 3517 706 3531 ·
741 3502 877 3555 ἀλλὰ
928 3503 1022 3555 καὶ
1050 3502 1318 3564 Παύλου,
1350 3502 1442 3554 καὶ
1469 3504 1688 3564 Παύλῳ

103 3599 203 3648 καὶ
230 3594 495 3648 Παῦλον.
530 3590 656 3647 Οἷον
691 3596 748 3646 ἐν
779 3593 1172 3662 ὑποδείγματι·
1211 3610 1230 3642 ι
1271 3592 1332 3645 Ὀ
1371 3593 1426 3645 δὲ
1478 3592 1689 3656 Παῦλος

102 3689 232 3738 εἷπε
286 3687 423 3756 πρὸς
474 3686 672 3749 αὐτούς
700 3705 717 3735 ι
745 3702 760 3718 ο
784 3688 880 3739 καὶ
912 3684 1103 3738 πάλιν·
1129 3704 1147 3736 ι
1172 3685 1260 3738 Ἐν
1281 3684 1338 3737 δὲ
1366 3686 1485 3746 ταῖς
1526 3683 1688 3754 ’Λθή-

101 3796 228 3840 ναις
259 3777 616 3847 ἐκδεχομένου
640 3777 836 3840 αὐτοὺς
855 3776 948 3830 τοῦ
981 3774 1192 3829 Παύλου
1213 3793 1225 3805 ·
1256 3794 1274 3824 ι
1297 3776 1392 3828 καὶ
1403 3777 1459 3827 ὲν
1483 3776 1652 3844 ἑτέρῳ
1668 3789 1684 3804 °

107 3889 126 3919 ι
172 3863 312 3921 Εἶπε
339 3868 538 3938 Κύριος
557 3869 622 3920 δι’
647 3868 925 3939 ὁράματος
948 3869 1007 3920 ὲν
1037 3867 1191 3920 νυκτὶ
1216 3865 1294 3934 τῷ
1314 3865 1506 3935 Παύλῳ
1525 3882 1538 3894 ·
1554 3885 1570 3914 ι
1593 3868 1688 3919 καὶ

100 3959 306 4013 πάλινο
348 3979 364 4010 ι
389 3959 725 4012 Ἐπαύσαντο
772 3958 1066 4022 τύπτοντες
1118 3958 1208 4011 τὸν
1257 3956 1499 4011 Παῦλονο
1533 3958 1682 4011 »καί-

106 4071 126 4101 σ
177 4052 406 4121 Θάρσει,
429 4048 627 4105 Παῦλε.
651 4069 670 4102 ι
689 4050 924 4119 Τοιαύτη
947 4051 978 4119 ἡ
1001 4048 1232 4121 διαφορὰ
1249 4050 1341 4102 καὶ
1356 4034 1553 4112 ’ὲνιτοῖς
1579 4049 1688 4102 λοι-

102 4142 234 4203 ποῖς
260 4142 521 4209 ὀνόμασιν
539 4157 552 4170 ·
580 4140 769 4211 ῶσπερ
795 4141 860 4210 δὴ
893 4143 984 4193 καὶ
1007 4141 1063 4192 ὲν
1089 4142 1203 4202 τοῖς
1239 4141 1506 4208 ῥήμασιν·
1536 4135 1648 4192 οἷον
1670 4156 1682 4169 ·

106 4253 124 4284 ι
151 4233 346 4305 Ἀμὴν,
391 4235 535 4306 ἀμὴν
585 4236 730 4304 λέγω
778 4237 906 4305 ὑμῖν
936 4256 954 4288 ι
991 4251 1007 4266 ·
1042 4237 1132 4290 καὶ
1161 4238 1217 4288 ὲν
1247 4235 1417 4308 ἑτέρῳ
1438 4251 1451 4264 ·
1487 4255 1506 4286 ι
1538 4234 1609 4287 Σὺ
1635 4233 1687 4287 τί

99 4324 287 4392 λέγεις
344 4327 476 4396 περὶ
529 4326 694 4380 αὑτοῦ
724 4366 740 4391 ,
807 4327 888 4380 ὃτι
935 4327 1113 4397 ἧνοιξὲ
1174 4345 1269 4380 σου
1320 4328 1448 4391 τοὺς
1491 4327 1689 4396 ὀφθαλ-

101 4415 282 4485 μούς;
318 4435 337 4468 ι
370 4419 480 4472 Καὶ
529 4419 586 4471 ἐν
614 4419 784 4493 ἑτέρῳ
814 4420 1169 4490 εὐαγγελιστῇ
1194 4434 1207 4447 ·
1241 4439 1258 4470 ι
1289 4419 1409 4481 Πῶς
1470 4418 1687 4485 λέγουσι

97 4511 194 4560 τὶν
217 4509 467 4581 ξΧριστδν
511 4511 624 4562 υἱὸν
659 4510 821 4563 Δαυῗδ
847 4507 1019 4576 εἷναι;
1058 4529 1076 4562 ι
1107 4511 1202 4563 καὶ
1224 4509 1384 4572 αὐτὸς
1413 4508 1572 4561 Δαυῖδ
1597 4508 1682 4560 λέ·
1717 4512 1759 4566 D

99 4618 190 4668 γει
220 4601 279 4651 ἐν
314 4600 481 4670 βίϐλῳ
513 4601 776 4671 Ψαλμῶν.

175 4692 253 4742 Οὐ
305 4691 465 4762 μόνον
514 4691 570 4744 δὲ
616 4694 742 4754 τοὺς
784 4691 1205 4761 γραμματικοὺς
1251 4689 1683 4760 μυκτηρίζουσιν

98 4782 300 4845 ἐνίοτε,
327 4782 459 4834 ἀλλὰ
487 4783 578 4835 καὶ
610 4782 872 4852 ἀλλήλους
892 4797 904 4810 ·
933 4782 989 4834 ἒν
1017 4797 1074 4834 τε
1097 4780 1174 4851 τῷ
1199 4780 1378 4848 λέγειν
1422 4780 1515 4832 καὶ
1551 4779 1684 4848 γρά-

100 4889 250 4940 φειν.
289 4871 448 4926 Οὕτω
479 4874 588 4944 γὰρ
618 4869 758 4926 οἶδεν
813 4877 846 4944 ή
889 4873 1143 4944 πονηρία,
1193 4871 1326 4942 μηδὲ
1363 4872 1484 4924 καθ’
1511 4872 1681 4941 αὐτὴν

103 4964 439 5029 συμφωνεῖν.
469 4956 593 5014 Οἷόν
641 4963 856 5030 τιλὲγω
876 4979 889 4992 ·
921 4952 1062 5032 συκῆ
1093 4962 1153 5013 τὸ
1184 4961 1368 5029 φυτὸν.
1395 4961 1486 5013 καὶ
1522 4961 1684 5015 σικύα

98 5054 164 5105 τὸ
214 5053 460 5123 ίατρικὸν
502 5055 800 5124 ἐργαλεῖον.
832 5054 1204 5118 Χλευάζουσιν
1235 5049 1329 5106 οὖν
1364 5053 1459 5106 καὶ
1491 5052 1680 5106 διοισύ⁴

106 5161 262 5212 ρουσι
291 5146 360 5195 τὰ
400 5146 639 5214 ὀνόματα
662 5145 748 5198 διὰ
773 5146 874 5216 τὴν
905 5146 1254 5216 παρήχησιν⁸
1282 5146 1357 5213 μὴ
1387 5144 1684 5212 γινώσκον-

100 5251 194 5297 τες
237 5235 338 5305 τὴν
368 5237 476 5286 τῶν
507 5236 785 5305 στοιχείων
812 5237 1096 5306 διαφοράν.
1133 5234 1318 5298 Οὕτως
1348 5232 1454 5303 οὖν¹
1475 5235 1684 5288 διακεί-

103 5341 282 5394 μενοι,
321 5327 414 5378 ml
443 5326 538 5378 τοῦ
566 5326 702 5379 Θεοῦ
731 5326 1281 5391 καταλαζονεύσονταί
1313 5342 1442 5378 ποτε
1463 5343 1477 5354 ο
1501 5325 1684 5393 λέγον·

96 5432 192 5478 τος
226 5415 365 5486 πρὸς
406 5417 688 5488 Ἀϐραάμ·
743 5436 760 5467 ι
786 5417 984 5471 Οὐκέτι
1028 5417 1357 5488 κληθήσεται
1407 5417 1465 5469 τὸ
1514 5415 1686 5485 ὄνομά

100 5524 198 5560 σου
232 5508 458 5578 Ἃδραμ
484 5524 496 5536 ·
541 5511 655 5561 ἁλλ’
693 5511 942 5582 Ἀϐραὰμ
983 5509 1135 5563 ἔσται
1161 5510 1222 5562 τὸ
1254 5509 1424 5577 ὄνομά
1458 5525 1573 5570 σου,
1602 5508 1683 5560 ὅτι

98 5601 320 5670 πατέρα
356 5600 566 5653 πολλῶν
610 5601 778 5654 ἐθνῶν
835 5601 1056 5654 τέθεικά
1087 5618 1166 5654 σε.
1197 5619 1214 5649 ι
1249 5602 1358 5652 Καὶ
1416 5598 1543 5670 περὶ
1586 5600 1684 5668 τῆς

97 5691 363 5754 γυναικὸς
407 5693 610 5744 αὑτοῦ·
664 5711 680 5742 ι
723 5693 797 5744 Οὐ
833 5691 1161 5761 κληθήσεται
1208 5691 1264 5742 τὸ
1304 5691 1469 5759 ὄνομα
1517 5690 1683 5759 αὐτῆς

183 5805 202 5833 ⁸
271 5804 408 5857 Gen.
453 5820 582 5868 sui,
615 5804 664 5860 5.
746 5807 790 5835 ’λ
831 5806 962 5859 ibid.
995 5805 1078 5857 15.

1801 599 1946 651 malo
1973 597 2117 650 enim
2171 597 2360 666 procul
2392 595 2686 650 abscedere
2718 596 2908 650 tutius.
2942 596 2996 651 Si
3032 613 3116 651 res
3149 599 3220 652 ita
3251 599 3372 661 fuit,

1797 691 2071 759 quomodo
2112 697 2162 743 tc
2192 704 2300 742 non
2349 687 2584 742 dicerem
2628 687 2899 757 iniquum,
2931 689 3022 758 qui
3055 689 3290 744 C(tlt'hOS
3320 704 3374 743 et

1798 781 2042 849 Abasgos
2086 793 2284 848 arguas
2315 789 2369 834 et
2399 779 2632 849 jullices,
2666 780 2811 848 quod
2857 782 3092 846 linguam
3125 781 3369 836 Graecam

1798 872 2032 926 alienam
2081 873 2364 932 habentes.
2414 887 2522 924 non
2565 872 2880 941 loquamur,
2941 874 3098 942 quasi
3151 871 3372 928 Cra-cm

1797 975 2080 1031 argueres,
2117 961 2261 1031 quod
2299 977 2406 1015 non
2445 961 2733 1015 barbaram
2783 962 3095 1032 loquantur.
3133 963 3237 1017 Sed
3281 966 3368 1018 cui

1797 1062 1850 1107 te
1879 1067 2213 1121 comparem,
2260 1053 2364 1107 nisi
2403 1053 2600 1119 simiis,
2647 1064 2740 1106 aut
2782 1052 2976 1109 avibus
3012 1056 3366 1124 quibusdam,

1795 1141 1887 1210 qui
1914 1142 2150 1195 hominis
2175 1141 2415 1194 habitum
2437 1152 2491 1195 et
2514 1158 2699 1196 vocem
2729 1144 3033 1210 imitantur,
3057 1155 3212 1200 actus
3240 1161 3370 1200 vero

1798 1229 2136 1302 ignorantes,
2170 1247 2197 1284 a
2231 1231 2401 1286 vafris
2451 1248 2545 1302 per
2576 1234 2722 1304 ipsas
2765 1236 3098 1291 imitationes
3142 1238 3372 1308 capiun-

1799 1324 1930 1377 tur?
1961 1324 2054 1377 Sic
2088 1332 2145 1378 tu
2179 1323 2387 1379 litteras
2439 1324 2630 1388 discis,
2657 1327 2906 1381 nesciens
2941 1337 3124 1383 autem
3177 1345 3366 1400 quare.

1796 1416 1925 1468 dum
1963 1415 2095 1484 legis
2122 1408 2448 1486 scrquue,
2481 1431 2511 1470 a
2556 1416 2730 1484 primo
2757 1434 2996 1487 quoque,
3025 1436 3091 1474 ne
3120 1421 3295 1476 dicant
3336 1439 3368 1477 ιι

1797 1512 1848 1558 te
1881 1504 2020 1574 ipso,
2050 1505 2310 1574 deceptus
2350 1505 2480 1560 eris.
2524 1504 2802 1574 Compone
2840 1523 3006 1561 novas
3043 1510 3367 1578 scripturas.

1795 1609 1922 1649 cum
1979 1594 2031 1648 in
2084 1603 2400 1665 contemptu
2447 1595 2651 1651 habeas
2706 1599 2992 1666 antiquas;
3044 1599 3368 1670 magistrum

1795 1685 2000 1742 advoca
2029 1685 2347 1753 Cartauum,
2377 1702 2538 1757 quem
2562 1687 2675 1757 jam
2707 1687 2898 1744 habes.

1798 2003 1808 2011 .
1870 1951 2022 2022 Saepe
2053 1951 2441 2022 grammaticos
2471 1949 2797 2006 cavillantur
2824 1966 3022 2022 pueros
3083 1951 3366 2009 nominum

1794 2052 1848 2097 et
1892 2043 2184 2097 verborum
2231 2042 2626 2098 declinationes
2660 2043 2937 2098 docentes.
2971 2043 3084 2098 Cur
3129 2045 3365 2100 dicunt:

1792 2134 2017 2189 Aliasne
2068 2135 2277 2190 litteras
2309 2135 2410 2204 (sc.
2444 2133 2724 2190 addendas
2752 2135 2970 2207 scitis)?
2994 2135 3187 2192 Merito
3227 2137 3368 2192 alias

1795 2224 2003 2281 litteras
2033 2225 2365 2296 (expetunt);
2404 2239 2531 2278 nam
2566 2225 2712 2279 aliud
2746 2233 2831 2280 est
2862 2227 3088 2281 nomina
3117 2220 3171 2282 et
3203 2226 3364 2282 verba

1793 2317 2002 2372 insulse
2031 2317 2194 2380 scire,
2216 2315 2362 2370 aliud
2395 2317 2530 2372 scite
2559 2330 2802 2371 noscere.
2829 2315 2946 2370 Non
2964 2326 3187 2372 .tantum
3215 2318 3362 2373 enim

1793 2407 1885 2476 qui
1923 2407 2132 2475 plantas
2181 2406 2378 2474 noscit,
2429 2416 2694 2477 quantum
2748 2408 2841 2476 qui
2887 2408 3104 2461 illarum
3154 2409 3365 2478 species

1794 2499 2014 2568 vimque
2042 2499 2330 2561 miramur,
2355 2513 2457 2552 nec
2490 2507 2696 2552 tantum
2723 2498 2849 2552 tuba
2887 2498 3136 2568 imperite
3161 2514 3366 2554 canen-

1791 2597 1924 2652 tem,
1955 2597 2222 2659 quantum
2258 2589 2350 2659 qui
2383 2589 2686 2659 perspicue.
2722 2587 2816 2643 Dic
2849 2588 3005 2654 mihi,
3037 2588 3080 2644 si
3111 2604 3245 2660 puer
3269 2599 3367 2644 aut

1792 2694 1937 2734 unus
1965 2695 2029 2733 ex
2066 2679 2133 2735 iis
2163 2679 2254 2749 qui
2284 2679 2492 2734 litteras
2525 2681 2777 2750 ignorant
2803 2688 2855 2732 te
2877 2679 3172 2749 interroget
3194 2697 3207 2733 :
3230 2680 3362 2750 quid

1790 2776 1876 2822 est
1905 2767 2048 2837 ἄλφα
2079 2769 2224 2837 quod
2259 2768 2602 2837 pronuntias,
2649 2774 2702 2821 et
2751 2767 2882 2836 quid
2921 2766 3093 2836 βῆτα.
3125 2783 3361 2838 quorum

1790 2860 2014 2914 nomina
2050 2860 2182 2914 mihi
2228 2861 2478 2914 videntur
2513 2860 2800 2913 inaudita?
2857 2859 2994 2926 Quid
3029 2862 3359 2930 responden-

1790 2953 1918 3006 dum
1955 2952 2216 3013 haberes,
2254 2951 2359 3005 nisi
2410 2967 2516 3005 non
2559 2951 2750 3006 adesse
2798 2959 3012 3020 tempus
3045 2952 3111 3007 de
3161 2952 3362 3007 talibus

1791 3044 2112 3116 (loquendi).
2141 3053 2195 3098 et
2226 3044 2570 3099 solummodo
2605 3058 2725 3099 esse
2753 3043 3136 3098 conﬁdendum
3164 3059 3228 3098 ex
3259 3060 3360 3098 au-

1790 3135 1942 3189 ditu?
1971 3135 2060 3188 Sic
2091 3135 2435 3190 sentiendum
2495 3143 2578 3188 est
2620 3134 2673 3188 in
2703 3134 2850 3188 omni
2889 3143 3028 3190 arte.
3066 3117 3380 3191 Adcundus.

1792 3225 1886 3280 tibi
1915 3225 1998 3278 vir
2026 3223 2260 3287 doctus;
2290 3233 2362 3286 et,
2402 3239 2526 3278 cum
2564 3223 2638 3278 illi
2674 3224 2830 3279 iidem
2863 3225 3140 3291 habueris,
3169 3227 3359 3294 paula-

1793 3315 1888 3368 tim
1918 3313 2120 3368 disces.
2153 3311 2208 3366 Si
2245 3313 2661 3382 grammaticum
2697 3312 2916 3378 adieris,
2939 3313 3008 3367 ab
3041 3327 3106 3367 eo
3137 3314 3232 3368 tibi
3261 3315 3364 3368 erit

1789 3405 2109 3460 discendum
2165 3420 2284 3470 cur,
2333 3407 2398 3458 de
2445 3403 2615 3458 Paulo
2663 3404 2947 3474 loquentes
2993 3421 3098 3458 non
3149 3420 3364 3474 semper

1791 3492 2018 3556 Paulus,
2057 3491 2150 3547 sed
2181 3507 2324 3546 nunc
2345 3492 2530 3555 Pauli,
2561 3507 2706 3546 nunc
2735 3491 2928 3557 Paulo,
2960 3508 3105 3547 nunc
3133 3491 3362 3547 Paulum

1790 3584 2047 3648 dicimus,
2075 3592 2134 3638 ut
2167 3584 2220 3637 in
2245 3583 2509 3652 exemplis
2533 3584 2886 3652 sequentibus
2912 3602 2926 3638 :
2959 3603 2977 3634 ι
3002 3585 3203 3640 Paulus
3227 3585 3366 3639 dixit

1788 3676 1870 3730 eis
1914 3693 1933 3728 ι
1965 3683 2021 3730 et
2057 3676 2193 3730 alias
2229 3691 2242 3727 :
2285 3693 2303 3726 ι
2349 3674 2500 3728 Pauli
2533 3689 2628 3728 eos
2672 3673 2900 3730 Athenis
2943 3675 3297 3743 accipientis;
3338 3695 3356 3727 ι

1789 3793 1853 3806 -—
1880 3784 1896 3816 ι
1926 3764 2068 3818 Dixit
2091 3763 2352 3818 Dominus
2372 3778 2467 3832 per
2488 3762 2750 3817 visionem
2781 3764 3358 3829 nocturnamlPaulop

1787 3856 2120 3910 —-iPaulum
2141 3855 2758 3924 verberareicessarunt;
2789 3873 2909 3906 ι-ι
2923 3854 3091 3926 Euge,
3110 3855 3307 3911 Paule!
3337 3877 3356 3910 ι

1789 3949 1989 4004 Eadem
2039 3949 2328 4004 diversitas
2372 3948 2426 4002 in
2458 3947 2668 4002 caeteris
2699 3946 3013 4001 nominibus
3044 3955 3129 4002 est
3152 3985 3168 4011 ,
3217 3948 3362 4002 sicut

1789 4049 1844 4095 et
1895 4041 1947 4094 in
1980 4041 2182 4102 verbis.
2227 4037 2458 4107 exempli
2499 4036 2668 4106 gratia
2704 4053 2717 4090 :
2756 4057 2774 4088 ι
2809 4035 3003 4102 Amen,
3038 4053 3196 4092 amen
3236 4040 3361 4094 dico

1788 4130 1975 4193 vobis;
2013 4149 2030 4182 ι
2052 4146 2146 4180 -ι
2164 4127 2305 4194 Quid
2337 4127 2474 4180 dicis
2496 4126 2563 4180 de
2592 4125 2716 4189 illo,
2747 4125 2892 4194 quod
2926 4125 3014 4181 ille
3043 4127 3234 4183 oculos
3262 4128 3357 4182 tibi

1786 4220 2038 4289 aperuit?
2067 4237 2086 4270 ι
2122 4217 2277 4288 Apud
2327 4217 2493 4270 alium
2542 4215 2928 4285 evangelistam
2965 4231 2977 4268 :
3017 4235 3036 4267 ι
3068 4215 3356 4282 Quomodo

1788 4314 1978 4368 dicunt
2002 4311 2281 4365 Christum
2313 4306 2530 4362 Davidis
2561 4308 2727 4364 illium
2760 4307 2920 4364 esse?
2956 4328 2973 4358 ι
3005 4318 3058 4363 et
3099 4307 3216 4379 ipse
3254 4307 3358 4363 Da-

1789 4405 1874 4456 viil
1905 4404 1957 4456 iu
1995 4403 2134 4456 libro
2169 4398 2509 4455 Psalmorum
2547 4397 2696 4452 dicit.

1857 4681 2170 4745 Nonlmodo
2215 4680 2602 4752 grammaticos
2653 4681 2970 4752 aliquando,
3019 4685 3113 4739 sed
3146 4686 3357 4756 seipsos

1787 4776 2019 4830 invicem
2075 4773 2420 4837 cavillantur,
2457 4789 2580 4828 cum
2611 4775 2678 4828 de
2729 4764 2954 4844 legendo
2989 4786 3084 4829 aut
3112 4777 3177 4830 de
3218 4779 3356 4832 scri-

1786 4865 1964 4920 bendo
1993 4863 2189 4932 agitur.
2226 4861 2318 4917 Sic
2345 4863 2490 4916 enim
2522 4863 2674 4916 novit
2719 4864 2945 4926 malitia,
2993 4879 3059 4918 ne
3103 4867 3206 4920 sibi
3238 4870 3358 4936 qui-

1783 4957 1904 5010 dem
1933 4964 2206 5009 coustare.
2265 4952 2319 5007 Si
2354 4953 2602 5007 fortassis
2631 4953 2808 5006 dicam
2845 4969 2857 5006 :
2893 4957 3030 5024 συκῆ
3068 4956 3242 5025 (ﬁcus)
3276 4967 3360 5011 est

1785 5049 1967 5110 arbor,
2001 5046 2162 5100 σικύα
2209 5043 2586 5114 (cucurbitula)
2644 5053 2826 5099 autem
2860 5046 3230 5116 chirurgicum
3273 5051 3358 5102 in-

1784 5148 2148 5193 strumentum
2174 5178 2189 5202 ,
2237 5136 2303 5189 de
2349 5136 2662 5189 nominibus
2692 5147 2912 5206 propter
2942 5143 3355 5195 consonantiam

1784 5229 2138 5306 contemptim
2197 5225 2418 5289 rident,
2481 5226 2876 5282 elementorum
2935 5229 3357 5298 discrepantiam

1785 5305 2120 5392 ignorantes.
2159 5315 2233 5369 Ea
2273 5327 2457 5370 mente
2507 5315 2675 5370 Deum
2728 5318 2904 5388 ipsum
2939 5305 3078 5375 vane
3114 5337 3358 5376 comme-

1784 5419 2005 5466 morant
2054 5409 2322 5464 dicentem
2357 5407 2827 5464 ad'Abrahamum
2862 5427 2873 5462 :
2909 5431 2926 5462 ι
2968 5411 3086 5466 Non
3111 5412 3222 5482 jam
3261 5431 3356 5468 vo-

1785 5504 2004 5560 caberis
2023 5502 2248 5564 Abram.
2290 5501 2383 5556 sed
2419 5501 2654 5556 Abraam
2685 5543 2700 5570 ,
2730 5505 2857 5573 quia
2893 5514 2944 5559 te
2977 5515 3184 5575 patrem
3216 5508 3357 5561 mul-

1785 5606 1965 5651 tarum
1994 5592 2234 5664 gentium
2267 5592 2425 5661 posui
2447 5591 2492 5624 ’³
2519 5610 2533 5658 ;
2567 5611 2586 5644 ι
2611 5603 2663 5648 et
2692 5593 2760 5649 de
2793 5611 2960 5651 uxore
2990 5613 3001 5649 :
3041 5615 3059 5648 ι
3097 5595 3211 5651 Non
3246 5597 3357 5667 jam

1785 5686 2069 5744 vocabitur
2104 5683 2259 5751 Sara,
2293 5684 2383 5740 sed
2415 5683 2576 5740 Sarra
2596 5686 2658 5739 “.
2702 5707 2718 5739 ι
2756 5688 2814 5740 in
2843 5703 2952 5757 quo
2987 5688 3131 5742 enim
3171 5689 3358 5744 viden-
