4088 6490
188 386 326 452 1361

1513 396 1613 457 DE
1675 396 2148 458 CAR'I‘ANITIS.

181 505 406 579 δένδρα,
437 509 658 580 πέτραι,
693 509 924 580 λάχανα,
955 508 1123 581 ὕδωρ,
1160 509 1291 580 πῦρ,
1324 511 1418 582 γῆ,
1460 511 1769 582 μιγνύμενα

1894 526 2063 566 versus
2117 509 2433 584 Egyptum,

3333 402 3352 464 l
3365 405 3478 467 3i“!

2516 513 2568 568 in
2631 511 2972 570 Damasceno
3030 530 3243 586 campo,
3278 529 3466 588 postea

182 599 285 650 καὶ
341 599 826 670 μεταφυτευόμενα
880 599 1054 666 αὔξει,
1085 602 1208 655 ἐπεὶ
1249 601 1344 656 καὶ
1380 601 1617 672 ἔμψυχα.
1656 602 1779 655 Ἔτι

1894 601 2202 657 translatum
2239 604 2292 658 in
2323 605 2549 668 Indiam,
2590 605 2682 659 ubi
2713 606 3027 674 paradisus.

185 696 330 766 φησί
391 697 535 751 κατά
583 714 738 760 τινας
797 699 856 752 ὲν
904 697 984 768 τῷ
1041 697 1258 770 ούρανῷ
1321 697 1628 769 πλασθῆναι
1686 697 1777 751 16v
1827 697 2031 768 Ἀδάμ,
2084 700 2208 753 καθ’
2276 699 2494 772 ἐτέρους
2547 701 2602 755 δέ
2651 719 2838 773 φησιν,
2880 705 2961 766 εἰς
3027 701 3094 755 τά
3128 703 3269 776 μέρη
3303 705 3469 774 Αἰγύ-

183 807 353 856 πτου,
389 792 450 844 ὲν
482 789 560 862 τῷ
588 787 756 862 πεδίῳ
781 792 878 862 τῆς
899 791 1216 862 Δαμασκοῦ,
1249 793 1504 846 κάκεῖθεν
1543 793 1903 865 μετατεθῆναι
1935 794 2015 856 εἰς
2040 793 2138 863 τὴν
2177 795 2387 860 Ἰνδίαν,
2418 797 2550 849 ὅπου
2582 796 2729 850 καὶ-ό
2757 796 3104 868 παράδεισος.

264 881 390 933 Ἔτι
443 879 628 950 ςτησὶν,
671 878 752 933 ὅτι
808 883 836 934 6
888 881 1134 945 διάϐολος
1181 883 1406 951 γέγονεν
1461 883 1587 953 ὄφις
1638 882 1777 953 ἔχων

185 965 482 1040 ἀνθρώπου
533 968 843 1042 πρόσωπον,
874 973 965 1024 καὶ
999 970 1172 1033 οὕτως
1201 971 1449 1045 ἡπάτησε
1477 975 1604 1038 τοὺς
1639 991 1776 1044 προ-

187 1063 457 1132 πάτορας,
503 1058 598 1112 καὶ
635 1061 718 1114 ὅτι
775 1059 964 1130 ὥσπερ
1021 1060 1050 1112 6
1103 1060 1349 1124 διάϐολος
1401 1060 1624 1129 γέγονεν
1681 1061 1779 1115 ἄν·

188 1154 434 1224 θρωπος,
473 1151 566 1206 καὶ
605 1151 856 1224 ἡπάτησε
899 1157 998 1223 τὴν
1043 1153 1207 1220 Εὔαν,
1258 1153 1400 1208 οὕτω
1449 1155 1544 1208 καὶ
1580 1153 1609 1206 6
1647 1153 1780 1218 Θεὸς

188 1244 419 1311 γέγονεν
458 1241 740 1314 ἄνθρωπος
785 1243 851 1294 ἐκ
885 1243 1202 1310 γυναικείας
1235 1244 1468 1313 μήτρας,
1519 1243 1612 1297 καὶ
1641 1243 1778 1297 ἔσω-

191 1352 288 1387 σεν
352 1333 503 1405 ἡμᾶς
566 1333 832 1396 ἅπαντας.
905 1334 1031 1387 Ἔτι
1093 1336 1278 1404 φησὶν,
1324 1335 1408 1387 ὅτι
1477 1334 1617 1404 μετὰ
1679 1334 1778 1403 τὴν

188 1427 260 1478 ἐκ
306 1425 404 1478 τοῦ
447 1424 773 1496 παραδείσου
823 1419 1038 1494 ἐξορίαν
1100 1424 1454 1494 βουληθέντες
1511 1425 1560 1478 οἱ
1621 1441 1776 1495 πρω-

189 1514 490 1568 τόπλαστοι
555 1514 695 1584 ὑπὲρ
762 1513 862 1582 τῆς
931 1513 1064 1576 ἰδίας
1129 1513 1405 1584 ἁμαρτίας
1462 1513 1776 1583 νηστεῦσαι,

190 1606 606 1678 ἐπειράσθησαν
628 1605 734 1658 ὑπὸ
759 1604 852 1658 τοῦ
877 1605 1123 1658 διαϐόλου
1144 1622 1158 1635 ο
1195 1605 1492 1676 ἐρωτηθεὶς
1523 1606 1578 1658 δὲ
1606 1607 1633 1658 6
1657 1605 1775 1658 διά-

193 1689 354 1761 ϐολος
390 1698 495 1750 67:6
538 1695 630 1749 106
676 1697 849 1766 Ἀδὰμ
882 1697 1027 1758 τίνος
1061 1696 1221 1764 χάριν
1253 1695 1507 1764 πειράζει
1553 1697 1773 1762 αὐτοὺς,

192 1788 580 1858 ἀπελογήσατο
599 1804 614 1818 ο
647 1788 772 1840 Ὀτι
801 1786 894 1840 σοῦ
922 1787 1251 1850 πλασθέντος
1285 1786 1389 1838 ὑπὸ
1419 1785 1578 1851 Θεοῦ,
1604 1805 1776 1859 προσ-

193 1879 509 1950 ετάχθησαν
547 1878 677 1949 παρ’
714 1877 878 1931 αὑτοῦ
915 1874 1152 1940 ἅπαντες
1181 1878 1229 1930 οἱ
1263 1878 1483 1946 ἄγγελοι
1515 1879 1655 1948 μετὰ
1681 1879 1776 1933 τοῦ

194 1965 441 2040 Μιχαὴλ,
473 1968 783 2040 ἔμπροσθέν
822 1985 915 2020 σου
963 1968 1153 2037 στῆναι
1195 1968 1275 2030 εἰς
1327 1970 1636 2039 προσευχὴν
1685 1972 1778 2024 καὶ

196 2060 580 2132 προσκυνῆσαί
617 2077 676 2112 σε
717 2060 790 2124 ὡς
822 2060 1006 2113 εἰκόνα
1040 2057 1228 2122 αὑτοῦ,
1277 2057 1306 2111 6
1341 2059 1435 2111 καὶ
1489 2061 1773 2130 ἐποίησαν·

1958 881 2240 962 Diabolum
2288 885 2558 954 serpentis
2592 884 2824 940 formam
2859 903 2984 942 cum
3033 891 3274 944 humano
3316 892 3464 944 vultu
3537 961 3541 964 ν

1886 965 2147 1037 induisse,
2207 983 2534 1046 nostrosque
2597 993 2829 1047 proavos
2907 980 3226 1050 decepisse;
3305 993 3464 1037 etut

1884 1061 2172 1125 diabolus.
2238 1065 2362 1120 Eine
2423 1071 2773 1138 decipiendm-
2814 1087 2976 1126 causa
3007 1115 3023 1139 ,
3075 1072 3240 1128 homo
3286 1074 3480 1132 factus.

1886 1154 2068 1218 fuerit,
2119 1155 2201 1209 sic
2239 1156 2406 1211 Deum
2437 1174 2502 1211 ex
2540 1161 2766 1214 muliere
2813 1163 3087 1218 hominem
3142 1161 3370 1228 factum,
3405 1177 3485 1220 ιιι.

1883 1260 1986 1299 nos
2037 1245 2287 1300 salvaret.
2338 1245 2551 1302 Primos
2612 1250 2882 1313 homines,
2942 1253 3490 1325 paradisoperdito,

1880 1333 2130 1404 jejunare
2182 1346 2402 1406 propter
2437 1339 2684 1408 ipsorum
2731 1343 2949 1409 culpam
2982 1345 3250 1412 volentes,
3287 1363 3315 1400 a
3343 1345 3465 1403 dia-

1884 1425 2010 1480 bolo
2075 1436 2353 1496 tentatos;
2389 1429 2896 1502 interrogatumque
2929 1435 3205 1490 diabolum
3233 1438 3301 1491 ab
3326 1439 3469 1492 Adav

1885 1534 1974 1573 mo
2021 1535 2189 1589 quare
2236 1535 2331 1576 eos
2375 1531 2630 1589 tentaret,
2685 1525 3078 1594 respondisse:
3119 1525 3259 1592 Quia
3291 1528 3461 1589 Deus,

1884 1618 2169 1677 postquam
2220 1618 2271 1664 te
2317 1622 2582 1673 creasset,
2649 1627 2841 1668 omnes
2903 1615 3128 1683 angelos
3185 1617 3461 1684 simulque

1884 1695 2198 1754 Michaelem
2253 1702 2420 1770 jussit
2475 1717 2660 1757 coram
2712 1714 2782 1769 te,
2821 1706 2910 1774 qui
2946 1705 3115 1776 ipsius
3161 1705 3339 1774 imago
3386 1722 3466 1765 es.

1883 1801 2167 1859 precantes
2227 1804 2283 1847 et
2311 1794 2602 1849 adorantes
2658 1805 2822 1859 stare,
2859 1798 3003 1866 quod
3051 1796 3315 1852 fecerunt.
3353 1795 3468 1867 Ego

1883 1897 2014 1935 vero
2044 1898 2168 1936 eum
2207 1885 2343 1938 meis
2376 1885 2514 1938 idem
2544 1885 2736 1954 jussus
2768 1888 2982 1957 negavi,
3032 1888 3141 1944 imo
3193 1905 3321 1944 vero
3358 1907 3478 1953 me,

1883 1983 2008 2026 ante
2037 1982 2086 2027 te
2133 1982 2341 2040 natum,
2397 1976 2739 2045 similemque
2771 1973 2882 2030 Deo
2939 1994 3158 2048 quoque
3199 1995 3319 2032 esse
3344 1979 3461 2047 glo-

1883 2060 2136 2126 riantem,
2174 2079 2205 2116 a
2232 2072 2282 2117 te
2311 2065 2649 2118 adorandum
2681 2068 3018 2135 expostulavi
3045 2085 3060 2133 ;
3086 2068 3202 2128 sed,
3235 2069 3463 2136 jubente

196 2153 636 2225 προσταχθέντος
664 2153 720 2206 δὲ
751 2149 928 2220 κάμοῦ
951 2147 1110 2203 τοῦτο
1136 2151 1358 2220 ποιῆσαι
1387 2151 1524 2220 μετὰ
1546 2152 1652 2205 τῶν
1682 2155 1780 2207 σὺν

1894 2151 2018 2217 Deo,
2069 2154 2226 2225 longe
2263 2171 2291 2209 a
2325 2156 2460 2210 faeie
2491 2166 2645 2212 terra:
2686 2159 2860 2227 angeli
2905 2160 2956 2212 in
2989 2159 3260 2213 infernum
3316 2161 3466 2228 deje-

199 2247 349 2318 ὲμοὶ,
385 2247 479 2299 καὶ
515 2245 588 2316 μὴ
620 2245 966 2314 ποιήσαντος,
995 2241 1132 2293 ἀλλὰ
1164 2241 1477 2294 τούναντίον
1507 2241 1782 2312 ζητήσαν-

199 2357 296 2403 τος
328 2339 427 2409 τὴν
469 2337 619 2407 παρὰ
660 2335 752 2389 σοῦ
794 2333 1164 2405 προσκύνησιν
1187 2348 1202 2365 υ
1228 2331 1351 2385 ἐπεὶ
1387 2333 1484 2386 καί¹
1521 2334 1786 2404 πρότερός

202 2445 302 2481 σου
332 2428 628 2497 ἐγεννήθην
649 2442 662 2455 ·
694 2426 786 2477 καὶ
812 2425 994 2494 ὅμοιος
1023 2422 1276 2491 γενέσθαι
1297 2421 1416 2491 Θεῷ
1428 2421 1784 2492 καυχησάμε-

1894 2427 2137 2496 rapuisse
2182 2443 2366 2484 coram
2425 2430 2556 2500 Deo,
2597 2432 2756 2503 cujus
2802 2433 2971 2490 facies
3023 2436 3463 2506 splendidissima

198 2537 316 2584 νος,
350 2517 610 2586 ὲδιώχθην
641 2515 792 2586 παρά
826 2514 959 2568 Θεοῦ
1000 2513 1088 2567 διὰ
1118 2512 1225 2566 τῶν
1251 2512 1499 2582 ἀγγέλων
1525 2512 1688 2566 αὑτοῦ
1719 2516 1783 2567 ὲκ

1894 2516 2107 2574 ﬂamma
2138 2521 2395 2591 fulgebat.

153 2594 161 2599 ’
199 2608 501 2680 προσώπου
545 2607 644 2678 τῆς
684 2607 805 2678 γῆς,
836 2608 912 2670 είς
960 2607 1051 2660 16v
1097 2603 1251 2676 ᾅδην.
1288 2601 1409 2657 Ἔτι
1453 2604 1651 2675 φησίν·
1691 2605 1773 2659 ὅτι
1834 2609 2163 2676 ἀποσταλεὶς
2224 2618 2251 2668 6
2307 2613 2527 2687 Μιχαὴλ
2571 2615 2710 2686 μετὰ
2753 2616 2998 2688 ἅρματος
3039 2618 3098 2684 ἐξ
3144 2620 3367 2691 ἀνέμου,
3405 2615 3466 2675 06

199 2704 254 2756 οἰ
283 2700 470 2771 τροχοὶ
504 2699 739 2771 πύρινοι,
771 2699 928 2754 ἔλαϐε
954 2699 1045 2753 τὸν
1082 2698 1251 2779 Ἀδάμ
1281 2699 1368 2750 ἐπ’
1393 2697 1556 2752 αὑτοῦ
1586 2701 1666 2763 εἰς
1693 2701 1784 2754 τὸν
1821 2704 2165 2776 παράδεισον,
2235 2708 2466 2763 ἐνώπιον
2492 2707 2586 2764 τοῦ
2653 2709 2810 2776 Θεοῦ,
2838 2705 2899 2765 06
2929 2712 2990 2765 16
3029 2714 3320 2785 πρόσωπον
3347 2714 3469 2770 λίαν

1893 2253 2086 2298 cerunt
2131 2262 2235 2300 me.
2274 2245 2588 2302 Michaelem
2648 2265 2771 2302 eum
2813 2265 2976 2304 curru
3029 2266 3094 2303 ex
3133 2251 3306 2306 ventis
3335 2268 3467 2305 con-

1892 2333 2040 2400 ﬂato,
2100 2336 2274 2408 igneis
2325 2339 2481 2400 rotis,
2512 2340 2768 2408 missum,
2833 2341 2884 2397 in
2944 2343 3142 2398 coelum
3195 2344 3462 2397 Adanium

203 2813 502 2851 ανηπτετο.

320 2813 502 2849 πτετο.

275 2798 404 2945 ἶὶΕτι
447 2889 630 2962 φησὶν,
676 2889 758 2942 ὃτι
796 2888 874 2959 τῷ
915 2888 1137 2958 Χριστῷ
1171 2887 1484 2958 γεννηθέντι
1517 2889 1786 2959 κατῆλθεν

204 2983 499 3056 οὐρανόθεν
529 2980 738 3052 ἰμάτιον
762 2995 778 3012 ⁸
810 2982 904 3034 καὶ
928 2979 1105 3045 τοῦτο,
1138 2983 1326 3051 φησὶν,
1359 2980 1507 3033 ἐστὶν
1529 2980 1556 3034 δ
1578 2981 1729 3051 λέγει
1761 2985 1789 3036 6
1826 3048 1832 3053 _

204 3071 602 3143 εὖαγγελιστὴς
653 3069 856 3140 χιτῶνα
888 3069 1159 3140 ἄρῤαφον.
1213 3071 1327 3139 Ἐφ’
1372 3061 1434 3123 06
1471 3073 1568 3124 καὶ
1613 3074 1646 3143 ᾔ
1694 3072 1789 3126 τοῦ

203 3165 347 3220 Θεοῦ
375 3163 602 3232 δύναμις
629 3161 845 3214 ἔπεσεν.
876 3161 994 3214 Ἔτι
1019 3161 1205 3229 φησὶν,
1229 3163 1311 3214 ὅτι
1339 3161 1448 3215 ἔσω
1480 3163 1571 3215 τοῦ
1600 3181 1788 3232 φαινο-

208 3260 377 3328 μένου
411 3249 641 3324 οὐρανοῦ
687 3255 824 3304 εἰσιν
860 3253 916 3305 αἰ
949 3251 1208 3321 δυνάμεις
1244 3253 1354 3306 τῶν
1397 3253 1660 3324 οὐρανῶν,
1696 3256 1790 3307 καὶ

203 3326 266 3404 αἰ
298 3350 470 3420 ψυχαὶ
498 3349 605 3402 τῶν
630 3346 854 3401 δικαίων
875 3362 893 3420 ’γ
928 3348 1006 3410 εἰς
1040 3347 1130 3400 τὸν
1167 3347 1349 3418 ἀφανῆ
1378 3347 1457 3410 δὲ,
1489 3347 1649 3418 μόνον
1675 3349 1788 3401 εἰσ·
1817 3326 1862 3388 c

205 3416 502 3496 elﬂsi6'16v
528 3439 780 3510 Χριστόν.
816 3416 936 3491 Ἔτι
967 3439 1152 3508 φησὶν,
1175 3438 1256 3491 ὅτι
1283 3416 1346 3492 ἐκ
1375 3416 1537 3491 τινων
1567 3438 1789 3509 βιϐλίων

204 3534 321 3589 τῶν
347 3535 404 3588 ὲν
424 3529 502 3604 τῷ
525 3527 838 3598 δεσποτάτῳ
858 3527 957 3600 τῆς
990 3527 1299 3597 Ῥωμανίας
1325 3528 1477 3598 παρά
1502 3545 1666 3582 τινων
1698 3546 1792 3582 πε-

208 3624 600 3696 φυλαγμένων,
654 3621 888 3691 ἐχόντων
958 3618 1056 3682 τὰς
1110 3618 1460 3686 γενεαλογίας
1509 3619 1790 3682 ἁπάντων,

207 3713 408 3771 ἔλαϐον
441 3715 489 3767 oi
513 3712 898 3782 εὖαγγελισταὶ
927 3711 1023 3781 τὴν
1046 3711 1401 3779 γενεαλογίαν
1422 3709 1516 3763 τοῦ
1545 3707 1675 3764 Υἰοῦ
1700 3710 1792 3763 τοῦ

207 3808 374 3863 Θεοῦ.
405 3807 526 3859 Ἐτι
555 3807 740 3875 φησιν,
774 3804 858 3857 ὅτι
886 3806 914 3856 6
945 3803 1174 3872 ἄγγελος
1200 3797 1321 3855 εἷπε
1359 3803 1497 3873 πρὸς
1526 3802 1624 3873 τὴν
1647 3805 1795 3872 Παρ-

209 3899 390 3953 θένονο
430 3898 468 3949 Γ
473 3899 670 3950 ίνωσκε
717 3895 800 3947 δτι
833 3893 894 3946 16
924 3894 1078 3961 ἆγιον
1105 3892 1326 3962 Πνεῦμα
1375 3892 1458 3945 ἔνι
1503 3891 1644 3962 μετὰ
1676 3891 1794 3955 σοῦ,

209 3991 312 4046 καὶ
335 3989 466 4042 αὐτὸ
491 3986 910 4059 σαρκωθήσεται
939 3985 996 4038 ἐν
1026 3983 1129 4050 σοὶ,
1159 3987 1254 4038 κα)⁸
1275 3985 1564 4052 γενήσεται
1593 3982 1796 4054 ἄνθρω-

178 4096 180 4104 ³
209 4099 341 4148 mc,
375 4081 469 4133 καὶ
498 4078 753 4141 καλέσεις
799 4077 961 4129 αὑτὸν
989 4075 1373 4146 Ἐμμανουήλο
1411 4075 1506 4128 καὶ
1539 4073 1704 4126 σώσει
1734 4073 1796 4126 16

211 4174 376 4245 γένος
405 4172 514 4226 τῶν
541 4167 882 4241 Χριστιανῶν
915 4167 982 4220 ὲκ
1021 4166 1129 4220 τῶν
1160 4166 1363 4237 χειρῶν
1393 4164 1488 4218 τοῦ
1519 4164 1791 4218 διαϐόλουο

212 4268 314 4322 καί⁵
341 4265 422 4318 ὅτι
450 4262 545 4330 ὅλη
583 4263 616 4331 ή
650 4259 781 4327 ἁγία
812 4258 983 4328 Τριάς
1008 4255 1297 4326 ὲσαρκώθη
1323 4298 1338 4321 ,
1387 4255 1476 4308 διὰ
1513 4255 1575 4308 16
1611 4256 1797 4324 ὅμοιον

212 4355 329 4410 τῶν
356 4353 523 4425 τριῶν
544 4351 638 4404 καὶ
673 4349 998 4420 ἀχώριστον.
1033 4347 1153 4400 Ἔτι
1185 4346 1372 4416 φησιν,
1405 4347 1488 4400 ὅτι
1518 4348 1568 4398 οἰ
1593 4346 1652 4412 ἐξ
1673 4346 1798 4398 ἁνα-

213 4447 384 4515 τολῆς
412 4443 658 4505 ἐλθόντες
683 4441 867 4509 Μάγοι
888 4441 969 4502 εἰς
997 4437 1369 4509 προσκύνησιν
1397 4437 1491 4491 τοῦ
1521 4435 1755 4508 Χριστοῦ
1773 4477 1788 4502 ,

213 4540 248 4592 6
279 4539 380 4607 μὲν
412 4535 674 4588 θεάσαντο
705 4531 1014 4602 (sic)a616v
1040 4531 1116 4595 ὡς
1151 4531 1344 4600 νήπιον
1378 4527 1648 4590 ἐνιαυτοῦ.
1684 4531 1712 4583 6
1741 4528 1798 4581 δὲ

212 4631 292 4692 ὡς
313 4627 484 4698 ἄνδρα
506 4624 921 4696 τριακονταετῆ,
952 4625 980 4674 6
1011 4622 1068 4674 δὲ
1102 4623 1176 4686 ὡς
1215 4622 1448 4692 γέροντα
1479 4621 1796 4673 πεπαλαιω-

219 4721 407 4789 μένον.
451 4715 561 4770 Καὶ
611 4716 693 4768 ὅτι
749 4714 830 4766 ἔτι
889 4713 1100 4766 παιδίον
1148 4711 1223 4764 ὢν
1269 4713 1296 4763 ὁ
1349 4711 1553 4780 Κύριος
1598 4711 1798 4779 σημεῖα

213 4809 466 4877 ὲποίησε’
497 4806 689 4876 νεκρὸν
717 4805 825 4874 γὰρ
854 4805 1142 4873 ἀνέστησε,
1180 4803 1274 4855 καὶ
1303 4803 1490 4855 ἐπάνω
1519 4800 1628 4852 τῶν
1648 4800 1800 4852 ἀκτί-

1964 2891 2184 2950 Christo
2216 2896 2462 2950 nascenti
2493 2895 2721 2952 missum
2754 2892 2923 2950 fuisse
2949 2911 2979 2951 e
3006 2897 3145 2951 coelo
3173 2897 3467 2952 vestimen-

1895 2995 2032 3050 tum,
2058 2986 2204 3055 quod
2245 2987 2422 3056 ipsum
2454 2989 2786 3059 evangelista
2818 2988 3054 3043 tunicam
3084 2989 3468 3044 inconsutilem

1897 3084 2186 3140 memorat,
2249 3085 2303 3132 et
2355 3077 2411 3131 in
2468 3077 2600 3133 illud
2659 3079 2957 3147 potentiam
3015 3077 3109 3132 Dei
3165 3079 3476 3140 decidisse.

1897 3167 2042 3223 lntra
2091 3168 2359 3224 visibilem
2407 3170 2532 3224 coeli
2564 3179 2771 3239 partem
2806 3170 3060 3225 caelestes
3089 3169 3336 3224 habitare
3371 3186 3472 3241 po-

1899 3267 2119 3315 testates
2165 3259 2485 3329 animaSque
2511 3271 2848 3322 sanctorum,
2896 3260 2947 3314 in
2979 3259 3309 3316 invisibilem
3343 3276 3473 3316 vero

1895 3349 2071 3405 solum
2100 3349 2378 3403 Christum
2405 3351 2790 3419 penetravisse.
2823 3350 3090 3405 Praeterea
3117 3351 3274 3405 docet
3307 3367 3475 3405 evan-

1895 3437 2115 3508 gelistas
2177 3451 2241 3491 ex
2300 3437 2628 3506 quibusdam
2699 3436 2852 3490 libris
2910 3435 3098 3490 Romae
3154 3438 3470 3501 asservatis,

1895 3527 2248 3596 omniumque
2305 3525 2676 3595 genealogiam
2731 3526 3196 3591 describentibus,
3265 3527 3471 3582 Christi

1895 3615 2016 3670 Filii
2080 3616 2175 3670 Dei
2229 3616 2597 3685 genealogiam
2653 3617 2955 3685 excepisse.
3031 3615 3244 3672 Dixisse
3290 3617 3473 3672 Maria:

1895 3708 2146 3777 angelum
2180 3726 2192 3739 -
2227 3707 2376 3762 Scito
2427 3705 2688 3776 Spiritum
2740 3718 2988 3763 sanctum
3041 3723 3109 3762 ex
3177 3719 3226 3763 te
3290 3710 3474 3764 incar-

1896 3798 2158 3861 nandum,
2193 3806 2246 3853 et
2290 3798 2442 3852 illum
2473 3798 2747 3853 hominem
2803 3810 3056 3854 naturam
3090 3801 3312 3856 vocabis
3342 3799 3470 3854 Em-

1895 3888 2135 3953 manuel,
2177 3888 2270 3958 qui
2303 3888 2677 3942 Christianum
2724 3904 2896 3958 genus
2921 3905 2951 3944 e
2982 3891 3234 3944 manibus
3265 3891 3469 3945 diaboli

1897 3977 2150 4031 salvahit.
2213 3975 2293 4028 Ad
2339 3977 2453 4030 hae
2520 3974 2843 4030 Trinitatem
2901 3985 3068 4031 totam
3127 3977 3472 4032 incarnatam

1897 4065 2086 4130 fuisse,
2113 4065 2240 4136 quia
2280 4076 2390 4121 tres
2433 4065 2639 4121 similes
2670 4076 2801 4121 sunt
2831 4075 2887 4122 et
2914 4068 3325 4137 inseparabiles.
3359 4069 3474 4123 Ma-

1898 4173 2112 4228 gorum,
2168 4157 2264 4225 qui
2315 4151 2382 4210 ad
2433 4155 2769 4210 adorandum
2819 4157 2888 4212 ab
2936 4156 3155 4212 Oriente
3188 4168 3471 4220 venerant.

1898 4247 1967 4301 ab
1989 4262 2097 4300 uno
2147 4246 2330 4302 Jesum
2363 4248 2621 4303 infantem
2679 4247 2840 4316 primi
2883 4247 3012 4301 anni
3044 4248 3240 4315 visum,
3275 4250 3343 4303 ab
3364 4250 3472 4304 alio

1901 4337 2119 4407 triginta
2153 4349 2420 4393 anaerum
2453 4340 2650 4403 visum,
2682 4337 2748 4390 ab
2775 4337 2881 4392 alio
2915 4338 3286 4394 senissimum.
3310 4341 3472 4396 Chri-

1899 4440 2065 4490 smm,
2116 4429 2244 4481 dum
2279 4445 2414 4498 puer
2448 4439 2616 4492 esset,
2654 4429 2916 4483 miracula
2959 4430 3218 4492 edidisse.
3263 4432 3499 4500 scilicet

1901 4523 2174 4570 mortuum
2201 4520 2490 4587 quemdam
2513 4518 2888 4583 suscitavisse,
2937 4533 3101 4588 super
3129 4520 3311 4576 radios
3341 4523 3500 4580 solis~

1904 4609 2136 4677 spatium
2169 4610 2524 4677 percurrisse,
2546 4610 2706 4664 matri
2733 4626 2844 4665 suae
2859 4626 3056 4680 aquam
3078 4613 3134 4665 in
3151 4613 3475 4669 vestimento
3500 4665 3508 4677 ,

1909 4701 2202 4768 repositam
2260 4700 2529 4762 attulisse,
2590 4701 2798 4755 trabem
2850 4701 3196 4769 extendisse,
3257 4703 3475 4773 longio.

1898 4804 2125 4859 remque
2173 4790 2240 4845 ad
2293 4791 2675 4846 necessitatem
2738 4791 3002 4854 effecisse,
3059 4807 3188 4846 aves
3227 4793 3475 4848 viventes

213 4915 330 4952 νων
368 4896 632 4963 ἐπωχεῖτο
670 4893 761 4947 τοῦ
796 4891 970 4963 ἡλίου,
1006 4892 1101 4944 καί.
1145 4893 1236 4943 ἐπὶ
1268 4890 1360 4944 106
1401 4890 1616 4961 ἱματίου
1654 4888 1789 4958 ὕδωρ

1897 4894 1962 4934 ex
2004 4880 2119 4934 luto
2151 4880 2391 4936 ﬁnxisse.
2439 4880 2544 4934 Sed
2581 4881 2705 4950 quis
2735 4880 2946 4950 singula
2979 4877 3202 4934 Cartani
3225 4880 3476 4951 blasphe-

215 4985 531 5055 προσέφερε
577 4985 644 5052 τῇ
707 4982 897 5051 μητρὶ,
948 4981 1044 5033 καὶ
1095 4979 1251 5046 ξύλον
1307 4978 1567 5042 τανύσας,
1615 4977 1789 5048 μεῖζον

1899 4972 2007 5025 mia
2060 4973 2449 5042 expromeret?
2505 4972 2652 5026 Nihil
2698 4971 2811 5026 fere
2859 4983 3053 5025 sanum
3105 4971 3158 5025 in
3188 4970 3328 5034 libro
3356 4974 3476 5042 ejus

186 5101 190 5104 ·
216 5076 449 5146 ἐποίησε
483 5073 672 5143 χρείας
701 5070 888 5142 οὔσης,
919 5071 1017 5124 καὶ
1046 5070 1302 5141 στρουθία
1346 5069 1564 5139 ἔμψυχα
1603 5070 1668 5121 ὲκ
1689 5086 1789 5138 πη-

1897 5066 2117 5132 vulgaln
2154 5066 2414 5134 reperias.

215 5172 316 5225 λοῦ
355 5168 780 5224 κατεσκεύασεν.
819 5167 979 5220 Ἀλλὰ
1010 5165 1096 5229 τίς
1125 5166 1190 5218 ἂν
1221 5165 1430 5217 ἕκαστα
1456 5165 1523 5218 τὰ
1551 5163 1642 5216 τοῦ
1694 5161 1984 5231 Καρτάνου
2061 5160 2355 5228 καταλέγοι
2419 5158 2753 5228 βλάσφημα;
2790 5155 2976 5226 σχεδὸν
3008 5152 3113 5225 γὰρ
3135 5155 3288 5210 οὐδὲν
3317 5157 3477 5227 ὀρθὸν

218 5265 282 5316 ὲν
311 5263 380 5330 τῇ
414 5260 712 5313 λαοπλανεί
735 5257 904 5310 αὐτοῦ
944 5256 1112 5325 βίϐλῳ
1145 5257 1392 5326 φέρεται.

321 5349 482 5404 ΠΕΡΙ
523 5350 660 5402 ΤΗΣ
700 5348 837 5400 ΤΩΝ
878 5347 1324 5400 ΚΑΡΤΔΝΙΤΩΝ
1363 5343 1714 5398 ΑΙΡΕΣΕΩΣ.

2179 5336 2266 5391 DE
2304 5331 2853 5396 CARTANIT‘ARUM
2902 5332 3206 5389 HERESI.

309 5441 402 5495 Ἐν
451 5443 566 5504 τοῖς
613 5438 739 5493 καθ’
772 5439 920 5508 ἡμᾶς
966 5437 1181 5508 χρόνοις
1225 5436 1466 5505 ἀνεφάνη
1513 5436 1609 5488 καὶ
1641 5435 1676 5504 ἡ
1703 5431 1789 5485 τῶ·

1975 5429 2192 5484 Nostris
2248 5430 2300 5483 in
2353 5429 2687 5498 temporibus
2747 5427 3034 5496 multiceps
3077 5426 3478 5487 Cartanitarum

223 5530 596 5603 Καρτανιτῶν
625 5528 1003 5598 πολυκέφαλος
1033 5528 1265 5598 αἵρεσις.
1291 5527 1577 5598 Καρτᾶνος
1600 5525 1708 5594 γάρ
1731 5542 1789 5576 τιι

1907 5520 2135 5576 haeresis
2191 5519 2460 5590 apparuit.
2524 5518 2793 5572 Cartanus
2823 5532 2853 5570 e
2899 5515 3478 5586 Corcyraeoriumlus,

224 5626 602 5697 Κερκυραῖος,
654 5622 716 5675 16
765 5623 951 5694 σχῆμα
1009 5619 1260 5690 μοναχδς,
1309 5619 1407 5690 τὴν
1455 5618 1612 5684 ἀξίαν
1653 5615 1789 5686 δῆθε

1908 5613 2226 5669 conditione
2283 5612 2602 5673 monachus,
2648 5609 2909 5679 dignitate
2945 5609 3164 5678 quidem
3203 5611 3480 5670 sacerdos,

226 5717 433 5786 ἱερεὺς,
464 5714 820 5785 δι’ὲμπορίαν
856 5714 936 5774 εἰς
966 5710 1259 5780 Ἀκυληΐαν
1290 5709 1662 5779 στελλόμενος,
1687 5709 1789 5759 κάν

1907 5718 2032 5758 enm
2087 5701 2402 5757 commercii
2465 5715 2628 5755 causa
2677 5697 2980 5767 Aquileiam
3011 5699 3340 5768 navigasset.
3375 5700 3482 5753 ilii-

229 5807 428 5863 τεῦθεν
461 5807 542 5871 εἰς
576 5807 973 5879 αἰσχρουργίας
1000 5801 1284 5876 ἐμπεσὼν,
1318 5800 1578 5872 ἐνεϐλήοη
1613 5800 1689 5861 εἰς
1722 5816 1789 5867 φυ

1910 5812 2015 5864 que
2072 5793 2126 5848 in
2187 5792 2454 5848 dedecora
2519 5792 2702 5861 lapsus
2747 5798 2919 5856 esset,
2949 5787 3002 5844 in
3038 5803 3308 5846 carcerem
3347 5804 3514 5844 ωηο.-
