4088 6486
262 293 281 357 l
292 294 401 357 355

1331 295 1727 357 PROLOGUS
1763 293 1844 354 IN
1892 295 2470 359 GRAMMATICAM.

3404 296 3540 363 1368

260 416 401 485 μετὰ
439 413 656 467 πάντων
693 412 892 483 συνέϐη
935 413 1072 467 κάπὶ
1113 416 1223 477 τοῖς
1256 416 1664 485 γραμματικοῖς
1696 413 1839 465 κατὰ

1952 412 2013 466 ita
2063 399 2116 467 in
2171 414 2543 484 grammaticis
2586 430 2807 487 quoque
2864 416 3087 483 accilit,
3144 415 3236 486 qui
3296 415 3539 474 diversis

254 506 547 577 οιαφόρους
572 504 821 575 καιροὺς,
853 504 1086 575 διάφορα
1110 504 1435 557 ἐκδεδωκότι
1467 503 1836 574 συγγράμμα-

255 613 326 649 τα
355 596 457 665 τῆς
488 593 606 649 κατ’
632 594 829 656 αὐτοὺς
864 594 1063 664 τέχνης
1091 610 1150 645 τε
1183 592 1276 646 καὶ
1306 594 1638 662 ἐπιστήμης.
1672 589 1839 643 Οὐδὲν

256 688 315 741 δὶ
346 687 381 757 ἦ
416 686 592 757 βραχὺ
615 685 965 757 διενηνοχότα
996 688 1062 756 τῇ
1101 684 1312 754 διανοίᾳ
1331 699 1343 713 ⁸
1380 685 1427 735 εί
1455 683 1529 753 μὴ
1555 685 1620 754 τῇ
1652 680 1839 735 συνθέ-

260 796 367 843 σει,
396 777 627 849 συστολῇ
657 794 716 830 τε
736 777 830 831 καὶ
853 779 1183 844 παρατάσει.
1228 773 1390 827 Ἀλλὰ
1423 775 1581 844 μέχρι
1616 773 1714 844 μὲν
1745 790 1840 825 κυ-

260 870 358 942 ροῦ
394 869 651 941 Μανουὴλ
681 868 775 922 τοῦ
808 867 1199 939 Μοσχοπούλου
1246 868 1344 922 καὶ
1382 869 1517 937 ἡμῖν
1561 867 1705 921 κατὰ
1741 867 1841 936 τὴν

259 961 560 1035 θρησκείαν
618 960 875 1032 ὀμοδόξου
934 959 1004 1014 τὰ
1043 959 1152 1013 τῶν
1203 959 1451 1014 παλαιῶν
1500 958 1838 1029 ἐπεκράτει·

258 1050 395 1118 οἷον,
430 1054 710 1109 Διονυσίου
748 1053 843 1108 τοῦ
879 1053 1094 1125 Θρᾳκὸς
1122 1053 1316 1123 τέχνη·
1348 1053 1633 1107 Θεοδοσίου
1657 1068 1841 1122 γραμ-

262 1147 502 1219 ματικοῦ
520 1146 943 1218 Ἀλεξανδρέως,
970 1163 1034 1198 πε
1044 1146 1099 1215 pi
1115 1145 1346 1209 κλίσεως
1362 1146 1641 1216 ὀνομάτων
1668 1163 1727 1198 τε
1754 1145 1845 1197 καὶ

260 1240 549 1309 ῥημάτων,
587 1236 714 1308 περὶ
766 1236 1126 1306 πνευμάτων·
1162 1235 1471 1307 Σωφρονίου
1504 1235 1844 1307 πατριάρχου

261 1329 394 1399 περὶ
440 1326 847 1400 ὀρθογραφίας·
882 1326 961 1378 ἔτι
1006 1325 1255 1380 Ἰωάννου
1303 1324 1699 1397 γραμματικοῦ
1749 1324 1845 1379 τοῦ

263 1420 522 1490 Χάρακος
568 1420 664 1472 καὶ
714 1416 983 1488 Τιμοθέου
1017 1416 1113 1471 τοῦ
1155 1416 1412 1487 Χάρακος
1440 1417 1666 1480 κανόνες
1689 1433 1702 1447 ·
1736 1417 1837 1470 Σων

172 1550 183 1555 -
265 1513 491 1583 φρονὶου
522 1510 861 1581 πατριάρχου
905 1510 1034 1579 περὶ
1072 1508 1383 1579 προθέσεων
1404 1524 1415 1537 ο
1448 1508 1673 1579 Σεργίου
1702 1508 1849 1583 φάνα-

263 1600 511 1671 γνὼστου
545 1599 831 1672 Ἐμεσινοῦ
858 1641 872 1664 ,
899 1602 978 1663 είς
1021 1600 1088 1654 τὶ
1118 1600 1300 1665 Αἰλίου
1339 1582 1849 1670 ἩρωδιανοῢέΘεο-

260 1692 509 1765 δωρήτου
531 1693 658 1763 περὶ
675 1690 1000 1760 πνευμάτων
1015 1690 1123 1743 τῶν
1143 1687 1293 1750 ,ὀκτὼ
1311 1690 1591 1761 στοιχείων
1607 1689 1665 1753 ἐξ
1679 1690 1849 1761 Ἡρω-

261 1783 449 1838 διανοῦ
498 1783 636 1855 πρὸς
684 1782 977 1853 Πατρίκιον
1002 1796 1017 1813 ⁶
1054 1780 1393 1852 Ἥρωδιανοῦ
1444 1780 1575 1852 περὶ
1616 1780 1847 1851 χρόνων,
1884 1766 1925 1820 Β

263 1877 396 1945 περὶ
439 1874 739 1945 σχημάτων
769 1872 863 1927 καὶ
902 1871 1076 1926 ἄλλων
1104 1887 1117 1900 ⁸
1166 1870 1419 1924 Ἰωάννου
1453 1867 1847 1942 γραμματικοῦ

275 1966 678 2041 ’Δλεξανδρέως
707 1963 938 2018 τονικῶν
966 1961 1451 2034 παραγγελμάτων
1482 1963 1539 2014 ὲν
1574 1961 1809 2029 ἐπιτομῇ
1832 1975 1845 1989 °

262 2058 489 2128 Μιχαὴλ
521 2055 756 2127 μοναχοῦ
782 2053 1207 2122 καὶκΣυγκέλλου
1235 2055 1366 2123 περ).
1398 2051 1725 2115 συντάξεως·
1755 2050 1849 2104 καὶ

262 2150 469 2219 ἐτέρων
511 2147 574 2219 δή
615 2151 782 2201 τινων
830 2145 1097 2214 Ἐλλήνων
1128 2145 1223 2197 καὶ
1253 2143 1628 2215 Χριστιανῶν*
1667 2136 1741 2196 ὧν
1779 2141 1850 2195 τὰ

266 2236 698 2309 συγγράμματα,
723 2234 794 2287 τὰ
826 2235 925 2309 μὲν
952 2229 1110 2301 ὁμοῦ,
1146 2231 1215 2285 τὰ
1245 2231 1303 2284 δὲ
1333 2230 1427 2283 καὶ
1456 2228 1733 2299 σποράδην
1755 2227 1850 2281 καὶ

263 2329 371 2383 ἀνά
411 2329 577 2401 μέρος
617 2326 852 2397 εὕρομεν
885 2322 1300 2395 χειρογράφωςο
1332 2323 1444 2384 τοῖς
1485 2319 1849 2372 ’Δπολὶωνίου

261 2418 322 2474 δὲ
348 2419 531 2490 μόνοις
560 2417 885 2489 ἐνετύχομεν
922 2414 1409 2486 χαλκογραφείσιν,
1439 2412 1537 2466 εἴτ’
1558 2406 1650 2464 οὖν
1682 2426 1847 2463 τυπο-

264 2512 585 2581 γραφεῖσιν.

347 2604 409 2656 Ὃ
427 2603 483 2656 δὲ
513 2601 701 2673 ῥηθεὶς
723 2600 891 2674 κυρδς
918 2598 1179 2669 Μανουὴλ
1207 2598 1275 2652 τά
1303 2597 1483 2653 πάντα
1512 2594 1694 2660 καλῶς
1721 2612 1848 2648 σκο-

265 2696 449 2765 πήσας
470 2735 485 2756 ,
518 2693 631 2747 ἐσθ’
660 2693 748 2746 ὅτε
786 2692 882 2746 καὶ
923 2692 1056 2763 παρ’
1083 2689 1247 2744 αὐτοῦ
1292 2705 1413 2742 τινα
1458 2687 1845 2759 ὲξευράμενος,

262 2786 361 2839 δύο
388 2784 511 2840 τινὰ
536 2783 737 2853 βιϐλία,
790 2782 867 2846 ὡς
920 2781 1134 2851 ὁρᾶται,
1189 2779 1427 2859 ἐξέθετο,
1463 2779 1532 2833 τὰ
1576 2778 1850 2848 λεγόμενα

264 2877 605 2947 ἐρωτήματα
647 2875 743 2927 καὶ
771 2873 839 2927 τὰ
867 2873 1052 2944 σχέδη,
1085 2872 1400 2941 σαφέστατα
1430 2870 1560 2923 ὄντα
1594 2869 1691 2923 καὶ
1730 2885 1852 2921 ποι-

264 2967 415 3032 κίλα,
460 2969 555 3020 καὶ
600 2969 714 3029 τοῖς
744 2965 1130 3032 είσαγωγικοίς
1171 2961 1370 3032 πολλὴν
1410 2959 1721 3031 παρέχοντα
1750 2958 1851 3029 τὴν

262 3058 534 3129 ὠφέλειαν
559 3075 573 3089 ·
604 3057 640 3112 a
680 3056 770 3110 καὶ
804 3056 965 3126 μέχρι
1006 3053 1100 3108 τοῦ
1126 3053 1222 3109 νῦν
1252 3052 1519 3124 κρατοῦσι
1562 3050 1713 3123 παρά
1740 3052 1851 3114 τοῖς

262 3148 650 3219 φιλομαθέσιν.
692 3148 832 3200 Ἀλλ’
860 3146 1091 3216 ἐπείπερ
1137 3146 1171 3216 ἡ
1219 3144 1329 3198 τῶν
1363 3143 1651 3213 Ῥωμαίων
1690 3140 1847 3211 βασι-

262 3240 387 3295 λεία
408 3242 530 3302 τατς
551 3241 773 3309 συχναῖς
795 3236 1078 3306 τυραννίσι
1106 3235 1199 3288 καὶ
1224 3233 1565 3303 πολιορκίαις
1591 3232 1733 3286 ἑάλω
1757 3232 1852 3285 καὶ

264 3331 498 3403 φροῦδος
532 3329 769 3398 ἐγένετο,
817 3330 933 3382 ὅσοι
990 3328 1100 3380 τῶν
1148 3325 1347 3393 λογίων
1393 3323 1701 3395 ἐσώθησαν,
1752 3321 1851 3392 τὴν

262 3421 645 3491 ἑνεγκαμένην
676 3419 930 3488 ἀφέντες,
961 3417 1059 3487 τὴν
1087 3416 1393 3487 ἀλλοδαπὴν
1433 3412 1760 3486 ῄρετίσαντό
1791 3430 1850 3466 τε

265 3515 362 3569 καὶ
404 3514 629 3586 ᾤκησαν
665 3512 763 3565 σὺν
807 3512 990 3573 αὐτοῖς
1027 3508 1288 3579 βιϐλίοις*
1323 3501 1435 3571 οἷος
1463 3502 1532 3577 ἦν
1560 3506 1655 3559 καὶ
1684 3502 1852 3575 κυρὸς

262 3608 529 3679 Μανουὴλ
573 3609 603 3661 ὀ
644 3605 1029 3678 Χρυσολουρᾶς
1088 3604 1284 3674 (deleta
1313 3601 1624 3672 Δημήτριος
1650 3600 1679 3651 ό
1708 3597 1851 3651 Χαλ-

264 3701 550 3772 κονδύλης)
593 3700 871 3767 Θεόδωρος
910 3699 937 3751 ὀ
967 3697 1164 3766 Γαζῆς,
1198 3696 1615 3757 Κωνσταντῖνος
1665 3696 1694 3747 ὁ
1742 3693 1851 3747 Λάο

264 3810 485 3865 σκαρις,
533 3790 635 3860 τὴν
686 3787 919 3842 Ἰταλίαν
958 3790 1055 3858 τῆς
1090 3788 1313 3859 Θρᾴκης
1359 3784 1848 3855 ἁνταλλαξάμενοι,

261 3883 420 3937 ἔνθεν
448 3899 533 3936 τοι
564 3878 658 3933 καὶ⁴
682 3879 770 3931 διὰ
794 3877 1127 3948 φιλοτιμίαν,
1152 3874 1184 3946 ἢ
1209 3874 1498 3945 δυστυχίαν
1523 3876 1620 3929 καὶ
1645 3873 1739 3928 τοῦ
1766 3874 1853 3927 τό-

262 3990 371 4027 που
415 3968 821 4041 βαρϐαρότητα,
852 3966 885 4037 ἢ
921 3967 1023 4019 οὑκ
1050 3960 1147 4017 οἷδ’
1175 3966 1324 4028 ὅπως
1359 3963 1847 4035 παρακινηθέντες.

276 4063 341 4117 Ὀ
369 4062 467 4133 μὲν
492 4059 882 4132 Χρυσολουρᾶς
906 4059 1019 4117 τοῖς
1048 4056 1426 4125 παλαιοτέροις
1457 4053 1847 4121 ἐξακολουθῶν,

265 4152 537 4224 σύντομόν
572 4169 626 4205 τι
659 4150 863 4222 βιϐλίον
888 4149 1172 4216 ἐξέδωκεν,
1208 4148 1367 4217 ὀλίγα
1403 4147 1527 4201 τινὰ
1558 4148 1851 4219 φροντίσας

265 4243 400 4314 ’περὶ⁸
420 4239 665 4311 ὁρισμῶν
688 4240 780 4293 κα)⁸
807 4238 1048 4293 κανόνων
1071 4238 1174 4308 τῆς
1195 4240 1614 4309 γραμματικῆς,
1638 4238 1850 4309 μεγάλα

262 4335 324 4389 δὲ
354 4333 677 4404 συμϐάλλων
703 4335 815 4395 τοῖς
840 4331 921 4384 ἔτι
940 4331 1211 4401 γάλακτος
1230 4331 1508 4400 δεομένοις
1524 4348 1539 4361 θ
1564 4334 1593 4385 ὀ
1613 4331 1670 4384 δὲ
1691 4331 1850 4403 κῦρις

1947 505 2280 574 temporibus
2308 506 2556 562 diversos
2598 508 2665 562 de
2710 524 2813 564 sua
2860 519 2981 565 arte
3010 518 3065 564 et
3104 507 3334 563 scientia
3369 508 3537 563 libros

1946 597 2000 651 in
2032 597 2207 651 lucem
2243 598 2562 654 emiserunt.
2596 600 2675 656 Ae
2701 615 2869 655 sensu
2905 601 3129 670 quidem
3155 615 3354 670 parum
3383 599 3541 654 diffe-

1946 696 2074 744 runt
2093 706 2106 742 :
2127 689 2421 745 discrimen
2448 693 2666 747 nonnisi
2694 693 2748 746 in
2774 692 3197 763 compositione,
3228 692 3541 748 restrictio-

1949 794 2036 843 ne,
2055 781 2374 837 extensione
2393 784 2681 852 reperitur.
2697 782 2815 838 Jam
2836 799 2965 838 vero
2984 799 3157 855 usque
3176 785 3242 839 ad
3266 768 3538 839 Domuum

1948 867 2248 924 Manuelem
2273 870 2710 943 Moschopulum,
2728 875 2819 945 qui
2842 874 3089 929 eamdem
3112 874 3398 929 nobiseum
3418 875 3541 928 reli-

1949 961 2162 1031 gionem
2216 962 2674 1031 amplectebatur,
2701 976 2946 1020 veterum
3005 978 3170 1034 opera
3209 966 3493 1020 valuerunt
3522 1003 3537 1024 .
3584 978 3589 983 ‘

1950 1052 2181 1123 exempli
2240 1054 2434 1123 gratia,
2467 1053 2713 1128 Dionysii
2781 1056 3013 1112 Thracis
3064 1072 3189 1123 ars;
3238 1055 3539 1113 Theodosii

1950 1146 2293 1215 grammatici
2332 1146 2687 1202 Alexandrini
2732 1148 2872 1203 liber
2919 1148 2986 1204 de
3033 1146 3400 1205 declinatione
3443 1163 3541 1201 no-

1952 1236 2161 1291 minum
2210 1252 2275 1293 ac
2306 1237 2621 1304 verborum,
2675 1248 2730 1294 et
2772 1240 2841 1294 de
2872 1236 3193 1308 Spiritibus;
3243 1239 3537 1309 Sophrouii

1954 1324 2301 1395 patriarcha,
2346 1324 2414 1381 de
2454 1327 2868 1398 orthographia,
2918 1328 3047 1383 item
3084 1327 3315 1383 Joannis
3357 1342 3555 1399 gram»

1955 1416 2140 1471 matici
2194 1416 2455 1474 Characis
2515 1426 2569 1473 et
2630 1415 2901 1473 Timothei
2966 1416 3233 1475 Tharacis
3300 1419 3537 1489 regulae;

1957 1507 2253 1579 SOphronii
2291 1510 2638 1577 patriarchae,
2673 1510 2737 1565 de
2783 1510 3309 1580 prazpositionibus;
3360 1509 3539 1580 Sergii

1957 1600 2201 1657 Leetoris
2242 1600 2498 1656 Emeseni
2547 1602 2981 1658 commentarius
3035 1602 3089 1656 in
3122 1600 3326 1655 IEIium
3368 1599 3539 1655 llero-

1955 1689 2182 1744 dianum
2208 1707 2224 1753 ;
2264 1689 2620 1756 Theodoreti,
2650 1691 2718 1746 de
2749 1691 3042 1761 spiritibus
3074 1702 3199 1746 octo
3230 1691 3536 1745 litterarum

1952 1794 2016 1835 ex
2046 1777 2359 1834 Herodiano
2405 1780 2470 1835 ad
2504 1780 2834 1847 Patricium;
2868 1781 3184 1846 llerodiani,
3224 1781 3291 1836 de
3322 1790 3536 1850 tempo-

1951 1870 2127 1936 ribus,
2167 1871 2234 1925 de
2284 1871 2681 1935 schematibus,
2718 1880 2866 1939 etc.;
2902 1871 3133 1927 Joannis
3188 1873 3536 1942 grammatici

1950 1962 2305 2016 Alexandrini
2337 1962 2577 2031 epitome
2609 1963 2925 2033 regularum
2957 1972 3248 2019 accentum
3283 1974 3537 2033 spectan-

1950 2050 2125 2119 tium;
2174 2051 2453 2108 Michaelis
2504 2053 2759 2109 monachi
2796 2062 2849 2107 et
2881 2054 3143 2124 Syncelli,
3177 2054 3245 2109 de
3294 2054 3534 2125 syntaxi,

1948 2151 2003 2197 et
2032 2142 2265 2195 aliorum
2306 2142 2672 2211 quorumdam
2710 2159 3048 2215 paganorum
3094 2153 3149 2211 et
3186 2144 3538 2199 Christiano-

1949 2247 2094 2299 rum,
2125 2247 2363 2303 quorum
2400 2232 2523 2287 libri
2552 2235 2747 2304 partim
2792 2235 3025 2300 collecti,
3058 2236 3256 2306 partim
3290 2235 3528 2304 dispersi

1947 2330 2003 2377 et
2027 2322 2271 2393 exeerpti
2319 2322 2479 2378 nobis
2514 2335 2874 2380 occurrerunt
2903 2325 3114 2381 «mlamo
3137 2326 3346 2382 exarati
3380 2343 3395 2379 :
3428 2336 3522 2379 so-

1950 2412 2228 2469 lummodo
2257 2414 2527 2484 Apollonii
2560 2430 2727 2486 opera
2758 2415 2898 2486 typis
2925 2430 3125 2473 excusa
3170 2417 3409 2474 fuerunt.

2022 2596 2140 2651 Jam
2174 2613 2306 2652 vero
2336 2640 2349 2663 ,
2392 2598 2648 2652 omnibus
2682 2598 2818 2653 bene
2860 2599 3165 2670 disquisitis
3215 2610 3267 2655 et
3307 2602 3535 2670 quihus-

1952 2688 2074 2743 dam
2129 2689 2195 2743 de
2263 2704 2363 2743 suo
2412 2690 2500 2743 hic
2553 2689 2663 2744 illic
2715 2690 2980 2760 adjectis,
3028 2690 3269 2747 Domnus
3323 2692 3537 2748 Manuel

1953 2793 2117 2845 supra
2186 2777 2435 2833 laudatus
2501 2779 2638 2834 duos
2704 2780 2871 2834 libros
2920 2795 3009 2850 qui
3062 2783 3241 2835 adhuc
3302 2782 3525 2851 vigent,

1953 2870 2259 2939 composuit
2288 2872 2391 2926 sub
2439 2872 2541 2926 hoc
2587 2871 2788 2927 titulo:
2823 2871 3163 2938 Quaestiones
3201 2883 3255 2927 et
3295 2874 3530 2928 schedar.

1956 2959 2059 3026 Qui
2111 2959 2230 3012 libri
2285 2974 2409 3014 cum
2462 2960 2701 3030 perbene
2744 2962 2854 3015 sint
2896 2962 3090 3031 digesti
3141 2977 3205 3016 ac
3245 2964 3404 3027 varii,
3462 2963 3537 3017 ita

1956 3060 2015 3103 ut
2068 3049 2471 3104 instilutoribus
2523 3066 2777 3121 magnam
2823 3053 3111 3107 utilitatem
3160 3055 3535 3125 suppeditent.

1953 3138 2252 3192 etiamnum
2300 3138 2441 3207 apud
2474 3138 2777 3193 litterarum
2818 3141 3097 3196 studiosos
3143 3143 3534 3197 auctoritatem

1955 3228 2177 3282 habent.
2237 3227 2507 3294 Quoniam
2561 3239 2740 3284 autem
2802 3231 3104 3301 imperium
3165 3231 3536 3287 Romanorum

1954 3318 2161 3372 crebris
2210 3316 2591 3374 invasionibus
2639 3318 2962 3388 depressum
3027 3335 3092 3374 ac
3149 3335 3287 3390 pene
3328 3322 3539 3375 exstin-

1953 3416 2097 3462 ctum
2147 3417 2251 3470 est,
2300 3418 2571 3479 quotquot
2625 3409 2726 3463 viri
2780 3410 2928 3465 docti
2986 3413 3309 3481 superstites
3360 3412 3535 3477 fuere,

1954 3499 2128 3569 patria
2156 3499 2370 3564 relicta,
2401 3500 2639 3554 alienam
2663 3501 2945 3570 petierunt
2972 3510 3173 3557 terram
3206 3502 3390 3572 ibique
3410 3518 3535 3558 eum

1955 3588 2108 3644 libris
2144 3588 2441 3658 asportatis
2478 3589 2898 3655 habitaverunt,
2952 3606 2983 3645 e
3029 3606 3265 3660 quorum
3306 3607 3536 3645 numero

1952 3690 2081 3734 sunt
2134 3679 2373 3735 Domnus
2438 3679 2655 3735 Manuel
2712 3680 3088 3753 Chrysoluras
3144 3684 3343 3749 (deleta
3409 3695 3537 3739 sunt

1952 3774 2113 3827 verba
2139 3792 2152 3826 :
2184 3773 2490 3829 Demetrius
2512 3774 2960 3845 Chalcondyles),
2988 3775 3312 3832 Theodorus
3338 3777 3532 3841 Gazes,

1952 3866 2347 3922 Constantinus
2396 3866 2673 3931 Lascaris,
2715 3869 2809 3937 qui
2856 3883 2925 3923 ex
2978 3868 3129 3924 Italia
3174 3872 3535 3941 transmigra-

1954 3974 2078 4013 vere
2115 3958 2169 4011 in
2199 3956 2517 4022 Thraciam,
2554 3959 2647 4013 ubi
2692 3970 2786 4013 aut
2817 3960 3040 4015 honoris
3080 3962 3282 4024 studio,
3317 3972 3411 4017 aut
3445 3979 3533 4017 re-

1952 4054 2056 4110 bus
2094 4054 2343 4109 adversis
2385 4054 2605 4125 locique
2646 4052 2908 4109 barbarie
2959 4064 3055 4108 aut
3104 4055 3290 4110 nescio
3332 4058 3534 4127 quibus

1940 4144 2138 4203 causis
2172 4146 2405 4216 permoti
2450 4146 2636 4202 varios
2679 4146 2850 4202 libros
2886 4157 3332 4216 composuerunt.
3365 4146 3534 4203 Nimi-

1954 4253 2077 4293 rum
2105 4236 2499 4307 Chrysoluras,
2551 4244 2799 4292 veterum
2830 4236 3068 4306 vestigia
3100 4252 3380 4308 premens,
3412 4238 3532 4309 cpi-

1954 4340 2136 4385 tomen
2175 4328 2305 4384 fecit
2333 4327 2388 4382 in
2422 4343 2553 4398 qua,
2593 4327 2879 4397 praeceptis
2914 4327 3229 4397 regulisque
3264 4344 3536 4397 gramma:

264 4424 542 4495 Θεόδωρος
568 4422 797 4475 πλεῖστα
817 4421 1319 4492 φιλοπονησάμενος
1337 4439 1349 4453 ·
1384 4420 1478 4474 καὶ
1504 4421 1668 4483 αὐτὸς
1689 4422 1848 4475 κατό-

1954 4420 2073 4476 tiea:
2124 4419 2235 4475 fere
2280 4418 2565 4490 neglectis,
2615 4418 2919 4474 difﬁciliora
2972 4419 3259 4490 proposuit
3314 4420 3382 4474 iis
3435 4421 3537 4497 qui,

264 4533 364 4569 πιν
387 4514 587 4583 βαίνων
618 4516 732 4575 τοῖς
758 4513 864 4583 πρὸ
893 4512 1081 4579 αὐτοῦ,
1110 4514 1169 4565 ὲν
1198 4512 1458 4584 τέσσαρσι
1503 4512 1727 4583 βιϐλίοις
1752 4513 1850 4583 τὴν

264 4608 490 4662 ἃπασαν
513 4605 898 4677 πραγματείαν
920 4604 1149 4670 ἐξέδωκε
1170 4620 1183 4633 ·
1207 4604 1301 4658 τοῦ
1316 4604 1546 4675 ,πρώτου
1571 4604 1672 4675 μὲν
1694 4622 1851 4674 περι-

264 4700 505 4769 έχοντος,
553 4696 652 4749 ὃσα
682 4694 837 4773 κοινὰ
881 4697 993 4759 τοῖς
1027 4697 1161 4749 πᾶσι
1193 4697 1606 4767 γραμματικοῖς
1648 4695 1744 4748 καὶ
1770 4698 1850 4759 είς

264 4788 681 4860 ἀποστηθισμδν
725 4789 996 4858 ἀναγκαῖα
1018 4804 1032 4819 ·
1065 4787 1159 4842 τοῦ
1189 4788 1446 4861 δευτέρου
1476 4789 1554 4855 δὲ,
1592 4791 1720 4853 τοὺς
1753 4806 1851 4843 κα-

264 4880 427 4943 νόνας
455 4877 720 4949 ὀνόματός
748 4895 809 4931 τε
836 4878 933 4932 καὶ
965 4879 1212 4950 ῥήματος
1236 4895 1250 4911 ο
1278 4878 1371 4932 τοῦ
1401 4879 1459 4932 δὲ
1492 4878 1681 4952 τρίτου
1719 4880 1849 4949 περὶ

266 4970 579 5041 προσῳδίας
626 4969 721 5023 καὶ⁸
753 4969 1123 5041 ὀρθογραφίας
1145 4987 1158 5001 ·
1195 4969 1289 5023 τοῦ
1324 4970 1378 5023 δὲ
1418 4972 1683 5043 τετάρτου
1720 4972 1847 5041 περὶ

267 5060 584 5126 συντάξεως

338 5338 497 5393 Μετὰ
528 5337 718 5393 τοῦτον
754 5340 813 5394 δὲ
842 5341 1254 5405 Κωνσταντῖνος
1301 5342 1358 5394 ὲν
1396 5342 1545 5413 τρισὶ
1591 5341 1845 5411 βιϐλίοις·

264 5431 362 5486 τοῦ
392 5431 610 5503 πρώτου
638 5432 901 5496 ὡσαύτως
923 5434 1287 5505 περιέχοντος,
1303 5434 1401 5487 ὅσα
1422 5436 1533 5497 τοῖς
1551 5435 1844 5502 εἰσαγωγι-

268 5525 385 5587 κοῖς
409 5524 840 5593 ἀναγκαιότατα,
872 5524 990 5595 μεθ’
1013 5524 1042 5576 ὃ
1069 5524 1199 5595 περὶ
1229 5523 1551 5587 συντάξεως,
1578 5518 1696 5576 εἶτα
1720 5541 1784 5576 πε
1796 5524 1849 5595 pi.

269 5615 511 5669 κανόνων
561 5617 841 5686 ὀνομάτων
882 5633 939 5668 τε
976 5616 1072 5669 καὶ
1117 5616 1397 5687 ῥημάτων.
1435 5617 1589 5679 Τινὲς
1627 5616 1683 5669 δὲ
1723 5617 1847 5682 τοὺς

268 5706 764 5779 τοῦΜοσχοπούλου
777 5708 1008 5772 κανόνας
1026 5709 1079 5761 ἐν
1106 5706 1452 5781 βραχύίτηῐτι
1480 5708 1844 5782 κατέστησαν,

1956 4515 2097 4567 laete
2131 4511 2313 4567 adhuc
2342 4511 2675 4582 indigerent.
2718 4509 2890 4566 Porro
2925 4510 3169 4567 Domnus
3210 4510 3535 4579 Theodorus

1956 4608 2008 4661 in
2037 4614 2274 4675 quatuor
2299 4604 2455 4659 libris
2485 4619 2699 4659 summa
2731 4619 2854 4657 cum
2887 4603 3171 4675 diligentia
3202 4604 3533 4675 conscriptis
3564 4657 3570 4663 .

1951 4708 2007 4754 et
2035 4699 2103 4753 ad
2138 4708 2382 4753 veterum
2410 4698 2657 4768 exempla
2687 4695 2970 4753 adornatis
3008 4706 3176 4754 totam
3208 4700 3531 4769 complexus
3564 4752 3567 4753 ν

1952 4799 2037 4846 est
2075 4790 2484 4861 grammaticam
2517 4806 2529 4844 :
2561 4804 2799 4860 quorum
2831 4789 2886 4844 in
2920 4789 3104 4859 primo
3130 4792 3386 4860 exposuit
3408 4782 3559 4862 quae-

1953 4882 2209 4937 omnibus
2240 4882 2610 4953 grammaticis
2650 4882 2965 4936 communia
3014 4882 3124 4937 sint
3174 4892 3229 4937 et
3273 4883 3340 4937 ad
3386 4893 3532 4939 recte

1952 4974 2284 5046 loquendum
2338 4975 2675 5045 pertineant;
2732 4973 2786 5027 in
2838 4973 3098 5034 secundo,
3117 4973 3269 5033 dedit
3313 4976 3531 5046 regulas

1953 5084 2149 5125 nomen
2184 5078 2239 5124 et
2271 5067 2496 5123 verbum
2526 5074 2921 5121 concernentes
2943 5083 2971 5135 ς,
2993 5067 3047 5125 in
3082 5067 3244 5125 tertio
3272 5066 3341 5121 de
3374 5082 3529 5137 pros-

1953 5164 2076 5217 odia
2122 5171 2175 5216 et
2226 5158 2617 5229 orthographia
2653 5158 2939 5226 tractavit;
2969 5158 3258 5230 inquarto
3291 5158 3527 5231 denique

1954 5253 2212 5325 syntaxin
2246 5251 2465 5320 adjecit.

2024 5344 2153 5399 l'ost
2179 5358 2304 5397 eum
2340 5342 2393 5395 in
2424 5340 2601 5395 tribus
2639 5340 2792 5397 libris
2818 5339 3235 5405 Constantinus,
3268 5338 3521 5395 eamdem

1952 5435 2240 5490 materiam
2289 5432 2564 5501 explicare
2614 5446 2928 5502 aggressus,
2978 5432 3032 5485 in
3092 5430 3272 5502 primo
3325 5429 3526 5500 pariter

1953 5525 2214 5581 disseruit
2254 5524 2323 5579 de
2358 5524 2422 5579 iis
2455 5538 2578 5594 qum
2620 5522 2689 5578 ad
2740 5522 3205 5585 introductionem
3256 5529 3525 5591 spectant,

1953 5618 2005 5672 in
2040 5617 2283 5673 secundo
2309 5616 2374 5671 de
2401 5618 2637 5689 syntaxi,
2679 5616 2921 5679 intortio
2949 5614 3182 5685 denique
3207 5614 3273 5669 de
3301 5613 3523 5685 regulis.

1955 5708 2019 5764 ad
2068 5708 2287 5764 nomina
2334 5710 2603 5779 verbaque
2653 5707 3065 5780 pertinentibus.
3100 5704 3218 5762 Jam
3260 5722 3387 5763 vero
3433 5704 3551 5771 alii,
