4088 6566
615 321 717 383 387

1255 319 1622 378 PACl-IOMII
1649 319 2002 388 ,ΜΟΝΑΟΗΙ
2041 319 2170 379 PRC

2272 319 2433 379 lGUS
2465 321 2543 379 ΙΝ
2583 311 3168 379 ῧῘῖᾹΜΜΑΤΙΟΛΜ.

3703 300 3851 364 13ῦ3

581 430 920 500 ltloschopuli
954 430 1169 499 regulas
1189 430 1646 498 epitomavernnt,
1676 431 1766 484 alii
1800 431 2150 502 Chrysolurae

2272 449 2428 502 ;τεροι
2477 433 2536 486 δὲ
2591 433 2685 486 καὶ
2732 433 2834 502 τὴν
2879 429 2974 481 τοῦ
3016 423 3370 497 Χρυσολουρᾶ
3409 419 3718 488 συνέτεμον
3766 416 3856 478 ἐξ-

581 523 919 577 succinctam
967 519 1287 584 editionem,
1323 520 1545 575 omissis
1587 520 1809 590 regulis,
1850 522 2152 574 adornave-

584 621 732 678 ri'tnt,
765 627 832 665 eo
866 610 1116 664 fortassis
1160 609 1266 664 fine
1297 620 1353 664 iit
1386 627 1452 664 ne
1487 611 1739 676 discipuli
1773 612 1826 664 in
1877 610 2152 665 scribendi

583 720 647 759 ac
675 701 929 773 loquendi
967 702 1151 755 studio
1186 701 1594 769 impedirentur.
1625 701 1764 754 Toto
1794 704 1935 757 caelo
1969 711 2150 756 autem

587 795 638 848 lii
691 794 833 847 inter
880 808 938 847 se
976 792 1202 846 distant.
1248 791 1507 844 Nonnulli
1557 793 1699 846 enim
1739 795 1873 847 adeo
1902 794 2154 848 brevitati

587 885 936 945 studuerunt,
985 867 1045 935 ut
1089 883 1254 936 etiam
1296 884 1461 936 multa
1500 887 1655 938 utilia
1711 887 2066 954 neglexerint,
2101 887 2153 939 in

525 1011 530 1016 -
585 990 821 1043 quorum
865 989 1096 1028 numero
1132 983 1216 1028 est
1245 973 1566 1028 Theodorus
1611 977 1702 1044 qui
1741 977 1793 1029 in
1829 977 2154 1031 brevissima

586 1065 824 1132 opitome
857 1081 1020 1134 quam
1075 1067 1308 1133 plurima
1359 1068 1647 1136 complecti
1699 1069 1802 1122 sibi
1851 1070 2154 1137 proposuit.

587 1154 981 1210 Constantinus
1013 1171 1044 1210 e
1075 1157 1352 1210 contrario
1383 1158 1436 1210 in
1486 1158 1646 1211 tertio
1681 1159 1818 1211 libro
1862 1160 2157 1213 admodum

588 1247 800 1313 prolixe
836 1246 1053 1314 regulas
1079 1246 1295 1315 quidem
1348 1249 1624 1316 exposuit,
1672 1250 1764 1301 sed
1802 1249 1867 1300 de
1919 1249 2160 1304 declina—

577 1336 738 1398 tione
769 1335 1004 1398 diversa,
1047 1337 1112 1388 de
1154 1337 1346 1393 litteris
1373 1337 1672 1391 initialibus
1704 1347 1758 1390 et
1795 1338 2054 1392 ﬁnalibus
2096 1356 2162 1394 ne

588 1425 813 1478 \'t'l‘i)lllll
877 1425 1092 1492 quidem
1148 1425 1336 1478 dixit:
1381 1441 1491 1494 quo
1546 1426 1749 1478 factum
1803 1437 1885 1480 est
1949 1439 2007 1482 ut
2057 1431 2161 1484 alia

590 1517 948 1585 grammatica
999 1518 1104 1570 alia
1153 1517 1407 1586 indigeat.
1455 1519 1717 1572 Printerea
1761 1521 1923 1573 etiam
1974 1522 2040 1574 de
2072 1523 2165 1574 ile-

592 1607 885 1660 clinatione
918 1616 972 1659 et
1009 1609 1423 1661 constructione
1457 1624 1521 1662 ac
1557 1609 1624 1661 ile
1669 1609 1789 1663 aliis
1838 1612 2162 1676 quibusdam

591 1697 862 1762 capitibus
895 1697 1148 1750 ditl‘erunt
1183 1716 1195 1748 :
1225 1698 1477 1766 denique,
1529 1709 1586 1752 ut
1618 1702 1782 1752 verbo
1816 1701 2016 1765 dicam,
2053 1705 2164 1756 luee

2252 522 2464 586 ελόντες
2492 524 2620 586 τοὺς
2650 522 2914 583 κανόνας·
2944 520 3075 580 ῐσως
3103 515 3191 567 διὰ
3222 513 3281 566 τὸ
3326 513 3403 582 μὴ
3445 507 3855 580 ἐμποδίζεσθαι

2251 617 2378 678 τοὺς
2399 615 2694 685 ἀρχαρίους
2722 616 2780 666 ὲν
2805 612 2884 681 τῷ
2913 606 3286 681 μεταγράφειν
3309 605 3403 658 καὶ
3424 601 3673 670 ἅποστηθ
3685 600 3850 663 ίζειν·

2258 705 2422 774 μέσον
2450 705 2507 758 δὲ
2536 705 2740 758 τούτων
2770 703 2866 756 καὶ
2895 699 3065 769 πολλὴ
3098 700 3131 766 ἡ
3167 694 3425 790 διαφορά.
3467 694 3532 790 ρὶ
3738 690 3854 790 τῗρ

2253 795 2507 848 τοσοῦτον
2534 797 2611 865 τῇ
2635 792 2903 862 συντομία
2931 790 3253 860 ἐχρήσαντο,
3293 787 3369 848 ὡς
3403 783 3500 836 καὶ
3527 781 3707 835 πολλὰ
3737 781 3854 831 τῶν

2253 888 2544 958 χρησίμων
2581 885 2911 955 παραλιπεῖν
2934 899 2948 912 ·
2986 879 3098 944 οἷός
3132 882 3279 932 ἐστιν
3308 879 3335 929 6
3361 875 3660 944 Θεόδωρος,
3696 871 3853 924 πλεῖ.

2259 994 2360 1028 στα
2384 976 2613 1046 θελήσας
2639 977 2695 1029 ὲν
2729 973 2956 1044 βραχέσι
2986 969 3304 1039 περιλαϐεῖν
3331 984 3344 997 ·
3376 967 3404 1017 6
3434 965 3490 1018 δὲ
3523 963 3852 1016 Κωσταντῖο

2258 1085 2347 1130 νος
2373 1069 2432 1120 ὲν
2453 1067 2529 1137 τῷ
2557 1068 2725 1137 τρίτῳ
2751 1063 2916 1118 αὑτοῦ
2951 1062 3142 1132 βιϐλίῳ
3168 1061 3248 1121 εἰς
3280 1057 3480 1119 πλάτος
3509 1055 3578 1107 τὰ
3601 1054 3716 1106 τῶν
3748 1071 3848 1104 κα-

2259 1159 2428 1211 νόνων
2463 1158 2697 1219 συνθεὶς,
2731 1155 2894 1208 οἱονεὶ
2939 1153 3068 1223 περὶ
3110 1151 3341 1211 κλίσεως
3388 1147 3673 1216 διαφόρου,
3717 1145 3852 1212 περὶ

2261 1248 2539 1319 ἀρκτικῶν
2578 1249 2764 1315 μέντοι
2796 1245 3077 1315 στοιχείων
3114 1243 3147 1314 ἢ
3193 1241 3443 1304 τελικῶν,
3485 1239 3739 1307 ὤκνησεν
3771 1239 3849 1289 εἰς

2263 1343 2424 1392 πεῖν·
2462 1337 2604 1392 ὥστε
2655 1328 3109 1406 δέεσθαιέτέραν
3169 1331 3571 1402 γραμματικὴν
3628 1328 3844 1398 ἑτέρας.

2264 1431 2589 1499 Διαφὲρουσι
2622 1431 2675 1482 δὲ
2705 1430 2798 1482 καὶ
2830 1428 2959 1497 περὶ
2995 1425 3224 1488 κλίσεὼς
3244 1441 3301 1476 τε
3333 1424 3426 1475 καὶ
3458 1421 3725 1487 συζυγίας
3757 1421 3850 1471 καί

2263 1540 2424 1576 τινων
2476 1522 2676 1592 ἐτὲρων
2727 1519 3060 1588 κεφαλαίων,
3106 1518 3201 1570 καὶ
3248 1514 3540 1567 συνελόντα
3577 1513 3774 1581 φάναι,
3819 1514 3850 1580 ἡ

2264 1613 2490 1680 τοιαύτη
2545 1611 2853 1681 φιλοπονία,
2908 1609 3055 1662 αἰτία
3111 1609 3301 1675 γέγονε
3359 1604 3674 1674 συγχύσεως
3735 1604 3849 1663 τοῖς

2271 1702 2658 1772 μανθάνουσιν,
2699 1699 2873 1752 ἄλλων
2910 1695 3048 1749 ἄλλα.
3097 1696 3500 1763 μανθανόντων,
3541 1695 3617 1755 ὡς
3653 1693 3731 1762 μὴ
3762 1691 3852 1756 ἐξ·

591 1789 1002 1854 gramtnaticant
1061 1789 1327 1842 tractandi
1397 1793 1535 1842 ratio
1602 1791 1823 1844 inultam
1882 1795 2164 1862 discipulis

2272 1793 2566 1859 αρκοῦντος
2597 1789 2828 1841 ἑκάστου
2856 1786 2963 1838 τῶν
3000 1785 3217 1853 βιϐλίων
3253 1785 3310 1836 ὲν
3337 1781 3413 1850 τῷ
3446 1781 3778 1849 μανθάνειν·
3817 1779 3852 1848 ἧ

593 1878 794 1930 creavit
849 1878 1266 1944 confusionem,
1313 1897 1437 1933 eum
1494 1883 1583 1934 alii
1643 1885 1744 1936 alia
1792 1885 2166 1952 addiseerent,

592 1965 864 2033 siquidem
904 1968 1101 2036 singuli
1139 1970 1260 2022 libri
1295 1972 1358 2022 ad
1394 1971 1794 2027 institutionem
1834 1977 1976 2029 haud
2021 1977 2166 2032 suill-

592 2068 800 2114 cerent.
859 2059 933 2110 ita
992 2069 1050 2112 ut
1099 2060 1401 2127 diSi-ipulus
1462 2079 1652 2118 omnes
1715 2066 1816 2118 sibi
1875 2083 2171 2136 procurare

595 2157 908 2214 cogeretur.
963 2147 1164 2212 Quare,
1216 2149 1476 2203 omnibus
1523 2155 1898 2219 grammaticis
1947 2158 2173 2220 coactis,

599 2249 766 2286 unum
803 2237 1050 2288 volumen
1102 2253 1193 2304 per
1237 2238 1418 2290 varios
1460 2240 1628 2294 libros
1665 2241 1936 2310 digestum
1987 2245 2172 2300 elabo-

597 2337 720 2376 rare
760 2325 1174 2388 constitueram,
1225 2341 1290 2378 eo
1335 2328 1550 2394 quidem
1592 2331 1770 2393 modo,
1816 2343 1874 2384 ut
1919 2335 2174 2400 deprom-

2261 1881 2355 1934 τοῦ
2392 1881 2753 1951 μανθάνοντος
2780 1879 2848 1930 τὰ
2871 1877 3047 1930 πάντα
3079 1875 3259 1945 βιϐλία
3281 1873 3628 1944 πορίζεσθαι.
3655 1871 3851 1923 Ἔνθεν

2259 1991 2346 2026 τοι
2400 1975 2493 2025 καὶ
2547 1970 2986 2042 παρακινηθεὶς,
3045 1965 3345 2034 ἐϐουλήθην
3411 1965 3540 2025 τοὺς
3602 1963 3850 2023 ἅπαντας

2264 2063 2689 2134 γραμματικοὺς
2734 2058 3076 2128 συναγαγὼν,
3108 2057 3167 2109 ἓν
3203 2056 3431 2124 πτυχίον
3470 2058 3527 2106 ὲν
3569 2053 3850 2122 διαφόροις

2269 2155 2493 2225 βιϐλίοις
2523 2155 2784 2221 ἐξυφὰναι
2804 2169 2817 2182 ’
2853 2148 3226 2220 παρεμϐαλὼν
3255 2145 3501 2215 δηλονότι
3534 2143 3596 2209 ἐξ
3619 2145 3737 2206 ἐνὸς
3772 2145 3847 2206 εἰς

2267 2245 2495 2315 ἕτερον,
2553 2245 2648 2297 καὶ
2702 2241 2844 2295 οὕτω
2893 2240 2963 2293 τὰ
3022 2239 3342 2306 πολύπτυχα
3405 2238 3486 2298 εἰς
3526 2234 3587 2288 ἒν
3626 2235 3848 2303 πτυχίον

2293 2336 2588 2400 συστεῖλαι,
2625 2332 2852 2403 μηδενὸς
2880 2330 3222 2398 λειπομένου.

597 2412 705 2480 ptis
751 2427 817 2467 ex
885 2431 1215 2485 unoquoque
1265 2418 1330 2471 iis
1372 2435 1492 2486 qua:
1537 2431 1659 2488 apta
1729 2422 2060 2488 viderentur,
2100 2424 2222 2477 illos
2262 2425 2639 2479 voluminosos
2679 2423 2844 2476 libros
2881 2421 2936 2474 in
2968 2438 3136 2476 unum
3179 2421 3432 2474 volumen
3480 2418 3840 2488 comprehen-

598 2503 808 2566 derem,
843 2521 1016 2575 neque
1048 2516 1226 2561 tamen
1254 2509 1456 2577 aliquid
1489 2513 1822 2566 omitterent.

674 2595 778 2649 Sed
809 2597 994 2650 destiti
1021 2599 1088 2650 ab
1114 2600 1214 2654 hoc
1240 2614 1462 2668 conatu,
1492 2604 1698 2658 veritus
1721 2620 1806 2667 ne,
1833 2606 1962 2658 dum
1997 2606 2173 2659 aliena

599 2701 982 2754 componerem
1009 2697 1062 2740 et
1085 2690 1163 2742 sic
1191 2692 1347 2759 quasi
1372 2706 1566 2746 ornatu
1603 2711 1686 2747 me
1716 2695 2016 2756 induerem.
2049 2712 2172 2751 cum

602 2777 788 2830 labore
829 2777 991 2831 simul
1035 2783 1202 2833 risum
1242 2783 1600 2849 incurrerem,
1645 2788 1709 2840 ad
1771 2790 1941 2842 instar
1969 2790 2172 2857 graculi

600 2867 656 2921 in
693 2866 894 2923 fabulis
929 2871 1225 2927 decantati.
1264 2874 1376 2929 Hac
1415 2877 1482 2930 de
1524 2893 1689 2930 causa
1725 2880 1884 2932 talem
1931 2881 2170 2933 laborem

600 2959 962 3014 omittendum
1016 2965 1350 3020 existimavi.
1391 2967 1523 3032 Quae
1552 2978 1730 3022 autem
1775 2986 1804 3023 a
1847 2972 2170 3025 recentiori-

2359 2605 2498 2658 Ἀλλ’
2527 2603 2831 2674 ὲπεσχέθην
2857 2603 2956 2672 τῆς
2983 2601 3184 2671 ὁρμῆς,
3209 2597 3398 2661 δεδιὼς
3420 2598 3557 2666 πρὸς
3591 2595 3671 2666 τῷ
3699 2597 3845 2666 πόκῳ

2276 2696 2350 2768 μὴ
2391 2697 2485 2749 καὶ
2515 2696 2723 2762 γέλωτα
2757 2694 3014 2762 ὀφλήσειν
3051 2691 3125 2753 ὡς
3157 2691 3184 2740 6
3219 2689 3584 2757 μυθευόμενος
3623 2687 3850 2749 κολοιὸς,

2269 2789 2338 2841 τὰ
2362 2788 2619 2856 ἀλλότρια
2649 2786 3006 2854 συναρμόζων
3035 2783 3131 2835 καὶ
3153 2779 3314 2850 δῆθεν
3341 2777 3850 2846 καλλωπιζόμενος

2268 2881 2348 2932 διὸ
2384 2877 2537 2932 τοῦδε
2577 2878 2677 2947 μὲν
2718 2877 2812 2928 τοῦ
2856 2875 3260 2944 ἐγχειρήματος
3291 2872 3640 2940 ἐπαυσάμην,
3675 2870 3855 2938 ’Δπερ

2268 2973 2326 3024 δὲ
2371 2974 2480 3034 τοῖς
2514 2970 2804 3039 νεωτέροις
2834 2968 2908 3030 ὡς
2937 2967 3071 3036 ἔφην
3105 2965 3504 3034 ὲκαινοτομήθη
3538 2962 3684 3015 κατὰ
3731 2980 3853 3014 συν-

599 3050 720 3114 bus,
771 3059 828 3103 ut
855 3052 988 3117 dixi,
1022 3057 1295 3111 succincte
1327 3067 1379 3110 et
1416 3075 1554 3111 nova
1589 3060 1796 3112 ratione
1838 3060 1980 3114 dicta
2018 3071 2166 3125 sunt,

2275 3061 2489 3128 τομίαν,
2520 3058 2693 3112 ταῦτα
2741 3055 2896 3124 κάγὼ
2932 3055 3165 3123 καθεξῆς
3215 3053 3350 3124 μετὰ
3379 3053 3621 3122 μείζονος
3663 3053 3856 3117 ἐπιμε-

598 3158 660 3195 ea
693 3158 792 3211 ego
827 3159 1044 3214 quoque
1094 3147 1396 3201 secundum
1437 3151 1707 3215 ordinem,
1763 3164 1955 3218 magna
2007 3153 2165 3205 adhi-

599 3233 714 3286 bita
745 3234 1048 3304 diligentia,
1079 3238 1132 3290 in
1174 3238 1278 3293 boc
1304 3240 1444 3294 libro
1468 3243 1751 3310 composui
1787 3264 1798 3296 :
1828 3244 2023 3311 partim
2051 3245 2171 3313 qui-

599 3325 746 3388 dem,
770 3343 889 3394 qua:
911 3330 1165 3383 omnibus
1186 3332 1560 3396 grammaticis
1580 3343 1708 3387 sunt
1735 3336 2070 3396 communia,
2093 3335 2170 3388 uti

600 3427 766 3481 supra
795 3417 1057 3478 diximus.
1093 3428 1150 3471 ut
1178 3419 1431 3488 discipuli
1469 3421 1626 3476 facile
1659 3425 1771 3476 haec
1812 3427 2172 3491 comprehen-

600 3503 769 3557 dant:
805 3497 998 3572 partim
1040 3517 1277 3577 systcma
1319 3513 1688 3578 grammatica:
1733 3522 1788 3566 et
1836 3515 2170 3582 reliquarum

602 3595 872 3650 orationis
905 3599 1162 3665 partium,
1198 3599 1264 3651 ad
1307 3601 1527 3654 modum
1561 3604 1896 3657 scholiorum
1925 3615 1978 3660 et
2009 3621 2170 3675 regu-

607 3686 823 3753 larum,
873 3697 931 3741 ut
987 3690 1364 3744 studiosorum
1419 3695 1599 3762 captui
1654 3698 1923 3763 expositio
1987 3708 2172 3751 nostra

602 3777 1015 3830 accommodata
1069 3788 1122 3832 et
1169 3778 1349 3834 facilis
1397 3792 1541 3836 esset
1592 3784 1866 3837 intellectu
1919 3803 1931 3837 :
1982 3787 2174 3842 deinde

602 3863 798 3918 Domni
833 3866 1063 3922 Mattluei
1109 3870 1436 3925 Caium-ioue
1485 3875 2077 3945 grammatieam,qu:2e
2118 3878 2171 3930 in

603 3957 839 4022 epitome
884 3958 1126 4012 continet
1155 3959 1495 4031 Moschopuli
1535 3966 1948 4032 grammaticam
1975 3979 2026 4019 et
2066 3967 2172 4021 alia

605 4046 876 4112 quaedam,
919 4049 1074 4116 quasi
1116 4052 1280 4104 totius
1326 4056 1460 4108 artis
1497 4057 1804 4124 primitias:
1838 4065 1948 4108 tum
1999 4058 2175 4111 disse-

605 4136 688 4188 rui
730 4136 796 4189 de
833 4139 1003 4206 tropis
1057 4143 1300 4208 poeticis,
1345 4160 1553 4198 necnon
1589 4147 1660 4198 de
1705 4147 1896 4200 metris
1919 4157 1973 4201 et
2001 4148 2174 4202 diale-

601 4227 728 4289 ctis,
772 4244 909 4296 quas
942 4233 1311 4296 grammaticae
1350 4244 1528 4302 partes
1577 4246 1630 4289 et
1660 4238 2019 4292 instrumenta
2051 4255 2174 4294 esse

602 4326 834 4370 c0nstat.
896 4318 1160 4374 Similiter
1222 4325 1583 4393 explicuimus
1640 4328 1891 4397 reliqua,
1941 4346 2172 4397 quorum

607 4409 939 4463 recentiores
975 4417 1312 4479 grammatici
1355 4425 1448 4469 aut
1485 4417 1686 4470 nullam
1719 4420 1944 4472 omnino
1973 4421 2178 4488 injece-
2209 4395 2253 4452 ί)

607 4506 732 4548 runt
771 4501 1124 4561 intentionem,
1171 4513 1266 4554 aut
1299 4519 1420 4572 qua:
1465 4507 1646 4560 minus
1671 4507 1849 4561 lucide
1904 4509 2176 4578 nimisque

605 4586 884 4642 succincte
929 4599 1253 4646 tractm-unt.
1289 4592 1408 4647 Jam
1438 4612 1588 4660 vero,
1635 4589 1946 4667 siquidem,
1981 4611 2175 4669 praeter

605 4676 771 4730 vitam
806 4693 869 4732 ac
901 4683 1214 4746 sanitatem,
1255 4685 1424 4738 otium
1458 4687 1614 4741 nobis
1640 4705 1701 4741 ac
1733 4689 1948 4743 firmant
1981 4693 2176 4744 volun-

582 4777 584 4780 ·
610 4775 773 4819 tatem
807 4766 1070 4823 Dominus
1099 4770 1282 4837 largiri
1317 4773 1571 4838 voluerit,
1601 4777 1665 4828 ad
1689 4777 2030 4833 difﬁcultates
2054 4795 2175 4847 quae

609 4857 876 4913 tironibus
916 4864 1099 4914 enasci
1141 4864 1340 4928 solent,
1375 4867 1740 4922 enucleandas
1777 4885 1877 4923 nos
1926 4871 2179 4940 accinge-

609 4965 752 5012 tnus,
806 4958 1087 5017 Sperantes
1136 4951 1248 5007 fore
1304 4963 1362 5009 ut
1409 4971 1546 5026 Opus
1591 4959 1864 5028 egregium
1916 4976 1980 5014 ac
2029 4961 2184 5015 bona:

608 5037 778 5103 frugis
814 5041 864 5092 in
901 5041 1074 5094 lucent
1105 5043 1441 5120 emittamus.
1485 5046 1753 5102 Caeterum
1791 5064 1984 5102 moneo
2019 5050 2184 5104 disci-

607 5127 785 5197 pulos,
837 5145 904 5184 ne
939 5133 1146 5201 reliqua
1201 5137 1496 5205 negligant,
1533 5137 1680 5190 verbi
1718 5140 1910 5207 gratia,
1961 5142 2179 5195 tertium

608 5217 807 5272 librum
858 5219 1141 5286 Lascaris,
1195 5231 1247 5278 et
1291 5229 1508 5280 tertium
1563 5238 1928 5298 quartumque
1976 5231 2174 5287 librum

609 5307 958 5378 Theodoreti,
1010 5324 1065 5367 et
1118 5324 1177 5368 ut
1229 5315 1445 5369 lexicon
1505 5319 1607 5372 sibi
1665 5333 2002 5388 comparent,
2055 5333 2179 5377 ante

607 5400 790 5454 omina
829 5401 958 5455 illud
979 5417 1010 5455 a
1041 5401 1240 5458 Barine
1263 5405 1595 5473 confectum,
1628 5409 1772 5477 quod
1812 5409 2082 5479 imprimis
2114 5412 2179 5464 ad

610 5491 1095 5562 orthographiam,
1144 5497 1528 5568 etymOIOgiam
1581 5508 1640 5554 et’
1690 5503 1971 5556 historiam
2028 5504 2180 5558 addi-

2273 3150 2420 3213 λείας
2465 3149 2702 3202 ἐνταῦθα
2751 3147 3016 3210 συνέταξα
3045 3162 3057 3174 ·
3112 3146 3255 3206 ίδίως
3305 3143 3420 3214 μὲν,
3471 3143 3569 3194 ὅσα
3605 3141 3764 3193 κοινὰ
3791 3142 3852 3233 τῆ

2276 3244 2462 3311 γραφῇ
2496 3238 2646 3310 παρὰ
2671 3241 2805 3290 πᾶσι
2832 3241 2941 3300 τοῖς
2969 3236 3389 3306 γραμματικοῖς,
3423 3233 3497 3292 ὡς
3518 3232 3760 3300 εἴρηται.
3791 3231 3838 3281 ῖν

2275 3332 2511 3392 εὐκόλως
2543 3330 2715 3399 ἔχοιεν
2751 3320 3142 3394 ἀποστηθίζειν
3181 3323 3356 3375 ταῦτα
3385 3325 3434 3374 οἱ
3473 3320 3850 3389 εἰσαγόμενοι·

2281 3420 2426 3478 ἰδίως
2458 3417 2514 3470 δέ
2543 3434 2664 3469 τινα
2696 3414 3036 3485 τεχνολογίαν
3080 3412 3190 3465 τῶν
3223 3413 3582 3483 γραμμάτων,
3619 3410 3720 3460 καὶ
3750 3407 3854 3459 τῶν

2276 3511 2475 3564 λοιπῶν
2507 3509 2600 3563 τοῦ
2625 3509 2784 3576 λόγου
2820 3505 3022 3576 μερῶν,
3050 3504 3250 3574 τρόπον
3284 3501 3505 3570 σχολίων
3530 3517 3586 3553 τε
3626 3500 3723 3551 καὶ
3757 3516 3850 3549 κα-

2279 3605 2443 3656 νόνων
2470 3619 2482 3632 ·
2521 3602 2586 3654 ἵν’
2617 3601 2860 3670 εὔληπτα
2889 3599 2983 3651 καὶ
3004 3596 3288 3667 χωρητικὰ
3307 3589 3406 3646 ῶσι
3435 3591 3509 3661 τῷ
3539 3593 3753 3643 τούτων
3778 3588 3854 3641 νηῒ

2277 3695 2347 3747 τὰ
2393 3693 2684 3761 λεγόμενα.
2736 3689 2868 3744 Μεθ’
2902 3687 2936 3742 ἃ
2980 3693 3079 3757 τὴν
3121 3685 3215 3739 τοῦ
3245 3683 3410 3754 κυροῦ
3450 3681 3732 3736 Ματθαίου
3762 3678 3850 3731 τοῦ

2280 3784 2644 3856 Καμαριὼτου
2681 3781 3100 3853 γραμματικὴν,
3129 3779 3186 3830 ἐν
3215 3779 3462 3845 συντόμῳ
3486 3775 3581 3843 τὴν
3618 3772 3715 3824 τοῦ
3743 3772 3850 3824 Ma.

2285 3875 2584 3946 σχοπούλου
2615 3876 2708 3928 καὶ
2740 3875 2880 3943 ἕτερ’
2912 3874 3049 3926 ἄττα
3085 3870 3613 3940 περιλαμϐάνουσαν·
3645 3863 3722 3926 ὡς
3751 3865 3851 3914 ἀπ-

2281 3969 2452 4038 αρχάς
2477 3984 2627 4028 τινας
2655 3965 2754 4034 τῆς
2789 3963 2912 4033 ὅλης
2943 3961 3275 4029 ἐπιστήμης.
3311 3955 3443 4009 Εἶτα
3483 3954 3610 4023 περὶ

2280 4058 2604 4130 ποιητικῶν,
2652 4057 2866 4126 μέτρων
2913 4071 2973 4105 τε
3019 4053 3113 4105 καὶ
3141 4051 3438 4103 διαλέκτων
3463 4062 3477 4077 ο
3508 4046 3542 4099 ἆ
3582 4046 3683 4096 καὶ
3717 4043 3844 4112 μέρη

2279 4152 2377 4218 τῆς
2403 4146 2798 4218 γραμματικῆς
2821 4147 2924 4196 εἰσι
2951 4141 3042 4194 καὶ
3066 4141 3272 4210 ὄργανα
3297 4135 3583 4206 δήπουθεν.
3619 4135 3778 4193 Ἴσως
3798 4131 3848 4182 δὲ

2282 4240 2374 4292 καὶ
2404 4240 2566 4307 ἕτερα
2594 4227 2666 4289 ὧν
2698 4235 2796 4287 οὐκ
2821 4233 3168 4304 ἐμνήσθησαν
3197 4231 3243 4281 οἱ
3274 4227 3382 4279 νέοι
3414 4226 3522 4278 τῶν
3546 4235 3852 4290 γραμματι-

2284 4329 2485 4398 κῶν,ἢ
2538 4329 2631 4380 καὶ
2666 4324 2920 4394 ἀμυδρῶς
2966 4321 3176 4390 διῆλθον
3237 4320 3331 4371 καὶ
3381 4312 3845 4382 συντετμημένως,

2281 4423 2372 4475 καὶ
2403 4418 2651 4473 ἐντεῦθεν
2682 4415 2964 4469 δυσκολίαν
2991 4412 3296 4482 παρέχοντα
3337 4410 3446 4468 τοῖς
3477 4404 3848 4470 είσαγωγικοίς

2283 4512 2662 4581 προσθήσομεν
2682 4523 2695 4536 ⁸
2727 4507 2884 4575 εἴπερ
2928 4504 3155 4573 ἡσυχίαν
3183 4503 3312 4571 ἡμῖν
3341 4498 3638 4568 χορηγήσει
3659 4493 3848 4596 Κύριε

2283 4603 2376 4654 καὶ
2407 4599 2602 4670 βουλὴν
2635 4595 2898 4665 βελτίονα,
2935 4593 3071 4662 προς
3116 4593 3183 4662 τῇ
3228 4591 3337 4658 ζωῇ
3391 4590 3480 4639 καὶ
3529 4584 3724 4652 ὑγείαο
3765 4584 3850 4632 καὶ

2283 4690 2530 4763 κρεῖττόν
2575 4708 2627 4742 τι
2662 4690 2754 4740 καὶ
2788 4681 3098 4754 θαυμαστὸν
3129 4680 3437 4750 παρέξομεν
3459 4677 3517 4728 τὸ
3552 4675 3846 4763 σύνταγμα.

2285 4761 2428 4853 Πρὸς
2470 4782 2682 4844 τούτοις
2725 4775 3122 4848 παρεγγυῶμαι
3170 4778 3278 4834 τοῖς
3323 4769 3687 4839 μανθάνουσι),
3730 4761 3850 4832 μηδὲ

2281 4852 2481 4928 λοιπῶν
2511 4852 2752 4944 ἀμελεῖν,
2781 4863 2894 4922 οἷον
2927 4865 3020 4920 τοῦ
3052 4883 3110 4918 τε
3153 4865 3336 4932 τρίτου
3372 4857 3574 4929 βιϐλίου
3626 4853 3723 4907 τοῦ
3752 4853 3849 4906 Λα-

2284 4965 2550 5035 σκάρεως,
2585 4964 2676 5015 καὶ
2705 4961 3002 5030 θεοδὼρου,
3040 4955 3200 5011 αὑτοῦ
3227 4971 3283 5006 τε
3320 4953 3411 5004 τοῦ
3439 4953 3620 5020 τρίτου
3658 4948 3754 5048 καί
3769 4961 3848 5048 ρε-

2281 5057 2500 5127 τὰρτου,
2531 5051 2650 5107 εἶτα
2691 5055 2784 5105 καὶ
2828 5051 3036 5115 λεξικόν
3081 5066 3130 5099 τι
3167 5044 3492 5113 κεκτῆσθαι,
3534 5041 3626 5092 καὶ
3663 5035 3850 5108 μᾶλλον

2281 5150 2340 5202 τὸ
2369 5149 2462 5200 τοῦ
2490 5147 2715 5216 Βαρῖνου
2736 5161 2749 5176 ⁸
2777 5146 2915 5198 πάνυ
2952 5141 3255 5210 συμϐαλλον
3285 5139 3362 5197 εἷς
3387 5154 3444 5187 τε
3468 5129 3846 5223 ὀρθογραφίαν,

2286 5232 2643 5302 ὲτυμολογίαν
2673 5249 2729 5282 τε
2762 5232 2856 5282 καὶ
2884 5230 3146 5298 ἱστορίαν,
3172 5226 3265 5278 καὶ
3296 5226 3431 5278 ἄλλα
3462 5221 3626 5274 πολλὰ
3653 5230 3851 5286 χρηστα

2287 5342 2343 5376 τε
2374 5324 2468 5375 καὶ
2499 5323 2806 5392 θαυμαστά.
2855 5321 3037 5372 Ταῦτα
3070 5320 3176 5388 γὰρ
3212 5319 3262 5369 εἴ
3287 5334 3370 5378 τις
3400 5311 3773 5379 ἐπιστημόνως
3796 5321 3847 5356 τε

2290 5417 2381 5467 καὶ
2409 5415 2685 5484 ἐπιμελῶς
2716 5414 2914 5483 διέλθῃ,
2949 5412 3144 5481 πολλὴν
3177 5410 3288 5473 ἕξει
3320 5410 3414 5477 τὴν
3444 5401 3734 5474 ὼᾳέλειαν,
3765 5412 3848 5450 και

2291 5505 2428 5576 πρὸς
2453 5506 2520 5555 τὰ
2549 5505 2733 5574 πρόσω
2767 5503 2958 5570 ῥοπήν.

609 5581 863 5636 scendam
896 5587 1243 5640 utilissimum
1283 5599 1384 5652 cst,
1455 5598 1822 5660 praetereaque
1854 5593 2021 5646 multa
2088 5595 2301 5664 egregia
2341 5595 2626 5647 continet:
2661 5593 2859 5661 quibus
2924 5591 2968 5646 si
2999 5591 3136 5660 ‘quis
3191 5605 3313 5645 cum
3365 5602 3534 5658 grano
3603 5581 3736 5638 salis
3773 5589 3864 5632 πί

608 5670 899 5741 (Μιςρηιρι-
922 5695 1136 5746 operam
1169 5681 1468 5745 nararerit,
1503 5681 1731 5737 multum
1764 5683 1887 5740 inde
1925 5685 2174 5742 utilitatis
2219 5687 2480 5757 percipiet
2516 5697 2678 5756 atque
2715 5686 2765 5739 in
2793 5687 2907 5741 dies
2937 5686 3199 5754 proficiet.
