4088 6492
215 355 367 416 1369

1243 351 1658 412 l’I-IlLOTIIEI
1698 350 2045 412 MONACHI
2084 346 2462 408 ASCETICA.

3335 332 3473 397 1370

224 513 3453 559 W

646 727 1864 885 PHILOTHEUS
1948 719 3037 880 MONACHUS.

295 1186 430 1240 Cod.
467 1201 585 1242 xcv.
627 1184 718 1239 fol.
755 1185 824 1238 95
850 1201 899 1238 a.
934 1183 1042 1237 Tit.
1067 1213 1137 1224 ——
1167 1183 1483 1249 Ἀσκητωιὰ
1539 1183 1643 1237 τοῦ
1684 1183 1859 1236 ὁσίου
1891 1179 2117 1250 Πατρρς
2145 1179 2312 1245 ἡμῶν
2340 1173 2928 1250 Φιλοθέου-μοναχοῦ
2953 1171 3148 1250 μον-ἦς
3168 1169 3276 1237 τῆς
3298 1172 3478 1250 ἠπερ-

218 1256 402 1321 αγίας
436 1257 724 1309 Θεοτόκου
754 1254 864 1319 τῆς
888 1254 1083 1318 ,ϐάτου
1117 1253 1223 1321 (1)·
1247 1245 1404 1308 -Μ
1437 1263 1539 1318 est,
1574 1254 1805 1307 Ascelica

1913 1245 2016 1304 ncti
2043 1249 2221 1303 Patris
2255 1249 2421 1301 nostri
2451 1245 2735 1302 Philol/iet.
2763 1245 3000 1296 monac/ii
3027 1245 3331 1294 monasterii
3354 1256 3479 1291 san-

222 1327 482 1378 ctissime:
517 1325 764 1394 Deipara:
789 1325 933 1387 Bati,
975 1341 1070 1377 seu
1103 1324 1249 1379 rubi.

299 1487 493 1556 Incipit
522 1503 534 1536 :
561 1485 714 1537 Ὅσοι
733 1485 810 1545 εἰς
831 1483 1063 1552 Χριστὸν
1093 1481 1520 1550 ἐϐαπτίσθημεν,
1551 1481 1692 1533 κατὰ
1716 1479 1805 1532 τὸν

1981 1476 2302 1543 Quicunque
2333 1473 2385 1526 in
2427 1472 2703 1524 Christum
2743 1469 2998 1536 baptizati
3036 1484 3248 1526 smnus,
3281 1483 3482 1521 secun-

222 1577 373 1632 Θεῖον
417 1574 758 1635 ’Λπόστολον,
792 1573 1026 1642 Χριστὸν
1063 1572 1410 1642 ὲνδεδύμεθα,
1452 1572 1694 1641 δηλονότι
1746 1569 1807 1633 ἐξ

223 1671 446 1740 ἡμέρας
466 1668 556 1719 καί
580 1665 724 1735 ὥρας
752 1663 844 1716 τοῦ
865 1664 1007 1716 θείου
1027 1664 1427 1732 βαπτίσματος.
1455 1663 1655 1726 Ἐξαπέ
1666 1679 1806 1713 στει-

223 1762 320 1814 λεν
351 1763 376 1814 ὁ
405 1760 560 1822 Θεὸς,
591 1759 741 1827 φησὶ,
766 1757 826 1809 τὸ
853 1756 1075 1825 Πνεῦμα
1104 1757 1196 1808 τοῦ
1232 1757 1362 1808 Υίοῦ
1396 1756 1560 1809 αὑτοῦ
1594 1756 1652 1806 ἐν
1683 1755 1804 1816 ταῖς

224 1855 478 1925 καρδίαις
499 1849 658 1920 ἡμῶν
685 1849 905 1920 κρᾶζον·
946 1848 1115 1901 Ἀϐὅᾶ
1134 1851 1161 1901 ὀ
1178 1848 1388 1917 Πατὴρ,
1405 1851 1500 1900 καὶ
1525 1846 1677 1909 αὐτὸ,
1698 1861 1805 1913 φη-

226 1944 307 2008 σὶ,
334 1945 398 1997 τὸ
431 1945 654 2010 Πνεῦμα
685 1941 1071 2010 συμμαρτυρεῖ
1099 1939 1174 2009 τῷ
1209 1939 1476 2008 πνεύματι
1509 1937 1686 2007 ἡμῶν,
1722 1938 1806 1988 ὅτι

224 2035 400 2104 ἐσμὲν
426 2034 589 2086 τέκνα
614 2031 770 2096 Θεοῦ,
792 2032 839 2083 εί
860 2031 914 2083 δὲ
938 2031 1102 2083 τέκνα
1121 2031 1214 2082 καὶ
1233 2030 1581 2100 κληρονόμοι,
1607 2029 1806 2099 κληρο-

225 2122 383 2191 νόμοι
401 2121 498 2190 μὲν
514 2119 670 2182 Θεοῦ,
700 2117 1132 2188 συγκληρονόμοι
1152 2117 1208 2170 δὲ
1229 2116 1485 2188 Χριστοῦ.
1515 2118 1578 2168 Ei
1603 2117 1803 2178 τοίνυν,

223 2214 521 2280 ὲπιφάσκει
544 2214 572 2264 ὁ
601 2210 935 2278 θεοψάντωρο
967 2208 1203 2277 Χριστὸν
1225 2206 1594 2276 ὲνεδυσάμεθα
1619 2207 1684 2259 ὲκ
1715 2206 1808 2275 βα-

225 2301 552 2370 πτίσματος,
585 2299 678 2354 καὶ
710 2298 944 2368 Χριστὸς
991 2299 1196 2366 Ἰησοῦς
1235 2300 1374 2350 οἰκεῖ
1420 2299 1478 2350 ἐν
1523 2299 1675 2366 ἡμῖν,
1712 2297 1806 2350 καὶ

222 2391 524 2462 ἀρραϐῶνα
562 2388 875 2458 [Ινεύματος
917 2389 1072 2454 ἁγίου
1119 2389 1216 2456 τῆς
1251 2387 1553 2457 μελλούσης
1587 2388 1805 2438 αἰωνίου

224 2481 377 2550 ζωῆς
406 2480 692 2549 ἐλάϐομεν,
720 2481 814 2532 καὶ
842 2475 1012 2544 οἶκος,
1045 2479 1116 2538 ὡς
1140 2479 1266 2547 ἔφη,
1295 2480 1393 2547 τῆς
1423 2480 1807 2548 προσκυνητῆς

223 2575 324 2626 καὶ
355 2572 515 2640 ἁγίας
542 2573 769 2642 Τριάδος
804 2572 1128 2640 γεγόναμεν’
1165 2570 1217 2623 τί
1251 2572 1332 2624 δεῖ
1364 2573 1514 2642 ἡμᾶς
1543 2570 1802 2641 ποιῆσαι;

225 2665 326 2720 καὶ
355 2665 470 2727 πῶς
495 2665 551 2718 ἐν
584 2665 734 2734 φόϐῳ
768 2665 863 2717 καὶ
895 2664 1085 2733 τρόμῳ
1116 2665 1213 2734 τὴν
1236 2663 1391 2733 ἡμῶν
1419 2663 1599 2716 αὐτῶν
1628 2681 1803 2732 σωτη-

227 2756 358 2826 ρίαν
407 2753 868 2824 κατεργὰζεσθαι,
903 2755 990 2808 ἶνα
1026 2754 1101 2824 μὴ
1136 2755 1256 2806 ἀντὶ
1282 2755 1431 2806 οἴκου
1467 2753 1625 2817 Θεοῦ,
1659 2749 1805 2816 οἶκος

223 2847 474 2899 διαόὀλου
517 2848 674 2901 πάλιν
704 2846 1028 2916 γενώμεθας
1060 2847 1124 2898 Τί
1155 2846 1208 2898 δὲ
1233 2847 1380 2910 ἄλλο,
1417 2845 1448 2915 ἢ
1495 2847 1806 2914 μιμητικῶς

225 2940 284 2990 ἐν
315 2939 416 3007 βίῳ
467 2937 685 3008 Χριστῷ
707 2938 1054 3003 ἀκολουθεῖν;
1089 2939 1153 2989 Τί
1184 2934 1276 2991 οῦν
1300 2937 1580 3007 είπωμεν;
1609 2939 1690 2990 ὅτι
1715 2938 1804 2989 τὸν

222 3032 453 3085 ὖπισϐεν
487 3033 724 3103 Χριστοῦ
760 3033 1085 3104 πορεύεσθαι
1137 3034 1416 3103 μέλλοντα,
1449 3032 1805 3102 ἀναχωρῆσαι

225 3123 323 3177 καὶ
357 3122 735 3186 ἀποτάξασθαι
779 3123 860 3176 δεῖ
901 3124 976 3194 τῷ
1026 3123 1215 3192 κόσμῳ
1258 3121 1451 3191 τούτῳ.
1498 3122 1628 3175 Ἰδοὺ
1675 3138 1805 3191 προ-

223 3215 489 3284 ειλήφατε
534 3214 694 3266 τοῦτο
743 3216 988 3284 ποιῆσαι.
1036 3213 1196 3266 Ἀλλά
1241 3214 1504 3280 εἴπωμεν,
1539 3213 1619 3264 ὅτι
1654 3211 1806 3275 ξένος

223 3304 330 3373 τῆς
364 3305 558 3357 ἑαυτοῦ
599 3303 855 3375 πατρίδος
904 3304 998 3357 καὶ
1028 3304 1198 3372 φίλων
1240 3304 1333 3355 καὶ
1362 3303 1562 3370 γονέων
1601 3302 1803 3371 ὀφείλει

222 3395 483 3461 γενέσθαι
511 3413 594 3457 τις
632 3396 720 3448 διὰ
757 3395 1023 3464 Χριστόν;
1068 3394 1198 3448 Ἰδοὺ
1239 3396 1337 3447 καὶ¹
1379 3393 1539 3446 τοῦτο
1579 3394 1806 3456 ἕκαστος

221 3485 258 3552 ἡ
269 3482 388 3552 μῶν
415 3485 713 3552 πεποίηκεν
735 3499 747 3512 °
783 3484 918 3536 ἀλλὰ
939 3486 1056 3549 ταῖς
1089 3486 1421 3552 προσευχαῖς
1459 3500 1806 3553 προσκαρτε-

227 3575 348 3643 ρεῖν
373 3574 514 3641 ὑμᾶς
543 3575 968 3643 ὑπομνήσωμεν,
1001 3575 1094 3626 καὶ
1127 3576 1183 3625 ὲν
1216 3574 1464 3642 Γραφαῖς
1496 3574 1677 3641 ἁγίαις
1709 3574 1804 3641 ἐγ-

222 3663 606 3732 γυμνάζεσθαι
628 3681 642 3728 ;
687 3664 819 3716 Ἰδοὺ
851 3664 1030 3733 χάριτι
1058 3663 1294 3733 Χριστοῦ
1317 3663 1382 3715 δι’
1407 3663 1688 3733 ἀσκήσεως
1712 3663 1806 3714 αὐ-

221 3755 352 3815 ταῖς
382 3753 783 3822 ὲνδιατρίὸετεο
833 3754 930 3806 καὶ
973 3757 1036 3824 τῇ
1085 3754 1405 3824 φιλαδελφίᾳ
1448 3754 1541 3806 καὶ
1589 3755 1804 3822 ὑπακοῇ

219 3841 306 3912 τῷ
335 3841 576 3910 Χριστῷ,
609 3841 836 3911 διαδόχῳ
865 3841 940 3904 ὡς
974 3842 1120 3912 αὑτῷ
1147 3841 1326 3904 καλῶς
1357 3857 1421 3910 γε
1462 3843 1520 3894 ἐν
1543 3841 1808 3893 ταπεινώ-

224 3947 312 3983 σει
339 3931 704 3993 ὑπακούοντες
730 3932 824 3983 καὶ
856 3931 1307 4001 ὑποταττόμενοι.

315 4043 476 4095 Ἀλλά
505 4045 641 4114 πρὸς
674 4047 784 4105 τοῖς
814 4043 995 4106 ἄλλοις
1024 4043 1178 4112 ήμῶν
1201 4045 1258 4096 ὲν
1282 4043 1502 4113 Χριστῷ
1529 4043 1808 4114 ἀνδραγα-

1905 1569 2033 1622 dum
2089 1567 2338 1622 divinum
2396 1564 2760 1631 Apostolutu,
2820 1560 3096 1614 Christum
3161 1559 3480 1621 induimus,

1906 1663 2116 1716 scilicet
2175 1675 2204 1715 a
2251 1661 2342 1712 die
2394 1667 2450 1711 et
2509 1658 2640 1709 hora
2693 1655 2862 1707 divini
2919 1653 3286 1722 baptismatis.
3341 1651 3486 1705 Misit

1906 1755 2070 1817 Deus,
2126 1754 2319 1822 inquit,
2380 1749 2638 1817 Spiritum
2687 1746 2806 1798 Filii
2861 1747 2945 1799 sui
2995 1745 3048 1797 in
3093 1745 3254 1796 corda
3299 1751 3482 1795 nostra

1906 1846 2228 1898 clamantem
2261 1860 2273 1897 :
2311 1842 2480 1904 Abba,
2515 1840 2697 1893 Pater.
2731 1839 2791 1890 Et
2843 1837 2955 1905 ipse
2991 1835 3247 1904 Spiritus,
3283 1833 3482 1902 inquit,

1909 1935 2277 1990 testimonioin
2331 1933 2510 1985 reddit
2558 1929 2776 1999 spiritui
2829 1939 3039 1984 nostro,
3099 1925 3242 1994 quod
3293 1939 3485 1978 sumus

1907 2029 2001 2083 ﬁlii
2050 2027 2164 2081 Dei.
2227 2025 2284 2081 Si
2321 2035 2502 2079 autem
2540 2024 2632 2076 lilii
2671 2030 2728 2075 et
2760 2019 3035 2081 haeredes;
3087 2016 3326 2070 been-des
3367 2016 3488 2084 qui-

1907 2121 2026 2174 den
2081 2119 2192 2180 Hei,
2247 2117 2560 2171 coliznt'edes
2610 2124 2791 2168 autem
2843 2107 3077 2165 Christi?
3109 2109 3164 2162 Si
3207 2107 3390 2178 igitur,
3427 2116 3488 2160 ut

1908 2214 2044 2267 dixit
2095 2212 2186 2266 Dei
2239 2224 2419 2280 praeco
2448 2249 2464 2272 ,
2510 2209 2785 2262 Christum
2841 2204 3120 2256 induimus
3165 2215 3260 2269 per
3307 2200 3476 2268 bapti-

1909 2320 2088 2359 summ
2112 2339 2126 2368 ,
2161 2312 2212 2355 ct
2243 2301 2500 2356 Christus
2531 2298 2691 2352 Jcsus
2741 2298 2794 2350 in
2830 2295 2986 2348 nobis
3031 2293 3323 2353 inhabitat,
3362 2303 3417 2344 et
3455 2308 3485 2345 a

1911 2394 2112 2465 Spiritu
2153 2405 2341 2448 sancto
2374 2392 2572 2445 futui-ie
2604 2407 2664 2443 ac
2699 2399 2916 2442 acterna:
2962 2387 3087 2439 vita:
3134 2386 3359 2453 pignora
3398 2399 3490 2438 ac-

1911 2488 2187 2555 cepimus,
2227 2495 2282 2538 et
2318 2483 2686 2538 habitaculum
2727 2481 2902 2534 eﬂ‘ecti
2954 2494 3147 2533 sumus
3197 2476 3489 2530 adoranda:

1906 2586 1961 2632 et
1979 2589 2178 2632 sancta:
2209 2577 2497 2631 Trinitatis
2515 2615 2529 2639 ,
2563 2574 2692 2643 quid
2724 2573 2905 2626 facere
2929 2571 3234 2625 debemus?
3257 2578 3311 2622 et
3344 2584 3487 2636 quo-

1910 2670 2074 2722 modo
2109 2669 2161 2720 iu
2197 2677 2341 2721 metu
2373 2677 2425 2719 et
2463 2677 2698 2719 tremore
2730 2663 2960 2715 salutem
3002 2669 3243 2712 nostram
3291 2673 3486 2724 opera-

1908 2760 1975 2823 ri,
2036 2775 2100 2812 ne
2154 2774 2252 2827 pro
2285 2757 2447 2809 domo
2498 2756 2610 2816 Dei,
2671 2756 2869 2806 domus
2918 2749 3119 2803 diaboli
3155 2747 3486 2801 ciliciamur?

1840 2833 2048 2913 BQuid
2101 2861 2280 2902 autem
2330 2847 2510 2905 aliud,
2559 2845 2661 2899 nisi
2713 2845 2766 2896 in
2821 2843 2928 2895 vita
2974 2849 3160 2894 nostra
3209 2839 3487 2892 Christum

1907 2940 2058 3008 sequi
2115 2953 2177 2992 ac
2221 2937 2462 2991 imitari?
2490 2936 2628 3001 Quid
2686 2935 2853 3004 igitur
2898 2931 3182 2986 dicemus?
3213 2928 3350 2995 Quia
3394 2930 3485 2999 qui

1905 3029 2184 3083 Christum
2216 3027 2371 3096 sequi
2402 3028 2540 3087 vult,
2575 3026 2722 3078 hunc
2750 3021 3016 3077 mundum
3057 3019 3490 3088 relinquet-ede-

1906 3121 1997 3174 bet
2045 3132 2097 3174 et
2147 3117 2196 3173 ei
2245 3119 2578 3173 renuntiare.
2614 3116 2751 3170 Ecce
2804 3113 3118 3183 huiusmodi
3149 3123 3232 3167 est
3263 3127 3493 3166 e0uver-

1906 3213 2049 3267 satio
2104 3223 2310 3265 vestra.
2365 3210 2556 3264 Nonne
2616 3209 2863 3262 dicemus
2903 3206 3029 3275 quia
3076 3217 3297 3274 propter
3334 3203 3493 3256 Chri-

1904 3315 2047 3360 stum
2105 3305 2412 3372 relinquere
2469 3309 2684 3371 oportet
2707 3278 2994 3369 “patriam,
3046 3298 3386 3366 propinquos
3439 3305 3491 3350 et

1909 3395 2156 3450 amicos?
2185 3394 2324 3448 Ecce
2362 3395 2464 3447 hoc
2510 3394 2676 3447 etiam
2711 3390 3092 3459 unusquisque
3135 3398 3379 3443 nostrmn
3413 3388 3491 3442 fe-

1905 3488 1994 3541 cit.
2021 3485 2516 3539 Memorabimusue
2581 3485 2646 3538 de
2698 3481 3104 3552 perseverantia
3133 3480 3187 3534 in
3223 3480 3488 3542 oratione,

1905 3578 2380 3632 deoxercitatione
2407 3578 2459 3631 in
2487 3577 2788 3644 Scripturis
2816 3575 3032 3629 sacris?
3065 3573 3204 3628 Ecce
3234 3590 3326 3642 per
3356 3590 3488 3641 gra-

1908 3672 2033 3726 tiam
2075 3673 2277 3726 Christi
2311 3672 2394 3726 his
2438 3671 2756 3747 ineumbitis
2803 3680 2855 3723 et
2888 3668 3311 3723 conversamini.
3345 3669 3491 3722 Cha-

1909 3764 2121 3818 ritatem
2160 3764 2458 3817 fraternam
2507 3774 2559 3816 et
2589 3763 2808 3815 Christo
2847 3761 3240 3826 subiectionem
3273 3775 3490 3814 exerce-

1909 3856 1998 3918 tis,
2032 3856 2085 3908 iu
2119 3856 2430 3909 humilitate
2461 3871 2582 3923 quae
2630 3854 2916 3923 praedictas
2947 3853 3176 3906 virtutes
3216 3853 3489 3920 sequitur,

1908 3936 2232 4000 obedientes
2261 3954 2314 3998 et
2343 3946 2600 4012 subjecti.

1985 4062 2089 4115 Sed
2127 4079 2250 4116 cum
2283 4063 2406 4115 aliis
2443 4063 2646 4116 nostris
2678 4062 2732 4113 in
2761 4059 2981 4115 Christo
3017 4060 3276 4129 prmi-lare
3301 4059 3489 4127 gestis.

223 4133 458 4202 ϐήμασι,
489 4130 684 4186 δεῖκαὶ
711 4133 778 4202 τῇ
819 4133 985 4202 κακίᾳ
1024 4136 1081 4184 ἐν
1110 4134 1389 4201 λογισμοῖς
1419 4134 1684 4202 πονηρίας
1713 4134 1804 4185 καὶ

1911 4152 2211 4205 cavendum
2265 4161 2347 4205 est
2401 4167 2466 4204 ne
2519 4160 2728 4203 secreto
2782 4151 3048 4202 malitiam
3097 4148 3489 4217 cogitationum

222 4223 604 4294 αἰσχρότητος,
651 4224 727 4293 μὴ
757 4224 1077 4287 συνδυάςειν
1125 4225 1181 4274 ἐν
1212 4224 1290 4293 τῷ
1329 4225 1573 4295 κρυπτῷ.
1617 4225 1806 4277 Ἔστιν

221 4312 322 4369 οὖν
349 4313 537 4384 νοητὸς
560 4317 796 4385 πόλεμος
821 4317 881 4367 ὲν
911 4316 1042 4384 ἡμῖν
1066 4315 1248 4378 αὐτοῖς
1283 4316 1374 4368 τοῦ
1418 4317 1676 4386 αἰσθητοῦ
1707 4334 1806 4386 χα-

223 4404 558 4476 λεπώτερος,
582 4407 642 4460 ὃν
668 4409 718 4459 ει
746 4409 861 4468 τοῖς
890 4409 989 4476 τῆς
1019 4405 1303 4474 ὑποταγῆς
1325 4407 1479 4476 ὑμῶν
1507 4406 1688 4471 ἄθλοις
1713 4410 1802 4461 καὶ

225 4500 603 4569 προαιρέσεως
667 4500 865 4568 αἵμασι
918 4499 1014 4551 καὶ
1071 4499 1235 4553 αὐτὸν
1283 4500 1679 4570 κατορθώσετε,
1730 4503 1805 4566 ὡς

224 4587 516 4657 φωστῆρες
548 4589 851 4656 φανήσεσθε
899 4587 1056 4655 λόγον
1099 4588 1245 4658 ζωῆς
1287 4588 1520 4658 ἔχοντες,
1552 4589 1804 4654 ἀνύοντες

221 4676 288 4728 τὸ
312 4676 414 4744 τῆς
447 4677 804 4746 συνειδήσεως
833 4678 1155 4749 μαρτύριον.
1193 4680 1402 4750 Ὥσπερ
1434 4679 1540 4748 γὰρ
1572 4682 1664 4732 ἐπὶ
1692 4683 1802 4734 τῶν

227 4768 492 4838 ἰατρικῶν
543 4770 870 4838 φαρμάκων,
926 4772 1031 4822 εἰσὶ
1071 4771 1169 4840 μέν
1211 4789 1333 4824 τινα
1372 4772 1700 4842 προσφάτως
1747 4774 1808 4825 τὸ

226 4859 393 4926 σῶμα
415 4859 800 4928 ὑπερείδοντα,
839 4861 1002 4929 ἕτερα
1042 4863 1096 4913 δὲ
1132 4862 1393 4923 πολλάκις
1425 4862 1587 4932 μέχρι
1616 4864 1803 4926 τέλους

221 4947 484 5010 ὑπόθεσις
503 4950 804 5019 εὐημερίας
825 4951 974 5019 αὑτῴ
996 4951 1279 5020 γινόμενα,
1300 4951 1441 5004 οὕτω
1459 4969 1522 5019 γε
1547 4954 1652 5022 χρὴ
1671 4957 1808 5004 νοεῖ-θ

1913 4258 2203 4312 pravarum
2247 4250 2342 4294 aut
2386 4239 2623 4309 turpium
2677 4241 3030 4294 misceamus.
3087 4240 3178 4292 Est.
3226 4239 3392 4306 igitur
3437 4239 3488 4290 in

1913 4337 2068 4390 nobis
2115 4336 2248 4403 ipsis
2293 4335 2492 4388 bellmn
2540 4333 2822 4402 spirituale
2869 4343 2922 4386 et
2965 4333 3219 4387 sensuale
3272 4333 3489 4400 quidem

1913 4426 2151 4495 gravius,
2191 4423 2334 4493 quod
2373 4417 2462 4477 ubi
2498 4437 2590 4476 vos
2631 4424 2956 4478 obedientite
3004 4423 3399 4478 certaminibus
3439 4434 3495 4477 et

1914 4517 2099 4569 animo
2131 4515 2211 4568 vel
2238 4515 2303 4567 ad
2335 4515 2501 4566 vitam
2533 4513 2945 4567 sacrillcandam
2972 4498 3246 4580 paratoad
3289 4515 3489 4567 bonum

1917 4607 2076 4660 tinem
2107 4606 2494 4675 perduxeritis,
2527 4605 2776 4658 lucebitis
2804 4615 2859 4657 ut
2890 4601 3200 4666 luminaria,
3231 4604 3492 4659 habentes

1912 4699 2137 4751 verbum
2191 4698 2358 4760 vita),
2418 4698 2776 4766 impetrantes
2838 4696 3188 4750 conscientia:
3245 4697 3492 4749 testimo-

1908 4791 2081 4843 nimn.
2133 4787 2606 4854 Quemadmodum
2657 4790 2800 4842 enim
2865 4789 3204 4842 medicorum
3255 4789 3490 4841 remedia

1912 4879 2021 4930 alia
2059 4878 2278 4945 quidem
2309 4895 2509 4946 corpus
2543 4886 2869 4938 sustentant,
2899 4877 3006 4928 alia
3036 4885 3215 4928 autem
3245 4891 3388 4942 saepe
3423 4877 3487 4927 ad

1919 4969 2078 5022 linem
2113 4987 2282 5037 usque
2319 4971 2515 5022 bonam
2551 4969 2600 5021 ei
2641 4969 3002 5021 valetudinem
3038 4975 3383 5027 conservant,
3417 4966 3489 5019 ita

221 5037 325 5091 καὶ
366 5038 460 5090 ἐπὶ
498 5039 606 5090 τῶν
645 5039 767 5091 κατ’
794 5041 1077 5092 εὺσέὖειαν
1111 5040 1422 5112 ἁσκητικῶν
1456 5043 1805 5112 σπουδασμά-

1921 5059 2082 5110 etiam
2106 5059 2453 5112 statuendum
2483 5067 2567 5110 est
2597 5058 2662 5110 de
2689 5056 2942 5111 asceticis
2969 5055 3188 5124 pietatis
3219 5056 3488 5109 exercita-

221 5144 356 5191 των,
394 5127 502 5180 τῶν
534 5145 594 5180 τε
624 5129 765 5182 κατὰ
792 5130 916 5182 νοῦν
945 5131 1201 5200 κρυπτῶς
1226 5132 1675 5203 ὲπιτελουμὲνῶν,
1708 5137 1803 5184 καὶ

219 5219 283 5276 ὲν
320 5217 569 5287 σώματι⁹
607 5219 702 5271 καί
735 5237 847 5288 μοι,
889 5223 1044 5290 φησὶ,
1097 5222 1181 5284 τὶς
1219 5222 1456 5292 ἐργάτης
1497 5225 1588 5276 τὸν
1621 5223 1688 5275 δι’
1719 5223 1755 5276 ἃ
1786 5226 1814 5276 ὁ

219 5309 385 5376 λόγος
419 5310 506 5361 ἐπ’
535 5310 708 5363 ἐλπίδι
737 5309 879 5376 εἷπε,
915 5313 995 5364 δεῖ
1022 5313 1112 5364 τὸν
1136 5315 1234 5383 τῆς
1267 5314 1545 5375 εὐσεϐείας
1572 5316 1812 5383 ἐργάτην

218 5401 443 5471 τρέχειν
463 5418 477 5432 ο
512 5404 605 5454 καὶ
633 5405 774 5456 κατὰ
805 5404 1002 5456 σκοπὸν
1036 5404 1258 5458 διώκειν
1291 5409 1349 5457 ἐν
1366 5407 1439 5475 νῷ
1467 5405 1557 5457 τοῦ
1591 5407 1812 5470 τελείως

218 5493 328 5558 τὴν
355 5491 450 5543 τοῦ
481 5492 616 5545 Θεοῦ
654 5495 878 5563 μνήμην
908 5497 964 5548 ὲν
991 5496 1193 5567 καρδία
1233 5497 1424 5568 ῶσπερ
1458 5500 1809 5569 μαργαρίτην

218 5579 255 5647 ἢ
282 5576 432 5632 λίθον
457 5579 637 5648 τίμιον
668 5580 996 5653 Θησαυρίσαι
1018 5600 1032 5616 ο
1067 5586 1159 5638 καὶ
1193 5587 1297 5656 χρὴ
1339 5587 1515 5640 πάντα
1537 5588 1798 5659 προέσται

295 5735 375 5805 (Ι)
417 5735 552 5795 Cod.
591 5735 726 5791 Nan.
764 5755 813 5808 ι).
857 5739 976 5793 185.

1918 5149 2180 5210 tionibus,
2215 5149 2329 5202 sive
2359 5149 2423 5200 ad
2472 5147 2690 5200 intimos
2744 5147 2912 5199 animi
2952 5163 3223 5211 recessus,
3267 5147 3380 5200 sive
3423 5147 3488 5197 ad

1915 5252 2113 5305 corpus
2174 5246 2440 5305 spectent.
2510 5237 2576 5288 Et
2635 5235 2880 5304 profecto
2942 5237 3214 5290 aseetieus
3268 5237 3488 5304 quid-nu

1917 5326 2048 5378 mihi
2080 5326 2234 5390 dixit,
2262 5325 2718 5394 quemadmodum
2749 5325 3030 5394 Scriptura
3057 5342 3211 5379 sacra
3243 5345 3342 5380 nos
3371 5343 3492 5394 spe-

1915 5426 2039 5462 rare
2095 5411 2268 5478 jubet,
2315 5411 2386 5463 ita
2449 5413 2609 5463 etiam
2676 5411 2894 5479 pietatis
2951 5414 3213 5466 cultorem
3271 5428 3491 5466 currere

1912 5501 2129 5561 debere,
2159 5500 2232 5552 ita
2275 5500 2494 5570 quidem
2533 5510 2589 5552 ut
2617 5500 2735 5569 ejus
2778 5502 2962 5553 animo
2994 5511 3259 5570 perpetuo
3289 5517 3491 5571 scopus

1911 5581 2249 5670 obversetur,
2283 5592 2373 5647 Dei
2413 5593 2730 5646 memoriam
2781 5592 2858 5646 uti
2899 5593 3252 5663 margaritam
3296 5596 3376 5648 vel
3409 5596 3489 5649 la-
