4088 6570
504 419 646 481 1375

1574 404 1633 463 S.
1669 395 1990 460 TARASlI-
2017 387 2526 454 PATRIABCH/E
2555 387 2663 447 CP.

3637 367 3806 433 1376

504 531 642 592 136_
702 524 935 601 Incipit,
960 538 972 581 :
1008 518 1131 581 Τοῖς
1160 513 1435 586 πανιὲροις
1459 513 1552 566 καὶ
1573 513 1636 564 ὲκ
1661 509 1810 570 θείας
1837 505 2122 566 ἐπιπνοίας
2151 499 2578 570 ὑπαγορευθεῖσν
2606 491 2722 550 λιϐἐ
2736 493 2882 555 llos;
2908 492 3007 561 τῆς
3039 489 3314 562 ὑμετέρας
3347 482 3792 601 “remigare-cst.

501 581 866 690 dgito—ltiti;
987 615 1081 666 καὶ
1114 581 1384 678 πατρικῆς
1414 605 1740 676 ἁγιωσύνης.
1777 603 1972 662 FABB.
1998 600 2076 660 V.
2115 598 2139 658 Β

2210 597 2320 659 :nsi
2352 594 2721 690 Collection.
2769 590 2877 654 cit.
2922 596 3076 690 tom.
3114 587 3260 658 XII,
3303 603 3379 690 βλ
3403 581 3787 690 liliiseqq.

505 676 870 784 tat—illorum
942 705 1302 784 Responsio
1345 676 1444 765 ib.
1515 720 1575 778 p.
1635 699 1791 759 1125
1846 712 2025 774 seqq.
2091 701 2154 754 et
2211 690 2464 753 Waich.
2525 688 2566 749 l.
2606 703 2907 784 memrp.
2967 684 3084 745 1ι55
3125 680 3467 784 seqti.§ed
3490 676 3792 784 iiiorurn

505 769 994 894 responsionem
1045 769 1186 865 esse
1234 769 1709 878 supposititiam
1758 769 2128 871 judicarunt
2163 789 2673 894 probarit-utque
2955 779 3297 894 Spa'nhem.
3333 777 3441 894 vi:
3476 769 3794 894 Historiq

898 903 1220 970 restituta,
1250 871 1406 956 sect.
1460 895 1526 966 C,
1561 911 1620 971 p.
1674 891 1792 950 3'12
1823 905 1960 987 seq.
2002 884 2202 963 Lugd.
2238 885 2369 943 Bal.
2413 879 2587 953 1686,
2624 879 2710 952 8’;
2743 877 3021 938 Νηρεί.
3071 874 3106 933 Ι.
3144 887 3199 934 c.
3243 891 3303 949 p.
3333 871 3448 930 551
3483 884 3664 945 stqq.
3714 872 3793 922 et

509 986 842 1071 Schrozckh
914 1003 955 1061 l.
1004 1015 1190 1059 mem.
1239 1006 1393 1057 tom.
1429 994 1576 1060 XX,
1623 1008 1681 1065 ρ.
1717 988 1856 1048 572.
1893 986 2100 1044 HABL.

592 1033 842 1068 Itt‘wcnu
915 1033 955 1061 I.
1005 1033 1190 1059 uncus.
1241 1033 1393 1057 ιυιιι.
1434 1033 1576 1060 nn,
1623 1033 1681 1065 ιι.
1717 1033 1856 1048 νυ...
1896 1033 2100 1044 --.ιι-ς...

585 1097 882 1180 Epistula
912 1096 1313 1156 adloanncm
1337 1088 1546 1168 presb.
1585 1094 1640 1145 et
1664 1085 2094 1160 hegumenum,
2129 1115 2139 1136 ι

2210 1071 2454 1134 :t.Vlll.
2491 1081 2631 1146 pag.
2663 1069 2802 1129 520.
2837 1065 3115 1142 Incipit:
3157 1063 3216 1116 ὀ
3243 1064 3306 1115 ἐκ
3338 1059 3796 1127 θειωνναμάτων
3829 1033 3831 1036 ’

508 1158 781 1252 .565...
819 1194 1151 1258 Πιεὺμχτος.
1180 1158 1373 1249 Ἐλωί.
1405 1187 1473 1245 ln
1498 1181 1695 1243 Mansi
1728 1158 1984 1242 Collect.
2020 1183 2139 1235 tom

2210 1173 2266 1244 Β,
2298 1181 2435 1247 pag.
2473 1167 2583 1226 ιι71
2617 1182 2799 1243 seqq.
2836 1164 2896 1225 ν.
2929 1161 3182 1223 Walch.
3215 1160 3258 1221 Ι.
3283 1177 3338 1220 c.
3369 1177 3432 1236 ρ,
3465 1158 3574 1218 ἰιῦί
3631 1172 3790 1232 seq.

513 1290 608 1348 ΗΑ
638 1306 714 1343 ιι..

590 1383 893 1450 Humilia,
953 1379 1254 1449 necdum,
1309 1375 1479 1451 quod
1535 1374 1753 1436 sciam.
1808 1369 1977 1431 edita
2016 1368 2084 1427 in
2116 1365 2181 1426 S.
2236 1361 2454 1423 Maria!
2502 1356 2773 1417 trimqu
2809 1353 3358 1432 prmentationem
3403 1350 3472 1410 in
3515 1345 3791 1424 templo,

514 1480 697 1556 cujus
727 1480 982 1540 initium
1020 1498 1035 1536 ς
1072 1473 1279 1544 Φαιδρὰ
1310 1473 1406 1524 καὶ
1433 1469 1734 1540 παράδοξος
1767 1468 1799 1536 ὴ
1841 1464 2094 1535 παροῦσαι
2127 1479 2139 1513 1

2210 1462 2458 1531 νήγυρις,
2494 1475 2610 1519 ms.
2647 1455 2712 1514 in
2758 1453 2951 1514 variis
2984 1449 3417 1520 bibliothecis,
3463 1456 3528 1508 ut
3571 1445 3789 1521 regia.

517 1542 674 1635 teste
747 1575 991 1635 Lahheo
1027 1591 1083 1651 p.
1170 1542 1268 1631 80.
1319 1574 1378 1627 et
1430 1564 1824 1626 Coisliniana
1859 1561 2028 1638 apud
2081 1555 2509 1619 Montfaucon.
2547 1571 2607 1630 p.
2644 1551 2784 1610 212.
2849 1547 3144 1651 Meminit
3178 1546 3368 1606 etiam
3396 1542 3661 1651 ullatius
3693 1545 3792 1600 de

515 1671 924 1732 Simeonibus
982 1639 1038 1745 p.
1079 1667 1212 1728 113.
1255 1651 1451 1726 FABR.
1492 1661 1702 1721 Oxon.
1755 1659 1819 1717 in
1877 1660 2018 1718 cod.
2074 1654 2324 1712 Barocc.
2370 1649 2504 1745 17!»,
2540 1653 2601 1707 et
2634 1647 2699 1706 in
2732 1642 3007 1745 cod.lt0.
3043 1643 3284 1745 ThoﬂmL
3307 1640 3479 1710 Cale,
3522 1639 3662 1745 siie
3707 1654 3790 1696 η.

527 1767 706 1840 5874,
739 1767 868 1828 Cat.
903 1734 1056 1825 mss.
1093 1761 1360 1841 Anglice,
1396 1763 1515 1818 etc.
1556 1754 1683 1814 vol.
1721 1757 1798 1814 ll.
1830 1753 2173 1813 Enimvero
2205 1744 2444 1841 Oudin.
2484 1743 2812 1841 lucttom:
2865 1740 2915 1841 ll,
2955 1755 3095 1841 pag.
3133 1737 3552 1841 1922-,“negat,
3586 1734 3796 1841 Tara-

521 1825 718 1935 sium',
745 1862 928 1940 cujus
959 1866 1140 1920 relate
1175 1825 1398 1919 nJulius
1430 1853 1639 1914 adhuc
1667 1851 1872 1912 festus
1907 1848 2046 1909 dies
2081 1838 2595 1905 Prmsentationis
2630 1839 2698 1897 B.
2742 1832 2962 1896 Mariae
2988 1833 3244 1901 fuisset,
3278 1831 3458 1940 illius
3493 1825 3794 1940 humilia:

517 1975 660 2018 esse
706 1921 1086 2036 parentem;
1133 1955 1240 2014 sed
1303 1969 1441 2013 eam
1505 1946 1909 2009 tribuendam
1976 1957 2117 2004 esse
2167 1935 2552 2010 suspicatur,
2610 1932 2708 1993 vel
2777 1929 3078 2008 Georgio,
3123 1925 3513 1989 Nicomediae
3573 1921 3796 2029 archi-

517 2018 869 2130 episcopo,
944 2018 1443 2118 vel'Germano,
1507 2044 1602 2104 vel
1657 2040 1940 2108 Tarasio,
1982 2035 2247 2114 patricio
2294 2034 2610 2110 urbisque
2677 2028 2998 2107 praefecto,
3053 2025 3286 2094 Photii,
3325 2025 3392 2083 P.
3430 2018 3796 2130 CPolitani,

516 2113 818 2226 germano
897 2147 1093 2218 fratri,
1134 2146 1318 2222 cujus
1364 2149 1544 2203 aetate
1595 2139 2049 2216 apud-Graecos
2079 2131 2312 2193 festum
2347 2128 2531 2187 illum
2567 2126 2740 2187 diem
2769 2123 3094 2200 incepisse
3135 2119 3376 2190 videri,
3405 2134 3472 2179 ex
3514 2113 3792 2175 homilia

517 2222 774 2322 Ceorgii
811 2242 1135 2304 Nicomed.
1163 2257 1264 2301 an.
1290 2237 1428 2311 880,
1463 2237 1541 2296 de
1580 2234 1689 2294 illo
1720 2232 1883 2292 festo
1915 2226 2306 2303 die,col|igit
2336 2223 2578 2282 Oudin.
2611 2222 2811 2280 Hanc.

1356 2604 2308 2707 COMMENTARIUS
2383 2598 2935 2686 Pii/EVIUS

1039 2817 1145 2878 DE
1199 2814 1258 2874 S.
1295 2805 1647 2872 TARASIO
1707 2793 2221 2860 PA'I‘RIARCHA
2255 2788 3260 2854 CONSTANTINOPOLITANO.

1648 2967 1785 3038 (Act.
1821 2963 2006 3017 Smtct.
2041 2959 2197 3012 Mart.
2233 2969 2270 3010 t.
2305 2955 2394 3019 lii,
2430 2971 2484 3031 ρ.
2516 2956 2664 3026 572.)

521 3301 630 3377 ﬁl.
697 3295 919 3363 Tempus
983 3284 1388 3377 Pati-ilttrcic‘at'us
1454 3281 1625 3335 sancti
1694 3277 1924 3332 Tarasii.
1984 3273 2182 3328 VitaA

983 3360 1199 3426 scripta.
1236 3355 1422 3408 Cultus
1457 3368 1628 3405 sacer.

595 3466 648 3517 1.
679 3453 1156 3526 Quemadmodum
1213 3455 1405 3504 sancta
1432 3443 1639 3499 Christi
1684 3438 1926 3494 Ecclesia
1973 3446 2106 3490 tunc

521 3550 870 3623 potissimum
901 3557 1029 3598 cum
1070 3538 1241 3592 variis
1275 3537 1560 3590 haereseon
1588 3531 1792 3601 agitata
1823 3525 2104 3596 procellis,

525 3619 555 3699 ξι
593 3640 820 3697 nefariis
867 3632 1192 3690 hominibus
1222 3626 1582 3698 opprimenda
1609 3622 1921 3683 videbatur,
1944 3619 2111 3672 vehe-

527 3725 1041 3789 tnentiusasanctis
1076 3719 1401 3776 doctoribus
1420 3715 1729 3783 fortiusque
1765 3719 2109 3782 pr0pugnata

529 3840 594 3878 ac
627 3821 873 3882 defensa,
923 3815 1131 3884 majore
1177 3819 1235 3866 et
1279 3823 1464 3864 rerum
1503 3815 1778 3876 gestarum
1814 3801 2112 3874 splendore

521 3911 765 3976 emicuit,
816 3915 869 3962 et
923 3906 1194 3961 virtutum
1257 3901 1602 3958 heroicarum
1655 3897 1826 3969 gloria
1882 3897 2105 3952 elucens

522 4001 914 4075 triumphavit;
956 3997 1028 4053 ita
1065 3996 1264 4052 saaculo
1297 4004 1419 4064 post
1451 3991 1733 4048 Christum
1776 3999 1966 4044 natmn
2006 4005 2100 4044 oc-

525 4108 672 4158 tavo,
696 4095 825 4148 dum
851 4093 1116 4146 adversus
1147 4095 1368 4144 sanctas
1399 4086 1666 4154 imagines
1689 4082 1912 4151 impium
1941 4089 2105 4148 atque

523 4188 847 4244 sceleratum
880 4190 1194 4251 susceptum
1230 4187 1376 4234 esset
1413 4177 1636 4241 bellum,
1671 4190 1779 4228 non
1814 4173 2106 4228 defuerunt

523 4281 766 4334 illustres
796 4277 1033 4347 pugiles,
1066 4275 1159 4344 qui
1191 4288 1290 4343 pro
1337 4271 1564 4326 veritate
1605 4268 1939 4323 defendenda
1981 4283 2107 4322 cor-

521 4387 652 4442 pora
699 4386 797 4425 sua
835 4371 1116 4436 vitamque
1174 4365 1497 4434 ohjicerent,
1555 4363 1789 4431 fusoque
1842 4361 2107 4430 sanguine

523 4463 727 4517 cultum
759 4477 1040 4516 sacrarum
1071 4459 1369 4528 imaginum
1396 4457 1720 4512 stabilirent.
1748 4455 1861 4510 Hoc
1885 4469 2104 4509 sacrum

522 4555 726 4609 bellum
759 4553 827 4607 ab
856 4553 978 4607 aliis
1009 4563 1272 4622 coeptum,
1302 4549 1534 4604 feliciter
1563 4563 1664 4603 suo
1704 4559 1946 4617 tempore
1977 4562 2108 4600 con-

524 4648 652 4701 fecit
693 4653 917 4700 sanctus
979 4643 1242 4698 Tarasius
1308 4641 1566 4696 Ecclesiae
1605 4640 2107 4709 ConstantinOpoli-

525 4748 665 4792 tanae
694 4735 1024 4808 patriarcha.
1067 4734 1124 4788 In
1170 4749 1278 4803 qua
1312 4734 1447 4787 urbe
1480 4731 1588 4787 Leo
1621 4732 1897 4786 Isauricus
1937 4731 2109 4798 impe-

523 4839 694 4892 rator,
745 4845 774 4882 a
829 4827 1020 4883 Judan
1058 4827 1372 4895 instigatus,
1427 4825 1635 4894 dejecta
1690 4841 1788 4895 per
1846 4825 2111 4880 satellites

525 4937 659 4976 suos
719 4920 1021 4975 Salvatoris
1079 4919 1339 4988 imagine,
1383 4919 1676 4973 scelestum
1728 4917 1857 4972 illud
1908 4917 2107 4971 bellum

524 5012 676 5066 circa
710 5027 917 5065 annum
948 5010 1159 5065 Christi
1197 5009 1303 5064 726
1331 5009 1647 5076 auspicatus
1681 5017 1785 5074 est,
1822 5024 1885 5064 ac
1915 5009 2112 5063 deinde

523 5105 728 5176 ﬂagitio
757 5112 1107 5159 accrescente
1136 5103 1378 5158 edictum
1420 5102 1586 5159 ferale
1616 5113 1809 5158 contra
1846 5117 2113 5156 veneran-

525 5197 625 5251 das
659 5198 930 5268 imagines
969 5195 1113 5261 tulit,
1152 5193 1208 5248 in
1250 5197 1430 5250 locum
1488 5195 1820 5250 sanctissimi
1879 5196 2113 5265 patriar-

525 5290 642 5344 chae
667 5289 926 5345 Germani
961 5292 1073 5358 (cui
1106 5291 1225 5345 dies
1254 5289 1321 5344 12
1343 5289 1469 5343 Maii
1496 5305 1651 5344 sacer
1682 5290 1784 5355 est)
1822 5289 2112 5345 Anastasio

525 5382 764 5450 quodam
808 5383 1131 5437 substituto.
1158 5380 1330 5451 lmpio
1369 5381 1605 5451 parenti,
1649 5391 1811 5450 atque
1841 5384 2111 5437 haereseos

527 5475 694 5544 hujus
725 5476 1024 5530 architecto
1055 5476 1324 5531 successit
1357 5476 1653 5545 impuriore
1687 5479 1893 5533 scelere
1923 5485 2113 5532 conta-

527 5567 732 5620 minata
795 5569 1038 5634 soboles,
1100 5569 1498 5624 Constantinus
1555 5569 1957 5641 Copronymus,
2017 5570 2112 5640 qui

528 5669 724 5712 coacto
755 5659 920 5713 etiam
973 5661 1270 5729 impiorum
1313 5661 1596 5715 hominum
1624 5662 1991 5717 conciliabulo
2019 5679 2112 5717 sa-

529 5770 654 5808 cras
682 5754 944 5823 imagines
977 5753 1232 5809 damnari
1261 5755 1493 5812 curavit.
1522 5753 1658 5811 Huic
1685 5756 1809 5810 dein
1846 5757 2114 5811 successit

533 5843 642 5902 Leo
670 5844 836 5913 ﬁlius,
863 5857 916 5903 et
948 5846 1064 5918 ipse
1089 5857 1326 5919 paterna:
1353 5848 1621 5921 avitzequc
1657 5849 1830 5907 haeres
1861 5850 2111 5919 impieta-

2213 3269 2301 3322 tis.
2348 3265 2547 3322 Eadem
2592 3263 3076 3319 lconomachorum
3120 3263 3269 3319 rabie
3292 3275 3635 3329 exarserunt,
3695 3270 3802 3336 qui»

2205 3358 2332 3411 dein
2368 3357 2469 3413 sub
2502 3357 2654 3412 hisce
2680 3357 3130 3426 imperatoribus
3169 3367 3508 3426 occuparunt
3551 3350 3791 3427 patriar-

2206 3450 2417 3504 chalem
2444 3449 2921 3518 Constantinopoli
2952 3451 3138 3505 sedem
3175 3467 3188 3504 :
3220 3448 3622 3506 Constantinus
3655 3449 3698 3502 11
3729 3467 3794 3506 ac

2205 3540 2444 3605 Nicetas,
2478 3541 2564 3598 cui
2593 3543 2702 3596 vita
2752 3552 2919 3597 exuto
2948 3544 3217 3599 successit
3243 3541 3472 3608 Paulus,
3519 3545 3615 3613 qui
3652 3543 3800 3597 inira.

2206 3634 2260 3688 in
2288 3635 2435 3690 Actis
2463 3652 2518 3688 η.
2543 3635 2575 3688 6
2601 3645 2724 3704 post
2749 3636 2997 3690 relictam
3028 3636 3234 3698 sedem,
3269 3635 3605 3706 ingemiscit,
3641 3655 3659 3687 ι
3688 3634 3796 3690 Ter

2206 3740 2301 3795 per
2331 3741 2526 3780 manus
2553 3735 2608 3780 et
2634 3735 3002 3780 atramentum
3051 3740 3081 3780 a
3113 3741 3173 3781 se
3231 3727 3552 3796 inscriptam
3598 3727 3793 3780 haeresi

2207 3817 2609 3874 assensionem.
2664 3836 2684 3871 ι
2746 3817 3044 3873 Ordinatus
3087 3817 3190 3872 fuit
3230 3816 3437 3873 Paulus
3476 3819 3800 3886 patriarcha

2207 3927 2396 3967 mense
2426 3911 2745 3976 Februario,
2782 3912 3019 3967 secunda
3045 3911 3384 3980 jejuniorum
3421 3910 3791 3970 hebdomada.

2206 4001 2292 4055 die
2344 4001 2648 4066 Dominico,
2685 4017 2832 4054 anno
2883 4002 3005 4067 780,
3047 4017 3157 4070 quo
3185 4001 3377 4055 eodem
3423 4017 3590 4065 anno,
3624 4002 3657 4056 8
3700 4001 3799 4054 Se-

2206 4093 2469 4162 ptembris
2532 4093 2713 4146 Leone
2766 4093 3095 4162 imperatore
3152 4093 3452 4155 exstincto,
3505 4093 3793 4161 imperavit

2206 4185 2603 4241 Constantinus
2650 4184 2794 4239 ﬁlius
2825 4200 2952 4238 cum
3001 4183 3157 4237 lrene
3188 4192 3384 4238 matre.
3437 4184 3520 4236 Ab
3550 4184 3636 4236 his
3666 4199 3794 4236 san-

2207 4288 2328 4333 ctus
2357 4278 2641 4342 Tarasius,
2674 4279 2766 4347 qui
2795 4278 3177 4334 administrata
3221 4285 3348 4331 ante
3393 4277 3672 4330 consulari
3712 4277 3793 4329 di-

2207 4372 2428 4440 gnitate,
2452 4376 2531 4425 eis
2562 4372 2772 4440 primus
2799 4371 2978 4424 scriba
3008 4371 3075 4424 ab
3105 4370 3329 4424 arcanis
3358 4385 3584 4439 operam
3609 4369 3792 4433 dabat,

2209 4464 2262 4516 in
2299 4464 2666 4533 patriarcham
2711 4463 2936 4530 electus,
2969 4477 3161 4517 eorum
3196 4460 3471 4514 desiderio
3499 4460 3675 4512 noluit
3706 4476 3798 4513 as-

2209 4556 2430 4612 sensum
2462 4558 2723 4627 prazbere,
2759 4557 2865 4610 nisi
2895 4556 3192 4626 stipulatus
3225 4555 3290 4608 de
3322 4552 3662 4607 (countenica
3707 4563 3795 4621 sy-

2210 4649 2352 4703 nodo
2401 4649 2669 4719 cogenda,
2707 4649 2760 4702 in
2813 4663 2918 4717 qua
2977 4647 3278 4717 proscripta
3328 4642 3794 4699 lconoclastarum

2212 4741 2428 4807 haeresi,
2480 4756 2762 4795 sacrarum
2814 4739 3109 4809 imaginum
3167 4737 3549 4792 restitueretur
3593 4735 3792 4788 cultus.

2215 4837 2286 4890 De
2317 4836 2510 4891 haaresi
2541 4837 2727 4890 eadem
2755 4836 3079 4889 resuscitata
3113 4847 3236 4888 sam.
3267 4833 3369 4885 Ch.
3406 4846 3460 4886 Ix
3491 4846 3554 4884 ac
3579 4828 3794 4882 tandem

2211 4929 2504 4994 debellata,
2550 4928 2762 4998 egimus
2812 4926 2845 4979 4
2889 4924 3049 4979 Febr.
3099 4925 3151 4978 in
3203 4923 3330 4977 Vita'
3364 4923 3538 4976 sancti
3582 4919 3797 4973 Νίσοιαὶ

2215 5021 2470 5087 Studitw,
2512 5038 2577 5078 ac
2620 5010 2926 5091 plenius“
2959 5017 3120 5074 Febr.
3161 5017 3228 5072 ad
3277 5026 3479 5070 sancta:
3513 5013 3798 5068 Theodore:

2212 5112 2466 5181 Augusta:
2501 5110 2698 5164 Vitam.

2283 5204 2337 5259 2.
2376 5203 2574 5258 Factus
2619 5210 2704 5257 est
2747 5215 2878 5269 ergo
2929 5198 3242 5269 patriarcha
3282 5194 3670 5251 sanctissimus
3714 5192 3796 5245 vir

2214 5297 2498 5359 Tarasius,
2553 5294 2672 5366 ipso
2700 5294 2790 5348 die
2844 5292 3045 5348 Christi
3100 5289 3290 5353 natali,
3341 5303 3437 5342 vui
3488 5285 3611 5339 Kal.
3671 5283 3791 5338 Jan.

2215 5407 2360 5448 anno
2411 5391 2445 5445 5
2503 5388 2712 5458 imperii
2769 5383 3115 5440 Constantini
3161 5389 3216 5434 et
3259 5381 3459 5442 lrenes,
3520 5375 3714 5430 indict.
3763 5374 3796 5426 8

2215 5499 2358 5538 anno
2390 5481 2593 5536 Christi
2635 5478 2741 5532 784
2772 5478 2837 5532 ad
2870 5477 3031 5530 tinem
3069 5475 3304 5536 labente,
3335 5481 3392 5524 ut
3417 5469 3576 5523 nobis
3607 5473 3797 5520 aucto-

2215 5590 2304 5629 res
2367 5581 2497 5628 sunt
2543 5571 2904 5641 TheOphanes
2955 5567 3094 5621 infra
3151 5563 3437 5628 citandus,
3495 5560 3794 5620 Cedrenus,

2215 5663 2436 5733 aliique.
2462 5681 2481 5713 ε
2508 5659 2707 5732 Viginti
2731 5658 2982 5714 eumdem
2999 5666 3052 5710 et
3073 5656 3209 5709 duos
3232 5667 3404 5706 annos
3434 5647 3793 5719 pontiﬁcalem

2215 5755 2504 5810 decorasse
2533 5752 2869 5815 cathedram,
2911 5769 2928 5800 ι
2965 5748 3096 5802 Acta
3138 5748 3259 5814 ejus
3288 5743 3429 5797 inira
3470 5757 3526 5795 η.
3563 5739 3631 5792 47
3658 5736 3795 5790 refe-

2217 5857 2362 5907 runt.
2403 5846 2608 5905 Desunt
2642 5846 2692 5902 ei
2741 5858 3010 5900 annorum
3048 5852 3278 5896 numero
3325 5849 3541 5892 menses
3583 5831 3788 5888 decem.
