4088 6488
222 369 358 441 1377

1213 359 1406 422 VITA.
1443 389 1510 397 -
1542 358 2146 420 COMMENTARIUS
2186 358 2560 420 PIUEVlUS.

3371 363 3507 428 1378

227 488 361 539 Nam
403 493 457 537 ct
505 479 890 548 Theophanes,
943 476 994 529 in
1036 475 1234 530 tabulis
1293 475 1606 544 pragpositis‘
1653 487 1828 526 annos
1861 479 1901 530 Α
1935 472 2096 537 lario,
2126 472 2376 536 cedebat,
2406 469 2790 525 consulendus
2813 479 2896 525 est
2922 470 3190 541 Georgius
3214 472 3415 543 Cui-op.
3445 478 3514 530 de

227 577 374 631 sedis
411 575 474 627 (2-1
531 577 810 632 numeral,
847 573 902 620 et
934 565 1000 621 ad
1034 579 1164 619 ann.
1207 564 1240 618 4
1269 563 1484 632 imperii
1531 561 1820 630 Nicephori

227 669 329 722 ista
355 666 519 722 tradit
551 682 563 718 :
598 681 615 714 ι
655 663 769 716 lioc
798 673 964 723 anno,
996 671 1184 711 mense
1211 656 1370 710 Febr.
1399 655 1486 709 die
1509 655 1602 718 25,
1629 644 1819 708 indict.

235 760 326 824 14,
363 757 629 812 Tarasius
661 751 1048 809 sanctissimus
1077 749 1400 803 Patriarcha
1430 745 1824 801 Constantino-

231 854 510 921 politanus
539 848 776 920 gloriose
821 845 968 899 diem
1001 843 1208 898 clausit
1252 851 1581 904 extremum,
1615 848 1669 892 et
1713 839 1825 891 ela-

235 956 346 1000 turn
379 953 465 998 est
508 955 708 1010 corpus
739 939 860 1008 ejus
894 937 961 990 ad
998 935 1204 989 Fauces
1238 932 1420 998 Ponti,
1453 940 1507 986 et
1539 933 1592 985 iu
1639 946 1826 984 mona—

231 1035 424 1096 sterio,
459 1032 606 1102 quod
645 1031 763 1099 ipse
794 1035 1207 1089 construxerat,
1240 1031 1434 1094 quarta
1470 1021 1605 1076 feria
1636 1021 1827 1090 primae

231 1122 564 1194 jejuniorum
594 1117 952 1176 hebdomadis
981 1116 1282 1184 sepultum.
1316 1114 1379 1166 Et
1405 1126 1596 1165 mense
1627 1111 1822 1179 Aprili,

233 1216 322 1270 die
369 1213 727 1275 duodecima,
782 1224 981 1278 magna
1032 1207 1211 1262 sancti
1268 1205 1494 1261 Pascha:
1543 1205 1827 1260 Dominica

235 1315 591 1364 consecratus
651 1311 737 1358 est
770 1300 1159 1357 sanctissimus
1193 1299 1507 1368 patriarcha
1561 1298 1831 1366 Nicepho-

236 1415 351 1456 rus.
384 1417 403 1450 ι
436 1397 562 1452 llaec
588 1395 687 1456 ibi,
718 1409 845 1462 qua:
891 1393 1075 1446 omnia
1107 1391 1372 1460 prteclare
1407 1390 1743 1445 conveniunt
1774 1389 1828 1441 in

237 1505 384 1544 anno
417 1486 622 1542 Christi
657 1484 761 1540 806
815 1498 924 1553 quo
969 1483 1099 1536 anni
1150 1483 1559 1551 patriarchatus
1609 1482 1730 1550 ejus
1759 1480 1832 1532 2‘2.

237 1582 374 1634 alter
403 1578 578 1633 solum
622 1574 831 1631 mensis
872 1573 1078 1628 fluebat
1122 1589 1136 1626 :
1171 1573 1428 1641 idemque
1470 1583 1588 1626 erat
1620 1572 1829 1640 imperii

240 1670 530 1740 Nicephori
562 1683 740 1724 annus
770 1674 1018 1736 quartus,
1051 1665 1145 1734 qui
1170 1665 1433 1720 nimirum
1475 1665 1669 1719 eodem
1701 1673 1833 1718 teste

243 1761 594 1826 Theophane,
634 1776 653 1808 ι
693 1757 1035 1828 tyrannidem
1073 1756 1349 1809 adversus
1386 1754 1595 1809 lrenem
1647 1755 1835 1824 piissi-

1926 562 2119 618 ofliciis
2181 563 2388 632 Magnae
2443 563 2723 627 ecclesia},
2770 561 3153 618 Notationibus
3189 565 3426 620 Crctseri
3461 578 3515 623 et

1925 655 2088 708 Goari
2140 655 2464 710 illustratus.
2514 652 2763 707 Interfuit
2794 652 2824 705 7
2863 655 3214 710 mcumenica:
3279 660 3511 726 synodo,

1925 745 2118 802 Nicaea!
2146 748 2355 813 habita,
2396 747 2664 818 Hypatius
2694 744 2890 801 Nicaeae
2924 746 3364 817 Bitlryniensium
3395 753 3516 820 epi-

1928 854 2158 908 scopus,
2191 840 2278 894 cui
2313 856 2442 893 num
2468 839 2712 908 lgnatius
2745 839 2993 907 proxime
3019 844 3369 904 successerit,
3402 858 3512 896 non

1929 929 2116 998 liquet.
2149 922 2404 984 Testatur
2457 931 2571 999 ipse
2605 929 2747 984 infra
2781 947 2836 983 ιι.
2869 931 2941 984 56
2994 945 3053 984 se
3079 931 3131 984 in
3165 932 3298 987 (lore
3318 933 3518 1003 juven-

1930 1022 2067 1075 tutis
2100 1021 2168 1074 ab
2206 1031 2399 1076 sancto
2437 1021 2666 1076 Tarasio
2713 1023 3070 1076 exercitatum
3109 1024 3277 1079 fuisse
3316 1026 3369 1078 in
3420 1027 3518 1080 tri-

1933 1107 2146 1171 metris,
2216 1109 2548 1164 tetrametris
2571 1148 2586 1173 ,
2635 1111 2931 1164 trochaieis
2967 1126 3031 1166 ac
3070 1115 3421 1182 anapaesticis
3455 1131 3519 1170 ac

1936 1198 2171 1252 heroicis
2209 1215 2221 1250 :
2260 1209 2315 1252 et
2345 1214 2533 1254 sacras
2562 1201 2684 1266 ejus
2714 1203 3010 1257 conciones
3033 1205 3193 1258 celeri
3215 1221 3274 1260 se
3301 1207 3518 1262 calamo

1936 1292 2244 1359 excepisse,
2277 1306 2480 1360 easque
2513 1292 2736 1362 optimis
2771 1295 2996 1350 traditas
3052 1298 3415 1368 scriptoribus
3462 1302 3518 1355 in

1933 1383 2178 1436 eodiccm
2236 1385 2491 1438 retulisse
2524 1401 2538 1449 ;
2566 1395 2619 1437 et
2654 1401 2708 1437 ιι.
2750 1385 2838 1449 48,
2890 1401 2948 1439 se
2988 1389 3239 1443 morienti
3277 1391 3522 1447 adfuisse

1935 1474 2163 1528 Tarasio
2231 1476 2437 1530 indicat
2466 1493 2479 1540 ;
2518 1486 2572 1530 et
2607 1493 2660 1529 ιι.
2696 1476 2748 1539 1,
2782 1478 3036 1546 praefatur
3065 1494 3121 1532 se
3147 1495 3269 1534 cum
3301 1498 3435 1552 pura
3466 1491 3522 1538 et

1933 1565 2149 1620 sincera
2176 1568 2407 1622 veritate
2439 1567 2491 1620 in
2524 1568 2702 1622 lucem
2740 1570 2923 1630 edere,
2947 1585 3068 1638 quze
3101 1572 3298 1626 viderit
3320 1576 3518 1638 oculis,

1937 1657 2164 1711 auribus
2209 1657 2476 1721 hauserit,
2501 1669 2552 1712 et
2582 1659 2696 1728 ipsa
2728 1661 2940 1713 noverit
2969 1661 3330 1729 experientia.
3369 1665 3523 1720 lianc

1939 1750 2113 1802 sancti
2156 1749 2370 1802 Tarusii
2435 1747 2612 1803 Vitam
2653 1751 2721 1804 ab
2769 1751 2976 1817 lgnatio
3028 1754 3288 1823 scriptam
3340 1755 3405 1809 ad
3453 1757 3525 1811 Q5

243 1870 390 1910 mam
417 1851 719 1908 concitavit
757 1850 848 1904 die
877 1850 937 1904 5|
975 1849 1230 1912 Octobr.,
1255 1849 1444 1902 indict.
1476 1849 1832 1914 undecimae,»

1953 1839 2106 1894 Febr.
2145 1842 2258 1895 suis
2281 1841 2538 1910 operibus
2581 1843 2814 1895 inseruit
2839 1841 3106 1912 Metaphr.
3143 1813 3304 1914 quam
3333 1846 3527 1903 Latine

239 1957 358 1999 tum
401 1945 614 2000 scilicet
652 1951 866 2012 corpus,
913 1955 1059 1994 anno
1110 1939 1316 1994 Christi
1367 1939 1491 1994 802.
1538 1938 1656 1993 1am
1710 1956 1840 1994 vero

243 2039 390 2089 dicto
424 2048 570 2088 anno
601 2032 706 2087 806
745 2031 899 2102 cyclo
933 2029 1067 2084 solis
1098 2030 1154 2094 '5,
1187 2029 1328 2082 luna:
1350 2028 1406 2092 9,
1442 2028 1623 2082 littera
1657 2029 1843 2082 Domi-

251 2128 411 2182 nicali
440 2124 503 2190 D,
532 2125 742 2181 Pascha
773 2122 1108 2178 celebratum
1139 2119 1242 2174 fuit
1266 2120 1333 2173 12
1361 2119 1587 2190 Aprilis,
1617 2135 1726 2190 quo
1757 2121 1844 2175 die

245 2227 474 2274 sanctus
497 2215 864 2285 Nicephorus,
896 2213 964 2268 de
989 2228 1100 2282 quo
1125 2213 1193 2266 15
1227 2211 1402 2265 Martii
1439 2227 1687 2281 agemus,
1712 2227 1844 2267 con-

248 2312 498 2364 secratus
531 2307 636 2363 fuit
672 2305 999 2377 patriarchae
1059 2303 1269 2358 Tarasii
1307 2317 1619 2369 successor,
1647 2311 1702 2357 et
1730 2303 1846 2356 dies

248 2403 538 2463 Cinctum,
596 2414 715 2465 seu,
779 2407 838 2452 ut
891 2411 1054 2465 supra
1115 2395 1338 2459 dicitur,
1403 2411 1422 2446 ι
1461 2405 1659 2464 quarta
1713 2393 1844 2448 feria

248 2494 444 2563 prima:
471 2491 807 2561 jejuniorum
838 2487 1216 2548 hebdomade),
1251 2504 1270 2537 ι
1301 2486 1496 2541 incidit
1517 2485 1660 2540 in25
1685 2485 1845 2540 Febr.

248 2599 402 2645 ctum,
441 2590 500 2634 ut
527 2583 659 2634 Acta
691 2577 832 2633 infra
866 2595 919 2632 n.
945 2577 1014 2631 52
1048 2577 1268 2637 habent,
1306 2594 1326 2626 ι
1363 2574 1567 2630 mensis
1605 2573 1846 2628 Februa-

251 2675 372 2728 rius
406 2673 656 2742 quintum
691 2678 900 2724 teneret
953 2667 1096 2722 diem
1129 2682 1252 2722 cum
1285 2666 1571 2736 quintuplo
1629 2674 1850 2734 quater-

256 2764 421 2816 nione
462 2779 480 2811 ι
541 2775 636 2816 seu
677 2758 867 2828 viginti
917 2755 1156 2811 diebus:
1212 2755 1304 2824 qui
1363 2754 1479 2808 dies
1529 2768 1685 2808 sacro
1733 2753 1852 2822 ejus

253 2856 408 2908 cultu
444 2850 746 2921 permansit
777 2847 1030 2903 illustris.
1055 2845 1380 2901 Anastasius
1400 2845 1454 2899 in
1483 2844 1678 2900 histor.
1713 2844 1851 2898 scri—

261 2946 362 3007 hit,
403 2960 421 2993 ι
461 2957 535 2995 xu
560 2939 831 2993 Kalendas
869 2935 1094 2990 Martias
1117 2935 1346 3001 obiisse,
1386 2953 1403 2988 ι
1439 2949 1549 3004 quo
1577 2933 1666 2987 die
1691 2933 1854 2987 nullis

261 3049 490 3104 prorsus
525 3032 682 3086 fastis
739 3030 1046 3098 reperimus
1094 3042 1293 3080 nomen
1328 3025 1448 3094 ejus
1505 3024 1851 3092 inscriptum.

1946 1932 2143 1986 factam
2179 1948 2207 1986 a
2245 1933 2514 1986 Gentiano
2546 1921 2781 1987 llcrveto
2811 1934 3101 1988 ediderunt
3144 1936 3401 2006 Aloysius
3435 1937 3528 1992 Li-

1944 2038 2092 2093 pom.
2126 2034 2180 2078 et
2215 2023 2473 2078 Laurent.
2519 2027 2648 2079 Sur.
2693 2026 2757 2080 ad
2791 2027 3042 2081 eumdem
3086 2027 3157 2082 25
3201 2026 3364 2085 Febr.
3400 2047 3524 2086 cum

1947 2115 2050 2168 hac
2086 2116 2491 2184 inscriptione:
2533 2135 2550 2168 σ
2590 2115 2784 2186 lgnatii
2824 2120 3103 2183 monachi,
3156 2135 3278 2190 qua:
3316 2121 3375 2176 fit
3409 2121 3525 2177 sin-

1947 2207 2174 2276 gnlatim
2199 2208 2472 2276 expositio
2496 2208 2620 2262 vitae
2644 2219 2692 2263 et
2721 2211 3116 2265 miraculorum
3151 2211 3207 2266 S.
3231 2213 3291 2268 P.
3323 2211 3391 2267 N.
3421 2212 3528 2268 Ta-

1954 2297 2086 2351 rasii
2115 2297 2527 2367 archiepiscopi
2559 2298 3166 2370 Constantinopolitani.
3202 2320 3220 2353 ι
3258 2301 3455 2358 Verum
3483 2307 3528 2360 si

1950 2386 2133 2442 Suidte
2164 2388 2296 2443 fides
2340 2389 2666 2455 adhibenda,
2697 2406 2726 2444 a
2761 2393 2870 2444 vita
2907 2393 3205 2448 monastica
3245 2407 3527 2460 evocatus,

1952 2488 2066 2533 tum
2106 2487 2226 2534 erat
2274 2480 2540 2534 diaconus
2572 2491 2627 2536 et
2659 2480 2911 2537 vasorum
2948 2494 3170 2552 custos,
3213 2496 3307 2541 aut
3349 2488 3531 2558 potius

1955 2572 2408 2641 metropolitanus
2452 2570 2726 2630 Nicaeuus.
2791 2573 2966 2630 Vitam
3026 2579 3274 2634 eamdem
3336 2581 3533 2636 damus

1956 2677 2109 2717 more
2155 2672 2344 2717 nostro
2375 2663 2427 2717 in
2463 2666 2641 2734 capita
2685 2676 2738 2722 et
2771 2683 3030 2724 numeros
3061 2670 3397 2739 distinctam,
3429 2687 3534 2729 no-

1957 2754 2133 2822 tisque
2164 2753 2510 2809 illustratam.

2024 2843 2079 2896 4.
2115 2841 2324 2896 Colitur
2355 2844 2500 2898 dicto
2533 2845 2604 2898 25
2654 2844 2813 2902 Febr.
2863 2849 2915 2902 in
2965 2851 3202 2908 Graecor.
3256 2855 3454 2915 Meuol.
3499 2875 3531 2914 a

1957 2932 2313 2990 Genebrardo
2351 2936 2520 3000 edito,
2555 2937 2768 3008 alioque
2801 2939 3057 3014 llorolog.
3101 2965 3119 2997 ι
3152 2944 3411 3005 Tarasius
3442 2967 3533 3004 ar-

1958 3025 2344 3094 chiepiscopus
2381 3028 3042 3099 Censtantinopolitantrs.
3083 3054 3101 3087 ι
3142 3035 3197 3090 ln
3224 3039 3398 3095 altero
3426 3041 3535 3097 Me-

261 3127 342 3181 Ex
385 3126 552 3181 allato
584 3122 832 3191 Theoph.
880 3121 1002 3174 loco
1051 3118 1268 3174 facilius
1301 3117 1621 3187 intelligitur
1655 3116 1851 3170 Cedre-
1882 3154 1923 3210 ϐ
1961 3117 2115 3169 nol.a
2140 3116 2360 3172 Canisio
2386 3119 2601 3188 vulgato
2631 3121 3008 3190 lucch-gnntur
3033 3143 3045 3179 :
3071 3145 3088 3176 ‹
3116 3127 3298 3184 Sancti
3323 3132 3536 3189 Tarasii

263 3237 396 3283 nus,
431 3216 873 3286 interpunctione
924 3213 1130 3280 aliqua,
1161 3227 1282 3280 quae
1335 3211 1390 3264 in
1432 3221 1582 3280 typos
1633 3223 1845 3273 omnes,

263 3313 434 3364 etiam
498 3309 700 3378 regios,
765 3307 1081 3373 irrepserat,
1141 3303 1242 3356 hac
1280 3304 1491 3356 ratione
1521 3302 1850 3354 emendata:

271 3421 291 3453 ι
346 3405 505 3455 Anno
535 3401 568 3454 4
595 3398 855 3454 Tarasius
915 3394 1306 3451 sanctissimus
1346 3393 1854 3461 Constantinopolis

267 3491 601 3563 patriarcha,
652 3489 879 3542 honeste
907 3487 1070 3540 vitam
1106 3485 1301 3539 clausit
1339 3499 1353 3536 :
1390 3485 1742 3552 sepultusque
1773 3491 1856 3536 est

268 3585 326 3638 in
361 3581 713 3644 monasterio,
751 3580 894 3649 quod
942 3579 1056 3648 ipse
1102 3586 1446 3632 exstruxerat
1476 3575 1531 3627 in
1563 3575 1851 3644 angustiis,

269 3684 468 3744 quarta
507 3674 593 3727 die
628 3672 817 3740 primae
847 3671 1168 3738 septimanae
1186 3666 1546 3736 jejuniorum.
1573 3667 1636 3719 lit
1660 3682 1852 3734 magna

272 3763 560 3818 Dominica
594 3761 932 3828 Nicephorus
969 3759 1296 3813 secretarins
1331 3766 1546 3811 creatur
1575 3758 1856 3811 sant-tissi-

272 3871 399 3910 inus
455 3853 788 3923 patriarcha,
821 3858 926 3904 etc.
981 3869 1000 3902 ›
1043 3848 1138 3901 Est
1195 3856 1372 3901 autem
1421 3865 1438 3898 ι
1487 3855 1683 3916 quarta
1743 3848 1857 3900 dies

274 3951 465 4018 prima:
504 3945 820 4013 septimana:
857 3940 1214 4010 jejuniorum,
1267 3960 1285 3989 ι
1347 3939 1502 3991 nobis
1535 3938 1651 3992 dies
1695 3937 1857 3991 Cine-

273 4055 399 4093 rum
455 4046 556 4096 :et
599 4056 617 4086 ι
656 4050 851 4102 magna
906 4031 1191 4086 Dominica
1226 4048 1245 4081 ι
1295 4030 1347 4084 in
1396 4046 1502 4096 qua
1542 4031 1859 4083 solemnitas

277 4129 566 4184 Paschalis
628 4127 925 4196 peragitur.
968 4121 1095 4176 Haec
1129 4123 1192 4175 ad
1241 4120 1533 4188 Nicepltor.
1567 4121 1601 4173 4
1646 4122 1760 4174 dies
1793 4121 1858 4172 ad

277 4221 571 4275 'l‘arasium
629 4225 834 4286 spectat
887 4224 1164 4280 :utraque
1217 4213 1539 4268 inconcinne
1600 4212 1860 4266 hactenus

277 4321 401 4364 crat
431 4309 496 4362 ad
551 4306 842 4374 Nicephor.
887 4304 1076 4357 relata.
1118 4302 1314 4356 Ζυιιειι·⁸
1371 4302 1512 4354 diem
1562 4302 1745 4355 obitus
1787 4302 1858 4352 ita

279 4401 614 4469 consignat_:
662 4416 679 4448 ι
720 4395 1057 4457 Patriarcha,
1103 4393 1296 4460 inquit,
1320 4390 1546 4445 Tarasio
1587 4394 1754 4458 prima
1778 4393 1861 4459 je-

1923 4364 1927 4369 _
1974 4302 2312 4369 postliminio
2371 4302 2527 4356 rediit

1959 3207 2358 3278 archiepiscopi
2411 3208 3036 3280 Constantinopolitarm
3075 3217 3244 3283 urbis,
3300 3223 3392 3290 qui
3437 3239 3539 3276 au-

1960 3309 2110 3354 ctore
2143 3301 2392 3354 Adriano
2419 3301 2663 3356 llomano
2695 3307 2947 3371 pontifice
2970 3307 3022 3360 in
3047 3311 3288 3366 secunda
3318 3311 3535 3370 Nieaena

1959 3390 2168 3460 synodo
2199 3391 2471 3460 egregiam
2509 3393 2728 3445 navavit
2759 3408 2977 3461 operam
3005 3435 3020 3460 ,
3065 3399 3130 3452 ad
3162 3403 3536 3462 condemnan-

1959 3483 2083 3537 dam
2140 3483 2354 3538 illorttm
2396 3483 2645 3538 haeresim
2677 3525 2692 3551 ,
2725 3486 2815 3554 qui
2869 3497 3180 3544 sanctarum
3237 3493 3536 3563 imaginum

1962 3576 2166 3631 cultum
2224 3576 2641 3646 impugnabant.
2683 3596 2700 3629 ι
2766 3575 3128 3648 Synaxarium
3185 3599 3290 3639 ms.
3346 3585 3536 3644 Moneri

1961 3668 2160 3723 Tiliani
2192 3671 2340 3739 apud
2372 3670 2727 3725 Franciscum
2753 3672 3025 3727 Combefis
3058 3690 3155 3743 pro
3186 3677 3337 3734 Actis
3367 3690 3538 3740 sexta?

1962 3761 2167 3831 Synodi
2203 3776 2253 3814 c.
2285 3777 2322 3824 ι,
2362 3759 2388 3830 ς
2423 3760 2476 3826 6,
2513 3761 2616 3814 hoc
2636 3776 2760 3814 cum
2787 3765 3037 3816 encomio
3065 3765 3298 3820 celebrat
3325 3787 3339 3822 :
3379 3789 3396 3820 ι
3424 3771 3540 3826 Me-

1964 3853 2136 3904 moria
2179 3851 2511 3905 sanctissimi
2548 3850 2723 3906 Patris
2786 3853 2962 3906 nostri
3005 3853 3216 3910 Tarasii
3264 3861 3536 3932 archiepi-

1967 3947 2118 4014 scopi
2146 3946 2758 4016 Coustantinopolitani.
2795 3949 2993 4004 Docuit
3022 3952 3065 4003 is
3082 3953 3388 4009 adorandas
3417 3972 3539 4012 esse

1966 4036 2304 4088 venerabiles
2347 4035 2630 4103 imagines,
2670 4037 2900 4105 ejusque
2940 4055 3102 4107 opera
3146 4042 3324 4110 regale
3364 4043 3539 4114 impe-

1965 4125 2104 4176 rimu
2135 4143 2196 4177 ac
2219 4125 2588 4178 Romanorum
2618 4137 2862 4195 potestas
2884 4131 2950 4182 ad
2977 4133 3347 4199 apostolorum
3374 4147 3538 4206 atque

1962 4214 2422 4266 meumenicorum
2449 4213 2808 4270 conciliorum
2843 4219 3179 4272 venerandas
3217 4223 3536 4285 traditiones

2587 4320 2601 4355 :
2662 4315 2960 4372 sanctaque
3011 4307 3254 4362 Ecclesia
3305 4315 3537 4380 patriar:

1963 4395 2102 4449 cbiis
2155 4395 2411 4450 omnibus
2463 4395 2612 4449 unita
2673 4405 2774 4452 est.
2813 4414 2830 4447 ι
2885 4395 3087 4451 Eadem
3133 4400 3445 4458 referuntur
3480 4405 3536 4460 in

276 4496 564 4564 juniorum
625 4489 959 4546 hebdomade
1019 4485 1304 4550 defuncto,
1359 4485 1545 4540 Graece
1603 4485 1694 4536 τὸν
1748 4486 1858 4555 βίον
1894 4487 1936 4539 D
1976 4487 2194 4540 excusis
2225 4484 2477 4552 Menaeis;
2512 4486 2872 4556 additurque:
2914 4505 2932 4537 t
2968 4487 3103 4541 Cum
3137 4505 3266 4560 ergo
3310 4503 3365 4546 et
3409 4495 3539 4550 rell-

285 4583 686 4656 μετηλλαχότος
710 4618 725 4643 ,
759 4588 814 4636 et
836 4579 1068 4648 inclytus
1090 4575 1426 4644 Nicephorus
1452 4591 1480 4628 a
1504 4576 1725 4630 secretis
1754 4577 1859 4630 Do—

284 4676 490 4731 minica
551 4673 834 4728 Paschatis
900 4668 1177 4724 cortnnuni
1241 4666 1496 4736 suffragio
1554 4669 1860 4736 patriarcha

286 4777 376 4823 est
403 4765 628 4820 electus.
678 4782 698 4814 ι

361 4858 417 4910 3.
469 4854 733 4923 lgnatium
792 4848 1158 4919 discipulum,
1237 4849 1482 4914 adeoque
1529 4847 1862 4914 temporibus

287 4949 407 5004 suis
461 4945 747 5012 aequalem,
803 4950 999 4998 nactus
1042 4948 1126 4993 est
1163 4954 1194 4992 a
1236 4947 1408 4991 morte
1449 4936 1708 4991 Tarasius
1743 4939 1863 4991 vitae

290 5053 414 5092 sua:
471 5035 816 5104 scriptorem.
868 5031 1121 5097 Quantus
1166 5029 1247 5081 vir
1288 5027 1376 5082 ille
1412 5025 1593 5089 fuerit,
1627 5028 1864 5095 suggerit

291 5128 496 5183 Suidas
527 5125 614 5180 bis
642 5122 822 5177 verbis
856 5139 868 5174 :
901 5139 919 5174 ι
961 5120 1200 5189 lgnatius
1243 5117 1503 5172 diaconus
1531 5127 1585 5170 et
1612 5132 1863 5171 vasorum

290 5227 482 5275 custos
519 5215 727 5284 Magna:
765 5212 1010 5268 ecclesiae
1059 5207 1673 5276 Constantinopolitanae
1695 5248 1711 5272 ,
1741 5208 1863 5260 dein

293 5315 478 5368 factus
502 5308 734 5364 Nicamze
764 5303 1249 5372 metropolitanus».
1281 5301 1669 5370 grammaticus
1691 5339 1706 5363 ,
1732 5299 1868 5352 scri-

295 5403 409 5473 psit
430 5399 584 5455 Vitas
609 5396 822 5452 Tarasii
855 5403 909 5449 et
938 5392 1229 5462 Nicephori
1260 5400 1573 5447 sanctorum
1605 5397 1659 5443 et
1683 5389 1866 5442 beato-

291 5510 418 5548 rum
450 5491 915 5561 patriarcharum,
943 5485 1298 5554 Epitymbios,
1335 5480 1547 5549 Elegos,
1574 5479 1864 5547 Epistolas,

292 5584 524 5638 lambos
559 5581 612 5635 in
645 5579 915 5634 Thomam
951 5578 1250 5639 Antarten,
1299 5581 1353 5628 et
1384 5571 1487 5626 alia
1516 5571 1706 5624 multa.
1740 5587 1759 5620 ›
1795 5568 1868 5624 De

290 5674 563 5744 dignitate
593 5665 1016 5740 Scevophylacis
1063 5679 1156 5723 seu
1197 5663 1443 5719 custodis
1483 5673 1734 5716 vasorum
1773 5660 1865 5729 qui

294 5781 510 5824 tantum
540 5771 919 5828 meonomo,et
949 5771 1143 5827 magno
1185 5753 1488 5820 sacellario,
1521 5767 1616 5809 seu
1664 5754 1867 5808 saccel-

1962 4579 2112 4647 giose
2137 4577 2384 4639 vixisset,
2405 4586 2456 4630 et
2475 4578 2614 4646 apud
2644 4579 3024 4647 imperatorem
3070 4580 3121 4633 iu
3160 4597 3351 4651 magna
3379 4601 3542 4642 vene-

1969 4669 2179 4722 ratione
2209 4677 2386 4729 esset,
2420 4677 2472 4721 et
2510 4670 2820 4724 coanobium
2854 4677 3005 4724 trans
3038 4669 3240 4726 fretum
3273 4677 3540 4732 aediﬁcas-

1976 4768 2080 4822 set,
2130 4759 2642 4827 multitudinemque
2688 4761 3084 4814 monachorum
3133 4763 3188 4816 in
3232 4780 3297 4817 eo
3337 4768 3541 4822 consti-

1965 4849 2160 4902 tnisset
2179 4887 2194 4911 ,
2231 4849 2558 4917 pauperibus
2581 4864 2798 4918 quoque
2823 4852 3186 4916 subvenisset,
3215 4855 3543 4912 Ecclesium-

1963 4955 2071 5007 que
2099 4939 2236 4994 duos
2270 4949 2322 4992 et
2351 4941 2540 5010 viginti
2575 4956 2750 4995 annos
2779 4952 2832 4996 et
2867 4958 3085 4999 menses
3112 4945 3248 5002 duos
3285 4949 3542 5014 praeclare

1967 5028 2432 5092 administrasset,
2479 5030 2530 5082 in
2563 5044 2695 5098 pace
2724 5030 2891 5084 vitam
2923 5032 3118 5098 finivit,
3149 5034 3200 5086 in
3231 5050 3352 5101 suo,
3390 5038 3538 5105 quod

1967 5115 2244 5178 fundarat,
2302 5117 2636 5171 monasterio
2682 5120 2953 5187 sepultus.
3001 5121 3155 5187 Quod
3196 5125 3260 5177 ad
3291 5127 3537 5194 corporis

1969 5207 2214 5261 habitum
2241 5207 2458 5272 attinet,
2488 5208 2802 5265 simillimus
2821 5223 2934 5266 erat
2955 5211 3221 5282 Gregorio
3238 5212 3534 5286 Theologo,

1968 5308 2164 5366 praeter
2221 5297 2477 5352 canitiem
2529 5300 2746 5369 (neque
2795 5302 2940 5356 enim
2993 5304 3129 5358 adeo
3182 5307 3541 5368 totus..inca-

1971 5390 2198 5459 nuerat)
2254 5398 2309 5445 et
2360 5391 2578 5444 oculum
2623 5395 2802 5448 minus
2851 5409 3126 5462 serenum,
3172 5413 3334 5468 quem
3364 5400 3540 5470 magis

1969 5479 2225 5534 latentem
2253 5473 2519 5536 'habebat.
2583 5481 2709 5538 Dies
2747 5485 2892 5540 illius
2948 5487 3118 5544 festus
3155 5491 3434 5558 peragitur
3481 5491 3537 5547 in

1973 5585 2167 5638 magna
2201 5579 2257 5624 et
2287 5571 2633 5632 sanctissima
2669 5574 2935 5644 Ecclesia,
2970 5594 2988 5628 ι
3028 5594 3148 5648 qua:
3185 5579 3396 5634 scilicet
3439 5579 3540 5635 So—

1974 5662 2113 5730 phiae
2151 5662 2590 5731 cognominatur.
2641 5665 2847 5721 Eadem
2899 5668 3154 5739 leguntur
3190 5669 3332 5740 apud
3371 5669 3540 5726 Maxi-

1975 5767 2124 5807 mum
2174 5752 2514 5822 Cytlteraeum
2566 5757 2622 5811 in
2666 5755 2798 5814 Vitis
2837 5757 3156 5816 Sanctorum
3189 5769 3243 5816 et
3290 5761 3343 5817 in
3393 5776 3544 5818 novo
