4088 6494
598 356 733 423 131⁷9

1691 359 1751 418 S.
1781 356 2089 417 TARASII
2127 355 2629 419 PATRIAIlCII/E
2664 363 2771 422 CP.

3746 368 3891 436 1380

594 472 925 540 Authulogio
977 471 1292 524 Graecorum
1348 470 1676 525 auctoritate
1729 471 2028 525 Clmneutis
2056 467 2169 522 Vlll
2202 472 2244 527 Α
2278 470 2820 538 perciperentlinem.
2867 475 3225 533 Accersentes
3262 495 3392 550 ergo
3424 481 3574 536 viros
3611 485 3886 537 coeli-sua-

595 567 847 633 probato.
916 563 1218 617 Ecclesiatn
1278 578 1401 617 cum
1462 573 1673 617 tantum
1737 565 1944 618 rexisse
1999 580 2174 618 annos

594 673 765 709 unum
797 665 850 709 et
884 654 1098 722 viginti,
1156 670 1220 709 ac
1250 669 1468 709 menses
1512 656 1653 708 duos
1697 671 1857 723 supra
1913 656 2170 709 diximus.

594 742 745 797 Diem
782 744 966 799 obitus
982 744 1055 798 25
1090 742 1247 798 Febr.
1280 742 1499 798 Menam
1525 744 1579 797 in
1605 744 1900 815 propositis
1930 745 2014 801 his
2041 760 2176 799 ver-

592 836 747 890 sibus
786 836 1023 891 docent:

737 949 1040 1033 :A'XXUO’TO;
1067 951 1232 1033 ὃρμρς
1270 953 1544 1033 Ταιρᾲίίξξον
1573 952 1638 1004 λα
1652 951 1845 1033 μὸάνεξ

733 1021 956 1092 Κόσμον.)
986 1023 1231 1091 ταραχῆς
1270 1025 1363 1075 καὶ
1392 1022 1563 1090 ζάλης
1589 1021 1956 1092 σεσωσμένον,

734 1090 923 1143 Εἱκὰδι
954 1092 1017 1143 ὲκ
1047 1092 1307 1161 ταράχοιο
1335 1092 1609 1165 Ταρὰσιος
1648 1090 1850 1144 Emam
1881 1094 2132 1162 πέμπτῃ.

666 1200 1004 1270 Tranquillus
1035 1216 1218 1270 portus
1255 1204 1535 1257 Taraciam
1570 1205 1711 1272 capit

752 1274 934 1324 mundi
970 1274 1199 1326 tumultu
1227 1284 1274 1327 et
1305 1275 1537 1342 procella
1566 1284 1852 1327 serratum.

675 1340 935 1395 Vicesima
969 1360 1195 1412 namque
1227 1340 1412 1413 quinta
1438 1360 1501 1397 ea:
1530 1347 1739 1397 turbine
1768 1343 1958 1397 volavit
1995 1344 2169 1399 Tara-

1959 1437 2111 1507 [_sius.

592 1523 793 1578 Eadem
829 1523 1089 1579 vicesima
1128 1525 1319 1594 quinta
1370 1521 1534 1580 Febr.
1574 1528 1715 1581 diem
1760 1529 1879 1599 ejus
1928 1534 2168 1587 natalem

590 1632 618 1667 a
647 1615 853 1670 Graecis
885 1616 1271 1685 consignatum
1304 1616 1493 1672 haberi
1521 1619 1778 1674 observat
1808 1633 1933 1677 ante
1964 1639 2169 1678 memo-

592 1721 745 1766 ratus
773 1711 1067 1766 Comheﬁs.
1111 1710 1353 1766 Galesin.
1394 1715 1579 1768 citatis
1627 1716 1870 1785 antiquis
1912 1715 2169 1770 Ecclesiae

588 1804 1218 1873 Constantiuopolitame
1254 1806 1456 1862 tabulis
1489 1818 1541 1862 et
1577 1806 1889 1862 Grarcorum
1936 1810 2169 1880 Eulogio
2200 1832 2242 1888 Β

588 1897 841 1951 eumdem
882 1896 1070 1951 refert.
1121 1897 1175 1950 In
1209 1896 1418 1951 Grzrcia
1454 1901 1626 1955 sancti
1673 1900 1885 1955 Tarasii
1925 1903 2165 1972 episcopi

587 1999 641 2041 et
677 1986 1031 2042 confessoris.
1067 1987 1318 2043 Molanus
1363 1990 1415 2043 iit
1456 1994 1708 2047 auctario
1746 1994 1811 2047 ad
1855 1992 2163 2049 Usuardum

585 2096 651 2132 ex
682 2079 999 2133 Graecorum
1056 2080 1383 2150 ll-‘leuologio.
1440 2100 1459 2133 ε
1501 2083 1595 2137 Die
1645 2084 1901 2140 vicesima
1950 2086 2162 2155 quinta,

588 2172 787 2241 inquit,
839 2173 1014 2226 sancti
1069 2172 1250 2229 Patris
1306 2172 1519 2230 Tarasii
1572 2178 1976 2247 archiepiscopi
2023 2180 2166 2234 Cou-

586 2263 999 2331 slantinopolis.
1034 2282 1053 2314 ι
1104 2262 1305 2318 Eadent
1358 2265 1633 2320 habentur
1683 2269 1734 2320 itt
1780 2267 2163 2340 Martyrologio

588 2358 924 2413 Germanico.
961 2358 1266 2413 Luculento
1307 2362 1482 2432 magis
1532 2363 1783 2416 cncomio
1834 2362 2068 2418 refertur
2108 2364 2160 2417 itt

588 2449 973 2520 Martyrologio
999 2449 1258 2505 Romano.
1291 2472 1308 2503 ι
1345 2452 1819 2523 Constantinopoli
1853 2456 2026 2510 sancti
2061 2455 2164 2509 Ta-

584 2541 720 2595 rasii
758 2542 1025 2611 episcopi,
1057 2550 1113 2596 et
1144 2544 1456 2598 eruditione
1493 2553 1547 2599 et
1576 2546 1776 2614 pietate
1806 2547 2060 2616 insignis,
2094 2548 2161 2603 ad

585 2646 749 2698 quem
780 2641 962 2685 exstat
996 2632 1223 2686 Adriani
1270 2648 1423 2703 papa:
1455 2635 1616 2704 pritni
1662 2636 1893 2705 epistola
1934 2652 2032 2706 pro
2064 2640 2159 2692 de-

585 2721 841 2776 fensione
871 2738 1156 2777 sacrarum
1190 2724 1513 2793 imaginum.
1549 2744 1568 2777 ι
1612 2726 1771 2780 Addit
1803 2726 2071 2783 Barouius
2106 2729 2159 2783 in

583 2811 971 2869 Notationihus
1005 2832 1018 2866 :
1057 2833 1075 2866 ι
1122 2814 1340 2870 Ohiisse
1380 2832 1503 2871 eum
1548 2816 1803 2873 humanae
1850 2821 1970 2873 vitae
2016 2820 2156 2874 diem

584 2904 771 2959 multis
817 2919 915 2974 pro
964 2905 1070 2959 ﬁde
1107 2906 1375 2960 catholica
1422 2907 1703 2964 laboribus
1753 2911 2047 2966 exantlatis
2081 2929 2095 2965 :
2134 2928 2153 2963 ι

582 3007 636 3049 et
675 2996 729 3049 in
764 2994 1065 3049 Annalibus
1102 2998 1168 3050 ad
1203 3013 1406 3051 annum
1439 2998 1566 3063 806,
1604 3015 1658 3067 η,
1695 3002 1756 3066 l,
1805 3002 1994 3056 scribit
2031 3017 2156 3055 cum

591 3105 609 3137 ι
649 3087 942 3142 sanetitate
969 3087 1179 3141 clarum
1217 3088 1289 3142 25
1323 3089 1531 3143 mensis
1565 3089 1831 3145 Februar.
1882 3102 2155 3147 mortuum

585 3194 732 3233 esse.
763 3196 781 3229 ι
808 3178 1125 3233 Graecorum
1153 3177 1375 3234 Menaeis
1404 3181 1600 3234 iterum
1626 3184 1887 3236 memoria
1917 3184 2159 3253 ejusdem
2190 3184 2232 3240 C

584 3269 800 3325 Tarasii
838 3280 893 3325 et
935 3272 1113 3326 sancti
1146 3269 1373 3325 Caesarii
1409 3272 1641 3326 habetur
1671 3273 1703 3327 9
1728 3273 1931 3343 Martii,
1966 3278 2039 3330 ttti
2064 3278 2165 3333 hoc

583 3362 728 3416 diem
768 3362 975 3416 dictum
1023 3363 1090 3416 ad
1142 3360 1320 3414 Vitam
1367 3365 1542 3416 sancti
1590 3362 1834 3431 (starii,
1880 3382 2004 3437 pag.
2036 3367 2161 3432 496,

586 3468 643 3507 ιι.
680 3453 732 3508 l.
765 3452 834 3506 At
862 3452 952 3506 die
979 3453 1009 3505 7
1040 3450 1169 3505 Maii
1205 3452 1532 3521 inscriptum
1568 3453 1817 3511 Florario
1848 3467 2161 3514 sanctortun

585 3561 790 3600 nomen
828 3545 1006 3600 sancti
1034 3544 1246 3599 Tarasii
1278 3546 1873 3618 Constantinopolitani
1901 3553 2160 3621 episc0pi.

586 3638 643 3692 lu
693 3637 810 3691 Vita
840 3638 1014 3692 sam-ti
1057 3637 1308 3691 Platonis
1350 3639 1416 3693 16
1466 3637 1721 3715 Decemb.
1770 3643 1952 3700 obitus
1990 3647 2164 3701 Sancti

588 3730 803 3785 Tarasii
845 3731 1099 3785 meminit
1159 3739 1386 3786 sanctus
1443 3729 1770 3787 Theodorus
1826 3734 2075 3800 Studita,
2111 3747 2167 3791 et

595 3843 613 3873 ι
648 3825 896 3877 divinum
950 3823 1133 3877 virum
1189 3840 1209 3874 ι
1272 3822 1535 3897 appellat.
1587 3822 1822 3880 lllustria
1872 3838 1999 3882 sunt
2044 3844 2167 3898 qua:

587 3914 650 3968 ‘21
694 3914 858 3968 Febr.
894 3913 1184 3968 retulimus
1233 3912 1287 3967 in
1335 3911 1457 3967 Vita
1486 3916 1660 3967 sancti
1689 3915 1895 3985 Georgii
1936 3918 2165 3986 episcopi

587 4006 889 4075 Amastreni
933 4020 1061 4076 pag.
1090 4004 1218 4070 275,
1254 4020 1311 4060 n.
1348 4004 1415 4060 18
1449 4014 1501 4083 et
1537 4006 1628 4072 19,
1661 4023 1783 4078 qua:
1815 4008 2014 4063 ibidem
2062 4010 2166 4080 legi

586 4102 840 4163 possunt.

588 4209 616 4280 §
647 4210 708 4265 ll.
741 4210 903 4264 Varia
946 4210 1000 4289 in
1040 4209 1288 4289 electione
1309 4207 1935 4289 patriarchaliaiscussa.
1961 4208 2166 4265 Nomen

894 4280 1209 4333 universalis
1244 4279 1564 4347 patriarcha:
1595 4280 1865 4347 rejectunt.

656 4374 709 4427 5.
741 4371 874 4438 Quae
930 4374 1077 4425 circa
1129 4372 1451 4425 electionem
1498 4371 1671 4425 sancti
1711 4371 1752 4424 Τ
1757 4371 1918 4425 arasii
1977 4371 2030 4426 in
2070 4364 2173 4442 pa?

585 4464 882 4519 triarcham
916 4462 1584 4531 Constantitmpolitanum
1614 4472 1829 4531 peracta
1860 4471 2008 4529 sunt,
2043 4466 2167 4519 licet

587 4554 728 4611 infra
760 4555 814 4608 in
855 4553 1006 4608 Actis
1036 4563 1312 4621 utcunque
1351 4551 1720 4619 explicentur;
1767 4551 1954 4606 eadem
1987 4562 2163 4608 tamen

584 4664 651 4702 ex
692 4648 1103 4715 imperatorum,
1137 4643 1410 4713 pontiﬁcis
1445 4640 1700 4706 Romani,
1731 4642 1903 4711 ipsius
1932 4642 2163 4711 Tarasii,

585 4742 929 4808 aliorumque
978 4738 1260 4807 rescriptis
1313 4737 1757 4807 testiinoniisque
1797 4738 1980 4807 [paulo
2035 4756 2168 4795 enu-

584 4833 813 4890 cleatius
842 4830 1102 4885 duximus
1134 4845 1256 4885 esse
1316 4831 1691 4899 proponenda.
1731 4831 1810 4886 Ac
1850 4832 2027 4901 primo
2061 4833 2166 4887 im-

584 4935 867 4996 peratores
895 4922 1289 4977 Constantinus
1321 4930 1375 4975 et
1416 4922 1570 4975 lrene
1598 4919 1853 4977 Patribus
1877 4922 1928 4976 in
1963 4925 2168 4993 synodo

583 5018 801 5072 Sicana
837 5016 878 5068 Il
911 5014 1255 5083 congregatis
1298 5013 1563 5082 rescripto
1597 5028 1698 5069 suo
1737 5014 1940 5069 actioni
1979 5015 2167 5084 primae

584 5110 792 5163 inserto
822 5106 1064 5178 (Σάκραν
1111 5104 1296 5159 Patres
1337 5105 1631 5175 appellant,
1667 5103 2018 5175 ,majestaletn
2064 5106 2166 5159 im-

586 5202 913 5270 peratoriam
950 5199 1292 5267 venerantes)
1338 5197 1580 5253 indicant
1608 5213 1639 5251 a
1668 5212 1727 5253 se
1754 5198 2052 5254 adhibitam
2085 5200 2167 5254 itt-

583 5295 850 5348 dustriam
901 5300 1267 5359 conatumque
1310 5292 1363 5343 in
1410 5290 1779 5359 promovendo
1831 5291 1897 5345 ad
1934 5291 2166 5361 patriar-

584 5385 795 5438 chalent
829 5382 1147 5452 dignitatem
1205 5379 1432 5433 Tarasio
1462 5401 1474 5433 :
1516 5389 1569 5435 et
1602 5391 1727 5449 post
1764 5381 2165 5437 abdicationem

584 5476 885 5531 decessoris
913 5473 1066 5529 Pauli
1096 5481 1407 5528 enarratam
1446 5474 1558 5525 lucc
1590 5473 1889 5543 subjiciunt
1916 5492 1927 5525 :
1972 5495 1989 5527 ς
2020 5474 2165 5530 Cou-

585 5567 766 5622 silium
805 5568 1085 5621 nobiscum
1117 5565 1390 5621 consiliati
1413 5579 1629 5630 sumus,
1661 5564 1918 5635 quidnam
1950 5569 2165 5622 deberet

585 5660 724 5713 ﬁeri.
750 5660 811 5711 Et
843 5659 1264 5713 deliberauimus
1292 5658 1345 5711 iit
1373 5657 1603 5712 consilio
1633 5665 1842 5720 tt0stro,
1867 5659 2009 5727 quod
2038 5674 2161 5713 cum

585 5751 868 5809 ordinatus
899 5752 1034 5807 foret
1074 5750 1419 5820 patriarcha.
1442 5766 1562 5819 quie
1596 5749 1737 5805 dicta
1766 5748 1999 5819 fuerant,
2038 5766 2162 5807 mox

2278 560 2541 613 sticorttm
2589 566 2935 631 negotiorum
2970 579 3247 636 expet-tos,
3279 583 3333 626 et
3378 573 3668 629 Christum
3708 575 3884 630 Deum

2279 662 2526 706 nostrum
2561 654 2902 724 invocantes,
2947 670 3001 714 et
3049 664 3340 717 consilium
3381 681 3506 719 cum
3549 667 3630 722 eis
3668 668 3883 723 facien-

2279 754 2379 800 tes.
2406 745 2657 814 quisnam
2699 748 2897 818 dignus
2920 765 3064 810 esset
3095 759 3318 825 provehi
3352 758 3419 812 ad
3445 762 3739 815 sacerdotii
3786 781 3882 817 ea.

2276 834 2522 889 thedram
2582 838 2746 908 hujus
2784 832 2893 897 Deo
2949 846 3340 901 conservanda:
3396 850 3562 919 regia:
3609 852 3880 909 civitatis.

2275 927 2343 979 Et
2370 929 2625 986 omnibus
2663 933 2827 988 unius
2882 936 3074 997 animi.
3122 938 3397 1007 uniusque
3427 943 3646 998 consilii
3690 945 3876 1010 factis,

2274 1019 2329 1072 itt
2364 1021 2678 1088 Tarasium,
2711 1026 2805 1095 qui
2860 1043 3007 1081 nunc
3052 1029 3105 1082 itt
3144 1032 3439 1099 pontiﬁcali
3496 1036 3753 1102 praesidet
3788 1039 3877 1089 di-

2273 1111 2494 1178 gnitate,
2518 1114 2750 1170 dabatur
2778 1116 3081 1175 decretum.
3112 1122 3269 1176 Hunc
3302 1123 3488 1193 itaque
3510 1126 3877 1193 advocantes,

2271 1216 2335 1253 ea
2368 1219 2487 1270 quin
2528 1205 2673 1259 dicta
2708 1219 2835 1261 sunt
2870 1218 2925 1263 ct
2953 1211 3194 1276 decreta,
3228 1230 3393 1283 super
3420 1231 3487 1270 eo
3537 1222 3877 1287 pronuntia-

2275 1292 2472 1361 vimus,
2503 1297 2594 1363 qui
2633 1314 2977 1368 nequaquam
3010 1318 3254 1358 annuere
3284 1308 3477 1371 voluit,
3522 1326 3699 1379 neque
3730 1330 3878 1367 cou-

2271 1399 2493 1440 sensum
2537 1388 2645 1453 his,
2677 1406 2800 1458 qua:
2828 1391 3046 1447 decreta
3082 1392 3316 1461 fuerant,
3356 1400 3495 1454 eﬁiei
3530 1404 3765 1469 postulat
3792 1415 3875 1459 at.

2273 1474 2520 1547 Cumque
2556 1495 2655 1535 uos
2690 1496 2838 1545 eum,
2867 1486 3224 1552 quamobrem
3258 1490 3483 1545 obedire
3512 1494 3736 1548 minime
3774 1511 3879 1563 pa-

2275 1575 2502 1634 teretur,
2556 1574 2857 1639 percontati
2916 1574 3255 1645 fuissemus;
3294 1582 3472 1649 primo
3502 1585 3720 1653 quidem
3782 1601 3878 1641 re-

2272 1661 2493 1728 spondit
2532 1678 2806 1720 excusaus
2847 1681 2925 1732 se,
2952 1676 3006 1720 et
3039 1685 3205 1737 super
3245 1686 3304 1725 se
3345 1672 3534 1743 jugum
3569 1677 3875 1732 sacerdotii

2271 1749 2477 1804 dicens.
2516 1751 2626 1806 Nos
2656 1763 2835 1809 autent
2866 1756 3229 1827 intelligentes
3274 1762 3420 1831 quod
3449 1767 3875 1823 excusationem

2274 1839 2567 1906 quamdam
2603 1838 2809 1897 faceret
2853 1860 3161 1914 proponens
3197 1865 3303 1903 non
3346 1852 3726 1922 obediendum,
3764 1874 3878 1914 ne-

2275 1944 2551 1999 quaquam
2580 1932 2939 1991 discessimus
2960 1938 3028 1991 ab
3057 1953 3144 2003 eo,
3178 1940 3273 1995 sed
3309 1948 3706 2010 permansimus
3733 1966 3877 2019 per-

2275 2021 2507 2076 suadere
2548 2022 2622 2077 illi
2655 2036 2938 2087 couautes,
2978 2031 3121 2097 quod
3170 2033 3473 2101 susciperet
3526 2041 3724 2092 summi
3771 2058 3873 2095 sa-

2272 2113 2497 2181 cerdotii
2537 2114 2882 2184 dignitatem.
2923 2117 3041 2188 ipse
3087 2120 3271 2193 itaque
3313 2125 3500 2181 videns
3538 2128 3869 2186 instantiam

2273 2213 2537 2270 nostram,
2563 2220 2787 2261 causam
2824 2211 3242 2269 renuntiationis
3286 2218 3639 2274 annuntiabat
3662 2241 3675 2275 ε
3700 2220 3869 2289 Quo-

2271 2295 2418 2349 niam
2478 2297 2653 2364 video,
2700 2299 2901 2369 inquit,
2949 2306 3312 2374 etchSpicio
3362 2309 3680 2373 Ecclesium,
3723 2309 3871 2385 ἠοω

2270 2403 2436 2458 super
2492 2402 2722 2459 petram,
2766 2392 3044 2450 Christum
3098 2400 3305 2454 scilicet
3362 2401 3529 2456 Deum
3581 2417 3865 2470 nostrum,

2270 2479 2495 2535 fundata
2527 2494 2631 2550 est,
2666 2485 2896 2540 scissam
2932 2503 3079 2542 nunc
3101 2500 3153 2544 et
3178 2492 3476 2562 diruptam,
3504 2504 3559 2549 et
3583 2512 3682 2551 nos
3702 2500 3868 2555 aliud

2269 2582 2433 2641 atque
2467 2574 2609 2628 aliud
2647 2575 2953 2645 loquentes,
2992 2590 3047 2633 et
3083 2594 3180 2635 eos
3209 2582 3304 2651 qui
3336 2599 3402 2637 ex
3438 2585 3659 2642 Oriente
3688 2591 3867 2646 unius

2267 2666 2552 2721 nobiscum
2596 2669 2717 2723 ﬁdei
2746 2679 2875 2723 sunt
2909 2670 3272 2740 Christianos,
3313 2677 3507 2744 aliter;
3539 2689 3591 2733 et
3623 2697 3865 2736 concor-

2266 2754 2457 2810 dantes
2501 2756 2589 2811 his
2622 2773 2717 2813 eos
2744 2759 2835 2829 qui
2883 2775 2951 2813 ex
2986 2759 3280 2819 Occidente
3312 2769 3689 2836 constituunt;
3725 2789 3868 2829 nos-

2265 2861 2372 2913 que
2401 2846 2666 2903 alienatos
2694 2849 2763 2903 ab
2793 2850 2900 2905 illis
2931 2851 3221 2920 universis,
3255 2866 3306 2910 et
3335 2873 3435 2927 per
3468 2860 3713 2931 singulos
3734 2865 3864 2919 dies

2265 2936 2334 2988 ab
2364 2937 2618 2992 omnibus
2657 2939 3144 2997 anathematizatos
3194 2961 3453 3015 agnosco.
3494 2950 3561 3004 Et
3598 2954 3727 3021 quia
3762 2970 3861 3025 sy-

2265 3026 2467 3080 nodum
2500 3029 2866 3085 universalcm
2898 3047 3062 3102 posco
3094 3036 3249 3102 ﬁeri,
3278 3039 3407 3093 dum
3445 3042 3632 3097 vicarii
3670 3056 3780 3100 tam
3826 3064 3859 3101 a

2265 3131 2401 3187 papa
2447 3118 2728 3185 Romano,
2769 3137 2935 3192 quam
2981 3126 3049 3179 ab
3080 3125 3319 3185 Orientis
3375 3133 3715 3203 principibus
3760 3156 3862 3195 sa-

2266 3207 2546 3261 cerdotum
2605 3208 2979 3270 inveniuntur.
3020 3212 3293 3274 Βωονηοε
3332 3220 3737 3282 innotescentes
3801 3232 3860 3283 in

2267 3300 2556 3367 pra'sentia
2593 3304 2940 3359 sacerdotum
2991 3316 3045 3362 et
3088 3310 3613 3380 gloriosissimorum
3648 3321 3864 3387 princi-

2267 3403 2394 3458 pum
2436 3400 2777 3459 nostrorum,
2825 3404 2881 3449 et
2910 3398 3078 3454 totius
3122 3400 3342 3458 Christo
3377 3408 3633 3463 amabilis
3670 3415 3861 3481 populi

2266 3482 2464 3546 nostri,
2496 3485 2588 3552 qui
2623 3496 2753 3540 tunc
2790 3487 2877 3542 hic
2910 3491 3156 3554 aderant,
3201 3498 3377 3549 virum
3420 3499 3715 3555 eduximus
3750 3518 3763 3553 :
3801 3514 3863 3555 et

2266 3571 2320 3625 itt
2361 3577 2648 3641 praesentia
2698 3592 2908 3643 eorum,
2960 3583 3222 3657 quidquid
3274 3588 3432 3642 nobis
3478 3595 3861 3660 responderat,

2265 3673 2321 3718 ct
2350 3665 2484 3735 ipsis
2513 3667 2711 3723 allatus
2733 3680 2837 3724 est.
2863 3671 2935 3723 At
2954 3687 3083 3726 vero
3107 3676 3346 3731 universi
3378 3678 3453 3754 illi
3476 3683 3600 3754 haec
3626 3684 3863 3738 audiet;-

2268 3766 2369 3823 tes,
2418 3760 2653 3814 libenter
2699 3773 3051 3831 acceperunt,
3098 3743 3766 3841 postulantepﬁaeilicuzu
3801 3787 3862 3831 et

2266 3849 2415 3917 pium
2459 3851 2745 3919 imperium
2800 3863 3068 3921 ttostrum,
3107 3867 3168 3911 ut
3217 3858 3372 3913 ﬁeret
3404 3864 3728 3922 universalis
3766 3885 3863 3935 sy-

2268 3939 2466 3995 nodus.
2515 3959 2535 3993 ›
2816 3971 2821 3977 ι
3230 3998 3233 3999 ν

2338 4029 2391 4084 6.
2426 4029 2560 4097 Quae
2584 4033 2725 4098 apud
2756 4036 3017 4104 populum
3048 4037 3247 4094 dixerit
3277 4039 3561 4108 Tarasius,
3598 4056 3655 4100 et
3690 4051 3863 4117 potis-

2268 4122 2467 4177 simum
2518 4124 2664 4192 quod
2704 4128 2901 4180 summi
2951 4128 3096 4184 illius
3145 4134 3436 4188 sacerdotii
3485 4137 3703 4206 jugum,
3740 4143 3862 4194 sive

2267 4228 2409 4267 unus
2436 4229 2620 4283 grave,
2662 4214 2869 4273 invitus
2895 4214 3210 4289 acceptarit,
3242 4227 3501 4292 praeclare
3540 4239 3730 4283 narrat
3760 4247 3862 4300 po-

2270 4305 2539 4360 tissimum
2562 4322 2629 4362 ex
2662 4307 2996 4379 Theophane
3022 4313 3369 4382 Anastasius,
3396 4320 3485 4372 ubi
3516 4322 3632 4375 Itzec
3653 4326 3862 4392 papula

2268 4400 2523 4466 proponit
2547 4399 2806 4454 Tarasius
2837 4419 2852 4455 :
2892 4420 2910 4453 ς
2944 4401 3119 4469 Nunc,
3144 4423 3176 4457 υ
3198 4408 3322 4474 viri,
3364 4413 3457 4479 qui
3490 4410 3662 4467 Deum
3693 4418 3861 4469 time-

2198 4514 2241 4569 ι)
2271 4488 2359 4553 tis,
2393 4497 2447 4543 et
2499 4505 2711 4560 semper
2768 4493 2914 4547 hunc
2968 4495 3022 4550 in
3082 4498 3335 4554 cordibus
3383 4505 3580 4558 vestris
3619 4506 3859 4570 habetis,

2271 4577 2473 4647 quique
2515 4579 2715 4634 Christi
2750 4582 3059 4651 vocatione,
3100 4588 3211 4641 veri
3247 4589 3497 4644 videlicet
3534 4591 3629 4646 Dei
3680 4599 3861 4649 nostri

2270 4668 2632 4724 nominamini
2666 4669 2991 4737 Christiani,
3025 4677 3134 4739 aio,
3162 4678 3344 4733 audite
3379 4682 3561 4737 brevis
3584 4688 3861 4740 sermonis

2270 4756 2341 4810 ab
2364 4758 2660 4827 exiguitate
2706 4774 2771 4813 ac
2822 4760 3130 4819 humilitate
3179 4776 3366 4821 nostra
3422 4770 3710 4825 rationem.
3748 4771 3861 4841 Ego

2270 4847 2487 4916 quidem
2520 4850 2782 4919 quidquid
2812 4852 2919 4920 piis
2948 4854 3370 4924 imperatoribus
3404 4863 3633 4923 nostris,
3678 4875 3733 4915 et
3758 4880 3864 4932 per

2269 4938 2452 4991 omnia
2502 4939 2826 4994 orthodoxis
2880 4945 3292 5012 responderim,
3347 4960 3403 5001 et
3454 4950 3508 5004 in
3558 4968 3858 5021 conspectu

2270 5039 2451 5083 vestro
2485 5032 2755 5087 orationis
2787 5049 2922 5089 meai
2955 5037 3201 5107 apologia
3234 5042 3630 5108 respondeam?
3658 5047 3862 5100 timere

2268 5120 2546 5189 deprimor
2566 5123 2634 5177 ad
2661 5124 3112 5180 consentiendum
3142 5130 3269 5183 huic
3286 5130 3560 5195 electioni,
3585 5147 3639 5189 et
3663 5153 3861 5191 vereor

2268 5226 2298 5264 a
2327 5210 2465 5270 facie
2494 5210 2588 5266 Dei
2620 5229 2842 5270 currere
2867 5218 3067 5283 taliter,
3098 5229 3154 5273 et
3181 5224 3588 5289 quomodolibet
3615 5227 3865 5282 circnma
3918 5226 3922 5233 ’

2268 5312 2507 5372 spectus,
2538 5312 2597 5358 ut
2631 5320 2742 5375 non
2799 5309 3027 5364 terribili
3077 5311 3415 5367 damnationi
3471 5319 3858 5372 succumbam.

2269 5392 2326 5447 Si
2357 5394 2501 5448 enim
2529 5394 2746 5453 divinus
2777 5396 2983 5454 Paulus
3015 5404 3293 5470 apostolus
3317 5406 3407 5475 qui
3441 5408 3531 5463 Dei
3568 5425 3730 5465 voces
3756 5430 3859 5465 an-

2267 5483 2422 5549 divit,
2477 5485 2787 5557 coelumque
2839 5489 3030 5545 habuit
3076 5494 3333 5551 erudiens
3389 5513 3470 5563 se,
3519 5511 3574 5553 et
3613 5498 3859 5570 paradisi

2267 5574 2545 5644 inspector
2575 5577 2801 5635 ellectus
2832 5590 2939 5646 est,
2996 5585 3312 5657 audivitque
3349 5604 3547 5645 arcana
3583 5596 3762 5651 verba.
3800 5609 3857 5648 ιιι

2268 5668 2500 5735 portavit
2554 5685 2753 5725 nomen
2804 5672 2894 5727 Dei
2943 5690 3128 5731 coram
3188 5680 3441 5749 gentibus
3493 5693 3546 5737 ct
3606 5686 3855 5753 regibus,

2265 5758 2443 5813 dixit:
2478 5756 2554 5815 Ne
2585 5759 2743 5829 forte,
2794 5780 2914 5820 cuin
2966 5767 3088 5822 aliis
3137 5772 3572 5839 praedicaverunt,
3608 5778 3721 5845 ipse
3757 5794 3852 5829 ru
