4088 6518
317 400 448 467 1381

1253 396 1450 457 VITA.
1491 418 1559 429 --
1609 391 2211 452 COMMENTARIUS
2245 392 2615 452 Pll/‘EVIUS.

3438 398 3574 463 1382

312 514 521 592 probus
570 517 772 571 eﬂiciar
803 515 844 585 (ι
896 514 1021 567 Cor.
1056 528 1153 576 vtt,
1178 512 1308 579 27);
1349 510 1626 580 quomodo
1654 523 1774 577 ego,
1802 508 1893 577 qui
1930 515 1966 566 Α
2001 507 2319 563 beatissimo
2350 508 2658 577 patriarcha
2707 510 3277 583 Constantinopoleos.
3327 513 3490 571 Multa
3521 530 3575 573 et

312 613 368 665 in
398 609 602 664 mundo
627 614 1008 667 conversatus,
1038 613 1233 657 etcum
1264 604 1417 656 laicis
1444 604 1888 660 connumeratus,

313 703 368 756 in
405 697 777 768 imperatoriis
807 694 1377 749 administrationibus
1397 691 1646 756 militavi,
1674 691 1753 745 sic
1768 690 1890 743 abs-

310 808 420 861 que
475 786 812 858 judicatione
861 792 1026 853 atque
1103 784 1598 852 circumspectione
1668 796 1888 851 possunt

313 882 526 935 insilire
579 878 645 932 ad
680 875 974 931 sacerdotii
1022 874 1493 943 magnitudinem?
1544 871 1888 927 llorrendnm

310 987 578 1026 conamen
616 970 682 1024 ad
722 966 1073 1037 exiguitatem
1109 981 1283 1019 meam
1315 975 1370 1019 et
1400 964 1746 1019 temerarium
1776 974 1891 1017 stu-

310 1064 490 1116 dium.
524 1062 706 1115 Causa
752 1072 882 1113 vero
912 1057 1127 1111 timoris
1153 1066 1207 1110 et
1240 1056 1583 1111 refutationis
1614 1071 1745 1108 mea:
1777 1054 1891 1107 haec

308 1164 414 1208 est.
449 1153 672 1221 Aspicio
699 1158 753 1204 et
775 1148 933 1203 video
956 1146 1275 1212 Ecclesiam,
1312 1163 1435 1217 qum
1465 1163 1626 1216 supra
1657 1153 1886 1215 petram,

309 1246 591 1300 Christum
631 1244 918 1297 Dominum
950 1250 1221 1307 nostrum,
1265 1240 1485 1295 fundata
1520 1248 1626 1302 est,
1663 1240 1886 1295 scissam

310 1352 461 1389 nunc
493 1345 547 1388 et
578 1334 831 1398 divisam,
864 1342 918 1388 et
944 1349 1043 1388 nos
1073 1332 1177 1387 alia
1210 1341 1373 1400 atque
1399 1332 1556 1385 aliter
1583 1331 1886 1406 loquentes,

308 1434 366 1479 et
398 1426 556 1478 aliter
597 1439 691 1478 eos
719 1423 1083 1487 Christianos,
1114 1422 1209 1492 qui
1254 1422 1308 1475 in
1341 1421 1562 1475 Oriente
1598 1421 1890 1483 uniusne-

309 1517 526 1571 hiscum
566 1516 686 1569 ﬁtlei
716 1523 864 1580 sunt,
897 1516 991 1570 sed
1014 1526 1068 1569 et
1091 1514 1600 1569 his’concordantes
1627 1510 1889 1567 Occiden-

313 1610 491 1661 tales:
530 1621 629 1660 nos
657 1606 728 1659 ab
750 1606 1006 1660 omnibus
1053 1606 1159 1659 illis
1212 1604 1503 1668 alienatos,
1557 1611 1611 1656 et
1639 1617 1668 1656 a
1705 1616 1763 1658 se
1797 1616 1891 1671 per

310 1699 558 1769 singulos
581 1699 699 1752 dies
726 1698 1237 1752 anathematizatos.
1281 1695 1403 1748 Dira
1442 1710 1603 1764 poma
1641 1703 1724 1749 cst
1756 1709 1887 1747 ana-

309 1793 519 1855 thema,
555 1791 748 1860 procul
782 1805 813 1845 a
858 1790 971 1845 Deo
999 1790 1219 1853 emittit,
1252 1797 1305 1841 et
1344 1803 1374 1842 a
1413 1802 1580 1858 regno
1625 1788 1885 1842 cmlorum

1996 613 2190 668 magna
2221 600 2566 668 providentia
2615 599 2884 658 Dominus
2920 603 3064 659 Deus
3114 605 3396 661 hominum
3433 608 3575 665 vitas

1995 704 2210 755 regens,
2235 699 2287 744 et
2313 691 2667 759 protrahens.
2695 702 2858 762 atque
2892 705 3215 764 proventum
3241 697 3364 752 vita:
3387 700 3576 754 unius-

1991 779 2259 848 cujusque
2289 781 2537 836 consulte
2565 782 2845 839 deducens
2897 785 3039 855 (sine
3072 787 3191 856 ipso
3218 805 3456 859 namque
3488 789 3574 845 fa-

1993 881 2141 925 ctum
2186 881 2268 925 est
2302 872 2458 939 nihil,
2490 874 2617 943 quia
2662 885 2716 930 et
2746 877 2924 947 capilli
2956 879 3148 947 capitis
3179 881 3350 935 nostri
3381 898 3574 937 nume-

1994 960 2095 1013 rati
2132 972 2259 1014 sunt
2284 962 2382 1030 ei),
2412 970 2468 1016 et
2500 979 2584 1018 nte
2620 962 2673 1017 itt
2698 964 2967 1019 laicorutn
2999 968 3191 1021 ordine
3217 972 3391 1039 usque
3424 986 3572 1025 nunc

1990 1063 2471 1117 connunteratum,
2504 1063 2557 1107 et
2590 1054 2967 1125 imperialibus
2998 1058 3318 1115 ministeriis
3345 1059 3571 1130 deputa-

1992 1152 2128 1209 tutn,
2178 1145 2386 1210 nescio,
2431 1147 2628 1213 quibus
2656 1148 2881 1216 judiciis
2914 1150 3030 1219 ipse
3071 1150 3222 1217 fecit,
3270 1156 3324 1207 in
3383 1154 3571 1209 cathe-

1972 1235 2142 1289 draut
2170 1235 2540 1303 pontiﬁcalem
2568 1237 2768 1303 evexit,
2806 1240 3022 1294 hortatu
3054 1242 3231 1295 valido
3264 1258 3294 1297 a
3328 1244 3571 1299 veritatis

1990 1325 2517 1403 propugnatoribus,
2549 1327 2812 1394 piissimis
2855 1331 3107 1387 videlicet
3146 1349 3209 1388 ac
3249 1334 3571 1389 ortltodoxis

1970 1416 2425 1485 imperatoribus
2457 1419 2661 1474 nostris
2695 1429 2859 1490 atque
2902 1426 3268 1479 sanctissimis
3301 1427 3571 1495 episcopis

1991 1516 2084 1553 seu
2116 1503 2332 1557 clericis
2360 1505 2413 1557 itt
2440 1521 2525 1557 tne
2556 1506 2822 1561 violenter
2842 1510 3055 1573 eﬂ‘ecto,
3090 1513 3176 1565 cui
3207 1516 3571 1570 succumbens

1992 1595 2199 1656 annui,
2257 1605 2311 1649 et
2383 1597 2705 1653 obedientiaa
2778 1601 3015 1655 fructum
3093 1605 3178 1657 his
3238 1607 3569 1674 carpendum

1991 1686 2263 1740 commisi.
2321 1686 2384 1740 Et
2422 1704 2557 1758 rogo
2608 1705 2707 1745 vos
2757 1694 3163 1761 sanctissimos,
3204 1705 3262 1750 ιιι
3312 1706 3568 1766 tanquam

1994 1783 2173 1845 patres
2216 1794 2302 1832 nte
2367 1782 2774 1849 pusillanimem
2832 1786 3026 1837 baculo
3060 1789 3330 1855 potentiae,
3378 1788 3430 1843 id
3461 1797 3569 1854 est,

307 1883 552 1950 “pum,
593 1882 800 1936 ducens
831 1883 885 1937 in
915 1881 1170 1937 tenebras
1208 1881 1527 1935 exteriores,
1571 1880 1755 1934 Nescit
1788 1877 1889 1934 Ec-
1920 1856 1964 1911 B
2002 1867 2241 1936 paternis
2264 1871 2465 1926 vestris
2495 1874 2826 1941 magisteriis
2858 1874 3095 1933 fulciatis
3134 1896 3148 1934 :
3181 1889 3235 1933 et
3265 1880 3428 1933 veluti
3456 1880 3571 1934 fra-

308 1973 492 2027 tlesiae
522 1974 608 2027 lex
650 1974 732 2027 vel
773 1973 1040 2029 terminus
1068 1982 1274 2027 sectam
1308 1973 1421 2026 sive
1462 1972 1890 2037 contentionem,

309 2063 406 2120 sed
437 2066 579 2121 sicut
624 2065 775 2120 novit
806 2065 1051 2120 conﬁteri
1082 2081 1250 2119 unum
1292 2064 1485 2131 Deum,
1516 2080 1679 2118 unum
1712 2063 1892 2133 bapti-

310 2170 454 2221 sma,
488 2170 652 2208 unam
687 2154 869 2221 fidem,
901 2154 975 2208 ita
1012 2163 1065 2208 et
1094 2143 1440 2209 concordiam
1470 2168 1632 2205 unam
1664 2151 1718 2205 in
1742 2150 1891 2205 omni

306 2247 683 2301 ecclesiastico
732 2246 967 2317 negotio.
1014 2243 1161 2299 Nihil
1191 2245 1335 2299 enint
1373 2254 1460 2299 est
1506 2243 1561 2297 itt
1595 2251 1887 2313 conspectu

310 2337 405 2393 Dei
436 2346 543 2392 tam
566 2346 862 2408 acceptum
902 2348 1065 2407 atque
1108 2332 1395 2406 placabile,
1427 2351 1591 2404 quam
1634 2343 1693 2388 ut
1723 2349 1888 2389 unum

308 2428 506 2493 simus,
534 2437 588 2485 et
608 2445 711 2483 una
740 2428 1007 2483 efﬁciatur
1035 2427 1304 2499 catholica
1336 2425 1600 2497 Ecclesia,
1629 2426 1890 2494 quemad—

308 2520 534 2573 modum
560 2519 613 2573 in
645 2518 873 2574 sincerm‘
899 2527 1104 2572 nostrae
1126 2517 1246 2572 ﬁdei
1270 2515 1519 2587 symbolo
1543 2514 1885 2579 conﬁtemur.

310 2609 381 2664 Et
415 2612 649 2679 petimus
693 2625 814 2675 nos,
849 2610 1069 2674 fratres,
1103 2616 1347 2676 uthreor,
1382 2616 1434 2661 et
1477 2622 1595 2674 vos,
1627 2607 1885 2677 quoniam

309 2702 432 2754 scio
462 2700 710 2753 timorem
741 2715 838 2755 vos
866 2699 955 2753 Dei
995 2700 1216 2763 habere,
1246 2713 1274 2752 a
1308 2698 1574 2767 piissimis
1609 2708 1661 2752 et
1699 2699 1888 2752 ortho-

307 2793 472 2846 tloxis
518 2791 939 2861 imperatoribus
972 2791 1177 2846 nostris
1226 2792 1493 2860 synodum
1525 2790 1886 2844 universaletn

308 2883 516 2953 colligi,
543 2895 600 2937 nt
624 2883 920 2937 ciliciamur
957 2892 1010 2938 et
1055 2897 1182 2947 nos,
1216 2880 1508 2950 qui'unins
1540 2880 1630 2934 Dei
1676 2895 1888 2942 sumus,

309 2990 483 3025 unum
522 2992 534 3026 :
566 2984 618 3027 et
659 2975 751 3042 qui
782 2973 1064 3027 Trinitatis
1114 2972 1358 3027 cultores
1382 2972 1697 3033 exsistimus
1732 2970 1885 3037 uniti,

307 3074 365 3116 et
394 3064 680 3117 unanimes
704 3072 758 3117 et
778 3064 999 3130 collega:
1025 3080 1038 3116 :
1068 3072 1121 3116 et
1148 3062 1241 3132 qui
1266 3064 1460 3132 capitis
1485 3062 1655 3133 nostri
1684 3060 1889 3116 Christi

309 3169 530 3217 sumus,
571 3154 868 3208 efﬁciamur
901 3168 1102 3222 corpus
1131 3167 1302 3206 unum
1353 3161 1695 3221 compactum
1729 3160 1890 3218 atque

308 3259 622 3297 connexum
661 3262 675 3300 :
717 3253 771 3297 et
799 3244 893 3313 qui
940 3244 1115 3297 sancti
1153 3242 1392 3312 Spiritus
1439 3258 1652 3305 sumus,
1690 3241 1889 3296 cilicia-

309 3352 442 3389 tnur
481 3351 588 3389 non
621 3344 812 3390 contra
859 3335 1113 3401 invicem,
1153 3336 1245 3390 sed
1279 3350 1376 3404 pro
1409 3335 1641 3388 invicem
1669 3350 1682 3387 :
1709 3343 1763 3387 et
1797 3335 1888 3403 qui

309 3426 567 3481 veritatis
618 3426 958 3490 exsistimus,
1012 3425 1575 3497 elliciamuridipsum
1621 3428 1892 3496 sapientes

310 3528 481 3587 atque
530 3517 796 3580 dicentes,
837 3526 891 3571 et
927 3532 1033 3570 non
1063 3517 1137 3572 sit
1182 3516 1237 3570 in
1278 3517 1434 3572 nobis
1469 3527 1741 3572 certamen
1778 3517 1893 3572 sive

308 3610 607 3672 dissensio,
653 3619 711 3662 ut
751 3624 855 3677 pax
888 3608 1005 3677 Dei,
1037 3624 1158 3677 qum
1190 3618 1480 3679 exsuperat
1517 3624 1732 3663 omnem
1766 3623 1892 3664 sen-

312 3716 461 3762 sum,
498 3687 709 3753 muniat
749 3712 871 3754 nos.
908 3699 974 3752 Et
1028 3700 1072 3754 si
1121 3701 1336 3770 quidem
1382 3700 1648 3769 jusserint
1698 3700 1890 3755 ortho-

311 3791 494 3845 doxia:
530 3799 987 3860 propugnatores,
1027 3792 1381 3860 imperatores
1416 3790 1666 3844 videlicet
1693 3790 1888 3854 nostri,

312 3882 677 3952 postulationi
730 3896 864 3936 mete
918 3897 1179 3953 annuere,
1219 3882 1503 3936 consentio
1536 3890 1590 3935 et
1617 3895 1740 3950 ego.
1794 3878 1889 3933 Sin

315 3985 527 4039 autem,
568 3972 905 4043 impossibile
935 3982 1019 4027 est
1069 3973 1203 4026 mihi
1241 3974 1344 4029 hoc
1388 3971 1588 4038 facere,
1623 3987 1692 4026 ne
1720 3971 1892 4041 subji-

313 4069 438 4122 ciar
478 4066 835 4129 anathemati,
881 4075 935 4119 et
966 4065 1213 4120 inveniar
1254 4065 1651 4120 condemnatus
1699 4064 1754 4117 in
1807 4064 1893 4119 die

315 4153 538 4209 Domini
571 4154 744 4208 nostri
775 4161 830 4207 et
855 4152 1147 4221 justissimi
1177 4151 1404 4216 Indicis,
1444 4152 1535 4229 ubi
1568 4167 1745 4222 neque
1784 4153 1891 4207 im-

316 4258 565 4317 perator,
603 4263 780 4317 neque
832 4246 1111 4309 sacerdos,
1162 4257 1338 4311 neque
1387 4242 1681 4311 principes,
1717 4256 1893 4312 neque

318 4339 606 4393 hominum
642 4338 935 4393 multitudo
985 4336 1185 4406 poterit
1223 4336 1433 4403 eripere
1486 4349 1592 4389 me.
1637 4333 1703 4387 Et
1732 4333 1892 4405 quid-

317 4428 455 4497 quid
489 4429 751 4497 placuerit
788 4427 944 4481 vobis
967 4464 981 4490 ,
1017 4426 1242 4494 ,fratrcs,
1284 4424 1408 4478 date
1455 4424 1717 4493 apologia:
1759 4440 1893 4479 mea‘.

323 4532 439 4572 uno
464 4518 628 4572 verbo
652 4516 973 4572 assertionis
1007 4524 1200 4588 vestrae
1232 4513 1453 4567 redditae
1488 4513 1731 4583 petitioni
1759 4529 1893 4568 mea:

322 4624 701 4677 responsum.»
723 4604 1351 4661 Etlibentemudiernnt
1367 4619 1580 4670 omnes,
1606 4620 1726 4675 qua!
1750 4606 1891 4661 dicta

320 4708 474 4763 sunt,
520 4712 845 4754 consensum
900 4696 1223 4764 praebentes,
1277 4704 1337 4749 ut
1388 4694 1541 4750 ﬁeret
1584 4696 1889 4766 synodus...

320 4791 512 4859 Itaque
542 4804 639 4844 vnt
686 4787 913 4843 Kalend.
958 4785 1183 4840 Januar.
1215 4794 1420 4841 octavae
1458 4773 1648 4840 indiet.
1698 4800 1893 4841 conse-

322 4890 513 4935 cratus
533 4888 617 4936 est
655 4879 834 4934 almus
863 4876 1022 4932 Pater
1050 4886 1240 4931 noster
1284 4875 1544 4932 Tarasius
1584 4877 1895 4946 patriarcha

324 4969 962 5038 Constantinopolitanus
1001 4971 1093 5036 qui
1141 4966 1325 5021 missis
1357 4965 1585 5020 Romam
1620 4967 1897 5036 synodicis

325 5062 444 5119 suis
471 5072 521 5115 et
571 5060 756 5115 libello
805 5059 929 5113 fidei
979 5074 1093 5113 sure
1122 5066 1375 5126 receptus
1424 5067 1508 5111 est
1562 5058 1629 5112 ab
1656 5058 1897 5111 Adriano

328 5171 486 5225 papa.
530 5153 654 5208 llaec
680 5152 821 5221 apud
862 5151 1213 5205 Anastasium
1266 5150 1643 5220 Theophanes.
1695 5148 1895 5205 Verum

324 5262 406 5300 cae
432 5245 497 5298 ad
527 5243 831 5312 pontificem
864 5239 1174 5295 Romanum
1203 5242 1396 5296 litterae
1424 5241 1724 5309 perierunt,
1758 5257 1898 5310 quas

324 5351 393 5390 ex
432 5334 671 5402 ejusdem
702 5330 975 5400 pontiﬁcis
1015 5344 1283 5398 responso
1316 5330 1667 5395 arbitramur,
1710 5330 1898 5398 paucis

327 5425 433 5481 sub
471 5424 629 5476 ﬁnem
668 5422 914 5483 mutatis,
957 5420 1165 5475 similes
1203 5420 1328 5475 aliis
1370 5420 1590 5483 litteris,
1639 5435 1760 5489 qua:
1802 5435 1897 5475 ex-

327 5519 475 5568 stant
500 5510 726 5564 Actione
758 5508 790 5561 5
816 5506 1010 5578 synodi
1038 5508 1068 5560 7
1095 5522 1217 5560 cum
1247 5509 1347 5559 hac
1380 5505 1733 5573 inscriptione
1778 5525 1790 5560 :

400 5606 456 5662 7.
510 5624 529 5658 ι
574 5605 862 5674 Exemplar
891 5603 1220 5666 litterarum,
1260 5616 1381 5670 quae
1420 5602 1600 5655 missae
1658 5609 1786 5654 sunt
1832 5602 1897 5655 ad

330 5711 576 5753 summos
590 5695 899 5750 sacerdotes
914 5703 967 5749 et
988 5693 1297 5748 sacerdotes
1316 5691 1639 5754 Antiochiae,
1664 5692 1899 5745 Alexan-
1931 5754 1939 5759 η

329 5790 483 5853 driae,
518 5797 572 5844 et
602 5796 804 5843 sanctae
836 5786 1074 5842 civitatis
1118 5799 1148 5838 a
1183 5782 1410 5838 Tarasio
1451 5781 1803 5838 sanctissimo
1848 5793 1901 5837 et

1996 1965 2103 2011 tres
2143 1958 2297 2027 puris
2340 1960 2687 2017 orationibus
2728 1965 2924 2019 vestris
2972 1981 3071 2019 nos
3112 1981 3237 2021 cum
3288 1978 3567 2022 armatura

1996 2046 2085 2101 Dei
2111 2059 2305 2104 contra
2334 2056 2606 2109 versutias
2636 2056 2849 2125 antiqui
2878 2058 3052 2114 hostis
3084 2060 3376 2130 adjuvetis,
3406 2072 3569 2133 atque

1992 2138 2252 2196 ﬂuctibus
2307 2143 2539 2199 invicem
2592 2148 2946 2216 surgentibus
2994 2151 3336 2207 vacillantem
3370 2156 3569 2225 guber-
3644 2160 3655 2165 ’

1994 2230 2170 2294 netis,
2218 2243 2487 2300 quatenus
2526 2237 2830 2306 pertingam
2884 2239 2950 2293 ad
3006 2252 3222 2310 portum
3271 2245 3564 2302 voluntatis

1992 2321 2198 2376 Christi
2229 2322 2324 2378 Dei
2359 2328 2630 2383 nostri....
2673 2327 2827 2384 Nunc
2858 2338 3039 2384 autem
3086 2332 3153 2386 ad
3184 2333 3344 2387 aliam
3384 2336 3562 2403 inten-

1994 2416 2194 2470 tionem
2221 2417 2438 2481 dicendi
2473 2422 2812 2490 progredior.
2848 2424 2985 2489 Quia
3016 2427 3165 2478 enim
3200 2427 3380 2495 prisca
3413 2445 3564 2499 quae-

1992 2508 2140 2573 tiam,
2174 2518 2250 2574 et,
2285 2520 2343 2563 ut
2373 2512 2554 2567 verius
2602 2512 2890 2580 fateamur,
2926 2517 3225 2585 apostolica
3256 2519 3479 2575 traditio
3507 2522 3564 2577 in

1993 2600 2252 2655 omnibus
2300 2599 2560 2663 Ecclesiis
2602 2604 2848 2672 inolevit,
2890 2616 2950 2660 ut
2978 2605 3055 2671 bi,
3103 2608 3194 2675 qui
3228 2608 3297 2663 ad
3339 2611 3561 2679 pontiﬁ-

1964 2692 2136 2750 _cium
2168 2692 2563 2760 proveltuntur,
2628 2696 3063 2764 praecedentibus
3133 2715 3191 2753 se
3264 2700 3319 2754 in
3371 2703 3564 2759 eodem

1992 2782 2188 2837 ordine
2234 2771 2479 2852 qualiter
2516 2800 2574 2841 se
2620 2787 2873 2854 habeant,
2926 2805 3048 2858 qua:
3089 2805 3203 2844 suae
3235 2790 3357 2847 ﬁdei
3411 2803 3562 2862 sunt,
3610 2807 3613 2811 ·

1966 2876 2313 2944 exponendo
2355 2878 2772 2945 commendent;
2826 2881 3005 2936 visum
3058 2892 3224 2939 estet
3272 2885 3409 2940 mihi
3458 2887 3564 2943 hoe

1992 2969 2219 3023 sectanti
2264 2986 2349 3024 me
2380 2971 2536 3026 vobis
2581 2972 2867 3038 inclinare,
2899 2983 2953 3029 et
3004 2975 3211 3046 liquido
3255 2979 3561 3034 confessio-

1964 3076 2117 3115 nem
2171 3062 2550 3130 pronuntiare,
2604 3065 3065 3132 quemadmodum
3118 3086 3147 3122 a
3190 3071 3338 3124 tubis
3383 3071 3561 3126 sancti

1996 3149 2253 3219 Spiritus,
2287 3167 2519 3221 quarum
2559 3168 2729 3209 sonus
2779 3154 2830 3209 itt
2871 3171 3087 3212 omnem
3135 3167 3335 3213 terram
3374 3161 3560 3229 exivit,

1993 3253 2047 3296 et
2075 3244 2129 3295 in
2164 3243 2299 3299 ﬁnes
2330 3254 2490 3297 terra:
2516 3245 2699 3310 verba,
2723 3256 2775 3300 et
2810 3247 2878 3301 ab
2904 3263 3091 3303 carum
3125 3251 3361 3307 alumnis
3401 3265 3565 3323 atque

1994 3336 2254 3399 asseclis,
2308 3336 2705 3391 sacratissimis
2752 3339 3004 3395 videlicet
3052 3340 3308 3397 Patribus
3362 3346 3564 3399 nostris

1993 3428 2282 3492 educatus,
2320 3444 2384 3481 ex
2438 3428 2570 3497 ipsis
2612 3429 2868 3485 mollibus
2904 3433 3116 3502 ungulis
3158 3434 3343 3489 didici.
3389 3436 3566 3491 Credo

1994 3519 2048 3572 in
2108 3534 2279 3573 unum
2315 3518 2608 3574 Deum.....
2642 3518 2917 3590 Expetens
2945 3524 3109 3577 etiam
3142 3525 3563 3589 intercessiones

1993 3607 2355 3662 sanctissimae
2408 3616 2462 3661 ct
2518 3607 2858 3663 intemerata:
2917 3611 3158 3666 Dominae
3216 3625 3413 3669 nosme
3466 3616 3561 3672 Dei

1994 3696 2284 3752 Genitricis
2328 3706 2635 3767 eLsemper
2688 3698 2928 3769 Virginis
2978 3701 3183 3768 Mariae,
3229 3717 3567 3761 sanctorum-

1994 3805 2100 3858 que
2128 3790 2469 3859 angelorum,
2506 3799 2561 3845 et
2594 3803 2906 3847 sanctorum
2941 3806 3006 3857 .et
3039 3796 3560 3861 gloriosissimorum

1993 3880 2389 3947 apostolorum,
2446 3881 2870 3949 prophetarum,
2921 3894 3242 3955 martyrum,
3286 3887 3565 3943 confesso-

1997 3984 2114 4022 rnm
2152 3979 2208 4023 et
2244 3970 2563 4036 doctorum;
2615 3971 2860 4028 salutans
2901 3982 2953 4028 et
2987 3975 3325 4031 venerabiles
3375 3978 3585 4033 iconas’

1993 4075 2205 4125 eorum,
2246 4069 2299 4114 et
2357 4077 2575 4116 onmem
2618 4064 2927 4120 ltaareticam
2961 4067 3287 4122 abominans
3335 4076 3565 4123 conten-

1998 4148 2320 4203 tionem.....
2372 4147 2597 4217 Recipio
2626 4152 2790 4207 etiam
2844 4166 3060 4208 sanctas
3105 4162 3162 4208 et
3225 4156 3563 4212 universales

1995 4242 2088 4292 sex
2119 4238 2380 4310 synodos,
2426 4249 2481 4296 et
2519 4256 2707 4295 earum
2751 4243 2933 4298 divina
2971 4244 3223 4314 dogmata
3269 4248 3471 4315 pariter
3509 4258 3565 4303 et

1993 4332 2272 4388 doctrinas
2306 4343 2563 4404 tanquam
2605 4350 2728 4403 quae
2774 4334 2956 4389 divina
3002 4336 3358 4406 inspiratione
3405 4340 3563 4393 nobis

1996 4425 2190 4478 tradita
2246 4427 2485 4479 luerunt.
2520 4445 2538 4477 ι
2582 4426 2786 4480 Omitto
2833 4427 3044 4497 reliqua
3079 4443 3202 4483 eum
3244 4430 3561 4485 earumdem

1993 4513 2434 4569 Patriarcharum
2502 4514 2569 4569 ad
2623 4525 2875 4570 sanctum
2934 4516 3219 4572 Tarasium
3274 4533 3559 4588 responso.

1998 4606 2240 4660 Sufﬁciat
2277 4621 2403 4675 pars
2442 4606 2625 4676 aliqua
2673 4606 2919 4676 epistolae
2973 4607 3195 4662 Adriani
3240 4622 3409 4678 papae,
3452 4624 3562 4679 qua

1996 4699 2071 4751 illi
2128 4700 2445 4767 respondet,
2485 4714 2652 4769 quant
2702 4701 2836 4753 citat
2863 4699 3025 4753 etiam
3075 4698 3382 4755 Nicolausl
3422 4715 3562 4771 papa

1995 4789 2154 4857 epist.
2183 4789 2215 4842 6
2248 4791 2311 4843 ad
2336 4789 2609 4844 Pltotium.
2634 4789 2823 4845 Exstat
2851 4804 2913 4844 ea
2944 4789 3158 4844 actione
3179 4789 3215 4842 2
3242 4790 3432 4859 synodi
3463 4806 3560 4857 vn,

1996 4878 2158 4930 etiam
2187 4876 2374 4930 Graece
2399 4877 2660 4931 translata
2691 4892 2815 4931 cum
2840 4878 2943 4932 hoc
2977 4875 3173 4931 titulo:

2067 4969 2119 5023 8.
2162 4986 2181 5019 ι
2222 4967 2429 5022 Dilecto
2474 4967 2651 5021 Fratri
2682 4966 2906 5022 Tarasio
2935 4965 3254 5034 patriarchae
3288 4963 3563 5019 Adrianus

1996 5060 2285 5128 episcopus
2325 5074 2515 5113 servus
2547 5073 2825 5118 servorum
2868 5057 2982 5111 Dei.
3037 5056 3304 5111 Pastorali
3357 5072 3560 5131 cura...

1998 5151 2470 5207 consideravintus
2496 5157 2685 5204 vestrae
2706 5149 2915 5203 dilectae
2934 5147 3211 5203 sanctitati
3235 5162 3386 5202 sacra
3407 5147 3560 5201 allari

1998 5242 2314 5305 concordia,
2345 5251 2398 5295 et
2428 5242 2701 5296 subtiliter
2732 5240 2956 5295 verbum
2991 5238 3360 5295 manifestare.
3396 5237 3452 5293 ln
3475 5255 3563 5309 sy-

1997 5334 2208 5388 notlit'is
2239 5331 2601 5387 confessionis
2642 5340 2834 5385 vestra:
2882 5330 3027 5395 lidei,
3078 5344 3199 5399 qua:
3249 5328 3563 5399 apostolica

1999 5424 2111 5480 sedi
2138 5432 2339 5478 nostra:
2361 5422 2571 5477 directa
2597 5432 2725 5477 sunt
2753 5436 2915 5490 super
2939 5418 3171 5474 Leonem
3202 5418 3560 5474 reverendam

2000 5513 2374 5584 presbyterum
2402 5525 2664 5579 vestrum,
2686 5511 2994 5566 invenimus
3018 5510 3071 5564 in
3092 5509 3173 5564 eis
3197 5509 3351 5563 initio
3375 5508 3564 5574 prima:

2000 5604 2211 5673 pagina:
2269 5601 2628 5655 reverentiam
2680 5606 2916 5652 vestram
2966 5613 3029 5653 ex
3081 5598 3219 5651 laico
3268 5596 3459 5649 ordine
3508 5602 3564 5650 et

2001 5692 2348 5763 imperatoria
2384 5689 2853 5745 administratione
2886 5689 2950 5743 ad
2982 5688 3177 5744 sacrati
3226 5688 3427 5756 gradus
3466 5702 3562 5740 su-

2001 5787 2278 5841 blimatum
2342 5798 2461 5841 esse
2516 5781 2817 5853 fastigium,
2874 5790 2929 5836 et
2976 5782 3319 5837 vehementer
3372 5780 3425 5836 in
3478 5778 3562 5833 his
