4088 6536
562 399 698 466 1333

1586 395 1648 454 ε.
1687 393 1996 453 TABASII
2037 393 2542 452 PA'I‘RIAl'tClle
2577 395 2684 452 (ΣΡ.

3703 392 3839 456 1334

559 519 742 571 anima
783 518 967 567 nostra
1004 508 1196 562 mirata
1225 516 1329 561 est.
1365 506 1431 558 Et
1461 505 1568 558 nisi
1595 513 1831 558 vestram
1871 504 2140 557 sinceram
2175 510 2214 562 Α
2246 518 2400 563 sane,
2457 505 2658 571 inquit,
2698 519 2808 571 quo
2863 503 3178 572 frequenter
3234 501 3618 558 Universalcm
3655 505 3835 562 Graci

559 620 614 663 et
648 605 1010 662 orthodoxam
1051 600 1214 654 fidem
1260 599 1313 651 in
1347 597 1622 667 przedietis
1666 595 1944 666 synodicis
1996 592 2133 648 sacri

516 722 518 724 ·
562 699 801 771 Symboli
846 694 1146 750 secundum
1182 692 1348 744 ritum
1384 698 1696 744 sanctarum
1729 703 1824 741 sex
1859 687 2140 739 universa-

561 795 693 846 liurn
731 790 1093 859 synodorum.
1145 796 1200 840 et
1257 787 1322 840 de
1367 783 1772 837 venerabilibus
1815 781 2144 850 imaginibus

562 884 703 938 bene
740 899 799 938 se
852 882 1258 936 invenissemus
1293 878 1516 940 habere,
1567 876 1880 930 nullatenus
1917 874 2144 927 audere-

566 988 690 1025 mus
743 971 1055 1040 ttujllSmOdi
1109 969 1375 1022 obaudire
1423 965 1703 1035 synodica.
1737 964 1840 1017 Sed
1878 972 2144 1031 quantum

562 1078 659 1117 eor
701 1072 952 1115 nostrum
992 1061 1308 1114 tristabatur
1352 1058 1420 1111 de
1460 1058 1637 1123 inepta
1687 1055 1848 1108 veteri
1881 1069 1946 1107 ex
1986 1053 2145 1106 nobis

563 1156 845 1216 distantia,
927 1161 1081 1205 tanto
1151 1151 1553 1204 confessionem
1586 1159 1639 1201 et
1711 1157 1916 1200 rectam
1983 1146 2144 1200 fidem

565 1255 802 1300 vestram
841 1246 1026 1298 anima
1071 1259 1254 1296 nostra
1297 1242 1578 1294 inveniens
1630 1240 1803 1291 laetata
1850 1246 1952 1291 est.
1991 1235 2147 1289 Inve-

565 1340 752 1393 nimus
786 1349 970 1390 autem
1015 1337 1068 1389 in
1105 1335 1362 1403 przedicta
1395 1332 1655 1403 synodica
1683 1331 1910 1399 epistola
1937 1329 2144 1383 sancti-

567 1431 691 1483 tatis
719 1439 915 1483 vestrae
950 1435 1072 1496 post
1120 1424 1512 1494 plenitudinem
1562 1421 1706 1484 fidei,
1756 1428 1810 1472 ct
1853 1417 2146 1472 confessio-

567 1537 691 1576 nem
729 1521 868 1575 sacri
902 1518 1169 1589 Symboli,
1213 1526 1267 1569 et
1305 1517 1372 1569 de
1418 1512 1592 1568 sacris
1637 1527 1702 1566 ac
1745 1511 2145 1565 venerabilibus

566 1612 977 1668 character-ibus
1052 1608 1376 1662 miraculum
1451 1604 1612 1658 laude
1677 1617 1741 1656 ac
1794 1604 2146 1656 veneratione

567 1708 958 1777 dignissimum
998 1704 1290 1758 contineri.
1328 1721 1346 1752 ›
1392 1701 1471 1754 Ac
1517 1699 1770 1768 pluribus
1802 1697 2146 1766 interpositis

568 1800 763 1853 addit:
801 1817 818 1849 α
856 1797 1027 1851 Porro
1068 1806 1188 1865 post
1227 1792 1629 1849 confessionem
1673 1790 1793 1844 fidei
1832 1798 2025 1843 vestra:
2050 1804 2145 1842 no-

2255 594 2626 660 patriarcham
2683 609 2843 648 suum
2890 595 3339 650 incnnvenieuter
3370 596 3670 663 appellant,
3702 613 3840 665 apo-

2252 685 2488 738 stolatus
2514 692 2694 738 vester
2717 684 3017 738 adulationi
3047 684 3256 738 veniam
3283 684 3398 747 det,
3418 700 3565 752 s:epe
3591 688 3839 754 prmlatis

2249 777 2365 829 suis
2417 791 2524 829 non
2573 777 2692 829 sine
2740 776 3166 845 reprehensione
3205 777 3422 844 placere
3463 779 3834 831 studentium.

2253 867 2455 922 Verum
2500 885 2622 922 cum
2661 871 2804 938 apud
2845 869 3383 936 Constantinopolim
3439 871 3676 936 positus.
3721 872 3835 925 fre-

2248 972 2484 1030 quenter
2519 961 2742 1016 Grmcos
2792 977 2960 1030 super
3008 961 3110 1014 hoc
3141 960 3408 1014 vocabulo
3461 962 3836 1029 reprehende-

2250 1069 2388 1117 rem,
2419 1063 2473 1107 et
2503 1053 2680 1109 fastus
2709 1055 2794 1109 vel
2838 1053 3167 1122 arrogantia:
3209 1054 3635 1122 redarguerem;
3679 1069 3837 1108 asse-

2249 1148 2464 1210 rebant,
2500 1147 2645 1214 quod
2699 1163 2807 1200 non
2853 1147 2974 1199 ideo
3009 1146 3432 1207 meumenicum,
3475 1160 3641 1214 quem
3674 1145 3836 1198 multi

2249 1239 2610 1293 universalem
2632 1239 2976 1306 interpretati
3001 1247 3150 1300 sunt,
3171 1238 3417 1292 dicerent
3433 1238 3832 1307 patriarcham,

2249 1331 2394 1399 quod
2428 1330 2672 1384 universi
2703 1330 2852 1382 orbis
2899 1338 3082 1383 teneat
3115 1332 3505 1398 prmsnlatum,
3556 1330 3652 1384 sed
3682 1329 3835 1398 quod

2249 1423 2465 1475 cuidam
2519 1422 2662 1491 parti
2707 1421 2897 1490 praesit
2938 1422 3108 1484 orbis,
3147 1437 3266 1485 qua:
3298 1437 3328 1474 a
3365 1422 3705 1476 Christianis
3745 1423 3836 1474 in-

2249 1513 2550 1567 habitatnr.
2604 1511 2739 1565 Nam
2780 1513 2925 1582 quod
2971 1512 3144 1567 Graeci
3204 1530 3501 1566 aerumenen
3538 1524 3764 1577 vocant,
3805 1529 3834 1566 a

2249 1605 2466 1660 Latinis
2502 1621 2610 1658 non
2635 1605 2814 1658 solum
2845 1605 3018 1668 orbis,
3062 1621 3089 1658 a
3119 1606 3279 1674 cujus
3318 1605 3673 1659 universitate
3699 1606 3836 1657 uni-

2251 1696 2480 1750 versalis
2503 1695 2828 1764 appellatur,
2860 1710 3051 1749 verum
3076 1698 3237 1749 etiam
3267 1695 3533 1749 habitatio
3562 1697 3644 1749 vel
3673 1696 3841 1749 locus

2251 1787 2570 1841 habitabilis
2601 1795 2972 1854 nuncupatur.
3006 1804 3024 1837 ι
3075 1785 3203 1840 Hzec
3234 1786 3582 1842 Anastasius.
3623 1787 3841 1840 Verum

571 1902 683 1944 tum
717 1889 918 1943 facturr:
952 1897 1036 1942 est
1063 1887 1239 1949 nobis,
1276 1884 1424 1954 quod
1461 1894 1639 1937 vestra
1667 1882 1996 1935 venerabilis
2025 1896 2151 1935 san-
2178 1885 2223 1943 Β
2256 1893 2379 1932 cum
2415 1878 2690 1932 Adrianus
2736 1892 2876 1946 papa
2924 1877 2978 1930 in
3009 1893 3108 1932 sua
3158 1877 3224 1931 ad
3261 1879 3648 1946 imperatorem
3681 1880 3844 1933 Con-

570 1983 735 2037 ctitas
762 1979 1125 2050 postulaverit
1163 1978 1231 2031 ab
1267 1975 1591 2030 orthodoxis
1624 1989 1688 2029 ac
1721 1973 2053 2027 zelatoribus
2088 1988 2152 2028 ac

567 2069 1070 2143 propugnatoribus
1110 2067 1386 2132 veritatis,
1436 2066 1702 2136 piissimis
1753 2064 2004 2126 videlicet
2048 2064 2151 2116 im-

569 2163 918 2232 peratoribus
955 2160 1181 2225 nostris,
1211 2161 1303 2229 qui
1342 2159 1408 2212 ad
1439 2159 1666 2228 gloriam
1704 2157 1794 2212 Dei
1827 2157 1954 2211 facti
1989 2166 2147 2223 sunt,

565 2265 676 2319 quo
731 2251 881 2304 lierct
931 2249 1257 2303 universalis
1309 2249 1576 2319 synodus,
1636 2256 1690 2301 et
1737 2246 2153 2316 repromiserint

566 2359 751 2398 coram
785 2343 933 2397 omni
970 2342 1286 2397 Christiano
1335 2341 1534 2410 populo
1563 2329 1711 2406 suo,
1765 2340 2156 2410 supplicationi

569 2436 656 2504 pie
686 2443 1018 2498 annuentes,
1070 2433 1451 2502 synodumque
1489 2432 1541 2485 in
1573 2433 1718 2501 regia
1755 2432 1889 2485 urbe
1917 2431 2031 2485 lieri
2063 2432 2151 2485 de-

567 2524 840 2578 finientes.
871 2523 980 2578 Nos
1020 2533 1203 2577 autem
1232 2522 1696 2593 quemadmodum
1727 2531 1781 2576 et
1817 2523 1869 2575 in
1905 2523 2143 2591 ipsorum

566 2617 752 2670 divina
779 2617 1170 2670 continebatur
1201 2615 1471 2684 jussione,
1505 2615 1736 2668 dilectos
1769 2614 1927 2669 nobis
1968 2624 2022 2668 et
2057 2630 2151 2684 ap-

568 2708 834 2778 probatos
866 2716 1028 2776 atque
1061 2705 1357 2776 prudentes
1399 2707 1715 2761 sacerdotes
1761 2721 1860 2774 pro
1890 2717 2032 2761 statu
2062 2722 2150 2761 sa-

563 2815 784 2856 crarum
828 2802 1169 2870 imaginum,
1226 2808 1287 2854 ut
1331 2801 1518 2868 prisco
1553 2799 1661 2852 illis
1698 2799 1749 2851 in
1787 2799 2032 2867 partibus
2063 2815 2151 2852 or-

565 2893 694 2947 dine
714 2892 1144 2958 constituantur,
1168 2906 1293 2946 cum
1317 2906 1510 2962 magno
1535 2891 1806 2946 desiderio
1837 2902 1890 2946 et
1913 2892 2150 2945 maximo

567 2984 771 3053 gaudio
795 2983 1221 3038 destinavimus.
1263 2984 1367 3038 Sed
1404 2995 1585 3038 vestra
1633 2985 1899 3039 sanctitas
1943 2984 2148 3038 eisdem

567 3077 836 3147 piissimis
890 3077 1316 3146 imperatoribus
1383 3085 1437 3130 et
1505 3077 1998 3145 triumphatoribus
2035 3076 2150 3128 ala-

567 3171 739 3226 criter
771 3179 1048 3239 suggerat,
1099 3177 1160 3221 ut
1194 3169 1248 3222 in
1296 3169 1486 3237 primis
1529 3169 1986 3238 pseudosyllogus
2036 3168 2145 3230 ille,

568 3259 664 3329 (iui
701 3259 822 3312 sine
851 3259 1158 3326 apostolica
1186 3261 1314 3312 sede
1347 3259 1653 3313 inordinate
1682 3271 1736 3314 et
1763 3261 2150 3331 insyllogistice

569 3349 749 3403 factus
778 3357 862 3402 cst
892 3349 1162 3402 adversus
1191 3348 1593 3402 venerabilium
1633 3348 1858 3402 Patrum
1903 3353 2150 3405 traditio-

568 3451 694 3491 nem
751 3446 944 3491 eontra
1007 3439 1227 3492 divinas
1287 3439 1594 3506 imagines,
1654 3441 2150 3495 anathematizetur

567 3528 929 3598 prtescntibus
986 3527 1359 3596 apocrisiariis
1436 3530 1662 3583 nostris.
1713 3548 1730 3579 ι
1794 3530 2018 3584 Demum
2070 3533 2151 3588 sic

569 3618 850 3673 concludit
887 3638 901 3672 :
941 3637 958 3668 ε
1001 3618 1240 3672 Dilectos
1279 3627 1499 3672 nostros
1546 3617 1768 3672 Petrum
1814 3622 2023 3675 scilicet
2058 3639 2148 3676 ar-

569 3710 1046 3779 chipresbyterum
1093 3719 1296 3763 sanctae
1347 3717 1552 3764 nostrae
1596 3709 1855 3766 Romana:
1893 3712 2150 3769 Ecclesia:

567 3811 623 3856 et
653 3801 872 3856 Petrum
906 3803 1235 3856 monachum
1264 3812 1318 3857 et
1359 3804 1734 3874 presbyterum
1771 3815 1936 3874 atque
1978 3808 2147 3860 abba-

567 3905 699 3959 tem,
739 3895 830 3963 ipti
882 3895 1036 3948 missi
1073 3905 1202 3949 sunt
1245 3911 1274 3949 a
1315 3895 1471 3950 nobis
1511 3897 1575 3948 ad
1612 3898 1840 3967 vestigia
1877 3900 2148 3968 tranquil-

567 3985 906 4040 lissimorum
944 3995 997 4039 et
1033 3985 1251 4055 piorum
1283 3986 1704 4055 imperatorum,
1733 4004 1992 4058 rogamus
2024 4006 2150 4059 pro-

567 4088 687 4145 pter
723 4093 971 4131 amorem
1029 4078 1206 4132 sancti
1264 4077 1408 4132 Petri
1452 4080 1829 4147 apostolorum
1885 4081 2148 4150 principis

565 4175 620 4220 et
652 4179 880 4236 propter
913 4183 1035 4231 nos,
1088 4167 1238 4220 omni
1294 4167 1533 4236 benigna
1567 4169 1918 4236 susceptione
1951 4185 2014 4222 ac
2046 4171 2149 4223 bu-

567 4261 829 4314 manitate
876 4262 1075 4332 dignos
1132 4261 1276 4329 apud
1325 4275 1424 4314 vos
1465 4260 1792 4329 judicandos
1839 4262 2044 4330 pariter
2095 4271 2150 4315 et

568 4353 886 4418 habendos;
941 4364 1219 4420 quatenus
1276 4360 1329 4405 et
1381 4352 1436 4404 in
1493 4351 1598 4404 hoc
1654 4367 1884 4421 magnas
1940 4355 2148 4409 referre

564 4445 772 4513 gratias
807 4445 1112 4497 valeamus.
1139 4443 1280 4498 Deus
1303 4443 1650 4512 omnipotens
1678 4444 2026 4498 dilectionem
2056 4461 2149 4500 ve-

2254 1971 2562 2022 stantinum
2617 1976 2672 2022 et
2726 1967 2935 2021 lrenem
2975 1978 3204 2022 matrem
3255 1969 3522 2037 epistola,
3568 1980 3842 2038 queratur

2255 2058 2404 2111 male
2451 2058 2520 2112 ab
2559 2057 2641 2114 eis
2674 2073 2875 2113 nomen
2909 2057 3237 2113 universalis
3279 2057 3602 2127 patriarcst
3635 2070 3841 2112 sancto

2254 2148 2488 2204 Tarasio
2522 2138 2888 2216 attributum;
2937 2151 3143 2220 optime
3189 2150 3502 2220 colligimus
3531 2167 3657 2204 eum
3701 2162 3844 2206 tunc

2250 2243 2528 2313 ejusmodi
2560 2243 2782 2297 titulum
2821 2243 3053 2298 honoris
3086 2242 3317 2297 Tarasio
3358 2258 3468 2297 non
3505 2244 3840 2298 contulisse.

2251 2338 2447 2392 Exstat
2470 2354 2535 2392 ea
2559 2338 2793 2407 epistola
2821 2338 3052 2392 Actione
3081 2337 3321 2392 secunda
3344 2337 3585 2406 ejusdem
3632 2336 3840 2407 synodi

2251 2433 2533 2502 septimm,
2590 2433 2646 2486 in
2709 2431 2870 2500 cujus
2925 2431 3230 2500 posteriore
3271 2441 3426 2500 parte
3471 2431 3542 2484 ita
3587 2432 3836 2485 scribit:

2257 2544 2276 2577 ε
2319 2525 2497 2580 Mirati
2528 2539 2742 2588 sumus,
2775 2524 2922 2594 quod
2949 2524 3001 2577 in
3034 2525 3234 2578 vestris
3262 2523 3636 2593 imperialibus
3655 2524 3842 2592 jussis

2253 2633 2352 2688 pro
2385 2616 2694 2686 patriarcha
2724 2617 2892 2686 regiae
2924 2615 3095 2680 urbis,
3130 2615 3340 2670 scilicet
3379 2616 3628 2683 Tarasio,
3676 2619 3841 2674 dire-

2252 2711 2355 2764 ctis
2391 2710 2760 2763 tmiversalem
2795 2709 2998 2761 ibidem
3028 2723 3150 2761 eum
3186 2707 3491 2775 reperimus
3511 2719 3838 2774 exaratum,

2251 2803 2345 2856 sed
2379 2813 2560 2855 utrum
2587 2817 2683 2869 per
2716 2801 3065 2868 in'iprritiam,
3087 2799 3438 2854 autsahisma
3461 2802 3541 2854 vel
3574 2801 3839 2856 haeresim

2252 2893 2567 2963 iniquorum
2611 2893 2876 2961 scriptum
2912 2900 3015 2954 est,
3055 2890 3394 2960 ignoramus.
3441 2891 3545 2947 Sed
3570 2894 3841 2963 deinceps

2251 2985 2551 3039 suademus
2614 2995 2812 3039 vestra:
2843 2984 3284 3038 clen'ientissimze
3320 2986 3702 3055 imperialique
3731 3001 3841 3054 po-

2251 3079 2466 3143 tentiae,
2528 3086 2586 3130 ut
2634 3077 2865 3131 minime
2912 3078 2965 3130 in
3013 3092 3237 3130 suarum
3271 3078 3652 3131 exarationum
3687 3078 3840 3132 serie

2253 3169 2583 3223 universalis
2631 3168 3024 3222 describatur:
3071 3169 3196 3237 quia
3254 3177 3443 3222 contra
3498 3181 3836 3238 sanctorum

2253 3262 2475 3315 Patrum
2521 3259 2871 3314 traditionem
2922 3261 3141 3315 decreta
3193 3273 3314 3313 esse
3351 3261 3583 3314 videtur.
3632 3260 3690 3313 In
3741 3278 3839 3314 sc-

2252 3352 2435 3406 cumlo
2469 3352 2615 3404 enim
2649 3351 2863 3418 ordine,
2907 3351 2950 3406 si
2986 3365 3094 3404 non
3137 3367 3232 3420 per
3269 3361 3467 3404 saneta:
3499 3361 3704 3405 nostra:
3735 3367 3840 3404 ca-

2256 3443 2472 3497 tholica:
2506 3453 2559 3498 et
2591 3445 2907 3512 apostolicae
2946 3443 3206 3499 Ecclesia:
3237 3445 3620 3498 auctoritatem
3665 3446 3842 3512 (sicut

2254 3534 2307 3587 in
2343 3536 2601 3589 omnibus
2632 3541 2803 3606 patet)
2837 3552 3117 3605 nunquam
3154 3537 3326 3590 valuit
3359 3552 3555 3590 nomen
3603 3538 3836 3600 habere,

2251 3627 2397 3695 quod
2436 3627 2721 3691 nimirum,
2765 3628 2810 3681 si
2845 3627 3176 3682 universalis
3208 3644 3373 3695 super
3401 3630 3679 3696 pra:|atam
3724 3629 3837 3681 sibi

2252 3733 2496 3776 sanctam
2531 3721 2833 3776 Romanam
2868 3722 3200 3786 Ecclesiam,
3252 3737 3373 3790 qua:
3414 3731 3497 3775 est
3523 3732 3686 3788 caput
3712 3739 3839 3775 om-

2252 3814 2402 3866 nium
2441 3813 2532 3866 Dei
2567 3813 2928 3866 ecclesiarum
2956 3855 2970 3876 ,
3002 3813 3374 3874 describatur.
3411 3822 3673 3882 tanquam
3705 3830 3838 3867 san-

2253 3913 2466 3956 ctarum
2539 3903 2876 3971 synodorum
2957 3903 3210 3956 rebellem
3279 3913 3443 3972 atque
3509 3905 3838 3958 hmrcticum

2253 3996 2529 4064 appellare
2564 4010 2623 4048 se
2657 4004 2867 4048 certum
2909 4003 3015 4048 est.
3053 3993 3216 4059 Quia,
3253 3994 3298 4048 si
3341 3995 3675 4049 universalis
3728 4007 3835 4060 est,

2253 4089 2417 4141 etiam
2485 4085 2739 4139 Ecclesia:
2794 4095 2997 4139 nostra:
3053 4087 3199 4141 sedis
3270 4087 3564 4156 primatum
3627 4087 3838 4140 habere

2252 4177 2624 4245 dignoscitur,
2687 4175 2836 4244 quod
2904 4175 3194 4228 ridiculum
3254 4175 3512 4228 omnibus
3578 4174 3835 4229 fidelibus

2256 4267 2592 4321 Christianis
2623 4277 2870 4336 apparet,
2903 4268 3032 4335 quia
3064 4267 3116 4318 in
3146 4278 3258 4319 toto
3287 4268 3418 4320 orbe
3454 4276 3729 4319 terrarum
3765 4273 3836 4318 ab

2255 4360 2378 4428 ipso
2409 4359 2758 4426 redemptore
2804 4359 2991 4410 mundi
3026 4359 3183 4412 beato
3218 4359 3380 4412 Petro
3407 4358 3662 4425 apostolo
3685 4359 3838 4427 prin-

2251 4456 2464 4523 cipatus
2514 4469 2577 4507 ac
2608 4463 2851 4522 potestas
2886 4454 3008 4505 data
3041 4463 3146 4518 est,
3194 4464 3246 4504 et
3286 4467 3381 4521 per
3405 4453 3662 4506 eumdem
3702 4467 3837 4521 apo-

569 4546 764 4594 stram,
794 4534 839 4588 si
871 4534 1139 4588 stabiliter
1161 4535 1885 4603 permanserit,conservare
1911 4546 2141 4604 annuet;
2176 4552 2222 4606 ι)
2256 4547 2428 4601 tolum
2466 4547 2644 4616 (cujus
2677 4547 2762 4599 vel
2821 4545 3079 4598 immeriti
3126 4546 3271 4598 vices
3301 4545 3565 4614 gerimus)
3617 4557 3831 4608 sancta,

565 4634 620 4679 et
643 4624 906 4690 fructum,
940 4626 1034 4694 qui
1063 4625 1161 4678 tibi
1194 4627 1440 4680 creditus
1467 4635 1580 4690 est,
1631 4643 1797 4697 super
1829 4644 2142 4686 mensuram

565 4717 917 4771 abundantia:
965 4718 1131 4772 faciat
1180 4718 1487 4784 abundare,
1520 4729 1683 4790 atque
1728 4721 1780 4773 in
1815 4723 2144 4791 sempiterna

566 4809 804 4862 transire
841 4809 1040 4878 gaudia
1081 4809 1268 4865 faciat.
1307 4810 1450 4866 Deus
1491 4820 1542 4866 te
1585 4812 1915 4866 incolumem
1939 4823 2142 4876 servet,

560 4902 924 4958 dilectissime
955 4903 1167 4959 Frater.
1201 4923 1220 4955 ι

635 4993 689 5048 9.
735 4993 859 5049 Haec
911 4997 1186 5050 Adrianus
1238 4995 1382 5066 Papa
1430 4996 1729 5050 secundum
1779 5012 1863 5062 ea,
1895 4997 2144 5066 quaeha-

563 5082 764 5135 hentur
797 5084 849 5136 in
883 5086 1095 5154 synodo
1125 5101 1221 5149 vn,
1245 5085 1313 5138 ab
1331 5085 1628 5139 Anastasio
1655 5085 1848 5139 Latine
1881 5102 2059 5150 versa,
2090 5096 2144 5141 ct

563 5172 831 5242 majorem
868 5175 1028 5228 fidem
1069 5185 1371 5241 merentur,
1409 5192 1572 5244 quam
1612 5192 1732 5244 qua:
1781 5177 1834 5228 iu
1866 5177 1968 5230 alia
2018 5187 2143 5230 ante

562 5268 782 5333 vulgata
810 5267 1052 5322 editione
1093 5269 1436 5339 legebantur,
1477 5269 1568 5324 ubi
1604 5269 1804 5323 titulus
1847 5268 1970 5322 talis
2017 5275 2140 5323 est:

558 5356 764 5411 Dilecto
799 5357 987 5412 Fratri
1043 5360 1267 5414 Tarasio
1318 5362 1552 5430 generali
1596 5360 1914 5430 patriarcha:
1939 5375 1958 5414 :
1991 5360 2080 5413 ubi
2111 5376 2142 5412 a

559 5450 812 5505 Grzeculo
847 5453 1104 5522 qu0piam
1140 5456 1453 5522 appositum
1495 5455 1726 5507 verbum
1777 5451 2038 5522 generali.
2065 5450 2142 5504 lta

569 5540 893 5596 universalis
940 5543 1268 5610 patriarcha:
1324 5557 1524 5596 nomen
1577 5543 1753 5598 eidem
1803 5558 1830 5594 a
1867 5541 2143 5596 nonnullis

568 5628 846 5700 episcopis
881 5635 1085 5687 actioni
1121 5636 1378 5689 Secunda:
1400 5636 1593 5706 synodi
1631 5635 1878 5705 septimae
1899 5634 2144 5689 subscri-

567 5720 817 5775 bentibus
875 5727 1197 5779 attributum
1260 5735 1343 5781 est
1390 5745 1403 5780 :
1463 5728 1540 5780 uti
1588 5727 1778 5781 Anast.
1829 5733 1956 5780 ante
2003 5727 2144 5779 hanc

558 5810 829 5880 synodum
862 5815 926 5866 ad
968 5816 1234 5870 Joannem
1267 5816 1381 5872 Vlll
1412 5833 1603 5887 papam
1637 5822 1918 5888 praefatur.
1951 5835 1969 5866 ι
1993 5817 2052 5869 tn
2077 5832 2141 5869 eo

2249 4638 2519 4692 catholica
2579 4646 2633 4690 et
2691 4635 2986 4706 apostolica
3048 4634 3294 4689 Romana
3350 4633 3598 4689 Ecclesia
3655 4651 3834 4704 usque

2247 4729 2510 4782 hactenus
2535 4737 2588 4781 et
2628 4727 2680 4780 in
2712 4743 2885 4781 aevum
2923 4735 3070 4781 tenet
3103 4727 3468 4796 principatum
3495 4743 3560 4782 ac
3589 4738 3832 4796 potesta-

2247 4819 2313 4872 tis
2345 4818 2722 4870 auctoritatem
2754 4834 2766 4870 :
2803 4826 3093 4886 quatenus,
3121 4815 3264 4883 quod
3317 4829 3425 4867 non
3458 4814 3755 4879 credimus,
3780 4814 3831 4869 si

2243 4908 2514 4976 quispiam
2563 4921 2689 4960 eum
2738 4905 3100 4960 universalem
3142 4905 3562 4973 nuncupaverit,
3604 4903 3689 4957 vel
3736 4918 3832 4957 as-

2247 5014 2472 5054 sensum
2513 4998 2825 5067 praebuerit,
2875 4996 3015 5051 sciat
3069 5011 3127 5050 se
3174 4997 3494 5049 orthodoxa:
3534 4996 3658 5050 tidei
3709 5012 3835 5050 esse

2248 5092 2510 5151 aliemnn,
2547 5098 2601 5144 et
2640 5097 2844 5143 nostrae
2876 5098 3080 5142 sanctae
3111 5086 3396 5141 catholicae
3429 5095 3484 5139 ct
3513 5087 3836 5155 apostolica:

2249 5183 2507 5238 Ecclesiae
2543 5180 2823 5234 rebellem.
2856 5180 2976 5249 Ipse
3001 5179 3145 5234 enim
3176 5177 3440 5232 Tarasius
3484 5181 3648 5247 regia:
3681 5180 3836 5232 urbis

2247 5271 2560 5343 patriarcha
2597 5270 2750 5324 misit
2781 5270 2941 5324 nobis
2989 5269 3329 5340 synodicam,
3377 5269 3615 5339 priscam
3657 5269 3839 5323 adim-

2244 5365 2400 5435 plens
2433 5360 2913 5425 consuetudinem,
2955 5375 3119 5428 quam
3165 5360 3528 5430 suscipientes
3571 5369 3626 5413 ct
3665 5360 3838 5429 liqui-

2245 5456 2373 5509 dius
2412 5453 2759 5519 indagantes,
2796 5452 2944 5506 etde
2971 5450 3315 5506 confessione
3345 5461 3455 5504 tam
3504 5460 3668 5506 rectae
3703 5452 3833 5505 lidci

2243 5546 2386 5615 ejus,
2417 5561 2584 5615 quam
2610 5546 2925 5615 dogmatum
2951 5555 3266 5600 sanctarum
3289 5559 3383 5598 sex
3410 5543 3751 5613 synodorum
3776 5533 3834 5594 et

2243 5635 2676 5688 venerandarum
2731 5635 3030 5705 imaginum
3084 5643 3341 5700 ovantes,
3405 5635 3571 5688 nimis
3627 5634 3833 5686 iterum

2245 5726 2448 5781 turbati
2479 5741 2543 5780 ac
2581 5726 2891 5780 conturbati
2932 5741 3145 5790 simius,
3175 5725 3302 5795 quia
3331 5739 3398 5778 ex
3434 5723 3703 5777 laicorum
3735 5739 3834 5776 or-

2245 5818 2370 5873 dine
2400 5828 2451 5872 et
2486 5816 2861 5888 imperialibus
2897 5818 3190 5887 ‘obsequiis
3240 5817 3558 5887 deputatus,
3609 5825 3830 5884 repente
