4088 6522
232 384 365 451 1385

1786 380 1985 447 VITA.

3370 385 3505 450 1386

226 504 631 576 patriarchatus
684 505 923 559 culmen
958 504 1188 575 adeptus
1241 514 1344 569 est,
1386 515 1439 560 et
1489 504 1808 575 apocaligus
1838 528 1880 573 Α
1912 501 2119 568 Romre,
2136 512 2363 574 paterna
2390 502 2644 573 dogmata
2680 514 2918 571 sequens
2938 509 2989 554 et
3028 499 3374 554 traditionem
3408 516 3503 555 ca-

226 607 411 651 rontra
442 607 762 652 sanctorum
822 610 1093 651 canonum
1170 612 1463 651 censuram
1497 596 1674 652 factus
1702 605 1808 659 est,

227 689 676 758 patriarcha......
715 688 778 742 Et
810 688 915 743 nisi
955 703 1050 757 per
1080 689 1199 757 ejus
1231 689 1443 744 ﬁdelem
1475 702 1807 744 concursum

228 796 323 849 pro
349 790 665 836 sanctarum
702 780 1001 850 imaginum
1029 780 1325 846 erectione,
1360 781 1414 836 in
1441 781 1565 850 ejus
1610 794 1809 834 conse-

226 873 474 927 cratione
526 887 815 927 assensum
869 872 1188 926 omnimodo
1256 873 1502 926 tribuere
1558 871 1809 939 nequivi-

228 979 369 1018 mus.
410 982 428 1014 ι
492 961 875 1017 Subscribitur
910 960 1036 1015 data
1075 976 1149 1015 vn
1204 958 1326 1014 Kal.
1376 959 1697 1025 Novembr.,
1724 959 1811 1013 in-

226 1055 358 1109 dfct.
386 1056 440 1122 9,
472 1055 681 1110 scilicet
712 1068 859 1108 anno
890 1053 1013 1107 785.

299 1146 387 1200 10.
421 1146 598 1212 Quam
634 1144 826 1215 procul
857 1144 927 1199 ab
952 1144 1101 1198 omni
1131 1142 1275 1198 fastu
1300 1154 1354 1198 et
1384 1142 1668 1197 titulorum
1695 1156 1813 1196 am-

226 1237 430 1291 bitione
469 1236 710 1292 abfuerit
764 1244 990 1291 sanctus
1052 1234 1340 1300 Tarasius,
1405 1235 1655 1290 modesta
1689 1234 1811 1303 ejus

228 1329 555 1397 subscriptio
608 1327 804 1398 synodi
861 1341 1078 1396 semper
1124 1336 1248 1396 post
1296 1326 1533 1381 vicarios
1586 1326 1811 1381 Adriani

227 1421 401 1490 Papa}.
437 1423 563 1477 licet
617 1422 859 1491 episcopi
893 1435 1001 1475 non
1030 1430 1235 1486 essent,
1273 1421 1437 1485 facta,
1465 1421 1601 1476 satis
1630 1422 1809 1475 docet.

226 1514 301 1568 Ita
330 1516 548 1569 Actioni
589 1524 803 1585 quarta
834 1514 903 1568 ita
943 1512 1311 1582 subscripsit:
1345 1532 1363 1563 ι
1402 1512 1668 1567 Tarasius
1708 1512 1811 1566 mi-

226 1607 523 1662 sericordia
546 1605 826 1676 Deiepisc.
847 1595 1402 1674 Constantinopoleos
1426 1620 1582 1659 novae
1600 1602 1809 1669 Romae,

225 1701 561 1753 conlirmans
606 1699 687 1752 sic
735 1714 795 1753 se
846 1698 1046 1752 habere
1103 1697 1408 1762 veritatem,
1452 1696 1659 1759 omnia,
1691 1710 1813 1765 quae

227 1792 481 1860 superius
510 1790 836 1853 ell‘eruntur,
885 1788 1120 1843 libenter
1175 1787 1490 1851 admittens,
1543 1787 1628 1841 his
1682 1788 1812 1840 sub—

228 1883 444 1951 scripsi.
486 1900 505 1933 ι
549 1881 750 1935 lterum
795 1881 1024 1934 Actione
1053 1880 1284 1948 septima
1319 1897 1373 1932 ει
1415 1878 1679 1934 Tarasius
1707 1880 1812 1932 mia

226 1973 527 2029 sericordia
582 1972 677 2027 Dei
733 1972 981 2042 episcop.
1039 1969 1601 2041 Constantinopoleos
1659 1986 1817 2025 nova)

239 2159 427 2174 ῃ.-

1918 597 2134 652 tholicae
2167 595 2425 650 Ecclesia:
2461 596 2727 650 definiens
2751 594 3073 662 subscripsi.
3110 611 3127 645 ι
3164 591 3220 646 In
3258 594 3506 661 epistolis

1918 702 2049 742 vero
2085 688 2151 741 ad
2207 688 2589 757 imperatores,
2638 687 2939 741 Adrianum
2980 686 3207 755 Papam,
3257 684 3526 756 aliosqno'

1917 794 1978 835 se
2005 779 2294 849 indignum
2329 781 2648 850 episcopum
2684 779 2943 850 appellat.
2975 779 3258 832 Habentur
3287 794 3366 834 eae
3395 780 3512 849 epi-

1918 871 2072 925 stolae
2100 872 2203 925 sub
2230 872 2391 925 tinem
2432 872 2675 941 ejusdem
2717 871 2911 942 synodi
2950 867 3182 923 Nicaznae

1991 962 2077 1017 ll.
2114 961 2307 1017 Exstat
2341 964 2554 1018 illustre
2585 964 2959 1017 testimonium
2994 962 3168 1015 sancti
3204 959 3419 1017 Tarasii
3452 961 3505 1015 in

1917 1052 2152 1123 Prologo
2186 1054 2252 1107 ad
2286 1054 2461 1107 sancti
2497 1053 2753 1108 Dorothei
2778 1051 3243 1106 Archimandritze
3278 1050 3508 1107 Institu-
3562 1090 3563 1093 η

1921 1144 2095 1197 tiones
2125 1143 2393 1197 asceticas
2415 1142 2484 1196 ab
2512 1143 2816 1197 ortbodoxo
2838 1158 2903 1196 ac
2932 1143 3189 1214 religioso
3214 1143 3505 1213 scriptore,

1920 1234 2105 1291 forsan
2129 1235 2341 1290 Studita
2374 1235 2671 1300 monacho,
2702 1236 2907 1302 scripto
2941 1235 3025 1290 his
3054 1234 3233 1289 verbis
3265 1251 3280 1288 :
3315 1255 3331 1287 ι
3365 1235 3510 1290 San-

1919 1344 2037 1384 ctos
2078 1329 2199 1384 illos
2248 1330 2398 1381 viros
2450 1325 2718 1393 Marcum,
2768 1325 2991 1390 Isaiam,
3039 1327 3506 1398 Barsauuphium,

1923 1420 2256 1475 Dorotheum
2283 1428 2337 1473 et
2363 1417 2768 1489 Ilesychium...
2798 1433 2892 1487 per
2917 1435 3145 1473 examen
3176 1422 3506 1476 sanctissimi

1920 1513 2248 1582 patriarchae.
2280 1512 2515 1573 Tarasii,
2544 1512 2657 1581 jam
2692 1512 2897 1580 pridem
2932 1527 3150 1565 summo
3204 1515 3509 1568 sacerdotio

1922 1605 2217 1674 fungentis,
2272 1605 2370 1658 n'ec
2413 1620 2520 1657 non
2570 1605 2801 1657 aliorum
2854 1601 2956 1657 [ide
3004 1604 3295 1675 dignorum
3335 1605 3510 1659 Immi-

1921 1713 2074 1760 num,
2111 1707 2218 1751 tam
2254 1697 2633 1766 indigenarum
2666 1712 2831 1765 quam
2860 1696 3228 1761 orientalium,
3259 1692 3509 1753 testimo-

1923 1790 2014 1843 nio
2057 1792 2339 1860 probatos,
2385 1807 2448 1846 ex
2503 1798 2731 1858 paterna
2786 1790 3084 1843 traditione
3118 1792 3442 1859 amplector.
3484 1810 3504 1841 ι

1851 1914 1887 1966 Β
1923 1880 2149 1950 Reliqua
2188 1882 2355 1951 hujus
2392 1882 2689 1935 testimonii
2718 1881 2992 1937 edidimus
3029 1898 3193 1952 supra
3227 1883 3294 1937 ad
3331 1880 3509 1936 Vitam

1919 1974 2090 2026 sancti
2122 1973 2359 2027 Desit/rei
2400 1975 2470 2026 25
2506 1973 2664 2027 Febr.
2707 1989 2828 2044 pag.
2861 1973 2986 2039 581,
3022 1991 3075 2028 ιι.
3123 1974 3172 2028 ’1.

2297 2156 2483 2163 _——~——-.

1034 2281 1321 2344 SANCTI
1374 2282 1698 2345 TARASII
1759 2282 2713 2351 CONSTANTINOPOUTANI

1723 2468 2012 2559 VITA

1427 2674 1712 2722 AUCTORE
1742 2675 1998 2721 ΙΟΝΑΤῙΟ
2032 2676 2350 2723 EPISCUPU.

760 2825 821 2887 (Ε
854 2818 1025 2875 Graeco
1049 2821 1222 2873 Latine
1246 2820 1437 2872 reddita
1470 2836 1495 2870 a
1522 2819 1767 2871 Gentiano
1792 2820 2027 2871 llcrreto.
2062 2826 2165 2871 Art.
2207 2826 2393 2883 Suum,
2425 2825 2566 2875 Febr.
2605 2835 2638 2877 t.
2666 2826 2751 2889 Ill,
2786 2841 2830 2890 p.
2866 2829 2998 2895 576.)

834 3068 1224 3126 PROLOGUS.

311 3170 359 3224 I.
391 3164 691 3221 Nalaturus
721 3179 818 3233 per
857 3164 1133 3234 ingentem
1177 3164 1346 3218 maris
1385 3166 1817 3235 magnitudinem

231 3258 424 3330 inclyti
472 3256 650 3312 Patris
680 3264 735 3309 et
786 3255 895 3309 vita
943 3256 1222 3310 inaccessa
1264 3257 1593 3325 praestantis,
1628 3273 1821 3311 vereor

232 3366 305 3406 ne
336 3349 600 3404 adversos
629 3358 916 3401 ventorum
946 3348 1107 3404 flatus
1132 3349 1331 3419 linguae
1372 3351 1605 3419 agrestis
1636 3358 1689 3403 et
1724 3364 1819 3403 va-

232 3453 448 3497 storum
484 3442 747 3495 fluctuum
776 3442 1132 3497 obscuritatis
1162 3443 1415 3506 excitem,
1451 3443 1739 3513 salumque
1766 3452 1820 3498 et

233 3543 617 3603 tempestatem
645 3533 777 3587 mihi
804 3548 1095 3601 procurem
1126 3535 1322 3588 anima:
1351 3534 1644 3604 naufragii.
1676 3536 1822 3591 Talis

230 3628 383 3681 enim
424 3635 510 3680 est
542 3625 773 3679 inscitia:
816 3625 1116 3689 temeritas,
1157 3641 1278 3695 quae
1311 3628 1614 3681 orationem
1651 3628 1825 3682 etfun-

233 3720 319 3773 dit
353 3730 613 3788 tanquam
645 3718 877 3785 paleam,
912 3718 978 3770 ad
1011 3718 1149 3771 nihil
1179 3719 1325 3787 quod
1355 3719 1426 3774 sit
1455 3730 1824 3789 opportunum

232 3812 665 3873 conducibilem,
706 3819 759 3864 et
799 3809 956 3865 atl'ert
1006 3811 1268 3865 damnum
1304 3812 1376 3874 ci,
1422 3814 1566 3882 quod
1612 3821 1827 3882 oportet

236 3906 361 3959 fieri
396 3912 452 3959 et
486 3913 571 3958 est
600 3904 751 3965 utile,
783 3913 838 3957 et
870 3903 921 3956 in
964 3902 1310 3972 naufragium
1366 3904 1556 3957 incidit
1586 3904 1827 3957 nudtilo—

234 3997 380 4064 quii,
408 3996 554 4065 quod
586 3994 701 4048 ﬁeri
728 4009 835 4048 non
870 4003 1069 4062 potest,
1101 4002 1159 4047 ut
1188 3994 1415 4048 omnino
1446 3992 1669 4063 ell'ugiat
1701 4009 1827 4063 pec-

235 4098 454 4154 catum,
485 4098 544 4141 ut
570 4098 657 4141 est
682 4086 996 4140 Salomonis
1018 4094 1072 4139 et
1100 4086 1285 4139 divina
1315 4086 1616 4140 admonitio
1639 4084 1823 4156 (Prov.

234 4196 293 4241 χ.
340 4180 452 4243 l9).
487 4176 601 4231 Hoc
631 4192 812 4253 meum
846 4175 1095 4245 reprimit
1132 4175 1409 4246 ingenium
1442 4183 1497 4231 et
1536 4184 1701 4231 terret
1730 4191 1827 4229 co-

236 4272 601 4339 gitationem,
654 4277 708 4322 et
763 4267 1008 4321 refrenat
1038 4267 1364 4332 orationem,
1407 4277 1462 4321 et
1513 4267 1821 4321 divinarum

237 4365 345 4418 viri
389 4363 575 4417 dctum
608 4360 941 4432 profundum
988 4360 1192 4414 intueri
1232 4369 1613 4430 pr0perantcm
1651 4371 1825 4415 retar-

234 4456 356 4509 dat.
396 4453 501 4507 Sed
544 4468 667 4507 cum
704 4452 873 4505 altum
920 4451 1065 4521 longi
1116 4453 1377 4520 temporis
1428 4452 1702 4505 silentium
1739 4465 1825 4505 res

234 4547 368 4614 rjus
402 4555 591 4614 tegens
618 4553 764 4598 esset
806 4544 1105 4597 multorum
1138 4543 1368 4597 aurihus
1398 4542 1660 4596 damnum
1695 4544 1827 4597 alla-

239 4648 455 4697 turum,
492 4644 552 4689 ut
585 4651 708 4705 qua:
758 4644 1053 4690 teneantur
1099 4633 1382 4688 desiderio
1432 4634 1685 4688 audiendi
1739 4650 1825 4689 res

235 4730 481 4800 nptimas
525 4737 579 4782 et
628 4728 1133 4798 praestantissimas,
1192 4741 1313 4796 quas
1358 4728 1426 4781 ab
1469 4726 1563 4781 illo
1611 4727 1663 4781 in
1717 4727 1825 4780 vita

1927 3083 2018 3140 pto
2048 3083 2100 3126 et
2125 3072 2293 3126 alacri
2325 3074 2511 3128 animo
2536 3075 2733 3131 oll‘erre
2764 3094 2863 3148 pro
2892 3079 3119 3147 viribus,
3145 3084 3246 3140 etsi
3271 3102 3378 3141 non
3411 3104 3511 3159 po-

1927 3174 2045 3219 tero
2074 3166 2317 3219 debitum
2369 3169 2585 3222 solvere
2636 3185 2761 3224 cum
2818 3170 3029 3236 fenore,
3084 3175 3136 3229 in
3177 3192 3241 3233 eo
3288 3182 3504 3251 quidem

1923 3268 2088 3320 certe,
2124 3258 2270 3326 quod
2324 3268 2524 3314 sortem
2560 3278 2871 3327 exerceam,
2911 3274 2963 3319 et
3002 3282 3315 3337 procurem,
3359 3283 3418 3327 ut
3456 3276 3508 3330 ei

1923 3350 2062 3403 nihil
2112 3351 2454 3418 detrahatur,
2512 3371 2607 3410 ero
2659 3358 2843 3427 aliqua
2888 3375 2953 3415 ex
3002 3371 3156 3431 parte
3204 3366 3510 3437 accipiendi

1927 3441 2145 3511 (Matth.
2177 3461 2334 3509 xxun,
2370 3447 2481 3516 25).

2440 3559 2672 3616 CAPUT
2712 3563 3004 3620 PRIMUM.

1927 3649 2174 3704 Probitas
2203 3663 2479 3731 parentum
2510 3657 2681 3731 sancti
2715 3656 2964 3731 Tartesii,
2991 3659 3168 3729 Hujus
3198 3663 3288 3731 pia
3319 3666 3514 3722 educa-

2364 3726 2457 3784 tio,
2491 3724 2786 3778 consuluris
2822 3724 3077 3796 dignitas.

1997 3814 2052 3865 2.
2086 3811 2185 3867 llic
2234 3828 2363 3881 ergo
2414 3826 2805 3871 sacrosanctus
2855 3827 2909 3870 ct
2947 3836 3178 3890 magnus
3228 3822 3510 3895 Tarasius,

1927 3903 2020 3972 qui
2055 3902 2259 3957 Christi
2294 3907 2767 3960 mansuetudinem
2809 3918 2863 3962 et
2917 3910 3276 3969 humilitatem
3313 3919 3381 3972 ab
3424 3920 3514 3974 ἰη-

1929 3990 2095 4046 fantia
2122 4007 2295 4061 usque
2318 3991 2385 4046 ad
2410 4003 2746 4047 senectutem
2775 3997 3016 4053 imitatus
3040 4002 3266 4069 pulchre
3287 4021 3516 4076 expres-

1928 4081 2019 4144 sit,
2057 4081 2110 4133 in
2151 4080 2331 4149 cujus,
2369 4080 2510 4136 sicut
2540 4083 2692 4151 prius
2738 4082 2873 4149 dixi,
2914 4086 3175 4143 virtutum
3223 4108 3372 4149 mare
3404 4113 3511 4160 me.

1929 4178 1988 4223 ut
2018 4180 2289 4233 natarem,
2320 4171 2535 4234 demisi,
2582 4178 2836 4240 quisnam
2881 4186 3023 4231 e8set
3051 4187 3105 4232 et
3133 4182 3298 4246 unde,
3349 4194 3398 4238 et
3445 4203 3513 4241 ex

1928 4278 2034 4331 qua
2069 4263 2241 4331 patria
2278 4272 2330 4317 et
2362 4264 2683 4332 parentibus
2725 4274 2880 4321 ortus
2912 4269 3004 4331 sit,
3057 4270 3291 4328 arduum
3327 4273 3512 4343 fuerit,

1930 4355 1997 4409 iis
2053 4356 2218 4409 etiam
2280 4356 2374 4425 qui
2428 4370 2495 4409 ex
2556 4356 2783 4411 scientia
2824 4359 3006 4415 sciunt
3053 4364 3233 4433 ample
3284 4376 3338 4420 et
3395 4384 3513 4423 ma-

1927 4446 2124 4517 gnifice
2175 4449 2374 4513 dicere,
2410 4463 2518 4502 non
2565 4450 2741 4504 solum
2786 4452 2943 4518 mihi,
2995 4456 3153 4523 cujus
3207 4468 3291 4513 est
3354 4461 3514 4530 plane

1929 4538 2149 4592 humilis
2173 4547 2227 4592 ct
2270 4538 2479 4608 abjecta
2518 4541 2714 4604 oratio,
2758 4552 2959 4598 tantam
3005 4548 3251 4615 praeclari
3298 4554 3513 4621 generis

1928 4630 1996 4683 ab
2028 4630 2137 4683 alto
2170 4639 2414 4699 repetere
2449 4633 2905 4702 magnitudinem,
2933 4647 2988 4692 et
3019 4653 3049 4692 a
3077 4641 3380 4710 majoribus
3413 4646 3514 4699 de-

1929 4722 2148 4776 ductam
2198 4723 2319 4791 ejus
2356 4724 2583 4794 stirpem
2633 4741 2941 4792 recensere,
2989 4732 3084 4800 qui
3130 4733 3352 4802 gloriari
3403 4752 3509 4791 non

236 4829 413 4892 gestae
444 4830 592 4883 sunt,
624 4828 682 4873 ut
701 4834 825 4889 qua:
853 4810 964 4873 sint
989 4818 1161 4886 plena
1188 4815 1421 4870 utilitate
1448 4815 1679 4875 animae;
1704 4829 1823 4884 age,
1859 4837 1902 4892 ι)
1932 4814 2330 4883 vultejnsmodi
2363 4815 2639 4881 laudibus,
2669 4834 2845 4888 neque
2873 4822 3167 4877 liuentibus
3190 4824 3394 4880 divitiis
3417 4842 3513 4881 ccr

235 4910 648 4978 valerejubens
674 4922 892 4962 omnem
922 4906 1345 4971 dubitationem,
1373 4920 1544 4974 pauca
1576 4904 1823 4976 quaedam

236 5007 308 5057 de
342 5003 482 5071 ipso,
528 5015 651 5070 quae
679 5001 937 5069 dignatus
963 5013 1085 5053 sum
1121 4997 1307 5052 videre
1354 4998 1549 5063 oculis,
1611 5006 1665 5052 et
1706 5012 1828 5067 quae

235 5094 432 5163 accepi
464 5093 712 5156 aurihus,
747 5098 801 5145 et
830 5105 953 5160 qua:
997 5091 1113 5159 ipsa
1148 5088 1270 5143 novi
1304 5087 1661 5157 experientia,
1693 5088 1825 5141 etin

239 5198 372 5237 mea
416 5181 607 5236 humili
652 5188 706 5235 et
746 5193 916 5250 egena
964 5178 1080 5233 scio
1108 5191 1331 5232 manere
1366 5176 1650 5243 memoria,
1699 5191 1825 5232 cum

236 5289 385 5347 pura
433 5283 487 5328 et
521 5274 735 5328 sincera
770 5272 997 5326 veritate
1049 5271 1103 5326 in
1156 5272 1331 5326 lucem
1369 5272 1551 5334 edere,
1585 5271 1628 5324 si
1682 5269 1824 5324 Deus

235 5365 529 5432 concedat,
568 5364 682 5435 jam
741 5363 1002 5418 conabor.
1044 5361 1178 5417 Nam
1210 5362 1314 5417 etsi
1354 5376 1461 5417 non
1502 5360 1708 5432 possim
1739 5360 1825 5414 di-

231 5474 371 5515 cere
402 5473 500 5528 pro
549 5458 838 5528 dignitate,
872 5467 981 5511 non
1018 5456 1138 5510 ideo
1174 5456 1489 5511 universum
1524 5453 1772 5509 deseram
1806 5466 1819 5503 :

231 5548 338 5603 sed
364 5546 493 5616 quia
520 5546 647 5600 nolo
677 5546 1017 5601 abscondere
1041 5546 1329 5611 talentum,
1359 5546 1496 5600 sicut
1530 5545 1618 5599 ille
1649 5544 1826 5598 malus

230 5650 293 5693 et
326 5639 484 5708 piger
522 5652 736 5699 servus,
770 5637 893 5692 ideo
924 5636 1070 5707 quod
1119 5635 1230 5691 Deo
1262 5646 1477 5707 gratum
1523 5644 1607 5691 est
1642 5650 1827 5706 prom-

311 5754 548 5826 (l)_A|iis
579 5753 1061 5819 Encratea,Grtece
1087 5753 1441 5826 Ἐγκράτεια,
1472 5752 1826 5819 continentia,

231 5836 303 5886 ιιι
337 5824 483 5880 infra
517 5826 742 5880 dicitur.

574 5921 841 5981 Parnm“
887 5924 1003 5981 Gtt.
1048 5919 1311 5982 XCVIII.

1932 4918 2224 4973 apponere,
2257 4906 2645 4960 convenienter
2691 4906 2878 4962 divino
2912 4907 3367 4980 Psalmograplio,
3406 4932 3511 4970 un-

1931 5014 2093 5069 quam
2124 5010 2207 5054 est
2240 5001 2532 5055 meditatus
2560 4999 2734 5071 (Psat.
2766 5017 2872 5067 ut,
2905 5003 2929 5055 1
2960 5003 3163 5073 seqq.).
3196 5004 3311 5059 Iloc
3340 5023 3510 5062 unum

1931 5097 2113 5142 autem
2149 5104 2444 5158 possumus
2492 5091 2699 5157 dicere,
2736 5093 2880 5161 quod
2916 5096 3065 5148 omni
3106 5100 3433 5153 auctoritate
3459 5108 3513 5155 et

1931 5178 2164 5231 maxima
2210 5179 2531 5234 excellentia
2574 5182 2715 5250 apud
2764 5197 2881 5247 eos,
2931 5184 3026 5254 qui
3080 5201 3176 5255 per
3214 5188 3265 5243 id
3299 5197 3512 5259 tempus

1932 5265 2298 5336 imperabant,
2331 5269 2600 5340 Georgius
2632 5273 2753 5342 ejus
2784 5284 2935 5344 pater
2960 5286 3015 5330 et
3044 5277 3121 5331 rei
3152 5293 3349 5332 nomen
3380 5294 3514 5335 con-

1932 5358 2157 5413 veniens
2202 5360 2395 5414 sortita
2451 5374 2627 5416 mater
2673 5364 2793 5432 ejus
2844 5365 3094 5422 Encratia
3147 5369 3246 5439 (Ι),
3292 5382 3515 5443 propter

1933 5465 2203 5504 summam
2252 5451 2522 5520 justitiam
2574 5454 2781 5524 primas
2823 5468 3007 5527 partes
3038 5461 3409 5528 obtinuerunt,
3444 5480 3514 5518 ex

1935 5542 2295 5597 Patriciorum
2344 5545 2486 5600 serie
2520 5546 2775 5612 derivati,
2832 5552 3092 5620 appellari
3148 5552 3367 5610 Patricii
3408 5556 3510 5627 (2).

1934 5633 2180 5701 Quorum
2216 5647 2370 5706 pater
2399 5638 2618 5707 quidem
2643 5655 2768 5694 cum
2801 5643 3141 5700 ascendisset
3170 5648 3236 5699 ad
3265 5647 3511 5702 altitudi-

2010 5752 2085 5834 (ἓ)
2121 5753 2333 5834 Nomen
2360 5755 2721 5834 Patriciorum
2758 5760 2855 5834 illo
2892 5777 3006 5816 aevo
3039 5762 3092 5817 in
3136 5774 3363 5834 utroque
3402 5764 3511 5819 im-

1936 5826 2089 5894 pario
2132 5826 2368 5883 Orientis
2394 5837 2449 5883 et
2495 5830 2801 5887 Occidentis
2831 5846 3057 5890 summa:
3088 5846 3205 5888 erat
3244 5826 3295 5889 ei
3334 5835 3512 5905 digni-

3113 5924 3186 5985 44
