3994 6538
580 382 729 445 1387

1666 381 1724 439 S.
1775 380 2086 441 TARASII
2140 382 2645 448 PATRIARCHIE
2684 390 2795 451 ΟΡ.

3757 381 3871 445 1333

595 510 718 547 nem
760 489 1053 546 tribunalis
1080 488 1380 560 judicialis,
1424 490 1747 561 integreque
1774 500 1828 546 et
1860 502 2177 562 incorrupte
2206 500 2253 557 Α
2281 496 2506 553 minium
2534 516 2549 565 ;
2604 501 2770 554 latam
2804 501 2988 556 a’utcm
3038 502 3108 557 ab
3146 515 3214 555 eo
3248 500 3600 556 sententiam
3634 498 3718 552 vel
3751 499 3871 552 invi-

594 587 683 657 jus
705 583 962 639 onmibus
990 597 1057 637 ex
1089 595 1247 651 aequo
1277 580 1563 645 tribueret,
1613 581 1814 638 Solone
1843 592 1897 639 et
1928 583 2179 655 Lycurgo

595 678 841 747 antiquis
877 675 986 730 illis
1040 674 1446 742 legislatoribus
1492 682 1825 744 conspectus
1878 676 1980 732 fuit
2022 678 2183 747 longe

589 771 794 839 justior
824 787 836 822 :
867 766 958 837 qui
989 766 1157 820 etiam
1180 765 1477 833 aliquando
1502 775 1705 819 rectam
1734 775 1789 820 et
1814 767 2025 836 legibus
2048 784 2182 823 con-

598 858 903 914 venientem
928 854 1053 909 tulit
1083 854 1436 918 sententiam,
1458 867 1611 919 cum,
1634 854 1761 922 quid
1786 857 2179 925 essetjustum,

596 963 730 1005 tunc
779 951 1151 1018 iguorassent,
1183 944 1279 1015 qui
1311 944 1639 998 videbantur
1697 945 1985 1016 imperium
2038 949 2182 1002 obti-

597 1058 748 1107 nere,
795 1052 974 1110 neque
1005 1038 1058 1093 id
1104 1037 1306 1091 vellent
1344 1036 1593 1106 exsequi.
1626 1035 1776 1093 Juris
1811 1054 1940 1093 vero
1965 1041 2180 1095 dicendi

596 1133 888 1190 difficultas
931 1130 986 1184 in
1032 1129 1120 1184 his
1152 1128 1296 1182 fuit:
1328 1127 1676 1197 Paupercula:
1726 1129 1976 1199 quaedam
2028 1130 2185 1187 femi-

598 1244 682 1283 nae
713 1226 933 1282 fuerant
980 1221 1290 1293 gravissimi
1320 1219 1570 1276 criminis
1604 1231 1894 1277 accusata.
1921 1221 2182 1289 Quaenam

598 1329 780 1374 autem
814 1317 977 1372 fuerit
999 1330 1061 1369 ea
1090 1313 1395 1377 accusatio,
1418 1313 1531 1382 jam
1563 1314 1763 1368 dicam.

667 1413 722 1466 5.
748 1412 1034 1464 Accusata:
1064 1406 1281 1461 fuerant
1308 1406 1513 1460 ccedem
1540 1404 1735 1460 fecisse
1757 1406 2073 1461 faetentium
2105 1406 2185 1461 in—

600 1485 855 1566 fantium,
904 1516 999 1569 per
1032 1498 1282 1553 foramen
1322 1498 1613 1553 domorum
1661 1497 1747 1551 vel
1801 1499 1976 1567 portis
2020 1500 2182 1553 etiam

598 1596 806 1650 clausis
840 1594 1163 1657 subeuntes,
1205 1601 1260 1646 et
1292 1606 1358 1644 ex
1390 1589 1692 1659 improviso
1727 1588 1966 1645 infantes
2015 1591 2185 1644 inter-

602 1690 865 1744 ficientes.
894 1684 1027 1751 Quae
1051 1685 1215 1738 etiam
1243 1682 1601 1738 trahebantur
1628 1682 1681 1735 in
1706 1681 1974 1752 judicium
2002 1682 2069 1736 ab
2095 1683 2182 1747 iis,

601 1781 695 1851 qui
727 1779 1022 1835 credebant
1063 1775 1287 1838 fabulis,
1335 1786 1390 1829 et
1434 1774 1691 1829 nolebant
1722 1774 1925 1830 Christi
1962 1773 2055 1829 Dei
2088 1793 2185 1829 no-

2283 597 2372 645 tus
2398 592 2741 660 comprobat,
2774 602 2835 646 ut
2867 594 2960 663 qui
2987 608 3016 647 a
3046 593 3377 648 criminibus
3427 591 3731 645 absolutas
3757 606 3873 643 con-

2283 682 2521 736 servarit
2553 683 2929 738 mulierculas.
2953 683 3021 737 Et
3050 684 3271 754 Georgii
3299 685 3535 754 quidem
3566 683 3875 738 antistante:

2282 779 2336 824 et
2361 770 2590 841 justitiae
2621 789 2752 843 pars
2783 775 2875 830 hic
2903 775 3007 830 sita
3035 777 3127 830 sit.

2355 866 2409 919 4.
2447 863 2618 920 Mater
2650 880 2779 921 vero
2807 867 2954 921 clara
2990 867 3210 937 pietate,
3248 876 3303 921 et
3340 868 3417 931 id,
3454 864 3619 935 quod
3653 865 3768 933 ipsa
3796 880 3877 935 ap-

2284 958 2614 1028 pellabatur,
2646 972 2889 1013 cernens
2918 958 3191 1029 proficere
3239 959 3294 1012 in
3326 958 3472 1019 lilio,
3510 961 3875 1011 venerandum

2286 1049 2463 1104 reddit
2497 1064 2661 1103 suum
2704 1049 2880 1102 lilium
2930 1058 2985 1104 et
3031 1065 3157 1104 vere
3193 1050 3468 1119 templum
3505 1048 3875 1102 continentiae.

2285 1138 2357 1194 Et
2389 1154 2515 1195 cum
2547 1139 2858 1209 aequalibus
2881 1140 3105 1210 quidem
3136 1141 3253 1196 suis
3283 1151 3339 1195 et
3372 1142 3662 1209 improbis
3692 1140 3878 1193 domus

2284 1243 2410 1281 eum
2448 1226 2657 1281 nullam
2708 1227 2912 1283 habere
2961 1230 3453 1293 consuetudinem,
3511 1231 3666 1284 inire
3706 1231 3879 1282 amici-

2286 1320 2418 1374 tiam
2448 1334 2574 1374 cum
2608 1320 2699 1383 iis.
2731 1322 2825 1390 qui
2871 1331 3059 1375 amant
3100 1322 3267 1377 decus
3309 1324 3567 1385 virtutis,
3606 1324 3877 1388 suadebat,

2285 1422 2339 1466 et
2355 1411 2435 1467 eis
2468 1410 2731 1481 conjungi
2741 1411 2866 1482 jure
2888 1412 3174 1468 charitatis
3192 1414 3487 1483 spiritalis.
3514 1412 3877 1479 Quamobrrm

2288 1500 2575 1569 ingressus
2624 1516 2724 1569 per
2779 1502 3094 1557 universam
3126 1504 3411 1568 virtutem,
3446 1516 3575 1560 erat
3606 1506 3752 1574 apud
3775 1522 3879 1559 om-

2288 1607 2385 1645 nes
2415 1592 2777 1659 reverendus,
2808 1600 2867 1647 ut
2902 1593 3071 1648 etiam
3097 1595 3379 1650 consulari
3410 1596 3701 1666 dignitate
3735 1595 3881 1650 fuerit

2288 1685 2616 1740 honestatus
2644 1702 2658 1739 :
2689 1695 2743 1740 et
2768 1685 2975 1742 electus
3001 1686 3072 1742 sit
3096 1687 3307 1757 primus
3338 1689 3529 1744 scriba
3557 1704 3879 1744 arcanorum

2291 1777 2642 1845 imperatoris
2678 1794 2692 1831 :
2730 1785 2785 1831 et
2808 1777 2863 1833 in
2895 1777 3021 1832 aula
3066 1778 3426 1849 imperatoria
3466 1779 3692 1836 luciferi
3724 1781 3881 1835 instar

602 1845 700 1927 stri
748 1870 902 1940 sequi
944 1868 1276 1932 doctrinam,
1312 1881 1435 1936 quae
1484 1864 1799 1920 simulacris
1850 1874 1903 1920 et
1953 1865 2187 1935 phanta-
2220 1845 2261 1899 Β
2295 1867 2735 1938 resplenduerit:
2766 1879 2827 1924 ut
2864 1870 2963 1939 qui
3005 1845 3222 1927 divinas
3277 1873 3513 1942 quidem
3567 1873 3879 1942 disciplinas

602 1965 873 2019 stnatibus
915 1975 1265 2031 nequaquam
1330 1958 1619 2028 decipitur.
1681 1957 1778 2013 Est
1839 1959 1983 2013 enim
2043 1958 2185 2029 apud

603 2060 821 2113 Graecos
849 2056 927 2126 (5)
952 2056 1006 2109 in
1040 2054 1242 2108 fabulis
1270 2052 1473 2107 femina
1500 2051 1575 2122 (4)
1609 2051 2051 2120 quaedam,Gello
2088 2067 2189 2105 uo—

604 2150 772 2214 mine,
819 2163 943 2217 qua:
1000 2145 1223 2212 dicitur,
1275 2159 1400 2199 cum
1455 2145 1749 2198 immatura
1805 2152 1983 2199 morte
2022 2144 2187 2198 vitam

604 2242 937 2314 abrupisset,
995 2237 1326 2309 quibusdam
1383 2236 1615 2306 spectris
1657 2236 1963 2292 accessisse
1997 2235 2065 2289 ad
2104 2251 2189 2290 re—

604 2353 735 2393 cens
770 2344 929 2391 natos
957 2333 1217 2397 infantes,
1253 2340 1307 2385 et
1339 2345 1434 2385 eos
1482 2327 1847 2384 interfecisse.
1895 2326 2072 2398 Hujus
2106 2327 2191 2382 fa-

606 2430 748 2485 bulae
803 2426 1058 2497 improbo
1099 2423 1313 2494 pellecti
1352 2436 1417 2477 ac
1465 2419 1681 2490 decepti
1736 2419 1956 2489 Spiritu,
1990 2421 2083 2489 qui
2128 2434 2192 2473 ea

604 2522 862 2577 dicebant
907 2516 1283 2588 probabiliter.
1327 2522 1596 2567 conantur
1635 2510 1801 2565 etiam
1854 2510 1921 2565 ad
1968 2509 2195 2565 mulier-

607 2614 759 2667 culas
801 2609 1103 2665 transferre
1157 2608 1259 2660 hoc
1315 2604 1716 2659 exsecrandum
1755 2603 1958 2668 scelus,
2012 2612 2067 2656 et
2114 2603 2195 2657 eis

607 2703 883 2759 ascribere
940 2701 995 2754 in
1050 2698 1304 2768 spiritum
1363 2694 1646 2750 conversis
1704 2708 1927 2749 causam
1979 2709 2191 2760 eorum,

607 2794 702 2865 qui
743 2790 1126 2846 moriebantur
1154 2796 1281 2841 ante
1312 2795 1548 2855 tempus.
1590 2783 1634 2840 Ο
1670 2793 1974 2855 stuporem,
2011 2800 2044 2840 ο
2072 2801 2195 2840 cor-

607 2888 694 2941 dis
749 2884 1036 2940 oculorum
1078 2881 1426 2936 crecitatem!
1481 2876 1540 2933 Si
1596 2893 1797 2949 corpus
1858 2878 2197 2949 longitudine

610 2974 1089 3047 profunditateque
1132 2982 1187 3027 et
1228 2970 1522 3026 latitudine
1565 2979 1912 3039 compactum
1950 2985 2015 3024 ac
2066 2985 2197 3024 con-

609 3063 890 3132 stipatum,
934 3061 989 3114 in
1030 3059 1283 3128 spiritum
1314 3058 1644 3113 dissolutum
1681 3059 1949 3127 procedit,
1996 3066 2050 3114 et
2083 3058 2196 3115 haec

2288 1961 2510 2015 abunde
2540 1971 2688 2016 esset
2727 1963 3074 2032 complexus,
3111 1975 3164 2020 et
3191 1979 3259 2020 ex
3289 1974 3534 2020 externa
3568 1966 3879 2020 eruditione

2292 2052 2627 2122 collegisset,
2667 2068 2790 2122 qua:
2812 2065 2942 2109 sunt
2992 2057 3477 2124 praestantissima.
3508 2056 3639 2112 Illas
3673 2057 3874 2127 quidem

2294 2143 2567 2200 meditans
2619 2145 2687 2199 ad
2736 2161 3030 2201 ascensum
3079 2149 3336 2214 virtutis,
3389 2159 3451 2204 et
3496 2151 3879 2219 plantatusse.

2293 2252 2391 2290 cus
2430 2236 2699 2292 decursus
2744 2253 3014 2307 aquarum
3076 2239 3249 2309 (Psal.
3277 2240 3409 2312 1,5)
3450 2244 3663 2299 divinet
3702 2244 3874 2311 cogni-

2295 2329 2483 2393 tionis,
2508 2340 2567 2383 u-t
2594 2331 2951 2385 ratiocinales
2976 2331 3187 2388 fructus
3212 2334 3494 2403 proferret
3523 2337 3579 2391 in
3604 2347 3873 2406 tempore:

2296 2423 2496 2477 harum
2551 2433 2735 2477 autem
2770 2423 3067 2478 utilitatem
3118 2440 3212 2494 per
3241 2429 3615 2481 attentionem
3662 2439 3719 2482 et
3757 2444 3875 2483 can-

2295 2516 2499 2570 tionem
2550 2515 2605 2568 in
2659 2515 2845 2570 animo
2874 2516 3181 2572 recondens
3220 2518 3570 2587 obsignavit,
3613 2535 3714 2590 per
3751 2538 3873 2590 quas

2296 2616 2483 2673 posset
2532 2605 2832 2674 corrigere,
2874 2606 3019 2675 quod
3066 2615 3151 2660 est
3180 2623 3408 2676 pravum
3439 2618 3500 2663 rt
3545 2612 3871 2665 barbarum:

2294 2704 2349 2748 et
2379 2695 2579 2765 lingua:
2614 2709 2729 2749 suae
2759 2694 3043 2764 imponere
3080 2696 3253 2767 legem
3299 2709 3573 2753 accurate
3605 2700 3870 2770 loquendi.

2294 2782 2432 2837 Cum
2462 2782 2543 2837 sic
2570 2781 2638 2836 de
2669 2791 2866 2837 caetero
2893 2798 2990 2852 per
3021 2792 3281 2854 utrasque
3304 2785 3531 2840 laudem
3565 2799 3711 2843 esset
3738 2804 3875 2843 asse-

2298 2859 2480 2940 cutus,
2516 2884 2571 2929 et
2611 2884 2783 2930 totum
2836 2890 2896 2931 se
2943 2875 3055 2931 Deo
3086 2877 3327 2933 dicasset
3376 2895 3478 2948 per
3528 2882 3778 2949 pietatem
3826 2893 3875 2937 et

2304 2984 2494 3038 puram
2528 2968 2967 3031 conscientiam,
3003 2969 3154 3022 venit
3199 2968 3266 3022 ad
3312 2971 3573 3025 habitum
3624 2973 3874 3042 spiritalis

2298 3059 2677 3130 perfectionis,
2711 3068 2765 3115 et
2812 3060 3005 3114 mundi
3061 3075 3286 3114 munera
3327 3061 3532 3116 obiens
3580 3064 3635 3118 in
3686 3064 3872 3117 munda

610 3154 789 3207 facere
816 3149 1172 3216 conceditur;
1213 3149 1469 3204 Christus
1502 3163 1634 3219 ergo
1674 3149 1792 3220 (qui
1837 3157 1919 3204 est
1956 3150 2073 3219 ipsa
2104 3164 2195 3204 ve—
2223 3184 2271 3246 ο
2303 3152 2516 3216 habitu.
2555 3169 2615 3208 se
2657 3169 2685 3205 a
2720 3153 3000 3207 mundana
3032 3153 3267 3207 removit
3297 3154 3639 3217 ambitione,
3670 3166 3723 3209 et
3768 3157 3869 3223 spi-

610 3247 765 3309 ritas,
792 3245 983 3299 dicens
1011 3261 1023 3296 :
1054 3242 1329 3312 «Spiritus
1353 3257 1571 3296 carnem
1595 3249 1651 3296 et
1681 3256 1807 3296 ossa
1837 3257 1945 3297 non
1976 3242 2191 3309 habet,»

602 3334 801 3409 ‘jloan.
834 3350 945 3400 xw,
982 3334 1048 3400 6;
1080 3333 1208 3387 Luc.
1241 3347 1390 3395 xxrv,
1424 3331 1561 3403 59])
1600 3342 1886 3402 reputatus
1910 3342 1995 3387 est
2022 3333 2197 3402 phan-

606 3437 787 3481 tasma
822 3424 890 3478 ab
910 3424 979 3477 iis
1018 3423 1113 3492 qui
1143 3424 1259 3476 haec
1286 3432 1559 3476 asserunt.
1591 3422 1731 3487 Quin
1765 3423 1929 3477 etiam
1949 3422 2199 3479 Christus

611 3534 860 3591 quoque,
908 3518 1002 3587 qui
1049 3531 1236 3570 veram
1284 3529 1508 3570 carnem
1556 3515 1789 3585 accepit,
1838 3523 1892 3570 et
1941 3516 2195 3585 spiritum

612 3628 834 3669 carnem
868 3620 922 3666 et
947 3624 1076 3666 ossa
1114 3623 1221 3663 non
1254 3606 1457 3662 habere
1487 3622 1613 3662 vere
1643 3606 1933 3662 affirmavit
1953 3608 2197 3678 discipu-

602 3711 701 3774 lis,
732 3708 880 3762 nulla
918 3721 977 3761 re
1005 3702 1511 3767 circumscribetur,
1557 3716 1679 3773 qua:
1712 3702 1913 3767 obstet,
1950 3718 2060 3773 quo
2090 3703 2196 3757 mi-

611 3817 719 3857 nus
749 3800 817 3855 sit
844 3795 1153 3869 phantasia.
1188 3794 1279 3849 Sic
1316 3809 1447 3864 ergo
1472 3808 1704 3848 censens
1735 3802 1787 3847 et
1810 3794 1948 3848 citra
1982 3793 2196 3849 dubita-

613 3892 817 3946 tionem
864 3887 1120 3959 judicans
1153 3884 1445 3955 Georgius,
1479 3882 1711 3939 feminas
1744 3883 1980 3939 absolvit
2027 3901 2057 3939 a
2088 3889 2195 3939 cri-

612 3982 873 4039 minibus.
915 3979 1022 4046 Qni
1096 3987 1229 4033 tunc
1278 3984 1460 4032 autem
1516 3976 1593 4047 (5)
1638 3992 1822 4030 rerum
1889 3978 2195 4046 potiebatur

613 4075 792 4148 (valde
820 4075 965 4131 enim
990 4071 1316 4127 defendebat
1357 4068 1729 4141 phantasiam)
1764 4085 1890 4124 cum
1935 4071 2196 4125 sensisset

613 4168 695 4224 sic
723 4167 1002 4237 iudicasse
1033 4162 1353 4233 Georgium,
1395 4161 1561 4231 jussit
1597 4174 1723 4215 eum
1772 4160 1839 4214 ad
1875 4175 1935 4214 se
1974 4159 2190 4215 adduci.

610 4261 659 4315 A
693 4272 803 4328 quo
847 4256 1132 4313 evidenter
1178 4253 1404 4309 edoctus
1444 4252 1510 4307 de
1556 4266 1686 4307 vero
1723 4252 1875 4307 exitu
1908 4252 2030 4307 latae
2074 4266 2105 4305 a
2135 4267 2195 4307 se

613 4349 918 4416 sententiae,
956 4362 1082 4403 eum
1112 4345 1334 4417 quidem
1375 4344 1571 4400 cecidit
1601 4358 1697 4413 per
1728 4359 2000 4399 summam
2035 4344 2193 4416 igno-

615 4615 744 4670 tatis
768 4622 823 4668 et
839 4611 1192 4682 pt'aafecturaa.
1220 4609 1295 4664 lta
1322 4608 1563 4680 synodus
1587 4609 1815 4682 septima
1842 4625 1871 4664 a
1895 4620 2084 4682 sancto
2098 4611 2195 4667 Ta-

613 4687 761 4739 rasio
791 4680 1061 4737 celebrata
1090 4691 1172 4736 est
1198 4699 1215 4732 ι
1246 4689 1508 4749 praesente
1537 4689 1591 4733 et
1612 4680 1864 4734 audiente
1882 4680 2195 4749 primoloco

615 4757 754 4809 inter
794 4753 1218 4823 gloriosissimos
1243 4764 1295 4805 et
1316 4749 1884 4823 magnificentissimos
1923 4753 2195 4823 principes

615 4767 754 4809 inter
794 4767 1218 4823 grorrosrssrmos
1243 4767 1884 4819 eunagmncenussnnos
1923 4767 2195 4873 grmctpes

595 4825 845 4879 Petrona
865 4822 1246 4877 laudatissimo
1262 4819 1556 4875 exconsule
1574 4821 1807 4889 patricio
1823 4820 1923 4888 (ἀπ
1973 4821 2195 4877 ὑπάτων

596 4893 939 4964 Πατρικίου)
976 4902 1030 4947 et
1074 4894 1271 4964 comite
1327 4889 1434 4964 Deo
1485 4891 1855 4964 conservandi
1894 4892 2195 4959 intperialis

615 4960 777 5020 oﬂicii
810 4982 823 5019 :
867 4984 886 5016 ι
916 4964 993 5017 ιιιί
1019 4963 1122 5017 sub
1152 4962 1368 5015 initium
1391 4960 1728 5030 singularum
1756 4962 2030 5015 actionum
2047 4964 2193 5031 ejus-

611 5036 733 5091 dem
766 5031 1366 5116 _synodi_repetitur._lta
1393 5031 1668 5111 Adrianus
1698 5045 1835 5116 papa
1878 5032 1929 5085 in
1957 5034 2192 5116 epistola

612 5102 873 5178 synodica
921 5104 986 5158 ad
1021 5102 1450 5178 Constantinum
1481 5102 1883 5178 im_peratoren_t_
1920 5112 1974 5178 et
2004 5102 2191 5178 _|renen

610 5169 842 5229 matrem
870 5215 884 5239 ,
929 5188 1051 5242 qute
1079 5173 1292 5242 actione
1337 5172 1371 5224 2
1404 5169 1652 5242 ejusdem
1695 5171 1886 5242 synodi
1928 5172 2189 5238 habetur,

609 5254 770 5300 meat
790 5238 1048 5299 Carolum
1098 5241 1390 5312 Magnum,
1436 5238 1455 5312 ξ
1507 5238 2086 5312 ΚρεεωἛιυδηςονυιη
2140 5255 2195 5299 et

600 5314 1120 5387 Langobardorum,
1167 5310 1232 5366 ac
1262 5310 1981 5387 Patriciumg‘liomanorum.
2021 5331 2040 5363 ι
2078 5312 2191 5368 lmo

610 5381 760 5456 ipsis'
786 5383 1315 5456 patriarchispares
1336 5382 1505 5456 fuisse
1534 5381 1896 5456 Patricioseo
1925 5393 2188 5456 tempore,

612 5450 764 5511 téstis
787 5450 950 5510 nobis
980 5462 1064 5508 est
1090 5450 1428 5522 Walafridus
1460 5450 1656 5506 Strabo
1676 5491 1700 5522 ,4
1733 5453 1825 5522 qui
1862 5453 1964 5507 sub
1999 5450 2111 5508 lilio
2138 5462 2193 5509 et

611 5527 902 5606 nepotibus
916 5523 1114 5606 Caroli
1136 5522 1321 5606 ,ξηειιί
1341 5521 1537 5606 ﬂoruit
1568 5540 1639 5606 int
1673 5520 2071 5606 comparetur,
2093 5525 2189 5606 in-

611 5591 728 5665 quit
759 5612 882 5665 cap.
916 5596 977 5649 5i
1023 5595 1100 5648 De
1131 5591 1299 5648 Rebus
1330 5591 1559 5655 Eccles.,
1592 5592 1739 5661 Papa
1769 5592 2048 5665 Romanus
2080 5597 2192 5648 Au-

614 5664 790 5735 gustis
830 5664 885 5720 et
929 5665 1239 5723 Cassarihus
1283 5682 1295 5717 :
1350 5664 1693 5735 Patriarchte
1722 5678 1853 5735 vero
1909 5664 2188 5732 Patriciis,

613 5733 706 5805 qui
754 5736 913 5804 primi
956 5745 1079 5807 post
1110 5735 1356 5793 Caesares
1400 5736 1453 5791 iu
1506 5734 1735 5806 imperio
1782 5733 1954 5791 fuisse
2003 5735 2193 5791 viden-

615 5816 721 5860 tur.
759 5822 779 5858 ι

2304 3244 2435 3298 ritni
2485 3245 2753 3314 adaptans
2784 3244 3064 3308 animam,
3107 3258 3205 3297 vas
3248 3258 3470 3297 sacrum
3510 3246 3748 3299 eﬂicitnr
3772 3249 3870 3298 clr-

2302 3336 2487 3390 ctione
2519 3335 2786 3400 melioris,
2824 3334 2990 3387 etiam
3021 3342 3152 3387 ante
3186 3333 3586 3398 sacerdotium,
3622 3346 3675 3388 et
3703 3343 3870 3400 pasttr

2302 3427 2573 3499 pecudum
2599 3427 2833 3481 rationis
2857 3434 3195 3495 computum.
3219 3425 3310 3494 qui
3334 3427 3671 3494 pascebatur
3688 3428 3865 3491 adbnr,

2300 3520 2769 3591 praenuntiabatur
2810 3536 2823 3572 :
2857 3528 2911 3572 et
2945 3518 3268 3589 sperabatur
3300 3517 3419 3570 fore
3466 3527 3532 3571 ut
3588 3520 3866 3587 susciperet

2298 3612 2613 3667 universam
2641 3612 2889 3665 omnium
2915 3609 3323 3680 praefecturam,
3352 3619 3415 3663 ut
3450 3610 3637 3664 lucida
3666 3612 3863 3664 lucerna

2293 3703 2407 3772 jam
2455 3718 2719 3767 accensa,
2769 3704 2895 3773 igne
2946 3704 3209 3757 virtutum
3282 3702 3555 3756 mundum
3605 3705 3863 3758 illustrans

2300 3794 2644 3859 universum,
2694 3803 2748 3848 et
2781 3808 3003 3848 omnem
3072 3793 3384 3848 haereticam
3443 3792 3745 3860 dispellens
3789 3808 3865 3845 ia-

2298 3888 2543 3959 ligiuem,
2591 3896 2646 3943 et
2681 3887 2859 3942 lucem
2912 3901 3215 3956 procurans
3244 3896 3423 3941 recta:
3444 3886 3599 3940 fidei.

2916 3998 3145 4055 CAPUT
3186 3999 3251 4054 ll.

2335 4090 2564 4146 Sanctus
2598 4091 2855 4146 Tarasins
2894 4091 2963 4146 ad
3003 4094 3426 4161 patriarchatum
3466 4093 3834 4148 Constantino-

2460 4163 2763 4232 politanum
2803 4162 3101 4216 destinatus
3141 4180 3174 4216 a
3208 4162 3385 4217 Paulo
3425 4166 3724 4220 decessore.

2367 4252 2421 4307 5.
2472 4252 2583 4307 Nec
2631 4253 2894 4324 populum
2936 4270 3037 4309 sua
3083 4270 3209 4325 spes
3246 4236 3462 4321 fefellit,
3508 4268 3572 4311 ut
3614 4260 3709 4327 qui
3756 4271 3861 4311 mox

2296 4345 2569 4414 acceperit
2606 4345 2683 4411 id,
2716 4345 2864 4415 quod
2916 4345 3279 4402 desiderabat.
3326 4347 3543 4406 Paulus
3585 4351 3665 4421 (6)
3710 4354 3859 4414 enim,

2372 4617 2450 4684 ('5)
2494 4615 2717 4671 Lesbios
2747 4616 3118 4684 potissimum.

2368 4688 2443 4754 (4)
2481 4685 2645 4755 Virgo
2665 4686 2786 4738 aliis
2811 4687 3032 4742 dicitur.

2371 4757 2450 4829 (5)
2478 4756 2873 4829 Constantinus
2892 4755 3295 4829 Copronymus.
3316 4757 3475 4827 cujus
3500 4776 3709 4817 nomen
3732 4762 3862 4819 silet.

2298 4842 2366 4881 ne
2392 4826 2645 4901 AGeorgio
2682 4829 2954 4901 maculam
2992 4826 3227 4901 afferat,
3259 4826 3423 4901 quod
3474 4830 3653 4901 impio
3699 4833 3771 4886 illi
3816 4847 3864 4884 ac

2296 4898 2530 4971 scelesto
2548 4898 2860 4971 imperatori
2896 4899 3149 4971 servierit
3185 4899 3539 4971 substitutus
3561 4898 3757 4971 judex.
3782 4904 3865 4957 huc

2296 4968 2523 5053 peravit
2546 4968 2938 5053 Copro‘nymus.
2972 4969 3042 5053 ab
3087 4983 3233 5053 anno
3274 4968 3485 5053 '{M‘ad
3523 4968 3737 5053 aiuium
3765 4974 3863 5053 πῃ,

2296 5038 2448 5159 lprius
2485 5046 2666 5091 tamen
2709 5036 2942 5109 Augusti
2982 5039 3200 5093 titulum
3240 5040 3506 5109 adeptus,
3560 5036 3739 5112 p‘atris
3774 5043 3865 5097 col-

2315 5123 2433 5159 θαι).

2315 5123 2409 5175 ega
2420 5148 2433 5160 .

2369 5178 2443 5251 (ti)
2485 5176 2849 5251 Theophanes
2876 5177 3149 5251 depaqu
3179 5193 3326 5233 anno
3356 5178 3568 5235 Leonis
3597 5183 3865 5251 imperato-

2297 5248 2372 5303 ris
2403 5248 2455 5313 5,
2485 5248 2691 5303 Christi
2723 5248 2849 5313 780,
2876 5248 3069 5305 Indict.
3090 5251 3147 5313 3,
3175 5251 3275 5305 ista
3308 5251 3501 5305 scribit
3527 5271 3542 5306 :
3585 5248 3867 5307 cllortuoti

2295 5316 3036 5391 FebruariiLdiegDominico
3078 5320 3280 5391 ANiceta
3323 5320 3867 5391 Constantinottoleos

2294 5389 2574 5474 episcopo,
2599 5387 2802 5443 Paulus
2826 5389 3164 5445 honorabilis
3197 5391 3384 5474 lecto_r,
3410 5408 3617 5474 genere
3639 5387 3865 5464 (ly—prius,

2295 5460 2561 5535 verbo‘ac
2589 5469 2712 5514 actu
2745 5474 3048 5535 coruscans
3076 5500 3089 5523 ,
3138 5470 3262 5531 post
3280 5460 3592 5535 plurimam
3614 5506 3631 5528 ,
3674 5460 3868 5535 propter

2296 5529 2569 5595 haeresim,
2602 5546 2709 5599 qua
2738 5531 3025 5585 tenebatur
3047 5529 3490 5597 excusationem,
3520 5534 3633 5588 vim
3665 5529 3865 5589 inultam

2296 5614 2491 5668 passus
2549 5610 2903 5675 consecratur
2959 5602 3295 5675 patriarcha‘
3322 5599 3867 5675 Constantinopolita-

2293 5672 2691 5795 nuissecunda
2722 5670 3061 5743 jejuniorum
3104 5678 3215 5744 (seu
3259 5670 3734 5747 Quadragesimw)
3788 5675 3867 5729 υῡι

2297 5757 2347 5795 rn
2376 5756 2516 5795 mea.
2562 5760 2580 5793 ι

2297 5756 2516 5797 ηιιηιυίι.
2562 5760 2580 5793 ι
