4088 6494
301 396 440 460 1389

1840 390 2038 459 VITA.

3415 382 3547 471 1390

294 526 460 582 quem
492 510 691 581 Cypria
718 520 905 567 natum
933 514 1149 584 excepit
1177 512 1436 577 Salamis,
1465 512 1543 584 (7)
1578 521 1763 567 sancte
1793 512 1871 583 (8)
1903 522 1946 575 Α
1978 515 2177 585 accipit
2221 516 2486 585 dolorem,
2526 528 2585 573 ut
2621 521 2670 575 ci
2704 519 2977 575 inhaeserit
3017 520 3171 573 vibex
3226 520 3545 574 immedica-

294 611 349 655 et
390 602 599 669 integre
644 604 859 657 clavum
896 619 1092 673 regens
1126 605 1438 668 sacerdotii,
1485 620 1612 659 cuin
1662 602 1869 657 nefaria

294 693 481 747 adhuc
511 692 720 764 vigeret
760 694 1006 759 haeresis,
1056 711 1179 765 quae
1209 704 1435 751 accusat
1482 694 1866 749 Christianos:

288 802 487 839 eorum
516 827 531 851 ,
589 787 853 857 inquam,
908 788 1005 858 qui
1072 789 1291 843 abolent
1331 787 1622 857 imaginem
1663 784 1867 839 Christi

292 881 407 931 veri
442 878 537 932 Dei
570 880 744 932 nostri
788 880 980 935 carnis
1028 878 1414 949 susceptionis.
1466 886 1521 932 et
1566 877 1707 947 ejus,
1747 891 1871 945 qua:

290 986 420 1023 eum
461 984 589 1023 vere
616 980 670 1024 et
702 972 923 1039 proprie
966 971 1174 1041 peperit
1217 969 1314 1025 Dei
1348 968 1559 1032 Matris,
1593 978 1648 1023 et
1681 968 1869 1021 incor-

291 1075 610 1129 porearum,
651 1071 703 1115 ut
752 1061 884 1115 visae
923 1068 1075 1128 sunt,
1118 1068 1492 1131 potestatum;
1526 1068 1579 1113 et
1606 1057 1719 1127 jam
1749 1072 1870 1111 om—

290 1165 392 1205 nes
427 1150 601 1204 sancti
654 1160 1059 1220 Oppugnatores
1107 1148 1186 1220 (9)
1248 1148 1471 1204 haeresis
1526 1163 1557 1202 a
1609 1146 1761 1202 brevi
1816 1155 1871 1201 et

289 1244 501 1299 caduca
537 1244 637 1298 hac
666 1246 776 1299 vita
816 1245 1212 1312 excessissent,
1242 1254 1297 1300 et
1324 1242 1558 1299 traducti
1585 1250 1771 1298 essent
1800 1241 1868 1296 ad

288 1352 505 1400 eorum,
535 1352 655 1405 quze
682 1337 735 1390 in
770 1337 881 1391 vita
906 1348 1213 1409 gesserant,
1254 1353 1377 1406 qua:
1405 1336 1465 1390 tlt
1496 1336 1631 1400 illic,
1661 1336 1868 1390 discre-

288 1429 538 1491 tionem;
580 1440 633 1484 et
676 1430 1006 1499 serpentium
1043 1429 1315 1484 doctrinae
1366 1429 1521 1485 virus
1557 1428 1718 1483 etiam
1746 1438 1869 1498 post

285 1523 499 1575 exitum
542 1522 919 1576 evomuissent
944 1536 1011 1576 ex
1054 1520 1330 1588 Ecclesia;
1370 1537 1513 1592 aegre
1558 1520 1767 1576 ferebat
1814 1529 1868 1575 et

284 1613 480 1667 animo
513 1613 816 1683 angebatur
848 1611 1072 1676 Paulus,
1104 1630 1229 1667 cum
1277 1629 1383 1667 non
1415 1613 1784 1681 haberctLqui
1816 1612 1864 1666 ei

282 1720 456 1775 opem
504 1704 695 1770 ferret,
743 1714 798 1759 et
847 1720 1071 1759 manum
1107 1705 1374 1775 praeberet
1417 1704 1486 1759 ad
1536 1713 1698 1759 rectae
1739 1703 1864 1757 ﬁdei

288 1797 718 1857 correctionem.
768 1805 1057 1866 propterea
1088 1794 1237 1866 quod
1288 1810 1483 1850 omnes
1523 1794 1862 1850 adlimrerent

287 1887 519 1953 haaresi,
591 1901 826 1955 eamque
887 1885 1283 1941 conﬁterentur
1332 1895 1387 1941 et
1435 1886 1858 1943 assentirentur.

284 1978 447 2047 Capit
510 1978 692 2048 itaque
751 1978 1047 2033 consilium
1104 1979 1333 2045 dignum
1387 1994 1485 2033 sua
1546 1978 1859 2048 prudentia.

285 2067 425 2123 Nam
462 2084 589 2122 eum
647 2069 934 2125 incidisset
992 2070 1046 2122 in
1083 2070 1360 2135 morbum,
1407 2069 1500 2141 qui
1541 2070 1590 2123 ei
1632 2080 1861 2125 mortem

284 2170 408 2216 erat
460 2162 751 2227 allaturus,
806 2170 864 2215 et
907 2161 1245 2217 deducturus
1299 2163 1366 2217 ad
1414 2163 1711 2234 longaevam
1744 2178 1865 2234 quin

287 2253 403 2307 illic
448 2260 553 2317 est,
595 2255 1030 2319 resolutionem,
1074 2270 1133 2309 se
1191 2257 1330 2310 clam
1378 2257 1486 2323 (l0)
1534 2257 1791 2312 subducit
1833 2273 1864 2313 e

284 2346 414 2398 sele
460 2361 474 2398 :
523 2353 577 2397 et
629 2360 753 2399 cuin
801 2346 1040 2400 venisset
1099 2346 1166 2399 ad
1216 2346 1356 2401 Flori
1404 2348 1518 2417 (ll)
1584 2358 1863 2405 monaste-

286 2436 456 2499 rium,
509 2436 561 2489 in
602 2452 891 2491 numerum
950 2438 1346 2493 monachorum
1398 2454 1456 2493 se
1498 2440 1705 2506 retulit,
1739 2457 1863 2497 mu-

284 2541 402 2584 tato
448 2532 677 2585 amictu.
716 2530 1008 2601 Postquam
1055 2544 1235 2588 autem
1275 2545 1461 2591 notum
1504 2536 1625 2603 fuit,
1663 2554 1775 2608 quo
1802 2553 1862 2595 se

283 2624 598 2678 demisisset
653 2623 918 2693 pontifex,
977 2624 1143 2695 idque
1203 2627 1315 2695 jam
1383 2630 1721 2698 pervenisset
1791 2631 1859 2684 ad

282 2730 449 2769 aures
490 2732 715 2780 eorum,
760 2717 852 2785 qui
920 2732 1015 2785 per
1063 2718 1115 2772 id
1176 2728 1390 2789 tempus
1448 2736 1629 2775 rerum
1686 2722 1862 2791 potie-

283 2808 485 2859 bantur
533 2806 725 2873 (lrene
781 2818 961 2861 autent
995 2817 1053 2861 et
1097 2808 1497 2864 Constantinus
1541 2810 1662 2880 ejus
1714 2811 1860 2867 ﬁlius

283 2900 491 2966 primas
512 2900 765 2969 potentia:
795 2910 975 2968 partes
994 2911 1126 2956 tunc
1159 2902 1388 2970 pulchre
1412 2904 1780 2973 obtinebant),
1799 2904 1855 2971 ii,

282 2991 435 3061 quod
480 3006 564 3046 res
610 2992 905 3047 accidisset
950 3009 1090 3048 nova
1141 3004 1197 3048 et
1235 2994 1487 3057 insolita,
1534 2989 1718 3049 animo
1748 3010 1856 3048 non

284 3098 478 3151 parum
536 3085 866 3148 conturbati,
922 3094 1236 3139 statuerunt
1292 3086 1477 3140 venire
1526 3085 1594 3140 ad
1652 3086 1855 3139 dictum

1976 606 2102 661 bilis
2136 628 2149 663 :
2183 620 2237 663 et
2285 610 2397 681 (12)
2441 622 2523 667 ter
2551 612 2665 682 jam
2699 630 2794 682 per
2833 629 3030 667 manus
3078 624 3132 666 et
3180 624 3544 691 atramentum

1974 696 2234 768 inscripta
2267 703 2457 758 haeresi
2495 705 2763 759 assensio.
2810 702 2998 773 Neque
3029 705 3173 758 enim
3224 707 3355 758 mihi
3394 707 3548 760 licuit

1971 788 2205 859 effugere
2248 795 2381 847 retia
2428 796 2584 851 mala:
2618 796 2896 866 Opinionis
2941 811 2955 849 :
2995 796 3086 851 sed
3125 798 3346 863 accidit,
3395 811 3454 853 ut
3490 808 3547 853 ct

1972 879 2154 949 lingUa
2188 893 2239 938 et
2268 901 2431 941 manu
2479 888 2533 941 iii
2583 904 2645 943 ea
2686 888 3021 959 iniplicarcr.
3051 888 3207 954 Quod
3258 890 3423 944 etiam
3461 906 3546 944 me

1972 974 2146 1041 magis
2186 976 2359 1045 angit,
2392 988 2452 1032 ut
2483 980 2628 1049 quod
2657 981 2853 1035 exedat
2902 995 3097 1037 sensus
3155 981 3349 1047 animi,
3384 981 3545 1036 video

1970 1076 2163 1120 omnes
2188 1065 2340 1122 orbis
2371 1078 2636 1124 terrarum
2666 1081 2872 1142 partes,
2927 1091 3049 1145 quae
3080 1074 3132 1128 in
3170 1084 3349 1129 Vestra
3378 1090 3541 1129 manu

1971 1163 2235 1227 tanquam
2270 1160 2323 1214 in
2362 1169 2564 1216 statera
2612 1166 3015 1233 appenduntur,
3050 1167 3173 1221 fidei
3210 1167 3540 1221 immobilem

1970 1259 2364 1304 conservantes
2419 1251 2703 1319 trutinam,
2748 1265 2801 1309 et
2852 1257 2906 1309 in
2960 1268 3106 1312 recta
3161 1267 3543 1327 permanentes

1970 1338 2221 1394 doctrina
2253 1350 2308 1395 et
2337 1342 2701 1409 exsultantes,
2751 1346 2820 1399 ab
2852 1343 3092 1402 Ecclesia
3142 1361 3326 1405 nostra
3384 1350 3544 1420 longe

1968 1431 2270 1497 dissidere,
2315 1446 2369 1489 et
2396 1446 2653 1507 tanquam
2686 1454 2715 1493 a
2743 1436 2947 1493 Christi
2982 1456 3141 1509 grege
3170 1442 3375 1497 alienas
3414 1458 3545 1497 oves

1968 1526 2254 1594 repellere.
2281 1525 2345 1580 Et
2370 1528 2493 1583 ideo
2519 1544 2715 1583 recuso
2735 1547 2856 1586 esse
2873 1540 3060 1601 pastor
3081 1542 3254 1587 cretus
3284 1534 3539 1599 haeretici,

1966 1624 2021 1668 et
2070 1618 2233 1669 statui
2278 1617 2460 1687 potius
2518 1618 2766 1673 habitare
2818 1621 3154 1688 sepulcrum,
3206 1638 3369 1689 quam
3420 1638 3543 1677 esse

1967 1706 2240 1761 obnoxius
2289 1710 2731 1764 anathematibtts
2780 1726 2949 1767 sacra:
2993 1714 3370 1781 quaternionis
3403 1714 3537 1784 (15),

1968 1796 2180 1849 sedium
2220 1797 2674 1866 apostolicarum.
2712 1798 2818 1853 Sed
2850 1817 2973 1855 cum
3008 1802 3208 1871 sceptri
3240 1804 3537 1870 potentiam

1968 1888 2020 1942 in
2050 1898 2260 1943 vestras
2287 1906 2483 1943 manus
2508 1889 2650 1944 Deus
2676 1891 2976 1956 tradiderit,
2998 1903 3051 1947 et
3075 1893 3410 1962 imperialcm
3437 1912 3537 1951 eu-

1968 1998 2083 2035 ram
2112 1980 2317 2052 geratis
2339 1981 2797 2038 Christianissitni
2819 1981 3020 2055 gregis,
3048 1987 3139 2055 qui
3166 1998 3249 2041 est
3274 1989 3376 2043 sub
3402 1992 3538 2054 sole,

1964 2087 2032 2127 ne
2074 2072 2393 2143 despiciatis
2434 2075 2712 2128 tristitiam
2763 2077 2956 2129 matris
2999 2088 3192 2132 vestra:
3244 2079 3537 2146 Ecclesim,

1970 2167 2063 2220 sed
2097 2168 2334 2231 studete,
2368 2178 2428 2222 ut
2456 2184 2518 2222 ea
2551 2184 2743 2224 rursus
2769 2178 3006 2224 veterem
3044 2171 3270 2240 recipiat
3298 2173 3539 2241 pulchri-

1965 2258 2231 2313 tudinem.
2251 2256 2328 2313 Ne
2355 2261 2633 2329 patiamini
2652 2260 3080 2315 abominandam
3113 2264 3363 2317 liicresim
3393 2281 3540 2320 nunc

1962 2362 2183 2417 quoque
2221 2360 2481 2418 tanquam
2532 2365 2684 2404 suem
2724 2366 2788 2405 ex
2846 2362 3128 2421 querceto,
3184 2362 3241 2408 ut
3297 2353 3536 2417 dicitur,

1962 2448 2181 2493 vastare
2227 2454 2289 2493 ac
2321 2439 2549 2508 perdere
2583 2440 2797 2495 vineam
2848 2450 3040 2496 vestrae
3083 2443 3449 2511 llllpCl‘ﬂlOl‘ltL'
3483 2454 3539 2500 et

1963 2529 2139 2584 ﬁdelis
2179 2531 2547 2602 agriculturae,
2578 2542 2631 2586 et
2674 2548 2702 2585 a
2736 2542 3053 2587 transeunte
3084 2534 3223 2589 viam
3267 2551 3373 2589 non
3408 2539 3536 2591 trita

1961 2631 2017 2676 et
2045 2638 2261 2691 aspera,
2294 2622 2433 2677 mala
2469 2623 2731 2694 opinione
2762 2625 2990 2693 turpiter
3020 2640 3140 2678 eam
3173 2627 3414 2694 pervadi.
3441 2627 3538 2682 Est

1962 2714 2118 2767 vobis
2144 2714 2548 2769 scientissimus
2562 2712 2824 2785 agricola,
2841 2716 2932 2785 qui
2952 2716 3150 2770 aluerit
3168 2719 3382 2772 botrum
3400 2735 3537 2774 verm

1959 2806 2347 2872 confessionis,
2383 2817 2438 2861 et
2489 2824 2615 2862 eum
2663 2810 2996 2879 espresserit
3028 2810 3080 2862 in
3119 2810 3303 2865 divina
3348 2822 3535 2866 torcu-

1960 2897 2093 2952 laria
2129 2898 2291 2952 unius
2316 2909 2368 2952 et
2392 2896 2561 2953 solius
2589 2892 2866 2962 Ecclesiae,
2887 2910 3079 2953 etcum
3112 2901 3341 2969 implerit
3363 2914 3537 2957 crate-

1960 3004 2075 3043 rem
2101 2989 2402 3058 sapientiae,
2418 2991 2693 3059 paraverit
2721 2991 3036 3045 ﬁdelissimo
3061 2995 3259 3061 populo
3285 2996 3534 3062 poculum

1958 3091 2120 3134 rectm
2145 3081 2447 3135 sententiae.
2477 3076 2539 3133 Et
2565 3097 2858 3153 quemnam
2891 3084 3037 3137 hunc
3070 3085 3291 3139 innuis?
3316 3086 3363 3141 ei
3386 3088 3536 3141 dixe-

282 3176 707 3229 rnonasterium.
764 3174 1059 3245 Postquam
1095 3191 1222 3230 vero
1253 3184 1597 3244 agnoverunt
1637 3176 1857 3246 pontili-
1885 3190 1927 3249 c
1962 3182 2089 3226 runt
2121 3172 2494 3242 imperatores.
2531 3170 2820 3228 Tarasium
2856 3190 2974 3228 mea
3022 3176 3295 3245 significat
3332 3182 3532 3245 oratio,

282 3284 406 3321 cem
467 3269 702 3323 subiisse
754 3268 998 3322 habitum
1059 3268 1407 3333 humilitatis,
1449 3269 1526 3322 ira
1577 3268 1759 3337 repleti
1805 3278 1860 3322 et

283 3370 435 3414 metu
486 3369 812 3429 rogaverunt
856 3375 1003 3425 eum,
1048 3361 1140 3431 qui
1185 3376 1242 3414 se
1288 3360 1355 3414 ad
1400 3368 1605 3413 tantam
1638 3360 1859 3413 dederat

281 3452 600 3516 audaciam,
631 3468 879 3521 quaenam
914 3451 1110 3507 fuisset
1138 3467 1305 3507 causa
1336 3452 1610 3522 pontiﬁcis
1642 3451 1781 3521 fugre
1804 3458 1858 3504 et

282 3555 550 3609 tonsurae,
578 3553 893 3613 reputantes
930 3560 1060 3598 num
1096 3544 1252 3599 nihili
1289 3555 1437 3600 esset
1468 3544 1707 3599 facturus
1731 3559 1858 3613 gra-

283 3652 407 3689 vem
440 3636 785 3706 imperatoris
810 3636 1261 3706 indignationem.
1295 3637 1496 3691 Paulus
1530 3646 1710 3689 autem
1738 3636 1855 3689 initi

281 3743 350 3781 ac
379 3727 587 3796 placida
620 3726 868 3779 oratione.
902 3725 1061 3793 (talis
1094 3725 1240 3778 enim
1275 3734 1411 3789 erat,
1445 3726 1490 3778 si
1518 3724 1660 3777 ullus
1693 3724 1855 3795 alius)

283 3824 424 3873 iram
477 3819 685 3872 leniens
743 3817 1186 3886 imperatoriam,
1245 3817 1515 3883 persuasit
1578 3826 1637 3869 ut
1689 3816 1853 3871 irasci

277 3912 611 3965 desisterent
643 3928 655 3962 :
684 3917 740 3963 et
788 3913 1000 3978 aperuit
1031 3924 1276 3973 causam,
1322 3924 1444 3979 qua:
1479 3922 1605 3963 eum
1648 3908 1713 3962 ad
1753 3910 1855 3963 hoc

278 4003 595 4062 deduxerat,
632 4001 733 4054 hoc
770 3999 933 4052 modo
971 4001 1134 4053 verba
1174 3999 1414 4054 faciens:

354 4095 408 4145 6.
446 4089 548 4157 Me,
581 4107 614 4143 ο
644 4090 1023 4160 imperatores.
1073 4102 1127 4144 et
1168 4091 1391 4145 morbus
1427 4098 1481 4146 et
1524 4090 1855 4162 improvisus

278 4186 478 4240 mortis
529 4185 797 4238 adventus
850 4184 1029 4253 coegit
1082 4184 1185 4238 hoc
1226 4185 1425 4246 facere,
1464 4186 1634 4240 multo
1671 4197 1851 4240 autem

279 4280 459 4351 inagis
487 4279 552 4331 ad
596 4279 646 4332 id
682 4277 896 4346 impulit
944 4276 1198 4330 Ecclesiae
1241 4276 1580 4343 deformitas,
1613 4294 1733 4347 quae
1773 4278 1852 4331 la-

279 4376 445 4428 borat
475 4372 685 4435 haeresi,
718 4381 772 4424 et
801 4385 865 4423 ex
899 4369 1156 4424 diuturna
1186 4369 1328 4423 mala
1349 4369 1611 4439 Opinione
1644 4380 1850 4424 tantum

352 4597 429 4667 (7)
469 4596 605 4667 Aliis
636 4595 933 4657 Salamina,
961 4596 1016 4667 in
1047 4591 1246 4667 Notitia
1273 4593 1586 4649 Graecorum
1634 4595 1848 4663 episco-

277 4664 510 4734 patuum
561 4666 703 4719 facta
764 4679 907 4719 anno
954 4664 1061 4717 882
1106 4664 1424 4719 Constantia
1459 4704 1475 4729 ,
1535 4668 1851 4734 metropolis

277 4736 464 4791 (ἔγω-1.

328 4752 525 4874 γὲἶῖη
560 4803 928 4873 Chronologia
971 4804 1257 4873 Nicepliori
1289 4819 1301 4853 :
1336 4823 1353 4854 ε
1385 4802 1590 4857 Paulus
1619 4804 1850 4874 Cyprius

279 4873 589 4937 Diaconus,
630 4875 971 4928 ortliodoxus
1017 4888 1072 4931 et
1118 4875 1430 4929 Confessor.
1463 4891 1482 4923 ι
1541 4878 1582 4927 A
1637 4873 1849 4929 Zonara

282 4948 452 4999 etiam
487 4946 686 4999 dicitur
731 4961 749 4993 ι
795 4944 964 4997 lector
990 4949 1352 4999 ortliodoxus.
1402 4961 1421 4993 ι

356 5016 431 5084 (9)
455 5016 631 5083 Aliqui
670 5014 979 5067 referuntur
1006 5031 1035 5067 a
1064 5014 1394 5082 Theophane
1419 5030 1603 5082 supra,
1627 5022 1851 5071 sanctus

279 5083 643 5153 TlteOphaues
665 5084 1191 5154 inartyriigpalmam
1221 5095 1553 5138 consecutus
1573 5125 1587 5149 ,
1623 5084 1814 5151 Papias
1833 5123 1849 5145 ,

282 5152 588 5223 Strategius
613 5194 628 5218 ,
656 5152 893 5223 Iacobus
927 5152 1387 5221 Protospatarius,
1424 5154 1556 5218 Leo,
1586 5154 1847 5217 Thomas,

278 5222 489 5295 on'ines
512 5225 674 5295 auhci
710 5222 910 5278 Leonis
947 5225 1293 5295 imperatoris
1312 5264 1343 5295 ,ν
1370 5239 1849 5295 (ιυθιιιᾷρθτρθνωῃ

275 5294 549 5347 Baronius
576 5292 814 5347 Leonem
853 5292 1149 5349 Armenum
1185 5294 1375 5349 scribit
1423 5296 1477 5346 in
1528 5292 1683 5347 Notis
1723 5294 1786 5345 ad
1818 5292 1852 5346 4

281 5365 558 5485 Decelmh.,
595 5380 707 5434 quo
735 5365 822 5417 die
846 5379 999 5418 sacra
1031 5380 1220 5419 eorum
1263 5363 1523 5417 memoria
1559 5363 1852 5432 quotannis

281 5448 407 5485 reco
439 5441 564 5485 itur.

277 5441 509 5488 recolitu
520 5449 564 5487 r.

363 5503 475 5572 (10)
513 5502 694 5573 Die3l
728 5501 976 5573 Augusti,
1000 5502 1187 5573 indict.
1214 5502 1272 5573 7,
1300 5517 1445 5557 anno
1479 5502 1690 5572 imperii
1716 5502 1854 5559 Con-

274 5574 504 5627 stantini
529 5583 583 5626 ct
614 5572 796 5626 lrenes
825 5584 1035 5638 quarto.
1085 5572 1159 5626 Ita
1187 5572 1577 5639 Theophanes,
1610 5576 1701 5643 qui
1738 5578 1853 5628 haec

276 5644 529 5710 pluribus
557 5653 761 5695 narrat.
796 5643 887 5695 Est
941 5644 986 5697 is
1029 5659 1207 5697 annus
1232 5644 1351 5697 784.

350 5713 808 5785 (ll)Subseripsit
830 5714 1077 5785 sequenti
1119 5712 1336 5782 Synodo
1358 5712 1587 5771 Nicena:
1610 5712 1851 5785 Ἱλαρίων

272 5784 580 5852 ἡγούμενος
605 5783 711 5836 τῶν
734 5783 985 5855 Φλώρων.

1961 3266 2054 3336 qui
2106 3273 2191 3319 est
2230 3261 2443 3335 primus
2488 3280 2517 3319 a
2569 3268 2797 3322 secretis
2848 3268 3016 3321 divini
3074 3270 3236 3323 vestri
3298 3271 3531 3340 imperii.

1961 3359 2115 3411 lllum
2148 3360 2285 3424 scio,
2307 3367 2361 3411 et
2384 3356 2703 3428 quicunque
2733 3368 2879 3414 recte
2905 3361 3066 3430 sapit,
3093 3361 3387 3417 licelesiam
3411 3380 3535 3418 esse

1960 3460 2271 3521 opportune
2303 3462 2712 3521 suscepturum,
2750 3462 2804 3507 et
2843 3454 2991 3523 virga
3042 3455 3261 3523 quidem
3300 3458 3533 3510 rationis

1959 3540 2225 3611 participe
2258 3541 2524 3596 literesum
2558 3558 2732 3611 nugas
2752 3557 2874 3597 esse
2902 3554 3216 3598 exacturum
3252 3564 3263 3599 :
3300 3546 3533 3600 docendi

1958 3644 2138 3687 autem
2182 3643 2235 3687 et
2264 3634 2523 3703 pastorali
2566 3633 2763 3689 baculo
2795 3636 3235 3689 introducturum
3284 3648 3337 3691 et
3378 3637 3531 3692 foras

1957 3727 2281 3780 educturum
2315 3726 2381 3779 ad
2411 3720 2623 3779 stabula
2651 3734 2705 3779 et
2733 3728 2990 3781 mandras
3014 3728 3281 3789 veritatis,
3313 3744 3529 3798 gregem

1957 3818 2391 3872 tlivinissimum.
2423 3818 2558 3872 Cum
2596 3818 2823 3873 auribus
2860 3818 3226 3887 imperatoriis
3261 3822 3339 3874 sic
3366 3824 3531 3875 semi-

1960 3921 2144 3967 nasset
2181 3912 2509 3975 orationem,
2547 3921 2600 3965 et
2636 3926 2756 3965 eam
2789 3911 3065 3965 ell'ecisset
3113 3913 3422 3981 genitalem,
3475 3924 3531 3969 et
3620 3924 3623 3927 ‘

1958 4021 2081 4074 quae
2112 4005 2225 4074 jam
2274 4003 2512 4058 fructum
2562 4003 2763 4057 tulerat
2800 4003 2852 4057 in
2883 4006 3222 4073 centuplum,
3261 4007 3529 4075 gravitate

1958 4097 2135 4168 morbi
2188 4110 2508 4166 oppressus.
2549 4094 2617 4148 ad
2675 4096 3012 4150 tabernaculi
3068 4097 3526 4167 dissolutionem,

1956 4204 2052 4260 per
2080 4199 2309 4242 mortem
2346 4187 2687 4241 conﬁdenter
2713 4185 3022 4249 festinabat,
3055 4187 3463 4243 aediﬁcationem
3491 4206 3525 4245 a

1958 4280 2071 4336 Deo
2102 4296 2199 4350 per
2231 4277 2719 4348 incorruptionem,
2751 4286 2808 4332 ut
2844 4277 3019 4332 dicam
3052 4281 3373 4348 apostolice.
3398 4295 3524 4335 sor-

1954 4375 2087 4429 titus
2126 4372 2259 4445 (l4).

2025 4595 2137 4667 (l2)
2160 4594 2220 4667 In
2246 4592 2513 4667 rescripto
2544 4590 2933 4667 imperatorum
2955 4589 3302 4667 Constantini
3333 4602 3387 4667 et
3412 4590 3524 4647 Ire-

1952 4658 2051 4720 nes
2091 4658 2310 4743 actione
2423 4658 2921 4743 'synodiLNicagnaa,
2975 4677 3096 4730 quae
3116 4664 3264 4743 illud
3312 4665 3525 4743 σᾲκριν

1950 4736 2205 4802 appellat,
2236 4732 2439 4786 Paulus
2463 4730 2743 4785 indui-itur
2771 4731 2978 4802 dixisse
3014 4750 3027 4784 ;
3067 4750 3084 4781 ι
3116 4730 3192 4784 Eo
3219 4736 3366 4802 quod
3396 4730 3523 4790 cum

1954 4800 2263 4873 hujusmodi
2289 4804 2417 4856 vii-is
2434 4811 2796 4873 conversatus
2816 4800 3014 4873 fuerim
3042 4810 3096 4855 et
3117 4800 3483 4871 computatus.
3499 4822 3518 4855 ι

1954 4868 2066 4928 Imb
2097 4873 2393 4944 secundum
2430 4871 2813 4944 Theophanem
2839 4910 2855 4933 ,
2892 4889 2910 4922 ε
2937 4868 3176 4944 Pat_ricii_
3206 4868 3261 4944 et
3301 4881 3524 4944 senatus
3539 4882 3555 4944 ,’
3582 4873 3603 4879 ”

1950 4944 2217 5013 primores
2279 4943 2534 4996 dixerunt
2581 4942 2631 4993 ei
2675 4958 2688 4992 :
2738 4938 2921 5004 Quare
2967 4941 3361 5013 subscripsisli,
3394 4938 3547 4997 cum‘

1952 5010 2355 5068 consecrareris
2391 5026 2495 5065 non
2534 5018 2586 5062 te
2618 5016 3065 5063 consecraturum
3094 5010 3305 5064 leonam
3331 5011 3356 5064 ‘l
3389 5029 3409 5063 ι

2024 5085 2136 5152 (15)
2178 5081 2437 5134 Romanze
2483 5079 2725 5152 scilicet,
2767 5088 2819 5132 et
2859 5094 2981 5152 quae
3026 5079 3161 5152 hinc
3194 5081 3523 5152 colliguntur

1952 5153 2079 5209 huic
2116 5148 2413 5206 adhaesisse
2445 5159 2633 5202 contra
2662 5148 3023 5202 leonoclastas
3048 5190 3062 5213 ,
3101 5149 3481 5205 Alexandrina:
3502 5190 3520 5215 ,

1951 5223 2305 5277 Antiochente
2327 5219 2923 5289 etHierosolymitanai.
2966 5217 3078 5289 [loc
3101 5223 3385 5289 anathema
3416 5223 3524 5275 leo-

1953 5292 2214 5357 tioclastis
2254 5287 2493 5359 minatus
2530 5298 2613 5342 est
2641 5287 2933 5359 Gregorius
2970 5287 3275 5359 ll,_inﬁixjt
3316 5288 3522 5359 (ἱι-υεο-

1952 5364 2068 5417 rius
2094 5354 2180 5426 Ill,
2215 5368 2275 5414 ut
2312 5374 2379 5413 ex
2406 5357 2698 5412 Anastasio
2722 5354 2774 5410 in
2806 5357 3000 5411 horum
3037 5354 3177 5425 Vita,
3214 5354 3525 5413 Zonara'tlo

1952 5431 2132 5487 Leone
2170 5432 2445 5491 Armeno,
2494 5428 2739 5497 aliisque,
2769 5435 3005 5481 constat.
3045 5426 3199 5493 Quod
3235 5432 3523 5484 anathema

1951 5518 2082 5556 num
2133 5499 2351 5569 reliqui
2384 5496 2654 5551 dictarum
2702 5496 3075 5551 Ecclesiarum
3123 5499 3354 5568 amplexi
3411 5500 3524 5554 sint

1951 5571 2309 5641 patriarchae,
2344 5568 2473 5621 hinc
2504 5570 2689 5641 liquet.

2023 5642 2135 5709 (14)
2172 5639 2249 5693 Ex
2302 5654 2477 5700 nunc,
2542 5634 3149 5709 inquitTheophanes,
3204 5637 3365 5706 cmpit
3414 5634 3525 5692 dici

1952 5719 2007 5765 et
2032 5706 2303 5781 disputari
2361 5706 2778 5781 super‘sanctis
2838 5708 3169 5778 imaginibus
3229 5723 3409 5764 sermo
3454 5709 3525 5764 ab

1956 5778 2212 5837 omnibus
2246 5794 2367 5835 cum
2404 5778 2619 5833 ﬁducia.
