4088 6526
562 399 690 462 1391

1164 505 1392 561 CAPUT
1434 505 1519 560 Ill.

556 643 742 702 Sancti
789 641 998 695 Tarasii
1040 637 1223 693 electio
1260 649 1308 692 et
1349 637 1675 692 consecratio
1731 632 2130 703 patriarchalis.

630 781 680 832 7.
715 777 777 832 Et
807 778 887 831 sic
922 774 1143 845 quidem
1178 788 1237 827 se
1276 772 1448 843 gessit
1477 769 1681 825 Paulus
1712 787 1725 822 :
1775 770 2134 838 imperatores

557 882 741 926 autem
783 870 835 923 iu
868 868 1106 939 pastoris
1152 866 1421 919 electione
1467 871 1705 917 mentem
1744 860 2008 915 habentes
2038 873 2133 914 0c-

556 970 835 1032 cupatam,
871 969 923 1013 et
953 957 1103 1011 Pauli
1139 969 1391 1012 sermone
1424 952 1710 1017 stimulati,
1745 950 1799 1005 in
1845 950 2134 1005 Tarasium

558 1062 742 1121 aperte
789 1048 1030 1120 deﬁgunt
1060 1046 1301 1101 oculos:
1344 1053 1399 1098 et
1454 1058 1600 1106 eum,
1636 1041 1746 1096 Deo
1793 1041 2028 1105 volente,
2078 1048 2139 1095 ut

559 1143 783 1196 viduato
813 1138 961 1208 gregi
992 1144 1267 1207 praeesset,
1300 1133 1578 1188 communi
1617 1147 1886 1187 consensu
1918 1130 2138 1201 sapien-

562 1248 642 1288 ter
688 1233 917 1302 eligunt.
955 1229 1046 1282 Eis
1088 1228 1511 1291 assentiebatur,
1554 1225 1817 1295 quidquid
1851 1232 1969 1278 erat
1994 1222 2138 1291 opti-

561 1342 711 1380 mum
756 1333 809 1377 et
842 1319 1356 1392 pratstantissimum
1396 1332 1427 1371 e
1466 1330 1627 1370 sacro
1676 1324 1891 1377 senatu,
1920 1312 2139 1367 divinus

560 1418 721 1488 plane
742 1425 917 1470 cmtus
952 1430 964 1467 :
1002 1420 1061 1465 ut
1096 1410 1188 1481 qui
1217 1410 1442 1463 omnino
1493 1407 1697 1463 scirent
1728 1407 1905 1461 virum
1934 1405 1987 1458 in
2015 1420 2137 1458 om-

565 1510 727 1563 nibus
775 1504 1119 1576 prmiulgere,
1179 1510 1231 1555 et
1285 1501 1533 1570 dignum,
1583 1498 1671 1553 cui
1721 1496 2142 1552 demandaretur

564 1602 805 1670 dignitas
855 1595 1166 1666 pastoralis.
1203 1590 1480 1661 Quidquid
1532 1599 1714 1645 autem
1768 1598 1889 1645 erat
1934 1587 2140 1659 promi-

567 1705 760 1746 scuum
791 1686 1310 1747 circumforaneum,
1341 1693 1393 1736 ct
1421 1683 1703 1737 lucernam
1736 1681 2010 1735 redolebat
2032 1679 2143 1733 hae-

1648 399 1707 457 S.
1748 396 2057 455 TARASII
2114 392 2619 454 PATRIARCH/E
2668 390 2774 451 (ΖΡ.

2161 512 2204 566 Α
2234 499 2606 571 prehendatur
2629 498 2772 567 quod
2800 495 3163 551 desideratur.
3195 492 3438 567 Tempus
3472 508 3556 551 est
3579 513 3735 565 ergo,
3766 508 3824 550 ut

3685 387 3821 450 1392

2234 598 2562 647 contexatur
2600 590 2864 658 praeclara
2900 596 2954 642 et
2992 588 3154 642 valde
3179 587 3417 657 Optanda
3447 587 3712 643 Ecclesia:
3742 599 3825 644 tu-

2236 682 2380 744 nica,
2410 696 2576 751 quam
2622 679 2788 734 scidit
2832 678 3005 749 pestis
3034 679 3278 735 haeresis.
3322 679 3481 735 Nunc
3520 682 3824 751 appropin-

2236 781 2369 842 quat
2390 773 2507 829 dies
2543 771 2773 841 insignis
2801 778 2856 825 et
2887 770 3169 833 salutaris,
3200 771 3252 824 in
3277 786 3389 841 quo
3419 771 3678 827 Christus
3705 789 3827 829 ces-

2238 877 2362 919 sare
2407 863 2615 918 faciens
2656 862 2937 917 fremitum
2982 863 3189 918 erroris
3230 862 3680 930 simulacrorum,
3735 881 3825 919 an-

2238 953 2358 1008 nuit
2396 954 2639 1024 copiosis
2689 953 2808 1010 suis
2863 953 3335 1020 miserationibus,
3387 965 3450 1011 ut
3493 956 3618 1025 ejus
3658 972 3825 1012 vent.»

2238 1047 2411 1102 randa
2445 1047 2751 1117 erigeretur
2790 1054 2994 1109 statua,
3020 1048 3165 1117 quod
3219 1049 3417 1103 attinet
3465 1049 3534 1103 ad
3563 1049 3825 1103 Immani-

2241 1146 2427 1193 tatem.
2463 1136 2763 1201 Transietis
2792 1154 2925 1207 ergo
2962 1138 3031 1197 ad
3062 1148 3277 1209 septum
3322 1140 3651 1204 sacerdotii,
3696 1155 3823 1196 cum

2240 1233 2508 1287 adversus
2546 1231 2797 1286 haeresim
2833 1230 3224 1295 decertaveris,
3256 1246 3391 1287 cane
3418 1232 3669 1286 victoriae
3696 1247 3826 1286 cau-

2242 1326 2409 1380 ticum
2442 1323 2703 1378 adversus
2752 1322 3028 1378 inimicos.
3074 1324 3119 1377 A
3158 1323 3269 1383 Deo
3312 1324 3601 1393 praemium
3642 1330 3699 1378 et
3729 1339 3825 1379 cu-

2240 1432 2433 1471 rouam
2463 1425 2808 1485 accepturus,
2839 1416 3119 1485 egredere.

2312 1508 2364 1563 9.
2408 1509 2670 1563 'l‘arasius
2724 1518 2905 1563 autem
2955 1508 3300 1577 imperatoris
3335 1508 3670 1563 allocutione
3721 1508 3828 1563 ob.

2243 1600 2606 1671 stupefactus,
2641 1609 2694 1653 et
2725 1610 2985 1669 tanquam
3021 1614 3054 1655 a
3091 1600 3305 1655 cmlesui
3337 1600 3525 1669 aliquo
3571 1615 3712 1655 sono
3743 1611 3827 1653 at-

2246 1692 2476 1756 tonitus,
2516 1691 2801 1761 respondit
2830 1691 2885 1744 in
2916 1691 3059 1747 hanc
3108 1690 3440 1747 sententiam
3470 1691 3541 1746 ad
3583 1705 3672 1755 ea,
3702 1707 3832 1760 qua

568 1782 819 1843 reticam,
857 1776 1036 1830 Patris
1077 1774 1445 1836 sanctitatem,
1477 1773 1641 1828 etiam
1672 1782 1797 1825 ante
1829 1786 2042 1826 sacram
2073 1769 2142 1824 ab
2244 1781 2389 1837 dicta
2429 1780 2649 1835 fueram
2674 1798 2688 1835 ;
2713 1780 3114 1851 Tempestate")
3140 1781 3386 1852 quidem,
3412 1798 3534 1852 qua
3573 1783 3629 1837 in
3662 1783 3826 1837 ﬁdem

566 1890 632 1927 eo
659 1880 936 1940 acceptam
976 1878 1206 1933 vestem,
1259 1876 1318 1920 ut
1375 1866 1443 1920 ad
1487 1865 1821 1935 arguendum
1854 1864 2145 1918 vehemen-

2249 1880 2299 1927 et
2322 1871 2642 1926 universum
2674 1886 2966 1927 commune
2988 1872 3339 1927 vehementer
3363 1873 3544 1937 irruit,
3572 1880 3629 1929 et
3651 1889 3832 1942 usque

570 1965 835 2019 tissimam
867 1973 921 2015 et
970 1959 1375 2023 acutissimam,
1430 1966 1743 2027 suspectam
1795 1955 2002 2011 habens
2054 1969 2143 2009 se-

569 2057 787 2120 curim,
836 2052 1056 2107 nolebat
1104 2050 1360 2106 assentiri
1417 2049 1800 2104 communibus
1846 2046 2140 2113 suffragiis,

569 2166 678 2202 non
714 2148 900 2202 volens
931 2144 1000 2198 ab
1056 2128 1278 2212 antiqua
1318 2158 1416 2197 sua
1467 2142 1791 2212 resipiscere
1820 2141 2088 2196 sententia
2126 2180 2140 2193 .

571 2250 625 2294 it
653 2240 887 2293 malebat
921 2236 1125 2291 involvi
1156 2249 1317 2290 emno
1356 2234 1472 2288 limi
1522 2235 1813 2295 lnereseos,
1846 2248 2010 2302 quam
2048 2248 2139 2302 po-

572 2331 678 2385 tari
709 2330 921 2383 \ivilico
946 2327 1153 2381 fluento
1180 2325 1303 2396 puri
1343 2331 1399 2379 et
1445 2324 1825 2395 imperturbati
1854 2323 2020 2379 fontis
2046 2324 2144 2378 do-

570 2423 763 2476 ctrina:
787 2419 1023 2473 Tarasii.
1075 2418 1177 2472 Sed
1214 2417 1346 2472 vicit
1382 2416 1459 2482 id,
1490 2416 1635 2488 quod
1658 2416 1864 2486 justum
1898 2425 2013 2470 erat
2046 2434 2060 2470 :
2092 2424 2146 2470 et

578 2512 876 2568 admissum
913 2520 1017 2575 est,
1063 2508 1208 2579 quod
1244 2523 1343 2577 pro
1389 2510 1589 2577 pietate
1626 2506 1921 2574 ferebatur,
1956 2507 2144 2561 decre-

574 2617 713 2660 tum.
738 2600 938 2657 Jubent
976 2601 1164 2670 itaque
1204 2599 1563 2669 imperatores
1591 2599 1777 2653 statim
1806 2613 1988 2653 coram
2026 2600 2145 2654 sisti

575 2694 888 2758 Tarasium,
922 2700 1002 2757 ut,
1046 2705 1168 2760 quae
1199 2690 1311 2744 Deo
1339 2689 1667 2745 videbantur
1710 2697 1764 2743 et
1796 2687 2007 2759 legibus
2053 2703 2147 2742 cc-

576 2783 921 2847 clesiasticis,
951 2781 1074 2851 jura
1114 2781 1194 2836 in'
1217 2795 1284 2836 eo
1326 2782 1736 2836 confirmarent.
1770 2778 1865 2834 Ille
1896 2794 2024 2833 vero
2054 2778 2149 2831 ad—

576 2884 694 2932 erat
722 2890 846 2930 cum
879 2875 967 2945 pia
997 2884 1051 2928 et
1085 2874 1319 2929 honesta
1355 2874 1555 2943 specie,
1592 2882 1649 2927 et
1676 2886 1815 2941 quas
1844 2886 1874 2925 a
1908 2872 2018 2924 Deo
2049 2870 2149 2922 ba-

576 2968 759 3033 hebat,
792 2966 983 3036 gratiis
1010 2965 1386 3020 circumdatus
1417 2985 1428 3019 :
1460 2963 1603 3033 apud
1633 2978 1793 3032 quem
1824 2960 2066 3015 honestis
2095 2968 2149 3013 ct

574 3059 806 3129 egregiis
834 3066 1057 3127 agentes
1087 3057 1462 3121 sermonibus,
1496 3067 1549 3111 et
1584 3064 1842 3125 tauquam
1883 3054 1993 3123 jam
2022 3068 2145 3107 eum

2244 1964 2313 2018 ad
2341 1963 2695 2019 fundamenta
2721 1962 3022 2019 Ecclesiam
3052 1964 3377 2034 periculosis
3403 1965 3625 2034 agitavit
3657 1964 3831 2019 ﬁucti.

2242 2055 2370 2123 bus,
2403 2065 2461 2111 et
2490 2055 2688 2110 animae
2715 2054 3065 2126 naufragium
3095 2056 3283 2111 multis
3308 2057 3649 2122 conciliavit,
3678 2058 3829 2111 nulla

2243 2155 2329 2201 est
2372 2148 2546 2209 auris,
2579 2162 2705 2216 quae
2746 2161 2857 2201 non
2907 2148 3199 2217 acceperit,
3234 2149 3450 2203 etiamsi
3488 2150 3649 2217 pauci
3688 2149 3824 2204 εσυ.

2247 2238 2427 2309 gerint
2448 2239 2555 2292 vim
2582 2239 2853 2307 procellzn.
2884 2236 3041 2294 llunc
3062 2254 3191 2293 vero
3224 2241 3415 2296 sedare
3448 2243 3739 2307 turbinem,
3773 2254 3831 2298 et

2246 2333 2528 2378 uocturum
2556 2340 2751 2393 pugme
2771 2325 2899 2379 luna
2930 2341 3037 2380 non
3064 2326 3280 2383 lucente
3312 2329 3452 2384 hanc
3480 2346 3677 2398 pacare
3697 2348 3830 2400 pro-

2246 2413 2461 2481 cellam,
2514 2415 2691 2479 majus
2724 2423 2828 2481 est,
2886 2431 3054 2485 quam
3106 2426 3167 2472 ut
3202 2418 3328 2473 ulla:
3359 2421 3502 2474 vires
3541 2421 3589 2474 id
3624 2432 3832 2491 queant

2247 2515 2533 2575 praastare.
2556 2504 2689 2570 Quis
2711 2508 2880 2571 enim,
2912 2524 3033 2579 qua:
3055 2518 3163 2563 tam
3191 2510 3397 2564 nefarie
3422 2513 3671 2576 invaluit,
3696 2530 3832 2569 con-

2246 2598 2623 2666 suetudinem,
2675 2608 2731 2654 et
2780 2610 2991 2656 natura:
3040 2602 3149 2656 vim
3197 2602 3424 2671 accepit,
3470 2617 3525 2659 et
3557 2606 3829 2660 mundum

2246 2690 2641 2759 prOpemodum
2675 2691 3036 2761 jurejurando
3065 2694 3243 2764 adegit
3279 2695 3544 2751 adversus
3580 2696 3832 2752 divinam

2248 2788 2593 2848 potestatem,
2624 2783 2977 2848 converterit,
3015 2793 3069 2837 et
3096 2782 3286 2838 fecerit
3322 2785 3533 2841 discere
3569 2788 3709 2856 quod
3740 2798 3835 2845 est

2247 2869 2466 2936 melius,
2514 2869 2622 2925 nisi
2672 2872 2813 2928 Deus
2857 2875 3129 2943 aspexerit
3164 2884 3219 2929 et
3255 2875 3558 2931 defenderit
3588 2889 3837 2934 vestras}

2249 2960 2490 3015 divinam
2535 2966 2903 3030 potestatem?
2945 2965 3211 3029 Ecclesia,
3257 2981 3379 3035 quae
3424 2966 3712 3037 impietatis
3744 2979 3839 3038 ty-

2234 3050 2479 3105 .rannide
2525 3053 2655 3108 olim
2692 3052 2797 3108 fuit
2829 3066 2993 3111 exuta
3023 3056 3227 3111 veteris
3268 3056 3483 3112 decoris
3529 3058 3838 3128 pulchritua

576 3151 760 3217 Patre,
786 3152 853 3205 de
877 3166 942 3204 eo
972 3149 1117 3218 quod
1149 3157 1266 3203 erat
1298 3157 1489 3219 postea
1519 3146 1991 3213 constituendum,
2014 3162 2146 3201 cou-
2177 3181 2221 3239 ϐ
2252 3143 2397 3209 dine,
2438 3146 2741 3217 lacerisque
2784 3149 2983 3217 pannis
3024 3149 3117 3203 diu
3169 3164 3293 3204 esse
3343 3150 3532 3204 induta
3564 3152 3839 3206 sustinuit

578 3246 759 3301 silium
794 3244 1072 3308 ineuntes,
1104 3242 1189 3297 usi
1222 3251 1354 3295 sunt
1376 3242 1558 3297 verbis
1587 3240 1856 3313 ejusmodi
1896 3256 1912 3292 :

649 3337 704 3390 8.
727 3334 846 3389 Non
888 3344 1145 3404 putamus
1194 3334 1364 3388 latere
1405 3343 1553 3388 tuam
1603 3334 1974 3403 prudentiam,
2007 3332 2154 3402 quod

580 3423 873 3492 praeteritis
926 3423 1265 3491 temporibus
1314 3421 1617 3476 Ecclesium
1688 3423 1889 3475 invasit
1948 3421 2155 3492 vertigo

583 3515 850 3570 haeretica:
874 3513 1144 3583 caliginis,
1175 3528 1296 3581 quae
1321 3513 1492 3566 nihilo
1521 3512 1858 3568 tolerabilius
1880 3526 1999 3565 eam
2028 3527 2159 3581 ope-

585 3607 714 3670 ruit,
771 3621 935 3675 quam
972 3620 1111 3658 nova
1160 3606 1315 3677 plaga
1357 3604 1700 3677 IEgyptiaca,
1762 3604 2022 3670 tenebrae,
2076 3604 2160 3657 in-

582 3714 773 3769 quam,
829 3698 1147 3768 palpabilcs,
1203 3707 1258 3752 et
1310 3712 1483 3766 usuue
1513 3698 1567 3751 in
1626 3697 1952 3752 hodiernum
2011 3694 2157 3749 diem

582 3787 765 3842 cancri
801 3804 953 3842 more
988 3788 1162 3857 serpit
1195 3804 1291 3857 per
1322 3802 1540 3857 gregem
1570 3803 1583 3839 :
1617 3796 1669 3842 et
1715 3803 1807 3857 per
1843 3788 2157 3842 universum

584 3879 699 3934 fere
733 3880 999 3933 mundum
1050 3878 1104 3932 in
1151 3878 1389 3933 animam
1420 3879 1721 3933 commovit
1758 3888 2157 3950 tempestatem.

585 3969 717 4035 Sed,
757 3970 1019 4038 quoniam
1054 3969 1196 4025 Deus
1229 3970 1491 4024 ineffabili
1540 3981 1675 4024 nutu
1715 3987 1831 4025 eam
1880 3958 2157 4041 produxit,

583 4063 704 4132 ejus
727 4062 1007 4125 ductores,
1045 4060 1137 4130 qui
1179 4075 1291 4113 non
1326 4061 1477 4131 juste
1516 4062 1722 4132 justum
1755 4062 2012 4132 persequi
2053 4073 2161 4119 sta-

587 4159 822 4216 tuerant,
849 4152 999 4222 justo
1020 4151 1231 4220 judicio
1277 4152 1345 4205 ab
1394 4151 1623 4222 imperio
1651 4153 1852 4206 exeruit
1880 4163 1933 4206 et
1964 4168 1993 4206 a
2024 4152 2159 4220 vita,

585 4258 640 4298 et
665 4255 923 4313 tanquam
956 4242 1263 4312 lampadem
1289 4245 1673 4313 praelucentem
1700 4251 1942 4298 nostram
1968 4257 2162 4298 acoen-

584 4336 666 4389 dit
698 4333 1021 4403 potentiam.
1067 4342 1127 4387 ut
1176 4333 1330 4387 malae
1376 4328 1653 4401 opinionis
1692 4332 1978 4403 abigamus
2015 4342 2163 4387 tene-

586 4426 736 4489 bras,
769 4433 823 4477 et
854 4423 1124 4477 faciamus
1166 4423 1370 4478 exoriri
1414 4424 1587 4477 solem
1635 4423 2000 4491 cognitionis;
2036 4437 2163 4479 ecce

2255 3245 2473 3305 propter
2502 3238 2680 3317 putria
2713 3246 2765 3291 et
2796 3239 3062 3293 imbecilla
3102 3238 3357 3311 dogmata
3395 3241 3641 3307 haeresis,
3676 3258 3838 3297 nunc

2256 3342 2287 3382 a
2314 3326 2426 3381 Deo
2460 3327 2615 3383 vobis
2637 3338 2863 3382 ornetur
2890 3329 2997 3399 piis
3028 3330 3405 3385 varietatibus.
3441 3332 3542 3385 Per
3569 3348 3665 3387 vos
3691 3348 3839 3403 ergo

2258 3430 2587 3473 renoventur
2621 3420 2874 3475 mandata
2902 3422 3295 3489 apostolorum,
3326 3437 3420 3492 per
3464 3438 3584 3493 qua:
3611 3423 3838 3479 refulsit

2254 3510 2515 3579 splendor
2544 3524 2684 3564 verae
2728 3509 2875 3564 ﬁdei.
2930 3510 3218 3581 Respirent
3268 3529 3543 3568 sacrarum
3589 3516 3840 3583 synodo-

2257 3619 2379 3658 rum
2411 3619 2548 3674 pura
2588 3605 2826 3668 decreta,
2852 3620 2973 3672 quae
3012 3604 3348 3674 evangelicis
3395 3614 3684 3659 servantur
3716 3616 3840 3661 tra-

2258 3695 2585 3758 ditionibus,
2628 3710 2728 3750 nec
2774 3696 3055 3751 sustinent
3105 3696 3159 3749 in
3212 3708 3475 3752 aeternum
3512 3697 3621 3751 ullo
3667 3701 3836 3753 modo

2260 3799 2421 3853 posse
2473 3773 2699 3855 surripi:
2754 3785 3086 3855 Aperiantur
3143 3786 3411 3840 vestibula
3474 3796 3835 3856 paternorum

2259 3877 2601 3946 dogmatum,
2635 3885 2689 3930 et
2717 3876 2925 3931 Christi
2957 3876 3227 3947 pecudum
3260 3880 3311 3930 in
3337 3876 3418 3933 eis
3445 3894 3635 3947 greges
3662 3889 3839 3933 trans-

2260 3980 2408 4035 eaut,
2458 3979 2511 4023 et
2543 3978 2801 4039 tanquam
2832 3984 2897 4023 ex
2955 3969 3140 4024 divino
3176 3969 3429 4039 paradiso
3469 3972 3838 4026 conﬁteantur

2261 4059 2565 4113 doctrinam
2601 4069 2762 4114 rectae
2786 4058 3173 4115 confessionis.
3201 4060 3303 4115 Per
3340 4060 3698 4130 Caiphaicum
3725 4064 3835 4132 (15)

2261 4152 2405 4207 enim
2438 4152 2729 4207 Concilium
2764 4151 2908 4207 facta
2938 4162 3021 4207 est
3054 4153 3267 4207 abortio
3296 4152 3438 4207 fetus
3464 4154 3709 4211 haeresis.
3737 4158 3839 4210 Per

2261 4245 2657 4298 meumenicam
2710 4245 2977 4314 synodqu
3027 4255 3325 4299 nascantur
3358 4246 3453 4299 ﬁlii
3486 4244 3761 4309 Ecclesiae.
3783 4258 3840 4303 et

2261 4335 2329 4388 ad
2354 4349 2665 4387 mensuram
2697 4336 2874 4388 celatis
2899 4334 3100 4388 Christi
3128 4335 3522 4389 incrementum
3541 4337 3837 4405 accipiant.

2261 4424 2397 4479 Nam
2420 4426 2464 4481 si
2495 4429 2599 4481 hoc
2631 4429 2832 4480 factum
2859 4426 3047 4490 fuerit,
3071 4436 3125 4481 et
3153 4428 3377 4496 antiqua
3405 4442 3470 4481 ac
3497 4428 3675 4497 prima
3702 4430 3841 4481 ami-

589 4526 641 4569 te
670 4529 964 4570 evocamus
1012 4513 1358 4569 defensorem
1409 4522 1464 4567 et
1491 4522 1967 4582 propugnatorem,
2006 4522 2060 4567 et
2088 4514 2155 4568 ad
2186 4517 2381 4573 Dctus
2419 4515 2684 4585 dignitate
2735 4514 2903 4569 fuerit
2947 4515 3224 4577 decorata,
3278 4525 3332 4569 et
3383 4531 3524 4570 vera:
3562 4516 3840 4585 opinionis

589 4609 693 4660 hoc
720 4614 997 4661 certamen
1028 4602 1355 4672 adjutorem,
1387 4612 1446 4657 ut
1467 4604 1558 4673 qui
1589 4605 1831 4660 sciamus
1853 4612 1906 4663 te
1936 4603 2162 4671 pulchre

591 4711 750 4768 posse
785 4694 989 4748 armari
1040 4694 1109 4748 ad
1164 4704 1369 4748 rectam
1422 4693 1675 4748 tuendam
1711 4694 2063 4757 sententiam,
2108 4702 2163 4748 et

588 4799 794 4845 structa
823 4804 888 4843 ex
924 4787 1189 4843 divinitus
1224 4786 1507 4857 inspiratis
1541 4786 1843 4856 Scripturis
1888 4788 2026 4851 acie,
2063 4802 2161 4856 pro

587 4900 651 4938 ea
687 4883 980 4954 confligere
1011 4892 1065 4937 et
1116 4890 1167 4935 te
1216 4879 1475 4951 praeclare
1505 4894 1710 4950 gerere.
1740 4878 1818 4934 Ne
1852 4894 1981 4949 ergo
2012 4889 2161 4950 terga

589 4985 770 5030 vertas
802 4974 873 5030 ob
912 4988 999 5040 ea,
1044 4988 1167 5042 quae
1197 4972 1284 5042 pie
1345 4987 1376 5025 a
1411 4970 1568 5024 nobis
1614 4981 2011 5040 proponuntur,
2067 4970 2162 5039 qui

591 5068 888 5122 mundanis
916 5065 1110 5135 opibus
1139 5073 1192 5118 et
1219 5064 1391 5134 copiis
1415 5062 1700 5118 studemus
1739 5077 2030 5133 procurare
2067 5078 2163 5131 pa-

589 5162 671 5213 cis
715 5158 1004 5212 utilitatem
1043 5174 1056 5209 :
1104 5156 1236 5226 quin
1284 5156 1447 5211 etiam
1515 5155 1744 5225 pedibus
1798 5164 1853 5209 et
1905 5154 2161 5209 manibus

590 5265 747 5321 opem
780 5249 943 5313 ferre,
978 5258 1032 5302 ct
1065 5263 1284 5301 omnem
1334 5261 1551 5300 movere
1585 5246 1839 5315 lapidem,
1872 5255 1931 5300 ut
1959 5246 2159 5300 dicitur

590 5345 642 5396 iu
673 5340 1009 5405 Proverbiis,
1038 5350 1098 5394 ut
1128 5337 1437 5391 inveniatur
1466 5338 1614 5408 quod
1656 5337 1941 5409 quaeritur,
1971 5345 2025 5391 et
2067 5351 2162 5407 ap-

664 5516 774 5585 (15)
817 5513 942 5585 Ιιξιξο
973 5522 1055 5567 est
1101 5512 1553 5583 pseudosynodus
1588 5511 2062 5585 Constantinopoli
2107 5517 2162 5571 in

594 5587 799 5656 palatio
840 5584 1038 5637 llic-ria:
1071 5588 1139 5637 ab
1184 5584 1917 5656 imperatore_Coustantitio
1956 5584 2164 5656 iiopro-

599 5654 761 5727 nymo
790 5663 1144 5727 rmigregata,
1178 5668 1324 5707 anno
1353 5654 1562 5721 imperii
1618 5657 1708 5727 ἠδ,
1757 5654 2061 5727 litilictione
2105 5658 2157 5723 7,

600 5724 802 5779 libi-isti
846 5724 972 5794 754,
1025 5724 1318 5793 habitaun
1343 5740 1372 5776 a
1402 5734 1599 5794 quarto
1633 5724 1754 5780 ldus
1812 5724 2160 5791 Februarias,

595 5798 660 5851 ad
707 5804 921 5851 sextum
958 5793 1083 5851 ldus
1129 5793 1443 5865 Augustas:
1485 5795 1636 5851 nullo
1683 5805 1947 5865 praesente
1979 5812 2042 5851 ex
2070 5812 2162 5852 ca-

2262 4607 2388 4677 pius
2414 4607 2734 4677 dogmatum
2766 4606 2986 4661 Lucifer
3014 4616 3197 4661 vestro
3230 4607 3413 4662 studio
3440 4622 3563 4661 eam
3599 4608 3841 4662 illustra~

2262 4700 2421 4763 verit,
2475 4699 2695 4753 habebit
2744 4714 2936 4753 omnes
2984 4699 3169 4753 ﬁdeles
3222 4699 3278 4753 in
3325 4699 3513 4753 eadem
3569 4700 3840 4754 sententia

2262 4788 2665 4852 convenientes.
2709 4796 2763 4844 et
2792 4804 2921 4844 suas
2968 4789 3178 4845 animas
3226 4789 3642 4860 profundentes,
3683 4799 3745 4844 ut
3774 4808 3841 4844 ea

2263 4883 2529 4937 stabiliter
2586 4880 2836 4948 fundata,
2886 4892 3242 4938 conservetur
3290 4898 3457 4953 supra
3496 4885 3715 4935 ﬁrmam
3746 4895 3842 4951 pe-

2263 4984 2403 5029 tram
2437 4974 2579 5030 ﬁdei.

2336 5067 2423 5119 lli.
2476 5067 2613 5122 Cum
2654 5067 2773 5123 haec
2824 5081 3005 5123 coram
3056 5066 3388 5136 imperatore
3431 5064 3633 5120 anima
3686 5065 3842 5124 utilia

2264 5158 2596 5214 declarasset
2622 5160 2900 5228 mysteria,
2936 5159 3052 5227 ipse
3080 5172 3205 5213 eum
3241 5166 3419 5228 rogat,
3462 5165 3522 5211 ut
3544 5173 3673 5211 eum
3705 5171 3843 5226 quo-

2263 5266 2371 5321 que
2415 5251 2484 5305 de
2523 5250 2609 5305 his
2654 5251 3015 5305 disserentem
3070 5248 3256 5303 audiat
3310 5249 3623 5304 communis
3663 5258 3845 5301 cretus

2265 5342 2468 5413 populi.
2506 5339 2645 5398 Nam
2694 5343 2800 5398 hoc
2845 5350 3012 5411 caput
3054 5351 3215 5397 recta:
3258 5338 3385 5396 ﬁdei
3424 5339 3632 5395 ferebat
3683 5338 3841 5393 turba

2267 5522 2484 5578 tholicis
2538 5524 2784 5588 sedibus,
2840 5522 3085 5579 Romana
3151 5522 3396 5587 scilicet,
3456 5518 3843 5581 Antiochena,

2263 5593 2654 5658 Alexandrina,
2681 5594 3223 5665 Hierosolymitana_:
3259 5593 3313 5646 in
3344 5592 3623 5665 ea‘grltus
3649 5604 3847 5665 sacra-

2264 5680 2383 5734 rum
2416 5665 2715 5734 imaginum
2745 5659 3034 5720 damnatus
3058 5676 3160 5720 est.
3192 5663 3428 5734 Legendi
3455 5659 3842 5730 Theophanes,

2262 5731 2602 5804 Nicephorus
2633 5736 2688 5791 in
2716 5734 2990 5790 [ἰν-θυίανἰο
3029 5731 3290 5800 historica,
3330 5731 3549 5802 aliique.
