3994 6502
137 364 290 429 1393

132 574 464 630 adorandas
490 574 837 631 venerandas
868 576 1160 647 imagines.
1196 574 1341 633 Nutu
1388 593 1520 649 ergo
1550 577 1738 633 Eccle-

132 667 246 723 siae
275 666 384 723 hoc
414 667 593 722 facere
622 667 905 733 incitatus,
933 682 1058 724 cum
1086 666 1282 725 fuisset
1308 669 1360 724 in
1387 670 1592 742 inclyto
1631 670 1738 725 Ma-

136 773 378 829 gnaurae
408 758 520 830 (16)
547 758 775 828 palatio,
801 758 1058 814 universa
1097 761 1408 816 conﬂuente
1436 763 1655 819 civitate
1683 772 1737 818 et

136 848 478 904 sacerdotali
520 849 895 913 multitudine,
930 863 991 905 se
1037 850 1260 921 quidem
1302 853 1602 909 excusavit.
1637 868 1737 907 va—

135 939 277 996 lidis
324 943 711 996 demonstrans
760 940 1090 1005 rationibus,
1139 943 1315 1012 qualis
1357 952 1504 999 esset
1550 958 1737 999 sacer-

132 1032 281 1087 dotii
318 1031 594 1103 professio
624 1041 679 1089 et
711 1032 969 1103 dignitas,
1012 1041 1067 1088 et
1102 1034 1167 1089 ad
1200 1045 1462 1104 quantam
1490 1035 1737 1090 altitudi-

134 1136 274 1178 nem
304 1134 360 1180 et
395 1120 829 1193 magnitudinem
862 1124 1059 1179 evehat
1087 1140 1237 1191 eum,
1274 1127 1367 1196 qui
1395 1126 1512 1181 vult
1542 1127 1609 1181 ad
1633 1127 1738 1183 hoc

136 1216 450 1285 procedere
487 1236 500 1270 :
534 1231 702 1285 seque
737 1232 844 1270 non
875 1231 996 1271 esse
1041 1216 1300 1272 idoneum
1346 1219 1413 1272 ad
1461 1218 1510 1272 id
1557 1218 1737 1275 susci-

136 1308 439 1377 piendum,
501 1318 561 1360 ut
613 1307 708 1377 qui
764 1306 877 1377 jam
926 1308 1053 1362 olim
1106 1308 1273 1363 fuerit
1322 1309 1638 1379 implicatus
1682 1311 1736 1365 in

140 1398 348 1455 niundi
379 1400 766 1470 dignitatibus,
806 1409 861 1455 et
884 1400 937 1454 in
971 1400 1135 1469 hujus
1161 1402 1285 1455 vitae
1311 1402 1485 1458 turbis
1508 1412 1561 1457 et
1589 1402 1741 1457 solli-

137 1491 495 1547 citudinibus
527 1492 825 1561 plurimum
858 1491 1161 1556 involutus,
1194 1501 1250 1548 et
1272 1494 1561 1565 mysticum
1593 1495 1740 1550 hunc

138 1593 357 1639 statum
393 1586 639 1639 nondum
666 1586 987 1655 gustaverit.
1026 1583 1163 1639 Eum
1190 1586 1358 1650 enim,
1386 1588 1477 1656 qui
1508 1587 1573 1641 ad
1601 1589 1741 1643 hanc

138 1677 501 1731 vocationem
539 1686 593 1731 et
642 1677 791 1731 hunc
822 1677 1051 1745 gradum
1102 1687 1381 1747 properat,
1440 1678 1629 1743 illotis,
1681 1687 1741 1734 ut

143 1766 382 1829 dicitur,
434 1766 695 1821 manibus
743 1766 852 1820 cito
902 1766 968 1820 ad
1004 1764 1058 1821 id
1104 1766 1336 1832 insilire,
1377 1779 1431 1823 et
1470 1785 1592 1839 qum
1630 1787 1738 1825 non

144 1860 307 1928 tangi
343 1867 597 1930 possunt,
649 1866 872 1928 tangere
918 1873 1025 1912 non
1072 1867 1157 1914 est
1190 1868 1367 1915 tutum
1404 1880 1417 1917 :
1458 1862 1554 1919 sed
1588 1879 1736 1930 eum,

138 1950 245 2018 qui
290 1960 373 2004 est
406 1949 675 2005 educatus
706 1950 761 2003 in
799 1950 889 2017 iis,
927 1965 1049 2019 qua:
1077 1949 1143 2004 ad
1178 1950 1282 2006 huc
1316 1951 1741 2022 ferunt,justili-

137 2040 503 2105 cationibus,
542 2050 595 2095 et
630 2041 874 2097 directus
920 2042 1254 2111 evangelicis
1308 2053 1361 2098 et
1396 2046 1736 2114 apostolicis,

139 2143 208 2187 ut
264 2148 366 2202 par
418 2144 521 2199 est,
582 2134 813 2189 vivillcis
867 2135 1155 2199 doctrinis,
1211 2136 1279 2190 ad
1313 2136 1738 2193 discernendum

140 2228 298 2279 viam
328 2234 529 2281 rectam
566 2235 618 2281 et
646 2227 928 2282 incurvam
964 2245 979 2281 :
1018 2237 1078 2282 ut
1113 2229 1203 2283 illa
1235 2226 1458 2299 quidem
1486 2244 1740 2301 pastora-

140 2315 277 2371 liter
302 2318 536 2372 deducat
585 2320 649 2372 ad
699 2321 965 2389 meliora;
1007 2322 1148 2377 hanc
1192 2332 1372 2376 autem
1410 2323 1646 2380 declinet
1688 2334 1742 2381 et

139 2408 305 2472 vivet,
362 2412 756 2466 convenienter
796 2413 999 2469 divina:
1059 2414 1444 2481 admonitioni,
1504 2429 1563 2471 ut
1619 2434 1742 2488 qua:

139 2502 347 2570 procul
402 2500 541 2557 ferat
578 2518 609 2557 a
665 2504 775 2559 Deo
821 2515 875 2561 et
920 2506 1040 2576 ejus
1090 2508 1597 2565 constitutionibus.
1645 2508 1740 2566 llis

140 2592 376 2660 fretum,
414 2595 626 2649 traduti
661 2605 876 2666 oportet
924 2598 990 2653 ad
1032 2600 1485 2671 magnitudinem.
1532 2600 1616 2657 Me
1644 2618 1743 2656 au-

139 2696 285 2752 tem,
342 2700 403 2743 ut
442 2692 549 2746 scit
596 2690 769 2758 Deus,
813 2686 878 2748 ad
928 2695 1035 2749 hoc
1084 2696 1496 2765 suscipiendum
1551 2713 1743 2752 mona-

140 2782 380 2836 sterium
414 2783 644 2839 invitum
672 2796 974 2857 coegerunt
1023 2787 1407 2857 imperatores,
1456 2805 1583 2845 cum
1635 2791 1741 2845 hoc

144 2873 288 2928 mihi
327 2890 609 2946 nunquam
652 2878 894 2933 venisset
924 2878 980 2933 in
1014 2889 1277 2948 mentem,
1328 2896 1506 2951 neque
1537 2882 1603 2937 de
1640 2883 1741 2936 hac

143 2980 394 3035 unquam
426 2969 669 3023 rectione
684 2969 1035 3041 cogitassem.
1059 2969 1346 3043 Tanquam
1395 2973 1569 3028 electo
1611 2988 1742 3043 ergo

146 3054 247 3111 Dei
295 3058 501 3128 p0pulo
545 3067 599 3114 et
637 3062 787 3130 gregi
830 3077 1005 3116 meam
1054 3063 1407 3119 communico
1450 3064 1741 3119 conscien-

1698 371 1873 433 VITA
1886 418 1900 433 .

132 482 429 547 militaris,
460 490 520 536 ut
546 481 637 537 cui
682 496 791 537 non
821 481 1101 538 videretur
1141 496 1264 540 esse
1291 484 1655 541 admittendus
1684 494 1740 538 et
1768 488 1815 544 A

3286 362 3423 430 1394

2452 478 2682 537 CAPUT
2726 479 2812 535 IV.

1840 590 2024 649 Sancti
2064 590 2277 649 Tarasii
2301 593 2614 648 exercitatio
2640 593 2896 666 virtutum
2928 609 3054 666 ergo
3087 608 3163 660 se,
3198 594 3421 658 clerum,

2315 680 2596 733 pauperes,
2636 663 2949 717 monac/tos.

1910 753 1997 810 12.
2018 754 2425 811 Continentiam
2448 756 2594 811 enim
2629 764 2890 825 tanquam
2926 750 3207 811 Encrateae
3239 756 3431 823 illius,

1838 854 1891 901 et
1923 847 2017 915 qui
2057 861 2177 902 eam
2226 846 2340 918 jam
2376 848 2584 917 pridem
2622 847 2838 903 abunde
2868 856 3214 913 exercuerat,
3245 864 3425 918 usque

1838 941 1977 995 adeo
2007 940 2112 996 sibi
2151 942 2364 1012 paravit
2389 955 2455 997 ex
2483 956 2571 1009 eo,
2603 942 2749 1012 quod
2794 950 2941 997 esset
2971 944 3159 1013 paucis
3199 954 3427 997 conten-

1841 1042 1953 1097 tus,
2006 1045 2067 1088 ut
2106 1042 2255 1089 esset
2307 1034 2429 1104 ejus
2479 1034 2656 1089 victus
2707 1046 2739 1089 a
2792 1035 2960 1090 rebus
3001 1036 3426 1106 supervacaneis

1841 1124 2066 1177 omnino
2107 1123 2342 1188 alienus,
2388 1131 2580 1178 etnon
2616 1124 2903 1180 luxurians
2944 1140 3120 1196 usque
3161 1126 3227 1180 ad
3260 1126 3427 1180 satie—

1842 1221 2030 1269 tatem.
2066 1211 2206 1269 Vitae
2248 1225 2431 1269 autem
2473 1231 2587 1270 suae
2615 1215 2858 1272 habenas
2894 1217 2969 1271 ita
3005 1217 3423 1278 moderabatur,

1842 1315 1895 1362 et
1924 1306 2092 1361 animi
2125 1305 2602 1377 perturbationum
2634 1310 2902 1363 tumultus
2950 1306 3024 1363 ita
3064 1310 3422 1380 reprimebat,

1842 1408 1901 1453 ut
1930 1409 2076 1455 esset
2112 1399 2373 1455 omnibus
2424 1399 2831 1455 divinissimum
2865 1402 3144 1470 exemplar
3175 1402 3426 1472 propessi-

1842 1499 1982 1555 tum,
2031 1491 2119 1545 cui
2163 1506 2444 1561 nunquam
2498 1491 2816 1561 persuaderi
2852 1500 3087 1561 poterat,
3136 1502 3195 1546 ut
3240 1508 3424 1547 move-

1842 1588 2001 1634 retur
2027 1579 2095 1634 ad
2130 1582 2428 1651 appetitum
2457 1580 2771 1650 voluptatis.
2816 1582 2953 1635 Cum
2987 1590 3165 1637 autem
3196 1582 3261 1637 ad
3289 1582 3426 1636 divi-

1844 1686 2039 1726 narum
2068 1669 2479 1742 Scripturarum
2506 1672 2917 1728 meditationem
2938 1675 3041 1730 sibi
3067 1676 3424 1730 domeSIicam

1845 1762 2133 1817 ascivisset
2159 1761 2426 1831 vigiliam,
2464 1775 2720 1816 somnum
2756 1772 2814 1816 ut
2846 1764 3092 1817 membra
3127 1764 3345 1819 solvens
3373 1774 3428 1817 et

1844 1851 2035 1908 inutile
2074 1852 2408 1907 amandahat
2452 1854 2790 1923 mancipium
2826 1872 2839 1907 :
2870 1861 2925 1907 et
2974 1869 3098 1907 cum
3147 1870 3281 1909 usus
3315 1854 3429 1909 exi-

1843 1951 2020 2013 geret,
2072 1958 2267 1999 rursus
2309 1943 2537 2013 jubebat
2576 1945 2792 1999 adesse.
2838 1944 2975 2010 Quis
3000 1945 3147 1999 enim
3193 1962 3318 1999 cum
3371 1946 3426 1999 in

1844 2035 1986 2091 lecto
2014 2036 2447 2101 recumbentem,
2480 2046 2577 2091 aut
2612 2037 2867 2091 mollibus
2895 2038 3157 2108 stragulis
3185 2052 3425 2108 unquam

1842 2126 1980 2182 vidit
2020 2127 2375 2181 involutum?
2422 2126 2558 2194 Quis
2608 2128 2851 2183 tunicam
2904 2138 2958 2185 ct
3017 2146 3212 2184 zonam
3262 2146 3428 2199 super

1844 2221 2024 2276 cubile
2054 2221 2419 2276 dimittentem
2456 2238 2697 2292 unquam
2728 2223 2940 2293 accepit
2982 2233 3033 2277 et
3076 2224 3425 2293 prmparavit,

1848 2320 1905 2367 ut
1937 2326 2083 2369 esset
2113 2314 2415 2385 elegantior
2439 2324 2493 2370 et
2524 2316 2891 2371 concinnior?
2920 2316 3049 2383 Quis
3086 2332 3151 2370 ex
3184 2316 3304 2384 eius
3335 2332 3429 2386 pe-

1844 2404 2007 2461 dibus
2039 2421 2281 2475 unquam
2316 2407 2551 2461 detraxit
2580 2406 2817 2471 calceos,
2845 2418 2898 2462 et
2926 2408 3144 2478 alligata
3173 2410 3424 2479 spongia,

1847 2505 1905 2550 ut
1945 2510 2064 2551 mos
2095 2505 2199 2560 est,
2236 2497 2506 2569 laevigavit
2536 2507 2589 2552 et
2623 2498 2823 2569 poliit?
2865 2498 2970 2555 Sed
3006 2500 3121 2569 ipse
3152 2509 3270 2553 erat
3300 2498 3425 2563 sibi,

1847 2592 1904 2640 ut
1933 2587 2156 2652 dicitur,
2191 2587 2498 2656 balneator,
2529 2597 2583 2644 et
2614 2590 2949 2647 inserviebat
2996 2591 3097 2647 sibi
3144 2593 3210 2647 ad
3266 2609 3428 2648 usum

1846 2681 2097 2748 corporis
2133 2697 2145 2733 :
2186 2678 2239 2733 in
2275 2680 2378 2735 hoc
2417 2694 2638 2751 quoque
2670 2682 2952 2737 Christum
2992 2685 3316 2755 magistrum
3350 2684 3431 2739 di-

1847 2769 1975 2822 vino
1996 2769 2114 2824 zelo
2148 2769 2402 2836 imitans,
2439 2770 2578 2825 dixit
2611 2789 2623 2826 :
2666 2789 2685 2822 ‹
2717 2770 2836 2826 Non
2868 2773 2988 2826 veni
3011 2784 3069 2828 ut
3107 2774 3238 2828 mihi
3272 2775 3433 2828 initii-

1846 2872 2133 2925 straretur,
2167 2862 2260 2917 sed
2315 2870 2373 2917 ut
2408 2863 2779 2919 ministrarem
2837 2860 3060 2935 (Matth.
3093 2883 3185 2928 xx,
3232 2866 3332 2938 28)
3361 2884 3375 2921 :
3408 2886 3423 2917 ι

1845 2954 2155 3023 exemplum
2200 2954 2529 3012 humilitatis
2554 2956 2802 3027 praebens
2834 2958 2950 3013 suis
2990 2958 3299 3029 discipulis.

1918 3047 2007 3100 15.
2059 3044 2305 3103 Habebat
2352 3058 2535 3104 autem
2572 3051 2975 3120 precationem,
3022 3068 3145 3121 quae
3192 3060 3429 3107 mentem

143 3149 308 3213 tiam,
370 3157 451 3214 ut,
505 3151 553 3205 si
605 3166 692 3206 me
745 3151 874 3208 huic
927 3153 1169 3209 maximo
1205 3155 1416 3210 muneri
1453 3155 1739 3212 νοιυετίιίδ
1769 3161 1811 3220 C
1846 3140 2083 3198 sublime
2119 3144 2184 3197 ad
2220 3144 2390 3199 catlos
2422 3144 2708 3209 evehebat,
2762 3157 2819 3201 et
2862 3145 2962 3201 soli
3014 3144 3126 3201 Deo
3171 3144 3433 3201 reddebat

144 3241 402 3311 alligare,
458 3249 514 3298 et
566 3258 655 3298 me
700 3243 867 3313 hujus
915 3245 1110 3318 jugum
1170 3246 1358 3303 subire
1411 3248 1737 3314 statueritis,

144 3330 438 3385 traditioni
475 3333 832 3387 (ecumenicze
868 3332 992 3388 ﬁdei
1034 3350 1132 3389 vos
1156 3350 1376 3405 quoque
1403 3336 1552 3406 ipsos
1579 3338 1741 3392 incli-

144 3424 322 3491 netis,
370 3432 427 3480 et
464 3440 535 3480 ne
583 3440 681 3480 vos
716 3425 872 3495 sequi
913 3426 1095 3497 pigeat
1144 3425 1354 3495 Patres,
1392 3430 1483 3499 qui
1520 3430 1623 3485 hac
1655 3430 1742 3486 via

144 3524 283 3570 sunt
318 3514 576 3587 ingressi,
607 3524 662 3572 et
694 3532 790 3573 sex
827 3518 939 3587 (i7)
977 3506 1185 3575 sanctis
1236 3521 1600 3578 mcumenicis
1649 3538 1742 3593 sy-

146 3604 338 3671 nodis,
374 3617 429 3661 et
459 3604 548 3672 iis,
592 3621 715 3676 quae
756 3607 840 3677 pie
882 3609 951 3661 ab
1003 3608 1137 3678 ipsis
1174 3618 1305 3664 sunt
1334 3610 1579 3674 decreta,
1612 3627 1743 3667 con-

145 3697 365 3751 sentire
401 3713 471 3752 ne
498 3700 783 3753 recusetis.
818 3699 899 3754 Ad
929 3716 1225 3770 supernam
1263 3703 1408 3756 enim
1454 3703 1744 3759 lneredita-

144 3797 260 3842 tem
317 3790 703 3845 transmittunt
740 3805 860 3858 eos,
919 3793 1014 3862 qui
1060 3793 1193 3863 ipsis
1247 3804 1459 3864 parent,
1502 3803 1555 3849 et
1608 3795 1745 3851 fiunt

145 3888 413 3936 auctores
442 3896 657 3951 magnae
687 3892 742 3937 et
781 3882 1112 3939 immortalis
1147 3886 1636 3943 remunerationis.

222 3971 317 4026 11.
369 3968 505 4043 Ejus
551 3974 736 4045 itaque
784 3976 1193 4032 admonitiones
1249 3986 1509 4047 tanquam
1562 3977 1741 4048 angeli

145 4078 321 4119 voces
355 4065 597 4122 admittit
628 4068 884 4139 populus,
919 4078 973 4123 et
1003 4068 1226 4139 polliciti
1261 4085 1321 4126 se
1359 4071 1533 4125 instar
1556 4070 1743 4125 ovium

146 4168 449 4213 secuturos
478 4158 768 4215 ducentem
800 4162 1171 4231 pastoraliter,
1194 4177 1273 4227 se,
1298 4171 1357 4217 ut
1380 4160 1490 4217 Deo
1519 4162 1636 4217 etei
1658 4162 1741 4217 vi-

146 4252 339 4317 detur,
370 4251 427 4307 in
458 4253 720 4308 omnibus
762 4254 1043 4323 parituros
1080 4253 1447 4309 afﬁrmabant.
1485 4253 1642 4308 Tunc
1676 4253 1743 4308 de

145 4354 359 4400 caetero
419 4344 785 4415 inspiratione
815 4344 929 4415 (i8)
956 4344 1277 4414 principalis
1319 4354 1375 4400 et
1408 4345 1580 4400 divini
1615 4344 1740 4415 Spi-

153 4436 321 4501 ritus,
356 4437 711 4505 conspirante
739 4436 905 4491 etiam
939 4438 1175 4493 consilio
1223 4437 1594 4508 imperatoris,
1623 4439 1738 4492 limi

149 4527 426 4583 mundani
460 4538 667 4583 mutata
696 4528 982 4599 dignitate,
1014 4537 1070 4583 et
1107 4538 1263 4585 tonsa
1302 4545 1460 4586 coma
1493 4531 1598 4585 ritu
1629 4531 1741 4586 cle-
1775 4512 1815 4566 υ

149 4618 280 4680 rici,
314 4616 657 4687 honestoque
694 4626 749 4671 et
780 4616 1093 4671 venerando
1123 4616 1230 4670 alio
1258 4627 1479 4686 sumpto
1509 4618 1738 4682 amictu,

144 4708 357 4763 divinis
390 4717 445 4763 et
476 4708 817 4777 spiritalibus
850 4707 1317 4771 invocationibus,
1372 4708 1515 4763 sicut
1556 4707 1740 4763 Aaron

146 4811 204 4855 et
232 4800 489 4865 Phinees,
522 4801 753 4871 suscipit
790 4801 1107 4855 unctionem
1155 4801 1382 4855 honoris
1421 4801 1740 4856 sacerdota-

147 4892 244 4956 lis,
277 4901 332 4947 et
359 4893 608 4948 ascendit
635 4892 703 4947 ad
738 4892 1087 4947 altitudinem
1119 4892 1393 4947 cathedrae
1418 4893 1738 4963 pastoralis,

144 4984 263 5038 luci
299 4984 474 5039 lucem
511 4983 842 5055 adiungens,
876 4995 930 5039 et
971 4986 1229 5041 virtutem
1277 5002 1485 5058 augens
1524 4990 1743 5045 virtuti-

147 5078 282 5141 bus,
331 5086 387 5131 et
437 5077 660 5132 modum
714 5079 1104 5148 superantibus
1152 5080 1492 5149 profectibus
1523 5082 1739 5152 datum,

145 5169 595 5227 sacratissimum
628 5170 895 5227 talentum
926 5172 1320 5243 multiplicans.

225 5366 345 5437 (16)
387 5364 761 5438 Luitprandus
798 5366 895 5422 lib.
935 5365 1025 5433 Vl,
1066 5368 1139 5424 De
1172 5371 1321 5423 rebus
1362 5369 1740 5438 imperatorum

147 5449 201 5493 et
236 5454 439 5510 regum,
470 5453 590 5510 cap.
626 5441 682 5502 2,
727 5439 803 5493 ait
833 5438 942 5492 dici
974 5458 991 5489 ι
1024 5440 1181 5508 quasi
1210 5456 1461 5509 magnam
1494 5442 1673 5495 aulam
1710 5458 1742 5510 ρ

147 5511 281 5581 loco
307 5508 336 5560 λ
364 5509 570 5581 posita,
619 5524 848 5579 esseque
870 5510 1049 5581 inira:
1095 5508 1488 5578 magnitudinis
1518 5528 1583 5566 ac
1618 5508 1741 5581 pul-

146 5578 529 5651 chritudinis:
569 5598 587 5630 ι
630 5578 991 5651 etpluribus
1048 5581 1213 5634 situm
1250 5578 1742 5651 ot'natumque'de-

146 5649 365 5703 scribit.
394 5647 591 5705 Fuisse
625 5650 679 5705 in
716 5647 997 5705 llebdonto
1029 5652 1296 5706 suburbio
1325 5654 1453 5706 olim
1491 5647 1539 5706 θ’
1561 5652 1742 5707 Theo-

146 5719 568 5789 dosiojuniore
619 5722 739 5775 urbi
788 5720 1024 5783 incluso,
1087 5720 1247 5775 docet
1298 5720 1492 5777 Gillius
1546 5724 1638 5776 lib.
1678 5722 1739 5776 ιν

152 5788 543 5861 Topographia:
569 5790 1097 5859 Constantinopoleos
1129 5808 1249 5863 cap.
1285 5793 1337 5860 4,
1378 5794 1635 5864 additque
1674 5794 1743 5848 ab

1847 3233 2201 3302 familiarem,
2233 3245 2289 3291 et
2330 3236 2701 3306 conjungebat
2749 3237 3110 3307 incorporeis,
3142 3247 3196 3291 et
3242 3237 3430 3307 expel-

1843 3324 1992 3381 lehat
2040 3343 2259 3382 omnem
2315 3329 2717 3393 tentationem,
2768 3329 3157 3385 convenienter
3212 3328 3428 3383 Domini

1844 3416 2086 3488 eloquio.
2113 3416 2330 3473 Nullum
2358 3420 2502 3473 enim
2529 3430 2648 3474 erat
2671 3430 2906 3497 tempus,
2932 3436 3042 3492 quo
3065 3437 3173 3475 non
3202 3421 3433 3475 habebat

1845 3510 2024 3564 solum
2050 3525 2174 3564 eum
2205 3527 2344 3581 genu
2379 3510 2686 3567 flectentem
2711 3522 2765 3568 et
2792 3523 3129 3585 surgentem,
3156 3523 3210 3569 et
3237 3530 3432 3569 manus

1846 3600 1915 3654 ad
1960 3601 2131 3657 caelos
2180 3602 2556 3670 extollentem,
2606 3612 2661 3659 et
2706 3619 2945 3675 superne
3001 3607 3358 3676 accipientem
3401 3623 3432 3660 a

1849 3692 1961 3749 Deo
1998 3694 2484 3751 illuminationem.
2530 3690 2907 3753 Humilitatem
2942 3714 3104 3765 vero,
3142 3708 3202 3753 ut
3236 3714 3357 3769 quae
3382 3701 3432 3755 ei

1845 3798 1877 3839 a
1907 3800 2081 3855 puero
2111 3786 2287 3841 fuerat
2319 3787 2632 3856 familiaris,
2662 3790 2730 3842 ita
2759 3800 2838 3845 est
2864 3790 3205 3860 complexus,
3241 3802 3295 3845 ut
3325 3808 3431 3845 non

1847 3878 2026 3933 solum
2062 3886 2126 3933 ea
2173 3880 2224 3932 in
2265 3879 2385 3949 ipso
2429 3881 2866 3951 conspiceretur,
2916 3892 2969 3936 et
3023 3896 3088 3936 ex
3117 3898 3179 3937 ea
3216 3883 3433 3937 Iaudem

1845 3978 2239 4041 assequeretur
2272 3989 2286 4025 :
2320 3972 2415 4025 sed
2466 3972 2632 4025 etiarn
2694 3974 2956 4026 transiret
3006 3974 3072 4026 ad
3129 3972 3289 4037 alios,
3339 3974 3435 4041 qui

1844 4063 2101 4133 exemplo
2143 4076 2248 4117 suo
2293 4060 2753 4118 informabantur.
2802 4063 2989 4119 Multis
3035 4065 3183 4118 enim
3227 4080 3293 4118 ex
3342 4063 3432 4125 iis,

1846 4154 1940 4224 qui
1976 4162 2136 4209 erant
2184 4154 2340 4209 relati
2381 4155 2435 4210 in
2468 4170 2758 4210 numerum
2787 4156 3139 4219 clericatum,
3185 4156 3278 4226 qui
3303 4170 3434 4210 suos

1846 4248 2063 4302 lumbos
2096 4249 2249 4304 zonis
2283 4247 2579 4319 cingebant
2618 4248 2821 4312 aureis,
2860 4256 2915 4303 et
2946 4248 3125 4303 ornati
3156 4257 3314 4303 erant
3338 4262 3434 4301 va-

1847 4339 1945 4394 riis
1992 4349 2046 4395 et
2084 4340 2340 4411 pretiosis
2391 4341 2640 4396 vestibus
2678 4342 2928 4407 sericeis,
2971 4354 3166 4396 aurum
3203 4342 3425 4412 quidem

1848 4430 2094 4497 ademit;
2152 4430 2281 4486 fecit
2326 4441 2514 4487 autem
2564 4432 2885 4503 succingere
2942 4432 3160 4488 lumbos
3198 4430 3437 4503 cingulis

1845 4527 2119 4581 contextis
2147 4540 2213 4580 ex
2254 4526 2380 4597 pilis
2414 4541 2726 4597 caprarum.
2762 4526 2832 4581 lis
2858 4540 3007 4589 vero,
3042 4528 3134 4597 qui
3184 4528 3281 4582 toti
3314 4542 3435 4582 cor-

1845 4618 1964 4687 pori
1996 4618 2275 4673 exiisdem
2315 4617 2416 4673 filis
2440 4633 2742 4690 purpureas
2771 4629 2950 4675 vestes
2982 4619 3260 4674 habebant
3300 4632 3434 4675 con~

1847 4717 2064 4775 textas,
2122 4709 2398 4780 excogitat
2457 4710 2674 4767 tunicas
2723 4720 2966 4765 remotas
3025 4722 3056 4765 a
3110 4712 3434 4765 curiositate

1845 4801 2018 4858 nimia
2053 4810 2109 4856 et
2138 4801 2377 4867 deliciis,
2413 4811 2474 4857 ut
2501 4820 2623 4873 qua:
2646 4814 2833 4859 essent
2869 4804 3098 4857 vestitus
3146 4803 3431 4866 honestus,

1847 4903 1903 4949 et
1947 4894 2310 4949 convenirent
2351 4894 2441 4959 iis,
2490 4895 2585 4965 qui
2622 4892 2733 4947 Deo
2777 4894 2984 4948 servire
3019 4902 3349 4957 Statuerunt,
3380 4902 3436 4947 et

1847 4988 2173 5057 profitentur
2215 4986 2609 5041 humilitatem.
2646 4986 2725 5040 Ex
2758 4999 2867 5055 quo
2918 4984 3052 5054 quid
3086 4983 3312 5039 evenit?
3362 4984 3434 5040 Ut

1848 5080 2129 5135 tolleretur
2168 5079 2414 5148 quidem,
2448 5078 2715 5148 quidquid
2768 5077 2958 5131 damni
3009 5093 3073 5131 ex
3116 5092 3183 5132 eo
3238 5092 3445 5132 nasce-

1847 5171 2041 5236 batur;
2076 5170 2444 5224 honoraretur
2477 5175 2664 5224 autem
2697 5167 3006 5240 frugalitas,
3050 5176 3109 5223 ut
3137 5169 3433 5223 thesaurus

1846 5370 2125 5442 aliquibus
2174 5370 2411 5452 itadici,
2462 5370 2609 5452 quod
2646 5369 2973 5452 Anastasius
3031 5371 3155 5426 isttc
3204 5369 3441 5442 perierit-

1847 5458 2042 5511 magna
2074 5457 2208 5495 aura
2245 5450 2628 5509 tempestatum
2666 5450 2992 5497 exstinctus.

1919 5510 2031 5583 (l7)
2076 5512 2200 5567 llaec
2237 5521 2366 5567 sunt
2416 5512 2630 5565 Nicaena
2666 5512 2705 5572 Ι,
2741 5510 3347 5581 Constantinopolitana
3388 5510 3424 5573 I,

1847 5583 2171 5707 Ephltlasinzh,l
2255 5582 2767 5649 Chalcedonensis,
2863 5583 3427 5654 Constantinopolita-

1847 5671 1915 5707 na
2021 5663 2075 5707 et
2178 5692 2192 5707 .

1846 5671 1915 5709 na
1949 5654 1988 5707 II
2021 5663 2075 5708 et
2104 5654 2192 5707 lll.

1918 5725 2029 5797 (t8)
2074 5722 2227 5797 Hauc
2256 5722 2541 5797 indicant,
2590 5739 2712 5797 quae
2755 5724 2808 5781 in
2848 5738 2909 5782 eo
2948 5722 3238 5782 eluxerunt
3273 5724 3445 5794 signa.

1847 5796 1946 5851 viri
1983 5795 2288 5865 apostolici.
